  <div class='ocr_page' id='page_1' title='image "/cluster/home/n/w/nwhite01/storage/ocr_20150623/90/hvd.32044019208016/408.png"; bbox 0 0 3888 6432; ppageno 0'>
   <div class='ocr_carea' id='block_1_1' title="bbox 19 418 102 482">
    <p class='ocr_par' dir='ltr' id='par_1_1' title="bbox 19 418 102 482">
     <span class='ocr_line' id='line_1_1' title="bbox 19 418 102 482; baseline -0.048 0"><span class='ocrx_word' id='word_1_1' title='bbox 19 418 102 482; x_wconf 83' lang='lat'><strong>801</strong></span> 
     </span>
    </p>
   </div>
   <div class='ocr_carea' id='block_1_2' title="bbox 1175 407 2091 480">
    <p class='ocr_par' dir='ltr' id='par_1_2' title="bbox 1175 407 2091 480">
     <span class='ocr_line' id='line_1_2' title="bbox 1175 407 2091 480; baseline 0 -11"><span class='ocrx_word' id='word_1_2' title='bbox 1175 407 1664 480; x_wconf 67' lang='lat' dir='ltr'><strong>QUESTIONES</strong></span> <span class='ocrx_word' id='word_1_3' title='bbox 1701 408 1796 468; x_wconf 89' lang='lat' dir='ltr'><strong>ET</strong></span> <span class='ocrx_word' id='word_1_4' title='bbox 1834 407 2091 469; x_wconf 80' lang='lat' dir='ltr'><strong>DUBIA.</strong></span> 
     </span>
    </p>
   </div>
   <div class='ocr_carea' id='block_1_3' title="bbox 3151 413 3259 476">
    <p class='ocr_par' dir='ltr' id='par_1_3' title="bbox 3151 413 3259 476">
     <span class='ocr_line' id='line_1_3' title="bbox 3151 413 3259 476; baseline 0 0"><span class='ocrx_word' id='word_1_5' title='bbox 3151 413 3259 476; x_wconf 70' lang='lat'><strong>80‘)</strong></span> 
     </span>
    </p>
   </div>
   <div class='ocr_carea' id='block_1_4' title="bbox 23 519 1581 604">
    <p class='ocr_par' dir='ltr' id='par_1_4' title="bbox 23 519 1579 602">
     <span class='ocr_line' id='line_1_4' title="bbox 23 519 1579 602; baseline -0.003 -22"><span class='ocrx_word' id='word_1_6' title='bbox 23 544 122 602; x_wconf 77' lang='grc' dir='ltr'>μον,</span> <span class='ocrx_word' id='word_1_7' title='bbox 148 524 243 580; x_wconf 68' lang='grc' dir='ltr'><strong>καὶ</strong></span> <span class='ocrx_word' id='word_1_8' title='bbox 260 522 462 577; x_wconf 72' lang='grc' dir='ltr'>ἐλαϐεν</span> <span class='ocrx_word' id='word_1_9' title='bbox 492 523 546 589; x_wconf 76' lang='grc' dir='ltr'>ἐξ</span> <span class='ocrx_word' id='word_1_10' title='bbox 577 521 741 576; x_wconf 82' lang='grc' dir='ltr'>αὐτοῦ</span> <span class='ocrx_word' id='word_1_11' title='bbox 771 519 994 594; x_wconf 65' lang='grc' dir='ltr'>[αὐτῶν]</span> <span class='ocrx_word' id='word_1_12' title='bbox 1020 521 1120 592; x_wconf 85' lang='grc' dir='ltr'><strong>τὴν</strong></span> <span class='ocrx_word' id='word_1_13' title='bbox 1144 521 1402 587; x_wconf 83' lang='grc' dir='ltr'>διάνοιαν,</span> <span class='ocrx_word' id='word_1_14' title='bbox 1431 523 1579 586; x_wconf 80' lang='grc' dir='ltr'>ὅπως</span> 
     </span>
    </p>
   </div>
   <div class='ocr_carea' id='block_1_5' title="bbox 1696 519 3262 604">
    <p class='ocr_par' dir='ltr' id='par_1_5' title="bbox 1696 521 3262 604">
     <span class='ocr_line' id='line_1_5' title="bbox 1696 521 3262 604; baseline 0.01 -29"><span class='ocrx_word' id='word_1_15' title='bbox 1696 521 1769 578; x_wconf 68' lang='lat' dir='ltr'><strong>Lize</strong></span> <span class='ocrx_word' id='word_1_16' title='bbox 1797 533 1944 578; x_wconf 90' lang='lat' dir='ltr'><strong>actu.</strong></span> <span class='ocrx_word' id='word_1_17' title='bbox 1971 522 2188 580; x_wconf 90' lang='lat' dir='ltr'><strong>Occidit</strong></span> <span class='ocrx_word' id='word_1_18' title='bbox 2211 525 2359 580; x_wconf 89' lang='lat' dir='ltr'><strong>enim</strong></span> <span class='ocrx_word' id='word_1_19' title='bbox 2389 526 2445 581; x_wconf 93' lang='lat' dir='ltr'><strong>in</strong></span> <span class='ocrx_word' id='word_1_20' title='bbox 2472 526 2633 584; x_wconf 88' lang='lat' dir='ltr'><strong>nobis</strong></span> <span class='ocrx_word' id='word_1_21' title='bbox 2655 528 2835 585; x_wconf 87' lang='lat' dir='ltr'><strong>virum</strong></span> <span class='ocrx_word' id='word_1_22' title='bbox 2862 530 3027 604; x_wconf 82' lang='lat' dir='ltr'><strong>(leget</strong></span> <span class='ocrx_word' id='word_1_23' title='bbox 3048 535 3262 592; x_wconf 76' lang='lat' dir='ltr'><strong>scilicet</strong></span> 
     </span>
    </p>
   </div>
   <div class='ocr_carea' id='block_1_6' title="bbox 18 613 1582 689">
    <p class='ocr_par' dir='ltr' id='par_1_6' title="bbox 18 613 1582 689">
     <span class='ocr_line' id='line_1_6' title="bbox 18 613 1582 689; baseline -0.004 -16"><span class='ocrx_word' id='word_1_24' title='bbox 18 621 166 689; x_wconf 72' lang='grc' dir='ltr'>ταύτῃ</span> <span class='ocrx_word' id='word_1_25' title='bbox 199 614 531 685; x_wconf 81' lang='grc' dir='ltr'><strong>μιγνύμενος</strong></span> <span class='ocrx_word' id='word_1_26' title='bbox 559 615 587 666; x_wconf 85' lang='grc' dir='ltr'>ὁ</span> <span class='ocrx_word' id='word_1_27' title='bbox 617 615 715 684; x_wconf 82' lang='grc' dir='ltr'>τῆς</span> <span class='ocrx_word' id='word_1_28' title='bbox 765 613 960 676; x_wconf 86' lang='grc' dir='ltr'>κακίας</span> <span class='ocrx_word' id='word_1_29' title='bbox 1009 613 1264 685; x_wconf 76' lang='grc' dir='ltr'>σπορεὺς,</span> <span class='ocrx_word' id='word_1_30' title='bbox 1293 617 1582 668; x_wconf 77' lang='grc' dir='ltr'>ἀποτεκεῖν</span> 
     </span>
    </p>
   </div>
   <div class='ocr_carea' id='block_1_7' title="bbox 20 700 1582 780">
    <p class='ocr_par' dir='ltr' id='par_1_7' title="bbox 20 700 1582 780">
     <span class='ocr_line' id='line_1_7' title="bbox 20 700 1582 780; baseline -0.006 -16"><span class='ocrx_word' id='word_1_31' title='bbox 20 710 195 780; x_wconf 78' lang='grc' dir='ltr'>ποιήσῃ</span> <span class='ocrx_word' id='word_1_32' title='bbox 234 704 336 776; x_wconf 80' lang='grc' dir='ltr'>τὴν</span> <span class='ocrx_word' id='word_1_33' title='bbox 369 704 670 778; x_wconf 81' lang='grc' dir='ltr'><strong>ἁμαρτίαν.</strong></span> <span class='ocrx_word' id='word_1_34' title='bbox 717 704 813 758; x_wconf 85' lang='grc' dir='ltr'>Ἐκ</span> <span class='ocrx_word' id='word_1_35' title='bbox 860 703 1052 758; x_wconf 76' lang='grc' dir='ltr'>τούτου</span> <span class='ocrx_word' id='word_1_36' title='bbox 1106 700 1201 757; x_wconf 84' lang='grc' dir='ltr'><strong>οὖν</strong></span> <span class='ocrx_word' id='word_1_37' title='bbox 1246 703 1341 757; x_wconf 83' lang='grc' dir='ltr'>τοῦ</span> <span class='ocrx_word' id='word_1_38' title='bbox 1389 703 1582 774; x_wconf 85' lang='grc' dir='ltr'><strong>Λάμεχ</strong></span> 
     </span>
    </p>
   </div>
   <div class='ocr_carea' id='block_1_8' title="bbox 21 793 1581 865">
    <p class='ocr_par' dir='ltr' id='par_1_8' title="bbox 21 793 1581 865">
     <span class='ocr_line' id='line_1_8' title="bbox 21 793 1581 865; baseline 0 -18"><span class='ocrx_word' id='word_1_39' title='bbox 21 795 463 864; x_wconf 73' lang='grc' dir='ltr'>ἑϐδομηκοντάκις</span> <span class='ocrx_word' id='word_1_40' title='bbox 495 794 634 848; x_wconf 78' lang='grc' dir='ltr'>ἑπτὰ</span> <span class='ocrx_word' id='word_1_41' title='bbox 662 793 981 848; x_wconf 77' lang='grc' dir='ltr'>ἐκδικεϊται·</span> <span class='ocrx_word' id='word_1_42' title='bbox 1005 793 1148 865; x_wconf 81' lang='grc' dir='ltr'>ὑπὲρ</span> <span class='ocrx_word' id='word_1_43' title='bbox 1180 793 1280 864; x_wconf 81' lang='grc' dir='ltr'>τῆς</span> <span class='ocrx_word' id='word_1_44' title='bbox 1311 811 1581 863; x_wconf 85' lang='grc' dir='ltr'>συγκατα-</span> 
     </span>
    </p>
   </div>
   <div class='ocr_carea' id='block_1_9' title="bbox 22 885 1582 956">
    <p class='ocr_par' dir='ltr' id='par_1_9' title="bbox 22 885 1582 956">
     <span class='ocr_line' id='line_1_9' title="bbox 22 885 1582 956; baseline -0.001 -15"><span class='ocrx_word' id='word_1_45' title='bbox 22 889 193 948; x_wconf 78' lang='grc' dir='ltr'><strong>θέσεως</strong></span> <span class='ocrx_word' id='word_1_46' title='bbox 212 886 306 939; x_wconf 83' lang='grc' dir='ltr'>καὶ</span> <span class='ocrx_word' id='word_1_47' title='bbox 343 886 633 956; x_wconf 77' lang='grc' dir='ltr'>ἐνεργείας</span> <span class='ocrx_word' id='word_1_48' title='bbox 673 885 830 948; x_wconf 88' lang='grc' dir='ltr'>δίκας</span> <span class='ocrx_word' id='word_1_49' title='bbox 851 886 1263 956; x_wconf 81' lang='grc' dir='ltr'><strong>εἰσπράττεται.</strong></span> <span class='ocrx_word' id='word_1_50' title='bbox 1297 885 1461 938; x_wconf 83' lang='grc' dir='ltr'>Ὅθεν</span> <span class='ocrx_word' id='word_1_51' title='bbox 1485 886 1582 941; x_wconf 75' lang='grc' dir='ltr'>καὶ</span> 
     </span>
    </p>
   </div>
   <div class='ocr_carea' id='block_1_10' title="bbox 25 973 1580 1049">
    <p class='ocr_par' dir='ltr' id='par_1_10' title="bbox 25 973 1580 1049">
     <span class='ocr_line' id='line_1_10' title="bbox 25 973 1580 1049; baseline -0.001 -16"><span class='ocrx_word' id='word_1_52' title='bbox 25 979 249 1049; x_wconf 79' lang='grc' dir='ltr'>ὁΚύριος</span> <span class='ocrx_word' id='word_1_53' title='bbox 281 973 539 1045; x_wconf 80' lang='grc' dir='ltr'>λέγοντος</span> <span class='ocrx_word' id='word_1_54' title='bbox 601 977 843 1048; x_wconf 78' lang='grc' dir='ltr'>Πέτρου,</span> <span class='ocrx_word' id='word_1_55' title='bbox 882 978 1153 1044; x_wconf 77' lang='grc' dir='ltr'>Ποσάκις</span> <span class='ocrx_word' id='word_1_56' title='bbox 1194 978 1304 1032; x_wconf 81' lang='grc' dir='ltr'><strong>ἐὰν</strong></span> <span class='ocrx_word' id='word_1_57' title='bbox 1347 977 1580 1048; x_wconf 78' lang='grc' dir='ltr'>ἁμάρτῃ</span> 
     </span>
    </p>
   </div>
   <div class='ocr_carea' id='block_1_11' title="bbox 25 1067 1578 1142">
    <p class='ocr_par' dir='ltr' id='par_1_11' title="bbox 25 1067 1578 1142">
     <span class='ocr_line' id='line_1_11' title="bbox 25 1067 1578 1142; baseline -0.001 -19"><span class='ocrx_word' id='word_1_58' title='bbox 25 1073 94 1136; x_wconf 78' lang='grc' dir='ltr'><strong>είς</strong></span> <span class='ocrx_word' id='word_1_59' title='bbox 115 1069 213 1138; x_wconf 80' lang='grc' dir='ltr'><strong>ἐμὲ</strong></span> <span class='ocrx_word' id='word_1_60' title='bbox 256 1071 292 1121; x_wconf 84' lang='grc' dir='ltr'><em>ό</em></span> <span class='ocrx_word' id='word_1_61' title='bbox 338 1068 610 1137; x_wconf 70' lang='grc' dir='ltr'><strong>ἀδελφός</strong></span> <span class='ocrx_word' id='word_1_62' title='bbox 631 1085 770 1137; x_wconf 77' lang='grc' dir='ltr'>μου,</span> <span class='ocrx_word' id='word_1_63' title='bbox 800 1067 1018 1142; x_wconf 70' lang='grc' dir='ltr'>ἀφήσω</span> <span class='ocrx_word' id='word_1_64' title='bbox 1045 1067 1226 1134; x_wconf 83' lang='grc' dir='ltr'><strong>αὐτῷ·</strong></span> <span class='ocrx_word' id='word_1_65' title='bbox 1257 1069 1368 1134; x_wconf 80' lang='grc' dir='ltr'><strong>ἕως</strong></span> <span class='ocrx_word' id='word_1_66' title='bbox 1399 1067 1578 1122; x_wconf 77' lang='grc' dir='ltr'>ἑπτά-</span> 
     </span>
    </p>
   </div>
   <div class='ocr_carea' id='block_1_12' title="bbox 28 1159 1579 1231">
    <p class='ocr_par' dir='ltr' id='par_1_12' title="bbox 28 1159 1579 1231">
     <span class='ocr_line' id='line_1_12' title="bbox 28 1159 1579 1231; baseline 0.002 -18"><span class='ocrx_word' id='word_1_67' title='bbox 28 1182 97 1228; x_wconf 77' lang='grc' dir='ltr'>ιις</span> <span class='ocrx_word' id='word_1_68' title='bbox 112 1179 130 1227; x_wconf 85' lang='grc'><em>;</em></span> <span class='ocrx_word' id='word_1_69' title='bbox 157 1159 460 1231; x_wconf 73' lang='grc' dir='ltr'>’Λπεκρίθη</span> <span class='ocrx_word' id='word_1_70' title='bbox 492 1161 662 1231; x_wconf 81' lang='grc' dir='ltr'>αὐτῷ,</span> <span class='ocrx_word' id='word_1_71' title='bbox 683 1163 765 1214; x_wconf 86' lang='grc' dir='ltr'><strong>Οὐ</strong></span> <span class='ocrx_word' id='word_1_72' title='bbox 781 1161 973 1230; x_wconf 86' lang='grc' dir='ltr'>μόνον</span> <span class='ocrx_word' id='word_1_73' title='bbox 999 1161 1108 1227; x_wconf 82' lang='grc' dir='ltr'>ἕως</span> <span class='ocrx_word' id='word_1_74' title='bbox 1133 1161 1402 1227; x_wconf 76' lang='grc' dir='ltr'>ἑπτάκις,</span> <span class='ocrx_word' id='word_1_75' title='bbox 1441 1161 1579 1216; x_wconf 72' lang='grc' dir='ltr'><strong>ἀλλ’</strong></span> 
     </span>
    </p>
   </div>
   <div class='ocr_carea' id='block_1_13' title="bbox 31 1251 1580 1323">
    <p class='ocr_par' dir='ltr' id='par_1_13' title="bbox 31 1251 1580 1323">
     <span class='ocr_line' id='line_1_13' title="bbox 31 1251 1580 1323; baseline 0.001 -19"><span class='ocrx_word' id='word_1_76' title='bbox 31 1255 109 1318; x_wconf 79' lang='grc' dir='ltr'>ἓως</span> <span class='ocrx_word' id='word_1_77' title='bbox 123 1251 634 1320; x_wconf 74' lang='grc' dir='ltr'>ἑϐδομηκοντάκις</span> <span class='ocrx_word' id='word_1_78' title='bbox 653 1252 824 1305; x_wconf 73' lang='grc' dir='ltr'>ἑπτά.</span> <span class='ocrx_word' id='word_1_79' title='bbox 855 1252 1131 1316; x_wconf 84' lang='grc' dir='ltr'>Τουτέστι,</span> <span class='ocrx_word' id='word_1_80' title='bbox 1159 1251 1238 1323; x_wconf 83' lang='grc' dir='ltr'>τῷ</span> <span class='ocrx_word' id='word_1_81' title='bbox 1260 1253 1580 1322; x_wconf 81' lang='grc' dir='ltr'>μετανοοῦν-</span> 
     </span>
    </p>
   </div>
   <div class='ocr_carea' id='block_1_14' title="bbox 30 1346 1580 1417">
    <p class='ocr_par' dir='ltr' id='par_1_14' title="bbox 30 1346 1580 1417">
     <span class='ocr_line' id='line_1_14' title="bbox 30 1346 1580 1417; baseline 0.001 -19"><span class='ocrx_word' id='word_1_82' title='bbox 30 1348 66 1398; x_wconf 70' lang='lat' dir='ltr'><strong>ri</strong></span> <span class='ocrx_word' id='word_1_83' title='bbox 91 1363 180 1410; x_wconf 89' lang='grc' dir='ltr'>σοι,</span> <span class='ocrx_word' id='word_1_84' title='bbox 221 1347 295 1415; x_wconf 79' lang='grc' dir='ltr'>μὴ</span> <span class='ocrx_word' id='word_1_85' title='bbox 335 1347 506 1416; x_wconf 88' lang='grc' dir='ltr'>μόνον</span> <span class='ocrx_word' id='word_1_86' title='bbox 543 1347 614 1400; x_wconf 81' lang='grc' dir='ltr'><strong>τὰ</strong></span> <span class='ocrx_word' id='word_1_87' title='bbox 654 1346 826 1417; x_wconf 84' lang='grc' dir='ltr'>μικρὰ</span> <span class='ocrx_word' id='word_1_88' title='bbox 862 1347 929 1398; x_wconf 76' lang='grc' dir='ltr'>τὰ</span> <span class='ocrx_word' id='word_1_89' title='bbox 976 1347 1034 1398; x_wconf 80' lang='grc' dir='ltr'>ὲν</span> <span class='ocrx_word' id='word_1_90' title='bbox 1065 1346 1465 1415; x_wconf 83' lang='grc' dir='ltr'>συγκαταθέσει</span> <span class='ocrx_word' id='word_1_91' title='bbox 1495 1363 1580 1415; x_wconf 83' lang='grc' dir='ltr'><strong>γι-</strong></span> 
     </span>
    </p>
   </div>
   <div class='ocr_carea' id='block_1_15' title="bbox 30 1438 1264 1510">
    <p class='ocr_par' dir='ltr' id='par_1_15' title="bbox 30 1438 1264 1510">
     <span class='ocr_line' id='line_1_15' title="bbox 30 1438 1264 1510; baseline 0.003 -21"><span class='ocrx_word' id='word_1_92' title='bbox 30 1439 210 1508; x_wconf 72' lang='grc' dir='ltr'>νόμενα,</span> <span class='ocrx_word' id='word_1_93' title='bbox 244 1439 385 1492; x_wconf 81' lang='grc' dir='ltr'>ἀλλὰ</span> <span class='ocrx_word' id='word_1_94' title='bbox 431 1440 658 1503; x_wconf 76' lang='grc' dir='ltr'>καὶτὰς</span> <span class='ocrx_word' id='word_1_95' title='bbox 699 1440 980 1510; x_wconf 75' lang='grc' dir='ltr'>ἐνεργείας</span> <span class='ocrx_word' id='word_1_96' title='bbox 1010 1438 1264 1510; x_wconf 76' lang='grc' dir='ltr'><strong>ἀφήσεις.</strong></span> 
     </span>
    </p>
   </div>
   <div class='ocr_carea' id='block_1_16' title="bbox 621 1736 997 1798">
    <p class='ocr_par' dir='ltr' id='par_1_16' title="bbox 621 1736 997 1798">
     <span class='ocr_line' id='line_1_16' title="bbox 621 1736 997 1798; baseline 0.027 -11"><span class='ocrx_word' id='word_1_97' title='bbox 621 1736 815 1791; x_wconf 85' lang='grc' dir='ltr'><strong>ΕΡΩΤ.</strong></span> <span class='ocrx_word' id='word_1_98' title='bbox 864 1739 948 1791; x_wconf 82' lang='lat' dir='ltr'><strong>K&#39;.</strong></span> <span class='ocrx_word' id='word_1_99' title='bbox 991 1791 997 1798; x_wconf 91' lang='lat'><strong>.</strong></span> 
     </span>
    </p>
   </div>
   <div class='ocr_carea' id='block_1_17' title="bbox 85 1830 1117 1901">
    <p class='ocr_par' dir='ltr' id='par_1_17' title="bbox 85 1830 1117 1901">
     <span class='ocr_line' id='line_1_17' title="bbox 85 1830 1117 1901; baseline 0.002 -14"><span class='ocrx_word' id='word_1_100' title='bbox 85 1830 201 1901; x_wconf 79' lang='grc' dir='ltr'>Περὶ</span> <span class='ocrx_word' id='word_1_101' title='bbox 227 1830 536 1900; x_wconf 66' lang='grc' dir='ltr'>διαφόρων</span> <span class='ocrx_word' id='word_1_102' title='bbox 564 1831 918 1900; x_wconf 77' lang='grc' dir='ltr'>θελημὰτων</span> <span class='ocrx_word' id='word_1_103' title='bbox 946 1833 1117 1889; x_wconf 87' lang='grc' dir='ltr'><strong>Θεοῦ.</strong></span> 
     </span>
    </p>
   </div>
   <div class='ocr_carea' id='block_1_18' title="bbox 663 1946 904 2015">
    <p class='ocr_par' dir='ltr' id='par_1_18' title="bbox 663 1946 904 2015">
     <span class='ocr_line' id='line_1_18' title="bbox 663 1946 904 2015; baseline 0.017 -16"><span class='ocrx_word' id='word_1_104' title='bbox 663 1946 904 2015; x_wconf 80' lang='grc' dir='ltr'>Ἀπόκρ.</span> 
     </span>
    </p>
   </div>
   <div class='ocr_carea' id='block_1_19' title="bbox 90 2036 1577 2111">
    <p class='ocr_par' dir='ltr' id='par_1_19' title="bbox 90 2036 1577 2111">
     <span class='ocr_line' id='line_1_19' title="bbox 90 2036 1577 2111; baseline 0.003 -22"><span class='ocrx_word' id='word_1_105' title='bbox 90 2037 205 2107; x_wconf 79' lang='grc' dir='ltr'>Τρία</span> <span class='ocrx_word' id='word_1_106' title='bbox 232 2036 524 2107; x_wconf 84' lang='grc' dir='ltr'>θελήματα</span> <span class='ocrx_word' id='word_1_107' title='bbox 561 2037 654 2090; x_wconf 75' lang='grc' dir='ltr'>ἐπὶ</span> <span class='ocrx_word' id='word_1_108' title='bbox 680 2038 816 2092; x_wconf 76' lang='grc' dir='ltr'>Θεοῦ</span> <span class='ocrx_word' id='word_1_109' title='bbox 851 2039 958 2110; x_wconf 79' lang='grc' dir='ltr'><strong>χρὴ</strong></span> <span class='ocrx_word' id='word_1_110' title='bbox 992 2039 1419 2111; x_wconf 78' lang='grc' dir='ltr'>ὑπολαμϐάνειν·</span> <span class='ocrx_word' id='word_1_111' title='bbox 1457 2041 1577 2094; x_wconf 78' lang='grc' dir='ltr'>κατ’</span> 
     </span>
    </p>
   </div>
   <div class='ocr_carea' id='block_1_20' title="bbox 42 2128 1579 2203">
    <p class='ocr_par' dir='ltr' id='par_1_20' title="bbox 42 2128 1579 2203">
     <span class='ocr_line' id='line_1_20' title="bbox 42 2128 1579 2203; baseline 0.004 -23"><span class='ocrx_word' id='word_1_112' title='bbox 42 2129 259 2192; x_wconf 64' lang='grc' dir='ltr'>εὐδοκίαν,</span> <span class='ocrx_word' id='word_1_113' title='bbox 303 2128 425 2183; x_wconf 82' lang='grc' dir='ltr'>κατ’</span> <span class='ocrx_word' id='word_1_114' title='bbox 456 2129 779 2201; x_wconf 82' lang='grc' dir='ltr'>οἰκονομίαν</span> <span class='ocrx_word' id='word_1_115' title='bbox 803 2170 820 2196; x_wconf 92' lang='grc'><strong>,</strong></span> <span class='ocrx_word' id='word_1_116' title='bbox 868 2132 1010 2184; x_wconf 72' lang='grc' dir='ltr'><strong>κατά</strong></span> <span class='ocrx_word' id='word_1_117' title='bbox 1051 2130 1424 2203; x_wconf 72' lang='grc' dir='ltr'>συγχώρησιν.</span> <span class='ocrx_word' id='word_1_118' title='bbox 1469 2133 1579 2186; x_wconf 74' lang='grc' dir='ltr'><strong>Καὶ</strong></span> 
     </span>
    </p>
   </div>
   <div class='ocr_carea' id='block_1_21' title="bbox 41 2209 1576 2296">
    <p class='ocr_par' dir='ltr' id='par_1_21' title="bbox 41 2209 1576 2296">
     <span class='ocr_line' id='line_1_21' title="bbox 41 2209 1576 2296; baseline 0.004 -24"><span class='ocrx_word' id='word_1_119' title='bbox 41 2223 88 2272; x_wconf 72' lang='grc' dir='ltr'>τὸ</span> <span class='ocrx_word' id='word_1_120' title='bbox 117 2222 193 2292; x_wconf 77' lang='grc' dir='ltr'><strong>μὲν</strong></span> <span class='ocrx_word' id='word_1_121' title='bbox 216 2223 329 2276; x_wconf 84' lang='grc' dir='ltr'>κατ’</span> <span class='ocrx_word' id='word_1_122' title='bbox 365 2223 625 2277; x_wconf 70' lang='grc' dir='ltr'>εὐδοκίαν</span> <span class='ocrx_word' id='word_1_123' title='bbox 668 2223 838 2294; x_wconf 78' lang='grc' dir='ltr'>δηλοῖ,</span> <span class='ocrx_word' id='word_1_124' title='bbox 875 2223 944 2278; x_wconf 72' lang='grc' dir='ltr'>τὰ</span> <span class='ocrx_word' id='word_1_125' title='bbox 986 2226 1127 2278; x_wconf 85' lang='grc' dir='ltr'>κατὰ</span> <span class='ocrx_word' id='word_1_126' title='bbox 1160 2225 1251 2278; x_wconf 79' lang='grc' dir='ltr'><strong>τὸν</strong></span> <span class='ocrx_word' id='word_1_127' title='bbox 1307 2209 1576 2296; x_wconf 51' lang='grc' dir='ltr'><strong>’Ἀϐραὰμ</strong></span> 
     </span>
    </p>
   </div>
   <div class='ocr_carea' id='block_1_22' title="bbox 42 2314 1580 2388">
    <p class='ocr_par' dir='ltr' id='par_1_22' title="bbox 42 2314 1580 2388">
     <span class='ocr_line' id='line_1_22' title="bbox 42 2314 1580 2388; baseline 0.003 -23"><span class='ocrx_word' id='word_1_128' title='bbox 42 2314 242 2381; x_wconf 78' lang='grc' dir='ltr'>λέγοντος</span> <span class='ocrx_word' id='word_1_129' title='bbox 270 2315 406 2387; x_wconf 84' lang='grc' dir='ltr'>πρὸς</span> <span class='ocrx_word' id='word_1_130' title='bbox 452 2315 643 2380; x_wconf 77' lang='grc' dir='ltr'>αὐτὸν,</span> <span class='ocrx_word' id='word_1_131' title='bbox 682 2316 930 2381; x_wconf 78' lang='grc' dir='ltr'><strong>Ἔξελθε</strong></span> <span class='ocrx_word' id='word_1_132' title='bbox 959 2317 1028 2370; x_wconf 84' lang='grc' dir='ltr'>ἐκ</span> <span class='ocrx_word' id='word_1_133' title='bbox 1059 2316 1170 2386; x_wconf 83' lang='grc' dir='ltr'>τῆς</span> <span class='ocrx_word' id='word_1_134' title='bbox 1198 2317 1310 2388; x_wconf 74' lang='grc' dir='ltr'><strong>γῆς</strong></span> <span class='ocrx_word' id='word_1_135' title='bbox 1339 2334 1477 2372; x_wconf 87' lang='grc' dir='ltr'>σου.</span> <span class='ocrx_word' id='word_1_136' title='bbox 1505 2317 1580 2371; x_wconf 85' lang='grc' dir='ltr'><strong>Τὸ</strong></span> 
     </span>
    </p>
   </div>
   <div class='ocr_carea' id='block_1_23' title="bbox 42 2403 1578 2479">
    <p class='ocr_par' dir='ltr' id='par_1_23' title="bbox 42 2403 1578 2479">
     <span class='ocr_line' id='line_1_23' title="bbox 42 2403 1578 2479; baseline 0.004 -24"><span class='ocrx_word' id='word_1_137' title='bbox 42 2403 83 2454; x_wconf 80' lang='grc' dir='ltr'><strong>δὲ</strong></span> <span class='ocrx_word' id='word_1_138' title='bbox 119 2405 218 2457; x_wconf 84' lang='grc' dir='ltr'>κατ’</span> <span class='ocrx_word' id='word_1_139' title='bbox 247 2407 588 2476; x_wconf 83' lang='grc' dir='ltr'>οἰκονομίαν,</span> <span class='ocrx_word' id='word_1_140' title='bbox 623 2406 776 2478; x_wconf 84' lang='grc' dir='ltr'>δηλοῖ</span> <span class='ocrx_word' id='word_1_141' title='bbox 800 2408 868 2461; x_wconf 75' lang='grc' dir='ltr'>τὰ</span> <span class='ocrx_word' id='word_1_142' title='bbox 899 2406 1042 2461; x_wconf 81' lang='grc' dir='ltr'>κατὰ</span> <span class='ocrx_word' id='word_1_143' title='bbox 1067 2408 1160 2461; x_wconf 77' lang='grc' dir='ltr'>τὸν</span> <span class='ocrx_word' id='word_1_144' title='bbox 1203 2407 1401 2479; x_wconf 80' lang='grc' dir='ltr'>Ἰωσὴφ</span> <span class='ocrx_word' id='word_1_145' title='bbox 1429 2409 1578 2461; x_wconf 74' lang='lat' dir='ltr'><strong>obto-</strong></span> 
     </span>
    </p>
   </div>
   <div class='ocr_carea' id='block_1_24' title="bbox 47 2497 1578 2571">
    <p class='ocr_par' dir='ltr' id='par_1_24' title="bbox 47 2497 1578 2571">
     <span class='ocr_line' id='line_1_24' title="bbox 47 2497 1578 2571; baseline 0.004 -24"><span class='ocrx_word' id='word_1_146' title='bbox 47 2497 315 2565; x_wconf 78' lang='grc' dir='ltr'>νομηθὲντα,</span> <span class='ocrx_word' id='word_1_147' title='bbox 359 2501 504 2569; x_wconf 64' lang='grc' dir='ltr'>πρὶς</span> <span class='ocrx_word' id='word_1_148' title='bbox 545 2499 641 2569; x_wconf 76' lang='grc' dir='ltr'>τὴν</span> <span class='ocrx_word' id='word_1_149' title='bbox 672 2501 780 2554; x_wconf 83' lang='grc' dir='ltr'><strong>τῶν</strong></span> <span class='ocrx_word' id='word_1_150' title='bbox 813 2499 1118 2571; x_wconf 85' lang='grc' dir='ltr'>μελλόντων</span> <span class='ocrx_word' id='word_1_151' title='bbox 1156 2499 1402 2566; x_wconf 77' lang='grc' dir='ltr'>ἔκϐασιν,</span> <span class='ocrx_word' id='word_1_152' title='bbox 1428 2500 1489 2553; x_wconf 85' lang='grc' dir='ltr'><strong>τὸ</strong></span> <span class='ocrx_word' id='word_1_153' title='bbox 1521 2499 1578 2553; x_wconf 86' lang='grc' dir='ltr'>δὲ</span> 
     </span>
    </p>
   </div>
   <div class='ocr_carea' id='block_1_25' title="bbox 47 2588 1574 2664">
    <p class='ocr_par' dir='ltr' id='par_1_25' title="bbox 47 2588 1574 2664">
     <span class='ocr_line' id='line_1_25' title="bbox 47 2588 1574 2664; baseline 0.005 -25"><span class='ocrx_word' id='word_1_154' title='bbox 47 2588 152 2641; x_wconf 70' lang='grc' dir='ltr'>κατὰ</span> <span class='ocrx_word' id='word_1_155' title='bbox 175 2590 537 2662; x_wconf 78' lang='grc' dir='ltr'><strong>συγχώρησιν,</strong></span> <span class='ocrx_word' id='word_1_156' title='bbox 566 2590 717 2664; x_wconf 79' lang='grc' dir='ltr'><strong>δηλοί</strong></span> <span class='ocrx_word' id='word_1_157' title='bbox 739 2591 807 2645; x_wconf 84' lang='grc' dir='ltr'><strong>τὰ</strong></span> <span class='ocrx_word' id='word_1_158' title='bbox 834 2592 975 2647; x_wconf 83' lang='grc' dir='ltr'><strong>κατά</strong></span> <span class='ocrx_word' id='word_1_159' title='bbox 1000 2592 1092 2647; x_wconf 82' lang='grc' dir='ltr'><strong>τὸν</strong></span> <span class='ocrx_word' id='word_1_160' title='bbox 1134 2591 1254 2645; x_wconf 82' lang='grc' dir='ltr'><strong>’1ὼὸ</strong></span> <span class='ocrx_word' id='word_1_161' title='bbox 1285 2590 1574 2661; x_wconf 82' lang='grc' dir='ltr'>γενόμενα.</span> 
     </span>
    </p>
   </div>
   <div class='ocr_carea' id='block_1_26' title="bbox 595 2883 974 2937">
    <p class='ocr_par' dir='ltr' id='par_1_26' title="bbox 595 2883 974 2937">
     <span class='ocr_line' id='line_1_26' title="bbox 595 2883 974 2937; baseline 0.005 -2"><span class='ocrx_word' id='word_1_162' title='bbox 595 2883 789 2935; x_wconf 84' lang='grc' dir='ltr'><strong>ΕΡΩΤ.</strong></span> <span class='ocrx_word' id='word_1_163' title='bbox 844 2883 974 2937; x_wconf 80' lang='lat' dir='ltr'><strong>KA&#39;.</strong></span> 
     </span>
    </p>
   </div>
   <div class='ocr_carea' id='block_1_27' title="bbox 105 2971 1573 3046">
    <p class='ocr_par' dir='ltr' id='par_1_27' title="bbox 105 2971 1573 3046">
     <span class='ocr_line' id='line_1_27' title="bbox 105 2971 1573 3046; baseline 0.006 -24"><span class='ocrx_word' id='word_1_164' title='bbox 105 2971 152 3023; x_wconf 87' lang='grc' dir='ltr'>Τί</span> <span class='ocrx_word' id='word_1_165' title='bbox 170 2973 433 3041; x_wconf 80' lang='grc' dir='ltr'><strong>σημαίνει</strong></span> <span class='ocrx_word' id='word_1_166' title='bbox 462 2976 503 3029; x_wconf 79' lang='grc' dir='ltr'><em>ὁ</em></span> <span class='ocrx_word' id='word_1_167' title='bbox 550 2974 881 3044; x_wconf 77' lang='grc' dir='ltr'>Ψαλμῳδὸς</span> <span class='ocrx_word' id='word_1_168' title='bbox 909 2975 1042 3044; x_wconf 71' lang='grc' dir='ltr'>περὶ</span> <span class='ocrx_word' id='word_1_169' title='bbox 1087 2973 1317 3045; x_wconf 79' lang='grc' dir='ltr'>ἐχθρῶν</span> <span class='ocrx_word' id='word_1_170' title='bbox 1347 2974 1573 3046; x_wconf 59' lang='lat' dir='ltr'><strong>Acrior;</strong></span> 
     </span>
    </p>
   </div>
   <div class='ocr_carea' id='block_1_28' title="bbox 57 3062 1004 3138">
    <p class='ocr_par' dir='ltr' id='par_1_28' title="bbox 57 3062 1004 3138">
     <span class='ocr_line' id='line_1_28' title="bbox 57 3062 1004 3138; baseline 0.007 -25"><span class='ocrx_word' id='word_1_171' title='bbox 57 3078 71 3113; x_wconf 82' lang='lat' dir='ltr'><strong>t</strong></span> <span class='ocrx_word' id='word_1_172' title='bbox 104 3062 202 3117; x_wconf 80' lang='grc' dir='ltr'><strong>Τῶν</strong></span> <span class='ocrx_word' id='word_1_173' title='bbox 225 3067 420 3135; x_wconf 75' lang='grc' dir='ltr'>κύκλῳ</span> <span class='ocrx_word' id='word_1_174' title='bbox 448 3067 881 3138; x_wconf 75' lang='grc' dir='ltr'><strong>ἐπιτιθεμένων</strong></span> <span class='ocrx_word' id='word_1_175' title='bbox 910 3071 946 3122; x_wconf 78' lang='grc'><strong>⁸.</strong></span> <span class='ocrx_word' id='word_1_176' title='bbox 985 3088 1004 3119; x_wconf 75' lang='grc' dir='ltr'><strong>ι</strong></span> 
     </span>
    </p>
   </div>
   <div class='ocr_carea' id='block_1_29' title="bbox 672 3180 890 3250">
    <p class='ocr_par' dir='ltr' id='par_1_29' title="bbox 672 3180 890 3250">
     <span class='ocr_line' id='line_1_29' title="bbox 672 3180 890 3250; baseline -0.009 -16"><span class='ocrx_word' id='word_1_177' title='bbox 672 3180 890 3250; x_wconf 82' lang='grc' dir='ltr'>Ἀπόκρ</span> 
     </span>
    </p>
   </div>
   <div class='ocr_carea' id='block_1_30' title="bbox 101 3264 1572 3341">
    <p class='ocr_par' dir='ltr' id='par_1_30' title="bbox 101 3264 1572 3341">
     <span class='ocr_line' id='line_1_30' title="bbox 101 3264 1572 3341; baseline 0.005 -23"><span class='ocrx_word' id='word_1_178' title='bbox 101 3264 158 3318; x_wconf 75' lang='grc' dir='ltr'><strong>Τὸ</strong></span> <span class='ocrx_word' id='word_1_179' title='bbox 203 3266 376 3340; x_wconf 81' lang='grc' dir='ltr'>κύκλῳ</span> <span class='ocrx_word' id='word_1_180' title='bbox 427 3271 554 3323; x_wconf 72' lang='grc' dir='ltr'>ἐστὶ</span> <span class='ocrx_word' id='word_1_181' title='bbox 595 3270 656 3324; x_wconf 83' lang='grc' dir='ltr'>τὸ</span> <span class='ocrx_word' id='word_1_182' title='bbox 709 3272 959 3341; x_wconf 79' lang='grc' dir='ltr'>ἑμπρὸς,</span> <span class='ocrx_word' id='word_1_183' title='bbox 1012 3271 1229 3337; x_wconf 81' lang='grc' dir='ltr'>ὀπίσω,</span> <span class='ocrx_word' id='word_1_184' title='bbox 1281 3272 1342 3325; x_wconf 83' lang='grc' dir='ltr'><strong>τὸ</strong></span> <span class='ocrx_word' id='word_1_185' title='bbox 1380 3271 1572 3340; x_wconf 77' lang='grc' dir='ltr'>δεξιὸν,</span> 
     </span>
    </p>
   </div>
   <div class='ocr_carea' id='block_1_31' title="bbox 56 3353 1581 3437">
    <p class='ocr_par' dir='ltr' id='par_1_31' title="bbox 56 3353 1581 3437">
     <span class='ocr_line' id='line_1_31' title="bbox 56 3353 1581 3437; baseline 0.009 -30"><span class='ocrx_word' id='word_1_186' title='bbox 56 3357 96 3408; x_wconf 69' lang='grc' dir='ltr'>τὸ</span> <span class='ocrx_word' id='word_1_187' title='bbox 116 3359 386 3432; x_wconf 79' lang='grc' dir='ltr'>ἀριστερόν.</span> <span class='ocrx_word' id='word_1_188' title='bbox 431 3363 800 3418; x_wconf 83' lang='grc' dir='ltr'>Ἐπιτίθενται</span> <span class='ocrx_word' id='word_1_189' title='bbox 824 3353 918 3418; x_wconf 67' lang='grc' dir='ltr'>ὢν</span> <span class='ocrx_word' id='word_1_190' title='bbox 943 3366 1072 3436; x_wconf 80' lang='grc' dir='ltr'>ἡμῖν</span> <span class='ocrx_word' id='word_1_191' title='bbox 1101 3367 1150 3418; x_wconf 82' lang='lat' dir='ltr'><strong>oi</strong></span> <span class='ocrx_word' id='word_1_192' title='bbox 1173 3364 1445 3434; x_wconf 84' lang='grc' dir='ltr'>δαίμονες,</span> <span class='ocrx_word' id='word_1_193' title='bbox 1482 3365 1581 3437; x_wconf 76' lang='grc' dir='ltr'><strong>ἔμ-</strong></span> 
     </span>
    </p>
   </div>
   <div class='ocr_carea' id='block_1_32' title="bbox 59 3451 1581 3526">
    <p class='ocr_par' dir='ltr' id='par_1_32' title="bbox 59 3451 1581 3526">
     <span class='ocr_line' id='line_1_32' title="bbox 59 3451 1581 3526; baseline 0.007 -28"><span class='ocrx_word' id='word_1_194' title='bbox 59 3451 239 3516; x_wconf 70' lang='grc' dir='ltr'>προσθεν</span> <span class='ocrx_word' id='word_1_195' title='bbox 286 3455 399 3523; x_wconf 80' lang='grc' dir='ltr'>μὲν,</span> <span class='ocrx_word' id='word_1_196' title='bbox 451 3458 586 3510; x_wconf 84' lang='grc' dir='ltr'>ὅταν</span> <span class='ocrx_word' id='word_1_197' title='bbox 624 3455 714 3508; x_wconf 76' lang='grc' dir='ltr'>διὰ</span> <span class='ocrx_word' id='word_1_198' title='bbox 758 3454 869 3510; x_wconf 82' lang='grc' dir='ltr'>τῶν</span> <span class='ocrx_word' id='word_1_199' title='bbox 922 3455 1024 3526; x_wconf 80' lang='grc' dir='ltr'><strong>τῆς</strong></span> <span class='ocrx_word' id='word_1_200' title='bbox 1074 3455 1204 3525; x_wconf 80' lang='grc' dir='ltr'>ὕλης</span> <span class='ocrx_word' id='word_1_201' title='bbox 1247 3458 1581 3526; x_wconf 78' lang='grc' dir='ltr'>ἐπιφανειῶν</span> 
     </span>
    </p>
   </div>
   <div class='ocr_carea' id='block_1_33' title="bbox 59 3538 1582 3621">
    <p class='ocr_par' dir='ltr' id='par_1_33' title="bbox 59 3538 1582 3621">
     <span class='ocr_line' id='line_1_33' title="bbox 59 3538 1582 3621; baseline 0.009 -31"><span class='ocrx_word' id='word_1_202' title='bbox 59 3538 338 3606; x_wconf 75' lang='grc' dir='ltr'>δελεάζωσιν·</span> <span class='ocrx_word' id='word_1_203' title='bbox 396 3547 582 3601; x_wconf 80' lang='grc' dir='ltr'>ὀπίσω</span> <span class='ocrx_word' id='word_1_204' title='bbox 630 3548 730 3614; x_wconf 81' lang='grc' dir='ltr'><strong>δὲ,</strong></span> <span class='ocrx_word' id='word_1_205' title='bbox 784 3549 910 3602; x_wconf 85' lang='grc' dir='ltr'>ὅταν</span> <span class='ocrx_word' id='word_1_206' title='bbox 949 3548 1039 3602; x_wconf 86' lang='grc' dir='ltr'>διὰ</span> <span class='ocrx_word' id='word_1_207' title='bbox 1096 3548 1207 3602; x_wconf 85' lang='grc' dir='ltr'><strong>τῶν</strong></span> <span class='ocrx_word' id='word_1_208' title='bbox 1256 3548 1582 3621; x_wconf 75' lang='grc' dir='ltr'>προλήψεων</span> 
     </span>
    </p>
   </div>
   <div class='ocr_carea' id='block_1_34' title="bbox 62 3629 1586 3713">
    <p class='ocr_par' dir='ltr' id='par_1_34' title="bbox 62 3629 1586 3713">
     <span class='ocr_line' id='line_1_34' title="bbox 62 3629 1586 3713; baseline 0.02 -33"><span class='ocrx_word' id='word_1_209' title='bbox 62 3629 136 3685; x_wconf 77' lang='grc' dir='ltr'><strong>τῶν</strong></span> <span class='ocrx_word' id='word_1_210' title='bbox 156 3633 402 3706; x_wconf 75' lang='grc' dir='ltr'>λογισμῶν</span> <span class='ocrx_word' id='word_1_211' title='bbox 425 3639 531 3708; x_wconf 84' lang='grc' dir='ltr'>τῆς</span> <span class='ocrx_word' id='word_1_212' title='bbox 557 3638 753 3701; x_wconf 81' lang='grc' dir='ltr'>κακίας</span> <span class='ocrx_word' id='word_1_213' title='bbox 777 3639 874 3710; x_wconf 82' lang='grc' dir='ltr'>τὴν</span> <span class='ocrx_word' id='word_1_214' title='bbox 911 3640 1133 3711; x_wconf 79' lang='grc' dir='ltr'>μνήμην</span> <span class='ocrx_word' id='word_1_215' title='bbox 1167 3639 1256 3713; x_wconf 69' lang='grc' dir='ltr'><strong>[Β.</strong></span> <span class='ocrx_word' id='word_1_216' title='bbox 1305 3640 1396 3694; x_wconf 76' lang='grc' dir='ltr'>τδν</span> <span class='ocrx_word' id='word_1_217' title='bbox 1436 3641 1586 3709; x_wconf 77' lang='grc' dir='ltr'>λογι-</span> 
     </span>
    </p>
   </div>
   <div class='ocr_carea' id='block_1_35' title="bbox 63 3719 1582 3804">
    <p class='ocr_par' dir='ltr' id='par_1_35' title="bbox 63 3719 1582 3804">
     <span class='ocr_line' id='line_1_35' title="bbox 63 3719 1582 3804; baseline 0.007 -31"><span class='ocrx_word' id='word_1_218' title='bbox 63 3719 160 3785; x_wconf 69' lang='grc' dir='ltr'>σμὸν</span> <span class='ocrx_word' id='word_1_219' title='bbox 177 3724 259 3792; x_wconf 83' lang='grc' dir='ltr'>τῆς</span> <span class='ocrx_word' id='word_1_220' title='bbox 288 3729 482 3791; x_wconf 81' lang='grc' dir='ltr'>κακίας</span> <span class='ocrx_word' id='word_1_221' title='bbox 517 3727 658 3781; x_wconf 77' lang='grc' dir='ltr'>κατὰ</span> <span class='ocrx_word' id='word_1_222' title='bbox 679 3728 831 3801; x_wconf 75' lang='grc' dir='ltr'>μνή.]</span> <span class='ocrx_word' id='word_1_223' title='bbox 847 3729 1193 3784; x_wconf 81' lang='grc' dir='ltr'>ἀνακινῶσιν·</span> <span class='ocrx_word' id='word_1_224' title='bbox 1217 3731 1481 3804; x_wconf 83' lang='grc' dir='ltr'>ἀριστερὰ</span> <span class='ocrx_word' id='word_1_225' title='bbox 1501 3731 1582 3794; x_wconf 83' lang='grc' dir='ltr'><strong>δὲ,</strong></span> 
     </span>
    </p>
   </div>
   <div class='ocr_carea' id='block_1_36' title="bbox 61 3808 1584 3894">
    <p class='ocr_par' dir='ltr' id='par_1_36' title="bbox 61 3808 1584 3894">
     <span class='ocr_line' id='line_1_36' title="bbox 61 3808 1584 3894; baseline 0.012 -36"><span class='ocrx_word' id='word_1_226' title='bbox 61 3808 155 3862; x_wconf 67' lang='grc' dir='ltr'>ὅταν</span> <span class='ocrx_word' id='word_1_227' title='bbox 178 3813 253 3868; x_wconf 82' lang='grc' dir='ltr'><strong>διὰ</strong></span> <span class='ocrx_word' id='word_1_228' title='bbox 285 3817 386 3870; x_wconf 81' lang='grc' dir='ltr'><strong>τῶν</strong></span> <span class='ocrx_word' id='word_1_229' title='bbox 422 3821 710 3890; x_wconf 84' lang='grc' dir='ltr'>σαρκικῶν</span> <span class='ocrx_word' id='word_1_230' title='bbox 759 3822 852 3874; x_wconf 76' lang='grc' dir='ltr'><strong>καὶ</strong></span> <span class='ocrx_word' id='word_1_231' title='bbox 894 3822 1212 3876; x_wconf 85' lang='grc' dir='ltr'>ἀκολάστων</span> <span class='ocrx_word' id='word_1_232' title='bbox 1243 3822 1455 3886; x_wconf 83' lang='grc' dir='ltr'>παθῶν,</span> <span class='ocrx_word' id='word_1_233' title='bbox 1485 3824 1584 3894; x_wconf 78' lang='grc' dir='ltr'>τὴν</span> 
     </span>
    </p>
   </div>
   <div class='ocr_carea' id='block_1_37' title="bbox 62 3897 1585 3982">
    <p class='ocr_par' dir='ltr' id='par_1_37' title="bbox 62 3897 1585 3982">
     <span class='ocr_line' id='line_1_37' title="bbox 62 3897 1585 3982; baseline 0.003 -17"><span class='ocrx_word' id='word_1_234' title='bbox 62 3897 196 3974; x_wconf 56' lang='grc' dir='ltr'><strong>ιίυχὴν</strong></span> <span class='ocrx_word' id='word_1_235' title='bbox 234 3908 618 3982; x_wconf 73' lang='grc' dir='ltr'>ἐκμοχλεύωσιο</span> <span class='ocrx_word' id='word_1_236' title='bbox 670 3914 818 3980; x_wconf 77' lang='grc' dir='ltr'>δεξιὰ</span> <span class='ocrx_word' id='word_1_237' title='bbox 859 3914 935 3977; x_wconf 85' lang='grc' dir='ltr'><strong>δὲ,</strong></span> <span class='ocrx_word' id='word_1_238' title='bbox 971 3915 1100 3970; x_wconf 83' lang='grc' dir='ltr'>ὅταν</span> <span class='ocrx_word' id='word_1_239' title='bbox 1149 3915 1239 3970; x_wconf 75' lang='grc' dir='ltr'><strong>διὰ</strong></span> <span class='ocrx_word' id='word_1_240' title='bbox 1278 3915 1585 3982; x_wconf 77' lang='grc' dir='ltr'>κενοδοξίας</span> 
     </span>
    </p>
   </div>
   <div class='ocr_carea' id='block_1_38' title="bbox 62 3991 1203 4078">
    <p class='ocr_par' dir='ltr' id='par_1_38' title="bbox 62 3991 1203 4078">
     <span class='ocr_line' id='line_1_38' title="bbox 62 3991 1203 4078; baseline 0.018 -37"><span class='ocrx_word' id='word_1_241' title='bbox 62 3991 137 4044; x_wconf 67' lang='grc' dir='ltr'>καὶ</span> <span class='ocrx_word' id='word_1_242' title='bbox 165 3995 522 4072; x_wconf 71' lang='grc' dir='ltr'>ὑπερηφανίας</span> <span class='ocrx_word' id='word_1_243' title='bbox 555 4007 624 4078; x_wconf 80' lang='grc' dir='ltr'>τῇ</span> <span class='ocrx_word' id='word_1_244' title='bbox 664 4005 811 4077; x_wconf 75' lang='grc' dir='ltr'>ψυχῇ</span> <span class='ocrx_word' id='word_1_245' title='bbox 844 4006 1203 4064; x_wconf 80' lang='grc' dir='ltr'>ἐπιτίθενται.</span> 
     </span>
    </p>
   </div>
   <div class='ocr_carea' id='block_1_39' title="bbox 604 4212 968 4268">
    <p class='ocr_par' dir='ltr' id='par_1_39' title="bbox 604 4212 968 4268">
     <span class='ocr_line' id='line_1_39' title="bbox 604 4212 968 4268; baseline 0.011 -4"><span class='ocrx_word' id='word_1_246' title='bbox 604 4212 800 4266; x_wconf 86' lang='grc' dir='ltr'><strong>ΕΡΩΤ.</strong></span> <span class='ocrx_word' id='word_1_247' title='bbox 838 4214 968 4268; x_wconf 84' lang='grc' dir='ltr'><strong>ΚΒ’.</strong></span> 
     </span>
    </p>
   </div>
   <div class='ocr_carea' id='block_1_40' title="bbox 124 4292 1586 4378">
    <p class='ocr_par' dir='ltr' id='par_1_40' title="bbox 124 4292 1586 4378">
     <span class='ocr_line' id='line_1_40' title="bbox 124 4292 1586 4378; baseline 0.011 -33"><span class='ocrx_word' id='word_1_248' title='bbox 124 4292 176 4346; x_wconf 83' lang='grc' dir='ltr'>τί</span> <span class='ocrx_word' id='word_1_249' title='bbox 195 4293 302 4353; x_wconf 79' lang='grc' dir='ltr'>ἐστι</span> <span class='ocrx_word' id='word_1_250' title='bbox 327 4305 424 4367; x_wconf 82' lang='lat' dir='ltr'><strong>ro’;</strong></span> <span class='ocrx_word' id='word_1_251' title='bbox 458 4321 480 4355; x_wconf 75' lang='grc' dir='ltr'><strong>ι</strong></span> <span class='ocrx_word' id='word_1_252' title='bbox 515 4302 737 4358; x_wconf 78' lang='grc' dir='ltr'>Λάϐετε</span> <span class='ocrx_word' id='word_1_253' title='bbox 761 4305 1032 4374; x_wconf 71' lang='grc' dir='ltr'>ψαλμὸν,</span> <span class='ocrx_word' id='word_1_254' title='bbox 1065 4305 1165 4360; x_wconf 76' lang='grc' dir='ltr'><strong>καί</strong></span> <span class='ocrx_word' id='word_1_255' title='bbox 1193 4306 1330 4361; x_wconf 85' lang='grc' dir='ltr'><strong>δότε</strong></span> <span class='ocrx_word' id='word_1_256' title='bbox 1357 4307 1586 4378; x_wconf 78' lang='grc' dir='ltr'>τύμπα-</span> 
     </span>
    </p>
   </div>
   <div class='ocr_carea' id='block_1_41' title="bbox 65 4389 1333 4468">
    <p class='ocr_par' dir='ltr' id='par_1_41' title="bbox 65 4389 1333 4468">
     <span class='ocr_line' id='line_1_41' title="bbox 65 4389 1333 4468; baseline 0.007 -25"><span class='ocrx_word' id='word_1_257' title='bbox 65 4394 167 4434; x_wconf 65' lang='grc' dir='ltr'><strong>νονθ</strong></span> <span class='ocrx_word' id='word_1_258' title='bbox 189 4389 504 4462; x_wconf 63' lang='grc' dir='ltr'>ψαλτήριον</span> <span class='ocrx_word' id='word_1_259' title='bbox 536 4396 800 4464; x_wconf 78' lang='grc' dir='ltr'>τερπνὸν</span> <span class='ocrx_word' id='word_1_260' title='bbox 821 4401 974 4466; x_wconf 81' lang='grc' dir='ltr'>μετὰ</span> <span class='ocrx_word' id='word_1_261' title='bbox 1001 4398 1273 4468; x_wconf 80' lang='grc' dir='ltr'>κιθάρας.</span> <span class='ocrx_word' id='word_1_262' title='bbox 1314 4417 1333 4451; x_wconf 76' lang='grc' dir='ltr'><strong>ι</strong></span> 
     </span>
    </p>
   </div>
   <div class='ocr_carea' id='block_1_42' title="bbox 678 4509 916 4579">
    <p class='ocr_par' dir='ltr' id='par_1_42' title="bbox 678 4509 916 4579">
     <span class='ocr_line' id='line_1_42' title="bbox 678 4509 916 4579; baseline 0.008 -17"><span class='ocrx_word' id='word_1_263' title='bbox 678 4509 916 4579; x_wconf 78' lang='grc' dir='ltr'>Ἀπόκρ.</span> 
     </span>
    </p>
   </div>
   <div class='ocr_carea' id='block_1_43' title="bbox 121 4587 1591 4675">
    <p class='ocr_par' dir='ltr' id='par_1_43' title="bbox 121 4587 1591 4675">
     <span class='ocr_line' id='line_1_43' title="bbox 121 4587 1591 4675; baseline 0.012 -36"><span class='ocrx_word' id='word_1_264' title='bbox 121 4587 292 4647; x_wconf 74' lang='grc' dir='ltr'>Λάϐετε</span> <span class='ocrx_word' id='word_1_265' title='bbox 331 4597 678 4654; x_wconf 77' lang='grc' dir='ltr'>διδασκαλίαν</span> <span class='ocrx_word' id='word_1_266' title='bbox 703 4600 907 4667; x_wconf 70' lang='grc' dir='ltr'>ἔνθεον,</span> <span class='ocrx_word' id='word_1_267' title='bbox 936 4603 1032 4657; x_wconf 66' lang='grc' dir='ltr'><strong>κα)⁸</strong></span> <span class='ocrx_word' id='word_1_268' title='bbox 1071 4603 1192 4657; x_wconf 85' lang='grc' dir='ltr'>δότε</span> <span class='ocrx_word' id='word_1_269' title='bbox 1258 4602 1460 4675; x_wconf 78' lang='grc' dir='ltr'>πρᾶξιν</span> <span class='ocrx_word' id='word_1_270' title='bbox 1500 4604 1591 4656; x_wconf 74' lang='grc' dir='ltr'><strong>ὲν-</strong></span> 
     </span>
    </p>
   </div>
   <div class='ocr_carea' id='block_1_44' title="bbox 73 4671 1591 4766">
    <p class='ocr_par' dir='ltr' id='par_1_44' title="bbox 73 4671 1591 4766">
     <span class='ocr_line' id='line_1_44' title="bbox 73 4671 1591 4766; baseline 0.007 -29"><span class='ocrx_word' id='word_1_271' title='bbox 73 4671 219 4766; x_wconf 69' lang='grc' dir='ltr'>ἀρετον</span> <span class='ocrx_word' id='word_1_272' title='bbox 238 4685 318 4739; x_wconf 80' lang='grc' dir='ltr'><strong>διὰ</strong></span> <span class='ocrx_word' id='word_1_273' title='bbox 338 4689 435 4760; x_wconf 80' lang='grc' dir='ltr'>τῆς</span> <span class='ocrx_word' id='word_1_274' title='bbox 460 4692 781 4764; x_wconf 84' lang='grc' dir='ltr'>νεκρώσεως</span> <span class='ocrx_word' id='word_1_275' title='bbox 811 4692 905 4746; x_wconf 84' lang='grc' dir='ltr'>τοῦ</span> <span class='ocrx_word' id='word_1_276' title='bbox 945 4693 1218 4766; x_wconf 84' lang='grc' dir='ltr'>σώματος.</span> <span class='ocrx_word' id='word_1_277' title='bbox 1248 4671 1322 4747; x_wconf 66' lang='lat' dir='ltr'><strong>To</strong></span> <span class='ocrx_word' id='word_1_278' title='bbox 1351 4695 1408 4747; x_wconf 83' lang='grc' dir='ltr'><strong>δὲ</strong></span> <span class='ocrx_word' id='word_1_279' title='bbox 1430 4697 1591 4762; x_wconf 77' lang='grc' dir='ltr'><strong>ψαλ-</strong></span> 
     </span>
    </p>
   </div>
   <div class='ocr_carea' id='block_1_45' title="bbox 74 4765 1591 4857">
    <p class='ocr_par' dir='ltr' id='par_1_45' title="bbox 74 4765 1591 4857">
     <span class='ocr_line' id='line_1_45' title="bbox 74 4765 1591 4857; baseline 0.003 -23"><span class='ocrx_word' id='word_1_280' title='bbox 74 4765 234 4857; x_wconf 57' lang='grc' dir='ltr'>τήριον</span> <span class='ocrx_word' id='word_1_281' title='bbox 261 4782 506 4845; x_wconf 77' lang='grc' dir='ltr'>τερπνὸν</span> <span class='ocrx_word' id='word_1_282' title='bbox 540 4783 692 4852; x_wconf 83' lang='grc' dir='ltr'>μετὰ</span> <span class='ocrx_word' id='word_1_283' title='bbox 743 4785 1028 4852; x_wconf 72' lang='grc' dir='ltr'>κιθάρας-ο</span> <span class='ocrx_word' id='word_1_284' title='bbox 1071 4783 1374 4857; x_wconf 73' lang='grc' dir='ltr'>ψαλτήριον</span> <span class='ocrx_word' id='word_1_285' title='bbox 1419 4785 1591 4855; x_wconf 83' lang='grc' dir='ltr'>λέγει,</span> 
     </span>
    </p>
   </div>
   <div class='ocr_carea' id='block_1_46' title="bbox 75 4854 1592 4954">
    <p class='ocr_par' dir='ltr' id='par_1_46' title="bbox 75 4854 1592 4954">
     <span class='ocr_line' id='line_1_46' title="bbox 75 4854 1592 4954; baseline 0.016 -49"><span class='ocrx_word' id='word_1_286' title='bbox 75 4854 124 4954; x_wconf 53' lang='grc' dir='ltr'><strong>το</strong></span> <span class='ocrx_word' id='word_1_287' title='bbox 151 4864 356 4936; x_wconf 72' lang='grc' dir='ltr'>πνεῦμαο</span> <span class='ocrx_word' id='word_1_288' title='bbox 401 4873 631 4944; x_wconf 83' lang='grc' dir='ltr'>κιθάραν</span> <span class='ocrx_word' id='word_1_289' title='bbox 659 4874 718 4928; x_wconf 78' lang='grc' dir='ltr'><strong>δὲ</strong></span> <span class='ocrx_word' id='word_1_290' title='bbox 745 4875 845 4947; x_wconf 85' lang='grc' dir='ltr'><strong>τὴν</strong></span> <span class='ocrx_word' id='word_1_291' title='bbox 871 4875 1070 4946; x_wconf 71' lang='grc' dir='ltr'><strong>ψυχήνο</strong></span> <span class='ocrx_word' id='word_1_292' title='bbox 1089 4854 1388 4947; x_wconf 79' lang='grc' dir='ltr'>τύμπανον</span> <span class='ocrx_word' id='word_1_293' title='bbox 1418 4854 1504 4944; x_wconf 79' lang='grc' dir='ltr'><strong>δὲ,</strong></span> <span class='ocrx_word' id='word_1_294' title='bbox 1531 4876 1592 4930; x_wconf 85' lang='grc' dir='ltr'><strong>τὸ</strong></span> 
     </span>
    </p>
   </div>
   <div class='ocr_carea' id='block_1_47' title="bbox 78 4957 216 5017">
    <p class='ocr_par' dir='ltr' id='par_1_47' title="bbox 78 4957 216 5017">
     <span class='ocr_line' id='line_1_47' title="bbox 78 4957 216 5017; baseline 0.029 -25"><span class='ocrx_word' id='word_1_295' title='bbox 78 4957 216 5017; x_wconf 82' lang='grc' dir='ltr'>σωμα,</span> 
     </span>
    </p>
   </div>
   <div class='ocr_carea' id='block_1_48' title="bbox 626 5075 987 5132">
    <p class='ocr_par' dir='ltr' id='par_1_48' title="bbox 626 5075 987 5132">
     <span class='ocr_line' id='line_1_48' title="bbox 626 5075 987 5132; baseline 0.008 -3"><span class='ocrx_word' id='word_1_296' title='bbox 626 5075 822 5131; x_wconf 80' lang='grc' dir='ltr'><strong>ΕΡΩΤ.</strong></span> <span class='ocrx_word' id='word_1_297' title='bbox 860 5077 987 5132; x_wconf 77' lang='lat' dir='ltr'><strong>Kl&quot;.</strong></span> 
     </span>
    </p>
   </div>
   <div class='ocr_carea' id='block_1_49' title="bbox 132 5153 1590 5241">
    <p class='ocr_par' dir='ltr' id='par_1_49' title="bbox 132 5153 1590 5241">
     <span class='ocr_line' id='line_1_49' title="bbox 132 5153 1590 5241; baseline 0.014 -36"><span class='ocrx_word' id='word_1_298' title='bbox 132 5153 181 5206; x_wconf 79' lang='grc' dir='ltr'>Τί</span> <span class='ocrx_word' id='word_1_299' title='bbox 201 5155 348 5228; x_wconf 66' lang='lat' dir='ltr'><strong>eam;</strong></span> <span class='ocrx_word' id='word_1_300' title='bbox 382 5184 402 5217; x_wconf 78' lang='grc' dir='ltr'><strong>ι</strong></span> <span class='ocrx_word' id='word_1_301' title='bbox 427 5167 710 5238; x_wconf 63' lang='grc' dir='ltr'>ΚὰΜμον</span> <span class='ocrx_word' id='word_1_302' title='bbox 737 5169 1246 5241; x_wconf 69' lang='grc' dir='ltr'>συντετριμμένον</span> <span class='ocrx_word' id='word_1_303' title='bbox 1276 5174 1349 5226; x_wconf 84' lang='grc' dir='ltr'>οὐ</span> <span class='ocrx_word' id='word_1_304' title='bbox 1378 5171 1590 5226; x_wconf 68' lang='lat' dir='ltr'><strong>xand-</strong></span> 
     </span>
    </p>
   </div>
   <div class='ocr_carea' id='block_1_50' title="bbox 83 5237 1370 5330">
    <p class='ocr_par' dir='ltr' id='par_1_50' title="bbox 83 5237 1370 5330">
     <span class='ocr_line' id='line_1_50' title="bbox 83 5237 1370 5330; baseline 0.002 -18"><span class='ocrx_word' id='word_1_305' title='bbox 83 5237 177 5312; x_wconf 61' lang='grc' dir='ltr'><strong>εει,</strong></span> <span class='ocrx_word' id='word_1_306' title='bbox 203 5253 288 5306; x_wconf 75' lang='grc' dir='ltr'>καὶ</span> <span class='ocrx_word' id='word_1_307' title='bbox 317 5257 486 5313; x_wconf 76' lang='grc' dir='ltr'>λῖνον</span> <span class='ocrx_word' id='word_1_308' title='bbox 513 5262 926 5330; x_wconf 67' lang='grc' dir='ltr'>τετυφωμένον</span> <span class='ocrx_word' id='word_1_309' title='bbox 972 5265 1044 5317; x_wconf 83' lang='grc' dir='ltr'>οὐ</span> <span class='ocrx_word' id='word_1_310' title='bbox 1092 5261 1320 5316; x_wconf 78' lang='grc' dir='ltr'>σϐέσει.</span> <span class='ocrx_word' id='word_1_311' title='bbox 1351 5280 1370 5313; x_wconf 71' lang='grc' dir='ltr'><strong>ι</strong></span> 
     </span>
    </p>
   </div>
   <div class='ocr_carea' id='block_1_51' title="bbox 676 5375 913 5428">
    <p class='ocr_par' dir='ltr' id='par_1_51' title="bbox 676 5375 913 5428">
     <span class='ocr_line' id='line_1_51' title="bbox 676 5375 913 5428; baseline 0.004 -1"><span class='ocrx_word' id='word_1_312' title='bbox 676 5375 913 5428; x_wconf 79' lang='grc' dir='ltr'>Ἁπόκο.</span> 
     </span>
    </p>
   </div>
   <div class='ocr_carea' id='block_1_52' title="bbox 142 5392 1594 5540">
    <p class='ocr_par' dir='ltr' id='par_1_52' title="bbox 142 5392 1594 5540">
     <span class='ocr_line' id='line_1_52' title="bbox 681 5392 913 5428; baseline 0.004 -1"><span class='ocrx_word' id='word_1_313' title='bbox 681 5392 850 5428; x_wconf 51' lang='lat' dir='ltr'><strong>emax</strong></span> <span class='ocrx_word' id='word_1_314' title='bbox 899 5413 913 5428; x_wconf 93' lang='lat'><strong>.</strong></span> 
     </span>
     <span class='ocr_line' id='line_1_53' title="bbox 142 5392 1594 5540; baseline 0.004 -26"><span class='ocrx_word' id='word_1_315' title='bbox 142 5453 192 5508; x_wconf 81' lang='grc'><strong>’0</strong></span> <span class='ocrx_word' id='word_1_316' title='bbox 227 5463 352 5518; x_wconf 80' lang='grc' dir='ltr'>κατὰ</span> <span class='ocrx_word' id='word_1_317' title='bbox 394 5465 619 5540; x_wconf 80' lang='grc' dir='ltr'>μίμησιν</span> <span class='ocrx_word' id='word_1_318' title='bbox 654 5465 749 5522; x_wconf 80' lang='grc' dir='ltr'>τοῦ</span> <span class='ocrx_word' id='word_1_319' title='bbox 797 5392 1002 5539; x_wconf 55' lang='grc' dir='ltr'>Κῗρίου</span> <span class='ocrx_word' id='word_1_320' title='bbox 1056 5467 1403 5540; x_wconf 82' lang='grc' dir='ltr'>συμπαθείας</span> <span class='ocrx_word' id='word_1_321' title='bbox 1449 5466 1594 5540; x_wconf 76' lang='grc' dir='ltr'><strong>λόγῳ</strong></span> 
     </span>
    </p>
   </div>
   <div class='ocr_carea' id='block_1_53' title="bbox 141 5609 1054 5692">
    <p class='ocr_par' dir='ltr' id='par_1_53' title="bbox 141 5609 1054 5692">
     <span class='ocr_line' id='line_1_54' title="bbox 141 5609 1054 5692; baseline 0.008 -21"><span class='ocrx_word' id='word_1_322' title='bbox 141 5609 527 5692; x_wconf 57' lang='grc' dir='ltr'>¹ᾊΙο1ι1λκνιιῃ</span> <span class='ocrx_word' id='word_1_323' title='bbox 559 5624 648 5680; x_wconf 71' lang='lat' dir='ltr'><strong>2i.</strong></span> <span class='ocrx_word' id='word_1_324' title='bbox 727 5624 768 5656; x_wconf 83' lang='lat'>&quot;</span> <span class='ocrx_word' id='word_1_325' title='bbox 796 5623 933 5682; x_wconf 85' lang='lat' dir='ltr'><strong>ibid.</strong></span> <span class='ocrx_word' id='word_1_326' title='bbox 964 5624 1054 5679; x_wconf 72' lang='lat'><strong>22.</strong></span> 
     </span>
    </p>
   </div>
   <div class='ocr_carea' id='block_1_54' title="bbox 1172 5623 1599 5687">
    <p class='ocr_par' dir='ltr' id='par_1_54' title="bbox 1172 5623 1599 5687">
     <span class='ocr_line' id='line_1_55' title="bbox 1172 5623 1599 5687; baseline -0.009 -5"><span class='ocrx_word' id='word_1_327' title='bbox 1172 5623 1214 5658; x_wconf 77' lang='grc'>⁸⁸</span> <span class='ocrx_word' id='word_1_328' title='bbox 1238 5623 1374 5681; x_wconf 85' lang='lat' dir='ltr'><strong>Gen.</strong></span> <span class='ocrx_word' id='word_1_329' title='bbox 1405 5637 1498 5687; x_wconf 79' lang='lat' dir='ltr'><strong>xu,</strong></span> <span class='ocrx_word' id='word_1_330' title='bbox 1536 5623 1599 5678; x_wconf 78' lang='grc'><strong>1.·</strong></span> 
     </span>
    </p>
   </div>
   <div class='ocr_carea' id='block_1_55' title="bbox 93 5670 463 5757">
    <p class='ocr_par' dir='ltr' id='par_1_55' title="bbox 93 5670 463 5757">
     <span class='ocr_line' id='line_1_56' title="bbox 93 5670 463 5757; baseline 0.054 -27"><span class='ocrx_word' id='word_1_331' title='bbox 93 5670 239 5736; x_wconf 71' lang='lat' dir='ltr'><strong>Matth.</strong></span> <span class='ocrx_word' id='word_1_332' title='bbox 267 5670 362 5757; x_wconf 60' lang='lat' dir='ltr'><strong>xii,</strong></span> 
     </span>
    </p>
   </div>
   <div class='ocr_carea' id='block_1_56' title="bbox 143 5829 1053 5921">
    <p class='ocr_par' dir='ltr' id='par_1_56' title="bbox 143 5829 1053 5921">
     <span class='ocr_line' id='line_1_57' title="bbox 143 5829 1053 5921; baseline 0.018 -33"><span class='ocrx_word' id='word_1_333' title='bbox 143 5829 245 5891; x_wconf 85' lang='lat' dir='ltr'><strong>‘lta</strong></span> <span class='ocrx_word' id='word_1_334' title='bbox 264 5843 412 5902; x_wconf 85' lang='lat' dir='ltr'><strong>etiam</strong></span> <span class='ocrx_word' id='word_1_335' title='bbox 443 5847 560 5921; x_wconf 68' lang='lat' dir='ltr'><strong>va.</strong></span> <span class='ocrx_word' id='word_1_336' title='bbox 589 5851 722 5921; x_wconf 78' lang='lat' dir='ltr'><strong>Reg.</strong></span> <span class='ocrx_word' id='word_1_337' title='bbox 759 5847 1053 5905; x_wconf 81' lang='grc' dir='ltr'>συνεπιτιθ.</span> 
     </span>
    </p>
   </div>
   <div class='ocr_carea' id='block_1_57' title="bbox 1599 3203 1645 3268">
    <p class='ocr_par' dir='ltr' id='par_1_57' title="bbox 1599 3203 1645 3268">
     <span class='ocr_line' id='line_1_58' title="bbox 1599 3203 1645 3268; baseline 0 0"><span class='ocrx_word' id='word_1_338' title='bbox 1599 3203 1645 3268; x_wconf 88' lang='lat' dir='ltr'><strong><em>C</em></strong></span> 
     </span>
    </p>
   </div>
   <div class='ocr_carea' id='block_1_58' title="bbox 1680 615 3264 697">
    <p class='ocr_par' dir='ltr' id='par_1_58' title="bbox 1680 615 3264 697">
     <span class='ocr_line' id='line_1_59' title="bbox 1680 615 3264 697; baseline 0.011 -31"><span class='ocrx_word' id='word_1_339' title='bbox 1680 615 2008 684; x_wconf 76' lang='lat' dir='ltr'><strong>naturalem)</strong></span> <span class='ocrx_word' id='word_1_340' title='bbox 2038 624 2094 670; x_wconf 89' lang='lat' dir='ltr'><strong>et</strong></span> <span class='ocrx_word' id='word_1_341' title='bbox 2121 615 2525 673; x_wconf 85' lang='lat' dir='ltr'><strong>adolescentem</strong></span> <span class='ocrx_word' id='word_1_342' title='bbox 2561 619 2848 692; x_wconf 88' lang='lat' dir='ltr'><strong>(nimirum</strong></span> <span class='ocrx_word' id='word_1_343' title='bbox 2878 623 3054 696; x_wconf 83' lang='lat' dir='ltr'><strong>legem</strong></span> <span class='ocrx_word' id='word_1_344' title='bbox 3100 627 3264 697; x_wconf 85' lang='lat' dir='ltr'><strong>spiri-</strong></span> 
     </span>
    </p>
   </div>
   <div class='ocr_carea' id='block_1_59' title="bbox 1681 707 3261 783">
    <p class='ocr_par' dir='ltr' id='par_1_59' title="bbox 1681 707 3261 783">
     <span class='ocr_line' id='line_1_60' title="bbox 1681 707 3261 783; baseline 0.009 -23"><span class='ocrx_word' id='word_1_345' title='bbox 1681 707 1868 777; x_wconf 85' lang='lat' dir='ltr'><strong>talem)</strong></span> <span class='ocrx_word' id='word_1_346' title='bbox 1899 708 2132 778; x_wconf 86' lang='lat' dir='ltr'><strong>tulitque</strong></span> <span class='ocrx_word' id='word_1_347' title='bbox 2159 724 2226 764; x_wconf 84' lang='lat' dir='ltr'><strong>ex</strong></span> <span class='ocrx_word' id='word_1_348' title='bbox 2255 709 2365 766; x_wconf 88' lang='lat' dir='ltr'><strong>illis</strong></span> <span class='ocrx_word' id='word_1_349' title='bbox 2398 710 2838 783; x_wconf 81' lang='lat' dir='ltr'><strong>intelligentiam,</strong></span> <span class='ocrx_word' id='word_1_350' title='bbox 2888 725 2951 771; x_wconf 88' lang='lat' dir='ltr'><strong>ut</strong></span> <span class='ocrx_word' id='word_1_351' title='bbox 2991 717 3068 772; x_wconf 90' lang='lat' dir='ltr'><strong>illi</strong></span> <span class='ocrx_word' id='word_1_352' title='bbox 3105 735 3261 774; x_wconf 89' lang='lat' dir='ltr'><strong>com-</strong></span> 
     </span>
    </p>
   </div>
   <div class='ocr_carea' id='block_1_60' title="bbox 1679 797 3264 875">
    <p class='ocr_par' dir='ltr' id='par_1_60' title="bbox 1679 797 3264 875">
     <span class='ocr_line' id='line_1_61' title="bbox 1679 797 3264 875; baseline 0.009 -24"><span class='ocrx_word' id='word_1_353' title='bbox 1679 797 1876 854; x_wconf 89' lang='lat' dir='ltr'><strong>mistus</strong></span> <span class='ocrx_word' id='word_1_354' title='bbox 1912 799 2131 854; x_wconf 67' lang='lat' dir='ltr'><strong>malitiae</strong></span> <span class='ocrx_word' id='word_1_355' title='bbox 2175 811 2352 866; x_wconf 91' lang='lat' dir='ltr'><strong>sator,</strong></span> <span class='ocrx_word' id='word_1_356' title='bbox 2399 805 2609 872; x_wconf 85' lang='lat' dir='ltr'><strong>peccati</strong></span> <span class='ocrx_word' id='word_1_357' title='bbox 2645 816 2867 875; x_wconf 89' lang='lat' dir='ltr'><strong>partum</strong></span> <span class='ocrx_word' id='word_1_358' title='bbox 2922 808 3129 864; x_wconf 84' lang='lat' dir='ltr'><strong>eliciat.</strong></span> <span class='ocrx_word' id='word_1_359' title='bbox 3185 810 3264 866; x_wconf 84' lang='lat' dir='ltr'><strong>De</strong></span> 
     </span>
    </p>
   </div>
   <div class='ocr_carea' id='block_1_61' title="bbox 1679 891 3264 970">
    <p class='ocr_par' dir='ltr' id='par_1_61' title="bbox 1679 891 3264 970">
     <span class='ocr_line' id='line_1_62' title="bbox 1679 891 3264 970; baseline 0.008 -25"><span class='ocrx_word' id='word_1_360' title='bbox 1679 891 1787 946; x_wconf 84' lang='lat' dir='ltr'><strong>hoc</strong></span> <span class='ocrx_word' id='word_1_361' title='bbox 1836 891 2005 962; x_wconf 82' lang='lat' dir='ltr'><strong>igitur</strong></span> <span class='ocrx_word' id='word_1_362' title='bbox 2056 892 2331 948; x_wconf 86' lang='lat' dir='ltr'><strong>Lamecho</strong></span> <span class='ocrx_word' id='word_1_363' title='bbox 2361 895 2602 950; x_wconf 88' lang='lat' dir='ltr'><strong>sumitur</strong></span> <span class='ocrx_word' id='word_1_364' title='bbox 2638 899 2776 953; x_wconf 90' lang='lat' dir='ltr'><strong>ultio</strong></span> <span class='ocrx_word' id='word_1_365' title='bbox 2823 900 3138 970; x_wconf 76' lang='lat' dir='ltr'><strong>scptuagies</strong></span> <span class='ocrx_word' id='word_1_366' title='bbox 3173 917 3264 956; x_wconf 84' lang='lat' dir='ltr'><strong>se-</strong></span> 
     </span>
    </p>
   </div>
   <div class='ocr_carea' id='block_1_62' title="bbox 1678 980 3264 1061">
    <p class='ocr_par' dir='ltr' id='par_1_62' title="bbox 1678 980 3264 1061">
     <span class='ocr_line' id='line_1_63' title="bbox 1678 980 3264 1061; baseline 0.007 -27"><span class='ocrx_word' id='word_1_367' title='bbox 1678 980 1851 1050; x_wconf 87' lang='lat' dir='ltr'><strong>pties;</strong></span> <span class='ocrx_word' id='word_1_368' title='bbox 1889 981 1994 1037; x_wconf 87' lang='lat' dir='ltr'><strong>hoc</strong></span> <span class='ocrx_word' id='word_1_369' title='bbox 2023 990 2129 1046; x_wconf 90' lang='lat' dir='ltr'><strong>est,</strong></span> <span class='ocrx_word' id='word_1_370' title='bbox 2158 998 2352 1053; x_wconf 77' lang='lat' dir='ltr'><strong>pmnas</strong></span> <span class='ocrx_word' id='word_1_371' title='bbox 2379 984 2480 1041; x_wconf 90' lang='lat' dir='ltr'><strong>luit</strong></span> <span class='ocrx_word' id='word_1_372' title='bbox 2519 996 2633 1040; x_wconf 87' lang='lat' dir='ltr'><strong>tum</strong></span> <span class='ocrx_word' id='word_1_373' title='bbox 2673 989 2884 1043; x_wconf 87' lang='lat' dir='ltr'><strong>ratione</strong></span> <span class='ocrx_word' id='word_1_374' title='bbox 2913 998 3071 1043; x_wconf 91' lang='lat' dir='ltr'><strong>actus</strong></span> <span class='ocrx_word' id='word_1_375' title='bbox 3097 998 3264 1061; x_wconf 84' lang='lat' dir='ltr'><strong>atque</strong></span> 
     </span>
    </p>
   </div>
   <div class='ocr_carea' id='block_1_63' title="bbox 1677 1071 3329 1173">
    <p class='ocr_par' dir='ltr' id='par_1_63' title="bbox 1677 1071 3329 1173">
     <span class='ocr_line' id='line_1_64' title="bbox 1677 1071 3329 1173; baseline 0.005 -49"><span class='ocrx_word' id='word_1_376' title='bbox 1677 1071 1880 1140; x_wconf 90' lang='lat' dir='ltr'><strong>operis.</strong></span> <span class='ocrx_word' id='word_1_377' title='bbox 1914 1072 2068 1128; x_wconf 89' lang='lat' dir='ltr'><strong>Unde</strong></span> <span class='ocrx_word' id='word_1_378' title='bbox 2101 1083 2158 1129; x_wconf 90' lang='lat' dir='ltr'><strong>et</strong></span> <span class='ocrx_word' id='word_1_379' title='bbox 2181 1075 2468 1139; x_wconf 91' lang='lat' dir='ltr'><strong>Dominus,</strong></span> <span class='ocrx_word' id='word_1_380' title='bbox 2496 1075 2714 1134; x_wconf 86' lang='lat' dir='ltr'><strong>dicente</strong></span> <span class='ocrx_word' id='word_1_381' title='bbox 2740 1077 2904 1132; x_wconf 86' lang='lat' dir='ltr'><strong>Petro</strong></span> <span class='ocrx_word' id='word_1_382' title='bbox 2933 1097 2946 1132; x_wconf 90' lang='lat'><strong>:</strong></span> <span class='ocrx_word' id='word_1_383' title='bbox 2980 1077 3038 1133; x_wconf 91' lang='lat' dir='ltr'><strong>Si</strong></span> <span class='ocrx_word' id='word_1_384' title='bbox 3071 1097 3260 1150; x_wconf 83' lang='lat' dir='ltr'><strong>pecca-</strong></span> <span class='ocrx_word' id='word_1_385' title='bbox 3288 1074 3329 1173; x_wconf 46' lang='grc' dir='ltr'><strong>μ’</strong></span> 
     </span>
    </p>
   </div>
   <div class='ocr_carea' id='block_1_64' title="bbox 1677 1164 3266 1241">
    <p class='ocr_par' dir='ltr' id='par_1_64' title="bbox 1677 1164 3266 1241">
     <span class='ocr_line' id='line_1_65' title="bbox 1677 1164 3266 1241; baseline 0.006 -26"><span class='ocrx_word' id='word_1_386' title='bbox 1677 1164 1808 1216; x_wconf 80' lang='lat' dir='ltr'><strong>verit</strong></span> <span class='ocrx_word' id='word_1_387' title='bbox 1834 1164 1889 1216; x_wconf 89' lang='lat' dir='ltr'><strong>in</strong></span> <span class='ocrx_word' id='word_1_388' title='bbox 1927 1181 2010 1217; x_wconf 89' lang='lat' dir='ltr'><strong>me</strong></span> <span class='ocrx_word' id='word_1_389' title='bbox 2031 1164 2201 1234; x_wconf 78' lang='lat' dir='ltr'><strong>frater</strong></span> <span class='ocrx_word' id='word_1_390' title='bbox 2242 1183 2406 1229; x_wconf 80' lang='lat' dir='ltr'><strong>meus,</strong></span> <span class='ocrx_word' id='word_1_391' title='bbox 2436 1169 2635 1238; x_wconf 81' lang='lat' dir='ltr'><strong>quoties</strong></span> <span class='ocrx_word' id='word_1_392' title='bbox 2675 1169 2942 1223; x_wconf 79' lang='lat' dir='ltr'><strong>dimittam</strong></span> <span class='ocrx_word' id='word_1_393' title='bbox 2980 1172 3027 1224; x_wconf 83' lang='lat' dir='ltr'><strong>ei</strong></span> <span class='ocrx_word' id='word_1_394' title='bbox 3051 1172 3076 1224; x_wconf 69' lang='grc' dir='ltr'><strong><em>Ρ</em></strong></span> <span class='ocrx_word' id='word_1_395' title='bbox 3099 1187 3266 1241; x_wconf 78' lang='lat' dir='ltr'><strong>usque</strong></span> 
     </span>
    </p>
   </div>
   <div class='ocr_carea' id='block_1_65' title="bbox 1676 1245 3292 1333">
    <p class='ocr_par' dir='ltr' id='par_1_65' title="bbox 1676 1245 3292 1333">
     <span class='ocr_line' id='line_1_66' title="bbox 1676 1245 3292 1333; baseline 0.006 -27"><span class='ocrx_word' id='word_1_396' title='bbox 1676 1255 1867 1322; x_wconf 74' lang='lat' dir='ltr'><strong>septies</strong></span> <span class='ocrx_word' id='word_1_397' title='bbox 1894 1255 1972 1308; x_wconf 72' lang='grc' dir='ltr'><strong>¹⁶ἳ</strong></span> <span class='ocrx_word' id='word_1_398' title='bbox 2001 1256 2308 1325; x_wconf 81' lang='lat' dir='ltr'><strong>Respondit</strong></span> <span class='ocrx_word' id='word_1_399' title='bbox 2351 1257 2428 1312; x_wconf 93' lang='lat' dir='ltr'><strong>illi</strong></span> <span class='ocrx_word' id='word_1_400' title='bbox 2467 1276 2480 1312; x_wconf 89' lang='lat'><strong>:</strong></span> <span class='ocrx_word' id='word_1_401' title='bbox 2506 1258 2625 1313; x_wconf 86' lang='lat' dir='ltr'><strong>Non</strong></span> <span class='ocrx_word' id='word_1_402' title='bbox 2649 1259 2820 1313; x_wconf 80' lang='lat' dir='ltr'><strong>solum</strong></span> <span class='ocrx_word' id='word_1_403' title='bbox 2860 1278 3025 1331; x_wconf 76' lang='lat' dir='ltr'><strong>usque</strong></span> <span class='ocrx_word' id='word_1_404' title='bbox 3049 1245 3292 1333; x_wconf 28' lang='lat' dir='ltr'><strong>septies;</strong></span> 
     </span>
    </p>
   </div>
   <div class='ocr_carea' id='block_1_66' title="bbox 1675 1346 3263 1425">
    <p class='ocr_par' dir='ltr' id='par_1_66' title="bbox 1675 1346 3263 1425">
     <span class='ocr_line' id='line_1_67' title="bbox 1675 1346 3263 1425; baseline 0.006 -27"><span class='ocrx_word' id='word_1_405' title='bbox 1675 1346 1767 1399; x_wconf 76' lang='lat' dir='ltr'><strong>sed</strong></span> <span class='ocrx_word' id='word_1_406' title='bbox 1791 1362 1957 1417; x_wconf 77' lang='lat' dir='ltr'><strong>usque</strong></span> <span class='ocrx_word' id='word_1_407' title='bbox 1979 1351 2276 1420; x_wconf 80' lang='lat' dir='ltr'><strong>septuagies</strong></span> <span class='ocrx_word' id='word_1_408' title='bbox 2311 1350 2471 1421; x_wconf 78' lang='lat'><strong>307</strong></span> <span class='ocrx_word' id='word_1_409' title='bbox 2503 1353 2692 1422; x_wconf 75' lang='lat' dir='ltr'><strong>septies</strong></span> <span class='ocrx_word' id='word_1_410' title='bbox 2712 1353 2773 1406; x_wconf 83' lang='lat'><strong>&quot;.</strong></span> <span class='ocrx_word' id='word_1_411' title='bbox 2801 1353 2917 1407; x_wconf 78' lang='lat' dir='ltr'><strong>Hoc</strong></span> <span class='ocrx_word' id='word_1_412' title='bbox 2948 1362 3052 1418; x_wconf 89' lang='lat' dir='ltr'><strong>est,</strong></span> <span class='ocrx_word' id='word_1_413' title='bbox 3079 1355 3130 1409; x_wconf 89' lang='lat' dir='ltr'><strong>ei</strong></span> <span class='ocrx_word' id='word_1_414' title='bbox 3167 1353 3263 1425; x_wconf 89' lang='lat' dir='ltr'><strong>qui</strong></span> 
     </span>
    </p>
   </div>
   <div class='ocr_carea' id='block_1_67' title="bbox 1677 1437 3266 1508">
    <p class='ocr_par' dir='ltr' id='par_1_67' title="bbox 1677 1437 3266 1508">
     <span class='ocr_line' id='line_1_68' title="bbox 1677 1437 3266 1508; baseline 0.005 -18"><span class='ocrx_word' id='word_1_415' title='bbox 1677 1437 2022 1505; x_wconf 67' lang='lat' dir='ltr'><strong>paenitudine</strong></span> <span class='ocrx_word' id='word_1_416' title='bbox 2051 1439 2250 1494; x_wconf 88' lang='lat' dir='ltr'><strong>ductus</strong></span> <span class='ocrx_word' id='word_1_417' title='bbox 2279 1441 2577 1497; x_wconf 68' lang='lat' dir='ltr'><strong>oliendisse</strong></span> <span class='ocrx_word' id='word_1_418' title='bbox 2613 1443 2782 1508; x_wconf 87' lang='lat' dir='ltr'><strong>dolet,</strong></span> <span class='ocrx_word' id='word_1_419' title='bbox 2812 1459 2922 1498; x_wconf 92' lang='lat' dir='ltr'><strong>non</strong></span> <span class='ocrx_word' id='word_1_420' title='bbox 2944 1446 3121 1498; x_wconf 90' lang='lat' dir='ltr'><strong>solum</strong></span> <span class='ocrx_word' id='word_1_421' title='bbox 3158 1445 3266 1498; x_wconf 89' lang='lat' dir='ltr'><strong>mi-</strong></span> 
     </span>
    </p>
   </div>
   <div class='ocr_carea' id='block_1_68' title="bbox 1677 1527 3265 1601">
    <p class='ocr_par' dir='ltr' id='par_1_68' title="bbox 1677 1527 3265 1601">
     <span class='ocr_line' id='line_1_69' title="bbox 1677 1527 3265 1601; baseline 0.005 -21"><span class='ocrx_word' id='word_1_422' title='bbox 1677 1541 1815 1580; x_wconf 89' lang='lat' dir='ltr'><strong>nora</strong></span> <span class='ocrx_word' id='word_1_423' title='bbox 1861 1527 2128 1593; x_wconf 89' lang='lat' dir='ltr'><strong>dimittes,</strong></span> <span class='ocrx_word' id='word_1_424' title='bbox 2175 1545 2298 1600; x_wconf 73' lang='lat' dir='ltr'><strong>qua:</strong></span> <span class='ocrx_word' id='word_1_425' title='bbox 2332 1546 2606 1588; x_wconf 85' lang='lat' dir='ltr'><strong>consensu</strong></span> <span class='ocrx_word' id='word_1_426' title='bbox 2655 1533 2834 1601; x_wconf 83' lang='lat' dir='ltr'><strong>ﬁunt,</strong></span> <span class='ocrx_word' id='word_1_427' title='bbox 2862 1551 3057 1590; x_wconf 83' lang='lat' dir='ltr'><strong>verum</strong></span> <span class='ocrx_word' id='word_1_428' title='bbox 3096 1535 3265 1591; x_wconf 90' lang='lat' dir='ltr'><strong>etiam</strong></span> 
     </span>
    </p>
   </div>
   <div class='ocr_carea' id='block_1_69' title="bbox 1679 1631 2159 1690">
    <p class='ocr_par' dir='ltr' id='par_1_69' title="bbox 1679 1631 2159 1690">
     <span class='ocr_line' id='line_1_70' title="bbox 1679 1631 2159 1690; baseline 0 -17"><span class='ocrx_word' id='word_1_429' title='bbox 1679 1631 1845 1688; x_wconf 82' lang='lat' dir='ltr'><strong>opera</strong></span> <span class='ocrx_word' id='word_1_430' title='bbox 1873 1631 2159 1690; x_wconf 88' lang='lat' dir='ltr'><strong>actusque.</strong></span> 
     </span>
    </p>
   </div>
   <div class='ocr_carea' id='block_1_70' title="bbox 2259 1733 2700 1790">
    <p class='ocr_par' dir='ltr' id='par_1_70' title="bbox 2259 1733 2700 1790">
     <span class='ocr_line' id='line_1_71' title="bbox 2259 1733 2700 1790; baseline 0.007 -3"><span class='ocrx_word' id='word_1_431' title='bbox 2259 1733 2540 1790; x_wconf 80' lang='lat' dir='ltr'><strong>INTERR.</strong></span> <span class='ocrx_word' id='word_1_432' title='bbox 2585 1735 2700 1790; x_wconf 80' lang='lat' dir='ltr'><strong>XX.</strong></span> 
     </span>
    </p>
   </div>
   <div class='ocr_carea' id='block_1_71' title="bbox 1755 1824 2643 1884">
    <p class='ocr_par' dir='ltr' id='par_1_71' title="bbox 1755 1824 2643 1884">
     <span class='ocr_line' id='line_1_72' title="bbox 1755 1824 2643 1884; baseline 0.005 -4"><span class='ocrx_word' id='word_1_433' title='bbox 1755 1825 1834 1880; x_wconf 88' lang='lat' dir='ltr'><strong>De</strong></span> <span class='ocrx_word' id='word_1_434' title='bbox 1866 1825 2083 1880; x_wconf 77' lang='lat' dir='ltr'><strong>diversis</strong></span> <span class='ocrx_word' id='word_1_435' title='bbox 2133 1824 2226 1881; x_wconf 87' lang='lat' dir='ltr'><strong>Dei</strong></span> <span class='ocrx_word' id='word_1_436' title='bbox 2260 1829 2643 1884; x_wconf 80' lang='lat' dir='ltr'><strong>voluntatibus~</strong></span> 
     </span>
    </p>
   </div>
   <div class='ocr_carea' id='block_1_72' title="bbox 2396 1938 2550 2010">
    <p class='ocr_par' dir='ltr' id='par_1_72' title="bbox 2396 1938 2550 2010">
     <span class='ocr_line' id='line_1_73' title="bbox 2396 1938 2550 2010; baseline 0.006 -19"><span class='ocrx_word' id='word_1_437' title='bbox 2396 1938 2550 2010; x_wconf 79' lang='lat' dir='ltr'><strong>Resp.</strong></span> 
     </span>
    </p>
   </div>
   <div class='ocr_carea' id='block_1_73' title="bbox 1751 2031 3264 2100">
    <p class='ocr_par' dir='ltr' id='par_1_73' title="bbox 1751 2031 3264 2100">
     <span class='ocr_line' id='line_1_74' title="bbox 1751 2031 3264 2100; baseline 0.004 -16"><span class='ocrx_word' id='word_1_438' title='bbox 1751 2031 2047 2100; x_wconf 89' lang='lat' dir='ltr'><strong>Triplicem</strong></span> <span class='ocrx_word' id='word_1_439' title='bbox 2100 2031 2196 2086; x_wconf 90' lang='lat' dir='ltr'><strong>Dei</strong></span> <span class='ocrx_word' id='word_1_440' title='bbox 2230 2031 2570 2086; x_wconf 80' lang='lat' dir='ltr'><strong>voluntatem</strong></span> <span class='ocrx_word' id='word_1_441' title='bbox 2617 2032 2997 2089; x_wconf 84' lang='lat' dir='ltr'><strong>existimemus</strong></span> <span class='ocrx_word' id='word_1_442' title='bbox 3037 2049 3264 2090; x_wconf 87' lang='lat' dir='ltr'><strong>necesse</strong></span> 
     </span>
    </p>
   </div>
   <div class='ocr_carea' id='block_1_74' title="bbox 1678 2123 3265 2194">
    <p class='ocr_par' dir='ltr' id='par_1_74' title="bbox 1678 2123 3265 2194">
     <span class='ocr_line' id='line_1_75' title="bbox 1678 2123 3265 2194; baseline 0.001 -18"><span class='ocrx_word' id='word_1_443' title='bbox 1678 2130 1794 2186; x_wconf 88' lang='lat' dir='ltr'><strong>est;</strong></span> <span class='ocrx_word' id='word_1_444' title='bbox 1845 2137 2132 2192; x_wconf 70' lang='lat' dir='ltr'><strong>propensa:</strong></span> <span class='ocrx_word' id='word_1_445' title='bbox 2166 2123 2466 2177; x_wconf 84' lang='lat' dir='ltr'><strong>voluntatis</strong></span> <span class='ocrx_word' id='word_1_446' title='bbox 2493 2137 2590 2176; x_wconf 90' lang='lat' dir='ltr'><strong>seu</strong></span> <span class='ocrx_word' id='word_1_447' title='bbox 2634 2123 2989 2192; x_wconf 79' lang='lat' dir='ltr'><strong>beneplaciti,</strong></span> <span class='ocrx_word' id='word_1_448' title='bbox 3036 2123 3265 2194; x_wconf 87' lang='lat' dir='ltr'><strong>dispen-</strong></span> 
     </span>
    </p>
   </div>
   <div class='ocr_carea' id='block_1_75' title="bbox 1679 2214 3266 2284">
    <p class='ocr_par' dir='ltr' id='par_1_75' title="bbox 1679 2214 3266 2284">
     <span class='ocr_line' id='line_1_76' title="bbox 1679 2214 3266 2284; baseline 0.002 -17"><span class='ocrx_word' id='word_1_449' title='bbox 1679 2214 1907 2268; x_wconf 88' lang='lat' dir='ltr'><strong>sationis</strong></span> <span class='ocrx_word' id='word_1_450' title='bbox 1932 2229 1996 2268; x_wconf 90' lang='lat' dir='ltr'><strong>ac</strong></span> <span class='ocrx_word' id='word_1_451' title='bbox 2024 2214 2422 2284; x_wconf 90' lang='lat' dir='ltr'><strong>permissionis.</strong></span> <span class='ocrx_word' id='word_1_452' title='bbox 2462 2214 2758 2284; x_wconf 78' lang='lat' dir='ltr'><strong>Propensa:</strong></span> <span class='ocrx_word' id='word_1_453' title='bbox 2797 2215 3119 2278; x_wconf 83' lang='lat' dir='ltr'><strong>voluntatis,</strong></span> <span class='ocrx_word' id='word_1_454' title='bbox 3167 2231 3266 2270; x_wconf 86' lang='lat' dir='ltr'><strong>seu</strong></span> 
     </span>
    </p>
   </div>
   <div class='ocr_carea' id='block_1_76' title="bbox 1678 2304 3267 2377">
    <p class='ocr_par' dir='ltr' id='par_1_76' title="bbox 1678 2304 3267 2377">
     <span class='ocr_line' id='line_1_77' title="bbox 1678 2304 3267 2377; baseline 0.003 -19"><span class='ocrx_word' id='word_1_455' title='bbox 1678 2304 2007 2374; x_wconf 88' lang='lat' dir='ltr'><strong>beneplaciti</strong></span> <span class='ocrx_word' id='word_1_456' title='bbox 2059 2307 2421 2372; x_wconf 87' lang='lat' dir='ltr'><strong>voluntatem,</strong></span> <span class='ocrx_word' id='word_1_457' title='bbox 2466 2307 2770 2371; x_wconf 86' lang='lat' dir='ltr'><strong>declarant,</strong></span> <span class='ocrx_word' id='word_1_458' title='bbox 2822 2322 2944 2377; x_wconf 72' lang='lat' dir='ltr'><strong>qute</strong></span> <span class='ocrx_word' id='word_1_459' title='bbox 2984 2307 3038 2362; x_wconf 90' lang='lat' dir='ltr'><strong>in</strong></span> <span class='ocrx_word' id='word_1_460' title='bbox 3089 2308 3267 2363; x_wconf 83' lang='lat' dir='ltr'><strong>Abra-</strong></span> 
     </span>
    </p>
   </div>
   <div class='ocr_carea' id='block_1_77' title="bbox 1679 2396 3269 2468">
    <p class='ocr_par' dir='ltr' id='par_1_77' title="bbox 1679 2396 3269 2468">
     <span class='ocr_line' id='line_1_78' title="bbox 1679 2396 3269 2468; baseline 0.003 -18"><span class='ocrx_word' id='word_1_461' title='bbox 1679 2396 1843 2452; x_wconf 84' lang='lat' dir='ltr'><strong>hamo</strong></span> <span class='ocrx_word' id='word_1_462' title='bbox 1876 2407 2027 2468; x_wconf 84' lang='lat' dir='ltr'><strong>gesta</strong></span> <span class='ocrx_word' id='word_1_463' title='bbox 2061 2407 2210 2463; x_wconf 89' lang='lat' dir='ltr'><strong>sunt,</strong></span> <span class='ocrx_word' id='word_1_464' title='bbox 2241 2398 2461 2454; x_wconf 89' lang='lat' dir='ltr'><strong>dicente</strong></span> <span class='ocrx_word' id='word_1_465' title='bbox 2489 2399 2556 2453; x_wconf 91' lang='lat' dir='ltr'><strong>ad</strong></span> <span class='ocrx_word' id='word_1_466' title='bbox 2590 2414 2718 2453; x_wconf 90' lang='lat' dir='ltr'><strong>cum</strong></span> <span class='ocrx_word' id='word_1_467' title='bbox 2752 2398 2886 2464; x_wconf 90' lang='lat' dir='ltr'><strong>Deo,</strong></span> <span class='ocrx_word' id='word_1_468' title='bbox 2916 2399 3182 2468; x_wconf 82' lang='lat' dir='ltr'><strong>Egredere</strong></span> <span class='ocrx_word' id='word_1_469' title='bbox 3203 2400 3269 2454; x_wconf 85' lang='lat' dir='ltr'><strong>de</strong></span> 
     </span>
    </p>
   </div>
   <div class='ocr_carea' id='block_1_78' title="bbox 1680 2488 3267 2560">
    <p class='ocr_par' dir='ltr' id='par_1_78' title="bbox 1680 2488 3267 2560">
     <span class='ocr_line' id='line_1_79' title="bbox 1680 2488 3267 2560; baseline 0.005 -22"><span class='ocrx_word' id='word_1_470' title='bbox 1680 2495 1822 2542; x_wconf 86' lang='lat' dir='ltr'><strong>terra</strong></span> <span class='ocrx_word' id='word_1_471' title='bbox 1854 2499 1945 2542; x_wconf 90' lang='lat' dir='ltr'><strong>tua</strong></span> <span class='ocrx_word' id='word_1_472' title='bbox 1965 2488 2026 2541; x_wconf 77' lang='lat'><strong>&#39;°.</strong></span> <span class='ocrx_word' id='word_1_473' title='bbox 2063 2488 2526 2558; x_wconf 88' lang='lat' dir='ltr'><strong>Dispensationis,</strong></span> <span class='ocrx_word' id='word_1_474' title='bbox 2557 2506 2679 2560; x_wconf 82' lang='lat' dir='ltr'><strong>quae</strong></span> <span class='ocrx_word' id='word_1_475' title='bbox 2712 2501 2862 2545; x_wconf 88' lang='lat' dir='ltr'><strong>certa</strong></span> <span class='ocrx_word' id='word_1_476' title='bbox 2909 2490 3126 2545; x_wconf 87' lang='lat' dir='ltr'><strong>consilii</strong></span> <span class='ocrx_word' id='word_1_477' title='bbox 3173 2507 3267 2546; x_wconf 84' lang='lat' dir='ltr'><strong>ra-</strong></span> 
     </span>
    </p>
   </div>
   <div class='ocr_carea' id='block_1_79' title="bbox 1678 2579 3266 2651">
    <p class='ocr_par' dir='ltr' id='par_1_79' title="bbox 1678 2579 3266 2651">
     <span class='ocr_line' id='line_1_80' title="bbox 1678 2579 3266 2651; baseline 0.004 -19"><span class='ocrx_word' id='word_1_478' title='bbox 1678 2579 1829 2634; x_wconf 86' lang='lat' dir='ltr'><strong>tione</strong></span> <span class='ocrx_word' id='word_1_479' title='bbox 1859 2579 1913 2634; x_wconf 90' lang='lat' dir='ltr'><strong>in</strong></span> <span class='ocrx_word' id='word_1_480' title='bbox 1940 2579 2180 2648; x_wconf 82' lang='lat' dir='ltr'><strong>Josepho</strong></span> <span class='ocrx_word' id='word_1_481' title='bbox 2209 2581 2580 2651; x_wconf 82' lang='lat' dir='ltr'><strong>contigerunt,</strong></span> <span class='ocrx_word' id='word_1_482' title='bbox 2609 2581 2676 2636; x_wconf 89' lang='lat' dir='ltr'><strong>ad</strong></span> <span class='ocrx_word' id='word_1_483' title='bbox 2711 2582 3152 2651; x_wconf 63' lang='lat' dir='ltr'><strong>praestruendum</strong></span> <span class='ocrx_word' id='word_1_484' title='bbox 3176 2599 3266 2638; x_wconf 86' lang='lat' dir='ltr'><strong>re-</strong></span> 
     </span>
    </p>
   </div>
   <div class='ocr_carea' id='block_1_80' title="bbox 1677 2672 3267 2746">
    <p class='ocr_par' dir='ltr' id='par_1_80' title="bbox 1677 2672 3267 2746">
     <span class='ocr_line' id='line_1_81' title="bbox 1677 2672 3267 2746; baseline 0.003 -20"><span class='ocrx_word' id='word_1_485' title='bbox 1677 2688 1800 2726; x_wconf 86' lang='lat' dir='ltr'><strong>rum</strong></span> <span class='ocrx_word' id='word_1_486' title='bbox 1863 2672 2173 2727; x_wconf 83' lang='lat' dir='ltr'><strong>futurarum</strong></span> <span class='ocrx_word' id='word_1_487' title='bbox 2224 2683 2517 2739; x_wconf 85' lang='lat' dir='ltr'><strong>eventum;</strong></span> <span class='ocrx_word' id='word_1_488' title='bbox 2576 2675 2958 2744; x_wconf 86' lang='lat' dir='ltr'><strong>permissionis</strong></span> <span class='ocrx_word' id='word_1_489' title='bbox 3005 2674 3267 2746; x_wconf 86' lang='lat' dir='ltr'><strong>denique,</strong></span> 
     </span>
    </p>
   </div>
   <div class='ocr_carea' id='block_1_81' title="bbox 1676 2764 2419 2834">
    <p class='ocr_par' dir='ltr' id='par_1_81' title="bbox 1676 2764 2419 2834">
     <span class='ocr_line' id='line_1_82' title="bbox 1676 2764 2419 2834; baseline 0 -16"><span class='ocrx_word' id='word_1_490' title='bbox 1676 2779 1800 2834; x_wconf 63' lang='lat' dir='ltr'><strong>quae</strong></span> <span class='ocrx_word' id='word_1_491' title='bbox 1833 2764 1889 2818; x_wconf 89' lang='lat' dir='ltr'><strong>in</strong></span> <span class='ocrx_word' id='word_1_492' title='bbox 1921 2764 2062 2820; x_wconf 84' lang='lat' dir='ltr'><strong>Jobo</strong></span> <span class='ocrx_word' id='word_1_493' title='bbox 2092 2775 2419 2820; x_wconf 87' lang='lat' dir='ltr'><strong>evenerunt.</strong></span> 
     </span>
    </p>
   </div>
   <div class='ocr_carea' id='block_1_82' title="bbox 2072 2876 2703 2958">
    <p class='ocr_par' dir='ltr' id='par_1_82' title="bbox 2072 2876 2703 2958">
     <span class='ocr_line' id='line_1_83' title="bbox 2072 2876 2703 2958; baseline 0.003 -28"><span class='ocrx_word' id='word_1_494' title='bbox 2072 2949 2081 2958; x_wconf 21' lang='lat' dir='ltr'><strong>O</strong></span> <span class='ocrx_word' id='word_1_495' title='bbox 2233 2876 2517 2932; x_wconf 82' lang='lat' dir='ltr'><strong>INTERR.</strong></span> <span class='ocrx_word' id='word_1_496' title='bbox 2559 2877 2703 2932; x_wconf 77' lang='lat' dir='ltr'><strong>xxr.</strong></span> 
     </span>
    </p>
   </div>
   <div class='ocr_carea' id='block_1_83' title="bbox 1747 2967 3266 3043">
    <p class='ocr_par' dir='ltr' id='par_1_83' title="bbox 1747 2967 3266 3043">
     <span class='ocr_line' id='line_1_84' title="bbox 1747 2967 3266 3043; baseline 0.004 -21"><span class='ocrx_word' id='word_1_497' title='bbox 1747 2967 1886 3035; x_wconf 81' lang='lat' dir='ltr'><strong>Quid</strong></span> <span class='ocrx_word' id='word_1_498' title='bbox 1913 2968 2012 3022; x_wconf 83' lang='lat' dir='ltr'><strong>sibi</strong></span> <span class='ocrx_word' id='word_1_499' title='bbox 2039 2968 2150 3022; x_wconf 82' lang='lat' dir='ltr'><strong>vult</strong></span> <span class='ocrx_word' id='word_1_500' title='bbox 2173 2967 2511 3024; x_wconf 71' lang='lat' dir='ltr'><strong>Ptalmorum</strong></span> <span class='ocrx_word' id='word_1_501' title='bbox 2541 2970 2864 3035; x_wconf 82' lang='lat' dir='ltr'><strong>modulator,</strong></span> <span class='ocrx_word' id='word_1_502' title='bbox 2888 2971 3011 3026; x_wconf 86' lang='lat' dir='ltr'><strong>dum</strong></span> <span class='ocrx_word' id='word_1_503' title='bbox 3051 2971 3266 3043; x_wconf 74' lang='lat' dir='ltr'><strong>loquens</strong></span> 
     </span>
    </p>
   </div>
   <div class='ocr_carea' id='block_1_84' title="bbox 1673 3059 3156 3134">
    <p class='ocr_par' dir='ltr' id='par_1_84' title="bbox 1673 3059 3156 3134">
     <span class='ocr_line' id='line_1_85' title="bbox 1673 3059 3156 3134; baseline 0.001 -19"><span class='ocrx_word' id='word_1_504' title='bbox 1673 3062 1737 3115; x_wconf 88' lang='lat' dir='ltr'><strong>de</strong></span> <span class='ocrx_word' id='word_1_505' title='bbox 1767 3062 1993 3116; x_wconf 85' lang='lat' dir='ltr'><strong>inimicis</strong></span> <span class='ocrx_word' id='word_1_506' title='bbox 2018 3061 2044 3113; x_wconf 84' lang='lat'><strong><em>?</em></strong></span> <span class='ocrx_word' id='word_1_507' title='bbox 2067 3062 2146 3116; x_wconf 90' lang='lat' dir='ltr'><strong>ait</strong></span> <span class='ocrx_word' id='word_1_508' title='bbox 2173 3077 2192 3114; x_wconf 89' lang='lat'><strong><em>:</em></strong></span> <span class='ocrx_word' id='word_1_509' title='bbox 2230 3081 2248 3112; x_wconf 78' lang='grc' dir='ltr'><strong>ι</strong></span> <span class='ocrx_word' id='word_1_510' title='bbox 2283 3059 2384 3126; x_wconf 84' lang='lat' dir='ltr'><strong>Qui</strong></span> <span class='ocrx_word' id='word_1_511' title='bbox 2416 3064 2470 3115; x_wconf 88' lang='lat' dir='ltr'><strong>in</strong></span> <span class='ocrx_word' id='word_1_512' title='bbox 2501 3064 2720 3117; x_wconf 83' lang='lat' dir='ltr'><strong>circuitu</strong></span> <span class='ocrx_word' id='word_1_513' title='bbox 2753 3065 3009 3134; x_wconf 84' lang='lat' dir='ltr'><strong>ingruunt</strong></span> <span class='ocrx_word' id='word_1_514' title='bbox 3027 3064 3094 3118; x_wconf 78' lang='grc'><strong>³⁸.</strong></span> <span class='ocrx_word' id='word_1_515' title='bbox 3135 3082 3156 3116; x_wconf 76' lang='grc' dir='ltr'><strong>ι</strong></span> 
     </span>
    </p>
   </div>
   <div class='ocr_carea' id='block_1_85' title="bbox 2386 3176 2541 3247">
    <p class='ocr_par' dir='ltr' id='par_1_85' title="bbox 2386 3176 2541 3247">
     <span class='ocr_line' id='line_1_86' title="bbox 2386 3176 2541 3247; baseline 0.006 -16"><span class='ocrx_word' id='word_1_516' title='bbox 2386 3176 2541 3247; x_wconf 78' lang='lat' dir='ltr'><strong>Resp.</strong></span> 
     </span>
    </p>
   </div>
   <div class='ocr_carea' id='block_1_86' title="bbox 1752 3263 3269 3338">
    <p class='ocr_par' dir='ltr' id='par_1_86' title="bbox 1752 3263 3269 3338">
     <span class='ocr_line' id='line_1_87' title="bbox 1752 3263 3269 3338; baseline 0.003 -18"><span class='ocrx_word' id='word_1_517' title='bbox 1752 3264 1813 3320; x_wconf 89' lang='lat' dir='ltr'><strong>In</strong></span> <span class='ocrx_word' id='word_1_518' title='bbox 1841 3263 2100 3331; x_wconf 91' lang='lat' dir='ltr'><strong>circuitu,</strong></span> <span class='ocrx_word' id='word_1_519' title='bbox 2129 3277 2256 3321; x_wconf 90' lang='lat' dir='ltr'><strong>ante</strong></span> <span class='ocrx_word' id='word_1_520' title='bbox 2283 3277 2370 3321; x_wconf 88' lang='lat' dir='ltr'><strong>est</strong></span> <span class='ocrx_word' id='word_1_521' title='bbox 2410 3275 2466 3322; x_wconf 88' lang='lat' dir='ltr'><strong>et</strong></span> <span class='ocrx_word' id='word_1_522' title='bbox 2497 3276 2665 3331; x_wconf 77' lang='lat' dir='ltr'><strong>retro,</strong></span> <span class='ocrx_word' id='word_1_523' title='bbox 2698 3283 2727 3321; x_wconf 93' lang='lat' dir='ltr'><strong>a</strong></span> <span class='ocrx_word' id='word_1_524' title='bbox 2773 3266 3092 3338; x_wconf 79' lang='lat' dir='ltr'><strong>dextrisque</strong></span> <span class='ocrx_word' id='word_1_525' title='bbox 3139 3279 3195 3324; x_wconf 89' lang='lat' dir='ltr'><strong>et</strong></span> <span class='ocrx_word' id='word_1_526' title='bbox 3237 3286 3269 3324; x_wconf 89' lang='lat' dir='ltr'><strong>a</strong></span> 
     </span>
    </p>
   </div>
   <div class='ocr_carea' id='block_1_87' title="bbox 1681 3357 3268 3432">
    <p class='ocr_par' dir='ltr' id='par_1_87' title="bbox 1681 3357 3268 3432">
     <span class='ocr_line' id='line_1_88' title="bbox 1681 3357 3268 3432; baseline 0.003 -21"><span class='ocrx_word' id='word_1_527' title='bbox 1681 3357 1940 3424; x_wconf 79' lang='lat' dir='ltr'><strong>sinistris.</strong></span> <span class='ocrx_word' id='word_1_528' title='bbox 1976 3359 2248 3429; x_wconf 80' lang='lat' dir='ltr'><strong>lngruunt</strong></span> <span class='ocrx_word' id='word_1_529' title='bbox 2275 3359 2446 3429; x_wconf 78' lang='lat' dir='ltr'><strong>igitur</strong></span> <span class='ocrx_word' id='word_1_530' title='bbox 2471 3359 2632 3414; x_wconf 87' lang='lat' dir='ltr'><strong>nobis</strong></span> <span class='ocrx_word' id='word_1_531' title='bbox 2657 3359 2954 3423; x_wconf 63' lang='lat' dir='ltr'><strong>daemones,</strong></span> <span class='ocrx_word' id='word_1_532' title='bbox 2979 3370 3106 3416; x_wconf 84' lang='lat' dir='ltr'><strong>ante</strong></span> <span class='ocrx_word' id='word_1_533' title='bbox 3140 3361 3268 3432; x_wconf 90' lang='lat' dir='ltr'><strong>qui-</strong></span> 
     </span>
    </p>
   </div>
   <div class='ocr_carea' id='block_1_88' title="bbox 1681 3451 3268 3523">
    <p class='ocr_par' dir='ltr' id='par_1_88' title="bbox 1681 3451 3268 3523">
     <span class='ocr_line' id='line_1_89' title="bbox 1681 3451 3268 3523; baseline 0.002 -17"><span class='ocrx_word' id='word_1_534' title='bbox 1681 3451 1829 3516; x_wconf 84' lang='lat' dir='ltr'><strong>dem,</strong></span> <span class='ocrx_word' id='word_1_535' title='bbox 1854 3467 1980 3506; x_wconf 91' lang='lat' dir='ltr'><strong>cum</strong></span> <span class='ocrx_word' id='word_1_536' title='bbox 2011 3459 2240 3506; x_wconf 77' lang='lat' dir='ltr'><strong>externa</strong></span> <span class='ocrx_word' id='word_1_537' title='bbox 2273 3467 2665 3522; x_wconf 87' lang='lat' dir='ltr'><strong>corporearum</strong></span> <span class='ocrx_word' id='word_1_538' title='bbox 2699 3467 2884 3507; x_wconf 88' lang='lat' dir='ltr'><strong>rerum</strong></span> <span class='ocrx_word' id='word_1_539' title='bbox 2923 3452 3127 3523; x_wconf 88' lang='lat' dir='ltr'><strong>specie,</strong></span> <span class='ocrx_word' id='word_1_540' title='bbox 3151 3453 3268 3509; x_wconf 75' lang='lat' dir='ltr'><strong>ve!-</strong></span> 
     </span>
    </p>
   </div>
   <div class='ocr_carea' id='block_1_89' title="bbox 1683 3542 3270 3612">
    <p class='ocr_par' dir='ltr' id='par_1_89' title="bbox 1683 3542 3270 3612">
     <span class='ocr_line' id='line_1_90' title="bbox 1683 3542 3270 3612; baseline 0 -16"><span class='ocrx_word' id='word_1_541' title='bbox 1683 3551 1745 3597; x_wconf 92' lang='lat' dir='ltr'><strong>ut</strong></span> <span class='ocrx_word' id='word_1_542' title='bbox 1779 3557 1906 3596; x_wconf 86' lang='lat' dir='ltr'><strong>esea</strong></span> <span class='ocrx_word' id='word_1_543' title='bbox 1954 3557 2059 3596; x_wconf 91' lang='lat' dir='ltr'><strong>nos</strong></span> <span class='ocrx_word' id='word_1_544' title='bbox 2081 3542 2346 3612; x_wconf 90' lang='lat' dir='ltr'><strong>capiunt:</strong></span> <span class='ocrx_word' id='word_1_545' title='bbox 2386 3549 2534 3596; x_wconf 90' lang='lat' dir='ltr'><strong>retro</strong></span> <span class='ocrx_word' id='word_1_546' title='bbox 2560 3550 2766 3606; x_wconf 83' lang='lat' dir='ltr'><strong>autem,</strong></span> <span class='ocrx_word' id='word_1_547' title='bbox 2794 3557 2919 3596; x_wconf 91' lang='lat' dir='ltr'><strong>cum</strong></span> <span class='ocrx_word' id='word_1_548' title='bbox 2962 3557 3063 3612; x_wconf 94' lang='lat' dir='ltr'><strong>per</strong></span> <span class='ocrx_word' id='word_1_549' title='bbox 3106 3557 3270 3596; x_wconf 69' lang='lat' dir='ltr'><strong>occa-</strong></span> 
     </span>
    </p>
   </div>
   <div class='ocr_carea' id='block_1_90' title="bbox 1683 3634 3268 3706">
    <p class='ocr_par' dir='ltr' id='par_1_90' title="bbox 1683 3634 3268 3706">
     <span class='ocr_line' id='line_1_91' title="bbox 1683 3634 3268 3706; baseline -0.002 -16"><span class='ocrx_word' id='word_1_550' title='bbox 1683 3645 1838 3706; x_wconf 83' lang='lat' dir='ltr'><strong>patas</strong></span> <span class='ocrx_word' id='word_1_551' title='bbox 1897 3635 2188 3706; x_wconf 88' lang='lat' dir='ltr'><strong>opiniones</strong></span> <span class='ocrx_word' id='word_1_552' title='bbox 2238 3651 2528 3705; x_wconf 88' lang='lat' dir='ltr'><strong>pravarum</strong></span> <span class='ocrx_word' id='word_1_553' title='bbox 2593 3634 3007 3704; x_wconf 83' lang='lat' dir='ltr'><strong>cogitationum,</strong></span> <span class='ocrx_word' id='word_1_554' title='bbox 3054 3648 3268 3688; x_wconf 86' lang='lat' dir='ltr'><strong>memo-</strong></span> 
     </span>
    </p>
   </div>
   <div class='ocr_carea' id='block_1_91' title="bbox 1685 3727 3269 3798">
    <p class='ocr_par' dir='ltr' id='par_1_91' title="bbox 1685 3727 3269 3798">
     <span class='ocr_line' id='line_1_92' title="bbox 1685 3727 3269 3798; baseline -0.001 -14"><span class='ocrx_word' id='word_1_555' title='bbox 1685 3730 1821 3784; x_wconf 88' lang='lat' dir='ltr'><strong>riam</strong></span> <span class='ocrx_word' id='word_1_556' title='bbox 1855 3730 2116 3784; x_wconf 81' lang='lat' dir='ltr'><strong>cxcitant.</strong></span> <span class='ocrx_word' id='word_1_557' title='bbox 2160 3729 2206 3784; x_wconf 83' lang='lat' dir='ltr'><strong>A</strong></span> <span class='ocrx_word' id='word_1_558' title='bbox 2235 3729 2475 3783; x_wconf 84' lang='lat' dir='ltr'><strong>sinistris</strong></span> <span class='ocrx_word' id='word_1_559' title='bbox 2519 3744 2670 3785; x_wconf 82' lang='lat' dir='ltr'><strong>vero.</strong></span> <span class='ocrx_word' id='word_1_560' title='bbox 2709 3745 2833 3783; x_wconf 89' lang='lat' dir='ltr'><strong>cum</strong></span> <span class='ocrx_word' id='word_1_561' title='bbox 2878 3743 2979 3798; x_wconf 88' lang='lat' dir='ltr'><strong>per</strong></span> <span class='ocrx_word' id='word_1_562' title='bbox 3016 3727 3269 3783; x_wconf 84' lang='lat' dir='ltr'><strong>carnalcs</strong></span> 
     </span>
    </p>
   </div>
   <div class='ocr_carea' id='block_1_92' title="bbox 1684 3821 3266 3883">
    <p class='ocr_par' dir='ltr' id='par_1_92' title="bbox 1684 3821 3266 3883">
     <span class='ocr_line' id='line_1_93' title="bbox 1684 3821 3266 3883; baseline -0.003 -6"><span class='ocrx_word' id='word_1_563' title='bbox 1684 3839 1750 3877; x_wconf 87' lang='lat' dir='ltr'><strong>ac</strong></span> <span class='ocrx_word' id='word_1_564' title='bbox 1787 3822 2020 3877; x_wconf 88' lang='lat' dir='ltr'><strong>lascivos</strong></span> <span class='ocrx_word' id='word_1_565' title='bbox 2065 3821 2297 3876; x_wconf 70' lang='lat' dir='ltr'><strong>allectus</strong></span> <span class='ocrx_word' id='word_1_566' title='bbox 2349 3838 2446 3876; x_wconf 91' lang='lat' dir='ltr'><strong>seu</strong></span> <span class='ocrx_word' id='word_1_567' title='bbox 2497 3821 2780 3883; x_wconf 86' lang='lat' dir='ltr'><strong>libidines,</strong></span> <span class='ocrx_word' id='word_1_568' title='bbox 2826 3821 3071 3875; x_wconf 69' lang='lat' dir='ltr'><strong>anitrmt‘.</strong></span> <span class='ocrx_word' id='word_1_569' title='bbox 3111 3837 3266 3874; x_wconf 91' lang='lat' dir='ltr'><strong>emo-</strong></span> 
     </span>
    </p>
   </div>
   <div class='ocr_carea' id='block_1_93' title="bbox 1685 3910 3266 3984">
    <p class='ocr_par' dir='ltr' id='par_1_93' title="bbox 1685 3910 3266 3984">
     <span class='ocr_line' id='line_1_94' title="bbox 1685 3910 3266 3984; baseline -0.001 -20"><span class='ocrx_word' id='word_1_570' title='bbox 1685 3923 1850 3969; x_wconf 85' lang='lat' dir='ltr'><strong>vent:</strong></span> <span class='ocrx_word' id='word_1_571' title='bbox 1887 3931 1918 3970; x_wconf 91' lang='lat' dir='ltr'><strong>a</strong></span> <span class='ocrx_word' id='word_1_572' title='bbox 1947 3914 2156 3969; x_wconf 84' lang='lat' dir='ltr'><strong>dextris</strong></span> <span class='ocrx_word' id='word_1_573' title='bbox 2187 3914 2445 3984; x_wconf 90' lang='lat' dir='ltr'><strong>denique,</strong></span> <span class='ocrx_word' id='word_1_574' title='bbox 2478 3930 2602 3969; x_wconf 92' lang='lat' dir='ltr'><strong>cum</strong></span> <span class='ocrx_word' id='word_1_575' title='bbox 2638 3929 2738 3983; x_wconf 87' lang='lat' dir='ltr'><strong>per</strong></span> <span class='ocrx_word' id='word_1_576' title='bbox 2787 3911 3006 3966; x_wconf 85' lang='lat' dir='ltr'><strong>inanem</strong></span> <span class='ocrx_word' id='word_1_577' title='bbox 3035 3910 3266 3982; x_wconf 76' lang='lat' dir='ltr'><strong>gloriam</strong></span> 
     </span>
    </p>
   </div>
   <div class='ocr_carea' id='block_1_94' title="bbox 1685 4001 3268 4076">
    <p class='ocr_par' dir='ltr' id='par_1_94' title="bbox 1685 4001 3268 4076">
     <span class='ocr_line' id='line_1_95' title="bbox 1685 4001 3268 4076; baseline 0 -16"><span class='ocrx_word' id='word_1_578' title='bbox 1685 4013 1743 4060; x_wconf 89' lang='lat' dir='ltr'><strong>et</strong></span> <span class='ocrx_word' id='word_1_579' title='bbox 1795 4005 2113 4076; x_wconf 88' lang='lat' dir='ltr'><strong>superbiam</strong></span> <span class='ocrx_word' id='word_1_580' title='bbox 2159 4005 2404 4060; x_wconf 87' lang='lat' dir='ltr'><strong>animum</strong></span> <span class='ocrx_word' id='word_1_581' title='bbox 2461 4004 2790 4058; x_wconf 83' lang='lat' dir='ltr'><strong>adoriuntur</strong></span> <span class='ocrx_word' id='word_1_582' title='bbox 2838 4002 3032 4073; x_wconf 87' lang='lat' dir='ltr'><strong>illique</strong></span> <span class='ocrx_word' id='word_1_583' title='bbox 3080 4001 3268 4060; x_wconf 83' lang='lat' dir='ltr'><strong>immi-</strong></span> 
     </span>
    </p>
   </div>
   <div class='ocr_carea' id='block_1_95' title="bbox 1685 4105 2797 4152">
    <p class='ocr_par' dir='ltr' id='par_1_95' title="bbox 1685 4105 2797 4152">
     <span class='ocr_line' id='line_1_96' title="bbox 1685 4105 2797 4152; baseline 0.002 0"><span class='ocrx_word' id='word_1_584' title='bbox 1685 4105 1842 4152; x_wconf 88' lang='lat' dir='ltr'><strong>nent.</strong></span> <span class='ocrx_word' id='word_1_585' title='bbox 2776 4105 2797 4124; x_wconf 77' lang='grc'><strong>·“</strong></span> 
     </span>
    </p>
   </div>
   <div class='ocr_carea' id='block_1_96' title="bbox 2241 4206 2726 4263">
    <p class='ocr_par' dir='ltr' id='par_1_96' title="bbox 2241 4206 2726 4263">
     <span class='ocr_line' id='line_1_97' title="bbox 2241 4206 2726 4263; baseline -0.008 -1"><span class='ocrx_word' id='word_1_586' title='bbox 2241 4208 2524 4263; x_wconf 68' lang='lat' dir='ltr'><strong>INTER“.</strong></span> <span class='ocrx_word' id='word_1_587' title='bbox 2561 4206 2726 4261; x_wconf 78' lang='lat' dir='ltr'><strong>XXII.</strong></span> 
     </span>
    </p>
   </div>
   <div class='ocr_carea' id='block_1_97' title="bbox 1761 4296 3268 4367">
    <p class='ocr_par' dir='ltr' id='par_1_97' title="bbox 1761 4296 3268 4367">
     <span class='ocr_line' id='line_1_98' title="bbox 1761 4296 3268 4367; baseline -0.003 -12"><span class='ocrx_word' id='word_1_588' title='bbox 1761 4299 1899 4366; x_wconf 84' lang='lat' dir='ltr'><strong>Quid</strong></span> <span class='ocrx_word' id='word_1_589' title='bbox 1933 4301 2031 4355; x_wconf 85' lang='lat' dir='ltr'><strong>sibi</strong></span> <span class='ocrx_word' id='word_1_590' title='bbox 2064 4299 2228 4354; x_wconf 79' lang='lat' dir='ltr'><strong>vult?</strong></span> <span class='ocrx_word' id='word_1_591' title='bbox 2269 4318 2288 4350; x_wconf 72' lang='grc' dir='ltr'><strong>ι</strong></span> <span class='ocrx_word' id='word_1_592' title='bbox 2333 4297 2536 4353; x_wconf 83' lang='lat' dir='ltr'><strong>Sumite</strong></span> <span class='ocrx_word' id='word_1_593' title='bbox 2567 4297 2852 4364; x_wconf 78' lang='lat' dir='ltr'><strong>psalmum,</strong></span> <span class='ocrx_word' id='word_1_594' title='bbox 2884 4304 2932 4348; x_wconf 74' lang='lat' dir='ltr'><strong>et</strong></span> <span class='ocrx_word' id='word_1_595' title='bbox 2979 4296 3102 4349; x_wconf 88' lang='lat' dir='ltr'><strong>date</strong></span> <span class='ocrx_word' id='word_1_596' title='bbox 3130 4303 3268 4367; x_wconf 82' lang='lat' dir='ltr'><strong>tym-</strong></span> 
     </span>
    </p>
   </div>
   <div class='ocr_carea' id='block_1_98' title="bbox 1690 4387 3125 4462">
    <p class='ocr_par' dir='ltr' id='par_1_98' title="bbox 1690 4387 3125 4462">
     <span class='ocr_line' id='line_1_99' title="bbox 1690 4387 3125 4462; baseline -0.006 -16"><span class='ocrx_word' id='word_1_597' title='bbox 1690 4407 1918 4458; x_wconf 83' lang='lat' dir='ltr'><strong>panum;</strong></span> <span class='ocrx_word' id='word_1_598' title='bbox 1967 4390 2279 4462; x_wconf 75' lang='lat' dir='ltr'><strong>psalterium</strong></span> <span class='ocrx_word' id='word_1_599' title='bbox 2297 4387 2617 4460; x_wconf 87' lang='lat' dir='ltr'><strong>jucundum,</strong></span> <span class='ocrx_word' id='word_1_600' title='bbox 2641 4403 2760 4440; x_wconf 87' lang='lat' dir='ltr'><strong>cum</strong></span> <span class='ocrx_word' id='word_1_601' title='bbox 2790 4387 2997 4440; x_wconf 83' lang='lat' dir='ltr'><strong>cithara</strong></span> <span class='ocrx_word' id='word_1_602' title='bbox 3014 4387 3080 4438; x_wconf 76' lang='grc' dir='ltr'><strong>³ο.</strong></span> <span class='ocrx_word' id='word_1_603' title='bbox 3107 4404 3125 4438; x_wconf 73' lang='grc' dir='ltr'><strong>ι</strong></span> 
     </span>
    </p>
   </div>
   <div class='ocr_carea' id='block_1_99' title="bbox 2401 4500 2560 4571">
    <p class='ocr_par' dir='ltr' id='par_1_99' title="bbox 2401 4500 2560 4571">
     <span class='ocr_line' id='line_1_100' title="bbox 2401 4500 2560 4571; baseline -0.013 -15"><span class='ocrx_word' id='word_1_604' title='bbox 2401 4500 2560 4571; x_wconf 76' lang='lat' dir='ltr'><strong>Resp.</strong></span> 
     </span>
    </p>
   </div>
   <div class='ocr_carea' id='block_1_100' title="bbox 1765 4587 3273 4653">
    <p class='ocr_par' dir='ltr' id='par_1_100' title="bbox 1765 4587 3273 4653">
     <span class='ocr_line' id='line_1_101' title="bbox 1765 4587 3273 4653; baseline -0.003 -7"><span class='ocrx_word' id='word_1_605' title='bbox 1765 4591 1978 4648; x_wconf 87' lang='lat' dir='ltr'><strong>Sumite</strong></span> <span class='ocrx_word' id='word_1_606' title='bbox 2028 4590 2274 4647; x_wconf 84' lang='lat' dir='ltr'><strong>divinam</strong></span> <span class='ocrx_word' id='word_1_607' title='bbox 2311 4589 2646 4653; x_wconf 89' lang='lat' dir='ltr'><strong>doctrinam,</strong></span> <span class='ocrx_word' id='word_1_608' title='bbox 2686 4597 2745 4644; x_wconf 89' lang='lat' dir='ltr'><strong>et</strong></span> <span class='ocrx_word' id='word_1_609' title='bbox 2793 4587 2918 4644; x_wconf 90' lang='lat' dir='ltr'><strong>date</strong></span> <span class='ocrx_word' id='word_1_610' title='bbox 2969 4587 3273 4644; x_wconf 87' lang='lat' dir='ltr'><strong>studiosam</strong></span> 
     </span>
    </p>
   </div>
   <div class='ocr_carea' id='block_1_101' title="bbox 1691 4679 3270 4753">
    <p class='ocr_par' dir='ltr' id='par_1_101' title="bbox 1691 4679 3270 4753">
     <span class='ocr_line' id='line_1_102' title="bbox 1691 4679 3270 4753; baseline -0.003 -15"><span class='ocrx_word' id='word_1_611' title='bbox 1691 4698 1848 4753; x_wconf 71' lang='lat' dir='ltr'><strong>teque</strong></span> <span class='ocrx_word' id='word_1_612' title='bbox 1877 4682 2105 4737; x_wconf 85' lang='lat' dir='ltr'><strong>virtutis</strong></span> <span class='ocrx_word' id='word_1_613' title='bbox 2127 4681 2341 4736; x_wconf 88' lang='lat' dir='ltr'><strong>ratione</strong></span> <span class='ocrx_word' id='word_1_614' title='bbox 2359 4681 2633 4735; x_wconf 89' lang='lat' dir='ltr'><strong>actionem</strong></span> <span class='ocrx_word' id='word_1_615' title='bbox 2655 4696 2754 4750; x_wconf 90' lang='lat' dir='ltr'><strong>per</strong></span> <span class='ocrx_word' id='word_1_616' title='bbox 2775 4681 3024 4750; x_wconf 87' lang='lat' dir='ltr'><strong>corporis</strong></span> <span class='ocrx_word' id='word_1_617' title='bbox 3045 4679 3270 4734; x_wconf 72' lang='lat' dir='ltr'><strong>mortiﬁ-</strong></span> 
     </span>
    </p>
   </div>
   <div class='ocr_carea' id='block_1_102' title="bbox 1693 4769 3267 4842">
    <p class='ocr_par' dir='ltr' id='par_1_102' title="bbox 1693 4769 3267 4842">
     <span class='ocr_line' id='line_1_103' title="bbox 1693 4769 3267 4842; baseline -0.004 -12"><span class='ocrx_word' id='word_1_618' title='bbox 1693 4776 1989 4832; x_wconf 90' lang='lat' dir='ltr'><strong>cationem.</strong></span> <span class='ocrx_word' id='word_1_619' title='bbox 2008 4774 2286 4842; x_wconf 85' lang='lat' dir='ltr'><strong>Quantum</strong></span> <span class='ocrx_word' id='word_1_620' title='bbox 2299 4789 2432 4828; x_wconf 83' lang='lat' dir='ltr'><strong>vero</strong></span> <span class='ocrx_word' id='word_1_621' title='bbox 2449 4773 2517 4827; x_wconf 87' lang='lat' dir='ltr'><strong>ad</strong></span> <span class='ocrx_word' id='word_1_622' title='bbox 2535 4772 2589 4826; x_wconf 91' lang='lat' dir='ltr'><strong>id</strong></span> <span class='ocrx_word' id='word_1_623' title='bbox 2611 4771 2757 4842; x_wconf 85' lang='lat' dir='ltr'><strong>quod</strong></span> <span class='ocrx_word' id='word_1_624' title='bbox 2775 4772 3050 4841; x_wconf 88' lang='lat' dir='ltr'><strong>sequitur,</strong></span> <span class='ocrx_word' id='word_1_625' title='bbox 3069 4769 3267 4825; x_wconf 78' lang='lat' dir='ltr'><strong>Psalte-</strong></span> 
     </span>
    </p>
   </div>
   <div class='ocr_carea' id='block_1_103' title="bbox 1694 4862 3274 4935">
    <p class='ocr_par' dir='ltr' id='par_1_103' title="bbox 1694 4862 3274 4935">
     <span class='ocr_line' id='line_1_104' title="bbox 1694 4862 3274 4935; baseline -0.006 -12"><span class='ocrx_word' id='word_1_626' title='bbox 1694 4870 1833 4924; x_wconf 87' lang='lat' dir='ltr'><strong>rium</strong></span> <span class='ocrx_word' id='word_1_627' title='bbox 1881 4867 2175 4935; x_wconf 81' lang='lat' dir='ltr'><strong>iucundum</strong></span> <span class='ocrx_word' id='word_1_628' title='bbox 2209 4883 2327 4921; x_wconf 88' lang='lat' dir='ltr'><strong>cum</strong></span> <span class='ocrx_word' id='word_1_629' title='bbox 2373 4867 2609 4931; x_wconf 85' lang='lat' dir='ltr'><strong>cithara;</strong></span> <span class='ocrx_word' id='word_1_630' title='bbox 2657 4863 2985 4934; x_wconf 86' lang='lat' dir='ltr'><strong>psalterium</strong></span> <span class='ocrx_word' id='word_1_631' title='bbox 3040 4862 3274 4932; x_wconf 80' lang='lat' dir='ltr'><strong>appellat</strong></span> 
     </span>
    </p>
   </div>
   <div class='ocr_carea' id='block_1_104' title="bbox 1694 4959 3274 5032">
    <p class='ocr_par' dir='ltr' id='par_1_104' title="bbox 1694 4959 3274 5032">
     <span class='ocr_line' id='line_1_105' title="bbox 1694 4959 3274 5032; baseline -0.004 -16"><span class='ocrx_word' id='word_1_632' title='bbox 1694 4961 1989 5032; x_wconf 84' lang='lat' dir='ltr'><strong>spiritum;</strong></span> <span class='ocrx_word' id='word_1_633' title='bbox 2036 4960 2327 5023; x_wconf 89' lang='lat' dir='ltr'><strong>citharam,</strong></span> <span class='ocrx_word' id='word_1_634' title='bbox 2360 4959 2633 5025; x_wconf 88' lang='lat' dir='ltr'><strong>animam;</strong></span> <span class='ocrx_word' id='word_1_635' title='bbox 2679 4966 3020 5028; x_wconf 83' lang='lat' dir='ltr'><strong>tympanum,</strong></span> <span class='ocrx_word' id='word_1_636' title='bbox 3053 4968 3274 5025; x_wconf 83' lang='lat' dir='ltr'><strong>corpus.</strong></span> 
     </span>
    </p>
   </div>
   <div class='ocr_carea' id='block_1_105' title="bbox 2119 5067 2841 5141">
    <p class='ocr_par' dir='ltr' id='par_1_105' title="bbox 2119 5067 2841 5141">
     <span class='ocr_line' id='line_1_106' title="bbox 2119 5067 2841 5141; baseline -0.011 -12"><span class='ocrx_word' id='word_1_637' title='bbox 2119 5067 2286 5141; x_wconf 79' lang='lat'><strong>308</strong></span> <span class='ocrx_word' id='word_1_638' title='bbox 2322 5067 2605 5123; x_wconf 80' lang='lat' dir='ltr'><strong>INTERR.</strong></span> <span class='ocrx_word' id='word_1_639' title='bbox 2646 5067 2841 5122; x_wconf 75' lang='lat' dir='ltr'><strong>XXIII.</strong></span> 
     </span>
    </p>
   </div>
   <div class='ocr_carea' id='block_1_106' title="bbox 1764 5155 3277 5230">
    <p class='ocr_par' dir='ltr' id='par_1_106' title="bbox 1764 5155 3277 5230">
     <span class='ocr_line' id='line_1_107' title="bbox 1764 5155 3277 5230; baseline -0.005 -16"><span class='ocrx_word' id='word_1_640' title='bbox 1764 5160 1902 5226; x_wconf 84' lang='lat' dir='ltr'><strong>Quid</strong></span> <span class='ocrx_word' id='word_1_641' title='bbox 1939 5162 2060 5216; x_wconf 78' lang='lat' dir='ltr'><strong>est?</strong></span> <span class='ocrx_word' id='word_1_642' title='bbox 2097 5181 2116 5213; x_wconf 78' lang='grc' dir='ltr'><strong>ι</strong></span> <span class='ocrx_word' id='word_1_643' title='bbox 2145 5160 2472 5215; x_wconf 82' lang='lat' dir='ltr'><strong>Arundincm</strong></span> <span class='ocrx_word' id='word_1_644' title='bbox 2496 5167 2806 5230; x_wconf 76' lang='lat' dir='ltr'><strong>quassatam</strong></span> <span class='ocrx_word' id='word_1_645' title='bbox 2832 5174 2933 5212; x_wconf 86' lang='lat' dir='ltr'><strong>non</strong></span> <span class='ocrx_word' id='word_1_646' title='bbox 2964 5155 3277 5225; x_wconf 79' lang='lat' dir='ltr'><strong>confringet,</strong></span> 
     </span>
    </p>
   </div>
   <div class='ocr_carea' id='block_1_107' title="bbox 1696 5249 2804 5326">
    <p class='ocr_par' dir='ltr' id='par_1_107' title="bbox 1696 5249 2804 5326">
     <span class='ocr_line' id='line_1_108' title="bbox 1696 5249 2804 5326; baseline -0.005 -17"><span class='ocrx_word' id='word_1_647' title='bbox 1696 5263 1744 5308; x_wconf 90' lang='lat' dir='ltr'><strong>et</strong></span> <span class='ocrx_word' id='word_1_648' title='bbox 1786 5254 1951 5309; x_wconf 88' lang='lat' dir='ltr'><strong>linum</strong></span> <span class='ocrx_word' id='word_1_649' title='bbox 1983 5255 2250 5326; x_wconf 75' lang='lat' dir='ltr'><strong>fumigans</strong></span> <span class='ocrx_word' id='word_1_650' title='bbox 2283 5270 2389 5308; x_wconf 88' lang='lat' dir='ltr'><strong>non</strong></span> <span class='ocrx_word' id='word_1_651' title='bbox 2428 5249 2804 5324; x_wconf 73' lang='lat' dir='ltr'><strong>exstinguet“.</strong></span> 
     </span>
    </p>
   </div>
   <div class='ocr_carea' id='block_1_108' title="bbox 1732 5370 2554 5444">
    <p class='ocr_par' dir='ltr' id='par_1_108' title="bbox 1732 5370 2554 5444">
     <span class='ocr_line' id='line_1_109' title="bbox 1732 5370 2554 5444; baseline 0.002 -22"><span class='ocrx_word' id='word_1_652' title='bbox 1732 5434 1738 5444; x_wconf 34' lang='lat'><strong>‘</strong></span> <span class='ocrx_word' id='word_1_653' title='bbox 2416 5370 2554 5440; x_wconf 75' lang='lat' dir='ltr'><strong>Resp</strong></span> 
     </span>
    </p>
   </div>
   <div class='ocr_carea' id='block_1_109' title="bbox 1767 5454 3276 5533">
    <p class='ocr_par' dir='ltr' id='par_1_109' title="bbox 1767 5454 3276 5533">
     <span class='ocr_line' id='line_1_110' title="bbox 1767 5454 3276 5533; baseline -0.009 -11"><span class='ocrx_word' id='word_1_654' title='bbox 1767 5465 1873 5533; x_wconf 88' lang='lat' dir='ltr'><strong>Qui</strong></span> <span class='ocrx_word' id='word_1_655' title='bbox 1895 5465 2113 5521; x_wconf 90' lang='lat' dir='ltr'><strong>Domini</strong></span> <span class='ocrx_word' id='word_1_656' title='bbox 2136 5462 2409 5533; x_wconf 78' lang='lat' dir='ltr'><strong>exemplo.</strong></span> <span class='ocrx_word' id='word_1_657' title='bbox 2433 5457 2791 5531; x_wconf 87' lang='lat' dir='ltr'><strong>propensiore</strong></span> <span class='ocrx_word' id='word_1_658' title='bbox 2815 5455 3170 5512; x_wconf 87' lang='lat' dir='ltr'><strong>miseratione</strong></span> <span class='ocrx_word' id='word_1_659' title='bbox 3195 5454 3276 5509; x_wconf 92' lang='lat' dir='ltr'><strong>in-</strong></span> 
     </span>
    </p>
   </div>
   <div class='ocr_carea' id='block_1_110' title="bbox 1702 5609 3277 5687">
    <p class='ocr_par' dir='ltr' id='par_1_110' title="bbox 1702 5609 3277 5687">
     <span class='ocr_line' id='line_1_111' title="bbox 1702 5609 3277 5687; baseline -0.008 -10"><span class='ocrx_word' id='word_1_660' title='bbox 1702 5621 1744 5655; x_wconf 76' lang='lat'><strong>&quot;</strong></span> <span class='ocrx_word' id='word_1_661' title='bbox 1770 5621 1912 5677; x_wconf 86' lang='lat' dir='ltr'><strong>Psal.</strong></span> <span class='ocrx_word' id='word_1_662' title='bbox 1946 5637 2023 5687; x_wconf 83' lang='lat' dir='ltr'><strong>Ill,</strong></span> <span class='ocrx_word' id='word_1_663' title='bbox 2055 5621 2107 5677; x_wconf 89' lang='lat'><strong>6.</strong></span> <span class='ocrx_word' id='word_1_664' title='bbox 2222 5621 2266 5652; x_wconf 82' lang='lat'><strong>&#39;°</strong></span> <span class='ocrx_word' id='word_1_665' title='bbox 2299 5618 2442 5673; x_wconf 83' lang='lat' dir='ltr'><strong>Psal.</strong></span> <span class='ocrx_word' id='word_1_666' title='bbox 2481 5631 2638 5681; x_wconf 79' lang='lat' dir='ltr'><strong>Lxxx,</strong></span> <span class='ocrx_word' id='word_1_667' title='bbox 2677 5613 2729 5669; x_wconf 79' lang='grc'><strong>5.</strong></span> <span class='ocrx_word' id='word_1_668' title='bbox 2847 5614 2886 5645; x_wconf 80' lang='grc'>²¹</span> <span class='ocrx_word' id='word_1_669' title='bbox 2918 5612 3022 5668; x_wconf 83' lang='lat' dir='ltr'><strong>Isa.</strong></span> <span class='ocrx_word' id='word_1_670' title='bbox 3052 5625 3180 5678; x_wconf 78' lang='lat' dir='ltr'><strong>xui,</strong></span> <span class='ocrx_word' id='word_1_671' title='bbox 3205 5609 3277 5678; x_wconf 66' lang='grc' dir='ltr'>ὃς</span> 
     </span>
    </p>
   </div>
  </div>
