4082 6446
225 381 329 450 80-5

1390 374 1887 448 QUIESTIONES
1920 375 2016 436 ET
2054 377 2315 438 DUBIA.

3376 378 3484 442 806

230 492 411 561 μένονο
450 507 469 540 ι
498 479 611 542 Ὧν
637 484 863 556 ἤρξατο
883 488 911 540 ὀ
945 483 1177 553 Ἰησοῦς
1208 484 1400 539 ποιεῖν
1427 502 1491 539 τε
1523 488 1619 541 καὶ
1646 486 1810 540 διδά-

1940 488 2244 553 loctrinam,
2266 490 2421 560 juxta
2450 489 2598 561 quod
2629 489 2895 561 scriptum
2929 499 3013 545 est
3054 507 3068 543 :
3114 507 3133 541 ι
3168 488 3299 555 Ome
3337 492 3489 563 erepit

227 596 418 635 σχειν.
447 598 469 631 ι

827 712 1024 767 ΕΡΩΤ.
1062 713 1211 779 κεῖν.

297 805 365 860 Τί
413 806 587 859 ἐστιν
630 806 669 874 ἡ
721 805 831 859 τοῦ
879 806 1224 874 (Ir-stipator;
1246 803 1657 874 βλασφημίαν
1711 802 1811 856 καὶ

228 897 353 963 πῶς
373 915 392 963 ;
429 918 448 950 ι
488 896 618 952 Πᾶν
654 896 969 967 ἁμάρτημα
1019 895 1395 965 ἀφεθήσεται
1425 893 1550 961 τοῖς
1589 893 1812 962 ἀνθρώ-

231 1004 388 1055 ποις·
415 989 543 1055 τοῖς
568 988 636 1041 δὲ
664 991 751 1054 είς
781 988 929 1041 αὐτὸ
952 986 1506 1056 βλασφηιιήσασιν,
1541 987 1653 1040 οὐκ
1702 986 1813 1053 ἀφ’

226 1078 530 1144 εθήσεται,
570 1077 710 1131 οὔτε
748 1077 821 1130 ἐν
869 1073 950 1141 τῷ
987 1072 1156 1129 αἰῶνι
1188 1074 1397 1139 τούτῳ,
1452 1072 1592 1126 οὔτε
1643 1070 1713 1125 ἐν
1734 1068 1814 1135 τῷ

220 1168 539 1238 μέλλοντι.
580 1187 599 1219 ι

905 1279 1149 1347 Ἀπόκρ.

304 1369 377 1423 Ἦ
413 1369 546 1440 περὶ
588 1369 689 1441 τῆς
719 1367 814 1422 τοῦ
849 1368 1171 1439 ῐΙνεύματος
1206 1366 1559 1438 βλασφημίας
1585 1363 1813 1435 ἀπορία,

225 1460 460 1516 αὐτόθεν
492 1461 603 1532 ἔχει
650 1460 749 1531 τὴν
796 1459 975 1514 λύσιν.
1037 1459 1146 1513 Τοῦ
1201 1459 1312 1530 γὰρ
1370 1458 1577 1529 Κυρίου
1642 1456 1817 1520 ἰάσεις

229 1553 515 1618 ποιοῦντος
546 1553 829 1617 ποικίλας,
876 1552 928 1606 οἱ
969 1552 1216 1605 Ἰουδαῖοι
1245 1551 1347 1613 τὰς
1377 1548 1472 1603 τοῦ
1500 1548 1817 1620 Πνεύματος

227 1644 541 1718 ἐνεργείας,
574 1644 652 1716 τῷ
695 1645 919 1714 ἄρχοντι
951 1641 1061 1695 τῶν
1093 1641 1368 1712 δαιμόνων
1399 1639 1604 1704 ταύτας
1638 1639 1817 1693 ἀνετί-

230 1740 419 1793 θεσαν.
462 1737 537 1791 Τδ
566 1736 644 1800 δέ,
673 1736 821 1790 Οὔτε
851 1735 1135 1802 ἐνταῦθα,
1161 1734 1305 1789 οὔτε
1349 1734 1419 1787 ἐν
1460 1733 1540 1797 τῷ
1555 1732 1818 1802 μέλλον-

1908 579 2060 634 Jesus
2087 582 2262 651 facere
2292 591 2344 636 et
2377 584 2563 638 docere
2578 584 2647 639 “.
2696 603 2715 637 ι

2458 718 2742 774 INTERR.
2784 718 2970 773 XXVI.

1983 806 2121 874 Quid
2180 822 2252 864 est
2295 811 2512 882 spiritus
2563 811 2933 866 blasphemia?
2970 810 3239 876 Quomodo
3281 812 3439 865 etiam
3474 827 3495 866 .‘

1920 918 1940 953 ι
1972 899 2136 955 Omne
2166 909 2437 971 peccatum
2486 905 2781 957 remittetur
2822 905 3147 968 hominibus;
3199 906 3262 958 iis
3316 913 3494 957 autem

1913 992 2002 1062 qui
2039 992 2518 1063 blasphemaveriut
2548 995 2602 1047 in
2629 995 2823 1065 ipsum,
2850 1012 2954 1048 non
2990 996 3306 1061 remittetur,
3332 1011 3497 1062 neque

1912 1085 1969 1137 in
1994 1085 2090 1138 hoc
2120 1083 2333 1150 swculo,
2359 1100 2526 1156 neque
2552 1086 2606 1139 in
2645 1084 2824 1155 futuro
2847 1087 2916 1141 ".
2943 1104 2961 1137 ι

2636 1286 2796 1357 Resp.

1987 1375 2120 1443 Qua:
2142 1376 2211 1431 de
2242 1375 2482 1446 Spiritus
2509 1375 2852 1446 blasphemia
2872 1376 3102 1446 quaestio
3126 1386 3231 1442 est,
3261 1378 3388 1433 inde
3412 1395 3501 1436 so-

1916 1467 2187 1522 lutionem
2215 1466 2401 1521 habet.
2438 1466 2575 1522 Cum
2609 1467 2757 1520 enim
2792 1467 3059 1522 Dominus
3098 1469 3251 1523 varia
3293 1472 3500 1525 sanita-

1918 1567 2034 1613 tum
2066 1572 2297 1612 munera
2337 1564 2641 1627 praestaret,
2670 1556 2847 1611 Judaai
2881 1556 3119 1626 Spiritus
3152 1560 3502 1626 operationes

1916 1648 2171 1719 principii
2203 1648 2513 1703 daemonum
2540 1648 2912 1703 ascribcbant.
2949 1648 3106 1715 Quod
3137 1658 3320 1704 autem
3348 1651 3504 1705 addi—

1920 1749 2012 1794 tur
2043 1758 2056 1793 :
2094 1738 2275 1812 Neque
2301 1742 2402 1805 hic,
2428 1757 2594 1811 neque
2626 1741 2681 1793 in
2711 1741 2911 1810 futuro,
2939 1728 3332 1796 remittendum
3362 1743 3501 1804 fore.

232 1848 305 1899 τι,
338 1832 539 1900 ἄφεσιν
576 1829 824 1899 γίνεσθαι
855 1830 968 1892 τοῖς
1019 1826 1455 1899 βλασφημοῦσιν,
1486 1825 1614 1895 ἑξῆς
1645 1824 1813 1895 ζητη-

1940 1829 2025 1894 ιίε,
2053 1830 2149 1899 qui
2170 1830 2577 1900 blaspbemant,
2601 1830 2866 1900 deinceps
2893 1830 3308 1901 inquirendum.
3334 1834 3506 1887 Aiunt

229 1921 375 1975 τέον.
400 1922 541 1974 Φασὶ
555 1920 699 1983 τινὲς
730 1920 799 1990 (ε)
828 1918 937 1971 τῶν
968 1920 1036 1973 τὰ
1061 1917 1287 1972 τοιαῦτα
1315 1917 1404 1971 διὰ
1435 1916 1529 1971 τοῦ
1565 1916 1820 1987 Πνεύμα-

228 2028 321 2075 τος
373 2009 786 2081 ἡκριϐωκότων,
835 2009 1108 2079 τέσσαρας
1138 2003 1280 2064 εἶναι
1321 2010 1578 2081 τρόπους,
1631 2009 1697 2063 δι’
1744 2003 1820 2064 ὧν

233 2103 588 2174 συγχώρησις
614 2100 821 2169 γίνεται
847 2102 1286 2173 ἁμαρτημάτωνο
1313 2102 1406 2156 δύο
1431 2102 1686 2167 ἐνταῦθα,
1726 2102 1822 2157 καὶ

230 2196 327 2250 δύο
363 2195 523 2266 ἐν-τῷ
567 2194 839 2266 μέλλοντι.
904 2194 1128 2266 Ἐπειδὴ
1158 2194 1267 2266 γὰρ
1297 2195 1399 2249 οὐκ
1448 2196 1737 2263 ἐξικνεῖται
1783 2198 1818 2268 ἡ

235 2288 431 2358 μνήμη
458 2286 583 2339 ὅλου
620 2284 716 2339 τοῦ
778 2283 974 2356 χρόνου
1011 2284 1372 2356 μνημονεύειν
1411 2285 1480 2339 τὰ
1509 2284 1820 2356 σφάλματα,

231 2380 323 2433 ἵνα
374 2379 516 2449 ὑπὲρ
549 2377 728 2432 αὐτῶν
780 2376 1020 2431 ἐνταῦθα
1067 2378 1378 2451 μετανοήσῃ
1419 2379 1447 2431 6
1503 2376 1821 2449 ἅνθρωπος,

229 2471 560 2543 ᾠκονόμησε
586 2468 970 2542 φιλάνθρωπος
991 2467 1068 2523 ὢν
1094 2471 1123 2523 6
1145 2469 1422 2541 Δεσπότης
1450 2470 1550 2540 τῆς
1584 2469 1821 2539 φύσεως,

231 2564 334 2618 καὶ
377 2563 536 2635 ἡμῶν
577 2563 652 2634 μὴ
698 2561 1074 2633 μετανούντων
1120 2561 1356 2633 τρόπους
1406 2561 1731 2633 μετανοίαςο
1764 2564 1825 2616 ἐν

234 2658 340 2729 μὲν
369 2656 452 2727 τῷ
476 2654 744 2728 μέλλοντι,
781 2654 857 2719 ὡς
885 2654 1124 2725 εἴρηται,
1149 2654 1263 2709 δύο.
1291 2654 1461 2709 Ὅταν
1498 2670 1581 2719 τις
1602 2646 1827 2723 ἀδιαφό-

236 2768 352 2821 ρως
388 2748 479 2822 [Β.
528 2765 633 2803 non
679 2747 807 2802 bene
855 2747 1150 2819 διαφόρως]
1200 2746 1437 2801 ἐνταῦθα
1470 2747 1823 2819 ἁμαρτήσας,

233 2845 333 2898 καὶ
374 2843 537 2897 πάλιν
571 2841 879 2912 ἀδιαφόρως
915 2841 1357 2911 ἁγαθοεργήσας,
1388 2839 1500 2893 εἴτε
1525 2841 1607 2904 είς
1636 2835 1825 2894 οἶκτον

234 2937 338 2992 καὶ
376 2934 725 3006 συμπάθειαν
760 2935 897 3005 πρὸς
938 2934 1029 2989 τὸν
1082 2933 1311 3004 πλησίον
1361 2932 1626 3005 κινηθεὶς,
1662 2933 1697 3004 ἢ
1723 2933 1826 2987 ὅσα

234 3027 385 3081 ἄλλα.
410 3025 822 3095 φιλανθρωπίας
865 3023 1133 3094 ἐχόμενα,
1172 3023 1346 3077 ταῦτα
1375 3024 1434 3076 ἐν
1463 3022 1542 3093 τῷ
1577 3021 1825 3093 μέλλοντι

236 3118 407 3171 αίῶνι
430 3119 490 3171 ἐν
509 3116 587 3187 τῷ
608 3116 785 3188 καιρῷ
814 3116 914 3187 τῆς
938 3116 1173 3185 κρίσεως
1206 3115 1707 3186 ζυγοστατούμενα,
1737 3115 1824 3186 ἐφ’

234 3209 273 3263 ἃ
296 3208 407 3280 τὴν
434 3171 608 3280 pet-div
637 3171 771 3274 ἕξει,
819 3171 1169 3278 συγχωρησις
1207 3171 1436 3276 γίνεται.
1470 3171 1637 3272 Οὗτος
1668 3171 1825 3278 μὲνό
1853 3171 1897 3232 c

236 3294 323 3363 εἷς
353 3298 589 3368 τρόπος·
614 3298 875 3370 Δεύτερος
906 3297 984 3365 δὲ,
1031 3292 1205 3361 οὗτοςο
1247 3298 1376 3351 ὅταν
1417 3316 1502 3363 τις
1540 3300 1596 3352 ὲν
1637 3300 1825 3370 ἁμαρ-

235 3393 395 3455 τίαις
422 3391 772 3462 ἐνεχόμενος·
810 3391 1024 3446 ἀκούων
1052 3390 1112 3443 δέ
1155 3389 1251 3444 τοῦ
1302 3391 1509 3462 Κυρίου
1549 3392 1822 3461 λέγοντος,

240 3485 345 3551 Μὴ
402 3484 661 3552 κρίνετε,
696 3482 797 3535 ἵνα
836 3482 924 3551 μὴ
954 3481 1214 3551 κριθῆτε,
1262 3480 1595 3552 φοϐούμενος
1638 3482 1828 3537 ούδένα

243 3576 442 3649 κρίνῃ,
500 3577 558 3628 ἐν
601 3576 670 3645 τῇ
722 3574 966 3639 ἐξετάσει
1004 3573 1115 3627 τῶν
1150 3573 1519 3645 βεϐιωμένων,
1548 3575 1626 3638 ὼς
1655 3574 1829 3645 φύλαξ

238 3671 346 3742 τῆς
387 3666 609 3738 ἐντολῆς
639 3666 700 3719 ού
734 3668 998 3738 κρίνεται.
1050 3667 1163 3737 Τῆς
1217 3666 1325 3737 γὰρ
1362 3664 1560 3720 ἑαυτοῦ
1610 3665 1830 3735 ἐντολῆς

240 3763 353 3815 οὐκ
402 3759 724 3828 ἐπιλήσμων
766 3759 795 3812 ό
847 3757 1264 3827 ἀψευδέστατός.
1298 3759 1359 3812 Ol
1406 3758 1464 3811 δὲ
1515 3757 1609 3812 δύο
1653 3757 1831 3828 ἕτεροι

242 3857 469 3929 τρόποι,
502 3852 734 3907 ἐνταῦθα.
788 3850 885 3923 τὴν
930 3850 1276 3922 συγχώρησιν
1322 3850 1556 3921 ἔχουσιν,
1594 3851 1722 3903 ὅταν
1772 3852 1831 3903 ἐν

244 3948 558 4021 ἁμαρτίαις
589 3963 673 4009 τις
720 3944 818 4006 ὢν,
845 3944 1209 4014 οἰκονομεῖται
1260 3944 1325 3995 ἐκ
1366 3944 1464 4012 τῆς
1498 3942 1750 4013 προνοίας
1775 3944 1833 3994 ἐν

248 4041 587 4110 συμφοραῖς,
621 4039 678 4090 ἐν
706 4035 994 4103 ἀνάγκαις,
1022 4035 1080 4087 ἐν
1114 4034 1310 4096 νόσοις.
1351 4032 1437 4096 Ὠς
1463 4033 1564 4086 οὐκ
1589 4028 1697 4086 οἶδε
1727 4035 1836 4104 γὰρ

250 4133 351 4186 διὰ
391 4132 500 4184 τῶν
531 4129 789 4183 τοιούτων
810 4127 1065 4199 καθαίρει
1088 4125 1253 4181 αὐτὸν
1281 4127 1309 4179 6
1335 4124 1491 4188 Θεός’
1526 4124 1624 4178 καὶ
1653 4126 1703 4178 εἰ
1737 4126 1836 4196 μὲν

254 4220 574 4290 εὐχαριστεῖ
596 4218 1012 4289 πειραζόμενος,
1034 4217 1126 4269 τὸν
1162 4216 1255 4269 ἐπὶ
1286 4218 1352 4288 τῇ
1394 4216 1712 4289 εὐχαριστίᾳ
1749 4234 1837 4288 μι-

255 4315 392 4368 σθὸν
418 4312 707 4383 λαμϐάνει.
755 4312 820 4364 Et
868 4310 927 4363 δὲ
973 4311 1295 4381 άχαριστεῖ,
1330 4308 1401 4361 δι’
1436 4307 1501 4373 ἃς
1532 4308 1630 4379 μὲν
1659 4310 1840 4380 ἁμαρ·

251 4407 383 4468 τίας
409 4404 746 4465 παιδεύεται,
778 4404 843 4456 ἐκ
872 4401 1079 4455 τούτων
1119 4399 1463 4471 καθαίρεται*
1493 4399 1593 4472 τὴν
1611 4400 1670 4454 δὲ
1697 4400 1839 4472 ὑπὲρ

1920 1923 2113 1993 aliqui,
2145 1922 2319 1977 divini
2350 1922 2593 1993 Spiritus
2624 1923 2808 1977 aillatu
2838 1923 2966 1977 talia
3006 1923 3327 1993 diligentius
3351 1940 3507 1979 exse-

1920 2014 2055 2079 cuti,
2102 2024 2342 2084 quatuor
2375 2031 2497 2071 esse
2542 2016 2742 2070 modos
2783 2016 2989 2086 quibus
3024 2026 3246 2085 peccata
3297 2017 3505 2071 condo-

1920 2114 2154 2172 nantur;
2200 2107 2361 2161 binos
2394 2123 2512 2161 aevo
2554 2107 2681 2173 hoc,
2714 2108 2986 2179 binosque
3022 2109 3077 2162 in
3111 2108 3320 2162 futuro.
3367 2110 3507 2176 Quia

1919 2198 2068 2254 enim
2102 2198 2367 2253 memoria
2404 2198 2736 2254 imbecillior
2757 2209 2863 2265 est,
2883 2216 3046 2271 quam
3072 2209 3132 2255 ut
3165 2202 3332 2256 totius
3366 2212 3506 2257 tem-

1920 2291 2073 2362 poris
2094 2291 2291 2345 delicta
2314 2289 2489 2361 possit
2511 2291 2778 2356 recolere,
2801 2295 2870 2347 de
2895 2291 3099 2360 quibus
3126 2292 3312 2356 homo,
3336 2309 3511 2363 quan-

1921 2380 2019 2436 diu
2049 2382 2161 2436 vita
2192 2382 2309 2437 haec
2355 2391 2637 2452 superstes
2665 2391 2774 2449 est,
2821 2383 3201 2452 pcenitcntiam
3244 2392 3388 2455 agat,
3424 2386 3510 2440 in-

1924 2473 2260 2544 dulgentiori
2283 2474 2488 2543 pietate
2515 2472 2949 2544 benignissimus
2983 2483 3193 2530 naturae
3222 2476 3511 2541 Dominus,

1923 2563 2118 2618 statuit
2142 2563 2483 2633 paenitentiae
2516 2563 2730 2628 modos,
2774 2579 2901 2617 cum
2948 2581 3052 2619 nec
3084 2565 3187 2634 ipsi
3232 2566 3511 2635 pwniten-

1925 2657 2057 2711 tiam
2097 2656 2311 2724 agimus
2343 2674 2357 2710 :
2391 2655 2580 2710 futuro
2607 2655 2832 2726 quidem
2873 2672 3013 2722 aevo,
3045 2658 3127 2711 uti
3159 2657 3369 2712 dictum
3408 2667 3513 2727 est,

1924 2747 2194 2818 geminos.
2243 2745 2381 2801 Cum
2413 2747 2540 2817 quis
2590 2745 2855 2800 nimirum
2889 2746 3002 2800 vita
3050 2747 3156 2801 hac
3198 2749 3515 2817 promiscue

1925 2837 2171 2907 peccatis
2200 2836 2453 2902 indulsit,
2479 2836 2733 2907 bonaque
2759 2853 2955 2892 rursus
2977 2846 3242 2907 operatus
3264 2847 3370 2904 est,
3399 2839 3515 2894 sive

1926 2945 2058 3001 erga
2088 2930 2401 2999 proximum
2436 2930 2793 2984 miseratione
2823 2930 3074 2995 affectus,
3109 2930 3223 2985 sive
3252 2931 3363 2985 alio
3414 2932 3519 2987 du-

1927 3032 2052 3079 ctus
2102 3023 2462 3077 humanitatis
2511 3022 2709 3087 s'ensu;
2766 3024 2991 3092 haecque
3026 3023 3165 3077 adeo
3202 3023 3389 3077 futuro
3422 3022 3518 3077 illo

1928 3132 2046 3172 avo
2074 3115 2271 3188 judicii
2314 3125 2561 3184 tempore
2604 3128 2727 3168 cum
2760 3115 2869 3169 illis
2902 3130 3165 3186 appensa,
3214 3131 3243 3168 a
3290 3130 3349 3169 se
3393 3116 3518 3169 lan-

1931 3224 2052 3264 cem
2083 3207 2477 3278 deprcsserint,
2522 3205 2841 3276 indulgetur
2869 3206 2952 3261 eis
2985 3207 3162 3259 venia.
3198 3205 3377 3276 Atque
3425 3204 3520 3260 bic

1936 3318 2080 3358 unus
2106 3311 2192 3358 est
2221 3298 2564 3357 remissionis
2590 3299 2790 3353 modus
2831 3315 2845 3350 :
2880 3299 3033 3352 Alter
3056 3314 3187 3351 vero
3229 3308 3346 3363 est;
3391 3313 3518 3351 cum

1937 3394 2064 3465 quis
2096 3401 2451 3464 peccatorum
2478 3408 2628 3457 reus,
2659 3390 2892 3446 audiens
2934 3406 2964 3444 a
3002 3389 3236 3444 Domino
3280 3406 3293 3443 :
3344 3389 3521 3443 Nolite

1933 3487 2197 3557 judicare,
2228 3493 2277 3540 et
2303 3500 2406 3537 non
2428 3483 2799 3553 judicabimiui
2817 3479 2898 3547 "‘;
2937 3480 3234 3535 Dominica'.
3256 3479 3408 3534 vocis
3436 3497 3522 3534 rc-

1940 3578 2188 3633 verentia
2217 3575 2493 3631 neminem
2521 3573 2874 3645 judicaverit,
2901 3588 3025 3626 cum
3051 3588 3137 3634 ea,
3162 3588 3284 3642 quae
3312 3588 3412 3641 per
3440 3573 3520 3626 vi-

1944 3680 2055 3727 tam
2082 3671 2313 3742 egimus,
2362 3666 2599 3722 examini
2646 3665 3031 3736 subjicientur,
3059 3665 3210 3718 velut
3236 3665 3329 3734 qui
3365 3681 3519 3718 mau-

1942 3766 2131 3820 datum
2161 3760 2481 3824 servaverit,
2512 3775 2622 3813 non
2652 3757 3011 3830 judicabitur.
3046 3756 3165 3811 Non
3199 3757 3345 3810 enim
3366 3773 3523 3811 vera-

1940 3858 2197 3913 cissimus
2246 3853 2532 3915 Dominus,
2599 3852 2684 3906 sui
2739 3850 2888 3905 illius
2943 3849 3184 3903 mandati
3235 3850 3525 3903 immemor

1939 3951 2067 4005 erit.
2105 3948 2208 4014 Qui
2245 3954 2430 4000 autem
2465 3950 2775 4012 sequuntur
2809 3940 2973 4009 310
3001 3939 3163 3992 ambo
3188 3938 3382 4008 reliqui
3409 3955 3525 3993 mo-

1941 4038 2020 4104 di,
2054 4037 2172 4107 ipso
2215 4035 2321 4089 hoc
2347 4048 2465 4088 mvo
2509 4029 2907 4099 indulgentiam
2949 4029 3183 4094 habent;
3240 4044 3363 4081 cum
3399 4028 3527 4097 quis

1950 4129 2208 4185 nimirum
2236 4124 2477 4195 peccatis
2519 4123 2812 4186 obnoxius,
2841 4129 2991 4175 certa
3036 4121 3134 4175 Dei
3179 4119 3525 4189 providentia

1951 4235 2014 4275 ac
2051 4217 2283 4274 consilio
2316 4216 2369 4270 in
2400 4213 2683 4278 aerumnis,
2710 4212 2767 4265 in
2801 4210 3246 4274 necessitatibus,
3283 4210 3336 4262 in
3365 4210 3525 4280 aegri-

1945 4309 2235 4365 tudinibus
2264 4305 2596 4377 disponitur.
2650 4304 2797 4358 Deus
2840 4302 2989 4356 enim
3043 4302 3169 4355 talia
3205 4300 3524 4370 inlligendo,

1944 4418 2052 4473 qua
2081 4401 2173 4456 ille
2212 4399 2426 4454 ratione
2453 4396 2650 4461 nescit,
2684 4411 2811 4449 eum
2844 4392 3130 4448 emundat.
3157 4392 3235 4448 Ac
3277 4392 3525 4461 quidem,

253 4499 361 4567 τῆς
388 4493 713 4566 ἀχαριστίας
743 4493 1129 4564 εἰσπράττεται
1157 4491 1372 4563 ποινήν.
1399 4491 1653 4558 Ἔπειτα,
1685 4491 1834 4545 ama

1946 4494 1993 4549 si
2030 4493 2162 4548 dum
2198 4500 2441 4546 tentatur
2473 4488 2676 4559 gratias
2708 4487 2840 4557 agit;
2864 4500 2933 4539 eo
2969 4485 3191 4540 nomine
3223 4483 3370 4553 quod
3405 4499 3529 4555 gra-

256 4594 341 4654 εἱς
380 4586 702 4659 ανθρώπους
743 4602 829 4650 τις
862 4584 1193 4655 ἁμαρτάνει,
1236 4583 1313 4647 ὼς
1354 4582 1557 4648 ἔδειξεν
1588 4585 1618 4638 6
1662 4582 1839 4652 λόγος,

1950 4595 2041 4641 tus
2065 4582 2365 4648 exstiterit,
2402 4580 2715 4636 mercedem
2748 4577 2946 4649 recipit
2972 4595 2985 4631 :
3015 4577 3098 4631 sin
3133 4586 3319 4631 autem
3352 4576 3533 4646 ingra—

333 4751 383 4782 “
410 4750 535 4805 Act.
561 4765 601 4813 ι,
638 4748 691 4802 1.
766 4747 811 4778 ’⁷
849 4744 1043 4801 Matth.
1081 4759 1175 4809 xu,
1202 4742 1303 4810 3|;
1340 4740 1475 4797 Luc.
1502 4757 1597 4810 xu,
1630 4741 1718 4797 10.
1795 4743 1834 4777 ³⁸

1940 4742 2059 4797 ιιιιι.
2085 4757 2179 4806 vn,
2215 4740 2267 4794 l.

340 4918 362 4939 ¹
407 4912 577 4968 Basil.
628 4913 684 4968 in
719 4912 914 4984 Regul.
964 4911 1211 4967 brevior.
1259 4925 1310 4966 c.
1361 4910 1489 4978 275,
1543 4918 1844 4979 auctorque
1880 4906 1992 4975 QQ.
2023 4906 2091 4963 ad
2130 4905 2410 4968 Antioch.,
2441 4919 2496 4973 q.
2526 4900 2615 4955 71.

338 5055 409 5127 (s)
437 5052 597 5127 Φασί
631 5068 812 5127 τινες.
845 5047 1002 5115 Quod
1034 5047 1128 5101 hic
1159 5045 1431 5127 Maximus
1447 5044 1616 5099 tantis
1649 5055 1836 5125 vexat,

262 5114 557 5184 de'modis
584 5114 788 5191 quibus
820 5114 1275 5191 peccata,_etiam
1307 5116 1468 5169 nobis
1508 5130 1620 5169 non
1668 5114 1850 5184 ι)ωοὶ-

270 5197 544 5259 tentibus,
572 5188 988 5262 indulgea'ntur,
1012 5188 1293 5262 refertque
1325 5196 1588 5262 tanquam
1637 5200 1705 5262 es
1728 5199 1853 5262 _v_e-

272 5281 457 5325 terum
492 5254 792 5325 sententia,
824 5259 1032 5329 aliquid
1059 5254 1397 5329 uillicultatis
1418 5255 1607 5329 liabet,
1635 5255 1745 5308 nisi
1769 5254 1853 5308 di-

270 5353 466 5395 camus
522 5333 690 5407 (quod
742 5325 948 5407 e_t_ip_se
981 5345 1091 5384 non
1149 5327 1387 5407 obscure
1430 5325 1617 5393 habet)
1648 5339 1860 5406 sermo-

271 5418 405 5465 nem
439 5396 577 5463 ess'e'
606 5404 676 5459 de
734 5396 942 5463 oblitis,
988 5415 1110 5469 quae
1158 5396 1426 5469 memoria
1470 5396 1689 5459 assequi
1751 5409 1865 5448 non

275 5494 605 5551 possumus;
652 5486 951 5551 _quorum_
985 5468 1257 5551 proinde.
1289 5482 1401 5551 nou
1445 5472 1663 5551 “potest
1688 5549 1700 5551 _
1742 5479 1866 5551 esse

279 5536 603 5620 Expressus'
635 5536 817 5620 dolor,
857 5541 953 5596 sed
987 5536 1195 5620 "solum
1246 5536 1574 5620 implicitus,
1626 5536 1868 5620 fac-vir-

282 5607 447 5676 tualis
499 5615 846 5689 poenitentia,
895 5626 1061 5689 quam
1110 5610 1285 5689 ipsam
1319 5607 1478 5689 velut
1518 5607 1865 5689 impetrent,

284 5673 664 5761 proximorum
698 5673 1003 5761 miserat-ip,
1030 5690 1091 5761 et
1112 5673 1260 5749 quod
1274 5678 1423 5761 alios
1458 5673 1862 5761 minimeijudi-

287 5747 509 5823 cemus;
550 5759 636 5813 vel
666 5756 835 5811 etiam
864 5753 959 5807 alii
995 5747 1227 5823 aliorum
1257 5748 1456 5823 delicta
1490 5747 1862 5823 ignoscamus.

294 5832 385 5887 Sic
407 5842 464 5886 et
493 5815 701 5902 passim
730 5826 930 5894 Chrys.
966 5820 1164 5878 salutis
1209 5816 1468 5888 paraudm
1488 5815 1608 5872 vias
1655 5815 1862 5871 venize-

1994 5059 2063 5099 ue
2114 5050 2451 5114 exaggerat:
2504 5053 2627 5114 qum
2685 5035 2869 5091 omnia
2925 5034 3008 5114 sic
3054 5030 3539 5114 ἀνθρωπινώτερον

1994 5060 2063 5099 ue
2114 5060 2451 5114 exaggerat:
2504 5060 2627 5108 quae
2685 5060 2869 5091 Uﬂlllla
2925 5060 3008 5089 su;
3054 5060 3539 5101 ανυρωῑιινωῖερυν

1955 5060 2130 5179 Ἇίοιο,
2164 5113 2330 5168 modo
2356 5112 2467 5182 jam
2522 5109 2671 5184 dicto
2698 5104 3025 5175 exponenda
3059 5112 3210 5184 sunt,
3246 5118 3362 5184 non
3388 5104 3540 5184 velut

1962 5173 2128 5255 quis,
2166 5173 2507 5255 graviorum_
2546 5173 3002 5255 sceleruin_reus,
3025 5173 3235 5255 absque
3288 5173 3539 5227 interiori

1965 5244 2302 5309 iiihacvvita
2362 5248 2711 5321 paenitentia,
2767 5246 2959 5300 saltem
3012 5244 3260 5307 virtuali,
3302 5257 3540 5321 veraque

1966 5325 2255 5391 charitate,
2281 5311 2498 5378 veniam
2524 5328 2869 5391 autregnum
2896 5323 3289 5382 consequatur.
3336 5311 3450 5391 Qua
3472 5312 3541 5367 de

1969 5411 2030 5450 re
2053 5396 2165 5466 jam
2193 5383 2383 5448 annot.
2420 5408 2477 5446 n.
2523 5391 2575 5444 8.
2612 5383 3017 5466 Ad_'a:rum_n_as
3068 5398 3132 5438 ac
3177 5383 3543 5466 necessitates

1969 5453 2116 5535 quod
2139 5466 2373 5530 attinet,
2402 5468 2639 5535 purgant
2693 5459 2776 5535 hac
2826 5455 3088 5535 quidem;
3146 5454 3241 5508 scd
3274 5453 3368 5535 qui
3403 5453 3544 5507 ferat

2008 5535 2264 5599 atienter,
2290 5530 2574 5602 Deumque
2599 5531 2654 5584 in
2690 5530 2771 5583 eis
2800 5530 3034 5581 ultorem
3062 5532 3322 5606 agnoscat
3347 5538 3413 5577 ac
3445 5538 3541 5576 co-

2008 5552 2264 5599 atienter,
2290 5552 2574 5602 Deumque
2600 5552 2654 5584 ln
2690 5552 2771 5583 Cls
2801 5552 3034 5581 uuurcul
3062 5552 3322 5606 agnusue".
3347 5552 3413 5577 ill;
3445 5552 3541 5576 ur-

1970 5552 2046 5660 rat
2066 5622 2079 5671 ;
2100 5607 2184 5660 sin
2208 5620 2363 5667 vero,
2396 5613 2611 5658 reatum
2643 5608 2879 5671 augent;
3064 5595 3227 5671 video
3254 5609 3377 5671 quae
3412 5608 3546 5663 pllr-v

1972 5665 2141 5746 gatio,
2173 5692 2300 5730 cum
2351 5665 2654 5746 inter_vit_ae
2678 5665 2822 5746 mala
2858 5668 2983 5736 quis
3006 5667 3062 5720 in
3096 5666 3268 5746 Deum
3293 5665 3544 5746 ingratus

1970 5734 2057 5801 Est
2087 5734 2152 5801 ac
2195 5760 2468 5799 morosus.
2495 5743 2573 5797 De
2602 5742 2722 5795 loco
2743 5739 2834 5793 hic
2861 5734 3079 5801 vexato,
3108 5736 3271 5806 plura
3317 5750 3385 5791 ex
3437 5734 3541 5789 Pa-
3638 5762 3641 5771 ι

1973 5816 2150 5871 tribus
2183 5817 2238 5871 in
2265 5815 2406 5871 Bibl.
2436 5814 2539 5869 PP.
2580 5811 2892 5867 concionat.
