3888 6432
479 395 482 398 ,
550 333 653 398 811

1709 334 1768 394 s.
1811 334 2096 394 maxum
2137 333 2642 394 CONFESSORIS
3347 310 3352 314 ’
3648 333 3728 400 8n

556 451 741 507 tientia
766 450 972 514 vivere,
1005 457 1063 501 ut
1093 458 1383 518 appetente
1410 463 1508 517 per
1526 448 1658 500 anni
1693 459 1940 518 tempora
1968 450 2117 504 coitu

2233 451 2354 519 ςύνῃ
2387 449 2576 520 συζῇν,
2609 449 2748 501 ὥστε
2777 447 2936 517 ήνίκα
2958 445 3092 516 πρὸς
3121 445 3399 497 συνουσίαν
3431 442 3734 515 συνέρχεσθαι

552 545 670 600 dies
695 541 1058 612 quadraginta
1092 541 1304 608 lugeat,
1339 553 1563 608 tumque
1587 554 1654 590 eo
1682 547 1977 602 transacto,
1999 556 2121 592 rur-

553 650 648 688 sus
675 632 795 685 dies
823 627 1182 699 quadraginta
1229 628 1377 680 luctu
1429 625 1710 695 transigat.
1759 626 1901 695 Figit
1937 637 2122 679 autem

551 719 743 773 nidum
778 718 833 771 in
881 716 1195 778 arboribus,
1229 716 1322 768 ubi
1367 716 1513 770 nulla
1568 717 1858 784 obtegcnte
1909 715 2121 779 umbra,

552 828 679 867 acre
705 826 842 881 puro
870 809 1092 863 fruitur.
1143 808 1269 862 Haec
1300 823 1433 861 vero
1459 823 1555 861 sua
1580 807 1791 870 indole,
1817 806 2122 862 castitatem

551 902 842 972 signiﬁcat.
868 898 1030 953 Praeit
1055 897 1199 951 enim
1235 897 1325 950 illa
1354 896 1570 950 cunctis
1589 894 1915 960 virtutibus;
1961 903 2123 963 atque

551 993 620 1046 ab
654 993 736 1046 eis
766 1004 887 1060 quae
937 989 992 1042 in
1043 1003 1265 1042 sensum
1313 987 1516 1042 cadunt
1563 994 1798 1048 secreta,
1840 1001 1908 1038 ex
1940 1000 2123 1039 rerum

550 1082 934 1151 temporalium
961 1079 1176 1143 umbra,
1209 1079 1421 1133 nullum
1446 1078 1696 1132 nubilum
1713 1075 1948 1148 patitur.
1981 1074 2126 1140 Qua-

549 1175 905 1245 dragenarius
931 1173 1080 1227 enim
1121 1187 1405 1236 numerus,
1437 1171 1702 1242 cujusque
1737 1177 1972 1239 quatuor
2009 1169 2123 1224 cle-

550 1276 863 1320 mentorum
900 1263 1297 1333 perfectionem
1334 1261 1739 1331 complectitur.

1079 1399 1361 1454 INTERR.
1404 1399 1598 1453 XXXI.

619 1513 758 1577 Quid
783 1513 882 1567 sibi
905 1512 1017 1566 vult
1046 1513 1184 1582 quod
1211 1513 1409 1567 dictum
1438 1524 1516 1568 est
1543 1531 1563 1569 :
1598 1533 1616 1566 ι
1651 1514 1891 1570 Reddens
1927 1512 2123 1583 iniqui-

552 1613 712 1657 tatem
739 1613 952 1673 patrum
985 1605 1048 1656 .in
1089 1602 1226 1672 ﬁlios
1257 1607 1314 1659 in
1360 1607 1570 1660 tertiam
1608 1607 1771 1678 312
1799 1616 1851 1660 et
1877 1615 2124 1677 quartam

551 1695 965 1762 generationem,
997 1695 1075 1750 his
1101 1695 1192 1764 qui
1220 1695 1442 1751 oderunt
1478 1713 1559 1751 me
1575 1699 1618 1730 ³²
1639 1699 1662 1750 ?
1680 1719 1699 1749 ι

1258 1805 1418 1879 Resp.

621 1896 861 1950 Primam
917 1899 1362 1968 generationem,
1413 1899 1541 1954 mali
1601 1901 2125 1970 proseminationem

551 1999 671 2039 esse
705 1987 992 2053 existimo;
1045 1989 1165 2058 ejus
1211 1989 1422 2044 scilicet
1465 1991 1650 2045 animo
1691 1993 2125 2061 suggestionem;

552 2075 778 2130 alteram
829 2092 983 2144 vero,
1025 2079 1416 2148 cupiditatem;
1476 2082 1714 2145 tertiam,
1760 2084 2130 2152 generationis

554 2172 683 2225 mali
714 2172 962 2227 habitum
987 2172 1206 2244 (nempe
1235 2175 1588 2246 consensum)
1606 2192 1620 2240 ;
1638 2187 1912 2244 quartam,
1931 2192 2128 2252 opera-

557 2261 760 2316 tionem
808 2263 1104 2330 (actioncm
1139 2265 1350 2320 scilicet
1392 2281 1457 2320 ac
1489 2268 1882 2338 ell'ectionem).
1929 2269 2131 2322 Reddi-

555 2360 647 2406 tur
671 2368 803 2423 ergo
844 2368 1020 2423 usque
1062 2353 1131 2408 ad
1179 2355 1398 2409 tertiam
1431 2364 1486 2410 et
1531 2366 1777 2426 quartam
1825 2359 2134 2428 generatio-

554 2457 712 2508 nem;
750 2458 852 2512 pro
883 2458 1154 2498 consensu
1201 2446 1413 2500 scilicet
1454 2457 1508 2500 et
1539 2448 1774 2501 actione.
1810 2451 1940 2514 Quae
1980 2450 2129 2503 enim

554 2533 740 2588 animo
778 2535 1055 2605 suggestio
1083 2544 1169 2590 est
1196 2547 1253 2590 et
1275 2539 1570 2607 cupiditas,
1599 2541 1833 2594 innoxia:
1868 2550 2015 2604 sunt,
2049 2541 2129 2594 id-

556 2628 706 2682 circo
732 2627 1018 2694 nimirum,
1049 2629 1197 2700 quod
1236 2633 1435 2685 malum
1465 2633 1521 2685 in
1555 2635 1715 2687 tinem
1758 2647 1868 2687 non
1911 2648 2132 2702 proces-

557 2720 711 2772 serit.

1075 2855 1357 2911 INTERR.
1399 2856 1613 2912 XXXII.

629 2963 872 3029 Quonam
913 2966 1067 3021 modo
1114 2968 1197 3038 pie
1237 2967 1575 3038 intelligenda
1619 2971 1706 3036 sit,
1743 2987 1859 3040 qua:
1899 2973 1954 3026 in
1992 2972 2133 3029 Scri-

557 3064 717 3125 ptura
747 3055 968 3112 habetur
994 3056 1092 3111 Dei
1119 3060 1422 3129 paenitentia
1445 3063 1470 3115 ζ)

1271 3194 1431 3250 Resp.

1271 3213 1373 3250 nes
1415 3235 1431 3249 .

626 3282 732 3350 Qui
765 3282 834 3338 de
869 3283 1072 3340 divinis
1113 3286 1204 3355 pie
1248 3213 1611 3361 religioseque
1653 3293 1861 3350 sentire
1905 3306 2132 3363 norunt,

560 3373 897 3446 impossibile
933 3377 1088 3430 aiunt
1114 3378 1307 3445 Deum,
1342 3381 1436 3450 qui
1492 3391 1700 3440 natura:
1729 3401 1914 3440 rerum
1942 3389 2136 3443 condi-

563 3477 647 3520 tor
680 3466 772 3533 sit,
797 3468 1095 3522 nonetiam
1127 3469 1198 3524 iis
1218 3486 1340 3539 qua:
1362 3473 1583 3529 condita
1616 3484 1766 3542 sunt,
1789 3485 1984 3533 natura
2009 3495 2138 3549 pro-

561 3555 770 3610 videre.
799 3557 895 3610 Sin
921 3565 1104 3611 autem
1143 3575 1202 3612 se
1228 3574 1320 3614 res
1342 3561 1417 3614 ita
1448 3562 1633 3630 habet,
1665 3567 1891 3622 omnino
1911 3585 2136 3626 necesse

559 3657 664 3713 est,
713 3664 840 3703 cum
894 3649 1040 3705 Deus
1081 3653 1322 3707 humano
1358 3655 1548 3724 generi
1589 3667 1782 3712 natura
1831 3661 2135 3730 provideat,

559 3741 744 3809 plures
770 3740 917 3810 apud
946 3758 1074 3797 eum
1105 3755 1322 3800 exstare
1356 3747 1550 3801 salutis
1577 3753 1631 3802 ei
1664 3751 1984 3818 prastandaa
2015 3767 2136 3806 mo-

560 3833 682 3885 dos.
712 3831 849 3886 Nam
880 3848 1006 3887 cum
1043 3836 1208 3890 homo
1233 3837 1437 3892 animal
1473 3839 1546 3892 sit
1569 3841 1826 3895 versatile
1855 3857 1920 3896 ac
1949 3842 2138 3899 incon-

560 3929 733 3990 stans,
769 3922 1037 3993 facileque
1085 3941 1186 3996 pro
1223 3937 1530 3998 temporum
1568 3946 1892 4002 morumque
1929 3935 2136 3990 ratione

559 4014 844 4080 mutabile,
878 4017 1037 4084 plane
1071 4019 1237 4072 etiam
1275 4036 1502 4076 necesse
1531 4032 1636 4089 est,
1671 4033 1733 4078 ut
1774 4025 1957 4080 divina
2005 4027 2138 4080 Pro-

561 4105 822 4172 videntia,
853 4113 954 4162 etsi
984 4125 1099 4179 ipsa
1139 4111 1330 4166 eadem
1368 4122 1474 4179 est,
1522 4131 1621 4185 pro
1649 4116 2001 4172 all‘ectionum
2038 4135 2138 4173 no-

562 4206 797 4252 strarum
848 4205 1058 4256 ratione
1087 4213 1389 4270 'inutetur;
1457 4223 1578 4276 qua:
1625 4209 1884 4264 nimirum
1937 4227 2033 4280 per
2071 4229 2136 4267 ea

561 4305 682 4358 qua:
715 4301 908 4345 natura
943 4295 1291 4362 conveniant,
1328 4301 1804 4356 succrescentibus
1837 4303 1893 4358 in
1938 4314 2134 4358 natura

560 4381 710 4435 vitiis
736 4383 958 4438 modum
989 4387 1250 4451 inveniat.
1281 4389 1360 4444 Ac
1401 4390 1544 4446 sicut
1572 4395 1674 4447 arti
1719 4395 1942 4450 medicae
1977 4398 2134 4451 multi

2155 1819 2202 1878 Β

2233 542 2435 610 μέλλει,
2489 543 2895 610 τεσσαράκοντα
2930 537 3155 607 -ἡμέρας
3200 534 3448 588 πενθεῖν·
3479 536 3567 589 καὶ
3611 537 3738 592 πάλιν

2233 636 2371 703 μετὰ
2425 634 2618 699 ταῦτα,
2660 633 2822 696 ἄλλας
2871 631 3295 702 τεσσαράκοντα.
3346 630 3456 701 Τὴν
3494 631 3549 684 δὲ
3590 634 3742 686 καλιὰν

2230 727 2497 796 πήγνυσιν
2540 728 2597 779 ὲν
2646 727 2758 788 τοῖς
2803 725 3056 796 δένδροις,
3109 723 3236 776 ἔνθα
3286 723 3364 793 μὴ
3419 724 3743 788 ἐπισκιάζεται

2231 815 2334 866 ὑπό
2362 831 2528 878 τινος,
2562 814 2698 867 ἀλλὰ
2727 813 2963 884 καθαρὸν
3003 813 3092 865 τὸν
3118 813 3256 882 ἀέρα
3279 812 3415 882 ἔχει.
3446 812 3678 881 Σημαίνει
3701 814 3744 865 δὲ

2229 905 2317 957 διὰ
2348 903 2552 957 τούτων
2577 905 2675 976 τὴν
2713 902 3083 974 σωφροσύνην.
3121 901 3272 973 Αὕτη
3305 902 3418 974 γὰρ
3449 903 3640 972 ἡγεῖται
3665 904 3747 955 πᾶα

2232 995 2340 1048 σῶν
2372 995 2479 1049 τῶν
2509 995 2752 1068 ἀρετῶν·
2803 995 3178 1049 άποδιάκειται
3210 994 3268 1047 δὲ
3309 993 3406 1047 καὶ
3453 993 3553 1046 τῶν
3593 993 3745 1063 aluei;-

2230 1089 2357 1151 τῶν,
2390 1087 2494 1140 ὑπὸ
2531 1087 2756 1158 μηδενὸς
2805 1087 3134 1158 σκιαζομένη
3183 1085 3291 1140 τῶν
3323 1084 3652 1160 προσκαίρῳν
3703 1085 3747 1136 ’0

2229 1180 2665 1252 τεσσαρακοστὸς
2691 1180 2796 1253 γὰρ
2813 1178 3064 1251 ἀριθμὸς,
3082 1178 3180 1250 τὴν
3198 1177 3433 1231 ἑκάστου
3450 1176 3555 1228 τῶν
3576 1177 3612 1228 δ’
3638 1193 3746 1229 στοι-

2231 1271 2391 1342 χείων
2419 1272 2736 1342 ἐμπεριέχει
2765 1269 3061 1324 τελείωσιν.

2819 1403 3017 1459 ΕΡΩΤ.
3067 1403 3196 1456 AA'.

2306 1518 2368 1570 Τί
2391 1516 2512 1570 ἐστι
2544 1517 2632 1581 τὸ,
2671 1535 2690 1568 ι
2738 1514 3087 1581 Ἀποδιδοὺς
3116 1516 3408 1585 ἁμαρτίας
3454 1512 3656 1584 γονέων
3679 1515 3751 1566 ἐπι

2229 1611 2410 1660 τέκνα
2429 1646 2444 1672 ,
2498 1604 2610 1670 ἕως
2645 1605 2847 1673 τρίτης
2887 1605 2985 1658 καί
3034 1605 3320 1672 τετάρτης
3377 1602 3610 1673 γενεᾶς,
3660 1605 3752 1668 τοῖς

2227 1695 2480 1764 μισοῦσι
2503 1712 2579 1767 με
2599 1712 2648 1761 ,°i

2874 1807 3112 1876 Ἀπόκρ.

2302 1899 2529 1970 Πρώτην
2561 1897 2754 1968 γενεὰν
2797 1899 2869 1971 (z)
2907 1899 3286 1970 ὑπειλήφαμεν
3329 1892 3494 1962 εἶναι,
3535 1897 3626 1967 τὴν
3654 1913 3749 1949 στο-

2234 1993 2330 2061 ρὰν
2359 1991 2452 2044 τοῦ
2483 1990 2656 2044 κακοῦ
2680 2007 2694 2020 ·
2742 1990 3007 2056 τουτέστι,
3038 1989 3136 2060 τὴν
3167 1989 3481 2060 προσϐολήν
3501 2005 3513 2018 ·
3541 1988 3749 2056 δευτέραν

2229 2082 2427 2152 δὲ,τήν
2477 2083 2808 2153 ἐπιθυμίαν·
2852 2081 3040 2153 τρίτην
3094 2081 3150 2133 δὲ
3193 2086 3295 2151 τὴν
3331 2080 3450 2145 ἕξιν
3490 2078 3580 2131 τοῦ
3625 2075 3753 2130 κακοῦ

2229 2175 2443 2241 γενεᾶς,
2475 2174 2745 2238 τουτέστι,
2780 2173 2876 2244 τὴν
2928 2171 3322 2242 συγκατάθεσιν
3344 2189 3357 2202 ·
3416 2171 3664 2241 τετάρτην
3697 2169 3753 2230 δὲ,

2228 2269 2327 2334 τὴν
2376 2268 2685 2337 ἐνέργειαν,
2731 2266 2977 2319 τουτέστι
3033 2264 3131 2336 τὴν
3181 2265 3405 2336 πρᾶξιν.
3476 2261 3754 2316 Ἀποδίδοται

2229 2353 2322 2410 οὖν
2377 2358 2483 2420 ἕως
2530 2358 2720 2428 τρίτης
2770 2357 2862 2410 καὶ
2907 2357 3172 2428 τετάρτης
3234 2359 3454 2424 γενεᾶς·
3513 2354 3752 2408 τουτέστιν.

2233 2450 2370 2522 ὑπὲρ
2402 2448 2498 2520 τῆς
2536 2449 2984 2520 συγκαταθέσεως
3016 2449 3111 2503 καὶ
3144 2448 3242 2520 τῆς
3273 2448 3545 2522 πράξεως.
3601 2446 3656 2501 Ἦ
3676 2445 3756 2515 γὰρ

2232 2539 2505 2611 προσϐολὴ
2549 2540 2644 2592 κοιλ⁵
2685 2541 2719 2610 ή
2753 2538 3039 2608 ἐπιθυμία,
3087 2539 3381 2602 ἀνεύθυνὸς
3415 2540 3578 2600 ἐστιν,
3615 2535 3678 2597 ὥς
3701 2535 3754 2602 μὴ

2229 2634 2310 2695 εἰς
2339 2634 2510 2702 πέρας
2535 2630 2628 2684 τοῦ
2663 2630 2836 2685 κακοῦ
2865 2631 3234 2702 προελθόντος.

2827 2846 3024 2901 ΕΡΩΤ.
3079 2847 3201 2900 AB'.

2301 2962 2435 3030 Πῶς
2459 2963 2685 3032 ὀφείλει
2713 2959 2973 3028 εὐσεϐῶς
3005 2960 3297 3030 νοηθῆναι
3326 2961 3368 3028 ἠ
3397 2961 3469 3014 ἐν
3493 2958 3564 3028 τῇ
3592 2954 3754 3026 Γραρῇ

2232 3052 2474 3123 κειμένη
2503 3052 2608 3106 τοῦ
2635 3050 2783 3104 Θεοῦ
2804 3051 3180 3122 μεταμέλεια.

2903 3192 3140 3260 Ἀπόκρ.

2303 3283 2472 3337 Φασὶν
2517 3283 2566 3336 οἱ
2611 3285 2680 3338 τὰ
2727 3283 2846 3337 θεῖα
2874 3284 3113 3349 εὐσεϐῶς
3164 3288 3388 3355 φρονεῖν
3435 3285 3754 3354 διεγνωκότες,

2233 3375 2493 3430 ἀδύνατον
2531 3372 2671 3430 εἶναι
2702 3376 2796 3431 τὸν
2819 3377 2952 3430 Θεὸν
2982 3376 3144 3446 φύσει
3190 3377 3322 3431 ὄντα
3348 3375 3676 3448 δημιουργὸν,
3701 3373 3755 3444 μὴ

2235 3469 2329 3520 καὶ
2362 3467 2665 3538 προνοητὴν
2706 3464 2844 3521 εἶναι
2891 3466 3054 3537 φύσει
3081 3467 3191 3521 τῶν
3238 3467 3751 3539 δεδημιουργημένων.

2234 3558 2298 3612 Εί
2323 3558 2378 3611 δὲ
2402 3557 2581 3623 τοῦτο,
2611 3559 2827 3628 ἀνάγκη
2855 3558 3006 3613 πᾶσά
3039 3561 3156 3612 ἐστι
3201 3560 3451 3630 φυσικῶς
3484 3555 3755 3631 προνοουμέ-

2233 3665 2326 3701 νου
2355 3649 2448 3702 τοῦ
2479 3649 2614 3702 Θεοῦ
2641 3649 2741 3719 τῆς
2765 3648 3205 3721 ἁνθρωπότητος,
3245 3649 3480 3713 πολλοὺς
3507 3644 3632 3702 εἶναι
3661 3644 3754 3714 παρ’

2234 3739 2382 3810 αὐτῷ
2411 3742 2536 3804 τοὺς
2581 3741 2710 3812 περὶ
2739 3741 2839 3812 τὴν
2871 3741 3272 3812 προνοουμένην
3313 3741 3478 3810 φύσιν
3507 3741 3595 3809 τῆς
3629 3753 3754 3804 σωτη-

2236 3832 2354 3902 ρίας
2397 3831 2652 3902 τρόπους.
2718 3833 2934 3904 Ἐπειδὴ
2992 3833 3100 3902 γὰρ
3161 3834 3528 3905 ἀγχίστροφον
3580 3831 3751 3896 ζῶονό

2234 3922 2537 3994 ἄνθρωπος,
2573 3923 2810 3994 εὐχερῶς
2860 3927 2971 3987 τοῖς
3023 3927 3233 3993 καιροῖς
3286 3927 3385 3979 καὶ
3432 3928 3540 3990 τοῖς
3583 3923 3752 3993 τρόποις

2237 4014 2840 4086 συμμεταϐαλλόμενον,
2889 4017 3103 4086 ἀνάγκη
3154 4018 3377 4082 πάντως
3395 4020 3488 4071 καὶ
3522 4017 3610 4087 τὴν
3642 4013 3750 4066 θείειν

2236 4106 2521 4175 Πρόνοιαν,
2547 4105 2722 4158 καίτοι
2747 4104 2846 4174 τὴν
2868 4106 3034 4174 αὐτὴν
3059 4102 3242 4168 οὖσαν,
3263 4122 3327 4158 συ
3335 4099 3750 4176 μμεταὸάλλεσθσι

2234 4199 2353 4258 τοῖς
2391 4196 2544 4266 ἡμῶν
2571 4196 2862 4259 διαθέσεσι,
2893 4195 2983 4249 διὰ
3004 4197 3112 4249 τῶν
3136 4197 3432 4268 προσφυῶς
3464 4194 3748 4269 ἁρμοζόντων

2233 4288 2352 4349 ταῖς
2384 4286 2442 4338 ὲν
2463 4288 2527 4357 τῇ
2559 4284 2718 4355 φύσει
2739 4287 3144 4357 ἁναφυομέναις
3168 4289 3391 4353 κακίαις
3419 4289 3604 4361 τρόπον
3630 4287 3748 4351 ἐφευ-

2239 4378 2545 4448 ρίσκουσαν.
2591 4378 2699 4430 Καὶ
2727 4377 2914 4448 ῶσπερ
2947 4379 3044 4432 ἐπὶ
3080 4379 3178 4449 τῆς
3213 4382 3494 4453 ἰατρικῆς,
3522 4376 3685 4433 πολλαὶ
3707 4373 3746 4425 αξ

562 4474 844 4545 subjacent
893 4478 1102 4545 morbi;
1148 4496 1212 4535 ac
1259 4496 1488 4536 necesse
1539 4492 1599 4538 ut
1645 4485 1818 4540 solcrs
1861 4487 2129 4550 medicus,

2234 4472 2405 4543 ταύτῃ
2424 4471 2777 4543 ὑποκείμεναι
2805 4474 2978 4527 νόσοι·
2996 4476 3092 4528 καὶ
3107 4474 3319 4545 ἀνάγκη
3349 4475 3443 4528 τὸν
3470 4471 3744 4572 ἐπιστήμογα

561 4564 654 4633 ιιιιὶ
703 4565 758 4618 in
809 4568 978 4621 multa
1032 4568 1356 4640 diversaque
1401 4575 1781 4643 agrotantium
1827 4591 2121 4646 corporum

560 4670 761 4723 genera
800 4656 1028 4722 incidat,
1065 4659 1180 4728 ipse
1208 4677 1428 4732 quoque
1472 4680 1502 4718 a
1538 4666 1906 4723 deterioribus
1936 4670 2003 4724 ad
2033 4686 2132 4741 po-

562 4749 732 4801 tiores
764 4749 956 4803 modos
983 4759 1222 4807 transeat
1258 4773 1271 4807 :
1319 4755 1399 4809 sic
1429 4765 1482 4810 et
1524 4757 1578 4810 in
1622 4759 1754 4824 Deo,
1789 4762 2019 4816 mutatio
2062 4765 2132 4818 ab

634 4908 674 4937 ³²
704 4908 860 4963 Deut.
886 4924 939 4973 ν,
968 4910 1019 4962 9.

634 5043 708 5115 (ῃ)
752 5043 997 5123 Πρώτηι⁸
1048 5044 1290 5123 γενεάν..
1313 5045 1528 5099 Maximi
1562 5049 1678 5123 inec
1705 5050 2142 5123 doctrina.quoa

566 5117 867 5192 suggestio,
892 5115 1186 5192 primaque
1209 5115 1358 5192 velut
1387 5119 1777 5192 appreliensio,
1801 5138 1864 5175 ac
1895 5139 1988 5192 qui
2009 5115 2131 5179 eam

567 5184 839 5254 sequitur,
898 5184 1067 5255 animi
1115 5184 1564 5253 concupiscentis
1613 5199 1814 5255 motus,
1845 5184 1973 5247 ante
2001 5210 2136 5249 con-

568 5271 788 5308 sensum
823 5269 888 5308 ac
914 5254 1282 5309 deliberatam
1312 5258 1604 5320 rationem,
1634 5275 1730 5311 seu
1771 5254 1935 5316 etiam
1959 5266 2128 5319 actio-

567 5341 714 5387 nem,
752 5340 872 5393 qua:
903 5326 974 5378 sit
1017 5340 1148 5378 vere
1191 5335 1350 5378 actus
1405 5326 1701 5392 humanus,
1741 5347 1836 5384 seu
1893 5333 2132 5389 hominis

566 5395 781 5469 agentis
804 5411 871 5448 ex
891 5395 1127 5469 consilio
1153 5397 1664 5469 nutuquerationis
1682 5408 1738 5452 et
1771 5409 1830 5453 ut
1860 5402 2000 5456 liber
2023 5415 2127 5469 est,

566 5480 605 5540 a_
629 5466 743 5518 Deo
773 5480 883 5518 non
912 5465 1520 5540 puniantur,_n0nduin
1558 5467 1614 5540 in
1633 5469 2013 5540 eis‘completa
2041 5465 2127 5527 ra;

567 5534 715 5612 tione
741 5533 969 5602 peccati,
1004 5535 1099 5612 sed
1129 5533 1363 5612 quadam
1386 5535 1533 5612 illius
1563 5533 1933 5603 inchoatione,
1973 5545 2128 5612 cujus

568 5603 683 5672 ipsa
744 5605 1095 5672 compressio-
1130 5604 1352 5658 virtutis
1392 5605 1554 5659 laude
1601 5623 1711 5660 non
1762 5621 1967 5674 careat,
1996 5603 2126 5668 vera

569 5689 781 5750 morum
817 5674 1070 5750 doctrina
1121 5683 1246 5750 est;
1308 5677 1572 5750 remotior
1607 5685 1786 5750 tamen
1823 5682 2123 5750 tropologia

568 5744 786 5797 videtur
815 5758 880 5797 ex
908 5743 1001 5796 illo
1029 5736 1188 5797 Deut.
1231 5745 1373 5810 loco,
1399 5748 1556 5817 cujus
1576 5749 1762 5803 mitior
1807 5736 1928 5808 fere:
1968 5736 2119 5812 Grie-

2236 4564 2439 4635 ίατρδν,
2469 4563 2562 4616 τοῦ
2593 4564 2950 4637 ὑποκειμένου
2973 4565 3223 4637 σώματος
3254 4568 3337 4630 είς
3369 4564 3534 4619 πολλὰ
3557 4565 3639 4617 καὶ
3662 4557 3745 4613 διά·

2235 4673 2378 4729 φορα
2407 4657 2705 4727 παθήματα
2725 4658 3034 4721 πίπτοντος,
3065 4657 3160 4711 καὶ
3193 4659 3355 4712 αὑτὸν
3388 4660 3467 4722 είς
3493 4657 3744 4728 κρείττὸνας

2238 4747 2468 4819 τρόπους
2517 4749 2624 4802 άπὸ
2667 4749 2776 4802 τῶν
2809 4751 3046 4819 ἡττόνων
3099 4751 3477 4821 μεταϐαίνειν·
3511 4748 3657 4807 οὕτως
3679 4740 3746 4794 13"-

2248 5075 2437 5138 eorum
2454 5063 2726 5131 expositio
2749 5075 2856 5119 est.
2912 5066 3275 5123 Peecantibus
3300 5070 3494 5138 prima,
3531 5060 3738 5121 secunda,

2247 5131 2409 5184 tertia
2433 5142 2489 5186 et
2527 5144 2724 5201 quarta
2769 5138 3224 5210 generationibus
3272 5131 3487 5210 [feoque
3508 5139 3736 5192 dim-rente

2246 5215 2463 5281 poenam
2495 5218 2596 5272 pro
2628 5220 2724 5281 sua
2748 5208 3066 5281 clementia,
3101 5219 3352 5277 quartam
3376 5208 3579 5264 tandem
3610 5217 3732 5281 gest"

2241 5271 2515 5345 rationein
2541 5275 2726 5342 puniri
2752 5277 2903 5328 velut
2927 5285 3077 5332 esset
3113 5271 3356 5334 ninnium
3385 5296 3504 5344 rea;
3545 5271 3735 5345 quasiilt

2238 5354 2301 5417 ea
2331 5341 2600 5410 completa
2630 5353 2980 5414 peccatorum
3016 5364 3296 5413 mensura,
3332 5350 3474 5404 ultra
3493 5341 3643 5417 quam,
3664 5341 3732 5417 De}

2233 5406 2594 5486 decreto—non
2621 5406 2738 5486 erat
2754 5417 3100 5486 proroganda
3137 5406 3294 5474 illius,
3314 5406 3599 5474 clementia.
3614 5406 3732 5486 Quod

2232 5479 2443 5556 liquido
2474 5482 2548 5556 ita
2584 5479 2884 5556 contigisse
2926 5479 3189 5544 'videmus
3235 5491 3290 5544 in
3335 5489 3498 5545 veteri
3541 5480 3728 5556 populo;

2230 5548 2947 5629 Deoszepiusindulgente;
2985 5565 3233 5629 tumque,
3279 5548 3555 5615 obstinata
3579 5548 3726 5606 eorum

2229 5621 2456 5684 malitia,
2493 5638 2711 5691 ptenam
2758 5621 3093 5683 imminente
3122 5621 3144 5682 Ξ
3187 5621 3288 5685 nec
3316 5631 3419 5685 alio
3447 5631 3630 5697 spectat
3662 5633 3730 5669 SC-

2228 5705 2403 5756 qnens
2427 5702 2807 5764 postﬂalterarii
2844 5698 3097 5763 queestio,
3143 5700 3208 5755 de
3246 5702 3417 5758 tribus
3452 5709 3501 5752 et
3539 5699 3723 5764 quatuor

2226 5765 2528 5816 scc.cribus
2553 5763 2687 5834 Tyri
2717 5773 2771 5817 et
2793 5764 3030 5820 aiorum.
