4082 6446
261 463 366 532 817

1415 479 1907 550 QUASSTIONES
1945 485 2038 544 ET
2080 487 2333 548 DU‘BIA.

3396 494 3500 560 818

257 582 343 631 ῐγα
371 576 459 632 διὰ
480 577 580 648 τῆς
614 579 696 642 είς
727 581 889 638 αὑτὸν
920 582 1181 648 πίστεως,
1218 584 1380 656 ήνίκα
1407 587 1496 640 διὰ
1526 587 1826 662 φιλανθρω-

1933 592 2082 648 misit
2116 612 2128 647 :
2161 603 2224 658 ut
2265 596 2478 651 scilicet
2509 613 2607 668 per
2646 598 2808 655 tidem
2845 601 2900 656 in
2940 600 3142 672 ipsum,
3181 616 3305 657 cum
3347 607 3503 659 bem-

250 673 385 724 πὶαν
415 672 474 724 ὲν
497 675 563 742 τῇ
587 670 681 724 τοῦ
710 673 834 743 ᾇδου
862 673 1084 744 γένηται
1107 674 1277 747 χώρα,
1297 676 1411 730 ὅσοι
1430 679 1820 744 πιστεύσωσιν,

248 761 425 834 ἀφεθῇ
454 762 638 826 αὐτοῖς
671 765 704 834 ἡ
755 764 856 832 τῆς
887 765 1141 829 ἀσεϐείας
1170 769 1412 838 ἁμαρτία
1434 787 1448 800 ·
1478 770 1575 824 καὶ
1614 771 1824 842 ζήσωσι

248 855 392 908 κατὰ
449 853 579 908 Θεὸν
641 857 1281 928 πνεύματι,-κριθέντες
1334 861 1576 931 δηλονότι
1636 863 1822 934 σαρκὶ.

245 943 434 1010 καθὼς
466 946 703 1017 εἴρηται,
737 949 876 1002 ὕπὲο
924 950 1032 1003 τῶν
1076 952 1158 1013 είς
1201 953 1520 1022 ἀνθρώπους
1569 954 1826 1026 πλημμε-

245 1034 430 1096 λειῶν.

848 1153 1045 1208 ΕΡΩΤ.
1087 1154 1219 1208 AH'.

317 1239 388 1295 Tt
436 1243 717 1312 σημαίνει
762 1241 940 1295 Δαϐὶδ
984 1241 1260 1311 ψάλλων,
1303 1246 1402 1297 καὶ
1445 1244 1511 1298 τὸ
1557 1247 1830 1314 πονηρὸν

241 1330 488 1400 πνεῦμα
519 1332 626 1387 τοῦ
658 1333 857 1388 Σαοὺλ
882 1334 1360 1389 ἁποκαταπαύων
1384 1352 1399 1397 ,

921 1446 1161 1516 Ἀπόκρ.

316 1537 438 1601 Πᾶς
476 1539 506 1592 ὁ
533 1537 674 1592 κατὰ
721 1537 815 1590 τὸν
865 1539 1135 1610 μακάριον
1186 1539 1350 1593 Δαϐὶδ
1398 1541 1701 1611 ποιμαίνων
1752 1539 1822 1594 τὰ

243 1627 522 1699 πρόϐατα,
548 1631 849 1692 τουτέστιν,
889 1628 952 1681 τὸ
993 1629 1296 1698 λογιστικὸν
1326 1631 1427 1700 τῆς
1457 1630 1634 1703 ψυχῆς
1659 1647 1676 1663 ο
1729 1633 1824 1686 καὶ

243 1719 459 1771 κτὲνων
490 1717 659 1788 θυμὸν
705 1719 802 1772 καὶ
849 1717 1145 1787 ἐπιθυμίαν
1178 1721 1430 1793 καθάπερ
1483 1722 1688 1785 ἐκεῖνος
1729 1721 1825 1777 τὸν

243 1810 439 1864 λέοντα
468 1811 563 1864 καὶ
587 1809 685 1880 τὴν
714 1811 916 1882 ἄρκονο
946 1806 1100 1876 οὗτος
1128 1811 1208 1882 τῷ
1248 1812 1392 1884 λόγῳ
1427 1814 1527 1883 τῆς
1569 1813 1822 1868 διδασκα-

1932 683 2192 754 gnissima
2206 686 2507 749 clementia
2524 688 2588 742 ad
2610 689 2824 746 inferna
2846 691 3246 758 descendisset,
3261 693 3504 748 universi

1933 775 1990 828 in
2023 790 2152 830 eum
2179 777 2469 840 credituri.
2515 779 2816 850 impietatis
2846 792 2998 841 reatu
3027 784 3396 846 solverentur,
3421 782 3506 835 νὶτ

1931 878 2234 937 verentque
2278 869 2479 938 spiritu
2518 871 2821 930 secundum
2853 874 3024 930 Deum
3047 888 3262 941 ;_carne
3295 873 3507 928 scilicet

1923 956 2180 1028 judicati,
2213 975 2406 1015 eorum
2431 962 2672 1027 nomine,
2709 979 2830 1034 quae
2867 967 2921 1018 in
2953 966 3203 1021 homines
3235 964 3503 1035 deliquis-

1930 1059 2072 1103 sent.

2418 1159 2701 1215 INTER“.
2738 1161 3026 1224 XXXVIII.

2001 1244 2139 1310 Quid
2153 1248 2249 1302 sibi
2272 1247 2393 1302 velit
2423 1249 2592 1306 David
2616 1251 2913 1321 psallendo,
2933 1254 3503 1334 spiritumquematum

1931 1354 1962 1388 a
1987 1335 2152 1391 Saule
2175 1339 2406 1394 sedando
2445 1359 2506 1395 ac
2529 1343 2817 1412 mitigando
2847 1343 2885 1375 ³⁷
2913 1344 2937 1396 ?

2635 1453 2792 1526 Resp.

1999 1542 2260 1614 Quisquis
2310 1543 2367 1599 in
2418 1545 2566 1601 beati
2612 1547 2832 1602 Davidis
2870 1563 3100 1615 morem,
3149 1555 3538 1622 πειραθείς--

1931 1631 2121 1702 (animi
2140 1633 2656 1706 scilicetcogitantis
2676 1637 2786 1691 vim
2808 1653 2872 1692 ac
2889 1639 3138 1711 rationis)
3153 1657 3219 1702 ac
3239 1641 3393 1697 velut
3415 1643 3508 1698 ille

1929 1724 2144 1780 leonem
2166 1735 2223 1780 et
2237 1740 2425 1781 ursun.
2450 1727 2610 1797 (iram
2627 1736 2683 1782 et
2697 1728 3077 1803 cupiditatem)
3095 1731 3300 1788 occidit
3316 1733 3390 1799 ἐς
3415 1733 3508 1790 hic

1929 1815 2194 1871 doctrinae
2231 1831 2542 1872 sermonem
2577 1833 2702 1873 cum
2735 1821 2957 1876 sublimi
2985 1822 3222 1891 quadam
3256 1832 3507 1879 contem-

239 1902 367 1965 i.£a;
394 1899 676 1974 χρώμενος
725 1902 865 1973 μετᾶ
904 1920 1048 1966 τινος
1101 1902 1311 1974 ὑψηλῆς
1364 1903 1615 1977 θεωρίας,
1641 1905 1821 1977 ἡδύνει

1931 1905 2171 1976 platione
2202 1922 2496 1977 usurpans,
2536 1909 2850 1964 audientem
2881 1909 3140 1977 delectat,
3167 1911 3506 1984 vitiososque

242 1993 338 2047 τὸν
367 1992 655 2058 ἀκούοντα,
681 1994 775 2047 καὶ⁵
799 1995 867 2048 τὰ
897 1997 956 2050 ὲν
981 1995 1130 2049 αὐτῶ
1175 1993 1320 2067 πάθη
1349 1997 1450 2068 τῆς
1473 1998 1672 2062 κακίας
1697 2015 1826 2052 κατ-

1931 1995 1984 2048 in
2013 2012 2080 2050 eo
2110 1995 2342 2052 allectus
2364 2012 2427 2061 ac
2454 1996 2714 2054 libidines
2731 1999 2888 2055 sedat

241 2083 489 2151 ευνάζει.

847 2200 1044 2256 ΕΡΩΤ.
1077 2199 1182 2254 ΛΘ¹

325 2287 572 2358 Ἐπειδὴ
597 2291 636 2359 ἡ
664 2289 876 2360 Γραρὴ
914 2289 1143 2359 τρανῶς
1169 2290 1349 2361 λέγει,
1380 2293 1468 2346 ὅτι
1493 2293 1712 2348 δέδωκε
1732 2291 1826 2346 ds-

239 2378 434 2447 gdtac
465 2383 501 2435 ὁ
551 2381 794 2452 Ἀϐραὰμ
828 2382 906 2449 τῷ
932 2383 1304 2452 Μελχισεδέκ
1327 2401 1342 2415 ·
1390 2385 1590 2450 ἄλλως
1625 2401 1690 2438 τε
1731 2383 1834 2436 καὶ

239 2472 295 2537 el
353 2469 555 2525 ,πάντα
578 2470 843 2530 ἀπέδωκε
867 2509 882 2535 ,
919 2471 1112 2540 καθὼς
1143 2474 1325 2540 αὐτὸς
1350 2474 1511 2543 λέγει
1535 2518 1548 2534 .
1587 2473 1676 2528 ὅτι
1721 2473 1830 2540 ἕως

238 2559 664 2630 σφαιρωτῆρος
693 2560 1076 2630 ὑποδήματος
1106 2564 1218 2618 οὐκ
1247 2563 1448 2628 ἔλαϐε,
1480 2565 1668 2618 πόθεν
1730 2563 1826 2617 δέ-

237 2652 405 2708 δωκε
430 2652 683 2720 δεκάτας
704 2669 724 2717 ;
748 2653 899 2707 Οὐδὲ
931 2654 1042 2723 τὰρ
1070 2655 1247 2720 αὐτὸς
1261 2654 1418 2709 ιδιόν
1436 2672 1490 2710 τι
1509 2654 1829 2726 ἐπεφέρετο

236 2746 332 2812 είς
361 2744 634 2814 πόλεμον
655 2744 998 2813 ἐκρωηκτος
1025 2745 1452 2816 ἀπερχόμενος.

916 2859 1148 2927 Ἀπόκρ.

325 2950 553 3022 Ἐπειδὴ
585 2951 618 3021 ἡ
649 2951 768 3004 Θεία
804 2951 994 3023 Γραφὴ
1027 2951 1178 3016 ἱερέα
1207 2951 1302 3005 τοῦ
1349 2950 1486 3006 Θεοῦ
1540 2952 1632 3005 τὸν
1680 2952 1826 3008 Μελ-

236 3045 468 3117 χισεδὲκ
500 3043 650 3111 λέγει
683 3039 844 3106 εἶναι,
873 3044 1260 3114 προσηκόντως
1315 3042 1424 3114 ἄρα
1480 3043 1511 3096 6
1572 3043 1828 3115 Ἀϐραὰμ

236 3137 319 3200 ὡς
353 3134 545 3189 λαῖκοῦ
573 3134 724 3200 τάξιν
756 3135 968 3205 ἐπέχων
1008 3133 1296 3186 δεδωκέναι
1325 3135 1402 3204 τῷ
1435 3135 1570 3204 ἱερεῖ
1591 3134 1692 3198 τὰς
1742 3135 1830 3188 δε-

234 3230 422 3292 κάτας
476 3227 922 3299 πιστευθήσεται.
956 3227 1078 3279 Ὀτι
1108 3226 1165 3278 δὲ
1197 3229 1291 3279 κα)⁹
1316 3221 1432 3295 εἶχε
1498 3225 1664 3280 πόθεν
1718 3244 1824 3282 πα-

236 3321 500 3391 ρασχεῖν,
533 3318 744 3371 ἐκεῖθεν
777 3316 956 3387 δῆλον.
1020 3317 1083 3370 Οἱ
1136 3317 1246 3388 γὰρ
1297 3315 1826 3385 ἐπιστρατεύσαντες

238 3410 489 3482 βασιλεῖς
515 3409 610 3463 ἐπὶ
644 3409 879 3481 Σόδομα,
905 3408 968 3462 ού
1028 3407 1190 3478 μόνον
1255 3407 1323 3460 τὰ
1376 3408 1624 3477 Σοδόμων
1681 3403 1830 3480 εἶχον

233 3502 527 3566 λαϐόντες,
545 3500 695 3556 ’ἀλλὰ
722 3499 817 3554 καὶ
849 3498 1025 3554 ἄλλων
1053 3497 1246 3570 χωρῶν
1273 3493 1420 3569 εἶχον
1455 3498 1575 3571 μεθ’
1617 3499 1828 3554 ἑαυτῶν

235 3593 503 3662 λάφυρα,
544 3591 689 3662 ᾇπερ
723 3586 865 3662 ἦσαν
916 3589 1592 3661 προαιγμαλωτεύσαντες.
1648 3591 1830 3661 "Amp

241 3686 439 3738 πάντα
494 3681 810 3748 κατακόψας
838 3680 1040 3745 αὐτοὺς
1070 3681 1098 3732 ὁ
1153 3679 1423 3752 Ἀὁραὰμ,
1476 3679 1573 3734 καὶ
1625 3679 1825 3744 λαϐὼν,

236 3772 310 3826 τὰ
353 3771 458 3841 μὲν
485 3771 595 3825 τῶν
634 3772 940 3842 Σοδομιτῶν
971 3771 1220 3826 ἀπέδωκε
1243 3786 1258 3802 ο
1287 3772 1356 3824 τὰ
1394 3769 1453 3822 δὲ
1503 3769 1639 3825 ἄλλα
1693 3771 1826 3841 παρ’

241 3861 431 3932 ἑαυτῷ
469 3859 756 3931 κατέσχεν,
808 3860 868 3928 ἐξ
892 3852 967 3914 ὧν
999 3860 1097 3916 καὶ
1129 3859 1226 3924 τὰς
1251 3859 1484 3918 δεκάτας
1547 3857 1625 3927 τῷ
1678 3859 1826 3912 Μελ-

240 3954 470 4028 χισεδὲκ
514 3953 818 4026 παρέσχετο

881 4065 1073 4119 ΕΡΩΤ.
1107 4066 1197 4121 Mf.

321 4157 493 4222 Τίνος
553 4156 752 4226 χάριν,
804 4160 858 4210 ol
903 4155 1020 4225 μὲν
1072 4157 1224 4209 κατὰ
1287 4155 1474 4224 νόμον
1530 4152 1703 4222 ἱερεῖς
1725 4172 1829 4223 γυ-

243 4248 465 4314 ναῖκας
499 4249 663 4317 ἐχειν
693 4250 805 4302 οὐκ
832 4247 1169 4301 ἐκωλύοντο
1192 4263 1207 4278 ”
1270 4249 1324 4301 ol
1381 4246 1452 4299 δὲ
1500 4245 1651 4300 κατὰ
1695 4249 1830 4315 Χρι⁴

243 4340 406 4408 σῖτόν
428 4339 602 4409 ἱερεῖς
626 4339 978 4401 κωλύονται,
1007 4339 1156 4392 ὅσον
1185 4339 1300 4393 ἀπὸ
1332 4337 1442 4407 τῆς
1466 4339 1829 4406 συνηθείας;

926 4450 1166 4518 Ἀπόκρ.

329 4542 558 4614 Ἐπειδὴ
599 4543 638 4615 ἡ
676 4543 786 4612 τοῦ,
836 4541 1170 4611 Εὑαγγελίου
1211 4540 1478 4612 ,ερωσύνη
1544 4543 1688 4597 κατὰ
1729 4543 1830 4613 τὴν

244 4635 406 4701 τὰξιν
446 4633 782 4705 Μελχισεδὲκ
811 4633 1062 4702 γενέσθαι
1090 4633 1430 4703 πιστεύεται,
1465 4635 1559 4687 καὶ
1589 4635 1650 4688 ού
1684 4635 1825 4688 κατὰ

243 4727 349 4796 τὴν
383 4724 540 4791 τάξιν
579 4724 789 4795 Ἀαρών
813 4740 827 4754 ⁸
860 4724 1197 4794 Μελχισεδὲκ
1224 4723 1302 4784 δὲ,
1361 4727 1596 4792 γυναῖκα
1658 4726 1824 4798 ἐσχη-

247 4816 409 4871 κᾶναι
439 4816 544 4869 οὐκ
604 4815 1042 4884 ἀναγέγραπται.
1110 4813 1449 4880 Ἀναγκαίως
1481 4812 1591 4884 ἄρα
1625 4815 1721 4868 καὶ
1777 4815 1828 4868 οί

247 4908 396 4962 κατὰ
422 4907 528 4978 τὴν
574 4906 740 4962 αὐτοῦ
797 4905 952 4974 τάξιν
983 4903 1054 4976 (e)
1107 4903 1476 4974 ίερατεύοντες
1536 4905 1828 4962 ἐπίσκοποι

248 5001 526 5070 γυναῖκας
551 4997 614 5052 οὐ
647 4998 980 5070 προσίενται.

2350 2194 2511 2266 315
2533 2195 2815 2253 INTERR.
2839 2199 3082 2255 XXXIX.

1998 2285 2129 2340 Cum
2159 2284 2437 2356 Scriptura
2469 2286 2616 2341 clare
2661 2289 2873 2356 habeat,
2909 2291 3110 2345 dedisse
3143 2291 3506 2347 Abrahamum

1929 2375 2154 2429 decimas
2176 2373 2541 2431 Melchisedeco
2561 2393 2581 2430 :
2607 2377 2806 2449 alioqui
2842 2396 2962 2434 vero
2996 2379 3278 2434 reddiderit
3303 2381 3504 2445 omnia,

1928 2469 2006 2520 uti
2028 2468 2137 2537 ipse
2168 2467 2264 2530 ait,
2293 2481 2384 2519 nec
2405 2467 2475 2520 ad
2495 2467 2656 2522 calcei
2674 2486 2836 2540 usque
2863 2469 3082 2541 ligulam
3106 2471 3392 2541 quidquam
3417 2487 3507 2524 ac-

1929 2559 2142 2628 ceperit,
2161 2558 2422 2628 quomodo
2455 2558 2686 2614 decimas
2711 2559 2871 2616 dedit.
2904 2559 3081 2630 Neque
3112 2561 3250 2613 enim
3278 2561 3389 2630 ipse
3414 2569 3501 2614 tu-

1929 2648 2216 2704 multuarie
2253 2653 2538 2722 profectus,
2579 2652 2650 2706 ad
2689 2647 2814 2706 belli
2853 2660 3176 2722 apparatum
3215 2651 3504 2722 quidquam

1928 2740 2186 2796 attulerat
2210 2743 2274 2798 ³³.

2642 2872 2800 2925 nesp.

1999 2945 2136 3000 Cum
2166 2945 2352 3000 divina
2381 2944 2670 3016 Scriptura
2702 2946 3163 3001 Melchisedecum
3193 2947 3290 3001 Dei
3321 2961 3507 3002 sacer-

1928 3035 2112 3092 dotem
2159 3052 2280 3092 esse
2330 3035 2499 3102 dicat,
2549 3047 2676 3107 apte
2726 3039 2920 3108 utique
2970 3037 3336 3102 Abrahamus,
3380 3037 3507 3094 laici

1929 3127 2180 3186 hominis
2217 3130 2334 3199 ipse
2375 3138 2572 3185 tenens
2613 3130 2899 3197 ordinem,
2942 3132 3217 3187 sacerdoti
3266 3132 3508 3187 decimas

1927 3220 2291 3276 aestimabitur
2315 3221 2552 3276 dedisse.
2591 3222 2749 3288 Quod
2779 3237 2910 3278 vero
2947 3238 3058 3278 non
3099 3223 3318 3279 deesset
3358 3222 3506 3278 unde

1928 3313 2222 3384 przcberet,
2261 3314 2387 3370 inde
2420 3314 2616 3384 liquet.
2645 3314 2686 3379 li
2716 3329 2951 3384 namque
2982 3329 3159 3385 reges,
3185 3313 3280 3384 qui
3305 3313 3506 3369 adver-
3587 3317 3591 3320 ’

1927 3420 2023 3461 sus
2043 3406 2337 3462 Sodomam
2359 3406 2766 3476 expeditionem
2793 3415 3173 3476 susceperant,
3190 3421 3300 3460 non
3328 3407 3503 3462 solum

1929 3497 2316 3564 Sodomorum,
2350 3513 2543 3552 verum
2575 3498 2741 3552 etiam
2769 3497 3000 3552 aliarum
3037 3497 3344 3568 regionum,
3368 3512 3506 3566 quas

1927 3598 2056 3644 ante
2104 3589 2473 3660 diripuerant,
2531 3587 2817 3644 manubias
2868 3589 3152 3659 spoliaque
3207 3588 3502 3644 habebant.

1927 3681 2136 3737 Cuncta
2182 3681 2319 3746 haec,
2356 3681 2466 3736 illis
2505 3680 2829 3751 proﬂigatis,
2877 3694 3002 3734 cum
3036 3679 3380 3733 Abrahamus
3412 3686 3504 3732 tu-

1927 3770 2103 3836 lisset,
2127 3787 2251 3841 qua:
2285 3780 2446 3826 erant
2475 3771 2864 3827 Sodomorum.
2897 3769 3196 3825 Sodomitis
3227 3768 3504 3834 reddidit;

1928 3864 2140 3933 reliqua
2167 3878 2301 3920 vero
2326 3879 2497 3934 penes
2524 3879 2583 3918 sc
2608 3860 2859 3926 retinuit,
2889 3877 2958 3917 cx
2989 3861 3191 3932 quibus
3223 3859 3508 3918 Melchise-

1928 3956 2064 4013 deco
2086 3957 2332 4012 decimas
2362 3957 2615 4026 pmbuit.

2506 4071 2789 4128 INTERR.
2817 4071 2929 4126 XL.

2000 4162 2138 4228 Quid
2154 4179 2327 4218 causa:
2351 4171 2448 4228 est,
2466 4179 2560 4217 cur
2582 4163 2777 4234 legales
2791 4161 3090 4217 sacerdotes
3110 4175 3299 4213 uxores
3317 4157 3507 4211 habere

1929 4271 2035 4309 non
2062 4255 2493 4325 prohiberentur;
2519 4253 2808 4310 Christiani
2840 4261 3021 4306 autem
3055 4250 3353 4304 sacerdotes
3378 4266 3502 4319 pro-

1929 4345 2194 4410 bibentur,
2209 4345 2348 4415 quod
2383 4345 2453 4398 ad
2475 4344 2900 4399 consuetudinem
2927 4344 3155 4398 attinet?

2639 4459 2796 4529 Resp.

2006 4551 2218 4607 Idcirco
2250 4549 2514 4604 nimirum
2549 4550 2695 4620 quod
2730 4547 3096 4605 sacerdotium
3128 4547 3505 4618 evangelicum

1931 4642 2234 4714 secundum
2264 4641 2514 4697 ordinem
2544 4641 2908 4696 Mclchisedec
2933 4641 3208 4696 exstitisse
3234 4639 3516 4703 creditur,-

1925 4750 2034 4788 non
2049 4732 2349 4789 secundum
2366 4731 2613 4787 ordinem
2630 4731 2862 4787 Aaronis
2874 4773 2891 4797 ,
2911 4746 3021 4786 non
3036 4739 3220 4785 autem
3239 4727 3506 4798 scriptum

1923 4835 2010 4880 est
2055 4822 2514 4879 Melchisedecum
2567 4823 2823 4878 habuisse
2882 4837 3129 4877 uxorem.
3182 4818 3502 4875 Necessario

1929 4914 2114 4982 itaque
2143 4912 2332 4977 etiam,
2367 4911 2462 4981 qui
2489 4911 2793 4967 secundum
2821 4911 2941 4982 ejus
2968 4911 3219 4966 ordinem
3247 4907 3504 4964 sacerdo-

1933 5004 2014 5059 tio
2044 5003 2354 5074 funguntur
2375 5002 2641 5074 episcopi,
2666 5018 2777 5057 non
2807 5000 3104 5056 admittunt
3133 5001 3396 5054 uxorem.

324 5138 374 5171 ³⁷
397 5137 421 5193 Ι
444 5137 585 5208 Reg.
609 5153 717 5204 xvi,
750 5139 836 5199 16.
914 5141 958 5172 ³⁸
985 5141 1020 5203 1,
1041 5141 1176 5211 Reg.
1206 5157 1335 5205 xvu,
1365 5141 1454 5196 '56.
1530 5142 1576 5174 ³⁹
1599 5143 1735 5200 Gen.
1767 5162 1877 5213 xlv,
1901 5149 1972 5204 9.0
2001 5164 2155 5219 seqq.

323 5257 342 5274 '
379 5250 658 5307 Hactenus
691 5251 898 5320 Regius
936 5253 1057 5308 cod.
1089 5251 1219 5319 Qua:
1257 5262 1564 5321 sequuntur
1600 5269 1667 5308 cx
1711 5255 1830 5310 solo
1868 5257 2245 5329 Seguieriano.

329 5383 400 5456 (e)
427 5384 670 5456 οἱκατὰ
697 5384 814 5451 τὴν
837 5385 1025 5440 αὐτοῦ
1056 5386 1247 5450 τάξιν.
1279 5384 1434 5453 Quod
1457 5389 1535 5443 sic
1564 5389 1830 5456 Maximus

257 5454 325 5510 ad
341 5453 642 5525 episcopos
677 5456 980 5524 restringit,
1006 5473 1164 5511 usum
1186 5458 1412 5525 respicit
1437 5474 1532 5512 sua
1550 5453 1827 5525 Ecclesiae,

259 5541 369 5599 quo
381 5524 730 5599 simplicibus
751 5527 1131 5599 sacerdotibus
1150 5524 1507 5599 indulgentur
1536 5530 1787 5599 conjugia
1812 5550 1825 5584 :

262 5593 341 5650 sic
371 5609 572 5662 nempe
606 5593 699 5649 ille
728 5596 994 5660 modeste,
1020 5605 1078 5651 et
1112 5613 1182 5651 ne
1216 5593 1505 5652 videretur
1534 5598 1590 5651 in
1624 5593 1825 5655 caelum

262 5680 324 5720 os
376 5678 606 5737 ponere,
664 5680 728 5737 ac
787 5667 1017 5737 simplex
1079 5667 1404 5733 monachus,
1452 5669 1832 5725 sacerdotibus

264 5733 648 5806 pnescrihere.
676 5733 948 5790 Caeterum
974 5738 1094 5806 ejus
1130 5737 1271 5790 ratio
1309 5737 1376 5790 ad
1403 5753 1595 5792 omnes
1623 5740 1830 5794 Christi

267 5804 578 5875 sacerdotio
600 5805 889 5875 fungentes
915 5804 1164 5875 spectat;
1197 5815 1327 5860 sunt
1348 5808 1496 5860 enim
1530 5808 1606 5861 illi
1637 5825 1829 5864 omnes

265 5872 736 5936 )lelcltisedeciani
769 5872 1000 5943 ordinis,
1059 5893 1168 5931 non
1200 5877 1482 5944 Aaronici,
1536 5879 1830 5936 oll‘erentcs

1936 5405 1993 5452 et
2024 5397 2128 5468 ipsi
2155 5412 2351 5467 panem
2382 5404 2439 5450 et
2454 5395 2655 5468 Avinum
2689 5393 2922 5468 (corpus
2950 5391 3160 5468 scilicet
3183 5406 3260 5468 ac
3282 5393 3508 5468 sangui-

1936 5462 2062 5520 neni
2095 5462 2301 5522 Christi
2333 5462 2710 5532 conﬁcientes)
2737 5480 2799 5517 ac
2818 5479 2980 5531 quos.
3005 5462 3232 5532 perinde
3268 5479 3332 5517 ac
3385 5462 3510 5588 egi-

1936 5553 2152 5588 sconos.
2183 5537 2415 5588 maxima
2445 5536 2572 5588 inde
2617 5535 2879 5588 sanctitas
2936 5548 3001 5588 ac
3055 5532 3377 5588 castimonia
3443 5548 3510 5587 e-

1933 5553 2152 5607 scopos,
2183 5537 2415 5591 maxima
2445 5536 2572 5589 inde
2617 5535 2879 5607 sanctitas
2926 5532 3377 5607 _ac_castir_nonia
3406 5532 3510 5588 de-

1935 5602 2058 5663 ceat
2084 5625 2097 5661 :
2129 5624 2293 5677 quam
2317 5615 2375 5660 et
2400 5615 2610 5677 statuto
2644 5619 2748 5677 suo
2795 5604 2865 5677 ab
2889 5603 2974 5677 eis
3010 5602 3283 5677 Ecclesia
3309 5611 3500 5677 sancte

1933 5672 2283 5754 erigatfnon
2313 5676 2668 5754 utntemplum
2691 5674 2906 5754 Domini
2937 5673 3236 5754 majoribus
3269 5672 3510 5753 impudi-

1934 5742 2083 5802 citi‘is
2113 5748 2169 5802 in
2205 5763 2263 5800 se
2290 5742 2538 5816 polluant
2564 5785 2580 5808 ,
2598 5759 2743 5816 _vere
2768 5742 3071 5815 maiestatis
3104 5743 3206 5810 rei,
3235 5758 3397 5813 quam
3415 5742 3509 5799 sic

1937 5819 2154 5881 adeant,
2184 5814 2485 5886 quidquam
2519 5814 2819 5884 indulgeat.
