4082 6434
582 443 688 508 823

1745 433 1809 492 8.
1842 427 2130 491 ΜΑΧΙΜΙ

2273 421 2672 484 NFESSORIS
3695 413 3779 476 89.4

578 555 753 610 minor
792 559 866 604 est
919 551 974 604 in
1013 565 1172 618 regno
1225 546 1504 608 cmlorum,
1556 541 1729 612 major
1773 549 1849 596 est
1888 540 1982 596 illo
2009 540 2094 593 ’⁵⁷2
2118 558 2138 591 ι

2273 535 2586 604 ιικρότερος
2645 532 2714 584 ἐν
2736 528 2809 595 τῇ
2846 525 3131 594 βασιλείᾳ
3172 523 3287 576 τῶν
3344 518 3620 587 οὐρανῶν,
3681 529 3784 590 μεί-

1287 747 1442 817 Resp.

645 844 908 915 Quisquis
933 858 1042 913 pne
1071 842 1277 900 Joanne
1303 856 1421 894 sese
1447 837 1820 894 humiliaverit
1846 837 1975 915 (hoc
1999 835 2148 902 enim

577 913 684 995 sibi
707 913 844 1000 vult,
872 936 1036 1006 318
1067 933 1212 1002 quod
1245 933 1454 986 dictum
1487 940 1595 995 est,
1621 928 1837 1000 minor),
1861 913 1954 983 ille
1975 929 2150 998 major

575 1035 662 1084 est
700 1028 930 1081 Joanne.
963 1023 1061 1078 Vel
1101 1023 1268 1078 etiam
1314 1023 1476 1077 aliter
1520 1039 1532 1074 :
1581 1020 1709 1090 quia
1749 1020 1989 1075 Joannes
2029 1033 2149 1072 eam

577 1115 1061 1187 contemplationis
1104 1116 1246 1179 vim,
1283 1131 1446 1185 quam
1489 1129 1591 1186 pro
1628 1114 1733 1168 hoc
1773 1127 1888 1166 :evo
1933 1111 2151 1180 assequi

575 1209 729 1270 licet,
758 1205 1242 1275 comprehendisse
1268 1203 1637 1265 existimatur,
1665 1202 1859 1271 exigua
1884 1211 2157 1254 extrema-

578 1313 687 1368 que
729 1313 796 1352 eo
836 1304 983 1350 statu
1024 1295 1119 1364 qui
1158 1296 1380 1348 futurus
1417 1304 1521 1358 est,
1555 1293 1863 1356 exhibenda
1903 1289 2153 1354 scientia,

579 1390 754 1460 major
789 1397 895 1453 est,
928 1403 1090 1457 quam
1133 1385 1400 1456 quidquid
1441 1385 1699 1454 prmsenti
1737 1399 1853 1440 ιενο
1892 1383 2153 1438 scientia-

580 1497 704 1536 rum
738 1481 991 1535 habetur.
1022 1480 1119 1534 Vel
1151 1479 1245 1547 qui
1279 1477 1422 1533 inter
1448 1477 1700 1532 homines
1722 1490 1970 1531 summus
1997 1475 2155 1531 theo-

579 1572 740 1644 logus
774 1573 1045 1641 longeque
1083 1570 1396 1625 divinorum
1435 1568 1666 1624 scientia
1702 1567 2156 1644 provectissimps

581 1674 686 1728 est,
710 1671 986 1733 postremo
1016 1661 1162 1716 inter
1182 1659 1404 1729 angelos
1433 1659 1615 1712 minor
1637 1665 1744 1714 est.
1763 1657 1872 1712 Aut
1895 1656 2154 1725 denique,

582 1757 678 1827 qui
723 1755 1026 1812 secundum
1072 1751 1442 1820 evangelicam
1487 1750 1892 1806 institutionem
1938 1756 2156 1816 postre—

2263 625 2373 688 ζων
2397 627 2475 680 αὑ
2484 623 2587 678 τοῦ
2637 622 2832 685 ἐστιν;

2925 731 3165 795 Ἀπρκρ.

2327 833 2518 893 Ὅστις
2585 827 2727 898 ὑπὲρ
2776 824 2871 878 τὸν
2931 824 3182 890 Ἰωάννην
3241 813 3567 870 ταπεινώσει
3628 815 3794 883 ,ἑαυτὸν

2259 923 2438 996 (τοῦτο
2470 921 2579 990 γάρ
2622 922 2739 972 ἐστι
2774 917 2857 982 τὸ,
2898 908 3302 985 μικρότερος),
3355 909 3559 976 ἐκεῖνος
3629 909 3799 978 μείζων

2257 1018 2374 1076 ἐστὶ
2403 1015 2496 1069 τοῦ
2559 1012 2830 1066 Ἰωάννου.
2887 1010 2960 1061 Ἢ
2987 1006 3078 1060 καὶ
3111 1002 3310 1065 ἄλλως,
3361 1000 3549 1071 ἐπειδὴ
3585 1001 3613 1053 ό
3648 1001 3800 1053 Ἰωάν-

2258 1128 2357 1181 νης
2389 1111 2487 1180 τὴν
2513 1105 2746 1168 ἐνταῦθα
2778 1100 3004 1173 ὲφικτὴν
3048 1098 3138 1153 διὰ
3179 1094 3414 1165 Θεωρίας
3459 1092 3650 1160 γνῶσιν
3691 1110 3803 1146 κατ-

2257 1205 2539 1276 ειληφέναι
2565 1199 2922 1259 πιστεύεται,
2948 1197 2984 1266 ἡ
3043 1193 3219 1265 μικρά
3272 1191 3366 1245 καὶ
3419 1189 3693 1242 τελευταία
3723 1208 3808 1243 κα-

2259 1295 2328 1348 τὰ
2369 1294 2466 1366 τὴν
2530 1292 2825 1364 μέλλουσαν
2874 1285 3211 1357 φανήσεσθαι
3252 1282 3587 1336 κατάστασιν
3615 1279 3808 1347 γνῶσις,

2263 1384 2464 1454 μείζων
2496 1381 2731 1453 ὑπάρχει
2778 1380 2878 1449 τῆς
2922 1375 3182 1431 ἐνταῦθα.
3229 1375 3302 1426 Ἦ
3335 1372 3432 1425 καὶ
3468 1371 3496 1423 ὁ
3529 1371 3586 1422 ὲν
3627 1369 3810 1448 ἀνρρώ-

2266 1491 2392 1538 ποις
2445 1473 2614 1544 ἄκρος
2655 1469 2906 1538 θεολόγος
2951 1467 3044 1520 τοῦ
3096 1467 3154 1518 ὲν
3182 1463 3433 1533 ἀγγέλοις
3471 1461 3693 1530 ἐσχάτου
3717 1461 3815 1513 ἐστὶ

2265 1565 2606 1634 μικρότερος.
2658 1562 2731 1614 Ἢ
2762 1561 2855 1614 καὶ
2906 1560 2936 1613 ὁ
2956 1557 3097 1616 κατὰ
3123 1555 3219 1625 τὴν
3257 1552 3550 1622 ἀγγελικὴν
3581 1550 3817 1623 labaret.)

2262 1657 2541 1717 πολιτείαν
2588 1655 2686 1725 τὴν
2719 1653 2953 1723 ἐσχάτην
2983 1651 3120 1720 ἔχων
3141 1648 3310 1712 τάξιν,
3337 1645 3432 1699 τοῦ
3455 1645 3594 1698 κατὰ
3622 1645 3712 1715 τὴν
3744 1662 3818 1698 νο-

2267 1746 2432 1817 μικὴν
2475 1743 2820 1814 δικαιοσύνην
2851 1743 3044 1812 ἄκρον,
3078 1740 3281 1810 μείζων
3309 1737 3448 1791 ἐστί.

583 1865 734 1906 mum
748 1850 962 1905 obtinet
1000 1846 1227 1917 gradum
1247 1887 1262 1911 ,
1297 1863 1587 1917 supremo,
1619 1849 1765 1919 quod
1796 1850 1862 1904 ad
1893 1844 2119 1918 legalem
2140 1838 2412 1912 justitiam
2436 1839 2654 1909 attinet,
2681 1838 2855 1912 major
2878 1847 2982 1891 est.

1107 1959 1389 2013 INTER“.
1425 1957 1656 2013 XLVIII.

655 2050 795 2115 Quid
822 2050 921 2104 sibi
945 2049 1056 2104 vult
1079 2049 1213 2103 illud
1239 2049 1646 2103 Proverbiorum
1672 2064 1690 2102 :
1721 2067 1740 2100 ι
1768 2047 1955 2102 Manui
1978 2063 2175 2123 manus.

581 2141 891 2208 imminens,
917 2158 1021 2196 non
1046 2144 1144 2196 erit
1166 2143 1414 2195 innocens
1430 2141 1510 2194 ‘3?
1541 2159 1560 2193 ι

1305 2258 1462 2329 Resp.

659 2348 877 2404 Actioni
924 2348 1186 2405 studiosae
1220 2349 1418 2404 malam
1456 2349 1732 2412 actionem
1769 2349 2026 2413 miscens,
2059 2363 2171 2402 non

584 2439 696 2496 erit
721 2439 1008 2496 innocens.

1131 2549 1410 2606 INTERR.
1443 2551 1633 2607 XLIX.

658 2647 798 2714 Quid
840 2649 939 2703 sibi
978 2648 1090 2703 vult
1128 2665 1144 2703 :
1189 2667 1207 2699 ι
1247 2646 1448 2718 Septies
1487 2644 1636 2698 cadet
1661 2644 1873 2714 justus,
1907 2650 1957 2696 et
1991 2657 2171 2715 resur-

586 2751 674 2810 get
691 2739 773 2794 "‘2
799 2759 820 2791 ι

1294 2847 1460 2919 “Resp.

2870 1949 3068 2003 ΕΡΩΤ.
3136 1948 3277 2003 MH'.

2347 2044 2410 2098 Τί
2449 2041 2602 2105 ἐστι,
2643 2043 2711 2096 τὸ
2774 2041 2895 2095 τῶν
2939 2039 3296 2109 Παροιμιῶν,
3362 2056 3382 2090 ι
3410 2037 3570 2106 Xsth
3649 2035 3823 2106 χεῖρας

2271 2133 2568 2205 ἐμϐαλὼν,
2598 2136 2710 2189 οὐκ
2735 2131 3150 2196 ἀθωωθήσεται
3176 2147 3197 2196 ;
3235 2150 3255 2184 ι

2940 2248 3179 2316 Ἀπόκρ.

2355 2340 2554 2426 Πράξει
2603 2343 2842 2420 ἐναρετῳ
2879 2355 2909 2392 ο
2940 2337 3140 2410 πρᾶξιν
3203 2337 3416 2409 μίσγων
3469 2333 3692 2404 φαύλην,
3742 2333 3824 2386 οὐκ

2275 2433 2688 2503 ἁθωωθήσεται.

2890 2542 3091 2597 ΕΡΩΤ.
3121 2541 3255 2596 ΜΘ¹.

2353 2639 2414 2691 Τί
2441 2638 2573 2691 ἐστι
2605 2636 2692 2700 τὸ,
2733 2654 2753 2688 ι
2775 2633 3056 2699 Ἐπτάκις
3102 2632 3373 2697 πεσεῖται
3396 2633 3433 2686 ὁ
3455 2631 3697 2697 δίκαιος,
3746 2627 3825 2680 καὶ

2273 2729 2683 2798 ἀναστήσεται
2706 2744 2726 2792 ;
2764 2748 2784 2781 ι

2947 2837 3008 2892 Ἀ
3019 2838 3196 2905 πόκρ.

2363 2927 2582 2981 Δίκαιον
2621 2925 2882 2990 ἐνταῦθα,
2913 2925 3008 2978 τὸν
3041 2926 3202 2994 μόνον
3253 2923 3473 2993 ἀληθῶς
3502 2923 3701 2976 δίκαιον
3747 2921 3826 2974 τὸν

2275 3016 2482 3088 Κύριον
2510 3015 2669 3087 ἡμῶν
2723 3014 2932 3080 Ἰησοῦν
2961 3013 3195 3086 Χριστὸν
3225 3011 3633 3082 ὑπολαμϐάνειν
3656 3009 3822 3080 χρεών.

2288 3108 2443 3161 Ἐπεὶ
2469 3103 2564 3160 οὖν
2613 3106 2776 3170 αὐτὸς
2805 3108 2864 3158 ὲν
2909 3108 3040 3175 ἡμῖν
3088 3105 3303 3172 λέγεται
3353 3104 3451 3156 καὶ
3507 3103 3716 3156 πίπτειν
3749 3101 3827 3153 καὶ

657 2937 877 2999 Justum
922 2939 1030 2995 hoc
1066 2938 1212 3005 loco,
1242 2939 1423 2993 solum
1461 2951 1592 2991 vere
1631 2937 1839 3008 justum
1879 2934 2175 2990 Dominum

588 3039 841 3086 nostrum
868 3031 1056 3087 Jesum
1087 3029 1368 3085 Christum
1400 3028 1800 3092 existimemus,
1827 3041 2012 3096 operae
2043 3040 2172 3094 pre-

591 3123 731 3179 tium
756 3131 862 3178 est.
884 3122 1021 3190 Quia
1052 3122 1220 3193 igitur
1245 3121 1361 3191 ipse
1392 3121 1449 3176 in
1473 3121 1637 3177 nobis
1665 3131 1779 3174 tum
1808 3120 2006 3174 cadere
2032 3117 2172 3172 dici-

601 3224 714 3279 tur,
752 3223 868 3269 tum
905 3231 1214 3284 resurgere,
1240 3215 1394 3269 velut
1423 3215 1519 3284 qui
1552 3223 1739 3270 nostra
1758 3212 1962 3276 omnia,
1981 3211 2161 3264 huma-

2278 3198 2620 3259 ἀνίστασθαι,
2647 3197 2724 3260 ὼς
2771 3196 2841 3250 τὰ
2890 3196 3133 3266 ἡμέτερα
3190 3194 3370 3252 πάντα
3427 3193 3518 3247 διὰ
3563 3191 3832 3272 φιλανθρω-

594 3308 827 3362 nissima
879 3307 1083 3376 pietate
1137 3292 1464 3376 susceperit.
1516 3305 1731 3361 Cecidit
1779 3319 1910 3358 vero
1965 3302 2161 3372 septies

2277 3291 2407 3344 πίαν
2459 3288 2888 3358 καταδεξάμενος
2920 3303 2936 3319 ⁶
2961 3287 3121 3340 ἔπεσε
3149 3286 3206 3339 δὲ
3251 3289 3283 3356 ἡ
3311 3286 3479 3354 φύσις
3521 3285 3671 3356 ἡμῶν
3693 3284 3834 3337 ἑπτά-

595 3397 838 3452 liumana
868 3406 1096 3462 natura,
1123 3397 1365 3469 primum
1398 3397 1561 3466 primi
1596 3395 1840 3465 parentis
1874 3383 2161 3462 transgres

2277 3400 2385 3448 κις,
2466 3383 2608 3435 κατά
2661 3397 2720 3433 τε
2783 3381 2883 3452 τὴν
2961 3379 3057 3432 τοῦ
3127 3380 3477 3450 προπάτορος
3553 3377 3832 3449 παράϐασιν

594 3488 784 3554 sione,
816 3504 939 3558 qua:
980 3463 1159 3557 prima
1201 3463 1511 3552 exstiterit;
1557 3463 1672 3542 tum
1713 3494 1981 3539 attentato
2019 3484 2161 3538 Cain:

2279 3472 2501 3545 πρώτην
2545 3470 2949 3541 γεγενημένην·
2991 3467 3253 3538 δευτέραν
3285 3467 3363 3530 δὲ,
3427 3466 3530 3535 τὴν
3579 3463 3833 3534 τολμηθεῖ-

596 3578 898 3633 homicidio
919 3580 987 3643 ⁸ο,
1023 3579 1120 3648 qui
1162 3578 1367 3633 caedem
1409 3578 1561 3648 prior
1603 3577 1936 3648 designavit;
1978 3575 2161 3629 tertio.

2280 3582 2379 3618 σαν
2406 3563 2500 3618 τοῦ
2550 3563 2690 3621 Κὰῖν
2725 3560 3061 3633 μιαιφονίαν,
3099 3561 3317 3628 πρῶτον
3363 3558 3834 3628 καινοτομήσαντος

595 3668 791 3724 Noemi
819 3676 1004 3733 aetate,
1031 3644 1129 3739 per
1153 3685 1316 3738 quam
1345 3644 1454 3722 ιιοή
1486 3644 1785 3738 permansit
1815 3667 2054 3737 Spiritus
2080 3667 2155 3721 De

2279 3656 2478 3726 φόνον·
2528 3653 2718 3723 τρίτην
2749 3653 2842 3705 ἐπὶ
2887 3651 2986 3720 τῆς
3027 3651 3164 3704 κατὰ
3188 3649 3279 3703 τὸν
3325 3649 3455 3717 Νῶε
3507 3649 3713 3718 γενεᾶς,
3767 3644 3836 3710 ἐφ’

601 3761 656 3814 in
684 3760 1022 3822 hominibus,
1053 3775 1120 3813 eo
1149 3760 1300 3829 quod
1330 3776 1526 3815 carnes
1554 3769 1766 3824 essent;
1798 3768 2015 3828 quarto,
2045 3768 2161 3813 tem-

2278 3742 2346 3817 ἧς
2404 3747 2464 3799 οὐ
2540 3746 2828 3808 κατέμεινε
2883 3745 2945 3797 τὸ
3022 3743 3242 3813 Πνεῦμα
3291 3741 3386 3795 τοῦ
3445 3740 3602 3804 Θεοῦ,
3653 3737 3735 3791 διὰ
3790 3736 3839 3787 τὸ

600 3865 736 3920 pore
766 3859 1058 3904 exstructa:
1090 3851 1288 3916 turris;
1320 3851 1536 3920 quinto,
1557 3851 1853 3908 Abrahami
1880 3837 2155 3919 tetate,'qu

2279 3837 2416 3892 εἶναι
2467 3839 2663 3899 αὐτοὺς
2705 3837 2955 3904 σάρκας·
3020 3835 3303 3910 τέταρτον,
3355 3831 3452 3884 ἐπὶ
3512 3831 3614 3899 τῆς
3659 3843 3839 3896 πυργο-

601 3919 755 3996 solus
796 3941 1002 4011 placuit
1036 3942 1147 3996 Deo
1169 3943 1245 4006 “;
1291 3919 1465 4007 sexto,
1499 3926 1603 3996 sub.
1641 3941 1846 4012 Moyse,
1879 3941 1960 3996 sic
1994 3941 2161 3996 adult:

2281 3929 2464 3993 ποιίας
2489 3947 2504 3960 ·
2551 3929 2820 3998 πέμπτον,
2870 3929 2962 3980 ἐπὶ
3015 3927 3113 3996 τῆς
3164 3924 3257 3977 τοῦ
3353 3921 3610 3992 Ἀϐραὰμ
3657 3919 3838 3987 γε·ιεᾶ·,

601 4040 871 4101 auctaque
897 4033 1016 4102 ejus
1045 4033 1222 4087 aetatis
1248 4033 1536 4088 hominum
1572 4011 1874 4102 impietate,
1905 4042 1966 4086 ut
1989 4033 2161 4087 adver‘

2284 4020 2342 4087 ἐξ
2403 4015 2471 4092 ἦς
2528 4020 2687 4090 μόνος
2760 4018 2921 4080 αὐτὸς
2957 4017 3035 4087 τῷ
3081 4015 3202 4086 θεῷ
3227 4014 3576 4085 εύηρὲστησε
3607 4029 3621 4043 ·
3679 4011 3837 4077 ἕκτην.

603 4139 700 4178 sus
723 4138 843 4178 eam
867 4124 1086 4195 adjutor
1111 4126 1226 4194 ipse
1249 4141 1279 4179 a
1305 4127 1416 4180 Deo
1441 4126 1586 4179 mitti
1612 4124 1894 4192 debuerit;
1923 4125 2179 4194 septimo,
2283 4124 2312 4188 ς

602 4214 998 4285 prophetarum
1033 4225 1224 4281 mtate,
1251 4234 1372 4286 qua:
1406 4218 1722 4287 superiores
1754 4225 1943 4272 mtates
1977 4217 2161 4287 majorc

2283 4206 2411 4266 νεᾱς
2444 4202 2632 4264 ἀθεΐας
2657 4199 3025 4266 ἐξοκειλάσης,
3044 4198 3118 4260 ὡς
3135 4196 3296 4249 αὑτὸν
3316 4198 3395 4259 εἰς
3423 4192 3740 4270 ἐπικρυρίαν
3761 4187 3840 4254 τῆς

603 4308 906 4378 impietatis
950 4310 1172 4364 cumulo
1218 4283 1521 4379 superavit.
1551 4310 1707 4376 Quod
1755 4310 1942 4380 igitur,
1975 4283 2161 4364 uti'di‘

2283 4294 2552 4364 τοσαύτης
2585 4292 2841 4356 ἀσεϐείας
2891 4291 2997 4345 ἀπὸ
3028 4289 3162 4342 Θεοῦ
3195 4287 3522 4358 πεμφθῆναι
3551 4301 3566 4316 ’
3619 4283 3836 4350 ἕϐδομον,

605 4409 756 4455 ctum
797 4411 914 4465 est,
945 4410 1141 4455 natura
1179 4403 1419 4458 humana
1458 4403 1663 4471 septies
1703 4401 2005 4464 ceciderat,
2042 4400 2161 4452 ham

2286 4387 2376 4440 ὲπὶ
2421 4384 2668 4456 τῆς,τῷν
2715 4383 3010 4454 προφητῶν
3062 4383 3275 4450 γενεᾶς.
3330 4381 3454 4450 ἣτις
3510 4378 3609 4439 τὰς
3669 4371 3840 4444 προλα-

605 4489 873 4545 Dominus
903 4490 1164 4546 inell'abili
1195 4495 1398 4562 pietate
1422 4466 1604 4547 motus
1626 4492 1907 4563 excitavit,
1933 4491 2040 4551 sibi
2068 4492 2161 4560 ips!

2286 4477 2486 4542 δούσας
2511 4475 2706 4544 γενεὰς
2744 4477 2823 4538 είς
2874 4474 3075 4538 κακίας
3151 4473 3349 4543 μέτρον
3414 4466 3836 4538 ὑπερηκόντισεν.

607 4581 856 4635 eamdem
892 4591 1146 4638 naturam
1185 4585 1388 4640 unione
1425 4601 1547 4656 quae
1579 4591 1666 4640 est
1694 4560 1795 4655 per
1825 4581 2160 4656 hypostasim

2301 4569 2453 4622 Ἐπεὶ
2504 4563 2615 4631 οὖν,
2679 4565 2753 4628 ὡς
2791 4566 3026 4637 εἴρηται,
3089 4564 3318 4626 ἑπτάκις
3361 4561 3559 4615 ἔπεσεν
3611 4561 3643 4630 ἡ
3695 4556 3837 4626 φύσις

615 4631 856 4635 "‘"’"““
892 4631 1146 4638 ““'—"'"'
1188 4631 1388 4640 "'""""
1427 4631 1547 4656 ἰ’-*ν
1582 4631 1666 4640 ""'
1694 4631 1785 4662 If"
1825 4631 2160 4656 "Jl'""'""'

609 4672 893 4742 copulans.

2291 4659 2469 4730 ἡμῶν,
2510 4657 2714 4728 ταύτην
2782 4659 2974 4732 ἀφάτῳ
3040 4654 3424 4726 φιλανθρωπίᾳ
3480 4651 3714 4722 νικηθεὶς
3755 4648 3835 4701 ἀν·

2291 4751 2522 4819 ἔστησεν
2558 4750 2586 4800 ὁ
2642 4747 2870 4817 Κύριος,
2921 4746 3089 4817 αὐτὴν
3115 4745 3216 4816 τὴν
3254 4747 3414 4814 φύσιν
3464 4743 3668 4804 ἐνὼσας
3689 4734 3840 4803 ἑαυτῷ

2293 4841 2396 4896 καθ
2473 4842 2782 4895 ὑπόστασιν.

2283 4111 2374 4164 ἐπὶ
2403 4109 2496 4165 τοῦ
2532 4109 2830 4170 Μωῦσέως,
2869 4109 2948 4170 είς
2975 4107 3228 4158 τοσοῦτον
3263 4105 3364 4173 τῆς
3415 4103 3506 4157 ἐπ’
3548 4099 3708 4156 αὐτοῦ
3762 4114 3838 4165 γε·

2924 4953 3121 5007 ΕΡΩΤ.
3150 4954 3211 5006 N'

2370 5050 2431 5104 Τί
2478 5051 2758 5120 σημαίνει
2811 5046 2880 5100 τὸ
2936 5043 3326 5114 Εὑιιγγέλιον,
3363 5042 3583 5112 λέγον,
3623 5057 3640 5086 ,
3677 5034 3837 5100 [πψτη

2294 5161 2411 5199 σου
2469 5144 2536 5198 τὸ
2585 5143 2930 5211 πρόσωπον,
2988 5138 3091 5192 καί
3135 5137 3382 5206 ἄλειψαί
3437 5151 3554 5190 σου
3602 5129 3708 5197 τὴν
3752 5141 3834 5178 κε-

2294 5235 2498 5305 φαλήν
2514 5252 2566 5303 ;›

1108 4971 1274 5042 319
1309 4971 1589 5026 mann.
1627 4971 1688 5028 L.

683 5065 822 5131 Quid
856 5064 956 5119 sibi
994 5063 1105 5118 vult
1137 5063 1274 5118 itlud
1308 5064 1668 5134 evangelicum
1702 5079 1722 5120 :
1763 5082 1782 5116 ι
1819 5063 1964 5119 Lava
2002 5063 2186 5129 faciem

615 5165 784 5222 tuam,
810 5165 859 5210 et
885 5173 1020 5228 unge
1047 5165 1206 5214 caput
1232 5164 1385 5209 tuum
1398 5156 1444 5188 ³⁸
1473 5155 1544 5207 ’ἒηι

1326 5355 1484 5427 Resp.

684 5445 877 5502 Facies
908 5455 1120 5514 nostra,
1147 5445 1260 5501 vita
1291 5457 1397 5510 est,
1423 5461 1545 5516 quae
1579 5447 1734 5515 quasi
1767 5445 1974 5512 vultus,
2002 5446 2192 5517 quales

614 5537 790 5593 simus
820 5537 1124 5592 secundum
1153 5537 1473 5591 interiorem
1500 5535 1779 5590 hominem
1812 5537 1983 5591 certis
2011 5538 2194 5592 (lucti-

614 5629 722 5686 bus
741 5638 1118 5700 reprazsentet.
1141 5626 1292 5684 Hanc
1318 5628 1484 5700 igitur
1508 5627 1789 5699 Scriptura
1816 5629 1998 5683 lavare
2015 5629 2193 5699 jubet,

2973 5346 3202 5401 Ἀπόκο.

2979 5361 3146 5400 Ὰποκ
3187 5385 3202 5401 .

2368 5441 2440 5495 Τὸ
2493 5441 2784 5512 πρόσωπον
2822 5438 2981 5510 ἡμῶν
3030 5361 3184 5490 tam?
3217 5436 3246 5489 ό
3285 5433 3419 5502 βίος,
3448 5421 3838 5502 χαρακτηρὶζων

2297 5535 2549 5607 καθάπερ
2575 5537 2608 5605 ὴ
2631 5535 2752 5604 δψις
2781 5534 2953 5587 ὁποῖοί
2978 5532 3123 5593 τινές
3146 5532 3312 5599 ἐσμεν
3339 5527 3479 5580 κατὰ
3509 5525 3599 5576 τὸν
3627 5520 3727 5573 ἔσω
3755 5515 3836 5569 ἄν·

2298 5630 2533 5704 ορωπον.
2560 5629 2731 5682 Τοῦτο
2761 5624 2854 5682 οὖν
2899 5627 2929 5678 ό
2972 5625 3128 5693 λόγος
3163 5617 3593 5693 παρακελεύεται
3629 5611 3833 5665 νίπτειν,

685 5787 732 5820 ⁸⁷
758 5787 948 5842 Matth.
983 5805 1054 5852 x1,
1087 5787 1144 5840 Η
1172 5804 1187 5850 ;
1217 5786 1350 5841 Luc.
1388 5805 1482 5851 vn,
1513 5788 1602 5842 28.
1703 5788 1748 5819 ⁸⁸
1787 5787 1948 5840 Prov.
1983 5803 2087 5846 3m,
2126 5787 2158 5840 .‘3

2279 5791 2298 5823 ⁹
2329 5791 2489 5846 Prov.
2518 5805 2640 5844 xw"
2691 5788 2776 5841 Ui.
2851 5788 2896 5819 ⁵ο
2921 5785 3056 5841 Gen.
3089 5799 3165 5849 ιιι,
3195 5782 3254 5851 6;
3283 5798 3353 5848 ιγ,
3385 5780 3434 5835 8,
3547 5775 3587 5807 ﬂ
3617 5771 3739 5827 Gen.
3765 5777 3826 5824 vt,

619 5871 772 5930 σενι.
806 5857 860 5913 ὖ.
897 5874 971 5924 χι,
1005 5860 1040 5914 2
1068 5874 1220 5927 seqq.
1253 5874 1348 5924 xit,
1376 5858 1399 5912 I
1457 5874 1594 5928 seqq
1672 5860 1720 5896 "~
1745 5857 1936 5915 Matth.
1967 5873 2039 5923 vi,
2071 5858 2153 5914 17.
