4082 6434
298 321 405 386 833

1471 313 1960 390 QUIESTIONES
1993 317 2090 380 ET
2130 313 2382 381 DUBIA.

3427 321 3536 390 834

296 431 668 502 ἑδδομήκοντα
703 428 798 498 ἔτη
834 428 991 500 ἔχων.
1028 429 1140 483 οὐδ’
1165 429 1299 496 ὅλως
1334 431 1586 501 περὶτῆς
1610 429 1857 502 τοιαύτης

1963 429 2195 486 libidine
2225 441 2511 486 avocatum
2536 446 2754 485 omnem
2781 431 3047 496 animum,
3079 431 3134 486 in
3167 432 3335 489 Deum
3361 442 3540 492 trans:

290 524 560 588 ἀπαθείας
594 540 938 595 μεριμνησας
965 522 1330 592 ἐτελεύτησεν
1354 524 1382 576 6
1411 522 1466 576 δὲ
1493 524 1622 594 μίαν
1650 522 1863 594 ἡμέραν

291 621 452 694 ἔχων,
487 622 670 674 πᾶσαν
696 617 861 672 αὑτοῦ
888 619 984 692 τὴν
1028 619 1164 690 πρὸς
1201 619 1270 673 τά
1300 619 1461 672 ὑλικὰ
1492 619 1716 690 ἐμπαθῆ
1748 619 1865 674 διά-

289 730 438 768 νοιαν
461 711 804 777 ἀνασπάσας,
839 710 967 781 ὅλην
1005 727 1065 764 τε
1096 711 1172 782 τῷ
1208 710 1327 781 Θεῷ
1361 710 1714 779 ὲγκολπὼσας
1749 713 1865 765 ἐτε-

287 805 508 877 λειώθη.
552 805 640 858 Ἐν
675 805 743 874 τῇ
788 797 880 857 οὖν
908 803 1164 874 γινομένῃ
1189 805 1251 856 ἐν
1294 806 1360 875 τῇ
1391 803 1571 874 κρίσει
1609 804 1859 874 διανομῇ,

283 898 317 950 6
375 897 473 967 μὲν
523 895 690 962 ἀξίως
731 894 825 948 τὸν
885 895 1074 966 μισθὸν
1125 895 1414 964 λαμϐάνει,
1441 893 1517 956 ὡς
1563 895 1642 956 εἰς
1691 895 1860 964 πέρας

283 985 379 1039 τὸν
407 985 609 1038 σκοπὸν
629 983 722 1038 τοῦ
749 985 1163 1056 ἐπαγγέλματος
1183 983 1428 1053 ἁγαγὼνο
1453 987 1482 1038 6
1507 984 1561 1038 δὲ
1592 985 1732 1038 κατὰ
1767 986 1861 1055 χά-

286 1093 396 1148 ριν,
430 1077 528 1130 καὶ
562 1076 721 1146 μόνον
754 1075 895 1148 ὑπὲρ
928 1070 989 1131 οὗ
1025 1076 1116 1130 τὸν
1144 1076 1243 1147 τῆς
1281 1077 1565 1146 ἀσκήσεως
1597 1076 1858 1147 ὑπέμεινε

282 1169 480 1223 κόπον.

1965 522 2138 590 ferat;
2185 523 2342 593 isque
2385 523 2557 586 adeo,
2609 524 2700 592 qui
2753 540 2927 578 annos
2969 525 3310 594 septuaginta
3349 527 3535 592 habet.

1966 614 2116 670 diem
2143 615 2300 679 obiit,
2335 630 2459 669 cum
2485 629 2604 669 eam
2637 615 2878 669 nancisci
2919 617 3372 686 tranquillitatem
3400 619 3538 682 nihil

1964 706 2130 762 anxie
2171 706 2480 771 curaverit;
2523 704 2571 759 is
2608 722 2762 771 vero,
2807 707 2902 776 qui
2947 714 3115 762 unum
3165 708 3330 763 habet
3369 709 3536 774 diem,

1966 814 2189 854 omnem
2230 797 2398 852 animi
2441 799 2735 868 cogitatum
2784 815 2817 854 a
2858 806 3077 855 terrena
3116 801 3440 856 abstrahcns
3470 803 3538 856 li-

1965 895 2176 962 bidine,
2218 895 2383 966 inque
2417 894 2530 950 Deo
2573 895 2870 961 collocans,
2919 897 2989 951 ita
3027 897 3252 952 demum
3285 911 3540 953 consum-

1965 997 2148 1044 matus
2185 987 2258 1042 sit
2285 1005 2299 1040 :
2325 987 2385 1041 ﬁt
2424 988 2582 1056 plane
2625 995 2687 1042 ut
2719 987 2774 1040 in
2803 988 3034 1057 judicio,
3069 985 3253 1043 futura
3285 989 3538 1058 prannio-

1965 1096 2089 1135 rum
2135 1080 2556 1144 distributione,
2607 1079 2697 1134 hic
2744 1080 2966 1148 quidem
3015 1081 3177 1151 digne
3227 1080 3538 1135 mercedem

1963 1171 2200 1242 accipiat
2230 1171 2507 1242 (tanquam
2547 1169 2758 1224 scilicet
2785 1171 2878 1238 qui
2913 1171 2978 1224 ad
3015 1171 3348 1226 destinatum
3377 1170 3537 1225 insti-

274 1260 387 1312 tuti
436 1261 598 1314 tinem
630 1259 734 1313 rite
776 1265 1072 1329 provectus
1100 1257 1216 1328 sit).
1261 1258 1351 1312 ille
1392 1272 1522 1312 vero
1566 1257 1869 1313 secundum
1910 1260 2328 1326 indulgentiam,
2367 1277 2431 1315 ac
2472 1275 2538 1313 eo
2571 1259 2834 1314 duntaxat
2885 1262 3128 1325 nomine,
3157 1263 3304 1331 quod
3373 1276 3536 1316 exer—

316 1348 573 1404 °tationis
591 1349 837 1404 laborem
864 1348 1159 1403 sanctioris
1181 1349 1417 1404 instituti
1437 1351 1690 1420 palaestra
1708 1351 2055 1406 sustinuerit.

895 1440 1092 1493 ΕΡΩΤ.
1125 1441 1247 1494 ΞΛ’.

357 1534 532 1598 Τίνος
557 1531 733 1601 χάριν
751 1531 902 1600 μετὰ
933 1531 1078 1586 δέκα
1107 1533 1329 1601 ἡιλιέρας
1356 1533 1466 1601 τῆς
1500 1533 1861 1602 ἀναλήψεως

279 1623 393 1679 τοῦ
417 1624 662 1692 Κυρίου,
695 1623 761 1676 τὸ
794 1623 1038 1692 Πνεῦμα
1063 1624 1385 1694 κατῆλθεν.

959 1738 1190 1806 Ἆπόκρ.

351 1852 492 1905 Φασί
514 1869 657 1916 τινες
680 1852 790 1906 τῶν
813 1852 881 1907 τὰ
905 1852 1024 1908 θεῖα
1057 1853 1524 1924 πεπαιδευμένων,
1553 1853 1636 1908 ὅτι
1672 1853 1858 1925 ἐπειδὴ

284 1943 448 1998 ἐννέα
473 1945 654 2009 τάξεις
681 1946 824 2000 κατά
845 1945 937 1998 τὸν
961 1945 1237 2000 Διονύσιον
1261 1946 1353 2000 τδν
1389 1947 1781 2018 Ἀρεοπαγίτην
1803 1947 1860 2000 αἱ

284 2036 579 2105 ἀγγελικαὶ
597 2037 857 2108 δυνάμεις
885 2039 1043 2102 εἰσὶν,
1075 2037 1241 2091 ἀνιὼν
1270 2039 1411 2092 κατὰ
1437 2038 1500 2091 τὸ
1522 2038 1859 2109 ἀνθρώπινον

284 2129 312 2180 6
333 2127 542 2198 Κύριος
574 2127 738 2198 (κατά
766 2128 874 2198 γάρ
909 2127 970 2180 τὸ
999 2127 1140 2180 θεῖον
1165 2128 1344 2182 πάντα
1375 2128 1613 2199 πληροῖ),
1645 2129 1858 2198 ἑκάστῳ

287 2218 528 2287 τάγματι
575 2218 704 2289 μίαν
741 2218 955 2290 ἡμέραν
991 2219 1306 2288 ἀπένειμεν,
1347 2221 1455 2273 ἀπὸ
1493 2220 1592 2289 τῆς
1625 2218 1859 2289 ἐσχάτης

285 2301 390 2372 ἕως
415 2312 520 2375 τῆς
546 2308 883 2372 τελευταίας.
927 2309 1164 2362 Ἐδέοντο
1195 2309 1304 2378 γὰρ
1328 2311 1421 2362 καὶ
1445 2302 1602 2363 αὗται
1632 2310 1732 2380 τῆς
1763 2309 1856 2362 τοῦ

281 2400 496 2471 Κυρίου
520 2399 654 2470 πρὸς
665 2399 832 2463 αὺτάς
846 2399 1155 2470 ἐπιδημίας.
1175 2401 1269 2454 Ἐν
1285 2399 1446 2466 αὐτῷ
1461 2402 1588 2471 γὰρ,
1607 2401 1748 2455 κατά
1765 2400 1858 2454 τὸν

291 2491 643 2554 ,ΔπὸστολοἪ
679 2491 1189 2562 ἀνεκεφαλαιώθη,
1219 2493 1292 2546 οὐ
1313 2495 1506 2560 μόνον
1534 2492 1608 2546 τὰ
1622 2491 1719 2545 ἐπὶ
1746 2490 1858 2562 τῆς

277 2578 416 2649 τῆς,
451 2582 610 2635 ἀλλὰ
639 2582 736 2634 καὶ
776 2581 848 2636 τὰ
874 2582 944 2635 ἐν
973 2580 1227 2651 οὐρανῷο
1260 2583 1354 2636 καὶ
1393 2582 1530 2652 μετὰ
1576 2583 1732 2636 τοῦτο
1773 2585 1858 2638 ὲν·-

231 2671 234 2673 “
277 2674 548 2746 εφανίσθη
575 2675 654 2744 τῷ
680 2675 799 2746 Θεῷ
837 2676 932 2730 καὶ
957 2676 1151 2746 Πατρίο
1187 2675 1282 2728 καὶ
1317 2675 1492 2739 οὓτως
1525 2675 1587 2728 τὸ
1633 2675 1858 2747 Πνεῦμα

278 2768 522 2825 κάτεισι.
582 2770 739 2824 Ἐστι
790 2770 848 2824 δὲ
902 2763 1174 2840 θεωρῆσαι
1226 2767 1288 2821 τὺ
1353 2769 1710 2840 προκείμενον
1763 2771 1859 2825 καὶ

278 2865 402 2918 κατ’
432 2863 591 2918 ἀλλον
618 2863 851 2935 θεωρίας
882 2863 1103 2937 τρόπον.
1145 2863 1366 2934 Ἐπειδὴ
1393 2865 1502 2933 γὰρ
1540 2866 1568 2918 6
1595 2864 1689 2918 τοῦ
1721 2864 1856 2918 Θεοῦ

275 2956 479 3024 Λόγος,
503 2959 560 3010 ὲν
585 2959 707 3020 ταῖς
733 2955 895 3010 αὐτοῦ
921 2957 1052 3010 δέκα
1075 2956 1313 3020 ἐντολαῖς
1336 2957 1727 3026 ὲγκέκρυπται·
1760 2974 1859 3011 σω·

278 3047 552 3117 ματοῦται
592 3049 650 3102 δὲ
678 3049 736 3101 ὲν
765 3049 915 3120 ἡμῖν,
952 3047 1402 3117 συγκαταϐαίνων
1438 3049 1570 3119 ἡμῖν
1611 3048 1700 3103 διά
1751 3050 1852 3119 τῆς

275 3142 558 3214 πράξεωςο
593 3138 749 3207 αὖθις
793 3159 852 3197 τε
892 3144 1082 3213 ἀνάγει
1133 3145 1279 3216 ἡμᾶς
1317 3143 1407 3198 διά
1443 3141 1542 3214 τῆς
1578 3141 1854 3211 γνώσεως,

275 3236 440 3306 ὕψῶυ
479 3237 625 3306 ἡμᾶς
657 3236 848 3307 μέχρις
880 3236 1194 3308 ἀνέλθωμεν
1232 3238 1313 3301 εις
1339 3235 1439 3306 τὴν
1465 3237 1683 3291 πάντων
1715 3237 1856 3304 ὑψη-

275 3327 398 3382 λοτέ
410 3345 511 3397 ραν
538 3329 648 3382 τῶν
674 3329 924 3394 ἐντολῶν,
956 3326 1056 3401 τὴν
1080 3330 1362 3398 λέγουσαν,
1408 3329 1622 3398 Κύριος
1648 3331 1681 3382 ό
1713 3332 1858 3396 Θεός

275 3431 427 3486 σου,
481 3423 696 3490 Κύριος
736 3415 824 3489 εἷς
857 3422 1048 3476 ἐστιν’
1097 3423 1186 3477 ὅτε
1229 3421 1358 3491 γοῦν
1408 3423 1472 3476 ὲκ
1500 3423 1716 3477 πάντων
1748 3423 1856 3490 ἀφ-

275 3514 451 3579 εθεὶς,
479 3515 679 3585 μᾶλλον
707 3515 785 3581 δὲ,
815 3517 996 3569 πάντα
1039 3516 1199 3585 ἀφεὶς
1241 3518 1269 3568 6
1299 3515 1567 3586 ἡμέτερος
1601 3513 1748 3579 νοῦς,
1777 3516 1857 3578 εἰς

274 3607 451 3662 αὑτὸν
475 3607 565 3660 τὸν
593 3607 726 3660 Θεὸν
753 3607 1054 3680 καταλήξῃ,
1081 3608 1202 3659 τότε
1226 3607 1325 3670 τάς
1351 3607 1584 3680 πυρίνας
1606 3607 1855 3676 γλώσσας

276 3699 522 3772 δέχεται,
549 3697 679 3764 Θεὸς
711 3700 852 3754 κατά
881 3699 1040 3770 χάριν
1066 3699 1363 3770 γινόμενος.

903 3873 1096 3926 ΕΙὮΤ.
1121 3873 1237 3928 ΞΒ’.

356 3964 428 4017 Τί
445 3962 636 4028 δηλοῖ,
665 3980 684 4014 ι
698 3962 965 4017 xanimor
981 3964 1260 4032 εἰσάγαγε
1284 3963 1391 4016 τὸν
1409 3964 1564 4017 πόδα
1580 3964 1729 4032 πρὸς
1749 3966 1856 4019 τὸν

281 4051 552 4108 σεαυτοῦ
567 4053 768 4121 φίλον,
781 4051 1014 4122 μήποτε
1030 4053 1327 4120 πλησθείς
1341 4067 1457 4107 σου
1468 4053 1704 4123 μισήσῃ
1723 4070 1818 4119 σε;
1829 4073 1848 4106 ι

957 4146 1196 4214 Ἀπόκρ.

352 4260 517 4313 Φίλον
539 4255 774 4313 ἐνταῦθα
809 4257 869 4311 τὺ
895 4258 1054 4328 σῶμα
1080 4259 1235 4328 ήμῶν
1265 4257 1433 4326 λέγει,
1459 4258 1545 4312 διὰ
1577 4259 1676 4329 τὴν
1718 4261 1855 4328 πρὸς

2518 1437 2800 1496 INTERR.
2842 1438 2978 1495 LXI.

2037 1530 2174 1595 Quid
2216 1547 2387 1584 causa!
2422 1541 2517 1594 est,
2557 1547 2650 1583 cur
2682 1539 2795 1597 post
2837 1530 3010 1582 decem
3041 1529 3151 1582 dies
3191 1545 3221 1581 a
3252 1538 3453 1600 recepto
3479 1530 3535 1582 in

1893 1663 1934 1714 Β
1962 1622 2115 1677 talos
2140 1621 2627 1690 Domino,Spiritus
2658 1623 2856 1676 venerit
2881 1622 2905 1674 ?

2671 1731 2830 1800 Resp.

2027 1847 2198 1902 Aiunt
2239 1847 2461 1917 quidam
2516 1846 2826 1902 divinorum
2876 1845 3104 1900 scientia
3157 1844 3362 1900 eruditi
3409 1844 3534 1912 viri,

1957 1937 2128 2008 quod,
2167 1954 2291 1992 cum
2341 1946 2565 1991 auctore
2605 1937 2868 2005 Dionysio
2893 1933 3236 2004 Areopagita,
3281 1935 3538 2005 angelica:

1958 2036 2258 2098 potestates
2281 2028 2334 2081 in
2358 2043 2552 2081 novem
2583 2025 2892 2080 distributm
2921 2024 3031 2078 sint
3057 2024 3306 2089 ordines,
3343 2041 3537 2080 ascen-

1957 2119 2095 2173 dens
2135 2118 2401 2172 Dominus
2443 2115 2748 2170 secundum
2797 2115 3091 2167 humanam
3134 2124 3385 2168 naturam
3429 2115 3537 2185 (di-

1956 2211 2084 2265 vina
2123 2209 2272 2264 enim
2317 2207 2581 2277 implebat
2625 2205 2840 2274 omnia)
2871 2206 3074 2275 cuique
3121 2204 3304 2258 ordini
3341 2205 3410 2259 ab
3437 2220 3541 2258 ex-

1957 2312 2134 2358 tremo
2166 2301 2234 2356 ad
2271 2315 2590 2370 supremum
2619 2299 2763 2354 diem
2800 2310 2972 2352 unum
3007 2295 3356 2364 impenderit.
3397 2295 3537 2349 Nam

1955 2399 2014 2444 et
2064 2387 2531 2459 angeli,Domini
2570 2387 2634 2442 ad
2689 2387 2838 2456 ipsos
2889 2385 3127 2439 adventu
3196 2376 3533 2453 indigebant.

1956 2479 2028 2537 Ut
2083 2480 2232 2535 enim
2288 2479 2462 2534 sentit
2511 2477 2675 2550 324
2729 2477 3024 2547 Apostolus
3069 2493 3080 2528 :
3123 2475 3430 2530 Instaurata
3480 2477 3536 2528 in

1956 2584 2016 2621 eo
2073 2575 2194 2621 sunt
2246 2568 2460 2629 omnia,
2510 2583 2612 2620 non
2671 2581 2734 2618 ea
2808 2565 2979 2618 solum
3030 2579 3148 2634 qua:
3201 2573 3322 2616 sunt
3379 2578 3537 2633 super

1957 2665 2176 2721 terram,
2205 2662 2296 2710 sed
2335 2663 2382 2710 et
2422 2672 2540 2726 qua:
2575 2662 2700 2709 sunt
2743 2656 2798 2708 in
2843 2656 2968 2708 celo
3002 2653 3048 2685 “
3083 2671 3098 2717 ;
3142 2661 3367 2723 tumque
3422 2653 3536 2707 Deo

1956 2762 2021 2800 ac
2063 2746 2208 2801 Patri
2255 2744 2600 2815 apparuerit,
2651 2751 2816 2814 atque
2859 2744 2915 2797 iu
2959 2744 3106 2797 hunc
3153 2743 3374 2796 modum
3415 2741 3538 2812 Spi-

1958 2838 2100 2893 ritus
2171 2838 2406 2892 venerit.
2472 2838 2658 2892 Potest
2719 2851 2852 2890 vero
2915 2837 3082 2890 etiam
3127 2835 3238 2890 alio
3279 2835 3536 2914 ‘spiritali

1957 2945 2124 2984 sensu
2170 2928 2540 2993 considerari,
2583 2927 2731 2997 quod
2771 2926 2863 2982 hic
2905 2927 3208 2997 argumenti
3252 2942 3533 2981 vexamus.

1884 3017 1926 3072 C
1956 3021 2111 3088 Quod
2136 3022 2284 3076 enim
2317 3022 2411 3076 Dei
2448 3021 2640 3075 Sermo
2674 3020 2729 3074 in
2754 3018 2944 3074 decem
2986 3020 3104 3073 suis
3136 3018 3408 3074 mandatis
3437 3034 3536 3074 oc-

1956 3112 2161 3176 cultus,
2208 3113 2261 3166 in
2300 3121 2548 3166 nostrum
2584 3126 2644 3165 se
2689 3109 2913 3164 modum
2959 3126 3022 3165 ac
3061 3109 3222 3165 nobis
3261 3109 3537 3164 inclinans

1956 3202 2192 3256 actionis
2239 3201 2390 3255 cultu
2443 3207 2798 3270 corporatur;
2851 3213 3154 3267 rursusque
3206 3214 3308 3252 nos
3359 3198 3534 3253 subii-4

1955 3308 2074 3347 mes
2098 3294 2315 3356 tollens,
2338 3308 2435 3362 per
2459 3291 2742 3346 scientiam
2771 3289 3046 3361 provehit,
3075 3290 3248 3345 donec
3280 3290 3346 3344 ad
3375 3307 3532 3345 man-

1956 3385 2146 3438 datum
2199 3383 2475 3438 universis
2527 3382 2866 3438 sublimius:
2902 3382 3158 3435 Dominus
3207 3381 3346 3436 Deus
3389 3391 3533 3446 tuus,

1955 3475 2212 3530 Dominus
2242 3491 2378 3529 unus
2418 3484 2494 3528 est
2511 3472 2956 3537 ",ascendamus
2981 3490 2994 3525 :
3019 3488 3142 3526 cum
3169 3473 3352 3540 itaque
3377 3488 3534 3527 mens

1955 3577 2140 3620 nostra
2169 3565 2386 3620 cunctis
2408 3565 2608 3628 soluta,
2640 3579 2736 3618 seu
2769 3563 2952 3632 potius
2979 3563 3236 3617 omnibus
3264 3563 3529 3620 dimissis.

1955 3658 2134 3728 ipsum
2166 3665 2447 3728 postremo
2479 3656 2651 3709 Deum
2703 3663 2860 3708 nacta
2907 3653 3095 3716 fuerit,
3142 3662 3274 3709 tunc
3317 3655 3536 3726 linguas

1955 3749 2169 3820 igneas,
2196 3763 2294 3819 per
2316 3748 2546 3819 gratiam
2577 3746 2715 3801 deus
2738 3745 2954 3808 eﬁecta,
2987 3745 3202 3816 recipit.

2502 3859 2785 3916 INTERR.
2827 3859 2987 3914 LXII.

2024 3950 2162 4018 Quid
2201 3951 2298 4006 sibi
2343 3949 2455 4005 vult
2489 3966 2508 4004 :
2545 3969 2563 4001 ι
2601 3949 2805 4004 Rarum
2850 3949 2988 4018 infer
3039 3948 3222 4018 pedem
3271 3956 3421 4001 tuum
3461 3947 3532 4001 ad

1954 4045 2179 4098 amicum
2205 4051 2371 4107 tuum,
2397 4058 2463 4094 ne
2489 4041 2624 4112 forte
2646 4047 2695 4093 te
2719 4041 2966 4103 satiatus,
2991 4039 3160 4092 oderit
3185 4047 3234 4092 te
3257 4038 3342 4091 “‘i
3365 4057 3384 4089 ι

2712 4130 2868 4200 Resp.

2023 4244 2275 4301 Amicum
2311 4242 2401 4297 hic
2427 4241 2555 4303 loci,
2586 4255 2787 4308 corpus
2818 4247 3066 4293 nostrum
3095 4239 3249 4296 dicit.
3278 4238 3348 4292 ob
3372 4245 3534 4292 natu.

279 4357 416 4411 αὐτὸ
445 4355 681 4425 φυσικὴν
710 4353 901 4408 ἕνωσίν
924 4371 982 4406 τε
1011 4351 1106 4406 καὶ
1137 4354 1394 4424 στοργήν.
1429 4355 1692 4424 Παραινεῖ
1716 4344 1808 4409 οῦν
1829 4359 1857 4410 ὁ

1960 4335 2130 4390 ralem
2157 4350 2280 4390 cum
2309 4350 2376 4387 eo
2405 4333 2663 4386 unionem
2692 4330 3004 4400 amorisque
3040 4329 3524 4384 necessitudinem.

278 4449 478 4518 Λόγος.
515 4449 614 4517 τὴν
643 4447 768 4517 περὶ
804 4447 866 4499 τὸ
899 4445 1057 4516 σῶμα
1089 4445 1346 4516 πρόνοιαν
1381 4443 1455 4515 μὴ
1485 4445 1855 4516 πεφορτισμέ-

279 4553 379 4610 νην
431 4535 720 4598 ποιεῖσθαι,
743 4534 878 4588 ἀλλά
913 4533 1058 4604 μόνῳ
1099 4531 1176 4602 τῷ
1220 4535 1319 4603 τῆς
1361 4531 1538 4600 ψυχῆς
1587 4531 1722 4600 ἴχνει
1754 4531 1852 4600 τὴν

280 4629 451 4682 αὑτοῦ
483 4627 740 4699 πρόνοιαν
775 4627 1066 4679 ποιεῖσθαι*
1125 4624 1222 4677 καὶ
1270 4621 1427 4676 τοῦτο
1469 4623 1525 4675 δὲ
1581 4623 1844 4688 σπανίως,

283 4721 498 4791 μήποτε
558 4719 658 4788 τὴν
710 4717 1016 4771 ἀνάπαυσιν
1063 4715 1226 4770 αὑτοῦ
1266 4715 1393 4784 περὶ
1431 4713 1627 4767 πολλοῦ
1667 4729 1852 4767 ποιου-

283 4813 448 4880 μένου
480 4827 596 4872 σου,
628 4807 699 4862 τά
728 4809 836 4862 τῶν
865 4807 1076 4879 ἐχθρῶν
1101 4807 1194 4860 καὶ
1219 4806 1519 4878 μισούντων
1552 4807 1610 4859 ὲν
1638 4807 1721 4860 σοὶ
1758 4807 1848 4860 ἑν-

278 4900 544 4970 δείξηται.

898 4987 1092 5042 ΕΡΩΤ.
1123 4985 1240 5042 ΞΡ.

356 5084 423 5138 Τί
438 5082 720 5150 σημαίνει
750 5081 783 5148 ἡ
805 5079 955 5134 κατὰ
986 5079 1092 5133 τὸν
1116 5080 1299 5148 νόμον
1319 5078 1453 5146 περὶ
1474 5078 1721 5146 arra/ac
1744 5076 1849 5132 τοῦ

279 5174 470 5246 φόνου
485 5173 1006 5240 νευροκοπουμένη
1025 5169 1102 5241 (η)
1115 5171 1184 5222 ἐν
1203 5169 1278 5238 τῇ
1292 5169 1543 5240 φάραγγι
1562 5169 1854 5241 dducam;

987 5281 1217 5350 Ἀπόκρ.

351 5396 616 5468 Σημαινει
650 5395 737 5448 διὰ
759 5393 964 5448 τούτων
986 5393 1048 5448 τὸ
1078 5391 1449 5464 πνευματικὸν
1477 5392 1723 5464 βούλημα
1751 5395 1849 5458 ait;

266 5562 268 5565 ’
347 5572 393 5607 ⁸⁸
417 5573 622 5644 Ephes.
646 5589 685 5639 ι,
718 5572 801 5628 10.
864 5572 920 5616 ι⁶⁸
944 5572 1103 5628 Deut.
1133 5586 1206 5638 vr,
1235 5571 1286 5624 4.
1367 5572 1410 5602 ⁶⁶
1438 5570 1597 5625 Prov.
1644 5586 1765 5633 xxv,
1795 5571 1880 5624 t7.

1957 4427 2140 4481 Monet
2166 4425 2333 4495 igitur
2360 4422 2664 4493 Scriptura,
2700 4437 2766 4476 ne
2802 4422 3076 4476 morosius
3110 4421 3358 4491 corporis
3384 4431 3531 4477 cura!

1957 4515 2311 4586 impendaris,
2343 4513 2436 4568 sed
2468 4512 2636 4566 animi
2671 4513 2848 4566 solum
2892 4512 3124 4582 vestigio
3159 4511 3237 4566 illi
3272 4511 3525 4578 studeas;

1953 4607 2050 4662 sed
2089 4614 2146 4661 et
2182 4605 2288 4658 hoc
2324 4600 2503 4673 ipsum
2548 4618 2692 4667 raro,
2729 4618 2798 4657 ne
2837 4601 2979 4658 forte
3019 4603 3148 4657 dum
3192 4605 3311 4673 ejus
3353 4605 3529 4674 pluris

1953 4698 2309 4754 refectionem
2349 4712 2412 4750 ac
2457 4695 2695 4765 quietem
2751 4695 2905 4760 facis,
2941 4694 3258 4765 diligentius
3305 4711 3526 4759 curans,

1953 4807 2075 4861 quae
2103 4790 2213 4845 sint
2241 4789 2482 4845 hostium
2522 4796 2684 4858 atque
2721 4787 3022 4843 odientium
3056 4787 3110 4842 in
3137 4797 3189 4844 te
3218 4787 3352 4844 illud
3373 4786 3530 4842 exhia

1956 4884 2104 4940 beat.

2484 4988 2765 5043 INTERR.
2807 4987 2970 5043 LXIII

2030 5081 2167 5150 Quid
2221 5082 2318 5136 sibi
2365 5079 2475 5135 vult
2529 5079 2714 5150 legalis
2767 5078 2932 5132 vitula
2982 5096 3076 5149 pro
3121 5080 3398 5134 homicidio
3435 5097 3529 5151 per

1959 5177 2318 5248 ignorantiam
2345 5174 2616 5228 commisso
2644 5174 2700 5224 in
2728 5170 2868 5224 valle
2895 5171 3208 5224 subnercata
3238 5172 3280 5202 ⁸⁷
3297 5171 3320 5196 °

2655 5281 2791 5347 Resp

2028 5396 2233 5451 [lorum
2277 5395 2522 5466 symbolo
2564 5391 2618 5446 id
2665 5390 2924 5446 videlicet
2959 5387 3230 5460 signiﬁcat
3264 5389 3528 5462 spiritalis

1958 5566 2002 5602 ⁸⁷
2032 5569 2191 5626 Deut.
2218 5587 2326 5635 χχι,
2365 5571 2482 5626 4ο6,

275 5660 294 5800 i
358 5749 1112 5825 (η)Νευροκοπουμένη.8ἰε
1130 5757 1277 5803 certe
1299 5751 1347 5802 οἱ
1378 5747 1538 5802 LXX.
1583 5747 1740 5802 Deut.
1787 5761 1854 5801 xx

1961 5744 2070 5798 Καὶ
2099 5744 2555 5815 νευροκοπήσουσι
2585 5743 2681 5814 τὴν
2707 5744 2937 5815 δάμαλιν
2987 5747 3042 5799 ὲν
3076 5747 3140 5815 τῇ
3165 5745 3432 5820 φάραγγι,
3467 5749 3526 5798 et
