4082 6428
229 344 335 407 837

1419 345 1911 418 QU/ESTIONES
1946 345 2042 405 ET
2074 347 2175 405 DU
2186 346 2301 406 BIA
2314 393 2328 407 .

3371 346 3477 409 838

226 454 349 511 ὑπὸ
383 451 692 523 τεσσάρων
731 453 1100 523 χαλώμενος,
1125 456 1224 511 καὶ
1260 459 1312 511 εὶ
1351 457 1615 514 δυνατὸν
1654 460 1803 514 κατὰ

1908 461 2222 525 submissus;
2277 476 2339 513 ac
2390 475 2491 511 non
2560 458 2760 529 reipsa,
2814 456 2998 511 domus
3049 463 3179 511 tecto
3220 458 3481 515 denudari

224 548 344 618 τὴν
368 547 637 613 ἱστορίαν
659 545 1190 616 ἀποστεγασθῆναι
1224 550 1332 604 τὸν
1372 552 1542 607 οἷκον
1569 570 1589 617 ς

910 658 1149 727 Ἀπόκρ.

298 749 453 804 Κατά
490 749 589 820 μὲν
635 749 733 820 τὴν
778 749 1043 821 ἱστορίαν,
1095 752 1315 817 πάντως
1364 754 1746 825 ἀπεστεγάσθη
1777 755 1805 808 ὁ

219 838 401 906 uino,"
426 841 614 911 ἐπειδὴ
654 844 703 894 οἱ
746 842 854 895 τῶν
899 844 1077 897 τόπων
1117 845 1341 900 ἐκείνων
1390 847 1655 901 αὐτόπται
1708 863 1804 914 γε-

221 934 461 1004 νόμενοι,
491 936 625 1002 φασὶ
646 936 743 998 τὰς
767 936 967 1005 στέγας
988 935 1095 989 τῶν
1122 935 1311 1001 οἴκων,
1343 938 1452 991 ἀπὸ
1473 938 1623 992 λίθου
1647 940 1801 1008 κισή-

220 1042 321 1095 ρου
348 1018 487 1078 εἶναι
512 1024 939 1096 ἐλαφροτάτους,
976 1027 1117 1081 ὥστε
1154 1030 1245 1083 τὸν
1276 1032 1645 1098 ἀποστεγάσαι
1681 1030 1805 1100 βου-

218 1117 471 1185 λόμενον,
538 1117 775 1179 εὐκόλως
828 1120 922 1173 καὶ
984 1121 1269 1191 συντόμως
1325 1122 1588 1175 δύνασθαι
1646 1122 1804 1176 τοῦτο

220 1210 419 1262 ποιεῖν.
468 1209 624 1262 Κατὰ
658 1208 714 1262 δὲ
748 1209 840 1263 τὸν
893 1211 992 1281 τῆς
1038 1213 1335 1283 ἀναγωγῆς
1374 1214 1594 1284 τρόπον,
1628 1233 1806 1285 παρα-

218 1299 438 1363 λυτικὸς
470 1302 607 1367 ἐστι,
636 1302 743 1365 πᾶς
781 1302 903 1367 νοῦς
928 1304 987 1357 ὲν
1018 1305 1319 1377 ἁμαρτίαις
1356 1308 1551 1372 νοσῶν,
1587 1308 1680 1359 καὶ
1729 1307 1803 1377 μὴ

217 1388 623 1461 δυνάμενοςιδιά
642 1392 741 1462 τῆς
764 1393 997 1463 φυσικῆς
1019 1393 1251 1466 θεωρίας
1277 1396 1435 1467 (αῦτη
1459 1397 1569 1467 γὰρ
1588 1398 1621 1467 ὴ
1641 1396 1801 1466 θύρα)

223 1480 355 1534 ἰδεῖν
407 1481 509 1534 τὸν
543 1481 734 1550 λόγον’
769 1482 855 1536 διὰ
900 1483 957 1537 δὲ
996 1486 1095 1556 τῆς
1142 1487 1378 1547 πίστεως
1424 1488 1803 1555 ἀποστεγάσας

217 1572 280 1626 τὸ
310 1574 580 1645 κάλυμμα
606 1578 703 1645 τῆς
728 1576 1039 1647 παχύτητος
1064 1578 1160 1632 τοῦ
1194 1580 1421 1651 νομικοῦ
1453 1582 1803 1651 γράμματος,

220 1664 306 1717 διά
337 1664 451 1717 τῶν
490 1668 775 1738 τεσσάρων
824 1668 1057 1739 χαλᾶται
1097 1672 1160 1723 ἐκ
1209 1670 1303 1724 τοῦ
1351 1672 1581 1743 ματαίου
1614 1671 1803 1741 ὕψους,

224 1756 359 1825 πρὸς
409 1756 503 1811 τὸν
556 1758 748 1811 ἑαυτὸν
794 1760 1111 1815 κενώσαντα
1158 1763 1353 1831 Λόγον,
1384 1763 1478 1816 καὶ
1505 1766 1572 1834 τῇ
1622 1765 1803 1817 πίστει

220 1852 312 1903 καὶ
348 1853 421 1922 τῇ
453 1849 651 1922 πράξει
673 1850 943 1922 λαμδάνει
970 1853 1071 1923 τὴν
1106 1854 1285 1925 βάσιν.

841 1993 1040 2048 ΕΡΩΤ.
1082 1994 1199 2049 ΞΕ’.

294 2086 467 2153 Τίνος
520 2086 697 2157 χάριν
745 2088 1235 2157 καταγελωμένου
1285 2088 1641 2146 Ἐλισσαίου
1703 2091 1809 2145 τοῦ

220 2177 538 2244 προφήτου
570 2177 637 2231 ἐκ
684 2176 804 2229 τῶν
840 2178 1092 2243 παίδων,
1127 2180 1377 2247 ηὔξατο,
1401 2181 1499 2235 καὶ
1542 2181 1809 2247 ἐξῆλθον

223 2268 411 2335 ἄρχοι,
450 2270 547 2323 καὶ
566 2269 885 2337 ἁνώρυξαν
917 2270 1297 2345 [ἀνέῤῥηξαν]
1326 2274 1429 2342 μβν
1469 2273 1723 2339 παῖδας;

888 2385 1125 2453 Ἀπόκρ.

280 2477 426 2530 Φασί
456 2493 599 2540 τινες
636 2476 710 2547 μὴ
743 2471 881 2530 εἶναι
918 2476 1255 2547 Ἰσραηλίτας
1283 2478 1410 2543 τοὺς
1445 2479 1660 2543 παῖδας,
1690 2478 1806 2532 ἀλλ’

221 2572 280 2621 ὲκ
306 2569 422 2624 τῶν
452 2569 798 2637 ἀλλοφύλων·
834 2570 929 2623 καὶ
955 2570 1076 2640 οὐχὶ
1107 2571 1307 2634 παῖδας
1335 2575 1402 2643 τῇ
1437 2573 1648 2645 ἡλικίᾳ,
1670 2573 1806 2627 ἀλλὰ

220 2663 282 2731 τῇ
317 2662 608 2733 φρονήσει.
652 2662 805 2714 Ἐπεὶ
841 2657 935 2715 οῦν
962 2662 1161 2733 ἤκουον
1190 2663 1281 2717 τὸν
1312 2665 1602 2735 προφήτην
1635 2664 1807 2718 πολλὰ

222 2756 428 2825 σημεῖα
462 2753 748 2820 ποιοῦντα,
786 2756 881 2808 καὶ
915 2755 1017 2808 οὐκ
1060 2755 1371 2817 ἐπίστευον,
1407 2754 1545 2809 ἀλλά
1575 2757 1808 2825 κατεγέ-

222 2845 324 2898 λων
346 2844 519 2898 αὑτοῦ
544 2860 558 2873 ·
596 2844 850 2915 παρῆσαν
881 2844 937 2897 δέ
973 2861 1118 2907 τινες
1162 2843 1237 2915 μὴ
1277 2843 1662 2908 κοινωνοῦντες
1707 2849 1807 2919 τῆς

227 2936 463 3007 ματαίας
493 2935 676 2989 αὐτῶν
704 2936 929 3006 γνώμης
967 2951 979 2964 ·
1029 2936 1115 2989 ἵνα
1138 2931 1230 2989 οὖν
1263 2936 1338 3006 μὴ
1363 2929 1506 2989 οῦτοι
1529 2936 1809 3006 βλάπτων-

222 3046 327 3093 ται,
374 3029 475 3081 καὶ
509 3027 568 3080 τὸ
609 3027 933 3098 βλάσφημον
963 3028 1043 3091 εἰς
1071 3027 1203 3081 Θεὸν
1230 3027 1529 3100 ἀνατρέχῃ,
1569 3030 1807 3100 ἐπεξῆλ-

223 3120 308 3172 θεν
340 3120 537 3181 αὐτοῖς
568 3120 597 3171 ὁ
629 3119 780 3182 Θεὸς.
818 3117 974 3173 Κατὰ
998 3118 1054 3170 δὲ
1088 3118 1186 3190 τὴν
1237 3119 1493 3191 θεωρίαν,
1526 3121 1635 3183 πᾶς
1672 3119 1799 3184 νοῦς

1906 554 2066 624 possit
2096 553 2160 607 δ”.

2362 726 2371 738 ,
2608 671 2765 743 Resp.

1974 765 2129 832 Quod
2178 764 2397 834 quidem
2454 764 2520 818 ad
2574 766 2649 820 rei
2706 774 2870 836 gestm
2920 764 3208 819 veritatem
3262 760 3479 824 attinet,

1904 860 2130 913 omnino
2158 860 2369 914 detecta
2397 868 2479 913 est
2508 860 2721 914 domus.
2758 860 2925 914 Aiunt
2949 858 3095 912 enim
3121 855 3215 925 qui
3241 853 3483 909 Palaesti-

1905 968 1989 1005 nze
2027 952 2143 1004 loca
2190 951 2289 1019 ipsi
2338 952 2666 1015 lustrarunt,
2704 951 2993 1005 domorum
3030 960 3170 1005 tecta
3208 949 3482 1003 levissima

1904 1057 2025 1095 esse
2058 1058 2121 1095 ex
2170 1042 2350 1111 lapide
2403 1043 2636 1111 pumice,
2667 1052 2727 1095 ut
2769 1042 2861 1111 qui
2907 1043 3022 1097 haec
3062 1056 3318 1096 amovere
3351 1041 3485 1094 velit

1904 1149 1968 1185 ac
2022 1132 2302 1202 detegere,
2345 1133 2397 1186 id
2448 1133 2606 1187 facile
2662 1134 2927 1205 brevique
2982 1136 3155 1204 possit
3202 1141 3481 1203 pnestare.

1907 1222 2150 1291 Spiritali
2177 1240 2308 1277 vero
2334 1240 2397 1278 ac
2424 1225 2603 1279 altiori
2633 1242 2820 1290 sensu,
2845 1226 3177 1296 paralyticus
3199 1236 3283 1279 est
3307 1224 3485 1277 onmis

1907 1316 2124 1370 animus
2149 1319 2389 1386 peccatis
2419 1317 2696 1381 laborans,
2729 1333 2831 1372 nec
2859 1319 3045 1371 valens
3070 1317 3335 1371 naturalis
3357 1332 3486 1370 con-

1907 1407 2280 1474 templationis
2315 1408 2366 1460 vi
2406 1408 2544 1476 (hate
2587 1409 2733 1461 enim
2772 1418 2943 1477 porta:
2983 1408 3251 1461 rationem
3296 1405 3483 1468 habet)

1905 1514 2215 1553 sermonem
2263 1501 2453 1556 videre
2503 1520 2515 1555 :
2565 1502 2661 1572 qui
2714 1512 2895 1556 tamen
2947 1501 3072 1555 ﬁdei
3118 1516 3221 1569 ope
3271 1499 3476 1553 dClCClc

1907 1592 2107 1648 littera:
2152 1594 2289 1664 legis
2324 1594 2633 1663 obtegentis
2664 1593 2905 1657 crasitie,
2944 1608 2975 1647 a
3003 1601 3238 1662 quatuor
3270 1591 3487 1644 laxatus

1906 1686 1976 1740 ab
2014 1686 2164 1740 inani
2200 1688 2447 1742 celsitate
2490 1688 2557 1743 ad
2587 1688 2929 1752 Sermonem,
2970 1686 3062 1756 qui
3098 1686 3336 1754 seipsum
3367 1682 3487 1737 exi-

1909 1777 2120 1832 uanivit
2143 1779 2210 1845 °’,
2239 1795 2338 1849 per
2361 1778 2522 1834 ﬁdem
2552 1796 2615 1835 ac
2639 1780 2910 1835 actionem
2936 1794 3183 1851 gressum
3223 1775 3441 1847 recipit.

2453 1996 2735 2052 INTERR.
2778 1996 2936 2050 LXV.

1977 2088 2117 2155 Quid
2154 2104 2330 2143 causa:
2359 2100 2455 2153 est,
2490 2106 2584 2142 cur
2615 2089 2840 2143 Eliswus
2878 2089 3129 2158 propheta
3162 2086 3339 2157 pueris
3364 2084 3489 2138 irri-

1904 2182 2143 2236 dentibus
2177 2190 2417 2253 precntus
2442 2182 2529 2244 sit,
2552 2183 2873 2251 exierintque
2900 2181 3031 2245 ursi,
3062 2196 3124 2233 ac
3151 2194 3334 2249 pueros
3358 2194 3489 2248 qua-

1904 2275 2158 2345 draginta
2189 2275 2319 2328 duos
2354 2273 2724 2345 discerpserint
2748 2273 2815 2326 ⁷ο.

2615 2384 2770 2456 Resp.

1977 2478 2119 2533 Sunt
2143 2478 2235 2548 qui
2267 2478 2456 2534 dicant
2485 2493 2596 2532 non
2638 2477 2807 2533 fuisse
2840 2493 3044 2548 pueros
3071 2477 3365 2544 Israelitas,
3391 2477 3488 2533 sed

1905 2586 1973 2625 ex
2003 2572 2326 2643 alienigenis
2361 2590 2372 2624 :
2406 2586 2472 2627 ac
2509 2586 2689 2641 neque
2731 2579 2889 2625 :etate
2928 2586 3151 2640 pueros,
3187 2570 3283 2626 sed
3321 2569 3490 2624 animi

1906 2678 2072 2719 sensu
2100 2679 2164 2718 ac
2191 2663 2505 2733 prudentia.
2544 2662 2681 2728 Quia
2718 2661 2885 2731 igitur
2923 2661 3220 2715 audiebant
3253 2661 3493 2731 prophe-

1908 2762 2018 2807 tam
2047 2754 2217 2807 multa
2240 2753 2393 2825 signa
2418 2763 2703 2823 praestare,
2726 2768 2828 2807 nec
2853 2761 2913 2807 ut
2935 2751 3225 2807 crederent
3246 2748 3489 2806 animum

1910 2844 2265 2909 inducebant,
2300 2844 2396 2900 sed
2438 2845 2592 2899 illum
2638 2844 2975 2911 irridebant;
3012 2854 3169 2899 erant
3210 2860 3341 2899 vero
3372 2844 3493 2915 qui-

1909 2938 2033 2993 dam
2064 2946 2381 3008 praesentes,
2423 2938 2515 3007 qui
2545 2954 2574 2991 a
2610 2954 2774 3009 prava
2818 2938 3041 2991 illorum
3076 2944 3257 2991 mente
3291 2936 3496 2991 abhor-

1910 3031 2122 3084 rebant.
2152 3031 2229 3084 Ne
2254 3030 2423 3099 igitur
2445 3030 2479 3083 ii
2505 3030 2683 3083 labem
2711 3029 3045 3098 acciperent,
3072 3043 3135 3082 ac
3153 3028 3494 3098 blasphemia

1911 3123 1965 3176 iu
1991 3124 2162 3176 Deum
2194 3130 2526 3187 recurreret,
2560 3123 2679 3193 ipso
2711 3122 2890 3177 ultore
2920 3121 2973 3175 in
3000 3120 3125 3175 illos
3150 3120 3497 3175 animadver-

223 3214 362 3265 κατά
428 3212 521 3264 τὸν
556 3211 858 3264 Ἐλισσαῖον
894 3210 1208 3282 φαλακρὸς,
1260 3211 1512 3264 τουτέστι
1558 3212 1799 3281 καθαρὸς

1908 3223 2027 3265 sum
2057 3220 2161 3266 est.
2205 3211 2452 3282 Spiritali
2494 3222 2675 3267 autem
2706 3227 2893 3277 sensu,
2918 3226 3075 3266 mens
3102 3211 3284 3265 omnis
3313 3203 3494 3267 Elismi

222 3301 433 3353 ὑλικῶν
492 3302 803 3371 νοημάτων,
863 3301 920 3353 ὲν
958 3303 1025 3371 τῇ
1080 3299 1344 3355 ἀναϐάσει
1379 3301 1480 3373 τῆς
1531 3301 1805 3370 γνώσεως,

222 3393 397 3446 πολλὰ
430 3391 537 3445 ὑπὸ
564 3391 673 3445 τῶν
704 3391 979 3462 λογισμῶν
1012 3391 1123 3446 τῶν
1154 3394 1284 3463 περὶ
1317 3392 1386 3447 τά
1436 3392 1689 3464 αἰσθητὰ,
1718 3393 1810 3445 καὶ

221 3486 313 3554 τὴν
342 3485 489 3555 ὓλην
517 3485 613 3539 καὶ
651 3485 713 3538 τὸ
742 3481 902 3548 εἶδος,
951 3485 1323 3554 καταγελᾶται
1348 3501 1363 3516 ·
1395 3485 1805 3555 τεσσαράκοντα

220 3576 515 3646 δηλοῦντος
542 3576 611 3628 τά
632 3576 866 3647 αἰσθητά
891 3576 963 3646 (ο)
991 3593 1004 3606 '
1043 3576 1143 3646 ῦλη
1163 3576 1219 3629 δὲ
1256 3576 1350 3630 καὶ
1378 3576 1438 3630 τὸ
1472 3573 1610 3640 εἶδος
1638 3594 1809 3648 προσ-

220 3671 513 3741 τιθέμενα,
549 3668 803 3721 ἀποτελεῖ
850 3669 941 3722 τὸν
974 3669 1382 3739 τεσσαράκοντα
1429 3667 1522 3723 δύο
1553 3669 1805 3741 ἀριθμόν.

222 3762 551 3815 nomen:
600 3757 694 3815 οὖν
726 3762 790 3815 ἐκ
817 3763 926 3814 τῶν
976 3761 1231 3814 τοιούτων
1277 3761 1551 3833 λογισμῶν
1592 3765 1621 3815 ὁ
1659 3763 1804 3830 νοῦς,

223 3856 359 3927 πρὸς
418 3855 482 3907 τὸ
522 3855 601 3918 εἰς
632 3854 790 3908 ὄκνον
823 3856 987 3909 αὐτὸν
1018 3856 1355 3926 ἐμϐληθῆναι
1402 3859 1537 3928 πρὸς
1564 3859 1661 3929 τὴν
1687 3862 1811 3930 ἀρε-

220 3952 339 4020 τήν.
376 3948 621 4011 Τούτους
653 3944 746 4001 οῦν
777 3948 847 4001 δι’
870 3948 1040 4018 εὐχῆς
1067 3950 1303 4017 ἀναιρεῖ,
1337 3950 1431 4003 καὶ
1463 3950 1549 4003 διὰ
1574 3951 1680 4003 τῶν
1709 3954 1807 4023 ἀρ·

222 4058 357 4104 κων,
390 4039 646 4092 τουτέστι
679 4040 747 4092 δι’
777 4040 972 4111 ἡδονῆς
1017 4040 1111 4094 καὶ
1160 4041 1484 4110 ὲπιθυμίας’
1519 4045 1635 4095 κατ’
1657 4044 1806 4096 ἀντι-

228 4133 467 4205 στροφὴν
492 4132 602 4205 γὰρ
632 4133 724 4185 ἐπὶ
745 4132 806 4184 τὸ
835 4134 1082 4202 κρεῖττον
1108 4133 1593 4202 μεταχειριζόμενα
1608 4134 1675 4187 ea;
1697 4151 1806 4187 τοι-

226 4227 366 4280 αῦτα
403 4228 569 4296 πάθη,
624 4225 984 4279 ἀποκτένουσι
1033 4225 1159 4288 τοὺς
1212 4224 1507 4295 λογισμοὺς
1549 4228 1675 4290 τοὺς
1708 4229 1807 4298 ὲμ-

225 4318 517 4379 παίκτους.

833 4511 1031 4567 ΕΡΩΤ.
1071 4513 1203 4581 scr.

292 4603 429 4671 Πῶς
461 4588 785 4673 ὀφείλομεν·
816 4602 984 4658 νοεῖν
1013 4604 1129 4673 τὴν
1156 4604 1293 4674 περὶ
1322 4606 1681 4673 συντελείας
1694 4603 1802 4660 τοῦ

227 4697 357 4751 Υἱοῦ
390 4696 678 4765 cirrata)“;

915 4812 1141 4878 Ἀπόκρ.

300 4902 473 4971 Διπλῆ
520 4903 603 4965 τις
655 4905 805 4957 ἐστιν
858 4906 1084 4971 ἄγνοια·
1127 4902 1159 4972 ή
1199 4901 1297 4971 μὲν
1319 4901 1741 4973 διαδαλλομένη,
1768 4905 1802 4974 ἡ

225 4995 299 5057 δὲ,
342 4995 667 5065 ἀδιάϐλητος
689 5012 703 5026 ·
735 4998 827 5050 καὶ
854 4997 887 5067 ὴ
923 4996 1020 5068 μὲν
1051 4993 1136 5063 ἐφ’
1164 4996 1294 5064 ἡμῖν
1324 4996 1493 5057 ἐστιν,
1519 4998 1551 5065 ἡ
1585 4996 1661 5059 δὲ,
1700 4996 1801 5048 οὐκ

226 5088 309 5155 ἐφ’
339 5090 497 5158 ἡμῖν.
538 5089 647 5140 Καὶ
681 5088 715 5157 ἡ
753 5087 852 5159 μὲν
894 5084 1292 5157 διαϐαλλομένη
1339 5086 1435 5138 καὶ
1468 5087 1553 5153 ἐφ’
1580 5080 1736 5156 ἡμῖν,
1766 5088 1800 5157 ή

294 5246 339 5279 ⁸⁸
367 5245 503 5300 Luc.
531 5261 585 5310 v,
620 5245 706 5301 19.
784 5246 829 5277 ⁸⁸
853 5243 1090 5314 Philipp.
1126 5260 1183 5309 ll,
1215 5246 1265 5298 7.

295 5386 375 5456 (o)
434 5390 897 5457 Τεσσαρακοντα
927 5385 1263 5457 δηλοῦντος
1305 5383 1379 5438 τὰ
1422 5380 1707 5457 αἰσθητά.⁵
1726 5380 1819 5434 Vi-

234 5451 470 5511 deantur
496 5451 644 5529 haec'
676 5451 1061 5529 περιττότερον
1085 5455 1261 5529 dicta,
1302 5452 1567 5529 nec_satis
1586 5467 1654 5506 ex
1695 5451 1814 5523 lege

231 5538 432 5583 exacta
460 5526 764 5599 allegoriae.
789 5528 855 5583 Ut
884 5526 1033 5599 enim
1069 5526 1300 5599 August.
1324 5527 1383 5599 in
1402 5526 1561 5599 Joan.
1593 5539 1647 5588 v,
1671 5537 1806 5599 qua:

233 5593 597 5668 dragcnarius
616 5614 881 5652 numerus
907 5598 959 5650 in
991 5593 1226 5668 quadam
1260 5595 1601 5666 perfectione
1627 5593 1803 5662 accipi

234 5670 389 5734 solet,
416 5685 597 5739 eaque
626 5670 838 5723 ratione
869 5668 925 5739 in
945 5668 1158 5739 jejunio
1180 5676 1537 5739 consecratus
1555 5673 1670 5739 est:
1700 5678 1803 5739 nec

224 5740 461 5818 amatoria
493 5734 547 5793 ét
573 5738 754 5818 forma
782 5734 1094 5818 aliud'sunt
1119 5755 1285 5818 quam
1314 5734 1719 5818 ipsasensilia,‘
1744 5734 1801 5787 in

240 5810 433 5881 quibus
465 5808 695 5881 proinde
730 5809 1077 5875 nou_videtur
1103 5805 1362 5864 debuisse
1397 5807 1663 5863 Maximus
1688 5805 1800 5859 duo

1832 4571 1884 4632 ι)

1910 3320 2063 3358 more
2088 3304 2240 3357 calva
2270 3320 2282 3356 :
2315 3304 2423 3358 hoc
2450 3311 2553 3367 est,
2586 3320 2615 3358 a
2654 3303 2892 3358 terrenis
2925 3302 3101 3358 sensis
3136 3318 3201 3357 ac
3240 3303 3494 3373 cogitati-

1910 3395 2015 3449 bus
2048 3411 2204 3464 pura.
2238 3396 2291 3448 in
2320 3411 2549 3450 ascensu
2592 3395 2856 3460 scientize,
2887 3394 3186 3464 plurimum
3228 3394 3495 3450 irridetur

1909 3487 1979 3542 ab
2016 3487 2083 3541 iis
2124 3487 2452 3553 rationibus,
2480 3504 2601 3558 quae
2638 3488 2783 3543 circa
2815 3488 3060 3551 sensilia,
3096 3487 3494 3557 materiamque

1908 3594 1974 3633 ac
2007 3578 2259 3643 formam,
2300 3589 2610 3635 versantur.
2643 3580 2720 3635 lta
2756 3580 2988 3646 scilicet,
3020 3587 3082 3633 ut
3116 3579 3495 3650 quadragena-

1909 3672 2026 3727 rius
2070 3686 2354 3739 numerus,
2392 3690 2481 3727 res
2523 3673 2575 3727 in
2615 3688 2836 3727 sensum
2882 3672 3145 3727 cadentes
3185 3672 3491 3743 signiticet;

1907 3764 2179 3834 adjuncta:
2206 3781 2339 3819 vero
2363 3765 2589 3819 materia
2614 3773 2671 3819 et
2702 3765 2897 3828 forma,
2924 3764 3034 3818 duo
3058 3779 3221 3833 supra
3254 3765 3493 3833 quadra-

1907 3852 2058 3922 ginta
2085 3852 2342 3907 elliciant.
2375 3853 2728 3908 Subsannant
2759 3854 2925 3925 igitur
2952 3854 3194 3909 rationes
3220 3855 3491 3925 ejusmodi

1909 3943 2175 4007 animum,
2212 3952 2272 3997 ut
2327 3942 2383 3996 in
2427 3942 2764 4009 socordiam,
2817 3958 2928 4012 quo
2976 3942 3158 3997 minus
3198 3940 3292 3996 ille
3329 3942 3494 3996 obeat

1907 4036 2201 4099 virtutem,
2253 4036 2569 4105 conjiciant.
2614 4035 2722 4090 llas
2770 4036 2938 4106 igitur
2989 4035 3249 4105 precibus
3292 4044 3489 4102 necat,

1907 4128 2073 4197 idque
2118 4143 2375 4181 ursorum
2416 4142 2617 4197 Opera;
2653 4128 2952 4198 voluptatis
2993 4128 3206 4183 scilicet
3236 4141 3303 4181 ac
3336 4127 3492 4196 cupi-

1907 4219 2097 4273 ditatis
2127 4220 2290 4290 326
2322 4236 2445 4290 ope.
2480 4221 2701 4276 Alterna
2739 4221 2886 4275 enim
2926 4219 3286 4275 conversione
3315 4218 3490 4273 virtu-

1911 4309 1978 4364 tis
2027 4309 2273 4364 subsidio
2323 4312 2569 4382 usurpati
2616 4311 2845 4366 affectus
2885 4310 3177 4381 ejusmodi,
3216 4309 3491 4366 derisores

1908 4402 2178 4469 cogitatus
2207 4400 2558 4471 rationesque
2589 4401 2993 4457 contrucidant.

2439 4516 2723 4572 INTERR.
2763 4516 2945 4571 LXVI.

1975 4612 2245 4679 Quomodo
2300 4611 2446 4665 nobis
2498 4608 2939 4679 intelligendum,
2996 4611 3245 4681 ignorare
3295 4608 3489 4664 Filium

1899 4700 2079 4757 saeculi
2116 4700 2621 4755 consummationem
2646 4698 2725 4754 ’³2

2617 4809 2770 4880 Resp.

1983 4904 2193 4974 Duplex
2217 4903 2524 4974 ignorantia
2553 4911 2674 4969 est;
2709 4904 2899 4965 altera,
2929 4918 3051 4972 qua:
3078 4903 3312 4957 obnoxia
3342 4902 3493 4957 vitu-

1911 4993 2068 5067 perio
2122 4996 2221 5060 sit,
2275 4996 2442 5049 altera
2501 5012 2621 5065 qua:
2680 4995 2828 5048 omni
2880 4996 2999 5049 labe
3049 5003 3264 5059 careat,
3315 4997 3492 5066 sitque

1913 5089 2132 5143 innoxia
2160 5105 2172 5141 :
2206 5098 2369 5158 atque
2394 5089 2563 5143 altera
2584 5087 2826 5157 quidem,
2848 5103 3016 5157 penes
3042 5103 3144 5142 nos
3180 5097 3493 5157 nostraeque

1353 5246 1397 5276 ⁷⁰
1434 5245 1501 5301 lV'
1526 5244 1657 5314 Reg.
1689 5261 1747 5307 ιι,
1776 5244 1866 5297 25.
1939 5246 1982 5275 τί
2011 5245 2174 5299 Marc.
2205 5261 2317 5311 xm,
2348 5245 2435 5299 52.

1926 5397 2203 5452 (ιυωι-θτρί
2238 5396 2400 5449 supra
2447 5380 2811 5452 quadraginta
2845 5422 2860 5447 ,
2906 5380 3183 5452 siquidem
3247 5377 3492 5452 quadra-

1922 5449 2071 5521 ginta
2118 5451 2227 5522 (ob
2255 5449 2504 5523 quatuor
2533 5449 3085 5523 scilicetelementa)
3138 5450 3383 5523 exponit
3424 5449 3493 5523 τά

1920 5520 2169 5593 αἰσθητὰ,
2194 5522 2350 5591 quasi
2378 5538 2445 5577 ex
2474 5522 2583 5577 illis
2610 5523 2807 5577 coalita
2835 5540 2847 5575 :
2890 5520 3307 5593 nisiﬂfortehhoe
3326 5520 3494 5576 libuit

1910 5591 2106 5647 ludere
2139 5593 2195 5645 in
2222 5592 2510 5663 allegoria:
2537 5593 2922 5662 campo,'quod
2976 5592 3079 5646 alia
3118 5591 3241 5663 aliis
3290 5591 3488 5663 imme-

1909 5664 2091 5718 diatus
2120 5663 2186 5717 ad
2217 5662 2335 5732 ipsa
2348 5660 2423 5717 'se
2455 5663 2714 5725 habeant,
2737 5660 3021 5733 possitque
3048 5662 3268 5717 animus
3285 5660 3486 5717 distin-

1908 5734 2110 5789 ctionis
2139 5732 2350 5803 aliquid
2377 5734 2618 5801 cogitare
2647 5732 2793 5789 inter
2820 5735 2934 5789 illa.
