4082 6452
248 377 342 449 8H

1438 381 1929 454 QU/ESTIONES
1966 383 2061 443 ET
2103 385 2355 445 DUBIA.

3388 393 3493 460 842

247 490 428 562 ιπειδὴ
460 488 521 544 rb
558 488 661 560 μὲν
687 489 806 543 ὅλον
830 487 990 561 σῶμα
1022 488 1234 551 σκέπει,
1276 490 1442 560 μόνας
1476 491 1531 545 δὲ
1557 492 1661 557 τὰς
1704 494 1815 563 χεῖ-

1920 509 2142 564 corpus,
2170 495 2302 549 solis
2326 497 2579 553 manibus
2602 498 2765 555 nudis
2785 498 3014 564 relictis,
3040 507 3204 570 tegat,
3230 504 3491 560 moralem

252 601 347 656 ρας
379 584 603 653 γυμνοῖ,
634 580 892 651 σημαίνει
915 580 990 644 ὡς
1018 579 1126 652 χρὴ
1154 581 1253 650 τὴν
1282 581 1478 653 ἠθικὴν
1502 583 1819 654 φιλοσοφίαν

244 674 577 738 ἐνδεδύσθαι,
608 673 977 745 ἀφῃρημένην
1007 672 1107 735 τὰς
1150 673 1463 741 πρακτικὰς
1502 674 1603 744 τῆς
1637 675 1818 746 ἁμαρ-

240 769 355 830 sic;
393 763 702 836 ἐνεργείας*
755 763 848 819 καὶ
890 762 967 827 ὡς
1014 761 1119 834 χρὴ
1150 762 1353 834 ταύτην
1396 764 1706 819 ἐπικεῖσθαι
1732 768 1820 819 ἀεὶ

244 854 331 910 έπί
352 871 412 907 τε
432 854 657 923 δυνάμει
682 851 777 906 καὶ
806 850 1073 924 ἐνεργείᾳ.
1108 849 1169 904 Ἦ
1193 852 1301 922 γὰρ
1316 849 1541 921 δύναμις
1556 851 1653 923 τῆς
1672 854 1819 906 ἀντι-

243 946 500 1015 κειμένης
556 943 650 997 τοῦ
700 943 940 1015 πονηροῦ
990 943 1307 1005 δυναστείας
1341 942 1477 1009 ἐστὶ,
1531 942 1673 997 κατά
1729 943 1820 997 τὸν

256 1034 395 1097 Ἰὼὸ,
423 1033 528 1088 ὑπὸ
554 1032 803 1104 ὀμφαλοῦ
842 1033 1079 1105 γαστρός
1099 1049 1114 1064 ⁸
1147 1034 1244 1088 καὶ
1274 1034 1335 1087 αί
1363 1033 1534 1103 ψυχαὶ
1561 1033 1705 1087 κατὰ
1727 1033 1819 1087 τὸν

244 1126 517 1197 μακάριον
567 1124 755 1191 Δαόὶδ,
807 1125 1147 1197 πληροῦνται
1188 1124 1300 1179 τῶν
1343 1125 1676 1195 δαιμονικῶν
1718 1127 1820 1198 έμ-

242 1217 594 1289 παιγμάτων,
633 1216 1031 1287 Ἐμπαίγματα
1062 1215 1123 1270 δέ
1168 1217 1330 1280 είσιν,
1363 1216 1419 1269 αί
1445 1215 1692 1289 διάφοροι
1720 1218 1819 1288 τῆς

242 1310 499 1382 πορνείας
526 1308 816 1379 ἐνέργειαι.
864 1306 926 1362 ’0
955 1307 1013 1362 δὲ
1040 1307 1333 1374 ἀνάλαδος,
1360 1306 1549 1379 ἐπειδὴ
1586 1308 1680 1361 καὶ
1717 1310 1817 1378 έμ-

242 1401 380 1471 πρδς
425 1400 519 1455 καὶ
543 1399 718 1454 ὀπίσω
742 1399 832 1454 τὸν
858 1400 1091 1472 σταυρὸν
1124 1399 1257 1470 ἔχει,
1289 1399 1545 1470 σημαίνει
1574 1398 1656 1453 ὅτι
1687 1397 1815 1471 χρὴ,

240 1492 383 1547 κατὰ
412 1492 505 1546 τδν
541 1490 885 1553 Ἀπόστολον,
927 1491 1003 1563 μὴ
1044 1490 1205 1561 μόνον
1255 1487 1638 1561 σταυρωθῆναι
1669 1489 1818 1560 ἡμᾶς

238 1583 317 1655 τῷ
349 1584 565 1654 κόσμῳ,
593 1582 730 1637 ἀλλὰ
766 1581 861 1635 καὶ
890 1581 986 1635 τὸν
1014 1580 1222 1651 κόσμον
1264 1582 1396 1651 ἡμῖν
1417 1596 1430 1611 ο
1464 1580 1554 1635 ἵνα
1587 1580 1818 1650 φευγόν-

238 1693 348 1730 των
377 1674 537 1745 ήμῶν
562 1674 654 1728 τὸν
679 1673 907 1744 κόσμον,
942 1672 1111 1744 μηδὲν
1134 1672 1389 1743 ἐμπόδιον
1421 1672 1655 1743 ἔχωμεν,
1680 1672 1815 1743 μηδὲ

238 1770 306 1839 τῇ
338 1766 477 1836 πρὸς
507 1765 667 1818 αὑτὸν
696 1764 877 1836 σχέσει
905 1762 993 1818 διὰ
1021 1766 1120 1835 τῆς
1147 1763 1573 1834 ὲπιφαινομένης
1598 1763 1815 1833 ἀπάτης

239 1833 670 1930 ἐγκρατηθῶμεν
693 1873 711 1890 ο
731 1833 895 1928 *μήτε
946 1856 1004 1915 δὲ
1048 1833 1211 1913 πάλιν
1236 1854 1346 1909 τῶν
1375 1833 1599 1907 ὄπισθεν
1621 1853 1815 1907 διωκό-
1848 1833 1889 1892 Β

244 1966 397 2020 μενοι
430 1948 496 1999 ἐκ
537 1945 633 2000 τοῦ
681 1947 888 2016 κόσμου
918 1946 982 1998 έκ
1027 1944 1135 1998 τῶν
1167 1944 1438 1998 ἀκουσίων
1467 1942 1814 2013 πειρασμῶν,

240 2040 641 2110 ῦπενδώσωμεν
668 2038 762 2092 τοῦ
789 2036 944 2093 τόνου
962 2037 1063 2110 τῆς
1087 2035 1369 2099 εὐσεϐείας
1385 2053 1398 2067 ·
1421 2034 1537 2089 ἀλλ’
1561 2033 1818 2103 ἀναίσθη-

238 2150 323 2188 to:
354 2132 454 2187 xui.
472 2133 656 2205 νεκροὶ
694 2131 1089 2203 διαμείνωμεν,
1118 2130 1257 2201 πρός
1282 2146 1343 2183 τε
1368 2127 1439 2183 τὰ
1462 2127 1694 2183 ἀκούσια
1720 2127 1816 2182 καὶ

237 2226 310 2283 τὰ
333 2225 561 2281 ἑκούσια
587 2225 756 2296 πάθη.
788 2223 862 2278 Τὸ
888 2223 947 2278 δὲ
979 2222 1295 2277 κουκούλιον
1328 2221 1500 2292 δηλοῖ,
1522 2219 1620 2291 τήν
1650 2236 1817 2291 φρου-

241 2320 443 2394 ροῦσαν
464 2318 563 2376 καὶ
591 2320 896 2375 σκέπουσαν
918 2319 1010 2374 τὸν
1024 2317 1149 2373 νοῦν
1173 2317 1332 2389 ήμῶν
1354 2316 1516 2388 χάριν
1539 2314 1634 2369 τοῦ
1657 2312 1814 2369 Θεοῦ.

250 2413 312 2468 '0
342 2412 456 2485 γὰρ
489 2412 929 2483 ἀποκειράμενος
959 2410 1028 2465 τὰ
1058 2409 1151 2465 τοῦ
1187 2410 1395 2480 κόσμου
1427 2408 1695 2479 νοήματα,
1718 2404 1815 2477 τήν

237 2502 679 2577 περικεφαλαίαν
723 2502 940 2574 δέχεται
972 2501 1066 2557 τοῦ
1093 2501 1386 2572 σωτηρίου.
1414 2499 1495 2554 Τὰ
1531 2498 1588 2552 δὲ
1621 2495 1815 2551 σανδά-

237 2598 352 2664 λια.⁹
377 2595 567 2652 τοῦτον
590 2594 815 2667 ἔχειτὸν
840 2593 1018 2664 λόγον.
1056 2592 1273 2663 Ἐπειδὴ
1293 2593 1358 2646 ὲκ
1382 2589 1588 2661 νεκρῶν
1616 2587 1818 2660 δερμά-

238 2704 355 2742 των
380 2686 513 2749 είσὶ,
542 2684 725 2757 μικρῷ
761 2684 821 2737 δὲ
853 2682 1015 2756 μέρει
1060 2682 1154 2736 τοῦ
1191 2682 1444 2753 σώματος
1478 2678 1813 2743 ὑπόκεινται,

237 2780 335 2833 τὶν
364 2775 531 2836 abeat!
558 2778 783 2848 τρόπον,
811 2770 959 2851 ᾗπερ
984 2776 1047 2829 τὸ
1082 2774 1201 2829 ὅλον
1240 2772 1395 2845 σῶμα
1427 2772 1563 2843 πρὸς
1596 2771 1664 2824 τὰ
1694 2771 1816 2841 ἴχνη

238 2869 339 2925 τοῦ
366 2870 653 2926 σανδαλίου
677 2868 812 2939 ἔχει,
843 2867 991 2922 οὕτω
1020 2866 1126 2939 χρὴ
1156 2867 1252 2937 τὴν
1276 2864 1456 2936 ψυχὴν
1493 2863 1573 2933 τῷ
1603 2861 1817 2933 σώματι

239 2960 575 3034 κεχρῆσθαι,
602 2960 698 3015 καὶ
728 2960 887 3014 τοῦτο
914 2958 1143 3031 νεκροῦν
1177 2958 1286 3011 τῶν
1333 2956 1487 3026 παρὰ
1517 2954 1679 3025 φύσιν
1711 2972 1816 3008 πα-

239 3054 373 3108 θῶν.
406 3053 480 3106 Τὸ
527 3052 585 3106 δὲ
639 3051 1009 3123 περιϐόλαιον,
1042 3049 1229 3122 ἐπειδὴ
1254 3047 1599 3120 τετράγωνόν
1626 3047 1777 3099 ἐστιν
1798 3086 1815 3113 ,

237 3148 305 3199 ἐκ
334 3146 616 3217 τεσσάρων
657 3144 714 3197 δὲ
765 3142 1042 3214 στοιχείων
1086 3143 1178 3197 καὶ
1214 3144 1242 3195 ό
1287 3141 1514 3211 κόσμος,
1561 3135 1815 3207 σημαίνει
1841 3167 1884 3227 c

239 3238 327 3290 ὅτι
356 3235 465 3308 χρὴ
512 3234 945 3307 πριὸεόλῆσθαι
991 3235 1139 3306 ἡμᾶς
1166 3234 1265 3303 τὴν
1291 3232 1528 3303 φυσικὴν
1560 3228 1813 3299 θεωρίαν,

238 3326 383 3379 ὥστε
422 3325 499 3397 μὴ
546 3325 683 3396 πρὸς
725 3327 980 3396 αἴσθησιν
1009 3324 1104 3378 καὶ
1142 3323 1289 3394 πάθη
1317 3323 1386 3376 τὰ
1412 3319 1668 3391 ὁρώμενα
1695 3318 1816 3389 βλέ-

238 3436 389 3484 πειν,
421 3418 556 3473 ἀλλὰ
588 3417 676 3471 διὰ
706 3415 800 3472 τοῦ
834 3417 892 3470 ὲν
928 3416 1114 3480 αὐτοῖς
1160 3414 1341 3483 λόγου,
1378 3412 1519 3485 πρὸς
1564 3412 1658 3466 τὺν
1694 3410 1816 3464 τοῦ·

236 3526 353 3562 των
393 3507 726 3580 δημιουργὸν
774 3504 1093 3575 ἀνάγεσθαι.
1140 3502 1215 3558 Τὸ
1267 3503 1326 3558 δὲ
1352 3502 1451 3573 τὴν
1479 3501 1818 3574 ἀριστερὰν¹

239 3599 402 3669 χεῖρα
446 3596 958 3668 παραγυμνοῦσθαι,
995 3593 1250 3665 σημαίνει
1289 3592 1373 3646 ὅτι
1404 3591 1509 3664 χρὴ
1547 3592 1645 3656 τὰς
1682 3592 1820 3659 ἁγασ

237 3690 345 3753 θὲις
366 3688 598 3762 πράξεις
623 3690 683 3743 έν
704 3690 835 3760 ἡμῖν
858 3685 1273 3759 προφαίνεσθαι,
1306 3684 1451 3739 κατὰ
1476 3686 1569 3738 τὸν
1587 3683 1684 3737 τοῦ
1707 3684 1820 3736 Σω-

236 3785 413 3854 τῆρος
460 3781 639 3849 λόγον,
698 3782 848 3843 ὅπως
898 3774 1083 3833 ίδωσιν
1119 3779 1168 3831 oi
1230 3777 1507 3849 ἄνθρωποι
1559 3775 1629 3829 τὰ
1677 3773 1821 3828 καλὰ

233 3871 271 3940 ἡ
282 3869 404 3939 μῶν
436 3868 594 3940 ιργα,
633 3870 727 3924 καὶ
769 3868 1039 3934 δοξάσωσι
1072 3868 1167 3923 τὸν
1197 3867 1419 3940 Πατέρα
1450 3868 1482 3937 ή
1492 3864 1610 3937 μῶν
1642 3865 1732 3919 τὸν
1762 3866 1820 3919 ὲν

233 3964 354 4025 τοῖς
382 3962 657 4033 οὐρανοῖς.
685 3961 761 4015 Τὸ
791 3962 849 4015 δὲ
882 3961 1073 4033 μαῦρα
1098 3960 1169 4014 τὰ
1207 3959 1478 4030 ἐνδύματα
1523 3955 1684 4021 εἷναι,
1719 3974 1815 4028 ση-

238 4054 432 4124 μαίνει
455 4055 537 4108 ὃτι
559 4053 666 4126 χρὴ
695 4055 846 4126 ἡμᾶς
884 4055 1111 4123 ἀφανεῖς
1139 4048 1275 4106 εἶναι
1306 4051 1386 4122 τῷ
1416 4051 1627 4121 κόσμῳ,
1651 4050 1727 4113 ὡς
1754 4048 1816 4102 τὸ

234 4144 548 4215 πολίτευμα
586 4143 815 4216 ἔχοντας
842 4145 903 4199 έν
930 4144 1165 4216 οὐρανῷ.
1193 4145 1256 4198 Εί
1282 4143 1341 4198 δέ
1379 4160 1463 4207 τις
1504 4143 1563 4196 τὸ
1593 4141 1815 4195 παλλίον

232 4236 586 4306 τετράγωνον
609 4236 690 4302 δν,
721 4237 815 4291 καὶ
849 4237 931 4300 είς
953 4236 1053 4300 τὰς
1076 4234 1296 4306 γενικὰς
1324 4236 1594 4306 τέσσαρας
1615 4233 1817 4305 ἀρετὰς

234 4323 486 4388 ὶκλάὗοι,
513 4323 673 4380 τοῦτο
692 4326 916 4390 είκότως
939 4325 1038 4397 οὐχ
1061 4325 1464 4395 ἁμαρτήσεται.

1921 599 2021 639 nos
2043 583 2445 655 philosophiam
2475 587 2696 643 indutos
2716 604 2835 643 esse
2862 589 3063 645 debere
3086 590 3374 663 significat,
3403 598 3490 649 cui

1919 676 2130 744 peccati
2185 678 2535 749 operationcs
2567 686 2830 751 actusque
2860 680 3037 735 ablata
3070 680 3208 747 sint;
3244 698 3491 754 semper-

1919 781 2028 835 que
2075 781 2201 821 eum
2248 766 2493 824 facultati
2541 776 2656 824 tum
2706 770 3013 840 operationi
3064 781 3317 841 Oporterc
3368 790 3491 829 esse

1920 852 2253 924 impositam.
2307 855 2563 912 Adversas
2606 858 2753 912 enim
2806 858 3128 929 nequissimi
3181 860 3343 931 327
3396 878 3493 931 p0-

1921 945 2135 999 testatis
2166 944 2270 1011 vis,
2301 954 2363 1001 ut
2388 953 2583 1001 auctor
2609 956 2693 1001 est
2716 948 2910 1003 beatus
2932 948 3034 1005 Job
3062 951 3129 1016 ",
3157 952 3260 1005 sub
3284 952 3493 1005 ventris

1919 1035 2184 1091 umbilico
2221 1046 2335 1103 est;
2375 1038 2679 1109 animique,
2715 1049 2853 1095 teste
2888 1040 3048 1096 beato
3084 1042 3285 1098 Davide
3307 1044 3374 1110 ⁷³,
3407 1060 3492 1098 re-

1919 1124 2142 1194 plentur
2178 1123 2489 1180 daemonum
2533 1126 2903 1182 illusionibus.
2941 1130 3082 1184 Sunt
3115 1146 3246 1186 vero
3284 1132 3494 1186 illusio-

1919 1231 2049 1281 nes,
2091 1216 2323 1273 diversa:
2364 1216 2743 1274 fornicationis
2788 1220 3156 1288 operationes.
3202 1222 3492 1285 ’Δνάλαὸος

1916 1317 2100 1364 autem
2144 1310 2267 1381 (nos
2298 1309 2456 1380 quasi
2481 1309 2739 1379 replicam
2769 1312 2833 1375 “,
2874 1312 3235 1367 monastieum
3282 1315 3494 1369 scilicet

1916 1399 2223 1470 scapulare,
2248 1398 2514 1471 dicamus)
2544 1416 2668 1456 cum
2696 1411 2822 1456 ante
2854 1410 3112 1477 retroque
3138 1405 3338 1461 habeat
3363 1422 3493 1462 cru-

1916 1504 2071 1555 cem,
2127 1490 2233 1545 hoc
2278 1490 2551 1561 significat
2586 1509 2599 1545 :
2632 1490 2839 1548 debere
2886 1508 3018 1557 nos,
3062 1495 3217 1565 juxta
3262 1497 3494 1567 Aposto—

1915 1581 2028 1634 lum
2053 1580 2121 1645 7",
2160 1594 2272 1634 non
2321 1581 2501 1636 solum
2534 1580 2758 1635 mundo
2800 1581 3094 1637 crucifixos
3131 1598 3274 1650 esse,
3308 1584 3403 1639 sed
3438 1580 3496 1638 ρῑ

1916 1670 2179 1725 mundum
2214 1670 2271 1727 in
2302 1669 2466 1727 nobis
2506 1670 2827 1735 cruciﬁxum
2874 1670 3106 1737 habere;
3142 1688 3253 1742 quo
3286 1673 3496 1739 scilicet

1914 1761 2077 1816 nobis
2120 1761 2385 1816 mundum
2428 1761 2786 1833 fugientibus,
2817 1762 2951 1816 nihil
3001 1762 3376 1834 impedimenti
3412 1765 3499 1819 in-

1918 1864 2126 1919 currat,
2160 1870 2263 1910 nec
2311 1855 2511 1911 affectu
2560 1856 2615 1910 in
2657 1872 2783 1911 eum
2819 1872 2883 1911 ac
2913 1857 3164 1925 libidine,
3198 1861 3495 1931 conspicua

1916 1942 2131 2014 decepti
2162 1943 2367 2014 specie,
2400 1953 2714 2010 teneamur;
2749 1959 2927 2014 neque
2966 1962 3156 2003 rursus
3186 1963 3253 2003 eo
3282 1964 3315 2002 a
3344 1940 3496 2020 tergo

1916 2044 2311 2105 persequente,
2362 2035 2430 2090 iis
2479 2034 2877 2090 tcntationibus
2921 2052 3043 2108 quae
3090 2036 3277 2095 invitis
3324 2038 3495 2094 obve-

1916 2122 2098 2188 niunt,
2124 2131 2442 2178 contentum
2470 2124 2691 2194 pietatis
2715 2125 2959 2181 studium
2989 2125 3287 2196 quidquam
3308 2130 3496 2182 remit-

1918 2222 2134 2279 tamus;
2167 2214 2264 2269 sed
2289 2216 2440 2269 velut
2465 2230 2661 2271 sensus
2684 2227 2937 2288 expertes
2961 2224 3018 2271 ct
3040 2218 3195 2287 quasi
3233 2220 3492 2284 emortui,

1916 2302 2187 2358 adversus
2235 2311 2348 2357 tum
2394 2304 2737 2359 voluntarios
2779 2295 3009 2360 affectus
3055 2304 3334 2376 maiaque,
3378 2314 3494 2360 tum

1918 2390 2320 2447 involuntarios
2365 2392 2752 2448 consistamus.
2803 2392 3067 2450 Cucullus
3128 2395 3225 2449 Dei
3263 2397 3493 2467 gratiam

1916 2480 2216 2552 significat,
2261 2489 2639 2552 protegentem
2682 2496 2921 2541 mentem
2964 2501 3197 2556 eamque
3234 2487 3496 2559 obtegen-

1919 2582 2050 2629 tem.
2092 2573 2263 2645 Cujus
2303 2575 2453 2630 enim
2497 2576 2740 2633 detonsa
2783 2587 2913 2633 sunt
2950 2580 3242 2634 saaculares
3286 2580 3494 2650 cogita-

1916 2663 2117 2729 tiones,
2150 2663 2358 2735 galeam
2397 2666 2628 2721 assumit
2654 2668 2910 2723 salutaris
2935 2669 3001 2721 ⁷⁵.
3044 2669 3214 2723 Porro
3252 2669 3496 2725 sandalia

1918 2753 2062 2810 hanc
2086 2753 2293 2810 habent
2316 2757 2606 2813 rationem.
2637 2756 2774 2813 Cum
2799 2758 2947 2814 enim
2978 2775 3043 2815 ex
3074 2759 3309 2815 mortuis
3337 2761 3496 2830 pelli-

1916 2848 2023 2906 bus
2067 2852 2337 2918 confecta,
2380 2868 2445 2909 ac
2491 2856 2740 2925 corporis
2782 2856 2993 2926 exiguae
3033 2857 3175 2927 parti
3221 2858 3497 2915 substrata

1917 2943 2049 3010 sint,
2091 2944 2197 2999 hoc
2234 2945 2536 3002 denotant:
2570 2962 2676 3017 qua
2724 2949 2935 3003 ratione
2980 2958 3154 3005 totum
3199 2966 3401 3022 corpus
3429 2952 3496 3007 ad

1917 3034 2150 3090 sandalii
2198 3037 2427 3107 vestigia
2459 3052 2518 3093 se
2565 3037 2748 3103 habet,
2787 3039 2867 3095 sic
2911 3054 3139 3096 necesse
3177 3051 3239 3097 ut
3283 3043 3499 3097 animus

1918 3140 2152 3194 corpore
2200 3134 2408 3190 utatur,
2451 3127 2738 3197 ipsumque
2773 3127 3062 3184 affectibus
3095 3130 3497 3187 innaturalibus

1922 3217 2048 3290 (qni
2090 3219 2299 3273 scilicet
2346 3219 2479 3273 vitio
2530 3219 2804 3291 haereant)
2852 3220 2934 3277 sic
2982 3222 3140 3291 quasi
3184 3232 3495 3278 emortuum

1919 3307 2134 3364 reddat.
2172 3309 2419 3380 Denique
2455 3310 2703 3380 pallium,
2732 3311 2879 3382 quod
2914 3312 3117 3367 habeat
3139 3321 3375 3383 quatuor
3395 3327 3496 3369 ar.-

1917 3413 2075 3482 gulos
2094 3453 2109 3477 ,
2156 3427 2221 3468 ac
2243 3414 2484 3469 mundus
2506 3413 2671 3470 etiam
2694 3425 2933 3485 quatuor
2953 3416 3243 3472 elementis
3260 3426 3495 3483 constet,

1920 3504 2025 3559 hoc
2051 3504 2257 3561 indicat
2286 3522 2299 3558 :
2328 3505 2533 3562 debere
2571 3522 2671 3561 nos
2684 3508 2851 3563 etiam
2884 3507 2937 3563 id
2971 3522 3144 3579 genus
3173 3509 3499 3579 speculatio-

1920 3596 2005 3649 nis
2036 3595 2284 3661 induere,
2317 3596 2465 3666 quod
2513 3598 2749 3653 naturali
2793 3614 2896 3653 nsu
2944 3608 3255 3669 praestatur,
3290 3614 3362 3653 ne
3410 3615 3499 3654 res

1920 3689 2096 3744 oculis
2132 3689 2409 3761 subjectas
2467 3706 2535 3746 ex
2581 3705 2779 3745 sensus
2819 3691 3227 3760 aﬂ‘ectuumque
3268 3690 3497 3746 libidine

1919 3789 2242 3842 cernamus,
2277 3777 2374 3832 sed
2423 3793 2521 3849 per
2568 3780 2837 3834 rationem
2883 3794 3005 3849 quae
3059 3779 3167 3833 illis
3218 3778 3390 3843 inest,
3428 3778 3497 3833 ad

1920 3868 2141 3923 illorum
2197 3880 2480 3925 auctorem
2537 3870 2927 3941 provehamur.
2976 3869 3133 3936 Quod
3187 3880 3370 3925 autem
3427 3872 3501 3925 si-

1922 3957 2094 4013 nistra
2142 3974 2334 4015 manus
2382 3960 2595 4016 detecta
2646 3960 2739 4026 sit,
2788 3960 2894 4014 hoc
2942 3960 3246 4030 significat,
3297 3961 3499 4016 debere

1923 4048 2096 4104 bonas
2154 4049 2400 4105 actiones
2452 4050 2509 4105 in
2555 4049 2718 4104 nobis
2761 4050 3094 4120 praelucere,
3145 4051 3299 4120 juxta
3352 4052 3498 4120 quod

1920 4138 2171 4209 praecipit
2192 4139 2478 4205 Dominus,
2509 4150 2568 4194 ut
2590 4140 2815 4195 videant
2844 4138 3097 4195 homines
3124 4155 3291 4209 opera
3314 4150 3500 4195 nostra

1923 4231 2088 4295 bona,
2113 4240 2170 4285 et
2210 4230 2517 4301 glorificent
2552 4231 2770 4286 Patrem
2808 4238 3060 4286 nostrum
3105 4232 3200 4302 qui
3242 4233 3299 4287 in
3346 4234 3501 4288 caelis

1922 4330 2007 4376 est
2030 4324 2096 4377 ⁷⁵.
2132 4322 2287 4390 Quod
2323 4322 2454 4392 pulli
2484 4323 2687 4379 coloris
2719 4323 2830 4377 sint
2863 4321 3207 4387 indumenta,
3234 4324 3340 4379 hoc
3375 4324 3502 4379 insi-

234 4427 399 4482 nuat,
427 4417 632 4474 debere
671 4432 775 4474 nos
806 4434 928 4475 esse
956 4420 1157 4475 saeculo
1195 4419 1485 4484 obscuros,
1552 4426 1613 4472 ut
1646 4416 1741 4487 qui
1772 4414 1938 4469 vitam
1975 4431 2040 4472 ac
2068 4417 2466 4488 municipatum
2535 4418 2590 4471 in
2619 4418 2759 4473 caalo
2824 4416 3126 4475 habeamus
3152 4418 3218 4471 ⁷⁷.
3256 4417 3352 4473 Sin
3404 4436 3498 4473 au-

235 4520 350 4570 tem
378 4510 582 4582 aliquis
632 4510 879 4582 pallium,
906 4511 1051 4582 quod
1087 4520 1325 4581 quatuor
1358 4510 1590 4581 angulos
1629 4508 1849 4573 habeat,
1889 4510 2056 4565 etiam
2102 4510 2169 4565 ad
2213 4509 2503 4580 generales
2542 4516 2779 4579 quatuor
2840 4508 3076 4564 virtutes
3119 4509 3393 4575 retulerit,
3435 4529 3500 4565 ιιυ

233 4604 319 4659 sic
349 4603 575 4675 quidem
600 4616 633 4658 α
656 4614 791 4659 vero
816 4602 1182 4658 aberraverit.

840 4712 1037 4771 ΕΡΩΤ.
1075 4716 1200 4769 ΞΗ⁹.

907 4918 1138 4970 Ἀπόκο.

907 4920 923 4939 ’
963 4934 1007 4970 π
1045 4935 1079 4970 κ
1122 4956 1138 4970 .

304 5009 547 5097 Εἰρήνην
570 5009 599 5061 ὀ
625 5008 806 5081 ἱερεὺς
835 4920 1061 5062 ὰπςτὲῦ
1076 4935 1263 5079 gabatae
1302 5008 1402 5076 τῆς
1445 5006 1718 5078 καθέδρας
1742 5010 1809 5079 τῇ

242 5098 549 5173 Ἐκκλησία
587 5099 1001 5170 ἐπιφθέγγεται,
1033 5100 1127 5154 τὸν
1170 5098 1381 5170 Κύριον
1420 5098 1519 5167 τῆς
1544 5098 1812 5168 καθέδρας

235 5193 596 5265 μιμούμενος,
620 5192 1136 5263 ἀναλαμϐανόμενον
1170 5192 1398 5263 εἰρήνην
1438 5192 1539 5263 τὴν
1582 5192 1810 5255 οίκείαν,

1851 4598 1898 4654 D

2324 4714 2491 4786 ηε
2526 4711 2805 4768 INTERB.
2857 4709 3089 4766 vant.

1992 4834 3436 4861 οοσοσοοισοοοοιοαοοοισσοοσ

2624 4912 2781 4970 Resp.

2624 4932 2726 4970 nes
2767 4954 2781 4968 .
3278 4932 3289 4943 ‘

1982 5011 2251 5069 Sacerdos
2275 5027 2306 5068 c
2332 5010 2553 5068 sublimi
2598 4932 2872 5065 cachdrte
2895 5007 3066 5081 gradu
3092 5020 3283 5079 pacem
3309 5009 3497 5063 Eccle-

1913 5102 2006 5159 siae
2028 5105 2311 5169 acclamat,
2338 5103 2581 5159 imitatus
2606 5100 2877 5158 cathedrae
2904 5098 3218 5166 Dominum,
3242 5100 3358 5171 qui,
3383 5116 3493 5170 quo

1915 5203 2157 5264 tempore
2189 5194 2591 5259 assumebatur,
2621 5193 2736 5248 suis
2765 5206 2951 5263 pacem
2981 5191 3205 5261 reliquit
3231 5207 3293 5245 ac
3319 5192 3490 5245 dedit.

233 5288 325 5343 ai‘.
352 5287 587 5358 ἀφιέντα
616 5287 710 5341 καὶ
755 5286 987 5341 διδόντα.
1017 5284 1088 5338 Τὸ
1138 5284 1214 5351 δὲ,
1244 5285 1355 5340 Καὶ
1403 5284 1483 5352 τῷ
1518 5285 1810 5355 πνεύματί

1917 5284 2066 5352 Quod
2096 5292 2277 5340 autem
2301 5285 2535 5356 pepulus
2562 5286 2907 5355 respondeat,
2930 5283 2996 5340 Et
3020 5302 3139 5338 cum
3164 5287 3353 5356 spiritu
3379 5294 3487 5351 tuo,

299 5444 347 5477 "
371 5443 479 5500 10b
501 5458 590 5508 ιι,
616 5442 703 5497 Η.
777 5440 822 5472 ’³
844 5441 984 5495 Psal.
1017 5441 1298 5503 xxxvn,8.
1356 5441 1400 5472 ⁷³
1423 5438 1596 5495 Galat.
1623 5457 1696 5503 vt,
1734 5441 1817 5496 Μ.

308 5584 324 5604 '
348 5574 497 5649 Quid
524 5580 570 5638 si
596 5579 793 5647 δεξιάν,
823 5580 892 5635 ad
920 5579 1129 5636 laboris
1168 5578 1380 5635 scilicet
1410 5580 1606 5635 usum?

1899 5441 1941 5471 τι
1966 5441 2104 5511 Eph.
2138 5458 2213 5507 vr,
2246 5441 2330 5494 Π.
2400 5440 2443 5470 τε
2472 5440 2661 5495 Matth.
2693 5457 2747 5505 ν,
2780 5440 2862 5494 l0.
2942 5440 3246 5511 "Philipp.
3284 5457 3361 5504 ιιι,
3389 5441 3460 5495 ευ

1962 5584 1994 5600 “
2030 5581 2167 5638 Vide
2196 5580 2347 5636 Cass.
2382 5580 2417 5633 Ι.
2452 5579 2485 5634 9
2513 5580 2575 5633 de
2600 5580 2778 5636 habitu
2806 5582 3198 5636 monachorum.

238 5700 417 5767 gentis
509 5705 787 5767 mentem,
826 5765 833 5767 _
862 5694 1175 5767 Dorotheus
1205 5735 1219 5758 ,
1294 5674 1445 5767 quod
1512 5710 1806 5765 puerorum
1914 5694 2149 5767 νώσεως,
2182 5694 2516 5758 humilitatis,
2546 5696 2701 5766 cujus
2721 5693 3283 5750 sanctinsinstitutum
3317 5701 3489 5748 totum

240 5777 615 5842 tegumentum
672 5765 871 5836 capitis
942 5765 1046 5828 sit,
1111 5765 1325 5837 signum
1387 5765 1549 5822 docet
1610 5784 1800 5820 ταπει-

523 5861 791 5922 ΡΑτιιοῑ..
840 5857 881 5918 G
896 5876 957 5919 ιι.
1006 5856 1132 5919 XC.
1788 5868 1800 5881 ‘

1906 5765 2174 5838 professio
2209 5774 2310 5820 est.

3092 5852 3170 5913 27
