4082 6444
253 409 348 471 845

1402 406 1892 481 ΟυιΕΞΤΙΟΝΕΒ
1927 406 2022 465 ΕΤ
2061 406 2162 466 DU
2172 406 2291 465 BIA
2304 453 2316 465 .

3386 405 3491 470 846

252 520 556 591 παραυτίκα
603 516 894 587 γινομένην
938 517 1266 572 ἀνάστασιν·
1311 520 1509 583 πάντες
1549 521 1607 573 δὲ
1645 520 1808 573 ἀλλα-

1936 517 2263 581 lortuitioue,
2298 517 2369 571 ob
2402 516 2639 570 futuram
2674 530 2797 570 mox
2826 515 3288 570 resurrectionem
3323 534 3335 568 :
3367 533 3487 571 om-

250 614 522 682 γήσονται,
551 608 818 673 τουτέστι,
850 608 949 679 τὴν
986 606 1295 681 ἀφθαρσίαν
1328 609 1658 665 ἐνδύσονται.

845 808 1039 862 ΕΡΩΤ.
1080 808 1200 865 OB'.

318 922 380 976 Tl
427 918 654 989 δήποτε
707 917 992 987 λέγοντος
1018 918 1127 971 τοῦ
1161 917 1361 973 Λουκᾶ
1408 919 1479 972 ἐν
1506 919 1637 984 ταῖς
1664 922 1819 989 Πρά-

251 1016 376 1079 ξεσι
402 1012 533 1081 περὶ
547 1011 653 1066 τοῦ
666 1011 929 1074 Παύλου,
951 1009 1041 1064 ὅτι
1069 1029 1088 1062 ι
1102 1010 1465 1074 Ἕσπευδεν,
1486 1013 1538 1065 εὶ
1558 1011 1821 1065 δυνατὸν

250 1102 326 1175 ἦν
344 1102 531 1168 αὐτῷ,
555 1100 806 1170 ποιῆσαι
836 1100 956 1169 τὴν
985 1099 1217 1170 ἡμέραν
1245 1098 1355 1169 τῆς
1394 1100 1821 1171 Πεντηκοστῆς

249 1196 331 1260 εις
357 1193 761 1261 Ἰεροσόλυμα,
788 1212 807 1244 ι
832 1193 1104 1261 φαίνεται
1122 1192 1515 1261 τονυκλισίας
1535 1190 1818 1260 ποιήσας,

250 1284 282 1339 ὁ
306 1283 434 1351 τοῖς
462 1284 719 1338 κανόσιν
753 1282 1173 1351 ἀπηγόρευται.

915 1393 1154 1449 Ἀποκο.

919 1410 1096 1448 νΑποκ
1137 1432 1154 1449 .

319 1488 396 1541 Οὐ
448 1485 579 1559 περὶ
625 1484 795 1555 αὐτῆς
846 1483 948 1555 τῆς
1001 1410 1378 1555 Πενρτηκοστῆς
1405 1483 1499 1555 (r),
1552 1486 1612 1540 ἐν
1754 1485 1817 1538 τὸ

250 1578 479 1649 Πνεῦμα
505 1577 763 1647 κατῆλθε,
799 1576 982 1644 λέγει·
1018 1573 1137 1629 ἀλλ’
1178 1575 1364 1646 ἐπειδὴ
1402 1575 1461 1628 αἱ
1488 1577 1823 1646 πεντήκοντα

244 1670 480 1742 ἡμέραι,
514 1670 717 1741 ἡμέραι
756 1668 1009 1737 λέγονται
1044 1667 1144 1737 τῆς
1198 1667 1597 1738 Πεντηκοστῆς,
1628 1668 1825 1721 ἐσπευ-

248 1762 340 1816 δεν
369 1763 399 1815 δ
425 1759 635 1823 Παῦλος
680 1758 778 1830 τὴν
805 1757 913 1812 ἀπὸ
950 1756 1052 1827 τῆς
1083 1756 1403 1827 Πασχαλίας
1434 1755 1658 1828 πρώτην
1680 1756 1823 1828 ἠμέ-

1919 622 2016 661 nes
2041 616 2219 662 tamen
2260 607 2645 673 immulandos,
2678 608 2783 662 hoc
2815 616 2921 671 est,
2953 606 3365 676 incorruptione
3391 608 3487 662 do-

1918 693 2147 747 nandos.

2434 827 2716 881 INTER“.
2770 827 2981 883 LXXII.

1990 911 2127 977 Quid
2151 915 2249 967 sibi
2270 914 2401 976 vult,
2441 930 2559 969 cum
2591 916 2732 969 dicat
2758 916 2927 972 Lucas
2957 919 3015 971 in
3047 918 3187 972 Actis
3219 918 3282 972 de
3303 916 3495 985 Paulo,

1919 1003 2057 1074 quod
2092 1023 2113 1056 ι
2141 1004 2441 1074 festinabat,
2466 1005 2512 1059 si
2536 1006 2776 1077 possibile
2799 1008 2897 1062 sibi
2930 1017 3079 1074 esset,
3106 1017 3165 1062 ut
3195 1009 3333 1063 diem
3356 1008 3499 1063 Pen-

1920 1103 2134 1149 tecostes
2176 1095 2371 1165 faceret
2397 1096 2851 1169 Hierosolymis",
2890 1118 2908 1151 ι
2940 1100 3077 1169 quod
3100 1101 3305 1155 videtur
3322 1116 3497 1172 genua

1921 1188 2172 1257 posuisse,
2198 1188 2337 1258 quod
2357 1190 2526 1244 sacris
2556 1191 2841 1245 canonibus
2870 1192 3088 1246 vetitum
3115 1192 3236 1247 est?

2633 1383 2791 1455 Resp.

1993 1469 2112 1523 Non
2150 1471 2219 1525 de
2251 1470 2367 1541 ipsa
2393 1471 2718 1528 Pentecoste
2752 1474 3015 1543 loquitur,
3049 1474 3106 1530 in
3136 1490 3245 1546 qua
3270 1476 3501 1533 descen-

1922 1559 2005 1614 dit
2050 1560 2336 1630 Spiritus:
2369 1562 2467 1617 sed
2522 1563 2652 1632 quia
2693 1565 3089 1636 quinquaginta
3131 1568 3250 1623 dies
3301 1569 3502 1625 Pente-

1922 1660 2105 1708 costes
2138 1651 2259 1707 dies
2300 1662 2708 1724 nuncupantur,
2739 1654 3033 1712 festinabat
3063 1659 3265 1716 Paulus
3300 1669 3361 1715 ut
3386 1662 3503 1731 pri-

1923 1755 2074 1795 mum
2120 1755 2152 1795 a
2202 1741 2464 1796 Paschate
2507 1741 2899 1815 Hierosolymis
2945 1745 3091 1800 diem
3144 1745 3348 1803 faceret
3392 1761 3504 1804 :ac

254 1869 358 1923 ραν
400 1852 627 1921 ποιῆσαι
660 1850 739 1913 εἰς
775 1848 1160 1920 Ἱεροσόλυμα·
1190 1848 1269 1911 ὡς
1314 1847 1477 1918 δῆλόν
1532 1849 1700 1912 ἐστιν,
1741 1848 1823 1902 ὅτι

1936 1830 2099 1901 liquet
2125 1832 2275 1897 inde,
2301 1831 2448 1901 quod
2481 1832 2535 1887 in
2563 1834 2791 1905 jejuniis
2813 1850 2957 1906 genu
2988 1836 3255 1894 ﬂecteret.

248 1948 313 1999 sv
348 1947 470 2009 ταῖς
498 1944 772 2015 νηστείαις
798 1942 975 1996 ἔκλινε
997 1941 1150 2010 γόνυ;

854 2053 1051 2106 ΕΡΩΤ.
1093 2050 1211 2106 Ol".

238 2198 253 2209 ,
327 2145 390 2200 π
422 2145 616 2210 ἐστιν,
652 2164 671 2197 ι
697 2144 911 2209 ’Ὅστις
958 2142 1336 2215 ἐποικοδομεῖ
1356 2143 1453 2198 ἐπὶ
1505 2144 1614 2197 τὸν
1667 2140 1826 2211 θεμέ-

245 2240 392 2292 λιον
446 2237 666 2291 τοῦτον
718 2236 972 2306 χρυσὸν.
1014 2235 1054 2305 ἦ
1099 2236 1379 2305 ἄργυρον,
1410 2236 1450 2305 ἢ
1490 2237 1703 2301 λίθους
1743 2251 1825 2287 τι·

246 2329 466 2397 μίους·
500 2327 677 2391 ξύλα,
735 2328 970 2395 χόρτον,
1029 2325 1350 2393 καλάμην
1394 2326 1460 2379 τὸ
1503 2326 1624 2393 πῦρ
1674 2324 1828 2378 αὐτὰ

252 2416 592 2486 δοκιμάσει.
626 2417 697 2472 Et
725 2433 887 2482 τινος
914 2411 1029 2472 οὖν
1056 2416 1123 2470 τὸ
1149 2416 1329 2485 ἔργον
1350 2415 1527 2485 μενεῖ
1548 2414 1581 2467 ὃ
1602 2414 1825 2480 ἐπῳκοο

248 2508 511 2578 δόμησε,
530 2506 756 2577 μισθὸν
774 2506 1035 2576 λήψεται
1056 2523 1067 2537 ’
1085 2507 1140 2562 sl
1168 2523 1333 2572 τινος
1351 2505 1421 2559 δὲ
1438 2504 1505 2559 τὸ
1530 2504 1708 2574 ἔργον
1724 2519 1829 2557 κα-

250 2600 644 2667 τακαήσεται,
676 2597 1101 2669 ζημιωθήσεται
1122 2614 1137 2630 ο
1167 2598 1352 2663 αὐτὸς
1380 2596 1449 2650 δὲ
1466 2595 1825 2665 σωθήσεται,

247 2693 447 2759 οὕτως
476 2692 569 2759 δὲ,
590 2693 671 2759 ὡς
701 2691 800 2746 διὰ
822 2692 1045 2759 πυρός;
1093 2709 1113 2746 t

922 2806 1155 2861 'Astdxo.

928 2825 1096 2861 rmore
1142 2847 1155 2861 .

319 2897 589 2968 Θεμέλιός
612 2898 759 2950 ἐστιν
782 2898 815 2967 ἡ
842 2894 936 2950 τοῦ
956 2825 1190 2969 Χρισξοῦ
1216 2897 1417 2959 πίστις.
1458 2898 1829 2966 Ἐποικοδομεῖ

252 2991 307 3045 δέ
349 3008 441 3054 τις
469 2992 529 3043 ἐν
568 2990 726 3061 αὐτῇ,
757 2989 958 3059 χρυσὸν
983 2990 1103 3059 μὲν,
1140 2990 1239 3061 τὴν
1296 2990 1611 3061 Θεολογικὴν
1659 3005 1827 3060 μυστ-

254 3084 508 3152 αγωγίαν
528 3098 541 3111 ’
573 3081 649 3145 ὼς
680 3083 919 3151 ἄργυρον
957 3082 1036 3141 δὲ.
1076 3081 1171 3134 τὸν
1213 3080 1448 3150 διαφανῆ
1474 3081 1617 3151 βίονι
1650 3080 1828 3141 λίθους

2438 2054 2717 2109 INTERR.
2758 2055 2992 2112 LXXIII.

1995 2139 2134 2206 Quid
2171 2144 2267 2198 sibi
2297 2144 2450 2199 vult:
2486 2165 2504 2196 ι
2542 2145 2599 2199 Si
2627 2149 2741 2217 quis
2775 2149 3163 2219 superwdiﬁcat
3188 2167 3345 2223 super
3377 2151 3502 2222 fun-

1924 2232 2229 2287 damentum
2252 2235 2411 2299 istud,
2432 2254 2644 2301 aurum,
2669 2248 2966 2308 argentum,
2995 2240 3196 2311 lapides
3218 2244 3504 2313 pretiosos;

1927 2320 2092 2391 ligna,
2122 2322 2318 2392 fenum,
2350 2324 2638 2396 stipulam;
2669 2328 2803 2397 ignis
2839 2330 2948 2382 lucc
2982 2330 3241 2399 probabit.
3267 2330 3327 2387 Si
3354 2333 3505 2403 cujus

1926 2412 2088 2482 igitur
2117 2431 2245 2484 opus
2284 2418 2567 2485 manserit,
2616 2419 2755 2487 quod
2796 2420 3262 2489 supercdiﬁcavit,
3306 2440 3504 2477 merce-

1926 2501 2045 2555 dem
2073 2505 2309 2574 accipiet,
2333 2505 2495 2576 330
2517 2508 2564 2560 si
2589 2508 2740 2577 cujus
2777 2516 2954 2562 autent
2985 2526 3113 2580 opus
3150 2512 3502 2575 eomburetur,

1926 2592 2179 2646 damnum
2221 2595 2438 2657 accipiet
2478 2611 2497 2650 :
2532 2597 2642 2666 ipse
2681 2605 2858 2652 tamen
2897 2599 3210 2668 salvabitur,
3246 2605 3320 2657 sic
3359 2620 3502 2669 vero,

1930 2681 2085 2751 quasi
2115 2697 2209 2752 per
2239 2683 2412 2752 ignem
2447 2683 2532 2737 "1'
2566 2703 2586 2735 ι

2644 2816 2798 2873 Resp.

2644 2834 2690 2871 ι(
2786 2860 2798 2873 .

2000 2907 2435 2963 Fundamentum
2493 2919 2580 2965 est
2624 2834 2831 2967 arma
2887 2912 3044 2969 ﬁdes.
3096 2912 3508 2985 Super-aediﬁcat

1928 3006 2113 3053 autem
2145 2998 2270 3067 quis
2298 2998 2354 3052 in
2400 2998 2512 3065 illa,
2550 3014 2748 3055 aurum
2778 3001 3023 3071 quidem,
3060 3004 3311 3059 altiorem
3351 3006 3509 3063 theo-

1930 3087 2161 3158 logicam
2188 3088 2736 3157 contemplationem;
2763 3098 3018 3162 tanquam
3043 3101 3330 3165 argentum
3351 3112 3505 3163 vero,

252 3176 312 3229 δὲ
356 3174 601 3244 τιμίους,
636 3173 763 3237 τοὺς
809 3172 1055 3236 εὐσεϐεῖς
1099 3170 1394 3242 λογισμούς
1415 3186 1427 3199 ·
1463 3170 1595 3236 ξύλα
1625 3170 1702 3232 δὲ,
1733 3172 1829 3238 τὴν

1936 3178 2103 3231 vitam
2130 3177 2351 3232 virtutis
2378 3177 2501 3233 luce
2533 3181 2922 3249 conspicuam;
2964 3184 3173 3254 lapides
3214 3188 3506 3256 pretiosos,

256 3266 391 3336 περὶ
438 3264 507 3317 τὰ
542 3263 776 3332 αἰσθητά
821 3262 1236 3332 προσπάθειανυ
1291 3262 1487 3333 χόρτον
1540 3261 1620 3324 δὲ,
1665 3263 1694 3315 ὁ
1731 3262 1831 3329 τὴν

255 3357 486 3426 ἀλογίαν
516 3358 878 3428 τρεφόμενος
909 3356 1159 3428 καλάμην
1184 3356 1259 3421 δὲ,
1289 3359 1325 3411 ὁ
1356 3356 1456 3429 τὴν
1493 3354 1699 3427 φθορὰν
1744 3358 1833 3426 ὲρο

256 3448 591 3516 γαζόμενος.
640 3448 754 3500 Καὶ
787 3448 881 3501 ἐπὶ
926 3448 1025 3518 μὲν
1067 3448 1177 3500 τῶν
1226 3448 1461 3517 ἐχόντων
1490 3447 1591 3509 τὰς
1623 3446 1831 3514 ἀγαθὰς

258 3539 523 3609 πράξεις,
552 3538 587 3607 ἡ
616 3537 715 3606 τῆς
741 3536 996 3604 γνώσεως
1019 3536 1409 3611 [διαγνώσεως]
1454 3538 1635 3608 ἡμέρα
1662 3536 1830 3606 δηλοῖ.

257 3630 341 3683 ὅτι
380 3632 444 3682 ὲν
484 3629 639 3700 πυρὶ,
663 3629 942 3684 τουτέστιν
990 3632 1048 3682 ὲν
1084 3630 1162 3702 τῷ
1194 3631 1487 3703 πνεύματι,
1533 3629 1755 3700 γέγονεν
1800 3633 1832 3701 ἡ

255 3724 471 3776 τούτων
516 3714 875 3790 ἀποκάλυψις.
929 3724 1017 3777 Ἐν
1049 3724 1107 3778 δὲ
1165 3728 1277 3789 τοῖς
1325 3725 1722 3797 ἁμαρτάνουσι,
1765 3724 1835 3777 τά

259 3812 404 3883 ἔργα
454 3810 867 3874 κατακαίονται,
917 3815 1021 3884 τῆς
1064 3812 1412 3883 διαγνώσεως
1469 3813 1833 3885 διακαιούσης

331 3972 383 4003 ⁸⁹
412 3970 533 4028 Act.
566 3987 656 4037 xx,
683 3971 768 4026 l6.
842 3971 893 4004 ⁸³
920 3970 940 4025 I
964 3968 1095 4026 Cor.
1127 3985 1206 4036 ut,
1240 3971 1423 4026 I5-I5.

332 4134 412 4204 (r)
437 4136 521 4189 Oi;
550 4133 681 4201 step!
723 4132 918 4204 αὐτῆς
973 4132 1082 4200 τῆς
1135 4133 1579 4204 Πεντηκοστῆς.
1627 4135 1833 4190 Durum

262 4203 561 4277 plane,‘sic
584 4219 773 4277 vocem
820 4203 1197 4277 ῌεντηκοστῆς
1255 4204 1535 4277 accepisse
1588 4204 1830 4260 Lucam:

262 4272 370 4330 inec
399 4274 696 4344 admodum
727 4272 874 4343 cogit
906 4272 996 4327 illa
1011 4272 1368 4344 ‘ralio,_qu_od
1396 4272 1609 4328 Paulus
1660 4290 1837 4344 genua

335 4345 453 4398 suit
476 4344 530 4396 in
560 4341 847 4397 oratione:
881 4341 1026 4411 quod
1054 4357 1163 4395 non
1189 4341 1389 4396 lieebat
1411 4357 1509 4411 per
1540 4341 1781 4398 canones
1807 4360 1838 4398 a

335 4361 453 4398 suit
476 4361 530 4396 in
560 4361 809 4397 oratione
834 4361 847 4394 :
881 4361 1026 4411 quou
1054 4361 1163 4395 non
1189 4361 1389 4396 neeuat
1411 4361 1509 4411 per
1540 4361 1781 4398 canones
1807 4361 1837 4398 a

263 4361 535 4469 mechate
554 4413 621 4468 ad
666 4413 1067 4471 Pentecostem,
1114 4411 1185 4465 ob
1220 4411 1537 4466 memoriam
1588 4428 1837 4467 resurre-

266 4483 477 4538 ctionis
508 4482 821 4538 Dominicse.
860 4480 985 4535 Sive
1017 4481 1162 4535 enim
1187 4482 1297 4550 jam
1324 4481 1609 4535 exstabant
1644 4482 1722 4536 illi
1746 4498 1835 4537 ca-

1931 3267 2051 3337 pias
2087 3267 2355 3331 rationes;
2404 3268 2585 3339 ligna,
2633 3271 3016 3340 procliviorem
3066 3274 3124 3328 in
3180 3291 3270 3330 res
3317 3276 3506 3331 sensui

1933 3358 2207 3430 subjectas
2256 3358 2599 3413 affectionem
2657 3375 2721 3414 ac
2780 3360 3094 3429 libidinem;
3148 3362 3357 3428 fenum,
3411 3366 3508 3433 qui

1933 3450 2125 3505 brutas
2170 3449 2268 3503 alit
2316 3450 2667 3518 allectiones;
2714 3452 3005 3523 stipulam,
3046 3454 3143 3524 qui
3192 3456 3508 3527 corruptio-

1935 3555 2059 3594 nem
2086 3548 2366 3610 operatur.
2399 3542 2476 3595 Ae
2501 3541 2743 3611 quidem,
2770 3544 2917 3613 quod
2942 3545 3138 3600 attinet
3169 3546 3236 3601 ad
3267 3546 3388 3601 illos
3412 3547 3510 3617 qui

1936 3632 2107 3687 bonas
2156 3631 2360 3685 habent
2399 3632 2666 3697 actiones,
2712 3633 3084 3690 manifestabit
3122 3636 3314 3704 judicii
3354 3636 3507 3702 dies;

1932 3723 2079 3793 quod
2108 3723 2162 3778 in
2198 3723 2342 3794 igne,
2372 3723 2477 3777 hoc
2501 3731 2607 3788 est,
2644 3724 2701 3777 in
2726 3724 2946 3794 spiritu,
2976 3741 3170 3780 eorum
3210 3726 3352 3783 facta
3392 3742 3511 3782 ma-

1934 3814 2212 3870 nifestatio
2259 3822 2363 3869 est.
2414 3812 2572 3881 Quod
2620 3829 2753 3869 vero
2800 3814 2869 3868 ad
2917 3823 3269 3883 peccatores,
3318 3829 3510 3871 eorum

1938 4136 2483 4217 (31m_illis.omnibus.
2517 4136 2661 4203 Quin
2707 4137 3029 4217 sae-empse.
3054 4144 3236 4217 textus
3260 4176 3276 4201 ,
3333 4136 3513 4217 egisse

1944 4206 2171 4276 Paulum
2202 4205 2402 4276 festum
2430 4208 2775 4276 Azymorum
2794 4205 3085 4276 Philippis,
3122 4207 3176 4260 in
3224 4205 3514 4276 procinctu

1942 4274 2110 4345 hujus
2160 4275 2401 4337 itineris,
2452 4274 2597 4330 clare
2632 4274 2874 4345 loquitur
2904 4274 3147 4345 (Ἡμεῖς
3178 4274 3239 4328 δὲ
3261 4275 3517 4345 ἐξεπλεύ-

1944 4343 2117 4414 σαμεν
2177 4345 2314 4413 μετά
2358 4346 2473 4415 τὰς
2497 4343 2718 4415 ἡμέρας-ί
2746 4343 3155 4415 τῶνᾼἈζύμων
3182 4343 3290 4415 ἀπὸ
3328 4344 3519 4415 Φιλίπί·

1947 4413 2073 4468 που.
2130 4415 2209 4469 Ex
2261 4428 2371 4484 quo
2418 4413 2627 4484 ChrysQ
2668 4416 2776 4467 Καὶ
2823 4413 2933 4484 γὰρ
2994 4413 3091 4476 τὰς
3143 4414 3335 4484 ἑορτὰς
3379 4414 3518 4484 ἐμοὶ

1947 4484 2092 4537 δοκεῖ
2142 4481 2463 4546 σπουδάζειν
2514 4481 2676 4536 αὐτὸν
2732 4481 2936 4552 ποιεῖνί
2965 4484 3023 4534 ὲν
3081 4481 3215 4543 ταῖξ
3255 4481 3518 4552 μεγάλαις

267 4568 465 4615 nones,
506 4553 631 4623 sive
679 4551 1040 4623 sequenti_um_
1073 4541 1353 4623 pastorum
1409 4550 1701 4623 sedulitate
1745 4568 1842 4605 au-
1873 4541 1917 4598 ι)
1947 4553 2165 4623 πόλεσι·
2202 4552 2310 4606 Hoc
2336 4541 2462 4623 puto
2488 4552 2750 4615 studebat,
2778 4561 2836 4623 ut
2858 4541 3213 4623 solemnitates
3237 4541 3289 4623 in
3314 4541 3519 4623 magnis

267 4623 450 4690 gendo
488 4622 672 4675 divino
697 4620 891 4685 cultui,
918 4620 1160 4691 Ecclesia
1197 4622 1308 4691 jam
1340 4620 1637 4691 constituta
1676 4631 1840 4690 atque

267 4689 475 4752 adulta,
509 4690 716 4745 conditi
738 4699 906 4755 sunt;
945 4690 1083 4744 nihil
1134 4689 1314 4745 tamen
1372 4690 1451 4743 illi
1507 4689 1837 4755 oﬂiciebant,

266 4763 403 4831 quin
427 4762 626 4815 Paulus
654 4776 970 4831 supremum
994 4760 1111 4831 vale
1135 4759 1384 4831 dicturus
1419 4774 1484 4813 ac
1516 4760 1723 4831 quibus
1752 4760 1840 4813 di-

268 4828 451 4902 cebat,
481 4828 787 4902 presbyteri
809 4845 873 4883 ac
888 4829 1144 4902 Ecclesiae
1162 4829 1448 4902 primores,
1483 4828 1564 4884 sic
1584 4844 1843 4902 procum-

273 4897 497 4963 berent,
517 4897 695 4970 eoque
724 4900 974 4970 corporis
998 4897 1241 4970 gestu—et
1265 4897 1479 4962 habitu,
1512 4897 1839 4970 tumtristi-

269 4972 403 5024 tiam
439 4968 677 5025 vicissim
725 4968 1373 5047 illi'suamnproderent,
1436 4976 1551 5021 tum
1601 4969 1841 5047 divinam

266 5056 428 5110 opem
482 5039 839 5110 propensiore
886 5038 1193 5110 humilitate
1235 5038 1649 5110 deposcerent,
1682 5039 1842 5092 Ritus

267 5107 355 5164 ille
384 5107 497 5163 non
524 5107 778 5164 ﬂectendi
805 5109 860 5162 in
892 5107 1128 5177 publicis
1152 5108 1416 5176 statisque
1444 5108 1702 5177 Ecclesia:
1721 5123 1844 5175 pre-

267 5179 429 5233 cibus
459 5188 514 5233 et
535 5177 727 5233 oﬂieiis
759 5176 938 5232 locum
970 5176 1156 5240 habet,
1184 5177 1443 5245 omnique
1478 5176 1680 5231 Grmcis
1713 5178 1845 5231 reli-

267 5249 432 5317 gione
471 5258 759 5313 servatur;
808 5247 863 5301 in
893 5245 1226 5317 aliisinescio
1255 5262 1323 5317 an
1352 5254 1409 5299 et
1433 5245 1567 5315 ipsis
1608 5247 1839 5317 inviola-

270 5316 521 5398 bilis_sit;
562 5318 708 5398 quod
734 5317 954 5398 videtur
982 5316 1249 5398 Maximus
1279 5316 1550 5398 innuere..
1576 5316 1709 5371 Utut
1747 5316 1838 5379 sit,

271 5389 470 5457 passim
502 5384 739 5468 legimus
754 5389 810 5442 in
837 5386 1122 5468 Scriptura
1154 5386 1234 5439 sic
1283 5384 1643 5465 procubuisse
1676 5402 1842 5468 oran-

273 5453 371 5520 tes,
397 5473 522 5512 cum
551 5453 773 5527 majoris
806 5453 1011 5526 aliquid
1057 5453 1519 5527 compuuctionis,
1562 5456 1840 5527 exorando

272 5528 512 5581 divinam
555 5525 923 5590 clementiam,
968 5526 1256 5580 ostendere
1284 5525 1507 5577 vellent.
1560 5525 1651 5578 Sic
1703 5525 1840 5578 bene

273 5597 748 5682 Chrysost."inde
783 5611 968 5652 orasse
997 5594 1644 5682 νςοιιὶεἰικῐοὺχᾴὰρπλόλς,
1679 5594 1842 5675 ,ἀλλὰ

284 5662 417 5734 μετά
451 5666 649 5735 πολλῆς
677 5666 776 5735 τῆς
809 5662 1194 5729 κατανύξεωξ⁸
1248 5662 1720 5735 ΝοιιάοῙιιηειοιθὶο
1780 5679 1841 5735 ac

278 5731 453 5803 quavis
484 5731 813 5799 rationeised
840 5752 956 5789 cum
986 5750 1177 5802 magna
1193 5735 1606 5801 compunctione,
1637 5732 1747 5793 051;
1776 5734 1841 5783 τά

280 5807 475 5864 γόνατα
510 5805 673 5859 αὑτοῦ
700 5808 797 5888 σὺν
826 5808 990 5858 πᾶσιν
1029 5806 1209 5869 αὐτοῖς
1231 5818 1242 5829 ·
1281 5818 1475 5877 ponens
1524 5804 1635 5871 ipse
1668 5818 1839 5873 genua

1944 4622 2154 4677 urbibus
2188 4621 2482 4693 perageret.
2515 4624 2692 4691 Atque
2726 4622 2884 4693 adeo,
2914 4621 2993 4693 uti
3015 4621 3281 4692 Philippis
3308 4621 3521 4693 Pascha

1943 4693 2170 4761 diesque
2196 4691 2526 4761 Azymorum
2559 4691 2883 4761 egerat,'sic
2924 4691 3285 4761 Pentecosten
3308 4691 3502 4745 Hiero-

1943 4759 2169 4842 solymis
2196 4759 2475 4842 celebrare
2512 4759 2809 4884 satagebat.
2854 4759 3227 4815 OEcumenius
3263 4760 3378 4830 ipse
3409 4777 3521 4815 non

1943 4840 2078 4884 satis
2093 4841 2401 4884 accuratus.
2426 4832 2516 4884 illa
2533 4847 2629 4884 ver
2669 4847 2697 4884 a
2718 4833 2839 4884 Act.
2863 4846 2973 4884 xxi.
2998 4828 3060 4884 5:
3088 4831 3219 4882 ὐτε
3234 4830 3291 4882 δὲ
3307 4830 3521 4884 ἐγένετο

1942 4828 2078 4884 satis
2093 4841 2401 4894 accuratus,
2426 4831 2516 4885 illa
2533 4828 2697 4886 verba
2718 4833 2839 4891 Act.
2863 4846 2973 4894 xxi,
2998 4828 3060 4884 5:
3088 4831 3219 4882 ὐτε
3234 4828 3297 4882 δὲ
3307 4830 3522 4897 ἐγένετο

1943 4901 2090 5024 Epic
2138 4900 2415 4969 ἐξαρτίσαι
2458 4901 2555 4962 τὰς
2605 4900 2836 4981 ἡμέρας,
2893 4898 3162 4970 completis
3194 4899 3395 4960 diebus,
3452 4899 3521 4953 de

1986 4971 2143 5024 rebus
2207 4971 2536 5024 szmorum
2588 4977 2814 5024 exnomt
2848 5009 2862 5024 .
2916 4969 3201 5024 τουτέστι.
3261 4968 3396 5024 μετὰ
3452 4969 3521 5019 τὰ

1985 4968 2143 5024 iebus
2207 4968 2536 5040 Azymorum
2588 4968 2862 5040 exponit,
2916 4968 3226 5040 τουτέστι,
3261 4968 3396 5037 μετὰ
3452 4969 3522 5019 τά

1947 5040 2188 5108 Ἀζυμα.
2232 5037 2356 5093 eum
2423 5054 2604 5093 sermo
2644 5038 2713 5091 sit
2756 5039 2825 5108 de
2864 5046 3071 5108 septem
3122 5037 3337 5108 diebus,
3382 5052 3523 5108 quos

1944 5109 2075 5179 Tyri
2097 5107 2212 5179 egit
2243 5109 2446 5163 Paulus
2478 5124 2602 5179 eum
2646 5107 2952 5179 discipulis,
2983 5107 3367 5179 peractisjam
3401 5107 3521 5159 die-

1943 5176 2049 5233 bus
2100 5176 2428 5248 A'zymorum
2464 5176 2928 5248 Pbilippi_s,iiAct.
2984 5192 3072 5238 xx,
3117 5176 3169 5230 6.
3220 5176 3521 5248 ΑΟῌΠΕἿΙΙΟ

1943 5249 1989 5302 si
2018 5250 2084 5303 de
2108 5244 2663 5318 diebusAzymorum
2700 5246 2778 5301 ibi
2819 5261 2999 5300 sermo
3015 5253 3181 5318 esset,
3217 5244 3520 5313 quidquam

1943 5317 2097 5372 locus
2160 5316 2369 5372 auctori
2412 5314 2639 5371 'l'averet
2680 5356 2695 5379 ,
2770 5331 2895 5369 cum
2980 5314 3162 5369 statim
3259 5325 3523 5383 sequatur

1944 5388 2048 5441 alia
2100 5387 2377 5456 precantis
2415 5386 2567 5441 Pauli
2611 5397 2667 5441 et
2718 5384 2967 5439 ﬁdelium
2998 5384 3357 5456 geniculatio,
3413 5384 3524 5456 Ιςαὶ

1944 5453 2124 5519 θέντεξ
2175 5458 2243 5509 τὰ
2305 5457 2525 5523 γόνατα,
2591 5458 2684 5509 ἐπὶ
2748 5456 2840 5507 τὸν
2898 5453 3145 5521 αἰγιαλὸν
3207 5453 3525 5523 προσηυξά-

1947 5526 2106 5595 μεΘα.
2148 5521 2339 5579 Positis
2361 5526 2595 5594 genibus,
2621 5528 2675 5579 in
2712 5524 2889 5577 littore
2912 5525 3213 5595 oravimus;
3256 5521 3385 5576 eum
3422 5521 3526 5595 τῇς

1945 5590 2316 5666 ἆτεντηκοστῆς
2346 5590 2875 5666 (paschalisscilicet
2907 5593 3214 5661 temporis)
3256 5608 3366 5645 non
3412 5590 3522 5666 nisi

1944 5660 2151 5733 septem
2184 5660 2405 5719 circiter
2432 5666 2551 5719 dies
2588 5663 2947 5730 eﬂluxislsent,
3000 5660 3102 5718 nec
3144 5672 3362 5731 tempus
3410 5660 3519 5715 τῶν

1944 5735 2206 5803 νηστειῶν
2238 5742 2401 5789 esset.
