4082 6432
620 420 716 483 εει
1698 394 1701 397 “
1778 435 1838 496 s.
1878 436 2161 496 MAXIMI
2200 436 2232 497 c

2218 435 2704 501 ZONFESSORIS
3740 446 3830 511 852

620 532 839 631 duobus
869 535 1227 607 signiﬁcatur,
1264 541 1514 612 quisquis
1545 544 1613 599 ab
1656 546 1765 602 alio
1792 547 2006 617 accepit
2041 547 2192 602 mali-
2222 583 2232 608 ι

2222 552 2267 608 Α
2296 566 2446 604 νεται
2482 552 2571 607 διὰ
2623 552 2849 619 τούτων,
2884 554 2965 608 ὅτι
3016 556 3164 613 ὅστις
3218 554 3316 608 ἀπ’
3357 552 3516 608 ἄλλου
3571 554 3830 631 παραλάϐῃ

619 626 710 682 tite
750 628 1091 699 exemplum,
1128 631 1274 687 hunc
1321 634 1490 703 patris
1529 634 1853 691 intestinum
1899 637 2136 693 nudasse
2175 655 2189 692 :

2294 642 2598 712 ὑπόδειγμα
2626 644 2845 709 κακίας,
2867 636 3019 707 οὗτος
3050 643 3110 697 τὸ
3134 643 3349 714 ἔντερον
3376 642 3469 696 τοῦ
3500 643 3696 711 πατρὸς
3721 626 3831 712 ἔφαῖ

618 719 873 789 quisquis
895 736 1030 776 vero
1059 737 1126 777 ex
1171 738 1230 777 se
1273 724 1389 794 ipse
1422 736 1704 794 peccatum
1737 729 1947 799 genuit,
1978 737 2193 798 patrem

2291 732 2561 802 νέρωσεν’
2595 734 2741 798 ὅστις
2771 734 2827 787 δὲ
2855 734 2913 800 ὲξ
2944 733 3137 788 ἑαυτοῦ
3159 732 3291 803 τέκῃ
3316 732 3414 803 τὴν
3443 732 3728 802 ἁμαρτίαν,
3759 729 3832 789 οῦ-

620 809 815 863 matris
841 810 946 881 (sui
976 828 1171 882 nempe
1213 816 1445 884 peccati)
1487 827 1767 873 auctorem
1795 834 1935 874 esse.
1966 818 2034 872 lii
2062 819 2197 874 tales

2293 822 2383 885 τός
2410 822 2561 875 ἐστιν
2594 822 2779 894 πατὴρ
2812 823 3039 894 μητρὸς,
3090 823 3339 876 τουτέστι
3381 826 3479 893 τῆς
3512 822 3645 885 ίδίας
3674 824 3830 895 ἀμαρ-

621 904 809 973 igitur,
841 918 951 957 non
993 902 1373 973 ingredientur
1407 907 1461 961 in
1494 909 1718 963 domum
1750 910 1989 975 Domini,
2022 925 2195 981 usque

2292 911 2436 976 τίας.
2468 914 2530 966 Οἱ
2562 913 2798 967 τοιοῦτοι
2848 909 2961 979 οῦν,
3005 914 3105 968 οὐκ
3143 912 3543 967 εἰσελεύσονται
3596 915 3671 977 εἰς
3709 910 3833 969 οἷκον

618 994 677 1047 in
707 993 923 1049 tertiam
948 1001 1004 1047 et
1026 1002 1278 1063 quartam
1306 1006 1362 1052 et
1389 998 1656 1054 decimam
1688 1001 2118 1071 generationem,
2141 1011 2199 1057 et

2294 1003 2527 1074 Κυρίου,
2557 1005 2663 1067 ἓως
2687 1003 2878 1075 τρίτης
2922 1004 3017 1057 καὶ
3062 1004 3332 1075 τετάρτης
3382 1004 3478 1057 καὶ
3510 1003 3730 1075 δεκάτης
3755 1022 3833 1073 γε-

622 1099 796 1153 usque
826 1083 886 1138 iu
915 1085 1196 1141 saeculum.
1226 1088 1339 1143 lloc
1366 1099 1469 1153 est,
1501 1092 1593 1161 qui
1621 1108 1797 1163 neque
1825 1110 1923 1163 per
1946 1094 2195 1149 habitum

2296 1095 2453 1157 νεᾶςο
2489 1093 2586 1147 καὶ
2634 1095 2741 1157 ἕως
2785 1095 2867 1159 είς
2913 1094 3004 1147 τὸν
3042 1094 3234 1150 αίῶνα.
3275 1093 3591 1158 Τουτέστιν,
3633 1096 3659 1147 6
3695 1096 3760 1164 μὴ
3781 1094 3835 1148 δι’

620 1174 827 1230 bonum
853 1182 912 1229 et
940 1175 1213 1231 actionem
1248 1179 1386 1249 (haec
1424 1181 1586 1251 332
1611 1193 1694 1237 est
1729 1185 1888 1238 tertia
1920 1193 1977 1239 et
2004 1192 2199 1254 quarta

2296 1181 2462 1247 ἕξεως
2490 1183 2703 1252 ἀγαθῆς
2728 1185 2821 1237 καὶ
2853 1183 3104 1256 πράξεως
3137 1183 3299 1255 (αῦτη
3322 1184 3431 1255 γὰρ
3464 1184 3622 1255 τρίτη
3662 1186 3744 1237 καὶ
3761 1202 3836 1237 τε-

619 1266 886 1320 virtutum
915 1267 1241 1339 generatio),
1267 1277 1323 1325 et
1353 1286 1451 1339 per
1481 1288 1675 1327 nomen
1708 1290 1769 1329 ac
1790 1275 1951 1328 ﬁdem
1985 1274 2200 1328 Domini

2296 1272 2471 1343 τάρτη
2499 1274 2662 1338 γενεά
2689 1272 2797 1326 τῶν
2825 1272 3081 1343 ἀρετῶν),
3114 1273 3208 1326 καὶ
3246 1273 3334 1327 διὰ
3362 1273 3457 1325 τοῦ
3484 1272 3733 1342 ὀνόματος
3762 1276 3839 1326 καὶ

620 1358 775 1424 Jesu,
807 1359 1109 1430 decemque
1150 1360 1287 1429 legis
1328 1363 1604 1429 mandata,
1636 1380 1700 1420 ac
1731 1365 1875 1434 quod
1905 1374 2085 1420 manet
2110 1365 2197 1420 fu-

2299 1363 2537 1426 πίστεως
2586 1363 2679 1417 τοῦ
2714 1364 2919 1433 Κυρίου
2952 1363 3146 1434 Ἰησοῦ,
3182 1364 3278 1417 καὶ
3310 1363 3400 1417 διά
3436 1364 3541 1426 τὰς
3588 1364 3713 1417 δέκα
3759 1365 3838 1418 τοῦ

622 1457 762 1504 tura:
810 1450 1070 1505 saeculum
1110 1453 1579 1521 regenerationis,
1625 1469 1736 1509 non
1772 1470 1896 1510 cum
1944 1456 2055 1510 Deo
2099 1455 2202 1509 init

2299 1453 2465 1523 νόμου
2488 1452 2728 1519 ἐντολὰς,
2758 1454 2852 1507 καὶ
2881 1452 2970 1507 διὰ
2997 1454 3099 1522 τῆς
3124 1450 3219 1504 τοῦ
3248 1455 3503 1522 μένοντος
3532 1452 3717 1514 αἰῶνος
3742 1454 3841 1505 ἐσο-

621 1539 1090 1597 neeessitudinem
1121 1544 1286 1614 eique
1314 1543 1682 1617 conciliatur,
1720 1561 1831 1600 non
1879 1546 2109 1602 intrabit
2145 1548 2200 1601 in

2304 1541 2471 1611 μένης
2495 1542 2941 1611 παλιγγενεσίας,
2995 1541 3190 1595 ἑαυτὸν
3224 1541 3303 1612 τῷ
3341 1540 3462 1610 Θεῷ
3508 1540 3732 1604 οίκειῶν,
3762 1542 3844 1595 οὐκ

622 1630 848 1685 domum
880 1631 1015 1700 Dei;
1065 1634 1121 1690 in
1170 1635 1461 1691 caelestem
1494 1635 1707 1691 scilicet
1736 1638 2057 1704 Jerusalem,
2106 1638 2201 1694 ubi

2300 1634 2670 1690 εἰσελεύσεται
2726 1638 2809 1699 είς
2861 1631 3014 1689 οἷκον
3062 1635 3233 1688 Θεοῦ⁸
3308 1634 3614 1697 τουτέστιν,
3688 1635 3743 1687 ὲν
3788 1640 3842 1706 τῇ

624 1718 892 1778 habitatio
916 1730 1001 1781 est
1026 1724 1331 1781 lmtantium
1360 1727 1607 1781 omnium
1636 1728 1706 1781 ’³.

2301 1727 2537 1798 οὐρανίῳ
2569 1728 2744 1793 πόλει,
2771 1728 2830 1781 ἐν
2938 1728 3159 1784 πάντων
3209 1727 3651 1799 εὐφραινομένων
3676 1729 3708 1799 ἠ
3732 1744 3844 1781 κατ-

1878 1812 1892 1826 ’
2301 1818 2470 1873 οικία.

1110 1942 1391 1998 INTERR.
1432 1942 1715 1998 LXXVIII.
2230 1886 2274 1944 Β

1666 1943 1715 1998 LI.
2230 1886 2274 1944 Β
2914 1934 3111 1988 ΕΡΩΤ.
3152 1935 3278 1989 OH'.

695 2032 833 2100 Quid
860 2051 1033 2090 causa:
1065 2045 1140 2090 est
1173 2052 1270 2089 cur
1316 2036 1373 2091 in
1411 2046 1564 2107 parte
1601 2036 1811 2107 quidem
1844 2034 2099 2106 Ieprosus,
2131 2035 2204 2088 ιε-

2377 2026 2438 2079 Τί
2467 2025 2691 2093 δήποτε
2742 2028 2776 2079 ὁ
2824 2023 2942 2094 μὲν
2965 2025 3037 2079 ἐν
3063 2027 3230 2095 μέρει
3274 2022 3522 2093 λεπρὸς,
3551 2020 3848 2090 ἀωθορτός

623 2125 703 2194 gis
723 2124 853 2179 scito
880 2124 1180 2180 immundus
1197 2126 1266 2179 sit
1295 2140 1313 2179 :
1340 2127 1433 2197 qui
1458 2142 1578 2181 vero
1603 2134 1742 2181 totus
1761 2143 1822 2181 ea
1853 2125 2205 2183 commemin-

2301 2115 2432 2170 ἐστι
2464 2114 2625 2183 παρὰ
2656 2114 2738 2181 τῷ
2761 2115 2923 2186 νόμῳ
2943 2130 2958 2145 °
2997 2118 3032 2171 ό
3059 2115 3129 2170 δὲ
3176 2116 3513 2184 όλόλεπρος
3548 2110 3652 2177 ὧν,
3692 2115 3847 2168 καθα-

626 2223 708 2269 tus
736 2223 831 2281 est,
862 2215 1086 2270 mundus
1116 2216 1430 2272 decernatur
1450 2218 1537 2271 9'?

1016 2215 1086 2270 lus
1116 2216 1430 2272 decernatur
1450 2219 1494 2251 θ’
1514 2218 1537 2271 ?
2297 2210 2405 2279 ρός
2422 2208 2592 2263 ἐστιν
2610 2222 2628 2271 .'

1340 2349 1497 2421 Resp.

2979 2342 3206 2411 Ἀπόκρ.

693 2442 799 2509 Qui
844 2450 1003 2513 parte
1047 2441 1231 2511 aliqua
1274 2442 1526 2512 leprosus
1568 2451 1674 2505 est,
1718 2443 2028 2498 membrum
2056 2442 2205 2512 lepra

2386 2436 2444 2490 Ὀ
2474 2435 2617 2490 κατά
2642 2452 2695 2489 τι
2725 2434 2890 2508 μέρος
2912 2433 3134 2505 λεπρὸς,
3163 2430 3359 2504 νεκρὸν
3385 2431 3501 2503 ἔχει
3530 2430 3591 2485 τὸ
3623 2430 3773 2502 μέρος
3797 2431 3843 2482 ἑν

625 2534 1081 2589 commaculatum
1125 2543 1405 2589 mortuum
1445 2533 1631 2589 habet.
1675 2534 1839 2591 Vitali
1884 2534 2033 2589 enim
2077 2548 2205 2589 san-

2303 2519 2347 2595 ᾦ
2375 2527 2522 2581 ἐστιν
2551 2528 2587 2599 ἡ
2632 2525 2829 2596 λέπρα.
2861 2523 3297 2594 ’Υποφεύγοντος
3347 2524 3459 2592 γὰρ
3498 2521 3590 2576 τοῦ
3642 2519 3844 2585 ζωτικοῦ

625 2624 791 2696 guine
813 2623 1185 2694 subiugiente,
1205 2624 1441 2678 subsidit
1464 2623 1619 2679 locus
1637 2639 1913 2694 cavusque
1936 2623 2204 2679 eﬁicitur;

2305 2618 2552 2690 αἵματος,
2584 2616 2915 2671 κοιλαίνεται
2944 2616 2973 2668 6
3000 2616 3165 2679 τόπος
3185 2632 3199 2646 ·
3240 2614 3336 2667 καὶ
3364 2613 3537 2684 ἡνίκα
3558 2615 3623 2684 τῇ
3650 2614 3749 2683 ἀφῇ
3771 2610 3846 2665 τοῦ

627 2716 815 2787 sicque
839 2714 976 2769 adeo
992 2715 1157 2786 lepra“.
1182 2714 1272 2768 illa
1300 2715 1531 2772 cavitate
1557 2715 1724 2770 tactui
1752 2714 2052 2771 sacerdotis
2083 2714 2211 2770 sub-

2308 2711 2497 2782 ίερέως
2520 2708 2833 2764 ὑπέκυπτεν
2861 2710 2895 2780 ἠ
2943 2708 3220 2770 κοίλανσις
3256 2705 3357 2776 τῆς
3406 2705 3637 2776 λέπρας,
3666 2703 3846 2775 ἐμίαινε

625 2806 861 2870 sidente,
895 2819 1022 2861 eum
1046 2804 1139 2875 qui
1168 2806 1292 2861 talis
1318 2815 1463 2860 esset
1484 2806 1573 2862 ille
1618 2807 1918 2877 polluebat.
1949 2806 2053 2874 Qui
2076 2821 2209 2861 vero

2306 2804 2398 2859 τὸν
2429 2802 2668 2857 τοιοῦτον
2689 2817 2703 2831 ’
2739 2799 2882 2854 οὕτω
2916 2801 3010 2854 καὶ
3039 2802 3066 2854 ό
3095 2799 3238 2853 κατά
3269 2816 3323 2851 τι
3360 2798 3529 2869 μέρος
3571 2798 3669 2866 τῆς
3697 2796 3846 2866 ψυχῆς

627 2907 776 2954 totus
804 2898 956 2968 lepra
982 2897 1413 2952 commaculatus
1443 2905 1549 2963 est,
1581 2897 1751 2952 habet
1791 2897 1838 2951 is
1867 2897 2090 2968 quidem
2125 2896 2208 2951 le-

2307 2894 2633 2966 λεπρωθεὶς,
2665 2892 3043 2963 κοίλανθείσης
3062 2894 3163 2962 τῆς
3183 2889 3383 2961 ψυχῆς,
3414 2888 3660 2943 τουτέστι
3686 2905 3822 2942 ταπει

627 2989 776 3060 prosi
806 2989 1049 3045 colorem
1078 3006 1091 3042 :
1118 2988 1301 3044 vitalis
1343 2998 1525 3044 tamen
1567 2988 1791 3059 sanguis
1828 2997 1943 3043 toto
1973 3003 2209 3058 corpore

2309 2986 2576 3057 νωθείσης
2610 2984 2699 3038 διὰ
2742 2984 2844 3053 τῆς
2889 2984 3294 3055 ὑποχωρήσεως
3330 2984 3432 3052 τῆς
3464 2980 3693 3051 ζωτικῆς
3714 2980 3844 3033 δυνά-

628 3081 688 3136 ἰιι
729 3079 1022 3152 superﬁcie
1060 3094 1283 3150 Sparsus
1324 3089 1427 3135 est.
1479 3079 1765 3150 Signiﬁcat
1808 3095 1942 3136 vero
1974 3095 2038 3134 ea
2083 3095 2207 3145 res,

2314 3095 2459 3149 μεως
2484 3078 2586 3147 τῆς
2614 3076 2834 3146 ἀρετῆς,
2888 3076 3197 3146 ἀκάθαρτος
3232 3074 3468 3143 γίνεται.
3503 3074 3563 3128 '0
3606 3074 3658 3128 δὲ
3702 3072 3848 3125 ὁλόλε-

626 3184 754 3224 eum
790 3168 1001 3225 scilicet
1028 3168 1125 3239 qui
1164 3168 1233 3224 ad
1260 3178 1560 3225 extremam
1590 3169 1854 3224 malitiam
1881 3168 2115 3233 venerit,
2145 3184 2209 3224 ac

2237 3220 2280 3240 η
2312 3185 2470 3240 προς,
2497 3167 2596 3237 τὴν
2621 3168 2719 3238 μὲν
2744 3167 2914 3237 χρόαν
2940 3165 3033 3221 τοῦ
3068 3165 3273 3237 λεπροῦ
3302 3167 3449 3236 ἔχει’
3488 3165 3548 3219 τὸ
3576 3164 3630 3218 δὲ
3653 3163 3846 3228 ζωτικὸν

628 3260 828 3316 deinde
853 3220 1234 3331 pcenitEntiam
1271 3271 1416 3332 agat,
1444 3262 1609 3317 vitale
1652 3261 1873 3317 virtutis
1912 3261 2082 3315 robur
2108 3260 2206 3315 de-
2235 3232 2240 3268 ⁴

2235 3220 2283 3282 c
2313 3220 2702 3330 αίμέδι⁹⁸ὅλου
2746 3220 2863 3311 ’τοῦ
2916 3220 3188 3329 σώματοςι
3214 3220 3437 3329 ἔχειδὲν
3483 3258 3550 3327 τῇ
3597 3220 3846 3323 ἐπιφανείᾳ

628 3367 741 3407 nuo
770 3352 1015 3422 recipere
1034 3392 1049 3418 ,
1076 3352 1356 3423 solamque
1382 3352 1777 3409 conscientiam
1814 3352 2090 3423 prioribus
2113 3367 2207 3408 co-

2313 3348 2738 3419 ὲνεσπαρμένον.
2800 3346 2972 3401 Τοῦτο
3030 3341 3123 3401 οῦν
3163 3344 3443 3417 σημαίνει,
3494 3344 3576 3397 ὅτι
3623 3344 3650 3396 6
3696 3344 3765 3405 είς
3798 3340 3845 3393 τὺ

629 3444 855 3515 gitantis
883 3442 1051 3498 animi
1082 3443 1565 3499 iniormationibus
1603 3446 1806 3500 habere
1846 3445 2210 3500 commacula-

2313 3440 2542 3510 ἔσχατον
2590 3437 2767 3509 πέρας
2799 3441 2901 3509 τῆς
2945 3438 3146 3500 κακίας
3196 3435 3389 3501 ἐλθὼν,
3432 3432 3557 3489 εἶτα
3584 3430 3847 3504 μεταμελη-

629 3544 761 3590 tam.
793 3534 911 3589 Non
945 3534 1093 3591 enim
1123 3543 1303 3605 potest
1334 3551 1525 3591 eorum
1554 3552 1677 3606 quae
1705 3538 1834 3607 egit,
1868 3552 1979 3591 non
2012 3536 2208 3592 memi-

2314 3530 2450 3596 θεὶς,
2481 3528 2929 3600 ἐπαναλαμϐάνει
2955 3526 3054 3599 τὴν
3085 3524 3324 3598 ζωτικὴν
3354 3528 3459 3596 τῆς
3487 3523 3681 3595 ἀρετῆς
3717 3520 3846 3576 δύνα-

630 3626 803 3692 nisse,
823 3640 928 3680 nec
955 3626 1046 3680 illa
1069 3627 1331 3698 cogitare,
1357 3642 1422 3682 ac
1447 3627 1494 3681 si
1525 3642 1638 3681 non
1671 3629 1893 3697 egisset.
1921 3628 1997 3682 Ea
2024 3627 2209 3697 itaque

2317 3636 2450 3691 μιν·
2514 3619 2683 3692 μόνην
2733 3619 2793 3672 δὲ
2836 3618 2935 3689 τὴν
2982 3617 3288 3688 συνείδησιν
3335 3616 3452 3687 ἔχει
3499 3611 3844 3685 κεχρωσμένην

634 3718 777 3772 ratio
814 3726 919 3783 est,
946 3732 1048 3773 cur
1074 3733 1202 3775 eum
1247 3718 1342 3789 qui
1388 3719 1513 3775 talis
1536 3727 1641 3785 est,
1669 3720 1757 3775 lex
1786 3718 2050 3775 mundum
2079 3734 2209 3789 pro-

2312 3716 2433 3778 ταῖς
2467 3713 2762 3785 προτέραις
2798 3709 3157 3783 προλήψεσιν.
3198 3708 3273 3762 Οὐ
3323 3706 3549 3763 δύναται
3591 3706 3694 3775 γὰρ
3731 3702 3845 3771 ἅπερ

633 3811 870 3868 nuntiet.
2314 3802 2542 3874 ἔπραξε,
2603 3801 2679 3874 μὴ
2730 3800 3043 3871 λογίζεσθαι
3077 3800 3153 3864 ὡς
3188 3799 3264 3871 μὴ
3293 3797 3531 3870 πράξας.
3582 3796 3675 3849 Διά
3719 3791 3846 3847 τοῦτο

2313 3890 2408 3949 οῦν
2438 3895 2468 3949 6
2504 3893 2666 3965 νόμος
2694 3892 2787 3947 τὸν
2814 3890 3057 3945 τοιοῦτον
3089 3887 3331 3973 καθαρὸν
3358 3886 3668 3957 ἀποφαίνει.

1143 4027 1424 4084 INTERR.
1463 4026 1697 4082 LXXIX.
2260 3975 2306 4022 .

1671 4027 1697 4080 ζ.
2260 3975 2306 4022 ⁸
2925 4026 3123 4079 ΕΡΩΤ.
3165 4024 3283 4078 ΟΘ’.

704 4118 843 4184 Quid
867 4120 963 4174 sibi
991 4119 1195 4185 volunt,
1226 4136 1345 4190 qua:
1377 4119 1503 4189 legis
1527 4120 1631 4173 ritu
1655 4118 2023 4189 offerebantur,
2053 4118 2208 4188 quin-

2390 4122 2452 4176 Τί
2482 4103 2780 4189 δηλοῦσιν
2807 4122 2867 4175 al
2916 4120 3064 4184 κατὰ
3098 4118 3202 4173 τὸν
3228 4119 3417 4188 νόμον
3448 4114 3842 4183 προσαγόμεναι

632 4227 734 4276 que
754 4212 1085 4271 victimarum
1112 4227 1330 4283 genera,
1362 4211 1492 4275 ouis,
1527 4211 1636 4275 bos,
1671 4226 1857 4279 capra,
1886 4218 2082 4274 turtur,
2120 4224 2209 4264 co-

2314 4218 2358 4264 s'
2385 4210 2609 4275 θυσίαι,
2642 4210 2711 4264 τὸ
2737 4211 3055 4279 πρόϐατον,
3082 4210 3116 4263 d
3141 4207 3318 4275 βοῦς,
3351 4208 3391 4277 ἡ
3420 4207 3522 4272 αἲξ
3528 4245 3543 4273 ,
3572 4206 3608 4274 ἡ
3630 4200 3840 4274 τρυγὼν,

633 4304 813 4359 .umba
840 4304 867 4357 Ρ

2316 4304 2354 4371 ἡ
2385 4301 2738 4372 περιστερά;
3546 4330 3552 4335 -

1354 4436 1508 4507 Resp.

2998 4434 3227 4502 Ἀπόκρ.

702 4530 823 4586 Uno
847 4530 1069 4601 quidem
1101 4544 1288 4593 sensu,
1325 4529 1561 4583 sumitur
1587 4528 1736 4583 aries
1757 4525 2001 4598 quidem,
2030 4535 2090 4582 ut
2114 4528 2210 4596 qui

2386 4523 2544 4577 Κατά
2578 4524 2677 4595 μὲν
2704 4524 2835 4594 μίαν
2863 4522 3139 4595 ὲπιὸολὴν,
3167 4521 3503 4593 λαμϐάνεται
3540 4523 3570 4573 6
3600 4517 3737 4590 κριὸς
3761 4513 3839 4584 μὲν

634 4618 745 4675 dux
778 4620 1028 4686 exsistat,
1060 4627 1122 4675 ut
1162 4619 1434 4690 signiﬁcet
1475 4619 1583 4673 vim
1618 4618 1879 4684 rationis;
1913 4627 2124 4680 taurus.
2152 4626 2213 4671 ut

2247 4617 2289 4670 D
2317 4616 2392 4679 ὡς
2415 4616 2763 4686 ἡγεμονικὸν,
2817 4616 2912 4669 ἐπὶ
2940 4614 3035 4669 τοῦ
3066 4614 3380 4683 λογιστικοῦ
3402 4630 3418 4645 ⁸
3480 4614 3510 4666 6
3558 4612 3614 4666 δὲ
3652 4607 3836 4677 ταῦροςν

632 4710 801 4774 iram;
834 4724 1020 4779 capra,
1046 4716 1108 4763 ut
1133 4710 1526 4779 cupiditatem;
1559 4717 1760 4773 turtur,
1789 4717 1848 4763 ut
1872 4710 2209 4774 castitatem;

2315 4707 2409 4759 ἐπὶ
2433 4706 2528 4760 τοῦ
2561 4706 2794 4778 θυμικοῦ
2814 4723 2828 4738 ⁸
2865 4710 2898 4777 ἡ
2931 4708 2989 4761 δὲ
3040 4707 3151 4773 αἲξ,
3195 4708 3288 4760 ἐπὶ
3317 4706 3409 4761 τοῦ
3447 4696 3834 4775 ὲπιθυμητικοῦ⁶

633 4799 910 4864 columba,
943 4808 1003 4853 ut
1040 4800 1479 4855 sanctimoniam.
1525 4799 1621 4854 Sin
1650 4816 1779 4854 vero
1820 4799 1985 4853 etiam
2032 4800 2216 4869 cujus-

2315 4800 2348 4869 ἡ
2376 4796 2434 4850 δὲ
2462 4797 2696 4869 τρυγὼν,
2723 4798 2816 4852 ἐπὶ
2841 4798 2941 4868 τῆς
2965 4798 3317 4869 σωφροσύνης
3340 4814 3354 4828 ·
3389 4799 3424 4868 ἡ
3476 4791 3748 4866 περιστερὰ
3772 4788 3833 4849 δὲ.

632 4902 741 4960 que
788 4889 1043 4946 animalis
1088 4906 1210 4960 qua
1272 4892 1459 4945 insunt
1509 4907 1539 4944 a
1585 4900 1809 4955 natura,
1877 4891 2215 4961 exquirenda

2318 4891 2412 4943 ἐπὶ
2441 4890 2537 4945 τοῦ
2574 4890 2871 4961 ἀγιασμοῦ.
2917 4892 2981 4943 Εἰ
3029 4891 3087 4945 δὲ
3131 4890 3215 4944 δεῖ
3257 4891 3351 4943 καὶ
3382 4889 3452 4942 τὰ
3486 4887 3699 4941 ἑκάστου
3724 4879 3834 4945 ζώου

633 4988 783 5045 sunt,
813 4996 879 5036 ac
905 4981 1108 5052 cuique
1150 4982 1370 5037 illorum
1400 4996 1641 5051 congrua
1678 4983 1913 5052 aptanda
1955 4982 2217 5051 spiritalis

2316 4980 2590 5052 προσόντα
2620 4982 2866 5049 φυσικῶς
2898 4980 3152 5051 ζητῆσαι,
3186 4980 3281 5034 καὶ
3327 4980 3557 5034 ἑκάστου
3581 4972 3739 5030 αὐτῶν
3759 4970 3834 5038 τὴν

631 5086 832 5127 sensus
861 5072 1002 5131 ratio
1034 5081 1153 5137 est;
1202 5072 1359 5127 aiunt
1400 5073 1492 5142 qui
1539 5072 1704 5128 rebus
1735 5074 2004 5144 ejusmodi
2052 5089 2216 5127 nava-

2317 5075 2627 5145 πρόσφορον
2652 5073 2965 5145 ἐφαρμόσαι
2998 5073 3251 5145 Θεωρίαν,
3284 5073 3449 5140 φασιν
3472 5071 3522 5124 οἱ
3553 5067 3618 5121 τά
3647 5060 3833 5117 τοιαῦτα

631 5170 764 5219 runt
788 5176 1037 5232 operam,
1082 5178 1241 5219 ovem
1286 5164 1393 5219 tria
1436 5163 1663 5218 domino
1695 5173 1975 5230 praastare,
2018 5166 2211 5228 vellus,

2316 5164 2742 5235 ὲπεσκεμμένοι,
2778 5164 2864 5219 ὅτι
2907 5163 3035 5237 τρία
3065 5163 3333 5239 προσάγει
3362 5160 3440 5234 τῷ
3467 5154 3759 5229 κεκτημένῳ
3786 5149 3833 5202 τδ

703 5322 746 5354 ’⁸
774 5321 915 5377 Psal.
950 5338 1163 5389 Lxxxw,
1195 5322 1248 5377 7.
1323 5323 1368 5355 ⁹²
1395 5321 1573 5377 Levit.
1605 5338 1718 5387 xm,
1754 5321 1806 5386 1,
1837 5320 1921 5374 12.

632 5483 818 5553 ptus;_
842 5475 1012 5553 quod
1047 5482 1104 5529 et
1146 5474 1493 5553 ilic-[onymo
1517 5471 1863 5553 quandoque
1901 5472 2213 5541 Obrepsisse
2311 5471 2487 5541 spicio
2516 5470 2613 5553 sit,
2650 5470 2749 5553 vel.
2764 5470 3284 5553 quasi_inchoatum_
3297 5472 3566 5553 quoddam
3589 5467 3826 5553 ejusgtflj

632 5540 1125 5600 nomvit'Moriiius
1145 5546 1199 5599 in
1237 5540 1472 5598 Exercit.
1509 5540 1648 5596 Bibl.
1771 5540 1787 5542 ’
1914 5610 1923 5611 7
2310 5540 2451 5606 esse,
2484 5540 2751 5611 quidquid
2782 5540 2931 5596 istud
2961 5552 3069 5606 est,
3101 5543 3189 5596 vel
3236 5540 3411 5597 aliena
3443 5555 3595 5611 manu
3639 5540 3827 5611 auctum

703 5614 875 5668 Porro
899 5615 953 5668 in
977 5615 1062 5668 his
1088 5614 1304 5668 Maximi
1327 5612 1727 5683 qutestionibus
1756 5627 1866 5683 non
1895 5610 2094 5665 desunt
2119 5611 2215 5663 ali-
2309 5620 2366 5665 et
2406 5602 2822 5683 interpolatum,
2852 5621 2913 5665 ut
2942 5602 3063 5683 fere.
3090 5613 3359 5682 contingit
3390 5614 3443 5666 in
3476 5605 3677 5683 scriptis
3697 5602 3827 5683 hujuij

632 5697 909 5755 qua,_qu_:e
942 5686 1206 5753 majorem
1266 5676 1804 5755 ἀκρίϐειανγλειὶοιῐι
1830 5681 1884 5735 in
1915 5695 1983 5734 eo
2014 5696 2214 5749 genere
2310 5676 2670 5755 generisfubi
2711 5682 3154 5755 nihilcohaaret;
3194 5676 3309 5737 sed'
3326 5676 3672 5755 suntqtttmita
3695 5676 3825 5755 ρτριξῑ

634 5748 779 5822 quod
807 5748 996 5807 libens
1030 5748 1365 5813 'asscctatur',
1404 5753 1505 5822 τῆς
1543 5751 1873 5819 ἀλληγορίας
1910 5766 2212 5822 sensusque
2312 5748 2590 5822 memoriae
2620 5753 3008 5813 occurrebant,
3042 5752 3196 5806 nullo
3234 5762 3383 5809 certo
3412 5748 3593 5805 ordine
3627 5750 3709 5799 aut
3737 5750 3822 5791 ωε·

635 5821 924 5891 spiritalis,
955 5823 1247 5879 videantur
1278 5820 1498 5894 exigere
1533 5842 1545 5877 :
1574 5831 1631 5878 ut
1664 5822 1914 5893 quadam
1945 5820 2078 5876 mihi
2118 5837 2212 5876 su-
2313 5821 2501 5889 thodo,
2526 5821 2656 5878 hinc
2685 5822 2812 5879 inde
2846 5830 3126 5894 congesta.
