3888 6456
183 392 308 458 8ἷ3

1364 401 1857 471 ΟΗΕΞΤΙΟΝΕΞ
1895 405 1990 465 ΕΤ
2030 406 2291 467 DUBIA.

3345 414 3455 477 854

181 505 493 578 πρόϐατον,
521 507 613 562 τὸν
637 509 827 580 μαλὸν,
853 511 914 567 τὸ
934 512 1097 581 γάλα,
1124 513 1215 567 τὸν
1235 515 1426 585 ἀμνόν.
1465 516 1527 569 Ἡ
1554 516 1610 569 δὲ
1637 516 1771 587 κόρη

1884 516 1984 583 lac,
2015 532 2345 588 agnumque.
2390 519 2522 591 Ejus
2548 519 2811 590 pupillam
2853 504 2997 575 cculi
3046 536 3172 576 cum
3198 524 3312 579 sole
3342 526 3453 581 cir-

190 598 296 652 τοῦ
327 599 613 671 ὀφθαλμοῦ
668 603 857 669 αὐτοῦ,
913 606 1313 677 συμπεριπολεῖ
1359 607 1438 678 τῷ
1483 607 1638 679 ἡλίῳ,
1675 609 1771 662 καὶ

181 691 439 762 ἑκάστης
467 694 682 764 ἡμέρας
710 696 965 765 ἀφοδεύει
998 699 1311 769 σπυράθους
1336 700 1464 764 τξε⁸.
1506 700 1579 753 Τὸ
1603 700 1661 754 δὲ
1686 699 1772 753 λοο

178 782 352 850 γικὸν
382 784 658 855 πρόδατον
696 788 726 840 ὁ
770 786 1080 859 ἄνθρωπος,
1124 789 1282 861 εἴπερ
1309 790 1502 844 ἑαυτὸν
1532 792 1772 861 προσφέ-

185 892 313 945 ρειν
339 876 533 929 Θυσίαν
555 877 634 949 τῷ
650 881 982 951 κτησαμένῳ
1008 881 1129 951 Θεῷ
1155 882 1478 945 ἐσπούδακε,
1510 885 1773 953 χρεωστεῖ

180 966 399 1023 διδόναι
441 968 633 1040 ὥσπερ
674 971 861 1041 μαλὸν,
902 974 1009 1043 ,τὴν
1046 973 1242 1043 ἠθικὴν
1290 973 1526 1045 πρᾶξινσ
1583 974 1660 1038 ὡς
1713 974 1770 1028 δὲ

182 1061 358 1129 γάλα,
398 1063 498 1133 τὴν
522 1063 759 1132 φυσικὴν
791 1062 1026 1135 Θεωρίαν
1055 1064 1345 1137 (θρεπτικὴ
1368 1066 1479 1137 γὰρ
1504 1066 1645 1137 αῦτη
1672 1065 1769 1120 τοῦ

182 1149 334 1221 νοῦ)·
372 1152 450 1215 ὡς
503 1152 561 1205 δὲ
613 1152 807 1223 ἀμνὸν,
861 1154 954 1207 τὸν
986 1154 1426 1226 μαθητευόμενον
1458 1157 1772 1225 άπογεννῶν

180 1242 283 1295 διὰ
312 1243 421 1313 τῆς
450 1244 817 1313 διδασκαλίας,
866 1247 962 1300 καὶ
1008 1247 1187 1300 πάντα
1223 1248 1408 1317 ὅμοιον
1456 1249 1634 1319 ἑαυτῷ
1676 1250 1772 1303 καὶ

182 1334 403 1389 τέλειον
464 1336 777 1400 σπουδάζων
832 1339 1128 1412 προσάγειν
1172 1338 1252 1410 τῷ
1289 1338 1430 1411 Θεῷ.
1460 1339 1621 1394 Ἀλλά
1676 1340 1772 1392 καὶ⁹

182 1426 295 1498 τὴν
326 1426 501 1497 κόρην
526 1427 620 1480 τοῦ
674 1426 976 1498 ὀφθαλμοῦ,
1030 1430 1059 1482 ὁ
1108 1429 1347 1494 τοιοῦτος
1378 1430 1491 1500 ἔχει
1529 1429 1604 1500 τῷ
1634 1430 1771 1501 ἡλίῳ

185 1516 711 1588 συμπεριπολοῦσαν
732 1534 747 1549 ο
800 1518 1047 1572 τουτέστι
1072 1520 1163 1573 τὸν
1186 1519 1333 1586 νοῦν,
1373 1520 1452 1590 τῷ
1481 1520 1646 1591 Ἡλίῳ
1671 1521 1772 1591 τῆς

182 1607 567 1679 δικαιοσύνης,
606 1609 694 1662 διά
744 1610 843 1679 τῆς
877 1612 1245 1682 προωητικῆς
1287 1611 1395 1665 τῶν
1441 1610 1610 1666 ὄντων
1642 1611 1773 1665 διοι-

186 1699 413 1769 κήσεως
445 1699 663 1767 φέροντι
696 1700 767 1753 τά
815 1700 1080 1772 ἡμέτερα,
1135 1702 1565 1774 συμπεριπολεῖ·
1615 1719 1772 1755 τουτ-

186 1790 369 1855 έστιν,
400 1790 755 1844 ἐπακολουθεῖ
790 1808 803 1822 ·
840 1791 898 1845 έν
925 1809 985 1845 τε
1018 1793 1125 1865 γὰρ
1173 1794 1416 1863 θλίψεσιν
1440 1834 1456 1861 ,
1501 1793 1560 1847 ἒν
1591 1810 1651 1847 τε
1682 1794 1771 1847 eo-

1876 609 2124 679 cumagi,
2175 609 2336 680 333
2386 625 2449 665 ac
2498 610 2744 680 quotidie
2788 610 3008 680 pillulas
3049 612 3154 667 565
3203 628 3448 684 egerere.

1878 702 2109 757 Ratione
2140 711 2322 757 autem
2352 702 2613 771 praeditus
2640 705 2779 767 ovis,
2816 704 3001 769 homo,
3050 704 3318 773 siquidem
3346 706 3453 762 hoc

1875 794 2069 849 sedulo
2092 804 2236 865 agat,
2271 802 2333 849 ut
2370 810 2429 849 se
2458 796 2593 860 Deo,
2632 796 2789 867 cujus
2818 795 3048 850 dominii
3077 803 3184 861 cst,
3216 796 3454 852 hostiam

1875 886 2092 951 otl‘erat,
2136 887 2381 958 praebeat
2414 901 2639 942 necesse
2669 896 2774 955 est,
2822 896 3079 957 tanquam
3122 888 3318 954 vellus,
3365 905 3455 944 ac-

1878 976 2083 1032 tionem
2112 978 2359 1033 moribus
2394 977 2737 1042 institutam;
2776 986 3033 1047 tanquam
3064 994 3196 1032 vero
3223 979 3328 1043 lac,
3358 994 3454 1033 na-

1878 1067 2109 1122 turalem
2139 1068 2568 1136 speculationem
2600 1069 2741 1139 (ejus
2780 1069 2927 1123 enim
2960 1067 3238 1123 facultatis
3269 1076 3353 1123 est
3395 1077 3455 1124 ut

1876 1166 2117 1213 mentem
2137 1158 2293 1230 alat),
2311 1168 2373 1214 ut
2398 1168 2582 1215 autem
2606 1175 2829 1229 agnum,
2849 1158 3180 1227 discipulum
3205 1160 3488 1232 doctrina.

1876 1247 2155 1312 adultum,
2198 1264 2298 1318 per
2343 1250 2527 1304 omnia
2578 1249 2815 1304 similem
2858 1251 3307 1319 perfectumque,
3342 1251 3459 1305 Deo

1876 1338 2078 1394 oﬂ‘erre
2102 1340 2338 1394 studeat.
2370 1339 2479 1395 Sed
2504 1349 2560 1395 et
2583 1341 2846 1410 pupillam
2876 1343 3044 1407 oculi,
3073 1342 3165 1411 qui
3197 1341 3320 1395 talis
3346 1348 3451 1407 est,

1877 1444 1986 1482 una
2029 1443 2154 1483 cum
2192 1430 2309 1485 sole
2352 1432 2503 1485 velut
2545 1441 2822 1503 gyrantem
2870 1432 3065 1498 habet;
3108 1433 3203 1503 qui
3246 1433 3456 1487 scilicet

1877 1532 1986 1571 una
2011 1534 2135 1572 cum
2159 1519 2285 1574 Sole
2304 1521 2553 1590 justitire,
2585 1536 2683 1590 per
2711 1522 3111 1590 providentiam
3136 1537 3224 1576 res
3253 1522 3452 1592 guber-

1877 1618 2042 1664 nante
2075 1625 2138 1664 ac
2171 1626 2293 1680 qua:
2322 1619 2507 1666 nostra
2533 1622 2663 1666 sunt
2696 1612 2924 1679 ferente,
2952 1621 3189 1667 mentem
3216 1613 3455 1669 circum-

1877 1709 2034 1771 agat;
2097 1717 2294 1772 nempe
2354 1718 2481 1758 eum
2529 1703 2833 1773 sequendo,
2864 1704 2917 1757 in
2949 1703 3210 1759 mrumnis
3250 1704 3457 1774 pariter

1878 1801 2041 1861 atque
2073 1792 2333 1867 secundis
2366 1793 2534 1848 rebus
2560 1793 2763 1863 gratias
2801 1803 2959 1864 agat;
3003 1802 3309 1863 cunctaque
3350 1792 3456 1847 rite

186 1880 459 1951 ημερίαις
494 1881 854 1953 εὐχαριστῶν·
892 1883 984 1936 ὲπί
1014 1901 1073 1937 τε
1101 1887 1168 1956 τῇ
1220 1884 1402 1949 καλῶς
1447 1885 1655 1956 ἀγούσῃ
1704 1884 1774 1938 τά

1884 1885 2059 1954 agenti
2107 1900 2172 1940 ac
2211 1884 2469 1955 dirigenti
2519 1885 2913 1955 providentia},
2954 1900 3227 1954 propense
3269 1883 3455 1937 animo

188 1970 380 2025 πάντα
411 1971 658 2042 προνοίᾳ.
695 1972 1018 2027 Ἀποδάλλει
1054 1974 1114 2027 δὲ
1164 1975 1194 2028 ό
1248 1975 1491 2037 τοιοῦτος
1536 1975 1775 2045 ἑκάστης

184 2061 414 2133 ἡμέρας
467 2063 780 2135 σπυράθους
826 2064 967 2131 res“
1022 2066 1293 2131 τουτέστι,
1321 2066 1390 2119 τά
1440 2064 1546 2119 ὑπὸ
1577 2065 1774 2136 χρόνον

184 2155 294 2209 καὶ
327 2156 548 2223 γένεσιν
584 2155 803 2228 φθαρτά
830 2157 927 2212 καὶ
972 2158 1207 2230 περισσά
1245 2160 1505 2215 ἑκάστοτε
1538 2157 1773 2231 ἀπορρί-

187 2264 346 2302 πτει.

267 2341 408 2411 Περὶ
436 2340 494 2394 δὲ
516 2340 610 2395 τοῦ
644 2341 764 2412 βοός
798 2359 984 2412 φασιν,
1015 2343 1097 2397 ὅτι
1123 2342 1223 2414 τὴν
1251 2343 1476 2415 καρδίαν
1509 2344 1774 2413 τρίγωνον

191 2428 504 2499 κέκτηταιο
555 2430 648 2484 τὸν
695 2431 754 2485 δὲ
790 2432 991 2502 νεφρὺν
1040 2432 1401 2489 πεντάσολον’
1451 2434 1564 2505 ἔχει
1594 2434 1652 2488 δὲ
1680 2433 1777 2487 καὶ

189 2522 354 2589 τρεῖς
382 2521 685 2591 στομάχους
710 2537 727 2555 ο
779 2525 874 2577 καὶ
918 2522 1019 2593 τὴν
1062 2522 1161 2594 μὲν
1194 2524 1433 2595 ἡμέραν,
1469 2527 1778 2594 φωτοειδεῖς

191 2610 315 2680 εχει
346 2611 470 2673 τοὺς
495 2610 838 2682 ὀφθαλμούς·
869 2614 935 2683 τῇ
968 2612 1027 2666 δὲ
1075 2613 1252 2679 νυκτὶ,
1290 2615 1593 2683 πυροειδεῖς
1617 2631 1630 2646 ο
1682 2617 1777 2671 καὶ

187 2701 387 2769 τρίτον
418 2701 516 2770 τῆς
543 2701 756 2773 ἡμέρας
790 2703 885 2755 καὶ
902 2703 1085 2773 τρίτον
1105 2704 1205 2775 τῆς
1232 2705 1423 2768 νυκτὸς
1444 2707 1563 2759 κατ’
1589 2707 1779 2761 ἀνατο-

191 2790 297 2855 λάς
328 2791 472 2860 ὁρῶν
497 2792 646 2845 πνέει
674 2792 885 2861 φυσῶν.
922 2793 981 2847 '0
1009 2793 1183 2860 δεξιὸς
1217 2794 1383 2848 αὐτοῦ
1414 2796 1519 2865 ῥὶς,
1550 2796 1777 2851 εὐωδιά-

195 2882 287 2946 ζει
342 2883 544 2954 μόσχον
569 2901 585 2916 ο
635 2883 698 2937 τὸ
744 2883 804 2938 δὲ
850 2878 990 2955 αἷμα
1038 2886 1224 2952 αὐτοῦ,
1275 2887 1618 2961 ἀναιρετικόν
1662 2891 1779 2943 ἐστι

196 2973 427 3027 πάντων
469 2974 576 3027 τῶν
607 2975 830 3045 ἡμέρων
876 2972 1052 3041 ζώων,
1104 2975 1275 3045 χωρὶς
1314 2976 1407 3030 τοῦ
1462 2979 1643 3042 κυνός.
1690 2980 1782 3031 Δεῖ

202 3062 304 3120 οὖν
336 3066 433 3118 καὶ
461 3066 609 3135 ἡμᾶς
638 3065 829 3136 ὥσπερ
864 3064 990 3135 βοῦν
1017 3066 1306 3137 φέροντας,
1343 3065 1435 3119 τὸν
1483 3067 1647 3135 ζυγὸν
1683 3066 1778 3121 τοῦ

196 3155 446 3229 Χριστοῦ
478 3159 1042 3229 μεταχειριζομένους,
1079 3160 1178 3222 τὰς
1218 3157 1427 3223 λιθίνας
1455 3160 1778 3229 ἀνατέμνειν

198 3256 473 3327 καρδίαςο
529 3256 623 3309 καὶ
656 3256 754 3318 τὰς
789 3258 888 3326 μὲν
922 3256 1165 3317 ἀκάνθας
1201 3254 1311 3308 τῶν
1359 3254 1547 3309 παθῶν
1624 3255 1778 3327 ὲκρι-

200 3347 337 3413 ξοῦν
360 3365 376 3380 ο
410 3347 700 3401 πλατύνειν
736 3347 916 3419 δὲτὴν
942 3348 1047 3417 γῆν
1079 3346 1177 3416 τῆς
1217 3346 1443 3417 καρδίας
1475 3346 1611 3417 πρὸς
1643 3346 1778 3399 ὑπο-

200 3439 369 3510 δοχὴν
390 3437 484 3491 τοῦ
522 3435 666 3491 θείου
713 3436 894 3505 λόγου.
917 3437 1105 3506 Ἐχειν
1151 3437 1208 3490 δὲ
1260 3436 1355 3489 καὶ
1396 3436 1498 3507 τὴν
1554 3436 1780 3507 καρδίαν

202 3530 497 3600 τρίγωνον,
554 3527 803 3582 τουτέστι
853 3526 945 3580 τὸν
1002 3526 1129 3597 περὶ
1177 3526 1409 3598 Τριάδος
1464 3526 1621 3595 λόγον
1652 3528 1779 3599 ὑγιῆ

202 3622 353 3692 ἔχειν
382 3622 442 3673 ὲν
466 3622 532 3691 τῇ
576 3619 808 3691 καρδίᾳ⁸
868 3619 956 3673 ἵνα
1001 3616 1190 3689 ῶσπερ
1212 3619 1247 3690 ἡ
1280 3618 1476 3687 καρδία
1505 3618 1781 3672 διαδίδωσι

204 3712 455 3783 φυσικῶς
483 3711 581 3783 τὴν
607 3711 754 3783 ζωὴν
785 3710 862 3782 τῷ
897 3709 1131 3781 σώματι,
1162 3710 1336 3774 οὕτως
1362 3710 1456 3765 καὶ
1480 3712 1513 3782 ἡ
1546 3712 1624 3773 είς
1648 3710 1783 3765 Θεὸν

204 3804 479 3870 εὐσέδεια,
512 3804 581 3857 τὰ
616 3803 752 3874 μέλη
778 3806 879 3874 τῆς
911 3801 1090 3873 ψυχῆς
1123 3802 1422 3873 συνίστησι.
1460 3802 1564 3856 Τὸν
1596 3802 1654 3857 δὲ
1691 3820 1781 3856 νε-

205 3895 346 3966 φρδν
366 3893 509 3964 ἔχειν
539 3890 890 3959 πεντάὃολον,
926 3892 1176 3947 τουτέστι
1203 3892 1264 3947 τὸ
1285 3892 1682 3964 ἐπιθυμητικὸν
1707 3892 1783 3965 μὴ

207 3984 348 4056 πρὸς
376 3984 446 4037 τά
464 3985 611 4053 πάθη
640 3982 961 4056 τετράφθαι,
993 3982 1131 4037 ἀλλά
1155 3982 1243 4036 διὰ
1266 3982 1375 4037 τῶν
1402 3990 1441 4036 ε’
1479 3984 1784 4054 αἰσθήσεων

206 4081 311 4148 τὴν
334 4077 512 4129 κτίσιν
538 4076 894 4130 κατοπτεύειν
919 4076 1001 4139 είς
1023 4075 1191 4146 μόνην
1207 4075 1499 4146 ἐπιθυμίαν
1528 4075 1621 4129 καὶ
1649 4074 1786 4144 ἀγά·

210 4187 322 4239 πην
342 4168 437 4222 τοῦ
468 4167 790 4233 κτίσαντος.
816 4168 979 4238 Τρεῖς
1006 4168 1065 4222 δὲ
1094 4168 1400 4240 στομάχους
1448 4163 1749 4240 κεκτῆσθαι
1768 4184 1783 4199 ’

211 4264 241 4316 ὁ
277 4262 549 4332 στόμαχος
581 4260 798 4332 πρῶτον
828 4260 900 4315 τά
933 4260 1079 4314 σιτία
1106 4261 1412 4331 δεχόμενος,
1445 4260 1539 4314 καὶ
1565 4259 1653 4314 διὰ
1685 4260 1789 4330 τῆς

210 4354 489 4423 πεπτικῆς
515 4351 797 4423 δυνάμεως
827 4352 890 4405 τὸ
918 4351 1209 4423 εἰλικρινὲς
1231 4352 1423 4415 αὐτῶν⁹
1438 4352 1655 4422 ἑκάστῳ
1680 4351 1791 4405 τῶν

215 4445 400 4516 μελῶν
450 4444 849 4516 παραπέμψας,
880 4444 942 4498 τὸ
988 4444 1174 4498 λοιπὸν
1221 4446 1288 4515 τῇ
1337 4444 1518 4516 κοιλίᾳ
1550 4443 1783 4501 δίδωσιν.

1873 1976 2205 2046 acquiescat.
2257 1978 2442 2048 Egerit
2494 1987 2681 2032 autem
2728 1976 2976 2046 quotidie
3025 1975 3297 2046 ejusmodi
3350 1974 3455 2028 565

1874 2062 2123 2132 pillulas;
2172 2063 2225 2119 id
2259 2075 2366 2129 est,
2414 2064 2648 2134 tempori
2688 2065 2943 2133 ortuique
2986 2063 3244 2129 obnoxia,
3277 2076 3454 2131 coque

1875 2153 2167 2210 interitura
2189 2171 2253 2211 ac
2280 2154 2579 2227 superﬂua,
2604 2154 2852 2225 quotidie
2878 2154 3117 2209 abdicat.

1944 2343 2027 2399 Ad
2058 2343 2255 2400 bovem
2290 2353 2474 2400 autem
2501 2344 2649 2415 quod
2684 2344 2906 2410 attinet,
2940 2344 3098 2399 aiunt
3128 2343 3333 2399 habere
3357 2357 3456 2398 cor

1878 2435 2248 2507 triangulum;
2282 2452 2493 2503 renem,
2530 2437 2777 2507 quinque
2822 2437 2979 2507 quasi
3014 2434 3456 2506 projectionibus

1876 2537 2216 2595 exstantem;
2268 2530 2612 2585 stomachum
2647 2524 2957 2598 triplicem;
2994 2528 3172 2583 oculis
3212 2526 3455 2581 interdiu

1877 2618 2098 2685 lucidis,
2133 2630 2301 2674 noctu
2354 2620 2531 2691 igneis
2567 2636 2720 2686 esse;
2771 2628 2959 2675 ternas
2996 2617 3270 2684 interdiu,
3328 2616 3457 2671 toti-

1878 2712 2114 2783 demque
2147 2724 2315 2769 noctu
2344 2715 2493 2769 vices
2519 2751 2536 2780 ,
2586 2728 2913 2768 conversum
2948 2712 3015 2767 ad
3053 2712 3324 2766 orientem
3370 2721 3449 2764 tu-

1878 2814 2119 2860 mentem
2147 2804 2509 2875 inllatumque
2525 2806 2760 2875 spirare.
2786 2804 3074 2859 Dexteram
3098 2803 3219 2873 ejus
3266 2816 3458 2855 narem

1878 2894 2093 2951 moschi
2147 2896 2356 2965 spirare
2411 2895 2817 2966 fragrantiam;
2894 2893 3219 2965 sanguinem
3270 2892 3460 2947 cicura

1878 3000 2112 3057 qumque
2153 2986 2454 3050 animalia,
2506 2995 2737 3055 excepto
2773 3000 2929 3050 cane,
2991 2999 3213 3039 nccare.
3263 2982 3459 3053 Operm

1878 3079 2120 3147 pretium
2149 3077 2357 3147 itaque,
2406 3091 2507 3130 nos
2551 3091 2774 3145 quoque
2827 3074 2987 3130 bovis
3038 3074 3213 3128 instar
3253 3072 3461 3129 Christi

1880 3177 2163 3238 assumpto
2186 3168 2339 3237 jugo,
2374 3166 2589 3236 lapidea
2636 3165 2805 3220 corda
2838 3165 3226 3235 proscindere;
3260 3179 3326 3218 ac
3374 3163 3459 3217 vi-

1882 3256 2085 3311 tiorum
2108 3257 2329 3327 quidem
2354 3256 2541 3326 spinas
2570 3255 2830 3320 evellere,
2863 3254 3048 3309 cordis
3077 3268 3209 3308 vero
3251 3261 3460 3307 terram

1881 3348 1949 3404 ad
1984 3347 2398 3417 suscipiendum
2429 3346 2679 3402 divinum
2707 3359 3020 3401 sermonem
3064 3343 3314 3399 dilatare.
3351 3342 3463 3398 Cor

1880 3440 2013 3494 item
2052 3439 2262 3494 habere
2284 3438 2587 3515 trigonum,
2619 3452 2806 3493 sanam
2839 3436 3052 3491 scilicet
3095 3436 3264 3490 corde
3298 3444 3463 3489 tenus

1881 3529 1951 3585 de
1982 3528 2252 3583 Trinitate
2276 3527 2616 3595 doctrinam;
2645 3534 2707 3582 ut
2739 3527 2883 3583 sicut
2926 3524 3022 3581 cer
3054 3532 3253 3579 natura
3289 3523 3461 3577 vitam

1882 3620 2105 3691 corpori
2140 3620 2446 3685 distribuit,
2480 3620 2561 3674 sic
2596 3626 2653 3673 et
2685 3618 2862 3689 pietas
2907 3619 2963 3673 in
2994 3618 3167 3672 Deum
3212 3615 3464 3671 membra

1880 3712 2129 3769 stabiliat
2177 3721 2341 3782 atque
2371 3719 2609 3782 vegetet.
2636 3711 2845 3766 Renem
2896 3716 3110 3779 septem
3143 3708 3299 3778 quasi
3329 3722 3461 3777 pro—

1876 3805 2216 3876 jectionibus
2259 3812 2597 3869 exstantem;
2645 3803 2721 3858 ita
2783 3801 3049 3856 nimirum
3100 3809 3160 3855 ut
3200 3800 3461 3870 cupiendi

1881 3897 1967 3953 vis
1998 3912 2109 3952 non
2164 3898 2233 3951 ad
2256 3896 2386 3950 vitia
2422 3910 2486 3949 ac
2511 3894 2773 3948 libidines
2797 3906 3063 3948 conversa
3090 3890 3183 3953 sit,
3215 3889 3312 3945 sed
3336 3905 3463 3944 sen-

1886 4005 2049 4046 suum
2081 4003 2250 4059 opera
2303 3987 2409 4042 hoc
2460 3987 2638 4041 solum
2678 3984 2785 4039 ﬁne
2829 3992 3083 4038 naturam
3121 3983 3464 4052 contemple-

1886 4097 2031 4145 mur,
2086 4089 2148 4135 ut
2194 4080 2314 4149 ejus
2364 4078 2460 4148 qui
2520 4075 2769 4132 condidit
2820 4074 3098 4130 desiderio
3142 4072 3463 4134 aﬂiciamur,

1883 4185 2123 4240 eumque
2157 4170 2468 4239 diligamus.
2498 4167 2794 4236 Triplicem
2823 4165 3063 4235 denique
3092 4163 3460 4219 stomachum.

1889 4261 2220 4318 Stomachus
2260 4260 2504 4335 primum
2548 4257 2747 4329 recipit
2801 4256 2976 4320 cibos,
3034 4264 3263 4324 tumque
3316 4253 3465 4323 quod

1888 4368 2090 4424 purum
2116 4360 2202 4408 est
2231 4367 2329 4422 per
2384 4350 2497 4405 vim
2529 4346 2818 4419 digerendi
2868 4346 2922 4400 in
2955 4345 3169 4415 singula
3218 4344 3465 4397 membra

1889 4445 2310 4505 transmittens,
2368 4448 2554 4512 partes
2605 4439 2851 4508 reliquas
2883 4436 3064 4491 ventri
3118 4434 3334 4490 tribuit.
3371 4434 3465 4490 Sic

214 4535 404 4600 Οὕτως
441 4533 537 4590 οὖν
562 4538 710 4608 ἡμᾶς
742 4536 1011 4607 προσήκει
1046 4535 1135 4589 διὰ
1168 4537 1479 4607 πρακτικῆς
1510 4536 1604 4589 καὶ
1632 4551 1781 4603 φυσι-

1894 4535 2064 4605 igitur
2089 4543 2145 4589 et
2167 4548 2292 4596 nos,
2326 4548 2426 4602 per
2457 4529 2742 4590 moralem,
2780 4527 3085 4581 naturalem
3130 4535 3294 4595 atque
3323 4524 3468 4579 divi-

212 4634 320 4704 κῆς
342 4634 438 4687 καὶ
465 4632 778 4703 θεολογικῆς
798 4630 1029 4702 θεωρίας
1055 4631 1378 4701 ἀγομένους,
1402 4629 1496 4683 καὶ
1522 4629 1592 4684 τὰ
1619 4628 1789 4701 πρόσ-

214 4740 359 4794 φορα
392 4723 526 4776 πᾶσι
552 4724 669 4786 τοῖς
703 4722 891 4792 μέλεσι
925 4724 1027 4793 τῆς
1067 4721 1243 4794 ψυχῆς
1271 4720 1662 4793 ἀπονέμοντας,
1693 4718 1790 4773 καὶ
1840 4778 1853 4783 η

212 4811 309 4866 τοῦ
340 4812 562 4882 ἥττονος
594 4810 939 4883 προνοεῖσθαι
969 4808 1168 4880 μέρους
1188 4824 1203 4838 ⁸
1235 4810 1503 4875 τουτέστι,
1552 4809 1648 4865 τοῦ
1680 4807 1788 4863 σώ-

219 4920 394 4976 ματος
413 4919 429 4934 ο
469 4903 628 4957 τοῦτο
658 4902 765 4975 γὰρ
812 4905 846 4969 ἡ
897 4902 1096 4956 κοιλία.
1134 4901 1329 4972 Τρίτον
1360 4902 1417 4955 δὲ
1448 4902 1547 4973 τῆς
1579 4901 1791 4972 ἡμέρας

216 4998 314 5051 καὶ
343 4996 528 5066 τρίτον
571 4997 669 5065 τῆς
725 4993 919 5057 νυκτὸς
966 4992 1287 5063 ἀφορῶντας
1336 4991 1475 5064 πρὸς
1527 4990 1790 5054 ἀνατολάς

216 5088 429 5153 πνέειν,
481 5087 732 5140 τουτέστι
760 5084 861 5157 τὴν
903 5085 1134 5155 τρισσὴν
1176 5084 1272 5138 τοῦ
1322 5082 1460 5138 Θεοῦ
1509 5084 1790 5154 πρόνοιαν,

219 5178 620 5251 συντηρητικὴν
666 5178 760 5233 καὶ
810 5175 1239 5249 ὲπιστρεπτικὴν
1299 5175 1394 5229 καὶ
1444 5174 1793 5245 παιδευτικὴν

218 5271 564 5342 ἀφορῶντας,
592 5270 651 5324 έν
677 5286 737 5323 τε
762 5268 920 5323 νυκτὶ
952 5268 1062 5322 τῶν
1096 5266 1439 5339 πειρασμῶν,
1477 5265 1534 5320 ἐν
1572 5283 1630 5318 τε
1660 5266 1795 5337 ἡμέ-

222 5378 293 5435 ρᾳ
322 5360 648 5432 εὐημερίας,
666 5360 1039 5431 εὐχαριστεῖνο
1069 5357 1212 5429 ἔχειν
1237 5357 1292 5410 δὲ
1312 5356 1437 5419 τοὺς
1464 5356 1793 5427 ὀφθαλμοὺς,

218 5458 279 5511 ὲν
303 5454 401 5526 μὲν
416 5454 571 5529 νυκτὶ
590 5453 913 5523 πυροειδεῖς,
935 5452 994 5505 ὲν
1007 5450 1063 5504 δὲ
1087 5449 1270 5521 ἡμέρᾳ
1288 5448 1618 5518 φωτοειδεῖς,
1641 5465 1797 5502 τουτο

222 5544 358 5609 ἐστι,
402 5543 743 5614 θεωρητικὴν
795 5541 1047 5610 δύναμιν,
1091 5541 1149 5592 ὲν
1186 5538 1285 5609 μὲν
1344 5539 1411 5609 τῇ
1451 5538 1636 5609 ἡμέρᾳ
1687 5538 1796 5591 τῶν

220 5632 452 5703 ἀρετῶν,
486 5633 585 5695 τὰς
615 5632 678 5684 ὲκ
716 5629 813 5684 τοῦ
853 5630 1035 5683 Ἠλίου
1062 5625 1161 5699 τῆς
1184 5626 1524 5697 δικαιοσύνης
1574 5628 1798 5690 ἀκτῖνας

222 5725 317 5792 τῆς
340 5720 596 5791 γνώσεως
620 5718 1022 5791 ὑποδεχομένην
1041 5734 1055 5749 ο
1083 5719 1141 5771 ἐν
1166 5716 1224 5769 δὲ
1254 5718 1319 5787 τῇ
1345 5715 1500 5769 νυκτὶ
1522 5714 1631 5768 τῶν
1659 5715 1799 5785 ὑπὲρ

225 5819 425 5891 ἀρετῆς
454 5813 807 5884 ἐπαγομένων
841 5807 1262 5881 ἀλλεπαλλὴλων
1291 5805 1647 5880 πειρασμῶν,
1673 5807 1797 5872 τοὺς

1890 4637 2019 4676 nam
2053 4616 2578 4688 contemplationem
2604 4621 2916 4685 provectos,
2950 4612 3275 4683 cunctisque
3298 4612 3467 4667 animi

1890 4711 2175 4775 membris,
2203 4707 2366 4780 33a.
2401 4706 2547 4777 quod
2580 4713 2770 4776 aptum
2825 4705 2896 4759 sit
2934 4704 3113 4774 iisque
3154 4703 3467 4765 conducat,

1892 4802 2218 4874 impartitos,
2245 4801 2417 4855 etiam
2432 4796 2729 4852 deterioris
2760 4795 2934 4865 partis
2961 4794 3039 4866 (id
3057 4804 3161 4862 est,
3187 4794 3468 4869 corporis;

1891 4896 1947 4952 id
1967 4896 2115 4951 enim
2144 4901 2337 4948 venter
2364 4888 2726 4960 intelligatur)
2772 4902 2962 4942 curam
2999 4902 3160 4959 agere
3188 4886 3467 4941 convenit.

1892 4988 2001 5042 Ter
2029 4999 2163 5041 vero
2193 4982 2457 5045 interdiu,
2492 4996 2556 5036 ac
2588 4990 2671 5035 ter
2709 4987 2879 5035 noctu
2919 4978 2989 5033 ad
3023 4970 3297 5033 orientem
3323 4978 3472 5046 aspi-

1892 5079 2105 5141 cientes
2134 5076 2365 5147 spirare,
2402 5072 2602 5127 trinam
2636 5071 2732 5125 Dei
2771 5067 3320 5140 providentiam,qua
3343 5081 3477 5120 con-

1894 5176 2120 5234 servat,
2181 5165 2455 5222 convertit
2503 5179 2567 5218 ac
2618 5162 2871 5231 castigat,
2927 5158 3129 5213 animis
3181 5155 3474 5210 attenden-

1894 5271 1999 5327 tes,
2034 5260 2223 5317 sivein
2251 5257 2617 5313 tentationum
2650 5266 2834 5317 nocte,
2869 5254 2983 5306 sive
3017 5252 3071 5304 in
3114 5264 3297 5304 rerum
3343 5263 3476 5317 pro-

1893 5361 2179 5419 sperarum
2234 5345 2346 5408 die,
2398 5344 2602 5415 gratias
2654 5357 2845 5411 agere;
2885 5342 3076 5409 sicque
3148 5338 3288 5392 adeo
3339 5354 3475 5391 ocu-

1895 5441 1963 5495 lis
1996 5445 2341 5507 comparatos
2369 5451 2511 5500 csse,
2544 5444 2602 5487 ut
2633 5433 2669 5487 ii
2705 5440 2871 5485 noctu
2910 5429 3086 5500 ignei,
3115 5426 3361 5481 interdiu
3385 5427 3473 5478 lu-

1897 5528 2007 5584 cidi
2035 5527 2303 5582 exsistant
2336 5544 2348 5577 :
2384 5539 2447 5578 ea
2482 5522 2694 5577 scilicet
2718 5518 2931 5589 praediti
2958 5514 3370 5584 contemplandi
3394 5515 3472 5578 vi,

1898 5630 1959 5675 ut
1994 5620 2049 5673 in
2074 5619 2341 5673 virtutum
2383 5613 2496 5676 die,
2549 5610 2691 5666 Solis
2718 5608 2947 5679 justitim
2993 5607 3240 5661 scientia:
3292 5605 3478 5659 radios

1899 5710 2225 5780 suscipiant,
2260 5711 2536 5773 noctuque
2569 5700 2891 5756 crebrarum
2919 5708 2977 5753 et
2998 5714 3120 5768 qua:
3170 5696 3305 5751 alias
3328 5697 3477 5751 excl-

1900 5805 2075 5876 piant,
2114 5796 2483 5857 tcntatiunum
2518 5790 2738 5848 virtutis
2787 5804 2951 5845 causa
2984 5790 3281 5852 illatarum,
3314 5788 3476 5842 dere-
