4082 6430
598 406 705 471 859

1768 392 1832 453 s.
1871 384 2159 450 MAXIMI
2192 377 2703 442 CONFESSORIS
3737 369 3827 431 εδδ

598 521 777 575 dinem
804 517 1032 586 dicitur,
1058 525 1155 577 aut
1197 517 1491 589 potentiam
1523 516 1796 572 evertens;
1827 517 2025 573 nempe
2055 499 2174 554 dia-
2204 539 2209 555 ι

2304 512 2310 563 ι
2336 489 2780 546 κατασκάπτων
2815 485 3076 555 δύναμιν
3110 479 3502 554 ἑρμηνεύεται·
3535 480 3677 541 ὅστις
3706 483 3832 536 ἐστὶν

598 610 763 666 b01115
789 651 803 674 ν
854 611 951 680 qui
985 610 1229 680 spiritale
1276 610 1532 663 humana:
1561 612 1771 657 natura:
1790 599 1980 659 robur,
2024 592 2182 648 sedu-

600 698 801 763 cendo,
830 697 1005 752 divini
1036 695 1473 767 transgressione
1496 688 1741 747 mandati
1774 687 1844 742 ab
1878 684 2039 739 initio
2067 681 2184 735 dis-

600 786 789 847 solvit,
814 795 980 854 atque
1024 783 1307 838 hominem
1353 788 1569 836 naturae
1597 794 1662 833 ac
1695 773 1933 845 tempori
1959 784 2184 827 servum

599 872 831 927 addixit.
860 872 1083 940 Absque
1115 869 1265 924 enim
1290 868 1380 933 iis,
1414 883 1538 937 quae
1567 874 1782 921 natura:
1814 860 2057 917 subsunt
2102 866 2189 913 at-

600 980 708 1034 que
759 963 1015 1032 tempori,
1052 963 1284 1017 omnino
1333 956 1902 1022 adversus;homines
1947 966 2186 1025 pugnam

602 1051 877 1110 instruere
906 1054 1120 1124 nequit.

674 1148 742 1202 Et
767 1164 1002 1202 reversus
1021 1158 1095 1201 est
1116 1147 1269 1212 Joa‘b,
1295 1155 1345 1201 et
1371 1143 1624 1217 percussit
1650 1139 1847 1196 uallem
1874 1136 2189 1193 Salinarum

601 1236 869 1292 duodecim
887 1237 1344 1308 millia.Quisquis
1359 1236 1507 1291 enim
1526 1232 1792 1304 spiritalis
1808 1230 1954 1300 regis
1966 1225 2191 1283 Davidis

605 1330 685 1401 (id
700 1337 804 1393 est,
822 1330 1041 1384 Domini
1063 1331 1238 1384 nostri
1250 1329 1382 1385 Jesu
1401 1325 1629 1397 Christi)
1647 1326 1760 1381 dux
1774 1323 1983 1379 militiae
1998 1327 2191 1376 contra

600 1422 951 1478 adversarias
980 1431 1282 1491 potestates
1310 1422 1521 1486 educit,
1554 1419 1849 1475 duodecim
1874 1416 2046 1472 millia
2072 1430 2195 1484 per-

604 1512 748 1570 cutit
790 1513 848 1568 in
881 1514 1025 1570 valle
1058 1514 1393 1569 Salinarum.
1424 1513 1595 1569 Vallis
1639 1522 1823 1568 autem
1880 1509 2193 1565 Salinarum

607 1619 740 1660 caro
761 1614 868 1670 est,
898 1612 960 1659 ut
983 1620 1107 1673 quae
1130 1604 1685 1676 probrosissimorum
1713 1601 2013 1658 aﬁ‘ectuum
2040 1600 2196 1655 locus

609 1710 713 1767 per
734 1694 1169 1752 inobedientiam
1196 1696 1338 1751 facta
1355 1696 1448 1751 sit.
1468 1696 1527 1750 In
1552 1695 1657 1750 hac
1674 1693 1830 1765 quasi
1856 1692 2020 1755 valle,
2045 1690 2198 1761 quis-

607 1786 737 1858 quis
757 1787 882 1857 pius
905 1796 989 1842 est
1005 1803 1068 1843 ac
1093 1787 1406 1858 religiosus,
1431 1786 1664 1842 rationis
1680 1785 1850 1840 armis
1864 1799 1927 1839 ac
1948 1791 2199 1837 contem-

606 1876 892 1947 plationis,
913 1885 1165 1932 naturam
1181 1893 1246 1933 ac
1268 1888 1485 1949 tempus
1505 1878 1778 1949 percutit;
1803 1876 2198 1930 abhorrentem

608 1967 823 2023 scilicet
844 1982 874 2021 a
889 1968 1099 2023 ratione
1115 1978 1440 2039 occupatam
1461 1968 1629 2026 animi
1645 1969 1700 2023 in
1721 1967 1831 2023 illis
1851 1967 2197 2037 opinionem,

609 2073 721 2129 qua
756 2069 982 2131 praestat
1022 2061 1249 2117 virtutis
1295 2078 1361 2119 ac
1394 2063 1642 2118 scientiae
1670 2061 1942 2124 celsitate,
1989 2066 2202 2114 naturae

611 2155 962 2224 temporique
990 2155 1251 2210 obnoxiis
1292 2155 1512 2226 legibus
1544 2154 1974 2224 haudquaquam
2000 2151 2202 2205 immo-

618 2261 768 2301 rans.
822 2247 1210 2303 Duodenarius
1268 2248 1419 2304 enim
1448 2260 1718 2302 numerus
1753 2252 2010 2300 naturam
2057 2250 2203 2296 tem-

613 2353 826 2409 pusque
850 2339 1160 2410 signiﬁcat;
1187 2340 1393 2411 quippe
1422 2356 1551 2395 cum
1583 2348 1815 2402 natura,
1857 2337 1929 2391 ob
1951 2336 2204 2406 quinque

615 2444 834 2510 sensus,
868 2431 1122 2501 quinaria
1176 2432 1282 2498 sit;
1312 2442 1531 2502 tempus
1561 2446 1694 2486 vero
1716 2429 2118 2501 septenarium,
2144 2434 2206 2482 ut

616 2520 796 2576 cuivis
824 2524 1182 2593 perspicuum
1214 2532 1319 2579 est.
1367 2522 1425 2577 Si
1456 2532 1642 2579 autem
1684 2521 1931 2592 quinque
1965 2528 2206 2590 septem-

616 2626 726 2683 que
757 2612 1141 2682 componendo
1173 2612 1446 2683 junxeris,
1479 2612 1885 2667 duodenarium
1912 2594 2076 2681 plane
2104 2624 2208 2663 nu-

618 2717 834 2757 merum
866 2702 1207 2773 impleveris.

688 2793 854 2849 Fortc
881 2808 1017 2850 vero
1047 2794 1361 2851 occisorum
1392 2810 1685 2856 numerus,
1718 2792 2048 2848 facultatum
2085 2790 2206 2845 ani-

618 2884 697 2939 mi
725 2885 1034 2939 ternionem
1062 2885 1366 2956 signiﬁcat,
1417 2903 1606 2942 rerum
1648 2886 1705 2941 in
1740 2900 1966 2941 sensum
2005 2883 2210 2939 caden-

620 2975 759 3030 tium
782 2976 1138 3046 qnaternioni
1166 2977 1306 3032 male
1327 2978 1539 3033 erroris
1555 2976 1881 3032 seductione
1911 2974 2209 3045 implexum

2285 584 2315 636 ό
2349 581 2616 645 διάϐολος,
2654 581 2684 633 ό
2712 580 2779 633 δι’
2798 577 3018 647 ἀπάτης
3044 578 3143 645 τὴν
3170 570 3546 641 πνευματικὴν
3591 572 3733 640 ἰσχὺν
3752 574 3835 643 τῆς

2284 674 2563 747 ἡμετέρας
2616 673 2833 743 φύσεως
2892 671 3016 725 κατ’
3074 666 3252 739 ἀρχὰς
3294 668 3362 736 τῇ
3411 664 3716 735 παραϐάσει
3753 666 3837 734 τῆς

2288 766 2437 831 θείας
2462 766 2684 837 ἐντολῆς
2719 762 3001 827 διαλύσας,
3030 760 3127 816 καὶ
3156 759 3235 830 τῷ
3259 759 3438 830 χρόνῳ
3471 757 3568 810 καὶ
3599 759 3661 827 τῇ
3702 757 3839 824 φύσει
3939 768 3946 775 ·

2286 857 2564 921 δουλώσας
2590 858 2680 912 τδν
2706 856 3019 927 ἄνθρωπον.
3054 854 3219 906 ’Δνευ
3252 850 3360 920 γὰρ
3391 848 3505 903 τῶν
3564 848 3666 901 ὑπὸ
3703 849 3841 915 φύσιν

2288 953 2388 1007 καὶ
2437 953 2655 1025 χρόνον,
2696 947 2968 1022 μάχεσθαι
3010 947 3125 1010 τοῖς
3158 942 3472 1015 ἀνθρώποις
3502 939 3767 1002 παντελῶς
3790 942 3841 993 ού

2287 1044 2531 1099 δύναται.

2359 1134 2856 1201 Καίἐπέστρεψιθν
2882 1129 3044 1185 ἰωὰϐ
3059 1127 3161 1182 καί
3175 1124 3441 1189 ἐπάταξε
3461 1122 3581 1191 τὴν
3599 1122 3845 1192 φάραγγα

2290 1227 2413 1283 τῶν
2443 1224 2625 1281 Ἁλῶν
2645 1223 2877 1277 δώδεκα
2900 1219 3199 1293 χιλιάδας.
3230 1218 3348 1282 Πᾶς
3380 1215 3493 1286 γὰρ
3521 1217 3551 1268 ό
3586 1213 3661 1285 τῷ
3694 1213 3847 1283 νοητῷ

2292 1318 2506 1391 βασιλεῖ
2571 1318 2736 1373 Δασιδ
2801 1313 3167 1388 στρατηγῶν,
3225 1310 3484 1365 τουτέστι
3542 1307 3623 1378 τῷ
3685 1308 3848 1377 Κυρίῳ

2296 1410 2459 1483 ἡμῶν
2496 1410 2695 1480 Ἰησοῦ,
2725 1406 2869 1463 κατὰ
2893 1405 3003 1459 τῶν
3035 1402 3294 1458 ἐναντίων
3316 1401 3630 1470 δυνάμεων,
3668 1400 3850 1453 πατάσ-

2299 1521 2385 1557 σει
2415 1501 2624 1557 δὼδεκα
2649 1500 2897 1572 χιλιάδας
2919 1498 2980 1550 έν
3006 1499 3072 1569 τῇ
3106 1496 3353 1566 φάραγγι
3396 1492 3513 1546 τῶν
3555 1491 3735 1545 Ἀλῶν.
3759 1491 3852 1544 θά-

2298 1593 2437 1667 ραγξ
2460 1593 2519 1647 δέ
2549 1594 2698 1647 ἐστιν
2740 1590 2913 1645 Ἀλῶν
2935 1592 2969 1661 ἡ
2995 1587 3153 1659 σάρξ,
3181 1586 3261 1650 ὡς
3290 1584 3498 1657 χωρίον
3532 1581 3715 1636 παθῶν
3752 1581 3851 1636 ἀτι-

2300 1687 2436 1758 μίας
2480 1685 2571 1740 διὰ
2624 1685 2726 1756 τῆς
2776 1684 3065 1754 παρακοῆς
3122 1677 3393 1749 γενομένη
3422 1692 3439 1709 θ
3478 1676 3537 1728 ὲν
3571 1668 3854 1748 ᾖκαθάπερ

2301 1780 2550 1851 φάραγγι
2570 1777 2659 1831 διὰ
2686 1776 2851 1845 λόγου
2867 1775 2964 1828 καί
2990 1772 3247 1843 Θεωρίας,
3280 1771 3391 1834 πᾶς
3423 1765 3657 1836 εύσεῦὴς
3683 1765 3766 1819 καὶ
3787 1783 3854 1834 φι-

2301 1870 2486 1934 λόθεος
2533 1868 2807 1923 πατάσσει
2862 1865 3028 1935 φύσιν
3077 1864 3174 1919 καὶ
3204 1862 3400 1934 χρόνον
3427 1878 3443 1892 ·
3481 1860 3653 1931 ἦγουν
3670 1858 3764 1929 τὴν
3781 1858 3853 1910 ἐπ’

2300 1962 2487 2025 αὐτοῖς
2542 1960 2641 2030 τῆς
2684 1957 2865 2029 ψυχῆς
2910 1954 3226 2027 παράλογον
3261 1950 3561 2025 πρόληψιν,
3622 1948 3855 2021 μηδαμῶς

2299 2053 2554 2125 ἐμμένων
2580 2051 2667 2104 διὰ
2700 2050 2761 2104 τὸ
2791 2048 2926 2119 ὕψος
2962 2048 3064 2118 τῆς
3094 2048 3300 2117 ἁρετῆς
3329 2043 3429 2098 καὶ
3476 2040 3576 2110 τῆς
3610 2037 3853 2108 γνώσεως,

2299 2147 2416 2209 τοῖς
2460 2144 2566 2197 ὑπὸ
2600 2142 2765 2212 φύσιν
2805 2140 2902 2195 καὶ
2954 2139 3144 2211 χρόνον
3170 2137 3379 2208 νόμοις.
3422 2134 3487 2188 '0
3527 2130 3638 2203 γὰρ
3679 2128 3856 2183 δώδεκα

2304 2234 2540 2307 ἀριθμὸς
2585 2231 2686 2306 τὴν
2733 2231 2895 2302 φύσιν
2944 2230 3098 2299 δηλοῖ
3138 2227 3237 2283 καὶ
3298 2226 3394 2279 τὸν
3452 2224 3648 2296 χρόνον
3674 2238 3687 2253 ο
3720 2220 3853 2287 εἴπερ

2320 2326 2619 2396 πενταδικὴ
2650 2325 2748 2395 μὲν
2777 2325 2812 2394 ἡ
2844 2321 3008 2392 φύσις
3037 2320 3124 2375 διὰ
3156 2320 3256 2383 τὰς
3296 2316 3591 2387 αἰσθήσεις
3614 2327 3629 2342 ·
3656 2311 3857 2381 ἑϐδομα-

2302 2421 2456 2483 τικδς
2477 2419 2533 2473 δὲ
2554 2419 2769 2489 χρόνος,
2800 2416 2876 2481 ὡς
2908 2416 3043 2469 πᾶσι
3075 2412 3418 2482 καθέστηκεν
3447 2407 3689 2479 εὔδηλον.
3714 2406 3853 2458 Πέντε

2303 2512 2361 2568 δὲ
2394 2516 2509 2576 τοῖς
2540 2511 2682 2566 ἑπτὰ
2717 2508 2963 2575 συνθεὶς,
2995 2506 3090 2562 τὸν
3113 2504 3322 2560 δώδεκα
3352 2500 3675 2574 πληρῶσαις
3706 2498 3766 2552 ἂν
3781 2513 3856 2549 σα·

2307 2604 2423 2674 φῶς
2453 2604 2711 2675 ἀριθμόν.

2380 2782 2560 2854 Τυχὸν
2586 2781 2643 2835 δὲ
2683 2782 2781 2835 καί
2803 2780 2903 2852 τὴν
2933 2778 3122 2843 κακῶς
3166 2776 3234 2832 δι’
3259 2774 3482 2845 ἀπάτης
3523 2769 3670 2843 παρὰ
3723 2767 3856 2838 φύσιν

2311 2875 2733 2946 συμπλακεῖσαν
2773 2875 2843 2945 τῇ
2880 2871 3126 2944 τετριάδι
3157 2866 3424 2943 [τετράδι]
3465 2865 3575 2919 τῶν
3625 2860 3857 2930 αἰσθητῶν

2296 2968 2504 3039 τριάδα
2541 2965 2651 3019 τῶν
2676 2965 2966 3033 δυνάμεων
3000 2963 3101 3034 τῆς
3120 2961 3302 3033 ψυχῆς
3336 2958 3485 3013 κατὰ
3535 2956 3635 3027 τὴν
3680 2953 3853 3023 σχέσιν.

619 3043 1092 3136 atqueinnexum,
1123 3066 1271 3123 unde
1296 3066 1568 3138 quidquid
1596 3074 1949 3137 peccatorum
1973 3043 2058 3120 est
2084 3080 2209 3135 pro-

2308 3060 2379 3114 δι’
2407 3053 2477 3131 ἦς
2518 3060 2671 3112 πᾶσα
2698 3055 2948 3127 γίνεσθαι
2981 3055 3229 3124 πέφυκεν
3256 3050 3508 3124 ἁμαρτία
3530 3091 3546 3116 ,
3590 3048 3618 3101 ό
3645 3045 3744 3098 τῶν
3779 3043 3856 3138 άνέ

620 3160 762 3216 clive
785 3160 995 3227 oritur;
1050 3176 1217 3231 quem
1266 3160 1529 3230 praeclare
1568 3161 1693 3215 neci
1735 3158 1927 3225 tradit,
1972 3158 2069 3228 qui
2101 3157 2209 3227 spi-

2311 3153 2607 3226 ῃρημένων
2652 3150 2885 3222 ἀριθμὸς
2919 3147 3330 3220 ὑποσημαίνει·
3382 3144 3446 3199 ὃν
3512 3136 3855 3247 καταςρονεύσει

620 3252 769 3307 ritali
824 3228 1511 3322 Davidi,'337icerlans
1568 3268 1670 3323 pro
1731 3251 1994 3315 veritate,
2040 3264 2209 3319 opera

2314 3245 2570 3310 καλῶς,ό
2609 3243 2690 3314 τῷ
2728 3240 2909 3313 νοητῷ
2949 3240 3113 3294 Δαϐὶδ
3162 3241 3221 3292 έν
3272 3238 3388 3300 τοῖς
3450 3235 3589 3304 ὑπὲρ
3639 3228 3855 3323 ἀληθείας

622 3339 894 3405 deseruit,
922 3339 1304 3410 sapientiaque
1342 3355 1408 3394 ac
1436 3340 1658 3395 solertia
1695 3332 1996 3394 invisibilia
2021 3336 2215 3407 proelia

622 3431 945 3498 committit,
975 3447 1038 3486 ac
1061 3431 1327 3487 adversus
1368 3432 1737 3502 aequissimas
1765 3439 2069 3501 potestates
2099 3429 2215 3500 spi-

624 3521 865 3578 ritaliter
899 3522 1020 3578 acie
1053 3521 1325 3578 decernit.
1363 3522 1557 3579 Omnis
1581 3524 1731 3579 enim
1780 3523 1951 3578 animi
1987 3523 2217 3578 facultas

626 3614 1025 3670 innaturaliter
1081 3625 1262 3679 mota,
1317 3614 1405 3679 iis,
1443 3630 1566 3685 quae
1595 3615 1651 3669 in
1699 3629 1926 3670 sensum
1967 3613 2214 3669 cadunt.

627 3706 746 3764 fere
778 3707 1170 3777 complicatur.
1212 3706 1354 3762 Cum
1391 3709 1579 3776 itaque
1616 3706 1779 3768 ratio,
1816 3706 2010 3776 iraque
2033 3713 2090 3760 et
2121 3720 2219 3760 cu-

626 3797 855 3871 piditas,
911 3808 1025 3855 tres
1052 3797 1222 3853 animi
1277 3796 1565 3868 generales
1611 3796 1927 3863 facultates,
1960 3797 2129 3853 rebus
2160 3796 2218 3852 in

628 3903 855 3945 sensum
889 3887 1217 3944 cadentibus
1241 3886 1384 3957 (qua).
1412 3884 1673 3959 videlicet
1698 3886 2066 3955 quaternarim
2090 3902 2222 3942 con-

631 3982 857 4053 sistunt)
911 3980 1331 4044 succubuerint,
1387 3978 1796 4034 duodenarium
1832 3979 2079 4034 eﬁiciunt
2113 3997 2219 4035 nu-

631 4088 875 4129 merum.
904 4072 1153 4140 Quatuor
1197 4071 1347 4126 enim
1381 4071 1427 4125 si
1462 4070 1642 4125 tribus
1685 4070 1983 4136 addideris,
2012 4086 2076 4126 ac
2116 4072 2221 4126 tria

632 4162 866 4235 adjectis
894 4173 1135 4234 quatuor
1167 4162 1416 4233 quinque
1436 4162 1840 4232 composueris,
1870 4163 2086 4218 huncce
2113 4179 2221 4218 nu-

635 4269 851 4309 merum
894 4252 1293 4323 compleveris;
1325 4267 1492 4323 quem
1527 4250 1814 4316 interﬁcit,
1862 4252 1955 4322 qui
1991 4251 2099 4307 ﬁde
2152 4252 2221 4307 ad

635 4345 933 4401 Dominum
963 4344 1200 4412 accedit,
1228 4354 1570 4416 strenueque
1617 4360 1683 4400 ac
1722 4344 1939 4400 fortiter
1957 4344 2225 4400 adversus

635 4456 859 4495 omnem
889 4439 1344 4510 inaspectabilem
1375 4439 1706 4508 hostemque
1738 4436 1998 4507 spiritum
2025 4437 2224 4508 proelio

637 4531 907 4589 decernit.
1558 4582 1561 4589 γ

709 4624 787 4679 Ea
813 4623 997 4695 itaque
1025 4623 1224 4694 psalmi
1254 4622 1422 4694 hujus
1455 4621 1748 4692 inscriptio
1769 4638 1835 4677 ac
1858 4621 2055 4677 titulus
2078 4629 2163 4677 est
2200 4639 2216 4676 :

640 4717 736 4773 His
768 4718 859 4788 qui
880 4717 1324 4784 immutabuntur;
1351 4717 1513 4773 nobis
1533 4716 1748 4772 scilicet
1783 4734 1798 4771 :
1827 4717 1885 4770 in
1901 4716 2219 4783 doctrinam,

640 4821 841 4877 nempe
878 4822 1074 4861 eorum
1100 4806 1373 4862 bonorum
1404 4822 1528 4877 qua:
1557 4807 1627 4862 ab
1658 4807 1892 4877 spiritali
1935 4807 2141 4863 Davide
2168 4808 2223 4862 in

642 4914 746 4955 nos
771 4908 1143 4970 pervenerunt
1167 4918 1180 4953 :
1207 4898 1269 4954 In
1303 4898 1443 4954 tituli
1468 4901 1863 4971 inscriptionem
1889 4901 1991 4971 ipsi
2014 4900 2224 4965 David;

645 4992 753 5048 hoc
790 5000 910 5055 est,
946 4992 1003 5047 in
1052 4992 1390 5063 praeconium
1435 5008 1501 5047 ac
1549 4992 1980 5048 celebrationem
2029 5009 2225 5048 eorum

645 5102 769 5157 qum
809 5086 856 5141 is
904 5096 1130 5157 propter
1179 5101 1280 5141 nos
1305 5086 1493 5142 divina
1546 5100 1611 5141 ac
1657 5086 1918 5142 salutaria
1964 5088 2227 5157 praeclare

645 5176 835 5247 gessit.
872 5175 1043 5230 Tituli
1074 5175 1223 5230 enim
1256 5174 1567 5245 inscriptio,
1605 5190 1793 5230 rerum
1826 5176 2093 5245 praeclare
2129 5192 2226 5247 ge—

647 5276 858 5324 starum
886 5271 1220 5339 praeconium
1256 5284 1322 5325 ac
1364 5268 1793 5325 celebrationem
1841 5268 2133 5339 signiﬁcat,
2168 5280 2229 5327 ut

2315 3336 2522 3406 ἀγῶσιν
2554 3333 2873 3404 ὑπουργῶν,
2907 3332 3000 3385 καὶ
3030 3327 3350 3400 γνωστικῶς
3379 3326 3485 3390 τὰς
3502 3324 3754 3395 ἀοράτους
3774 3319 3856 3389 μά-

2315 3446 2420 3502 χας
2457 3429 2771 3491 συνάπτων,
2805 3425 2900 3481 καὶ
2952 3423 3096 3478 κατὰ
3151 3420 3262 3476 τῶν
3309 3418 3571 3491 πονηρῶν
3619 3414 3857 3502 δυνάμεων

2316 3500 2708 3590 πνευματικῶς
2739 3514 3249 3587 παραταττόμενος.
3285 3510 3447 3565 Πᾶσα
3473 3507 3582 3578 γὰρ
3606 3503 3763 3575 ψυχῆς
3787 3500 3858 3553 δύο

2321 3628 2489 3684 ναμις
2539 3609 2692 3682 παρὰ
2722 3606 2889 3677 φύσιν
2920 3605 3217 3676 κινουμένη
3244 3645 3259 3669 ,
3291 3605 3406 3666 τοῖς
3443 3599 3711 3669 αἰσθητοῖς
3748 3611 3856 3662 συμ-

2319 3702 2620 3758 πλέκεσθαι
2678 3700 2946 3770 πέφυκεν.
2986 3697 3242 3753 Ἐπειδὰν
3289 3690 3385 3749 οὗν
3412 3694 3443 3747 ὃ
3472 3709 3531 3746 τε
3560 3689 3707 3757 λόγος
3742 3684 3819 3738 καὶ
3836 3684 3871 3735 ό-

2319 3795 2488 3868 θυμὸς
2513 3795 2660 3865 καὶὴ
2688 3775 2977 3863 ἐπιθυμία,
3008 3790 3159 3864 τρεῖς
3191 3787 3283 3841 τὸν
3311 3783 3551 3858 ἀριθμὸν
3576 3777 3720 3835 οὖσαι
3743 3793 3856 3845 γενι-

2321 3890 2419 3944 καί
2454 3889 2556 3960 τῆς
2603 3887 2785 3959 ψυχῆς
2818 3885 3099 3954 δυνάμεις,
3130 3883 3245 3943 τοῖς
3283 3878 3566 3949 αἰσθητοῖς
3602 3868 3853 3960 ἡττηθῶσιν

2319 3958 2620 4053 τέσσαρσιν
2654 3975 2797 4044 οὖσι,
2830 3976 2924 4032 τὸν
2946 3974 3156 4030 δώδεκα
3185 3970 3423 4042 ἀριθμὸν
3454 3965 3715 4023 ἀποτελεῖ.
3746 3958 3854 4053 Τέσ-

2330 4092 2475 4147 σαρα
2500 4051 2612 4143 γάρ
2652 4071 2748 4124 ἐπὶ
2766 4069 2918 4141 τρία,
2946 4068 3043 4122 καὶ
3073 4066 3199 4137 τρία
3216 4063 3310 4117 ὲπὶ
3336 4062 3579 4131 τέσσαρα
3603 4057 3707 4117 τοῖς
3730 4051 3855 4104 πέντε

2325 4146 2709 4239 συντιθέμενα,
2738 4163 2932 4218 τοῦτον
2988 4161 3191 4232 πληροῖ
3232 4157 3326 4212 τὸν
3357 4153 3590 4227 ἀριθμόν
3609 4166 3625 4184 ο
3656 4149 3712 4239 ὃν
3737 4146 3857 4239 ἀναι-

2326 4262 2431 4333 ρεῖ,
2463 4261 2492 4313 ὁ
2517 4236 2594 4329 τῶ
2616 4256 2809 4328 Κυρίῳ
2834 4252 3047 4317 πιστῶς
3085 4249 3449 4324 προσχωρῶν,
3475 4244 3567 4339 καὶ
3586 4237 3749 4339 καλῶς
3767 4236 3857 4339 ἀρξ-

2326 4349 2532 4405 στεύων
2582 4347 2728 4404 κατά
2781 4344 2985 4409 παντὸς
3033 4339 3279 4412 ἀφανοῦς
3310 4340 3410 4393 καί
3441 4333 3692 4406 πολεμίου
3728 4333 3856 4381 πνεύ-

2329 4461 2521 4515 ματος.

2406 4621 2847 4691 Ἐπιγέγραπται
2872 4616 3004 4689 γοῦν
3031 4617 3061 4671 ό
3094 4613 3288 4687 παρὼν
3332 4612 3578 4685 ψαλμδς,
3623 4606 3736 4673 Τοῖς
3784 4601 3859 4673 μὶν

2327 4711 2935 4781 ἀλλοιωθησομένοις,
2998 4711 3152 4780 ἡμῖν,
3208 4709 3297 4775 είς
3360 4704 3632 4777 διδαχὴν,
3671 4697 3763 4754 τῶν
3798 4694 3857 4751 εἰς

2329 4808 2479 4879 ἡμᾶς
2508 4803 2662 4877 παρὰ
2680 4801 2777 4856 τοῦ
2802 4799 2997 4872 νοητοῦ
3023 4798 3186 4854 Δαόὶδ
3207 4798 3516 4869 γενομένων
3536 4790 3756 4862 ἀγαθῶν·
3783 4784 3857 4879 El;

2330 4878 2790 4968 στηλογραςρίαν
2813 4892 2883 4946 δὲ·
2912 4891 2996 4958 τῷ
3025 4891 3226 4956 dumb,
3248 4891 3528 4944 τουτέστιν
3568 4887 3643 4948 είς
3666 4878 3857 4948 ἀνάρῤη⁸

2334 5010 2419 5046 σιν
2438 4991 2548 5044 τῶν
2566 4987 2704 5059 ὑπὲρ
2726 4986 2759 5056 ἡ
2767 4986 2883 5055 μῶν
2917 4983 3081 5039 αὐτοῦ
3110 4983 3269 5037 θείων
3289 4983 3386 5037 καὶ
3418 4977 3683 5051 σωτηρίων
3700 4984 3858 5037 κατορ-

2334 5084 2623 5155 θωμάτων.
2668 5080 2996 5151 ’Δνάῤῥησιν
3034 5076 3145 5148 γὰρ
3173 5068 3661 5147 κατορθωμάτωνή
3709 5060 3857 5155 ctylo-

2334 5177 2552 5250 γραφία
2590 5174 2762 5247 δηλοῖ,
2796 5170 2940 5226 κατὰ
2962 5171 3092 5234 τοὺς
3119 5169 3488 5240 ἐπιστήμονας
3530 5162 3629 5219 τῶν
3654 5154 3857 5213 τοιούτω

2334 5270 2617 5343 ὀνομάτων
2640 5266 2937 5338 ἐξηγητάς.

649 5360 901 5416 sentiunt
943 5360 1038 5431 qui
1071 5360 1349 5432 ejusmodi
1375 5360 1663 5415 nominum
1708 5360 1821 5414 vim
1860 5362 2111 5430 apprime
2137 5375 2367 5423 norunt.

716 5452 880 5507 Vens.
905 5451 960 5508 5.
995 5452 1156 5519 Deus,
1183 5452 1422 5531 repulisti
1448 5469 1539 5507 nos
1565 5462 1614 5507 et
1636 5452 1938 5508 destruxisti
1965 5469 2056 5508 nos
2079 5472 2096 5521 ;
2119 5457 2235 5511 ira-

653 5556 739 5600 tus
771 5561 846 5610 es,
874 5555 925 5600 et
947 5548 1188 5603 misertus
1212 5566 1263 5604 es
1296 5548 1462 5603 nobis.

730 5698 1286 5777 (quampiam.
1321 5705 1531 5777 Nempe
1587 5704 1721 5775 legit
1778 5703 2076 5777 Maximus,
2134 5719 2233 5759 seu

659 5775 756 5847 qui
793 5772 1109 5847 illipraaivit
1138 5772 1551 5847 etymologisies
1583 5772 1818 5840 ἿτὶΠΊΠ,
1851 5775 2006 5845 quasi
2039 5790 2067 5847 8
2092 5784 2195 5847 ΠἸἹ
2221 5814 2236 5838 ν

662 5842 972 5916 languidus,
1007 5842 1215 5916 sicque'
1236 5842 1521 5915 scribitur,
1554 5847 1599 5904 ll
1630 5847 1765 5918 Reg.
1800 5842 1926 5915 vni;
1961 5845 2109 5901 etsil
2141 5846 2242 5900 l‘a-

2426 5456 2480 5508 '0
2541 5450 2708 5517 Θεὸς,
2735 5445 2960 5505 ἀπώσω
3022 5444 3204 5515 ἡμᾶς,
3262 5442 3363 5497 καί
3414 5438 3668 5500 καθεῖλες
3699 5424 3855 5498 ἡμᾶς’

2347 5546 2668 5617 ἀιργίσθης.
2698 5541 2796 5596 καί
2824 5538 3190 5608 ᾠκτείρησας
3220 5533 3399 5606 ἡμᾶς.

2343 5702 2444 5757 ral.
2476 5716 2625 5763 xvru,
2653 5705 2739 5753 est
2761 5707 2796 5757 ’τ
2820 5697 2946 5751 loco
2971 5708 3013 5753 ’π
3042 5710 3143 5765 pro
3177 5692 3339 5748 tertia
3368 5691 3564 5765 littera.
3587 5680 3851 5765 Ροεεὶιξξ)

2472 5746 3013 5825 aumatium;
3037 5746 3246 5819 Ᾰὶιέιότ
3272 5756 3634 5835 explicationis
3654 5746 3852 5821 llml‘rio'

2349 5828 2473 5899 rum
2502 5840 2790 5897 nominum
2824 5836 3185 5903 Biblicorum,
3211 5850 3311 5906 per
3328 5828 3370 5893 ἦ
3392 5840 3446 5889 et
3467 5843 3504 5894 Π
3522 5828 3658 5896 legit.
