4082 6448
247 459 362 522 εει

1343 468 1746 531 EXPOSITIO
1784 470 1866 531 IN
1905 444 2266 534 PSALIiIUM
2308 475 2459 536 LIX.

3415 481 3521 542 862

338 566 635 623 ⁴Δπώσατο
662 571 811 641 ἡμᾶς
840 573 869 627 ὁ
897 571 1052 640 Θεὸς,
1080 575 1210 631 ὅταν
1247 578 1321 649 μὴ
1351 580 1687 648 φυλάξαντες
1717 582 1838 634 κατ’

2011 583 2231 653 Repulit
2267 600 2368 639 nos
2398 586 2564 651 Deus,
2610 603 2735 643 cum
2765 590 2875 660 jam
2913 588 3073 644 initio
3102 605 3210 644 non
3252 593 3522 646 servando

246 661 437 731 ἀρχάς
452 662 552 733 τὴν
580 664 817 736 ἐντολὴν,
845 667 1054 733 ἀνάξιοι
1076 670 1355 741 ἐφάνημεν
1375 675 1473 742 τῆς
1495 674 1637 727 κατὰ
1666 674 1846 745 πρόσ-

246 770 412 807 ωπον
468 756 637 809 αὐτοῦ
692 759 928 827 ὁμιλίας.
962 762 1224 815 Καθεῖλεν
1286 765 1433 833 ἡμᾶς
1462 805 1477 827 ,
1514 766 1594 819 ὅτ’
1626 765 1696 819 ἂν
1748 766 1845 819 τοῦ

252 844 438 915 ὖψους
470 848 572 919 τῆς
601 850 660 903 έν
706 849 784 921 τῷ
818 853 1135 923 παραδείσῳ
1172 853 1351 924 δόξης.
1394 854 1483 908 διὰ
1538 855 1637 926 τὴν
1689 855 1848 925 ἡμῶν

254 938 469 992 κακίαν
510 939 855 1006 άπεξένωσεν
892 958 906 973 ·
949 942 1219 1015 ὠργίσθη,
1245 944 1321 997 ὅτ’
1348 943 1415 997 ἂν
1460 936 1554 998 ἔπί
1606 945 1849 1017 τιμωρίᾳ

256 1030 364 1081 καὶ
393 1030 617 1084 κολάσει
645 1031 744 1100 τῆς
774 1031 992 1096 κακίας,
1040 1033 1118 1103 τῷ
1162 1034 1257 1087 τοῦ
1304 1034 1535 1089 θανάτου
1586 1036 1849 1107 ἐπιτιμίῳ

258 1122 419 1190 ἡμᾶς
471 1120 855 1176 καθυπέωλεν
885 1139 900 1154 ο
954 1123 1293 1196 ᾠκτείρησεν
1326 1127 1511 1196 ἡμᾶς,
1541 1127 1617 1181 ὅτ’
1648 1126 1715 1180 ἂν
1761 1126 1850 1181 διά

258 1211 364 1265 τοῦ
409 1212 734 1284 μονογενοῦς
765 1213 931 1268 αὑτοῦ
976 1214 1107 1269 Υίοῦ
1138 1215 1274 1269 Θεοῦ
1316 1218 1492 1285 Λόγου
1540 1218 1850 1288 σαρκωθέν-

259 1321 383 1370 τος,
418 1305 515 1358 καὶ
548 1305 647 1376 τὴν
678 1303 818 1376 ὑπὲρ
854 1306 1070 1360 πάντων
1098 1307 1256 1378 ἡμῶν
1301 1309 1524 1379 ὀφειλὴν
1556 1309 1852 1375 καταδεξα-

266 1393 467 1464 μένου,
507 1394 852 1464 ὲλυτρώσατο
885 1397 1033 1467 ἡμᾶς
1065 1397 1158 1450 τοῦ
1185 1397 1442 1467 Θανάτου,
1483 1399 1578 1454 καὶ
1622 1402 1701 1465 είς
1752 1399 1853 1473 τὴν

264 1484 473 1538 ἑαυτοῦ
507 1484 661 1550 δόξαν
689 1486 849 1539 πάλιν
886 1487 1253 1558 ἐπανήγαγεν.

342 1576 721 1643 Συνέσεισας
744 1577 861 1645 τὴν
891 1576 1006 1648 γῆν
1052 1581 1149 1634 καὶ
1177 1580 1594 1651 συνετάραξας
1635 1583 1850 1653 αὑτήν

267 1667 448 1722 ιασαι
474 1670 546 1721 τὰ
568 1670 981 1739 συηρίμματα
1004 1671 1215 1741 αὐτῆς,
1246 1673 1336 1728 ὅτι
1364 1675 1691 1744 ἐσαλεύθη.

343 1759 668 1812 Συνέσεισεν
685 1760 838 1829 ἡμῶν
857 1761 951 1833 τὴν
971 1765 1073 1833 γῆν
1091 1764 1184 1816 καὶ
1206 1765 1557 1837 συνετάραξε,
1582 1765 1852 1830 τουτέστι,

266 1849 378 1920 τὴν
411 1850 662 1919 καρδίαν,
692 1850 816 1914 δοὺς
838 1853 968 1921 ἡμῖν
990 1854 1088 1923 τὴν
1112 1855 1390 1926 μάχαιραν
1412 1856 1505 1909 τοῦ
1523 1856 1851 1927 πνεύματος,

268 1940 381 2012 τὴν
413 1940 474 1994 τὸ
504 1942 686 2012 χεῖρον
709 1940 805 1994 τοῦ
835 1942 1145 2013 κρείττονος
1200 1947 1519 2014 γνωστικῶς
1558 1947 1858 2019 διακρίνου-

272 2050 406 2097 σαν,
438 2032 533 2086 καὶ
560 2032 650 2086 τὸν
689 2033 852 2103 νόμον
896 2033 991 2087 τοῦ
1044 2035 1354 2107 πνεύματος
1385 2039 1525 2092 κατὰ
1559 2038 1654 2093 τοῦ
1688 2040 1855 2109 νόμου

268 2126 376 2195 τῆς
410 2125 613 2195 σαρκὸς
637 2126 958 2197 ἐγείρουσαν
988 2144 1003 2159 ο
1030 2127 1125 2181 καὶ
1182 2129 1273 2183 τὸν
1306 2132 1447 2184 κατὰ
1502 2130 1613 2187 τῶν
1665 2132 1856 2185 παθῶν

272 2214 569 2267 ἐπαινετὸν
599 2213 833 2284 πόλεμον
863 2214 921 2267 έν
945 2217 1076 2286 ἡμῖν
1101 2216 1544 2290 δημιουργοῦσαν
1578 2238 1592 2251 ο
1636 2222 1730 2274 καὶ
1753 2221 1852 2293 τὴν

271 2304 334 2356 ὲν
364 2304 502 2375 ἡμῖν
530 2303 637 2358 τῶν
668 2304 856 2358 παθῶν
879 2306 1157 2378 συνέχειαν
1188 2312 1564 2375 συσσείουσαν,
1592 2312 1685 2365 καὶ
1727 2330 1857 2365 συν-

269 2394 667 2463 ταράσσουσαν
699 2395 792 2448 ἐπὶ
822 2397 943 2459 ταῖς
979 2396 1121 2449 κατὰ
1158 2399 1428 2471 πρόληψιν
1460 2401 1683 2465 ἀτόποις
1722 2405 1857 2473 μνή-

273 2502 417 2554 μαις
447 2484 547 2556 τὴν
576 2485 904 2555 συνείδησιν.
950 2486 1116 2539 ’ἰᾶται
1143 2488 1200 2540 δὲ
1230 2488 1297 2542 τὰ
1349 2492 1730 2561 συντρίμματα
1755 2491 1857 2560 τῆς

271 2576 441 2647 ἡμῶν
465 2575 711 2645 καρδίας,
753 2575 896 2647 ἅπερ
930 2576 1253 2633 σαλευθείσά
1295 2597 1355 2634 τε
1390 2583 1483 2634 καὶ
1526 2582 1858 2652 ὀλισθήσασα

270 2663 367 2719 διὰ
394 2667 495 2737 τῆς
528 2665 815 2737 παρακοῆς
835 2667 1116 2737 καταρχὰς
1138 2668 1202 2722 ὲκ
1225 2670 1325 2741 τῆς
1350 2670 1408 2725 έν
1438 2671 1514 2743 τῷ
1545 2673 1859 2744 παραδείσῳ

273 2756 674 2830 παραϐάσεως,
704 2759 993 2830 ὑπέμεινε,
1022 2761 1112 2817 διὰ
1135 2762 1237 2833 τῆς
1266 2764 1324 2816 έν
1350 2762 1533 2834 χάριτι
1556 2780 1860 2834 πνευματι-

273 2849 385 2919 κῆς
403 2848 842 2920 ἀναγεννήσεως.

356 3031 640 3099 Ἕδειξας
661 3029 741 3096 τῷ
779 3030 907 3097 ,1αῷ
939 3046 1055 3086 σου
1082 3012 1324 3103 σκληρά
1348 3048 1364 3065 ο
1396 3032 1682 3100 ἐπότισας
1704 3034 1862 3103 ἡμᾶς

276 3117 459 3177 οἶνον
483 3122 881 3206 κατανύξεως.
916 3121 1187 3189 ’Ἑδωκας
1218 3123 1341 3190 τοῖς
1366 3125 1760 3193 φοϐουμένοις
1782 3140 1856 3177 σε

1947 674 2221 739 mandata,
2250 676 2351 730 visi
2399 691 2591 732 sumus
2624 678 2835 749 indigni
2861 680 2956 750 qui
2989 680 3109 752 ejus
3139 696 3323 735 coram
3357 682 3525 736 collo—

1946 766 2077 835 quio
2104 765 2416 821 frueremur
2447 783 2462 822 :
2498 768 2776 824 destruxit
2806 787 2929 836 nos,
2952 788 3077 827 cum
3119 788 3149 828 a
3189 773 3333 827 celsa
3362 788 3523 842 para-

1947 855 2051 910 disi
2079 856 2272 927 gloria,
2297 858 2369 911 ob
2397 867 2643 914 nostram
2677 861 2941 915 malitiam
2970 903 2985 926 ,
3036 862 3274 917 extrusit
3304 880 3317 915 :
3349 864 3525 917 iratus

1946 956 2051 1009 est,
2085 964 2209 1002 eum
2241 950 2465 1004 sceleris
2493 951 2669 1005 nostri
2707 968 2771 1007 ac
2806 953 3029 1007 malitiae
3063 952 3287 1018 vindex,
3323 954 3524 1008 mortis

1948 1057 2050 1096 nos
2090 1058 2265 1111 poma:
2297 1040 2509 1096 addixit
2544 1061 2558 1097 :
2610 1043 2871 1097 misertus
2913 1052 2999 1097 est
3023 1043 3220 1109 nostri,
3255 1058 3378 1098 cum
3426 1060 3525 1113 per

1949 1131 2293 1202 unigenitum
2330 1130 2528 1185 Filium
2571 1148 2747 1185 .suum
2796 1133 2966 1187 Deum
3003 1132 3246 1187 Verbum
3274 1133 3528 1187 incarna-

1951 1233 2087 1289 tum,
2132 1231 2190 1278 et
2241 1223 2335 1294 qui
2382 1232 2632 1277 nostrum
2663 1224 2718 1277 in
2751 1238 2811 1278 se
2864 1224 3115 1279 debitum
3152 1225 3444 1294 receperit,
3494 1238 3526 1276 a

1950 1326 2127 1371 morte
2160 1332 2261 1370 nos
2297 1314 2549 1381 redemit,
2572 1324 2741 1385 atque
2773 1316 2826 1370 in
2860 1332 3013 1370 suam
3061 1316 3288 1387 gloriam
3337 1330 3530 1369 rursus

1952 1417 2251 1462 τονοοανιι.

2022 1579 2187 1634 Vens.
2232 1580 2285 1634 4.
2322 1577 2658 1634 Commovisti
2705 1586 2903 1631 terram
2931 1586 2979 1630 et
3003 1576 3326 1631 conturbasti
3367 1593 3486 1631 eam
3509 1594 3529 1642 ,°

1952 1688 2087 1727 sana
2119 1671 2454 1724 contritiones
2475 1671 2611 1741 ejus,
2643 1670 2768 1739 quia
2796 1678 3053 1722 commota
3083 1678 3177 1722 est.

2025 1760 2333 1817 Commovit
2384 1769 2588 1815 terram
2624 1767 2869 1814 nostram
2905 1775 2968 1813 ac
3026 1757 3379 1813 conturbavit
3413 1756 3531 1828 (cor

1956 1850 2209 1921 scilicet),
2237 1850 2418 1905 dando
2435 1850 2596 1907 nobis
2612 1850 2853 1921 gladium
2882 1849 3109 1919 spiritus
3133 1850 3173 1913 ³,
3196 1849 3290 1919 qui
3314 1849 3366 1903 id
3383 1848 3532 1917 quod

1956 1941 2202 1997 deterius
2229 1957 2293 1995 ac
2316 1941 2436 1996 vitii
2472 1951 2580 2007 est,
2610 1941 2679 1996 ab
2706 1955 2775 1995 eo
2800 1940 2948 2010 quod
2984 1939 3335 2009 praastantius
3365 1947 3532 2008 atque

1954 2033 2174 2088 virtutis
2197 2033 2474 2099 sapienter
2497 2033 2795 2102 dispescat,
2843 2032 3129 2102 legemque
3176 2031 3405 2101 spiritus
3431 2030 3532 2084 ad;-

1955 2140 2150 2180 versus
2172 2125 2347 2195 legem
2374 2124 2559 2180 carnis
2577 2122 2898 2185 exsuscitet,
2927 2138 2991 2176 ac
3021 2122 3245 2193 dignum
3270 2121 3432 2176 laude
3474 2119 3532 2174 in

1957 2216 2119 2271 nobis
2146 2216 2411 2271 adversus
2432 2214 2566 2269 vitia
2592 2229 2657 2270 ac
2688 2214 3136 2285 perturbationes
3164 2214 3369 2267 bellum
3404 2228 3535 2266 con-

1957 2308 2082 2373 lict;
2114 2307 2565 2377 cohaerentesque
2609 2306 2878 2377 ejusmodi
2911 2307 3144 2361 all‘ectus
3177 2321 3241 2360 ac
3275 2304 3536 2360 libidines

1955 2399 2121 2470 338
2154 2398 2452 2461 concutiat,
2482 2411 2585 2451 nec
2626 2411 2736 2451 non
2762 2396 3183 2461 conscientiam,
3218 2411 3320 2466 pro
3368 2410 3536 2449 oceu-

1956 2499 2082 2560 pata
2107 2488 2386 2558 opinione,
2412 2486 2776 2542 absurdarum
2820 2502 2885 2541 ac
2931 2487 3278 2557 impurarum
3322 2499 3536 2539 memo-

1957 2596 2072 2635 rem
2107 2580 2524 2651 cogitationum,
2554 2578 2867 2633 conturbet.
2900 2578 3068 2633 Sanat
3088 2588 3270 2633 autem
3297 2594 3394 2648 per
3424 2576 3535 2645 spi-

1957 2671 2195 2734 ritalem,
2220 2670 2395 2741 gratia
2428 2677 2677 2731 auctore,
2708 2670 3207 2740 regenerationem,
3250 2668 3539 2724 contritio-

1958 2775 2057 2814 nes
2104 2759 2288 2814 cordis
2330 2757 2526 2822 nostri,
2562 2772 2700 2827 quas
2736 2758 2850 2828 jam
2885 2758 3065 2821 initio,
3095 2756 3537 2829 perinobedien-

1959 2851 2091 2905 tiam
2118 2860 2384 2917 emotum,
2431 2849 2673 2905 mandati
2702 2850 2758 2904 in
2786 2849 3043 2920 paradiso
3079 2848 3535 2920 transgressione,

1958 2941 2244 2996 sustinuit.

2028 3034 2192 3087 Vens.
2225 3034 2337 3088 5-7.
2379 3032 2666 3088 Ostendisti
2695 3030 2887 3101 populo
2915 3039 3003 3086 tuo
3029 3032 3198 3097 dura;
3229 3033 3423 3102 potasti
3445 3048 3538 3086 nos

1960 3128 2079 3181 vino
2101 3127 2533 3197 compnnctionis.
2571 3121 2775 3178 Dedisti
2802 3125 3147 3179 metuentibus
3193 3132 3243 3178 te
3272 3122 3542 3195 signiﬁca-

274 3215 639 3284 σημείωσιν,
677 3212 784 3269 τοῦ
837 3211 1049 3281 φυγεῖν
1095 3211 1214 3267 ἀπὸ
1274 3211 1597 3280 προσώπου
1639 3213 1819 3278 τόξου
1842 3225 1859 3242 ⁸

1968 3219 2183 3282 tionem,
2211 3228 2269 3272 ut
2289 3218 2497 3289 fugiant
2519 3234 2551 3271 a
2576 3214 2710 3285 facie
2735 3230 2922 3281 arcus;
2944 3224 3003 3269 ut
3029 3214 3314 3269 liberentur
3342 3216 3544 3270 charis-

278 3307 451 3373 ὅπως
475 3304 554 3362 ἂν
576 3302 892 3373 ῥυσθῶσιν
915 3306 969 3358 οὶ
995 3303 1293 3375 ἀγαπητοί
1315 3318 1454 3362 σου.

357 3397 607 3452 Δεικνὺει
635 3394 848 3467 σκληρὰ
888 3397 1001 3458 τοῖς
1042 3394 1399 3464 φοϐουμένοις
1448 3392 1609 3448 αὑτὸν
1641 3394 1729 3448 διὰ
1757 3395 1865 3449 τῶν

216 3507 226 3517 ’
279 3488 520 3545 ἐντολῶν
544 3488 571 3541 ὁ
602 3487 757 3552 Θεὸς,
787 3485 928 3539 κατὰ
977 3485 1076 3556 τὴν
1134 3485 1445 3556 πρακτικὴν
1503 3486 1863 3554 φιλοσοφίανο

279 3583 419 3646 τοὺς
447 3581 681 3652 τρόπους
713 3579 812 3647 τῆς
851 3577 945 3632 τοῦ
983 3577 1234 3650 σώματος
1272 3576 1593 3648 νεκρώσεως
1622 3578 1868 3632 ὑποτιθέ-

285 3690 459 3746 μενος
493 3688 507 3703 ’
539 3672 570 3743 ἢ
604 3670 1042 3733 τοὺναντίον,διά
1063 3670 1162 3741 τῆς
1195 3668 1451 3738 ποικίλης
1479 3669 1737 3740 προνοίας
1773 3670 1868 3723 καὶ

283 3784 356 3843 κς,
368 3766 550 3825 ἕξεως,
573 3761 969 3839 φιλανθρώπως
993 3762 1130 3833 πρὸς
1158 3761 1221 3814 τὸ
1263 3760 1545 3830 συμφέρον
1601 3759 1869 3813 παιδεύων

281 3866 464 3935 ἡμᾶς,
494 3866 621 3926 τοὺς
654 3863 728 3931 μὴ
758 3853 903 3913 καιά
923 3853 1143 3930 θέλησιν
1176 3851 1539 3927 ἀνεχομένους
1592 3851 1683 3908 τὸν
1727 3851 1870 3908 θεῖον

285 3957 459 4023 ζυγὸν
492 3953 748 4006 ὑπελθεῖν
789 3950 884 4004 τοῦ
919 3950 1085 4021 νόμου
1120 3949 1230 4002 τῶν
1277 3946 1529 4001 ἐντολῶν.
1570 3946 1787 4011 Ποτίζει
1812 3948 1871 3999 δὲ

286 4045 434 4102 οἶνον
459 4042 827 4111 κατανύξεως,
868 4042 1037 4113 ἢγουν
1070 4040 1168 4112 τὴν
1222 4040 1497 4111 ἑπομένην
1527 4042 1593 4110 τῇ
1634 4038 1723 4093 διὰ
1771 4037 1873 4109 τῆς

290 4139 611 4212 πρακτικῆς
636 4135 903 4207 καθάρσει
931 4134 1073 4187 κατὰ
1098 4133 1197 4202 τὴν
1226 4130 1609 4201 πνευματικὴν
1636 4128 1873 4201 θεωρίαν

291 4230 658 4305 χαριζόμενος
693 4227 895 4297 γνῶσιν
923 4241 939 4258 ο
974 4225 1127 4278 πᾶσα
1165 4223 1274 4294 γὰρ
1300 4222 1504 4291 γνῶσις
1529 4218 1874 4291 πνευματικὴ

293 4322 640 4379 κατανύσσει
693 4320 792 4390 τὴν
833 4318 1081 4390 καρδίαν,
1116 4318 1195 4381 είς
1256 4313 1612 4385 συναίσθησιν
1666 4312 1876 4381 ἄγουσα

292 4416 393 4477 τοῦ
418 4415 681 4488 μεγέθους
702 4413 811 4466 τῶν
840 4410 926 4482 ἐφ’
960 4412 1091 4483 ἡμῖν
1117 4408 1280 4464 θείων
1307 4406 1661 4479 εὐεργεσιῶν.

1968 3311 2089 3363 simi
2122 3312 2216 3364 tui.

2034 3400 2287 3457 Ostendit
2319 3402 2466 3458 Deus
2513 3404 2625 3471 his,
2655 3407 2749 3476 qui
2786 3407 2965 3476 ipsum
3012 3406 3288 3463 metuunt,
3315 3397 3544 3453 manda-

1966 3498 2147 3545 torum
2189 3492 2400 3546 ratione
2429 3492 2589 3557 dura,
2619 3510 2718 3564 per
2748 3508 2867 3548 eam
2888 3486 3250 3561 philosophize
3282 3494 3492 3555 partem
3526 3523 3541 3547 ,

1965 3599 2087 3653 quae
2116 3584 2387 3639 actionem
2438 3585 2590 3650 colit,
2637 3583 2888 3655 corporis
2932 3578 3300 3636 mortiﬁeandi
3352 3575 3546 3631 modos

1967 3673 2301 3729 documento
2348 3676 2607 3742 tradens;
2639 3677 2722 3731 vel
2757 3691 2788 3731 e
2817 3682 3028 3737 contra,
3073 3669 3440 3743 providentiae
3479 3682 3545 3722 ac

1963 3766 2157 3839 judieii
2181 3767 2350 3822 variis
2368 3769 2677 3825 rationibus
2700 3786 2798 3840 per
2822 3781 3093 3825 summam
3124 3762 3543 3834 benignitatem,

1969 3857 2112 3917 adid
2137 3858 2282 3932 quod
2326 3858 2621 3929 conducat,
2672 3877 2773 3920 nos
2806 3858 3089 3924 erudiens,
3148 3855 3244 3929 qui
3296 3852 3545 3911 divinum

1970 3954 2107 4025 legis
2135 3954 2513 4009 mandatorum
2551 3957 2765 4026 jugum,
2797 3954 2901 4026 ipsi
2946 3960 3143 4023 sponte
3175 3964 3240 4004 ac
3266 3948 3548 4001 voluntate

1970 4043 2116 4100 ferre
2144 4060 2480 4101 recusamus.
2508 4046 2667 4101 Potat
2687 4056 2872 4102 autem
2900 4060 2999 4099 nos
3018 4043 3151 4097 vino
3170 4036 3549 4108 compunctio—

1970 4135 2059 4191 nis
2102 4152 2116 4189 :
2151 4134 2283 4190 dum
2314 4135 2529 4191 scilicet
2559 4150 2704 4201 eam,
2735 4152 2858 4207 qua:
2880 4133 3115 4191 actionis
3148 4131 3302 4209 cultu
3337 4136 3548 4198 partam

1973 4226 2223 4296 sequitur
2275 4228 2761 4293 emundationem,
2818 4225 3053 4297 spiritali
3089 4220 3551 4291 contemplatione

1972 4315 2203 4386 largitur
2221 4316 2529 4372 scientiam.
2557 4315 2751 4373 Omnis
2773 4316 2925 4371 enim
2957 4312 3209 4376 scientia,
3235 4309 3547 4365 divinorum

1976 4407 2032 4462 in
2054 4422 2157 4462 nos
2184 4406 2581 4463 beneﬁciorum
2604 4404 3007 4477 magnitudinis
3024 4417 3248 4460 sensum
3267 4401 3548 4470 ingerens,

1976 4494 2220 4549 animum
2248 4493 2588 4564 compungit.

371 4593 567 4647 Δίδωσι
594 4591 652 4646 δὲ
676 4592 789 4655 τοῖς
820 4587 1181 4659 φοϐουμένοις
1223 4585 1389 4640 αὐτὸν
1420 4582 1744 4655 σημείωσιν,
1778 4583 1863 4636 τοῦ

2046 4584 2149 4639 Dat
2166 4591 2350 4639 autem
2373 4584 2460 4639 his
2486 4584 2581 4654 qui
2597 4582 2775 4653 ipsum
2797 4589 3052 4637 metuunt
3070 4577 3549 4651 signiﬁcationem,

298 4687 490 4762 φυγεῖν
519 4683 629 4737 άπὸ
651 4680 948 4751 προσώπου
985 4679 1139 4744 τόξου
1166 4694 1181 4708 ·
1206 4677 1309 4748 τὴν
1334 4676 1604 4747 νέκρωσιν
1630 4675 1728 4729 τοῦ
1765 4676 1874 4762 Ϊιη-

299 4760 397 4827 σοῦ
428 4790 443 4803 ο
476 4772 535 4825 έν
559 4768 636 4841 τῷ
662 4769 873 4841 σώματι
899 4766 1217 4839 περιφέρειν
1235 4764 1507 4819 διδάσκων
1528 4761 1655 4825 τοὺς
1679 4760 1875 4830 φοὸου-

302 4866 501 4937 μένους
535 4862 698 4918 αὐτόν
724 4878 739 4893 θ
766 4860 890 4915 καθ’
920 4861 987 4931 ἢν
1020 4859 1055 4929 ή
1119 4856 1389 4928 παντελὴς
1440 4854 1541 4925 τῆς
1598 4851 1875 4923 ἁμαρτίας

298 4957 547 5028 ἀπραξία
612 4949 1258 5023 συνέστηκε.Σημείωσις
1317 4947 1427 5018 γὰρ
1477 4945 1760 5018 άληθὴς,ή
1788 4944 1877 4998 διὰ

300 5046 541 5115 σταυροῦ
571 5045 840 5111 νεκροῦσα
865 5043 927 5097 τὸ
949 5043 1205 5113 φρόνημα
1238 5041 1338 5111 τῆς
1373 5039 1573 5111 σαρκὸς
1601 5036 1875 5107 καθέστη-

300 5157 366 5194 κε
389 5138 640 5207 δύναμις.
667 5135 821 5204 Πρὸς
848 5134 913 5188 τὸ
945 5131 1159 5203 φυγεῖν
1178 5130 1295 5186 ἀπὸ
1322 5130 1648 5199 προσώπου
1674 5128 1875 5193 τόξου·

301 5230 607 5294 τουτέστιν,
652 5226 760 5281 άπὸ
787 5225 888 5296 τῆς
918 5222 1326 5295 ἐμφαινομένης
1352 5224 1464 5285 τοῖς
1482 5217 1633 5275 οὖσιν
1660 5222 1877 5293 ἀπατη-

301 5324 400 5393 λῆς
423 5319 762 5389 ἐπιφανείας.
794 5315 1091 5387 Πρόσωπον
1121 5314 1228 5383 γὰρ
1250 5312 1427 5377 τόξου,
1462 5312 1605 5383 φημὶ
1639 5311 1697 5364 δὲ
1742 5312 1874 5365 ἑκά-

307 5431 435 5467 στου
460 5408 841 5480 δαιμονιώδους
863 5405 1089 5469 πάθους,
1118 5406 1151 5476 ἡ
1173 5405 1271 5474 τὴν
1287 5404 1538 5474 αἴσθησιν
1561 5402 1881 5475 ὲρεθίζουσα

305 5504 415 5557 τῶν
483 5500 749 5571 σωμάτων
802 5497 952 5551 ἐστὶν
1014 5495 1326 5563 ἐπιφάνεια,
1350 5494 1600 5564 καθάπερ
1641 5494 1766 5556 άκὶς
1789 5492 1880 5563 βέ-

310 5596 435 5657 λους
462 5593 561 5663 τὴν
591 5589 843 5660 αἴσθησιν
867 5586 1268 5658 τιτρώσκουσα,
1303 5586 1396 5638 καὶ
1426 5584 1563 5656 πρὸς
1609 5584 1678 5637 τὰ
1734 5585 1881 5656 πάθη

310 5686 413 5757 τὴν
438 5682 616 5755 ψυχὴν
641 5680 904 5752 ἀπρεπῶς
924 5676 1314 5748 διερεθίζουσα.
1353 5676 1553 5747 Διόπερ
1582 5675 1689 5731 ἀπὸ
1713 5693 1881 5747 προσ-

386 5875 406 5908 ³
434 5873 603 5930 llebr.
628 5889 701 5941 tv,
736 5872 823 5929 l2.
897 5871 916 5902 ⁸
948 5870 991 5927 ll
1020 5869 1146 5925 Cor.
1178 5883 1249 5936 nr,
1277 5866 1363 5922 10.

1980 4683 2041 4731 ut
2074 4674 2285 4746 fugiant
2309 4690 2340 4730 a
2370 4674 2508 4730 faeie
2541 4690 2724 4739 arcus,
2775 4673 2982 4729 docens
3024 4688 3121 4727 eos
3151 4680 3214 4726 ut
3250 4666 3573 4724 mortiﬁca-'

1977 4767 2185 4823 tionem
2216 4765 2345 4822 Jesu
2399 4766 2454 4821 in
2504 4781 2736 4836 corpore
2790 4781 2892 4821 suo
2931 4761 3396 4825 eircuml’erant‘,
3446 4776 3556 4830 qua

1978 4865 2264 4928 peceatum
2322 4856 2548 4912 omnino
2593 4856 2758 4913 otiari
2816 4865 2982 4926 atque
3031 4870 3225 4910 vacare
3262 4851 3551 4921 contingit.

1979 4950 2120 5006 Vera
2143 4950 2291 5005 enim
2315 4948 2645 5019 signiﬁcatio
2660 4958 2765 5012 est,
2799 4948 2884 5002 vis
2916 4963 3003 5011 ea,
3047 4960 3170 5017 qua:
3210 4959 3308 5013 per
3334 4955 3556 4995 crucem

1980 5040 2162 5097 carnis
2203 5056 2427 5097 sensum
2467 5041 2793 5111 exstinguit.
2828 5041 2890 5096 Ut
2918 5040 3123 5110 fugiant
3145 5056 3179 5091 a
3202 5036 3335 5106 facie
3361 5049 3514 5087 arcus
3540 5048 3559 5096 ,-

1979 5134 2218 5197 hoe-est,
2256 5133 2324 5187 ab
2345 5142 2571 5188 externa
2608 5147 2795 5187 rerum
2848 5132 3054 5201 specie.
3085 5131 3262 5185 Arcus
3290 5130 3439 5186 enim
3482 5128 3561 5182 fa-

1978 5226 2093 5281 cies
2111 5225 2399 5297 (eujusque
2416 5225 2625 5280 scilicet
2643 5223 2965 5280 daemoniaci
2982 5222 3212 5279 ati‘eetus
3232 5231 3397 5292 atque
3414 5220 3559 5290 vitii)

1980 5325 2205 5372 externa
2228 5317 2317 5371 illa
2346 5331 2643 5387 corporum
2673 5315 2888 5385 species
2911 5322 3014 5379 est,
3048 5329 3171 5383 quae
3198 5327 3419 5368 sensum
3453 5311 3561 5365 illi-

1981 5408 2076 5472 eit,
2112 5423 2175 5463 ae
2199 5408 2349 5463 velut
2379 5422 2609 5463 acumen
2642 5422 2774 5465 acus
2802 5406 3004 5461 vulnus
3035 5404 3308 5475 inﬂigens,
3341 5402 3411 5457 ad
3425 5402 3559 5457 vitia

1982 5496 2218 5566 turpiter
2245 5496 2487 5550 animum
2522 5495 2781 5551 illecebra
2806 5495 3009 5561 trahit.
3045 5493 3387 5565 Fugiendum
3449 5491 3559 5545 ita-

1983 5603 2091 5658 que
2118 5603 2146 5641 a
2178 5587 2317 5642 facie
2361 5602 2526 5641 arcus
2574 5596 2763 5642 monet
2814 5586 3123 5655 Scriptura,
3176 5584 3263 5638 his
3314 5581 3410 5652 qui
3439 5595 3557 5634 me-

1988 5687 2143 5735 tuant
2176 5679 2468 5735 Dominum
2494 5695 2508 5745 ;
2539 5686 2592 5733 at
2636 5694 2745 5733 non
2781 5679 2849 5734 ab
2876 5693 3026 5734 arcu.
3066 5675 3279 5732 Peccati
3326 5686 3561 5743 namque
