4082 6454
278 364 379 428 865

1338 354 1745 416 EXPOSITIO
1786 355 1865 415 IN
1903 354 2259 418 PSAI.MUM
2299 357 2449 418 LIX.

3456 364 3561 426 866

280 472 516 544 ὑπάρχει
587 470 684 525 καὶ
743 468 1083 541 πρόσκαιρος
1114 466 1336 539 σκηνῶν
1358 466 1521 536 δίκην
1553 466 1587 537 ἠ
1620 463 1873 536 παροῦσα

1980 464 2121 519 nihil
2146 475 2411 521 constans
2438 480 2501 520 ac
2533 464 2636 520 ﬁxa
2663 472 3131 537 temperancaque
3162 481 3409 538 praesens
3449 470 3561 525 vita

278 565 409 635 ζωή·

348 657 420 709 Ἦ
449 653 615 710 πάλιν
650 654 860 725 Σκηναὶ
881 652 1248 724 τυγχάνουσιν
1281 652 1382 723 τῆς
1429 649 1716 721 παρούσης
1752 666 1871 703 κοι-

276 749 455 813 λάδος,
506 749 559 800 οί
581 746 692 801 τῶν
720 746 937 818 ἀρετῶν
960 746 1175 817 τρόποι,
1198 743 1293 809 οὒς
1322 745 1522 814 διαιρεί
1553 741 1872 812 γνωστικῶς

275 843 388 901 τοῖς
414 838 849 909 διδασκομένοις,
881 838 1019 908 πρὸς
1050 836 1152 908 τὴν
1179 836 1414 889 ἑκάστου
1454 835 1568 901 ἕξιν
1600 832 1871 903 κατάλλη-

277 935 365 986 λον
420 932 597 994 διδοὺς
644 929 871 1002 ἀγωγὴν
904 929 1002 984 καὶ
1033 927 1429 1001 προσφυλακὴν
1462 922 1869 998 [προφυλακὴν]

274 1025 383 1078 τῶν
414 1023 641 1095 τιμίων,
678 1025 710 1077 δ
738 1022 1024 1094 διανέμειν
1048 1021 1205 1086 εἰδὼς
1226 1022 1444 1092 ἑκάστῳ
1465 1018 1557 1072 διὰ
1576 1021 1676 1089 τῆς
1696 1015 1873 1086 καλῆς

274 1117 631 1181 διδασκαλίας
658 1115 759 1188 τὴν
789 1116 1146 1188 ἁρμόζουσαν
1178 1114 1317 1187 πρὸς
1352 1112 1628 1184 σωτηρίαν
1657 1109 1798 1165 ὀδόν.

360 1292 438 1345 Ἦ
482 1292 688 1362 Σκηναὶ
742 1289 993 1353 κοιλάδας
1034 1282 1400 1361 ὑπάρχουσιν,
1439 1285 1609 1344 atate.
1632 1283 1871 1356 Χριστοῦ

278 1384 377 1440 τοῦ
408 1384 667 1454 Σωτῆρος
691 1383 851 1456 ἡμῶν
888 1382 1026 1436 Θεοῦ
1061 1385 1324 1453 παγεῖσαι
1358 1380 1503 1438 κατὰ
1552 1380 1735 1433 πᾶσαν
1774 1378 1872 1449 τὴν

274 1479 609 1549 οἰκουμένην
665 1476 775 1531 τῶν
827 1475 1241 1532 πιστευσάντων
1279 1474 1450 1530 ὲθνῶν
1518 1470 1868 1541 Ἐκκλησίαν

274 1568 307 1622 δ
361 1568 463 1623 καὶ
529 1566 733 1637 μᾶλλον
756 1608 773 1634 ,
827 1565 904 1631 ὡς
947 1561 1125 1637 οἶμαι,
1177 1565 1287 1618 τῶν
1342 1562 1518 1619 ἄλλων
1568 1560 1717 1615 ἐστὶν
1753 1561 1873 1617 ἑπι-

278 1659 641 1731 φανέστερον.

198 1782 203 1787 >
360 1753 435 1805 Ἦ
466 1751 655 1817 πάλιν,
680 1750 904 1805 κοιλάδα
953 1750 1180 1821 Σκηνῶν
1232 1749 1534 1819 διαμετρεῖ,
1562 1747 1591 1799 ὁ
1647 1745 1740 1801 τὸν
1782 1745 1875 1799 κό-

1976 557 2462 612 tabernaculorum
2496 574 2649 614 more
2671 558 2877 629 agitur.

2042 649 2686 711 Autrursus,eonval|is
2747 650 2913 721 hujus
2972 649 3350 704 Tabernacula
3409 657 3560 713 sunt,

1973 737 2244 795 virtutum
2276 742 2449 807 modi,
2494 758 2635 812 quos
2663 742 2945 813 sapienter
2972 757 3036 796 ac
3086 742 3224 797 scite
3274 742 3564 812 discipulis

1972 834 2194 898 dividit,
2228 835 2346 904 qui,
2371 850 2471 905 pro
2494 849 2563 889 eo
2608 850 2673 888 ac
2729 834 2966 904 quisque
3016 833 3209 888 habitu
3259 833 3562 903 dispositus

1972 933 2078 990 est,
2107 925 2272 997 340
2303 925 2725 980 convenientem
2754 924 3104 995 disciplinam
3148 924 3423 996 praebens,
3457 924 3559 981 do-

1972 1015 2171 1086 nisque
2221 1031 2287 1070 ac
2339 1015 2639 1071 virtutibus
2690 1030 2913 1078 cavens,
2980 1015 3123 1070 bene
3174 1022 3409 1085 apteque
3465 1016 3563 1069 do-

1972 1104 2172 1170 cendo,
2194 1121 2317 1175 qua:
2336 1106 2537 1177 cuique
2566 1115 2836 1177 congruat
2857 1105 2925 1160 ad
2953 1106 3209 1169 salutem,
3232 1106 3378 1160 viam
3409 1108 3563 1162 novit

1971 1198 2278 1269 assignare.

2043 1288 2154 1344 Aut
2190 1289 2465 1346 convallis
2491 1286 2874 1347 Tabernaeula
2904 1300 3069 1357 sunt,
3102 1306 3227 1361 qua:
3256 1300 3369 1346 toto
3393 1300 3563 1345 terra-

1973 1396 2097 1436 rum
2128 1382 2264 1438 orbe
2291 1397 2390 1452 per
2408 1381 2693 1438 Christum
2722 1382 3064 1440 Salvatorem
3100 1392 3354 1438 nostrum
3388 1383 3562 1437 Deum

1973 1482 2177 1529 erectae
2233 1483 2365 1529 sunt
2416 1475 2659 1530 ﬁdelium
2732 1475 2979 1546 gentium
3044 1475 3355 1530 Ecclesiae:
3414 1474 3562 1545 quod

1974 1560 2145 1616 etiam
2174 1602 2191 1627 ,
2240 1572 2377 1632 puto
2414 1606 2429 1630 ,
2484 1562 2717 1633 reliquis
2760 1563 3114 1619 manifestius
3167 1579 3233 1619 ac
3288 1564 3565 1619 illustrius

1972 1662 2073 1709 est.

2045 1746 2155 1801 Aut
2183 1762 2377 1803 rursus
2405 1746 2709 1802 convallem
2752 1747 3260 1804 Tabernaeulorum
3311 1748 3562 1815 metitur,

280 1857 421 1911 σμον
449 1841 561 1894 τῶν
602 1840 875 1911 σωμάτων
898 1840 1154 1911 καθάπερ
1178 1839 1398 1893 κοιλάδα
1428 1836 1650 1908 Σκηνῶν
1671 1835 1868 1905 γνώσει

1978 1840 2071 1909 qui
2108 1840 2375 1894 mundum
2408 1855 2704 1910 corporum
2733 1841 2885 1895 velut
2922 1841 3228 1895 convallem
3284 1839 3565 1895 Taberna-

279 1933 735 2003 περιλαμὸάνων.
774 1932 1013 2002 iniit-oc
1040 1933 1148 2007 γὰρ
1179 1931 1450 2004 πολλαχοῦ
1496 1932 1594 2004 τῆς
1619 1930 1865 2003 Γραφῆς,

281 2026 345 2079 τὸ
372 2025 539 2097 σῶμα
564 2025 1011 2097 προσηγορεύθη.

362 2197 540 2267 ἐμός
596 2196 730 2252 ἐστι
786 2194 1057 2260 Γαλαὰδ,
1088 2194 1188 2248 καί
1240 2194 1384 2265 ἐμός
1437 2192 1569 2247 ἐστι
1623 2195 1873 2247 Μανασ-

278 2287 427 2359 σῆς,
479 2290 583 2344 καὶ
645 2289 892 2360 Ἑφραῒμ
946 2288 1307 2358 κραταίωσις
1339 2286 1402 2356 (f)
1435 2284 1547 2355 τῆς
1598 2284 1874 2355 κεφαλῆς

274 2399 419 2453 μου.

351 2473 575 2529 Γαλαὰδ
601 2472 740 2529 κατὰ
758 2472 992 2547 μίανέπὶ
1008 2471 1084 2545 τῷ
1099 2472 1324 2542 ὀνόματι
1343 2471 1516 2539 τούτῳ
1540 2469 1871 2543 ἐρμηνειῶν,

283 2565 437 2618 ἐστὶν
452 2564 867 2633 ἀποκάλυψις.
894 2564 1193 2635 Μανασσῆς
1204 2563 1283 2630 δὲ,
1304 2562 1669 2635 ἑρμηνεύεται
1689 2561 1869 2631 λήθη.

291 2656 670 2726 Ἀποκάλυψις
691 2656 749 2710 δὲ
795 2656 891 2711 καὶ
922 2656 1060 2727 λήθη
1095 2655 1321 2719 εἰκότως
1365 2656 1755 2726 προσγίνονται
1797 2653 1874 2708 δι-

276 2749 429 2819 καίῳ
457 2765 472 2779 ο
518 2748 851 2819 λαμὸάνοντι
884 2747 984 2820 μὲν
1014 2749 1103 2802 διὰ
1135 2748 1372 2819 θεωρίας
1405 2747 1515 2801 τῶν
1540 2748 1873 2817 ἀπορρήτων

274 2842 382 2913 τὴν
410 2841 616 2913 μύησιν
632 2858 647 2874 ο
678 2842 787 2896 τῶν
806 2842 865 2897 δὲ
880 2843 1001 2897 κατ’
1021 2842 1222 2914 ἀρετὴν
1242 2842 1418 2896 πόνων
1436 2841 1536 2913 τὴν
1566 2840 1756 2913 λήθην,
1785 2839 1874 2893 διὰ

275 2933 380 3003 τὴν
412 2932 809 3005 διαδεχομένην
839 2934 965 2996 τοὺς
987 2932 1184 2996 πόνους
1221 2932 1331 2985 τῶν
1356 2930 1570 3004 ἀρετῶν
1606 2927 1875 3001 εὐφροσύ-

276 3041 379 3095 νην
402 3024 506 3095 τῆς
533 3023 917 3095 πνευματικῆς
946 3023 1199 3097 θεωρίας.
1236 3022 1475 3092 Ἐφραῒμ
1494 3022 1550 3076 δὲ
1573 3020 1872 3093 ἑρμηνεύε-

274 3135 375 3171 ται
427 3117 789 3187 κλατυσμός
816 3131 833 3149 ⁶
867 3118 1005 3189 ὅπερ
1035 3119 1183 3171 ἐστὶν
1209 3118 1244 3186 ἡ
1273 3116 1415 3170 κατὰ
1446 3115 1628 3169 πίστιν
1651 3114 1741 3167 ἐπὶ
1756 3115 1869 3178 τοῖς

852 3169 1331 3275 άπτωτος-ὲλπίςο
1362 3209 1485 3280 ἦτις
1518 3207 1666 3262 ἐστὶν
1706 3169 1871 3261 ἁντιί
1899 3169 1946 3231 c

276 3304 480 3371 ληψις
519 3301 619 3371 τῆς
643 3300 883 3372 κεφαλῆς
914 3299 1009 3357 τοῦ
1043 3301 1252 3355 δικαίου
1274 3315 1287 3329 ·
1321 3298 1606 3364 τουτέστι,
1631 3298 1729 3369 τῆς
1784 3297 1876 3350 πί-

279 3411 482 3454 στεως.
524 3392 731 3456 Παντὸς
804 3393 902 3464 γὰρ
970 3391 1184 3446 δικαίου
1219 3390 1429 3463 κεφαλὴ
1459 3391 1493 3461 ἡ
1525 3389 1710 3453 πίστις
1734 3388 1873 3453 ἐστὶ,

278 3487 380 3539 καὶ
438 3484 641 3548 παντὸς
680 3483 844 3555 έργου
886 3482 1115 3553 ἀγαθοῦ.
1154 3484 1507 3555 Κραταίωσις
1561 3481 1619 3536 δὲ
1671 3481 1875 3553 ταύτης

280 3578 636 3648 καθέστηκεν
688 3576 961 3647 ἀσφαλὴς,
1012 3578 1045 3646 ἠ
1098 3577 1207 3630 τῶν
1277 3576 1580 3648 μελλόντων
1655 3575 1876 3646 ἀγαθῶν

278 3669 632 3731 ἀδιάπτωτος
658 3667 815 3731 έλπίς
847 3681 861 3697 ⁸
896 3665 1015 3719 καθ’
1044 3667 1111 3738 ην
1136 3666 1213 3731 ὡς
1238 3666 1483 3739 παρόντα
1520 3667 1589 3720 τά
1614 3666 1876 3739 μέλλοντα

280 3757 623 3831 θεωροῦντες
642 3800 657 3825 ,
695 3755 1156 3829 ὲμπλατυνὸμεθα
1182 3761 1302 3824 ταῖς
1332 3758 1576 3830 θλίψεσιν
1600 3794 1618 3825 ,
1676 3758 1879 3814 ἀκατά-

280 3868 495 3908 πτωτοι
528 3852 587 3906 ὲν
617 3853 730 3915 τοῖς
756 3853 1086 3922 πειρασμοῖς
1112 3850 1477 3924 διαμένοντες.

374 4032 601 4099 Ἰούδας
622 4033 925 4100 ,ϐασιλεύς
958 4049 1099 4103 μου,
1134 4031 1316 4087 Μωὰϐ
1344 4032 1527 4101 λέϐης
1557 4031 1672 4103 τῆς
1701 4032 1875 4088 ἐλπί-

285 4124 397 4192 δος
428 4141 572 4194 μου.

374 4216 577 4280 Ἰούδας
619 4216 1059 4287 ἐξομολόγησις
1100 4215 1481 4287 ἑρμηνεύεται.
1540 4217 1733 4287 Ἀρχει
1767 4216 1879 4287 γὰρ

286 4298 339 4380 ἦ
357 4308 426 4363 δι’
458 4307 635 4379 εὐχῶν
662 4309 1053 4381 ἐξομολόγησις
1084 4309 1144 4363 ὲν
1166 4311 1280 4372 τοῖς
1306 4308 1483 4377 ἁγίοις
1515 4308 1719 4371 παντὸς
1738 4309 1879 4376 ἁγα-

287 4401 409 4456 θοῦ.
438 4400 672 4454 Δύναται
710 4401 767 4455 δὶ
797 4402 1056 4474 νοηθῆναι
1086 4402 1181 4457 καὶ
1205 4402 1287 4466 είς
1311 4400 1404 4455 τὸν
1444 4399 1652 4472 Κύριον
1678 4402 1706 4453 ὀ
1742 4400 1877 4455 Ἰούο

1976 1933 2232 1989 culorum
2257 1932 2570 2004 cognitione
2592 1934 2937 2003 scientiaque
2958 1933 3368 2003 complectitur.
3426 1931 3557 1987 Cor-

1975 2040 2079 2095 pus
2110 2025 2258 2079 enim
2286 2040 2397 2078 non
2430 2040 2541 2079 uno
2588 2024 2712 2079 loco
2763 2023 3085 2095 Scripturae,
3139 2022 3563 2077 Tabernaculnm

1972 2122 2059 2170 est
2082 2114 2441 2184 appellatum.

2046 2207 2210 2262 Vitas.
2243 2206 2295 2261 9.
2332 2206 2480 2261 Meus
2502 2215 2579 2261 est
2604 2204 2839 2273 Galaad,
2870 2216 2919 2261 et
2948 2222 3093 2261 meus
3126 2215 3203 2260 est
3243 2207 3518 2262 Manasses
3541 2221 3564 2261 :

1973 2306 2024 2351 et
2049 2297 2310 2368 Ephraim
2331 2297 2588 2367 fortitudo
2622 2298 2810 2368 capitis
2837 2298 2961 2352 mei.

2044 2474 2270 2541 Galaad,
2290 2475 2446 2549 juxta
2470 2490 2635 2531 unam
2665 2475 2831 2549 hujus
2858 2475 3103 2532 nominis
3149 2476 3566 2548 interpretatio-

1974 2582 2123 2631 nem,
2153 2566 2411 2621 revelatio
2435 2577 2520 2623 cst
2550 2584 2563 2621 :
2589 2567 2837 2623 Manasse
2869 2575 3077 2633 autem,
3100 2567 3147 2622 si
3171 2583 3373 2623 nomen
3397 2569 3566 2624 inter-

1973 2658 2233 2729 preteris,
2260 2658 2573 2714 oblivionem
2596 2667 2777 2715 sonat.
2818 2658 3015 2714 Merito
3049 2668 3233 2714 autem
3297 2660 3568 2715 revelatio

1973 2764 2039 2805 ac
2070 2749 2277 2805 oblivio
2304 2750 2457 2821 justo
2489 2750 2840 2821 contingunt,
2894 2750 2990 2825 qui
3043 2765 3241 2821 nempe
3284 2765 3385 2821 per
3436 2767 3569 2806 con-

1974 2840 2387 2912 templationem
2410 2856 2609 2896 arcana
2641 2841 2928 2910 doceatur,
2948 2841 3283 2912 virtutisque
3312 2842 3565 2897 laborum

1972 2933 2353 2999 obliviscatur,
2377 2948 2479 3004 per
2507 2949 2629 2989 eam
2651 2950 2775 3004 qua:
2800 2934 3071 2990 virtutum
3103 2934 3414 2998 laboribus,
3447 2935 3565 3004 spi-

1973 3025 2151 3081 ritalis
2166 3025 2650 3095 contemplationis
2666 3026 2988 3096 jucunditas
3013 3026 3282 3082 succedit.
3302 3026 3566 3096 Ephraim

1974 3117 2237 3188 denique,
2270 3117 2315 3172 si
2348 3132 2550 3173 nomen
2573 3117 2978 3188 interpreteris,
3001 3117 3372 3172 dilatationem
3400 3118 3569 3185 signi-

1980 3206 2129 3271 ﬁcat,
2164 3207 2313 3278 quod
2344 3217 2429 3261 est
2453 3215 2606 3263 certa
2634 3206 2923 3277 ﬁrmaque,
2953 3223 3053 3278 pro
3083 3206 3208 3262 ﬁdei
3236 3206 3445 3260 ratione
3471 3205 3569 3260 lio-

1977 3313 2177 3354 norum
2213 3298 2528 3353 futurorum
2582 3312 2739 3368 spes;
2778 3312 2900 3367 qua:
2952 3296 3089 3367 ipsa,
3150 3298 3417 3367 susceptio
3468 3311 3566 3351 seu

1976 3391 2211 3460 defensio
2232 3390 2427 3460 capitis
2443 3389 2580 3460 justi
2611 3399 2718 3454 est,
2746 3388 2800 3443 id
2842 3399 2947 3451 est,
2980 3388 3130 3443 ﬁdei.
3190 3387 3384 3443 Omnis
3418 3387 3567 3441 enim

1976 3482 2108 3555 justi
2136 3489 2321 3552 caput,
2362 3480 2497 3536 ﬁdes
2529 3489 2635 3546 est,
2671 3481 2964 3550 omnisque
2989 3480 3120 3535 boni
3150 3478 3358 3550 operis.
3392 3466 3571 3549 Hujus

1978 3581 2163 3627 autem
2193 3570 2423 3626 ﬁrmitas
2487 3587 2553 3625 ac
2608 3570 2878 3625 fortitudo
2912 3570 3220 3639 roburque,
3250 3568 3565 3623 futurorum

1978 3663 2253 3719 bonorum
2281 3678 2410 3733 spes
2434 3671 2695 3718 constans
2724 3677 2788 3717 ac
2840 3661 3055 3717 stabilis
3102 3671 3219 3727 est;
3254 3676 3362 3732 qua
3404 3660 3567 3715 nimi-

1979 3769 2102 3808 rum
2123 3794 2139 3819 ,
2178 3752 2384 3819 futura,
2418 3767 2483 3808 ac
2509 3752 2553 3808 si
2581 3754 2692 3824 jam
2719 3751 3009 3822 praesentia
3049 3760 3254 3816 essent,
3297 3761 3568 3806 contuen-

1980 3852 2084 3909 tes,
2115 3842 2411 3898 dilatamur
2443 3842 2497 3897 in
2529 3842 2983 3897 tribulationibus
3002 3843 3045 3907 ',
3070 3842 3299 3897 stabiles
3329 3857 3394 3897 ac
3422 3840 3565 3897 ﬁrmi

1980 3944 2403 4007 perseverantes
2430 3934 2486 3989 in
2516 3934 2937 3990 tentationibus.

2050 4028 2214 4082 Vens.
2252 4027 2338 4083 10.
2376 4027 2550 4083 ludas
2574 4067 2591 4093 ,
2640 4043 2738 4081 rex
2766 4043 2911 4081 meus
2947 4042 2967 4081 :
3039 4022 3230 4091 Moab,
3291 4024 3402 4079 olla
3455 4025 3571 4099 spei

1981 4134 2130 4173 meat.

2049 4224 2240 4287 Judas,
2265 4224 2310 4279 si
2334 4238 2535 4277 nomen
2560 4221 2967 4291 interpreteris,
2987 4221 3367 4290 confessionem
3387 4227 3568 4274 sonat.

1980 4317 2113 4384 Quae
2141 4317 2288 4371 enim
2316 4317 2372 4371 in
2398 4316 2657 4386 precibus
2681 4313 2952 4369 confessio
2967 4321 3073 4379 est,
3101 4327 3264 4367 omne
3288 4312 3341 4365 in
3363 4313 3574 4365 sanctis

1984 4409 2192 4465 bonum
2240 4409 2579 4479 auspicatur.
2616 4407 2804 4461 Potest
2840 4417 3023 4460 autem
3063 4404 3229 4459 etiam
3280 4403 3451 4459 Judas
3509 4412 3572 4456 ut

283 4492 385 4556 δας
418 4509 435 4525 θ
472 4494 532 4557 ὅς
579 4495 729 4548 ἐστιν
783 4494 1038 4566 ἀληθινὸς
1091 4493 1346 4564 βασιλεὺς
1374 4492 1468 4547 τοῦ
1497 4493 1876 4565 πνευματικοῦ

1987 4501 2205 4558 Domini
2231 4500 2401 4572 ﬁgura
2435 4498 2691 4570 intelligi,
2727 4498 2822 4569 qui
2858 4506 2944 4552 est
2971 4512 3138 4553 verus
3180 4512 3274 4551 rex
3299 4494 3571 4566 spiritalis

304 4584 526 4657 Ἰσραὴλ
552 4587 647 4640 καὶ
676 4585 909 4657 ὁρῶντος
932 4585 1064 4639 Θεόν
1096 4602 1112 4618 ο
1144 4588 1174 4640 δ
1203 4585 1342 4657 ὑπὲρ
1386 4584 1546 4657 ἡμῶν
1579 4586 1744 4658 ἡνίκα
1781 4586 1875 4656 γέ-

288 4694 451 4747 γονεν
485 4675 791 4747 ἄνθρωπος.
824 4674 1320 4748 ἐξομολογούμενος
1338 4678 1477 4749 πρὸς
1508 4678 1600 4732 τὸν
1629 4677 1877 4749 Πατέρα,

289 4771 391 4823 καὶ
453 4769 664 4838 λέγων,
715 4769 1227 4841 Ἐξομολογοῦμαί
1298 4785 1423 4837 σοι,
1460 4770 1653 4839 Πάτερ
1724 4771 1876 4840 ἅγιε.

288 4859 471 4917 Μωὰὸ
508 4860 586 4924 δὲ,
609 4860 858 4931 ἔνι-ερον
883 4862 1109 4932 πατρὸς
1141 4863 1217 4933 (g)
1251 4863 1643 4934 ἑρμηνεύεται,
1675 4866 1880 4917 νοεῖται

288 4955 348 5008 δὲ
388 4954 452 5007 τὺ
508 4955 779 5026 ἡμέτερον
824 4956 1006 5027 σῶμα,
1036 4956 1106 5009 δι’
1131 4949 1195 5009 οὗ
1236 4956 1377 5012 κατὰ
1432 4957 1534 5029 τὴν
1571 4957 1880 5028 πρακτικὴν

290 5049 619 5119 φιλοσοφίαν
639 5050 867 5123 λουτροῦ
889 5052 1065 5123 δίκην,
1091 5052 1229 5124 ὅπερ
1255 5052 1407 5125 δηλοῖ
1426 5052 1612 5122 σαφῶς
1638 5053 1668 5105 ὁ
1692 5052 1880 5124 λέϐης,

292 5144 327 5211 ἠ
384 5140 655 5213 κάθαρσις
700 5143 913 5212 πέφυκε
969 5144 1218 5214 γίνεσθαι
1273 5145 1385 5199 τῶν
1435 5146 1874 5216 ἁμαρτημάτων.

294 5230 584 5302 Κὰθαρσις
607 5232 717 5305 γάρ
751 5235 898 5287 ἐστιν
917 5236 946 5287 δ
966 5235 1150 5306 λέϐης,
1172 5236 1274 5306 τῆς
1297 5234 1512 5300 ἐλπίδος
1535 5250 1549 5265 ·
1576 5234 1878 5300 τουτέστιν,

367 5389 393 5421 ⁸
423 5388 570 5445 Psai.
602 5407 676 5459 Iv,
705 5389 761 5445 2.
838 5388 859 5420 ⁸
887 5387 1080 5444 Matth.
1111 5404 1187 5454 si,
1214 5389 1306 5444 25.

366 5521 433 5593 (Γ)
471 5522 858 5593 ιιραταίωσις.
883 5522 1029 5577 Psal.
1067 5538 1191 5586 cvn,
1213 5522 1267 5585 9,
1294 5522 1387 5578 ubi
1412 5523 1605 5582 eadem
1634 5537 1736 5593 vox
1774 5521 1885 5575 lle-

300 5592 523 5657 braica,
548 5594 825 5663 iidemque
859 5593 1077 5663 repetiti
1106 5610 1319 5657 versus,
1359 5603 1445 5648 est
1472 5592 1884 5663 dvriln¢t;'au-

297 5663 513 5726 xihum,
551 5661 831 5735 susceptio,
868 5661 1031 5734 quam
1068 5672 1355 5735 utramque
1389 5680 1580 5735 vocem
1616 5661 1883 5735 Maximus

300 5735 529 5803 exponit
552 5752 568 5798 ;
592 5732 714 5789 cum
740 5734 812 5788 sit
839 5732 955 5789 sola
981 5734 1211 5787 variatio
1246 5732 1589 5804 interpretis.
1623 5732 1881 5802 Ephraim

304 5805 452 5873 quod
502 5804 821 5875 πλατυσμὸς
877 5804 1145 5869 redditur,
1183 5803 1519 5875 intelligatur
1547 5803 1725 5873 ampla
1750 5818 1880 5872 pro-

1987 4594 2213 4651 lsraelis
2252 4608 2317 4649 ac
2349 4592 2591 4647 videntis
2616 4593 2815 4647 Deum.
2851 4591 2958 4646 Pro
3003 4589 3164 4645 nobis
3210 4589 3355 4644 enim
3396 4588 3577 4643 factus

1985 4688 2152 4742 homo
2176 4685 2245 4740 ad
2284 4686 2503 4740 Patrem
2546 4682 2862 4748 conﬁtetur,
2909 4680 3118 4752 aitque,
3153 4679 3421 4749 Conﬁteor
3456 4680 3572 4744 tibi,

1984 4778 2152 4833 Pater
2173 4785 2352 4830 sancte
2368 4778 2409 4829 ⁸.
2444 4774 2602 4829 Moab
2624 4784 2831 4838 autem,
2858 4773 2905 4828 si
2934 4786 3137 4827 nomen
3163 4770 3572 4840 interpreteris,

1986 4876 2073 4925 cst
2099 4869 2409 4922 intestinum
2431 4868 2621 4937 patris.
2646 4866 2981 4937 lntelligitur
3003 4873 3187 4921 autem
3228 4878 3433 4933 corpus
3476 4877 3575 4916 no-

1985 4968 2162 5016 strum
2186 4976 2201 5026 ;
2222 4976 2354 5029 quo,
2380 4974 2483 5014 ceu
2511 4959 2688 5024 labro,
2709 4974 2809 5030 per
2832 4974 2952 5015 eam
2982 4956 3346 5029 philosophia:
3364 4963 3576 5024 partem

1987 5068 2112 5123 qua:
2132 5053 2189 5107 in
2218 5064 2437 5107 actione
2467 5060 2724 5107 versatur
2753 5050 2831 5123 (id
2859 5050 3007 5105 enim
3032 5048 3323 5120 perspicue
3356 5046 3463 5100 olla
3496 5045 3574 5099 si-

1988 5141 2231 5214 gniﬁcat)
2246 5148 2659 5212 comparatum;
2679 5148 2740 5195 ut
2764 5138 3084 5196 emundatio
3105 5138 3201 5191 fiat
3222 5143 3575 5207 peccatorum

1988 5234 2086 5290 Est
2109 5234 2257 5289 enim
2297 5233 2468 5299 hebes,
2496 5232 2654 5306 341
2682 5234 2799 5304 spei
2829 5231 3189 5299 emundatio;
3212 5245 3335 5301 qua:
3363 5228 3573 5285 scilicet

1993 5519 2152 5592 genie
2180 5519 2487 5575 secundum
2518 5520 2667 5591 quod
2697 5520 3032 5577 fructiﬁcare
3073 5519 3351 5592 signiﬁcat
3388 5527 3445 5573 ct
3493 5518 3574 5572 fe-

1993 5591 2236 5645 cundum
2270 5606 2415 5645 csse.

2065 5661 2141 5739 (9)
2180 5662 2469 5739 ῖΕντερον
2514 5664 2757 5739 παζρτξς.
2796 5673 2934 5722 nmo
2983 5661 3292 5733 simplicius
3332 5678 3362 5715 a
3396 5666 3570 5739 patre,

1990 5728 2141 5803 quod,
2180 5728 2392 5787 incesto
2431 5728 2727 5787 concubit'u
2772 5747 2836 5786 ex
2884 5740 3038 5803 patre
3076 5728 3405 5803 susceptus,
3430 5728 3570 5787 Gen.

1990 5818 2100 5869 xix,
2132 5802 2223 5867 3'7,
2256 5810 2467 5869 mutato
2488 5812 2626 5859 tzerc
2650 5803 2705 5859 in
2737 5819 2839 5857 mu
2870 5802 3087 5857 cholem.
