4082 6440
557 314 666 380 εει

1728 321 1790 381 S.
1831 320 2118 382 MAXIM!
2154 321 2661 386 CONFESSORIS

3701 334 3810 398 868

556 429 663 483 rite
693 428 959 487 institutis
981 430 1110 489 vitae
1129 433 1455 499 rationibus,
1504 449 1601 505 per
1652 433 2116 498 emundationem,

2230 435 2387 505 ήδιά
2443 436 2559 505 βίου
2608 437 2749 493 κατὰ
2808 438 2910 511 τὴν
2954 439 3221 513 κάθαρσιν
3270 441 3408 514 πρὸς
3437 443 3811 513 κληρονομίαν

556 518 624 573 ad
648 520 791 576 bona
810 523 1049 580 nobisin
1066 540 1161 596 spe
1184 526 1444 596 reposita,
1479 527 1805 597 praeparatio
1831 542 1897 583 ac
1927 526 2131 582 habili-

558 622 642 665 tas
657 612 900 668 exsistit.
1678 631 1690 641 ‘

625 704 811 760 Potest
831 715 1015 761 autem
1043 723 1234 763 rursus
1258 709 1415 765 Moab
1436 709 1604 765 etiam
1634 709 1704 766 de
1734 708 2022 765 Dominica
2045 709 2132 764 in-

551 795 874 851 carnatione
903 797 1153 869 intelligi.
1178 801 1408 871 Propter
1429 817 1531 856 nos
1549 802 1697 857 enim
1733 801 1907 856 Filius
1952 802 2131 856 homi-

554 885 641 940 nis
675 902 841 942 verus
860 888 1012 943 lebes
1038 890 1154 959 spei
1195 901 1397 947 nostra:
1444 891 1620 946 factus
1648 902 1733 947 est
1774 892 2126 963 exstititque;

552 975 659 1031 hoc
681 987 785 1041 est,
816 979 910 1048 qui
943 980 1103 1035 nobis
1136 997 1204 1036 ex
1245 995 1472 1052 peccato
1509 991 1819 1040 contractas
1839 984 2032 1040 sordes
2063 999 2129 1039 ac

551 1068 792 1123 maculas
811 1070 962 1124 eluat
981 1080 1144 1142 atque
1164 1074 1446 1130 emundet.

620 1264 685 1321 In
714 1266 1009 1322 Idummam
1035 1269 1313 1323 extendam
1334 1269 1754 1324 calceamentum
1785 1286 1980 1325 meum.

618 1376 874 1440 ldumaaa,
898 1380 942 1433 si
983 1396 1183 1435 nomen
1220 1382 1620 1451 interpreteris,
1655 1383 1828 1435 tutum
1859 1390 1946 1436 est
1978 1381 2122 1436 rubei

549 1484 647 1523 seu
682 1469 957 1540 argillacei
984 1471 1194 1536 coloris,
1229 1480 1516 1542 potestque
1549 1472 1616 1527 de
1643 1471 1926 1526 Dominica
1958 1485 2125 1525 carne

548 1562 912 1633 cxponi;qua
951 1564 1017 1626 is,
1045 1578 1144 1617 ceu
1190 1563 1583 1627 calceamento,
1630 1563 1699 1618 ad
1744 1562 1996 1617 homines
2041 1561 2125 1615 in-

548 1666 769 1720 gressus
798 1654 983 1719 venit;
1033 1669 1157 1708 cum
1188 1654 1323 1709 alias
1352 1662 1605 1708 creatura
1652 1652 1971 1709 Creatorem
2022 1666 2123 1707 na-

2232 528 2340 583 τῶν
2394 532 2512 583 κατ’
2542 530 2730 585 ἐλπίδα
2778 532 3155 604 ἀποκειμένων
3215 534 3348 605 ἡμῖν
3398 535 3624 604 ἀγαθῶν
3667 539 3812 593 ἐτοι-

2276 621 2425 674 ότης.

2276 637 2336 674 οτ
2410 660 2425 674 .

2234 637 2275 690 μ
2302 638 2533 767 Agitant
2565 713 2623 766 δὲ
2662 713 2826 767 πάλιν
2856 714 3109 786 νοηθῆναι
3140 716 3171 769 δ
3206 716 3384 771 Μωάϐ
3412 718 3523 773 ’καὶ
3574 720 3660 782 είς
3709 719 3813 788 τὴν

2232 803 2510 873 σάρκωσιν
2546 803 2641 856 τοῦ
2671 804 2899 875 Κυρίου.
2927 805 3057 869 Tib;
3096 807 3205 876 γὰρ
3228 806 3519 877 ἀνθρώπου
3563 806 3633 861 δι’
3660 808 3813 878 ἡμᾶς

2230 894 2423 965 γέγονέ
2449 912 2508 948 τε
2535 895 2631 948 καὶ
2659 896 3033 966 ἐχρημάτισεν
3056 899 3086 951 ό
3122 897 3376 967 ἀληθινὸς
3402 898 3566 968 λέϐης
3584 898 3689 969 τῆς
3718 899 3811 952 ἐλ-

2230 986 2387 1049 πίδος
2417 984 2605 1055 ήμῶν,
2640 984 2916 1039 τουτέστιν
2944 986 2972 1039 ὁ
2996 986 3259 1056 ρυπτικδς
3315 985 3413 1039 καὶ
3472 984 3812 1055 καθαρτικδς

2227 1076 2338 1129 τῶν
2361 1076 2426 1128 ἐκ
2450 1074 2550 1145 τῆς
2579 1074 2853 1146 ἁμαρτίας
2879 1074 3165 1148 ἡμετέρων
3196 1075 3429 1145 κηλίδων
3456 1093 3520 1129 τε
3561 1075 3661 1130 καὶ
3708 1092 3812 1146 μο-

2228 1169 2470 1223 λυσμῶν.

2289 1188 2330 1223 ισ
2376 1187 2470 1223 ων.

2289 1187 2419 1319 ’ἔπι
2453 1263 2565 1333 τὴν
2607 1262 2939 1333 Ἰδουμαίαν
2961 1260 3183 1317 ἐκτενῶ
3212 1261 3280 1315 τὸ
3310 1259 3592 1331 ὑπόδημὰ
3628 1277 3778 1329 μου.

2309 1377 2581 1448 Ἰδουμαία
2604 1415 2619 1439 ,
2645 1373 2978 1444 αἱματώδης
3032 1373 3227 1442 πηλὸς
3260 1372 3336 1443 (Ιι)
3396 1370 3766 1445 ἑρμηνεύεται
3795 1386 3813 1403 ο

2225 1469 2448 1523 δύναται
2477 1468 2534 1522 δέ
2560 1468 2833 1539 ληφθῆναι
2859 1467 2954 1520 καὶ
2983 1467 3062 1530 είς
3094 1466 3194 1536 τὴν
3220 1465 3401 1536 σάρκα
3434 1464 3528 1518 τοῦ
3553 1463 3771 1533 Κυρίου
3796 1478 3813 1494 ο

2225 1560 2291 1614 δι’
2324 1556 2392 1633 ἦς
2413 1560 2584 1630 ἐπέϐη
2608 1559 2684 1623 ὡς
2715 1558 2783 1612 δι’
2808 1558 3153 1627 ὑποδήματος
3176 1559 3292 1621 τοῖς
3321 1554 3635 1627 ἀνθρώποις
3662 1570 3678 1585 ο
3712 1553 3817 1607 ἀλ-

2225 1653 2334 1716 λως
2388 1652 2636 1723 χωρῆσαι
2683 1650 2776 1704 τὸν
2812 1650 3050 1721 Ῑίοιητὴν
3090 1646 3165 1719 μὴ
3204 1647 3508 1717 δυναμένης
3544 1646 3649 1715 τῆς
3684 1645 3815 1697 κτίο

547 1752 670 1798 tura
695 1744 969 1799 infinitum
999 1760 1062 1799 ac
1108 1744 1629 1815 incomprehensum
1656 1757 2004 1813 nequaquam
2030 1759 2116 1798 ca-

2228 1761 2365 1807 σεως
2398 1760 2412 1774 °
2448 1741 2675 1814 ἀπειρόν
2723 1758 2784 1793 τε
2833 1740 2928 1794 καὶ
2967 1737 3253 1810 ἀχώρητον
3292 1736 3435 1791 κατὰ
3474 1734 3642 1805 φύσιν
3670 1749 3814 1803 tur-

546 1849 679 1904 perc
705 1845 911 1905 posset.

616 1925 802 1981 Potest
827 1942 959 1980 vero
1001 1942 1194 1982 rursus
1221 1927 1386 1983 etiam
1436 1927 1504 1983 de
1563 1927 1829 1998 cujusque
1869 1935 2120 1981 nostrum

544 2028 707 2069 carne
733 2015 961 2085 intelligi
984 2034 997 2079 ;
1020 2016 1075 2071 in
1099 2032 1263 2087 quam
1280 2016 1630 2072 extendimus
1652 2017 2082 2071 calceamentum
2105 2033 2119 2070 :

545 2104 884 2159 munientcm
921 2106 1134 2161 scilicet
1163 2122 1193 2161 a
1228 2104 1430 2162 diaboli
1466 2107 1650 2177 pravis
1668 2106 1889 2161 tribulis
1916 2122 1980 2161 ac
2011 2107 2123 2176 spi-

542 2193 631 2247 nis
662 2195 1112 2250 exercitationem
1143 2211 1207 2251 ac
1231 2195 1652 2251 continentiam.
1677 2193 1793 2250 Hoc
1824 2195 1970 2249 enim
2006 2195 2121 2250 cal-

541 2294 890 2339 ceamentum
922 2286 1340 2357 intelligendum
1361 2295 1464 2341 est.
1493 2287 1715 2357 Absque
1741 2288 1887 2342 enim
1910 2286 2124 2342 exerci-

540 2376 768 2440 tatione,
805 2378 1060 2448 seriaque
1091 2380 1452 2443 continentia,
1500 2379 1621 2434 fieri
1668 2395 1777 2434 non
1819 2388 2019 2450 potest,
2060 2387 2122 2433 ut

540 2468 726 2524 carnis
761 2471 893 2526 vitia
928 2482 1225 2543 expugnet,
1245 2473 1339 2543 qui
1371 2472 1594 2543 pietatis
1612 2473 1793 2529 cultor
1825 2481 1929 2538 est,
1960 2481 2016 2528 et
2048 2472 2118 2528 ad

543 2573 667 2611 eam
692 2569 933 2615 exercet.

610 2648 833 2715 Quinet
860 2666 1052 2707 rursus
1080 2652 1311 2724 intelligi
1346 2660 1526 2723 potest
1573 2653 1744 2709 animi
1772 2654 2117 2710 calceamen-

540 2748 682 2805 tum,
719 2742 1085 2797 mortiﬁcatus
1108 2759 1303 2799 sensus
1331 2745 1565 2801 rationis
1590 2746 1742 2801 cultu
1767 2753 1825 2800 et
1870 2754 2118 2801 contem-

538 2830 835 2898 plationis;
872 2848 981 2902 quo
1016 2833 1234 2888 animus
1261 2835 1317 2888 in
1364 2834 1447 2890 eis
1482 2835 1747 2891 incedens
1775 2852 1897 2906 qua:
1949 2851 2115 2891 sensu

538 2921 939 2990 percipiuntur;
962 2922 1183 2979 innoxie
1202 2925 1394 2980 transit
1418 2924 1589 2980 hocce
1612 2925 1873 2980 saeculum
1893 2924 2114 2991 ;'eorum

536 3014 769 3079 scilicet,
797 3014 1125 3069 intermedio
1153 3031 1318 3070 sensu
1362 3017 1515 3071 velut
1565 3016 1961 3082 calceamento,
2002 3017 2119 3071 col-

2224 1838 2525 1980 “milia
2562 1923 2619 1977 δὲ
2663 1922 2826 1977 πάλιν
2862 1920 3118 1993 νοηθῆναι
3155 1920 3251 1975 καὶ
3305 1920 3385 1984 είς
3422 1917 3521 1990 τήν
3565 1918 3813 1972 ἐκάστου

2222 2020 2379 2091 ἡμῶν
2408 2017 2587 2089 σάρκα
2621 2033 2636 2049 ο
2673 2016 2760 2085 ἐφ’
2795 2008 2863 2088 ἦς
2886 2013 3200 2084 ἐκτείνομεν
3230 2011 3292 2066 τὸ
3314 2011 3567 2081 ὑπόδημα
3592 2027 3607 2041 ·
3644 2026 3816 2063 τουτ-

2221 2114 2339 2167 έστι
2394 2111 2493 2181 τὴν
2550 2108 2896 2181 φρουροῦσαν
2922 2106 3020 2177 τὴν
3041 2104 3219 2176 ψυχὴν
3267 2104 3377 2158 ἀπὸ
3408 2103 3517 2157 τῶν
3539 2100 3816 2173 πονηρῶν

2221 2204 2315 2259 τοῦ
2374 2202 2623 2258 διαϐόλου
2661 2200 2925 2272 τριϐόλων
2975 2215 3035 2252 τε
3063 2198 3159 2252 καὶ
3193 2195 3449 2252 ἀκανθῶν
3473 2195 3724 2264 ἀσκησίν
3752 2210 3815 2247 τε

2221 2292 2317 2346 καὶ
2345 2291 2671 2362 ἐγκράτειαν
2697 2303 2709 2318 °
2742 2288 2900 2342 τοῦτο
2918 2286 3027 2360 γὰρ
3049 2286 3155 2358 χρὴ
3178 2285 3413 2339 νοεῖσθαι
3429 2285 3493 2338 τὸ
3516 2284 3812 2355 ὑπόδημα.

2224 2386 2388 2436 Ἀνευ
2420 2383 2529 2454 γὰρ
2563 2381 2853 2452 ἀσκήσεως
2894 2380 2989 2433 καλ⁸
3039 2377 3301 2448 ἀκριϐοῦς
3349 2377 3708 2449 ἐγκρατείας,
3741 2375 3815 2430 τά

2220 2475 2321 2545 τῆς
2356 2474 2558 2546 σαρκὸς
2605 2473 2756 2543 πάθη
2795 2470 3201 2526 καταπαλαῖσαι
3248 2469 3342 2523 τὸν
3391 2469 3639 2541 ἀσκητὴν
3701 2467 3813 2536 τῆς

2220 2567 2522 2631 εὐσεϐείας,
2547 2566 2851 2636 ἀμήχανον.

2290 2658 2525 2713 Δύναται
2550 2657 2607 2711 δὲ
2654 2657 2818 2710 πάλιν
2851 2654 3109 2726 νοηθῆναι
3172 2651 3428 2723 ὑπόδημα
3466 2650 3673 2722 ψυχῆς,
3708 2650 3814 2705 καὶ

2220 2751 2371 2823 ήδιά
2421 2752 2580 2821 λόγου
2621 2749 2719 2803 καὶ
2741 2747 2974 2820 θεωρίας
3011 2745 3348 2817 νεκρωθεῖσα
3394 2742 3649 2811 αἴσθησις
3683 2758 3703 2773 ο
3739 2741 3813 2795 δι’

2217 2838 2286 2916 ἦς
2311 2843 2667 2897 ἐπιϐαίνουσα
2697 2842 2731 2912 ή
2779 2840 2925 2911 ψυχὴ
2965 2841 3081 2903 τοῖς
3143 2836 3443 2910 αίσθητοῐς.
3482 2838 3577 2891 τὸν
3623 2835 3815 2891 αἰῶνα

2216 2934 2406 2988 τοῦτον
2452 2932 2705 2994 ἀϐλαϐῶς
2759 2929 3163 3001 διαπορεύεται,
3196 2929 3321 2992 τοὺς
3368 2928 3550 2981 αὑτῶν
3605 2927 3815 2995 λόγους

2216 3025 2306 3080 διὰ
2327 3026 2501 3097 μέσης
2527 3026 2626 3095 τῆς
2651 3024 2955 3094 αἰσθήσεως
2975 3023 3051 3086 ὡς
3073 3021 3441 3094 ὑποδήματος,
3463 3036 3811 3091 φαντασιου-

537 3105 714 3176 ligens
738 3106 1011 3171 rationes;
1043 3122 1227 3161 rerum
1252 3106 1674 3177 aspectabilium
1706 3108 1881 3179 ﬁgura
1911 3108 2114 3163 forma-

2224 3095 2391 3189 μένης
2416 3118 2516 3181 τὰς
2546 3115 2656 3170 τῶν
2687 3115 2897 3188 ὁρατῶν
2918 3115 3040 3167 κατ’
3070 3109 3211 3178 είδος
3258 3113 3358 3167 καὶ
3388 3112 3577 3183 σχῆμα
3608 3110 3810 3180 διαφο-

536 3214 646 3267 que
672 3197 1015 3254 diﬂ‘erentias
1048 3198 1379 3256 informante
1404 3199 1662 3271 imagine,
1700 3199 1769 3256 ad
1810 3216 1977 3255 unam
2024 3215 2115 3256 so-

537 3289 758 3360 lamque
802 3297 968 3360 atque
1029 3292 1336 3363 principem
1382 3292 1655 3348 rationem
1703 3292 2117 3365 intelligendam

539 3380 1079 3451 agnoscendamque.

607 3496 736 3552 Mihi
766 3496 1079 3569 alienigena:
1105 3498 1299 3553 subditi
1323 3509 1465 3553 sunt.

609 3609 872 3664 Veniente
921 3610 1069 3664 enim
1104 3612 1337 3667 Domino
1386 3626 1485 3681 per
1532 3626 1757 3667 carnem
1815 3611 1885 3667 ad
1927 3620 2117 3667 nostra

535 3700 678 3767 loca,
714 3702 947 3773 subjecti
997 3712 1127 3756 sunt
1154 3704 1274 3771 ejus
1312 3702 1440 3757 forti
1506 3701 1761 3772 imperio,
1800 3718 1907 3757 non
1939 3704 2115 3758 solum

535 3805 681 3861 quos
712 3791 987 3846 destruxit
1034 3792 1264 3862 spiritus
1311 3792 1605 3863 nequitiae,
1651 3793 1743 3848 sed
1797 3803 1854 3847 et
1904 3804 2117 3851 cuncta:

535 3889 749 3952 gentes,
782 3891 1037 3951 suscepta
1068 3898 1166 3953 per
1205 3883 1550 3938 vocationem
1588 3884 1867 3955 Evangelii
1916 3885 2116 3954 praedi-

536 3974 778 4038 catione,
831 3982 998 4044 caput
1047 3974 1099 4029 ei
1160 3975 1491 4030 submisere.
1546 3975 1929 4045 Subjiciuntur
1982 3993 2116 4033 vero

535 4065 706 4120 etiam
730 4065 880 4121 omni
912 4067 1063 4137 justo
1096 4067 1437 4137 alienigena,
1467 4082 1592 4121 cum
1632 4067 1798 4121 missa
1826 4067 1977 4122 velut
2005 4069 2117 4123 cal-

535 4171 657 4221 ceo,
690 4156 747 4211 in
780 4172 895 4211 suae
929 4158 1113 4212 carnis
1138 4164 1362 4220 terram,
1406 4156 1615 4227 peccati
1659 4158 1833 4229 legem
1878 4158 2112 4213 mortifi-

534 4256 695 4303 cante
728 4248 1093 4313 continentia,
1149 4250 1350 4304 nedum
1384 4248 1437 4302 in
1469 4264 1533 4303 ea
1563 4248 1841 4305 latitantes
1878 4250 2113 4304 immun-

532 4338 634 4393 dos
658 4339 890 4395 allectus
931 4340 1173 4411 vitiaque
1203 4339 1537 4404 edomuerit,
1585 4338 1683 4395 sed
1714 4340 1879 4395 etiam
1914 4356 2107 4396 eorum

2225 3210 2323 3282 pit;
2367 3209 2739 3279 ἀναλεγομένη
2784 3207 2920 3278 πρὸς
2971 3206 3070 3279 τὴν
3129 3204 3224 3260 τοῦ
3258 3205 3377 3270 ἐνὸς
3427 3198 3593 3276 μόνου
3618 3221 3681 3258 τε
3708 3203 3810 3258 καὶ

2220 3302 2453 3376 ἀρχικοῦ
2486 3303 2642 3371 Λόγου
2673 3301 2887 3355 σύνεσιν
2908 3299 3003 3354 καί¹
3030 3298 3348 3369 ἐπίγνωσιν.

2509 3521 2671 3592 Ἐμοί
2703 3521 3049 3590 ἀλλόφυλοι
3078 3519 3492 3589 ὑπετάγησαν.

2302 3613 2499 3668 Ἦνίκα
2519 3612 2627 3683 γὰρ
2654 3612 2742 3667 διὰ
2781 3612 2983 3681 σαρκὸς
3001 3613 3112 3675 τοῖς
3134 3610 3257 3664 καθ’
3287 3611 3431 3681 ἡμᾶς
3453 3610 3799 3681 ἐπεχωρίασε

2214 3704 2402 3768 τόποις
2432 3705 2461 3758 ὁ
2488 3703 2714 3775 Κύριος,
2741 3703 2989 3773 ὑπετάγη
3019 3701 3097 3773 τῷ
3127 3702 3321 3774 κράτει
3345 3701 3444 3771 τῆς
3474 3700 3660 3773 ίσχὺος
3689 3702 3791 3754 αὑ-

2215 3794 2310 3849 τοῦ
2335 3810 2350 3828 ο
2379 3795 2441 3849 οὑ
2473 3794 2632 3865 μόνον
2653 3793 3067 3866 καταργηθὲντα
3096 3793 3164 3847 τὰ
3205 3792 3493 3864 πνεύματα
3545 3793 3648 3864 τῆς
3694 3811 3796 3848 πο-

2217 3886 2433 3958 νηρίας,
2481 3887 2617 3940 ἀλλά
2662 3887 2758 3940 καὶ
2806 3886 3071 3940 πάντατά
3104 3885 3231 3955 ἔθνη
3255 3884 3525 3957 δεξάμενα
3569 3884 3660 3939 διὰ
3694 3887 3796 3956 τῆς

2216 3977 2607 4050 κλήσεωςετοῦ
2660 3977 2991 4045 Εὑαγγελίου
3032 3976 3094 4029 τὸ
3133 3977 3433 4047 κήρυγμα,
3459 3975 3745 4046 ὑπέκυψεν
3776 3992 3790 4006 ·

2216 4070 2614 4125 ὑποτάσσονται
2648 4069 2705 4123 δὲ
2731 4068 2828 4123 καὶ
2852 4068 3014 4122 παντὶ
3042 4067 3236 4138 δικαίῳ
3265 4069 3315 4121 oi
3335 4067 3645 4136 ἀλλόφυλοι,
3674 4066 3791 4137 ἠνία

2214 4182 2287 4217 κα
2318 4161 2591 4230 ἐπιϐαλὼν
2620 4161 2808 4233 ῶσπερ
2845 4160 3101 4231 ὑπόδημα
3121 4162 3186 4230 τῇ
3211 4161 3281 4230 γῇ
3314 4158 3417 4229 τῆς
3457 4158 3663 4230 σαρκὸς
3691 4159 3790 4211 αὑ-

2211 4254 2307 4309 τοῦ
2340 4255 2440 4325 τὴν
2489 4253 2793 4324 νεκροῦσαν
2826 4253 2920 4306 τὸν
2953 4252 3117 4323 νόμον
3152 4250 3255 4321 τῆς
3284 4248 3556 4321 ἁμαρτίας
3583 4250 3790 4320 ἐγκράο

2214 4363 2388 4409 τειαν,
2420 4343 2694 4415 δαμάσσει
2721 4342 2784 4396 οὑ
2816 4337 3063 4415 μόνοντὰ
3085 4341 3474 4413 ἐμφωλεύοντα
3488 4340 3630 4412 αὐτῇ
3653 4341 3789 4396 ἀκά-
3838 4416 3848 4425 ι

532 4438 791 4483 auctores
825 4443 889 4483 ac
932 4428 1247 4485 incentores
1278 4428 1651 4499 nequissimos
1697 4426 1973 4483 daemones
2007 4428 2106 4485 de-

2219 4436 2390 4507 θαρτα
2423 4434 2593 4506 πάθη,
2624 4433 2761 4488 άλλά
2790 4434 2885 4487 καὶ
2920 4434 3045 4498 τοὺς
3076 4432 3436 4505 ἐνεργοῦντας
3463 4430 3644 4486 ταῦτα
3690 4449 3790 4486 πο-

532 4519 823 4574 struxerit.

602 4633 766 4686 Vzas.
800 4632 884 4687 ll.
944 4631 1073 4697 Quis
1127 4632 1342 4686 deducet
1391 4648 1473 4686 me
1531 4634 1587 4686 in
1645 4632 1910 4686 civitatem
1968 4647 2109 4703 pra:-

528 4722 653 4776 sidii
670 4723 695 4775 ?

599 4855 847 4912 Praesidii
874 4856 1089 4921 civitas,
1112 4855 1297 4911 Grzcce
1325 4857 1608 4928 περιοχῆς,
1634 4873 1699 4914 ac
1721 4858 1766 4914 si
1794 4859 1955 4931 3&2
1985 4876 2107 4913 am-

531 4947 668 5001 bitus
705 4946 859 5000 dicas
917 4944 1174 5015 valloque
1224 4947 1530 5011 munitam,
1587 4947 1857 5017 sapientia
1906 4956 1992 5001 est
2038 4964 2106 5002 ex

529 5036 721 5092 multis
782 5035 986 5091 divinis
1024 5045 1189 5105 atque
1243 5036 1492 5107 mysticis
1541 5036 2109 5106 contemplationibus

527 5129 780 5193 collecta,
816 5126 1216 5181 circumuallata
1249 5142 1311 5182 ac
1340 5128 1571 5197 undique
1612 5128 1839 5191 munita,
1879 5135 1941 5181 ut
1966 5127 2107 5181 alius

527 5219 653 5289 quis
684 5219 1045 5289 interpretum
1070 5216 1263 5289 (ng.,
1288 5218 1503 5288 Theod.)
1532 5218 1793 5284 reddidit,
1831 5219 2103 5274 virtutum

528 5306 937 5363 munitionibus
968 5323 1033 5363 ac
1061 5307 1353 5378 praesidiis.

596 5401 707 5453 Aut
747 5415 942 5454 rursus
970 5399 1165 5455 civitas
1187 5399 1426 5469 praesidii
1456 5411 1561 5464 est,
1590 5408 1768 5457 status
1800 5402 2103 5472 ejusmodi,

527 5501 638 5558 quo
667 5488 753 5542 vir
789 5503 922 5543 vere
948 5489 1072 5558 pius
1100 5504 1166 5544 ac
1207 5488 1518 5559 religiosus,
1570 5488 2013 5561 inexpugnabilis
2041 5506 2105 5545 ac

596 5665 1035 5737 (Ιι)Α1ματὼὂης
1077 5669 1269 5733 πηλός
1294 5678 1435 5729 ms,
1476 5665 1681 5737 rubere,
1723 5666 1943 5737 rubrum,
1970 5682 2099 5730 esse,

526 5734 701 5802 ruber,
750 5738 901 5791 homo
926 5778 941 5803 ,
979 5747 1121 5792 terra
1152 5739 1297 5791 rubri
1334 5752 1429 5793 seu
1466 5734 1741 5807 argillacci
1782 5734 1993 5800 coloris,
2035 5751 2099 5789 cx

2212 4528 2410 4599 νηροὺς
2433 4527 2772 4597 καταργήσει
2802 4525 3079 4597 δαίμονας.

2427 4641 2523 4708 Τίς
2548 4639 2767 4705 ἀπάξει
2793 4656 2872 4709 με
2900 4641 2989 4697 εί(-
3029 4640 3211 4694 πόλιν
3250 4639 3539 4709 περιοχῆς

2281 4839 2444 4903 Πόλις
2474 4839 2595 4893 ἐστὶ¹
2627 4838 2910 4910 περιοχῆς,
2940 4839 2975 4909 ή
3004 4838 3067 4891 ἐκ
3097 4838 3310 4892 ⁴πολλῶν
3344 4836 3783 4909 συνηθροισμένη

2209 4932 2369 4987 θείων
2400 4932 2495 4986 καὶ
2528 4932 2805 5003 μυστικῶν
2839 4931 3211 5003 θεωρημάτων
3242 4930 3402 4999 σοφία
3441 4930 3782 4999 περιεχομέ-

2208 5041 2309 5091 νη,
2336 5024 2503 5095 ήγουν
2540 5021 3085 5092 περιπεφραγμένη,
3115 5019 3301 5086 καθὼς
3326 5021 3515 5093 ἕτερος
3543 5022 3654 5094 ἔφη
3678 5022 3780 5077 τῶν

2208 5114 2463 5180 ἐκδοτῶν,
2496 5118 2608 5180 τοῖς
2632 5115 2742 5169 τῶν
2774 5113 2987 5186 ἀρετῶν
3009 5112 3379 5185 ὀχυρώμασιν.

2281 5398 2353 5450 Ἢ
2412 5402 2574 5451 πάλιν
2624 5395 2780 5457 πόλις
2837 5396 2957 5448 ἐστὶ
3006 5392 3305 5464 περιοχῆς,
3351 5393 3385 5463 ή
3419 5390 3777 5455 κατάστασις,

2206 5486 2327 5541 καθ’
2362 5488 2429 5557 ἢν
2471 5484 2741 5549 ἀνάλωτος
2782 5485 2877 5539 καὶ
2922 5482 3374 5553 ἀπροσπέλαστος
3415 5479 3630 5550 γίνεται
3670 5483 3781 5541 τοῖς

2204 5680 2311 5745 qua
2337 5673 2397 5745 et
2412 5679 2613 5719 nomen
2645 5662 2853 5719 homini
2884 5663 3140 5729 inditum,
3181 5662 3327 5734 quod
3352 5663 3418 5719 dc
3450 5663 3542 5719 illa
3576 5662 3776 5719 forma-

2204 5744 2293 5789 lllS
2334 5744 2423 5788 Sli.
