4082 6442
266 361 368 429 869

1365 354 1772 417 EXPOSITIO
1812 354 1895 416 ΙΝ
1936 355 2300 416 PSALMUM
2340 355 2501 420 LIX.

3451 357 3560 430 870

266 470 571 542 πολεμίοις,
603 466 693 521 διὰ
746 464 846 538 τήν
905 461 1254 535 φρουροῦσαν
1306 462 1472 516 αὑτὸν
1523 463 1633 516 τῶν
1684 462 1858 531 ἁγίων

1968 463 2287 519 inaccessus
2327 462 2586 519 hostibus
2610 462 2868 532 edicitur,
2914 460 3066 535 quod
3094 472 3412 521 sanctarum
3442 466 3558 523 Po—

264 564 562 634 Δυνάμεων
619 554 931 632 περιϐολὴν,
958 556 988 609 ὃ
1044 571 1109 624 γε
1160 553 1378 625 αληθῶς
1434 553 1697 626 θεοσεϐὴς
1758 556 1856 608 καὶ

264 655 532 725 φιλόθεος.

340 749 411 800 Ἠ
433 746 604 800 πάλιν
632 742 790 806 πόλις
839 741 958 795 ἐστὶ
1012 739 1296 812 περιοχῆς,
1328 739 1362 809 ἡ
1395 736 1543 809 λόγῳ
1594 738 1691 791 καὶ
1757 736 1857 808 βίῳ

264 836 644 909 τετειχισμένη
711 834 882 904 ψυχὴ,
915 832 1010 885 καὶ
1058 831 1267 894 πάσαις
1319 832 1442 894 ταῖς
1492 828 1605 883 τῶν
1644 827 1857 901 ἀρετῶν

262 927 549 1000 πλήθουσα
575 928 819 998 χάρισιν.

342 1020 415 1073 Ἦ
449 1018 617 1073 πάλιν
647 1017 802 1079 πόλις
830 1014 949 1069 ἐστὶ
973 1014 1252 1085 περιοχῆς,
1289 1014 1324 1084 ἡ
1360 1013 1458 1083 τῆς
1496 1010 1733 1083 ἀληθοῦς
1762 1010 1858 1065 καὶ

260 1109 566 1163 ἀπταίστου
611 1107 869 1177 γνώσεως
917 1106 1053 1173 ἕξις,
1088 1107 1122 1176 ἡ
1159 1107 1224 1159 ἐκ
1276 1104 1492 1158 πάντων
1544 1102 1752 1174 ήθικῶν
1794 1118 1858 1156 τε

260 1201 359 1254 καὶ
386 1199 640 1269 φυσικῶν
689 1200 786 1253 καὶ
824 1197 1153 1266 θεολογικῶν
1184 1196 1560 1268 θεωρημάτων
1604 1212 1859 1268 περιεχο-

262 1294 405 1364 μένη
442 1309 458 1323 ·
488 1295 570 1357 είς
618 1292 685 1363 ἢν
717 1290 992 1361 ἀπάγεται
1044 1292 1155 1354 πᾶς
1223 1289 1481 1361 εὐσεϐὴς,
1532 1289 1625 1341 ὑπ’
1689 1286 1854 1342 ἄλλου

263 1385 368 1455 μὲν
406 1384 648 1447 οὐδενὸς,
678 1382 785 1436 ὑπὸ
848 1382 1011 1454 μόνου
1037 1381 1095 1436 δέ
1142 1380 1240 1435 τοῦ
1298 1379 1436 1434 Θεοῦ
1486 1378 1583 1433 τοῦ
1646 1378 1858 1441 πάντας

261 1477 408 1546 πρὸς
451 1478 648 1531 ἑαυτὸν
690 1474 944 1539 ἕλκοντος
999 1475 1069 1528 δι’
1098 1473 1307 1543 ἄφατον
1359 1471 1695 1543 ἀγαθότητος
1755 1470 1858 1540 μέ-

258 1570 449 1640 γεθος.

412 1662 498 1716 Ἢ
522 1661 615 1729 τίς
646 1658 937 1731 ὁδηγήσει
971 1676 1049 1729 με
1078 1658 1191 1726 ἕως
1208 1657 1319 1726 τῆς
1353 1655 1711 1727 Ἰδουμαίας.

349 1753 656 1824 Ἰδουμαία,
698 1752 884 1816 καθὼς
921 1751 1089 1817 ἔδειξε
1118 1749 1408 1822 προλαϐὼν
1440 1752 1469 1802 ὁ
1500 1747 1679 1816 λόγος,
1709 1744 1859 1799 ἐστὶν

1972 561 2233 609 testatum
2264 552 2523 623 prresidio
2551 554 2791 610 vallante
2825 554 3133 611 muniatur.

2037 734 2148 789 Aut
2196 750 2389 792 rursus
2429 735 2628 791 civitas
2657 735 2902 807 praesidii
2952 735 3136 790 anima
3165 741 3271 798 est,
3309 748 3433 804 quae
3465 748 3558 789 ra-

1967 824 2119 880 tione
2142 840 2207 881 ac
2226 827 2341 880 vita
2366 826 2583 881 munita
2612 836 2719 893 est,
2749 825 3118 896 omnibusque
3138 824 3410 879 virtutum
3435 838 3561 895 gra-

1968 917 2061 972 tiis
2095 917 2361 972 abundat.

2036 1007 2149 1062 Aut
2175 1023 2372 1062 rursus
2412 1008 2612 1063 civitas
2659 1015 2745 1063 est
2794 1005 3059 1079 praesidii,
3094 1022 3242 1062 verae
3284 1015 3561 1077 certaeque

1966 1100 2217 1155 scientia:
2249 1100 2495 1166 habitus,
2523 1116 2689 1171 quem
2743 1101 2973 1155 moralia
3003 1100 3208 1166 omnia,
3252 1100 3559 1156 naturalia-

1965 1206 2074 1260 que
2110 1206 2177 1245 ac
2222 1191 2540 1263 theologica
2564 1180 2726 1254 scita.
2756 1207 2859 1246 ceu
2905 1191 3164 1262 praesidio
3208 1192 3455 1248 vallent:
3486 1191 3557 1246 ad

1964 1296 2131 1351 quam
2177 1281 2475 1338 deducitur
2514 1282 2770 1353 quisquis
2811 1291 2897 1338 est
2924 1282 3149 1351 pietatis
3190 1283 3409 1348 cultor;
3444 1297 3555 1337 non

1964 1372 2074 1427 alio
2103 1372 2357 1438 ductore,
2393 1389 2560 1444 quam
2586 1375 2705 1429 solo
2733 1374 2979 1443 Deo,qui
3009 1389 3121 1443 pra:
3149 1376 3434 1431 immensae
3456 1373 3560 1427 bo.

1964 1464 2157 1520 nitatis
2177 1466 2580 1537 magnitudine,
2612 1465 2680 1521 ad
2710 1480 2772 1521 se
2803 1465 3095 1520 universos
3127 1465 3319 1520 trahit.

2036 1645 2147 1702 Aut
2164 1647 2281 1718 quis
2321 1646 2541 1702 deducet
2574 1663 2657 1702 me
2677 1663 2842 1719 usque
2866 1646 2921 1701 in
2949 1645 3247 1703 Idumteam
3270 1646 3295 1701 2

2037 1738 2299 1805 Ιὰιιιιιαξιι,
2331 1739 2413 1793 uti
2444 1740 2613 1810 paulo
2640 1748 2769 1795 ante
2792 1738 3092 1795 declaravit
3124 1738 3326 1805 oratio,
3377 1738 3559 1794 omnis

260 1847 296 1916 ἠ
331 1847 559 1900 πάντων
587 1844 695 1898 τῶν
726 1845 833 1898 ὑπὸ
875 1843 1130 1915 αἴσθησιν
1179 1842 1498 1912 κτισμάτων
1550 1842 1816 1902 σὺστασις
1839 1855 1856 1870 ·

1967 1829 2057 1885 illa
2091 1838 2177 1885 est
2205 1845 2395 1885 rerum
2431 1828 2488 1883 in
2508 1844 2733 1885 sensum
2766 1828 3087 1884 cadentium
3122 1828 3435 1898 complexio
3482 1843 3551 1885 ac

260 1938 400 2009 περὶ
429 1938 501 2008 ἢν
530 1938 565 2008 ἡ
593 1938 650 1989 ὲν
680 1935 957 2006 πνεύματι
990 1934 1196 2007 φυσικὴ
1240 1934 1445 2005 θεωρία
1501 1932 1857 1987 συνίστασθαι

260 2030 483 2099 πέφυκε
528 2044 539 2055 ·
573 2027 695 2081 καθ’
722 2028 790 2099 ήν
822 2028 886 2081 ἐκ
909 2026 1179 2095 καλλονῆς
1201 2027 1295 2080 καὶ
1326 2024 1593 2096 μεγέθους
1618 2022 1858 2092 κτισμά-

259 2138 375 2174 των
404 2118 691 2188 ἀναλόγως
721 2119 751 2171 6
775 2116 1158 2187 γενεσιουργὸς
1178 2116 1257 2188 τῷ
1308 2115 1552 2179 εὐσεϐῶς
1599 2114 1861 2183 ἀναλεγοο

263 2213 419 2285 μένῳ
456 2211 558 2284 τήν
595 2210 704 2266 τῶν
732 2210 902 2264 όντων
927 2209 1131 2281 γνῶσιν
1160 2210 1468 2281 θεωρεῖται.

342 2395 423 2448 Ἦ
453 2393 705 2466 τυχὸν,ή
759 2392 883 2447 κατ’
940 2389 1144 2463 ἀρετὴν
1179 2389 1461 2461 πρακτική
1512 2386 1602 2441 διὰ
1657 2385 1859 2457 σαρκὸς

263 2488 565 2559 φιλοσοφία
591 2504 610 2522 ο
644 2488 769 2543 καθ’
798 2488 866 2558 ῆν
918 2486 1014 2540 τοῦ
1065 2485 1223 2554 ἁγίου
1284 2483 1603 2550 Πνεῦματος
1644 2482 1858 2549 γίνεται

262 2578 402 2644 ναός
441 2579 508 2632 τὸ
536 2580 808 2649 ἡμέτερον
843 2577 1026 2647 σῶμα,
1056 2576 1169 2637 τοῖς
1186 2573 1295 2627 τῶν
1337 2574 1571 2626 ἐντολῶν
1607 2587 1855 2624 συνοικο-

152 2709 168 2727 .
262 2668 608 2741 δομούμενον
640 2667 897 2721 κάλλεσιν
931 2683 947 2699 θ
984 2668 1064 2729 εἰς
1095 2667 1161 2737 ἣν
1188 2666 1217 2718 ὁ
1257 2662 1422 2727 αὐτὸς
1457 2662 1621 2717 πάλιν
1665 2661 1858 2732 ὁδηγεῖ

269 2760 512 2831 Κύριος,
578 2757 939 2829 χαριζόμενος
989 2758 1105 2819 τοῖς
1158 2755 1444 2823 ἀγαπῶσιν
1526 2753 1689 2808 αὑτὸν
1761 2754 1857 2806 καὶ

262 2852 378 2905 τῶν
426 2850 722 2923 ὁρωμένων
781 2850 880 2921 τήν
933 2848 1267 2919 ἐπιστήμην,
1299 2845 1396 2900 καὶ
1423 2844 1694 2899 διδάσκων
1742 2845 1855 2900 τῶν

266 2945 458 3017 μελῶν
493 2946 592 3016 τῆς
623 2945 821 3015 γηῖνης
839 2941 1044 3013 ταύτης
1074 2941 1168 2996 καὶ
1187 2939 1458 3010 ἐπικήρου
1514 2936 1717 3010 σαρκὸς
1759 2936 1860 3008 τὴν

264 3040 565 3110 νέκρωσιν.

348 3132 449 3195 Ἣ,
503 3131 591 3184 ἴνα
613 3126 849 3183 συνελὼν
870 3128 1029 3191 εἴπω,
1059 3124 1215 3188 πόλις
1254 3122 1371 3176 ἐστὶ
1396 3122 1659 3194 περιοχῆς
1684 3123 1717 3194 ή
1749 3121 1858 3177 τῶν

264 3222 487 3294 νοητῶν
519 3220 795 3293 γνωστικὴ
845 3218 1071 3291 θεωρία.
1111 3213 1391 3286 ἰὁουμαία
1426 3213 1561 3285 δέ,ή
1609 3213 1719 3267 τῶν
1769 3215 1858 3269 αί-

267 3314 494 3385 σθητῶν
547 3313 826 3384 ἐπιστήμη
854 3328 871 3346 ο
907 3313 988 3375 είς
1025 3311 1095 3373 ἃς
1148 3308 1353 3376 ἀπάγει
1400 3322 1460 3359 τε
1490 3305 1587 3359 καὶ
1614 3306 1801 3376 ὁδηγεῖ
1824 3306 1859 3377 ἡ

269 3409 417 3477 μόνη
447 3406 541 3460 τοῦ
565 3404 699 3459 Θεοῦ
729 3406 823 3458 καὶ
865 3402 1071 3475 πατρὸς
1113 3400 1297 3469 σοφία,
1321 3398 1352 3450 ὁ
1380 3397 1677 3471 μονογενὴς
1710 3398 1859 3462 Υἱός.

268 3498 367 3551 Διὸ
405 3498 630 3567 ἐπάγων
655 3498 683 3550 ὁ
714 3494 1032 3566 Προφήτης,
1059 3492 1226 3562 φησίν
1253 3507 1268 3522 ·

424 3675 572 3746 οὐχ)
606 3674 688 3729 σὺ
730 3676 764 3728 ὁ
804 3671 948 3741 Θεὸς
987 3674 1021 3727 ὀ
1068 3671 1466 3743 ἀπωσάμενος
1495 3668 1697 3742 ἡμᾶςὶ

342 3767 665 3831 Τουτέστιν,
697 3766 779 3819 ὅτι
829 3766 903 3819 Σὺ
944 3764 974 3819 ὁ
1019 3764 1151 3829 Θεὸς
1186 3765 1215 3818 6
1252 3764 1371 3818 κατ’
1416 3762 1591 3842 ἀρχὰς
1621 3760 1710 3815 διὰ
1763 3758 1863 3831 τὴν

272 3859 563 3931 ἁμαρτίαν
605 3856 970 3925 ἀπωσάμενος
1014 3856 1165 3928 ήμᾶς
1197 3870 1213 3886 ⁸
1244 3853 1409 3917 αὐτὸς
1450 3852 1539 3907 διά
1576 3852 1864 3923 σπλάγχνα

273 3952 469 4015 ἐλέους
497 3967 591 4003 σου
619 3948 991 4019 οίκτειρήσας,
1019 3947 1259 4013 ἀπάγεις
1288 3948 1372 4010 είς
1394 3946 1550 4000 πόλιν
1578 3944 1862 4016 περιοχῆς,

274 4044 381 4098 καὶ
410 4042 627 4112 ὁδηγεῖς
650 4040 758 4105 ἕως
776 4038 877 4110 τῆς
912 4037 1247 4110 -Ἰδουμαίας,
1276 4038 1417 4093 κατά
1440 4036 1542 4109 τὴν
1564 4035 1866 4109 προαποδε-

274 4133 516 4206 δομένην
546 4130 831 4204 ἐξήγησιν.

277 4328 395 4387 Kal
421 4330 535 4385 οὐκ
572 4327 892 4396 ἐξελεύσῃ,
930 4328 966 4381 ὁ
1024 4325 1193 4395 Θεὸς,
1234 4324 1307 4380 ἐν
1351 4323 1483 4390 ταῖς
1532 4321 1869 4394 δυνάμεσιν

983 4418 1171 4489 ἡμῶν.

1961 1920 2276 1992 congeries,
2311 1920 2460 1975 circa
2495 1935 2662 1991 quam
2690 1928 2946 1976 versatur
2964 1919 3235 1974 naturalis
3269 1919 3325 1974 in
3352 1919 3554 1990 spiritu

1961 2012 2357 2083 contemplatio
2373 2029 2387 2078 ;
2402 2028 2534 2081 qua,
2563 2028 2631 2067 ex
2656 2012 3073 2083 pulchritudine
3094 2020 3151 2067 et
3174 2011 3557 2083 magnitudine

1962 2119 2153 2160 rerum
2198 2103 2554 2169 creatarum',
2598 2119 2700 2174 per
2737 2104 3153 2179 proportionem
3193 2119 3388 2159 earum
3429 2103 3551 2174 ipse

1959 2196 2231 2253 Conditor
2288 2195 2358 2250 ab
2409 2210 2478 2251 eo
2536 2195 2877 2266 conspicitur
2908 2195 2927 2226 "
2954 2235 2971 2260 ,
3027 2195 3124 2265 qui
3174 2194 3419 2266 ipsarum
3465 2194 3558 2265 pic

1961 2287 2258 2344 scientiam
2298 2287 2544 2357 colligat.

2030 2378 2143 2434 Aut
2171 2377 2313 2433 forte
2348 2376 2722 2448 philosophia,
2751 2390 2852 2447 per
2885 2392 3111 2434 carnem
3146 2378 3384 2434 actionis
3423 2376 3555 2433 fun-

1960 2465 2147 2520 ctione
2172 2464 2437 2520 virtutem
2472 2464 2698 2531 colens;
2728 2480 2837 2535 qua
2868 2482 3073 2537 corpus
3092 2477 3345 2523 nostrum
3376 2467 3558 2538 Spiri-

1963 2563 2053 2610 tus
2071 2556 2250 2611 sancti
2282 2555 2550 2625 templum
2584 2555 2867 2623 eﬂ'ectum,
2900 2558 3288 2614 mandatorum
3319 2560 3556 2629 pulchre

1959 2648 2303 2704 ornamentis
2336 2647 2748 2702 comditicatur:
2780 2648 2850 2703 ad
2877 2664 3043 2718 quam
3069 2650 3337 2706 Dominus
3363 2666 3559 2707 rursus

1961 2740 2212 2805 deducit,
2263 2738 2359 2809 qui
2390 2738 2752 2809 diligentibus
2788 2739 2992 2810 ipsum,
3030 2741 3196 2796 etiam
3256 2757 3443 2797 rerum
3498 2742 3557 2798 in

1959 2839 2247 2902 aspectum
2270 2828 2587 2885 cadentium
2618 2830 2903 2885 scientiam
2923 2831 3223 2903 largiatur;
3250 2832 3558 2904 doceatque

1960 2932 2199 2979 terrena:
2229 2922 2397 2995 hujus
2418 2938 2484 2978 ac
2516 2923 2769 2979 mortalis
2797 2924 2980 2980 carnis
3000 2924 3376 2981 membrorum
3412 2940 3560 2980 mor-

1962 3015 2348 3071 tiﬁcationem.

2032 3108 2184 3174 Sive,
2209 3117 2272 3163 ut
2296 3108 2490 3180 paucis
2513 3107 2825 3179 expediam,
2843 3108 3041 3165 civitas
3062 3111 3304 3181 praesidii
3336 3127 3401 3168 ac
3428 3127 3555 3168 mn-

1965 3200 2276 3257 nitionibus
2301 3200 2504 3265 cincta,
2544 3200 2704 3256 docta
2731 3208 2818 3256 est
2846 3216 3035 3257 rerum
3059 3202 3390 3271 spiritalium
3418 3217 3556 3258 con-

1968 3294 2277 3365 templatio.
2303 3294 2541 3349 ldumaza
2572 3308 2731 3359 vero,
2759 3309 2975 3359 eorum,
3033 3310 3156 3364 quae
3185 3310 3350 3350 sensu
3370 3294 3554 3365 perci-

1966 3387 2219 3456 piuntur,
2242 3385 2507 3450 scientia;
2545 3385 2614 3440 ad
2647 3401 2786 3456 quas
2828 3385 3056 3440 deducit
3082 3385 3407 3456 dirigitque,
3450 3384 3548 3455 qui

1967 3478 2083 3533 sola
2142 3477 2240 3533 Dei
2294 3476 2560 3547 sapientia
2596 3477 2650 3541 ’⁸,
2697 3475 3015 3547 unigenitus
3079 3475 3253 3531 Filius
3315 3477 3553 3533 exsistit.

1967 3568 2339 3636 Quamobrem
2371 3567 2617 3622 subdens
2634 3567 2932 3637 Propheta,
2965 3568 3044 3624 ait
3070 3584 3085 3622 :

2037 3661 2205 3715 Vens.
2251 3659 2338 3713 12.
2364 3658 2553 3713 Nonne
2584 3665 2662 3722 tu,
2711 3657 2871 3721 Deus,
2896 3658 2987 3727 qui
3012 3657 3256 3730 repulisti
3280 3660 3415 3713 nos?

2040 3752 2160 3808 Hoc
2187 3760 2295 3815 est,
2324 3759 2382 3805 tu
2403 3749 2570 3815 Deus,
2603 3748 2697 3819 qui
2724 3763 2753 3803 a
2786 3748 3063 3819 principio
3099 3760 3327 3820 propter
3354 3764 3555 3820 pecca-

1971 3851 2086 3900 tum
2099 3856 2202 3897 nos
2230 3839 2500 3911 repulisti,
2530 3838 2647 3908 ipse
2672 3848 2900 3909 propter
2925 3839 3137 3894 viscera
3160 3839 3560 3895 misericordia

1974 3944 2084 3990 tua:
2110 3933 2395 3997 misertus,
2431 3930 2676 3986 deduces
2730 3945 2834 3985 nos
2865 3930 2921 3985 in
2976 3929 3260 3986 civitatem
3312 3931 3557 4001 pmsidii

1970 4025 2134 4098 343
2182 4026 2373 4094 atque:
2401 4023 2710 4088 munitam;
2753 4022 3061 4092 ductorque
3108 4023 3222 4078 eris
3263 4038 3441 4093 usque
3497 4024 3557 4079 in

1972 4119 2294 4184 Idumaaam,
2325 4117 2481 4189 juxta
2512 4113 2916 4186 expositionem
2949 4114 3005 4170 in
3026 4115 3412 4185 superioribus
3441 4124 3559 4171 tra-

1972 4209 2166 4266 ditam.

2044 4336 2118 4404 Et
2140 4351 2245 4389 non
2271 4332 2580 4405 egredieris,
2604 4330 2769 4400 Deus,
2800 4332 2859 4386 in
2888 4328 3201 4385 exercitibus
3236 4331 3453 4384 nostris.

352 4513 434 4567 Οὐ
468 4511 579 4583 γάρ
612 4510 949 4579 ἐξελεύσεται
972 4510 1001 4563 ὁ
1023 4508 1157 4572 Θεὸς
1188 4508 1248 4561 ἐν
1292 4506 1372 4578 τῷ
1410 4505 1496 4577 ἐφ’
1533 4505 1711 4577 ἐαυτῷ
1742 4504 1865 4579 θαῤ·

2042 4505 2163 4563 Νοιι
2186 4504 2335 4560 enim
2364 4505 2511 4560 Deus
2532 4519 2657 4559 cum
2686 4504 2781 4559 illo
2812 4504 3151 4576 egredietur,
3170 4504 3264 4575 qui
3300 4504 3355 4559 in
3377 4505 3561 4576 seipso

281 4603 498 4677 ροῦντι,
559 4604 655 4657 καὶ
700 4603 793 4656 ἐπὶ
829 4602 907 4673 τῷ
934 4601 1072 4672 τόξῳ
1098 4599 1396 4665 ἐλπίζοντι,
1423 4598 1567 4652 κατὰ
1604 4597 1702 4668 τὴν
1744 4600 1875 4669 pop.-

282 4695 456 4765 φαίαν
487 4692 912 4764 ἐπιγραφομένῳ
951 4689 1145 4745 ἑαυτοῦ
1169 4690 1453 4761 σωτήριον.
1494 4688 1635 4741 Ἀλλ’
1667 4690 1727 4741 ἐν
1756 4689 1871 4751 τοῖς

281 4788 339 4839 ἐν
366 4784 518 4856 αὐτῷ
550 4783 629 4855 τῷ
649 4784 767 4854 Θεῷ
793 4782 1111 4855 κερατιοῦσι
1143 4782 1270 4845 τοὺς
1304 4780 1555 4852 ἐχθροὺς,
1579 4779 1675 4834 καὶ
1702 4780 1762 4832 ἐν
1789 4778 1870 4849 τῷ

282 4877 511 4948 ὀνόματι
558 4875 722 4929 αὑτοῦ
756 4873 1092 4940 ἐξουδενοῦσι
1123 4874 1246 4936 τοὺς
1287 4871 1750 4943 ἐπανισταμένους
1773 4871 1871 4925 αὐ-

280 4968 416 5032 τοῖς,
460 4964 687 5027 εἰκότως
714 4966 743 5017 6
772 4963 906 5027 Θεὸς
937 4961 1280 5030 ἐξελεύσεται
1313 4963 1451 5033 πρὸς
1475 4961 1567 5015 τὸν
1593 4961 1737 5016 κατὰ
1758 4960 1869 5014 τῶν

283 5058 537 5129 ἀοράτων
561 5055 771 5128 ἐχθρῶν
802 5054 1060 5125 πόλεμον.

284 5152 395 5216 Δὸς
434 5148 579 5218 ἡμῖν
608 5147 900 5216 ,ϐοήθειαν
931 5146 1001 5200 ἐκ
1037 5146 1320 5214 θλίψεως,
1353 5144 1450 5198 καί
1502 5146 1725 5215 ματαία
1754 5161 1871 5200 σω-

818 5239 992 5306 τηρία
1005 5236 1341 5306 ἀνθρώπου.

356 5330 641 5394 Εὐκτικῶς
667 5329 846 5386 δέεται
872 5328 967 5382 τοῦ
1001 5329 1138 5382 Θεοῦ
1169 5329 1265 5383 καὶ
1285 5328 1538 5400 Σωτῆρος
1587 5330 1651 5383 ἐκ
1700 5346 1872 5398 προσ-

287 5424 436 5477 ὡπου
486 5424 588 5493 τῆς
621 5422 810 5493 κοινῆς
861 5421 1124 5491 φύσεωςὸ
1154 5421 1469 5491 Προφήτης,
1502 5419 1719 5490 δοθῆναι
1744 5423 1874 5492 ήμῖν

291 5516 544 5587 βοήθειαν
600 5516 663 5568 ἐκ
716 5514 817 5585 τῆς
858 5512 1093 5583 θλίψεως
1121 5528 1135 5542 ·
1165 5512 1367 5585 δηλαδή
1404 5512 1508 5582 τῆς
1536 5513 1876 5566 κατασκεδα-

293 5608 512 5676 σθείσης
541 5606 643 5677 τῆς
685 5605 899 5675 φύσεως
943 5602 1033 5656 διὰ
1072 5601 1174 5674 τὴν
1212 5600 1509 5673 ἁμαρτίαν,
1568 5601 1663 5655 καὶ
1711 5601 1872 5673 μέχρι

370 5774 390 5805 ⁷
430 5770 558 5841 Sap.
589 5786 705 5833 xm,
738 5769 791 5825 5.
828 5840 835 5843 ν
868 5766 941 5843 ⁸71
976 5764 1105 5821 Cor.
1138 5781 1179 5832 ι,
1224 5764 1315 5821 24.
1393 5766 1413 5797 °
1449 5765 1593 5820 Psal.
1626 5782 1776 5829 ιιιιιι,
1806 5765 1860 5830 6,
1895 5768 1945 5820 7.

1971 4598 2226 4663 conlidit,
2260 4605 2555 4667 speratque
2585 4596 2643 4650 in
2677 4612 2808 4651 arcu
2834 4612 2956 4661 suo,
3004 4612 3068 4651 ac
3104 4598 3201 4667 qui
3243 4597 3427 4668 gladio
3458 4614 3561 4653 suo

1971 4691 2207 4745 salutem
2251 4688 2483 4743 ascribit
2517 4705 2532 4743 :
2572 4688 2670 4744 sed
2693 4702 2819 4743 cum
2849 4689 2939 4754 iis,
2969 4688 3063 4759 qui
3096 4689 3150 4744 in
3175 4689 3294 4759 ipso
3325 4690 3561 4745 Domino

1973 4781 2229 4837 inimicos
2278 4777 2629 4835 ventilabunt
2666 4795 2837 4835 cornu
2863 4820 2879 4846 ,
2934 4789 2992 4835 et
3035 4780 3091 4834 in
3135 4781 3255 4851 ejus
3311 4781 3541 4837 nomine

1971 4882 2240 4944 spernent
2275 4873 2625 4944 insurgentes
2661 4872 2717 4927 in
2748 4873 2899 4943 ipsos
2926 4872 2970 4939 ’,
2996 4872 3197 4928 merito
3230 4873 3377 4928 Deus
3397 4887 3561 4943 egre-

1972 4965 2178 5029 dietur,
2203 4964 2271 5019 ad
2306 4963 2704 5020 conferendum
2735 4963 3003 5019 adversus
3028 4963 3339 5019 invisibiles
3366 4963 3560 5020 hostes

1971 5056 2255 5126 praelium.

2042 5147 2208 5203 Vens.
2242 5146 2333 5201 15.
2366 5146 2452 5202 Da
2482 5147 2630 5202 nobis
2690 5147 2956 5205 auxilium
2987 5147 3051 5201 de
3085 5146 3465 5213 tribulatione;
3512 5155 3562 5201 et

1971 5255 2110 5293 vana
2143 5238 2290 5293 salus
2315 5239 2563 5306 hominis,

2050 5330 2337 5386 Precantis
2364 5346 2518 5386 more
2558 5331 2735 5386 Deum
2767 5346 2832 5387 ac
2859 5330 3202 5386 Salvatorcm
3242 5329 3557 5386 communis

1979 5422 2204 5492 generis
2232 5422 2454 5478 nomine
2483 5430 2639 5493 rogat
2663 5422 2957 5492 Propheta,
2993 5432 3054 5478 ut
3082 5423 3245 5477 detur
3274 5420 3436 5477 nobis
3460 5436 3561 5474 au-

1980 5512 2175 5566 xilium
2202 5512 2269 5568 de
2300 5511 2690 5578 tribulatione;
2713 5526 2836 5581 qua:
2858 5511 3068 5566 scilicet
3097 5520 3329 5582 propter
3354 5524 3556 5579 pecca-
3586 5520 3589 5549 τ

1982 5611 2097 5657 tum
2128 5601 2182 5657 in
2224 5611 2479 5658 naturam
2535 5602 2643 5658 late
2685 5601 2861 5658 eilusa
2890 5609 3000 5667 est,
3035 5610 3200 5672 atque
3232 5601 3301 5656 ad
3352 5600 3557 5655 inferni
