4082 6434
209 427 306 489 8ῗ3

1176 417 1584 482 ΕΧΡΟΞΙΤΙΟ
1619 417 2029 483 ORATIONIS
2070 420 2478 485 DOMINICIE.

3298 480 3303 487 .
3335 429 3443 494 87$

207 554 362 610 μενον
391 552 408 568 '
459 534 553 590 τὸν
592 534 682 591 ἀεὶ
726 534 827 605 μὲν
866 533 1133 607 παρόντα,
1158 538 1253 590 καὶ
1275 538 1496 590 ἀπεῖναι
1516 535 1597 607 τῷ
1619 536 1779 590 πνεύ-

1887 539 1975 607 qui
2000 552 2219 607 semper
2243 537 2469 607 quidem
2503 550 2746 608 prmsens
2770 550 2862 600 sn,
2897 548 2998 593 nec
3030 548 3261 608 usquam
3297 557 3451 611 pror~

206 647 332 700 ματι
369 629 649 692 παντελῶς
678 628 739 681 οὐ
762 627 1059 699 δυνάμενον
1084 643 1100 658 ’
1153 628 1304 699 ὅμως
1357 627 1416 682 δὲ
1454 628 1526 682 δι’
1571 630 1771 700 ἀρετῆς

204 719 522 791 περιουσίαν
546 718 899 789 θεομιμήτως
934 716 1285 788 συγγίνεσθαι
1308 718 1423 780 τοῖς
1454 716 1619 771 αὐτοῦ
1649 716 1772 771 δού-

202 814 334 879 λοις,
372 813 468 866 καὶ
496 812 564 865 δι’
593 807 663 885 ἧς
686 813 715 865 6
744 810 875 875 Θεὸς
899 809 1097 865 δέδωκε
1135 813 1203 882 τῇ
1231 809 1389 883 φύσει
1424 811 1771 881 προφάσεως,

201 908 300 960 οὐκ
329 904 791 975 ἀπαναινόμενον.
816 902 911 955 Διὸ
937 902 1222 974 θαυμάσας
1252 902 1419 955 αὑτοῦ
1444 902 1505 957 τὸ
1546 902 1773 972 μέγεθος

199 998 295 1067 τῆς
352 994 837 1065 συγκαταϐάσεως,
881 992 1032 1066 πόθῳ
1061 991 1370 1066 σύγκρατον
1400 994 1491 1049 τὸν
1519 995 1655 1064 πρὸς
1679 995 1775 1049 αὑ-

199 1089 287 1142 τὸν
354 1088 518 1158 φόϐον
572 1086 921 1157 ἐποιησάμην
954 1101 969 1114 °
1020 1084 1116 1139 xui.
1162 1086 1292 1156 μίαν
1337 1085 1397 1151 ἐξ
1425 1085 1770 1156 ἀμφοτέρων,

200 1180 369 1251 φόϐου
390 1198 450 1234 τε
482 1181 577 1235 καὶ
600 1179 789 1247 πόθου,
818 1179 1037 1250 ἀγάπην
1065 1178 1462 1249 ἐνεστησάμην,
1500 1179 1566 1232 δι’
1591 1178 1775 1243 αἰδοῦς

201 1275 294 1328 καὶ
342 1274 555 1337 εὐνοίας
592 1272 988 1344 συνισταμένην
1020 1289 1033 1303 ·
1088 1273 1175 1326 ἵνα
1206 1272 1344 1342 μήτε
1376 1274 1529 1341 μῖσος
1555 1273 1584 1325 6
1610 1272 1774 1341 φόϐος

200 1370 420 1440 γίνηται
468 1366 561 1421 τοῦ
585 1366 748 1420 πόθου
777 1365 1172 1436 γυμνούμενος,
1201 1366 1340 1435 μήτε
1374 1364 1777 1435 καταφρόνησις

198 1462 227 1512 ό
272 1457 464 1523 πόθος,
492 1458 584 1510 τὸν
615 1454 869 1527 σώφρονα
892 1455 1059 1525 φόϐον
1089 1455 1433 1526 συνημμένον
1464 1456 1565 1509 οὐκ
1589 1456 1726 1525 ἔχων
1758 1471 1773 1487 ·

199 1549 339 1604 ἀλλά
373 1549 537 1619 νόμος
584 1549 619 1619 ἠ
679 1548 869 1617 ἀγάπη
915 1547 1262 1617 τυγχάνουσα
1310 1546 1495 1619 δειχθῇ
1543 1547 1777 1619 στοργῆς

202 1640 529 1704 ἐνδιάθετος,
583 1640 730 1695 ἅπαν
775 1639 838 1693 τὸ
889 1638 1032 1692 κατά
1062 1638 1225 1707 φύσιν
1259 1638 1521 1708 συγγενὲς
1544 1638 1775 1693 οἰκειού-

202 1749 365 1803 μενος
399 1747 412 1759 ·
454 1732 523 1785 δι’
554 1730 764 1796 εὐνοίας
810 1729 929 1800 μὲν,
973 1728 1035 1782 τὸ
1070 1731 1227 1800 μῖσος
1278 1729 1664 1802 χειρούμενος*
1707 1728 1776 1783 δι’

210 1822 397 1886 αἰδοῦς
428 1822 509 1883 δὲ,
550 1823 737 1895 πόρρω
764 1820 1084 1892 ποιούμενος
1120 1820 1217 1891 τὴν
1240 1821 1646 1892 καταφρόνησιν
1670 1836 1685 1852 ’
1718 1820 1778 1874 ὃν

1881 644 1977 685 sus
2008 630 2204 699 spiritu
2233 629 2428 684 abesse
2455 630 2663 699 possit;
2685 646 2789 685 nec
2808 630 3028 686 virtutis
3061 640 3241 687 tamen
3277 633 3457 688 abun-

1880 718 2089 782 dantia,
2123 714 2242 773 beo
2267 734 2408 783 pene
2428 718 2575 772 aliini
2598 719 2812 774 ratione
2838 720 3164 791 dedignetur
3192 737 3316 775 cum
3343 738 3455 777 ser-

1879 809 1965 863 vis
1989 810 2105 863 suis
2133 810 2248 879 ipse
2277 810 2558 881 congredi,
2601 826 2660 867 ac
2689 827 2795 881 qua
2821 812 2966 866 Deus
3016 819 3230 866 natura:
3298 816 3456 866 Occa~

1881 900 2036 957 sione
2066 901 2359 956 concessit.
2383 901 2748 967 Quamobrem
2775 904 2894 973 ejus
2918 920 2975 958 se
2999 903 3071 960 ita
3099 905 3233 959 mihi
3260 904 3456 960 demit.

1880 993 2048 1055 tentis
2072 1008 2139 1048 ac
2171 993 2486 1049 inclinantis
2510 993 2810 1049 admiratus
2828 996 2996 1049 animi
3026 998 3457 1067 magnitudinem

1881 1086 2183 1156 quojipsum
2209 1101 2534 1157 prosequor,
2555 1086 2810 1141 timorem
2834 1087 3109 1144 desiderio
3134 1091 3453 1160 temperavi;

1881 1192 2158 1249 unamque
2180 1194 2249 1233 ex
2273 1178 2545 1234 ambobus
2574 1178 2793 1248 (timore
2814 1180 3030 1235 scilicet
3047 1198 3113 1236 ac
3144 1182 3455 1252 desiderio)

1881 1269 2255 1333 dilectionem,
2283 1270 2603 1326 reverentiae
2623 1286 2688 1326 ac
2734 1271 3135 1328 benevolentiae
3167 1275 3459 1330 affectibus

1882 1370 2249 1423 conStantem,
2275 1360 2525 1429 institui;
2559 1372 2621 1418 ut
2645 1376 2749 1418 nec
2778 1363 2942 1419 timor
2976 1363 3249 1420 desiderio
3292 1367 3458 1422 desti-

1883 1460 2036 1506 tutus
2064 1451 2122 1507 in
2165 1452 2353 1507 odium
2384 1453 2704 1524 degeneret,
2733 1470 2914 1524 neque
2945 1455 3188 1510 vicissim
3239 1456 3457 1511 deside-

1883 1543 2026 1597 rium
2063 1543 2119 1598 in
2141 1553 2514 1615 contemptum
2535 1546 2716 1608 cedat,
2773 1547 2921 1615 quod
2969 1563 3078 1601 una
3130 1550 3459 1618 conjunctus

1883 1636 2102 1693 sobrius
2130 1652 2195 1693 ac
2222 1647 2404 1693 castus
2437 1638 2603 1692 timor
2626 1638 2804 1709 ipsum
2836 1638 3087 1705 deficiat:
3127 1640 3222 1694 sed
3240 1640 3459 1695 dilectio

1884 1731 2091 1785 amoris
2116 1731 2201 1785 lex
2218 1730 2463 1800 penitius
2491 1732 2678 1785 animo
2705 1730 2877 1786 indita
2903 1733 3459 1804 appareat,quidquid

1885 1830 2081 1875 natura
2111 1829 2403 1889 cognatum
2437 1829 2523 1875 est
2552 1821 2856 1876 concilians
2884 1821 3099 1891 sibique
3128 1822 3416 1877 vindicans
3442 1840 3458 1889 ;

204 1917 271 1987 δὴ
306 1917 545 1987 μάλιστα
567 1890 804 1980 πάντων,
850 1890 995 1985 φημὶ
1040 1914 1097 1967 δὲ
1129 1890 1221 1967 τδν
1264 1890 1449 1983 φόϐον,
1494 1890 1593 1986 τῆς
1628 1913 1779 1977 θείας

1887 1927 1945 1967 ac
1976 1928 2118 1981 quae,
2151 1912 2533 1967 benevolentia
2558 1912 2805 1981 quidem,
2827 1912 3014 1966 odium
3033 1913 3283 1983 subigat,
3308 1930 3460 1968 reve-

202 2011 429 2080 ἀγάπης
472 2008 791 2062 συστατικὸν
830 2007 1085 2075 ἐπιγνοὺς
1111 2006 1279 2060 Δαϐὶδ
1304 2007 1333 2060 6
1360 2007 1649 2077 μακάριος,
1674 2022 1780 2075 φη-

204 2101 309 2153 σίν·
355 2100 420 2153 '0
437 2100 622 2169 φόϐος
658 2097 876 2167 Κιφίου
913 2097 1119 2166 ἁγνὸς,
1151 2095 1446 2165 διαμένων
1480 2097 1568 2163 είς
1596 2094 1781 2149 αἰῶνα

202 2191 426 2258 αἰῶνος
453 2207 468 2221 ·
517 2190 706 2262 ἕτερον
749 2188 950 2260 δηλαδὴ
982 2187 1170 2242 τοῦτον
1201 2186 1375 2250 εἰδὼς,
1403 2188 1552 2257 παρά
1581 2186 1671 2240 τὸν
1695 2186 1781 2239 ἐπ’

204 2283 514 2353 ἐγκλήμασι
535 2280 646 2334 δέει
675 2280 945 2351 τιμωρίας
969 2278 1358 2349 συνιστάμενον
1385 2277 1550 2348 φόϐον
1574 2295 1587 2307 ο
1622 2276 1780 2348 είπερ

204 2376 231 2427 6
259 2374 358 2444 μὲν
395 2372 501 2437 ἔξω
529 2372 757 2441 γίνεται,
786 2373 856 2442 τῇ
912 2370 1185 2443 παρουσίᾳ
1227 2371 1326 2441 τῆς
1348 2370 1567 2440 ἀγάπης
1588 2384 1786 2421 παντε-

203 2465 308 2530 λῶς
342 2464 753 2536 ἀφανιζόμενος,
777 2462 852 2527 ὥς
874 2479 978 2516 που
1004 2464 1117 2525 τοῖς
1142 2463 1336 2516 ἑαυτοῦ
1364 2462 1541 2531 λόγοις
1568 2462 1596 2514 6
1612 2459 1784 2531 μέγας

206 2556 598 2627 εὖαγγελιστὴς
626 2556 876 2625 Ἰωάννης
894 2555 1190 2619 δείκνυται,
1208 2556 1449 2624 φάσκωνσ
1478 2556 1548 2609 Ἡ
1585 2552 1785 2624 ἀγάπη

202 2649 320 2714 ἔξω
342 2647 571 2714 ,βάλλει
590 2648 697 2701 τὸν
722 2648 912 2718 φόϐον
934 2664 949 2677 ’
980 2649 1009 2703 ό
1030 2647 1111 2712 δὲ,
1139 2647 1230 2701 τὸν
1259 2647 1357 2717 τῆς
1377 2645 1609 2717 ἀληθοῦς
1632 2663 1787 2716 στορ-

205 2741 307 2809 γῆς
333 2740 583 2810 φυσικῶς
626 2739 1032 2812 χαρακτηρίζει
1072 2739 1233 2811 νόμον
1259 2755 1273 2770 ·
1311 2737 1451 2792 αἰδοῖ
1510 2736 1788 2807 συντηρῶν

206 2832 287 2894 εἰς
344 2831 521 2884 αἰῶνα
560 2832 673 2893 τοῖς
717 2831 912 2899 ἁγίοις,
960 2831 1097 2904 πρὸς
1119 2847 1180 2884 τε
1208 2830 1341 2884 Θεὸν
1373 2830 1468 2884 καὶ
1497 2829 1780 2899 ἀλλήλους,

1883 2002 2063 2057 rentia
2106 2009 2293 2057 autem
2327 2042 2342 2060 .
2397 2010 2776 2071 contemptum
2847 2003 3041 2073 procul
3118 2005 3458 2059 submoveat.

1881 2092 2037 2148 Hunc
2061 2093 2277 2165 (nempe
2309 2094 2582 2162 timorem)
2612 2110 2737 2150 cum
2783 2094 2979 2149 beatus
3001 2094 3171 2149 David
3194 2097 3461 2165 ejusmodi

1883 2192 2101 2249 nosset,
2128 2195 2319 2255 utpra:
2348 2185 2606 2249 omnibus
2654 2186 2890 2241 maxime
2928 2187 3129 2242 divina:
3180 2187 3461 2241 dilectioni

1883 2283 2254 2346 comparatus.
2281 2276 2431 2331 illius
2450 2277 2603 2331 velut
2635 2264 3126 2333 constit'uendze'ac
3161 2276 3465 2350 insiginen-

1884 2368 1967 2425 dae
2002 2369 2054 2423 vi
2072 2368 2343 2440 prmditus
2381 2370 2473 2432 sit,
2507 2368 2583 2424 ita
2609 2368 2771 2424 iniit:
2810 2369 2991 2424 Timor
3018 2368 3232 2424 Domini
3253 2380 3460 2433 castus,

1887 2485 2202 2540 permanens
2238 2472 2295 2526 in
2320 2470 2578 2525 swculum
2602 2470 2784 2527 seaculi
2810 2471 2825 2501 ¹
2854 2487 2870 2536 ;
2936 2472 3031 2541 (ιυί
3076 2489 3274 2543 nempe
3318 2474 3464 2528 hunc

1888 2557 2056 2612 alium
2074 2558 2328 2614 timorem
2350 2575 2462 2615 non
2491 2559 2790 2630 ignoraret,
2816 2560 2909 2631 qui
2928 2572 3075 2617 metu
3094 2553 3288 2632 paenae,
3307 2563 3377 2617 ob
3396 2580 3463 2620 ea

1887 2664 2011 2719 qua:
2040 2648 2165 2718 quis
2210 2650 2351 2703 mala
2378 2649 2635 2723 patravit,
2676 2651 2986 2705 concrescit
3020 2667 3034 2704 :
3076 2652 3280 2721 quippe
3334 2667 3461 2707 cum

1889 2741 1983 2796 ille
2016 2741 2327 2797 dilectionis
2360 2741 2598 2797 adventu
2647 2745 2874 2812 penitus
2901 2757 3258 2807 evanescens,
3297 2759 3461 2800 exce-

1888 2828 2005 2894 dat.
2030 2834 2108 2888 uti
2141 2834 2380 2904 quodam
2408 2835 2530 2889 loco
2570 2848 2802 2905 magnus
2845 2833 3087 2890 Joannes
3130 2837 3464 2907 evangelista

205 2923 297 2975 τὸν
333 2922 438 2993 τῆς
469 2923 690 2995 ἀγάπης
739 2923 939 2994 θεσμόν
992 2939 1052 2976 τε
1105 2922 1202 2977 καὶ
1251 2921 1449 2995 τρόπον
1502 2921 1781 2985 παντελῶς

1887 2924 2109 2994 scriptis
2129 2925 2247 2980 suis
2290 2925 2554 2989 ostendit,
2608 2926 2685 2980 ita
2718 2926 2953 2995 loquens
2985 2944 2997 2977 :
3029 2924 3275 2981 Charitas
3320 2928 3463 2997 foras

205 3016 553 3088 ἀδιάφθορον.

1880 3018 2039 3071 mittit
2071 3017 2310 3071 timorem
2329 3018 2347 3047 ³
2373 3034 2389 3083 ;
2416 3017 2508 3071 hic
2530 3026 2737 3081 autem,
2762 3018 2877 3072 veri
2906 3027 3102 3072 natura
3143 3021 3351 3074 amoris
3379 3020 3459 3073 le-

205 3129 328 3182 gem
354 3112 621 3183 peculiari
650 3112 801 3168 velut
821 3122 951 3169 nota
980 3111 1267 3184 insigniat;
1292 3110 1555 3183 355qui
1576 3124 1772 3179 nempe
1790 3109 2025 3164 modesti
2060 3110 2232 3165 animi
2270 3112 2579 3165 reverentia
2608 3112 2985 3182 incorruptam
3024 3114 3249 3169 omnino
3289 3116 3464 3185 legem

206 3210 546 3280 modumque
571 3209 903 3275 dilectionis,
929 3225 1039 3280 qua
1070 3217 1186 3263 tum
1223 3208 1359 3272 Deo,
1391 3216 1510 3262 tum
1546 3206 1638 3261 alii
1661 3206 1788 3261 aliis
1825 3207 2001 3262 sancti
2027 3206 2274 3277 proclive
2305 3216 2555 3271 utuntur,
2580 3207 2634 3261 in
2669 3222 2847 3263 aevum
2876 3208 3171 3264 custodiat.

274 3301 438 3372 Πόθῳ
488 3300 640 3370 γοῦν,
693 3301 769 3364 ὡς
827 3301 987 3373 ἔφην,
1027 3301 1185 3370 κάγὼ
1216 3300 1457 3372 κεράσας
1483 3299 1575 3353 τὸν
1603 3299 1781 3369 φόϐον¹

1964 3300 2085 3369 Ipse
2122 3314 2343 3369 quoque
2390 3298 2578 3370 igitur,
2610 3299 2691 3353 uti
2717 3298 2987 3364 dicebam,
3023 3300 3275 3355 timorem
3315 3301 3464 3358 desi-

206 3389 344 3461 πρὸς
373 3390 465 3442 τὸν
498 3388 630 3459 ἐμὸν
661 3389 955 3459 Δεσπότην,
1013 3388 1202 3446 τοῦτον
1247 3388 1347 3458 τῆς
1395 3387 1615 3460 ἀγάπης
1659 3406 1783 3442 συν-

206 3481 526 3554 εστησάμην
555 3479 647 3537 τὸν
684 3485 847 3553 νόμον
873 3484 1035 3554 μέχρι
1072 3484 1172 3555 τῆς
1202 3483 1443 3554 σήμερον
1470 3496 1485 3512 ⁸
1521 3481 1659 3534 αἰδοῖ
1688 3480 1785 3551 μὲν

206 3573 303 3629 τοῦ
351 3579 588 3646 γράφειν
632 3574 969 3645 εἰργόμενος,
1009 3574 1098 3627 ἵνα
1144 3573 1220 3644 μὴ
1259 3570 1401 3646 λάϐῃ
1423 3570 1662 3644 χώρανὴ
1688 3588 1786 3625 κα-

207 3669 543 3737 ταφρόνησις
574 3682 588 3698 ο
618 3665 806 3738 εὐνοίᾳ
831 3666 888 3719 δὲ
920 3665 1056 3734 πρὸς
1080 3665 1139 3718 τὸ
1169 3665 1402 3736 γράφειν
1454 3661 1784 3732 ὠθούμενος,

210 3760 299 3813 ἵνα
314 3757 390 3829 μὴ
406 3757 636 3828 νομισθῇ
660 3761 811 3827 μῖσος
828 3759 862 3829 ἡ
877 3757 1057 3811 τελεία
1072 3756 1165 3812 τοῦ
1184 3756 1417 3827 γράφειν
1433 3756 1783 3826 παραίτησις.

212 3850 417 3921 Γράφω
450 3850 530 3913 δὲ,
558 3849 716 3902 τοῦτο
752 3850 1010 3919 πράττειν
1048 3849 1422 3920 κελευόμενος,
1450 3848 1547 3918 οὐχ
1570 3848 1669 3902 ὃσα
1702 3847 1787 3900 λο-

209 3944 435 4014 γίζομαι
462 3956 480 3974 ’
527 3940 813 4010 Λογισαοὶ
862 3939 971 4009 γὰρ
1014 3940 1338 4007 ἀνθρώπων
1383 3938 1590 4001 δειλοὶ,
1646 3936 1788 3990 κατά

211 4039 310 4110 τὴν
360 4037 624 4108 Γραφήν·
678 4034 791 4087 ἀλλ’
840 4036 941 4088 ὅσα
993 4032 1241 4103 βούλεται
1280 4032 1433 4096 Θεὸς,
1481 4032 1575 4085 καὶ
1606 4031 1787 4100 χάριτι

212 4130 353 4203 πρὸς
378 4128 477 4200 τὴν
501 4125 595 4182 τοῦ
636 4126 1006 4197 συμφέροντος
1054 4124 1268 4194 γένεσιν
1317 4122 1651 4177 ἐπιδίδωσιν.
1718 4120 1789 4175 'H

213 4218 324 4287 γάρ
355 4216 562 4283 ,ϐουλὴ
605 4214 712 4268 τοῦ
754 4213 974 4282 Κυρίου
1013 4213 1112 4284 (1),
1170 4212 1336 4281 φησὶν
1380 4212 1410 4263 6
1465 4208 1649 4273 Δαϐὶδ,
1702 4209 1790 4271 είς

212 4310 325 4364 τὸν
350 4307 536 4362 αἰῶνα
556 4306 723 4377 μένει
755 4323 769 4337 ·
824 4304 1102 4386 λογισμοί
1153 4302 1264 4371 τῆς
1308 4298 1547 4370 καρδία(⁸
1604 4298 1790 4353 αὑτοῦ

214 4406 305 4469 είς
336 4401 557 4471 γενεὰν
583 4400 682 4453 καί
735 4395 949 4467 γενεάν
975 4412 989 4426 °
1025 4395 1219 4466 βουλὴν
1260 4393 1358 4466 μὲν
1406 4392 1568 4463 τυχὸν
1614 4393 1791 4462 φήσας

215 4495 311 4549 τοῦ
342 4490 481 4547 Θεοῦ
522 4492 620 4547 καὶ
648 4490 881 4561 Πατρὺς,
911 4489 1010 4559 τὴν
1030 4489 1121 4541 ἐπὶ
1152 4484 1345 4540 θεώσει
1375 4484 1477 4553 τῆς
1514 4484 1793 4554 ἡμετέρας

219 4588 435 4657 φύσεως
464 4584 773 4657 ἀπόρρητον
824 4582 1055 4637 κένωσιν
1115 4577 1213 4631 τοῦ
1266 4575 1587 4647 μονογενοῦς
1635 4573 1789 4639 Υίοῦ,

1890 3392 2045 3451 derio
2098 3402 2433 3463 temperans,
2481 3390 2624 3445 hanc
2678 3390 2943 3446 hactenus
2991 3406 3118 3461 erga
3172 3392 3463 3447 Dominum

1891 3500 2074 3540 meum
2110 3483 2323 3538 institui
2347 3479 2662 3538 dilectionis
2688 3479 2962 3553 regulam;
3009 3495 3170 3552 quun
3204 3497 3464 3539 reveren-

1893 3576 1967 3629 tia
1995 3574 2217 3644 quidem
2268 3573 2337 3627 ab
2371 3572 2667 3628 scribendo
2696 3572 2996 3635 deterreat,
3020 3588 3088 3626 ne
3117 3575 3298 3627 forsan
3332 3590 3466 3629 con-

1892 3675 2132 3737 temptus
2166 3665 2392 3731 subeat;
2437 3664 2822 3719 benevolentia
2871 3676 3056 3719 antem
3109 3665 3175 3719 ad
3216 3665 3466 3719 scriben-

1892 3755 2023 3810 dum
2077 3755 2361 3824 impellat,-
2399 3770 2471 3809 ne
2537 3754 2764 3808 omnino
2814 3754 3095 3809 scribendi
3156 3755 3470 3810 detrectans

1892 3857 2078 3919 partes
2109 3848 2292 3903 odisse
2331 3847 2544 3902 videar.
2582 3846 2780 3903 Scribe
2808 3856 3016 3911 autem,
3049 3848 3143 3918 qui
3175 3849 3255 3903 sic
3282 3850 3471 3918 jussus

1893 3940 2018 4004 sim,
2044 3956 2154 3996 non
2182 3956 2303 4011 quae
2338 3939 2603 4008 cogitanti
2630 3949 2966 3995 succurrunt
2993 3940 3213 4004 omnia;
3250 3952 3375 3995 nam
3410 3949 3473 3995 ut

1894 4031 2138 4101 loquitur
2162 4032 2445 4102 Scriptura
2473 4042 2486 4085 :
2522 4030 2875 4101 Cogitationes
2908 4032 3178 4089 hominum
3202 4031 3468 4098 timidw’;

1894 4124 1989 4179 sed
2024 4138 2372 4194 quaecunque
2402 4139 2471 4179 ex
2506 4123 2604 4179 Dei
2635 4133 2764 4178 sunt
2792 4125 3096 4187 voluntate,
3130 4141 3195 4180 ac
3227 4140 3349 4194 qute
3382 4125 3473 4179 ille

1894 4221 2081 4293 gratia:
2120 4234 2370 4286 munere,
2398 4228 2461 4276 ut
2501 4222 2853 4276 commodum
2903 4222 3109 4290 aliquid
3160 4223 3471 4291 proveniat,

1895 4313 2091 4368 tribuit
2127 4322 2291 4382 atque
2325 4312 2687 4383 suppeditat:
2722 4298 3013 4367 Consilium
3061 4312 3207 4366 enim
3236 4310 3470 4373 Domini.

1897 4406 2075 4476 inquit
2102 4401 2296 4470 David,
2317 4407 2373 4459 in
2396 4412 2654 4460 internum
2682 4412 2894 4471 manet;
2936 4406 3274 4475 cogitationes
3304 4408 3473 4461 cordis

1896 4492 2009 4567 ejus
2052 4496 2107 4549 in
2142 4497 2540 4567 generationem
2591 4504 2640 4547 et
2686 4494 3151 4567 generatione'm‘;
3180 4496 3471 4552 consilium

1898 4586 2040 4641 forte
2081 4586 2365 4656 appellans
2397 4580 2495 4641 Dei
2521 4601 2586 4640 ac
2614 4584 2813 4649 Patris,
2840 4596 3005 4656 quam
3039 4584 3354 4657 nnigenitus
3389 4589 3476 4643 Fi-

220 4679 341 4733 καθ’
372 4680 439 4750 ἢν
466 4677 579 4747 ἔχει
613 4676 830 4730 πάντων
858 4674 966 4728 τῶν
999 4671 1210 4727 αἰώνων
1236 4671 1297 4724 τὸ
1322 4670 1495 4741 πέρας
1522 4683 1781 4739 περιγρα-

1893 4679 2002 4733 lius
2032 4678 2201 4733 nullis
2242 4678 2430 4732 verbis
2460 4677 2842 4747 explicabilem
2889 4679 3153 4749 suscepit,
3186 4679 3253 4734 ad
3302 4696 3475 4750 genus

223 4772 453 4841 φόμενον
482 4785 498 4800 ο
537 4768 832 4837 λογισμοὺς
860 4765 915 4819 δὲ
942 4764 1045 4834 τῆς
1078 4762 1301 4834 καρδίας
1332 4761 1518 4818 αὑτοῦ.
1548 4759 1673 4823 τοὺς
1695 4761 1794 4830 τῆς

1898 4769 2201 4825 humanum
2250 4770 2454 4825 deitate
2498 4769 2839 4835 donandum,
2866 4771 3327 4837 exinanitionem;
3369 4789 3475 4841 qna

225 4860 480 4934 προνοίας
520 4858 615 4912 καὶ
661 4861 763 4929 τῆς
792 4857 1026 4928 κρίσεως
1050 4854 1241 4922 λόγους
1260 4868 1274 4883 ⁸
1327 4851 1447 4905 καθ’
1476 4849 1572 4913 οὓς
1608 4851 1708 4934 τήν
1735 4866 1781 4902 τε

1894 4859 2151 4915 videlicet
2197 4862 2445 4915 omnium
2492 4861 2656 4915 ﬁnem
2734 4862 3063 4918 eteculorum
3134 4863 3480 4919 circumscri—

226 4932 508 5025 παροῦσαν
556 4949 713 5022 ἡμῶν
757 4947 902 5020 ζωὴν
957 4946 1053 5001 καὶ
1103 4945 1201 5016 τὴν
1251 4944 1567 5016 μέλλουσαν,
1606 4932 1781 5013 ὥσπερ

1898 4953 2055 5020 ptum
2080 4950 2249 5005 habet
2288 4968 2302 5003 :
2335 4950 2699 5020 cogitationes
2729 4968 2861 5007 vero
2900 4952 3084 5008 cordis
3117 4954 3258 5024 ejus,
3297 4954 3479 5022 provi-

226 5046 375 5107 τινάς
408 5040 597 5110 γενεάς
628 5039 913 5110 διαφόρους
950 5036 1127 5106 σοφῶς
1144 5036 1400 5104 διεξάγει,
1446 5032 1781 5104 καταλλήλως

1898 5032 2099 5097 tientia:
2125 5057 2187 5095 ac
2229 5039 2425 5111 judicii
2460 5042 2701 5098 rationes
2730 5043 2950 5113 quibus,
2972 5049 3088 5097 tum
3132 5051 3478 5113 praesentem,

230 5130 432 5207 ἑκάστῃ
450 5133 542 5186 τδν
574 5130 848 5202 πρέποντα
893 5128 1092 5200 τρόπον
1136 5128 1237 5199 τῆς
1283 5126 1567 5198 ἐνεργείας
1616 5137 1763 5195 προσ

1900 5146 2063 5202 quam
2112 5131 2324 5200 agimus
2366 5132 2557 5196 vitam,
2604 5143 2722 5187 tum
2769 5133 3033 5198 futuram,
3087 5149 3188 5188 ceu
3236 5132 3481 5187 divorsas

232 5233 425 5302 νέμων,
1903 5220 2168 5290 quasdam
2199 5220 2582 5291 generationes
2626 5224 2906 5293 sapienter
2940 5222 3179 5277 traducit
3204 5221 3481 5291 transigit-

232 5332 354 5390 que,
385 5328 626 5392 congrua
656 5316 857 5388 cuiQue
892 5314 1106 5371 ratione
1150 5312 1573 5370 convenientem
1623 5310 1962 5381 operationis
2021 5312 2246 5366 modum
2306 5312 2561 5368 dividens
2615 5329 2679 5368 ac
2716 5312 3058 5383 impartiens.

301 5511 362 5566 Et
393 5510 450 5564 δὲ
475 5509 626 5572 θείας
649 5507 882 5578 ὑπάρχει
912 5505 1106 5577 βουλῆς
1137 5504 1298 5576 ἔργον
1350 5503 1503 5574 ήτῆς
1527 5489 1781 5574 ἦμετὲρας

1976 5497 2130 5567 Quod
2165 5500 2211 5554 si
2254 5499 2427 5553 divini
2468 5498 2680 5554 consilii
2712 5513 2851 5567 Opus
2893 5506 2978 5551 est
3014 5496 3238 5549 bnmani
3270 5496 3484 5565 generis

241 5603 444 5669 φύσεως
473 5598 668 5663 θέωσις
687 5617 701 5631 ·
724 5592 817 5654 καὶ
838 5599 945 5651 τῶν
967 5597 1126 5652 θείων
1144 5598 1420 5669 λογισμῶν
1440 5596 1555 5649 ἐστι
1580 5586 1778 5656 σκοπὸς

1909 5591 2221 5654 deiﬁcatio,
2285 5607 2463 5661 eoque
2506 5590 2804 5646 collineant
2855 5588 3053 5643 divinw
3105 5588 3485 5659 cogitationes.

243 5695 273 5765 ἦ
319 5696 455 5768 πρὸς
499 5694 561 5748 τδ
617 5692 788 5762 πέρας
844 5693 1145 5763 διεξαγωγὴ
1193 5692 1302 5746 τῶν
1331 5688 1673 5761 ζητουμένων
1701 5686 1781 5756 τῆι

1912 5694 1973 5738 ut
2003 5684 2112 5737 vita
2138 5690 2320 5738 nostra
2358 5682 2413 5736 in
2454 5696 2644 5735 eorum
2673 5694 2796 5750 quae
2829 5678 3078 5733 oratione
3109 5685 3395 5746 petuntur,
3423 5673 3483 5727 ti-

309 5876 325 5907 ⁸
354 5875 497 5933 Psai.
528 5890 675 5939 xvnt.
710 5876 792 5930 l0.
869 5874 890 5905 ¹
916 5875 1074 5932 Joan.
1107 5890 1181 5941 tv,
1224 5874 1314 5944 18,,
1387 5873 1405 5905 ³
1434 5872 1561 5941 Sap.
1595 5886 1668 5935 ix,
1707 5866 1781 5923 ti.

1918 5862 2057 5919 Psai.
2093 5877 2254 5928 xxxn,
2291 5863 2376 5916 Η.

470 5960 745 6028 ΡΑτιιοί..
780 5967 894 6027 Gn.
950 5967 1065 6027 XC.
1307 5941 1314 5944 ﬁ
3091 5941 3167 6006 28
