3888 6436
180 390 315 456 θὲί

1120 392 1518 454 EXPOSITIO
1557 395 1968 458 ORATIOle
2008 398 2417 460 DOMINICE.

3302 351 3424 466 882.

179 506 380 578 θρωπος
409 505 619 574 γίνεται
661 506 744 578 (τὸ
790 505 938 572 ξένον
968 506 1136 570 ὅντως
1173 509 1409 578 πρᾶγμα
1450 511 1544 561 καὶ⁵
1573 508 1736 564 ἄκου-

1840 511 1986 566 Deus
2008 527 2135 566 cum
2163 520 2330 577 esset,
2365 512 2528 567 homo
2555 513 2615 567 ﬁt
2652 511 2788 583 (rem
2823 512 2983 583 plane
3007 527 3200 566 novam
3225 519 3276 565 et
3307 528 3406 564 au-

181 599 303 666 σμα)
334 599 533 652 καὶτὸν
556 600 656 672 τῆς
680 600 882 671 σαρκὸς
915 599 1082 654 θέλων
1106 599 1460 670 καθαδὲχεται
1483 601 1731 655 θάνατον.

179 687 380 740 Τούτων
427 689 700 756 ἁπάντων,
750 691 827 754 ώς
902 690 1064 761 ἔφην,
1111 691 1323 761 αἴτησιν
1374 690 1512 760 ἔχων
1559 692 1588 744 ό
1639 693 1736 762 τῆς

178 781 478 850 προσευχῆς
506 782 863 854 εὑρεθήσεται
892 783 1070 853 λόγος.

238 872 453 940 Πατέρα
478 872 609 943 γὰρ.
659 874 755 927 καὶ
803 875 1018 946 Πατρὸς
1057 875 1228 944 ὄνομα
1254 875 1423 943 λέγει,
1463 876 1554 930 καὶ
1587 875 1737 946 βασι-

177 961 314 1014 λείαν
335 977 348 991 ⁸
382 964 477 1015 καὶ
508 963 700 1016 τούτου
727 964 821 1018 τοῦ
851 966 1066 1038 Πατρὸς
1091 963 1246 1030 αὖθις
1279 966 1404 1020 Υἱὸν
1429 968 1487 1019 ἐν
1531 967 1732 1037 χάριτι,

177 1054 256 1106 τὸν
283 1056 714 1126 προσευχόμενον
742 1057 870 1112 ὄντα
897 1059 1248 1129 παρίστησιν.
1292 1060 1440 1123 Ἐνός
1474 1077 1534 1113 τε
1579 1061 1737 1132 Gelli;-

179 1161 333 1215 ματος
356 1147 481 1211 τοὺς
508 1149 567 1200 ἐν
598 1149 814 1220 οὐρανῷ
835 1152 928 1204 καὶ
950 1154 1020 1222 γῇ
1052 1152 1303 1220 γενέσθαι
1334 1153 1506 1222 ζητεῖ.
1538 1154 1736 1225 ’Δρτον

175 1237 426 1291 αἰτεῖσθαι
449 1243 778 1312 προστάττει
804 1243 896 1297 τὸν
925 1245 1220 1300 ἐπιούσιον.
1245 1246 1603 1317 Καταλλαγὴν
1625 1250 1736 1309 τοῖς

175 1328 468 1401 ἀνθρώποις
496 1332 778 1402 νομοθετεῖ
821 1333 978 1406 [alter
1011 1337 1175 1390 codex
1206 1335 1498 1408 ὲπιζητεῖ],
1528 1337 1624 1390 καὶ
1658 1337 1736 1408 τῷ

177 1422 470 1491 συγχωρεῖν
501 1422 596 1474 καὶ
618 1423 1138 1496 συγχωρεῖσθαιτὴν
1165 1424 1328 1495 φύσιν
1363 1426 1500 1496 πρὸς
1533 1426 1733 1494 ἑαυτὴν

175 1511 356 1576 συνδεῖ,
382 1514 448 1584 τῇ
485 1512 717 1584 διαφορᾷ
741 1514 840 1583 τῆς
866 1515 1090 1588 γνώμης
1122 1517 1198 1588 μὴ
1234 1516 1594 1588 τεμνομένην.
1638 1518 1735 1581 Εἷς

173 1619 223 1654 τε
261 1604 566 1674 πειρασμὸν
608 1605 892 1672 εἰσελθεῖν,
923 1607 999 1670 ὡς
1045 1607 1206 1678 νόμον
1237 1608 1530 1675 ἁμαρτίας,
1565 1608 1736 1662 ἀπεύ-

173 1693 348 1761 χεσθαι
382 1695 659 1750 διδάσκειο
707 1699 804 1751 καὶ
829 1698 1092 1770 ρυσθῆναι
1134 1698 1229 1752 τοῦ
1265 1699 1500 1770 πονηροῦ
1537 1717 1735 1772 παραι-

173 1787 260 1837 νεῖ.
297 1785 439 1840 Ἔδει
466 1787 578 1858 γὰρ
608 1788 700 1841 τὸν
744 1790 1044 1860 αὐτουργὸν
1077 1791 1171 1844 καὶ
1202 1790 1405 1862 δοτῆρα
1452 1791 1560 1844 τῶν
1598 1794 1735 1861 ἀγα-

175 1881 268 1933 θῶν
312 1877 451 1936 εἶναι
497 1885 594 1938 καὶ
642 1884 985 1950 διδάσκαλον,
1046 1880 1136 1939 οἷα
1183 1885 1246 1956 δὴ
1301 1861 1587 1956 μαθηταῖς,
1621 1890 1734 1950 τοῖς
1766 1861 1807 1916 Β

174 1974 504 2030 πιστεύουσιν
552 1979 632 2040 είς
661 1977 846 2045 αὑτὸν,
893 1978 989 2032 καὶ
1039 1978 1392 2048 μιμουμένοις
1438 1978 1604 2034 αὐτοῦ
1638 1978 1736 2050 τὴν

171 2065 248 2119 διὰ
293 2067 494 2136 σαρκὸς
551 2069 796 2139 ἀγωγὴν,
843 2068 1123 2139 ὑποθήκας
1173 2068 1317 2141 ζωῆς
1348 2072 1549 2142 ταύτης
1591 2088 1735 2141 παρ-

173 2157 411 2227 εχόμενον
437 2159 540 2229 τῆς
575 2160 882 2231 προσευχῆς
913 2159 983 2213 τὰ
1035 2159 1175 2232 ρητά
1216 2159 1358 2233 [ϐαι.
1393 2161 1491 2218 Fr.
1529 2161 1732 2224 Venet.,

175 2248 398 2322 ῥήματα]
420 2267 434 2280 ·
469 2250 540 2302 δι’
571 2244 646 2304 ὧν
690 2251 817 2315 τοὺς
839 2252 898 2305 ἐν
927 2250 1075 2322 αὐτῷ
1109 2254 1227 2306 κατ’
1257 2250 1394 2318 εἶδος
1425 2253 1736 2324 ὑφεστῶτας

173 2340 260 2407 τῆς
309 2341 500 2408 σοφίας
551 2342 777 2412 καὶτῆς
822 2341 1074 2412 γνώσεως
1125 2345 1478 2416 ἀποκρύφους
1531 2346 1735 2415 ἐμήνυε

175 2429 488 2500 θησαυροὺς,
548 2431 684 2502 πρὸς
738 2432 838 2504 τὴν
897 2434 1078 2488 αὐτῶν
1142 2434 1442 2490 ἀπόλαυσιν
1496 2436 1737 2507 δηλονότι

173 2521 268 2575 τῶν
295 2523 592 2595 αἰτούντων
632 2524 871 2580 ἐλαύνων
909 2525 1007 2598 τὴν
1039 2525 1242 2596 ἔφεσιν.

236 2615 326 2668 Διὰ
349 2615 512 2670 τοῦτο
551 2617 880 2689 προσευχὴν,
926 2613 1100 2690 οἶμαι,
1134 2619 1334 2691 ταύτην
1367 2619 1596 2690 κέκληκε
1641 2619 1739 2690 τὴν

173 2705 501 2762 διδασκαλίαν
551 2711 578 2762 ὁ
618 2708 799 2777 λόγος,
856 2709 932 2774 ώς
980 2711 1449 2783 αἴτησινεχουσαν
1493 2711 1602 2765 τῶν
1643 2713 1738 2765 ἀν-

175 2795 394 2868 θρώποις
421 2801 569 2854 κατὰ
595 2801 752 2873 χάριν
781 2801 844 2853 ἐκ
868 2800 1002 2855 Θεοῦ
1031 2802 1321 2873 διδομένων
1343 2801 1552 2874 δώρων.
1581 2801 1736 2856 Οὕτω

174 2890 271 2957 γὰρ
301 2891 348 2944 οἱ
398 2891 752 2944 θεόπνευστοι
795 2891 1037 2962 Πατέρες
1087 2893 1242 2964 ἡμῶν
1291 2894 1580 2965 δριστικῶς
1611 2895 1740 2964 περὶ

175 2982 259 3051 τῆς
290 2985 599 3056 προσευχῆς
630 2984 925 3054 διεξῆλθον,
958 2986 1252 3056 φήσαντες,
1287 2980 1428 3040 εἶναι
1456 2985 1554 3057 τὴν
1579 3003 1742 3058 προσ·

174 3076 322 3146 ιυχὴν
345 3077 584 3148 αἴτησιν,
616 3069 690 3130 ὧν
715 3077 845 3140 Θεὸς
879 3077 1200 3148 πρεπόντως
1241 3077 1419 3148 ἐαυτῷ
1451 3079 1738 3150 δωρεῖσθαι

1832 605 2156 676 ditionem!)
2189 620 2252 660 ac
2279 605 2460 659 carnis
2484 615 2717 661 mortem
2753 613 2947 675 sponte
2975 605 3232 659 admittit.
3263 603 3411 659 Cun-

1833 706 1921 752 cta
1982 699 2097 754 haec
2126 698 2382 767 petenda,
2406 699 2486 753 uti
2510 699 2782 763 dicebam,
2804 698 3073 754 orationis
3113 697 3412 751 Dominicaa

1834 799 2041 844 textum
2078 790 2357 845 insinuare
2385 791 2653 846 invenias.

1901 882 2066 953 35,9
2092 883 2308 937 Patrem
2336 883 2503 947 enim,
2544 892 2600 938 et
2630 883 2809 938 Patris
2841 897 3043 937 nomen
3073 896 3412 951 regnumque

1833 973 2076 1043 loquitur
2111 992 2125 1026 :
2165 974 2436 1044 bujusque
2473 989 2664 1030 rursus
2699 972 2875 1028 Patris
2901 973 3098 1027 Filium
3131 972 3186 1026 in
3215 971 3409 1042 gratia.

1832 1075 2079 1121 orantem
2129 1065 2392 1120 ostendit.
2447 1063 2622 1122 Unius
2668 1065 2800 1118 item
2844 1065 3164 1129 voluntatis,
3210 1062 3304 1132 qui
3355 1062 3412 1116 in

1832 1158 1972 1213 caelo
1998 1167 2054 1212 et
2091 1158 2185 1226 qui
2217 1157 2275 1210 in
2325 1166 2489 1219 terra,
2533 1154 2651 1209 ﬁeri
2691 1156 2846 1225 petit.
2885 1157 3087 1210 Panem
3137 1153 3412 1223 quotidia-

1832 1265 1966 1304 num
2001 1259 2255 1319 petamus
2281 1249 2458 1318 jubet.
2489 1246 2836 1312 llominibus,
2862 1247 2952 1302 alii
2989 1255 3050 1300 ut
3075 1247 3200 1300 aliis
3223 1260 3414 1299 recon-

1832 1338 2113 1402 cilientur,
2139 1337 2341 1402 sancit;
2379 1352 2552 1406 eaque
2584 1337 2799 1391 ratione
2841 1335 2989 1404 quod
3021 1344 3079 1390 et
3110 1334 3410 1397 dimittant,

1832 1440 1888 1486 et
1921 1430 2030 1486 illis
2077 1430 2412 1494 dimittatur,
2444 1438 2699 1484 naturam
2735 1428 2842 1483 sibi
2895 1428 3089 1497 ipsam,
3120 1425 3274 1479 nullo
3312 1438 3412 1478 vo-

1833 1521 2065 1577 luntatis
2096 1521 2378 1592 animique
2417 1521 2705 1576 sententiae
2760 1519 2988 1574 dissidio
3027 1517 3277 1581 scissam,
3319 1529 3416 1569 ne-

1835 1614 1952 1668 ctit.
1983 1614 2065 1668 Ad
2100 1615 2236 1679 haec,
2270 1614 2475 1669 intrare
2520 1613 2575 1667 in
2620 1613 3004 1675 tentationem,
3034 1621 3292 1678 tanquam
3333 1608 3414 1662 le-

1833 1718 1955 1774 gem
2011 1702 2244 1772 peccati,
2291 1702 2700 1772 deprecandum
2747 1702 3081 1756 documento
3132 1699 3318 1755 tradit.
3371 1697 3416 1751 A

1835 1796 1978 1850 malo
2009 1795 2250 1866 denique
2300 1794 2556 1849 hortatur
2581 1794 2830 1849 liberari.
2870 1793 3109 1848 Decebat
3142 1792 3312 1857 enim,
3356 1800 3418 1844 ut

1835 1889 2110 1944 bonorum
2147 1897 2344 1944 auctor
2372 1889 2488 1960 ipse
2522 1897 2575 1943 et
2607 1887 2857 1958 largitor,
2889 1886 3057 1941 etiam
3103 1884 3298 1938 doctor
3326 1897 3415 1937 es-

1835 1989 1938 2044 set,
1971 1981 2068 2050 qui
2101 1981 2314 2036 scilicet
2342 1980 2598 2034 ﬁdelibus
2644 1980 2781 2038 suis.
2817 1985 3079 2047 tanquam
3108 1973 3414 2043 discipulis,

1835 2071 2064 2140 ejusque
2097 2087 2197 2141 per
2221 2085 2446 2126 carnem
2472 2069 2818 2139 disciplinam
2851 2068 3084 2136 vitaeque
3119 2064 3420 2120 institutio-

1833 2178 1960 2216 nem
1992 2162 2361 2226 imitantibus,
2390 2161 2720 2216 documenta
2748 2159 2876 2214 vitae
2901 2157 3171 2212 orationis
3198 2165 3418 2211 senten-

1838 2254 1940 2308 tias
1967 2253 2222 2323 dictaque
2256 2253 2562 2323 prmberet;
2608 2251 2816 2322 quibus
2847 2249 2992 2316 apud
3029 2263 3086 2302 se
3118 2263 3245 2302 vere
3276 2247 3418 2303 exsi-

1837 2353 2048 2400 stentes
2097 2344 2379 2414 sapientiae
2417 2355 2474 2399 et
2503 2343 2749 2398 scientiae
2797 2343 3087 2397 thesauros
3129 2337 3419 2393 abscondi-

1837 2445 1923 2491 tos
1961 2436 2285 2502 ostcndit“;
2322 2435 2392 2490 ad
2419 2449 2556 2504 quos
2593 2432 2881 2499 fruendos,
2905 2447 3098 2487 eorum
3130 2429 3225 2501 qui
3258 2439 3418 2484 orant

1837 2543 1902 2582 ac
1930 2536 2145 2597 petunt,
2171 2527 2532 2598 cupiditatem
2565 2541 2922 2596 amoremque
2957 2524 3210 2594 impellit.

1907 2619 2141 2685 Idcirco,
2171 2628 2328 2689 puto,
2358 2619 2501 2673 hanc
2536 2617 2818 2688 Scriptura
2848 2616 3174 2682 doctrinam,
3209 2613 3417 2669 oratio-

1837 2726 1987 2776 nem,
2018 2709 2203 2766 Grzece
2236 2708 2566 2782 προσευχὴν,
2601 2708 2916 2778 appellavit,
2948 2715 3009 2761 ut
3036 2722 3158 2776 qua:
3198 2719 3414 2769 eorum,

1839 2819 1961 2872 qua:
1993 2818 2023 2856 a
2051 2803 2162 2857 Deo
2196 2802 2519 2856 hominibus
2546 2817 2644 2871 per
2677 2800 2909 2871 gratiam
2945 2797 3287 2860 tribuuntur,
3316 2795 3418 2850 do-

1839 2911 2061 2960 norum,
2095 2894 2423 2964 petitionem
2456 2893 2878 2963 complectatur.
2915 2890 3007 2946 Sic
3040 2890 3189 2944 enim
3231 2887 3420 2942 divino

1839 2986 2004 3042 amati
2058 2987 2285 3040 numine
2336 2987 2528 3040 Patres
2575 2984 2748 3040 nostri
2799 2982 2868 3037 de
2914 2982 3164 3036 oratione
3213 2979 3422 3052 (Graece

1841 3077 2162 3149 προσευχὴ).
2192 3079 2599 3143 disseruerunt,
2635 3075 2884 3130 dicentes
2921 3091 2935 3127 :
2967 3088 3088 3128 esse
3111 3071 3419 3127 orationem

176 3168 395 3234 πέφυκεν
438 3167 782 3239 ἀνθρώποις·
817 3167 1004 3240 ὥσπερ
1053 3169 1147 3224 καὶ
1223 3171 1322 3240 τὴν
1381 3171 1566 3241 εὐχὴν,
1609 3171 1736 3225 ὑπό-

1840 3169 2162 3239 petitioncm
2196 3184 2410 3234 eorum,
2437 3185 2560 3238 qua:
2595 3168 2741 3223 Deus
2783 3181 2885 3236 pro
2929 3166 3116 3219 innata
3149 3163 3418 3229 bonitate,

178 3271 363 3325 σχίσιν,
405 3259 578 3329 ἤγουν
617 3259 972 3329 ἐπαγγελίαν,
1006 3253 1080 3314 ὧν
1108 3261 1349 3331 γνησίως
1386 3262 1737 3332 λατρεύοντες

176 3345 282 3417 Θεῷ
319 3348 784 3419 προσκομίζουσιν
812 3350 1110 3421 ἄνθρωποι,
1144 3351 1242 3422 τὴν
1276 3352 1497 3422 Γραφὴν
1532 3369 1738 3422 μαρτυ-

179 3437 358 3507 ροῦσαν
377 3440 453 3510 τῷ
477 3441 668 3512 οἰκείῳ
698 3441 841 3514 λόγῳ
863 3443 1144 3513 πολλαχῶς
1169 3445 1638 3514 παραστήσαντες,
1663 3443 1737 3507 ὡς

176 3528 246 3594 τὸ,
285 3532 580 3597 Εὕξασθε,
613 3534 712 3586 καὶ
761 3534 1016 3590 ἀπόδοτε
1057 3535 1248 3604 Κυρίῳ
1275 3533 1356 3599 τῷ
1386 3534 1505 3601 Θεῷ
1533 3533 1732 3604 ἡμῶν·

177 3621 279 3682 καὶ,
315 3623 470 3678 Ὅσα
503 3624 814 3694 ηὐξάμην,
835 3625 1128 3680 ἀποδώσω
1149 3641 1246 3680 σοι
1279 3626 1507 3695 Σωτῆρι
1522 3644 1641 3695 μου
1659 3626 1740 3692 τῷ

178 3715 352 3781 Κυρίῳ
381 3715 477 3786 (9)·
514 3717 765 3788 περὶτῆς
798 3718 960 3788 εὐχῆς
977 3718 1241 3788 εἰρημένα
1262 3733 1276 3747 ⁸
1310 3719 1404 3771 καὶ
1433 3714 1588 3782 αὖθις
1612 3720 1739 3790 περὶ

179 3808 487 3878 προσευχῆς,
508 3807 585 3871 ὡς
606 3809 666 3861 τὸ
686 3849 703 3870 ,
733 3807 841 3863 Kal
863 3810 1250 3878 προσηύξατο
1285 3810 1358 3880 (h)
1381 3812 1562 3865 Ἅννα
1590 3811 1740 3879 πρὸς

178 3896 394 3964 Κύριον,
422 3898 694 3968 λέγουσα
713 3915 728 3930 ·
755 3901 932 3968 Κύριε
969 3902 1226 3963 Ἀδωναῒ,
1278 3903 1444 3956 Ἑλωῖ
1472 3904 1735 3966 σαὸαὼθ,

178 3984 272 4038 ἐὰν
319 3990 658 4043 εἰσακούων
720 3993 1090 4060 εισακούσῃς
1147 3992 1258 4061 τῆς
1314 3993 1535 4060 δούλης
1596 4011 1733 4062 σου,

182 4077 264 4129 καί
286 4078 400 4146 δῷς
444 4098 554 4152 μοι
598 4081 833 4149 καρπὸν
883 4084 1151 4150 κοιλίας*
1195 4082 1310 4148 καὶ,
1345 4087 1736 4153 Προσηύξατο

195 4167 428 4237 Ἐζεκίας
482 4173 787 4240 ,ϐασιλεὺς
856 4174 1071 4238 Ἰούδα,
1129 4176 1229 4230 καὶ
1300 4177 1547 4244 Ἡσαΐας
1607 4179 1736 4244 υἱὸς

197 4255 356 4328 Ἀμῶς
389 4265 422 4317 ό
449 4263 767 4333 προφήτης
794 4266 943 4334 πρὸς
983 4267 1202 4334 Κύριον
1224 4283 1237 4297 ⁶
1279 4269 1373 4322 καὶ⁵
1399 4269 1479 4334 τὸ,
1517 4270 1632 4323 Ὄτ’
1661 4269 1738 4323 ἂν

181 4348 329 4416 ὑμεῖς
363 4355 812 4422 προσεύχησθε,
863 4354 1090 4422 λέγετε,
1140 4355 1329 4424 Πάτερ
1382 4355 1550 4425 ἡμῶν
1593 4360 1626 4411 ὁ
1667 4358 1738 4411 ἐν

180 4439 289 4508 τοῖς
341 4444 642 4512 οὐρανοῖς,
708 4447 858 4516 παρά
904 4445 996 4499 τοῦ
1043 4447 1249 4518 Κυρίου
1298 4450 1412 4510 τοῖς
1469 4448 1736 4518 μαθηταῖς

1841 3270 2004 3330 atque
2020 3271 2081 3322 ut
2111 3261 2288 3330 ipsum
2310 3261 2468 3316 decet
2483 3259 2702 3330 elargiri
2722 3257 3043 3313 hominibus
3062 3256 3303 3326 proclive
3324 3255 3420 3310 ha-

1842 3352 1964 3418 bet;
2025 3352 2487 3423 quemadmodum
2529 3361 2742 3416 votum,
2778 3352 2964 3407 Graece
3004 3349 3189 3418 εὐχὴν,
3225 3362 3418 3402 eorum

1841 3437 2287 3514 promiSsionem,
2320 3459 2413 3498 seu
2470 3441 2958 3511 nuncupationem,
2992 3455 3113 3508 qua:
3143 3436 3258 3489 veri
3300 3436 3414 3490 cul-

1843 3546 1992 3592 tores
2021 3537 2133 3590 Deo
2165 3537 2448 3591 otl'erunt:
2485 3544 2649 3604 atque
2690 3534 2821 3588 huic
2863 3548 2974 3588 sua:
3027 3532 3311 3586 sententiae
3356 3545 3423 3583 ac

1843 3627 2150 3682 deﬁnitioni
2203 3627 2544 3698 Scripturam
2591 3625 2780 3679 multis
2841 3625 2977 3678 locis
3031 3621 3421 3691 astipulantem

1842 3719 2175 3788 producunt,
2212 3727 2268 3772 ut
2294 3727 2377 3773 est
2403 3717 2535 3771 illud
2561 3717 2628 3771 de
2658 3726 2788 3770 voto
2828 3715 3035 3769 dictum
3065 3732 3077 3766 :
3116 3713 3320 3776 Vovete,
3369 3718 3420 3765 et

1842 3811 2040 3864 reddite
2073 3809 2295 3863 Domino
2325 3808 2432 3862 Deo
2461 3816 2638 3861 nostro
2660 3807 2723 3859 ’⁵.
2762 3805 2830 3860 Ει
2868 3823 2880 3857 :
2918 3803 3045 3869 Quw
3075 3804 3186 3856 vovi
3219 3802 3416 3860 omnia,

1843 3901 2060 3954 reddant
2098 3901 2189 3954 tibi
2223 3899 2446 3953 Domino
2471 3897 2699 3952 salutari
2733 3912 2847 3950 meo
2872 3896 2946 3961 ¹⁶;
2981 3909 3102 3963 qua:
3125 3893 3268 3947 dicta
3291 3899 3420 3945 sunt

1842 3989 1909 4043 de
1936 3996 2094 4053 voto;
2137 4005 2200 4042 ac
2234 4003 2425 4040 rursus
2456 3985 2523 4040 de
2552 3987 2822 4049 oratione,
2861 3994 2921 4040 ut
2967 3993 3052 4038 est
3100 3980 3234 4034 illud
3286 3997 3300 4034 :
3348 3979 3418 4034 Et

1841 4084 2008 4135 oravit
2049 4083 2203 4136 Anna
2233 4081 2305 4132 ad
2327 4079 2633 4141 Dominum,
2682 4079 2852 4131 dicens
2877 4094 2895 4130 :
2923 4076 3144 4130 Domine
3188 4073 3416 4135 Adonei,

1840 4173 1980 4228 Deus
2015 4173 2365 4234 exercituum,
2410 4171 2455 4224 si
2502 4170 2785 4223 exaudiens
2821 4166 3116 4222 exaudiaris
3166 4163 3420 4218 ancillam

1841 4275 2007 4327 tuam,
2041 4271 2087 4316 et
2118 4262 2322 4314 dederis
2349 4263 2472 4314 milii
2500 4262 2729 4331 fructum
2761 4260 2956 4314 ventris
2981 4259 3047 4311 ”.
3089 4257 3248 4320 Item,
3279 4255 3419 4310 Ora-

1840 4358 1910 4411 vit
1941 4355 2188 4409 Ezechias
2217 4370 2308 4406 rex
2339 4353 2502 4411 Iuda,
2530 4361 2578 4405 et
2605 4354 2775 4408 Isaias
2800 4351 2944 4419 ﬁlius
2973 4350 3133 4404 Amos
3165 4348 3419 4418 propheta

1844 4447 1914 4500 ad
1941 4445 2222 4498 Dominum
2246 4444 2308 4498 ¹⁸.
2348 4443 2405 4498 Id
2439 4443 2679 4513 denique
2713 4442 2859 4512 quod
2888 4457 2917 4496 a
2946 4440 3177 4495 Domino
3211 4439 3420 4492 dictum

181 4530 448 4602 εἰρημένον
466 4552 480 4565 ·
509 4535 583 4598 ὡς
604 4531 742 4589 εἶναι
771 4536 1028 4590 δύνασθαι
1053 4536 1151 4608 τὴν
1175 4537 1271 4607 μὲν
1295 4537 1479 4608 εὐχὴν,
1511 4539 1736 4592 ἐντολῶν

1841 4547 1925 4592 est
1955 4535 2239 4606 discipulis
2272 4553 2283 4588 :
2315 4533 2447 4589 Cum
2471 4536 2745 4588 oraveritis
2776 4551 2885 4594 eos,
2909 4533 3062 4586 dicite
3088 4549 3106 4586 :
3133 4531 3298 4585 Pater
3321 4546 3418 4583 no-

180 4622 391 4691 τήρησιν
419 4623 563 4678 κατὰ
601 4624 826 4696 γνώμην
861 4625 956 4678 τοῦ
1005 4626 1280 4696 ηὑγμὲνου
1312 4627 1702 4698 κεκυρωμένην
1723 4645 1736 4657 ·

179 4709 268 4776 τὴν
297 4713 351 4765 δὲ
381 4716 710 4786 προσευχὴν,
742 4716 844 4786 τῆς
873 4717 1008 4787 πρὸς
1040 4717 1108 4771 τὰ
1135 4718 1440 4788 τηρηθέντα
1475 4719 1612 4772 καλὰ
1643 4720 1736 4774 τοῦ

181 4802 523 4872 τετηρηκότος
562 4805 970 4874 μεταποιήσεως
1010 4805 1255 4876 αἴτησιν·
1292 4806 1326 4875 ῆ
1376 4807 1594 4877 μᾶλλον,
1639 4809 1740 4879 τὴν

185 4887 271 4954 μὲν
299 4891 458 4963 εὐχὴν
504 4894 704 4966 ἀρετῆς
747 4892 928 4959 ἆθλον,
968 4896 997 4949 ὃ
1039 4896 1102 4968 δὴ
1151 4899 1384 4968 μάλιστα
1426 4902 1739 4970 προσφιλῶς

179 4977 375 5049 δέχεται
417 4985 550 5050 Θεὸς
593 4987 1125 5057 προσκομιζόμενονο
1161 4990 1260 5059 τὴν
1305 4989 1362 5043 δέ
1406 4993 1734 5063 προσευχὴν,

1837 4638 1946 4683 ster
1972 4629 2136 4698 quies
2164 4644 2217 4681 ιη
2249 4626 2430 4692 cozlis;
2478 4635 2540 4680 ut
2576 4627 2752 4697 possit
2801 4626 3027 4696 quidem
3070 4632 3261 4679 votum
3300 4637 3419 4679 esse

1840 4722 2225 4774 mandatorum
2252 4717 2587 4782 observatio,
2631 4719 2770 4787 ejus,
2808 4718 2901 4788 qui
2933 4717 3103 4781 vovit,
3151 4713 3418 4770 sententia

1840 4827 1908 4865 ac
1929 4812 2211 4865 voluntate
2239 4810 2593 4876 conlirmata;
2638 4812 2814 4866 oratio
2852 4827 3002 4875 vero,
3029 4809 3242 4879 petitio,
3280 4815 3342 4860 ut
3374 4806 3419 4858 is

1841 4904 1936 4972 qui
1980 4903 2316 4967 observavit,
2361 4903 2414 4956 in
2445 4920 2510 4957 ea
2564 4919 2686 4972 qua:
2726 4904 3011 4958 observata
3055 4910 3202 4965 sunt,
3258 4898 3421 4968 350

1840 4993 1984 5048 bona
2011 4994 2327 5048 reducatur.
2358 4992 2484 5048 Sive
2530 4994 2733 5063 potius,
2761 5003 2949 5049 votum
2975 4991 3222 5062 quidem,
3243 4989 3419 5044 virtu-

245 5115 283 5146 “
307 5115 516 5174 Coloss.
545 5136 602 5188 ιι,
633 5119 688 5176 3.
767 5121 811 5153 ⁸³
838 5121 981 5177 Psal.
1013 5140 1099 5189 xv,
1129 5124 1217 5179 12.
1295 5127 1338 5157 ¹⁶
1367 5126 1518 5182 Jonae
1549 5144 1607 5193 ιι,
1642 5127 1725 5181 l0.

1840 5130 1845 5144 '
1884 5129 1904 5182 Ι
1937 5129 2068 5198 Reg.
2103 5145 2116 5179 ι
2172 5127 2256 5180 10.
2335 5127 2375 5156 ¹⁸
2403 5127 2449 5180 ll
2475 5128 2651 5182 Paral.
2685 5144 2850 5193 mm,
2879 5125 2968 5180 20.

245 5249 315 5334 (ι)
366 5252 592 5334 Σῳτῇρί
619 5272 781 5334 ,μούν
822 5255 904 5319 τῷ
933 5256 1372 5334 Kvplq)._Grreca
1424 5259 1731 5334 Vulgata:

181 5317 352 5400 τῃρίρρ
381 5321 459 5391 τῷ
491 5317 699 5400 Κυρίῲ,
732 5317 849 5400 qua
874 5317 1227 5400 voce’passim
1261 5329 1490 5400 salutem
1513 5317 1561 5381 ὁὶ
1591 5329 1733 5383 LXX

185 5343 352 5398 τηρωυ
381 5343 459 5391 τῳ
491 5343 631 5394 λυρι
685 5365 699 5388 ,
739 5343 849 5394 qua
874 5343 1006 5379 voce
1027 5343 1227 5396 passum
1261 5343 1490 5382 salutem
1513 5343 1561 5381 οι
1591 5343 1733 5383 mu

185 5343 680 5466 ειειιὶβοιιιιιχ-(ἧοὲἶ
716 5395 871 5449 Alex.
917 5398 1004 5466 εἰς
1055 5398 1319 5466 σωτήριόν
1377 5415 1500 5465 μου,
1549 5413 1579 5451 a
1623 5416 1734 5466 quo

186 5473 286 5512 non
312 5461 467 5535 longe
494 5463 650 5535 Vulg.
702 5482 797 5533 pro
841 5464 1014 5518 salute
1061 5461 1321 5529 Domino,
1371 5461 1432 5520 ut
1473 5475 1529 5521 et
1573 5461 1738 5521 Arab.

188 5543 368 5612 nempe
385 5533 625 5612 salutem
680 5535 1053 5612 accipientes,
1092 5551 1194 5605 pro
1231 5547 1366 5612 vote
1385 5537 1440 5591 in
1472 5553 1616 5612 eam
1639 5553 1745 5592 eu-

189 5597 468 5671 charistico
513 5621 527 5656 :
562 5620 688 5659 nam
725 5597 953 5661 Hebraea
1011 5597 1229 5671 sonant,
1271 5605 1428 5661 Salus
1467 5607 1687 5660 Domino
1725 5625 1742 5662 :

189 5669 286 5730 vel,
308 5680 376 5739 ut
405 5672 568 5739 Pagn.
600 5674 832 5731 Domini.

255 5738 322 5812 (ll)
371 5738 934 5812 Καϊπροσηύξιιτο.
987 5747 1280 5801 Maximum
1339 5745 1561 5812 fefellit,
1595 5747 1740 5812 quod

192 5808 343 5864 verba
371 5810 504 5878 hare,
539 5808 660 5885 quae
690 5808 860 5873 Annae
890 5818 1103 5873 cantico
1134 5825 1402 5887 praeeunt,
1430 5817 1494 5872 ad
1525 5808 1587 5871 vc

1839 5278 1894 5321 ll,
1923 5273 1971 5313 c.
1997 5277 2035 5318 ι,
2063 5257 2256 5318 traxit;
2293 5271 2354 5308 ea
2388 5257 2599 5310 scilicet
2636 5272 2756 5325 quae
2786 5253 3234 5325 suntperationi‘s,
3259 5252 3413 5325 adea

1839 5345 1959 5399 quae
1982 5336 2111 5382 sunt
2135 5327 2268 5399 voti.
2297 5326 2376 5379 Ibi
2406 5327 2551 5399 enim
2585 5323 2686 5388 est,
2720 5325 2853 5399 Kal
2873 5323 3074 5399 ηὔξατο
3103 5323 3268 5392 εὐχὴν
3305 5324 3415 5399 Ku-

1843 5393 1961 5468 ῥίῳ,
1993 5413 2097 5451 nec
2132 5397 2414 5468 ullusgest,
2443 5397 2537 5465 qui
2574 5411 2683 5448 non
2723 5394 2935 5458 reddat,
3059 5402 3237 5468 volunt
3280 5394 3414 5446 uouit

1839 5462 2062 5522 Domino
2086 5509 2098 5530 ,
2154 5466 2300 5534 quod
2334 5462 2511 5535 ipsum
2531 5474 2678 5518 tanta
2726 5464 3084 5532 sequentibus
3117 5462 3411 5535 verborum

1837 5539 2088 5608 elnpliasi
2117 5531 2272 5608 Anna
2327 5531 2721 5608 reprzesentat;
2759 5531 2861 5608 nec
2912 5548 3159 5608 usquam
3179 5531 3235 5584 in

1841 5601 2000 5678 ptura
2034 5607 2206 5678 major
2236 5607 2343 5678 voti
2380 5601 2681 5678 expressio,
2732 5605 2837 5657 etsi
2864 5619 2967 5657 nec
2995 5601 3090 5678 Villi
3129 5601 3284 5678 deest
3313 5601 3410 5678 ad-

1840 5670 2006 5732 inixta
2039 5670 2234 5728 oratio.
2254 5670 2612 5730 Commodius
2642 5684 2819 5728 tamen
2858 5673 3164 5742 exemplum
3210 5670 3406 5722 Ιίοριπη·

1841 5750 2038 5804 allerre
2067 5746 2298 5800 Max-ium.
