4082 6430
549 389 652 450 883

1718 393 1777 450 S.
1817 390 2102 451 ΜΑᾊΙΜΙ
2141 388 2650 450 CONFESSORIS

3677 379 3778 447 εει

549 514 619 559 llS
649 511 927 561 certamen
954 514 1060 572 est,
1085 507 1230 577 quod
1255 522 1387 562 sane
1408 507 1653 561 oblatum
1681 506 1826 559 Deus
1850 504 2130 576 benignis-

2239 505 2432 574 ἀρετῆς
2479 503 2744 556 ἔπαθλον·
2794 499 2823 552 ὃ
2871 499 2935 570 δὴ
2995 497 3140 569 μάλα
3193 495 3394 567 χαίρων
3429 495 3560 558 Θεὸς
3612 495 3790 551 ἀντιδΓ

547 599 686 652 sime
742 599 1006 668 suscipit;
1070 600 1248 654 oratio
1306 609 1512 664 autem,
1554 597 1778 652 virtutis
1823 598 2130 667 prtemium,

547 691 694 758 quod
730 691 875 752 Deus
903 691 1323 746 lubentissimus
1357 691 1597 761 reponit.

617 777 753 833 Cum
790 778 957 849 igitur
984 795 1050 834 ex
1081 779 1246 835 dictis
1277 782 1570 852 probatum
1623 781 1716 845 sit,
1752 795 1874 835 esse
1924 778 2132 834 oratio-

547 883 673 922 nem
697 869 968 923 bonorum
1000 871 1304 939 petionem,
1339 885 1574 940 quorum
1606 868 1848 924 Verbum
1878 867 2132 922 incarna-

549 970 663 1014 tum
714 969 911 1013 auctor
960 961 1201 1027 exsistit,
1258 963 1436 1032 ipsum
1478 961 1641 1016 nobis
1676 968 1967 1016 contextus
2013 974 2138 1013 ora-

548 1051 718 1110 tionis
757 1051 1043 1107 doctorem
1081 1055 1468 1122 praeﬁcientes,
1515 1039 1750 1108 ﬁdenter
1785 1067 2131 1116 enarremus,

547 1140 622 1195 ita
657 1155 789 1196 sane
824 1152 886 1196 ut
921 1143 1190 1212 cujusque
1236 1144 1524 1198 sententia:
1563 1157 1806 1205 sensum,
1835 1141 2016 1210 quoad
2050 1156 2138 1194 as-

547 1236 700 1303 sequi
733 1236 1158 1304 contemplando
1181 1236 1388 1298 licebit,
1418 1235 1809 1304 expediamus;
1857 1233 1935 1287 uti
1957 1233 2133 1286 nimi-

547 1341 671 1378 rum
703 1325 884 1395 ipsum
915 1328 1205 1382 commode
1235 1329 1475 1382 Verbum
1505 1326 1858 1396 suppeditare
1890 1326 2051 1391 solet,
2079 1333 2136 1380 et

550 1424 610 1469 ut
639 1415 876 1471 dicentis
906 1419 1198 1472 sententiae
1219 1418 1302 1472 vis
1336 1416 1695 1488 intelligatur,
1721 1417 1938 1472 tribuit.

548 1523 713 1578 Pater
763 1536 960 1591 noster,
1008 1529 1097 1598 qui
1147 1544 1199 1581 es
1233 1529 1286 1580 in
1335 1527 1895 1596 emtis;sanctiﬁcetur
1944 1543 2135 1581 nomen

891 1605 1075 1662 tuum;
1110 1599 1355 1652 adveniat
1384 1615 1601 1669 regnum
1627 1609 1796 1652 tuum.

617 1706 870 1779 Congrue
909 1725 1036 1763 mox
1081 1725 1110 1763 a
1146 1707 1417 1786 theologia
1465 1709 1740 1780 auspicari
1783 1720 2004 1766 orantes
2035 1711 2137 1765 do-

550 1807 639 1852 cet
696 1799 960 1854 Dominus
1015 1799 1168 1856 hisce
1224 1800 1430 1865 verbis,
1484 1816 1783 1870 rerumque
1840 1801 2137 1856 eﬂ'ectricis

551 1905 728 1945 causa:
747 1893 1148 1957 cxsistentiam,
1174 1909 1398 1963 quoque
1428 1894 1591 1948 modo
1621 1894 1912 1959 initiando,
1937 1895 2136 1965 aperit,
2171 1870 2211 1925 Β

550 1981 644 2048 qui
683 1983 798 2052 ipse
834 1999 932 2054 per
954 1985 1251 2039 essentiam
1281 2001 1468 2039 rerum
1499 2000 1662 2040 causa
1712 1994 2015 2055 auctorque
2045 1987 2137 2042 sit.

551 2072 730 2128 Patris
759 2076 928 2141 enim,
959 2084 1016 2130 et
1043 2077 1284 2131 nominis
1317 2077 1518 2141 Patris,
1550 2077 1816 2148 regnique
1846 2079 2025 2134 Patris
2046 2079 2141 2134 de-

551 2166 909 2222 clarationem
935 2169 1142 2223 habent
1163 2171 1436 2224 orationis
1456 2173 1660 2236 verba;
1704 2180 1766 2225 ut
1788 2171 1856 2225 ab
1883 2172 2002 2241 ipso
2030 2182 2142 2227 sta-

552 2263 654 2311 tim
689 2261 937 2328 exordio,
987 2262 1197 2316 unitate
1237 2272 1579 2318 constantem
1615 2263 1965 2328 Trinitatem,
1998 2265 2145 2318 cole-

553 2367 636 2414 re,
667 2353 948 2418 invocare,
976 2353 1233 2408 venerari
1263 2355 1561 2409 discamus.
1599 2353 1697 2408 Dei
1749 2355 1896 2409 enim
1930 2370 1995 2410 ac
2036 2355 2141 2410 Pa-

553 2443 658 2498 tris
691 2459 892 2498 nomen
922 2444 1291 2499 essentialiter
1323 2446 1651 2512 subsistens,
1677 2446 1997 2517 unigenitus
2048 2445 2141 2501 Fi-

554 2534 664 2587 lius
712 2543 832 2599 est;
892 2535 1100 2605 Deique
1145 2550 1210 2589 ac
1262 2536 1440 2592 Patris
1491 2552 1721 2608 regnum
1772 2537 2144 2592 essentialiter

554 2625 882 2689 subsistens,
917 2625 1156 2696 Spiritus
1204 2636 1445 2682 sanctus.
1498 2628 1656 2694 Quod
1703 2629 1851 2684 enim
1888 2628 1979 2683 hic
2002 2629 2142 2682 Mat-

553 2715 732 2770 tbteus
766 2733 993 2787 regnum
1027 2727 1208 2783 vocat,
1244 2719 1386 2774 alius
1429 2719 1539 2773 alio
1564 2720 1805 2797 quodam
1834 2720 1956 2774 loco
1975 2735 2144 2775 evan-

554 2805 749 2874 gelista
800 2807 1097 2875 appellavit
1149 2809 1416 2878 Spiritum
1459 2818 1732 2876 sanctum,
1782 2809 2013 2866 dicens:
2049 2809 2144 2865 Ve-

553 2897 670 2950 niat
701 2895 932 2966 Spiritus
967 2907 1182 2953 sanctus
1214 2910 1354 2966 tuus,
1380 2910 1429 2954 et
1461 2903 1677 2956 mandet
1705 2919 1822 2956 nos.
1845 2903 1968 2957 Non
1991 2903 2141 2958 enim

553 2985 856 3039 ascititium
913 3003 1113 3043 nomen
1171 2989 1341 3044 habet
1386 2991 1548 3046 Pater
1600 3007 1666 3048 ac
1727 2991 2032 3058 factitium;
2082 3002 2144 3048 ut

556 3091 735 3146 neque
787 3093 1015 3149 regnum
1079 3081 1438 3153 intelligimus
1471 3085 1625 3139 velut
1665 3083 1988 3155 dignitatem
2021 3101 2142 3155 qua:

553 3166 632 3220 illi
667 3167 971 3222 advenerit.
1018 3169 1134 3224 Non
1166 3171 1315 3225 enim
1344 3173 1514 3242 carpit
1537 3189 1681 3239 esse,
1714 3182 1776 3228 ut
1804 3184 1920 3229 tum
1954 3185 2129 3245 pater,
2158 3212 2202 3269 α

553 3265 673 3312 tum
705 3276 800 3313 rex
837 3275 960 3314 esse
993 3261 1296 3332 inciperet;
1343 3264 1438 3318 sed
1468 3281 1593 3318 eum
1621 3265 1694 3320 sit
1721 3280 1958 3335 semper,
1991 3281 2135 3320 sem-

553 3364 656 3418 per
685 3350 850 3404 etiam
884 3360 1060 3420 pater,
1089 3369 1153 3406 ac
1189 3369 1283 3407 rex
1313 3364 1430 3420 est;
1478 3364 1539 3408 ut
1569 3371 1748 3426 neque
1781 3371 1924 3421 esse,
1959 3370 2140 3425 neque

552 3450 728 3510 pater,
764 3451 870 3496 aut’
912 3460 1008 3497 rex
1036 3459 1178 3507 esse,
1213 3445 1441 3499 omnino
1481 3447 1732 3516 cmperit.
1787 3446 1885 3501 Sin
1933 3457 2138 3512 autem,

552 3547 773 3602 semper
809 3549 932 3587 cum
966 3535 1058 3596 sit,
1095 3551 1315 3606 semper
1353 3547 1468 3592 tum
1501 3549 1678 3607 pater,
1719 3547 1832 3593 tum
1870 3555 1966 3593 rex
1998 3539 2144 3594 exsi-

551 3622 650 3676 stit
683 3641 695 3676 :
733 3639 950 3692 semper
989 3625 1180 3694 utique
1222 3629 1388 3681 etiam
1425 3629 1617 3692 Filius,
1655 3645 1717 3684 ac
1747 3629 1987 3700 Spiritus
2016 3647 2143 3687 san-

551 3721 676 3766 ctus
713 3713 1082 3768 essentialiter
1111 3732 1242 3770 vere
1277 3719 1426 3772 Patri
1457 3721 1898 3786 coexstiterunt;
1946 3723 2040 3792 qui
2073 3739 2142 3778 ex

554 3804 694 3873 ipso,
727 3805 894 3874 inque
935 3805 1056 3875 ipso
1091 3819 1286 3862 natura
1313 3823 1466 3874 sunt,
1496 3827 1661 3882 supra
1693 3827 1912 3867 causam
1945 3830 2010 3868 ac
2049 3832 2141 3870 ra-

557 3897 786 3961 tionem,
819 3913 928 3951 non
981 3908 1104 3967 post
1143 3901 1322 3970 ipsum
1367 3912 1578 3971 postea,
1627 3913 1854 3974 propter
1897 3921 2138 3972 causam,

554 4002 654 4041 seu
695 3987 787 4042 illa
818 3989 1152 4058 impellente,
1195 3992 1324 4047 facti
1359 3995 1488 4049 sint.
1539 3996 1752 4051 Relatio
1797 3997 1944 4052 enim
1991 4014 2142 4054 com-

553 4077 896 4130 monstrandi
930 4077 1039 4131 vim
1059 4077 1243 4144 habet,
1268 4097 1332 4135 ea
1361 4097 1594 4150 quorum
1616 4094 1702 4138 est
1742 4085 1956 4151 relatio,
1975 4095 2141 4158 atque

554 4165 779 4232 dicitur,
817 4168 921 4222 alia
967 4170 1090 4225 aliis
1139 4173 1447 4241 posteriora
1495 4175 1721 4247 intelligi
1774 4191 1884 4231 non
1931 4178 2139 4234 sinens.

602 4258 792 4330 .Pater
827 4269 1023 4315 noster.
1051 4292 1122 4302 --
1147 4263 1299 4318 Hanc
1343 4265 1512 4336 igitur
1551 4268 1900 4337 auspicantes
1933 4269 2142 4324 oratio-

552 4364 706 4415 nem,
733 4351 1262 4408 consubstantialem
1303 4370 1367 4408 ac
1401 4359 1919 4425 supercssentialem
1953 4360 2142 4414 Trini-

554 4448 745 4506 tatem,
789 4449 850 4494 ut
880 4443 1056 4497 nostri
1104 4460 1327 4503 cau5am
1368 4447 1727 4514 eﬂ'ectricem,
1776 4449 1933 4520 351
1978 4461 2142 4521 atque

2233 596 2417 648 δωσιν.

2306 767 2536 835 Οὐκοῦν,
2567 766 2750 839 ἐπειδὴ
2783 765 3050 818 δέδεικται
3079 763 3190 817 τῶν
3214 762 3318 815 ὑπὸ
3343 761 3439 814 τοῦ
3468 761 3637 830 Λόγου
3667 778 3789 832 σαρ-

2235 861 2500 924 κωοέντος
2534 859 2757 928 ἀγαθῶν
2809 857 3027 927 αἴτησιν
3055 850 3196 909 εἶναι
3227 854 3325 925 τὴν
3357 852 3678 923 προσευχὴν,
3703 855 3790 907 αὐ⁴

2231 957 2325 1010 τὸν
2362 953 2800 1025 προστησάμενοι
2853 950 2948 1004 τοῦ
2998 949 3175 1018 Λόγου
3219 948 3321 1019 τῆς
3371 949 3673 1017 προσευχῆς
3710 946 3792 1001 τὸν

2233 1047 2570 1110 διδάσκαλον,
2603 1043 2932 1116 θαρροῦντες
2979 1041 3316 1112 ἐπέλθωμεν,
3371 1038 3644 1108 ἐπιμελῶς
3674 1040 3788 1092 ἑκά-

2235 1156 2361 1192 στου
2397 1136 2559 1208 ῥητοῦ
2579 1134 2957 1206 γυμνάσαντες
2984 1131 3196 1205 [νεηει.
3214 1142 3262 1185 et
3282 1129 3377 1184 Fr.
3398 1126 3789 1200 γυμνάζοντες],

2233 1233 2310 1296 ὡς
2339 1227 2450 1286 οἷόν
2476 1249 2559 1297 τε,
2591 1228 2794 1299 θεωρίᾳ
2823 1229 2922 1296 τὴν
2955 1226 3164 1278 ἔννοιαν
3183 1239 3198 1253 ’
3244 1222 3321 1285 ὠς
3355 1221 3520 1284 αὐτός
3556 1237 3616 1272 τε
3642 1237 3790 1290 χορη-

2234 1327 2352 1395 γεῖν
2385 1322 2773 1395 συμφερόντως
2801 1319 2990 1374 εἴωθεν
3017 1320 3046 1371 ὁ
3073 1317 3267 1384 Λόγος,
3295 1315 3391 1368 καὶ
3414 1315 3610 1384 χωρεῖν
3633 1312 3793 1366 δίδωσι

2233 1421 2333 1491 τῆς
2365 1419 2458 1472 τοῦ
2488 1418 2742 1486 λέγοντος
2772 1413 3005 1476 διανοίας
3036 1413 3134 1483 τὴν
3161 1411 3412 1480 δύναμιν.

2235 1533 2428 1602 Πάτερ
2457 1530 2644 1602 ἡμῶν,
2675 1532 2707 1584 ό
2735 1529 2805 1582 ἐν
2847 1526 2973 1602 τοῖς
2999 1523 3276 1602 οὺρᾳνρῖς
3295 1539 3308 1552 ·
3332 1519 3697 1602 *ἁγιασθήτω
3737 1519 3796 1575 τὸ

2429 1594 2616 1671 δή)μά
2644 1617 2762 1654 σου
2781 1615 2795 1631 ο
2835 1596 3057 1653 ἐλθέτω
3086 1597 3124 1662 ἡ
3158 1594 3452 1659 ,βασιλειά
3480 1609 3616 1647 σου.

2309 1715 2484 1778 Εὐθὺς
2511 1711 2860 1784 καθηκόντως
2904 1709 3180 1776 θεολογίας
3217 1709 3274 1760 ὲν
3304 1705 3522 1770 τούτοις
3567 1705 3795 1777 ἀπάρξα-

2241 1801 2362 1856 σθαι
2393 1800 2633 1854 διδάσκει
2662 1801 2777 1861 τοῖς
2804 1795 3262 1869 προσευχομένοις
3293 1797 3321 1849 ό
3350 1797 3577 1866 Κύριος,
3605 1797 3693 1848 καὶ
3709 1794 3797 1867 τήν

2240 1910 2357 1955 πως
2385 1889 2619 1961 ὓπαρξιν
2655 1891 2755 1960 τῆς
2784 1888 2892 1942 τῶν
2937 1888 3105 1943 ὄντων
3149 1888 3441 1957 ποιητικῆς
3483 1887 3660 1950 αἰτίας
3705 1906 3796 1957 μυ-

2241 1985 2532 2053 σταγωγεῖ,
2571 1982 2692 2035 κατ’
2719 1981 2907 2035 οὐσίαν
2936 1980 3046 2035 τῶν
3075 1980 3243 2034 ὄντων
3276 1981 3450 2043 αἴτιος
3478 1977 3570 2030 ὧν.
3603 1978 3797 2048 Πατρδς

2241 2077 2370 2146 γὰρ,
2402 2075 2497 2128 καὶ
2545 2074 2806 2145 ὀνόματος
2840 2072 3078 2144 Πατρδς.
3131 2073 3226 2127 καὶ
3280 2070 3562 2143 βασιλείας
3606 2071 3796 2141 “arpi:

2240 2168 2471 2237 δήλωσιν
2500 2165 2614 2237 ἔχει
2645 2166 2745 2235 τῆς
2777 2165 3085 2237 προσευχῆς
3107 2165 3174 2219 τὰ
3197 2165 3337 2234 ρητά
3359 2179 3373 2195 ·
3408 2163 3476 2217 ἶν’
3510 2162 3604 2216 ἀπ’
3644 2161 3796 2230 αὐτῆς

2239 2258 2575 2330 διδαχθῶμεν
2618 2259 2717 2328 τῆς
2767 2258 2942 2328 ἀρχῆς
3003 2255 3102 2327 τὴν
3146 2254 3439 2327 μοναδικὴν
3484 2254 3683 2326 Τριάδα
3721 2253 3798 2306 σέ-

2241 2351 2389 2415 ϐειν,
2421 2349 2794 2406 ἐπικαλεῖσθαί
2827 2366 2885 2404 τε
2930 2349 3026 2404 καὶ
3071 2351 3415 2421 προσκυνεῖν.
3455 2348 3661 2418 Ὀνομα
3699 2345 3796 2417 γὰρ

2240 2445 2334 2498 τοῦ
2359 2443 2494 2498 Θεοῦ
2527 2444 2623 2497 καὶ
2646 2442 2856 2514 Πατρὸς
2887 2441 3161 2506 οὒσιωδῶς
3194 2439 3442 2510 ὑφεστὼς
3477 2443 3618 2494 ἐστιν
3643 2442 3670 2493 ό
3711 2458 3796 2509 μο-

2241 2534 2468 2608 νογενὴς
2498 2536 2626 2598 Υἱός
2649 2553 2664 2567 ο
2713 2535 2807 2589 καὶ
2843 2533 3086 2605 βασιλεία
3135 2534 3228 2588 τοῦ
3267 2534 3404 2587 Θεοῦ
3454 2535 3548 2588 καὶ
3587 2533 3792 2602 Πατρός,

2241 2625 2514 2689 οὒσιωδῶς
2543 2627 2690 2679 ἐστιν
2719 2624 3031 2694 ὑφεστῶσα,
3079 2623 3141 2676 τὸ
3175 2621 3402 2693 Πνεῦμα
3433 2623 3494 2676 τὸ
3527 2622 3692 2692 ἅγιον.
3738 2624 3794 2676 Ὃ

2242 2719 2350 2792 γὰρ
2382 2717 2613 2771 ἐνταῦθα
2653 2717 2928 2781 Ματθαῖός
2952 2733 3084 2786 φησι
3116 2715 3412 2786 βασιλείαν,
3447 2714 3672 2785 ἀλλαχοῦ
3700 2714 3795 2767 τῶν

2243 2806 2639 2876 εὐαγγελιστῶν
2693 2807 2880 2878 ἕτερος
2926 2806 3150 2876 Πνεῦμα
3194 2805 3467 2874 κέκληκεν
3510 2807 3675 2873 ἆγιον,
3705 2806 3794 2874 φάο

2243 2913 2410 2963 σκων,
2454 2899 2706 2953 Ἐλθέτω
2743 2914 2862 2953 σου
2907 2899 2970 2952 τὸ
2999 2897 3240 2968 Πνεῦμα
3273 2897 3335 2970 (ἰ)
3365 2897 3436 2952 τὸ
3482 2897 3666 2968 ἅγιον,
3709 2896 3793 2951 καί

2243 2989 2616 3059 καθαρισάτω
2643 2987 2820 3060 ἡμᾶς.
2861 2979 2935 3043 Οὐ
2965 2990 3075 3060 γὰρ
3102 2990 3396 3059 ἐπίκτητον
3425 2990 3454 3043 ό
3491 2990 3670 3060 Πατὴρ
3697 2989 3792 3059 ἔχει

2242 3083 2301 3136 τὸ
2333 3083 2523 3153 ὄνομα,
2567 3080 2686 3134 οὗτε
2731 3081 2836 3151 μὴν
2863 3080 2938 3144 ὡς
2964 3081 3119 3146 ἀξίαν
3161 3079 3631 3152 ὲπιθεωρουμένην
3664 3079 3792 3150 αὐτῷ

2242 3173 2470 3243 νοοῦμεν
2502 3171 2600 3243 τὴν
2630 3172 2925 3242 βασιλείαν.
2949 3173 3061 3226 Οὐκ
3083 3168 3283 3244 ἦρκται
3303 3173 3417 3243 γὰρ
3445 3173 3538 3228 τοῦ
3560 3167 3688 3227 εἶναι
3716 3173 3790 3241 (it.

2242 3265 2329 3318 ἵνα
2360 3265 2454 3318 καὶ
2496 3264 2590 3317 τοῦ
2636 3262 2818 3335 πατὴρ
2854 3263 2888 3334 ἢ
2942 3263 3192 3334 βασιλεὺς
3237 3259 3379 3317 εἶναι
3409 3263 3665 3334 ᾶρξηταν
3692 3261 3793 3321 αλλ’

2240 3357 2326 3410 ἀεὶ
2353 3355 2447 3418 ὢν.
2482 3355 2572 3410 ἀεὶ
2616 3355 2709 3408 ml.
2737 3356 2924 3426 πατήρ
2961 3357 3076 3408 ἐστι
3107 3356 3200 3408 καὶ
3227 3353 3509 3426 βασιλεύς·
3558 3355 3684 3427 μήτε
3709 3354 3790 3408 τοῦ

2241 3444 2400 3513 εἶναι,
2452 3450 2584 3519 μήτε
2624 3446 2719 3500 τοῦ
2752 3448 2934 3518 πατὴρ
2961 3448 2994 3520 ἢ
3039 3447 3291 3518 βασιλεὺς
3319 3443 3466 3501 εἶναι
3494 3447 3790 3518 τοπαράπαν

2240 3540 2535 3610 ἠργμένος.
2567 3540 2630 3593 Εἰ
2658 3538 2714 3591 δὲ
2744 3540 2830 3592 ἀεὶ
2860 3539 2954 3602 ὣν,
2985 3539 3072 3593 ἀεὶ
3101 3541 3192 3592 καὶ
3222 3540 3412 3609 πατήρ
3447 3541 3561 3592 ἐστι
3589 3538 3677 3592 καὶ
3707 3537 3790 3605 βα-

2243 3630 2443 3696 σιλεὺς,
2474 3631 2560 3684 ἀεὶ
2586 3631 2694 3702 ἄρα
2725 3616 2819 3684 καὶ
2845 3633 2872 3684 ὁ
2901 3630 3028 3693 Υἱὸς
3059 3631 3154 3684 καὶ
3184 3629 3245 3683 τὸ
3288 3630 3518 3701 Πνεῦμα
3558 3628 3616 3683 τὸ
3657 3629 3790 3696 ἅγιον

2240 3722 2512 3786 οὐσιωδῶς
2569 3721 2648 3793 τῷ
2714 3723 2892 3794 ῐῐατρὶ
2968 3721 3476 3792 συνυφεστήκασιν,
3551 3720 3608 3786 ἐξ
3649 3717 3789 3773 αὐτοῦ

2240 3830 2300 3866 τε
2361 3814 2509 3877 δντα,
2562 3813 2654 3867 καὶ
2699 3814 2758 3868 ὲν
2810 3813 2959 3884 αὐτῷ
3006 3813 3269 3883 φυσικῶς,
3315 3813 3463 3884 ὑπὲρ
3511 3813 3677 3866 αἰτίαν
3712 3811 3789 3863 καὶ

2243 3901 2430 3972 λόγον,
2488 3902 2602 3957 ἀλλ’
2661 3903 2722 3955 οὐ
2781 3902 2898 3974 μετ’
2945 3903 3136 3968 αὑτὸν,
3181 3903 3455 3971 γενόμενα
3527 3902 3593 3957 δι’
3635 3899 3787 3954 αἰτίαν

2243 3993 2488 4065 ὕστερον.
2540 3995 2604 4047 Ἡ
2653 3992 2761 4062 γὰρ
2795 3993 2977 4064 σχέσις
3017 3993 3394 4060 συνενδείξεων
3436 3993 3683 4061 κέκτηται
3709 3988 3786 4041 δύο

2242 4101 2405 4156 ναμιν
2428 4127 2444 4150 ,
2477 4087 2548 4138 τὰ
2588 4077 2664 4140 ὧν
2696 4085 2812 4137 ἐστι
2843 4103 2904 4138 τε
2950 4087 3042 4138 καὶ
3071 4085 3288 4154 λέγεται
3317 4085 3524 4156 σχέσις,
3557 4083 3667 4156 μετ’
3705 4080 3786 4134 ἄλ·

2242 4175 2380 4247 ληλα
2403 4175 2475 4246 (It)
2509 4175 2828 4248 θεωρεῖσθαι
2863 4175 2938 4248 μὴ
2975 4175 3353 4247 συγχωροῦσα.

2313 4269 2530 4338 Ταύτης
2554 4265 2645 4322 οὖν
2665 4265 3038 4340 ἀπαρξάμενοι
3063 4268 3162 4337 τῆς
3182 4267 3513 4338 προσευχῆς,
3535 4263 3784 4337 γεραίρειν

2243 4358 2548 4426 ὲναγόμεθα
2581 4355 2657 4428 [in
2688 4368 2791 4414 cat.
2817 4355 3174 4429 ἐπειγόμεθα]
3201 4357 3298 4428 τῆν
3325 4355 3608 4426 όμοούσιόν
3631 4370 3685 4407 τε
3705 4351 3785 4405 καὶ

2245 4447 2566 4520 ὑπερούσιον
2595 4447 2818 4518 Τριὰδα,
2850 4447 2925 4512 ὡς
2963 4448 3251 4520 ποιητικὴν
3279 4448 3460 4502 αἰτίαν
3489 4447 3585 4518 τῆς
3612 4439 3783 4517 ἡμετέ-

554 4540 858 4595 auctorem,
878 4535 1127 4588 venerari
1153 4535 1473 4607 honoreque
1493 4541 1752 4610 prosequi
1776 4541 2137 4597 instituimur.

2245 4560 2345 4614 ρας
2370 4541 2654 4610 γενέσεως.
2691 4541 2832 4612 Πρὸς
2869 4541 2947 4605 δὲ,
2983 4542 3076 4594 καὶ
3114 4539 3213 4612 τὴν
3253 4540 3333 4603 εἰς
3375 4540 3526 4611 ἡμᾶς
3559 4533 3784 4604 ἐξαγγέλ-

554 4621 636 4676 Ad
677 4621 795 4676 hate
828 4639 964 4678 vero
1008 4625 1196 4689 etiam,
1248 4643 1567 4684 concessam
1616 4632 1780 4688 nobis
1830 4633 2147 4704 adeptionis

554 4712 788 4781 gratiam
819 4714 1039 4782 eil‘erre,
1071 4733 1137 4772 ac
1164 4722 1456 4776 enuntiare
1498 4722 1784 4789 docemur,
1825 4725 1919 4796 qui
1963 4727 2143 4796 ipsum

552 4813 754 4860 natura
782 4806 1057 4875 opiﬁcem,
1084 4827 1180 4879 per
1208 4813 1439 4882 gratiam
1471 4815 1690 4871 Patrem
1712 4833 1910 4872 vocare
1934 4834 2147 4872 merea-

554 4911 723 4950 mur:
760 4905 824 4951 ut
864 4899 986 4968 ejus
1005 4902 1098 4970 qui
1130 4905 1304 4972 gratia
1337 4907 1525 4974 genuit
1551 4909 2021 4977 nuncupationem
2054 4924 2145 4963 re-

553 4985 742 5054 veriti,
792 4988 1064 5046 institutis
1127 4995 1250 5051 vita:
1313 4998 1625 5054 rationibus
1675 5001 1918 5070 parentis
1971 4997 2147 5055 nostri

726 5145 1013 5228 -ᾘλᾷξτω
1041 5166 1160 5228 σρυ
1199 5153 1278 5228 τὸ.
1306 5155 1567 5228 Πνεῦμα,
1609 5156 1867 5228 Perinde,
1898 5156 2132 5227 Nyssen.

553 5222 698 5289 Orat.
723 5215 761 5289 '_5
784 5216 840 5268 in
873 5217 1026 5272 Orat.
1065 5220 1421 5289 Dominicam,
1465 5215 1568 5280 'ubi
1597 5226 1675 5279 ait
1706 5227 1780 5281 ita
1818 5227 1903 5281 bis
1939 5215 2137 5282 haberi

553 5283 700 5366 apud
723 5285 927 5366 Ducam
960 5305 974 5341 :
1008 5301 1354 5366 cum_tamen
1382 5283 1547 5350 modo
1578 5297 1912 5366 exemplaria
1956 5297 2142 5351 omnia

551 5355 702 5410 idem
747 5355 989 5431 habeant
1021 5360 1167 5430 apud
1200 5363 1508 5421 Matthreum
1543 5373 1599 5420 et
1629 5355 1833 5427 Lucam
1863 5384 1876 5431 ;
1910 5382 2013 5420 nec
2057 5367 2142 5420 in-

526 5432 828 5506 terpretes
864 5429 1103 5506 aliquam
1143 5433 1426 5506 ejusmodi
1451 5435 1829 5496 diversitatem
1866 5429 2134 5490 indicent.

551 5493 932 5576 Ac’videatun
956 5493 1224 5576 Masimds
1249 5519 1334 5576 _ex
1384 5504 1632 5576 Nysseno
1652 5493 1932 5569 hausisse,
1967 5506 2138 5576 unde-

554 5568 1025 5647 cunquetandem
1059 5568 1453 5647 illehabuerit'.
1490 5576 1644 5634 Unus
1671 5577 1804 5647 Reg.
1836 5568 2006 5630 codex
2033 5575 2135 5630 ha-

553 5633 651 5717 bet
679 5633 971 5717 ἐπελθέτω,
1005 5641 1162 5717 quasi
1189 5647 1557 5717 superveniat,
1592 5653 1707 5709 aut,
1741 5633 2020 5717 p'rwterea,
2065 5647 2136 5699 ad

554 5707 666 5757 nam
693 5709 920 5787 pertint;
958 5707 1116 5787 quasi
1168 5707 1379 5787 nedum
1424 5707 1976 5787 virtutempetamus
2009 5707 2129 5776 lDei

552 5778 799 5854 nominis
845 5778 1124 5858 in_nobis
1170 5778 1843 5858 sanctiﬁcationem'lfsed
1894 5797 1950 5842 et
1996 5803 2133 5858 [)l'iD-

557 5849 754 5915 inium,
789 5849 935 5918 quod
968 5851 1120 5924 regni
1145 5854 1366 5911 nomine
1393 5856 1592 5914 clarius
1620 5849 1958 5930 designetur.

2237 4632 2353 4685 λειν
2401 4628 2764 4699 διδασκόμεθα
2812 4631 2972 4700 χάριν
3023 4629 3123 4700 τῆς
3173 4628 3465 4694 υἱοθεσίας,
3523 4628 3608 4680 τὸν
3647 4624 3782 4695 φύσει

2237 4722 2565 4794 δημιουργὸν
2615 4721 2797 4792 χάριτι
2835 4721 3055 4790 Πατέρα
3103 4720 3288 4774 καλεῖν
3332 4719 3666 4791 ἀξιούμενοι⁸
3711 4715 3780 4768 ἵνα

2237 4815 2332 4869 τοῦ
2375 4815 2517 4869 κατὰ
2550 4814 2710 4885 χάριν
2760 4813 3090 4883 Γεννήτορος
3125 4811 3461 4874 αἰδεσθέντες
3508 4812 3601 4881 τὴν
3639 4822 3780 4878 προσ·

2241 4907 2495 4976 ηγορίαν,
2543 4908 2600 4958 ἐν
2631 4904 2707 4974 τῷ
2744 4903 2842 4975 βίῳ
2873 4904 2999 4966 τοὺς
3023 4903 3376 4974 χαρακτῆρας
3431 4899 3777 4970 ἐπισημαίνειν

2240 4995 2629 5068 σπουδάζωμεν
2647 4995 2741 5050 τοῦ
2771 4995 3155 5065 γεννήσαντος,
3179 4992 3494 5062 ἀγιάζοντες
3521 4989 3675 5045 αὑτοῦ
3700 4986 3778 5039 ἐπὶ

2321 5154 2386 5226 Ci)
2418 5149 2778 5226 Oﬂxﬁpﬂal
2810 5152 2920 5226 γὰρ
2944 5153 3066 5226 ,τοῦ
3099 5146 3272 5226 εἶναι.
3312 5151 3432 5226 Non
3458 5149 3617 5226 erepit
3652 5159 3774 5200 esse.

2246 5221 2517 5296 Dei-mittit
2539 5222 2705 5296 Cord.
2738 5224 2831 5296 qui
2863 5222 3076 5283 reddat,
3110 5222 3231 5296 Non
3258 5223 3397 5296 enim
3432 5221 3616 5296 stt/ﬁcit
3650 5229 3776 5296 esse;

2241 5296 2348 5350 nisi
2380 5294 2521 5349 forte
2543 5293 2636 5364 ita
2664 5293 2912 5364 przelum,
2945 5307 3009 5364 ac
3037 5293 3144 5364 qui
3162 5291 3403 5364 regebat,
3431 5291 3508 5345 illi
3534 5291 3771 5364 peccavit.

2314 5365 2385 5437 (ξς)
2417 5363 2554 5418 Μετ’
2576 5361 2835 5437 rip-nia.
2861 5361 3051 5415 Relata
3102 5361 3268 5415 simul
3309 5373 3502 5437 natura
3545 5366 3680 5437 sunt,
3708 5361 3771 5408 si-

2240 5432 2463 5503 mulque
2489 5433 2908 5504 concipiuntur,
2933 5446 3043 5504 non
3075 5432 3448 5504 unumAaltero
3485 5432 3766 5504 posterius:

2237 5498 2396 5574 cujus
2454 5498 2798 5574 contrarium
2859 5501 3059 5574 vitiosa
3101 5500 3193 5574 il_l_a
3244 5501 3362 5557 Cat.
3426 5498 3768 5574 μετ’ἀλλήλων

2238 5561 2558 5644 θεωρεῖσθαι
2585 5574 2660 5644 μὴ
2687 5569 3073 5644 συγχωροῦσα,
3121 5571 3239 5644 Non
3275 5561 3448 5644 sineris
3494 5567 3636 5644 quasi
3667 5561 3778 5616 ralia'

2237 5639 2362 5696 aliis
2409 5639 3149 5712 socia,‘si'nmlqueintelligi.
3169 5642 3330 5712 Unde
3361 5641 3473 5696 haec
3505 5639 3766 5712 relatorum

2233 5721 2451 5777 natura,
2499 5721 2594 5766 aut
2627 5711 3030 5782 grammatica?
3075 5711 3181 5766 Sed
3237 5713 3454 5779 longum
3495 5715 3630 5763 esset
3666 5711 3768 5782 ejus

2232 5785 2413 5847 omnia
2439 5772 2656 5854 menda:
2685 5790 2741 5854 et
2760 5781 2986 5852 quidem
3017 5783 3228 5854 gravia,
3254 5772 3492 5842 iudicare
3521 5790 3663 5847 :qua!
3684 5772 3766 5830 tl?

2232 5854 2380 5909 ccbit
2412 5855 2529 5926 ipsa
2555 5853 2796 5910 collatio.
