4082 6442
302 364 422 427 ~885

1293 358 1692 420 EXPOSITIO
1728 353 2141 423 ORATIONIS
2177 348 2579 412 DOMlNIC/E

3441 347 3566 410 886‘

309 494 414 546 γης
445 474 507 530 τὸ
542 474 735 545 ὄνομα,
771 473 864 527 καὶ
893 472 1290 550 πατρὼζοντες,
1321 476 1414 526 καὶ
1446 472 1611 525 τέκνα
1636 471 1726 526 διὰ
1766 471 1873 523 τῶν

1984 486 2326 541 characteres
2365 483 2598 539 reddere
2647 480 2986 547 Studeamus,
3012 480 3411 537 sanetiiicantes
3452 495 3557 537 no-

308 568 648 637 πραγμάτων
676 566 1035 634 δεικνύμενοι,
1072 566 1167 619 καὶ
1212 565 1305 618 τὸν
1351 564 1550 633 ταύτης
1578 565 1874 635 αὐτουργὸν

305 659 405 729 τῆς
438 657 709 719 υἱοθεσίας
740 656 965 726 φυσικὸν
991 653 1087 708 τοῦ
1108 655 1319 727 Πατρδς
1352 656 1499 719 Υίὺν,
1524 656 1591 711 δι’
1621 650 1697 711 ὧν
1727 657 1874 710 νοοῦ-

309 767 410 819 μεν
438 750 473 820 ἢ
510 750 838 820 πράττομεν,
871 747 1279 819 μεγαλύνοντες.

387 926 711 997 ’Δγιὰζομεν
741 927 798 980 δὲ
827 928 920 981 τοῦ
948 930 1005 982 ἐν
1035 929 1280 1001 οὐρανοῖς
1304 932 1445 988 κατὰ
1475 934 1632 1005 χάριν
1655 937 1867 1009 Πατρδς

306 1019 369 1071 τὸ
419 1018 610 1087 ὄνομα,
648 1017 747 1088 τὴν
789 1018 1053 1088 πρόσυλον
1084 1019 1283 1090 δηλαδὴ
1322 1022 1636 1092 νεκροῦντες
1680 1027 1871 1082 ἐπιθυ-

310 1109 464 1179 μίαν,
490 1109 582 1162 καὶ
612 1108 950 1179 φθοροποιῶν
982 1110 1429 1184 ἐκκαθαιρόμενοι
1458 1113 1643 1168 παθῶν
1663 1133 1677 1147 ο
1718 1118 1873 1191 εἴπερ

308 1201 579 1270 ἁγιασμός
604 1200 772 1263 ἐστιν,
799 1201 834 1269 ἡ
867 1200 986 1257 κατ’
1015 1199 1263 1271 αἴσθησιν
1289 1203 1386 1273 τῆς
1419 1205 1711 1276 ἐπιθυμίας
1739 1225 1875 1260 παν-

307 1290 472 1363 τελὴς
520 1292 779 1361 ἀκινησία»
816 1290 943 1364 [σοι.
1002 1292 1215 1366 ὲξορεα]
1262 1296 1356 1349 καὶ
1406 1296 1707 1367 νέκρωσις·
1750 1292 1874 1371 ὲνῇ

309 1383 614 1453 γενόμενοι,
660 1383 759 1448 τὰς
807 1385 1073 1455 ἀπρεπεῖς
1115 1384 1209 1438 τοῦ
1256 1384 1426 1457 θυμοῦ
1480 1390 1877 1459 κατευνάζομεν

311 1474 541 1564 ὐλακὰς,
575 1474 675 1527 οὐκ
699 1474 911 1545 ἔχοντος
935 1474 1014 1537 ἔτι
1040 1475 1415 1546 διεγείρουσαν.
1438 1480 1620 1546 αὑτὸν,
1653 1484 1747 1535 καὶ
1771 1482 1878 1536 τῶν

311 1565 528 1618 οίκείων
559 1565 760 1635 ήδονῶν
788 1565 1292 1636 ὗπεραγωνίζεσθαι
1321 1569 1610 1625 πείθουσαν
1633 1572 1732 1643 τὴν
1763 1575 1880 1626 επι-

1985 592 2111 631 men
2151 577 2269 647 ejus
2304 577 2359 629 in
2402 584 2568 634 terra.
2604 573 2892 642 ipsumque
2935 570 3257 637 referentes,
3292 578 3455 640 atque
3486 571 3551 624 ti-

1980 668 2088 723 lios
2116 666 2248 736 ipsis
2275 681 2378 719 nos
2414 662 2676 733 operibus
2718 661 3071 724 exhibentes;
3111 656 3384 727 hujnsque
3415 656 3552 711 adeo

1977 764 2258 813 auctorem
2289 753 2598 823 adoptionis
2633 751 2934 806 naturalem
2971 746 3145 803 Patris
3178 748 3398 810 Filium,
3426 748 3552 818 qui.

1976 851 2089 908 bus
2120 847 2477 918 intelligimus
2517 853 2681 901 autve
2710 843 2943 915 agimus,
2974 841 3403 912 magniﬁcantes.

2041 940 2410 1003 Sanctiﬁcetur
2435 955 2623 993 nomen
2649 946 2815 991 tuum.
2834 967 2902 975 —
2918 935 3331 999 Sanctiﬁcainus
3346 942 3550 997 autem,

1970 1035 2089 1105 ejus
2107 1050 2201 1104 qui
2224 1048 2283 1088 ω
2296 1031 2449 1088 caelis
2465 1038 2569 1095 est,
2596 1030 2784 1100 gratia:
2798 1029 2967 1093 dono,
2984 1029 3160 1084 Patris
3175 1043 3397 1093 nomen,
3420 1027 3552 1091 dum

1972 1125 2181 1180 scilicet
2225 1133 2503 1180 terrenam
2531 1120 2884 1192 cupiditatem
2909 1117 3335 1187 mortiﬁcamus,
3388 1128 3551 1189 atque

1974 1218 2041 1273 ab
2068 1218 2315 1274 exitiosis
2334 1215 2626 1272 affectibus
2656 1212 2916 1282 vitiisque
2938 1213 3338 1277 emundamur;
3373 1228 3550 1281 quan-

1973 1310 2270 1380 doquidem
2318 1310 2374 1364 in
2411 1322 2480 1364 eo
2514 1307 2689 1378 posita
2719 1304 2980 1360 sanctitas
3004 1312 3109 1369 est,
3145 1313 3205 1358 ut
3229 1319 3349 1372 quae
3380 1318 3549 1358 sensu

1974 1414 2262 1461 exercetur
2299 1405 2592 1475 cupiditas,
2628 1400 2775 1457 omni
2802 1414 3030 1470 prorsus
3055 1406 3205 1452 motu
3238 1397 3554 1451 inhibeatur

1977 1514 2041 1553 ac
2065 1499 2477 1569 exstinguatur;
2525 1506 2690 1565 atque
2742 1493 2797 1548 id
2820 1491 3122 1555 consecuti,
3148 1489 3439 1544 indecoros
3460 1487 3555 1544 iraa

1977 1590 2210 1645 latratus
2234 1589 2488 1644 sedamus
2507 1630 2523 1652 ,
2571 1601 2696 1642 cum
2723 1586 2893 1655 ipsam
2913 1582 3239 1637 excitantem
3273 1579 3556 1649 ipsiusque

312 1655 537 1726 θυμίαν,
575 1657 677 1729 ἤδη
713 1661 777 1729 τῇ
823 1660 965 1713 κατὰ
991 1675 1081 1713 τον
1111 1659 1267 1728 λόγον
1303 1662 1549 1732 ἁγιότητι
1597 1664 1881 1736 νεκρωθεῑ-

1984 1681 2275 1735 libidinum
2313 1694 2479 1735 causa
2527 1691 2773 1748 pugnare
2809 1673 3133 1729 suadentem
3175 1670 3553 1741 cupiditatem,

316 1764 435 1800 σαν.
455 1748 633 1852 dedsti
663 1749 823 1820 φύσιν
854 1750 963 1821 γὰρ
1005 1752 1105 1822 τῆς
1129 1752 1424 1823 ἐπιθυμίας
1457 1732 1713 1825 ὑπάρχων
1741 1756 1883 1811 ἐκδιρ

1984 1772 2211 1827 rationis
2248 1732 2545 1827 sanctitate
2582 1732 2693 1838 ij
2728 1765 3115 1820 mortificatam
3157 1732 3321 1832 atque
3346 1761 3555 1817 exstin-

316 1857 411 1904 κος
446 1843 477 1895 ὁ
503 1840 692 1913 θυμὸς,
715 1841 808 1896 τοῦ
838 1843 1122 1913 μαίνεσθαι
1153 1845 1423 1901 παύεσθαι
1451 1845 1714 1916 πέφυκεν,
1743 1848 1882 1919 ὁπην-

1984 1874 2154 1930 ctam,
2190 1863 2333 1919 ultra
2366 1879 2473 1918 non
2506 1861 2830 1916 habeamus.
2884 1857 2971 1912 Ira
3001 1856 3169 1919 enim,
3207 1869 3330 1923 quae
3360 1861 3554 1908 natura

316 1932 441 1985 νίκα
471 1932 677 2004 ταύτην
712 1934 796 2007 ἴδῃ
823 1935 1251 2008 νενεκρωμένην.

388 2135 628 2201 Εἰκότως
666 2130 779 2201 οὖν,
824 2139 891 2209 τῇ
942 2136 1036 2191 τοῦ
1083 2136 1258 2208 θυμοῦ
1300 2137 1395 2192 καὶ
1445 2137 1546 2209 τῆς
1592 2139 1884 2210 ἐπιθυμίας

315 2224 591 2297 ἀποῦολῇ,
636 2227 698 2281 τὸ
741 2227 840 2299 τῆς
889 2226 1165 2297 βασιλείας
1202 2228 1296 2282 τοῦ
1338 2228 1473 2283 Θεοῦ
1528 2229 1623 2282 καὶ
1672 2230 1882 2300 Πατρὸς

316 2319 459 2374 κατὰ
486 2320 585 2389 τὴν
627 2319 931 2391 προσευχὴν
978 2321 1275 2389 ἐπιγίνεται
1320 2322 1539 2392 κράτος,
1587 2324 1700 2385 τοῖς
1746 2321 1883 2391 μετὰ

312 2408 413 2481 τὴν
435 2409 640 2463 τούτων
673 2410 926 2464 ἀπόθεσιν
949 2410 1125 2479 λέγειν
1156 2410 1514 2481 ἀξιουμένοις,
1557 2410 1809 2465 Ἐλθέτω
1842 2410 1882 2476 ἡ

313 2503 599 2565 βασιλεία
630 2518 746 2556 σου
770 2517 785 2531 '
819 2504 1091 2568 τουτέστι,
1118 2503 1180 2556 τὸ
1212 2502 1435 2573 Πνεῦμα
1478 2503 1751 2570 τὸνᾶγιον·
1780 2502 1879 2574 ήδη

310 2593 395 2663 τῷ
435 2593 537 2662 τῆς
567 2593 869 2663 πραότητος
901 2593 1041 2663 λόγῳ
1077 2610 1135 2645 τε
1166 2593 1260 2647 καὶ
1288 2594 1474 2663 τρόπῳ
1511 2592 1882 2663 ναοποιηθεῖσι

309 2685 395 2756 τῷ
417 2685 535 2754 Θεῷ
562 2686 648 2739 διὰ
696 2686 789 2738 τοῦ
837 2685 1166 2756 Πνεῦματος.
1230 2686 1361 2740 Ἐπί
1399 2686 1535 2740 τινα
1570 2686 1702 2760 γὰρ,
1727 2691 1881 2758 φησι,

314 2780 703 2840 καταπαύσω,
733 2779 870 2832 ἀλλ’
902 2777 940 2846 ἢ
969 2778 1067 2832 ἐπὶ
1095 2779 1200 2833 τὸν
1228 2776 1422 2846 πρᾶον
1448 2779 1879 2850 καί-ταπεινὸν,

312 2870 413 2923 καί
449 2869 736 2937 τρέμοντα
751 2887 868 2938 μου
889 2871 1035 2935 ,τοὺς
1068 2875 1289 2941 λόγους
1308 2890 1333 2934 ;-
1371 2872 1446 2937 ὡς
1476 2874 1724 2928 ἐντεῦθεν
1745 2871 1882 2929 εἶναι

309 2961 492 3029 δῆλον,
508 2961 588 3013 ὃτι
619 2959 728 3012 τῶν
758 2961 1027 3014 ταπεινῶν
1056 2962 1148 3015 καὶ
1168 2963 1388 3033 πραέων
1408 2966 1555 3018 ἐστὶν
1583 2964 1884 3036 ἡβασιλεία

1980 1956 2185 2011 vindex
2214 1954 2535 2025 cupiditatis
2556 1952 2806 2015 exsistat,
2856 1948 2953 2003 ubi
2982 1962 3104 2002 eam
3131 1944 3335 2001 viderit
3358 1942 3556 1998 morti~

1984 2048 2221 2113 ﬁcatam,
2254 2055 2449 2116 suopte
2474 2043 2636 2117 genio
2662 2042 2850 2097 furere
2877 2037 3103 2094 desinit.

2053 2153 2313 2209 Adveniat
2342 2166 2559 2225 regnum
2584 2156 2752 2202 tuum.
2779 2173 2851 2185 --
2882 2142 3078 2197 Merito
3100 2138 3266 2211 igitur
3294 2134 3564 2206 ablegatis,

1984 2254 2146 2314 atque
2167 2243 2407 2298 extrusis
2440 2242 2524 2295 ira
2546 2256 2611 2294 ac
2632 2237 2956 2308 cupiditate,
2987 2234 3085 2287 Dei
3114 2248 3179 2287 ac
3202 2229 3380 2291 Patris
3401 2227 3553 2298 regni

1984 2345 2227 2407 potestas
2278 2334 2331 2388 in
2362 2332 2612 2389 oratione
2644 2329 2927 2399 sequitur,
2984 2325 3163 2394 iisque
3203 2320 3416 2376 accedit
3461 2318 3554 2388 qui

1983 2436 2109 2497 post
2140 2427 2261 2481 illas
2290 2426 2531 2495 abjectas
2576 2422 2764 2477 dicere
2796 2426 3081 2474 merentur
3120 2433 3133 2469 :
3171 2413 3426 2469 Adveniat
3472 2427 3555 2463 re-

1984 2533 2145 2587 gnum
2171 2522 2342 2580 tuum,
2376 2514 2483 2569 hoc
2506 2521 2609 2577 est,
2645 2508 2883 2580 Spiritus
2904 2518 3126 2563 sanctus
3152 2522 3167 2571 ;
3223 2504 3315 2573 qui
3345 2501 3557 2557 scilicet

1984 2608 2286 2663 mansuetis
2326 2605 2577 2661 moribus
2628 2602 2685 2656 in
2726 2601 2820 2655 Dei
2845 2599 3109 2670 templum
3160 2610 3260 2667 per
3293 2592 3556 2665 Spiritum

1985 2700 2285 2756 constructi
2310 2706 2437 2753 sunt
2454 2699 2495 2730 ¹⁹
2522 2716 2535 2752 :
2566 2695 2736 2767 Super
2755 2710 2909 2764 quem
2929 2692 3099 2752 enim,
3128 2687 3328 2758 inquit,
3351 2686 3559 2755 requie-

1983 2809 2150 2857 scam,
2180 2793 2281 2845 nisi
2303 2806 2461 2861 super
2483 2795 2816 2842 mansuetum
2840 2790 2890 2837 et
2911 2780 3160 2837 humilem
3182 2789 3230 2833 et
3253 2786 3559 2831 trementem

1983 2899 2248 2939 sermones
2270 2899 2409 2937 meos
2427 2881 2513 2933 ὀἳ
2566 2888 2627 2934 ut
2657 2877 2783 2933 inde
2810 2874 3162 2929 manifestum
3185 2871 3284 2936 sit,
3328 2884 3556 2939 regnum

1984 2976 2081 3031 Dei
2096 2991 2160 3031 ac
2179 2976 2355 3030 Patris
2380 2988 2572 3028 eorum
2588 2986 2710 3026 esse
2727 2967 2821 3038 qui
2839 2965 3076 3021 humiles
3093 2971 3222 3017 sunt
3235 2971 3291 3017 et
3305 2976 3556 3015 mansue-

309 3050 409 3104 τοῦ
425 3052 559 3104 Θεοῦ
573 3052 665 3105 ml
683 3051 909 3122 Πατρός.
924 3053 1209 3121 Μακάριοι
1234 3054 1361 3125 γὰρ,
1379 3060 1566 3127 φησὶν,
1587 3060 1641 3111 οἱ
1655 3056 1883 3125 πραεῖς.

1990 3066 2051 3122 ti.
2084 3066 2235 3120 Beati
2261 3064 2447 3128 enim;
2468 3061 2666 3131 inquit,
2703 3061 2875 3124 mites,
2922 3056 3176 3128 quoniam
3203 3052 3304 3123 ipsi
3329 3050 3555 3121 posside-

308 3143 402 3195 ὁτι
446 3144 614 3197 αὐτοὶ
649 3144 1175 3213 κληρονομήσουσι
1212 3145 1326 3214 τὴν
1368 3145 1504 3215 γῆν.
1545 3148 1655 3218 Γῆν
1684 3148 1885 3216 ταύτην

309 3236 413 3306 τὴν
445 3236 586 3288 κατὰ
632 3235 793 3303 φύσιν
827 3235 997 3308 μέσην
1041 3236 1132 3290 τοῦ
1165 3242 1365 3302 παντὸς
1403 3239 1778 3293 ἀπολαϐοῦσαν
1807 3238 1882 3292 θέ-

311 3345 403 3380 σιν
442 3327 474 3379 ὁ
519 3326 653 3389 Θεὸς
698 3328 800 3380 οὐκ
847 3330 1209 3397 ἐπηγγείλατο
1246 3332 1358 3394 τοῖς
1410 3331 1697 3399 ἀγαπῶσιν
1724 3330 1888 3383 αὑτὸν

309 3417 718 3489 κληρονομίαν·
774 3419 931 3490 εἴπερ
978 3419 1228 3490 ἀληθεύει
1274 3422 1516 3489 φάσκων,
1549 3422 1735 3475 ’Ὅταν
1776 3421 1887 3491 τὴρ

309 3509 384 3561 ἐκ
444 3506 675 3577 νεκρῶν
728 3507 1110 3574 ἀναστῶσιν,
1164 3510 1303 3563 οὔτε
1364 3511 1691 3579 γαμοῦσιν,
1750 3512 1887 3565 οὔτε

308 3598 657 3669 γαμίζονται
681 3616 697 3632 ⁸
728 3600 866 3655 ἀλλ’
894 3600 1053 3655 εισίν
1079 3601 1158 3667 ὡς
1186 3602 1424 3671 ἄγγελοί
1462 3603 1531 3656 ἐν
1565 3605 1691 3671 τοῖς
1716 3607 1891 3673 οὐρα-

310 3692 469 3758 νοῖς.
498 3694 629 3753 Kal,
658 3692 834 3747 Δεῦτε
864 3693 918 3746 οί
939 3690 1327 3761 εὐλογημένοι
1361 3693 1469 3747 τοῦ
1495 3696 1725 3762 Πατρός
1744 3712 1885 3763 μου,

309 3782 813 3852 κληρονομήσατε
848 3782 964 3851 τὴν
1015 3783 1463 3852 ἡτοιμασμένην
1514 3786 1659 3854 ὑμῖν
1706 3787 1890 3851 ,ϐασι-

310 3875 493 3933 λείαν
530 3875 648 3929 ἀπὸ
695 3873 1035 3944 καταϐολῆς
1071 3874 1324 3944 κόσμου.
1366 3877 1477 3929 Καὶ
1508 3876 1742 3947 ἀλλαχοῦ
1781 3879 1889 3931 πά·-

313 3976 403 4031 λιν
452 3967 624 4037 ἑτέρῳ
668 3967 785 4037 μετ’
832 3967 1046 4030 εὐνοίας
1091 3966 1452 4033 δουλεύσαντι,
1506 3969 1760 4023 Εἵσελθε
1803 3972 1891 4034 είς

312 4059 438 4126 τὴν
480 4059 671 4128 χαρὰν
713 4062 821 4113 τοῦ
864 4060 1088 4127 Κυρίου
1137 4077 1271 4115 σου.
1323 4062 1433 4114 Καὶ
1489 4063 1608 4131 μετ’
1653 4064 1815 4115 αὐτὸν
1864 4066 1893 4116 ὁ

316 4154 467 4212 θεῖος
505 4152 843 4215 Ἀπόστολος,
879 4152 1177 4206 Σαλπίσει
1198 4153 1328 4221 γὰρ.
1361 4154 1459 4207 καὶ
1494 4157 1548 4207 οὶ
1595 4155 1793 4224 νεκροὶ
1823 4155 1892 4208 ἐν

316 4245 574 4315 Χριστῷ,
609 4245 826 4314 πρῶτοι
857 4245 1280 4314 ἐγερθήσονται
1316 4245 1622 4314 ἄφθαρτοι.
1656 4248 1894 4300 Ἔπειτα

316 4338 495 4406 ἡμεῖς
550 4342 601 4393 οἱ
644 4336 888 4402 ζῶντες,
941 4338 996 4390 οἱ
1043 4337 1543 4404 περιλειπόμενοι,
1599 4336 1720 4405 ἅμα
1770 4336 1893 4390 σὺν

1986 3157 2114 3212 bunt
2157 3135 2430 3211 terram“;
2497 3152 2719 3207 Terram
2749 3151 2932 3215 hanc,
2990 3162 3113 3217 qua:
3164 3160 3264 3214 per
3310 3152 3558 3197 naturam

1985 3249 2226 3305 medium
2257 3244 2500 3301 universi
2527 3244 2693 3312 hujus
2722 3242 2888 3297 situm
2920 3245 3079 3293 nacta
3101 3244 3207 3299 est,
3242 3233 3389 3288 haud
3418 3234 3559 3288 Deus

1986 3357 2059 3396 ns
2096 3337 2483 3411 possidendam
2526 3333 2781 3408 promisit
2822 3331 2917 3401 qui
2945 3330 3125 3399 ipsum
3151 3326 3423 3396 diligunt;
3466 3340 3557 3377 ve-

1987 3450 2086 3488 rax
2109 3431 2313 3502 quippe
2337 3436 2421 3483 est
2454 3426 2547 3497 qui
2575 3425 2653 3479 ait
2682 3443 2696 3478 :
2724 3423 2856 3479 Cum
2884 3424 3022 3476 enim
3049 3417 3451 3481 resurrexerint,
3477 3432 3552 3468 ne-

1986 3534 2086 3588 que
2116 3517 2338 3580 nubunt,
2374 3529 2539 3584 neque
2568 3511 2755 3581 nuptui
2784 3511 3071 3564 traduntur
3093 3547 3109 3572 ,
3163 3507 3255 3561 sed
3276 3514 3401 3560 sunt
3434 3505 3561 3558 sicut

1986 3608 2161 3679 angeli
2192 3609 2248 3661 in
2277 3605 2508 3671 caelis“;
2566 3612 2654 3665 et,
2706 3602 2907 3666 Venite,
2943 3598 3197 3655 benedicti
3225 3597 3403 3651 Patris
3427 3597 3579 3661 mei,

1987 3700 2243 3768 possidete
2273 3705 2525 3767 paratum
2548 3695 2689 3750 vobis
2713 3710 2932 3765 regnum
2964 3709 2996 3746 a
3023 3690 3390 3744 constitutione
3414 3704 3557 3741 mun-

1988 3792 2042 3846 di
2062 3792 2131 3845 ".
2176 3790 2299 3845 Alio
2330 3804 2551 3859 quoque
2582 3802 2778 3841 rursus
2802 3785 2945 3850 loco,
2981 3783 3142 3838 alteri
3176 3783 3270 3851 qui
3298 3779 3561 3835 benevole

1986 3881 2134 3935 servi
2157 3895 2361 3935 munus
2385 3879 2600 3934 obierat
2619 3895 2633 3931 :
2651 3877 2805 3931 Intra
2823 3876 2877 3929 in
2900 3873 3153 3945 gaudium
3175 3870 3386 3925 Domini
3408 3867 3563 3923 tui".

1989 3973 2120 4027 Post
2167 3986 2333 4041 quem
2384 3971 2553 4026 etiam
2593 3968 2815 4023 divinus
2840 3964 3138 4035 Apostolus
3180 3979 3193 4016 :
3231 3961 3397 4017 Canet
3428 3960 3563 4013 enim

1989 4065 2114 4117 tuba
2138 4080 2156 4128 ;
2221 4070 2270 4115 et
2301 4062 2493 4115 mortui
2519 4058 2607 4130 qui
2632 4060 2688 4112 in
2713 4057 2918 4115 Christo
2937 4062 3062 4110 sunt
3088 4058 3362 4121 resurgent
3386 4050 3562 4120 primi;

1991 4153 2153 4223 352
2187 4152 2386 4206 Deinde
2416 4168 2509 4205 nos
2540 4150 2628 4220 qui
2653 4150 2891 4211 vivimus,
2924 4146 3015 4216 qui
3044 4143 3238 4196 residui
3260 4156 3460 4203 sumus,
3493 4140 3559 4192 si-

1991 4241 2104 4295 mul
2160 4242 2429 4311 rapientur
2473 4256 2591 4293 cum
2627 4237 2734 4291 illis
2784 4236 2987 4290 obviam
3023 4232 3249 4288 Domino
3304 4231 3359 4283 in
3403 4245 3569 4293 aera,

1993 4342 2043 4387 et
2065 4335 2139 4387 sic
2171 4349 2378 4403 semper
2403 4349 2523 4385 cum
2551 4331 2774 4384 Domino
2795 4328 2988 4381 erimus
3005 4328 3072 4379 ’⁵.

316 4431 527 4498 αὐτοῖς
578 4433 1045 4501 ἁρπαγησόμεθα
1081 4431 1151 4485 ἐν
1185 4431 1468 4501 νεφέλαις
1512 4434 1599 4499 εὶς
1659 4430 2004 4499 ἀπάντησιν
2047 4431 2156 4483 τοῦ
2188 4429 2408 4497 Κυρίου
2439 4428 2526 4493 είς
2555 4425 2721 4493 ἀέρα,
2757 4424 2855 4477 καί
2902 4422 3055 4475 οὕτω
3119 4419 3376 4473 πάντοτε
3445 4415 3560 4468 σὺν

316 4530 518 4595 Κυρίῳ
542 4529 817 4598 ἐσόμεθα.

391 4618 607 4672 Τούτων
651 4615 744 4673 οὖν
788 4619 960 4682 οὕτως
1004 4618 1428 4689 ἐπηγγελμένων
1474 4622 1587 4683 τοῖς
1633 4620 1884 4688 ἀγαπῶσι

2061 4616 2198 4672 Cum
2244 4615 2360 4669 hac
2410 4614 2591 4681 itaque
2649 4625 2775 4664 eum
2819 4608 2872 4662 in
2906 4605 3130 4661 modum
3160 4602 3428 4673 promissa
3455 4601 3585 4663 sint

316 4713 413 4764 τὸν
451 4712 675 4781 Κύριον,
707 4710 791 4774 τίς
826 4712 969 4781 μόνῳ
995 4710 1073 4781 τῷ
1112 4710 1262 4781 ῥητῷ
1314 4711 1412 4780 τῆς
1444 4710 1669 4780 Γραφῆς
1714 4727 1883 4780 προσ-

317 4802 538 4871 ηλῶσας
562 4800 654 4853 τὸν
678 4800 821 4862 νοῦν,
847 4801 939 4852 τὸν
960 4801 1204 4873 οὐρανὸν,
1232 4799 1329 4853 καὶ
1350 4800 1448 4870 τὴν
1480 4801 1886 4871 ἡτοιμασμένην

320 4891 432 4946 ἀπὸ
466 4892 768 4961 καταδολῆς
792 4892 998 4961 κόσμου
1041 4892 1334 4962 βασιλείαν,
1372 4893 1468 4945 καὶ
1497 4892 1595 4963 τὴν
1635 4892 1727 4945 τοῦ
1772 4893 1885 4945 Κυ-

323 4983 443 5054 ρίου
502 4983 778 5053 μυστικῶς
841 4983 1332 5053 ἀποκεκρυμμένην
1386 4982 1594 5052 χαρὰν,
1650 4983 1741 5036 καὶ
1790 4981 1888 5051 τὴν

317 5076 543 5143 διηνεκῆ
595 5075 690 5127 καὶ
738 5073 1014 5135 παντελῶς
1055 5073 1375 5126 ἀδιάστατον
1421 5074 1517 5126 σὺν
1548 5073 1736 5143 Κυρίῳ
1783 5073 1889 5125 τῶν

318 5164 493 5230 ἀξίων
534 5165 701 5234 μόνην
744 5180 805 5216 τε
835 5164 929 5217 xal
975 5163 1199 5233 ἵδρυσιν,
1236 5163 1426 5216 ταυτόν
1458 5163 1574 5216 ποτ’
1626 5164 1691 5216 ἂν
1726 5167 1793 5233 τῇ
1819 5167 1888 5235 γῇ

321 5258 539 5326 φήσειε,
558 5255 699 5323 λόγῳ
727 5253 1062 5324 κινούμενος,
1090 5254 1186 5306 καὶ
1209 5252 1366 5321 λόγου
1393 5252 1728 5323 θεραπευτής
1753 5250 1889 5306 εἶναι

322 5346 539 5413 ποθῶνςι
572 5345 732 5399 Ἀλλὰ
759 5344 856 5399 νῦν
878 5345 979 5416 γῆν
1005 5345 1232 5412 φάσκειν
1259 5339 1434 5413 οἶμαι,
1452 5344 1555 5413 τὴν
1569 5343 1771 5411 παγίαν
1800 5346 1892 5396 καὶ

324 5439 602 5501 παντελῶς
657 5437 987 5509 ἀμετάθετον
1028 5437 1102 5508 (b)
1155 5436 1261 5491 ἀπὸ
1293 5436 1387 5489 τοῦ
1437 5435 1598 5489 καλοῦ
1647 5436 1745 5504 τῆς
1785 5436 1894 5488 τῶν

1989 4707 2076 4761 bis
2102 4705 2196 4777 qui
2217 4706 2454 4775 diligunt
2473 4700 2786 4763 Dominum,
2820 4699 2962 4769 quis,
2990 4696 3084 4751 uni
3108 4695 3403 4764 Scriptum
3418 4692 3561 4747 dicto

1989 4798 2212 4869 alligens
2230 4797 2495 4858 animum,
2532 4794 2755 4855 cmlum,
2780 4796 3143 4860 paratumque
3168 4802 3197 4839 a
3220 4784 3409 4838 mundi
3431 4800 3560 4837 con-

1986 4888 2271 4945 stitutione
2301 4900 2552 4957 regnum,
2587 4899 2651 4938 ac
2680 4882 2895 4937 Domini
2926 4879 3152 4950 mystice
3181 4873 3581 4929 absconditum.

1987 4979 2246 5050 gaudium
2269 5019 2283 5041 ,
2336 4979 2463 5047 juge
2487 4974 2723 5043 denique
2757 4984 3098 5042 prorsusque
3120 4965 3413 5020 indivisum
3441 4979 3562 5018 cum

1990 5072 2222 5126 Domino
2269 5084 2461 5123 eorum
2498 5066 2593 5136 qui
2623 5064 2973 5135 digni‘erunt
3020 5055 3446 5114 contubernium
3474 5071 3564 5109 se-

1989 5164 2219 5233 desque.
2267 5162 2414 5216 idem
2445 5173 2685 5228 unquam
2718 5157 2868 5210 dicat
2886 5169 3009 5219 esse
3038 5167 3103 5206 ac
3126 5159 3298 5211 terra,
3327 5147 3373 5201 si
3401 5146 3577 5201 modo.

1992 5254 2203 5309 ratione
2236 5253 2488 5318 ducatur,
2516 5266 2582 5305 ac
2606 5248 2773 5303 Verbi
2805 5244 2986 5301 cultor
3002 5257 3123 5297 esse
3150 5238 3399 5294 ambiat?
3457 5237 3562 5292 νεα

1992 5362 2114 5400 rum
2144 5346 2249 5399 hoc
2275 5346 2398 5399 loco
2431 5352 2635 5398 terram
2664 5352 2862 5395 vocare
2889 5334 3148 5396 arbitror,
3181 5330 3398 5384 ﬁrmum
3421 5336 3477 5381 et
3495 5327 3581 5381 ab-

1995 5438 2212 5493 honesti
2246 5450 2476 5507 prorsus
2511 5433 2724 5488 ratione
2770 5424 3223 5484 indemutabilcm
3247 5428 3561 5475 mansueto-

401 5559 446 5628 ε’
474 5557 678 5628 Ephes.
710 5573 768 5617 ιι.
800 5556 1010 5628 21,3"
1042 5556 1141 5611 lsa.
1175 5573 1315 5628 exvi,
1346 5556 1400 5609 '2.
1477 5557 1520 5586 ²¹
1551 5555 1739 5609 Matth.
1773 5573 1823 5609 ν.
1860 5556 1884 5611 ιί

2021 5558 2065 5587 ²²
2095 5555 2282 5609 Matth.
2317 5571 2443 5619 xx",
2474 5553 2564 5608 50.
2641 5551 2685 5582 ”
2713 5548 2899 5603 Matth.
2939 5560 3059 5609 xxv,
3092 5542 3181 5596 5i.
3257 5539 3302 5571 “
3332 5537 3465 5593 ibid.
3495 5536 3584 5603 21,

327 5630 369 5661 ³⁵
404 5627 427 5683 I
455 5626 583 5691 (lor.
616 5645 703 5692 xv,
732 5628 886 5692 52;}
909 5626 1103 5688 Thess.
1132 5644 1204 5692 iv,
1236 5627 1323 5692 15,
1354 5627 1437 5681 16.

396 5747 459 5813 (Ι)
479 5746 612 5818 ,Τὴν
640 5747 861 5814 παγίαν
894 5746 991 5800 καὶ
1019 5747 1409 5818 ἀμετάθετον.
1443 5748 1576 5803 Male
1602 5751 1717 5813 Cat.
1756 5766 1884 5804 πανο

1984 5765 2043 5816 ιν,
2089 5756 2350 5817 sanctum,
2407 5761 2529 5818 pro,
2568 5742 2808 5816 ﬁrmum,
2869 5748 2928 5795 ut
2978 5746 3033 5794 et
3095 5732 3407 5806 ευτερφίαν,
3466 5743 3589 5801 μοι

329 5816 615 5889 ἀτρεψίαν,
651 5833 771 5887 qua:
787 5819 971 5872 omnia
999 5817 1253 5888 decoquit
1271 5818 1561 5891 interpres.
