4082 6500
546 367 649 430 887

1697 374 1758 432 S.
1800 373 2087 439 MAXIMI
2120 377 2262 439 CON
2270 379 2628 441 FESSORIS

3688 375 3787 444 883

547 492 668 530 rum
694 476 1159 534 immutabilitatis
1179 477 1427 533 habitum
1455 490 1617 550 atque
1641 491 1903 538 virtutem
1925 500 1941 548 ;
1971 486 2117 554 quod

2233 490 2444 561 πραέων
2491 485 2754 558 ἀτρεψίας
2815 486 2929 554 ἕξιν
2983 487 3077 542 καὶ
3120 483 3382 556 δύναμιν,
3432 486 3512 550 ὡς
3563 487 3650 540 ἀεὶ
3701 490 3792 544 σύν

545 581 765 636 semper
803 582 929 622 eum
965 561 1198 627 Domino
1237 568 1347 634 sit,
1401 569 1773 640 gaudiumque
1801 572 2125 629 indeficiens

465 666 470 676 ‘
547 657 749 713 habeat
769 701 784 725 ,
840 675 904 727 ac
931 676 1162 731 regnum
1189 661 1320 715 olim
1344 671 1594 732 paratum
1618 667 1931 736 perceperit.
1956 683 1972 732 ;
2008 677 2124 722 sta-

549 762 664 806 tum
706 751 946 824 denique
993 768 1058 818 ac
1091 752 1378 820 ordinem,
1425 756 1520 824 qui
1552 755 1608 810 in
1634 757 1777 818 caelo
1801 767 2123 828 praestatur,

548 847 701 901 velut
746 847 1010 901 nimirum
1072 855 1276 902 terram
1325 850 1662 921 quamdam,
1717 868 1840 922 qua:
1881 854 2126 919 medium

549 935 796 1001 universi
833 937 998 992 situm
1045 938 1305 1010 (virtutis
1327 941 1540 997 scilicet
1569 943 1873 1016 rationem)
1914 952 2119 1005 teneat,

549 1025 780 1095 adipisci
829 1027 1096 1082 meruerit
1148 1046 1163 1083 :
1217 1044 1284 1083 ex
1327 1031 1485 1101 cujus
1529 1033 1740 1097 ratione
1779 1033 1864 1087 vir
1889 1035 2040 1090 mitis
2063 1051 2127 1090 ac

549 1128 890 1186 mansuetus,
923 1119 1144 1176 medius
1160 1121 1308 1177 inter
1325 1121 1526 1177 bonam
1548 1125 1743 1192 famam
1768 1135 1824 1179 et
1846 1125 2126 1180 infamiam

550 1209 978 1279 constitutus“,
1039 1214 1339 1293 tranquillo
1381 1215 1568 1276 animo
1619 1231 1685 1270 ac
1724 1217 2127 1287 imperturbato

550 1309 898 1368 perseverat,
955 1309 1018 1356 ut
1042 1318 1221 1374 neque
1251 1303 1513 1364 laudibus
1534 1305 1844 1362 celebratus
1879 1308 2124 1373 inﬂetur,

550 1406 654 1460 nec
710 1391 936 1448 infamia
981 1394 1308 1465 deturpatus
1355 1406 1606 1451 maereat.
1642 1397 1748 1453 Ubi
1777 1400 1923 1453 enim
1961 1400 2124 1467 ratio,

551 1500 582 1537 a
619 1483 821 1552 quibus
845 1501 946 1558 per
990 1497 1246 1542 naturam
1292 1489 1466 1544 libera
1490 1491 1728 1555 exsistit,
1765 1493 2125 1563 cupiditatem

551 1573 899 1647 abstraxerit,
921 1591 1112 1633 eorum
1135 1579 1438 1634 molestiam
1463 1580 1768 1637 insultuum
1801 1600 1912 1639 non
1935 1585 2125 1652 sentit,

551 1680 673 1734 qua:
718 1667 866 1732 circa
908 1667 1000 1722 illa
1047 1679 1282 1725 aestuare
1321 1669 1587 1737 desierit,
1653 1682 1934 1745 totamque
1959 1677 2127 1747 animi

550 1757 666 1811 vim
715 1759 784 1822 ad
814 1758 1058 1814 divinam
1099 1761 1360 1832 curisque
1389 1778 1454 1818 ac
1477 1764 1604 1820 vitae
1631 1767 1868 1836 negotiis
1889 1769 2126 1829 solutam

552 1847 866 1904 libertatem
895 1851 1203 1920 appulerit;
1228 1869 1358 1922 qua,
1385 1869 1510 1908 cum
1533 1855 1798 1911 Dominus
1829 1857 2134 1928 discipulos.

552 1955 684 1996 suos
715 1940 989 2010 impartiri
1019 1942 1185 1996 vellet
1207 1983 1222 2007 ,
1263 1931 1468 2009 Tollite,
1498 1945 1704 2014 aiebat,
1735 1947 1926 2018 jugum
1955 1966 2130 2004 meum

551 2047 709 2101 super
753 2048 838 2086 vos
865 2072 881 2096 ,
942 2041 992 2087 et
1013 2034 1194 2088 discite
1221 2053 1254 2089 a
1283 2053 1365 2090 me
1394 2039 1518 2108 quia
1544 2040 1684 2092 mitis
1703 2056 1821 2093 sum
1847 2049 1894 2114 et
1920 2042 2131 2096 humilis

553 2123 707 2176 corde
731 2140 750 2178 :
776 2133 826 2177 et
854 2111 1122 2179 invenietis
1151 2128 1382 2196 requiem
1415 2129 1692 2184 animabus
1714 2133 1986 2199 vestris";
2039 2150 2132 2192 re:

553 2215 737 2286 quiem
761 2217 1064 2288 appellans,
1097 2217 1271 2275 divini
1303 2222 1452 2292 regni
1485 2223 1788 2292 potentiam
1808 2265 1824 2289 ,
1881 2241 2003 2296 quae
2023 2226 2134 2283 sci-

553 2307 685 2361 licet
731 2307 819 2362 his
859 2308 954 2378 qui
995 2307 1146 2380 digni
1176 2312 1288 2365 siut
1320 2312 1390 2366 al)
1418 2313 1568 2368 omni
1593 2313 1833 2370 liberum
1865 2318 2138 2376 servitute

554 2396 898 2452 dominatum
927 2399 1153 2456 tribuat.

622 2488 779 2555 Quod
810 2490 856 2546 si
884 2491 1191 2547 humilibus
1212 2508 1278 2548 ac
1300 2496 1601 2551 mansuetis
1629 2496 1956 2554 immortatis
1977 2501 2132 2571 regni

556 2582 725 2639 nullis
767 2600 1007 2653 unquam
1047 2585 1226 2640 ruinis
1275 2586 1481 2642 caduca
1509 2589 1951 2661 inviolabilisquc
1976 2602 2134 2662 pote-

556 2683 668 2734 stas
708 2676 1073 2742 conceditur,
1137 2680 1264 2749 quis
1315 2680 1394 2735 sic
1419 2682 1627 2737 amoris
1669 2682 1930 2740 illecebra
1964 2686 2137 2744 durus

555 2766 982 2838 divinorumque
1012 2785 1245 2840 prorsus
1282 2772 1554 2828 bonorum
1599 2774 1822 2831 fastidio
1847 2778 2135 2848 languens,

559 2867 620 2926 ut
665 2874 776 2912 non
817 2875 1048 2928 prorsus
1090 2861 1421 2918 humilitatis
1453 2881 1518 2920 ac
1548 2868 1992 2924 mansuetudinis
2019 2870 2138 2924 adi-

558 2949 832 3022 piscenda:
863 2950 1141 3010 desiderio
1164 2963 1358 3025 agatur
1388 2955 1530 3027 (quo
1559 2957 1822 3014 nimirum
1853 2959 2024 3016 divini
2052 2977 2139 3018 re-

556 3038 650 3106 gni
673 3039 964 3096 character
986 3051 1150 3113 atque
1172 3042 1367 3115 ﬁgura,
1397 3055 1662 3114 quantum
1686 3048 1897 3104 homini
1915 3066 2140 3108 CODCCS‘!

557 3147 680 3196 sum
711 3139 814 3195 est,
847 3132 1118 3189 elliciatur
1139 3135 1157 3206 )
1179 3177 1194 3202 ,
1257 3137 1313 3194 in
1337 3138 1518 3209 seipso
1544 3151 1741 3196 natura
1769 3143 2138 3200 essentialiter

559 3223 739 3294 magni
763 3241 892 3279 vere
922 3227 1067 3297 regis
1090 3227 1320 3295 Christi,
1349 3233 1536 3301 gratia:
1561 3249 1812 3300 munere,
1837 3236 1988 3290 nulla
2013 3252 2140 3292 eva-

559 3315 794 3384 riatione
838 3313 1163 3378 dissimilem
1213 3322 1269 3376 in
1309 3323 1512 3394 spiritu
1561 3324 1791 3381 formam
1820 3343 2017 3398 gerens
2045 3347 2059 3382 :
2084 3331 2139 3384 in

559 3423 687 3475 qua,
741 3405 900 3479 353
960 3410 1140 3480 inquit
1172 3413 1394 3470 divinus
1417 3417 1736 3487 Apostolus,
1785 3436 1891 3472 non
1915 3428 1990 3474 est
2020 3438 2137 3474 ma-

556 3495 730 3552 sculus
756 3507 804 3554 et
825 3495 1078 3568 femina"
1108 3500 1212 3574 (ira
1235 3505 1447 3561 scilicet
1475 3513 1532 3561 et
1552 3506 1872 3577 cupiditas),
1902 3525 2137 3580 quarum

558 3588 710 3659 prior
762 3593 1031 3646 rationem
1084 3595 1369 3665 tyrannice
1409 3597 1648 3662 efferat,
1710 3607 1976 3670 extraque
2005 3601 2140 3671 legis

559 3689 769 3736 natura:
801 3692 974 3738 metas
1005 3682 1248 3738 animum
1274 3687 1522 3742 extrudit
1555 3706 1569 3742 :
1607 3688 1781 3744 altera
1802 3706 1954 3757 vero,
1978 3691 2141 3747 unica

558 3771 785 3844 solaque
806 3775 1162 3830 desiderabili
1192 3793 1256 3833 ac
1279 3778 1603 3849 impassibili
1623 3797 1786 3836 causa
1811 3793 2137 3853 naturaque,

559 3881 680 3933 quae
707 3863 776 3919 ab
799 3881 864 3920 ea
889 3866 1132 3920 secunda
1152 3878 1282 3923 sunt
1306 3871 1632 3928 amabiliora
1662 3873 1874 3940 reddit;
1909 3890 2140 3945 eamque

560 3957 632 4021 ob
654 3973 792 4019 rem,
823 3972 1045 4012 carnem
1078 3959 1299 4028 spiritui
1325 3965 1633 4034 anteponit,
1666 3983 1732 4022 ac
1760 3983 1944 4022 rerum
1967 3969 2142 4025 oculis

559 4052 928 4123 subiectarum
949 4053 1197 4119 delicias,
1230 4056 1561 4126 spiritalium
1588 4059 1836 4113 claritate
1865 4075 1928 4113 ac
1955 4060 2140 4130 splen-

559 4146 714 4208 dore,
742 4145 1106 4216 jucundiorcs
1139 4146 1293 4201 ducit
1322 4164 1336 4214 ;
1394 4148 1690 4218 voluptatis
1712 4165 1908 4204 sensus
1937 4150 2144 4204 lenoci-

560 4238 656 4293 nio
704 4248 760 4292 ct
803 4238 1062 4295 illecebra
1087 4279 1102 4305 ,
1162 4256 1194 4296 a
1223 4240 1409 4295 divina
1438 4251 1600 4312 atque
1625 4242 1772 4298 alIini
1799 4259 1984 4298 rerum
2021 4259 2142 4313 qua:

560 4339 744 4385 mente
789 4330 1174 4402 intelliguntur
1219 4335 1575 4404 perceptione
1628 4351 1828 4390 arcens
1857 4336 2138 4401 animum;

558 4423 655 4490 sed
676 4423 1109 4493 singularissima
1125 4426 1288 4490 ratio,
1315 4426 1385 4481 ab
1409 4427 1528 4496 ipso
1544 4443 1765 4497 quoque
1791 4443 2002 4483 summe
2019 4429 2141 4499 qui-

2227 579 2418 652 Κυρίῳ
2463 579 2835 650 ὑπάρχουσαν,
2886 577 2980 631 καὶ
3024 569 3198 647 χαρὰν
3247 575 3604 630 ἀνέκλειπτον
3646 578 3790 648 έχου-

2229 687 2347 735 σαν,
2376 670 2472 724 καὶ
2503 669 2777 741 βασιλείας
2807 668 3072 722 ἀνέκαθεν
3096 669 3512 739 ἡτοιμασμένης
3541 669 3793 739 ἐπειλημ-

2229 764 2417 834 μὲνην,
2465 763 2556 817 καὶ
2593 763 2688 832 τῆς
2717 765 2776 815 έν
2821 757 3036 832 οὐρανῷ
3080 758 3322 824 στάσεώς
3352 777 3415 814 τε
3463 760 3562 812 καὶ
3600 760 3795 826 τάξεως

2225 852 2566 924 ὴξιιιι›μένην⁸
2611 849 2700 905 οἷα
2747 852 2812 922 δὴ
2866 852 2969 922 γῆν
3011 867 3134 903 τινα
3186 849 3358 920 μέσην
3413 847 3578 920 [alter
3621 851 3789 915 cades,

2227 947 2353 1016 γῆν.
2387 943 2581 1017 μέσην]
2604 943 2697 998 τοῦ
2725 946 2926 1008 παντὸς
2953 943 3101 998 θέσιν
3129 941 3518 998 ἀπολαϐοῦσαν
3552 941 3654 1010 τῆς
3681 942 3797 1012 ἀρε.

2225 1035 2328 1104 τῆς
2350 1036 2442 1089 τὸν
2487 1035 2646 1103 λόγον
2666 1049 2680 1063 ·
2725 1033 2847 1087 καθ’
2880 1033 2940 1086 ὃν
2974 1035 3136 1104 μέσος
3164 1031 3443 1103 εὐφημίας
3473 1030 3572 1084 καὶ
3606 1030 3795 1098 δυσφη-

2230 1125 2361 1198 μίας
2395 1125 2655 1197 ὑπάρχων
2683 1126 2712 1179 6
2739 1127 2935 1196 πρᾶος,
2964 1123 3181 1194 ἀπαθὴς
3206 1123 3478 1194 διαμένει,
3515 1122 3652 1192 μήτε
3689 1124 3796 1184 ταῖς

2227 1218 2526 1288 εὐφημίαις
2573 1215 2960 1288 [ἐπαιρόμενος
3015 1215 3050 1288 ἢ
3091 1211 3408 1286 κενοδοξῶν]
3467 1212 3793 1282 φυσώμενος.

2230 1313 2367 1382 μήτε
2411 1313 2530 1374 ταῖς
2571 1309 2907 1381 δυσφημίαις
2955 1307 3348 1377 πυγνούμενος
3389 1303 3795 1377 [λυπούμενοςι

2225 1396 2328 1454 ⁷ον
2380 1399 2491 1472 γὰρ
2539 1399 2569 1453 ὁ
2597 1400 2756 1468 λόγος
2804 1399 3040 1469 ὑπάρχει
3093 1395 3234 1450 κατὰ
3286 1394 3454 1463 φύσιν
3509 1392 3796 1462 ἐλεύθερος,

2227 1493 2543 1562 ἀποστήσας
2591 1491 2692 1561 τὴν
2739 1489 2926 1558 ἔφεσιν
2948 1527 2964 1553 ,
3013 1486 3218 1540 τούτων
3273 1481 3634 1555 διοχλούντων
3690 1483 3799 1550 ταῖς

2228 1582 2554 1655 προσϐολαῖς
2578 1581 2678 1635 οὐκ
2711 1579 3049 1639 αἰσθάνεται,
3086 1575 3452 1638 καταπαύσας
3480 1571 3674 1626 ἑαυτὸν
3709 1570 3798 1640 τῆς

2228 1675 2359 1746 περὶ
2418 1674 2589 1728 ταῦτα
2617 1672 2786 1742 ζάλης
2841 1672 2951 1742 (‘2),
3012 1670 3107 1724 καὶ
3167 1668 3300 1740 πρὸς
3355 1668 3460 1738 τὴν
3514 1665 3665 1720 θείαν
3714 1664 3802 1716 καὶ

2227 1769 2508 1839 ἄπρακτον
2539 1764 2852 1836 ἐλευθερίαν
2892 1762 3022 1834 ὅλην
3071 1762 3173 1833 τῆς
3220 1760 3402 1830 ψυχῆς
3457 1757 3798 1829 μεθορμήσας

2227 1861 2328 1932 τὴν
2376 1859 2640 1931 δύναμιν·
2703 1854 2772 1930 ἧς
2818 1860 2930 1920 τοῖς
2974 1855 3172 1910 ἑαυτοῦ
3218 1854 3492 1925 μαθηταῖς
3535 1850 3566 1902 ὁ
3611 1847 3797 1918 Κύριος

2233 1949 2555 2022 μεταδοῦναι
2595 1948 2796 2014 ποθῶν,
2833 1950 3069 2014 Ἀρατε,
3103 1946 3257 2017 φησι,
3303 1944 3414 1999 τὸν
3470 1940 3650 2012 ζυγόν
3689 1955 3800 2008 μου

2226 2043 2319 2112 ἐφ’
2353 2041 2527 2112 ὑμᾶς,
2572 2040 2672 2094 καί
2710 2039 2927 2108 μάθετε
2967 2038 3068 2093 ἀπ’
3094 2036 3262 2106 ἐμοῦ,
3305 2035 3397 2088 ὅτι
3440 2029 3632 2101 πρᾶός
3672 2033 3797 2099 ειμι,

2230 2135 2330 2191 καί
2355 2134 2636 2200 ταπεινὸς
2673 2131 2748 2201 τῇ
2795 2130 3044 2200 καρδίαι
3077 2129 3174 2184 καὶ
3205 2127 3504 2196 εὑρήσετε
3542 2122 3796 2178 ἀνάπαυ-

2231 2243 2338 2288 σιν
2372 2225 2502 2291 ταῖς
2553 2222 2783 2293 ¹ψυχαῖς
2817 2219 3018 2292 ὑμῶν’
3052 2219 3358 2274 ἀνάπαυσιν
3388 2216 3590 2284 λέγων,
3618 2212 3678 2267 τδ
3711 2212 3799 2281 τῆς

2233 2317 2383 2381 θείας
2433 2315 2706 2388 βασιλείας
2749 2313 2972 2384 κράτος,
3019 2311 3097 2373 ὡς
3145 2309 3326 2378 πάσης
3379 2302 3798 2375 ἀπηλλαγμένην

2231 2407 2475 2472 δουλείας
2500 2409 2613 2470 τοῖς
2643 2406 2815 2470 ἀξίοις
2841 2401 3102 2474 ἐμποιοῦν
3129 2399 3474 2456 δεσποτείαν.

2303 2499 2368 2554 Ei
2399 2498 2457 2550 δὲ
2501 2498 2613 2560 τοῖς
2659 2496 2935 2557 ταπεινοῖς
2979 2492 3072 2545 καὶ
3120 2493 3317 2561 πράοις
3354 2488 3419 2541 τὸ
3455 2485 3798 2553 ἀκαθαίρετον

2233 2592 2334 2662 τῆς
2370 2589 2649 2661 ἀκηράτου
2685 2586 2962 2657 βασιλείας
3015 2583 3214 2638 δίδοται
3249 2580 3474 2652 κράτος,
3520 2578 3604 2641 τίς
3641 2574 3795 2638 οὕτως

2232 2682 2529 2754 ἀνέραστος
2562 2678 2656 2733 καὶ
2680 2679 2858 2748 πάντη
2896 2675 3005 2731 τῶν
3046 2675 3220 2754 θείων
3244 2672 3545 2743 ἀνόρεκτος
3571 2667 3792 2735 ἀγαθῶν,

2233 2773 2309 2836 ὡς
2347 2773 2422 2844 μὴ
2625 2771 2794 2841 ἄκρον
2822 2767 3071 2836 ἐφίεσθαι
3099 2753 3489 2825 ταπεινώσεως
3513 2760 3607 2815 καὶ
3641 2757 3793 2829 πραό-

2231 2881 2429 2935 τητος,
2462 2863 2548 2917 ἵνα
2591 2862 2824 2933 γένηται
2853 2861 2952 2930 τῆς
2997 2858 3147 2920 θείας
3192 2855 3486 2927 χαρακτὴρ
3517 2849 3790 2924 βασιλείας.

2233 2955 2310 3018 ὡς
2354 2954 2575 3023 ἐφικτόν
2618 2954 2766 3006 ἐστιν
2816 2948 3119 3020 ἀνθρώπῳ,
3171 2947 3352 3018 φέρων
3387 2947 3456 2998 ὲν
3501 2941 3673 3012 ἑαυτῷ
3710 2940 3789 2993 τοῦ

2237 3045 2395 3114 φύσει
2447 3045 2566 3102 κατ’
2611 3042 2798 3110 οὐσίαν
2851 3039 2928 3103 ὼς
2987 3036 3202 3108 ἀληθῶς
3259 3034 3502 3106 μεγάλου
3556 3029 3792 3102 βασιλέως

2240 3135 2498 3209 Χριστοῦ,
2529 3135 2673 3188 κατά
2696 3133 2793 3203 τὴν
2820 3132 2978 3202 χάριν
3006 3128 3422 3202 ἀπαράλλακτον
3449 3125 3550 3196 τὴν
3573 3124 3630 3176 ἐν
3650 3120 3794 3210 πνεῦῖ

2243 3249 2374 3304 ματι
2417 3230 2733 3301 μόρφωσιν;
2785 3228 2844 3280 ὲν
2886 3219 2956 3299 ᾖ,
2995 3225 3159 3293 φησιν
3207 3225 3236 3276 ὁ
3281 3221 3426 3284 θεῖος
3476 3215 3790 3276 ’Δπόστολος,

2239 3326 2351 3378 οὐκ
2390 3322 2561 3376 ἔστιν
2596 3319 2777 3390 appar
2819 3317 2921 3373 καί
2974 3315 3164 3386 θῆλυο
3208 3313 3480 3374 τουτέστι,
3518 3308 3680 3382 θυμὸς
3709 3306 3790 3362 καὶ

2239 3414 2504 3484 ἐπιθυμία
2523 3429 2536 3442 ·
2567 3415 2596 3466 ὁ
2631 3413 2730 3484 μὲν
2757 3408 3098 3482 τυραννικῶς
3127 3407 3375 3478 ἐκφέρων
3409 3406 3508 3459 τὸν
3534 3399 3788 3471 λογισμὸν,

2239 3511 2335 3562 καὶ
2363 3505 2455 3559 τοῦ
2487 3505 2652 3576 νόμου
2683 3507 2784 3576 τῆς
2833 3501 3049 3573 φύσεως
3074 3500 3179 3568 ἔξω
3212 3500 3538 3570 ποιοῦμενος
3562 3495 3655 3567 τὴν
3689 3492 3786 3546 διὰ·

2239 3613 2421 3652 νοιαν·
2475 3597 2510 3667 ἡ
2546 3595 2625 3660 δὲ,
2676 3594 2779 3665 τῆς
2834 3595 2965 3665 μιᾶς
3011 3593 3104 3648 καὶ
3156 3592 3324 3663 μόνης
3378 3589 3580 3658 ὲφετῆς
3619 3601 3674 3640 τε
3706 3582 3790 3650 καὶ,

2241 3689 2484 3752 ἀπαθοῦς
2516 3687 2691 3751 αἰτίας
2716 3687 2809 3742 καὶ
2837 3685 3052 3758 φύσεως
3077 3685 3370 3755 ποιουμένη
3391 3684 3466 3738 τὰ
3505 3680 3618 3752 μετ’
3643 3676 3786 3745 αὐτὴν

2240 3781 2643 3855 ὲρασμιώτερα,
2671 3781 2766 3835 καὶ
2792 3779 2882 3835 διὰ
2901 3780 3058 3834 τοῦτο
3075 3779 3174 3850 τὴν
3204 3778 3382 3848 σάρκα
3409 3770 3786 3846 προτιμοτέραν

2239 3874 2496 3946 τιθεμένη
2539 3873 2634 3928 τοῦ
2678 3873 3022 3943 πνεύματος⁹
3069 3871 3162 3925 καὶ
3200 3870 3300 3938 τῆς
3328 3865 3627 3937 νοουμένων
3651 3860 3786 3929 δόξης

2239 3987 2301 4023 τε
2330 3971 2426 4024 καὶ
2453 3969 2836 4040 λαμπρότητος
2869 3963 3330 4034 ὲπιτερπεστέραν
3350 3955 3681 4030 ἐργαζομένη
3703 3952 3784 4021 τὴν

2241 4063 2349 4117 τῶν
2391 4061 2733 4131 φαινομένων
2778 4057 3110 4113 ἀπόλαυσιν·
3140 4053 3216 4125 τῷ
3253 4052 3374 4106 κατ’
3401 4050 3648 4120 αἴσθησιν
3677 4044 3783 4113 λείῳ

2241 4153 2342 4223 τῆς
2389 4153 2615 4223 ἡδονῆς,
2669 4151 3010 4223 ἀπείργουσα
3059 4147 3151 4202 τὸν
3209 4146 3334 4200 νοῦν
3383 4145 3489 4213 τῆς
3532 4140 3672 4201 θείας
3704 4137 3782 4190 καὶ

2243 4245 2538 4315 συγγενοῦς
2591 4243 2700 4296 τῶν
2745 4241 2950 4312 νοητῶν
3000 4237 3365 4310 ἀντιλήψεως·
3410 4234 3526 4289 ἀλλ’
3569 4229 3602 4299 ἦ
3648 4226 3780 4292 λόγος

2246 4337 2574 4408 μονώτατος,
2605 4336 2700 4390 καὶ
2736 4333 2908 4403 αὐτῆς
2955 4333 3035 4392 είς
3079 4329 3248 4402 ἄκρον
3279 4328 3378 4397 τῆς
3418 4321 3651 4384 ἀπαθοῦς
3679 4318 3777 4387 μὲν.

2244 4429 2483 4500 φυσικῆς
2515 4427 2573 4481 δὲ
2619 4428 2768 4492 ὅμως
2814 4424 2910 4478 τοῦ
2949 4422 3200 4494 σώματος
3248 4419 3314 4473 δι’
3347 4416 3549 4489 ἀρετῆς
3591 4424 3780 4480 περιου·

559 4515 683 4568 dcm
709 4529 740 4568 a
759 4514 993 4569 libidine
1012 4532 1173 4585 puro,
1194 4518 1434 4574 naturali
1459 4528 1662 4583 tamen,
1685 4521 1936 4588 corporis
1951 4535 2134 4575 amore

2241 4523 2374 4575 σίαψ
2388 4521 2761 4592 γυμνούμενος
2811 4519 3044 4588 στοργῆς
3073 4515 3167 4569 καὶ¹
3203 4512 3516 4576 διαθέσεως,
3554 4505 3776 4562 νικῶντος

560 4616 724 4679 atque
763 4605 931 4660 animi
974 4607 1267 4662 affectione
1291 4651 1308 4675 ,
1366 4608 1438 4664 ob
1475 4609 1701 4664 virtutis
1739 4611 2133 4666 abundantiam

562 4697 799 4764 nudata;
857 4715 924 4754 ea
949 4699 1163 4754 scilicet
1189 4701 1403 4755 ratione
1426 4741 1441 4766 ,
1490 4701 1636 4772 quod
1667 4703 1898 4772 spiritus
1929 4713 2143 4758 natura:

561 4791 738 4844 victor
765 4790 1008 4858 perfecte
1033 4792 1292 4856 exsistat,
1351 4808 1416 4847 ac
1444 4808 1475 4847 a
1500 4794 1693 4850 morali
1723 4795 1992 4865 tantisper
2019 4794 2145 4864 phi-

561 4878 817 4948 losophia
845 4879 1100 4935 inducias
1124 4881 1331 4936 indicat
1352 4922 1368 4945 ,
1426 4881 1558 4936 dum
1589 4883 1856 4938 hactenus
1885 4899 1984 4960 per
2011 4885 2142 4946 sim-

560 4969 763 5039 plicem
793 4970 1193 5045 indivisamque
1217 4973 1754 5042 contemplationem,
1789 4991 1917 5030 eum
1946 4991 2140 5046 super-

560 5046 846 5127 essentiali
874 5063 1086 5118 ratione
1116 5061 1405 5132 Yerboque
1431 5074 1492 5119 ut
1515 5065 1933 5136 congrediatur,
1969 5065 2140 5121 menti

561 5154 866 5223 incumbit;
902 5155 1120 5222 tametsi
1151 5156 1243 5211 illa
1269 5156 1424 5211 utilis
1451 5166 1644 5227 suopte
1667 5157 1829 5228 genio
1844 5165 1950 5224 est,
1983 5158 2052 5212 ad
2073 5173 2139 5227 ea

559 5262 684 5315 qua:
731 5248 1110 5318 temporaliter
1154 5247 1334 5309 fluunt
1387 5249 1547 5305 facile
1589 5251 1827 5307 secanda
1865 5266 1931 5305 ac
1958 5258 2135 5306 trans.

2241 4613 2463 4676 τελείως
2509 4612 2607 4683 τὴν
2651 4611 2812 4680 φύσιν
2849 4609 2944 4663 τοῦ
2985 4607 3314 4677 πνεύματος,
3344 4603 3440 4657 καὶ
3485 4601 3582 4670 τῆς
3609 4592 3775 4666 ἠθικῆς

2243 4705 2522 4768 πείθοντος
2572 4703 2827 4774 σχολάσαι
2882 4699 3216 4771 φιλοσοφίας,
3249 4697 3411 4768 ἡνίκα
3461 4685 3772 4781 συγγίνεσθςι

2241 4795 2348 4850 δέοι
2391 4795 2471 4865 τῷ
2532 4794 2840 4865 ὐπερουσίῳ
2885 4792 3029 4861 λόγῳ
3082 4789 3149 4843 δι’
3195 4787 3370 4856 ἁπλῆς
3421 4783 3513 4838 καὶ
3566 4783 3771 4848 ἀμερους

2242 4885 2498 4957 θεωρίας,
2550 4887 2640 4938 τὸν
2689 4883 2845 4937 νοῦν⁶
2889 4883 2993 4937 κᾶν
3032 4880 3301 4934 συντελεῖν
3344 4871 3492 4945 αὐτῷ
3542 4870 3768 4970 πέφυξνι

2241 4977 2320 5038 εις
2354 4954 2546 5047 ῥᾳδίαν
2574 4975 2682 5028 τῶν
2719 4973 2984 5046 χρονικῶς
3014 4971 3244 5044 ῥεόντων
3282 4967 3455 5038 τομὴν⁴
3491 4962 3579 5018 καὶ
3618 4954 3768 5012 W153-

2243 5085 2327 5120 σιν
2345 5083 2362 5099 ⁸
2406 5063 2482 5122 ὧν
2520 5068 2900 5127 διαὸαθὲντων,
2925 5067 3026 5120 οὐκ
3050 5063 3270 5132 εὐλογον
3296 5054 3659 5130 ὲπιδαρεῖσθαι
3692 5061 3767 5101 κα·

2242 5164 2418 5234 θάπερ
2463 5164 2682 5233 μηλωτῇ
2721 5161 2801 5232 τῷ
2841 5161 2961 5216 κατ’
3004 5155 3134 5230 ἦθος
3178 5156 3386 5227 τρόπῳ,
3437 5153 3526 5207 τὸν
3559 5151 3766 5212 amt“.-

2241 5250 2401 5306 θέντα
2429 5254 2542 5316 τοῖς
2569 5251 2844 5320 αἰσθητοῖς
2876 5251 3247 5318 ἀκατάσχετον

561 5338 876 5406 mittenda;
933 5341 1138 5412 quibus
1179 5342 1513 5402 transmissis
1543 5357 1607 5396 ac
1631 5342 1940 5412 superatis,
1992 5341 2141 5408 haud
2177 5358 2310 5398 sane
2347 5358 2564 5414 aequum
2589 5385 2606 5408 ,
2671 5351 2752 5407 ut,
2783 5343 2878 5415 qui
2933 5341 3228 5412 sensilibus
3289 5335 3619 5404 terrenisque
3650 5323 3764 5380 liber

518 5495 523 5498 _
560 5432 881 5502 excesserit,
932 5435 1124 5512 morali
1152 5434 1412 5506 deinceps
1438 5436 1830 5491 exercitatione
1877 5447 2136 5507 tanquam
2175 5438 2373 5494 melote
2398 5448 2675 5510 gravetur.

632 5526 880 5597 Remque
933 5528 1080 5584 clare
1129 5544 1358 5600 magnus
1392 5527 1541 5584 Elias
1580 5527 1899 5595 declarat",
1933 5540 2138 5600 myste-

564 5614 709 5679 rium
735 5618 843 5686 hoc
870 5617 1097 5689 figurate
1120 5619 1263 5693 facto
1284 5636 1386 5676 suo
1409 5619 1734 5688 ostendens;
1765 5621 1858 5693 qui
1881 5621 2138 5678 melotem

2317 5501 2426 5586 Καῖ
2449 5533 2598 5603 δηλοῖ
2643 5531 2800 5584 τοῦτο
2865 5530 3048 5600 σαφῶς
3106 5526 3290 5590 Ἠλίας
3325 5527 3355 5580 ὁ
3410 5522 3589 5595 μέγας,
3621 5511 3678 5568 δι’
3699 5501 3759 5559 ὧν

2243 5622 2481 5694 ἔπραττε
2514 5622 2758 5681 τυπικῶς
2802 5622 2958 5693 τοῦτο
2983 5621 3348 5693 παραδεικνύς
3375 5618 3433 5673 τὺ
3466 5611 3754 5690 μυστήριον·

635 5792 749 5865 tiu
774 5791 900 5856 Cor.
932 5809 1005 5866 vi,
1037 5794 1095 5868 8ι
1166 5796 1209 5845 υ
1243 5794 1432 5863 Matth.
1464 5811 1537 5863 tu,
1565 5796 1654 5852 29.
1731 5796 1775 5828 "
1804 5794 1982 5864 Galat.
2011 5811 2088 5864 ιιι,
2114 5795 2134 5850 ε

2280 5796 2326 5828 ¹⁹
2351 5795 2417 5871 lY
2445 5796 2579 5878 Reg.
2618 5812 2676 5866 ιι,
2714 5794 2799 5868 Η.
