4082 6444
304 364 405 427 589

1284 374 1688 440 EXPOSITIO
1724 378 2140 441 ORATIONIS
2176 381 2589 443 DOMINICIE.

3432 380 3547 446 890

305 478 521 568 chapix!
555 480 830 556 μηλωτὴν,
862 485 1006 557 φημὶ
1024 486 1083 541 δὲ
1104 488 1208 565 τῆς
1233 491 1433 563 σαρκὸς
1453 493 1550 565 τὴν
1579 494 1852 566 νέκρωσιν.

1970 496 2193 566 quidem
2251 498 2472 568 (carnis
2513 474 2724 552 scilicet
2772 492 3248 549 mortiﬁcationem
3273 533 3288 558 ,
3347 491 3405 547 in
3438 509 3545 564 qua

303 565 421 647 svﬁ
466 571 530 626 τὸ
569 575 979 648 μεγαλοπρεπὲς
1017 580 1233 652 πέπηγε
1287 585 1387 654 τῆς
1427 588 1623 660 ἠθικῆς
1655 591 1874 662 κοσμιό-

302 679 483 755 τητος.
517 666 665 755 κατά
683 668 781 738 τὴν
806 669 1064 742 ἁρπαγὴν
1104 672 1400 744 Ἐλισσαίῳ
1421 677 1595 745 διδοὺς
1621 684 1703 747 εἰς
1732 699 1872 755 συμ-

299 753 502 845 μαχίαν
582 753 677 807 τοῦ
730 759 1038 829 πνεύματος
1077 763 1221 817 κατά
1259 766 1442 838 πάσης
1482 753 1862 845 ἀντικειμένής

298 842 614 950 δυνάμεωςι
642 848 738 950 καίΣ
780 850 997 950 πληγὴν
1044 856 1161 926 τῆς
1198 857 1433 915 ἀστάτου
1486 864 1581 916 καὶ
1636 842 1870 937 ῥεούσής

297 935 513 1039 adesp);
532 954 548 970 ’
675 941 845 1039 τύπος
878 944 1121 1039 θπῆρχεν
1140 949 1168 1002 ὁ
1207 951 1511 1025 ἰωρδάνης,
1544 956 1680 1028 πρὸς
1702 959 1763 1012 τὸ

297 1027 553 1097 σχεθῆναι
583 1030 674 1083 τὸν
706 1032 954 1107 μαθητήν
997 1039 1096 1109 τῆς
1123 1039 1259 1111 πρὸς
1280 1044 1380 1113 τήν
1407 1047 1570 1114 ἁγίαν
1593 1027 1698 1119 γῆν
1746 1027 1867 1103 διαλ

295 1118 529 1185 ϐάσεως,
578 1122 656 1193 τῷ
691 1124 896 1198 Θολερῷ
921 1146 980 1184 τε
999 1131 1094 1186 καὶ
1121 1133 1388 1209 ὀλισθηρῷ
1434 1141 1866 1210 περικλυσθέντα

294 1210 398 1306 τῇς
421 1213 530 1306 τῶν
556 1215 754 1271 ὑλικῶν
788 1223 1162 1292 προσπαθείας
1180 1242 1194 1257 ’
1250 1229 1410 1295 αὐτὸς
1437 1231 1493 1285 δὲ
1514 1233 1707 1303 χωρῶν
1729 1236 1866 1306 πρὸς

293 1302 387 1356 τὸν
444 1304 576 1360 Θεὸν
620 1308 825 1375 ἄνετος,
872 1310 1047 1369 οὐδενὶ
1078 1318 1186 1371 τῶν
1212 1319 1381 1381 ὅντων
1414 1302 1695 1390 παντελῶς
1723 1302 1866 1382 κατά

292 1396 398 1467 τὴν
428 1399 613 1469 σχέσιν
643 1404 1034 1475 κρατούμενος,
1071 1409 1276 1474 ἁπλοῦς
1309 1430 1370 1466 τε
1409 1414 1508 1483 τὴν
1552 1416 1736 1484 ἔφεσιν
1771 1419 1865 1472 καὶ

292 1486 391 1591 τήν
420 1488 982 1591 γνιῦμήν-ὰσύνθετος,
1022 1498 1160 1569 πρὸς
1200 1501 1291 1555 τὸν
1338 1504 1543 1561 ἁπλοῦν
1574 1509 1640 1577 τῇ
1681 1508 1861 1577 φύσει,

428 1582 541 1680 τῶν
576 1583 919 1657 ἀλληλούχων
968 1591 1201 1659 γενικῶν
1250 1596 1483 1665 ἀρετῶν,
1549 1603 1863 1668 γνωστικῶς

288 1669 549 1776 ἀλλήλαις
562 1679 975 1776 συΙνῃρημένων,
1008 1681 1083 1747 ὡς
1117 1683 1298 1740 ἳππων
1326 1689 1568 1760 πυρίνων
1594 1690 1690 1761 τὴν
1713 1692 1863 1763 ἐνδη-

288 1765 423 1832 μίαν
481 1765 822 1838 ποιούμενος.
874 1772 1056 1841 Ἔγνω
1100 1776 1209 1847 γὰρ
1262 1779 1344 1833 ὅτι
1391 1779 1473 1833 δεῖ
1500 1782 1578 1852 τῷ
1603 1783 1857 1853 νΧριστοῦ

287 1853 520 1949 μαθητῇ-
555 1855 677 1949 [Ἐν.
720 1862 951 1932 alterque
999 1865 1127 1934 Reg.
1174 1868 1263 1922 τὸν
1316 1872 1551 1943 Χριστοῦ
1587 1876 1858 1949 μαθητὴν]

286 1942 649 2038 ἀπογενέσθαι
674 1950 773 2015 τὰς
801 1953 1020 2020 ἀνίσους
1057 1957 1324 2025 διαθέσεις
1371 1942 1467 2034 (ὅ),
1507 1942 1643 2038 ῶνῄή
1673 1942 1863 2033 διαφαί-

287 2035 453 2130 ρότης
476 2038 686 2130 ἐλέγχει
722 2042 820 2114 τὴν
843 2045 1198 2118 ἀλλοτρίωσιν
1221 2067 1236 2082 ·
1284 2054 1444 2126 εἴπερ
1474 2035 1718 2128 διάχυσιν
1762 2060 1863 2130 μὲν

284 2128 381 2217 τοῦ
404 2129 535 2199 περὶ
568 2132 794 2202 καρδίαν
819 2136 1051 2207 αἵματος
1082 2140 1144 2193 τὸ
1181 2144 1302 2196 κατ’
1327 2144 1623 2217 ἐπιθυμίαν
1653 2128 1859 2215 πάθος·

284 2214 527 2311 αἷματος
563 2219 621 2272 δὲ
669 2220 836 2286 ζέσιν.
898 2228 1215 2299 κινούμενον
1269 2235 1459 2304 σαφῶς
1495 2214 1576 2292 ’τὸ
1632 2240 1861 2311 θυμικὸν

283 2304 693 2401 ἀπεργάζεται·
754 2316 847 2369 καὶ
896 2317 1109 2384 φθάσας
1166 2318 1254 2378 οἶα
1300 2325 1363 2395 δὴ
1415 2326 1524 2391 ζῶν
1552 2331 1611 2383 ἐν
1642 2304 1862 2401 Χριστῷ

284 2396 382 2450 καὶ
401 2402 722 2470 κινούμενος
754 2406 850 2459 καὶ
879 2407 974 2474 ὢν,
1011 2412 1204 2468 ἑαυτοῦ
1225 2414 1323 2487 τὴν
1480 2386 1862 2479 ἀνίσων,ἀλλό;

282 2489 624 2582 κστονΙαΜει·
648 2496 832 2561 codex,
860 2501 953 2554 καὶ
985 2502 1309 2580 ἀλλοκότων]
1340 2510 1573 2566 ἀπέθετο
1602 2514 1816 2582 γένεσιν
1841 2533 1857 2549 ο

284 2579 362 2676 μὴ
387 2581 572 2676 φέρων
611 2585 668 2637 ὲν
701 2588 878 2660 ἑαυτῷ
921 2593 1171 2668 καθάπερ
1218 2579 1386 2671 ἄρρεν
1410 2602 1505 2656 καὶ
1547 2579 1700 2676 θῆλυ,
1758 2608 1859 2673 τάς

282 2673 555 2738 ἐναντίας.
607 2677 684 2742 ὼς
738 2679 896 2752 εφην,
932 2685 1138 2741 τούτων
1169 2689 1280 2744 τῶν
1322 2693 1511 2749 παθῶν
1549 2673 1817 2764 διαθέσεις
1839 2717 1855 2733 ο

281 2763 373 2817 ἵνα
404 2764 481 2837 μὴ
507 2767 745 2842 δουλωθῇ
782 2773 992 2840 τούτοις
1036 2780 1063 2832 ὁ
1093 2780 1269 2850 λόγος,
1321 2788 1444 2850 ταῖς
1475 2788 1656 2844 αὐτῶν
1684 2763 1851 2846 ἀστά-

279 2869 395 2951 τοις
440 2858 768 2951 μεταϐολαῖς
823 2864 1223 2939 ἀλλοιούμενος.
1247 2863 1291 2940 ᾧ
1352 2876 1597 2944 φυσικῶς
1649 2878 1710 2933 τὸ
1755 2881 1858 2951 τῆς

279 2943 433 3009 θείας
724 2952 1062 3027 ἐγκέκραται
1095 2962 1280 3028 σέϐας,
1308 2968 1495 3022 πεῖθον
1549 2970 1651 3041 τὴν
1677 2943 1856 3045 ψυχήν

279 3036 733 3135 μεταπλασθίῖψαι
779 3047 920 3101 κατά
968 3053 1066 3123 τὴν
1118 3055 1343 3129 γνώμην
1380 3060 1518 3131 πρὸς
1575 3029 1856 3135 τήνοθείαν

1971 590 2192 645 moralis
2229 590 2533 644 honestatis
2586 588 2692 643 ﬁxa
2719 586 3120 658 magniﬁcentia
3145 585 3267 653 est)
3326 585 3545 639 interim

1970 681 2103 737 dum
2136 690 2421 753 raperetur
2472 683 2668 737 Elisaeo
2699 680 2954 747 dederit,
3017 678 3295 749 suppetias
3329 677 3545 747 spiritui

1972 774 2215 829 futuram
2273 781 2467 829 contra
2513 788 2731 829 omnem
2781 771 3149 827 adversariam
3196 778 3543 840 potestatem,

1969 881 2036 921 ac
2075 882 2184 936 qua
2228 866 2484 921 instabile
2512 865 2828 935 iluxumque
2852 866 3185 920 elementum
3211 869 3544 932 percuteret,

1969 957 2125 1027 cujus
2149 965 2268 1012 erat
2295 956 2552 1011 Jordanis
2579 956 2751 1026 ﬁgura
2775 972 2790 1022 ;
2849 972 2918 1010 ne
2949 955 3157 1025 scilicet
3201 961 3545 1007 terrenarum

1968 1063 2154 1102 rerum
2176 1048 2394 1103 turbida
2443 1047 2832 1119 atquelubriea
2847 1047 3085 1113 aﬁ‘eetio,
3109 1045 3367 1099 obrutum
3384 1041 3550 1097 disci-

1966 1141 2158 1211 pulum
2190 1141 2428 1196 transitu
2456 1140 2525 1195 ad
2552 1147 2753 1195 terram
2777 1148 3020 1194 sanctam
3046 1137 3401 1208 prohiberet;
3430 1133 3545 1205 ipse

1965 1246 2099 1286 vero
2118 1231 2259 1286 liber
2276 1241 2442 1302 atque
2462 1231 2672 1286 solutus
2688 1228 2756 1283 ad
2774 1229 2947 1283 Deum
2967 1226 3366 1298 commigravit,
3381 1239 3545 1296 quem

1965 1323 2194 1378 libidine
2207 1323 2494 1377 subactum
2508 1322 2657 1377 nulla
2670 1335 2897 1393 prorsus
2914 1335 3000 1375 res
3015 1318 3315 1386 detineret;
3331 1318 3549 1373 deside-

1965 1415 2048 1470 rio
2068 1416 2317 1486 simplex,
2340 1414 2505 1469 animi
2526 1414 2807 1469 voluntate
2834 1428 2943 1466 non
2964 1410 3320 1481 compositus,
3336 1408 3401 1463 ad
3421 1424 3547 1463 eum

1963 1506 2059 1577 qui
2086 1515 2283 1560 natura
2314 1505 2543 1575 simplex
2568 1512 2674 1569 est,
2712 1518 2811 1574 per
2845 1510 3129 1557 consertas
3158 1500 3263 1555 sibi
3308 1499 3546 1553 invicem

1961 1596 2243 1667 generales
2265 1596 2523 1657 virtutes,
2548 1594 2833 1665 igneorum
2857 1605 3127 1661 equorum
3149 1604 3302 1645 more
3327 1589 3547 1657 sapien-

1963 1695 2046 1742 ter
2065 1688 2402 1759 conjugatas,
2432 1688 2540 1742 iter
2564 1684 2924 1741 contendens.
2949 1684 3188 1737 Noverat
3203 1681 3351 1735 enim
3368 1694 3549 1749 opera:

1960 1779 2198 1850 pretium
2215 1796 2356 1845 esse,
2370 1790 2432 1834 ut
2447 1778 2652 1835 Christi
2667 1778 2941 1847 discipulo
2961 1774 3231 1830 decedant
3253 1771 3550 1841 inrequales
3606 1822 3611 1827 .

1962 1870 2211 1937 aﬁ'ectus,
2234 1886 2467 1941 quorum
2486 1870 2777 1925 diversitas
2802 1867 3012 1922 alienos
3028 1881 3123 1921 eos
3138 1880 3258 1919 esse
3276 1862 3543 1923 ostendit;

1962 1961 2237 2031 siquidem
2272 1960 2353 2016 sic
2385 1967 2761 2030 comparatum
2787 1966 2912 2022 est,
2973 1967 3035 2011 ut
3082 1955 3398 2026 cupiditatis
3419 1953 3545 2023 qui—

1961 2055 2086 2109 dem
2111 2054 2329 2109 aﬁ‘ectio
2361 2053 2712 2107 diﬁ‘usionem
2737 2050 3020 2122 sanguinis
3048 2048 3210 2119 35‘.
3239 2048 3387 2102 circa
3423 2058 3540 2110 σοι’,

1959 2147 2181 2202 incitata
2201 2162 2333 2201 vero
2355 2147 2450 2201 ira:
2488 2145 2570 2201 vis
2594 2143 2879 2215 sanguinis
2899 2141 3285 2197 ebullitionem
3315 2148 3543 2195 aestum--

1961 2256 2068 2310 que
2090 2240 2329 2305 eﬁiciat;
2387 2254 2452 2293 ac
2482 2238 2575 2307 qui
2607 2253 2732 2292 cum
2755 2238 2867 2307 jam
2896 2235 3257 2306 pervenisset,
3285 2242 3543 2302 tanquam

1961 2333 2056 2402 qui
2103 2333 2159 2387 in
2201 2331 2423 2387 Christo
2463 2331 2677 2385 viveret
2734 2338 2794 2382 et
2832 2336 3150 2383 moveretur
3215 2333 3272 2379 et
3309 2322 3541 2385 esset”,

1957 2440 1990 2480 a
2034 2438 2093 2479 se
2136 2424 2252 2493 ipse
2307 2422 2543 2477 alienam
2594 2430 2760 2490 atque
2800 2419 3065 2474 absonam
3108 2414 3542 2486 inaequalitatum

1957 2516 2371 2587 generationem
2408 2513 2705 2583 abiecerit;
2744 2528 2856 2566 non
2887 2510 3069 2566 ferens
3099 2510 3155 2563 in
3183 2507 3389 2577 scipso,
3418 2519 3538 2559 ma-

1959 2606 2101 2661 sculi
2145 2605 2320 2659 instar
2368 2619 2433 2658 ac
2472 2593 2727 2667 feminae,
2791 2601 3118 2665 contrarias,
3158 2598 3240 2652 uti
3266 2596 3540 2661 dicebam,

1958 2699 2225 2753 horumce
2262 2696 2559 2750 affectuum
2603 2693 3036 2764 dispositiones;
3089 2705 3160 2745 ne
3194 2689 3408 2744 scilicet
3453 2687 3543 2741 in-

1959 2790 2251 2847 stabilibus
2296 2804 2488 2844 eorum
2536 2786 2936 2842 mutationibus
2996 2783 3158 2837 aliam
3189 2791 3352 2851 atque
3376 2780 3540 2835 aliam

1959 2883 2195 2940 induens
2240 2881 2382 2936 ratio
2431 2879 2541 2935 illis
2582 2880 3031 2949 manciparetur,
3089 2875 3177 2929 cui
3209 2872 3540 2929 naturaliter

1958 2975 2158 3030 divina:
2202 2972 2456 3044 imaginis
2507 2970 2698 3025 radius
2738 2968 3061 3024 commistus
3087 2968 3193 3029 sit;
3250 2965 3344 3036 qui
3374 2965 3541 3034 plane

1958 3075 2155 3123 auctor
2182 3066 2287 3129 sit,
2346 3076 2408 3118 ut
2446 3064 2630 3118 anima
2676 3060 2979 3116 voluntatis
3000 3058 3288 3130 proposito
3316 3058 3371 3111 in
3394 3056 3536 3111 divi—

274 3127 563 3248 ὁμοίωσιν,
586 3136 954 3248 καίγενέσθαι
970 3146 1069 3214 τῆς
1087 3127 1560 3224 συνυφισταμένης
1583 3127 1852 3224 οθσιωδῶς

1960 3174 2085 3215 nam
2114 3158 2597 3213 transformaretur
2620 3152 3062 3215 similitudinem,
3110 3151 3360 3220 ejusque,
3391 3148 3537 3218 quod

274 3218 357 3327 ἰῷ
386 3218 505 3327 ξεῷ
530 3226 624 3279 καὶ
659 3228 835 3327 ίΙατρὶ
868 3231 977 3285 τῶν
1003 3235 1142 3291 ὅλων
1171 3218 1413 3313 μεγάλης
1451 3218 1748 3315 βασιλείας,
1775 3218 1851 3316 ὡς

274 3311 595 3413 Πνεῦματος
621 3411 631 3413 4
654 3319 810 3413 ἀγίου
848 3327 1108 3395 παμφαὲς
1147 3311 1481 3404 οἰκητήριον,
1528 3338 1658 3406 ὅλην

270 3422 465 3500 μενον,
504 3410 553 3463 εί
611 3411 770 3483 θέμις
818 3417 1014 3483 εἰπεῖν,
1048 3420 1149 3491 τῆς
1182 3415 1333 3488 θείας
1381 3428 1595 3500 φύσεως
1623 3410 1765 3488 κατά
1779 3410 1850 3490 *τὸ

271 3496 524 3599 διὶνατον.
561 3501 660 3599 τὴν
695 3505 944 3599 ἐξουσίαν
989 3509 1090 3581 τῆς
1118 3496 1407 3581 γνώσεωςί
1436 3519 1559 3579 καθ’
1585 3523 1652 3593 ἦν
1681 3525 1713 3595 ή
1750 3527 1848 3596 μὲν

270 3593 384 3640 τῶν
419 3593 693 3687 ,χειρόνων
720 3597 1097 3669 ἀπογίνεσθαι,
1149 3605 1258 3659 τῶν
1285 3607 1341 3661 δὲ
1370 3593 1848 3687 κρειττόνων-ὑφί-

270 3682 504 3779 στασθαι
536 3686 748 3779 πέφυκε
786 3691 1020 3759 γένεσις,
1062 3691 1155 3750 ίσα
1198 3699 1318 3771 Θεῷ
1372 3703 1471 3773 τῆς
1492 3706 1671 3779 ψυχῆς
1707 3682 1849 3766 κατά

266 3769 370 3876 τήν
403 3776 685 3876 ΞάρινΔτῆς
706 3780 951 3853 κλήσεως
969 3787 1167 3841 ἄσυλον
1194 3769 1662 3868 φυλαττοῦσῆςὶῖ
1681 3802 1843 3875 ἑαυτῇ

266 3863 378 3963 τῶν
407 3864 757 3963 δωρήθέντων
802 3875 985 3929 καλῶν
1012 3879 1113 3952 τήν
1143 3882 1435 3939 ὑπόστασιν
1455 3904 1469 3919 ο
1502 3863 1622 3944 καθ’
1652 3892 1721 3963 ἣν
1754 3863 1844 3947 ἀεῖ

268 3953 444 4047 θέλων
498 3959 731 4028 Χριστὸς
788 3968 1041 4032 γεννᾶται
1075 3973 1377 4040 μυστικῶς,
1408 3976 1497 4031 διὰ
1535 3980 1644 4033 τῶν
1674 3953 1844 4047 ἓτωξο-

270 4045 453 4144 μένων
479 4051 878 4144 σαρκούμενος⁹
915 4060 1010 4118 καὶ
1043 4063 1255 4134 μητέρα
1282 4067 1565 4138 παρθένων
1593 4045 1843 4144 ἀπεργατ

266 4135 496 4207 ζόμενος
518 4141 617 4211 τὴν
642 4146 917 4211 γεννῶσαν
938 4149 1136 4221 ψυχὴν,
1169 4155 1270 4209 οὐκ
1302 4158 1553 4228 ἔχουσαν,
1607 4135 1845 4225 ἵνασυν-

265 4228 409 4333 ελιὶιν
467 4232 629 4333 εἴπω,
696 4239 838 4293 κατά
886 4241 988 4308 τὴν
1051 4246 1255 4316 σχέσιν,
1310 4249 1497 4324 ὥσπερ
1536 4256 1701 4328 ἄρρεν
1750 4262 1842 4320 καὶ

264 4320 422 4425 θήλυ,
485 4323 556 4378 τὰ
597 4330 954 4402 γνωρίσματα
998 4336 1099 4407 τῆς
1154 4338 1258 4393 ὑπὸ
1281 4320 1486 4415 φθορὰν
1502 4320 1842 4419 καίνγένεσιν

259 4429 501 4480 φυσεως.

1956 3254 2069 3309 Deo
2095 3269 2158 3307 ac
2180 3252 2329 3307 Patri
2357 3248 2725 3306 essentialiter
2747 3244 3033 3301 coexsistit
3054 3284 3068 3307 ,
3119 3258 3378 3313 magnum
3410 3241 3537 3295 uni-

1954 3360 2237 3402 versorum
2268 3358 2496 3414 regnum
2555 3340 2795 3411 (nempe
2828 3337 3067 3407 Spiritus
3094 3335 3268 3391 sancti
3302 3333 3533 3389 lucidis-

1951 3438 2151 3494 simum
2180 3432 2561 3504 domicilium)
2607 3430 2915 3496 eﬁieiatur;
2952 3437 3121 3483 totam
3146 3427 3409 3481 nimirum
3436 3440 3532 3480 ca-

1950 3532 2109 3602 piens
2143 3528 2322 3602 (absit
2346 3528 2517 3583 verbo
2547 3524 2791 3595 invidia)
2826 3532 3036 3578 natura
3061 3520 3263 3575 divinae
3287 3561 3302 3586 ,
3351 3519 3534 3589 quoad

1950 3636 2274 3678 concessum
2298 3628 2401 3684 est,
2432 3616 2762 3688 cognitionis
2791 3615 2909 3687 (seu
2934 3612 3200 3680 scientiae)
3230 3612 3337 3665 vim
3367 3627 3431 3665 ac
3454 3611 3535 3676 fa-

1949 3715 2210 3769 cultatem
2239 3729 2254 3779 ;
2307 3727 2416 3781 qua
2445 3718 2822 3779 comparatum
2843 3747 2858 3772 ,
2912 3716 2974 3761 ut
3003 3705 3281 3760 deteriora
3307 3703 3531 3774 quidem

1948 3806 2225 3860 intereant
2278 3813 2443 3873 atque
2489 3802 2784 3865 desinant;
2840 3798 3119 3869 potiorum
3153 3806 3335 3851 autem
3377 3804 3531 3850 ortus

1946 3899 2250 3963 consistat,
2310 3904 2671 3951 conservante
2714 3893 2928 3948 scilicet
2970 3892 3151 3946 anima
3198 3889 3346 3944 haud
3372 3889 3530 3943 aliter

1945 4007 2009 4046 ac
2033 3992 2198 4055 Deus,
2233 3989 2537 4044 secundum
2566 3987 2797 4059 gratiam
2827 3984 3134 4038 vocationis
3154 4023 3169 4047 ,
3232 3995 3529 4036 concesso-

1946 4100 2068 4137 rnm
2101 4082 2369 4137 bonorum
2418 4079 2795 4135 inviolabilem
2828 4077 2882 4131 in
2909 4077 3089 4146 seipsa
3126 4073 3526 4135 substantiam;

1944 4191 2051 4243 qua
2101 4189 2319 4243 semper
2358 4173 2612 4227 Christus
2658 4178 2851 4239 sponte
2876 4185 2973 4223 sua
3005 4167 3231 4238 mystice
3256 4164 3526 4227 nascitur,

1945 4282 2043 4337 per
2070 4281 2165 4325 eos
2190 4279 2477 4331 assumens
2497 4278 2719 4317 carnem
2746 4262 2840 4331 qui
2863 4260 3040 4314 salute
3071 4259 3382 4321 donantur;
3437 4270 3523 4319 ac,

1943 4372 2051 4427 qua
2101 4356 2346 4411 nascitur
2395 4355 2579 4409 anima
2604 4395 2619 4417 ,
2682 4362 2912 4407 matrem
2942 4351 3211 4421 virginem
3242 4346 3523 4411 eﬁiciens;

1944 4451 2000 4505 in
2026 4466 2132 4520 qua
2165 4451 2263 4519 (ut
2287 4462 2499 4503 summa
2521 4446 2731 4516 dicam)
2765 4445 2914 4500 nulla
2937 4442 3240 4499 secundum
3264 4440 3523 4495 allectum

256 4505 686 4619 fjibfdufem’
740 4514 972 4573 mascul'
994 4528 1172 4575 "mar
1222 4538 1287 4579 ac
1319 4524 1559 4598 femina.
1593 4545 1805 4595 natura:
1829 4540 2175 4613 corruptioni
2208 4555 2270 4596 ac
2307 4540 2646 4619 generationi
2683 4536 2953 4602 obnoxize,
2998 4534 3233 4605 insignia
3270 4539 3525 4601 notaeque

257 4601 590 4661 consistant.

329 4694 639 4794 Ξενιζέσθω
674 4700 731 4752 δὲ
771 4701 979 4794 μηδεὶς,
1016 4706 1117 4777 τὴν
1172 4709 1396 4782 φθορὰν⁴
1428 4718 1530 4787 τῆς
1572 4719 1839 4787 γενέσεως

2010 4724 2123 4780 Nec
2147 4739 2476 4794 quemquam
2505 4738 2609 4785 ceu
2632 4735 2834 4777 novum
2861 4735 2924 4775 ac
2950 4717 3258 4773 inauditum
3282 4722 3518 4778 moveat,

256 4782 480 4892 ἁκούων
506 4793 969 4892 προταττομένην.
1010 4797 1259 4864 Ἀπαθῶς
1280 4803 1388 4878 γὰρ
1418 4782 1514 4861 σὺν
1533 4782 1676 4881 ὀρθῷ
1695 4782 1838 4883 λόγω

256 4886 361 4949 τὴν
402 4886 512 4932 τῶν
562 4886 864 4953 γινομένων
920 4891 1016 4944 καὶ
1052 4892 1460 4968 ἀπογινομένων
1512 4901 1674 4971 φύσιν
1716 4905 1836 4961 δια-

257 4971 567 5067 σιωπήσας,
599 4974 819 5067 εθρήσει
848 4981 1035 5049 σαφῶς
1060 4985 1126 5038 ἐκ
1155 4986 1360 5058 φθορᾶς
1389 4992 1484 5044 καὶ
1511 4994 1591 5058 είς
1634 4994 1837 5067 φθορὰν

255 5057 374 5153 τὴνῇ
387 5059 603 5153 γένεσιν
630 5064 939 5138 ἀρχομένην
962 5071 1060 5124 καὶ
1091 5057 1362 5145 λήγουσαν
1391 5095 1404 5109 ·
1434 5076 1503 5153 ἧς
1536 5081 1605 5135 τὰ
1629 5057 1838 5153 σημαν-

253 5149 399 5245 τικά
429 5151 600 5224 πάθη,
623 5156 874 5230 καθάπερ
896 5160 1053 5233 ἔφην,
1079 5165 1179 5219 οὐκ
1217 5166 1331 5237 ἔχει
1368 5149 1602 5242 Χριστός
1621 5191 1635 5206 υ
1667 5149 1835 5245 ήγουν

255 5242 405 5336 ὁντοῦ
436 5245 672 5317 Χριστοῦ
695 5269 756 5304 τε
780 5255 873 5307 καὶ
896 5255 1037 5309 κατὰ
1053 5259 1287 5329 Χριστὸν
1305 5261 1418 5331 βίος
1449 5281 1506 5317 τε
1538 5242 1797 5336 καὶλδγος
1817 5286 1832 5301 ο

257 5334 420 5408 εἴπερ
436 5340 465 5392 ὀ
489 5337 661 5409 λέγων
686 5344 830 5398 ἐστὶν
854 5347 1080 5420 ἀληθὴς,
1113 5352 1209 5405 Ἐν
1228 5351 1335 5422 γὰρ
1360 5354 1591 5422 Χριστῷ
1618 5334 1832 5425 ἸηάΟὗο

428 5428 602 5487 ἔστιν
641 5435 822 5505 ἅρῤεν
873 5442 975 5494 καί
1027 5442 1185 5512 θῆλυ
1208 5461 1222 5476 ο
1268 5447 1334 5499 τὰ
1363 5451 1562 5519 σημεῖα
1613 5449 1831 5522 δηλαδὴ,

258 5519 355 5621 καὶ
392 5522 463 5577 τά
723 5529 898 5621 δηλῶν
944 5534 1043 5601 τῆς
1079 5535 1183 5588 ὑπὸ
1228 5536 1434 5609 φθορὰν
1486 5542 1582 5594 καὶ
1619 5519 1833 5610 γένεσι-ν

259 5616 475 5693 (ξῡπως
502 5628 516 5642 ⁸
568 5616 687 5672 ἀλλ’
718 5618 751 5689 ἢ
785 5621 944 5691 μόνον
993 5624 1231 5696 θεοειδὴς
1292 5627 1449 5699 λόγος
1478 5632 1675 5701 γνώσει
1712 5632 1832 5705 θείᾳ

327 5792 373 5845 ιθ
401 5792 521 5871 Act.
558 5798 790 5861 “11,28.
869 5803 907 5833 ³³
941 5801 1113 5858 Galat.
1145 5820 1223 5873 ιιι,
1254 5807 1342 5860 28.

1943 4817 2092 4884 quod
2136 4815 2509 4885 corruptionis
2535 4814 2820 4869 interitum
2852 4812 2998 4866 ortui
3021 4808 3394 4882 generationis
3419 4823 3519 4861 an—

1943 4908 2022 4965 dit
2052 4910 2355 4978 prtelatum.
2419 4907 2679 4976 Quisquis
2714 4906 2859 4962 enim
2908 4920 3106 4959 sereno
3135 4904 3335 4957 mentis
3359 4902 3520 4956 oculo

1943 5012 2202 5071 rectaque
2244 5001 2458 5055 ratione
2503 5014 2689 5054 rerum
2727 5015 2845 5068 qua:
2868 4997 3125 5051 oriuntur
3151 5011 3214 5061 ac
3239 4996 3519 5053 intereunt

1935 5100 2190 5146 naturam
2217 5090 2549 5153 attenderit,
2605 5089 2865 5143 inchoare
2895 5099 3077 5142 ortum
3104 5087 3172 5140 ab
3201 5084 3516 5139 interitione

1935 5197 2033 5237 seu
2082 5182 2438 5251 corruptione
2463 5222 2477 5245 ,
2542 5182 2710 5251 inque
2750 5179 2997 5234 eamdem
3023 5178 3299 5242 desinere,
3334 5176 3515 5245 palam

1935 5274 2248 5339 invenerit;
2300 5289 2465 5343 quam
2498 5274 2593 5343 qui
2624 5273 2931 5343 insignium
2972 5286 3035 5324 ac
3061 5270 3350 5340 designant
3378 5268 3512 5321 aﬁ‘e-

1933 5374 2056 5421 ctus
2083 5381 2180 5420 seu
2206 5366 2511 5435 passiones,
2540 5364 2619 5419 uti
2643 5364 2915 5427 dicebam,
2940 5362 3196 5417 Christus
3214 5376 3323 5415 non
3348 5374 3520 5429 agno~.

1933 5459 2038 5513 scit
2096 5459 2337 5530 {Christi
2368 5459 2580 5513 scilicet
2612 5458 2844 5527 vitatque
2873 5455 3201 5510 Christiana}
3234 5451 3518 5514 institutio.

1932 5558 1988 5606 et
2004 5551 2190 5621 ratio),
2216 5551 2488 5621 siquidem
2515 5566 2681 5606 verax
2702 5549 2899 5619 estqui
2922 5548 3000 5603 ait
3028 5566 3042 5602 :
3067 5548 3130 5602 In
3152 5546 3359 5603 Christo
3370 5545 3513 5612 enim

1932 5636 2055 5692 Iesu
2092 5652 2195 5692 non
2222 5647 2295 5692 est
2324 5638 2587 5694 masculus
2620 5655 2785 5710 neque
2809 5638 3063 5709 femina“
3118 5635 3277 5709 (eius
3297 5634 3509 5697 scilicet
