3888 6442
502 378 608 449 891

1655 381 1715 441 S.
1760 379 2045 441 MAXIMI
2082 376 2584 438 CONFESSORIS

3622 369 3714 432 892

500 503 717 551 naturae
755 506 913 550 notas
954 493 1292 562 affectusque
1329 506 1392 546 ac
1425 492 1709 562 passiones
1735 492 2071 563 signiﬁcans,

2208 489 2569 559 εεποιωμένος,
2597 486 2693 540 καὶ
2725 483 2948 556 γνώμης
2978 483 3245 556 μοναδικὴ
3300 484 3534 554 κίνησις,
3572 483 3717 555 μόνην

502 603 625 657 qua:
646 585 1018 655 corruptionis
1035 582 1342 639 interitioni
1363 590 1527 653 atque
1546 583 1692 637 ortui
1708 582 2083 654 generationis

2188 579 2485 650 αἱρουμένη
2511 578 2609 649 τὴν
2642 578 2863 649 ἀρετήν.

503 677 742 733 obnoxia
766 677 913 747 est);
948 676 1047 731 sed
1074 675 1421 731 solummodo
1445 675 1730 730 deiformis
1751 676 1913 740 ratio,
1972 675 2172 730 divina:
2201 672 2450 728 scientia
2506 672 2771 742 quaiitate
2827 669 3071 736 imbuta,
3123 668 3528 741 singularisque
3573 668 3721 724 animi

504 769 830 831 voluntatis,
872 767 1091 822 unicam
1125 767 1379 838 eligentis
1405 768 1703 833 virtutem,
1759 767 1983 838 agitatio
2012 782 2078 822 ac
2114 772 2318 821 motus.

577 863 737 933 355
772 862 949 930 Neque
968 863 1177 919 ercus
1212 881 1275 917 ac
1308 863 1546 929 Judazus,
1598 864 1803 933 quibus
1844 863 2079 919 diversae

2250 861 2398 915 Οὔτε
2437 861 2677 928 Ἕλλην
2726 859 2825 914 καὶ
2890 858 3200 924 Ἰουδαῖος,
3247 858 3315 912 δι’
3354 849 3430 910 ὧν
3473 854 3569 925 τῆς
3612 858 3729 924 περὶ

508 955 784 1025 opinionis
807 955 874 1010 de
898 956 1010 1010 Deo
1039 955 1183 1010 ratio
1214 954 1589 1025 signiﬁcatur;
1620 957 1735 1011 sive
1765 957 1849 1021 (ut
1890 956 2081 1010 verius

2208 950 2312 1005 Ιεοῦ
2342 951 2499 1021 δόξης
2528 953 2557 1004 ό
2579 951 2833 1022 διάφορος
2867 952 3193 1021 σημαίνεται
3216 949 3377 1017 λόγος
3397 965 3413 978 ⁸
3470 946 3526 1017 ἧ,
3566 948 3622 999 τό
3668 965 3725 1015 γε

508 1048 723 1118 loquar)
739 1048 1037 1102 contraria.
1062 1048 1199 1103 Nam
1227 1048 1319 1103 ille
1339 1048 1584 1118 quidem,
1604 1048 1900 1103 multorum
1931 1048 2082 1118 prin-

511 1137 752 1206 cipatum
784 1137 1111 1207 insipienter
1133 1137 1315 1202 docet,
1346 1152 1410 1192 ac
1438 1153 1582 1193 unus
1630 1152 1755 1191 cum
1797 1137 1887 1203 sit,
1947 1152 2083 1191 con-

514 1229 699 1283 trariis
730 1244 855 1282 eum
881 1229 1296 1297 operationibus
1331 1238 1496 1299 atque
1546 1228 1761 1284 viribus
1814 1227 2081 1295 dividit‘;

515 1321 865 1391 pluriumque
897 1323 1183 1375 numinum
1215 1322 1623 1375 venerationem
1656 1318 1940 1390 conﬁngit,
1969 1327 2086 1374 tum

514 1413 787 1482 ipsorum,
824 1412 1025 1482 quibus
1040 1413 1133 1468 illa
1164 1414 1479 1478 adhibetur,
1530 1412 1883 1468 multitudine
1920 1412 2085 1467 dissi-

513 1503 757 1567 dentem,
810 1512 923 1558 tum
959 1504 1179 1561 diverso
1217 1504 1555 1560 adorationis
1604 1504 1716 1558 ritu
1771 1503 2080 1558 ridiculam.

2184 1044 2381 1115 μᾶλλον
2433 1043 2792 1117 ἀληθέστερον
2830 1044 3026 1109 εἰπεῖν,
3091 1042 3488 1113 ἀντικείμενος.
3536 1040 3594 1092 '0
3644 1040 3727 1109 μὲν

2183 1136 2379 1207 (Marg.
2457 1135 2768 1205 Ἑλληνικὸς
2822 1135 2999 1206 λόγος)
3055 1134 3307 1206 ἀφρόνως
3358 1130 3730 1201 εἰσηγούμενος

2182 1227 2541 1299 πολυαρχίαν,
2573 1227 2665 1281 καὶ
2692 1227 2791 1296 τὴν
2823 1227 2952 1297 μίαν
2973 1225 3149 1298 ἀρχὴν
3178 1224 3582 1294 ἀντικειμέναις
3598 1223 3733 1292 ἐνερ-

2183 1320 2359 1390 γείαις
2386 1337 2445 1373 τε
2496 1320 2591 1374 καὶ
2636 1320 2897 1387 δυνάμεσι
2932 1318 3315 1389 καταμερίξων
3340 1333 3356 1349 θ
3386 1316 3485 1370 καὶ
3533 1315 3737 1367 πλαττό-

2189 1428 2348 1484 μενος
2385 1412 2547 1476 σέὸας
2571 1411 2851 1471 πολύθεον.
2884 1410 2964 1482 τῷ
2991 1427 3051 1464 τε
3103 1408 3295 1479 πλήθει
3351 1406 3464 1460 τῶν
3519 1422 3740 1476 προσκυ-

2189 1522 2279 1557 νου
2287 1503 2461 1575 μένων
2482 1501 2921 1574 στασιαζόμενον,
2944 1503 3040 1556 καὶ
3055 1502 3133 1573 τῷ
3148 1501 3390 1572 διαφόρῳ
3414 1499 3516 1568 τῆς
3531 1516 3744 1568 προσκυ-

516 1593 618 1648 Hic
645 1610 799 1661 vero,
846 1611 1019 1649 unum
1064 1595 1288 1666 quidem
1342 1596 1732 1666 principatum,
1785 1595 1882 1651 sed
1913 1610 2087 1665 angu-

2208 1598 2401 1668 ιήσεως
2433 1594 2619 1667 τρόπῳ
2641 1594 2964 1664 γελώμενον.
3001 1594 3058 1647 '0
3089 1593 3165 1658 δὲ,
3198 1592 3395 1663 (Marg.
3415 1592 3445 1645 ὁ
3478 1589 3746 1652 ἰουδαῖκδς

516 1692 661 1737 stum
688 1699 752 1739 ac
785 1684 1189 1754 imperfectum,
1222 1702 1328 1741 nec
1348 1686 1463 1741 fere
1497 1685 1911 1749 consistentem,
1965 1692 2088 1738 tan-

517 1790 681 1844 quam
722 1777 933 1830 ratione
981 1776 1201 1847 vitaque
1244 1777 1611 1844 destitutum;
1672 1777 1729 1831 in
1773 1775 1982 1846 aequale
2025 1790 2091 1829 ac

518 1867 672 1937 prior
702 1867 924 1931 malum,
959 1868 1186 1923 sublata:
1213 1868 1434 1923 deitatis
1471 1884 1570 1938 per
1615 1868 1891 1923 contraria
1939 1866 2090 1921 dela«

518 1973 654 2029 psus
679 1975 693 2024 ;
721 1975 827 2012 una
854 1960 1065 2014 scilicet
1089 1974 1326 2030 persona
1348 1975 1517 2014 unum
1544 1960 1697 2013 illum
1717 1958 2091 2030 principatum

519 2064 755 2119 cumque
778 2050 984 2120 absque
1012 2051 1222 2105 ratione
1258 2066 1358 2107 seu
1390 2050 1570 2106 Verbo
1601 2066 1664 2106 ac
1721 2050 1931 2121 Spiritu
1963 2065 2094 2105 con-

522 2141 803 2196 sistentem
818 2185 834 2209 ,
856 2150 953 2197 aut
972 2152 1121 2197 certe
1143 2143 1356 2199 ratione
1375 2151 1433 2199 et
1456 2143 1655 2214 spiritu
1681 2155 1941 2213 tanquam
1963 2157 2096 2211 qua-

521 2231 674 2287 litate
704 2232 998 2294 imbutum.
1032 2233 1337 2301 deﬁniens;
1376 2250 1489 2290 non
1551 2234 1886 2305 intelligens,
1940 2232 2097 2303 quis-

523 2337 651 2375 nam
681 2323 826 2379 Deus
851 2324 1069 2379 futurus
1090 2324 1183 2389 sit,
1211 2325 1305 2394 qui
1339 2324 1539 2379 horum
1586 2326 1813 2381 exsistat
1858 2337 2093 2395 expers;

526 2422 624 2466 aut
646 2414 923 2482 quomodo
954 2415 1119 2478 Deus,
1141 2416 1235 2485 qui
1259 2416 1405 2471 haud
1434 2432 1594 2472 secus
1618 2432 1682 2471 ac
1708 2416 1877 2472 animi
1900 2415 2095 2481 creati,

525 2504 679 2559 hisce
703 2513 962 2574 tanquam
989 2506 1365 2562 accidentibus
1390 2507 1814 2578 impartiatur
1866 2507 2097 2569 Horum.

528 2593 611 2647 uti
650 2593 924 2658 dicebam,
961 2604 1156 2649 neuter
1182 2612 1411 2666 prorsus
1470 2598 1527 2652 in
1574 2598 1793 2653 Christo
1838 2608 1941 2664 est,
2003 2600 2097 2655 sed

527 2699 674 2738 verae
694 2686 958 2739 duntaxat
997 2686 1218 2755 pietatis
1270 2686 1474 2750 sermo,
1542 2688 1804 2758 ﬁrmaque
1858 2690 2101 2761 mysticae

529 2775 821 2845 theologia:
841 2777 949 2840 lex,
972 2786 1087 2830 tum
1121 2777 1344 2847 prioris,
1372 2778 1597 2833 deitatis
1628 2779 1954 2834 divisionem
2003 2780 2102 2834 eli-

530 2866 776 2931 minans;
800 2875 911 2921 tum
936 2869 1283 2938 posterioris.
1312 2870 1749 2925 contractionem
1776 2871 2099 2941 repudians;

2192 1687 2371 1758 λόγος)
2429 1688 2559 1758 μίαν
2598 1687 2717 1758 μὲν,
2753 1686 2948 1757 στενὴν
2992 1683 3050 1738 δὲ
3102 1683 3198 1736 καὶ
3226 1682 3414 1751 ἀτελῆ,
3452 1680 3549 1733 καί⁵
3581 1678 3749 1749 σχεδὸν

2195 1780 2587 1843 ἀνυπόστατον,
2633 1778 2709 1842 ὡς
2750 1777 2925 1846 ’λόγου
2982 1776 3075 1830 καὶ
3123 1771 3267 1843 ζωῆς
3316 1772 3561 1842 ἔρημον,
3628 1770 3751 1840 πρὸς

2192 1866 2311 1925 ἶσον
2331 1871 2511 1925 ,κακὸν
2530 1870 2894 1941 τῷπροτέρῳ
2930 1867 3073 1936 λόγῳ
3102 1865 3189 1919 διὰ
3217 1864 3324 1917 τῶν
3374 1864 3634 1916 ἐναντίων
3674 1864 3754 1914 ὲκ-

2197 1962 2432 2024 πίπτων,
2474 1961 2573 2033 τὴν
2621 1961 2844 2015 ἀθεῒαψ
2880 1960 2958 2013 ἑνὶ
2983 1959 3338 2029 περιγράφων
3372 1954 3649 2026 προσώπῳ
3670 1954 3756 2023 τὴν

2202 2054 2330 2124 μίαν
2377 2054 2571 2125 ἀρχὴν,
2605 2052 2698 2106 καὶ
2729 2051 2935 2120 ταύτην
2970 2050 3093 2120 δίχα
3121 2047 3296 2115 Λόγου
3322 2048 3419 2101 καὶ
3454 2046 3758 2116 Πνεῦματος

2200 2144 2569 2215 ὑφισταμένην
2592 2159 2606 2173 ·
2715 2144 2873 2211 Λόγῳ
2902 2142 2996 2195 καὶ
3022 2141 3298 2212 Πνεύματι
3334 2138 3716 2208 πεποιωμένην
3742 2155 3757 2168 ·

2205 2238 2279 2307 μὴ
2318 2236 2579 2306 συνορῶν,
2634 2237 2717 2290 ὅτι
2759 2235 2842 2299 τίς
2918 2234 3070 2298 Θεὸς,
3123 2234 3329 2285 τούτων
3362 2230 3757 2302 ἢμοιρημένοςο

2201 2328 2234 2399 ἢ
2268 2328 2386 2388 πῶς
2417 2326 2551 2390 Θεὸς
2603 2324 2818 2395 μεθέξει
2858 2322 3251 2394 παραπλησίως
3285 2308 3543 2384 τοῖςὺπὸ
3567 2320 3763 2387 γένεσιν

2202 2418 2459 2487 λογικοῖς,
2510 2416 2586 2478 ὡς
2635 2415 3060 2487 συμϐεϐηκότων
3090 2415 3292 2469 τούτων
3324 2412 3724 2483 μεμοιραμένος
3748 2428 3762 2441 ο

2202 2506 2276 2565 ῶν
2321 2513 2378 2564 ὲν
2428 2508 2648 2580 Χριστῷ
2684 2508 2745 2562 τὸ
2779 2508 3056 2579 παράπαν,
3115 2505 3191 2571 ῶς
3239 2504 3377 2576 ἔφην
3408 2503 3510 2577 (ι),
3563 2502 3762 2564 οὐδείς·

2204 2597 2342 2652 ἀλλά
2389 2596 2549 2669 μόνος
2605 2594 2837 2666 ἀληθοῦς
2887 2595 3165 2660 εὑσεὸείας
3200 2595 3383 2664 λόγος,
3444 2594 3545 2647 καὶ
3584 2593 3767 2659 πάγιος

2210 2687 2475 2756 μυστικῆς
2521 2686 2796 2755 θεολογίας
2855 2686 3075 2757 θεσμὸς,
3125 2686 3223 2757 τήν
3262 2702 3322 2739 τε
3360 2683 3456 2740 τοῦ
3513 2684 3768 2756 προτέρου

2204 2775 2363 2843 λόγου
2392 2776 2674 2845 διαστολὴν
2702 2776 2803 2846 τῆς
2841 2775 3099 2847 θεότητος
3142 2776 3616 2847 ἀποπεμπόμενος
3690 2775 3772 2828 ai

2207 2868 2306 2938 τὴν
2329 2867 2422 2920 τοῦ
2447 2867 2700 2939 δευτέρου
2747 2866 2822 2938 μὴ
2868 2868 3305 2939 παραδεχόμενος
3362 2867 3630 2938 συστολὴν
3654 2885 3668 2898 ·
3694 2868 3773 2919 ἵνα

531 2973 602 3012 ne
630 2959 839 3013 scilicet
869 2961 1105 3015 naturali
1132 2961 1493 3016 multitudine
1521 2978 1551 3016 a
1576 2978 1634 3016 se
1658 2939 1939 3018 dissidens
1995 2980 2102 3017 nu-

2209 2961 2284 3031 μὴ
2337 2958 2425 3030 τῷ.
2471 2959 2685 3029 φυσικῷ
2730 2959 2925 3031 πλήθει
2971 2961 3353 3014 στασιαστικόν
3380 2977 3395 2991 ·
3468 2960 3774 3028 Ἑλληνικὸν

534 3065 658 3103 men
682 3058 887 3104 statuat
913 3052 1039 3120 (hoc
1066 3067 1303 3122 namque
1358 3052 1672 3108 Graecorum
1732 3055 1983 3125 erroris),
2011 3064 2107 3109 aut

534 3142 700 3196 unius
725 3143 1105 3213 singularitatc
1130 3158 1378 3214 personae
1404 3144 1665 3214 passibile
1706 3144 1783 3216 (id
1816 3146 1964 3199 enim
2011 3146 2109 3201 Ju-

536 3236 706 3292 daica:
734 3238 1264 3307 superstitionis),ut
1298 3236 1445 3307 quod
1476 3237 1687 3293 ratione
1717 3253 1813 3292 seu
1839 3238 2019 3294 Verbo
2043 3254 2108 3294 ac

535 3327 745 3397 Spiritu
771 3338 976 3392 careat,
1013 3337 1108 3383 aut
1140 3329 1229 3384 his
1258 3329 1529 3384 imbutum
1556 3328 1628 3384 sit
1673 3336 1931 3399 tanquam
1974 3346 2110 3400 qua-

533 3420 713 3485 litate,
735 3436 845 3474 non
878 3431 1062 3475 autem
1092 3420 1269 3490 ipsum
1302 3436 1481 3485 mens,
1509 3419 1762 3490 ratioque
1811 3436 1909 3475 seu
1970 3421 2109 3476 Ver-

539 3511 670 3564 bum
706 3521 764 3566 et
796 3512 1036 3581 Spiritus
1059 3512 1320 3579 exsistat;
1354 3527 1568 3583 nosque
1590 3512 1826 3576 docens,
1854 3513 1947 3584 qui
1982 3530 2107 3585 gra-

540 3603 627 3657 tia:
675 3604 962 3657 vocatione
1019 3620 1119 3674 per
1152 3604 1316 3658 ﬁdem
1369 3604 1434 3658 in‘
1491 3604 1829 3675 agnitionem
1859 3607 2110 3661 veritatis

537 3695 779 3764 adOptati
806 3710 1019 3758 sumus,
1058 3704 1118 3750 ut
1141 3711 1302 3749 unam
1334 3695 1653 3751 noverimus
1701 3697 1922 3752 deitatis
1945 3708 2109 3753 natu-

539 3802 657 3840 ram
677 3802 741 3841 ac
760 3788 1062 3857 potentiam
1086 3804 1102 3853 ;
1138 3803 1306 3841 unum
1334 3788 1546 3843 scilicet
1571 3789 1762 3854 Deum,
1788 3791 1885 3860 qui
1920 3789 1978 3845 in
2004 3790 2108 3845 Pa-

541 3887 625 3933 tre
682 3887 739 3933 et
776 3877 913 3933 Filio
967 3886 1024 3933 et
1062 3878 1271 3949 Spiritu
1310 3889 1499 3935 sancto
1546 3880 1886 3950 intelligatur
1923 3900 1936 3935 :
1992 3890 2112 3937 tan-

541 3983 707 4038 quam
736 3970 949 4024 scilicet
976 3970 1148 4024 solam
1176 3985 1354 4025 causae
1376 3971 1558 4026 omnis
1592 3988 1690 4027 seu
1720 3971 1979 4044 principii
2010 3990 2110 4028 au-

542 4061 819 4131 ctorisque
843 4070 1126 4132 expertem
1155 4062 1526 4117 essentialiter
1571 4078 1703 4120 vere
1751 4065 2109 4122 exsistentem

543 4163 805 4218 mentem,
846 4154 1010 4209 unius
1043 4154 1347 4210 secundum
1376 4156 1671 4211 essentiam
1694 4171 1824 4211 vere
1843 4158 2112 4212 exsisten-

2205 3052 2312 3121 γὰρ
2339 3053 2373 3124 ἢ
2396 3051 2473 3123 τῷ
2499 3051 2619 3106 καθ’
2657 3052 2953 3106 ὑπόστασιν
2980 3053 3142 3124 ἐνικῷ
3176 3053 3436 3122 παθητόν·
3479 3053 3776 3107 Ἰουδαϊκὸν

2205 3145 2333 3215 γὰρ,
2361 3144 2437 3208 ὡς
2473 3144 2646 3212 Λόγου
2671 3145 2766 3197 καὶ
2794 3144 2936 3198 Πνεύ
2946 3163 3113 3215 ματος
3140 3146 3522 3218 ἐστερημένον,
3569 3146 3608 3215 ἢ
3627 3144 3778 3213 Λόγῳ

2206 3236 2298 3287 καὶ
2324 3234 2597 3305 Πνεὺματι
2649 3235 3055 3305 πεποιωμένονο
3105 3234 3221 3288 ἀλλ’
3278 3236 3379 3289 οὐκ
3406 3233 3469 3288 ὃν
3512 3233 3646 3299 νοῦς
3694 3236 3779 3287 καὶ

2206 3325 2379 3395 Λόγος
2401 3326 2496 3378 καὶ
2522 3324 2748 3396 Πνεῦμα
2780 3325 2841 3378 τὸ
2889 3326 3031 3379 θεῖον
3078 3326 3468 3398 πρεσϐεύεταιο
3514 3327 3617 3379 καὶ
3646 3326 3781 3379 διδά-

2209 3434 2355 3471 σκων
2386 3419 2554 3488 ἡμᾶς,
2583 3418 2710 3481 τοὺς
2753 3417 2945 3489 κλήσει
2969 3418 3190 3490 χάριτος
3213 3417 3356 3471 κατά
3388 3418 3569 3471 πίστιν
3602 3420 3781 3470 clm.

2208 3509 2540 3579 ποιημένους
2588 3509 2670 3571 είς
2736 3508 3035 3577 ἐπίγνωσιν
3087 3509 3368 3580 ἀληθείας,
3414 3510 3544 3580 μίαν
3586 3510 3778 3564 εἰδέναι

2209 3603 2464 3675 θεότητος
2516 3604 2679 3673 φύσιν
2720 3605 2814 3657 καὶ
2850 3604 3114 3676 δύναμινο
3170 3606 3360 3676 ἤγουν.
3406 3605 3505 3659 ἕνα
3546 3604 3693 3659 Θεὸν
3734 3607 3793 3658 ἐν

2209 3697 2384 3768 Harp!
2428 3698 2519 3749 καὶ
2575 3696 2689 3766 Υἱῷ
2718 3697 2810 3750 καὶ
2847 3697 2986 3767 ἀγίῳ
3034 3696 3313 3767 Πνεύματι
3372 3697 3780 3768 θεωρούμενον

2208 3783 2295 3841 οἷα
2320 3788 2384 3861 δὴ
2406 3789 2568 3859 μόνον
2600 3788 2839 3843 ἀναίτιον
2884 3790 3008 3843 νοῦν
3047 3789 3318 3853 οὑσιωδῶς
3348 3790 3667 3858 ὑφεστῶτα,
3701 3792 3782 3862 p6—

2208 3898 2299 3933 νου
2324 3881 2445 3934 κατ’
2469 3879 2655 3933 οὐσίαν
2674 3880 2979 3949 ὑφεστῶτος
2996 3881 3232 3953 ἀνάρχου
3255 3881 3424 3950 Λόγου
3457 3882 3781 3954 γεννήτορα,

2208 3973 2306 4027 καὶ
2361 3973 2529 4042 μόνης
2592 3972 2762 4025 ἀϊδίου
2823 3969 2970 4043 ζωῆς
3002 3971 3277 4036 οὑσιωδῶς
3330 3973 3685 4041 ὑφεστώσης,
3724 3972 3784 4036 ὥς

2211 4064 2529 4135 Πνεὺματος
2550 4064 2729 4133 ἀγίου,
2762 4065 2978 4135 πηγήν·
3019 4066 3076 4117 ὲν
3113 4065 3300 4134 μονάδι
3328 4065 3552 4137 Τριάδα,
3613 4067 3784 4123 καὶέν

2210 4153 2399 4225 Τριάδι
2418 4153 2617 4225 μονάδα
2636 4169 2649 4183 ·
2675 4154 2775 4206 οὑκ
2795 4152 2960 4223 ἄλλην
2982 4155 3038 4207 ὲν
3062 4152 3119 4206 ἀ)
3129 4152 3194 4224 λῃ
3214 4169 3227 4181 ·
3249 4154 3310 4206 οὑ
3338 4154 3442 4224 γὰρ
3458 4152 3537 4216 ὡς
3562 4153 3630 4205 ἐν
3644 4154 3783 4220 οὐσίᾳ

542 4241 616 4299 tis
648 4243 920 4315 principio
947 4246 1187 4300 carentis
1209 4248 1510 4316 aeternique
1536 4248 1700 4303 Verbi
1731 4256 2012 4319 parentem
2042 4266 2103 4305 ac

2208 4249 2276 4316 τῇ
2311 4245 2496 4315 μονάδι
2528 4244 2870 4315 συμϐεϐηκός
2900 4246 3047 4298 ἐστιν
3077 4247 3111 4315 ἠ
3138 4243 3303 4315 Τριάς
3332 4260 3347 4275 ’
3374 4246 3406 4315 ἢ
3438 4245 3500 4297 τὸ
3531 4246 3780 4315 ἔμπαλιν.

543 4335 900 4406 genitricem;
920 4336 1195 4406 uniusque
1224 4338 1573 4408 sempiternae
1595 4339 1722 4394 vitae
1747 4342 2115 4397 essentialiter

545 4441 676 4481 vere
705 4427 1018 4482 exsistentis
1042 4427 1259 4498 (nempe
1283 4428 1520 4499 Spiritus
1552 4430 1750 4499 sancti)
1783 4430 2024 4486 fontem:
2055 4431 2114 4487 in

546 4515 759 4569 unitate
785 4512 1130 4581 Trinitatem,
1156 4526 1211 4571 et
1247 4518 1303 4572 in
1335 4518 1602 4573 Trinitate
1646 4518 1914 4574 unitatem
1948 4537 1962 4573 :
1998 4535 2111 4575 non

548 4607 712 4662 aliam
738 4607 794 4661 in
820 4608 926 4662 alia
955 4625 968 4661 :
998 4624 1108 4662 non
1135 4609 1283 4664 enim
1309 4609 1550 4665 Trinitas
1578 4610 1659 4664 sic
1686 4620 1771 4664 est
1822 4609 1876 4663 in
1904 4611 2116 4666 unitate

549 4700 707 4769 quasi
731 4700 988 4755 accidens
1017 4700 1073 4755 in
1102 4701 1431 4767 substantia,
1450 4710 1544 4755 aut
1567 4700 1808 4756 vicissim
1846 4702 2027 4757 unitas
2062 4702 2117 4757 in

552 4791 821 4846 Trinitate
844 4808 858 4854 ;
879 4801 940 4846 ut
966 4808 1086 4862 qua:
1117 4793 1188 4847 sit
1208 4794 1387 4848 omnis
1413 4793 1694 4862 qualitatis
1750 4809 1968 4862 expers.
2005 4793 2118 4849 Ne-

549 4898 657 4952 que
690 4894 751 4936 ut
776 4883 936 4937 aliam
965 4891 1022 4937 et
1059 4884 1259 4938 aliam:
1289 4899 1400 4938 non
1438 4883 1586 4938 enim
1630 4884 1813 4938 unitas
1864 4901 1895 4938 ιι
1934 4884 2120 4940 Trini-

553 4979 666 5026 tate
697 4972 860 5044 356
886 4973 1074 5028 diﬂ‘ert
1102 4973 1421 5029 diversitate
1446 4984 1679 5037 naturae,
1745 4991 1851 5029 una
1879 4991 1943 5029 ac
1988 4977 2119 5031 sim-

551 5065 677 5135 plex
703 5073 898 5119 natura
933 5068 1225 5123 exsistens.
1253 5066 1442 5136 Neque
1466 5076 1527 5120 ut
1554 5068 1714 5121 aliam
1728 5083 1839 5137 prae
1862 5068 1988 5133 alia;
2008 5084 2120 5123 non

554 5153 702 5206 enim
752 5154 991 5210 Trinitas
1034 5157 1102 5210 ab
1158 5155 1368 5210 unitate
1405 5155 1563 5225 quasi
1608 5156 1821 5211 minore
1879 5158 2121 5227 potentia

554 5243 782 5312 ejusque
804 5246 975 5315 gradu
1008 5246 1355 5301 submissiori
1384 5246 1624 5302 discreta
1646 5256 1750 5313 est,
1812 5258 1908 5302 aut
1938 5250 2123 5303 unitas

557 5361 588 5398 a
615 5340 903 5403 Trinitate.
928 5350 998 5402 At
1023 5365 1198 5419 neque
1223 5359 1285 5404 ut
1309 5364 1600 5404 commune
1622 5350 1755 5419 quid
1784 5365 1848 5403 ac
1894 5350 2119 5403 univer-

559 5437 692 5498 sale,
723 5438 868 5505 quod
893 5440 1079 5494 subtili
1111 5442 1287 5495 solum
1308 5443 1551 5512 cogitatu
1573 5458 1602 5496 a
1636 5424 2122 5511 ~singularibusjlli

561 5526 820 5595 subjectis
847 5528 1167 5585 distinctum
1193 5530 1549 5601 intelligatur,
1572 5548 1603 5586 a
1627 5531 1897 5585 Trinitate
1925 5532 2124 5586 distin-

562 5624 649 5669 cta
681 5618 860 5673 unitas
893 5628 996 5685 est,
1023 5637 1143 5691 quzc
1170 5621 1243 5676 sit
1268 5638 1397 5677 vere
1422 5623 1535 5691 ipsa
1556 5637 1588 5676 a
1621 5636 1679 5676 se
1702 5622 1972 5677 exsistens
1998 5621 2127 5676 sub-

653 5727 847 5799 g'gGﬁreg.
878 5740 1016 5786 orat.
1047 5715 1095 5795 il,
1126 5734 1215 5795 55,
1256 5734 1345 5799 38,
1376 5734 1464 5788 42,

2217 4339 2276 4390 ὲν
2307 4338 2499 4409 Τριόιδι
2549 4339 2714 4408 μονάς
2743 4354 2760 4371 ο
2807 4340 2998 4403 ἄποιος
3052 4340 3181 4410 γάρ.
3229 4339 3447 4402 Οὐδ’ὡς
3501 4340 3686 4407 ἄλλην
3714 4343 3786 4395 καὶ

2217 4430 2384 4497 ἀλλην
2402 4444 2416 4457 °
2447 4429 2508 4480 οὑ
2542 4429 2649 4499 γάρ
2666 4429 2943 4498 ἑτερότητι
2970 4427 3185 4499 φύσεως
3202 4429 3299 4499 τῆς
3324 4428 3553 4497 Τριάδος
3574 4432 3615 4501 ἡ
3635 4434 3787 4501 μονὰς

2217 4522 2517 4593 διενήνοχεν
2541 4521 2684 4590 ἁπλῆ
2714 4537 2774 4573 τε
2805 4521 2900 4574 καὶ
2948 4520 3047 4591 μία
3080 4520 3241 4589 φύσις
3280 4521 3656 4592 τυγχάνουσα.
3685 4526 3783 4579 Οὐδ’

2217 4614 2293 4676 ὡς
2320 4613 2486 4682 ἄλλην
2516 4613 2643 4683 παρ’
2674 4612 2861 4682 ἀλλην,
2887 4612 2949 4665 οὑ
2967 4613 3074 4683 γὰρ
3090 4613 3278 4680 ὑφέσει
3304 4613 3587 4683 δυνάμεως
3614 4616 3785 4671 διακὲο

2219 4721 2400 4775 κριται
2431 4703 2527 4772 τῆς
2557 4702 2830 4772 μονάδοςὴ
2869 4703 3062 4773 Τριάς,
3094 4702 3128 4773 ἢ
3154 4703 3252 4774 τῆς
3269 4704 3497 4775 Τριάδος
3518 4707 3553 4775 ή
3585 4709 3781 4775 μονάς·

2218 4796 2252 4865 ἢ
2291 4796 2368 4856 ὼς
2392 4794 2570 4848 κοινόν
2597 4811 2650 4846 τι
2681 4794 2778 4846 καὶ
2826 4793 3043 4861 γενικὸν
3075 4793 3288 4865 ἐπινοίᾳ
3346 4794 3480 4867 μόνῃ
3521 4794 3783 4867 θεωρητόν

2218 4888 2325 4940 τῶν
2384 4887 2475 4939 ὑπ’
2524 4885 2655 4939 αὑτὸ
2696 4885 2959 4955 μερικῶν,
3009 4886 3382 4956 παρήλλακται
3420 4887 3521 4955 τῆς
3567 4888 3781 4958 Τριάδος

2218 4981 2252 5049 ἡ
2284 4980 2467 5049 μονὰς,
2526 4978 2682 5031 οὐσία.
2758 4978 2964 5046 κυρίως
3016 4978 3395 5049 ἀνθύπαρκτος
3458 4974 3627 5039 οὖσα,
3712 4980 3782 5032 κεῖ.

2219 5071 2446 5141 δύναμις
2470 5071 2636 5133 ὅντως
2672 5070 3016 5139 αὑτοσθενής.
3054 5070 3174 5123 οὑδ⁹
3203 5070 3278 5134 ὡς
3298 5070 3361 5123 δι’
3386 5070 3556 5141 ἄλλης
3584 5072 3749 5143 ἄλλην
3767 5088 3778 5102 '

2220 5165 2280 5216 οὑ
2308 5162 2417 5232 γάρ
2463 5161 2804 5233 μεσιτεὺεται
2856 5162 3039 5232 σχέσει
3086 5161 3149 5215 τὸ
3210 5162 3410 5216 ταυτὸν
3466 5164 3658 5236 πάντη
3711 5165 3781 5217 καὶ

2223 5253 2447 5323 ἄσχετον
2475 5252 2575 5321 (5)»
2615 5252 2691 5314 ὡς
2733 5250 2873 5322 πρὸς
2925 5251 3097 5305 αἴτιον
3138 5254 3398 5306 αἰτιατόν.
3451 5254 3577 5307 Οὐδ’
3606 5257 3693 5319 ὡς
3738 5254 3780 5317 ἐξ

2224 5344 2389 5415 ἄλλης
2416 5344 2609 5413 ἄλλην⁶
2646 5343 2708 5396 οὑ
2739 5342 2847 5414 γὰρ
2900 5343 3040 5396 κατὰ
3088 5344 3426 5413 παραγωγὴν
3473 5345 3543 5396 ὲκ
3573 5347 3778 5416 μονάδος

2228 5436 2398 5508 Τριάς
2430 5476 2445 5498 ,
2526 5434 2789 5509 ἀγένητος
2838 5434 3159 5505 ὑπάρχουσα
3241 5437 3333 5488 καὶ
3385 5437 3775 5505 αὑτέκφαντος·

2230 5528 2364 5581 ἀλλά
2387 5528 2483 5598 τὴν
2511 5528 2680 5597 αὑτὴν
2713 5526 2788 5590 ῶς
2824 5526 3041 5595 ἀληθῶς
3078 5527 3283 5596 μονάδα
3315 5528 3409 5581 καὶ
3440 5529 3680 5599 Τριάδα,
3709 5531 3778 5581 καὶ

2232 5621 2529 5692 λεγομένην
2554 5622 2649 5675 καὶ
2683 5619 2978 5691 νοουμένην
2998 5634 3015 5649 ⁶
3067 5620 3129 5672 τὸ
3161 5621 3281 5691 μὲν,
3321 5620 3400 5691 τῷ
3457 5625 3582 5675 κατ’
3612 5624 3777 5678 οὐσίαν

644 5796 680 5815 ⁶⁹
721 5796 949 5856 Vrebant
1004 5804 1115 5859 haec
1166 5805 1221 5861 in
1259 5796 1756 5877 'vi'congruentite;
1808 5817 1917 5862 non
1970 5812 2152 5860 autem
2202 5802 2582 5862 demonstrant
2613 5799 2897 5857 Trinitatis
2936 5799 3265 5871 mysterium
3296 5801 3409 5857 sola
3448 5801 3555 5859 ﬁde
3584 5815 3771 5860 notum.
