3888 6440
127 369 241 435 893

1122 376 1524 439 EXPOSITIO
1559 374 1977 437 ORATIONIS
2007 374 2420 436 DOMINICAS.

3271 358 3380 428 894

125 482 278 550 λόγῳ
300 496 315 510 ·
346 480 409 534 τὸ
445 481 525 548 δὲ,
548 482 627 554 τῷ
659 485 781 539 καθ’
804 484 1038 557 ὓπαρξιν
1066 488 1282 558 τρόπῳ·
1340 490 1469 559 ὅλην
1503 489 1708 559 μονάδα

1814 486 2013 542 stantia
2040 525 2056 551 ,
2114 501 2179 539 ac
2209 485 2387 539 virtus
2426 494 2523 553 per
2553 498 2611 539 se
2646 496 2776 537 vere
2804 480 2985 551 reipsa
3017 486 3231 550 potens.
3275 476 3384 531 Ne"

126 572 234 639 τὴν
267 571 463 643 αὐτὴν.
496 574 571 645 μὴ
624 577 1031 648 μεμερισμένην
1059 581 1179 641 ταῖς
1209 580 1571 634 ὑποστάσεσι·
1612 580 1709 632 καὶ

123 660 264 732 ὅλην
295 663 502 733 Τριάδα
552 665 651 735 τὴν
682 666 869 734 αὑτὴν,
906 670 970 738 τῇ
1001 670 1183 738 μονάδι
1243 669 1317 741 μὴ
1364 672 1709 741 συγκεχυμέ-

124 769 266 822 νην·
300 754 391 814 ἵνα
426 755 500 825 μὴ
531 756 609 826 τῷ
645 757 897 827 μερισμῷ
936 758 997 811 τὸ
1027 760 1307 825 πολύθεον,
1345 761 1380 833 ἦ
1410 764 1477 832 τῇ
1507 763 1710 830 συγχύ-

127 862 218 903 σει
279 846 344 905 τὸ
383 847 543 905 ἄθεον
586 849 1002 920 είσκομίζηται·
1060 851 1204 921 ἅπερ
1234 851 1450 921 φεύγων
1487 855 1516 906 ὁ
1571 853 1715 908 κατὰ

123 937 376 1008 Χριστὸν
444 939 816 1009 λαμπρύνεται
900 940 1076 1009 λόγος.
1128 942 1286 1010 Λέγω
1339 943 1396 996 δὲ
1470 943 1710 1014 Χριστοῦ

123 1026 319 1094 λόγον,
354 1027 415 1080 τὸ
438 1030 619 1081 καινὸν
647 1030 903 1101 κήρυγμα
929 1031 1028 1101 τῆς
1057 1031 1341 1102 ἀληθείας·
1402 1036 1459 1086 ὲν
1504 1026 1549 1103 ᾧ
1597 1035 1710 1088 οὐκ

119 1118 312 1170 ἔστιν
350 1117 530 1186 ἄρρεν
558 1120 653 1171 καὶ
685 1117 839 1188 θῆλυ
858 1138 872 1151 ·
910 1122 1052 1193 φημὶ
1072 1121 1130 1175 δὲ
1162 1123 1230 1177 τὰ
1262 1125 1483 1194 σημεῖα,
1526 1123 1620 1176 καὶ
1645 1125 1714 1177 τὰ

118 1206 289 1277 πάθη
307 1209 405 1278 τῆς
433 1209 536 1261 ὑπὸ
556 1210 761 1280 φθορὰν
792 1213 884 1265 καὶ
903 1212 1113 1281 γένεσιν
1128 1213 1349 1282 φύσεως
1376 1230 1390 1244 ·
1426 1216 1534 1284 οὑχ
1565 1213 1710 1268 Ἔλ-

118 1300 385 1365 ληνκαὶ
430 1299 735 1366 Ἰουδαῖος,
766 1303 815 1355 οἱ
872 1304 999 1374 περὶ
1044 1304 1292 1373 Θεότητος
1340 1304 1711 1376 ἀντικείμενοι

122 1388 333 1457 λόγοι·
390 1393 462 1445 οὺ
494 1393 773 1463 περιτομὴ
809 1394 909 1448 καί
959 1396 1345 1463 ἀκροϐυστία,
1401 1397 1459 1449 αί
1503 1396 1715 1459 τούτοις

120 1478 345 1551 δηλαδὴ
375 1482 697 1553 κατάλληλοι
717 1484 962 1555 λατρεται
982 1500 996 1515 ·
1036 1487 1069 1557 η
1103 1487 1222 1555 μὲν,
1250 1487 1337 1543 διὰ
1366 1488 1436 1540 τὰ
1472 1486 1714 1557 σύμϐολα

123 1566 229 1625 τοῦ
288 1569 477 1640 νόμου,
524 1572 621 1642 τὴν
678 1574 1008 1647 φαινομένην
1044 1577 1218 1630 κτίσιν
1260 1577 1583 1643 κακίζουσα,
1618 1580 1714 1632 καὶ

123 1659 227 1712 τὸν
272 1660 500 1731 κτίστην
528 1662 604 1726 ὠς
650 1664 834 1719 κακῶν
880 1666 1107 1737 ποιητὴν
1143 1667 1500 1725 διαϐάλλουσα
1527 1686 1541 1700 ·
1570 1670 1604 1740 ἠ
1634 1669 1713 1733 δὲ,

126 1750 225 1804 διὰ
266 1752 338 1806 τὰ
397 1754 543 1825 πάθη
600 1755 804 1827 ταύτην
864 1758 1204 1825 θεοποιοὺσα,
1252 1762 1347 1813 καὶ
1402 1761 1479 1830 τῷ
1520 1761 1713 1835 κτίστῃ

128 1839 493 1896 ἐπανιστῶσα
518 1843 578 1896 τὸ
606 1843 817 1915 ποίημα
840 1862 855 1877 ·
889 1848 983 1902 καὶ⁵
1022 1849 1156 1918 πρὸς
1188 1850 1299 1902 ἴσον
1344 1850 1512 1905 κακὸν
1552 1851 1716 1920 ἄμφω

130 1929 238 2001 τὴν
276 1930 430 1983 θείαν
459 1931 616 2005 ὓϐριν
640 1934 895 2005 ἀλλήλαις
929 1937 1289 2009 συλλήγουσαι
1338 1938 1550 2011 [νεηει.
1591 1942 1716 1995 συλ-

125 2025 426 2094 λέγουσαι·
459 2026 558 2084 Fr.
595 2031 969 2104 συνάγουσαιῇ
1008 2034 1089 2087 Οὐ
1120 2033 1424 2102 βάρϐαρος
1443 2034 1541 2088 καί
1565 2035 1718 2088 Σκύ-

128 2120 249 2185 θης
276 2134 291 2148 ·
322 2120 622 2184 τουτέστιν,
663 2123 844 2192 ὴπρὸς
873 2123 1072 2195 ἑαυτὴν
1094 2124 1447 2195 στασιαστικὴ
1471 2126 1570 2196 τῆς
1586 2127 1716 2196 μιᾶς

127 2207 359 2274 φύσεως
397 2210 537 2263 κατὰ
569 2210 793 2283 γνώμην
824 2213 1128 2278 διάστασις·
1171 2215 1292 2269 καθ’
1330 2215 1396 2287 ἢν
1428 2219 1457 2270 ό
1481 2218 1579 2288 τῆς
1624 2218 1718 2271 ἀλ-

126 2297 496 2366 ληλοκτονίας
537 2301 687 2370 παρὰ
736 2301 897 2372 φύσιν
926 2306 1038 2367 τοῖς
1064 2304 1371 2376 ἀνθρώποις
1414 2308 1716 2383 είσεφθάρη

126 2390 327 2458 νόμος.
350 2392 499 2446 Οῦτε
525 2391 759 2464 δοῦλος-
795 2396 895 2453 καὶ
937 2397 1275 2471 ἐλεύθερος·
1328 2404 1362 2474 ἠ
1405 2404 1505 2474 τῆς
1549 2405 1719 2476 αὐτῆς

126 2479 392 2553 δτρωότι
439 2486 592 2557 παρὰ
634 2488 861 2561 γνώμην
884 2490 1148 2562 διαίρεσις
1213 2492 1459 2561 φύσεως·
1523 2493 1717 2566 ἄτιμον

132 2578 448 2649 ποιουμένη
486 2580 577 2632 τὸν
596 2580 738 2634 κατὰ
776 2580 936 2651 φύσιν
964 2583 1255 2653 ὁμότιμον·
1300 2585 1462 2655 νόμον
1501 2588 1720 2641 ἐπίκου-

131 2686 238 2740 ρον
271 2669 496 2739 ἔχουσα,
522 2670 620 2741 τὴν
639 2672 1007 2741 τυραννοῦσαν
1028 2674 1090 2727 τὸ
1118 2675 1218 2745 τῆς
1244 2676 1452 2740 εἰκόνος
1478 2677 1714 2749 ἀξίωμα.

128 2757 255 2811 τῶν
287 2758 653 2825 δεσποζόντων
689 2762 955 2817 διάθεσιν·
1027 2765 1211 2821 Ἀλλὰ
1266 2768 1461 2821 πάντα
1520 2770 1616 2823 καὶ
1648 2772 1720 2824 ἐν

127 2848 298 2904 πᾶσι
321 2852 601 2918 Χριστὸς,
626 2854 714 2909 διὰ
739 2855 850 2910 τῶν
882 2856 1025 2929 ὑπὲρ
1055 2857 1214 2927 φύσιν
1246 2861 1340 2913 καὶ
1394 2861 1576 2933 νόμον,
1619 2863 1718 2935 τὴν

116 2941 247 3017 τῆς
271 2941 511 3013 ἀνάρχου
538 2943 812 3014 βασιλείας
838 2946 1181 3019 δημιουργῶν
1207 2950 1265 3003 έν
1293 2951 1563 3021 πνεύματι
1589 2952 1720 3024 μόρ-

114 3040 358 3101 φωσιν·
390 3036 477 3104 ἢν,
507 3034 581 3098 ὡς
613 3037 1003 3101 ἀποδέδεικται,
1034 3039 1243 3108 πέφυκε
1270 3043 1713 3114 χαρακτηρίζειν,

1812 597 1918 650 que
1938 589 1997 633 ut
2021 579 2183 632 aliam
2214 594 2313 647 per
2334 577 2530 638 aliam;
2557 592 2661 629 nec
2679 574 2827 630 enim
2856 574 2967 627 ulla
3014 584 3243 641 prorsus
3291 569 3379 621 in-

1811 669 2043 725 tercedit
2074 668 2269 723 relatio
2318 683 2412 720 seu
2468 666 2754 730 habitudo,
2799 664 3066 718 dirimens
3094 662 3169 725 id,
3234 660 3382 730 quod

1811 775 2039 830 prorsus
2063 758 2206 812 idem
2234 765 2289 811 et
2309 756 2623 810 absolutum
2648 764 2732 810 est
2756 772 2770 819 ;
2797 751 3105 823 cujusmodi
3152 750 3385 805 ellectus

1811 847 1882 901 ad
1913 862 2130 901 causam
2158 846 2422 899 habitudo
2454 853 2553 898 est.
2586 844 2697 898 Nec
2740 845 2882 897 sicut
2907 858 2974 897 ex
3023 841 3128 895 alia
3179 840 3381 903 aliam;

1811 956 1923 995 non
1946 939 2097 993 enim
2125 939 2367 993 Trinitas
2384 954 2482 1007 per
2505 936 2924 1007 productionem
2946 944 3031 989 est
3052 934 3120 986 ab
3148 932 3381 994 unitate,

1810 1048 1933 1102 quae
1950 1032 2022 1087 sit
2045 1032 2307 1095 increata,
2323 1047 2387 1084 ac
2410 1030 2568 1099 ipsaa
2587 1045 2644 1083 se
2668 1044 2785 1083 sese
2802 1027 3112 1097 explicans:
3140 1024 3235 1078 sed
3264 1038 3385 1091 quae

1810 1124 2060 1179 eamdem
2087 1140 2217 1178 vere
2243 1123 2426 1177 unitas
2456 1132 2618 1191 atque
2670 1120 2912 1175 Trinitas
2950 1128 3007 1173 et
3054 1119 3273 1173 dicatur
3329 1123 3386 1168 et

1812 1214 2182 1286 intelligatur;
2221 1214 2451 1268 alterum
2480 1212 2703 1283 quidem
2740 1210 2993 1265 essentia:
3039 1210 3269 1271 ratione,
3308 1206 3385 1261 al-

1810 1317 1993 1360 terum
2043 1313 2227 1359 autem
2264 1303 2428 1357 modo
2494 1299 2827 1355 exsistcntiae
2860 1316 2873 1351 :
2909 1306 3076 1353 totam
3118 1296 3384 1349 unitatem

1809 1397 2082 1462 eamdem,
2118 1412 2241 1466 qua:
2289 1394 2543 1466 personis
2584 1409 2695 1447 non
2750 1391 2924 1445 divisa
2959 1389 3063 1454 sit;
3104 1395 3385 1453 totamque

1811 1489 2060 1545 eamdem
2087 1490 2259 1558 ipsam
2304 1487 2649 1551 Trinitatem,
2702 1483 2841 1538 nihil
2893 1482 3019 1536 inde
3079 1479 3386 1539 confusam,

1812 1581 1960 1651 quod
1984 1581 2167 1635 unitas
2197 1580 2456 1644 exsistit;
2493 1594 2561 1632 ne
2604 1576 2901 1632 scilicetex
2947 1572 3388 1633 divisione,deo-

1813 1687 1937 1727 rum
1968 1672 2128 1725 turba
2161 1671 2512 1740 importetur,
2546 1669 2631 1722 vel
2672 1684 2737 1722 ex
2763 1665 3108 1728 confusione,
3136 1663 3251 1731 ipsa
3281 1674 3387 1713 no-

1814 1763 1902 1817 bis
1922 1763 2184 1833 depereat
2204 1762 2387 1816 Deitas
2416 1760 2596 1828 :quod
2636 1769 2927 1828 utrumque
2966 1754 3266 1810 absurdum
3306 1751 3389 1804 vi-

1747 1838 1787 1892 B
1818 1862 1939 1908 tans
1968 1853 2220 1909 clarescit
2240 1852 2550 1907 Christiana
2575 1850 2846 1905 doctrina.
2880 1848 3246 1902 Christianam
3284 1860 3387 1897 au-

1818 1956 1926 2001 tem
1946 1945 2271 2016 (secundum
2301 1944 2583 2000 Christum
2608 1942 2839 2011 scilicet)
2874 1954 3011 1994 voco
3057 1953 3253 1992 novam
3293 1952 3387 1989 ve-

1816 2037 1998 2093 ritatis
2032 2036 2514 2106 praedicationem;
2586 2035 2643 2088 in
2678 2049 2785 2103 qua
2844 2050 2947 2085 non
3008 2041 3080 2084 est
3127 2025 3387 2084 masculus

1817 2145 1982 2199 neque
2004 2130 2235 2199 femina;
2264 2128 2416 2200 signa
2450 2127 2712 2184 nimirum
2756 2144 2819 2182 ac
2841 2128 3126 2198 passiones
3183 2140 3278 2179 seu
3308 2122 3389 2176 af-

1816 2222 1992 2279 fectus
2016 2223 2556 2279 naturaeinteritioni
2607 2222 2865 2293 ortuiquc
2920 2217 3207 2280 obnoxiaa;
3278 2230 3389 2268 non

1818 2317 2028 2374 ercus
2053 2326 2102 2369 et
2122 2315 2339 2369 ludam:
2382 2331 2399 2367 :
2441 2314 2733 2369 contraria:
2787 2313 2999 2368 scilicet
3054 2311 3123 2366 de
3174 2310 3388 2363 Deitate

1815 2407 2101 2462 sententiae
2130 2406 2423 2475 opiniones
2447 2423 2462 2471 ;
2489 2422 2593 2458 non
2620 2406 2945 2459 circumcisio
2984 2418 3151 2472 neque
3173 2416 3387 2470 praepu-

1818 2500 1947 2551 tium
1979 2514 1997 2552 :
2021 2498 2204 2552 cultus
2223 2498 2487 2551 nimirum
2511 2498 2735 2566 utrique
2769 2506 2931 2551 sectae
2956 2494 3348 2549 convenientes
3371 2507 3385 2543 :

1817 2604 2053 2660 quarum
2086 2590 2280 2653 altera,
2313 2590 2386 2644 ob
2417 2590 2553 2660 legis
2584 2589 2850 2660 symbola,
2873 2597 3180 2643 creaturam
3214 2585 3390 2640 oculis

1816 2682 2207 2753 aspectabilem
2254 2683 2536 2753 sugillans,
2598 2683 2797 2752 ipsum,
2854 2695 2965 2750 quo
3024 2681 3112 2733 illa
3161 2688 3391 2733 auctore

1817 2775 2040 2829 condita
2066 2784 2170 2839 est,
2204 2784 2464 2845 tanquam
2491 2776 2758 2829 malorum
2786 2782 3064 2828 auctorem
3100 2772 3152 2825 in
3180 2771 3388 2825 crimen

1816 2878 1978 2925 vocat
2007 2870 2213 2936 ;altera
2246 2884 2400 2930 vero,
2426 2883 2536 2938 pra:
2562 2867 2792 2921 libidine
2829 2874 2885 2920 et
2922 2880 3029 2933 qua
3070 2862 3220 2916 vitiis
3264 2876 3392 2931 pro-

1819 2962 2015 3018 clivior
2035 2970 2139 3025 est,
2171 2976 2290 3015 eam
2316 2960 2520 3014 deitate
2568 2958 2801 3022 donans,
2852 2956 3116 3011 adversus
3166 2954 3393 3009 Creato-

1818 3068 1934 3108 rem
1969 3052 2285 3115 eommittit,
2308 3052 2455 3121 quod
2478 3050 2574 3104 illo
2599 3058 2826 3103 auctore
2849 3046 3060 3101 editum
3077 3056 3159 3100 est
3183 3063 3196 3109 ;
3226 3046 3392 3113 inque

130 3124 381 3195 καρδίας
433 3127 758 3192 ταπείνωσις
811 3131 905 3183 καὶ
949 3130 1228 3201 πραότης·
1282 3126 1356 3186 ὧν
1408 3136 1442 3203 ή
1500 3134 1714 3198 σύνοδος

1823 3146 2026 3197 malum
2047 3143 2253 3212 ecquale
2274 3142 2391 3211 (Dei
2421 3142 2609 3210 utique
2638 3137 3050 3207 contumeliam)
3085 3137 3248 3191 ambo
3292 3150 3391 3206 pa-

126 3217 353 3271 τέλειον
382 3217 473 3271 τὸν
488 3220 684 3274 κατὰΧ
691 3220 871 3292 ριστὸν
887 3222 1037 3287 κτιζό
1044 3240 1200 3293 μενον
1228 3224 1606 3278 ἀποδείκνυσιν
1622 3227 1713 3280 ἆν-

128 3307 383 3379 Θρωπον.
405 3310 517 3373 Πᾶς
527 3309 634 3382 γὰρ
648 3311 1040 3380 ταπεινόφρων,
1059 3314 1275 3376 πάντως
1299 3316 1392 3366 καὶ
1413 3316 1602 3385 πρᾶος,
1623 3313 1719 3367 καὶ

130 3400 258 3462 πᾶς
295 3402 493 3470 πρᾶος,
531 3403 748 3465 πάντως
799 3404 891 3455 καὶ
930 3404 1325 3475 ταπεινόφρων·
1346 3405 1718 3475 ταπεινόφρων

132 3491 268 3561 μὲν,
293 3490 373 3553 ὠς
400 3492 561 3559 γνοὺς
594 3492 783 3545 ἑαυτὸν
802 3492 991 3561 ἔχοντα
1022 3494 1081 3546 τὸ
1113 3491 1251 3548 εἶναι
1274 3495 1677 3566 δεδανεισμένον
1706 3521 1713 3528 ·

126 3582 323 3652 πρᾶος
350 3581 515 3645 δὲ,ὠς
539 3582 787 3651 διαγνοὺς
803 3583 911 3637 τῶν
938 3583 1190 3636 δοθεισῶν
1208 3585 1354 3656 αὐτῷ
1386 3587 1527 3638 κατὰ
1558 3586 1717 3655 φύσιν

127 3672 432 3743 δυνάμεων
456 3672 554 3744 τὴν
582 3674 794 3745 χρῆσιν·
836 3676 932 3729 καὶ
963 3676 1041 3745 τῷ
1067 3676 1166 3746 μὲν
1189 3676 1334 3747 λόγῳ
1348 3678 1483 3748 πρὸς
1516 3678 1716 3747 ἀρετῆς

128 3767 365 3834 γένεσιν
417 3765 621 3820 τούτων
653 3767 827 3832 διδοὺς
868 3771 964 3839 τὴν
1000 3769 1334 3840 ὑπηρεσίαν·
1377 3771 1475 3841 τῆς
1528 3771 1718 3840 αἰσθή-

129 3875 283 3921 σεως
310 3859 369 3911 δὲ
423 3859 642 3922 τελείως
690 3860 788 3931 τὴν
817 3862 1022 3914 τούτων
1065 3861 1367 3914 συστέλλων
1415 3862 1713 3932 ἐνέργειαν.

128 3950 256 4005 Καὶ
288 3949 381 4003 διὰ
416 3949 575 4003 τοῦτο
597 3952 738 4005 κατὰ
790 3953 887 4022 μὲν
916 3952 1007 4005 τὸν
1037 3953 1180 4016 νοῦν,
1223 3952 1359 4023 πρὸς
1385 3953 1516 4005 Θεὸν
1544 3954 1716 4006 ἀεικί-

128 4058 305 4111 νητος
338 4039 432 4093 ῶν·
464 4041 608 4096 κατὰ
644 4042 700 4096 δὲ
744 4044 844 4114 τὴν
881 4043 1153 4112 αἴσθησιν,
1182 4044 1303 4097 οὑδὲ
1335 4044 1551 4098 πάντων
1578 4042 1713 4113 ὁμοῦ

129 4129 256 4183 τῶν
302 4130 440 4198 πρὸς
488 4130 646 4201 σῶμα
681 4131 937 4201 λυπηρῶν
969 4133 1164 4201 πεῖραν
1192 4130 1486 4200 λαμϐάνων
1521 4147 1714 4185 παντε-

133 4220 257 4283 λῶς
286 4221 620 4292 κινούμενος,
663 4222 901 4294 ἢλύπης
947 4222 1089 4293 ἴχνος
1146 4222 1389 4275 ιντυπῶν
1419 4226 1485 4293 τῇ
1547 4223 1711 4294 ψυχῇ,

135 4313 288 4384 πρὸς
328 4314 685 4384 παραλλαγὴν
727 4314 828 4383 τῆς
884 4317 942 4368 ὲν
1007 4315 1145 4384 αὐτῇ
1201 4313 1493 4384 χαροποιοῦ
1538 4316 1715 4368 διαθέ-

135 4420 287 4465 σεως
320 4402 435 4473 (m)'
458 4404 519 4455 οὑ
553 4403 661 4474 γὰρ
677 4405 888 4472 ἡγεῖται
921 4403 1174 4473 στέρησιν
1205 4402 1400 4473 ἡδονῆς
1424 4404 1711 4475 ὑπάρχειν,

1821 3235 1956 3290 riter
1974 3234 2203 3288 ducunt.
2243 3232 2361 3287 Non
2393 3232 2650 3286 barbarus
2680 3247 2743 3283 ac
2772 3228 2967 3300 Scytha
3002 3244 3020 3281 :
3044 3237 3256 3281 natura:
3280 3225 3391 3279 sci-

1818 3328 1970 3391 licet,
2008 3343 2130 3395 qua:
2167 3341 2275 3379 una
2312 3325 2405 3389 sit,
2442 3339 2632 3380 secum
2656 3322 2832 3392 ipsius
2859 3320 3181 3377 dissidentis
3219 3317 3391 3371 animi

1817 3418 2089 3474 sententia
2122 3433 2185 3471 ac
2214 3417 2497 3471 voluntate
2526 3413 2867 3477 divortium;
2904 3427 3015 3481 quo
3070 3421 3390 3465 mutuarum

1817 3506 2051 3563 caedium
2082 3505 2381 3559 adversans
2414 3511 2625 3557 natura
2648 3502 2737 3555 lex
2770 3499 3085 3554 hominibus
3141 3496 3387 3551 inolevit.

1816 3596 1932 3650 Non
1964 3610 2142 3648 servus
2170 3604 2218 3647 et
2247 3592 2420 3647 liber:
2454 3591 2703 3662 ejusdem
2734 3589 2993 3644 nimirum
3032 3595 3263 3649 naturae,
3302 3585 3391 3638 in-

1817 3686 2194 3742 vitisinducta
2221 3685 2457 3749 divisio;
2494 3684 2700 3737 honore
2748 3681 2993 3751 spolians
3046 3695 3109 3733 ac
3149 3678 3393 3732 dehone-

1819 3788 1995 3842 stans,
2019 3793 2167 3839 eum,
2195 3776 2289 3847 qui
2323 3776 2443 3846 pari
2486 3783 2682 3828 natura
2723 3773 2933 3827 honore
2978 3769 3242 3841 prmditus
3293 3767 3388 3829 sit,

1819 3883 2015 3937 nempe
2046 3854 2436 3937 suifragatitem
2466 3865 2643 3935 legem
2687 3862 2916 3926 habens,
2947 3876 3070 3930 quae
3107 3858 3391 3930 tyrannice

1816 3960 2111 4031 opprimat,
2142 3974 2251 4028 qua
2278 3956 2485 4011 conditi
2513 3971 2724 4019 sumus,
2761 3952 3017 4023 imaginis
3040 3949 3389 4021 dignitatem,

1814 4050 1975 4121 357
2026 4048 2433 4103 dominantium
2489 4047 2732 4101 animum
2768 4061 2833 4100 ac
2879 4044 3242 4097 voluntatem.
3287 4038 3392 4093 Sed

1816 4143 2017 4205 omnia,
2052 4149 2099 4193 et
2135 4142 2190 4193 in
2222 4140 2460 4193 omnibus
2483 4138 2763 4192 Christus:
2790 4135 2883 4205 qui
2914 4150 3011 4204 per
3029 4150 3114 4198 ea,
3152 4147 3273 4201 qua:
3294 4145 3394 4184 na-

1818 4240 1955 4285 tura:
1982 4232 2230 4302 legisque
2259 4230 2567 4283 rationibus
2589 4229 2857 4289 eminent,
2883 4226 3073 4280 aeterni
3104 4224 3158 4277 in
3193 4222 3387 4291 spiritu

1815 4324 1968 4394 regni
1995 4324 2233 4392 speciem
2258 4322 2601 4390 formamque
2627 4330 2810 4385 creat;
2834 4319 2997 4389 cujus
3038 4316 3391 4371 characteres

1814 4424 2068 4483 notmque
2098 4414 2478 4484 insignientes,
2522 4412 2600 4466 uti
2635 4411 2923 4480 probatum
2950 4416 3054 4473 est,
3109 4405 3392 4460 humilitas

134 4494 203 4545 τὸ
229 4494 352 4545 κατ’
387 4492 638 4563 αἴσθησιν
666 4493 929 4561 ἀλγεινόν.
970 4495 1190 4566 Ἡδονὴν
1211 4497 1320 4567 γὰρ
1352 4494 1478 4564 μίαν
1492 4496 1713 4549 ἐπίστα-

1816 4505 2001 4559 cordis
2034 4515 2091 4559 et
2141 4503 2508 4558 mansuetudo
2550 4517 2670 4557 esse
2725 4514 3063 4556 consuevere
3098 4515 3112 4551 :
3156 4510 3391 4566 quarum

131 4593 254 4643 ται,
277 4576 377 4648 τὴν
397 4579 495 4647 τῆς
522 4580 697 4649 ψυχῆς
736 4581 872 4651 πρὸς
904 4581 993 4635 τὸν
1033 4581 1188 4650 λόγον
1222 4580 1627 4656 συμόίωσιν,ἦς
1672 4589 1707 4657 ή

133 4671 407 4743 στέρησις
459 4673 680 4736 κόλασίς
708 4677 854 4729 ἐστιν
901 4676 1273 4746 ἀτελεύτητος,
1302 4678 1515 4742 πάντας
1543 4695 1707 4747 φυσιε

133 4761 257 4825 ιιῶς
286 4765 700 4833 περιγράφουσα
727 4767 853 4827 τοὺς
881 4766 1101 4830 αἰῶνας.
1135 4767 1245 4820 Καὶ
1293 4767 1379 4820 διὰ
1426 4767 1603 4832 τοῦτο,
1648 4767 1711 4821 τό

132 4868 201 4904 τε
232 4852 414 4923 σῶμα,
473 4857 565 4908 καὶ
603 4858 779 4909 πάντα
820 4857 887 4908 τὰ
927 4857 1018 4910 τοῦ
1075 4857 1321 4929 σώματος
1350 4860 1546 4928 ἀφεὶς,
1574 4861 1711 4932 πρὸς

131 4944 242 5013 τὴν
272 4943 426 4997 Θείαν
458 4947 685 5016 φέρεται
706 4946 954 5011 σύντονος
981 4950 1282 5020 συμϐίωσιν
1311 4969 1324 4982 ·
1358 4953 1487 5021 μίαν
1508 4952 1711 5023 ζημίαν

132 5035 466 5105 ἡγούμενος,
507 5038 609 5090 κᾶν
641 5039 857 5093 πάντων
884 5040 1119 5113 δεσπόζῃ
1150 5042 1257 5095 τῶν
1309 5043 1401 5095 ἐπὶ
1452 5044 1577 5112 γῆς.
1611 5044 1712 5115 τὴν

128 5126 241 5196 τῆς
288 5130 744 5201 προσδοκωμένης
804 5134 944 5187 κατὰ
1012 5134 1167 5205 χάριν
1215 5133 1462 5199 θεώσεως
1508 5132 1714 5190 ἀποτυ-

132 5218 292 5289 χίαν.

1815 4612 2138 4661 concursus,
2170 4613 2319 4662 eum,
2359 4596 2454 4666 qui
2494 4595 2799 4651 secundum
2856 4592 3137 4648 Christum
3172 4597 3392 4645 creatus

1809 4697 1917 4752 est,
1965 4689 2270 4758 perfectum
2315 4689 2590 4743 hominem
2628 4694 2780 4741 certo
2837 4685 3081 4740 exhibet.
3132 4682 3393 4751 Quisquis

1813 4782 1966 4835 enim
1999 4782 2185 4835 animo
2215 4781 2441 4835 humilis
2479 4794 2757 4849 sensuque
2806 4778 3092 4832 modestus
3134 4785 3238 4840 est,
3273 4791 3393 4829 om-

1809 4871 2121 4933 ninoetiam
2138 4872 2279 4926 lenis
2300 4884 2356 4926 et
2382 4881 2700 4926 mansuetus
2720 4880 2838 4937 est;
2859 4869 3211 4937 vicissimque
3241 4867 3391 4935 quis-

1813 4961 1940 5029 quis
1960 4962 2102 5016 lenis
2135 4972 2221 5017 est
2249 4971 2305 5017 et
2331 4971 2679 5026 mansuetus,
2712 4976 2941 5031 prorsus
2972 4962 3139 5015 etiam
3201 4957 3390 5011 animo

1815 5051 2047 5107 humilis
2082 5068 2359 5123 sensuque
2422 5053 2706 5108 modestus
2765 5061 2870 5107 est.
2905 5052 3102 5106 Animo
3164 5049 3390 5119 quidem

1816 5140 2042 5197 humilis
2069 5158 2133 5196 ac
2162 5159 2327 5197 sensu
2385 5144 2686 5205 modestus,
2732 5142 2879 5211 quod
2926 5156 2985 5195 se
3034 5137 3283 5210 precario
3326 5153 3391 5192 ac

1818 5232 2163 5286 commodata
2189 5233 2392 5288 habere
2420 5240 2699 5303 agnoscat,
2731 5231 2876 5301 quod
2909 5244 3029 5285 esse
3052 5237 3248 5282 nactus
3268 5233 3387 5292 est;

137 5314 293 5370 lenis
325 5330 458 5370 vero
490 5331 554 5371 ac
595 5326 934 5378 mansuetus,
967 5324 1027 5371 ut
1047 5317 1142 5386 qui
1173 5317 1376 5371 virium
1416 5318 1468 5371 ei
1517 5325 1715 5372 natura
1751 5333 2136 5377 concessarum
2161 5340 2321 5378 usum
2379 5341 2490 5379 non
2550 5324 2779 5387 nesciat,
2827 5332 2990 5390 atque
3037 5321 3136 5373 has
3164 5318 3389 5388 quidem

140 5404 382 5459 rationis
411 5404 673 5474 obsequio
697 5406 763 5459 ad
792 5407 1023 5461 virtutes
1073 5407 1475 5477 progignendas
1530 5409 1768 5472 addicat,
1808 5427 1839 5465 a
1869 5427 2034 5467 sensu
2061 5430 2192 5468 vero
2221 5431 2413 5469 earum
2443 5430 2671 5484 prorsus
2691 5413 3068 5482 Operationem
3120 5410 3385 5463 retrahat-

143 5494 402 5565 Hincque
424 5497 562 5551 adeo
579 5506 685 5562 est,
712 5506 775 5551 ut
816 5506 1002 5560 mente
1030 5498 1272 5567 quidem,
1315 5498 1428 5571 jugi
1454 5499 1511 5555 in
1549 5501 1721 5555 Deum
1754 5511 1907 5557 motu
1940 5504 2234 5572 incitetur;
2273 5521 2435 5561 sensu
2474 5522 2624 5571 vero,
2688 5520 2791 5559 nec
2850 5503 2895 5558 si
2940 5502 3145 5569 omnia,
3188 5503 3391 5572 quibus

216 5651 317 5722 (nt)
335 5652 1197 5726 Xapozciodb‘taoéorswc.AAlter
1216 5655 1349 5725 Reg.
1368 5656 1493 5711 cod.
1510 5656 1713 5726 χάριτι·

143 5737 263 5859 τηε
292 5738 385 5791 per
411 5724 641 5793 gratiam
663 5725 716 5809 ξπ
737 5739 798 5777 ea
822 5733 915 5777 est.
943 5724 1084 5804 Quid
1100 5724 1385 5806 verovelit
1415 5724 1716 5808 τὸάαρτῆς

191 5798 345 5856 enct.
372 5792 507 5857 Cod.
545 5803 602 5851 et
650 5794 739 5848 Pr.
774 5809 888 5849 non
909 5809 1106 5859 capio;
1146 5810 1254 5851 msn
1309 5796 1713 5855 breviattonem

140 5792 345 5859 'Yenct.
372 5792 507 5857 Cod.
545 5803 602 5851 et
650 5793 739 5848 Fr.
774 5809 888 5849 non
909 5794 1106 5864 capio;
1146 5794 1254 5851 nisi
1309 5792 1713 5855 breviationetn

1820 5661 1962 5786 rqale
1990 5660 2350 5785 intellectam,
2381 5662 2461 5717 sic
2492 5659 2749 5732 imperite
2784 5657 3080 5730 antiquarii
3103 5657 3265 5718 ambo
3295 5673 3390 5715 ex-

1823 5747 1855 5786 n
1881 5747 2071 5786 icarun
2102 5771 2117 5785 .

1822 5747 2117 5801 pucarunt.
