3888 6432
648 386 754 448 895
1803 382 1862 440 S.
1901 379 2186 442 MAXIMI
2222 376 2727 440 CONFESSORIS
3719 381 3799 443 895

645 515 848 570 corpus
905 497 1150 554 metestia
1208 495 1346 552 allici
1418 495 1576 561 solet,
1626 495 1790 551 simul
1865 495 2143 566 ingruant,
2197 507 2504 561 eorumque
2535 490 2841 561 periculum
2905 489 3090 553 meiat,
3142 488 3439 560 quidquam
3487 489 3679 559 penitus
3713 508 3800 546 tuo-

644 601 857 656 veatur,
890 589 1329 645 ullovctristitize
1355 587 1588 658 vestigio
1645 589 1828 642 animo
1875 586 2222 648 informetur,
2295 591 2354 637 ut
2378 582 2508 637 hinc
2545 580 2730 652 gaudii
2773 580 2934 651 plena
3004 579 3224 634 affectio
3265 595 3329 635 ac
3377 579 3644 650 dispositio
3665 582 3710 638 in
3754 601 3803 638 eo

645 684 989 738 immutetur.
1028 680 1144 735 Non
1199 680 1347 735 enim
1403 679 1668 741 dolorem,
1698 678 1792 748 qui
1829 691 2050 732 sensum
2096 674 2398 738 excruciat,
2431 673 2728 742 voluptatis
2789 671 3091 727 carentiam
3138 671 3457 727 arbitratur.
3519 671 3801 742 Voluptatem

645 789 826 834 autem
857 793 1018 831 unam
1040 775 1210 838 novit,
1242 773 1410 828 animi
1447 789 1571 827 cum
1629 773 1842 827 ratione
1888 769 2242 833 convictum;
2282 768 2440 838 cujus
2481 765 2739 836 privatio,
2776 763 3084 820 immortale
3153 763 3478 833 supplicium
3521 773 3615 827 est,
3659 779 3806 844 cuqcta

645 870 967 926 naturaliter
1029 867 1224 921 saecula
1263 864 1473 919 ambitu
1527 863 1919 934 complectens.
1969 859 2201 924 idcirco,
2241 865 2356 912 tum
2379 853 2648 926 corporis,
2682 863 2798 908 tum
2836 870 2958 925 quae
3015 861 3145 908 sunt
3172 852 3439 922 corporis,
3498 854 3718 909 omnibus
3738 873 3806 911 va-

642 947 963 1032 lerejussis,
1001 958 1068 1011 ad
1089 955 1511 1011 divinumcnixe
1543 953 1846 1009 connititur
1899 948 2242 1013 convictum;
2282 962 2448 1001 unam
2509 946 2732 1000 demum
2779 945 3050 1016 iacturam
3082 952 3365 1012 reputans,
3415 943 3500 998 vel
3528 943 3572 998 si
3621 952 3808 1001 terreno-

644 1069 763 1108 rutu
797 1049 1044 1107 omnium
1103 1047 1348 1102 dominio
1410 1047 1634 1118 polleat,
1666 1047 1805 1116 ejus,
1870 1057 1991 1114 quae
2044 1056 2145 1112 per
2198 1040 2427 1111 gratiam
2453 1037 2759 1110 praestanda
2786 1046 3159 1108 exspectatur,
3213 1035 3575 1090 deiﬁeationis
3612 1035 3806 1092 frustrata

641 1154 764 1201 vota
793 1160 856 1198 ac
873 1158 1026 1212 spem
1055 1157 1287 1197 cassam.

649 1269 653 1274 ι
710 1237 898 1306 Itaque
929 1235 1294 1290 emundemus
1329 1249 1430 1288 nos
1462 1234 1610 1304 ipsos
1631 1233 1700 1287 ab
1745 1231 1894 1286 onmi
1954 1230 2213 1302 inquina-
2242 1233 2292 1290 Α

641 1336 830 1382 mento
863 1327 1046 1381 carnis
1103 1343 1167 1381 ac
1227 1325 1456 1396 spiritus
1483 1326 1550 1391 ³²,
1615 1333 1678 1380 ut
1717 1324 2077 1396 cupiditatem
2131 1323 2214 1377 in-

642 1420 842 1474 decore
873 1414 1161 1472 all‘ectibus
1181 1418 1554 1473 lascivientem
1589 1418 2024 1488 cxstinguentes,
2067 1416 2210 1471 divi-

643 1525 775 1564 num
816 1526 1015 1564 nomen
1077 1509 1500 1574 sanetiﬁcemus,
1558 1508 1803 1577 iramque
1857 1515 2026 1562 (nstro
2077 1522 2215 1576 quo-

643 1604 768 1657 dam
795 1603 1154 1672 incomposite
1190 1600 1566 1670 voluptatibus
1614 1599 1916 1654 inhiantem
1960 1611 2212 1666 compes-

643 1710 868 1760 camus;
911 1702 991 1758 ut,
1017 1692 1282 1763 quodper
1313 1691 1789 1746 mansuetudinem
1840 1689 2064 1744 advenit
2119 1705 2211 1744 re-

642 1802 806 1855 gnum
855 1785 946 1840 Dei
977 1800 1040 1840 ac
1072 1784 1267 1849 Patris,
1313 1783 1692 1854 suscipiamus.
1749 1781 2020 1850 Deinceps
2079 1793 2212 1833 vero

643 1880 965 1940 sequentem
1010 1869 1278 1924 orationis
1336 1877 1568 1935 textum,
1615 1869 1701 1924 bis
1756 1883 1879 1938 qua:
1934 1865 2212 1921 anteriora

641 1969 791 2024 sunt,
819 1961 1200 2031 adjungamus.

777 2075 896 2130 Fiat
921 2077 1162 2130 voluntas
1187 2086 1303 2144 tua,
1327 2077 1457 2130 sicut
1480 2075 1536 2130 in
1572 2083 1721 2143 cato,
1749 2084 1796 2130 et
1821 2077 1876 2130 in
1903 2083 2067 2130 terra.

715 2275 818 2341 Qui
858 2275 974 2330 sola
1008 2275 1238 2332 rationis
1267 2277 1320 2333 vi
1365 2293 1394 2332 a
1441 2278 1747 2348 cupiditate
1785 2287 1950 2348 atque
1992 2278 2075 2332 ira
2123 2291 2212 2332 se-

641 2374 810 2429 creta,
846 2367 1073 2437 mystice
1099 2367 1212 2422 Deo
1270 2368 1478 2422 cultum
1525 2367 1692 2439 358
1757 2369 2002 2432 adhibet,
2056 2367 2104 2423 is
2153 2367 2208 2422 in

642 2465 807 2521 terra,
833 2474 961 2512 eum
997 2459 1053 2513 in
1085 2460 1308 2513 modum
1329 2476 1439 2530 quo
1463 2460 1520 2514 in
1573 2461 1712 2516 caelo
1771 2460 2003 2531 angelici
2057 2459 2208 2514 ordi-

640 2563 761 2614 nes,
785 2549 1025 2605 divinam
1049 2551 1384 2607 voluntatem
1411 2552 1689 2622 implevit;
1716 2568 1814 2622 per
1854 2552 2038 2607 omnia
2053 2551 2210 2606 simi-

639 2641 709 2696 l-is
729 2642 937 2712 angelis
957 2644 1234 2709 adorator,
1261 2645 1434 2714 iisque
1478 2644 1907 2708 contubernalis,
1943 2644 2208 2716 quemad-

640 2733 862 2788 modum
891 2735 1128 2804 quodam
1167 2736 1288 2790 loco
1338 2752 1566 2808 magnus
1607 2736 1900 2806 Apostolus
1942 2736 2019 2791 ait
2052 2753 2067 2789 :
2097 2735 2208 2790 No-

638 2835 751 2879 stra
778 2834 952 2879 autem
973 2829 1292 2881 conversatio
1312 2829 1367 2881 in
1394 2829 1534 2883 caelis
1561 2839 1636 2883 est
1661 2829 1704 2862 "
1727 2847 1742 2895 ;
1771 2830 1914 2899 apud
1939 2844 2078 2898 quos
2099 2845 2209 2883 non

639 2926 726 2971 est
750 2916 1040 2986 cupiditas,
1069 2933 1191 2987 qua:
1227 2917 1568 2988 voluptatum
1623 2920 1678 2974 vi
1725 2921 1967 2991 vigorem
2011 2920 2211 2974 mentis

642 3005 909 3063 dissolvat
938 3026 952 3062 :
978 3024 1088 3062 non
1115 3008 1197 3063 ira
1225 3009 1434 3078 furens,
1481 3010 1882 3080 adversumque
1928 3020 2208 3081 cognatos,

643 3114 707 3153 ac
747 3115 887 3170 quos
934 3101 1100 3156 unius
1133 3103 1350 3172 generis
1420 3102 1655 3158 societas
1706 3111 1909 3166 teneat,
1954 3110 2210 3173 proterve

642 3191 945 3257 oblatrans,
975 3195 1070 3249 sed
1105 3193 1534 3265 singularissima
1556 3195 1716 3259 ratio,
1747 3193 1814 3249 ad
1845 3195 2078 3264 primam
2125 3211 2213 3249 ra-

644 3283 872 3348 tionem,
907 3300 1003 3340 eos
1054 3287 1149 3354 qui
1207 3285 1418 3340 ratione
1451 3293 1697 3350 utantur,
1733 3294 1930 3338 natura
1965 3285 2208 3351 ducens;

642 3392 752 3446 qua
786 3378 902 3430 sola
934 3377 1133 3446 gaudet
1163 3377 1328 3442 Deus,
1360 3387 1417 3432 et
1448 3393 1480 3431 a
1505 3377 1667 3432 nobis
1695 3376 1870 3432 servis
1893 3377 2008 3432 suis
2059 3377 2212 3431 eﬂla-

641 3467 797 3537 gitat.
821 3467 988 3536 ldque
1017 3468 1308 3539 signiﬁcat,
1344 3484 1470 3523 cum
1503 3469 1560 3524 in
1611 3469 1728 3524 haec
1758 3468 1924 3522 verba
1956 3484 2213 3539 magnum

642 3557 904 3612 Davidem
947 3559 1287 3628 alloquitur:
1341 3558 1481 3624 Quid
1507 3562 1645 3614 enim
1678 3562 1806 3614 mihi
1855 3561 2013 3614 estin
2064 3559 2210 3626 caelo,

643 3661 693 3705 et
724 3671 755 3706 a
782 3661 832 3706 te
859 3653 986 3722 quid
1013 3652 1156 3706 volui
1177 3669 1336 3722 super
1364 3660 1564 3706 terram
1599 3653 1684 3706 ³³2
1714 3652 1862 3707 Nihil
1914 3660 2099 3707 autem
2155 3652 2214 3707 in

644 3743 799 3798 caelis
823 3745 997 3798 sancti
1040 3745 1215 3814 angeli
1249 3745 1362 3798 Deo
1399 3744 1661 3810 oﬂ‘erunt,
1713 3755 1914 3814 praeter
1973 3745 2215 3800 rationa-

2400 1223 2736 1295 Ἀγνίσωμεν
2762 1218 2856 1277 οὖν
2903 1222 3134 1284 ἑαυτοὺς
3176 1221 3381 1286 παντὸς
3428 1222 3684 1294 μολυσμοῦ
3712 1241 3808 1292 eap-

2313 1313 2407 1377 κδς
2433 1314 2527 1367 καὶ
2561 1313 2890 1384 πνεύματος,
2941 1314 3029 1367 ἴνα
3059 1314 3121 1366 τὸ
3149 1313 3294 1366 θετον
3323 1313 3639 1383 ἁγιάσωμεν
3663 1315 3806 1384 ὄνομα,

2311 1402 2682 1473 ἁκκιζομένην
2717 1406 2832 1465 τοῖς
2871 1403 3102 1457 πάθεσιν
3133 1404 3405 1475 ἀπρεπῶς
3441 1406 3541 1474 τὴν
3582 1405 3812 1472 ἐπιθυμίαν

2312 1495 2752 1558 κατασϐέσαντες
2777 1511 2790 1525 ·
2827 1495 2924 1549 καὶ
2975 1495 3116 1566 λόγῳ
3143 1535 3159 1560 ,
3208 1497 3330 1558 ταῖς
3383 1494 3595 1565 ἡδοναῖς
3623 1495 3812 1559 ἀτάκτως

2311 1587 2402 1639 ὲπι
2411 1587 2732 1657 μαινόμενον
2756 1594 2848 1640 τὸν
2875 1587 3064 1657 θυμὸν,
3093 1586 3493 1658 καταδήσωμεν
3514 1597 3532 1614 ⁶
3556 1585 3637 1638 ἵνα
3662 1585 3732 1639 διὰ
3748 1587 3814 1654 τῆς

2313 1679 2620 1750 πραότητος
2679 1679 3126 1750 παραγινομένην
3181 1676 3570 1747 ὑποδεξώμεθα
3619 1678 3703 1747 τὴν
3748 1677 3811 1729 τοῦ

2310 1767 2446 1824 Θεοῦ
2481 1771 2577 1824 καὶ
2615 1773 2828 1842 Πατρὸς
2881 1771 3176 1842 βασιλείαν.
3235 1771 3346 1824 Καὶ
3379 1770 3474 1823 τὸν
3500 1770 3679 1840 ἑφεξῆς
3703 1769 3812 1836 λόγω

2309 1864 2410 1932 τῆς
2487 1865 2796 1934 προσευχῆς
2840 1867 2954 1928 τοῖς
3019 1865 3308 1934 προτέροις
3374 1863 3710 1933 ἁρμόσωμεν,
3758 1862 3814 1914 λέ-

2311 1969 2497 2022 γοντες
2529 1971 2544 1987 ο

2379 2065 2699 2135 Γενηθήτω
2734 2065 2799 2120 τὸ
2830 2068 3060 2138 θέλημά
3087 2086 3222 2137 σου,
3262 2071 3344 2138 ὠς
3373 2071 3444 2125 ἐν
3473 2069 3711 2136 οὑοαγῷ.
3747 2067 3810 2122 καὶ

2308 2157 2406 2212 ἐπὶ
2444 2158 2555 2227 τῆς
2583 2157 2718 2228 γῆςο

2391 2275 2448 2326 '0
2484 2273 2625 2328 κατὰ
2664 2274 2835 2344 μόνην
2869 2273 2968 2344 τὴν
3011 2273 3238 2346 λογικὴν
3275 2273 3546 2346 δύναμιν,
3583 2275 3807 2345 ἐπιθυμίας

2307 2365 2493 2420 τεκαὶ
2529 2364 2699 2437 θυμοῦ
2728 2367 3139 2438 κεχωρισμένην
3171 2369 3454 2437 μυστικῶς
3474 2369 3734 2440 προσάγων
3757 2367 3806 2435 τῷ

2308 2457 2428 2528 Θεῷ
2459 2459 2562 2529 τὴν
2608 2457 2899 2530 λατρείαν,
2935 2453 3089 2524 οὗτος
3129 2460 3224 2512 ἐπὶ
3258 2460 3401 2530 γῆς,
3451 2460 3525 2524 ὡς
3569 2463 3622 2514 ὲν
3658 2459 3806 2529 οὐρανῷ

2309 2547 2418 2602 τῶν
2475 2548 2721 2617 ἀγγέλων
2755 2551 2812 2604 αἱ
2871 2550 3090 2617 τάξεις,
3140 2549 3202 2604 τὸ
3243 2549 3391 2606 θεῖον
3432 2552 3726 2622 πεπλήρωκε
3750 2549 3806 2600 θέα

2309 2637 2487 2708 λημα·
2536 2639 2624 2693 διὰ
2657 2639 2877 2694 πάντων
2918 2643 3032 2704 τοῖς
3093 2641 3353 2710 ἀγγέλοις
3389 2644 3684 2714 ὁμολὰτρης
3707 2640 3808 2709 γενὸο

2313 2746 2474 2798 μενος
2531 2729 2626 2783 καὶ
2679 2730 3024 2800 ὁμοδίαιτος,
3077 2731 3223 2786 καθά
3257 2732 3367 2786 πού
3421 2750 3584 2804 φησιν
3625 2736 3650 2786 ό
3691 2733 3806 2802 μέγας

2323 2820 2660 2887 ’Λπόστολος,
2704 2820 2891 2891 Ἡμῶν
2917 2821 2986 2875 δὲ
3025 2822 3094 2877 τὸ
3125 2823 3467 2894 πολίτευμα
3498 2825 3565 2878 ἐν
3601 2821 3805 2892 οὐρανοῖς

2309 2909 2566 2980 ὑπάρχει
2591 2929 2605 2943 ο
2642 2914 2773 2982 παρ’
2808 2907 2890 2977 οἷς
2929 2914 3030 2966 οὐκ
3061 2913 3211 2967 ἔστιν
3255 2916 3552 2986 ἐπιθυμία,
3592 2916 3652 2970 δι’
3672 2913 3806 2984 ἡδονῆς

2308 3004 2435 3065 τοὺς
2497 3005 2716 3075 νοεροίις
2788 3005 3145 3082 παραλύουσα
3201 3007 3398 3072 τόνους
3426 3025 3440 3040 ·
3469 3013 3486 3030 ⁶
3537 3007 3647 3061 οὔτε
3691 3006 3805 3075 θυμίας

2311 3092 2556 3159 λυσσῶν,
2609 3097 2704 3150 καὶ
2756 3096 2817 3149 τὸ
2872 3098 3134 3167 συγγενὲς
3181 3099 3442 3170 ἀσέμνως
3491 3098 3802 3154 καθυλακτῶν·

2312 3186 2450 3242 ἀλλὰ
2502 3186 2658 3257 λόγος
2717 3188 3057 3259 μονώτατος,
3133 3191 3269 3262 πρὸς
3318 3193 3418 3246 τὸν
3469 3192 3666 3264 πρῶτον
3703 3190 3804 3255 λόγον

2313 3279 2556 3346 φυσικῶς
2639 3281 2787 3349 ἄγων
2858 3281 2986 3346 τοὺς
3043 3281 3291 3350 λογικούς
3315 3301 3328 3314 ο
3387 3277 3435 3352 ᾧ
3504 3284 3637 3355 μόνῳ
3684 3281 3803 3352 χαίρει

2313 3371 2469 3437 Θεὸς,
2514 3371 2610 3425 καὶ
2644 3373 2773 3444 παρ’
2804 3373 2962 3445 ήμῶν
2989 3374 3132 3428 αἰτεῖ
3161 3373 3271 3427 τῶν
3302 3374 3476 3428 αὑτοῦ
3511 3374 3703 3428 δούλων.
3734 3373 3803 3425 Κιί

2313 3467 2474 3522 τοῦτο
2499 3465 2650 3536 δηλοῖ
2685 3468 2821 3539 πρὸς
2852 3468 2944 3523 τὸν
2977 3469 3152 3540 μέγαν
3184 3469 3417 3539 φάσκων
3457 3470 3636 3525 Δαὸίδο
3665 3469 3714 3522 Τί
3735 3465 3801 3534 γάρ

2307 3576 2412 3628 μοι
2434 3559 2690 3627 ὑπάρχει
2713 3560 2783 3614 ἐν
2808 3559 2890 3626 τῷ
2920 3560 3175 3628 οὐρανῷ,
3208 3563 3307 3616 καὶ
3335 3563 3503 3632 παρὰ
3531 3561 3636 3616 σοῦ
3655 3562 3701 3614 τί
3720 3560 3802 3623 ἠθέ-

2315 3655 2482 3719 λησα
2513 3651 2608 3705 ἐπί
2651 3649 2762 3721 τῆς
2795 3650 2910 3721 γῆς
2938 3669 2958 3716 ;
3027 3653 3291 3725 ’Υπάρχει
3327 3654 3392 3707 δὲ
3433 3654 3509 3724 τῷ
3539 3651 3647 3722 Θεῷ
3677 3652 3721 3702 ἐν
3745 3648 3800 3699 oi-

2315 3743 2502 3812 ρανοῖς
2556 3741 2968 3812 προσαγόμενον
3025 3743 3177 3814 παρὰ
3238 3745 3350 3797 τῶν
3403 3744 3570 3813 ἁγίων
3610 3741 3798 3808 enim.

645 3835 750 3888 lem
777 3836 1024 3899 cultum;
1053 3851 1218 3905 quem
1263 3836 1440 3904 ipsum
1484 3851 1513 3889 a
1567 3832 1728 3890 nobis
1774 3837 2024 3908 exigens,
2070 3842 2211 3893 inter

2317 3829 2456 3899 πλὴν
2477 3829 2574 3901 τῆς
2601 3830 2822 3901 λογικῆς
2849 3830 3103 3902 λατρείας
3129 3833 3282 3886 οὐδέν
3305 3848 3319 3862 ⁸
3350 3835 3421 3904 ἢν
3454 3837 3544 3888 καὶ
3567 3833 3680 3902 παρ’
3700 3827 3799 3898 ἡμῶν

643 3927 913 3982 orandum
951 3926 1137 3984 dicere
1163 3927 1352 3983 docuit
1377 3946 1391 3982 :
1417 3927 1537 3983 Fiat
1560 3929 1805 3984 voluntas
1829 3907 1943 3994 tua,
1999 3933 2129 3984 sicut
2156 3933 2210 3984 in

2314 3921 2608 3989 ἐπιζητῶν,
2645 3925 3118 3994 προσευχομένους
3164 3924 3343 3992 λέγειν
3409 3925 3606 3992 ἐδίδαξε
3629 3942 3641 3954 ·
3673 3925 3711 3976 Γ
3712 3937 3798 3983 επὶ·

641 4020 791 4086 caelo,
810 4030 858 4074 et
879 4022 936 4075 in
965 4029 1132 4076 terra.

713 4195 1080 4265 lgiturnostra
1103 4210 1326 4265 quoque
1354 4195 1421 4250 ad
1448 4197 1619 4252 Deum
1650 4198 2041 4269 inquirendum
2069 4207 2210 4254 ratio

641 4297 948 4352 moveatur,
973 4287 1165 4358 visque
1198 4288 1514 4358 cupiditatis
1537 4290 1814 4346 desiderio
1838 4292 1893 4348 in
1940 4307 2068 4346 eum
2118 4307 2211 4345 ra-

644 4378 861 4449 piatur;
899 4381 994 4434 ine
1015 4380 1252 4450 denique
1309 4382 1561 4447 facultas,
1607 4385 1728 4454 ejus
1778 4383 2214 4438 conservationis

643 4473 839 4539 ardore
872 4489 1050 4544 pugna
1093 4475 1401 4528 concitetur
1431 4493 1444 4529 :
1471 4477 1576 4540 vel,
1608 4484 1670 4530 ut
1701 4477 1887 4531 verius
1936 4492 2000 4530 ac
2041 4476 2214 4546 magis

645 4568 864 4644 proprie
886 4563 1099 4631 loquar,
1119 4579 1273 4620 mens
1287 4573 1399 4619 tota
1424 4566 1480 4619 in
1500 4567 1669 4620 Deum
1695 4565 2031 4630 intendatur,
2048 4582 2213 4636 quam

649 4666 777 4726 tunc
812 4654 1046 4722 quodam
1074 4655 1322 4712 iracundi
1343 4673 1526 4712 mores
1558 4657 1940 4721 corroborent,
1970 4673 2211 4712 summa-

644 4759 751 4814 que
781 4742 1041 4801 desiderii
1068 4746 1121 4800 vi
1141 4746 1378 4816 cupidus
1398 4762 1553 4801 amor
1584 4747 1866 4802 accendat.
1922 4746 2012 4802 Sic
2063 4747 2212 4802 enim

643 4837 962 4906 angelorum
996 4835 1052 4890 in
1081 4838 1220 4893 coelo
1244 4837 1566 4903 imitatione,
1590 4839 1684 4894 Dei
1713 4855 1811 4908 per
1837 4840 2019 4894 omnia
2038 4840 2216 4895 culto-

645 4941 734 4986 res
760 4926 1144 4994 inveniemur;
1166 4928 1261 4998 qui
1293 4928 1552 4983 nimirum
1585 4929 1836 4984 eamdem
1867 4945 1992 4984 cum
2049 4945 2215 5001 ange-

644 5019 714 5086 lis
744 5020 870 5074 vita:
895 5021 1160 5076 rationem
1196 5022 1252 5074 in
1286 5031 1428 5076 terra
1476 5021 1861 5086 exbibeamus;
1891 5022 1972 5077 sic
2017 5037 2214 5092 nempe

643 5112 962 5180 comparati,
986 5123 1046 5167 ut
1073 5111 1301 5181 perinde
1334 5126 1399 5166 ac
1431 5111 1530 5176 illi,
1568 5111 1622 5166 in
1637 5112 1782 5166 nulla
1807 5127 2020 5177 eorum,
2043 5128 2166 5182 qua:
2183 5128 2214 5164 a

644 5201 757 5254 Deo
780 5202 1021 5256 secunda
1051 5211 1199 5266 sunt,
1224 5202 1407 5257 animo
1429 5218 1654 5272 prorsus
1684 5219 2023 5258 moveamur.
2053 5204 2214 5258 Acci-

645 5290 860 5361 piemus
886 5292 1034 5346 enim
1058 5308 1127 5346 ex
1153 5302 1403 5347 votorum
1439 5293 1670 5357 ratione,
1723 5294 1802 5349 sic
1841 5294 2009 5350 vitam
2050 5295 2211 5350 insti-

647 5366 886 5444 tuentes,
915 5381 1064 5435 velut
1097 5396 1314 5450 panem,
1339 5381 1610 5435 ἐπιούσιον
1635 5383 1987 5453 vitalemque,
2025 5384 2079 5438 in
2109 5384 2212 5440 ali-

646 5471 888 5539 moniam
917 5471 1222 5525 animarum
1245 5480 1581 5539 nostrarum,
1615 5481 1672 5528 et
1698 5485 1757 5527 ut
1792 5484 1983 5545 vegeta
2043 5474 2212 5530 benc-

2243 5245 2290 5302 ι)

2311 4011 2468 4078 θήτω
2493 4013 2556 4066 τὸ
2587 4013 2814 4084 θέλημά
2844 4032 2983 4081 σου,
3027 4017 3107 4080 ὡς
3131 4017 3202 4070 ἐν
3225 4016 3484 4088 οὐρανῷ,
3511 4017 3603 4072 καί
3640 4010 3798 4080 ἐπιτῆς

2309 4121 2444 4172 γηςο

2382 4194 2594 4250 υὺκοῦν
2640 4197 2899 4253 κινείσθω
2941 4198 3038 4255 καὶ
3082 4197 3239 4272 ήμῶν
3275 4198 3420 4270 πρὸς
3467 4199 3566 4267 τὴν
3604 4193 3683 4250 τοῦ
3711 4187 3795 4245 Θεοῦ

2312 4286 2538 4359 ζήτησιν
2573 4291 2604 4344 ὁ
2654 4291 2847 4360 λόγος,
2899 4292 3035 4362 πρός
3069 4309 3129 4345 τε
3170 4293 3261 4344 τὸν
3298 4291 3468 4346 αὑτοῦ
3505 4290 3652 4344 πόθον
3675 4289 3701 4355 ἡ
3725 4284 3795 4336 κατ’

2311 4377 2608 4447 ἐπιθυμίαν
2638 4379 2901 4450 δύναμις,
2953 4381 3050 4434 καὶ
3102 4380 3240 4451 πρὸς
3275 4383 3378 4452 τὴν
3428 4379 3586 4435 αὖτοῦ
3623 4373 3796 4448 φυλακὴν

2313 4469 2665 4538 ἀγωνιζέσθω
2718 4473 2781 4526 τὸ
2834 4472 3062 4544 θυμικόν
3090 4490 3104 4504 ο
3174 4474 3379 4542 μᾶλλον
3440 4475 3496 4527 δὲ
3543 4470 3796 4542 κυριώτερον

2313 4559 2510 4622 εἰπεῖν,
2544 4561 2572 4612 ὁ
2610 4561 2708 4632 μὲν
2744 4560 2872 4624 νοῦς
2900 4561 3150 4617 τετάσθω
3181 4564 3289 4625 πᾶς
3320 4563 3462 4634 πρὸς
3498 4562 3618 4614 Θεὸν
3640 4577 3652 4590 ·
3691 4554 3795 4609 οἱονεὶ

2312 4650 2452 4722 τόνῳ
2503 4653 2609 4705 τινί
2666 4653 2746 4724 τῷ
2800 4653 3019 4725 θυμικῷ
3085 4655 3273 4726 τρόπῳ
3328 4655 3698 4726 νευρούμενος,
3738 4648 3794 4698 καὶ

2313 4740 2464 4812 πόθῳ
2502 4745 2566 4814 τῇ
2600 4744 2721 4796 κατ’
2761 4743 2930 4814 ἄκρον
2979 4743 3165 4813 ἐφέσει
3203 4745 3302 4814 τῆς
3341 4743 3629 4815 ἐπιθυμίας
3659 4735 3791 4806 παρού-

2317 4849 2497 4902 pavor“
2536 4833 2691 4888 Οὕτω
2715 4835 2825 4906 γὰρ
2860 4834 2988 4898 τοὺς
3023 4836 3146 4888 κατ’
3192 4837 3422 4905 οὐρανὸν
3491 4834 3717 4903 ἀγγέλους
3737 4843 3790 4894 μισ

2318 4927 2600 4998 μούμενοι,
2629 4927 2711 4997 τῷ
2740 4927 2862 4998 Θεῷ
2893 4928 2982 4982 διὰ
3016 4928 3234 4982 πάντων
3271 4929 3614 4998 λατρεύοντες
3636 4919 3787 4992 εὑρεθί”

2316 5018 2556 5088 σὸμεθα·
2613 5020 2712 5090 τὴν
2767 5019 2937 5091 αὐτὴν
2993 5023 3111 5084 τοῖς
3196 5021 3453 5087 ἀγγέλοις
3499 5020 3587 5072 ἐπὶ
3627 5016 3706 5083 τῆς
3728 5007 3787 5076 ili

2315 5110 2594 5164 πολιτείαν
2649 5111 3118 5183 ἐπιδεικνύμενον
3181 5113 3318 5184 πρὸς
3364 5112 3512 5166 οὐδὲν
3565 5109 3660 5162 τῶν
3705 5099 3788 5172 μετὶ

2315 5201 2448 5255 θεδν
2507 5202 2637 5266 ἴσως
2681 5203 2912 5266 ἐκείνοις
2955 5203 3171 5274 ἔχοντες
3216 5203 3306 5255 τὸν
3342 5201 3465 5255 νοῦν
3504 5199 3561 5252 τὸ
3606 5193 3785 5264 παράπιν

2315 5291 2654 5362 κινούμενον.
2706 5293 2983 5364 Δεξόμεθα
3032 5294 3141 5364 γὰρ
3177 5294 3296 5346 κατ’
3339 5290 3500 5362 εὐχὰς
3545 5287 3666 5342 οὕτω
3691 5281 3783 5332 πιλία

2313 5386 2624 5456 τευόμενοι,
2666 5385 2918 5457 καθάπερ
2954 5387 3118 5457 ἄρτον
3157 5385 3429 5439 ἐπιούσιον
3473 5399 3529 5436 τε
3576 5377 3656 5432 καὶ
3685 5372 3784 5434 CW“

2315 5477 2410 5528 κὸν
2455 5478 2535 5541 είς
2565 5475 2880 5552 ἀποτροφὴν
2910 5477 3021 5532 τῶν
3067 5476 3354 5550 ἡμετέρων
3381 5473 3578 5546 ψυχῶν,
3608 5467 3684 5523 καὶ
3707 5476 3783 5513 συν·

718 5626 764 5660 η
791 5626 836 5682 ll
865 5625 993 5684 Cor.
1023 5641 1116 5692 vu,
1143 5624 1193 5682 l.
1269 5625 1335 5656 ⁸³·
1361 5615 1596 5695 Philipp.
1627 5642 1703 5690 ιιι,
1731 5627 1818 5680 20.
1894 5629 1936 5660 ³³
1965 5629 2104 5683 Psal.
2145 5644 2302 5696 van,
2332 5628 2423 5686 25.

721 5788 738 5808 '
771 5783 895 5851 llzec
930 5782 1170 5841 breviter
1205 5782 1460 5840 dcﬂorula
1497 5783 1548 5837 in
1581 5793 1784 5840 catena.
