4082 6444
262 372 360 438 891

1166 430 1169 431 ν
1252 379 1654 442 EXPOSITIO
1688 379 2102 441 ORATIOle
2140 380 2549 443 DOMlNIC/E.

3378 388 3488 453 898

262 492 496 563 τήρησιν
527 494 626 566 τῆς
649 494 759 550 τῶν
786 498 1158 571 χαρισθέντων
1183 500 1316 571 ἡμῖν
1343 499 1565 569 ἀγαθῶν
1586 498 1822 563 εὐεξίας,

1929 513 2032 566 que
2058 498 2316 554 habentia
2372 514 2633 555 concessa
2682 500 2844 557 nobis
2885 501 3027 559 dona
3068 514 3485 570 conserventur,

261 586 347 640 τὸν
374 589 598 645 εἰπόντα
625 591 795 659 Λόγον
816 609 831 624 ·
878 594 1025 663 Ἐγώ
1065 595 1181 662 εἰμι
1211 597 1244 648 ὁ
1272 594 1470 662 ἄρτος,
1523 594 1556 646 ὁ
1606 593 1677 646 ἐκ
1714 591 1822 646 τοῦ

256 680 523 745 οὐρανοῦ
553 684 847 750 καταϐὰς,
892 685 993 739 καί
1024 684 1177 753 ζωὴν
1212 685 1418 750 διδοὺς
1456 683 1539 749 τῷ
1580 685 1785 752 κόσμῳ
1805 700 1822 716 ⁹

258 772 540 842 ἀναλόγως
566 778 697 846 ἡμῖν
726 781 841 842 τοῖς
870 777 1227 850 τρεφομένοις
1271 777 1340 831 δι’
1372 776 1572 846 ἀρετῆς
1601 777 1694 830 καὶ
1731 792 1819 828 σο-

259 861 409 928 φίας.
445 865 623 918 πάντα
653 866 935 936 γινόμενον
976 881 991 899 ·
1023 867 1116 919 καὶ
1154 866 1222 918 δι’
1256 866 1483 919 ἑκάστου
1510 864 1619 917 τῶν
1652 863 1824 927 σωζο-

260 956 442 1024 μένων
512 959 806 1025 ποικίλως,
863 960 943 1024 ὼς
996 956 1136 1015 οἶδεν
1203 961 1401 1025 αὐτὸς,
1468 958 1826 1029 σωματούμε-

253 1063 382 1101 νον·
451 1048 532 1101 ἔτι
602 1051 744 1105 κατὰ
800 1050 893 1104 τὸν
950 1052 1124 1105 αἰῶνα
1192 1052 1381 1105 τοῦτον
1464 1050 1823 1121 ὑπάρχοντες,

251 1140 403 1192 κατὰ
454 1143 558 1212 τὴν
605 1142 699 1196 τοῦ
749 1144 914 1215 ῥητοῦ
959 1145 1058 1215 τῆς
1107 1143 1420 1215 ποοσευχῆς
1470 1143 1699 1211 δύναμιν
1730 1141 1824 1197 τοῦ

251 1227 512 1297 λέγοντος

329 1426 449 1478 Τὸν
478 1424 659 1493 ἄρτον
696 1424 864 1496 ἡμῶν
909 1426 1016 1481 τὸν
1043 1428 1357 1482 ἐπιούσιον
1400 1427 1502 1494 δὸς
1536 1427 1680 1498 ἡμῖν
1712 1427 1825 1496 σή-

249 1534 463 1585 uapor.

324 1607 536 1660 Τοῦτον
574 1605 682 1678 γὰρ
727 1602 880 1676 οἶμαι
925 1606 1212 1677 δηλοῦσθαι
1246 1606 1338 1663 τὸν
1388 1609 1557 1664 αἰῶνα
1610 1610 1697 1665 διὰ
1729 1610 1824 1665 τοῦ

247 1698 561 1768 σήμερον·
589 1698 663 1762 ῶς
692 1701 744 1752 εἰ
764 1716 848 1762 τις
879 1700 971 1752 ἐπὶ
999 1700 1059 1753 τὸ
1084 1701 1412 1773 σαφέστερον
1447 1702 1707 1768 ἐκλαϐὼν,
1745 1703 1826 1756 εἰ-

247 1808 370 1857 ποι,
410 1791 503 1845 τὸν
541 1792 705 1845 τόπον
740 1792 842 1862 τῆς
896 1795 1225 1864 προσευχῆς,
1271 1796 1381 1848 Τὸν
1419 1795 1600 1863 ἄρτον
1633 1793 1822 1864 ἡμῶν,

249 1881 310 1934 ὃν
360 1884 646 1953 καταρχὰς
677 1883 763 1936 ἐπ’
810 1883 1079 1955 ἀθανασίᾳ
1110 1885 1211 1955 τῆς
1252 1884 1467 1953 φύσεως
1502 1884 1824 1957 ἡτοίμασας,

249 1972 364 2041 δὸς
398 1974 547 2044 ἡμῖν
569 1976 857 2045 σήμερον,
892 1975 1035 2029 κατά
1068 1977 1165 2048 τὴν
1200 1978 1479 2047 παροῦσαν
1509 1977 1654 2048 ζωὴν
1677 1973 1827 2032 οὖσιν

247 2066 358 2137 τῆς
415 2066 738 2137 θνητότητος
763 2068 863 2137 (n)
891 2084 905 2098 ο
958 2068 1044 2120 ἵνα
1088 2070 1285 2141 νικήσῃ
1326 2069 1417 2122 τὸν
1457 2068 1689 2122 θάνατον
1727 2070 1830 2139 τῆς

250 2158 574 2229 ἁμαρτίας,
613 2160 647 2230 ἠ
698 2158 872 2231 τροφὴ
904 2159 998 2212 τοῦ
1050 2159 1217 2231 ἄρτου
1265 2162 1367 2237 τῆς
1414 2161 1556 2231 ζωῆς
1607 2162 1830 2233 καὶτῆς

250 2249 648 2319 ἐπιγνώσεωςο
696 2247 764 2325 ἧς
796 2253 1022 2323 μέτοχον
1060 2253 1312 2321 γενέσθαι
1365 2253 1455 2307 τὸν
1499 2255 1713 2325 πρῶτον
1738 2253 1830 2307 ἄν·

250 2344 521 2416 θρωπον,
573 2347 605 2415 ἡ
663 2345 975 2417 παράὸασις
1016 2346 1117 2415 τῆς
1153 2346 1301 2411 θείας
1350 2347 1572 2416 ἐντολῆς
1607 2348 1667 2400 οὐ
1702 2362 1830 2399 συν·-

248 2436 565 2508 εχώρησεν.
613 2436 700 2500 Ὠς
746 2438 861 2506 εῖγε
918 2437 1123 2509 ταύτης
1175 2438 1476 2510 ὲνεφορήθη
1525 2438 1625 2507 τῆς
1680 2437 1833 2501 θείας

247 2530 500 2599 τροφῆς,
556 2529 656 2583 οὐκ
714 2528 781 2583 ἂν
836 2529 914 2601 τῷ
967 2530 1186 2601 θανάτῳ
1237 2531 1339 2601 τῆς
1391 2530 1666 2601 ἁμαρτίας
1712 2530 1831 2602 ὴλί-

250 2641 446 2678 σκετο.

326 2716 485 2786 Πλὴν
525 2718 554 2771 6
595 2716 686 2770 τὸν
739 2716 903 2786 ἄρτον
936 2714 1121 2769 τοῦτον
1173 2714 1360 2769 λαϐεῖν
1405 2714 1699 2786 εὐχόμενος
1740 2714 1833 2769 τὸν

251 2808 562 2872 ἐπιούσιον,
605 2807 666 2861 οὐ
710 2808 929 2871 πάντως
974 2806 1095 2860 ὅλον
1141 2796 1352 2877 δέχεται
1386 2806 1570 2870 καθὼς
1610 2807 1773 2870 αὐτὸς
1803 2805 1831 2859 6

252 2902 427 2970 ἄρτος
478 2900 624 2951 ἐστίν
645 2914 659 2929 ο
718 2899 850 2951 ἀλλὰ
882 2898 1063 2962 καθὼς
1108 2898 1267 2960 αὐτὸς
1302 2900 1329 2952 ό
1358 2898 1644 2969 δεχόμενος
1672 2898 1832 2952 δύνα-

251 3006 370 3043 ται.
398 2989 544 3041 Πᾶσι
574 2988 674 3058 μὲν
700 2987 810 3059 γὰρ
833 2988 1026 3041 ἑαυτὸν
1058 2988 1238 3042 δίδωσι
1263 2990 1376 3051 τοῖς
1410 2987 1653 3042 αἰτοῦσιν
1679 2991 1707 3042 ὁ
1729 2991 1831 3058 τῆς

250 3080 412 3151 ζωῆς
444 3080 608 3151 ἄρτος
629 3122 644 3145 ,
687 3080 762 3143 ὼς
804 3079 1216 3152 φιλάνθρωπος,
1247 3081 1307 3133 οὐ
1350 3080 1490 3134 κατὰ
1523 3081 1585 3134 τὸ
1613 3082 1743 3134 αὐτὸ
1773 3083 1831 3136 δὲ

1926 589 2103 658 ipsum
2139 589 2399 653 Verbum.
2425 592 2571 661 quod
2601 592 2679 647 ait
2709 610 2723 646 :
2754 593 2867 663 Ego
2913 610 3032 648 sunt
3081 597 3257 666 panis,
3290 597 3380 664 qui
3419 598 3483 652 de

1923 680 2049 734 caelo
2108 681 2369 744 descendi,
2437 692 2487 736 et
2513 684 2580 739 do
2620 686 2782 740 vitam
2812 688 3006 742 mundo
3045 689 3089 721 ”
3121 688 3289 759 (quod
3329 692 3492 746 nimi-

1924 787 2047 826 rum
2095 784 2196 841 pro
2244 772 2408 827 modo
2455 783 2727 845 captuque
2779 786 2989 857 nostro,
3043 780 3138 847 qui
3192 781 3490 843 nutrimur,

1923 864 2104 918 omnia
2131 864 2287 919 nobis
2323 881 2421 934 per
2475 867 2737 923 virtutem
2756 885 2828 923 ac
2869 870 3192 939 sapientiam
3250 872 3363 939 ﬁat,
3400 889 3494 927 va-

1924 954 2115 1024 rieque
2138 970 2236 1024 per
2274 956 2550 1025 quoslibet
2572 973 2807 1026 quorum
2832 961 2995 1016 saluti
3019 963 3335 1018 consultum
3392 964 3486 1027 sit,

1924 1060 2031 1115 qua
2074 1047 2251 1115 ipsum
2286 1048 2439 1102 novit
2473 1048 2708 1113 ratione,
2737 1054 3111 1120 corporetur),
3146 1054 3311 1124 idque
3331 1055 3491 1117 adeo,

1924 1134 2054 1189 dum
2088 1142 2144 1189 et
2170 1135 2350 1192 adhuc
2373 1137 2431 1191 in
2458 1138 2716 1207 praesenti
2736 1141 2934 1195 saeculo
2966 1143 3251 1198 conistituti
3281 1158 3495 1207 sumus,

1920 1227 2075 1296 juxta
2107 1227 2217 1281 vim
2240 1230 2531 1285 sententia:
2558 1239 2849 1300 textusque
2906 1234 3195 1300 orationis,
3251 1235 3350 1303 qui
3406 1234 3491 1289 sic

1925 1318 2135 1373 habet:

1995 1430 2201 1485 Panem
2236 1441 2477 1487 nostrum
2504 1434 2871 1504 quotidianum
2899 1435 2966 1489 da
2985 1437 3130 1490 nobis
3156 1438 3326 1493 hodie.

1994 1603 2249 1661 Arbitror
2264 1607 2433 1672 enim,
2457 1607 2605 1677 quod
2632 1608 2854 1674 dicitur,
2874 1609 3046 1673 hodie,
3074 1608 3237 1680 359
3262 1624 3499 1679 priesens

1926 1699 2186 1752 sa'culum
2220 1699 2547 1769 designare;
2590 1714 2656 1756 ac
2730 1700 2776 1756 si
2837 1701 2963 1770 quis
3013 1702 3191 1755 locum
3236 1701 3500 1756 orationis

1926 1791 2170 1859 apertius
2191 1806 2492 1860 exponens,
2539 1793 2706 1857 dicat,
2757 1791 2960 1846 Panem
3013 1801 3271 1855 nostrum,
3333 1808 3497 1862 quem

1929 1882 1999 1935 ab
2023 1882 2202 1946 initio,
2228 1883 2294 1937 ad
2346 1883 2812 1939 immortalitatem
2869 1892 3081 1938 natura:
3132 1884 3497 1953 praestandam

1927 1976 2157 2045 parasti,
2198 1975 2267 2029 da
2292 1976 2437 2029 nobis
2460 1977 2628 2040 hodie,
2660 1975 2903 2045 quandiu
2922 1976 2976 2029 in
3006 1976 3226 2030 mortali
3250 1976 3355 2031 hac
3386 1978 3499 2030 vita

1926 2081 2243 2132 versamur;
2273 2081 2383 2135 quo
2404 2068 2662 2121 nimirum
2690 2069 2848 2137 panis
2867 2067 2993 2122 vita:
3016 2084 3082 2122 ac
3117 2069 3361 2122 scientia:
3402 2068 3502 2121 ali—

1927 2158 2365 2227 monia,peccati
2388 2167 2620 2212 mortem
2666 2160 2852 2211 vincat
2896 2175 2909 2211 :
2955 2158 3113 2227 cujus
3152 2174 3222 2211 ne
3275 2172 3501 2225 compos

1928 2247 2084 2303 ﬁeret
2106 2248 2320 2318 primus
2350 2249 2538 2312 homo,
2570 2247 2744 2301 divini
2780 2248 2994 2302 obstitit
3029 2246 3270 2301 mandati
3326 2256 3504 2299 trans-

1928 2340 2156 2411 gressio.
2207 2340 2438 2409 Itaque,
2520 2341 2568 2394 si
2633 2340 2819 2393 divina
2866 2340 2970 2395 hac
3036 2355 3162 2395 esea
3220 2344 3502 2393 saturatas

1926 2433 2142 2501 fuisset,
2166 2450 2449 2506 nunquam
2478 2434 2688 2505 peccati
2716 2446 2890 2491 morte
2916 2443 3109 2507 captus
3135 2444 3301 2492 esset.

1996 2712 2290 2777 Czeterum,
2310 2713 2402 2785 qui
2431 2729 2626 2786 panem
2651 2716 2798 2772 hunc
2821 2717 3199 2774 substantialis
3224 2720 3503 2774 alimoniae

1931 2813 2085 2873 optat
2139 2819 2379 2869 sumere,
2414 2821 2526 2860 non
2578 2822 2803 2877 prorsus
2854 2817 3030 2864 totum
3073 2812 3293 2881 accipit,
3359 2814 3503 2869 sicut

1930 2895 2047 2965 ipse
2072 2896 2229 2965 panis
2253 2905 2368 2962 est;
2404 2897 2499 2951 sed
2528 2906 2731 2967 quanta
2764 2903 2885 2969 ejus
2907 2900 3001 2969 qui
3031 2901 3232 2970 accipit
3273 2902 3504 2959 facultas

1929 2996 2033 3042 est.
2063 2987 2291 3043 Cunctis
2320 2989 2467 3043 enim
2496 2991 2815 3058 petentibus
2866 3007 2924 3046 se
2978 2993 3185 3062 prmbet
3241 3003 3501 3065 tanquam

1931 3079 2269 3135 humanitate
2293 3081 2755 3150 propensissimus
2781 3084 2940 3152 panis
2971 3085 3115 3150 vitae,
3156 3102 3265 3140 non
3319 3098 3502 3142 autem

250 3174 434 3226 πᾶσιν
461 3189 475 3201 ’
527 3171 665 3225 ἀλλὰ
711 3174 826 3234 τοῖς
878 3171 976 3242 μὲν
1032 3171 1242 3242 μεγάλα
1293 3171 1429 3242 ἔργα
1482 3173 1830 3243 πεποιηκόσι,

1935 3171 2166 3241 perinde
2197 3172 2456 3227 omnibus
2484 3190 2499 3239 ;
2529 3174 2623 3228 sed
2655 3174 2741 3239 iis,
2777 3176 2871 3244 qui
2893 3177 3098 3246 majora
3124 3179 3501 3247 priestiterint,

248 3261 527 3323 πλειόνως
552 3277 564 3292 ·
620 3263 733 3323 τοῖς
775 3261 832 3312 δὲ
874 3260 1079 3313 τούτων
1118 3260 1340 3330 ﬁrmat,
1374 3260 1616 3331 ήττόνως
1642 3277 1658 3293 θ
1704 3264 1830 3317 ὲκά-

252 3370 378 3422 στῳ
415 3352 513 3423 μὲν
554 3346 648 3406 οὖν
676 3350 856 3414 καθὼς
884 3353 918 3423 ἡ
959 3351 1103 3405 κατὰ
1138 3351 1260 3405 νοῦν
1292 3352 1418 3419 ἀξία
1460 3352 1714 3419 δέξασθαι
1743 3352 1832 3406 δύο

249 3462 445 3498 ναται.

326 3536 481 3604 Πρὸς
507 3533 710 3604 ταύτην
739 3533 796 3587 δέ
831 3551 899 3604 με
928 3534 1021 3588 τοῦ
1068 3534 1339 3606 παρόντος
1388 3535 1552 3605 ῥητοῦ
1605 3534 1705 3607 τὴν
1747 3533 1833 3588 ἔν-

248 3646 413 3682 νοιαν
438 3628 643 3699 ἤγαγεν
673 3628 701 3679 ὁ
740 3626 949 3698 Σωτὴρ,
982 3628 1341 3698 προστάσσων
1384 3627 1686 3698 διαρρήδην
1721 3630 1832 3691 τοῖς

258 3721 551 3790 μαθηταῖς
593 3718 799 3790 τροφῆς
846 3718 1109 3790 αἰσθητῆς
1142 3717 1422 3782 παντελῶς
1460 3720 1533 3789 μὴ
1563 3720 1831 3773 ποιεῖσθαι

248 3814 441 3881 λόγον,
487 3810 677 3872 εἰπὼν,
720 3808 815 3877 Μὴ
857 3807 1177 3878 μεριμνᾶτε
1223 3806 1299 3877 τῇ
1348 3807 1522 3878 ψυχῇ
1559 3808 1728 3877 ὑμῶν
1776 3809 1835 3863 τί

250 3907 513 3974 φάγητε,
552 3903 590 3972 ἣ
635 3902 693 3955 τί
724 3903 899 3969 πίητε
922 3917 935 3930 ·
978 3901 1130 3970 μήτε
1165 3901 1245 3967 τῷ
1282 3900 1509 3971 σώματι
1559 3902 1728 3970 ὑμῶν
1776 3903 1835 3955 τί

253 3994 675 4062 περιϐάλησθε
699 4007 714 4021 ⁸
763 3991 952 4046 ταῦτα
996 3996 1108 4060 γὰρ
1162 3993 1358 4046 πάντα
1408 3993 1481 4047 τὰ
1534 3995 1677 4062 ἔθνη
1726 3995 1834 4051 τοῦ

254 4088 501 4155 κόσμου
548 4082 935 4151 ἐπιζητοῦσιν
959 4099 974 4115 ⁶
1016 4082 1173 4137 ἀλλὰ
1204 4081 1421 4149 ζητεῖτε
1453 4082 1689 4151 πρῶτον
1719 4084 1835 4152 τὴν

251 4179 593 4247 ,ϐασιλείαν
614 4176 723 4229 τοῦ
753 4175 920 4240 Θεοῦ,
945 4175 1041 4228 καὶ
1068 4173 1183 4241 τὴν
1202 4174 1596 4243 δικαιοσύνην
1624 4176 1834 4241 αὑτοῦ,

254 4271 366 4326 καὶ
403 4271 591 4325 ταῦτα
644 4267 842 4321 πάντα
877 4266 1349 4336 προστεθήσεται
1391 4267 1552 4336 ὑμῖν.
1585 4267 1709 4330 Πῶς
1742 4264 1835 4321 οὖν

253 4364 507 4417 διδάσκει
549 4361 945 4433 προσεύχεσθαι
973 4401 987 4424 ,
1025 4363 1156 4431 περὶ
1191 4354 1267 4414 ὧν
1311 4359 1386 4432 μὴ
1421 4361 1602 4431 ζητεῖν
1635 4360 1836 4432 προλα-

257 4455 379 4509 ϐὼν
405 4456 712 4509 ἐνετείλατο
733 4473 747 4521 ;
778 4455 935 4525 δῆλον
961 4454 1069 4526 γὰρ
1097 4454 1178 4508 ὅτι
1204 4454 1292 4508 διὰ
1332 4454 1642 4525 προσευχῆς
1666 4456 1836 4508 αἰτεῖν

1930 3264 2259 3320 liberalius:
2294 3264 2382 3319 his
2412 3266 2653 3337 veroqui
2684 3269 2917 3334 minora,
2966 3270 3225 3339 parcius;
3277 3272 3500 3327 unicui-

1931 3372 2037 3427 que
2058 3365 2260 3423 tamen,
2288 3367 2554 3428 quantum
2576 3375 2679 3430 pro
2709 3359 2879 3414 animi
2934 3359 3200 3431 dignitate
3247 3363 3503 3433 accipere

1932 3447 2152 3503 sumcit.

2002 3541 2207 3595 Textus
2243 3540 2408 3612 hujus
2465 3542 2791 3598 sententiam
2839 3550 2904 3597 ut
2959 3543 3042 3599 sic
3080 3544 3389 3615 acciperem
3441 3561 3506 3601 ac

1931 3632 2553 3700 exponerem,Salvator
2580 3635 2819 3704 impulit,
2849 3633 2943 3703 qui
2998 3634 3206 3688 diserte
3265 3634 3508 3705 discnpu-

1931 3723 2226 3794 lisjubeat,
2252 3740 2322 3778 ne
2351 3725 2515 3779 ullam
2561 3741 2789 3795 prorsus
2817 3727 3086 3782 rationem
3112 3727 3348 3782 habeant
3389 3730 3507 3800 ejus
3558 3726 3566 3733 ’

1934 3820 2065 3885 cibi,
2091 3821 2185 3890 qui
2207 3836 2371 3875 sensu
2398 3822 2721 3892 percipitur,
2746 3822 2935 3878 dicens
2965 3864 2977 3876 .
3014 3823 3093 3878 Ne
3124 3823 3336 3878 solliciti
3393 3822 3506 3877 sitis

1935 3912 2126 3965 anima:
2150 3920 2335 3965 uestra:
2363 3913 2490 3983 quid
2510 3913 2857 3977 manducetis,
2893 3923 2985 3968 aut
3018 3915 3142 3985 quid
3173 3915 3395 3979 bibatis;
3418 3931 3511 3967 nc-

1933 4020 2034 4074 que
2062 4005 2268 4075 corpori
2299 4014 2465 4059 vestro
2486 4006 2611 4076 quid
2639 4007 2954 4061 induamini.
2989 4008 3113 4062 Haec
3140 4010 3279 4061 enim
3328 4008 3508 4061 omnia

1934 4091 2119 4144 mundi
2147 4101 2321 4161 gentes
2366 4093 2664 4162 inquirunt.
2697 4092 2800 4148 Sed
2872 4096 3088 4165 quaerite
3143 4095 3375 4165 primum
3428 4111 3512 4147 re-

1934 4197 2097 4251 gnum
2122 4181 2215 4235 Dei
2246 4191 2294 4234 et
2312 4183 2577 4252 justitiam
2611 4184 2744 4253 ejus,
2771 4191 2819 4237 et
2847 4185 2956 4238 haec
2983 4200 3159 4237 omnia
3184 4184 3525 4252 adjiciantur.

1930 4272 2076 4327 vobis
2110 4273 2176 4326 ³⁸.
2207 4272 2493 4339 Quomodo
2514 4276 2678 4346 igitur
2712 4276 2768 4329 in
2798 4274 3045 4329 oratione
3068 4273 3301 4343 petenda
3325 4273 3509 4340 docet,

1936 4381 2057 4435 qua:
2086 4381 2195 4419 non
2225 4366 2517 4436 quzerenda
2543 4368 2694 4440 prius
2723 4366 3114 4421 mandaverat?
3142 4365 3342 4434 Liquet
3362 4366 3509 4420 enim

1934 4455 2123 4510 verbis
2151 4457 2415 4511 orationis
2440 4472 2551 4511 non
2577 4458 2902 4527 praecepisse
2933 4455 3190 4526 petenda,
3243 4471 3367 4524 qua:
3412 4471 3511 4525 per

256 4549 323 4603 οὗ
384 4547 785 4619 προσέταττεν,
823 4549 965 4619 ἅπερ
1010 4547 1079 4600 δι’
1122 4546 1341 4616 ἐντολῆς
1373 4545 1555 4617 ζητεῖν
1592 4547 1654 4599 οὐ
1690 4564 1830 4618 παρ-

1941 4544 2253 4600 mandatum
2277 4547 2569 4616 quaerenda
2594 4562 2705 4600 non
2741 4545 3048 4600 admonuit.
3100 4544 3159 4598 Id
3212 4544 3361 4599 enim
3422 4560 3513 4600 so-

258 4640 450 4712 ῄνεσε.
486 4640 587 4694 Διὰ
634 4641 945 4712 προσευχῆς
973 4639 1083 4708 γὰρ
1115 4638 1277 4709 μόνον
1307 4638 1455 4691 ἐστὶν
1488 4639 1727 4710 αἰτητὺν,
1774 4638 1837 4692 τὸ

260 4734 388 4787 κατ’
418 4732 643 4803 ἐντολὴν
676 4730 927 4803 ζητητόν.
968 4731 1146 4802 Ὅπερ
1171 4727 1265 4784 οὖν
1303 4728 1485 4800 ζητεῖν
1510 4729 1579 4782 δι’
1616 4728 1837 4799 ἐντολῆς

260 4826 367 4879 οὐκ
421 4823 859 4893 ὲπετράπημεν,
917 4822 1005 4876 διὰ
1063 4823 1373 4892 προσευχῆς
1413 4822 1615 4887 αἰτεῖν,
1673 4820 1836 4892 τυχδν

262 4913 491 4984 θεμιτὸν
540 4915 600 4967 οὐ
651 4913 1010 4984 καθέστηκεν.
1070 4911 1134 4966 Εἰ
1183 4912 1240 4965 δὲ
1294 4912 1463 4984 μόνην
1501 4913 1686 4984 ζητεῖν
1736 4912 1835 4983 τὴν

262 5006 551 5075 βασιλείαν
579 5006 673 5060 τοῦ
699 5005 833 5059 Θεοῦ
860 5048 876 5072 ,
920 5006 1016 5059 καὶ
1048 5006 1146 5078 τὴν
1193 5006 1544 5075 δικαιοσύνην
1586 5006 1613 5057 6
1641 5005 1832 5076 Σωτὴρ

262 5096 573 5149 ἐνετείλατο
597 5113 612 5127 ο
652 5095 855 5167 ταύτην
884 5096 1109 5159 εἰκότως
1156 5095 1251 5149 καὶ
1296 5096 1382 5148 διὰ
1414 5094 1721 5166 προσευχῆς
1747 5096 1832 5147 αἰ-

263 5190 399 5254 τεῖν,
435 5188 565 5252 τοὺς
601 5187 708 5241 τῶν
751 5187 909 5241 θείων
948 5187 1271 5257 ἐφιεμένους
1303 5186 1491 5258 δώρων
1520 5187 1786 5256 ἐνήγαγεν
1809 5199 1825 5215 ·

336 5318 384 5351 ³⁵
408 5318 569 5375 Joan.
600 5334 673 5381 v1,
698 5319 787 5373 35.
863 5318 909 5350 ³⁸
937 5316 1128 5373 Matth.
1158 5332 1233 5382 v1,
1264 5315 1353 5372 25.
1378 5315 1468 5371 26.

342 5434 567 5510 (n)_1'ﬁc
595 5434 975 5510 θνητᾴτητος.
1000 5431 1179 5510 Yitam
1212 5429 1522 5510 mortalem,
1543 5444 1706 5510 quam
1732 5430 1832 5484 ho-

268 5502 379 5570 die,
406 5504 463 5559 id
498 5514 602 5567 est,
620 5518 718 5572 per
742 5502 846 5557 hoc
877 5502 1136 5556 saeculum
1170 5502 1617 5572 agimuspeccati
1644 5509 1794 5572 reatu
1816 5541 1830 5565 ,

271 5568 375 5630 τηε
410 5568 911 5652 οοοερίιᾘᾳκὶιηυε
941 5590 955 5625 :
988 5580 1043 5625 at
1067 5587 1151 5625 me
1203 5568 1336 5625 scite
1362 5569 1527 5652 (Σοί-ρ.
1556 5568 1835 5652 θεότητος

270 5640 971 5715 τεροςιιίιξηάάὶιίἰιιιυε,
1037 5651 1347 5711 prwsentem
1403 5640 1611 5693 deitatis
1653 5641 1835 5693 vitam.

262 5713 567 5764 Senuentia
618 5714 686 5764 ab
736 5713 829 5764 illa
855 5726 1009 5764 voce.
1037 5711 1175 5764 πλὴν
1206 5714 1233 5764 6
1275 5711 1364 5763 τὸν
1420 5710 1585 5764 ἄρτον
1628 5709 1835 5764 τοῦτον.

268 5713 567 5784 sequentia
618 5714 686 5768 ab
736 5713 829 5766 iila
855 5726 1009 5774 voce,
1037 5713 1175 5780 πλὴν
1206 5714 1233 5764 6
1275 5713 1364 5763 τὸν
1420 5713 1585 5778 ἄρτον
1628 5713 1837 5770 τοῦτον,

267 5798 450 5857 usque
492 5782 835 5849 addéiaoOa:
891 5780 1135 5848 δᾶναται,
1177 5798 1300 5852 qua:
1344 5780 1660 5835 desiderant
1704 5780 1838 5851 Reg.

1932 4636 2213 4692 lummodo
2237 4653 2337 4707 per
2383 4638 2695 4692 orationem
2742 4647 2992 4707 petamus
3047 4649 3228 4705 operae
3271 4636 3508 4704 pretium

1931 4738 2038 4794 est,
2069 4730 2226 4800 cujus
2286 4730 2568 4799 quaerendi
2621 4728 2829 4784 indicta
2890 4728 3148 4784 mandato
3214 4743 3346 4782 cura
3402 4738 3512 4789 est,

1934 4821 2090 4888 Quod
2118 4822 2287 4891 igitur
2319 4832 2708 4892 utquaeramus
2767 4821 3024 4876 mandato
3080 4821 3334 4877 hortatus
3392 4836 3508 4881 non

1933 4923 2037 4979 est,
2068 4913 2125 4968 id
2150 4913 2292 4969 forte
2322 4912 2507 4968 verbis
2531 4911 2799 4967 orationis
2850 4922 2910 4967 ut
2956 4923 3208 4984 petamus
3262 4912 3351 4966 fas
3394 4928 3513 4967 non

1938 5010 2042 5059 est.
2071 5003 2167 5058 Sin
2189 5012 2370 5059 autem
2404 5004 2578 5058 solum
2607 5019 2840 5074 regnum
2866 5003 2963 5057 Dei
3014 5013 3070 5057 et
3096 5002 3366 5072 justitiam
3392 5002 3521 5072 ejus.

1937 5095 2228 5165 quaerenda
2255 5095 2503 5150 Salvator
2529 5095 2711 5166 jussit,
2748 5094 2816 5150 ad
2872 5094 2989 5149 haec
3032 5093 3233 5148 merito
3282 5107 3516 5161 quoquo

1934 5202 2036 5242 ηει-
2066 5186 2372 5241 orationem
2404 5186 2659 5251 petenda,
2691 5200 2806 5249 eos,
2845 5184 2939 5257 qui
2982 5183 3301 5238 divinorum
3332 5183 3519 5238 dono-

1926 5430 2063 5485 Ven.
2110 5430 2227 5495 Fr.,
2259 5445 2326 5485 ex
2351 5439 2541 5485 catena
2570 5437 2926 5487 mutuamur:
2955 5443 3059 5483 nec
3087 5438 3227 5483 torte
3255 5431 3366 5484 sint
3394 5429 3515 5486 Ma»

1930 5501 2063 5554 ximi
2091 5506 2296 5563 textus,
2350 5501 2446 5554 sed
2483 5500 2567 5554 vel
2619 5500 2847 5554 alterius
2895 5498 3153 5569 auctoris,
3194 5501 3279 5554 vel
3336 5500 3519 5569 ipsius

1931 5570 2148 5641 Maximi
2187 5572 2445 5625 usitatum
2507 5570 2777 5641 scholium
2808 5611 2830 5641 ,_
2869 5584 2980 5641 quo
3033 5570 3295 5641 spiritalis
3342 5570 3511 5641 hujus

1933 5640 2094 5721 panis
2139 5641 2460 5721 qualitatem
2490 5640 2771 5721 exponit,
2819 5638 2876 5692 id
2910 5648 3014 5721 est:
3048 5638 3275 5702 Christi,
3302 5640 3397 5721 qui
3419 5638 3506 5721 'se

1937 5707 2053 5777 ipse
2089 5707 2435 5765 suinentibus
2490 5707 2768 5777 indulgeat
2806 5724 2907 5777 pro
2950 5708 3173 5767 illorum
3218 5707 3417 5767 merito
3447 5718 3513 5768 et

1979 5780 2070 5861 de,
2099 5796 2196 5836 seu
2220 5780 2465 5852 subjecta
2495 5777 2878 5849 dispositione.
