4082 6426
675 364 784 427 899

1841 364 1900 422 S.
1940 361 2227 422 MAXIMI
2266 358 2771 421 CONFESSORIS
3794 364 3882 431 ιοο

667 488 789 526 rum
818 470 1093 528 desiderio
1145 480 1459 535 teneantur,
1518 471 1781 536 induxit;
1826 487 1937 541 quo
1979 471 2237 526 nimirum

2348 469 2436 523 ἴνα
2474 470 2585 522 τῶν
2624 470 2785 539 φύσει
2830 467 3084 540 ζητητῶν
3117 467 3207 521 διὰ
3265 468 3575 537 προσευχῆς
3615 469 3710 540 τὴν
3744 473 3877 544 χάριν

665 580 857 618 eorum
875 580 997 634 qua:
1026 564 1293 617 orationis
1327 562 1591 617 instantia
1620 572 1818 616 natura
1851 564 2087 632 petenda
2108 571 2240 617 sunt

666 656 897 725 gratiam
922 656 1195 718 sanciens,
1219 654 1528 723 petentium
1569 655 1836 717 animum,
1881 655 2053 724 ipsius
2100 669 2241 723 prae-

666 745 850 800 bentis
890 745 1095 799 donum
1135 744 1408 799 voluntati
1468 745 1710 814 copulet,
1759 744 1991 800 allectus
2029 745 2238 801 unione

665 850 837 888 unum
864 849 989 888 cum
1018 835 1138 903 ipso
1164 833 1445 889 eﬂ‘ectum.

744 926 842 982 Sin
866 935 1049 982 autem
1075 927 1243 980 etiam
1274 942 1473 996 panem
1505 927 1915 997 quotidianum,
1954 944 2066 997 quo
2100 944 2241 999 prae-

663 1032 791 1072 sens
819 1016 932 1071 vita
973 1024 1163 1071 nostra
1219 1025 1563 1072 sustentatur
1608 1034 1671 1073 ac
1709 1026 2096 1080 conservatur,
2142 1032 2242 1087 per

662 1108 966 1162 orationem
988 1116 1178 1177 petere
1207 1108 1489 1179 jubemur,
1525 1124 1595 1164 ne
1648 1109 1916 1164 orationis
1974 1109 2242 1163 terminos

660 1196 824 1267 360
852 1198 1248 1265 transiliamus,
1272 1201 1475 1254 multas
1502 1200 1666 1255 nobis
1724 1216 1997 1255 annorum
2051 1200 2239 1270 perio-

661 1288 761 1343 dos
788 1305 951 1343 avaro
978 1289 1164 1345 animo
1194 1300 1589 1360 proponentes,
1646 1307 1710 1346 ac
1764 1292 1921 1345 obliti
1973 1305 2077 1345 nos
2117 1304 2240 1344 esse

662 1381 947 1445 mortales,
978 1382 1208 1450 ejusque
1234 1382 1455 1452 generis
1481 1382 1594 1436 vita
1631 1382 1915 1452 praeditos,
1946 1396 2069 1451 qua:
2118 1395 2242 1434 um-

660 1468 773 1524 bra:
800 1470 973 1525 instar
1000 1480 1270 1536 transeat;
1299 1471 1394 1525 sed
1420 1488 1617 1541 panem
1662 1472 1757 1541 qui
1786 1472 1841 1525 in
1893 1472 2040 1525 diem
2090 1468 2242 1525 διισί-

662 1560 773 1616 ciat
805 1562 956 1615 nulla
979 1563 1353 1617 sollicitudine
1378 1563 1588 1618 orando
1612 1563 1962 1634 “agitemus;
1995 1563 2241 1631 talesque

661 1669 765 1707 nos
799 1670 867 1709 ex
920 1654 1249 1710 Christianae
1292 1654 1661 1725 pbiIOSOphiae
1718 1670 1915 1708 norma
1968 1653 2241 1708 exhibea-

662 1763 807 1811 mus,
870 1749 947 1818 jui
994 1749 1162 1803 vitam
1209 1750 1403 1804 mortis
1461 1749 1878 1804 meditationem
1945 1747 2235 1813 faciamus,

660 1840 843 1894 animo
870 1840 1177 1910 mentisque
1232 1841 1505 1896 sententia
1564 1849 1901 1910 occupantes
1947 1848 2236 1903 naturam;
2264 1810 2315 1870 Β

658 1946 725 1986 ac
754 1932 1072 2001 priusquam
1105 1946 1253 1985 mors
1286 1932 1561 1994 adveniat,
1600 1946 1631 1985 a
1658 1932 1806 1985 curis
1855 1929 2241 1998 corporalibus

659 2022 903 2076 animum
932 2022 1334 2086 abscindentes,
1358 2039 1427 2076 ne
1457 2023 1545 2075 ille
1577 2022 1744 2075 rebus
1791 2036 1911 2090 qua:
1964 2021 2241 2075 intereunt

658 2112 1006 2176 inhzerescat,
1044 2112 1311 2168 naturalis
1340 2127 1500 2167 usum
1533 2111 1853 2181 cupiditatis
1890 2120 2238 2165 terrenarum

657 2203 936 2258 desiderio
1012 2212 1393 2267 commutans;
1454 2202 1851 2270 avaritiamque
1916 2198 2236 2262 condiscat,

658 2311 767 2366 qua
816 2295 1128 2350 divinorum
1158 2295 1316 2349 nobis
1340 2295 1609 2349 bonorum
1645 2292 1922 2347 allluentia
1962 2291 2236 2346 dematur.

731 2400 1027 2469 Fugiamus
1083 2414 1235 2468 ergo,
1295 2409 1498 2467 quanta
1545 2397 1704 2451 nobis
1758 2396 2006 2459 facultas,
2054 2408 2238 2449 rerum

661 2499 1010 2547 terrenarum
1037 2506 1303 2551 amorem,
1330 2504 1630 2556 earumque
1665 2488 2053 2557 procliviorem
2106 2485 2239 2540 alle-

659 2591 810 2636 ctum
835 2582 1008 2634 instar
1042 2579 1287 2649 pulveris
1312 2579 1381 2632 ab
1402 2578 1571 2631 animi
1611 2580 1787 2633 oculis
1814 2579 2193 2647 abstergamus
2218 2593 2233 2642 ;

658 2680 825 2741 atque
848 2672 916 2726 iis
936 2670 1066 2726 solis
1090 2670 1334 2727 contenti
1362 2670 1556 2733 simus,
1588 2685 1709 2739 quae
1746 2678 2075 2739 praesentem
2103 2684 2233 2723 sus-

663 2770 881 2818 tentant
929 2762 1120 2824 vitam,
1153 2776 1261 2815 non
1285 2760 1490 2830 quibus
1544 2761 1634 2814 illa
1667 2761 1735 2815 ad
1770 2761 2043 2815 luxuriam
2090 2759 2237 2814 dele—

658 2862 873 2919 etatur;
896 2868 997 2923 pro
1013 2852 1306 2924 ejusmodi,
1334 2854 1409 2907 ita
1429 2862 1485 2907 ut
1512 2852 1659 2907 docti
1685 2869 1895 2915 sumus,
1915 2853 2085 2908 Deum
2115 2868 2237 2909 ore-

658 2960 802 3007 mus,
834 2958 943 3012 quo
976 2943 1210 2996 liberum
1238 2944 1433 3012 suique
1455 2944 1681 2997 omnino
1711 2944 1871 3013 juris,
1906 2944 2040 2998 nulli
2078 2959 2236 3014 pror-

658 3053 754 3093 sus
783 3039 861 3091 rei
900 3036 1227 3106 aspectabili
1257 3037 1504 3106 corporis
1531 3036 1837 3091 sollicitiori
1865 3052 1996 3091 cura
2039 3036 2232 3091 devin-

658 3138 808 3184 ctum
835 3144 898 3183 ac
926 3128 1318 3196 mancipatum,
1344 3128 1590 3183 animum
1638 3143 1861 3183 servare
1905 3127 2179 3198 possimus
2213 3146 2230 3183 :
2257 3149 2300 3208 (ς

656 3220 1067 3290 prodamurque
1094 3235 1163 3273 eo
1192 3219 1361 3274 edere
1387 3228 1447 3274 ut
1472 3218 1742 3281 vivamus,
1770 3234 1882 3273 non
1906 3226 1969 3272 ut
2001 3217 2233 3274 edamus

655 3310 840 3364 vivere
870 3324 1163 3379 arguamur
1198 3325 1212 3361 :
1245 3308 1479 3365 alterum
1504 3324 1741 3377 namque
1762 3310 1884 3379 ejus
1914 3316 2128 3363 naturae
2149 3315 2236 3362 est

655 3410 821 3472 atque
845 3402 949 3463 vis,
970 3416 1093 3469 qua:
1122 3400 1335 3455 ratione
1358 3400 1600 3471 regitur;
1624 3401 1861 3454 alterum
1882 3400 2002 3471 ejus
2022 3398 2235 3469 perspi-

656 3512 759 3552 cue
784 3494 1069 3565 proprium
1090 3502 1195 3559 est,
1215 3509 1337 3563 qua:
1356 3492 1569 3546 nullum
1589 3488 1818 3545 rationis
1845 3495 2103 3560 agnoscat
2134 3488 2237 3542 im-

656 3587 890 3659 perium.
906 3587 1196 3656 Simusquc
1212 3584 1480 3639 orationis
1496 3583 1785 3654 diligentes
1803 3581 2081 3645 custodes,
2102 3580 2235 3650 ipsis

586 3688 591 3691 '
656 3680 954 3750 prodentes
969 3680 1249 3749 operibus,
1268 3692 1434 3731 unam
1458 3692 1560 3730 nos
1577 3692 1643 3731 ac
1664 3676 1833 3730 solam
1862 3674 2237 3729 tenaciusam-

659 3771 822 3840 plecti
844 3771 1032 3834 vitam,
1084 3784 1204 3839 quae
1248 3768 1547 3838 in.spiritu
1576 3767 1792 3837 agitur;
1838 3766 2051 3836 hacque
2094 3765 2235 3820 adeo

657 3862 793 3933 (vita
832 3862 1062 3931 scilicet)
1093 3861 1305 3930 aevique
1332 3861 1518 3932 hujus,
1546 3858 1652 3922 uti,
1680 3867 1744 3914 ut
1779 3858 1927 3913 illam
1950 3874 2236 3928 compare-

656 3968 817 4017 mus;
840 3954 1000 4023 cujus
1022 3952 1215 4022 gratia,
1244 3951 1394 4005 illius
1429 3951 1699 4005 hactenus
1729 3950 2054 4004 adamamus
2102 3965 2235 4004 usu-

656 4059 796 4107 ram,
829 4052 889 4097 ut
911 4043 1029 4098 solo
1053 4058 1173 4097 eam
1198 4057 1337 4113 pane
1369 4052 1679 4098 sustentare
1725 4056 1838 4095 non
1887 4054 2228 4105 recusemus,

654 4139 713 4184 et
742 4139 802 4185 ut
827 4130 1001 4200 ipsius
1036 4130 1261 4186 illazsam
1305 4131 1701 4193 valetudinem,
1752 4138 2018 4199 quantum
2068 4130 2234 4185 licue-

655 4222 730 4275 rit
750 4237 1063 4287 servemus;
1084 4238 1193 4275 non
1231 4231 1290 4276 ut
1310 4222 1579 4286 vivamus,
1603 4221 1698 4277 sed
1730 4232 1790 4275 ut
1813 4223 1925 4277 Deo
1945 4222 2229 4288 vivamus;

653 4331 857 4384 corpus
877 4315 1163 4379 nimirum,
1199 4315 1422 4370 virtutis
1462 4315 1637 4385 probe
1662 4314 1970 4370 rationibus
2006 4313 2229 4369 institu-

656 4420 793 4473 tum,
827 4409 1021 4463 animae
1048 4409 1306 4463 nuntium
1359 4408 1686 4475 eﬂieientes;
1723 4408 2072 4477 animamque
2130 4408 2232 4463 ho-

2340 559 2692 631 ὲπικυρώσας
2714 599 2731 623 ,
2765 560 2865 630 τὴν
2897 559 3006 612 τῶν
3050 558 3346 613 αἰτούντων
3388 558 3649 630 γνώμην,
3690 561 3761 631 τῷ
3799 566 3878 617 τοῦ

2342 652 2720 722 παρεχομένου
2741 651 2841 721 τὴν
2855 653 3016 724 χάριν
3038 652 3250 724 συνάψῃ
3271 650 3557 725 θελήματι,
3577 652 3642 707 δι’
3667 655 3878 720 ινὼσεως

2342 743 2604 815 σχετικῆς
2631 744 2802 798 ταυτδ
2832 744 3186 816 ποιουμένην.

2409 920 2475 973 El
2520 918 2581 973 δὲ
2632 918 2730 973 καὶ
2778 918 2869 972 τὸν
2921 918 3202 989 ἐφήμερον
3235 919 3310 990 (ο)
3366 920 3557 989 ἄρτον,
3597 917 3641 990 ᾧ
3670 940 3883 994 συγκρα-

2340 1010 2553 1065 τεῖσθαι
2606 1011 2851 1080 πέφυκεν
2893 1010 3115 1082 ἡμῶνὴ
3158 1011 3409 1080 παροῦσα
3449 1013 3585 1084 ζωὴ,
3617 1014 3699 1069 διά
3740 1034 3881 1088 προσ.

2342 1101 2508 1171 ευχῆς
2533 1104 2705 1157 αίτεῖν
2735 1101 3091 1172 κελευόμεθα,
3118 1102 3193 1173 μὴ
3214 1103 3579 1174 παρέλθωμεν
3603 1107 3720 1169 τοὺς
3744 1109 3877 1178 ὄρους

2341 1192 2444 1260 τῆς
2474 1193 2821 1263 προσευχῆς,
2874 1192 3075 1256 πολλὰς
3107 1193 3245 1246 ὲτῶν
3291 1194 3575 1265 περιόδους
3610 1196 3880 1254 πλεονεκτι-

2342 1283 2457 1345 κῶς
2491 1282 2975 1354 περισκοποῦντες,
3000 1283 3093 1337 καὶ
3118 1283 3371 1355 λάθωμεν
3397 1285 3552 1349 ὄντες
3584 1286 3774 1359 θνητοὶ,
3804 1295 3883 1345 καὶ

2343 1376 2502 1438 σκιᾶς
2539 1375 2695 1445 δίκην
2741 1375 2844 1446 τὴν
2878 1376 3023 1447 ζωὴν
3056 1377 3469 1445 παροδεύουσαν
3493 1378 3702 1448 ἔχοντες
3726 1398 3740 1413 ·
3767 1382 3883 1435 ἀλλᾶ

2341 1466 2434 1520 τὸν
2460 1467 2595 1535 πρὸς
2626 1467 2844 1539 ἡμέραν
2877 1468 3328 1541 ἀπεριμερίμνως
3356 1469 3447 1524 διὰ
3481 1471 3583 1541 τῆς
3613 1479 3883 1546 προσευχῆς

2341 1559 2656 1629 αίτήσωμεν
2690 1560 2855 1631 ἄρτον
2874 1576 2889 1591 ο
2913 1563 3007 1615 κα)⁸
3027 1562 3293 1632 δείξωμεν
3326 1563 3413 1615 ὅτι
3442 1563 3739 1634 φιλοσόφως
3764 1566 3883 1621 κατὰ

2342 1653 2579 1724 Χριστὸν
2616 1653 2849 1726 μελέτην
2879 1654 3113 1709 θανάτου
3160 1655 3251 1708 τὸν
3303 1655 3421 1725 βίον
3465 1656 3785 1727 ποιούμεθα,
3824 1665 3881 1730 τῇ

2342 1744 2538 1819 γνώμῃ
2566 1745 2862 1814 φθάνοντες
2888 1746 2990 1819 τὴν
3014 1747 3198 1817 φύσιν,
3233 1747 3331 1800 καὶ
3359 1750 3495 1819 πρὶν
3524 1749 3791 1821 ἐπιστῆναι
3809 1751 3883 1804 τὸν

2345 1834 2576 1890 θάνατον
2595 1876 2611 1903 ,
2654 1837 2756 1908 τῆς
2786 1838 2897 1891 τῶν
2942 1839 3271 1909 σωματικῶν
3315 1840 3590 1912 μερίμνης
3617 1841 3712 1913 τὴν
3732 1843 3883 1913 buxi-3v

2342 1927 2747 1998 ἀποτέμνοντες
2772 1945 2786 1958 ’
2823 1929 2913 1983 ἴνα
2959 1929 3035 2000 μὴ
3083 1930 3414 2002 προσηλωθῇ
3460 1935 3576 1993 τοῖς
3627 1933 3881 2004 φθειρομέ-

2341 2038 2475 2084 νοις,
2502 2021 2787 2091 ἀμείψασα
2821 2022 2958 2093 πρδς
2988 2022 3085 2094 τὴν
3124 2021 3257 2094 ὓλην
3289 2024 3390 2095 τὴν
3426 2025 3624 2096 χρῆσιν
3651 2028 3741 2097 τῆς
3765 2029 3879 2082 κατά

2342 2112 2506 2181 φύσιν
2540 2114 2804 2183 ἐφέσεως,
2835 2114 2932 2169 καὶ
2982 2115 3128 2186 μάθῃ
3160 2116 3479 2185 πλεονεξίαν
3499 2118 3601 2189 τῆς
3624 2119 3724 2173 τῶν
3747 2119 3878 2174 θείων

2341 2203 2565 2273 ἀγαθῶν
2592 2206 2911 2277 περιουσίας
2955 2210 3304 2281 στερητικήν.

2410 2382 2679 2453 Φύγωμεν
2702 2378 2816 2445 οὖν,
2854 2382 2954 2453 ὅση
2987 2381 3239 2453 δύναμις,
3264 2384 3368 2455 τὴν
3410 2385 3593 2455 φιλίαν
3629 2387 3721 2457 τῆς
3746 2386 3871 2457 ὕλης,

2343 2474 2440 2529 καὶ
2460 2473 2560 2546 τὴν
2589 2472 2762 2543 αὐτῆς
2788 2475 2973 2544 σχέσιν
2999 2474 3249 2548 καθάπερ
3273 2479 3555 2549 κονιορτὸν
3577 2479 3682 2532 τῶν
3705 2478 3872 2549 νοερῶν

2338 2566 2606 2637 ὀμμάτων
2656 2565 3091 2638 ἀπονιψὼμεθα’
3158 2568 3257 2622 καὶ
3318 2570 3506 2639 μόνοις
3558 2571 3870 2642 ἀρκεσθῶμεν

2338 2661 2453 2722 τοῖς
2480 2658 2825 2724 συνιστῶσιν,
2870 2660 3005 2714 ἀλλά
3036 2660 3113 2732 μὴ
3139 2663 3256 2725 τοῖς
3300 2661 3588 2733 ήδόνουσιν
3626 2663 3767 2734 ἡμῶν
3790 2663 3868 2735 τὴν

2339 2747 2618 2817 παροῦσαν
2648 2745 2827 2820 ζωήνο
2870 2751 2966 2802 καὶ
3001 2750 3143 2822 ὑπὲρ
3180 2753 3364 2806 αὐτῶν
3395 2754 3490 2807 τὸν
3513 2754 3662 2820 Θεὸν,
3693 2754 3760 2817 ὡς
3782 2755 3867 2807 ἐδι-

2336 2839 2649 2911 δάχθημεν,
2702 2842 3065 2915 ἀξιώσωμεν,
3118 2845 3209 2900 ἵνα
3257 2846 3579 2920 δυνηθῶμεν
3610 2849 3864 2904 ἀδούλωτον

2338 2930 2570 2998 φυλάξαι
2602 2932 2699 3004 τὴν
2745 2934 2927 3005 ψυχὴν
2950 2975 2966 3001 ,
3015 2937 3208 3009 μηδενὶ
3238 2938 3350 2992 τῶν
3398 2942 3686 3012 ὁρωμένων
3712 2942 3786 2995 διὰ
3816 2941 3865 2994 τὸ

2338 3023 2498 3094 σῶμα
2537 3026 2817 3089 παντελῶς
2847 3030 3259 3102 κρατουμένην·
3310 3034 3411 3085 καὶ
3461 3034 3553 3087 τοῦ
3581 3034 3675 3105 ζῇν
3714 3036 3864 3087 ἕνεκεν

2336 3118 2638 3190 ὴιχθῶμεν
2674 3120 2983 3189 ἐσθίοντες,
3036 3124 3175 3179 ἀλλά
3218 3126 3293 3196 μὴ
3351 3126 3452 3181 τοῦ
3498 3127 3689 3181 ἐσθίειν
3736 3128 3863 3199 χάριν

2338 3209 2544 3275 ζῶντες
2573 3211 2941 3285 ἐλεγχθῶμεν.
2980 3213 3054 3269 Tb
3091 3216 3190 3287 μὲν
3218 3216 3329 3290 γάρ
3354 3219 3605 3291 λογικῆς,
3629 3220 3687 3274 τὸ
3715 3220 3763 3273 δὲ
3786 3220 3862 3289 τῆς

2338 3301 2537 3370 ἀλόγου
2569 3304 2759 3372 σαφῶς
2792 3304 2922 3359 ίδιον
2970 3308 3277 3381 καθέστηκε
3318 3310 3557 3379 φύσεως.
3598 3313 3700 3365 Καὶ
3724 3311 3861 3380 φύλα-

2338 3408 2432 3454 κες
2477 3387 2630 3462 ὦμεν
2669 3394 2769 3465 τῆς
2804 3400 3114 3469 προσευχῆς
3150 3400 3403 3470 ἀκριϐεῖς
3426 3443 3441 3467 ,
3478 3404 3546 3457 δι’
3573 3403 3737 3457 αὐτῶν
3772 3404 3859 3456 δει·

2336 3485 2599 3554 κνύμενοι
2618 3486 2731 3540 τῶν
2757 3490 3122 3560 πραγμάτων,
3152 3493 3234 3546 ὅτι
3266 3496 3401 3564 μιᾶς
3426 3497 3521 3550 καὶ
3545 3497 3701 3568 μόνης
3726 3495 3859 3564 ἀπρὶξ

2335 3576 2674 3648 ἀντεχόμεθα
2701 3578 2805 3650 τῆς
2849 3583 2908 3635 ὲν
2951 3584 3226 3654 πνεύματι
3271 3588 3461 3658 ζωῆς,
3512 3590 3603 3643 καὶ
3639 3590 3757 3661 πρὸς
3783 3588 3857 3657 τὴν

2335 3667 2506 3740 αὐτὴν
2536 3670 2732 3741 κτῆσιν
2757 3673 2857 3742 τῆς
2897 3675 3181 3747 παρούσης
3212 3676 3419 3749 [marg.
3463 3679 3605 3750 ζωῆς
3625 3677 3856 3750 δηλονότι]

2334 3759 2434 3831 τὴν
2470 3762 2666 3833 χρῆσιν
2695 3764 3002 3837 ποιούμεθα
3026 3782 3039 3795 ⁸
3073 3768 3143 3821 δι’
3184 3769 3253 3840 ῆν
3280 3771 3538 3826 τοσοῦτον
3578 3772 3670 3843 τὴν
3693 3772 3856 3840 ταύτης

2337 3851 2638 3923 στέργομεν
2680 3857 2896 3926 χρῆσιν,
2941 3859 3067 3913 δσον
3102 3861 3254 3933 ἄρτῳ
3282 3864 3490 3936 ταύτην
3525 3866 3663 3935 μόνῳ
3701 3865 3855 3933 στηρίδ

2334 3940 2451 4005 ζειν
2508 3943 2583 4016 μὴ
2643 3949 3073 4019 παραιτεῖσθαι,
3125 3954 3224 4007 καὶ
3285 3954 3385 4026 τὴν
3433 3956 3602 4026 αὐτῆς
3661 3954 3854 4025 φυσικὴν

2333 4032 2545 4098 εὐεξίαν
2596 4036 2886 4103 φυλάττειν
2938 4041 3064 4095 ὅσον
3113 4043 3175 4096 τὸ
3221 4045 3309 4115 ἐφ’
3362 4048 3497 4118 ημῖν
3546 4046 3850 4117 ἀδιάφθορον·

2332 4126 2433 4196 όὺχ
2461 4127 2548 4181 ἴνα
2592 4128 2775 4199 ζῶμεν
2794 4171 2810 4196 ,
2851 4130 2968 4185 ἀλλ’
2995 4134 3083 4188 ἵνα
3118 4135 3239 4207 Θεῷ
3271 4137 3458 4210 ζῶμεν
3480 4155 3496 4171 ·
3528 4141 3694 4211 ψυχῆς
3717 4140 3848 4204 ἄγγει

2332 4215 2423 4271 λον
2447 4218 2509 4272 τὸ
2535 4219 2697 4290 σῶμα
2719 4222 3089 4289 καθιστῶντες
3110 4225 3496 4300 λελογισμένον
3517 4234 3632 4295 ταῖς
3651 4230 3846 4301 ἀρεταῖς,

2333 4308 2426 4361 καὶ
2451 4308 2655 4381 ταύτην
2675 4312 2811 4365 Θεοῦ
2841 4314 3063 4385 κήρυκα
3092 4318 3375 4384 ποιοῦντες
3401 4324 3467 4393 τῇ
3497 4323 3620 4392 περὶ
3644 4321 3700 4375 τὸ
3722 4319 3849 4373 καλὸν

2333 4404 2622 4474 παγιότητι
2666 4407 3093 4479 πεποιωμένηνο
3129 4410 3224 4464 καὶ
3268 4412 3460 4467 τοῦτον
3507 4416 3602 4485 μιᾷ
3647 4410 3847 4483 φυσικῶς

654 4502 796 4555 nesti
830 4501 1137 4556 constantia
1167 4501 1453 4565 imbutam,
1480 4500 1576 4556 Dei
1610 4516 1917 4570 praeconem
1962 4510 2227 4570 praestan-

2341 4495 2515 4567 ἡμέρᾳ
2570 4497 2973 4569 περικλείοντες
3014 4500 3106 4553 τὸν
3149 4501 3354 4573 ἀρτονο
3408 4483 3545 4576 ὑπὲρ
3578 4483 3741 4558 αὐτοῦ
3784 4502 3841 4573 μὴ

656 4598 780 4644 tes:
808 4598 972 4658 atque
1005 4590 1153 4643 hunc
1188 4590 1353 4644 unico
1381 4589 1471 4644 die
1499 4605 1701 4659 panem
1750 4598 1949 4644 natura
2006 4590 2230 4645 conclu-

655 4679 887 4744 dentes;
916 4681 1057 4750 ejus,
1097 4681 1191 4750 qui
1220 4681 1528 4735 orationem
1578 4680 1806 4735 tradidit
1856 4681 2070 4751 pudore
2128 4681 2229 4737 de-

657 4768 856 4831 territi,
882 4784 950 4822 ne
986 4769 1041 4822 in
1067 4770 1299 4823 alterum
1332 4770 1475 4824 diem
1522 4770 1980 4840 supplicationem
2039 4778 2231 4826 exten-

653 4860 867 4914 damus.
896 4860 988 4915 Sic
1011 4861 1157 4915 enim
1176 4861 1381 4930 reipsa,
1418 4878 1519 4931 pro
1545 4878 1612 4917 eo
1632 4878 1697 4917 ac
1735 4862 2006 4917 orationis
2050 4862 2229 4917 virtus

653 4950 824 5021 exigit
868 4967 968 5006 nos
1022 4952 1169 5021 ipsos
1232 4953 1610 5022 disponendo,
1673 4954 1741 5009 ad
1766 4954 2006 5023 reliquas
2060 4954 2229 5008 etiam

653 5044 801 5098 clare
842 5045 1148 5099 sententias
1223 5045 1413 5099 licebit
1449 5046 1771 5115 procedere,
1832 5055 1893 5099 ut
1923 5044 2175 5100 dicamus
2210 5063 2223 5099 :

722 5134 879 5205 361
919 5135 987 5189 Et
1020 5136 1222 5191 dimitte
1256 5136 1397 5189 nobis
1431 5137 1604 5191 debita
1640 5145 1855 5203 nostra,
1884 5137 2016 5191 sicut
2049 5144 2099 5189 et
2132 5152 2226 5191 nos

654 5227 960 5282 dimittimus
992 5229 1304 5282 debitoribus
1333 5230 1546 5283 nostris.

722 5319 824 5385 Qui
868 5320 1019 5389 juxta
1063 5320 1301 5390 priorem
1345 5320 1643 5390 superioris
1682 5319 1969 5375 sententiae
2001 5334 2222 5375 sensum

2327 4588 2635 4659 τολμῶντες
2680 4591 2761 4654 είς
2797 4590 3056 4662 δευτέραν
3088 4593 3303 4664 ἡμέραν
3326 4596 3418 4649 διὰ
3448 4598 3535 4652 τὸν
3570 4598 3747 4666 δοτῆρα
3764 4594 3841 4663 τῆς

2330 4682 2641 4753 προσευχῆς
2692 4683 3003 4737 ἐπεκτεῖναι
3052 4686 3154 4757 τὴν
3199 4685 3406 4758 δέησιν.
3468 4688 3617 4742 Οὕτω
3664 4687 3754 4757 γάρ
3792 4683 3841 4737 ἂν

2332 4772 2733 4844 πραγματικῶς
2783 4774 2929 4829 κατά
2982 4776 3081 4847 τὴν
3140 4776 3368 4848 δύναμιν
3423 4780 3524 4849 τῆς
3584 4774 3840 4850 προσευχῆς

2330 4866 2556 4929 ἑαυτοὺς
2584 4866 2882 4931 διαθέντες,
2901 4868 3263 4941 δυνηθείημεν
3292 4872 3388 4925 καὶ
3415 4875 3529 4935 τοῖς
3555 4868 3839 4941 λειπομένας

2331 4957 2583 5030 καθαρῶς
2611 4958 2914 5031 προσὸῆναι
2944 4961 3149 5031 ῥητοῖς,
3181 4961 3510 5030 φάσκοντες’

2400 5132 2511 5188 Kal
2547 5132 2697 5202 ἇςρες
2733 5132 2877 5203 ἡμῖν
2921 5134 2995 5188 τὰ
3022 5133 3395 5206 ὀφειλήματα
3426 5136 3614 5207 ἡμῶν,
3656 5134 3725 5198 ὡς
3762 5126 3837 5183 καί

2330 5224 2503 5295 ἡμεῖς
2529 5224 2779 5293 ἀφίεμεν
2807 5222 2932 5290 τοῖς
2961 5223 3295 5294 ὀφειλέταις
3322 5225 3509 5295 ἡμῶν.

2412 5315 2471 5371 '0
2497 5316 2641 5370 κατὰ
2670 5314 2769 5387 τὴν
2814 5315 3047 5388 πρώτην
3086 5317 3189 5388 τῆς
3214 5318 3307 5371 τοῦ
3339 5318 3679 5391 προλαϐόντος
3701 5305 3831 5383 ῥητοῦ

726 5493 796 5565 (ο)
828 5496 935 5548 Καὶ
970 5496 1075 5549 τὸν
1116 5495 1433 5566 ἐφήμερον.
1495 5496 1680 5552 Altera
1711 5496 2002 5566 expositio,
2039 5504 2100 5551 ut
2151 5497 2222 5552 sit

2341 5495 2530 5565 iugiter
2554 5494 2905 5568 meditemur.
2934 5496 3054 5552 Cat.
3102 5498 3364 5553 mendose
3398 5484 3830 5568 adjecta__negali"

654 5566 821 5618 etiam
868 5568 1061 5634 petilio
1108 5570 1286 5636 panis,
1316 5582 1423 5636 quo
1472 5577 1812 5623 sustentatur
1859 5568 2221 5636 corporaliter

650 5635 759 5707 vita
796 5638 1075 5703 mortalis;
1106 5635 1198 5691 sed
1226 5638 1299 5691 ita
1331 5635 1614 5701 duntaxat,
1648 5649 1705 5691 ut
1735 5637 1803 5691 sit
1841 5635 2221 5707 quotidianus;

655 5705 707 5757 id
732 5714 850 5779 est,
880 5715 1073 5779 utnos
1088 5723 1206 5779 non;
1221 5708 1399 5779 trahat
1416 5708 1471 5762 in
1493 5710 1651 5778 longa
1676 5705 2217 5779 temperaejuscura,

650 5773 745 5828 sed
771 5776 1018 5844 quotidie
1044 5777 1137 5833 illo
1158 5777 1321 5834 obvio
1354 5773 1818 5844 contentisimus,
1859 5773 2217 5848 qui'mortem

2328 5562 2550 5637 sensum
2583 5566 2803 5634 penitus
2833 5566 3086 5628 destruit,
3128 5584 3191 5623 ac
3214 5570 3368 5637 quasi
3418 5562 3827 5637 négetqlllaxitnp-‘v

2328 5636 2494 5712 etiam
2518 5628 2645 5712 eum
2676 5650 2894 5712 panem,
2925 5652 2988 5690 ea
3007 5628 3377 5712 moderatione
3407 5651 3461 5692 ct
3489 5628 3822 5712 philosophia

2329 5708 2388 5831 iri;
2413 5706 2663 5832 oriatione
2677 5702 2992 5778 petendum
3018 5725 3031 5761 :
3058 5710 3204 5777 quod
3236 5724 3396 5764 nemo
3425 5702 3582 5763 sanus
3607 5702 3746 5758 dicat.
3775 5702 3823 5744 3'-

2328 5785 2351 5830 t
2391 5792 2457 5832 eo
2480 5791 2633 5847 ogus.
