3888 6432
143 362 233 435 901

1111 361 1515 424 EXPOSITIO
1550 360 1962 423 ORATIONIS
1992 363 2406 426 DOMINICE.

3248 369 3359 434 902

144 476 359 547 θεωρίας
404 474 679 548 ἐπιϐολὴν,
709 476 850 530 κατά
885 476 975 529 τὸν
1005 474 1178 529 αίῶνα
1205 475 1415 537 τοῦτον,
1443 470 1505 529 οῦ
1536 475 1677 545 σύμ-

1790 490 1845 529 ac
1881 476 2307 545 expositionem,
2343 480 2400 532 in
2443 479 2643 535 saaculo
2684 479 2819 545 hoc,
2857 481 3013 551 cujus
3049 483 3353 555 symbolum

143 569 283 624 ϐολον
308 565 446 623 εἶναι
474 568 534 621 τὸ
563 569 802 640 σήμερον
831 568 1064 638 ἔφαμεν,
1093 568 1186 620 τὸν
1214 567 1491 637 ἄφθαρτον
1521 566 1686 637 ἀρτον

141 666 230 731 τῆς
259 661 464 730 σοφίας,
511 655 571 715 οῦ
602 660 884 731 καταρχὰς
914 660 1229 729 διετείχισεν
1270 660 1417 729 ἡμᾶς
1442 660 1477 728 ἡ
1509 660 1687 728 παρά-

142 754 302 817 ϐσσις,
325 753 413 807 διὰ
442 754 746 823 προσευχῆς
778 752 1071 823 ἐπιζητῶν,
1102 751 1197 805 ἆτε
1229 752 1292 821 δὴ
1337 752 1467 821 μίαν
1494 751 1686 822 ἡδονὴν

142 844 483 913 ἐπιστάμενος
513 843 609 913 τὴν
633 842 744 895 τῶν
768 840 931 894 θείων
959 840 1268 911 ἐπιτυχίαν,
1296 836 1364 913 ἧς
1396 840 1560 912 δοτὴρ
1586 840 1686 911 μὲν

142 935 266 990 κατά
293 936 453 1003 φύσιν
492 934 639 989 ἐστὶν
667 936 695 988 ὁ
721 933 852 997 Θεός
877 949 891 964 ·
926 933 1104 1003 φύλαξ
1129 933 1188 986 δὲ
1230 932 1371 986 κατά
1407 931 1626 1003 θέλησιν
1651 933 1685 1004 ἡ

141 1026 224 1079 τοῦ
267 1025 522 1089 λαϐόντος
560 1025 917 1097 προαίρεσις
961 1024 1055 1077 καὶ
1107 1024 1236 1094 μίαν
1276 1022 1473 1092 ὀδύνην
1507 1022 1683 1086 εἰδὼς,

140 1118 226 1188 τὴν
260 1118 462 1171 τούτων
514 1118 849 1188 ἀποτυχίαν,
902 1110 972 1187 ἦς
1012 1115 1314 1178 ὑποϐολεὺς
1347 1116 1449 1186 μέν
1480 1116 1631 1168 ἐστιν
1657 1117 1686 1168 ὁ

138 1209 360 1273 διάϐολος
378 1226 391 1239 ο
418 1209 721 1280 αὐτουργὸς
745 1209 823 1274 δὲ,
847 1211 959 1272 πᾶς
982 1210 1011 1261 ὁ
1038 1207 1146 1261 τῶν
1173 1207 1331 1261 θείων
1369 1207 1437 1260 δι’
1468 1207 1685 1261 ἀτονίαν

139 1300 342 1371 γνώμης
362 1300 815 1371 ἀποκαμνόμενος
836 1298 999 1372 [γαπ.
1018 1310 1067 1355 et
1086 1298 1177 1353 Fr.
1201 1298 1682 1371 ἀποκναιόμενος]·

142 1392 209 1463 μὴ
239 1391 513 1460 φυλάττων
556 1391 615 1445 τὸ
643 1392 824 1462 τίμιον
851 1392 1077 1463 γνώμης
1116 1391 1354 1446 διαθέσει
1388 1393 1687 1463 στεργόμε-

136 1500 249 1538 νον*
288 1483 424 1555 πρὸς
467 1482 619 1536 οὐδὲν
662 1482 801 1553 ἔχων
836 1480 947 1536 τῶν
999 1481 1292 1554 ὁρωμένων
1321 1480 1593 1552 ῥέπουσαν
1625 1481 1686 1534 τὸ

138 1574 339 1628 σύνολον
363 1573 463 1645 τὴν
490 1573 813 1645 προαίρεσιν
839 1613 855 1639 ,
891 1588 989 1627 και
1034 1570 1123 1625 διὰ
1170 1569 1329 1624 τοῦτο
1356 1573 1468 1635 τοῖς
1500 1586 1685 1641 σωμα-

138 1665 287 1729 τικῶς
331 1664 480 1736 αὐτῷ
527 1664 888 1737 συμϐαίνουσι
942 1663 1206 1734 λυπηροῖς
1258 1663 1356 1732 οὐχ
1405 1663 1686 1732 ὑπαγόμε-

139 1755 306 1827 νος(6)
326 1771 341 1786 ·
372 1747 528 1820 οὗτος
570 1755 646 1819 ὡς
684 1753 903 1827 ἀληθῶς
923 1794 938 1819 ,
970 1753 1197 1816 ἀπαθῶς
1226 1754 1420 1825 ἀφίησι
1451 1756 1563 1816 τοῖς
1604 1755 1685 1816 εἰς

141 1847 283 1905 αὐτὸν
312 1846 718 1924 ἁμαρτάνουσιν
741 1862 756 1882 ο
795 1846 878 1905 ὅτι
910 1845 1044 1921 μηδὲ
1071 1845 1132 1898 τὸ
1164 1846 1286 1902 κατ’
1320 1845 1508 1917 ἔφεσιν
1532 1844 1679 1915 αὐτῷ

142 1942 559 2015 σπουδαζόμενον
594 1943 817 1997 δύναταί
844 1960 929 2005 τις
958 1942 1019 1995 τὸ
1061 1941 1322 2013 παράπαν
1368 1937 1681 2011 χειροῦσθαι

141 2034 323 2102 καλὸν,
377 2035 656 2090 ἀνάλωτον
706 2032 850 2089 κατά
882 2032 1045 2103 φύσιν
1089 2032 1356 2103 ὑπάρχειν
1386 2046 1683 2084 πεπιστευ-

148 2127 305 2196 μένον.
347 2129 460 2182 Καὶ
487 2127 569 2199 τῷ
595 2127 713 2197 Θεῷ
760 2126 1080 2197 καθίστησιν
1125 2125 1317 2179 ἑαυτὸν
1354 2125 1557 2195 ἀρετῆς
1598 2122 1685 2189 ἐξ·

148 2217 463 2289 εμπλάριον,
524 2219 574 2270 εί
619 2212 787 2271 τοῦτο’
812 2216 972 2287 θέμις
1011 2218 1217 2278 εἰπεῖν,
1268 2215 1406 2285 πρὸς
1451 2215 1684 2285 μίμησιν

146 2308 316 2363 ἑαυτοῦ
347 2308 439 2363 τὸν
466 2308 745 2380 ἀμίμητον
790 2308 965 2362 ἐλθεῖν
991 2308 1441 2379 ἐγκελευόμενος,
1487 2308 1681 2371 λέγων’

147 2401 308 2469 Ἄρες
329 2400 473 2469 ἡμῖν
498 2403 573 2454 τὰ
618 2399 985 2469 ὀφειλήματα
1023 2397 1193 2467 ἡμῶν
1217 2439 1231 2463 ,
1273 2399 1354 2464 ὡς
1380 2396 1479 2451 καὶ
1513 2396 1685 2467 ἡμεῖς

144 2491 371 2560 ἀφίεμεν
417 2494 548 2558 τοῖς
584 2490 918 2561 ὀφειλέταις
950 2492 1156 2561 ἡμῶν’
1211 2490 1308 2544 καὶ
1363 2487 1477 2553 οἷος
1522 2491 1686 2553 αὐτὸς

146 2578 312 2647 γέγονε
333 2581 442 2642 τοῖς
468 2578 666 2642 πέλας,
696 2572 754 2631 οἵ
773 2577 1026 2647 γενέσθαι
1054 2578 1394 2651 παρακαλῶν
1419 2579 1509 2632 τὸν
1529 2578 1680 2632 Θεόν.

146 2668 203 2722 El
224 2670 323 2742 γὰρ
346 2670 419 2734 ὡς
445 2669 613 2733 αὐτὸς
628 2672 808 2741 ἀφῆκε
834 2670 905 2724 τά
923 2670 1266 2742 ὀφειλήματα
1286 2673 1398 2735 τοῖς
1422 2671 1503 2733 είς
1524 2670 1687 2724 αὑτὸν

144 2766 505 2834 ⁴ἡμαρτηκόσι,
564 2762 814 2833 βούλεται
880 2764 976 2817 καὶ
1026 2762 1176 2833 αὐτῷ
1218 2763 1485 2834 ἀφεθῆναι
1537 2762 1688 2832 παρά

146 2854 296 2919 Θεοῦ,
326 2854 575 2927 δηλονότι
618 2853 807 2924 ῶσπερ
834 2854 864 2906 ὁ
899 2852 1031 2916 Θεὸς
1079 2853 1305 2915 ἀπαθῶς
1341 2853 1565 2924 ἀφίησιν
1608 2848 1689 2916 οἷς

151 2944 346 3012 ἀφίησιν
366 2983 380 3006 ,
406 2944 584 3007 οῦτως
624 2944 721 2996 καὶ
749 2942 909 3007 αὐτὸς
948 2943 1164 3014 ἀπαθὴς
1191 2945 1284 2998 ἐπὶ
1309 2946 1423 3007 τοῖς
1453 2944 1688 3014 συμϐαί-

150 3052 279 3088 νουσι
323 3037 617 3108 διαμένων,
661 3037 857 3106 ἀφίησι
911 3040 1024 3100 τοῖς
1094 3037 1558 3107 πλημμελήσασιο
1617 3036 1689 3107 μὴ

1783 580 1905 621 esse
1932 567 2170 622 diximus
2191 568 2519 624 hodiernum
2545 571 2710 635 diem,
2738 572 3113 643 incorruptum
3144 577 3359 649 sapien—

1784 657 1874 712 tiae
1904 673 2134 727 panem,
2170 674 2201 712 a
2231 675 2342 729 quo
2374 675 2476 715 nos
2504 662 2671 730 primi
2705 665 2965 733 temporis
3000 669 3359 737 transgressio

1779 748 2043 813 exclusit,
2074 750 2341 805 orationis
2368 752 2625 823 suﬂragio
2654 754 2885 824 inquirit
2910 756 2992 826 (ut
3017 759 3109 827 qui
3138 760 3356 815 unicam

1785 838 1930 893 hanc
1960 838 2295 909 voluptatem
2329 843 2570 907 noverit,
2596 860 2718 913 quae
2746 845 3057 901 divinorum
3096 863 3359 903 consecu-

1783 927 1933 982 tione
1973 930 2262 995 consistit;
2300 932 2458 1002 cujus
2488 933 2709 1003 quidem
2744 935 2936 991 dandze
2972 938 3116 992 Deus
3150 939 3358 993 arbiter

1783 1026 1981 1074 natura
2004 1021 2252 1086 exsistit;
2283 1033 2469 1078 custos
2498 1033 2679 1080 autem
2710 1027 2887 1082 libero
2910 1029 3206 1083 voluntatis
3231 1045 3357 1099 pro-

1782 1110 1999 1179 posito,
2039 1111 2155 1181 ipse
2204 1122 2327 1178 est,
2368 1116 2464 1185 qui
2509 1117 2721 1187 accepit
2768 1136 2782 1173 :
2828 1119 3084 1190 huncque
3133 1121 3355 1175 unicum

1783 1200 2032 1255 dolorem
2083 1203 2381 1274 intelligat,
2422 1207 2568 1276 quod
2619 1217 2705 1263 est
2748 1208 2817 1263 iis
2861 1210 3143 1275 frustrari;
3200 1211 3357 1281 cujus

1783 1291 1969 1346 damni
1998 1303 2283 1365 suggestor
2307 1296 2528 1367 quidem
2556 1298 2809 1354 diabolus
2835 1311 2948 1365 est;
2981 1310 3180 1355 auctor
3197 1316 3354 1365 vero,

1783 1383 2037 1455 quisquis
2070 1402 2170 1455 per
2202 1387 2371 1442 animi
2408 1388 2710 1459 ignaviam,
2744 1407 2807 1445 ac
2847 1392 3132 1445 mollitiem
3172 1392 3357 1447 divina

1783 1476 2151 1531 consectando
2188 1476 2414 1548 fatiscit)
2458 1479 2511 1532 id
2549 1480 2896 1543 custodiens,
2931 1482 3201 1550 enixeque
3236 1497 3355 1537 ser-

1783 1581 1938 1632 vans,
1963 1568 2110 1638 quod
2138 1569 2307 1623 animi
2339 1570 2542 1625 all‘ectu
2571 1571 2954 1626 cbarissimum
2986 1574 3165 1641 ducit;
3200 1577 3357 1645 cujus

1783 1660 2039 1715 voluntas
2070 1662 2206 1716 nulli
2241 1678 2497 1731 prorsus,
2531 1663 2597 1717 iis
2632 1679 2698 1717 ex
2730 1664 2896 1719 rebus
2926 1681 3047 1735 qum
3079 1667 3134 1720 in
3168 1667 3357 1721 oculos

1786 1752 2099 1817 incurrunt,
2124 1754 2421 1824 proclivior
2445 1755 2677 1821 haereat;
2704 1757 2909 1827 quique
2937 1758 3076 1812 adeo
3107 1759 3180 1813 ita
3208 1775 3357 1813 com-

1783 1853 2007 1915 paratus
2045 1846 2136 1911 sit,
2171 1856 2233 1901 ut
2272 1847 2476 1916 quibus
2512 1862 2714 1917 corpus
2754 1850 3000 1903 molestis
3039 1849 3291 1913 atﬁcitur,
3324 1866 3356 1905 a

1782 1937 1920 1993 recti
1947 1938 2166 1993 tramite
2191 1937 2417 1992 minime
2444 1938 2774 2003 abducatur;
2808 1940 2854 1992 is
2880 1940 3038 2008 plane
3066 1940 3357 2009 tranquillo

1781 2028 1987 2094 animo,
2022 2029 2295 2097 nullisque
2333 2040 2654 2099 exasperato
2694 2029 3004 2094 aﬂ‘ectibus,
3040 2031 3128 2095 iis,
3161 2032 3254 2101 qui
3300 2031 3356 2086 in

1783 2119 1963 2189 ipsum
2001 2129 2260 2190 peccant,
2296 2121 2555 2185 dimittit;
2600 2120 2746 2189 quod
2786 2136 3014 2189 nempe,
3051 2122 3197 2190 quod
3240 2122 3356 2191 ipse

1784 2210 1989 2265 donum
2045 2211 2322 2267 desiderio
2382 2211 2546 2277 colit,
2598 2226 2762 2266 nemo
2815 2226 3042 2281 prorsus
3103 2213 3356 2283 subigere

1784 2302 1977 2372 possit,
2007 2310 2220 2357 tantum
2254 2302 2392 2356 illud
2430 2318 2493 2357 ac
2526 2302 2653 2365 tale,
2683 2310 2745 2356 ut
2776 2302 2894 2371 ejus
2927 2302 3151 2356 omnino
3186 2304 3359 2358 robur

1787 2400 1983 2446 natura
2015 2391 2438 2461 inexpugnabile
2460 2392 2826 2447 existimetur.
2847 2392 2989 2458 Quin
3020 2409 3080 2447 se
3108 2394 3222 2463 ipse
3247 2394 3360 2449 Deo

1788 2482 1959 2554 (absit
1990 2482 2161 2537 verbo
2196 2482 2421 2552 invidia)
2454 2482 2677 2537 virtutis
2709 2483 2999 2537 constituit
3025 2484 3356 2553 exemplum,

1786 2575 1856 2629 ad
1881 2575 1966 2629 sui
1995 2574 2354 2630 imitationem
2398 2575 2661 2645 eum,qui
2686 2576 2835 2630 omni
2859 2576 3033 2647 major
3053 2576 3361 2631 imitatione

1786 2676 1892 2731 est,
1927 2667 2079 2722 hisce
2113 2667 2299 2723 verbis
2333 2668 2689 2738 compellans,
2716 2668 2977 2738 velutque
3011 2668 3308 2723 adhortans
3343 2686 3357 2722 :

1787 2758 2007 2813 Dimitte
2048 2759 2191 2813 nobis
2225 2760 2398 2813 debita
2434 2768 2646 2825 nostra,
2679 2762 2813 2813 sicut
2844 2769 2893 2813 et
2927 2777 3019 2815 nos
3052 2761 3361 2814 dimittimus

1788 2850 2100 2904 debitoribus
2126 2852 2347 2915 nostris;
2380 2852 2541 2904 talem
2570 2851 2869 2905 obsecrans
2893 2851 2999 2905 sibi
3028 2852 3143 2906 fore
3167 2853 3359 2915 Deum,

1790 2942 1972 3010 qualis
2017 2942 2134 3011 ipse
2175 2942 2439 3011 proximis
2478 2942 2602 2996 fuit.
2635 2943 2769 2997 Nam
2811 2944 2857 2997 si
2895 2958 2958 2997 ea
2997 2943 3229 3009 ratione,
3255 2960 3363 3013 qua

1790 3032 1909 3103 ipse
1944 3034 2000 3087 in
2031 3049 2157 3086 eum
2189 3034 2548 3103 peccantibus
2568 3034 2797 3096 dimisit,
2825 3034 2993 3088 Deum
3018 3050 3235 3103 quoque
3261 3034 3363 3104 ipsi

151 3129 415 3199 συγχωρῶν
446 3130 640 3199 μνήμῃ
670 3127 793 3200 [Fr.
826 3128 1069 3200 μνήμην]
1100 3128 1206 3183 τινὶ
1244 3128 1350 3181 τῶν
1373 3128 1689 3197 φθασάντων

1792 3122 2070 3179 dimittere
2125 3124 2312 3193 cupit;
2366 3124 2527 3194 plane
2581 3126 2726 3179 sicut
2768 3125 2912 3180 Deus
2960 3125 3167 3195 absque
3212 3123 3363 3178 omni

150 3218 378 3290 λυπηρῶν
416 3219 723 3274 τυποῦσθαι
770 3221 864 3274 τὸν
905 3220 1029 3275 νοῦν
1053 3261 1070 3286 ,
1114 3221 1201 3274 ἴνα
1243 3221 1318 3291 μὴ
1362 3220 1575 3290 τέμνων
1620 3220 1687 3289 τῇ

150 3308 318 3381 γνώμῃ
357 3311 455 3383 τὴν
492 3311 655 3381 φύσιν
685 3312 995 3384 ἐλέγχηται,
1028 3313 1164 3384 πρός
1196 3328 1317 3365 τινα
1346 3311 1454 3364 τῶν
1482 3310 1691 3380 ἀνθρώ-

153 3416 253 3452 πων
283 3400 601 3471 διεστηκώς,
639 3403 921 3474 ἄνθρωπος
959 3402 1055 3457 ὥν.
1104 3401 1265 3456 Οῦτω
1310 3404 1421 3474 γὰρ
1465 3402 1531 3456 ἂν
1561 3403 1691 3457 ἑνω-

152 3488 317 3561 θείςης
366 3494 465 3563 τῆς
510 3492 737 3564 γνώμης
786 3494 865 3564 τῷ
916 3493 1061 3564 λόγῳ
1118 3496 1217 3564 τῆς
1250 3492 1487 3563 φύσεως,
1530 3495 1564 3565 ῃ
1595 3492 1699 3547 τοῦ

152 3579 268 3635 Θεοῦ
316 3585 447 3655 πρὸς
476 3584 581 3657 τὴν
608 3585 770 3655 φύσιν
796 3586 1111 3656 καταλλαγὴ
1154 3586 1397 3654 γίνεσθαι
1432 3587 1692 3656 πέφυκεν,

153 3672 223 3726 ὅτι
284 3677 414 3751 μήτε
442 3678 677 3735 δυνατὸν
716 3678 917 3751 ἑτέρως
961 3677 1105 3735 κατά
1143 3678 1511 3753 τὴνιγνώμην
1555 3678 1695 3751 πρὸς

154 3768 327 3840 ἑαυτὴν
360 3773 762 3838 στασιάζουσαν
788 3772 887 3843 τὴν
924 3771 1109 3842 φύσιν,
1141 3772 1242 3845 τὴν
1271 3772 1427 3826 θείαν
1475 3773 1571 3827 καὶ¹
1599 3773 1695 3828 ἀν-

155 3858 419 3929 εκλάλητον
466 3863 835 3928 ὑποδέξασθαι
901 3864 1333 3933 συγκατάϐασιν.
1367 3866 1477 3919 Καὶ
1527 3864 1692 3935 τυχὸν

153 3948 229 4002 διὰ
255 3952 405 4008 τοῦτο
444 3956 713 4028 πρότερον
756 3957 903 4026 ἡμᾶς
936 3956 1184 4026 βούλεται
1216 3959 1315 4021 τάς
1360 3959 1497 4030 πρὸς
1528 3958 1691 4030 ἀλλή-

154 4040 261 4108 λους
295 4048 563 4101 ποιεῖσθαι
614 4049 960 4117 καταλλαγὰς
995 4050 1023 4102 ὁ
1060 4050 1225 4117 Θεὸς,
1278 4053 1375 4122 οὐχ
1423 4052 1510 4105 ἵνα
1562 4052 1691 4124 παρ’

156 4131 289 4204 ἡμῶν
320 4138 461 4209 μάθῃ
514 4138 977 4195 καταλλάττεσθαι
1023 4142 1134 4205 τοῖς
1172 4142 1567 4213 ἁμαρτάνουσι,
1598 4144 1693 4197 καὶ

157 4222 249 4277 τῶν
290 4229 498 4283 πολλῶν
535 4232 838 4301 συγχωρεῖν
888 4234 983 4285 καὶ⁸
1035 4233 1282 4305 φοϐερῶν
1332 4234 1694 4305 ἐγκλημάτων

156 4314 237 4386 τὴν
260 4318 482 4385 ἔκτισιν,
508 4321 626 4377 ἀλλ’
654 4323 741 4375 ἵνα
768 4324 913 4394 ἡμᾶς
941 4323 1157 4396 καθάρῃ
1184 4325 1392 4391 παθῶν,
1427 4328 1519 4380 καὶ
1545 4326 1693 4401 δείξῃ

156 4411 532 4480 συμϐαίνουσαν
560 4416 631 4486 τῇ
678 4415 861 4484 σχέσει
898 4418 999 4486 τῆς
1030 4416 1251 4487 χάριτος
1294 4416 1394 4487 τὴν
1427 4416 1537 4470 τῶν
1565 4435 1695 4486 συγ-

155 4505 493 4572 χωρουμένων
522 4504 762 4557 διάθεσιν
784 4504 884 4574 (7).
928 4504 1123 4573 Σαφῶς
1166 4505 1221 4559 δὲ
1268 4507 1575 4577 καθέστηκε
1601 4510 1692 4580 δῆ.
1726 4494 1771 4549 D

154 4587 250 4654 λον,
270 4594 346 4647 ὅτι
368 4598 464 4667 τῆς
490 4594 713 4666 γνώμης
744 4596 1039 4665 ὲνωθείσης
1065 4596 1142 4667 τῷ
1168 4597 1309 4669 λόγῳ
1330 4601 1429 4669 τῆς
1456 4599 1692 4667 φύσεως,

156 4682 492 4751 ἀστασίαστος
544 4687 698 4741 ἔσται
754 4687 891 4759 πρὸς
931 4688 1028 4741 τὸν
1080 4689 1214 4743 Θεὸν
1276 4693 1309 4761 ἡ
1388 4692 1496 4745 τῶν
1538 4692 1698 4747 τοῦτο

156 4777 573 4847 κατωρθωκότων
631 4780 993 4852 προαίρεσις·
1053 4781 1213 4855 είπερ
1264 4783 1416 4837 οὐδὲν
1454 4786 1696 4857 πέφυκεν

156 4864 513 4941 ὲνθεωρείσθαι
543 4872 856 4943 παράλογον
900 4872 981 4943 τῷ
1027 4872 1170 4945 λόγῳ
1206 4877 1305 4946 τῆς
1341 4875 1553 4944 φύσεως
1578 4921 1593 4942 ,
1637 4877 1697 4942 ὃς

156 4958 238 5011 καὶ
264 4960 418 5031 νόμος
456 4963 576 5017 ἐστὶ
605 4963 833 5033 φυσικός
878 4981 939 5018 τε
984 4966 1079 5019 καὶ
1113 4966 1254 5031 θεῖος
1283 4966 1381 5038 (8),
1413 4970 1541 5022 ὅταν
1572 4969 1696 5022 καθ’

159 5047 327 5106 ἑαυτὸν
353 5057 749 5129 ὲνεργουμένην
776 5057 919 5132 λάϐῃ
945 5061 1045 5130 τῆς
1073 5058 1301 5131 γνώμης
1331 5062 1430 5133 τὴν
1459 5063 1694 5134 κίνησιν.

157 5139 213 5193 El
238 5142 290 5197 δὲ
318 5150 622 5219 παράλογον
663 5148 815 5203 οὐδέν
860 5152 1007 5203 ἐστιν
1040 5152 1097 5204 ὲν
1148 5151 1226 5222 τῷ
1279 5152 1423 5223 λόγῳ
1466 5155 1566 5223 τῆς
1594 5152 1697 5220 φύ-

160 5246 299 5299 σεως,
341 5239 624 5311 είκότωςή
662 5239 853 5310 γνώμη
890 5241 1032 5295 κατά
1068 5240 1159 5294 τὸν
1196 5242 1352 5310 λόγον
1398 5244 1692 5313 κινουμένη

158 5324 244 5393 τῆς
271 5326 497 5395 φύσεως,
531 5330 935 5402 συμϐαίνουσαν
961 5332 1070 5396 ἕξει
1114 5331 1203 5386 διά
1230 5332 1447 5389 πάντων
1473 5333 1551 5405 τῷ
1576 5334 1696 5405 Θεῷ

159 5416 246 5486 τὴν
271 5418 541 5491 ἐνέργειαν
567 5436 591 5497 ⁸,
618 5423 743 5494 ἥτις
771 5424 889 5476 ἐστὶ
918 5422 1045 5495 [Fr.
1076 5424 1202 5494 ἥτις
1239 5422 1427 5496 ἔσται]
1456 5424 1696 5488 διάθεσις

162 5503 474 5579 ἓμπρακτος,
498 5516 565 5587 τῇ
592 5514 777 5586 χάριτι
805 5515 901 5568 τοῦ
927 5515 1087 5585 φύσει
1118 5516 1287 5569 καλοῦ
1325 5519 1463 5589 πρὸς
1492 5518 1696 5589 ἀρετῆς

161 5596 353 5662 γένεσιν
381 5605 753 5678 πεποιωμένη.

1792 3215 2212 3285 perturbatione
2257 3214 2519 3278 dimittit,
2563 3215 2765 3285 quibus
2814 3214 3076 3278 dimittit,
3116 3214 3198 3269 sic
3247 3215 3365 3283 ipse

1793 3321 2011 3376 quoque
2036 3305 2093 3361 in
2118 3307 2187 3361 iis
2208 3322 2329 3377 quae
2356 3307 2632 3372 accidunt,
2658 3307 3092 3377 imperturbatus
3128 3322 3194 3361 ac
3218 3316 3366 3362 tran-

1792 3397 1975 3468 quilla:
2009 3398 2210 3453 mentis
2243 3413 2491 3463 manens,
2524 3400 2672 3469 quod
2703 3398 2946 3453 oﬂensus
2976 3408 3079 3463 est,
3113 3397 3363 3462 dimittit,

1794 3484 1968 3539 nullis
1997 3500 2188 3540 eorum
2214 3502 2336 3556 quae
2364 3488 2544 3543 tristia
2574 3488 2631 3542 in
2660 3504 2788 3544 eum
2819 3498 3217 3559 praecesserunt
3242 3489 3364 3543 ani-

1792 3591 1945 3631 mum
1985 3577 2267 3633 informari
2305 3579 2522 3644 sinens,
2554 3580 2878 3650 nequando,
2910 3580 3005 3649 qui
3043 3581 3161 3650 ipse
3201 3580 3367 3635 homo

1792 3670 1885 3736 sit,
1908 3672 1995 3726 vel
2020 3670 2090 3726 ab
2114 3686 2227 3726 uno
2248 3672 2434 3742 aliquo
2461 3672 2746 3727 hominum
2771 3672 3063 3735 dissidens,
3085 3673 3367 3727 voluntate

1794 3761 2075 3834 animique
2106 3763 2384 3819 sententia
2417 3772 2669 3819 naturam
2702 3763 2955 3818 scindere
2987 3763 3364 3818 convincatur.

1793 3852 1885 3908 Sic
1922 3870 2159 3925 namque
2193 3856 2477 3910 voluntate
2515 3869 2642 3910 cum
2691 3863 2902 3909 naturae
2937 3854 3151 3908 ratione
3191 3852 3364 3918 unita,

1794 3955 2192 4017 comparatum,
2219 3957 2281 4002 ut
2311 3947 2410 4003 Dei
2443 3962 2570 4001 cum
2599 3954 2799 4000 natura
2825 3944 3201 4000 reconciliatio
3230 3959 3369 4013 prae-

1794 4059 1991 4106 stetur.
2020 4049 2238 4120 Alioqui
2266 4052 2412 4105 enim
2444 4050 2671 4105 minime
2705 4050 2823 4105 ﬁeri
2855 4058 3062 4119 potest,
3092 4058 3153 4103 ut
3180 4047 3275 4103 Dei
3308 4063 3369 4105 se

1792 4142 1986 4209 nobis,
2035 4143 2202 4212 inque
2251 4143 2474 4197 modum
2517 4153 2765 4196 nostrum
2813 4140 3158 4211 inclinantis,
3201 4139 3369 4193 nullis

1794 4236 1983 4290 verbis
2031 4235 2414 4305 explicabilem
2458 4234 2617 4305 362
2665 4232 3035 4303 dignationem
3083 4230 3364 4300 suscipiat.

1794 4326 1965 4396 idque
2004 4326 2235 4381 forsitan
2284 4326 2339 4380 in
2386 4341 2549 4380 causa
2598 4324 2690 4388 sit,
2727 4340 2827 4378 cur
2868 4338 2968 4377 nos
3015 4322 3162 4392 ipsos
3199 4322 3366 4385 Deus,

1795 4418 1955 4485 prius
1980 4416 2120 4471 alios
2148 4417 2268 4471 aliis
2299 4417 2642 4472 reconciliari
2670 4416 2823 4480 velit,
2856 4431 2919 4470 ac
2949 4430 3071 4484 qua:
3101 4414 3244 4467 inter
3268 4428 3369 4466 nos

1798 4508 2107 4564 simultates
2131 4508 2337 4579 vigent,
2362 4509 2589 4563 omnino
2615 4524 2968 4578 componere,
2989 4523 3099 4562 non
3127 4514 3189 4561 ut
3210 4506 3365 4577 quasi

1796 4600 1972 4655 nostri
2005 4601 2273 4671 praeludio
2302 4600 2418 4671 ipse
2445 4602 2828 4671 peccatoribus
2859 4600 3203 4656 reconciliari
3237 4615 3369 4654 con-

1797 4690 1993 4755 discat,
2011 4691 2419 4761 multorumque
2436 4707 2501 4747 ac
2518 4691 2837 4746 immanium
2859 4693 3126 4746 scelerum
3149 4706 3367 4760 poenam

1797 4780 2141 4845 condonare;
2171 4780 2265 4834 sed
2295 4788 2356 4834 ut
2380 4796 2483 4835 nos
2511 4796 2541 4835 a
2575 4781 3090 4851 perturbationibus
3110 4780 3367 4849 vitiisque

1796 4872 2080 4935 emundet,
2113 4886 2438 4943 eorumque,
2466 4873 2670 4943 quibus
2695 4874 2854 4927 venia
2890 4874 3223 4943 indulgetur,
3251 4872 3370 4925 ani-

1798 4982 1949 5020 mum
1980 4966 2125 5020 haud
2155 4966 2456 5021 abhorrere
2480 4982 2510 5021 a
2540 4966 2947 5021 necessitudine
2975 4964 3158 5035 gratia:
3186 4973 3369 5018 osten-

1799 5057 1915 5111 dat.
1941 5057 2123 5112 Palam
2159 5058 2308 5112 enim
2343 5058 2694 5129 perspicuum
2726 5067 2833 5121 est,
2863 5058 3141 5110 voluntate
3176 5055 3369 5108 animi-

1800 5165 1908 5219 que
1950 5152 2223 5205 sententia
2264 5168 2389 5207 cum
2430 5162 2641 5206 naturae
2698 5151 2910 5205 ratione
2955 5148 3127 5207 unita,
3162 5146 3279 5199 fore
3309 5155 3370 5198 ut

1802 5253 2007 5324 quibus
2041 5252 2095 5307 id
2130 5253 2349 5308 demum
2384 5254 2674 5326 obtigerit,
2709 5252 2844 5307 nihil
2884 5267 2912 5305 a
2948 5252 3059 5304 Deo
3091 5248 3370 5303 voluntate

1801 5343 2110 5413 animisque
2142 5342 2475 5410 dissideant;
2508 5344 2711 5413 quippe
2741 5357 2863 5397 cum
2896 5340 3033 5394 nihil
3065 5339 3371 5392 abhorrens

1802 5450 1833 5489 a
1878 5435 2091 5489 ratione
2133 5444 2298 5506 atque
2338 5436 2608 5490 absonum
2651 5434 2704 5488 in
2749 5442 2958 5487 naturze
2999 5432 3113 5500 ipsa
3158 5430 3369 5483 ratione

1802 5526 2033 5596 intelligi
2063 5534 2256 5597 queat,
2282 5543 2403 5597 quze
2429 5534 2483 5581 et
2510 5526 2596 5580 lex
2631 5524 2894 5580 naturalis
2925 5534 2979 5577 et
3008 5522 3191 5576 divina
3223 5520 3368 5575 exsi-

1798 5625 1926 5682 stat,
1959 5633 2081 5672 cum
2119 5625 2327 5672 motum
2350 5616 2650 5671 voluntatis
2678 5632 2745 5671 ex
2773 5615 2888 5670 suis
2918 5616 3032 5685 ipsa
3061 5611 3370 5668 rationibus

161 5696 470 5769 exercitum,
513 5711 1049 5775 consentaneumque
1098 5706 1393 5775 acceperit.
1441 5707 1596 5774 Quod
1649 5711 1695 5767 si
1731 5711 1871 5767 nihil
1937 5713 2297 5768 abhorrensa
2323 5712 2533 5766 ratione
2561 5715 2721 5782 atque
2783 5710 3050 5764 absonum
3077 5708 3131 5761 in
3160 5714 3370 5761 natura:

169 5786 357 5847 ratione
388 5794 620 5863 exsistit,
653 5797 851 5856 merito
918 5798 1173 5855 voluntas
1233 5816 1354 5870 quae
1388 5814 1673 5861 moveatur
1706 5815 1767 5863 ut
1802 5813 2014 5863 natura:
2058 5806 2256 5863 rationi
2301 5815 2677 5877 comparatum
2728 5813 2843 5873 est,
2885 5802 3257 5874 operationem
3312 5798 3368 5854 in
