4082 6428
592 332 697 397 903

591 440 847 499 omnibus
906 438 1019 494 Deo
1046 436 1485 495 consentientem
1548 432 1809 499 habebit;
1874 432 2147 489 eﬂicacem

1748 327 1807 385 S.
1846 324 2096 386 MAXIM
2105 324 2131 383 Ι
2167 320 2672 383 CONFESSORIS

3703 327 3795 393 ιιι

2212 431 2474 486 nimirum
2527 437 2690 499 atque
2735 428 3015 485 robustam
3066 427 3235 485 animi
3286 428 3657 499 alectionem,
3698 439 3800 509 ejus

591 536 736 607 quod
767 542 963 588 natura
994 533 1199 587 bonum
1232 542 1317 586 est
1344 529 1517 601 gratia
1552 528 1845 592 imbutam,
1869 527 1938 581 ad
1971 525 2399 598 progignendam
2422 525 2706 579 virtutem.

664 627 752 681 Sic
784 627 951 695 igitur
981 626 1037 679 in
1067 624 1314 679 oratione
1346 623 1576 678 allectus
1606 633 1710 688 est,
1736 624 1830 693 qui
1864 624 2164 694 spiritalem

2338 622 2495 675 Οὕτω
2526 623 2625 693 μὲν
2646 615 2761 689 οὖν,
2800 624 2829 676 6
2860 622 2953 676 τὸν
2980 621 3279 692 γνωστικὸν
3318 623 3480 693 ἄρτον
3515 626 3677 681 αἰτῶν
3701 628 3801 685 διὰ-

590 734 657 772 ac
685 716 967 787 sapientiai
991 730 1184 785 panem
1209 714 1382 783 petit;
1411 722 1538 782 post
1558 728 1723 781 quem
1748 714 1913 768 etiam
1939 714 2050 778 ille,
2071 711 2166 780 qui

592 810 664 863 ob
707 817 918 862 natura:
957 806 1068 859 vim
1114 806 1343 875 ejusque
1388 803 1715 858 necessitate
1777 802 2165 872 quotidianum

589 899 860 953 duntaxat
906 910 1100 965 panem
1158 895 1280 964 (qui
1332 893 1544 948 scilicet
1590 892 1645 947 in
1697 892 1845 946 diem
1904 890 2167 960 sulliciat)

593 991 808 1061 quaerit,
834 988 1108 1043 consimili
1140 986 1303 1040 modo
1329 985 1628 1050 afficietur;
1662 999 1859 1053 nempe
1885 983 2167 1038 dimittens

592 1082 941 1138 debitoribus
969 1079 1175 1142 debita,
1205 1088 1263 1132 ut
1291 1079 1386 1147 qui
1421 1092 1480 1131 se
1513 1086 1707 1131 natura
1739 1077 2023 1131 mortalem
2057 1089 2169 1129 non

594 1174 832 1237 nesciat;
862 1172 1068 1241 quique
1094 1172 1204 1240 jam
1229 1169 1477 1238 quotidie
1500 1167 1647 1237 quod
1671 1175 1865 1220 natura
1887 1180 2170 1234 compara-

598 1273 712 1318 tum
754 1270 866 1325 est,
903 1277 1015 1331 prae
1060 1261 1183 1330 ejus
1226 1260 1469 1323 incerto,
1504 1267 1855 1328 exspectans,
1889 1256 2168 1311 voluntate

594 1365 759 1426 atque
777 1355 961 1410 animo
980 1354 1276 1409 antevertit
1292 1361 1566 1416 naturam,
1586 1358 1780 1421 sponte
1801 1352 2007 1406 mundo
2026 1367 2171 1406 mor-

600 1454 748 1509 tuus,
774 1446 853 1499 uti
887 1445 1074 1499 divino
1107 1459 1426 1513 expressum
1462 1443 1687 1498 oraculo
1717 1450 1841 1497 est:
1875 1443 2097 1513 Propter
2119 1452 2169 1497 te

596 1536 978 1605 mortiﬁcamur
1016 1545 1124 1590 tota
1161 1537 1244 1589 die
1269 1536 1344 1601 ";
1383 1536 1629 1589 motimoti
1667 1552 1847 1590 sumus
1882 1537 2015 1590 sicut
2051 1551 2168 1589 oves

594 1630 867 1684 occisionis
890 1628 966 1694 ³⁷;
998 1627 1202 1697 quique
1230 1626 1367 1681 adeo
1395 1626 1568 1680 amice
1597 1627 1853 1681 onmihus
1884 1628 2169 1683 consocie-

598 1729 709 1785 tur,
738 1736 806 1775 ne
832 1736 995 1789 quam
1027 1719 1191 1789 hujus
1223 1718 1409 1772 saeculi
1445 1718 1727 1787 pravitatis
1762 1726 1945 1773 notam
1980 1734 2167 1773 secum

598 1812 815 1875 inferat,
841 1827 964 1867 cum
995 1810 1063 1864 ad
1097 1811 1244 1864 illam
1272 1809 1409 1864 senii
1438 1817 1718 1878 expertem
1743 1808 1910 1862 vitam
1942 1808 2169 1863 commi-

596 1903 864 1972 grandum
888 1902 1023 1967 erit;
1052 1917 1348 1971 paremque
1377 1902 1504 1957 inde
1532 1903 1601 1958 ab
1627 1902 1869 1957 omnium
1890 1901 2082 1957 Judice
2105 1918 2170 1956 ac

598 1995 905 2058 Salvatore,
936 2010 1035 2064 pro
1071 2010 1137 2049 eo
1168 1994 1314 2063 quod
1344 1994 1453 2048 vita
1488 1994 1591 2049 hac
1625 1995 1829 2049 abusus
1857 2002 1970 2057 est,
1994 1994 2171 2047 vicem

600 2088 849 2156 recipiat.
876 2086 1132 2155 Utrisque
1164 2100 1398 2154 namque
1428 2100 1495 2138 ex
1525 2101 1717 2140 eorum
1752 2085 2078 2149 rationibus,
2107 2099 2173 2138 ac

595 2178 744 2247 quod
786 2178 1059 2233 conducat
1102 2177 1409 2231 necessaria
1452 2185 1566 2240 est,
1602 2176 1805 2231 munda
1847 2175 1905 2229 in
1946 2190 2042 2229 eos
2075 2174 2171 2245 qui

598 2271 812 2342 injuria:
827 2270 1035 2340 aliquid
1052 2269 1304 2333 fecerint,
1319 2268 1484 2325 animi
1501 2268 1753 2334 aﬂ'ectio;
1779 2283 1903 2324 cum
1925 2268 2171 2322 omnium

597 2364 791 2432 gratia,
811 2371 925 2418 tum
954 2362 1187 2417 maxime
1214 2362 1285 2416 ob
1308 2361 1643 2431 reliquarum
1674 2360 1728 2415 in
1752 2360 2017 2416 orationis
2042 2376 2173 2415 con-

601 2465 749 2511 textu
782 2454 1176 2511 sententiarum
1206 2453 1350 2518 vim,
1377 2469 1498 2523 quae
1531 2454 1646 2523 ipsa
1680 2453 1734 2509 in
1768 2454 1915 2509 hunc
1946 2456 2171 2509 modum

596 2564 656 2603 se
681 2548 847 2603 habet
875 2564 888 2601 :

642 2636 825 2711 ~363
859 2639 929 2695 Et
956 2656 1021 2694 ne
1048 2655 1141 2696 nos
1169 2638 1366 2709 inferas
1394 2640 1450 2695 in
1479 2640 1850 2705 tentationem;
1880 2640 1972 2694 sed
2005 2640 2170 2695 libera

598 2748 692 2786 nos
722 2749 755 2785 a
782 2730 943 2786 malo.

666 2819 764 2876 liis
799 2820 950 2876 enim
986 2820 1267 2891 Scriptura
1303 2820 1608 2891 significat,
1646 2820 1760 2878 fore
1805 2832 1867 2877 ut
1902 2822 2007 2878 nisi
2046 2824 2171 2894 quis

601 2912 698 2974 iis,
742 2928 774 2967 a
820 2913 1021 2982 quibus
1063 2913 1285 2970 offensa
1328 2913 1535 2983 aliquid
1585 2915 1889 2984 acceperit,
1929 2915 2171 2985 perfecte

600 3004 897 3076 indulgeat,
925 3005 1297 3075 mundumque
1325 3021 1357 3061 a
1382 3021 1608 3062 raueore
1634 3006 1901 3070 animum.
1927 3007 2172 3062 reconci-

599 3096 843 3151 liationis
869 3112 994 3153 cum
1020 3097 1272 3167 proximo
1298 3098 1421 3152 luce
1449 3098 1851 3167 pramitentem,
1880 3099 1988 3154 Deo
2018 3099 2147 3154 exhi

599 3187 744 3251 beat,
772 3204 802 3243 a
832 3188 1100 3243 bonorum
1130 3205 1251 3259 qua:
1274 3198 1495 3259 exoptat
1518 3189 1767 3259 votisque
1796 3191 2168 3261 prosequitur,

2268 730 2447 768 κειται
2477 714 2931 785 προσευχόμενος,
2962 714 3079 784 μεθ’
3106 713 3165 767 ὃν
3207 718 3457 779 κακεῖνος
3495 720 3524 769 6
3553 718 3703 788 μόνον
3725 722 3804 775 τὸν

2266 805 2545 876 ἐφήμερον
2573 805 2736 877 ἄρτον
2758 805 3032 877 ἐπιζητῶν
3058 804 3147 862 διὰ
3173 806 3273 875 τὴν
3301 804 3423 873 βίαν
3453 811 3554 879 τῆς
3588 810 3802 878 φύσεως,

2266 898 2409 951 κατὰ
2460 896 2554 950 τὸν
2605 897 2765 950 αὐτὸν
2804 897 3178 969 διατεθήσεται
3226 899 3459 968 τρόπον·
3510 902 3663 968 ἀφεὶς
3708 908 3807 970 cui;

2265 987 2570 1056 ὀφειλέταις
2607 988 2677 1043 τά
2721 987 3064 1059 ὀφειλήματα
3083 1029 3098 1052 ,
3131 984 3220 1043 οἷα
3252 989 3317 1059 δὴ
3347 990 3543 1058 γνοὺς,
3579 994 3655 1046 ὅτι
3685 999 3807 1049 κατὰ

2266 1077 2430 1146 φύσιν
2479 1080 2713 1150 ὑπάρχει
2771 1079 2998 1150 θνητὸς,
3042 1080 3137 1134 καὶ
3188 1080 3372 1135 λοιπὸν
3419 1083 3543 1139 καθ’
3595 1085 3808 1156 ἑκάστην

2268 1171 2484 1241 ἡμέραν
2531 1172 2620 1225 διὰ
2655 1171 2754 1242 τὴν
2801 1172 3025 1242 ἀδηλίαν
3051 1172 3113 1225 τὸ
3143 1173 3304 1242 φύσει
3341 1176 3588 1243 πεφυκὸς
3615 1176 3800 1250 ἔκδεχόο

2271 1280 2431 1334 μενος
2450 1302 2465 1326 ,
2512 1262 2889 1334 προλαμϐάνει
2929 1263 3031 1335 τὴν
3075 1262 3237 1333 φύσιν
3268 1266 3409 1319 κατὰ
3437 1267 3537 1334 τὴν
3569 1265 3775 1337 γνώμην
3795 1284 3809 1297 ο

2269 1355 2589 1425 αὐθαίρετος
2611 1355 2804 1425 νεκρὸς
2835 1356 2972 1426 πρὸς
3002 1356 3092 1410 τὸν
3119 1356 3323 1428 κόσμον
3361 1358 3663 1427 γινόμενος,
3690 1362 3814 1414 κατὰ

2266 1449 2328 1502 τὸ
2364 1449 2570 1518 φάσκον
2622 1448 2821 1516 λόγιον,
2879 1450 2959 1503 ὅτι
2995 1449 3243 1503 Ἕνεκεν
3280 1450 3399 1505 σοῦ
3432 1453 3815 1518 θανατούμεθα

2268 1542 2425 1611 ὅλην
2490 1541 2606 1609 τὴν
2652 1542 2880 1611 ἡμέραν
2908 1560 2922 1572 ·
2984 1544 3387 1615 ἐλογίσθημεν
3440 1545 3526 1611 ὡς
3574 1546 3815 1608 πρόϐατα

2268 1633 2545 1703 σφαγῆςθ
2594 1634 2689 1689 καὶ
2730 1634 2820 1689 διὰ
2866 1636 3024 1693 τοῦτο
3070 1638 3429 1707 σπενδόμενος
3478 1636 3709 1700 ἅπασιν,
3740 1639 3815 1691 ἶνα

2273 1726 2440 1795 μηδὲν
2464 1726 2639 1796 ἑαυτῷ
2666 1727 3156 1798 ουνεπικομίζηται
3186 1727 3478 1799 γνώρισμα
3517 1731 3615 1799 τῆς
3639 1728 3817 1801 μίχθη.

2273 1817 2392 1889 ρίας
2421 1818 2513 1873 τοῦ
2539 1818 2633 1872 νῦν
2664 1819 2882 1882 αἰῶνος,
2910 1819 3045 1891 πρὸς
3070 1820 3170 1889 τὴν
3188 1821 3384 1891 ἀγήρω
3411 1819 3561 1891 ζωὴν
3589 1822 3817 1890 μεθιστά-

2276 1926 2436 1979 μενος
2463 1924 2477 1939 '
2509 1909 2601 1963 καὶ
2632 1908 2773 1981 λάϐῃ
2802 1910 2954 1979 παρὰ
2978 1910 3072 1962 τοῦ
3102 1908 3292 1979 κριτοῦ
3323 1912 3419 1964 καὶ
3449 1911 3695 1981 Σωτῆρος
3723 1909 3817 1962 τῶν

2204 1980 2244 2033 Β
2271 2000 2429 2060 ὅλων,
2462 1994 2538 2054 ῶν
2578 1980 2810 2054 ἐνταῦθα
2846 2001 3193 2072 προκέχρηκε
3234 2001 3331 2072 τὴν
3384 2003 3512 2073 ἴσην
3550 1980 3817 2057 ἀντίδοσιν.

2287 2090 2585 2159 ’Δναγκαία
2605 2091 2716 2162 γὰρ
2748 2092 3076 2163 ἀμφοτέροις
3122 2092 3258 2162 πρὸς
3312 2094 3413 2163 τὴν
3461 2093 3612 2163 σφῶν
3660 2094 3820 2147 αὐτῶν

2272 2182 2610 2237 λυσιτέλειαν
2639 2184 2979 2256 καθέστηκεν
3022 2187 3054 2256 ή
3096 2185 3315 2257 καθαρὰ
3352 2186 3495 2257 πρὸς
3522 2187 3650 2251 τοὺς
3677 2186 3814 2239 λελυ-

2274 2275 2521 2345 πηκότας
2553 2274 2794 2339 διάθεσις
2821 2291 2835 2306 ο
2875 2276 3093 2331 πάντων
3129 2279 3227 2347 μὲν
3270 2278 3464 2332 ἕνεκεν
3485 2316 3504 2343 ,
3548 2278 3644 2346 οὐχ
3675 2278 3819 2347 ἦνικα

2271 2365 2329 2419 δὲ
2353 2366 2443 2419 διὰ
2468 2365 2580 2419 τῶν
2614 2366 2951 2436 λειπομένων
2975 2367 3157 2438 ῥητῶν
3188 2367 3441 2440 δύναμιν,
3472 2368 3659 2423 τοῦτον
3683 2368 3819 2438 ἔχου·

2274 2471 2375 2509 σαν
2403 2456 2496 2511 τὸν
2525 2456 2748 2527 τρόπον,

2340 2635 2449 2689 Καὶ
2490 2633 2578 2705 μὴ
2627 2633 2975 2703 εἰσενέγκῃς
2997 2632 3152 2704 ἡμᾶς
3174 2636 3260 2700 εὶς
3282 2634 3638 2704 πειρασμὸν,
3682 2634 3819 2689 dua

2263 2724 2451 2795 ῥῦσαι
2478 2725 2635 2795 ἡμᾶς
2657 2727 2777 2782 ἀπὸ
2804 2727 2909 2781 τοῦ
2931 2727 3217 2793 πονηροῦ.

2341 2820 2501 2890 Δηλοί
2528 2820 2638 2894 γὰρ
2669 2822 2728 2874 ὲν
2752 2821 2961 2884 τούτοις
2989 2822 3018 2872 6
3043 2821 3196 2886 λόγος
3215 2859 3230 2883 ,
3286 2820 3363 2884 ὡς
3388 2824 3416 2875 6
3452 2822 3530 2892 μὴ
3561 2823 3815 2891 συγχωρή-

2273 2930 2372 2977 σας
2394 2914 2616 2977 τελείως
2643 2916 2759 2977 τοῖς
2787 2914 3061 2979 πταίουσι,
3090 2914 3185 2966 καὶ
3209 2913 3461 2985 καθαρὰν
3487 2914 3659 2983 λύπης
3674 2930 3816 2984 παρι-

2274 3008 2479 3077 στήσας
2540 3005 2617 3077 τῷ
2661 3006 2781 3076 Θεῷ
2840 3006 2940 3075 τὴν
2995 3005 3219 3077 καρδίαν
3247 3047 3265 3072 ,
3346 3006 3816 3077 λελαμπρυσμὲνην

2270 3098 2350 3168 τῷ
2402 3097 2543 3167 φωτὶ
2590 3100 2691 3169 τῆς
2728 3096 2865 3169 πρὸς
2890 3097 2980 3150 τὸν
3006 3096 3173 3160 πέλας
3198 3096 3579 3167 καταλλαγῆς,
3611 3098 3701 3167 τῆς
3728 3095 3816 3148 τῶν

2272 3191 2560 3261 ηὑγμένων
2606 3189 2786 3243 καλῶν
2820 3188 3174 3256 ἀποτεύξεται
3198 3190 3417 3260 χάριτος
3439 3206 3455 3220 ·
3511 3191 3603 3244 καὶ
3632 3189 3703 3259 τῷ
3726 3205 3818 3242 τει-

598 3282 770 3353 gratia
804 3283 1048 3347 excidat;
1078 3283 1337 3352 iustoque
1365 3281 1576 3351 judicio
1611 3282 1897 3337 tentationi
1932 3298 1995 3337 ac
2028 3283 2171 3337 malo

2275 3281 2468 3353 ρασμῷ
2490 3321 2506 3345 ,
2566 3282 2660 3335 καὶ
2703 3280 2781 3351 τῷ
2810 3280 3034 3352 πονηρῷ
3080 3282 3222 3335 κατὰ
3248 3280 3470 3334 δικαίαν
3500 3280 3815 3351 ὲκδοθήσεται

597 3376 869 3430 obnoxius
904 3376 1025 3438 fiat,
1061 3387 1121 3429 ut
1154 3374 1367 3429 scilicet
1398 3374 1687 3429 emundari
1723 3374 1939 3430 delictis
1971 3374 2171 3429 docea-

599 3473 709 3529 tur,
741 3482 772 3520 a
804 3482 864 3519 se
898 3476 1185 3534 amputans
1216 3480 1280 3519 ac
1310 3464 1606 3528 amoliens,
1634 3463 1779 3533 quod
1814 3464 1952 3521 alios
1983 3464 2173 3519 crimi-

600 3566 779 3611 natur.
803 3557 1185 3611 Tentationem
1208 3564 1391 3610 autem
1419 3555 1511 3609 hic
1535 3564 1695 3609 vocat
1739 3556 1947 3624 peccati
1976 3557 2171 3625 legem,

598 3663 631 3702 ε
662 3664 769 3716 qua
803 3647 1064 3701 immunis
1095 3646 1280 3701 editus
1318 3646 1532 3715 primus
1565 3662 1785 3716 parens.
1816 3646 2013 3703 Malum
2043 3660 2175 3703 vero

596 3737 762 3799 dicit,
804 3751 1002 3806 nempe
1043 3735 1358 3800 diabolum,
1404 3750 1504 3804 per
1548 3750 1713 3804 quem
1762 3736 1879 3790 haze
1924 3736 2176 3793 humanm

595 3835 808 3882 naturae
842 3826 1092 3891 inolevit,
1121 3841 1187 3881 ac
1213 3841 1324 3894 quo
1350 3834 1575 3881 auctore
1606 3825 1868 3883 seductus
1899 3826 2083 3889 homo,
2116 3835 2178 3882 ut

596 3917 671 3972 ab
704 3932 771 3970 eo
799 3915 947 3985 quod
977 3916 1029 3971 ei
1062 3930 1388 3973 concessum
1428 3925 1579 3981 erat,
1612 3915 1682 3971 ad
1718 3915 1772 3969 id
1805 3931 1916 3985 quo
1948 3916 2025 3970 illi
2057 3925 2177 3971 erat

600 4010 954 4067 interdictum
995 4009 1164 4064 animi
1215 4007 1573 4078 cupiditatem
1623 4008 1974 4072 transferret,
2006 4018 2063 4063 et
2106 4008 2175 4063 ad

601 4101 841 4157 mandati
866 4102 1326 4172 trangressionem
1345 4109 1687 4164 verteretur;
1713 4115 1820 4171 qua
1845 4100 2173 4164 temeritate,

600 4195 741 4264 ejus,
775 4211 938 4265 quam
978 4210 1075 4263 per
1113 4194 1343 4265 gratiam
1387 4208 1705 4249 concessam
1746 4200 2054 4263 acceperat,
2087 4191 2175 4249 in-

600 4285 974 4356 corruptionis
996 4287 1269 4356 jacturam
1297 4285 1449 4340 fecit.

670 4393 780 4445 Aut
803 4403 1021 4451 rursus,
1055 4388 1409 4444 tentationem
1440 4386 1663 4456 quidem
1701 4386 1941 4457 appellat
1985 4387 2179 4442 volun-

603 4478 804 4537 tarium
835 4476 1005 4531 animi
1046 4477 1101 4531 in
1135 4477 1319 4532 carnis
1356 4478 1640 4546 passiones
1675 4487 1839 4546 atque
1872 4478 2004 4531 vitia
2038 4494 2175 4533 con-

598 4585 860 4634 sensum;
893 4569 1094 4625 malum
1124 4583 1274 4631 vero,
1306 4568 1527 4622 modum
1559 4583 1669 4637 quo
1695 4568 1892 4623 vitiosa
1923 4567 2178 4623 libidino-

601 4677 774 4733 seque
817 4659 1035 4718 aR‘ectio
1080 4674 1174 4714 seu
1212 4658 1499 4728 dispositio
1543 4658 1600 4713 in
1642 4667 1767 4712 actu
1813 4659 2121 4728 completur
2162 4676 2175 4712 :

603 4763 909 4822 neutroque
933 4752 1126 4806 horum
1159 4750 1488 4807 liberabitur
1507 4750 1640 4820 justi
1662 4750 1865 4820 judicis
1886 4751 2177 4816 sententia,

602 4844 700 4914 qui
739 4858 849 4897 non
891 4840 1163 4896 dimiserit
1202 4840 1548 4897 debitoribus
1592 4840 1806 4906 debita;
1851 4841 2067 4897 tametsi
2109 4842 2177 4906 is,

605 4934 755 4993 nudo
788 4933 939 4987 vocis
971 4948 1105 4986 sono
1144 4932 1201 4987 in
1239 4931 1487 4987 oratione
1521 4931 1577 4987 id
1609 4926 1869 5003 eiliagitiat
1903 4949 1916 4985 :
1953 4932 2086 5003 quin
2120 4940 2181 4987 et

602 5044 733 5083 cum
780 5026 874 5096 qui
921 5041 987 5080 ca
1033 5025 1103 5080 sit
1150 5023 1365 5087 indole,
1406 5024 1616 5094 peccati
1666 5025 1783 5095 lege
1831 5024 2179 5095 coinquinari

605 5121 782 5183 sinet,
812 5134 877 5175 ac
921 5117 1016 5187 qui
1061 5116 1235 5170 durus
1277 5115 1463 5170 animo
1510 5117 1583 5170 sit
1617 5116 1874 5186 justeque
1916 5116 2173 5186 rigidior,

608 5211 750 5266 tualo
788 5206 1209 5276 mancipandum
1243 5205 1487 5269 deseret;
1522 5206 1616 5274 qui
1650 5220 1846 5274 nempe
1884 5205 2176 5273 perturba~

609 5305 818 5363 tionum
864 5302 1087 5371 probra,
1120 5308 1303 5354 satore
1339 5298 1577 5362 diabolo,
1607 5306 1815 5353 natura:
1853 5298 2174 5367 pmtulerit,

510 5436 513 5439 ‹
607 5398 767 5465 cujus
812 5396 955 5450 Deus
1003 5392 1257 5448 conditor
1304 5398 1407 5446 est.
1450 5390 1519 5446 At
1569 5405 1749 5458 neque
1800 5389 1980 5444 carnis
2030 5390 2174 5445 ultro

608 5486 934 5543 libidinibus
956 5485 1214 5554 vitiisque
1241 5498 1362 5538 sese
1386 5482 1585 5536 dedere
1614 5480 1948 5551 prohibebit,
1976 5496 2075 5535 nec
2105 5480 2173 5535 ab

608 5578 729 5648 ejus
772 5576 1145 5648 dispositionis
1195 5575 1358 5631 modo
1409 5574 1674 5639 redimet,
1718 5589 1827 5644 quo
1882 5573 1996 5629 lucc
2047 5582 2171 5629 actu

684 5755 729 5792 ⁸⁸
752 5756 892 5813 Psal.
923 5772 1068 5823 xun,
1096 5757 1185 5813 22.
1264 5758 1306 5790 ³⁷
1334 5756 1492 5810 Rom.
1520 5772 1634 5821 vm,
1663 5752 1752 5809 36.

2273 3374 2455 3443 κρίσιν
2482 3389 2496 3404 ο
2573 3374 2662 3426 ἵνα
2712 3372 2858 3444 μάθῃ
2910 3373 3266 3440 καθαίρεσθαι
3309 3373 3682 3446 πλημμελῶν,
3736 3373 3816 3433 τὰς

2274 3467 2392 3519 κατ’
2430 3465 2603 3519 ἄλλων
2654 3465 2848 3519 εαυτοῦ
2896 3466 3118 3537 μομφὰς
3162 3466 3586 3541 ἀφαιρούμενος.
3642 3467 3817 3537 Πειρα-

2275 3558 2411 3627 σμὸν
2463 3557 2520 3612 δὲ
2550 3557 2697 3625 λέγει
2724 3557 2819 3609 νῦν
2854 3559 2946 3612 τὸν
2975 3561 3073 3628 τῆς
3102 3559 3376 3629 ἁμαρτίας
3403 3560 3571 3629 νόμον
3592 3575 3607 3592 ⁸
3661 3558 3715 3612 ὃν
3735 3558 3818 3610 οὐκ

2273 3650 2411 3719 ἔχων
2450 3650 2481 3702 6
2522 3649 2738 3721 πρῶτος
2765 3650 3050 3720 ἄνθρωπος
3077 3646 3239 3721 ἦλθεν
3269 3652 3351 3713 εἰς
3373 3651 3589 3718 γένεσιν
3607 3667 3621 3682 ·
3674 3664 3815 3718 πονη-

2276 3739 2368 3809 ρὸν
2395 3737 2453 3790 δὲ
2480 3777 2495 3801 ,
2531 3738 2623 3791 τὸν
2646 3737 2832 3791 τοῦτον
2863 3739 3184 3808 ἑμφύραντα
3212 3740 3277 3808 τῇ
3309 3737 3475 3807 φύσει
3506 3736 3610 3791 τῶν
3635 3733 3817 3804 ἀνθρὼ-

2274 3847 2391 3883 πων
2419 3828 2664 3883 διάϐολον
2684 3868 2702 3894 ,
2765 3830 2862 3883 καὶ
2900 3830 3166 3882 πείσαντα
3193 3829 3259 3881 δι’
3279 3829 3496 3898 ἀπάτης
3528 3829 3615 3882 τὸν
3640 3826 3816 3895 ἅνθρω-

2274 3938 2397 3987 πον,
2428 3921 2538 3975 άπὸ
2563 3920 2657 3974 τοῦ
2693 3921 3187 3991 συγκεχωρημένον
3216 3920 3353 3990 πρὸς
3380 3919 3442 3973 τὸ
3473 3916 3815 3986 κεκωλυμένον

2273 4014 2373 4083 τῆς
2417 4012 2597 4084 ψυχῆς
2648 4014 2973 4083 μετενέγκαι
3019 4012 3119 4083 τὴν
3165 4012 3385 4081 ἔφεσιν,
3447 4014 3546 4066 καὶ
3584 4012 3707 4082 πρὸς
3734 4009 3815 4078 τὴν
3924 4026 3927 4035 ί

2275 4108 2375 4174 τῆς
2422 4104 2574 4170 θείας
2636 4106 2856 4176 ἐντολῆς
2888 4106 3163 4176 τραπῆναι
3196 4105 3512 4159 παράϐασιν
3532 4121 3546 4134 ’
3600 4100 3662 4175 ἧς
3685 4103 3814 4173 ἔργον

2274 4198 2498 4266 γέγονεν
2550 4199 2584 4268 ή
2660 4198 2762 4267 τῆς
2824 4198 3070 4269 δοθείσης
3122 4200 3264 4252 κατὰ
3320 4196 3487 4269 χάριν
3544 4191 3815 4266 ἀφθαρσίας

2275 4288 2552 4351 ἀπόθεσις.

2348 4380 2419 4433 Ἢ
2450 4379 2646 4443 πάλιν,
2705 4377 3010 4449 πειρασμὸν
3058 4377 3156 4448 μέν
3200 4394 3333 4447 φησι
3398 4378 3501 4450 τὴν
3528 4378 3623 4447 τῆς
3668 4373 3810 4445 ψυχῆς

2275 4472 2523 4525 ἑκούσιον
2583 4471 2719 4541 πρὸς
2764 4471 2835 4525 τὰ
2882 4471 3029 4541 πάθη
3078 4471 3180 4542 τῆς
3226 4471 3426 4541 σαρκὸς
3480 4469 3811 4525 συνδιάθεσιν’

2277 4564 2513 4634 πονηρὸν
2553 4564 2608 4616 δὲ
2629 4603 2645 4625 ,
2703 4563 2794 4617 τὸν
2825 4565 2941 4616 κατ’
2964 4563 3243 4634 ἐνέργειαν
3266 4562 3708 4635 συμπληρωτικὸν
3732 4559 3810 4625 τῆς

2210 4644 2255 4700 Ι)
2282 4653 2565 4725 ὲμπαθοῦς
2607 4654 2899 4718 διαθέσεως
2942 4654 3173 4725 τρόπον·
3237 4647 3311 4708 ὧν
3352 4656 3561 4718 οὐδενὸς
3590 4652 3809 4709 ὸδίκαιος

2283 4746 2581 4817 ἐξαιρεῖται
2629 4746 2841 4817 κριτὴς,
2893 4746 2985 4799 τὸν
3035 4746 3109 4817 μὴ
3146 4748 3256 4810 τοῖς
3288 4746 3591 4815 ὀφειλέταις
3616 4744 3809 4814 ἀφιέντα

2279 4838 2351 4890 τά
2376 4836 2716 4907 ὀφειλήματα
2735 4851 2749 4865 ·
2798 4834 2899 4889 κάν
2926 4834 3084 4889 τοῦτο
3106 4836 3276 4906 ψιλῶς
3300 4836 3387 4891 διὰ
3414 4837 3508 4907 τῆς
3541 4833 3804 4908 προσευχῆς

2283 4928 2595 4998 ὲξαιτῆται·
2657 4926 2793 4981 ἀλλὰ
2837 4928 2932 4981 καὶ
2978 4927 3056 4999 τῷ
3095 4928 3246 5000 νόμῳ
3288 4931 3387 5000 τῆς
3414 4926 3678 5000 ἁμαρτίας
3700 4939 3804 4989 cur

2283 5022 2452 5093 χωρεῖ
2480 5018 2800 5089 μολύνεσθαι
2832 5020 2924 5073 τὸν
2943 5018 3203 5084 τοιοῦτον,
3240 5021 3335 5075 καὶ
3359 5021 3464 5074 ὑπὸ
3488 5020 3578 5074 τοῦ
3604 5011 3804 5085 πονηροῦ

2282 5110 2631 5181 κυριεύεσθαι
2664 5110 2754 5165 τὸν
2791 5110 3027 5183 σκληρὸν
3068 5112 3163 5165 καὶ
3195 5112 3470 5180 ἀπότομον
3499 5113 3593 5183 τὴν
3618 5107 3805 5177 γνώμην

2282 5203 2782 5277 ἐγκαταλιμπάνειο
2845 5200 2929 5259 οἷα
2971 5202 3036 5276 δὴ
3086 5205 3154 5257 τά
3196 5204 3342 5276 πάθη
3391 5202 3488 5275 τῆς
3518 5202 3721 5273 ἀτιμίας
3745 5184 3805 5251 ὧν

2284 5295 2521 5367 σπορεύς
2553 5296 2701 5349 ἐστιν
2731 5297 2760 5349 6
2787 5295 3028 5359 διάϐολος
3051 5336 3068 5360 ,
3126 5297 3562 5367 προτετιμηκότα
3599 5293 3688 5362 τῆς
3716 5287 3802 5358 φύν

2282 5404 2439 5452 σεως,
2475 5381 2541 5458 ἦς
2570 5386 2686 5440 ἐστι
2716 5386 3044 5459 δημιουργὸς
3074 5389 3103 5440 6
3126 5387 3277 5453 956;.
3316 5388 3425 5443 Καὶ
3454 5389 3557 5459 μὴν
3584 5380 3802 5451 καὶπρὸς

2278 5481 2345 5534 τὰ
2367 5480 2514 5550 πάθη
2543 5479 2644 5549 τῆς
2666 5481 2862 5551 σαρκὸς
2884 5482 3144 5545 ἑκουσίως
3171 5480 3627 5553 συνδιατιθὲμενον
3642 5476 3696 5529 οὐ
3716 5490 3801 5527 κω·

2278 5572 2417 5638 λύει,
2467 5572 2559 5626 καὶ
2589 5570 2684 5626 τοῦ
2711 5568 2830 5626 κατ’
2850 5572 3129 5644 ἐνέργειαν
3159 5570 3604 5646 συμπληρωτικοῦ
3630 5565 3798 5640 τρόπου
