3888 6448
138 400 249 467 909

1064 399 1467 463 ΕΧΡΟΞΙἸῚΟ
1522 402 1934 465 ORATIONIS
1990 403 2401 467 DOMINIC/E.

3289 409 3396 471 910

141 514 364 586 ἀγαθῶν
388 511 735 572 ὑποστάσεως
753 554 767 575 ,
821 512 1149 586 ὲποφθείσης
1172 517 1305 587 ἡμῖν
1328 518 1387 569 ἐν
1413 516 1562 588 αὐτῷ
1586 518 1721 588 Χρι-

1837 517 2078 573 tristibus
2102 533 2167 573 ac
2206 517 2595 573 cruciamentis
2635 532 2916 583 eruamur,
2958 516 3079 587 ipso
3132 531 3232 586 per
3270 533 3397 588 spe-

143 608 255 678 στῷ
284 605 364 675 τῷ
393 603 585 675 Κυρίῳ
611 602 797 673 ἡμῶν,
844 604 922 676 τῷ
954 606 1099 676 μόνῳ
1133 608 1229 661 σὺν
1258 609 1432 679 Πατρὶ
1464 610 1557 662 καὶ
1582 608 1759 679 ἁγίῳ,

141 698 423 768 Πνεύματι
470 695 810 766 δοξαζομένῳ
890 698 1040 769 παρᾶ
1096 699 1275 771 πάσης
1323 700 1426 773 τῆς
1468 700 1719 765 κτίσεως.

151 793 343 863 Ἀμήν.

788 990 1064 1047 ΣΧΟΛῙᾹ.

206 1082 278 1139 α’.
314 1083 407 1138 Fr.
437 1082 643 1138 Ταυτὺν
671 1083 764 1137 ἐπὶ
792 1083 926 1137 Θεοῦ
952 1081 1115 1153 βουλὴ
1139 1083 1232 1136 καὶ
1254 1082 1528 1153 βούλησις.

207 1175 278 1246 β’.
329 1176 606 1242 Ἐπαίνου,
657 1178 811 1247 φησὶ,
862 1175 956 1229 καὶ
988 1174 1156 1245 ψόγου
1190 1176 1333 1229 κατὰ
1362 1173 1521 1243 φύσιν
1544 1175 1721 1247 ὑπαρ-

135 1287 250 1337 -ίων
282 1271 313 1322 ὁ
338 1269 495 1337 λόγος
520 1268 804 1340 ἐλεύθερος
826 1308 842 1333 ,
888 1267 1076 1337 ἀπαθῆ
1110 1269 1255 1321 ποιεῖ
1281 1266 1373 1320 τὸν
1408 1268 1553 1337 μόνῳ
1580 1266 1721 1337 λόγῳ

132 1363 237 1431 ζῇν
263 1360 715 1432 προαιρούμενον·
750 1358 1006 1430 χωρὲζειν
1029 1360 1229 1414 πείθων
1249 1358 1359 1413 τῶν
1382 1358 1721 1431 φθοροποιῶν

131 1453 236 1522 τῆς
284 1453 467 1523 ψυχῆς
516 1452 616 1524 τὴν
664 1452 994 1523 ἐπιθυμίαν·
1056 1447 1126 1524 ἦς
1170 1452 1581 1523 ἀπογενομένης
1612 1451 1722 1505 τῶν

133 1546 342 1599 ῦλικῶν
361 1586 377 1611 ,
433 1544 555 1599 οὕτε
584 1544 693 1599 τῶν
717 1544 1111 1609 ἐπαινούντων,
1163 1542 1287 1599 οὔτε
1315 1544 1424 1598 τῶν
1445 1544 1721 1615 ψεγόντων

127 1639 208 1702 ὡς
231 1639 481 1709 πάσχων,
516 1638 544 1692 ὁ
568 1636 823 1703 καθ’ἒξιν
848 1639 1019 1708 πρᾶος
1049 1636 1383 1700 αἰσθάνεται,

1826 610 1966 665 ciem
1996 610 2184 664 donati
2206 610 2527 666 substantia:
2560 609 2831 663 bonorum
2854 608 3207 669 commercio,
3241 608 3399 677 cujus

1823 711 2047 771 aspectu
2096 701 2369 765 fruamur.
2422 700 2476 755 in
2509 702 2628 771 ipso
2655 699 2876 756 Christo
2924 699 3156 754 Domino
3185 706 3394 765 nostro,

1825 792 1921 863 qui
1970 792 2123 846 solus
2152 807 2279 847 cum
2306 793 2467 848 Patre
2508 802 2563 847 ct
2614 792 2826 863 Spiritu
2875 802 3068 848 sancto
3116 806 3147 845 a
3197 791 3399 845 creatis

1822 881 2083 938 omnibus
2130 883 2402 937 laudatur.
2450 884 2642 938 Amen.

2472 991 2766 1047 SCHOLIA
2777 1031 2791 1047 .

1896 1082 1947 1136 1.
1988 1082 2086 1137 Dei
2112 1082 2263 1138 idem
2295 1082 2589 1137 consilium
2644 1091 2727 1136 est
2776 1096 2840 1135 ac
2887 1082 3159 1138 voluntas.

1892 1173 1947 1227 2.
1982 1172 2126 1229 Cum
2154 1173 2307 1229 enim
2337 1174 2480 1228 ratio
2504 1182 2703 1227 natura
2728 1188 2758 1227 a
2790 1173 2952 1227 laude
2979 1183 3143 1245 atque
3182 1158 3401 1246 vitupe-

1824 1264 1907 1320 rio
1935 1263 2111 1319 libera
2133 1265 2237 1329 sit;
2263 1280 2389 1319 eum
2419 1265 2486 1319 ab
2507 1264 2795 1319 affectibus
2829 1267 3127 1320 immunem
3156 1278 3395 1337 praestat,

1823 1356 1918 1427 qui
1946 1366 2007 1411 ut
2032 1357 2145 1411 sola
2170 1357 2318 1410 vivat
2341 1356 2553 1410 ratione
2582 1356 2636 1410 in
2663 1357 2906 1411 animum
2934 1358 3174 1424 inducit;
3201 1376 3398 1431 nempe

1824 1448 2061 1503 suadens
2092 1457 2151 1502 ut
2177 1448 2347 1502 animi
2376 1448 2732 1517 cupiditatem
2762 1448 2831 1503 ab
2856 1448 2923 1503 iis
2951 1450 3252 1514 abstrahat,
3278 1469 3400 1522 quae

1823 1541 2233 1611 corruptionem
2274 1541 2563 1611 labemque
2597 1541 2883 1595 inducunt.
2928 1540 3064 1607 Qua,
3105 1556 3135 1594 a
3168 1545 3401 1599 terrenis

1820 1631 2102 1703 abjuncta,
2153 1629 2249 1699 qui
2305 1629 2497 1684 habitu
2546 1630 2697 1685 mitis
2736 1643 2845 1694 est,
2900 1646 3080 1700 neque
3113 1630 3402 1685 laudantes

1822 1722 1992 1777 sentit
2050 1736 2232 1789 neque
2283 1721 2679 1791 vituperantes,
2735 1720 2891 1791 quasi
2951 1723 3221 1777 alterutro
3289 1723 3406 1777 alli—

1823 1813 2023 1869 ciatur.

199 1918 237 1970 γ
258 1940 272 1953 .
314 1899 442 1954 Ven.
470 1908 521 1953 et
544 1898 639 1953 Fr.
687 1897 930 1962 Ἀνίσους
955 1895 1225 1961 διαθέσεις
1261 1896 1434 1964 λέγει,
1456 1894 1555 1959 τὰς
1585 1893 1721 1964 πρὸς

1894 1908 1948 1961 5.
1991 1905 2288 1976 Ιηαηιιοιθε
2334 1904 2659 1960 aﬂ‘ectioncs
2701 1914 2882 1970 vocat,
2931 1905 3029 1960 ira:
3076 1906 3289 1961 scilicet
3337 1921 3402 1961 ac

128 1992 342 2057 ἑαυτὰς
374 1992 473 2063 τὴν
499 1991 676 2063 ψυχὴν
705 1988 1048 2061 μορφούσας,
1098 1988 1193 2042 τοῦ
1216 2004 1277 2041 τε
1301 1986 1474 2058 θυμοῦ
1505 1986 1599 2039 καὶ
1623 1986 1723 2056 τῆς

124 2085 433 2156 ἐπιθυμίας
458 2086 731 2155 κινήσειςσ
766 2077 844 2137 ὧν
873 2081 1157 2152 ἐλεύθερον
1186 2074 1328 2133 εἶναι
1355 2079 1436 2132 δεῖ
1468 2077 1560 2132 τὸν
1582 2078 1722 2147 Χριο

127 2175 260 2230 στοῦ
294 2174 568 2247 μαθητήν·
604 2177 745 2247 μήτε
774 2174 929 2246 χύσει
958 2172 1054 2227 τοῦ
1089 2172 1219 2243 περὶ
1241 2170 1469 2244 καρδίαν
1493 2169 1723 2240 αἵματος

128 2269 271 2339 πρὸς
298 2268 495 2339 ἡδονὰς
524 2266 921 2333 ὀλισθαίνοντα,
959 2267 1096 2337 μήτε
1128 2263 1278 2329 ζέσει
1309 2260 1405 2316 τοῦ
1438 2262 1566 2335 περὶ
1590 2278 1724 2332 καρ⁴

123 2362 249 2415 δίαν
284 2361 515 2431 αἵματος
546 2359 683 2430 πρὸς
700 2358 870 2430 ὀργὰς
900 2356 1315 2427 ὲκμαινόμενον.

199 2450 262 2505 δ’.
305 2449 396 2504 Fr.
431 2450 621 2519 Λόγων
651 2449 896 2519 δηλονότι
930 2446 1248 2519 Ἑλληνικοῦ
1282 2447 1376 2501 καὶ
1403 2443 1718 2499 Ἰουδαῖκοῦο

121 2536 205 2597 ὧν
253 2545 315 2598 ἐν
360 2541 582 2614 Χριστῷ
634 2540 915 2606 παντελῶς
957 2540 1155 2603 οὐδείς.
1203 2537 1430 2609 Ἐπίσης
1464 2539 1574 2609 γὰρ
1621 2536 1722 2606 τῆς

124 2636 474 2706 πυλυαρχίας
496 2675 512 2700 ,
564 2635 663 2688 καὶ
693 2635 791 2707 τῆς
820 2634 903 2688 ὲνὶ
931 2632 1208 2705 προσώπῳ
1238 2630 1723 2704 περιγραφομένης

124 2730 455 2800 μοναρχίας,
494 2729 524 2782 ό
550 2726 645 2781 τοῦ
671 2725 908 2800 Χριστοῦ
938 2725 1240 2799 καθαρεύει
1268 2725 1449 2795 λόγος.

199 2919 264 2967 ε’.
294 2911 388 2965 Fr.
413 2904 488 2964 υύ
515 2910 624 2982 γὰρ
659 2909 804 2963 κατά
827 2908 1105 2980 γέννησιν,
1141 2907 1176 2979 ἢ
1205 2908 1454 2981 πρόοδον,
1485 2910 1605 2981 ἢτοι
1630 2908 1723 2962 ἐκ·

121 3021 351 3076 φανσιν.

202 3103 282 3162 ς’.
319 3095 411 3149 Fr.
447 3096 570 3159 Πῶς
612 3112 695 3159 τις
740 3093 966 3149 δύναται
1014 3094 1231 3165 ἀφιέναι
1276 3095 1387 3157 τοῖς
1419 3093 1722 3164 ὀφειλέταις

118 3191 194 3243 τὰ
223 3188 572 3259 ὀφειλήματα
589 3204 605 3254 ;

198 3282 267 3347 ζ’.
321 3280 414 3336 Fr.
461 3281 593 3345 Ταῖς
634 3279 744 3335 τῶν
771 3279 958 3351 ψυχῶν
997 3280 1157 3351 ἡμῶν
1201 3278 1505 3334 διαθέσεσιν
1537 3280 1571 3349 ἡ
1598 3277 1720 3333 θεία

115 3374 364 3437 δεόντως
392 3373 765 3444 ὲφαρμόζεται
789 3373 1129 3445 δικαιοσύνη,
1160 3372 1384 3443 τοιαύτη
1411 3373 1543 3443 ἡμῖν
1575 3388 1721 3440 γινο-

124 3465 297 3536 μένη,
315 3466 461 3529 οἴους
491 3466 744 3538 ἀλλήλοις
761 3467 987 3529 ἑαυτοὺς
1009 3465 1358 3536 πεποιήμεθα
1378 3478 1392 3494 ⁶
1422 3465 1515 3519 καὶ
1544 3465 1720 3518 τοιοῦ-

116 3577 222 3613 τον
251 3561 389 3630 ἡμῖν
414 3559 596 3623 αὐτοῖς
629 3559 722 3613 τὸν
758 3559 890 3614 Θεδν
928 3558 1265 3623 καθιστῶσα,
1300 3558 1445 3623 οἴους
1476 3556 1719 3627 φθάσαν-

121 3666 225 3714 τες
254 3652 372 3714 τοῖς
395 3647 784 3719 όμοιοπαθὲσιν
814 3648 1040 3711 ἑαυτοὺς
1063 3646 1416 3719 διεθήκαμεν.

199 3828 274 3899 η’.
326 3827 383 3881 '0
421 3827 519 3897 τῆς
539 3825 753 3896 φύσεως
780 3824 957 3894 λόγος,
989 3825 1146 3897 φησὶ,
1194 3824 1288 3879 καὶ
1317 3823 1479 3895 νόμος
1511 3823 1718 3892 γίνεται

118 3920 373 3992 φύσεως,
409 3920 704 3991 λαμϐάνων
731 3917 1129 3990 συμφωνοῦσαν
1157 3916 1258 3989 τὴν
1282 3915 1509 3989 γνώμην
1536 3918 1613 3981 εἰς
1637 3917 1721 3970 ἐν·

118 4012 353 4085 (prerat:
385 4011 496 4067 τῶν
528 4011 670 4066 κατά
698 4010 859 4083 φύσιν
886 4010 1186 4081 δυνάμεων.

1824 1997 2146 2067 cupiditatis
2199 2007 2402 2062 motus,
2450 2011 2518 2050 ex
2560 1996 2646 2049 sui
2700 1995 2912 2051 ratione
2946 1998 3193 2051 animum
3232 1997 3394 2052 infor-

1824 2096 2059 2152 mantes.
2091 2104 2123 2143 a
2154 2088 2362 2158 quibus
2382 2087 2618 2143 liberum
2642 2102 2763 2142 esse
2797 2097 3017 2158 oportet
3058 2088 3263 2144 Christi
3312 2089 3397 2143 di.

1824 2179 2129 2248 scipulum;
2178 2186 2238 2231 ut
2260 2192 2440 2247 neque
2491 2176 2772 2247 sanguinis
2800 2178 2946 2232 circa
2978 2194 3073 2232 cor
3106 2179 3402 2235 diﬂ‘usione

1823 2268 1892 2322 ad
1922 2268 2180 2323 libidines
2207 2269 2548 2339 prolabatur,
2581 2284 2760 2338 neque
2810 2268 3094 2338 sanguinis
3126 2271 3273 2326 circa
3304 2287 3403 2327 cor

1823 2360 2147 2415 accensione
2194 2360 2287 2415 ira
2325 2360 2513 2415 furore
2546 2360 2873 2415 concitetur.

1893 2452 1947 2505 ι.
1990 2450 2218 2516 llorum,
2264 2449 2563 2506 Graecanici
2593 2450 2801 2505 scilicet
2840 2465 2904 2505 ac
2937 2451 3152 2508 Judaict
3183 2469 3394 2510 sermo-

1823 2540 1945 2605 nis,
1994 2549 2193 2597 neuter
2238 2557 2466 2612 prorsus
2502 2542 2558 2596 in
2592 2542 2816 2599 Christo
2852 2553 2956 2600 est.
2994 2546 3229 2602 Perinde
3255 2548 3402 2603 enim

1821 2633 2029 2690 Christi
2063 2650 2247 2690 sermo
2280 2650 2351 2690 ac
2390 2635 2643 2691 doctrina
2665 2652 2697 2691 a
2732 2636 3041 2708 principatu
3074 2638 3231 2696 abest
3255 2640 3403 2696 inter

1823 2727 2028 2783 multos
2057 2728 2257 2793 diviso,
2284 2737 2343 2784 et
2367 2728 2436 2785 ab
2472 2744 2563 2794 eo,
2603 2730 2699 2800 qui
2734 2730 2851 2802 ipse
2888 2748 3053 2799 unus,
3078 2734 3244 2789 unius
3274 2750 3403 2807 per-

1822 2830 1972 2871 sona:
2001 2816 2269 2887 angustiis
2317 2826 2583 2873 arctatur.

1892 2905 1946 2960 5.
1985 2905 2106 2961 Non
2142 2906 2289 2961 enim
2328 2908 2708 2978 generatione,
2751 2918 2848 2966 aut
2887 2913 3241 2983 proccssione
3285 2916 3402 2974 sive

1823 3006 1949 3052 ortu
1982 3012 2048 3052 ac
2095 2998 2242 3067 quod
2274 2998 2529 3054 eluxerit.

1895 3087 1949 3143 θ.
1990 3088 2240 3155 Quonam
2290 3089 2456 3145 modo
2498 3098 2683 3160 potest
2724 3092 2852 3162 quis
2894 3092 3177 3154 dimittere
3214 3098 3400 3155 debita

1747 3193 1793 3252 ο
1825 3182 2207 3238 debitoribus?

1887 3273 1939 3326 7.
1982 3272 2177 3328 Divina
2212 3272 2611 3329 convenienter
2634 3276 2867 3347 justitia,
2904 3278 3072 3334 animi
3112 3281 3283 3337 nostri
3314 3283 3399 3338 af-

1815 3361 2054 3419 fectibus
2081 3372 2334 3432 aptatur;
2373 3364 2496 3418 talis
2517 3366 2734 3421 scilicet
2763 3367 2880 3437 ipsa
2912 3369 3072 3426 nobis
3103 3371 3395 3438 exsistens,

1815 3453 2010 3524 quales
2038 3455 2129 3509 alii
2157 3454 2281 3510 aliis
2299 3471 2401 3511 nos
2426 3456 2528 3526 ipsi
2550 3458 2898 3525 cxsistimus;
2929 3461 3208 3533 Deumque
3235 3464 3395 3520 talem

1817 3546 1978 3601 nobis
2008 3548 2373 3613 constituens,
2408 3548 2600 3619 quales
2645 3566 2775 3621 erga
2815 3553 3065 3624 ejusdem
3101 3556 3266 3611 sortis
3290 3558 3396 3612 mi-

1778 3674 1781 3677 -
1818 3638 1985 3693 sellos
2024 3638 2278 3696 homines
2319 3651 2485 3713 atque
2536 3643 2797 3699 mortales
2843 3660 2947 3700 nos
2988 3645 3094 3716 ipsi
3138 3648 3395 3705 exhibui-

1820 3745 1961 3784 mus.

1887 3826 1941 3882 8.
1982 3827 2202 3884 Naturae
2232 3830 2371 3884 ratio
2405 3830 2460 3884 in
2484 3840 2693 3887 naturae
2739 3832 2911 3902 ipsam
2939 3832 3114 3904 legem
3142 3835 3395 3903 vertitur,

1818 3919 2155 3976 voluntatem
2189 3938 2479 3979 assumens
2522 3940 2645 3994 qua:
2694 3940 2978 3980 assensum
3024 3927 3265 3996 praebeat
3296 3944 3396 3983 ηας

1818 4010 2079 4065 turalium
2120 4012 2428 4081 operationi
2471 4013 2674 4070 virium
2704 4031 2768 4071 ac
2803 4015 3144 4072 facultatum.

186 4201 3381 4241 Μ

1086 4353 1438 4417 MONITUM
1480 4355 1579 4415 AD
1618 4357 1913 4417 LIBRUM
1955 4356 2396 4419 ASCETICUM.

218 4508 482 4574 Maximi
553 4507 774 4568 librum
807 4505 1173 4587 asceticum
1221 4504 1325 4583 (id
1374 4511 1507 4587 est,
1556 4505 1639 4566 ad
1672 4506 1966 4587 pietatem
2008 4515 2425 4587 exercentem,
2472 4512 2540 4568 ut
2576 4504 2743 4587 dixit
2764 4506 3050 4587 Nobilius
3099 4508 3208 4587 qui
3252 4508 3393 4587 ipse

122 4592 349 4654 Latine
382 4584 870 4666 reprtescntavit,
910 4592 971 4644 et
1000 4586 1217 4666 Romae
1240 4602 1395 4666 cum
1431 4583 2123 4666 aliquothrysostomi
2162 4589 2222 4645 et
2262 4586 2503 4666 duabus
2541 4584 2750 4666 Basilii
2779 4585 3062 4666 epistolis
3101 4583 3204 4647 an.
3242 4583 3391 4650 1578

119 4670 352 4743 edidit)
406 4662 579 4726 nullo
628 4664 752 4725 alio
799 4664 1192 4743 commodius
1220 4662 1378 4743 loco
1416 4662 1615 4724 visum
1664 4663 1836 4735 dare,
1879 4680 2068 4741 quam
2112 4671 2181 4723 ut
2223 4664 2659 4743 subnecterem
2705 4662 2980 4743 orationi
3027 4665 3389 4742 Dominicte,

119 4750 215 4810 sic
261 4741 391 4825 pic,
428 4743 798 4815 luculenter,
831 4750 893 4825 et
931 4742 1009 4825 ad
1060 4741 1378 4825 charitatis
1421 4758 1701 4825 sensum,
1740 4743 1820 4825 ab
1863 4759 1941 4803 eo
1985 4743 2327 4821 expositae:
2365 4761 2554 4825 quam
2596 4742 2961 4825 charitatem
2994 4761 3067 4807 ac
3098 4741 3389 4825 dilectio-4

118 4820 306 4898 neni,
334 4831 467 4885 toto
510 4831 737 4903 nostra?
769 4820 985 4882 salutis
1015 4820 1269 4903 negotio
1306 4821 1550 4903 cunctis
1585 4820 1927 4903 dominam,
1963 4826 2024 4881 et
2065 4838 2330 4903 scopum
2373 4820 2445 4883 ac
2485 4824 2699 4903 tinem,
2737 4823 3147 4903 omniumque
3186 4824 3390 4885 admi-

117 4897 391 4966 randam
425 4900 954 4980 complexionem,
987 4907 1048 4980 et
1076 4899 1415 4980 sanctitatis
1442 4916 1514 4962 ac
1546 4897 1950 4979 perfectionis
1990 4897 2215 4980 metam
2246 4900 2310 4960 in
2341 4916 2417 4980 eo
2448 4901 2751 4980 Maximus
2788 4897 3058 4964 miriﬁce
3084 4902 3386 4976 laudavit;

118 4983 500 5064 liquideque
548 4977 707 5064 adeo
753 4978 921 5064 nulla
966 4978 1401 5064 allegoriarum
1445 4977 1730 5064 ambage,
1770 4984 1877 5037 aut
1918 4977 2061 5055 styli
2107 4978 2867 5064 productiorisanfractu,
2898 4980 3186 5064 familiari
3224 4982 3387 5064 duo-_

117 5056 268 5149 ru'm
307 5056 646 5149 colloquio
694 5075 805 5147 sua
853 5057 953 5119 hic
995 5057 1273 5149 digessit,
1307 5064 1377 5117 ut
1421 5056 1624 5149 nullas
1670 5064 2073 5149 meas‘notas
2098 5056 2373 5149 primum
2407 5058 2797 5147 adhibendas
2836 5058 3184 5149 putaverim
3221 5077 3236 5119 :
3273 5058 3389 5120 etsi

113 5142 265 5229 ipsa
304 5134 532 5201 Nobilii
566 5137 1115 5229 versionpnusqu‘e
1156 5135 1290 5229 fere
1335 5142 1441 5196 aut
1470 5136 1643 5229 ‘alter
1689 5134 2013 5229 scripturae
2062 5134 2382 5229 lecusﬂut
2419 5154 2498 5198 ne
2537 5137 2796 5229 omnino
2834 5134 2910 5229 iis
2947 5137 3246 5229 intactum
3284 5154 3386 5229 re—

114 5214 760 5297 linquerem,_suasit.
794 5218 927 5276 Hoc
960 5222 1127 5275 certe
1171 5215 1410 5297 audens
1447 5215 1652 5297 dicam
1696 5214 1760 5273 in
1813 5217 2056 5297 Patrum
2102 5215 2413 5289 asceticis,
2473 5232 2615 5297 qua:
2654 5222 2819 5276 tanta
2849 5215 3080 5277 Graecis
3101 5221 3384 5297 exstant,

114 5315 195 5359 ac
244 5291 392 5373 quae
436 5295 640 5357 adhuc
690 5311 927 5373 magna
957 5301 1191 5371 segete,
1236 5294 1503 5354 necdum
1554 5293 1802 5373 vulgata
1848 5291 2103 5373 possint
2143 5291 2600 5371 repraesentari,
2642 5300 3044 5373 ascetamque
3090 5292 3385 5373 formant,

120 5371 289 5461 nihil
335 5391 667 5436 occurrere
704 5374 876 5461 quod
905 5372 977 5461 in
1002 5389 1099 5461 _eo
1138 5387 1369 5461 genere
1418 5371 1669 5461 majoris
1700 5371 1901 5461 videri
1939 5371 2159 5461 possit,
2194 5379 2308 5461 aut
2337 5373 2503 5452 quod
2545 5371 2782 5461 utilius,
2823 5371 3102 5461 omnium
3146 5371 3387 5461 virtutis

120 5448 849 5533 palmstramerentium
900 5451 1015 5511 teri
1072 5451 1391 5533 manibus,
1444 5448 1638 5529 inque
1695 5448 1847 5522 illis,
1900 5448 1992 5510 vel
2045 5448 2770 5533 monastic—esgreligiosa
2822 5450 3243 5533 institutione,
3289 5450 3385 5533 vel

117 5528 457 5595 communi
503 5532 637 5609 ipsa
675 5536 1062 5609 augustaque
1107 5528 1450 5609 Christiana
1492 5528 1659 5591 θοι-ιθ
1700 5545 1772 5590 ac
1796 5530 2306 5609 nuncupatione,
2343 5530 2592 5590 assidue
2628 5528 2881 5609 versari.
2917 5529 3130 5591 Prodit
3159 5545 3235 5609 ex
3270 5528 3387 5590 du-

122 5611 283 5689 plici
331 5613 469 5671 Em.
515 5606 682 5689 card.
716 5606 1005 5689 Mazarini
1036 5608 1177 5669 cod.
1209 5608 1714 5689 membranaceo,
1755 5606 1950 5669 altero
1987 5606 2268 5687 antiquo,
2315 5609 2511 5670 altero
2563 5607 2969 5685 bombycino,
3012 5607 3261 5670 emend.
3307 5623 3385 5670 ex

120 5686 394 5751 meliore
444 5688 644 5767 Rapb.
685 5686 983 5763 Dufrenii,
1017 5703 1186 5755 nunc
1223 5686 1443 5765 Regio.
