3888 6438
555 356 662 421 915
985 398 994 399 κ
1731 360 1791 421 S.
1835 361 2088 422 MAXIM

2235 362 2664 424 DNFESSORIS
3683 366 3770 431 916

555 467 795 538 aspidem
826 477 875 520 et
901 465 1203 520 basilissum
1259 463 1548 528 maceudes,
1595 471 1643 516 et
1667 465 1995 520 conculcabis
2025 466 2090 520 let

2234 467 2324 521 ἐπ’
2348 469 2558 522 αὐτόν.
2607 467 2715 520 Καὶ
2743 467 2860 536 μετ’
2912 466 3100 534 ὀλίγαο
3135 467 3260 521 Ἐπὶ
3299 467 3526 522 ἀσπίδα
3562 471 3650 523 καὶ
3677 475 3769 536 βα.

555 576 675 614 ueni
701 567 752 613 et
779 558 1065 613 draconem
1093 575 1110 613 :
1146 559 1395 619 quoniam
1415 556 1616 627 angelis
1649 559 1757 612 suis
1781 559 2052 613 mandavit
2070 577 2090 611 ο

2236 561 2525 614 σιλίσκον
2544 557 2830 626 ἐπιϐήσῃ,
2867 557 2964 611 καὶ
2991 558 3439 624 καταπατήσεις
3469 559 3675 617 λέοντα
3691 566 3768 618 καί

556 658 627 714 te,
664 656 720 702 ut
741 649 1043 702 custodiant
1087 656 1137 701 te
1162 649 1216 701 iu
1247 647 1486 701 omnibus
1510 647 1605 700 viis
1634 647 1738 702 tuis
1758 647 1822 700 ¹³.
1853 646 1920 700 lli
1949 655 2091 700 autc:

2236 652 2536 720 δράκοντα
2558 667 2570 681 ο
2606 652 2696 704 ὅτι
2750 649 2874 716 τοῖς
2929 650 3210 719 ἀγγέλοις
3253 650 3441 708 αὑτοῦ
3489 651 3771 708 ἐντελεῖται

555 738 651 809 qui
676 754 827 792 carm
853 737 1036 792 animo
1056 736 1262 792 addicti
1294 745 1451 801 sunt,
1477 752 1540 791 ac
1575 746 1920 791 terrenorum
1947 751 2090 790 amor

2238 743 2367 811 περὶ
2403 741 2521 796 σοῦ
2549 781 2563 804 ,
2596 739 2700 794 τοῦ
2739 738 3105 808 διαφυλάξαι
3155 753 3231 792 σε
3291 739 3361 792 ἐν
3411 739 3628 806 πάσαις
3669 743 3773 811 sui;

558 840 848 896 tenentur,
884 829 1008 886 vide
1033 845 1099 886 ex
1147 829 1242 884 illo
1263 827 1395 900 quid
1428 828 1675 894 audiant,
1722 827 1824 894 Qui
1858 836 2008 882 amat
2039 845 2093 900 ρι

2239 837 2399 902 ὁδοῖς
2446 852 2583 891 σου.
2623 837 2688 889 Οἱ
2719 835 2777 888 δὲ
2805 836 2870 905 τῇ
2915 834 3080 903 σαρκὶ
3126 834 3549 904 προσκείμενοι,
3588 839 3672 889 καὶ
3697 839 3774 908 τὴν

556 932 692 976 trem
717 930 809 976 aut
844 930 1069 974 matrem
1097 917 1376 990 plusquam
1419 935 1522 983 me,
1541 934 1645 971 non
1669 927 1745 971 est
1768 934 1849 970 me
1861 918 2047 987 dignus
2067 918 2091 947 “

2238 926 2374 996 ὓλην
2407 925 2728 993 ἀγαπῶντες
2755 923 2848 977 τοῦ
2877 923 3107 992 κόσμου,
3142 924 3310 978 ἄκουε
3356 927 3488 977 ποτα
3522 926 3644 994 παρ’
3665 925 3772 997 [Λιι.

555 1012 864 1082 Paucisque
905 1008 1209 1080 interjectis
1244 1009 1356 1063 :Et
1398 1009 1489 1079 qui
1534 1025 1639 1063 non
1696 1008 1882 1078 accipit
1929 1023 2090 1060 cruce:

2239 1019 2468 1072 ἄκουσον
2504 1018 2554 1071 τί
2594 1019 2747 1088 παρ’.
2796 1016 2894 1072 Fr.
2942 1017 3106 1071 ἄκουε
3138 1012 3253 1088 οἷα]
3281 1017 3446 1072 αὑτοῦ
3487 1019 3774 1072 ἁκούουσιν·

553 1111 730 1167 suum,
769 1111 819 1157 et
853 1111 970 1174 post
1002 1118 1084 1157 me
1110 1103 1370 1173 sequitur,
1396 1119 1499 1156 non
1543 1111 1618 1156 est
1669 1117 1750 1155 me
1776 1101 1989 1171 dignus.
2041 1100 2084 1154 E

2249 1109 2313 1162 Ὀ
2343 1106 2535 1178 φιλῶν
2586 1109 2810 1176 πατέρα
2837 1107 2874 1175 ἢ
2896 1107 3125 1177 μητέρα
3175 1108 3329 1177 ὑπὲρ
3361 1108 3505 1178 ἐμὲ.
3545 1111 3648 1163 οὐκ
3674 1109 3778 1164 ἐστι

557 1193 661 1260 Qui
696 1210 800 1248 nou
834 1193 1101 1247 renuntiat
1129 1192 1369 1247 omnibus
1389 1232 1405 1257 ,
1449 1208 1566 1262 quo:
1596 1191 1849 1262 possidet,
1903 1206 2009 1244 non
2037 1205 2092 1260 pc

2246 1219 2354 1266 μου
2380 1200 2569 1266 ἄξιος.
2604 1201 2713 1254 Καὶ
2753 1199 2870 1268 μετ’
2903 1199 3059 1268 ὀλίγα
3090 1217 3103 1230 ο
3139 1199 3249 1254 Καὶ
3297 1200 3369 1265 ὃς
3416 1202 3493 1255 οὐ
3532 1203 3781 1270 λαμϐάνει

556 1293 654 1339 test
687 1301 832 1339 meus
864 1300 972 1339 esse
995 1281 1284 1354 discipulus
1311 1283 1374 1336 ¹⁵.
1411 1281 1516 1350 Qui
1541 1297 1673 1351 ergo
1709 1281 1860 1335 illius
1888 1279 2091 1349 discipt

2246 1292 2346 1344 τὸν
2372 1291 2641 1358 σταυρὸν
2692 1291 2880 1346 αὐτοῦ
2925 1292 3021 1345 καὶ
3064 1291 3393 1346 ἀκολουθεῖ
3440 1292 3634 1345 ὀπίσω
3668 1311 3781 1362 μου,

556 1374 645 1428 lus
681 1375 798 1430 fieri
838 1374 1068 1444 cogitat,
1110 1374 1341 1444 ejusque
1382 1374 1583 1444 dignus
1614 1371 1886 1436 inveniri,
1919 1386 2091 1425 necno

2248 1385 2353 1436 οὐκ
2385 1382 2517 1436 ἐστι
2543 1401 2662 1452 μου
2685 1382 2874 1449 ἄξιος.
2905 1383 3036 1444 Καὶ,
3057 1383 3257 1449 Ὅστις
3279 1386 3392 1437 οὐκ
3411 1384 3783 1438 ἀποτάσσεται

558 1466 628 1521 ab
656 1482 724 1522 eo
748 1466 1010 1521 virtutem
1042 1465 1296 1536 accipere
1335 1467 1628 1520 adversum
1669 1464 1898 1535 spiritus
1938 1463 2093 1531 nequ?

2252 1475 2392 1530 πᾶσι
2441 1474 2568 1540 τοῖς
2613 1473 2998 1543 ὑπάρχουσιν
3046 1475 3238 1540 αὐτῷ,
3290 1477 3366 1530 οὐ
3403 1475 3655 1530 δύναταί
3695 1496 3787 1545 μου

561 1559 670 1625 tiae,
700 1559 748 1614 is
797 1558 866 1615 ab
888 1559 1038 1613 omni
1067 1558 1275 1614 carnali
1317 1558 1609 1614 affectione
1642 1555 1911 1620 abscedit,
1936 1554 2096 1609 nuda!

2250 1560 2392 1618 sirm.
2416 1563 2709 1632 μαθητής.
2755 1563 2814 1616 ὐ
2841 1559 2934 1617 οὖν
2957 1563 3126 1617 θέλων
3163 1564 3421 1632 γενέσθαι
3450 1564 3621 1618 αὑτοῦ
3647 1566 3785 1636 μαθη-

561 1669 669 1722 que
720 1653 962 1723 scipsum
993 1650 1144 1707 omni
1199 1658 1547 1706 terrenorqu
1596 1665 1818 1715 amore;
1868 1656 2032 1718 atque
2084 1646 2096 1700 i

2252 1656 2362 1726 τὴς,
2395 1657 2488 1709 καὶ
2520 1655 2668 1722 seio;
2715 1656 2887 1711 αὑτοῦ
2932 1656 3223 1727 εὑρεθῆναι
3253 1672 3266 1686 ·
3305 1657 3400 1710 καὶ
3430 1656 3662 1727 δύναμιν
3685 1660 3787 1727 παρ’

561 1745 710 1802 [tunc
743 1746 962 1800 modum
1001 1744 1267 1800 adversus
1304 1743 1613 1798 invisibiles
1644 1742 1831 1797 hostes
1855 1749 2096 1797 certame

2253 1748 2408 1802 ιῦτοῦ
2457 1749 2646 1802 λαϐεῖν
2696 1750 2837 1803 κατὰ
2879 1749 2989 1803 τῶν
3039 1750 3372 1820 πνευμάτων
3396 1749 3504 1818 τῆς
3541 1752 3788 1820 πονηρίας,

560 1855 662 1910 pro
693 1839 840 1895 illius
871 1837 1142 1896 mandatis
1173 1837 1296 1902 init,
1328 1835 1475 1891 haud
1508 1837 1670 1892 aliter
1699 1852 1764 1892 ac
1797 1837 1913 1905 ipse
1949 1834 2095 1888 Doml

2253 1840 2470 1911 χωρίζει
2498 1841 2693 1894 ἑαυτὸν
2712 1842 2890 1911 πάσης
2925 1807 3195 1913 ωρκικῆς
3209 1807 3499 1912 σχέσεωςϊ
3513 1845 3608 1896 καὶ

561 1949 668 1988 nus
694 1949 754 1988 se
798 1932 961 1988 nobis
989 1931 1305 2001 exemplum
1335 1930 1626 1994 exhibuit,
1661 1938 1778 1983 tum
1829 1931 1885 1982 in
1916 1927 2096 1981 desert

2257 1931 2441 1984 ἑαυτὸν
2473 1931 2653 2000 πάσης
2691 1931 2881 2002 ὑλικῆς
2910 1934 3287 2002 προσπαθείας
3308 1953 3320 1967 ο
3355 1934 3454 1987 καὶ
3483 1933 3652 1996 οὕτως
3684 1934 3792 2003 πρὸς

561 2025 631 2080 ab
664 2025 886 2080 illorum
924 2025 1065 2082 duce
1094 2035 1356 2094 tentatus,
1390 2036 1506 2082 tum
1558 2027 1615 2081 in
1643 2026 1868 2081 deserto
1914 2023 1983 2078 ab
2013 2023 2096 2078 illc

2256 2024 2373 2085 τοὺς
2421 2024 2688 2096 ἀοράτους
2740 2023 2969 2094 ἐχθροὺς
3017 2025 3160 2096 ὑπὲρ
3209 2027 3319 2079 τῶν
3385 2024 3624 2078 ἐντολῶν
3658 2024 3791 2077 αὐτοῦ

559 2131 684 2170 rum
711 2115 850 2171 duce
903 2124 1164 2183 tentatus,
1195 2125 1332 2182 tum,
1367 2134 1492 2174 cum
1533 2133 1592 2173 se
1631 2117 1844 2172 mundo
1876 2115 2092 2171 dedisse

2257 2113 2612 2182 ἀγωνίζεται·
2641 2113 2720 2178 ὼς
2746 2113 2908 2178 αὐτὸς
2939 2115 2968 2166 6
3005 2116 3212 2186 Κύριος
3258 2116 3454 2170 ἑαυτὸν
3501 2115 3667 2169 τύπον
3687 2116 3792 2183 ἡμῖν

559 2205 629 2261 ab
667 2206 757 2273 tis,
792 2207 889 2277 qui
921 2207 1072 2262 illius
1102 2209 1409 2297 agebaptur
1434 2208 1641 2264 aﬂlatu.
2084 2295 2091 2297 Α

2256 2205 2548 2275 παρέσχεν,
2583 2207 2640 2258 ἐν
2668 2223 2726 2258 τε
2759 2209 2827 2277 τῇ
2863 2207 3059 2278 ἐρήμῳ
3088 2208 3196 2262 ὑπὸ
3225 2207 3320 2262 τοῦ
3363 2208 3618 2280 ἀρχηγοῦ
3645 2206 3791 2260 αὐτῶν

560 2298 958 2370 πειραζόμενος
978 2316 992 2329 °
1028 2302 1122 2354 καὶ
1148 2301 1206 2354 ὲν
1227 2295 1292 2372 τῇ
1335 2300 1627 2372 οἰκουμένῃ
1679 2299 1871 2365 ἐλθὼν,
1893 2297 1999 2352 ὑπὸ
2025 2295 2136 2352 τῶν
2175 2296 2267 2350 ὑπ’
2292 2295 2460 2350 αὑτοῦ
2491 2297 2919 2368 ἐνεργουμένων.

629 2394 682 2449 6.
709 2395 851 2450 Tum
889 2395 1059 2451 frater
1103 2413 1117 2450 :
1153 2397 1223 2450 At
1255 2397 1428 2451 multa
1470 2405 1621 2460 sunt,
1668 2395 1878 2466 inquit,
1916 2392 2134 2450 Domini

2314 2397 2388 2457 ς’.
2405 2391 2818 2462 ΚαὶόἋδελφὸς
2840 2387 2992 2446 εἶπεν
3010 2410 3025 2424 ο
3063 2394 3222 2448 Ἀλλά
3249 2395 3442 2448 πολλαὶ
3471 2396 3604 2458 εἱσι,
3626 2397 3790 2462 Πάτερ,

562 2485 848 2551 mandata;
879 2495 938 2540 et
964 2487 1094 2556 quis
1119 2485 1305 2541 animo
1343 2501 1532 2541 coram
1577 2485 1761 2539 omnia
1792 2485 1997 2540 habere
2041 2499 2097 2554 pc

2255 2485 2300 2538 ιι
2329 2483 2422 2537 τοῦ
2453 2484 2660 2554 Κυρίου
2691 2483 2931 2537 ὲντολαίο
2962 2486 3058 2538 καὶ
3088 2485 3172 2548 τίς
3205 2485 3431 2540 δύναται
3467 2487 3649 2550 πάσας
3681 2485 3790 2554 ἔχειν

561 2586 689 2643 test,
725 2585 788 2631 ut
809 2592 911 2646 pro
933 2577 1194 2632 omnibus
1228 2576 1530 2632 certamine
1559 2577 1891 2642 contendat;
1927 2577 2014 2630 vel
2039 2591 2096 2646 eg

2257 2571 2388 2625 κατά
2417 2571 2562 2637 νοῦν,
2587 2572 2674 2626 ἵνα
2702 2573 2845 2643 ὑπὲρ
2885 2575 3076 2629 ⁸ιεασῶν
3105 2576 3446 2646 ἀγωνίσηται
3470 2595 3487 2642 ;
3515 2578 3624 2646 ἐγὼ
3648 2578 3695 2629 δὲ
3719 2578 3792 2646 μά-

563 2669 823 2733 maxime,
859 2670 954 2738 qui
1001 2669 1210 2739 fragilis
1240 2667 1523 2722 memoriae
1554 2683 1698 2732 sum,
1756 2683 1860 2722 nec
1890 2666 2098 2738 pluriul

2255 2667 2421 2727 liora,
2460 2662 2738 2732 ὀλιγόνους
2793 2665 3089 2736 ὑπάρχων;
3140 2667 3406 2738 σύντομον
3447 2669 3612 2736 λόγον
3643 2667 3790 2737 ἤθελον

563 2775 788 2830 possum
841 2759 1393 2822 meminisseﬂlelim
1449 2759 1640 2815 audire
1686 2758 2098 2829 compendiosul

2254 2753 2499 2817 ἀκοῦσαι,
2533 2756 2620 2808 ἵνα
2651 2756 2814 2808 αὐτὸν
2843 2757 3081 2827 κρατῶν,
3103 2757 3174 2810 δι’
3192 2756 3362 2811 αὐτοῦ
3390 2759 3688 2828 ἐσωζόμην.
3711 2759 3789 2810 Κιὶ

561 2867 897 2916 sermonem,
955 2860 1016 2907 ut
1041 2867 1166 2907 eum
1195 2859 1379 2908 mente
1405 2860 1620 2916 tenens,
1667 2852 1816 2907 illius
1852 2867 1954 2922 ope
1993 2867 2096 2906 me:

2254 2845 2510 2918 ιπεκρίθη
2536 2848 2566 2900 6
2597 2847 2798 2918 γέρων·
2817 2849 2881 2901 Ei
2905 2849 2999 2902 καὶ
3021 2849 3213 2902 πολλαί
3241 2851 3401 2915 εἰσιν,
3442 2849 3679 2918 Ἀδελφὲ,
3703 2846 3789 2901 ἀλλ’

565 2942 686 3012 ipse
739 2941 902 2996 saluti
960 2941 1330 2997 consulerem.
1381 2940 1685 3009 Respondit
1717 2956 1886 2994 senex
1927 2940 2100 2995 :Mult

2254 2939 2329 2992 ἑνὶ
2383 2939 2526 3010 λόγῳ
2586 2939 3136 3008 ἀνακεφαλαιοῦνται,
3203 2942 3261 2993 ὲν
3296 2941 3409 3011 τῷ,
3470 2942 3789 3010 Ἀγαπήσεις

564 3033 791 3104 quidem
825 3043 976 3098 sunt.
1029 3031 1104 3088 mi
1157 3033 1348 3096 frater,
1403 3033 1462 3086 in
1491 3046 1601 3086 uno
1653 3040 1836 3086 tamen
1883 3044 2099 3086 sermo"

2255 3031 2474 3098 Κύριον
2505 3031 2615 3084 τὸν
2674 3031 2824 3085 Θεόν
2867 3046 2986 3086 σου
3031 3032 3102 3097 ἐξ
3147 3033 3298 3099 ὅλης
3331 3033 3442 3100 τῆς
3480 3033 3681 3099 ἰσχύος
3702 3047 3790 3082 σου

566 3143 781 3182 suilrma
806 3127 1178 3199 colliguntur;
1209 3125 1359 3196 quod
1407 3125 1622 3180 scilicet
1647 3123 1852 3178 dicitur
1886 3138 1905 3176 :
1940 3121 2101 3192 Dilige

2255 3122 2348 3176 ml
2376 3121 2446 3187 ἐξ
2475 3121 2620 3190 ὅλης
2649 3120 2758 3190 τῆς
2785 3122 3058 3190 διανοίας·
3082 3139 3198 3177 σου
3231 3139 3246 3154 ο
3275 3125 3372 3178 καὶ
3407 3123 3521 3177 τόν
3565 3123 3790 3188 πλησίον

565 3218 846 3276 Dominum
881 3220 1049 3275 Deum
1099 3227 1246 3273 tuum
1285 3233 1348 3272 ea:
1379 3227 1488 3272 tota
1537 3216 1840 3287 fortitudine
1872 3223 1963 3268 tua
1992 3224 2040 3269 ct
2080 3230 2100 3266 ε

2254 3226 2366 3268 σου
2395 3211 2476 3278 ὡς
2504 3213 2742 3268 ἑαυτόν.
2763 3213 2874 3268 Kal.
2897 3215 2926 3266 6
2953 3212 3355 3283 ἀγωνιζόμενος
3381 3213 3577 3266 τοῦτον
3607 3213 3789 3282 κρατεῖν

568 3319 679 3367 tota
715 3320 885 3366 mente
920 3319 1042 3376 tua;
1071 3319 1118 3365 et
1143 3310 1444 3382 proximum
1476 3317 1625 3362 tuum
1661 3307 1798 3387 sicut
1829 3305 2103 3376 teipsum”

2252 3305 2339 3358 τὸν
2369 3303 2526 3372 λόγον
2551 3344 2567 3366 ,
2601 3304 2782 3387 πάσας
2818 3302 2956 3374 ὁμοῦ
3013 3303 3114 3366 τάς
3165 3304 3388 3366 ἐντολάς
3431 3304 3695 3374 κατορθοῖ.
3733 3301 3787 3351 οι

567 3420 655 3468 ac,
690 3405 784 3474 qui
819 3417 988 3459 unum
1036 3404 1185 3458 hunc
1232 3416 1546 3457 sermonem
1583 3384 1805 3454 servare
1834 3397 2094 3453 contendi

2251 3395 2471 3450 δύναται
2497 3394 2556 3448 δέ
2588 3384 2698 3458 τις⁷
2720 3395 2796 3465 μὴ
2834 3395 3073 3466 χωρίσας
3104 3394 3296 3448 ἑαυτὸν
3315 3437 3331 3458 ,
3361 3393 3439 3458 ὡς
3487 3393 3786 3463 προείρηται.

568 3495 755 3550 omnia
799 3495 963 3551 simul
1014 3493 1271 3551 mandata
1310 3493 1522 3562 implet.
1557 3491 1676 3546 Non
1718 3499 1900 3562 potest
1937 3499 2103 3544 auten

2252 3487 2349 3558 τῆς
2375 3487 2485 3540 τῶν
2530 3487 2732 3540 ὑλικῶν
2785 3487 3184 3557 προσπαθείας,
3213 3485 3337 3540 οὔτε
3386 3485 3482 3540 τὸν
3520 3486 3667 3542 Θεὸν.
3691 3482 3787 3536 οὔτε

569 3585 650 3639 uti
675 3585 787 3656 jam
814 3585 869 3640 in
903 3585 1286 3656 superioribus
1318 3583 1527 3639 dictum
1559 3592 1665 3648 est,
1707 3584 1801 3654 qui
1833 3597 1862 3636 a
1892 3589 2104 3637 terreno

2247 3579 2341 3633 τὸν
2402 3580 2630 3650 πλησίον
2682 3579 2969 3649 ἀγαπῆσαι
3015 3577 3252 3649 γνησίως
3298 3591 3313 3606 ⁸
3344 3576 3538 3647 ἐπειδὴ
3585 3574 3705 3644 ὁμοῦ
3738 3574 3782 3638 1i

571 3693 694 3732 rum
724 3677 1016 3734 atiectione
1043 3676 1288 3732 animum
1321 3691 1433 3732 non
1481 3674 1814 3746 abjuuxerit,
1866 3681 1962 3729 aut
1984 3674 2106 3744 371

2252 3671 2354 3744 ὕλῃ
2383 3670 2740 3741 προσκεῖσθαι
2769 3709 2785 3733 ,
2815 3669 2910 3722 καὶ
2947 3668 3038 3722 τὸν
3088 3668 3220 3722 Θεὸν
3261 3667 3550 3735 ἀγαπῆσαι
3574 3705 3590 3728 ,
3616 3662 3785 3731 ἀμήχα-

572 3769 745 3824 Deum
795 3784 926 3825 vere
971 3769 1202 3840 diligere
1253 3776 1349 3822 aut
1398 3766 1748 3838 proximum;
1782 3764 1928 3836 quod
1981 3765 2107 3820 siun

2251 3780 2361 3816 νον.
2383 3763 2493 3816 Kal.
2523 3761 2682 3816 τοῦτό
2717 3761 2866 3814 ἐστιν
2903 3759 2932 3814 ὃ
2956 3759 3104 3827 λέγει
3131 3760 3160 3812 6
3195 3757 3403 3828 Κύριος
3423 3773 3434 3784 ’
3478 3755 3678 3820 οὐδεὶς
3710 3752 3784 3805 δύ-

574 3857 816 3914 terrenis
844 3857 1011 3922 adici,
1061 3859 1348 3927 Deumque
1399 3857 1652 3928 diligere,
1710 3857 1856 3912 haud
1905 3872 2109 3926 unquar

2251 3871 2425 3910 ναι-αι
2457 3855 2601 3909 δυσὶ
2635 3854 2866 3920 κυρίοις
2890 3851 3222 3907 δουλεύειν.
3243 3850 3353 3903 Καί
3374 3866 3388 3880 ·
3421 3848 3629 3914 Οὐδεὶς
3649 3846 3786 3901 δύνο-

572 3944 892 4015 contigerit.
942 3945 1100 4011 Quod
1136 3946 1212 4004 ita
1247 3945 1512 4002 Dominus
1541 3946 1870 4017 designavit,
1898 3945 2107 4001 cumait

2251 3965 2346 4002 ται
2369 3947 2491 4012 Θεῷ
2516 3946 2834 4002 δουλεύειν
2860 3944 2961 3999 καὶ
2998 3941 3272 4013 μαμωνᾷ.
3305 3943 3476 3997 Ὅσον
3513 3942 3620 4011 γάρ
3646 3942 3672 3992 6
3693 3937 3783 3997 ναῖς

569 4034 738 4092 Nemo
777 4045 946 4108 potest
975 4036 1172 4092 duobus
1214 4037 1438 4093 dominis
1487 4039 1684 4092 servire
1709 4040 1773 4093 ¹⁷.
1820 4039 1926 4094 Et:
1957 4038 2104 4093 Nulli

2251 4040 2413 4111 ἡμῶν
2442 4038 2550 4093 τῶν
2571 4037 2668 4092 τοῦ
2698 4038 2904 4108 κόσμου
2930 4036 3214 4105 ἀντέχεται
3256 4036 3621 4104 πραγμάτων.
3648 4028 3782 4084 δεδού-

572 4137 737 4198 potest
785 4129 888 4186 Deo
924 4131 1120 4186 servire
1153 4141 1218 4185 et‘
1257 4145 1568 4186 mammona:
1592 4132 1655 4187 η.
1686 4131 1965 4198 Quantum
2001 4131 2107 4186 enin

2252 4133 2422 4188 λωται
2444 4133 2664 4201 αὑτοῖςξ,
2700 4132 2795 4187 καὶ
2825 4131 3159 4200 καταφρονεῖ
3177 4127 3275 4199 τὴν
3303 4126 3526 4198 ιντολὴν
3562 4124 3653 4180 τοῦ
3682 4119 3783 4176 Θεοῦ

574 4232 733 4273 mens
754 4227 942 4273 nostra
964 4217 1165 4274 aﬂ'ectu
1196 4217 1435 4273 terrenis
1469 4218 1640 4274 rebus
1660 4217 2008 4282 adhaerescit,
2042 4217 2151 4273 illis
2255 4224 2627 4296 παραϐαίνων.

575 4309 946 4380 mancipatur,
993 4311 1316 4381 spernitque
1369 4311 1468 4366 Dei
1497 4310 1956 4383 transgrediendo
1992 4326 2152 4364 man-

575 4399 785 4456 datum.

684 4531 701 4546 .
739 4491 829 4546 Ait
874 4493 1042 4547 frater
1073 4491 1327 4568 :.Quibus
1384 4493 1551 4549 rebus
1597 4493 1768 4560 dicis,
1817 4492 2018 4548 Pater?
2046 4493 2153 4548 Re-
2185 4478 2219 4534 ί]

2329 4501 2394 4564 ζ’.
2437 4500 2546 4552 Καὶ
2573 4501 2603 4553 6
2653 4498 2906 4568 ’Δδελφδς
2939 4495 3060 4551 εἷπε
3079 4511 3094 4528 ⁸
3134 4496 3311 4551 Ποίων
3353 4493 3682 4566 πραγμάτων
3719 4489 3783 4540 λέ-

576 4580 802 4650 spondit
828 4597 994 4637 senex
1022 4600 1035 4636 :
1066 4583 1239 4649 Cibis,
1263 4585 1536 4655 pecuniis,
1561 4584 1802 4654 przediis,
1829 4583 2023 4655 gloria,
2056 4600 2111 4640 cc

2259 4609 2394 4660 γεις,
2431 4592 2660 4661 [Ιάτερς
2701 4592 2812 4645 Καὶ
2843 4592 2872 4644 6
2914 4591 3093 4660 γέρων
3135 4588 3444 4658 ἀπεκρίθη*
3494 4584 3780 4656 Βρωμάτυνν

577 4672 761 4743 gnatis
787 4687 884 4728 seu
918 4673 1193 4741 affinibus,
1225 4685 1282 4732 et
1325 4677 1617 4748 ejusmodi.
1642 4677 1724 4732 Ad
1749 4693 1916 4747 quem
1941 4677 2112 4733 frater

2258 4683 2561 4754 χρημάτων
2581 4725 2594 4748 ,
2635 4683 2932 4752 κτημάτων
2953 4723 2968 4746 ,
2997 4681 3176 4749 δόξης,
3235 4680 3536 4748 συγγενῶν,
3587 4675 3675 4729 καὶ
3701 4671 3780 4723 τῶν

577 4761 774 4830 Quaeso
805 4771 894 4830 te,
937 4764 1119 4832 Pater,
1151 4767 1400 4838 nunquid
1438 4785 1548 4824 non
1598 4784 1662 4824 ea
1692 4769 1839 4823 Deus
1885 4770 2104 4825 condidi

2256 4771 2405 4841 ἑξῆς.
2431 4770 2542 4824 Kal.
2561 4773 2591 4824 6
2624 4769 2876 4839 Ἀδελφδς
2896 4765 3067 4822 εἶπεν·
3102 4769 3257 4832 Εἰπὲ,
3283 4769 3482 4839 Πάτερ,
3502 4763 3614 4835 οὐχὶ
3635 4765 3662 4815 6
3681 4759 3781 4812 Θεὸς

579 4865 744 4926 atque
789 4856 1107 4915 hominibus
1145 4860 1351 4916 utenda
1379 4862 1701 4917 concessit?
1730 4862 2036 4932 Respondit
2063 4880 2114 4918 se

2257 4862 2400 4917 αὑτά
2435 4861 2639 4928 ἔκτισε,
2658 4863 2751 4915 καὶ
2788 4864 2898 4924 τώς
2925 4859 3234 4932 ἀνθρώποις
3263 4862 3346 4924 είς
3366 4863 3556 4931 χρῆσιν
3582 4856 3777 4910 δὲὁωιε;

578 4961 724 5002 nex:
762 4947 905 5003 Sane
933 4949 1110 5020 liquet
1135 4950 1306 5007 Deum
1332 4967 1396 5007 ea
1419 4953 1752 5019 condidisse,
1784 4963 1949 5024 atque
1974 4955 2113 5009 homi

2257 4957 2350 5010 καὶ
2395 4955 2513 5018 πῶς
2564 4953 2780 5008 κελεύει
2832 4954 3014 5008 αὐτῶν
3049 4953 3123 5025 μὴ
3155 4954 3476 5023 ἀντέχεσθαι
3507 4949 3618 5023 [ιιίι.
3651 4946 3778 4999 ἄπτε-

581 5037 748 5094 nibus
771 5040 974 5096 utenda
1026 5039 1342 5098 trhdidisse.
1377 5043 1572 5098 Omnia
1608 5044 1756 5100 enim
1798 5061 1829 5100 a
1865 5047 1978 5101 Deo
2012 5047 2116 5102 bon

2258 5047 2428 5119 σθαι];
2454 5047 2565 5100 Καὶ
2591 5046 2864 5118 ἀπεκρίθη
2893 5047 2922 5099 6
2953 5046 3130 5116 γέρων
3149 5061 3162 5076 ·
3183 5045 3351 5114 Δῆλον
3378 5045 3461 5097 ὅτι
3480 5045 3507 5095 6
3537 5043 3656 5102 $6;
3674 5031 3777 5089 αὐτᾶ

581 5132 802 5188 condita
832 5137 1043 5200 sunt",
1080 5144 1142 5190 ut
1173 5136 1313 5192 bene
1350 5137 1460 5193 illis
1494 5139 1726 5205 utendo,
1761 5141 1874 5195 Deo
1909 5141 2116 5210 placere

2257 5139 2461 5204 ἔκτισε,
2492 5138 2584 5191 καὶ
2613 5136 2848 5191 δέδωκεν
2867 5140 2947 5201 εἰς
2975 5139 3173 5208 χρῆσιν
3201 5139 3314 5198 τοῖς
3350 5132 3660 5204 ἀνθρώποις.
3679 5124 3774 5181 Καὶ.

581 5239 724 5278 mus.
759 5224 871 5281 Nos
927 5225 1213 5282 enimvero
1242 5227 1338 5298 qui
1382 5229 1584 5284 inﬁrmi
1628 5247 1693 5286 ac
1740 5232 1946 5286 terreni
1974 5231 2116 5284 anim

2260 5230 2404 5285 καλὰ.
2435 5230 2614 5283 πάντα
2648 5230 2717 5284 τὰ
2755 5229 2860 5282 ὑπὸ
2906 5228 3002 5281 τοῦ
3037 5227 3174 5281 Θεοῦ
3223 5226 3500 5295 γεγονότα,
3524 5224 3602 5275 ἶνα
3638 5215 3776 5272 καλῶς

582 5313 780 5380 simus,
811 5333 904 5372 res
947 5327 1199 5374 terrenas
1229 5317 1546 5376 dilectionis
1596 5331 1874 5392 praecepto
1915 5323 2109 5391 praetul

2259 5323 2444 5384 αὐτοῖς
2501 5320 2870 5390 χρησάμενοι,
2903 5319 2981 5388 τῷ
3034 5318 3154 5388 Θεῷ
3200 5318 3665 5389 εὐαρεστήσωμεν·
3691 5305 3776 5360 ἀλλ’

583 5421 736 5472 mus;
776 5407 996 5478 illisque
1025 5410 1233 5477 aﬂ'ecti,
1290 5412 1612 5469 hominibus
1667 5429 2004 5485 pugnamus;
2032 5431 2118 5470 cur

2262 5415 2423 5484 ἡμεῖς
2443 5412 2692 5477 ἀσθενεῖς
2717 5412 2890 5476 ὄντες,
2913 5412 3006 5463 καὶ
3028 5410 3204 5462 ὐὶακοὶ
3227 5411 3292 5478 τῇ
3311 5408 3511 5476 διανοίᾳ
3535 5404 3681 5475 ίιὶῌ.
3703 5396 3775 5460 τὴν

583 5515 682 5570 par
713 5507 880 5566 esset,
915 5511 978 5556 ut
999 5502 1069 5558 iis
1095 5505 1354 5561 omnibus
1386 5522 1509 5576 qua:
1539 5507 1593 5561 in
1624 5513 1906 5576 aspectum
1931 5506 2110 5561 cadun

2263 5503 2572 5576 διάνοιαν
2611 5505 3061 5576 προετιμήσαμεν
3113 5502 3184 5555 τὰ
3243 5501 3403 5554 ὑλικά
3445 5499 3536 5566 τῆς
3599 5489 3773 5554 ἐντυλῆὸ

660 5731 702 5761 ⁸³
735 5731 1190 5793 Psal.xc,l~l-|5.
1271 5735 1311 5766 “
1349 5734 1613 5805 Mattb._x,
1653 5737 1740 5791 37.
1823 5740 1864 5770 ¹⁵
1900 5737 2032 5792 Luc.
2070 5754 2120 5792 χι

589 5814 695 5866 ιγι,
740 5801 823 5855 15.
860 5870 866 5871 ί
904 5804 943 5834 ³³
978 5803 1115 5859 Gen.
1154 5821 1190 5871 ι,
1227 5806 1313 5859 51.

2222 5738 2298 5807 55,
2331 5739 2422 5794 3i.
2502 5739 2545 5771 ⁸⁸
2570 5737 2732 5795 Marc.
2768 5754 2860 5804 xu,
2890 5736 2976 5793 50.
3061 5739 3099 5769 ¹⁷
3134 5736 3322 5791 Matth.
3366 5733 3513 5802 “ﬁt
3600 5729 3638 5759 ¹¹
3665 5724 3757 5778 Luc
