4082 6444
274 355 388 423 917

1559 353 1792 416 LIBER
1829 354 2261 416 ASCETICUS.

3435 346 3545 415 918

268 470 377 537 τῆς
421 463 643 535 ἀγάπης
665 478 679 493 ⁸
714 462 807 516 καὶ
842 460 1022 516 αὐτῶν
1067 460 1453 533 ἀντεχόμενοι,
1486 464 1598 527 τοῖς
1646 462 1861 535 ἀνθρώ-

1977 477 2195 535 psoquc
2239 444 2493 533 corpore,
2562 460 2805 533 cujusvis
2858 460 3147 516 hominum
3196 460 3551 517 dilectionem

270 573 403 621 ποις
444 553 732 627 μαχόμεθα
758 569 772 584 ·
804 553 926 607 δέον
983 554 1205 608 πάντων
1252 552 1361 607 τῶν
1403 554 1720 627 ὁρωμένων,
1763 554 1859 610 καὶ

269 648 445 703 αὑτοῦ
473 646 569 701 τοῦ
594 645 866 717 σώματος,
892 645 993 716 τὴν
1021 645 1225 709 παντὸς
1264 644 1553 717 ἀνθρώπου
1586 648 1860 717 προτιμῆ-

271 756 372 793 σαι
399 738 621 808 ἀγάπην
639 753 655 770 ο
685 738 809 808 ἣτις
837 736 987 788 ἐστὶν
1008 734 1298 807 γνώρισμα
1318 735 1418 807 τῆς
1450 736 1530 800 είς
1558 735 1693 790 Θεὸν
1719 735 1861 805 ἀγά-

270 850 417 904 πης,
451 829 637 894 καθὼς
664 830 826 893 αὐτὸς
874 831 904 884 6
933 829 1135 901 Κύριος
1166 830 1226 882 ἐν
1258 828 1611 899 Εῦαγγελίοις
1654 827 1863 882 δείκνυ-

272 939 393 979 σινο
431 924 487 977 '0
516 920 766 992 amart?»-
793 922 936 992 ἐμὲ,
971 922 1145 993 φησὶ,
1173 922 1285 988 τὰς
1322 920 1579 987 ἐντολάς
1610 937 1732 991 μου
1762 936 1864 987 τη-

264 1015 475 1085 ρήσει.
502 1016 611 1069 Καὶ
643 1014 727 1079 τίς
755 1016 905 1067 ἐστιν
936 1014 975 1084 ἡ
1024 1013 1214 1085 ἐντολὴ
1262 1014 1330 1083 ἧν
1364 1015 1728 1085 τηρήσαντες,
1761 1014 1862 1065 αύ-

269 1110 374 1164 τὺν
429 1108 832 1178 ἀγαπήσωμεν,
885 1104 1051 1159 αὑτοῦ
1102 1104 1352 1168 ἄκουσον,
1381 1104 1667 1172 λέγοντος’
1704 1104 1864 1173 Αὕτη

268 1200 351 1253 δέ
372 1201 545 1254 ἐστιν
573 1200 610 1267 ἡ
639 1197 861 1265 ἐντολὴ
886 1201 923 1265 ἡ
952 1198 1088 1268 ἐμὴ.
1111 1198 1213 1251 ἵνα
1237 1196 1505 1266 ἀγαπᾶτε
1526 1196 1860 1264 ἀλλήλους.

282 1297 458 1369 Ὀρᾷς
501 1297 585 1350 ὅτι
633 1296 662 1365 ἡ
712 1293 962 1365 ἀλλήλων
1014 1293 1243 1363 ἀγάπη,
1270 1290 1369 1363 τὴν
1411 1293 1492 1354 εἰς
1541 1291 1676 1345 Θεὸν
1726 1290 1867 1359 ἀγά-

271 1406 392 1459 πην
434 1388 768 1459 συνίστησιν,
783 1386 910 1457 ἥτις
955 1386 1073 1440 ἐστὶ
1102 1386 1377 1458 πλήρωμα
1408 1385 1589 1455 πάσης
1622 1384 1759 1437 Θεοῦ
1782 1384 1868 1436 bi-

269 1480 474 1549 τολῆς;
502 1478 601 1531 Διά
631 1475 790 1529 τοῦτο
823 1469 916 1529 οῦν
946 1474 1162 1529 κελεύει
1190 1474 1372 1529 αὐτῶν
1402 1472 1476 1545 μὴ
1507 1470 1829 1544 ἀντέχεσθαι
1849 1486 1862 1501 °

271 1573 417 1626 ἀλλά
450 1570 544 1625 καὶ
579 1568 951 1636 ἀποτάξασθαι
1000 1569 1135 1622 πᾶσι
1166 1568 1281 1629 τοῖς
1320 1565 1661 1635 ὑπάρχουσιν
1694 1563 1865 1634 αὐτῷ,

274 1666 461 1719 πάντα
491 1664 585 1717 τὸν
619 1661 766 1733 αὐτῷ
812 1660 1145 1733 μαθητεύειν
1183 1657 1599 1730 ἐπιθυμητικῶς
1651 1657 1863 1727 ἔχοντα.

354 1762 424 1830 η’.
448 1758 555 1810 Καὶ
578 1760 606 1810 6
642 1755 894 1824 Ἀδελφὸς
922 1750 1098 1808 εἶπεν·
1125 1753 1344 1825 Ἐπειδὴ
1367 1748 1538 1814 εἶπες,
1570 1751 1867 1820 Πάτερ,ὃτι

1968 556 2147 627 pluris
2197 544 2687 624 faceremus;qu:e
2720 553 2978 608 videlicet
3020 553 3225 608 indicio
3275 564 3362 609 est
3407 555 3555 608 illius

1973 646 2286 711 charitatis,
2317 661 2441 715 quae
2469 645 2538 700 ad
2568 646 2741 700 Deum
2776 654 2883 711 est,
2912 645 2992 700 uti
3022 644 3140 716 ipse
3182 645 3447 700 Dominus
3496 644 3553 699 in

1969 738 2284 809 Evangeliis
2306 736 2581 792 ostendit:
2614 735 2717 803 Qui
2739 737 2911 809 diligit
2935 753 3037 804 me,
3062 736 3260 806 inquit,
3296 736 3554 791 mandata

1969 848 2088 887 mea
2116 831 2343 887 servabit
2360 833 2425 885 ’°.
2469 829 2755 897 Quodnam
2783 844 2914 884 vero
2942 829 3262 884 mandatum
3295 828 3387 893 sit,
3407 827 3554 898 quod

1970 924 2244 980 servando
2275 924 2453 994 ipsum
2495 921 2893 987 dilexerimus,
2926 922 3056 977 audi
3096 922 3276 991 ipsum
3320 920 3555 990 loquen-

1971 1024 2125 1074 tem:
2162 1016 2272 1071 Hoc
2324 1024 2400 1070 est
2443 1022 2764 1086 pra'ceptum
2814 1031 3009 1079 meum,
3058 1022 3115 1067 ut
3145 1013 3379 1084 diligatis
3424 1014 3557 1067 iuvi-

1970 1125 2079 1163 cem
2103 1109 2170 1161 ”.
2191 1106 2530 1177 Vides,quod
2557 1106 2650 1161 alii
2686 1106 2825 1161 alios
2846 1107 3141 1178 diligamus
3157 1146 3171 1170 ,
3196 1106 3555 1160 dilectionem

1972 1201 2029 1255 in
2064 1200 2235 1255 Deum
2280 1198 2520 1255 conﬂare
2572 1214 2636 1253 ac
2689 1199 3098 1261 commendare,
3129 1214 3251 1268 qum
3304 1197 3555 1251 omnium

1973 1291 2070 1348 Dei
2100 1299 2502 1363 praceptorum
2534 1291 2824 1361 plenitudo
2867 1292 3011 1346 est"|
3034 1291 3058 1344 ?
3083 1291 3142 1346 Id
3185 1291 3353 1361 igitur
3376 1302 3557 1345 causa;

1972 1392 2058 1439 est
2084 1383 2398 1455 curjubeat
2432 1383 2519 1438 his
2553 1398 2664 1438 non
2698 1382 3118 1448 adhzereseere;
3147 1382 3243 1438 sed
3271 1390 3334 1436 ut
3356 1382 3424 1448 is,
3458 1380 3557 1451 qui

1971 1477 2093 1546 ejus
2114 1476 2266 1546 cupit
2295 1491 2416 1532 esse
2451 1475 2758 1545 discipulus
2779 1516 2795 1541 ,
2835 1475 3118 1531 renuntiet
3151 1474 3409 1531 omnibus
3434 1489 3558 1544 qua:

1974 1565 2246 1635 possidet.

2047 1743 2099 1797 8.
2167 1743 2306 1797 Tum
2361 1743 2531 1798 frater
2575 1743 3080 1815 :Quandoquidem
3117 1745 3331 1807 dixisti,
3372 1745 3555 1806 Pater,

271 1848 399 1901 δέον
424 1848 642 1901 πάντων
667 1846 779 1899 τῶν
810 1843 1239 1917 ὁρωμένων,καὶ
1266 1841 1439 1898 αὑτοῦ
1471 1840 1566 1895 τοῦ
1594 1840 1868 1910 σώματος,

1977 1852 2075 1907 par
2102 1850 2259 1899 esse,
2311 1845 2373 1890 ut
2416 1836 2585 1891 rebus
2627 1837 2925 1902 omnibus,
2958 1853 3080 1908 quae
3126 1838 3229 1892 sub
3274 1845 3557 1907 aspectum

272 1938 380 2009 τὴν
414 1936 617 2000 παντὸς
656 1935 953 2006 ἀνθρώπου
997 1933 1339 2006 προτιμῆσαι
1358 1931 1602 2001 ἀγάπην,
1633 1931 1752 1992 πῶς
1785 1928 1871 1983 δύ-

272 2048 457 2103 ναμαι
503 2030 597 2083 τὸν
636 2028 902 2099 μισοῦντά
944 2043 1011 2098 με
1052 2025 1147 2080 καὶ
1200 2025 1683 2097 ἀποστρεφόμενον
1729 2023 1868 2091 ἀγα-

275 2124 480 2193 ⁸ι’τῆσαις
509 2123 573 2176 Εἰ
598 2122 655 2175 δὲ
697 2120 791 2174 καὶ
843 2119 1029 2189 φθονεί
1080 2135 1193 2189 μοι,
1228 2116 1325 2171 καὶ
1364 2116 1654 2187 λοιδορίαις
1702 2131 1869 2168 κατα-

272 2214 514 2282 τοξεύει,
548 2215 642 2268 καὶ
674 2212 860 2275 δόλους
883 2209 1289 2274 κατασκευάζει
1315 2248 1331 2273 ,
1360 2207 1458 2263 καὶ
1496 2206 1870 2260 ἐπιϐουλεύειν

274 2309 575 2378 ἐπιχειρεῖ,
604 2305 723 2368 πῶς
757 2303 995 2374 δύναμαι
1030 2302 1194 2356 αὐτὸν
1225 2300 1538 2371 ἀγαπῆσαι;
1564 2298 1727 2352 Φύσει
1754 2315 1867 2368 μοι,

275 2401 492 2468 Πάτερ,
532 2396 785 2467 φαίνεται
848 2393 1009 2448 τοῦτο
1056 2392 1342 2459 ἀδύνατον,
1385 2392 1482 2445 τοῦ
1530 2389 1737 2452 πάθους
1772 2389 1871 2459 τῆς

275 2493 465 2562 λύπης
489 2490 737 2561 φυσικῶς
765 2487 858 2542 τὸν
892 2487 1208 2558 λυπήσαντα
1231 2482 1675 2554 ἀποστρέφεσθαι
1705 2482 1871 2547 ἀναγ-

275 2581 569 2644 κάζοντος.
605 2578 714 2631 Καὶ
739 2575 1012 2648 ἀπεκρίθη
1042 2576 1071 2628 6
1103 2574 1302 2645 γέρωνο
1354 2572 1478 2626 Ἐπὶ
1510 2572 1608 2642 μὲν
1632 2570 1742 2624 τῶν
1774 2572 1864 2641 ἐρ·

276 2674 467 2727 πετῶν
499 2672 595 2725 καὶ
628 2668 739 2722 τῶν
767 2667 973 2739 θηρίων
1008 2666 1118 2721 τῶν
1162 2665 1266 2719 ὑπὸ
1313 2664 1528 2734 φύσεως
1561 2662 1867 2733 ἀγομένων,

275 2765 364 2835 τῷ
382 2765 496 2819 δντι
527 2762 789 2817 ἀδύνατον
827 2759 900 2830 μὴ
940 2757 1161 2821 πάντως
1207 2754 1519 2827 ἀμύνασθαι
1552 2754 1676 2807 ὅσον
1712 2753 1870 2806 δύνα-

277 2875 378 2913 ται
431 2855 495 2909 τὸ
532 2851 877 2908 καταπονοῦν
906 2868 920 2882 ·
950 2850 1044 2904 ἐπὶ
1087 2849 1145 2904 δέ
1176 2849 1287 2905 τῶν
1337 2849 1458 2902 κατ’
1504 2846 1690 2901 εἰκόνα
1733 2845 1871 2899 Θεοῦ

280 2948 640 3009 κτισθέντων,
673 2944 769 2999 καὶ
796 2944 941 3015 λόγῳ
972 2942 1259 3015 ἀγομένων
1277 2958 1293 2975 ·
1318 2941 1415 2995 καὶ
1442 2940 1697 3009 γνώσεως
1732 2938 1870 2993 Θεοῦ

280 3038 756 3105 καταξιωθέντων,
794 3036 890 3089 καὶ
927 3036 1092 3104 νόμον
1140 3034 1271 3106 παρ’
1324 3033 1491 3088 αὐτοῦ
1538 3031 1869 3104 δεξαμένων,

279 3131 519 3187 δυνατὸν
548 3130 672 3193 τοὺς
695 3127 1004 3190 λυποῦντας
1033 3126 1111 3198 μὴ
1136 3124 1598 3195 ἀποστρέφεσθαι,
1630 3126 1725 3178 καὶ
1748 3124 1875 3187 τοὺς

1976 1928 2201 1995 eadunt,
2246 1931 2474 1999 ipsoque
2519 1944 2772 2001 corpore,
2812 1930 3058 2001 cujusvis
3096 1930 3381 1984 hominum
3422 1930 3561 1985 dile-

1976 2026 2218 2078 ctionem
2255 2023 2433 2093 pluris
2488 2022 2789 2089 faciamus;
2820 2023 3043 2093 quinam
3102 2023 3220 2078 tieri
3265 2033 3449 2093 potest
3499 2033 3560 2078 ut

1975 2132 2043 2170 cu
2053 2132 2102 2169 ιιι
2117 2116 2342 2187 diligam
2363 2116 2456 2185 qui
2478 2131 2564 2170 me
2581 2115 2748 2170 habet
2765 2115 2967 2170 odioet
2986 2126 3275 2171 aversatur
3291 2115 3485 2183 ?'Quod
3512 2117 3557 2170 si

1976 2209 2143 2261 etiam
2205 2207 2411 2261 invidia
2480 2207 2681 2279 agitur,
2734 2208 2983 2278 petitque
3017 2209 3275 2264 convitiis
3304 2217 3360 2263 et
3402 2209 3562 2264 dolos

1978 2301 2143 2355 struit
2175 2314 2240 2355 ac
2269 2299 2498 2355 insidias
2525 2300 2877 2355 machinatur
2909 2319 2922 2355 :
2946 2302 3091 2355 hunc
3116 2302 3395 2372 quomodo
3426 2303 3557 2357 dili-

1976 2409 2105 2465 gere
2132 2408 2355 2464 possum
2377 2394 2401 2448 ?
2421 2395 2677 2459 Videtur,
2704 2395 2893 2459 Pater,
2926 2394 3033 2449 hoc
3062 2394 3117 2448 in
3148 2395 3232 2450 eis
3267 2411 3558 2451 numeran-

1977 2485 2130 2551 dum,
2156 2502 2278 2555 qua:
2328 2496 2525 2541 natura
2572 2485 2688 2540 ﬁeri
2732 2502 2845 2541 non
2881 2497 3132 2556 possunt,
3179 2486 3326 2556 quod
3361 2502 3560 2556 nempe

1977 2577 2253 2646 passionis
2308 2577 2470 2632 dolor
2516 2578 2791 2647 illamque
2845 2592 3042 2632 sensus
3092 2577 3306 2649 injuria:
3360 2585 3559 2630 natura

1977 2674 2155 2737 cogat,
2189 2674 2248 2721 ut
2292 2667 2510 2722 infenso
2543 2667 2728 2721 animo
2768 2668 2824 2721 in
2862 2682 2988 2723 eum
3024 2669 3198 2723 simus
3221 2709 3234 2733 ,
3269 2668 3364 2737 qui
3413 2667 3562 2721 illius

1977 2766 2172 2812 auctor
2200 2758 2447 2813 exsistat.
2481 2758 2901 2830 Responditque
2953 2774 3120 2814 senex
3155 2759 3253 2813 :ln
3288 2758 3564 2829 serpenti-

1978 2848 2084 2904 bus
2113 2849 2339 2920 quidem
2371 2858 2427 2904 ct
2465 2850 2684 2916 bestiis,
2720 2867 2843 2921 quae
2870 2859 3065 2906 natura
3098 2862 3338 2922 aguntur
3362 2891 3378 2915 ,
3412 2851 3561 2905 haud

1978 2940 2141 3011 plane
2174 2941 2292 2996 ﬁeri
2334 2942 2528 3011 possit,
2571 2953 2635 2998 ut
2662 2944 2822 3014 371
2849 2960 2960 2999 non
2992 2945 3241 3010 omnino,
3273 2944 3455 3014 quoad
3491 2944 3559 2997 li-

1980 3041 2124 3099 ceat,
2171 3033 2531 3102 ulciscantur,
2560 3035 2709 3105 quod
2736 3037 3044 3093 molestiam
3080 3037 3212 3092 facit
3239 3056 3252 3091 :
3278 3036 3335 3090 in
3370 3037 3438 3091 iis
3461 3051 3560 3090 au-

1985 3135 2115 3190 tem,
2139 3127 2234 3196 qui
2262 3127 2331 3182 ad
2353 3128 2451 3183 Dei
2494 3128 2785 3198 imaginem
2843 3130 3051 3184 conditi
3097 3138 3223 3185 sunt
3256 3141 3312 3185 et
3353 3129 3561 3183 ratione
3668 3200 3669 3203 η

285 3222 588 3293 μισοῦντας
637 3221 879 3291 ἀγαπᾷν.
934 3219 1027 3272 Διὸ
1064 3220 1158 3273 καὶ
1209 3220 1237 3271 6
1279 3217 1521 3289 Κύριος,
1565 3214 1872 3286 Ἀγαπὰτε,

1985 3216 2291 3283 ducuntur,
2336 3218 2547 3289 Deique
2582 3219 2812 3274 scientia
2858 3220 3069 3292 dignati
3117 3231 3265 3285 sunt,
3311 3230 3367 3275 et
3398 3219 3466 3273 ah
3495 3234 3562 3273 eo

284 3312 487 3383 λέγων,
520 3310 662 3376 τοὺς
688 3310 946 3379 ἐχθροὺς
998 3308 1171 3379 ὑμῶν
1196 3326 1211 3340 ⁵
1245 3308 1449 3375 καλῶς
1480 3307 1723 3369 ποιεῖτε,
1751 3305 1876 3373 τοῖς

279 3404 583 3477 μισοῦσιν
604 3401 889 3473 {magna
921 3402 991 3454 τὰ
1019 3401 1168 3471 ἑξῆς,
1195 3402 1296 3472 οὐχ
1328 3400 1403 3465 ὡς
1428 3400 1666 3455 ἀδύνατα
1698 3399 1877 3453 ἐντέλ-

287 3499 467 3563 λεται,
490 3496 609 3550 ἀλλ’
629 3495 703 3558 ὡς
730 3494 934 3547 δυνατὰ
961 3494 1207 3564 δηλονότι
1227 3511 1239 3525 ·
1264 3493 1388 3546 ἐπεὶ
1414 3494 1515 3547 οὐκ
1559 3493 1625 3546 ἂν
1649 3479 1877 3546 ἐκόλασε

287 3590 385 3644 τὸν
410 3587 847 3658 παραϐαίνοντα.
866 3587 1029 3656 Δηλοῖ
1060 3586 1117 3640 δὲ
1145 3586 1304 3650 αὐτὸς
1335 3586 1364 3639 6
1396 3584 1633 3657 Κύριος,
1690 3584 1878 3647 αὐτοῖς

287 3683 406 3744 τοίς
434 3680 621 3750 ἔργοις
643 3677 775 3747 ἡμῖν
795 3675 1006 3740 δείξαςο
1045 3676 1139 3730 καὶ
1161 3676 1210 3729 οἱ
1253 3674 1501 3746 μαθηταὶ
1533 3673 1699 3728 αὑτοῦ
1736 3674 1877 3728 πάν-

288 3789 386 3835 τες
406 3770 551 3841 ὑπὲρ
574 3769 673 3840 τῆς
706 3770 787 3831 είς
817 3768 910 3822 τὸν
944 3767 1172 3840 πλησίον
1207 3767 1429 3838 ἀγάπης
1454 3767 1617 3838 μέχρι
1642 3766 1878 3819 θανάτου

290 3862 721 3933 ἀγωνισάμενοι,
753 3862 848 3917 καὶ
878 3861 1021 3931 ὑπὲρ
1047 3860 1158 3915 τῶν
1193 3860 1635 3915 ἀποκτεινάντων
1658 3858 1879 3931 θερμῶς

293 3956 752 4030 προσευξάμενοι.
804 3953 946 4007 Ἀλλ’
996 3954 1187 4025 ἐπειδὴ
1220 3954 1383 4025 ἡμεῖς
1432 3951 1599 4024 ἐσμὲν
1638 3950 1880 4022 φιλόῦλοι

292 4049 394 4102 καὶ
427 4048 724 4119 φιλήδονοι.
755 4046 854 4101 καὶ
884 4045 1063 4102 ταῦτα
1114 4046 1214 4117 τῆς
1250 4045 1473 4116 ἐντολῆς
1515 4044 1715 4114 μᾶλλον
1741 4058 1879 4117 προ-

291 4137 593 4208 τιμῶντες,
615 4137 704 4191 διά
751 4136 915 4191 τοῦτο
960 4138 1089 4200 τοὺς
1145 4135 1441 4208 μισοῦντας
1488 4134 1774 4206 ἀγαπῆσαι
1816 4135 1878 4188 ού

293 4226 607 4297 δυνάμεθα·
633 4225 769 4279 ἀλλά
796 4225 893 4278 καὶ¹
918 4224 1043 4288 τοὺς
1068 4222 1398 4292 ἀγαπῶντας
1430 4222 1520 4276 διά
1550 4220 1726 4275 ταῦτα
1754 4219 1883 4284 πολο

294 4318 460 4381 λάκις
514 4313 994 4386 ἀποστρεφόμεθα,
1027 4312 1233 4382 θηρίων
1266 4312 1360 4366 καὶ
1412 4309 1660 4382 ἑρπετῶν
1703 4310 1883 4379 χεῖρον

293 4410 637 4480 διακείμενοι
667 4423 680 4437 ·
714 4406 809 4460 καὶ
857 4405 946 4459 διὰ
997 4404 1155 4458 τοῦτο
1213 4406 1323 4468 τοίς
1375 4402 1545 4473 ἴχνεσι
1601 4401 1701 4455 τοῦ
1745 4400 1881 4454 Θεοῦ

295 4498 668 4571 ἀκολουθῆσαι
730 4497 806 4569 μὴ
854 4495 1166 4566 δυνάμενοι,
1193 4494 1315 4549 οῦδὲ
1357 4494 1449 4549 τὸν
1487 4493 1690 4547 σκοπὸν
1712 4493 1883 4547 αὑτοῦ

297 4593 507 4662 γνῶναι
534 4589 838 4662 δυνάμεθα,
859 4589 948 4643 ἴνα
986 4587 1245 4657 λάϐωμεν
1276 4586 1527 4657 δύναμιν.

1979 3308 2155 3380 legem
2191 3316 2548 3379 acceperunt,
2578 3309 2767 3380 utique
2805 3309 2922 3366 ﬁeri
2946 3321 3152 3382 potest,
3200 3320 3262 3365 ιιι
3301 3310 3438 3365 nihil
3475 3310 3561 3363 in-

1979 3400 2135 3457 fenso
2163 3402 2350 3456 animo
2374 3403 2485 3457 sint
2505 3402 2562 3457 in
2583 3417 2702 3468 eos,
2724 3403 2819 3473 qui
2862 3404 3079 3475 injuriae
3112 3412 3369 3459 auctores
3394 3412 3525 3457 sunt
3545 3443 3562 3466 ,

1977 3500 2035 3548 et
2061 3501 2122 3547 ut
2153 3508 2252 3549 eos
2281 3493 2529 3565 diligant,
2552 3493 2649 3564 qui
2680 3494 2942 3549 oderunt.
2977 3494 3347 3562 Quamobrem
3394 3493 3563 3548 etiam

1978 3583 2272 3649 Dominus,
2311 3583 2442 3639 dum
2484 3586 2565 3639 ait
2608 3602 2622 3638 :
2660 3584 2878 3656 Diligite
2906 3587 3385 3641 inimicosvestros
3423 3602 3441 3641 :
3473 3584 3562 3639 be-

1979 3675 2207 3745 nefacite
2243 3675 2330 3742 iis,
2363 3676 2453 3746 qui
2474 3676 2703 3730 oderunt
2750 3678 2925 3743 vos",
2958 3686 3015 3732 et
3068 3693 3190 3748 quae
3229 3684 3561 3748 sequuntur,

1980 3783 2091 3822 non
2122 3767 2241 3823 hac
2288 3775 2548 3838 tanquam
2601 3769 2964 3839 impossibilia
2988 3770 3168 3841 jubet,
3199 3771 3293 3826 sed
3343 3780 3405 3826 ut
3445 3786 3565 3839 quae

1979 3860 2241 3915 nimirum
2270 3858 2389 3915 ﬁeri
2421 3861 2654 3931 possint.
2700 3861 2995 3932 Palamque
3042 3862 3171 3918 facit
3210 3863 3327 3933 ipse
3374 3862 3562 3918 Domi-

1979 3967 2106 4018 nus,
2137 3952 2257 4023 ejus
2277 3950 2442 4006 nobis
2467 3950 2784 4007 dilectionis
2808 3952 2976 4008 rebus
2997 3953 3129 4023 ipsis
3168 3952 3509 4008 luculentum
3533 3968 3563 4007 a

1979 4056 2040 4097 se
2084 4040 2364 4111 specimen
2400 4040 2611 4107 factus;
2642 4042 2764 4113 ejus
2792 4057 3014 4113 quoque
3056 4057 3249 4097 omnes
3278 4042 3560 4112 discipuli,

1984 4131 2119 4187 dum
2167 4132 2237 4188 ad
2292 4142 2531 4189 mortem
2575 4148 2750 4203 usque
2783 4133 3098 4189 dilectionis
3131 4134 3367 4203 proximi
3399 4148 3564 4188 causa

1981 4222 2357 4290 deeertarunt,
2385 4233 2442 4280 et
2468 4238 2567 4295 pro
2592 4224 2683 4278 his
2726 4224 2822 4295 qui
2866 4223 3197 4279 occiderunt
3247 4223 3417 4278 animi
3452 4222 3564 4278 fer-

1981 4328 2116 4368 vore
2147 4322 2469 4369 oraverunt.
2518 4312 2676 4380 Quod
2699 4313 2988 4369 enimvero
3023 4313 3261 4368 terrenis
3301 4312 3471 4368 rebus
3501 4329 3564 4367 ac

1982 4403 2255 4474 voluptati
2299 4419 2489 4459 amore
2521 4403 2755 4474 impensi
2799 4419 3013 4468 sumus,
3045 4403 3273 4473 haecque
3307 4402 3566 4458 mandato

1984 4494 2163 4564 pluris
2192 4493 2451 4558 facimus,
2494 4492 2703 4549 idcirco
2731 4508 2829 4549 eos
2876 4493 3113 4564 quinos
3144 4492 3384 4547 oderunt
3416 4491 3563 4546 haud

1914 4579 1959 4635 D
1987 4578 2220 4656 diligere
2253 4599 2582 4654 possumus;
2613 4583 2749 4654 quin
2775 4593 2831 4640 et
2865 4599 3058 4639 eorum
3084 4598 3248 4638 causa
3276 4583 3334 4639 in
3352 4596 3448 4637 eos
3468 4582 3564 4653 qui

299 4685 556 4756 diligant,
603 4681 750 4738 haud
818 4696 968 4747 raro,
1036 4680 1232 4737 bestiis
1297 4695 1364 4736 ac
1427 4678 1782 4750 serpentibus
1830 4678 2077 4734 deterius
2129 4678 2335 4743 aﬂ'ecti,
2397 4678 2614 4734 infenso
2668 4679 2855 4733 animo
2909 4693 3146 4733 sumus:
3207 4676 3565 4748 quamobrem

297 4779 467 4834 etiam
532 4776 630 4830 Dei
665 4774 893 4846 vestigia
943 4772 1100 4843 sequi
1164 4787 1274 4827 non
1308 4772 1578 4839 valentes,
1649 4788 1720 4828 ne
1751 4774 1873 4845 ejus
1894 4772 2119 4843 quidem
2155 4786 2406 4843 scopum,
2464 4788 2530 4829 ac
2576 4772 2701 4843 quis
2729 4773 2808 4828 illi
2844 4771 2969 4828 linis
3000 4772 3091 4839 sit,
3143 4787 3341 4843 capere
3375 4785 3568 4841 possu»

301 4885 449 4937 mus,
478 4878 539 4923 ut
567 4869 834 4924 virtutem
872 4867 1160 4937 roburque
1193 4866 1551 4936 accipiamus.

372 4965 439 5020 θ’.
464 4965 576 5019 Καὶ
607 4965 638 5018 6
682 4964 935 5034 Ἀδελφδς
961 4959 1135 5017 εἶπενο
1154 4963 1311 5028 Ἰδοὺ,
1340 4962 1545 5034 Πάτερ,
1592 4963 1885 5018 κατέλιπον

302 5058 507 5121 πάντα,
542 5058 884 5126 συγγένειαν,
920 5053 1192 5127 ὕπαρξιν,
1227 5056 1462 5128 τρυφὴν,
1503 5058 1597 5110 καὶ
1653 5056 1755 5128 τὴν
1801 5056 1887 5110 δόσ-

302 5151 405 5218 ξαν
428 5149 526 5204 τοῦ
558 5150 788 5220 κόσμου,
818 5148 917 5202 καὶ
941 5149 1097 5202 οὐδὲν
1122 5147 1400 5218 κέκτημαι
1424 5146 1482 5200 ἐν
1506 5146 1584 5217 τῷ
1615 5146 1716 5219 βίῳ
1745 5148 1886 5219 πλὴν

303 5241 401 5295 τοῦ
428 5241 681 5312 σώματος
701 5257 715 5271 ·
748 5241 845 5295 καὶ
873 5240 965 5293 τὸν
986 5239 1213 5308 ἀδελφὺν
1246 5238 1509 5310 μισοῦντά
1537 5256 1603 5309 με
1634 5239 1729 5292 καὶ
1749 5239 1884 5293 ἀπο-

306 5333 689 5403 στρεφόμενον-
704 5331 988 5403 ἀγαπῆσαι
1016 5331 1078 5384 οὐ
1105 5330 1344 5401 δύναμαι
1367 5345 1381 5359 ·
1405 5330 1454 5383 εί
1504 5330 1598 5384 καὶ
1630 5330 1885 5402 βιάζομαι

305 5422 480 5477 κακὸν
512 5423 634 5476 ἀντὶ
681 5421 854 5476 κακοῦ
881 5420 1004 5475 κατ’
1035 5420 1319 5491 ἐνέργειαν
1355 5420 1429 5492 μὴ
1472 5421 1882 5476 ἀνταποδοῦναι.

309 5510 443 5569 Eine
470 5509 576 5567 οῦν
613 5514 666 5567 τί
707 5513 908 5583 ὀφείλω
948 5514 1207 5584 ποιῆσαι,
1236 5512 1324 5568 ἵνα
1372 5513 1586 5585 δυνηθῶ
1617 5514 1781 5568 αὑτὸν
1819 5515 1885 5569 ἐκ

308 5604 537 5676 καρδίας
568 5606 930 5678 ἀγαπῆσαι,ἢ
972 5607 1065 5660 καὶ
1105 5607 1197 5659 τὸν
1240 5605 1658 5679 καθοιονδήποτε
1685 5608 1885 5680 τρόπον

312 5697 563 5752 θλίϐοντα
596 5696 693 5751 καὶ
722 5697 1161 5753 ἐπιϐουλεύοντα.

384 5809 431 5842 ’θ
459 5807 618 5863 loan.
651 5824 762 5879 xw,
790 5809 876 5866 15.

2063 4962 2116 5017 9.
2172 4963 2429 5033 Dixitque
2476 4963 2647 5019 frater
2675 4982 2688 5017 :
2718 4963 2892 5028 Ecce,
2919 4962 3100 5026 Pater,
3133 4960 3330 5031 reliqui
3356 4958 3561 5020 omnia,

1992 5054 2393 5125 cognationem,
2419 5053 2802 5117 substantiam,
2823 5051 3070 5117 delicias,
3105 5049 3293 5105 mundi
3313 5047 3565 5120 gloriam,

1992 5163 2096 5204 nec
2124 5157 2324 5219 praeter
2350 5162 2550 5218 corpus
2586 5148 2642 5201 in
2661 5146 2773 5200 vita
2803 5144 3320 5215 aliquid-possideo,
3347 5158 3449 5198 nec
3480 5150 3565 5197 ta—

1992 5255 2118 5295 men
2154 5238 2373 5295 fratrem
2398 5240 2492 5310 qui
2519 5238 2647 5293 odio
2679 5236 2877 5292 habeat
2902 5251 2966 5292 ac
3002 5243 3307 5300 aversetur,
3340 5233 3566 5305 diligere

1990 5333 2179 5399 valeo;
2215 5347 2528 5402 quanquam
2559 5345 2627 5385 ne
2670 5329 2849 5399 reipsa
2879 5327 3081 5383 malum
3116 5342 3216 5397 pro
3258 5326 3400 5380 malo
3438 5324 3565 5379 red-

1992 5425 2139 5490 dam,
2171 5440 2258 5480 me
2290 5422 2672 5495 ipse-cohibeo
2697 5430 2863 5492 atque
2892 5436 3080 5477 caveo.
3116 5419 3213 5474 Dic
3240 5433 3389 5490 ergo,
3433 5416 3569 5487 quid

1993 5517 2129 5572 mihi
2168 5516 2310 5572 facto
2338 5530 2497 5585 opus,
2526 5523 2586 5569 ut
2613 5530 2679 5570 ex
2718 5513 2904 5568 animo
2941 5512 3167 5583 diligere
3198 5512 3427 5575 valeam,
3452 5509 3567 5565 sive

1992 5608 2158 5662 etiam
2183 5608 2277 5677 qui
2323 5605 2625 5661 ullomodo
2659 5604 2963 5660 molestiam
3000 5602 3164 5659 faciat
3197 5611 3251 5657 et
3276 5600 3475 5673 adligat
3503 5614 3569 5656 ac

1995 5699 2221 5755 insidias
2245 5706 2439 5754 struat.

952 5811 995 5845 ²¹
1026 5810 1182 5867 Joan.
1216 5827 1301 5878 xv,
1333 5812 1416 5865 ιε.
1496 5812 1539 5842 ²²
1567 5810 1725 5866 Rom.
1760 5827 1872 5877 xm,

1977 5853 1989 5866 .
2068 5813 2112 5844 ’³
2145 5810 2333 5867 Matth.
2370 5829 2421 5878 ν,
2451 5812 2550 5881 il;
2580 5812 2713 5867 Luc.
2749 5827 2820 5879 v1,
2843 5811 2933 5866 27.
