4048 6448
270 353 373 420 921

1422 367 1426 373 ’
1534 369 1764 429 LIBER
1801 369 2220 431 ASCETICUS.

3402 373 3515 439 923

160 516 187 523 _
208 514 245 527 ,
270 463 605 565 aropaﬁd‘rqv
631 464 733 538 τῆς
756 468 977 541 ἐντολῆς
1008 472 1109 541 τῆς
1140 474 1219 536 είς
1252 474 1344 527 τὸν
1374 474 1596 546 πλησίον
1620 478 1817 548 ἀγάπη

1939 478 2213 533 stissimus
2237 479 2534 546 obtineret,
2557 480 2653 551 qui
2685 480 3003 549 dilectionis
3032 480 3269 552 proximi
3298 482 3512 539 violatae

270 558 578 628 ἀποφήνας-

346 648 433 721 ιβ’.
460 652 519 703 '0
544 650 600 705 δὲ
622 650 844 723 Κύριος,
871 652 967 707 ἅτε
978 654 1132 719 Θεὸς,
1148 655 1302 720 εἰδὼς
1318 657 1484 712 αὐτοῦ
1504 660 1572 712 τὰ
1588 659 1837 729 ὲνθύμια,

269 738 335 795 οὐ
354 743 484 805 τοὺς
507 740 774 796 ὑπἀὐτοῦ
805 745 1228 816 ἑνεργουμένους
1246 749 1475 818 ἐμίσησε
1516 751 1840 820 Φαρισαίους

272 830 417 903 (πῶς
436 835 546 905 γὰρ
574 834 733 903 φύσει
759 837 962 904 ἀγαθὸς
987 836 1133 909 ὥν;),
1157 839 1290 893 ἀλλὰ
1307 839 1397 895 διὰ
1420 842 1520 910 τῆς
1547 844 1626 905 είς
1644 843 1841 905 αὐτοὺς

264 924 529 994 ἀγάπης,
556 925 652 978 τὸν
703 926 1032 997 ἐνεργοῦντα
1083 929 1324 999 ἠμύνετο
1355 945 1369 959 °
1405 931 1500 984 καὶ
1560 932 1686 996 τοὺς
1738 933 1838 1002 μὲν

265 1014 736 1085 ινεργουμένους,
774 1017 871 1072 ἅτε
937 1018 1267 1088 δυναμένους
1319 1021 1394 1094 μὴ
1449 1022 1788 1093 ἐνεργεῖσθαι
1817 1037 1832 1053 '

263 1105 532 1168 ἑκουσίως
557 1105 613 1158 δὲ
640 1106 734 1160 τοῦ
768 1108 1117 1179 ἐνεργοῦντος
1148 1111 1236 1164 διὰ
1268 1112 1536 1183 ῥᾳθυμίαν
1569 1114 1835 1185 ἀνεχομέ-

259 1212 415 1260 νους,
449 1196 738 1265 ἐνουθέτει,
771 1200 1020 1271 ἤλεγχεν,
1049 1203 1345 1270 ὠνείδιζεν,
1380 1205 1712 1273 εταλάνιζεν,
1741 1208 1834 1260 εὐ-

256 1287 508 1358 εργετῶν
528 1289 628 1342 οὐκ
658 1290 910 1355 ιπαύετο,
927 1292 1412 1365 βλασφημούμενος
1440 1297 1833 1369 ὲμακροθύμει,

256 1376 493 1447 πάσχων
521 1378 780 1449 ὑπέμενε,
812 1382 991 1437 πάντα
1041 1385 1111 1437 τὰ
1153 1386 1253 1455 τῆς
1303 1387 1526 1457 ἀγάπης
1568 1387 1705 1459 ἔργα
1754 1390 1834 1451 είς

256 1463 465 1529 αὐτοὺς
496 1468 829 1525 ινεδιίκνυτο
851 1486 865 1503 ⁶
885 1474 977 1529 τὸν
1031 1474 1088 1529 δὲ
1120 1476 1465 1546 ἐνεργοῦντα,
1493 1481 1559 1550 τῇ
1589 1482 1669 1543 είς
1706 1482 1831 1543 τοὺς

256 1554 688 1627 δνεργουμένους
737 1562 1118 1637 φιλανθρωπίᾳ
1144 1567 1415 1636 ἠμύνετο·
1445 1569 1490 1622 ὣ
1527 1570 1828 1641 παραδόξου

257 1646 531 1717 πολέμουι
571 1652 693 1705 ἀντὶ
720 1654 814 1707 τοῦ
856 1656 1078 1736 μίσους,
1119 1658 1218 1731 τὴν
1271 1661 1494 1731 ἀγάπην
1526 1663 1831 1716 ἐπιδεικνύ-

257 1751 447 1804 μενος.
468 1743 560 1794 καὶ
587 1744 884 1818 ἀγαθότητι
907 1747 1114 1817 βάλλων
1133 1751 1223 1805 τὸν
1252 1753 1351 1823 τῆς
1376 1755 1573 1818 κακίας
1594 1757 1825 1825 πατέρα.

1940 584 2095 624 reum
2128 569 2348 624 tandem
2380 571 2679 627 etl‘eeisset.

2014 660 2100 715 l2.
2130 662 2394 717 Dominus
2413 672 2623 729 autem,
2644 665 2739 735 qui
2769 675 2833 720 ut
2852 667 2997 721 Deus
3044 665 3192 719 illius
3240 664 3519 735 cogitatus

1902 766 2000 806 -ac
2032 752 2258 807 consilia
2299 769 2409 808 non
2443 756 2703 819 nesciret,
2748 756 2910 827 373
2943 754 3154 810 amatos
3175 755 3244 809 ab
3271 770 3338 809 eo
3366 752 3511 809 Pha-

1937 843 2126 898 risaeos
2168 843 2310 897 nihil
2361 844 2491 899 odio
2540 856 2867 916 prosecutus
2894 855 2979 901 est
3011 864 3027 901 :
3054 846 3331 916 quomodo
3360 846 3506 900 enim

1934 932 2028 1002 qui
2052 940 2249 988 natura
2275 934 2453 989 bonus
2474 936 2656 990 esset?
2676 937 2794 1002 sed,
2824 952 2931 1007 qua
2947 952 3045 991 eos
3065 936 3358 992 dilectione
3382 952 3513 1006 pro-

1934 1022 2289 1091 sequebatur,
2326 1024 2598 1079 afilantem
2624 1040 2721 1079 eos
2744 1026 3133 1080 ulciscebatur.
3165 1024 3243 1080 Ac
3278 1024 3504 1094 quidem

1932 1112 2259 1180 recipientes
2294 1113 2555 1177 afﬂatum,
2605 1124 2665 1167 ut
2691 1114 2895 1184 quibus
2923 1114 3161 1169 liberum
3194 1122 3344 1169 esset
3394 1129 3505 1167 non

1933 1201 2204 1271 recipere,
2239 1212 2546 1273 sponteque
2580 1220 2678 1259 sua
2731 1221 2830 1275 per
2868 1206 3201 1268 socordiam,
3236 1205 3507 1259 aﬂlanletn

1931 1295 2309 1360 sustinerent,
2354 1297 2713 1367 corripiebat,
2754 1297 3044 1369 arguebat,
3099 1296 3506 1366 exprobrabat,

1929 1384 2269 1454 deplorabat,
2296 1387 2616 1443 demerendi
2645 1389 2855 1442 nullum
2888 1386 3053 1442 finem
3078 1387 3315 1442 faciebat
3342 1403 3356 1439 :
3393 1400 3513 1439 ma—

1925 1472 2146 1530 ledictis
2173 1477 2469 1545 appetitus,
2502 1475 2712 1531 leviter
2735 1477 2967 1540 ferebat,
2993 1476 3230 1545 irrogata
3267 1474 3525 1529 sustine-.

1928 1561 2022 1616 bat
2072 1565 2236 1629 mala,
2270 1565 2418 1620 nulla
2448 1580 2559 1619 non
2590 1566 2905 1621 dilectionis
2930 1581 3097 1636 opera
3133 1565 3189 1619 in
3222 1579 3317 1619 eos
3353 1563 3513 1619 exhi-

1928 1653 2091 1709 bebat
2129 1673 2142 1708 :
2172 1655 2229 1710 in
2260 1656 2558 1721 amantem,
2588 1657 2916 1711 humaniore
2943 1670 3109 1710 sensu
3140 1655 3193 1730 in
3236 1668 3333 1707 eos
3367 1666 3513 1722 quos

1925 1744 2156 1811 afﬂaret,
2194 1748 2344 1802 ultor
2394 1749 2652 1803 saaviebat
2703 1748 2772 1820 (ο
2808 1748 3110 1803 inauditam
3164 1744 3296 1801 belli
3338 1742 3512 1798 ratio-

256 1826 467 1882 Τούτου
514 1834 673 1903 χάριν
721 1837 792 1891 τὰ
836 1839 1071 1894 τοσαῦτα
1116 1844 1260 1898 κακὰ
1305 1844 1435 1914 παρ’
1475 1846 1652 1899 αύτῶν
1695 1849 1817 1902 ὑπο-

1930 1851 2052 1891 nem
2079 1836 2138 1906 l),
2182 1838 2276 1906 qui
2304 1854 2501 1908 nempe
2527 1838 2638 1893 odii
2662 1838 2782 1892 loco
2814 1836 3168 1893 dilectionem
3195 1831 3504 1898 exhiberet,

258 1921 475 1987 μείνας,
527 1926 726 1995 μᾶλλον
762 1931 819 1985 δὲ
865 1933 1228 2004 ἀληθέστερον
1276 1938 1451 1990 εἰπεῖν
1474 1978 1489 2001 ,
1519 1938 1586 1992 δι’
1612 1940 1827 2005 αὐτοὺς,

257 2009 426 2080 μέχρι
449 2012 681 2070 θανάτου
708 2020 846 2091 ὑπὲρ
874 2023 973 2094 τῆς
1008 2025 1225 2096 ἐντολῆς
1256 2028 1355 2096 τῆς
1381 2029 1601 2100 ἀγάπης
1625 2030 1831 2100 ἀνθρω-

252 2108 557 2195 ποπρεπῶς
609 2112 944 2179 ἠγωνίσατο’
971 2117 1065 2170 καὶ
1108 2119 1208 2190 τὴν
1249 2120 1457 2175 τελείαν
1483 2123 1638 2195 νίκην
1684 2125 1826 2180 κατὰ

246 2194 349 2248 τοῦ
373 2198 618 2255 διαϐόλου
652 2204 943 2276 ἀράμενος,
959 2209 1052 2263 τὸν
1083 2212 1340 2280 στέφανον
1358 2213 1457 2282 τῆς
1481 2194 1827 2278 ἀναστάσεως

246 2284 396 2357 ὑπὲρ
430 2290 595 2359 ἡμῶν
617 2294 915 2368 ἀνεδήσατο
935 2318 949 2331 -
988 2300 1082 2355 καὶ
1108 2300 1280 2367 οὕτως
1304 2304 1333 2358 6
1360 2303 1479 2369 νέος
1516 2305 1705 2374 Ἀδὰμ,
1734 2306 1824 2359 τὸν

244 2377 482 2432 παλαιὸν
505 2383 861 2443 ἀνενεώσατο.
886 2391 995 2443 Καὶ
1015 2391 1172 2445 τοῦτό
1204 2396 1351 2448 ἔστιν
1378 2395 1406 2448 ὃ
1443 2396 1590 2464 λέγει
1618 2398 1645 2449 6
1685 2396 1821 2460 θεῖος

256 2468 581 2537 Ἀπόστολος
606 2491 625 2508 ο
660 2478 838 2533 Τοῦτο
861 2483 1194 2549 φρονείσθω
1229 2486 1302 2540 ἐν
1346 2487 1518 2556 ὑμῖν,
1537 2488 1568 2542 ὃ
1607 2488 1705 2541 καὶ
1752 2488 1823 2542 ἐν

240 2561 481 2629 Χριστῷ
510 2566 705 2634 Ἰησοῦ
748 2587 801 2625 κ.
839 2584 890 2626 τ.
921 2573 998 2637 ἐξ.

319 2748 408 2810 ιγ’.
437 2739 602 2809 οὗτος
619 2743 714 2800 οὖν
736 2744 803 2819 ἦν
829 2751 857 2802 6
887 2750 1086 2815 σκοπὸς
1111 2751 1206 2806 τοῦ
1231 2754 1459 2825 Κυρίου,
1501 2755 1587 2810 ἵνα
1613 2755 1691 2827 τῷ
1717 2757 1817 2827 μὲν

1929 1923 2157 1995 vitiique
2215 1935 2495 1997 parentem
2543 1944 2608 1983 ac
2660 1928 2900 1993 malitize,
2949 1924 3193 1982 bonitate
3246 1925 3501 1980 caederet.

1928 2014 2140 2072 Idcirco
2180 2028 2328 2072 tanta
2375 2019 2443 2072 ab
2475 2020 2576 2083 eis,
2610 2020 2725 2074 sive
2760 2018 2843 2091 (ut
2873 2018 3060 2073 verius
3108 2016 3326 2087 loquar)
3378 2014 3504 2069 illo-

1928 2124 2050 2162 rum
2087 2125 2272 2173 causa,
2308 2124 2600 2179 perpessus
2634 2111 2795 2175 mala,
2828 2108 2895 2164 ad
2928 2117 3162 2164 mortem
3192 2123 3364 2179 usque
3398 2122 3505 2178 pro

1926 2193 2239 2265 dilectionis
2291 2197 2550 2252 mandato
2610 2199 2991 2264 concertavit,
3030 2198 3380 2269 perfectaque
3429 2196 3503 2251 de

1925 2286 2148 2342 diabolo
2196 2297 2352 2358 parta
2401 2288 2653 2355 victoria,
2683 2291 2859 2346 nostri
2887 2304 3116 2345 munere
3137 2288 3501 2345 resurrectio-

1923 2374 2008 2429 nis
2031 2391 2288 2430 coronam
2316 2380 2618 2447 reportavit
2647 2394 2661 2433 :
2692 2379 2857 2448 idque
2889 2395 3013 2434 eum
3036 2378 3282 2444 modum,
3323 2393 3500 2433 novus

1920 2467 2117 2532 Adam,
2150 2474 2391 2522 veterem
2435 2471 2728 2541 reparavit.
2774 2470 2941 2540 idque
2968 2477 3052 2525 est
3080 2469 3226 2540 quod
3251 2469 3329 2525 ait
3356 2467 3499 2523 divi-

1920 2572 2026 2613 nus
2070 2558 2368 2628 Apostolus
2410 2577 2423 2612 :
2460 2560 2566 2614 Hoc
2622 2563 2809 2615 sentite
2849 2563 2904 2615 in
2961 2562 3124 2625 vobis,
3152 2556 3290 2631 quod
3347 2566 3400 2614 et
3439 2562 3495 2614 in

1919 2649 2126 2705 Christo
2152 2646 2277 2703 Jesu
2296 2650 2360 2714 ",
2395 2657 2451 2705 et
2472 2667 2592 2720 quae
2618 2658 2944 2721 sequuntur.

1989 2741 2075 2796 l5.
2113 2740 2268 2795 Hunc
2299 2756 2430 2811 ergo
2454 2742 2718 2797 Dominus
2747 2756 2970 2812 scopum
2998 2741 3100 2797 sibi
3134 2742 3497 2797 censtitutum

238 2831 421 2899 Πατρὶ
451 2836 734 2911 ὑπακούσῃ
786 2839 945 2910 μέχρι
981 2841 1210 2897 Θανάτου
1247 2842 1322 2908 ὡς
1352 2844 1638 2917 ἄνθρωπος
1676 2846 1816 2918 ὑπὲρ

1916 2830 2108 2899 voluit,
2144 2841 2203 2886 ut
2231 2831 2378 2887 Patri
2411 2834 2632 2903 quidem
2665 2834 2731 2889 ad
2765 2843 2995 2890 mortem
3026 2847 3200 2904 usque
3238 2841 3296 2887 ut
3330 2832 3501 2888 homo

236 2923 424 2993 ἡμῶν,
466 2928 750 2996 φυλάττων
806 2931 904 3003 τὴν
942 2934 1161 3002 ἐντολὴν
1213 2936 1313 3002 τῆς
1338 2932 1558 3006 ἀγάπης
1581 2952 1595 2966 ·
1625 2937 1716 2991 τὸν
1760 2934 1816 2989 δὲ

1916 2937 2015 2994 pro
2041 2923 2203 2979 nobis
2230 2925 2491 2979 obediens
2526 2925 2686 2990 foret,
2718 2925 2987 2981 servando
3019 2924 3327 2980 dilectionis
3355 2939 3496 2995 prae-

235 3013 487 3069 διάϐολον
536 3019 811 3090 ἀμύνηται
843 3022 921 3093 τῷ
964 3025 1194 3095 πάσχειν
1243 3022 1334 3078 ὑπ’
1363 3026 1551 3090 αὑτοῦ,
1586 3027 1675 3080 διὰ
1707 3027 1815 3080 τῶν

1916 3022 2167 3084 ceptum;
2207 3015 2485 3071 diabolum
2531 3031 2661 3071 vero
2698 3017 3079 3080 ulcisceretur,
3124 3018 3192 3070 ab
3237 3031 3303 3071 eo
3350 3018 3491 3071 mala

236 3105 335 3215 ὑπ’
357 3106 524 3160 αὐτοῦ
550 3110 954 3181 ἐνεργουμένων
975 3114 1012 3166 Γ
1018 3117 1346 3186 ραμματέων
1368 3118 1461 3171 καὶ
1479 3117 1807 3188 Φαρισαίωψ

1916 3104 2291 3176 perpetiendo,
2327 3107 2544 3161 illorum
2577 3120 2763 3176 opera,
2789 3107 2880 3176 qui
2908 3109 3026 3177 ejus
3053 3107 3234 3161 afllatu
3258 3122 3490 3177 ageren-

234 3192 333 3250 καὶ
364 3198 539 3263 οὕτως
567 3201 786 3273 ἐνίκησε
820 3203 899 3274 τῷ
922 3206 1173 3259 νικᾶσθαι
1218 3207 1499 3271 ἑκουσίως,
1541 3206 1632 3260 τὸν
1656 3209 1811 3278 νικᾷν

1916 3205 2002 3250 tur
2028 3195 2367 3268 (Scribarum
2410 3198 2618 3253 scilicet
2647 3196 3140 3265 etPharisaeorum)
3176 3212 3188 3250 :
3227 3206 3390 3267 atque
3415 3196 3489 3252 ita

234 3286 556 3352 ἐλπίσαντα,
586 3293 789 3345 καὶτὸν
809 3294 1013 3363 κόσμον
1045 3295 1315 3367 ἐρρύσατο
1342 3297 1437 3365 τῆς
1462 3297 1624 3349 αὑτοῦ
1648 3298 1809 3351 δυνα-

1916 3302 2016 3357 qua
2062 3297 2255 3357 sponte
2300 3290 2633 3353 vinceretur,
2670 3288 3018 3357 pollicentem
3062 3288 3167 3342 sibi
3199 3286 3487 3343 victoriam

234 3376 447 3442 στείας.
502 3380 703 3436 Τοῦτον
749 3384 840 3437 τὸν
876 3386 1077 3456 τρόπον
1131 3388 1160 3440 ὁ
1183 3386 1414 3458 Χριστὸς
1438 3387 1498 3452 ἐξ
1528 3388 1813 3452 ἀσθενείας

1916 3379 2064 3444 vicit,
2108 3394 2283 3449 exque
2318 3379 2466 3433 illius
2508 3380 2751 3449 potentia
2794 3379 3061 3433 mundum
3108 3380 3382 3434 liberavit.
3429 3379 3488 3438 In

1911 3468 2057 3527 hunc
2085 3473 2305 3526 modum
2334 3471 2582 3529 Christus
2604 3489 2669 3528 ex
2701 3471 3013 3527 infirmitate
3038 3469 3092 3525 in
3110 3486 3329 3526 crucem
3352 3471 3487 3525 sub-

1906 3561 2050 3617 latus
2103 3572 2184 3617 est
2218 3564 2292 3629 ’l;
2326 3578 2497 3633 eaque
2530 3561 2844 3617 infirmitate
2864 3570 3096 3617 mortem
3121 3560 3399 3626 exstinxit,
3425 3576 3488 3615 ae

1907 3670 2053 3717 eum,
2078 3656 2168 3724 qui
2199 3656 2390 3709 mortis
2415 3654 2653 3709 habebat
2688 3654 2998 3724 imperium,
3031 3653 3309 3708 destruxit
3335 3652 3401 3705 ³⁸.
3426 3652 3491 3705 1η

1908 3748 2053 3801 hunc
2089 3746 2309 3800 modum
2338 3756 2393 3802 et
2424 3746 2624 3802 Paulus
2654 3744 2709 3800 in
2744 3761 2801 3801 se
2826 3746 2942 3815 ipse
2978 3744 3248 3810 infirmus,
3280 3744 3488 3815 gloria-

233 3471 591 3544 ἐσταυρώθη·
622 3474 689 3528 δι’
723 3468 787 3548 ἧς
816 3477 1103 3543 ἀσθενείας
1129 3479 1220 3531 τὸν
1253 3478 1479 3532 θάνατον
1516 3480 1808 3551 ἐνέκρωσε,

233 3564 453 3616 καὶτὸν
484 3566 544 3618 τὸ
592 3567 791 3638 κράτος
837 3568 1028 3638 ἔχοντα
1075 3569 1168 3623 τοῦ
1197 3569 1427 3623 θανάτου
1471 3572 1807 3642 κατήργησε.

232 3649 442 3708 Τοῦτον
469 3657 560 3711 τὸν
594 3659 791 3728 τρόπον
823 3662 914 3713 καὶ
938 3662 966 3714 6
996 3661 1203 3723 Παῦλος
1245 3663 1300 3714 ὲν
1347 3661 1524 3732 ἐαυτῷ
1570 3662 1806 3732 ἠσθένει,

232 3746 333 3800 καὶ
364 3748 637 3818 ἐκαυχᾶτο
666 3754 722 3804 ἐν
744 3755 864 3816 ταῖς
890 3753 1216 3819 ἀσθενείαις,
1240 3753 1327 3808 ἵνα
1365 3755 1716 3829 ἐπισκηνώσῃ
1747 3758 1807 3810 ἐν

230 3836 384 3907 αὑτῷ
416 3836 447 3908 η
478 3838 707 3911 δύναμις
738 3842 833 3895 τοῦ
863 3842 1120 3914 Χριστοῦ.

1916 3838 2068 3892 batur
2102 3836 2155 3890 in
2188 3833 2616 3903 infirmitatibus,
2649 3845 2708 3891 ut
2740 3836 3074 3890 inhabitaret
3105 3835 3160 3890 in
3199 3850 3265 3890 eo
3310 3833 3487 3907 virtus

1904 3924 2107 3983 Christi
2148 3929 2216 3981 '9.

1916 4032 1919 4035 ‘
1979 4022 2063 4075 ll.
2102 4018 2275 4090 Hujus
2318 4019 2563 4075 victoriae
2606 4014 2830 4074 modum
2863 4016 3202 4087 exploratum
3232 4012 3486 4080 habens,

1902 4110 1957 4166 in
1989 4113 2105 4166 hzec
2134 4113 2298 4166 verba
2330 4111 2397 4165 ad
2431 4109 2695 4179 Ephesios
2725 4109 3001 4164 scribebat
3033 4126 3046 4161 :
3078 4107 3195 4161 Non
3230 4113 3306 4160 est
3337 4104 3486 4162 nobis
3526 4104 3529 4108 ⁴

1902 4200 2203 4257 colluctatio
2249 4202 2495 4255 adversus
2525 4217 2739 4255 carnem
2785 4208 2832 4253 et
2874 4198 3207 4270 sanguinem,
3256 4196 3348 4251 sed
3389 4196 3477 4251 ads

234 4286 541 4351 ἐξουσίας,
574 4284 666 4341 καὶ
700 4285 768 4340 τὰ
801 4285 945 4358 ἑῆς.
982 4288 1083 4343 Τόν
1108 4305 1167 4343 τε
1198 4289 1422 4363 θώρακα
1444 4293 1547 4363 τῆς
1595 4292 1801 4346 δικαιο-

1916 4309 2079 4347 tersus
2119 4293 2445 4363 principatus
2493 4300 2541 4344 et
2571 4299 2851 4361 potestates
2886 4289 2953 4355 ⁸⁸,
3001 4297 3058 4343 et
3090 4302 3211 4357 quae
3239 4301 3479 4357 sequun-

235 4376 400 4448 σύνης
454 4374 741 4433 ἀναλαϐεῖν
786 4397 939 4450 φησι,
976 4382 1070 4434 καὶ
1110 4382 1208 4453 τὴν
1253 4382 1679 4454 περικεφαλαίαν
1713 4380 1801 4435 ἐλ-

1916 4394 2015 4450 iur;
2041 4383 2306 4455 jubetque
2340 4392 2397 4437 ut
2433 4380 2661 4453 justitize
2705 4382 2984 4436 thoracem
3020 4386 3321 4443 assumant,
3366 4375 3488 4449 spei

235 4463 407 4531 πίδος,
436 4468 529 4560 καὶ
550 4466 639 4522 τὸν
664 4465 852 4541 θυρεὸν
877 4473 975 4542 τῆς
999 4472 1249 4538 πίστεως,
1283 4474 1375 4528 καλ⁸
1400 4473 1497 4545 τὴν
1530 4475 1799 4547 μάχαιραν

1916 4476 2132 4547 galeam,
2163 4483 2378 4530 scutum
2410 4473 2555 4540 fidei,
2583 4474 2823 4544 gladium
2854 4471 3086 4542 spiritus
3111 4472 3178 4535 ³¹,
3205 4477 3267 4525 ιιι
3295 4470 3487 4525 omnia

234 4559 325 4612 τοῦ
353 4555 687 4632 πνεύματος,
722 4560 808 4617 ἵνα
834 4561 1103 4635 δυνηθῶσι
1136 4566 1308 4620 πάντα
1331 4567 1399 4620 τὰ
1426 4566 1554 4638 βέλη
1579 4566 1672 4621 τοῦ
1700 4584 1797 4621 πο-

1916 4568 2009 4623 Lela
2054 4567 2373 4637 nequissimi
2425 4567 2581 4637 ignea
2627 4566 2979 4636 exstinguere
3008 4564 3248 4628 valeant,
3280 4563 3485 4633 quibus

230 4648 395 4721 νηροῦ
420 4648 488 4705 τὰ
505 4654 873 4725 πεπυρωμένα
896 4652 1104 4721 σϐέσαι,
1134 4657 1182 4710 oi
1212 4658 1347 4728 πρὸς
1379 4658 1505 4722 τοὺς
1535 4660 1799 4728 ἀοράτους

1916 4659 2164 4713 adversus
2191 4659 2378 4711 hostes
2418 4657 2725 4711 invisibiles
2768 4656 2971 4711 bellum
3004 4654 3150 4711 istud
3189 4653 3483 4711 incumbit.

306 4009 388 4063 ιδ’.
431 4012 646 4083 Ταύτης
664 4013 763 4083 τῆς
791 4015 946 4085 νίκης
982 4013 1071 4070 τὸν
1113 3996 1314 4090 τρόπον
1357 4014 1579 4089 μαθὼν,
1620 4016 1806 4087 ἔλεγεν

244 4100 515 4168 Ἐφεσίοις
545 4104 769 4173 γράφων
790 4121 804 4134 ·
834 4107 954 4158 Οὐκ
986 4106 1158 4161 ἐστιν
1182 4106 1321 4177 ὑμῖν
1365 4106 1404 4175 ἡ
1447 4108 1610 4176 πάλη
1655 4109 1804 4177 πρὸς

231 4188 376 4263 αἷμα
401 4190 723 4263 καῖσάρκα
751 4213 764 4225 ο
801 4198 960 4251 ἀλλὰ
993 4193 1143 4268 πρὸς
1166 4200 1271 4266 τὰς
1293 4200 1501 4270 ἀρχὰς,
1532 4202 1679 4269 πρὸς
1697 4202 1804 4267 τὰς

230 4741 456 4813 ἐχθροὺς
487 4744 577 4796 τὸν
600 4743 830 4815 πόλεμον
858 4746 1069 4817 ἔχοντες
1098 4767 1111 4780 ο
1139 4748 1285 4820 ἔργῳ
1310 4745 1436 4823 [ΡΥ.
1460 4751 1531 4804 αι.
1554 4753 1629 4805 Μ.
1651 4749 1701 4804 Ν
1709 4752 1794 4807 ob.

230 4829 435 4905 ἔργοις]
489 4834 545 4887 δὲ
603 4832 694 4887 τὸν
724 4837 925 4907 τρόπον
958 4837 1057 4908 τῆς
1090 4841 1268 4911 πάλης
1317 4842 1793 4914 ἐπιδεικνύμενος,

229 4921 443 4989 ἐλεγενο
487 4921 634 4992 Ἐγὼ
666 4919 780 4978 οὖν
807 4924 994 4991 οὕτως
1027 4925 1234 4997 τρέχω,
1272 4929 1348 4991 ὡς
1387 4930 1497 4982 οὐκ
1518 4928 1790 4994 ἀδήλωςο

227 5013 416 5078 οὕτως
454 5017 747 5075 πυκτεύω.
779 5016 860 5081 ὠς
895 5019 1006 5073 οὐκ
1032 5017 1178 5085 ἀέρα
1205 5018 1429 5087 διείρων
1448 5037 1461 5051 ο
1493 5020 1795 5075 (1.1.?be-

227 5100 408 5162 πιάζω
434 5118 555 5172 μου
584 5106 650 5158 τὸ
679 5099 849 5174 σῶμα
885 5104 985 5160 καὶ
1017 5105 1376 5178 δουλαγωγῶ
1397 5149 1412 5175 ,
1444 5111 1657 5181 μήπως
1684 5112 1790 5165 ἆλ-

224 5189 360 5256 λοις
387 5191 675 5259 κηρύξας,
708 5192 890 5260 αὐτὸς
918 5194 1201 5265 ἀδόκιμος
1226 5195 1500 5267 γένωμαι.
1536 5200 1646 5252 Καὶ
1690 5201 1794 5253 mi-

1902 4749 2085 4803 Rebus
2108 4760 2288 4803 autem
2320 4750 2481 4804 lucta:
2512 4749 2731 4803 modum
2768 4748 3086 4807 ostendens.
3112 4745 3292 4801 aiebat
3323 4764 3336 4799 :
3366 4744 3486 4817 Ego

1898 4841 2062 4909 igitur
2084 4842 2158 4893 sic
2180 4857 2353 4904 curro,
2375 4856 2478 4893 non
2497 4840 2650 4910 quasi
2676 4841 2729 4893 in
2757 4841 3013 4893 incertum
3035 4854 3051 4893 :
3071 4839 3145 4893 sic
3160 4853 3355 4908 pugno,
3372 4852 3481 4888 non

1898 4930 2054 4999 quasi
2096 4928 2260 5000 375.
2310 4944 2485 4983 aerem
2535 4928 2817 4983 verberans
2853 4941 2870 4980 :
2913 4926 3005 4980 sed
3039 4926 3239 4995 castigo
3289 4939 3481 4992 corpus

1900 5037 2070 5073 meum
2092 5029 2137 5073 et
2164 5021 2215 5072 in
2240 5022 2542 5073 servitutem
2573 5020 2771 5089 redigo,
2801 5033 2865 5071 ne
2887 5018 3022 5087 forte
3050 5033 3168 5070 cum
3194 5015 3311 5068 aliis
3337 5026 3477 5083 prc-

1891 5108 2211 5173 dicaoen'm,
2267 5112 2378 5180 ipse
2437 5110 2686 5180 reprobus
2737 5110 2931 5178 e/ﬁciar
2987 5108 3050 5160 ".
3100 5107 3170 5159 Et
3218 5104 3473 5159 iterum:

1897 5196 2067 5269 Usque
2101 5197 2156 5252 in
2190 5200 2327 5253 hanc
2366 5200 2551 5255 horam
2580 5206 2629 5252 et
2659 5198 2914 5252 esurimus
2949 5206 2999 5250 et
3026 5198 3232 5250 sitimus
3265 5201 3315 5248 et
3344 5193 3481 5247 nudi

225 5277 340 5334 λιν⁶
385 5283 550 5351 Ἄχρι
580 5280 689 5349 τῆς
722 5281 851 5351 ἄρτι
872 5282 1026 5352 ὧρας
1047 5286 1146 5339 καὶ
1171 5286 1467 5356 πεινῶμεν
1495 5289 1589 5342 καί
1621 5285 1797 5358 διψῶ-

1919 5301 2092 5351 umus,
2135 5295 2185 5340 et
2222 5285 2460 5357 colaphis
2491 5287 2746 5341 cadimur
2791 5287 2856 5339 ³⁸.
2888 5287 3210 5354 Rursusque
3244 5301 3257 5337 :
3291 5282 3357 5336 ιιι
3392 5282 3474 5336 la-

220 5388 336 5445 μεν
383 5372 482 5427 καὶ
529 5374 996 5444 τυμνητεύομεν,
1050 5376 1149 5430 καὶ
1175 5424 1177 5426 .
1204 5378 1656 5449 κολαφιζόμεθα.
1687 5380 1797 5434 Καὶ

224 5466 390 5518 πάλιν
412 5480 425 5494 ’
476 5466 577 5519 Ἐν
600 5467 764 5533 κόπῳ
793 5468 887 5521 καί
915 5468 1121 5537 μόχθῳ
1138 5483 1153 5500 θ
1172 5470 1241 5523 ἐν·
1265 5470 1621 5538 ἀγρυπνίαις
1648 5474 1797 5524 πολ-

1894 5382 2015 5436 bore
2047 5389 2096 5434 et
2126 5395 2401 5446 erumna;
2428 5380 2484 5432 in
2518 5367 2709 5450 uigiliis
2755 5376 2952 5441 multis,
2982 5379 3039 5430 in
3066 5376 3262 5447 frigore
3285 5382 3339 5428 et
3369 5388 3473 5428 nu-

1894 5475 2093 5539 ditate;
2125 5481 2317 5545 prater
2348 5470 2447 5527 illa
2480 5486 2598 5543 qua
2626 5480 2749 5525 sunt
2778 5471 3093 5524 extrinsecus
3124 5470 3171 5501 ³⁸

222 5546 420 5625 ,ιάκιςξ
461 5560 731 5628 apage:
767 5560 865 5614 καί
897 5563 1245 5630 γυμνότητι,
1283 5562 1459 5631 χωρὶς
1495 5562 1614 5617 τῶν
1641 5566 1955 5633 παρεκτός.

292 5670 338 5703 ²⁶
639 5690 698 5738 ιι,
731 5674 838 5750 5.“
862 5674 978 5750 "ll
1011 5676 1142 5750 cor.
1168 5692 1280 5750 sm,
1308 5679 1362 5732 4.
1438 5679 1491 5750 ῗξ
1515 5678 1679 5735 Hebr.
1708 5695 1764 5745 ιι,
1798 5680 1817 5732 l

1957 5681 2003 5712 "
2029 5680 2073 5736 ll
2096 5681 2221 5738 Cor.
2252 5694 2346 5750 xu,
2375 5679 2430 5736 9.

2543 5677 2588 5711 ιο
2612 5677 2811 5749 Ephcs.
2841 5693 2915 5745 νι,
2949 5674 3036 5731 12.
3136 5673 3179 5707 ιι
3214 5666 3348 5726 ibid.
3373 5668 3463 5737 ιι.

230 5741 312 5795 l3.
390 5743 432 5773 ”
470 5741 638 5799 lCor.
668 5759 738 5803 Ix.
771 5744 860 5806 26,
887 5747 977 5801 27.
1051 5746 1095 5778 ³³
1125 5748 1143 5800 ι
1168 5741 1297 5803 Cor.
1330 5765 1401 5812 Iv,
1439 5749 1524 5803 ll.
1600 5750 1645 5782 ³⁵
1678 5750 1723 5804 ιι
1752 5741 1817 5806 Cc

1916 5765 1988 5815 ιιι,
2018 5752 2108 5806 27.
