4048 6430
1768 347 1828 409 S.
1871 341 2158 408 MAXIMI
2197 335 2706 399 CONFESSORIS
3737 323 3824 388 92‘

683 467 770 524 ιε.
804 464 984 537 Atque
1027 463 1172 520 banc
1214 462 1438 534 quidem
1483 462 1687 516 luctam
1733 461 2062 516 colluctatus
2106 464 2193 512 est

2363 459 2442 507 ιε’.
2475 450 2584 506 Καὶ
2611 447 2817 519 ταύτην
2849 444 2948 517 μὲν
2996 441 3092 513 τὴν
3119 439 3316 511 πάλην,
3343 435 3478 537 πρός
3504 434 3840 537 maestae;

609 558 876 614 adversus
902 556 1181 612 damones
1202 555 1546 625 voluptatum
1572 553 1628 607 in
1659 567 1825 606 carne
1860 551 2190 614 incentores,

611 651 829 725 objecta
859 651 947 706 sui
981 650 1227 722 corporis
1252 647 1578 704 infirmitate
1601 662 1698 702 eos
1726 646 1920 718 fugans
1949 663 1965 698 :
1993 643 2194 699 adver-

613 759 712 799 sus
740 753 923 800 autem
951 759 1047 800 eos
1074 742 1170 813 qui
1195 757 1390 814 pugnae
1417 755 1546 797 arce
1574 745 1828 809 suscepta
1857 736 1982 792 odia
2015 735 2194 791 susci-

613 845 758 902 tant,
789 850 1020 906 eamque
1065 834 1137 891 ob
1187 849 1324 900 rem,
1359 833 1454 904 qui
1496 832 1780 904 segniores
1819 830 2020 885 animis
2059 829 2193 897 sint,

613 927 879 984 adversus
911 927 1033 999 pios
1061 926 1315 983 homines
1351 925 1662 988 concitant;
1698 932 1760 979 ut
1795 923 1904 978 illis
1931 922 2195 978 tentanti-

613 1020 720 1076 bus
755 1020 955 1075 animis
978 1018 1297 1074 fatiscentes
1328 1017 1477 1089 ipsos
1508 1017 1634 1073 odio
1666 1015 1926 1080 habeant,
1957 1014 2196 1085 indeque

612 1109 694 1164 rei
723 1108 913 1164 violati
945 1107 1261 1164 dilectionis
1304 1106 1551 1162 mandati
1593 1105 1757 1170 fiant;
1796 1103 2043 1161 victoria:
2074 1119 2195 1158 mo-

611 1197 743 1252 dum
785 1199 953 1254 rebus
996 1199 1133 1271 ipsis
1171 1207 1506 1265 monstrans,
1553 1197 1736 1251 aiebat
1765 1213 1778 1250 :
1805 1195 2193 1260 Maledicimur,

611 1297 664 1342 et
703 1289 1084 1357 benedicimus;
1121 1292 1534 1362 persecutionem
1576 1289 1830 1360 patimur,
1874 1296 1921 1339 et
1965 1288 2194 1340 sustine-

612 1397 764 1448 mus;
792 1380 1243 1453 blasphemamur,
1286 1391 1335 1437 et
1367 1383 1696 1436 obsecramus
1729 1396 1747 1435 :
1777 1388 2034 1450 tauquam
2075 1380 2195 1449 pia-

610 1469 733 1527 culo
782 1474 967 1528 mundi
1021 1473 1150 1543 facti
1205 1490 1420 1540 sumus,
1478 1473 1713 1528 omnium
1763 1472 2195 1542 rejectamentum

609 1580 775 1635 usque
809 1565 864 1619 in
898 1567 1034 1620 hunc
1071 1565 1208 1620 diem
1238 1567 1304 1621 ⁸⁸.
1340 1566 1478 1620 Nam
1518 1564 1795 1620 daemones
1827 1562 2074 1633 quidem,
2108 1562 2195 1616 id-

609 1657 761 1714 circo
791 1656 1084 1714 dicacitate
1125 1658 1401 1724 mordere,
1444 1656 1712 1713 conviciis
1752 1666 1962 1727 petere,
2008 1671 2198 1725 persc-

611 1751 707 1820 qui
744 1750 1069 1816 suadebant,
1100 1758 1162 1805 ut
1193 1750 1249 1804 in
1290 1750 1616 1815 mor-dentis,
1659 1747 2038 1813 conviciantis,
2072 1764 2198 1818 per-

611 1841 896 1912 sequentis
919 1841 1129 1908 odium,
1155 1841 1515 1912 apostolicum
1544 1850 1738 1910 peetus
1767 1838 2090 1906 incitarent;
2128 1854 2196 1895 eo
2225 1808 2270 1864 Β

610 1932 873 1988 nimirum
902 1934 1030 2000 line,
1068 1943 1127 1988 ut
1157 1934 1342 1990 violati
1388 1932 1702 1988 dilectionis
1748 1932 1991 1986 mandati
2038 1947 2198 1986 reum

611 2032 967 2096 peragerent;
1010 2025 1302 2096 Apostolus
1351 2041 1484 2080 vero
1535 2041 1646 2095 quo
1695 2024 1916 2078 illorum
1968 2023 2201 2079 consilia

609 2126 924 2187 spectarent
965 2134 1076 2172 non
1126 2117 1405 2188 ignorans,
1447 2116 1750 2180 dicacibus,
1795 2115 2201 2171 benedictionis

610 2211 776 2266 verba
822 2211 1189 2281 rependebat;
1245 2221 1642 2282 persequentes
1682 2211 2026 2278 sustinebat;
2070 2227 2205 2268 con-

610 2302 770 2359 viciis
798 2312 1049 2374 petentes
1097 2304 1457 2372 obsecrabat;
1489 2314 1550 2360 ut
1578 2305 1842 2360 nimirum
1872 2322 1902 2360 a
1932 2305 2201 2361 daemoni-

609 2395 735 2462 bus,
765 2396 858 2468 qui
907 2397 1098 2452 talium
1147 2407 1384 2464 actores,
1413 2408 1620 2463 essent,
1664 2415 1785 2454 sese
1815 2399 2201 2471 abjungerent,

611 2502 677 2542 ac
707 2503 834 2544 cum
866 2488 1258 2560 benignissimo
1299 2491 1413 2546 Deo
1444 2491 1908 2547 necessitudinem
1946 2491 2150 2546 inirent
2185 2509 2198 2546 :

613 2577 922 2649 horumque
956 2579 1269 2636 incentores
1314 2581 1591 2637 daemones
1640 2581 1802 2637 lucta:
1850 2581 1956 2636 hoc
2001 2597 2203 2653 genere

611 2670 930 2740 collidebat,
973 2673 1178 2728 malum
1220 2673 1276 2728 in
1316 2673 1464 2729 bono
1494 2675 1560 2741 ⁸⁸,
1594 2673 1892 2730 Sslvatoris
1927 2676 2200 2746 exemplo,

612 2777 830 2832 semper
873 2763 1121 2820 vincens.
1154 2765 1326 2836 Inque
1371 2765 1518 2822 hunc
1559 2766 1784 2822 modum
1835 2766 1951 2838 ipse
1999 2768 2205 2837 pariter

612 2869 678 2910 ac
713 2855 912 2924 reliqui
958 2856 1192 2927 apostoli
1238 2865 1416 2912 totum
1470 2858 1739 2913 mundum
1788 2875 1818 2914 a
1861 2859 2205 2916 daemonibus

611 2948 956 3018 abjuuctum,
1002 2949 1115 3005 Deo
1149 2951 1550 3018 conciliarunt;
1600 2967 1702 3007 suo
1737 2951 1843 3022 ipsi
1890 2967 2088 3008 occasu
2139 2967 2205 3008 ac

611 3040 790 3107 clade,
822 3041 1043 3097 illorum
1069 3042 1331 3109 victores,
1350 3044 1443 3116 qui
1468 3055 1620 3101 certa
1647 3046 1753 3102 sibi
1783 3061 1880 3116 spe
1911 3046 2203 3102 victoriam

2293 547 2354 600 ὲν
2385 547 2452 616 τῇ
2489 542 2653 615 σαρκὶ
2683 537 3040 610 ἐνεργοῦντας
3075 533 3304 587 ὲπάλαιε
3337 529 3594 600 δαίμονας
3618 527 3708 616 διὰ
3742 528 3827 599 τῆς

2295 615 2578 699 ἀσθενείας
2626 632 2722 687 τοῦ
2775 631 2910 686 ίδίου
2967 627 3220 698 σώματος
3277 621 3475 684 αὐτοὺς
3519 615 3826 673 ἐπελαύνων·

2295 729 2434 802 πρὸς
2462 728 2520 781 δὲ
2545 726 2670 789 τοὺς
2703 726 2782 789 εις
2814 724 2973 794 μῖσος
3015 714 3409 787 πολεμοῦντας,
3439 711 3538 765 καὶ
3591 709 3675 763 διὰ
3700 710 3832 802 τοῦτο

2293 801 2422 887 τοὺς
2439 821 2550 875 τῶν
2578 815 2885 890 ἀνθρώπων
2911 808 3310 884 ἀμελεστέρους
3332 805 3479 862 κατά
3498 802 3606 856 τῶν
3627 801 3834 856 εὐσεὸὦν

2295 916 2602 978 κινοῦντας,
2633 913 2721 966 ἵνα
2753 909 2823 964 δι’
2867 905 3052 962 αὐτῶν
3085 898 3477 973 πειραζόμενοι
3499 935 3516 961 ,
3550 894 3734 956 αὐτοὺς
3760 912 3834 963 μισ

2297 1011 2526 1080 σήσωσι,
2549 1006 2643 1061 καὶ
2663 1003 2764 1075 τὴν
2795 997 3016 1070 ἐντολὴν
3046 996 3146 1066 τῆς
3167 993 3387 1062 ἀγάπης
3409 986 3693 1080 παραθῶσι
3712 985 3838 1080 ’-πά-

2295 1076 2378 1153 λιν
2406 1097 2498 1151 τὸν
2523 1095 2727 1166 τρόπον
2753 1093 2854 1163 τῆς
2883 1090 3040 1156 νίκης
3065 1086 3250 1157 ἔργοις
3300 1082 3434 1151 ἡμῖν
3467 1076 3836 1141 ὑποδεικνύων,

2296 1190 2483 1258 ἔλεγεν
2505 1203 2519 1218 ο
2556 1171 3463 1252 Λοιδορούμενοι,εὺλογοῦμεν·
3510 1167 3839 1258 διωκόμενοι,

2296 1257 2634 1349 ἀνεχόμεθα
2657 1290 2670 1303 '
2737 1268 3308 1340 βλασφημούμενοι,
3371 1257 3838 1349 παρακαλοῦμεγι

2294 1346 2553 1436 ὡσάέρει
2579 1361 2926 1431 καθάρματα
2939 1356 3048 1413 τοῦ
3065 1356 3300 1424 κόσμου
3319 1347 3704 1420 ἐγενήθημεν,
3721 1346 3845 1398 πάν-

2295 1479 2416 1517 των·
2434 1459 2745 1529 περίψημα
2775 1455 2888 1521 ἕως
2922 1451 3074 1522 ἄρτι.
3109 1449 3175 1502 Οί
3209 1446 3310 1518 μὲν
3339 1442 3454 1514 γάρ
3484 1441 3740 1510 δαίμονες,
3773 1440 3846 1492 διὰ

2295 1555 2454 1610 τοῦτο
2475 1552 2738 1624 λοιδορεῖν
2761 1549 2856 1602 καὶ
2884 1544 3227 1618 βλασφημεῖν
3255 1539 3353 1594 καὶ
3384 1537 3602 1592 διώκειν
3643 1533 3847 1587 ὑπέϐαλε

2296 1650 2409 1712 λον,
2447 1647 2536 1700 ῖνα
2568 1645 2646 1708 είς
2671 1644 2827 1714 μῖσος
2852 1636 2948 1694 τοῦ
2973 1631 3341 1706 λοιδοροῦντος
3375 1628 3474 1682 καὶ
3499 1625 3849 1698 βλασφημοῦνο

2291 1758 2390 1804 τος
2417 1739 2514 1793 uel.
2556 1735 2848 1797 διώκοντος
2896 1730 3061 1785 αὑτὸν
3110 1727 3410 1797 κινήσωσι·
3442 1720 3538 1775 τὸν
3575 1719 3760 1773 σκοπὸν
3784 1721 3848 1782 εἰς

2298 1832 2398 1904 τὴν
2447 1828 2763 1902 παράδασιν
2790 1825 2894 1896 τῆς
2921 1821 3141 1892 ἑντολῆς
3176 1819 3276 1890 τῆς
3299 1816 3527 1886 ἀγάπης
3549 1813 3766 1884 ἔχοντες.
3801 1814 3848 1865 '0

2297 1925 2356 1980 δὲ
2396 1920 2721 1984 Ἀπόστολος
2755 1916 2830 1990 μὴ
2867 1914 3079 1986 ἀγνοῶν
3124 1909 3196 1966 τὰ
3229 1909 3484 1980 νοήματα
3506 1904 3698 1967 αὐτῶν,
3745 1905 3849 1965 reb;

2299 2014 2678 2084 λοιδοροῦντας
2723 2008 2965 2082 ηὐλόγει,
2998 2005 3094 2059 καὶ
3123 2002 3233 2056 τῶν
3274 1999 3585 2055 διωκόντων
3613 1995 3847 2066 ἠνείχετο.

2299 2107 2546 2170 καὶτοὺς
2578 2100 3034 2176 βλασφημοῦντας
3087 2094 3412 2166 παρεκάλει,
3444 2090 3555 2144 τῶν
3588 2089 3682 2159 μὲν
3705 2086 3850 2141 ταῦτα

2301 2197 2670 2270 ἐνεργούντων
2706 2191 3016 2261 ἀποστῆναι
3056 2186 3348 2257 δαιμόνων,
3395 2179 3481 2251 τῷ
3508 2178 3567 2232 δὲ
3593 2176 3768 2270 ἀγαθῷ
3787 2177 3850 2229 οε-

2299 2267 2598 2356 κειωθῆναι
2614 2282 2754 2353 Θεῷ·
2779 2280 2910 2343 τοὺς
2939 2277 2996 2331 δὲ
3017 2274 3196 2331 ταῦτα
3222 2269 3584 2345 ἐνεργοῦντας
3604 2267 3850 2336 δαίμονας,

2300 2379 2479 2451 τούτῳ
2507 2377 2585 2448 τῷ
2615 2375 2804 2446 τρόπῳ
2842 2373 2942 2444 τῆς
2972 2368 3153 2439 πάλης
3185 2365 3448 2438 ἠμύνετο,
3478 2364 3538 2417 ὲν
3586 2361 3662 2433 τῷ
3690 2360 3852 2431 ἀγαθῷ

2302 2474 2392 2530 ἀεὶ
2425 2473 2590 2528 νικῶν
2623 2469 2684 2523 τὸ
2711 2467 2904 2532 κακὸν,
2929 2463 3071 2519 κατά
3103 2463 3202 2533 τὴν
3233 2461 3468 2532 μίμησιν
3491 2458 3585 2512 τοῦ
3611 2455 3848 2527 Σωτῆρος,

2303 2566 2400 2621 καὶ
2425 2564 2597 2626 οὕτως
2621 2562 2742 2616 ὅλον
2771 2558 2864 2612 τὸν
2887 2557 3092 2627 κόσμον
3112 2553 3220 2609 τῶν
3244 2551 3522 2622 δαιμόνων
3547 2547 3850 2618 ἀποστήσανο

2303 2676 2395 2723 τες
2424 2657 2503 2728 τῷ
2534 2655 2654 2727 Θεῷ
2681 2651 2986 2726 ᾠκείωσαν,
3030 2646 3192 2711 αὑτός
3229 2662 3291 2698 τε
3321 2643 3424 2698 καὶ
3451 2643 3502 2696 οἱ
3533 2641 3701 2694 λοιποὶ
3740 2639 3849 2693 ἀπό-

2307 2753 2508 2815 στολοι,
2539 2749 2628 2803 διὰ
2658 2747 2830 2819 ἥττης
2854 2745 3179 2814 νικήσαντες
3215 2739 3342 2803 τοὺς
3377 2737 3540 2808 νικᾷν
3565 2733 3851 2795 ἐλπίσαντας

2305 2844 2407 2919 [αι.
2441 2843 2537 2898 καὶ
2583 2839 2981 2912 κρατήσαντες,
3013 2834 3143 2896 τοὺς
3173 2832 3403 2902 κρατεῖν
3436 2828 3560 2882 ὲλπ.
3589 2824 3689 2919 _Fr.
3722 2827 3848 2919 νικη-

2307 2915 2523 3001 σαντες,
2557 2933 2687 2997 τοὺς
2731 2931 2957 3004 κρατεῖν
3009 2923 3341 2996 ὲθέλοντας].
3403 2921 3533 2975 Ἐἀν
3557 2915 3648 2974 οὖν
3673 2919 3754 2972 καὶ
3777 2915 3847 2981 σὺ,

2315 3027 2570 3099 Ἀδελφὲ,
2604 3025 2793 3080 τοῦτον
2839 3022 3122 3094 κρατήσῃς
3156 3017 3248 3073 τὸν
3291 3014 3522 3080 σκοπὸν,
3551 3012 3755 3067 δύνασαι
3774 3010 3849 3062 καὶ

611 3131 1008 3188 ariolabantur.
1043 3133 1186 3206 Ergo
1214 3141 1271 3190 tu
1301 3099 1544 3206 quoque,
1575 3136 1770 3205 frater,
1801 3099 1948 3194 bunc
1973 3153 2200 3210 scopum

2307 3121 2372 3175 σὺ
2403 3120 2532 3184 τοὺς
2566 3115 2858 3180 μισοῦντας
2880 3112 3132 3183 ἀγαπᾷνο
3163 3109 3290 3162 εἰδὲ
3321 3107 3399 3179 μή
3431 3121 3518 3175 γε,
3549 3102 3712 3166 ἄλλως
3731 3099 3846 3171 ἀμή-

611 3224 658 3279 si
700 3226 967 3292 tenueris,
1015 3226 1224 3297 poteris
1254 3237 1310 3282 et
1347 3227 1462 3298 ipse
1497 3228 1753 3286 inimicos
1798 3229 2061 3302 diligere;
2110 3231 2199 3288 sin

611 3324 797 3372 autem
836 3334 966 3385 non,
994 3319 1146 3374 nulla
1181 3319 1237 3374 id
1267 3319 1478 3375 ratione
1507 3330 1769 3390 praestare
1797 3323 2027 3391 poteris.

683 3408 770 3464 16.
812 3408 1012 3481 Aitque
1057 3411 1228 3466 frater
1255 3429 1268 3464 :
1297 3410 1389 3467 Sic
1421 3427 1614 3466 revera
1649 3422 1754 3478 est,
1785 3413 1968 3479 Pater,
2002 3425 2060 3470 et
2089 3429 2201 3470 non

612 3500 794 3565 aliter,
814 3517 884 3565 ac
909 3503 1128 3558 locutus
1150 3517 1212 3558 es
1237 3518 1252 3556 :
1277 3517 1510 3573 eamque
1535 3503 1606 3557 ob
1631 3519 1746 3558 rem
1782 3504 2048 3560 Dominus
2073 3521 2201 3561 cum

613 3610 645 3648 a
669 3593 874 3651 Judaeis
903 3594 1215 3650 maledictis
1256 3603 1559 3664 peteretur,
1595 3595 1844 3666 colaphis
1869 3597 2199 3666 caederetur,

613 3689 781 3752 atque
823 3684 927 3738 alia
961 3684 1031 3739 ab
1063 3684 1147 3739 eis
1183 3692 1489 3755 pateretur,
1527 3687 1854 3752 sustinebat,
1893 3689 2201 3746 miseratio-

614 3772 705 3828 nis
729 3773 931 3829 atl‘ectu
968 3773 1023 3830 in
1057 3789 1154 3831 eos
1186 3783 1390 3841 motus,
1420 3776 1573 3832 velut
1595 3777 1692 3848 qui
1721 3779 2100 3848 imprudentes
2123 3781 2204 3837 fa-

615 3875 806 3921 cerent
847 3881 912 3922 ac
935 3881 1126 3923 errore
1155 3867 1368 3923 seducti
1414 3878 1620 3924 essent.
1656 3869 1814 3926 Unde
1856 3880 1913 3926 et
1948 3872 2006 3927 in
2035 3889 2202 3930 cruce

616 3957 837 4015 dicebat
861 3977 883 4013 ~:
914 3959 1099 4026 Pater,
1128 3961 1334 4016 dimitte
1358 3962 1465 4018 illis
1484 4005 1499 4028 ,
1529 3964 1656 4034 quia
1691 3965 1927 4020 nesciunt
1965 3967 2091 4037 quid
2115 3968 2200 4038 fa-

617 4050 763 4104 ciunt
797 4051 842 4086 ⁸⁷
878 4068 892 4106 :
939 4051 1101 4123 375
1133 4052 1339 4109 diaboli
1388 4063 1573 4109 autem
1622 4064 1677 4110 et
1723 4056 2039 4127 principum
2083 4060 2203 4130 ejus

617 4143 966 4200 vaferrimam
1009 4155 1250 4204 mentem
1294 4147 1656 4218 fraudemque
1694 4148 1752 4202 in
1800 4163 1965 4204 cruce
2004 4149 2201 4204 trium-

617 4237 828 4307 phans;
854 4253 954 4308 pro
981 4238 1293 4295 dilectionis
1323 4239 1604 4306 mandato,
1635 4241 1715 4296 uti
1733 4241 1941 4306 dixisti,
1966 4241 2033 4296 ad
2057 4257 2204 4296 mor-

619 4336 730 4384 tem
758 4345 932 4400 usque
956 4331 1222 4387 adversus
1250 4331 1372 4386 illos
1392 4339 1633 4398 certans,
1654 4332 1925 4404 nobisque
1953 4332 2203 4388 tribuens

618 4421 688 4477 de
708 4422 819 4478 illis
839 4422 1146 4491 victoriam,
1164 4439 1229 4480 ac
1252 4425 1447 4480 mortis
1466 4425 1750 4482 destructo
1771 4425 2027 4497 imperio,
2044 4441 2200 4481 suam

2305 3230 2490 3285 χανον.

2380 3390 2478 3457 ις’.
2501 3387 2614 3442 Kal
2631 3389 2660 3442 6
2683 3381 2910 3452 ἀδελφὸς
2931 3379 3106 3436 εἶπεν·
3134 3379 3252 3433 Ἐπ’
3275 3376 3557 3450 ἀληθείας,
3583 3373 3765 3441 Πάτερ,
3777 3370 3842 3424 οῦ-

2306 3501 2416 3547 τως
2437 3481 2554 3536 ἐστὶ
2576 3480 2673 3533 καὶ
2689 3479 2789 3532 οὐκ
2813 3475 3020 3538 ἀλλωςο
3047 3473 3141 3527 καὶ
3159 3471 3248 3526 διὰ
3270 3469 3434 3524 τοῦτο
3455 3469 3485 3521 6
3507 3466 3699 3538 Κύριος
3717 3463 3847 3534 βλασ-

2309 3592 2384 3646 φη
2392 3575 2492 3646 μού
2501 3588 2661 3641 μενος
2685 3570 2781 3624 καὶ
2809 3565 3256 3638 κολαφιζόμενος,
3285 3563 3383 3617 καὶ
3405 3561 3474 3616 τά
3490 3559 3620 3615 ἀλλα
3639 3557 3844 3627 πάσχων,

2309 3666 2452 3738 ειπερ
2482 3661 2684 3718 ἔπαθεν
2732 3659 2837 3714 ὑπὸ
2865 3658 2975 3711 τῶν
3033 3655 3319 3717 Ἰουδαίων,
3358 3652 3627 3724 ἠνείχετο,
3659 3646 3846 3707 ἐκείνοις

2312 3758 2413 3829 μὲν
2448 3755 2788 3827 συμπάσχων
2824 3752 2902 3816 ὡς
2953 3749 3209 3818 ἀγνοοῦσι
3263 3748 3359 3800 καὶ
3413 3741 3811 3813 πεπλανημένοις
3832 3754 3843 3767 ’

2308 3851 2392 3905 διὸ
2417 3852 2513 3905 καὶ⁷
2540 3849 2727 3917 ἔλεγεν
2748 3847 2843 3900 ἐπὶ
2858 3842 2955 3898 τοῦ
2977 3840 3234 3914 σταυροῦ
3255 3839 3474 3909 Πάτερ,
3493 3838 3636 3908 ἄφες
3658 3831 3843 3896 αὐτοῖς,

2306 3945 2390 4000 ὅτι
2421 3944 2524 3998 οὐκ
2556 3939 2656 4014 [αι.
2695 3939 2756 3993 οὐ
2792 3935 2924 4009 γὰρ]
2976 3935 3153 3990 οἴδασι
3201 3935 3256 3987 τί
3282 3930 3500 3986 ποιοῦσι
3521 3945 3537 3960 ο
3562 3927 3650 3982 τοῦ
3679 3925 3729 3980 δὲ
3753 3923 3842 3977 δια-

2309 4037 2466 4092 ϐόλου
2493 4036 2586 4090 καὶ
2616 4032 2725 4088 τῶν
2750 4030 3030 4102 ἀρχόντων
3059 4023 3227 4080 αὑτοῦ
3250 4021 3598 4096 θριαμϐεύων
3624 4018 3712 4090 τὴν
3737 4030 3844 4069 παν-

2307 4128 2534 4202 ουργίαν
2559 4125 2653 4181 καὶ
2678 4125 2777 4196 τὴν
2806 4123 3026 4193 ἀπάτην
3055 4120 3148 4174 ἐπὶ
3171 4118 3266 4174 τοῦ
3312 4114 3548 4188 σταυροῦ
3568 4112 3735 4182 ’,ὑπὲρ
3765 4105 3842 4175 τῆς

2308 4201 2528 4293 ἐντολῆς
2583 4221 2683 4290 τᾷ
2736 4219 2978 4288 ἀγάπης,
3013 4213 3194 4277 καθὼς
3233 4207 3417 4300 εἱπας,
3449 4209 3609 4281 μέχρι
3644 4201 3844 4300 θανάτου

2311 4314 2449 4387 πρὸς
2474 4314 2672 4375 αὐτοὺς
2694 4309 3126 4378 ἀγωνισάμενος,
3152 4304 3246 4358 καὶ
3265 4295 3363 4374 τὴν
3387 4301 3512 4357 κατ’
3534 4297 3698 4354 αὐτῶν
3719 4295 3842 4387 νίκην

2309 4381 2442 4478 ἡμῖν
2492 4403 2891 4476 χαρισάμενοςο
2929 4398 3027 4452 καὶ
3073 4394 3167 4450 τοῦ
3211 4393 3446 4448 Θανάτου
3497 4387 3774 4478 καταλύσας
3795 4381 3842 4478 τὸ

625 4473 683 4477 η
708 4473 815 4478 mw
852 4473 1146 4491 τ-π--ν--η,
1165 4473 1228 4480 -ν
1254 4473 1445 4480 ---ν----
1469 4473 1606 4480 -ην-
1625 4473 1746 4482 -ν-ν
1771 4473 2200 4497 mum-num—

525 4527 528 4531 τ
621 4511 678 4566 iu
724 4513 853 4568 vitae
904 4530 1106 4570 munus
1151 4517 1616 4572 resurrectionem
1666 4517 1892 4573 donavit
1945 4518 2201 4572 universo

2309 4473 2532 4570 κράτος,
2565 4473 2667 4566 τὴν
2687 4493 2985 4547 ἀνάστασιν
3007 4486 3172 4543 αὐτοῦ
3213 4486 3294 4550 είς
3324 4484 3474 4555 ζωὴν
3504 4481 3658 4573 παντὶ
3680 4476 3748 4548 τῷ
3770 4473 3840 4573 κό-

620 4601 847 4657 mundo.
880 4603 1084 4658 Verum
1119 4620 1215 4660 ora
1245 4621 1346 4676 pro
1368 4621 1476 4669 me,
1509 4607 1693 4672 Pater,
1727 4617 1790 4662 ut
1815 4607 2058 4678 perfecte
2088 4607 2199 4663 Do-

619 4691 756 4747 mini
800 4707 1026 4764 seopum
1061 4695 1291 4767 ejusque
1327 4699 1703 4768 apostolorum
1750 4700 2059 4771 intelligere
2105 4716 2203 4757 va—

617 4782 796 4849 leam;
827 4785 1142 4856 possimque
1175 4786 1325 4858 vigili
1357 4803 1422 4844 ac
1448 4789 1638 4844 sobrio
1675 4805 1798 4844 esse
1837 4791 2044 4856 animo,
2075 4806 2203 4847 cum

620 4876 958 4933 tentationes
982 4879 1316 4948 appetierint
1338 4920 1354 4946 ,
1379 4896 1485 4937 nec
1519 4881 1722 4938 diaboli
1747 4882 1976 4954 ejusque
2001 4883 2205 4940 daemo—

618 4982 752 5022 num
784 4969 1001 5024 nescire
1033 4969 1286 5025 consilia.

695 5058 780 5114 17.
813 5060 1116 5132 Respondit
1137 5077 1304 5118 senex
1333 5079 1346 5116 :
1379 5062 1436 5118 Si
1457 5079 1522 5119 ea
1545 5079 1667 5135 quae
1689 5063 1837 5120 dicta
1865 5073 1996 5120 sunt
2021 5071 2203 5122 tecum

619 5148 806 5205 animo
829 5150 1032 5222 jugiter
1073 5152 1302 5217 recolas,
1345 5153 1554 5222 poteris
1584 5168 1692 5209 non
1725 5153 1944 5209 nescire
1971 5169 1985 5208 :
2017 5152 2115 5208 sed
2149 5163 2206 5210 et

618 5243 666 5299 si
698 5243 991 5316 intelligas,
1033 5260 1141 5315 qua
1174 5245 1291 5316 ipse
1334 5247 1549 5302 ratione
1580 5247 1829 5312 tentaris,
1874 5262 1941 5302 ea
1981 5262 2205 5317 quoque

622 5335 823 5392 tentari
865 5335 1091 5393 fratrem
1137 5346 1328 5403 tuum;
1361 5345 1529 5408 atque
1570 5337 1623 5392 ei
1659 5337 1882 5408 quidem
1931 5338 2207 5408 ignoscas,

509 5426 514 5430 ”
621 5427 716 5498 qui
758 5435 1003 5482 tentetur
1029 5445 1044 5483 :
1072 5430 1329 5485 tentatori
1358 5439 1564 5495 autem,
1587 5429 1682 5500 qui
1718 5430 1774 5485 in
1806 5431 1928 5502 ejus
1957 5429 2053 5501 qui
2084 5439 2208 5487 ten-

2313 4565 2437 4662 σμῳ
2468 4565 2804 4658 ἐδωρήσατο.
2821 4582 2966 4637 Ἀλλ’
3003 4580 3165 4654 εῦχου
3192 4579 3334 4650 ὑπὲρ
3371 4575 3534 4648 ἐμοῦ,
3564 4572 3745 4640 Πάτερ,
3758 4565 3841 4662 Δῐνσ.

2303 4655 2523 4741 τελείως
2553 4655 2824 4742 ἐξισχύσω
2875 4671 3081 4744 γνῶναι
3129 4671 3224 4723 τὸν
3264 4665 3474 4721 σκοπὸν
3518 4661 3608 4718 τοῦ
3649 4655 3834 4728 Κυρίου,

2304 4772 2399 4826 καὶ
2449 4769 2559 4822 τῶν
2603 4765 2916 4822 ἀποστόλων
2976 4763 3141 4818 αὑτοῦ
3163 4778 3178 4794 ·
3213 4761 3308 4814 καὶ
3351 4756 3567 4830 δυνηθῶ
3599 4755 3765 4821 νήφειν
3793 4749 3841 4799 ἐν

2302 4866 2415 4928 τοῖς
2440 4862 2653 4934 καιροῖς
2677 4859 2787 4913 τῶν
2820 4856 3168 4929 πειρασμῶν,
3199 4853 3296 4908 καὶ
3325 4851 3402 4923 μὴ
3432 4849 3640 4920 ἀγνοεῖν
3665 4844 3722 4897 τά
3741 4840 3836 4908 vei;-

2309 4973 2456 5028 ματα
2486 4952 2582 5008 τοῦ
2611 4951 2862 5006 διαϐόλου
2898 4949 2995 5003 καὶ⁸
3023 4947 3132 5002 τῶν
3160 4943 3436 5016 δαιμόνων
3469 4938 3645 4996 αὑτοῦ.

2379 5061 2464 5128 ιζ’.
2497 5061 2607 5114 Καὶ
2627 5060 2656 5112 ὁ
2681 5057 2859 5130 γέρων
2882 5053 3223 5127 ἀποκριθεὶς,
3255 5044 3431 5105 εἶπεν*
3470 5045 3590 5101 Ἐὰν
3609 5042 3706 5096 τῶν

2306 5149 2610 5222 ειρημένων
2636 5128 2781 5220 ἔχεις
2807 5147 2896 5202 ἀεὶ⁸
2917 5146 3019 5216 τὴν
3038 5143 3288 5216 μελέτην,
3305 5140 3530 5195 δύνασαι
3550 5136 3620 5208 μὴ
3641 5128 3831 5222 ἀγνοεῖν.

2315 5218 2479 5298 νᾸλλά
2511 5241 2608 5296 καὶ
2633 5218 2729 5294 ὲάν
2762 5239 2972 5309 συνιῇς,
2999 5237 3090 5291 ’ὅτι
3115 5234 3304 5305 ὥσπερ
3332 5232 3397 5284 σὺ
3425 5225 3669 5300 πειράζῃ,
3697 5218 3834 5309 οὕτως

2303 5335 2399 5388 καὶ
2428 5336 2456 5388 ὁ
2483 5331 2711 5401 ἀδελφός
2744 5347 2840 5385 σου
2864 5307 3187 5400 πειράζεται
3205 5341 3220 5356 ⁸
3258 5325 3352 5380 καὶ
3385 5321 3462 5392 τῷ
3504 5319 3598 5391 μὲν
3620 5307 3831 5401 meai?-

2308 5428 2454 5500 μένῳ
2485 5399 2908 5496 συγγνινώσκεις,
2945 5399 3025 5491 τῷ
3055 5419 3115 5474 δὲ
3142 5416 3457 5491 πειράζοντι
3484 5405 3674 5466 θέλοντί
3696 5399 3831 5500 esti;

626 5526 774 5573 tatur
816 5520 1003 5574 odium
1035 5522 1342 5591 propellere
1387 5521 1524 5587 vult,
1550 5492 1807 5587 resistas,
1837 5492 2201 5578 nee-fraudu-

2307 5492 2463 5592 ιιῖσές
2491 5492 2719 5589 etiam
2760 5515 2856 5571 τοῦ
2895 5510 3298 5589 πειραζομένου
3353 5506 3622 5573 ἀντιστῇς,
3655 5497 3720 5592 μὴ
3747 5492 3826 5592 tu:

625 5609 778 5666 lento
816 5613 937 5682 ejus
962 5613 1195 5669 consilio
1236 5629 1448 5671 morem
1482 5613 1741 5686 gesseris.
1781 5613 1896 5672 [Ioc
1935 5615 2084 5671 enim
2123 5622 2210 5670 est

2304 5578 2741 5668 exodmvwainoﬁ
2791 5608 2871 5680 τῷ
2913 5578 3290 5680 μηγανὴσματι.
3326 5599 3438 5656 Καὶ
3475 5591 3622 5650 τοῦτό
3663 5578 3830 5642 ἐστινὸ

700 5786 745 5818 ³⁵
779 5785 799 5842 ι
828 5785 954 5846 Cor.
991 5806 1062 5857 ιν,
1099 5791 1184 5859 12,
1223 5792 1304 5847 15.
1391 5794 1435 5826 ³⁸
1472 5793 1630 5850 Rom.
1676 5793 1886 5860 xu,.21.
1964 5793 2009 5826 ³⁷
2039 5791 2174 5849 Luc.
2206 5807 2355 5862 χχιιι,
2385 5790 2474 5846 54.
