3888 6432
123 346 236 415 925

1420 361 1654 423 LIBER
1691 365 2124 428 ASCETICUS.

3304 372 3412 435 926

116 467 265 534 λέγει
309 468 342 520 6
384 465 708 536 ἀδελφόθεος
769 467 1028 535 Ἰάκωόος
1067 471 1128 525 ὲν
1183 474 1303 538 ταῖς
1336 475 1704 541 Καθολικαῖς·

1825 481 1961 551 ιαοᾶ
1993 481 2235 537 Jacobus
2256 483 2353 537 Dei
2396 479 2565 537 frater
2597 480 2675 536 ait
2710 480 2768 534 in
2799 456 3106 536 Catholicis
3144 496 3162 537 :
3200 479 3407 536 Subditi

127 558 503 628 Ὑποτάγητε
553 558 635 624 τῷ
681 560 832 626 Θεῷ·
859 563 1184 630 ἀντίστητε
1206 565 1275 618 δὲ
1307 565 1391 632 τῷ
1426 566 1706 637 διαϐόλῳ,

112 651 211 705 καὶ
241 651 531 720 φεύξεται
556 652 657 721 ἀφ’
681 648 870 722 ὑμῶν,
913 654 1040 710 Ἐἀν
1068 652 1182 721 οῦν,
1207 657 1283 722 ὼς
1306 657 1541 730 είρηται,
1567 660 1709 730 ἔχεις

112 744 399 814 νηφόντως
427 744 528 816 τὴν
550 744 659 797 τῶν
692 748 1111 819 προειρημένων
1148 749 1513 814 ἀδιαλείπτως
1550 752 1709 823 μελέ-

112 851 237 905 την,
263 834 492 890 δύνασαι
525 834 727 904 γνῶναι
752 837 844 891 τὸν
869 838 1071 892 σκοπὸν
1090 839 1185 892 τοῦ
1223 841 1454 912 Κυρίου,
1486 841 1709 896 καὶτῶν

114 927 438 982 ἀποστόλων
458 928 623 983 αὑτοῦ
643 945 657 959 ’
688 928 783 982 καὶ
811 929 939 993 τοὺς
970 930 1071 1000 μὲν
1108 930 1436 1003 ἀνθρώπους
1462 933 1706 1005 ἀγαπᾷν,

115 1020 213 1073 καὶ
247 1021 598 1092 συμπάσχειν
652 1023 838 1086 αὐτοῖς
865 1022 1121 1085 πταίουσι
1143 1040 1159 1055 ’
1201 1025 1316 1087 τοῖς
1345 1025 1402 1078 δὲ
1450 1026 1712 1096 πονηροῖς

113 1113 372 1183 δαίμοσιν
394 1113 759 1178 ἀδιαλείπτως
786 1113 875 1168 διά
897 1113 998 1185 τῆς
1021 1115 1245 1186 ἀγάπης
1268 1116 1545 1188 πολεμεῖν.
1568 1117 1630 1171 El
1650 1118 1710 1172 δὲ

115 1206 288 1275 ἐσμὲν
308 1206 502 1276 χαῦνοι
530 1207 626 1260 καὶ
647 1206 873 1278 ἀμελεῖς
898 1208 993 1261 καὶ
1020 1208 1276 1281 ρᾴθυμοι,
1303 1210 1549 1280 καὶοταῖς
1577 1228 1710 1283 σαρ-

116 1299 307 1361 κικαῖς
333 1298 551 1367 ἡδοναῖς
582 1298 673 1352 τὸν
705 1298 968 1368 λογισμὸν
1010 1299 1335 1371 ὲμφύρομεν
1356 1340 1372 1365 ,
1422 1302 1546 1373 οὐχὶ
1583 1303 1711 1367 τοὺς

114 1391 539 1461 δαίμονας,.ἀλλ⁹
567 1392 796 1456 ἑαυτοὺς
837 1392 934 1445 καὶ
975 1391 1103 1455 τοὺς
1139 1392 1405 1462 ἀδελφοὺς
1441 1396 1711 1465 πολεμοῦ-

120 1498 223 1552 μεν
242 1496 259 1513 ’
314 1484 445 1547 τοὺς
471 1483 529 1537 δὲ
566 1483 831 1554 δαίμονας
871 1484 1074 1555 μᾶλλον
1102 1484 1171 1538 δι’
1193 1484 1372 1540 αὐτῶν
1413 1486 1712 1558 θεραπεύοο

122 1591 245 1645 μεν,
276 1575 420 1647 ὑπὲρ
451 1576 632 1631 αὐτῶν
658 1580 772 1641 τοῖς
799 1576 1113 1648 ἀνθρώποις
1144 1578 1467 1650 μαχόμενοι.

191 1675 284 1740 ιη’.
313 1669 424 1724 Καὶ
443 1671 471 1723 6
502 1668 729 1740 ἀδελφὸς
757 1666 914 1725 εῐπεν
937 1687 953 1703 ·
990 1671 1178 1736 Οὕτως
1204 1672 1343 1743 ἔχει,
1366 1672 1553 1745 Πάτερ
1577 1691 1593 1707 ο
1615 1676 1709 1729 καὶ

1814 582 1974 626 estote
1997 573 2104 627 Deo
2122 590 2141 639 ;
2162 574 2387 627 resistite
2409 583 2588 629 autem
2612 572 2842 639 diabolo,
2870 580 2921 627 et
2947 572 3111 644 fugiet
3131 590 3163 626 a
3183 573 3324 628 vobis
3346 574 3408 609 ³³⁸·

1815 663 2099 734 Siquidem
2129 665 2318 736 igitur,
2356 666 2434 720 uti
2478 666 2689 722 dictum
2720 674 2826 732 est,
2858 681 3051 721 eorum
3097 681 3221 736 qua:
3264 665 3406 720 dicta

1814 767 1945 813 sunt
1974 759 2295 813 memoriam
2324 760 2577 830 pervigili
2610 760 2794 814 animo
2820 761 3008 831 jugem
3040 767 3221 813 tecum
3265 760 3415 829 cogi-

1816 850 2189 921 tationemque
2214 849 2496 917 habueris,
2519 851 2737 906 Domini
2766 868 2994 921 scopum
3020 852 3251 923 ejusque
3276 867 3410 921 apo-

1814 942 2082 997 stolorum
2124 958 2286 997 nosse
2330 943 2570 1012 poteris;
2608 958 2673 998 ac
2713 943 2968 998 homines
3012 943 3237 1013 quidem
3281 942 3409 996 dili-

1812 1050 1979 1105 gere,
2028 1052 2335 1106 eorumque
2369 1034 2595 1090 offensa:
2637 1036 2927 1102 misereri,
2977 1036 3255 1107 simulque
3279 1051 3412 1090 vero

1812 1125 2092 1183 dwmones
2115 1128 2405 1183 charitatis
2435 1136 2573 1182 nutu
2602 1128 2808 1200 jugiter
2833 1128 3157 1199 impugnare
3196 1127 3408 1182 licebit.

1812 1218 1909 1274 Sin
1938 1226 2121 1274 autem
2161 1220 2353 1275 molles
2381 1236 2444 1274 ac
2474 1220 2814 1291 negligentes
2842 1234 3149 1291 segnesque
3184 1234 3399 1281 sumus,

1812 1312 2238 1383 carnalibusque
2287 1313 2663 1384 voluptatibus
2707 1312 2954 1368 animum
3006 1312 3407 1383 immergimus,

1812 1417 1923 1456 non
1949 1403 2062 1474 jam
2097 1402 2411 1469 daemones,
2448 1403 2543 1459 sed
2594 1403 2699 1474 ipsi
2747 1418 2849 1458 nos
2891 1402 3200 1473 fratresque
3229 1401 3408 1472 impu—

1811 1511 2044 1566 gnamus
2070 1514 2083 1550 :
2112 1505 2275 1565 atque
2298 1496 2390 1552 his
2416 1496 2591 1567 magis
2614 1496 2849 1551 colimus
2871 1494 3169 1560 daamones,
3196 1494 3251 1547 in
3275 1509 3416 1563 quo-

1813 1601 1937 1639 rum
1969 1585 2201 1657 gratiam
2238 1585 2293 1639 in
2322 1585 2579 1639 homines
2609 1599 2944 1654 grassamus.

1886 1675 1972 1731 18.
2003 1676 2093 1729 Ait
2118 1675 2290 1731 frater
2318 1693 2332 1729 :
2358 1675 2437 1729 Ita
2463 1691 2521 1730 se
2550 1674 2667 1729 fere
2693 1689 2784 1728 res
2810 1673 2999 1738 habet,
3026 1673 3191 1727 Pater
3218 1688 3231 1724 :
3258 1685 3409 1725 sem-

120 1764 230 1833 γὰρ
258 1763 325 1816 ὲκ
343 1763 447 1833 τῆς
472 1763 733 1832 ἀμελείας
763 1780 867 1834 μου
902 1764 990 1818 ἀεὶ
1043 1765 1413 1835 λαμϐάνουσιν
1457 1766 1715 1838 ἀφορμὰς

1825 1783 1916 1837 per
1947 1767 2097 1822 enim
2146 1783 2213 1822 ex
2259 1783 2380 1823 mea
2422 1766 2753 1837 negligentia
2788 1765 3068 1819 daemones
3118 1763 3411 1818 adversum

124 1855 245 1907 κατ’
280 1853 420 1925 ἐμοῦ
453 1854 504 1908 οί
532 1855 791 1926 δαίμονες
817 1871 832 1886 ·
880 1855 1021 1911 ἀλλὰ
1057 1857 1365 1927 παρακαλῶ
1398 1875 1478 1922 σε,
1510 1835 1713 1931 Πάτερ,

1825 1872 1908 1911 me
1935 1866 2164 1912 sumunt
2185 1858 2523 1913 occasiones.
2549 1857 2655 1912 Sed
2680 1856 2878 1911 amabo
2905 1864 2978 1920 te,
3004 1854 3198 1919 dicito,
3221 1854 3412 1919 Pater,

123 1945 300 1997 είπεῖν
336 1961 450 2013 μοι,
489 1943 609 2009 πῶς
636 1945 839 2014 ὀφείλω
880 1946 1190 2018 κτήσασθαι
1234 1949 1417 2018 νῆψιν.
1465 1950 1575 2003 Καὶ
1613 1951 1719 2003 ἀπ-

121 2035 319 2106 εκρίθη
343 2036 371 2087 6
393 2036 597 2108 γέρων·
630 2037 699 2090 Ἥ
723 2038 995 2108 παντελὴς
1018 2039 1127 2094 τῶν
1157 2042 1364 2111 γηΐνων
1392 2043 1717 2114 ἁμεριμνία,

124 2128 220 2183 καὶ
250 2130 285 2199 ἡ
319 2129 550 2199 συνεχὴς
588 2127 713 2200 [Fr.
744 2130 981 2200 alterque
1015 2129 1095 2185 Μ.
1146 2132 1339 2204 συχνὴ]
1391 2135 1591 2205 μελέτη
1619 2136 1720 2206 τῆς

124 2220 274 2286 θείας
319 2222 547 2293 Γραφῆς
583 2222 742 2293 φέρει
773 2222 870 2294 τὴν
914 2222 1092 2294 ψυχὴν
1121 2225 1201 2288 εἰς
1233 2226 1399 2293 φόϐον
1427 2227 1593 2280 Θεοῦ’
1628 2229 1721 2282 καὶ

124 2315 153 2366 6
179 2314 277 2367 τοῦ
322 2313 458 2367 Θεοῦ
490 2313 652 2384 φόϐος
693 2313 847 2385 φέρει
885 2316 984 2387 τὴν
1018 2316 1182 2387 νῆψιν
1204 2334 1217 2348 ·
1243 2318 1337 2372 καὶ
1363 2319 1482 2372 τότε
1512 2323 1543 2389 ἡ
1575 2320 1721 2392 ψυχὴ

128 2403 359 2475 ἄρχεται
387 2404 611 2474 βλέπειν
638 2405 767 2468 τοὺς
788 2404 873 2458 διὰ
896 2406 1003 2458 τῶν
1030 2406 1308 2478 λογισμῶν
1348 2408 1721 2479 πολεμοῦντας

129 2496 304 2566 αὐτὴν
355 2496 636 2566 δαίμονας,
691 2497 784 2549 καὶ
839 2498 1149 2568 ἀμύνασθαι
1174 2515 1187 2528 ⁸
1224 2500 1352 2568 περὶ
1395 2492 1470 2554 ὧν
1501 2503 1528 2553 6
1558 2500 1723 2553 Δαὸὶδ

130 2588 358 2657 ἔλεγεν·
417 2589 528 2644 Kal
577 2588 816 2643 ἐπεῖδεν
873 2593 907 2645 ὁ
959 2591 1271 2661 ὀφθαλμός
1319 2611 1441 2663 μου
1482 2594 1554 2646 ἐν
1598 2592 1723 2660 τοῖς

128 2679 369 2749 ἐχθροῖς
405 2698 545 2749 μου.
582 2680 725 2753 Πρὸς
758 2678 964 2753 ταύτην
1014 2683 1115 2752 τὴν
1148 2684 1327 2754 πάλην
1358 2683 1450 2737 καὶ
1495 2686 1523 2737 6
1556 2702 1723 2755 κορυ-

129 2771 296 2838 φαῖος
320 2770 427 2823 τῶν
464 2770 782 2825 ἀποστόλων
810 2773 1014 2842 Πέτρος
1044 2772 1329 2844 διεγείρων
1375 2775 1503 2837 τοὺς
1547 2773 1723 2845 μαθη-

124 2860 249 2926 τάς,
282 2860 436 2929 ἔλεγε
457 2876 473 2891 ·
503 2861 773 2930 Νήψατε,
809 2862 1241 2933 γρηγορήσατε,
1277 2864 1369 2918 ὅτι
1422 2867 1456 2918 ὁ
1496 2864 1722 2919 ἀντίδι-

126 2969 240 3017 κος
272 2951 445 3020 ὑμῶν
473 2952 779 3019 διάϐολος,
814 2955 894 3018 ὠς
922 2954 1080 3008 λέων
1106 2954 1447 3025 ὠρυόμενυς
1476 2971 1725 3025 περιπα-

1818 1965 1927 2019 qua
1952 1950 2165 2003 ratione
2196 1950 2461 2019 consequi
2484 1949 2648 2003 liceat
2674 1956 2913 2002 mentem
2937 1946 3175 2000 sobriam
3197 1961 3261 1999 ac
3282 1962 3410 2015 per-

1818 2040 2061 2110 vigilem.
2110 2041 2191 2094 Ad
2231 2056 2395 2110 quem
2446 2056 2650 2105 senex,
2697 2039 2977 2109 Abnegata
3024 2037 3206 2093 omnis
3251 2038 3413 2108 plane

1820 2140 2169 2187 terrenorum
2204 2148 2355 2197 cura,
2384 2132 2643 2203 jugisqne
2671 2130 2872 2184 divina:
2901 2129 3199 2199 Scriptura:
3230 2127 3411 2182 medi-

1821 2223 1979 2287 tatio,
2008 2224 2061 2278 in
2088 2225 2182 2279 Dei
2215 2225 2468 2279 timorem
2497 2224 2715 2290 ferunt;
2744 2222 2954 2292 Deique
2989 2221 3155 2276 timor
3188 2221 3409 2291 vigilem

1820 2328 1986 2388 atque
2017 2319 2265 2373 sobrium
2294 2323 2514 2387 priestat
2546 2315 2791 2371 animum
2818 2332 2831 2368 :
2872 2314 3067 2383 hisque
3091 2313 3181 2367 ille
3215 2312 3410 2377 fultus,

1821 2416 2009 2471 videre
2042 2416 2237 2485 incipit
2262 2414 2539 2469 daemones
2573 2411 2973 2483 cogitationum
3006 2409 3123 2464 acie
3148 2409 3295 2463 bello
3329 2407 3413 2461 fa-

1823 2509 2080 2579 tigantes,
2106 2516 2271 2577 atque
2297 2521 2394 2559 cos
2416 2505 2639 2570 ulcisci;
2669 2504 2735 2559 de
2757 2503 2961 2573 quibus
2985 2501 3170 2557 aiebat
3197 2500 3370 2555 David
3396 2516 3410 2552 :

1823 2602 1892 2655 Et
1921 2617 2082 2671 super
2109 2600 2347 2654 inimicos
2393 2615 2529 2653 meos
2571 2596 2802 2666 inspexit
2830 2592 3010 2648 oculus
3047 2609 3193 2646 meus
3233 2592 3298 2644 ”.
3332 2589 3415 2645 Ad

1823 2691 1968 2746 hanc
2000 2706 2222 2761 quoque
2257 2691 2459 2745 luctam
2494 2689 2692 2743 Petrus
2735 2685 2996 2755 princeps
3039 2683 3416 2753 apostolorum

1823 2783 2126 2852 discipulos
2146 2781 2415 2846 excitans,
2435 2781 2619 2852 ajebat
2644 2796 2658 2832 :
2688 2777 2859 2832 Sobrii
2886 2784 3068 2840 estote,
3094 2783 3145 2829 et
3168 2775 3416 2845 vigilate;

1823 2874 1949 2944 quia
1983 2872 2319 2926 adversarius
2352 2879 2521 2926 vester
2553 2868 2817 2933 diabolus,
2841 2869 3007 2939 376
3043 2878 3301 2938 tanquam
3338 2867 3418 2921 leo

1824 2966 2060 3036 rugiens,
2099 2964 2283 3018 circuit
2331 2979 2571 3033 quarens
2615 2978 2774 3032 quem
2808 2961 3036 3026 devoret,
3075 2962 3157 3014 cui
3194 2962 3419 3014 resistite

123 3044 237 3107 τεῒ,
264 3044 457 3111 ζητῶν
518 3046 653 3100 τίνα
684 3048 944 3114 καταπίῃ
964 3062 978 3076 ⁸
1021 3040 1070 3113 ᾧ
1099 3047 1425 3116 ἀντίστητε
1476 3050 1716 3117 στερεοὶ

1826 3058 1985 3126 fortes
2020 3059 2077 3110 in
2117 3055 2223 3125 ﬁde
2257 3056 2321 3109 ⁸ο.
2359 3055 2502 3121 Quin
2539 3054 2706 3109 etiam
2748 3053 3015 3107 Dominus
3044 3070 3057 3106 :
3091 3052 3333 3121 Vigilate.
3369 3060 3418 3103 et

122 3133 208 3204 τῇ
223 3136 449 3190 alacer
480 3137 571 3190 καὶ
598 3136 845 3207 ὁΚύριος
873 3138 931 3190 δέ
951 3154 964 3167 ·
998 3139 1359 3207 Γρηγορεῖτε
1405 3140 1503 3194 καί
1529 3155 1720 3209 προσ-

1826 3158 1994 3214 orate,
2022 3158 2081 3203 ut
2104 3165 2208 3203 non
2231 3148 2439 3202 intretis
2465 3148 2519 3200 in
2542 3146 2889 3199 tentationem
2915 3146 2983 3196 “.
3009 3143 3114 3198 Sed
3136 3150 3193 3197 ct
3224 3143 3417 3197 Eccle-

121 3228 407 3294 εὔχεσθε,
444 3228 544 3280 ἵνα
570 3228 657 3296 μὴ
684 3228 999 3295 εἰσέλθητε
1036 3231 1123 3294 είς
1169 3231 1529 3300 πειρασμόν.
1573 3231 1631 3283 Ὁ
1664 3231 1721 3286 δὲ

1826 3241 2023 3296 siastes
2049 3242 2129 3295 ait
2156 3256 2170 3293 :
2200 3238 2257 3293 Si
2277 3239 2495 3309 spiritus
2523 3244 2832 3308 potestatem
2857 3235 3094 3289 habentis
3120 3234 3417 3288 ascenderit

134 3320 574 3392 Ἐκκλησιαστής
631 3338 816 3391 φησιν’
879 3322 1023 3377 Ἐὰν
1042 3322 1281 3392 πνεῦμα
1308 3323 1416 3379 τοῦ
1438 3323 1721 3387 ἐξουσιά-

122 3411 336 3478 ζοντος
395 3412 586 3482 ἀναϐῇ
621 3413 720 3466 ἐπὶ
775 3412 871 3479 σὲ,
913 3414 1103 3468 τόπον
1154 3430 1272 3469 σου
1297 3415 1385 3485 μὴ
1413 3414 1577 3486 ἀφῇς
1617 3414 1717 3489 [aL

122 3504 332 3579 εὖροι].
363 3507 537 3571 Τόπος
568 3507 627 3560 δὲ
655 3508 751 3561 τοῦ
790 3507 883 3562 νοῦ
918 3509 1123 3580 ἐστινὴ
1163 3510 1356 3582 ἀρετὴ,
1391 3510 1486 3563 καὶ
1512 3512 1546 3582 ἡ
1580 3510 1724 3579 γνῶ-

123 3614 239 3663 σις,
282 3598 379 3650 καὶ
416 3598 444 3650 6
477 3597 641 3667 φόϐος
670 3597 765 3651 τοῦ
790 3597 950 3652 Θεοῦ.
992 3599 1050 3652 '0
1074 3600 1131 3653 δὲ
1186 3598 1503 3670 θαυμαστὸς
1564 3599 1723 3652 Ἀπό-

124 3688 321 3766 στολτ
357 3689 563 3761 σφόδρα
592 3691 872 3761 νηφόντως
897 3692 993 3745 καὶ
1025 3690 1294 3761 γενναίως
1318 3693 1722 3765 ἀγωνιζόμενος

120 3781 353 3852 ἔλεγεν·
403 3782 507 3837 Ἐν
546 3783 726 3852 σαρκί
776 3784 889 3853 γὰρ
922 3784 1430 3852 περιπατοῦντες,
1468 3788 1540 3839 οὺ
1571 3786 1724 3841 κατὰ

121 3873 333 3943 σάρκα
356 3876 821 3945 στρατευόμεθα.
861 3877 936 3931 Τὰ
957 3878 1065 3947 γὰρ
1089 3877 1251 3931 ὅπλα
1278 3876 1388 3947 τῆς
1406 3879 1725 3947 στρατείας

122 3967 303 4039 ἡμῶν
366 3970 440 4023 οὐ
488 3970 774 4037 σαρκικὰ,
820 3970 984 4025 ἀλλὰ
1030 3969 1261 4024 δυνατὰ
1292 3970 1373 4036 τῷ
1405 3970 1528 4037 Θεῷ
1572 3972 1724 4041 πρὸς

124 4060 487 4127 καθαίρεσιν
525 4060 955 4130 ὀχυρωμάτων·
996 4062 1331 4131 λογισμοὺς
1372 4064 1725 4134 καθαιροῦν-

126 4169 251 4219 τες,
287 4150 389 4203 καί
418 4150 543 4206 πᾶν
567 4152 783 4221 ὕψωμα
816 4153 1215 4223 ἐπαιρόμενον
1242 4154 1391 4208 κατὰ
1422 4154 1533 4223 τῆς
1573 4153 1722 4225 γνώ-

126 4261 290 4309 σεως
319 4243 429 4297 τοῦ
459 4244 638 4299 Θεοῦ·
685 4246 784 4298 καί
816 4244 1359 4315 αίχμαλωτίζοντες
1377 4246 1502 4301 πᾶν
1529 4250 1728 4317 νόημα

125 4339 218 4402 εἰς
251 4335 370 4405 τὴν
398 4336 683 4404 ὑπακοὴν
735 4337 841 4391 τοῦ
882 4338 1184 4405 Χριστοῦ’
1241 4338 1343 4392 καὶ
1393 4339 1465 4391 ἐν
1514 4338 1728 4408 ἑτοίμῳ

127 4429 385 4498 ἔχοντες
417 4428 735 4497 ἐκδικῆσαι
760 4429 967 4484 πᾶσαν
994 4430 1329 4498 παρακοήν.
1362 4431 1486 4484 Ἐὰν
1511 4426 1604 4485 οὖν
1635 4432 1729 4485 καὶ

1821 3350 1982 3404 super
2013 3342 2082 3399 te,
2115 3331 2287 3385 locum
2317 3339 2467 3384 tuum
2514 3346 2578 3383 ne
2619 3329 2878 3382 dimiseris
2914 3326 2980 3380 δ’.
3032 3327 3205 3381 Porro
3249 3324 3419 3379 animi

1823 3427 1999 3488 locus,
2028 3425 2209 3479 virtus
2243 3432 2327 3479 est
2370 3430 2427 3477 et
2456 3421 2711 3483 scientia,
2748 3435 2812 3474 ac
2857 3419 3021 3473 timor
3065 3417 3181 3472 Dei.
3230 3414 3422 3471 Admi-

1824 3518 2033 3573 randus
2061 3523 2247 3571 autem
2279 3513 2597 3585 Apostolus,
2619 3511 2803 3568 sobrie
2832 3510 3129 3565 admodum
3163 3517 3419 3563 strenue-

1824 3624 1934 3679 que
1979 3608 2291 3671 decertans,
2340 3604 2522 3660 aiebat
2551 3623 2564 3658 :
2591 3604 2655 3658 In
2695 3619 2855 3657 carne
2884 3603 3023 3656 enim
3065 3600 3418 3665 ambulantes,

1825 3717 1931 3755 non
1960 3699 2246 3753 secundum
2272 3713 2487 3752 carnem
2525 3695 2835 3749 militamus.
2863 3693 3004 3748 Nam
3034 3708 3188 3746 arma
3218 3690 3423 3745 militia:

1825 3800 2020 3845 nostra:
2064 3806 2167 3842 non
2201 3786 2446 3841 carnalia
2478 3793 2624 3850 sunt,
2656 3784 2747 3839 sed
2784 3784 3021 3854 potentia
3051 3782 3162 3835 Deo
3207 3781 3277 3835 ad
3328 3780 3420 3832 de-

1822 3882 2166 3937 structionem
2195 3878 2584 3941 munitionum;
2612 3873 2833 3927 consilia
2860 3872 3205 3935 destruentes,
3238 3879 3286 3923 et
3311 3886 3423 3924 om-

1826 3991 1947 4029 nem
1983 3970 2319 4027 altitudinem
2365 3966 2704 4021 extollentem
2752 3980 2807 4018 se
2852 3964 3102 4017 adversus
3147 3962 3422 4015 scientiam

1824 4065 1957 4130 Dei;
1992 4064 2119 4117 etin
2148 4061 2508 4132 captivitatem
2540 4056 2831 4126 redigentes
2862 4070 3069 4107 omnem
3096 4051 3423 4106 intellectum

1825 4157 1881 4210 in
1914 4154 2215 4224 obsequium
2241 4150 2477 4205 Christi:
2504 4158 2552 4201 et
2592 4148 2649 4201 in
2672 4154 2918 4217 promptu
2954 4145 3201 4198 habentes
3242 4142 3423 4195 ulcisci

1828 4262 2035 4299 omnem
2062 4242 2468 4297 inobedientiam
2490 4237 2555 4292 ”.
2581 4237 2638 4291 Si
2668 4237 2835 4307 igitur
2872 4244 2929 4289 tu
2951 4250 3171 4304 quoque
3203 4241 3424 4297 sancto;

1829 4338 2076 4393 imitatus
2120 4335 2312 4399 fueris,
2359 4331 2758 4402 operosiusque
2807 4331 2921 4384 Deo
2952 4326 3256 4392 vacaveris,
3292 4325 3423 4395 vigil

1829 4440 1993 4501 atque
2026 4428 2246 4484 sobrius
2276 4426 2411 4481 eris.

130 4522 198 4575 σὺ
234 4521 453 4593 μιμήσῃ
502 4521 630 4587 τοὺς
670 4523 881 4592 ἁγίους.
920 4524 1015 4577 καὶ
1049 4524 1304 4594 ὲμπόνως
1335 4524 1607 4598 σχολάσῃς
1652 4526 1731 4596 τῷ
1757 4528 1810 4588 D

130 4612 280 4683 Θεῷ,
313 4612 417 4686 ἔσῃ
438 4615 773 4684 νηφόμενοςο

208 4704 300 4759 ιθ¹.
328 4707 438 4760 Καὶ
460 4706 490 4759 6
532 4707 783 4776 Ἀδελφὸς
807 4704 929 4763 εἷπε
952 4726 967 4739 ο
998 4710 1107 4762 Καὶ
1132 4710 1186 4762 τί
1202 4708 1402 4777 ὤφειλὲ
1430 4727 1513 4772 τις
1531 4714 1728 4779 ποιεῖν,

134 4799 344 4869 Πάτερ,
382 4800 474 4854 ἶνα
504 4800 871 4865 ἀδιαλείπτως
897 4803 1103 4873 δυνηθῇ
1138 4802 1423 4873 σχολάζειν
1465 4804 1544 4875 τῷ
1571 4804 1729 4875 Θεῴ;

134 4894 248 4947 Καὶ
300 4892 576 4964 ἀπεκρίθη
623 4896 653 4947 6
692 4893 891 4964 γέρωνο
951 4895 1242 4949 Ἀδύνατον
1271 4897 1334 4950 τὸ
1357 4897 1484 4951 νοῦν
1508 4898 1731 4963 τελείως

134 4984 408 5055 σχολάσαι
426 4982 507 5054 τῷ
540 4984 683 5055 Θεῷ,
706 4984 802 5038 ἐὰν
833 4985 909 5055 μὴ
940 4986 1038 5050 τὰς
1062 4990 1213 5057 τρεῖς
1232 4987 1438 5052 ταύτας
1458 4990 1731 5061 κτήσηται

132 5076 347 5147 ἀρετάς
372 5092 386 5107 ο
418 5076 521 5147 τὴν
556 5076 777 5148 ἀγάπην
808 5079 972 5147 λέγω,
1014 5080 1107 5131 καὶ
1136 5082 1236 5149 τὴν
1261 5082 1589 5153 ἐγκράτειαν
1636 5084 1732 5137 καὶ

135 5170 240 5242 τὴν
270 5170 603 5242 προσευχήν.
649 5169 715 5223 Ἡ
749 5171 848 5240 μὲν
882 5174 990 5243 γάρ
1016 5172 1229 5242 ἀγάπη,
1277 5175 1477 5245 ἡμεροῖ
1506 5176 1597 5228 τὸν
1638 5177 1731 5229 θυ-

141 5263 247 5331 μόν
268 5278 283 5293 ⁶
317 5265 352 5333 ἡ
374 5262 429 5315 δὲ
454 5262 750 5333 ἐγκράτεια
778 5263 875 5333 (a),
913 5265 1165 5334 μαραίνει
1189 5267 1287 5336 τὴν
1323 5268 1621 5339 ἐπιθυμίαν
1645 5286 1659 5300 ·
1694 5271 1727 5340 ἡ

139 5356 201 5409 δὲ
236 5355 538 5427 προσευχὴ,
579 5355 802 5427 χωρίζει
828 5355 921 5411 τὸν
953 5356 1079 5410 νοῦν
1128 5359 1346 5412 πάντων
1382 5360 1492 5413 τῶν
1523 5363 1729 5430 νοημάο

214 5496 266 5531 ³³
284 5494 397 5551 Jac.
434 5513 506 5561 iv,
541 5498 593 5550 '7.
702 5497 745 5528 ³³
775 5498 918 5552 Psal.
951 5514 1060 5563 Llll,
1094 5500 1147 5555 9.

1247 5500 1292 5531 ⁸⁰
1330 5502 1351 5555 Ι
1382 5502 1530 5556 Petr.
1559 5519 1613 5566 v,
1653 5504 1705 5558 8.

143 5568 269 5623 3-6.

224 5679 303 5751 (a)
354 5679 517 5758 Quod
542 5682 634 5742 hic
670 5682 961 5758 peculiaris
986 5684 1163 5742 virtus
1192 5686 1417 5752 dicitur,
1443 5688 1559 5758 ipsa
1591 5705 1737 5744 mar-

152 5767 375 5807 cescere
417 5752 645 5813 faciens,
678 5752 1063 5823 'edmnansque
1090 5772 1152 5810 ac
1184 5752 1480 5813 macerans'
1522 5775 1731 5814 concu-

155 5823 507 5893 piscentiam,
567 5824 703 5879 nihil
775 5825 923 5881 aliud
977 5836 1059 5881 est
1128 5843 1292 5898 quam
1342 5829 1609 5898 ieiunium
1675 5838 1733 5888 et

1904 4718 1990 4774 19.
2022 4717 2223 4787 Aitque
2266 4718 2477 4772 frater:
2509 4714 2785 4782 Quidnam
2817 4726 2972 4776 vero,
2999 4711 3181 4773 Pater,
3228 4708 3428 4779 aliquis

1833 4811 2079 4867 facturus
2101 4812 2191 4873 sit,
2217 4820 2277 4866 ut
2305 4810 2661 4866 assidue-Deo
2687 4822 2885 4863 vacare
2915 4805 3127 4876 possit?
3156 4804 3234 4859 Ad
3262 4818 3425 4873 quem

1833 4919 2002 4959 senex
2037 4904 2222 4958 :Fieri
2272 4919 2385 4956 non
2438 4908 2622 4973 potest
2671 4907 2729 4955 ut
2780 4898 2996 4954 animus
3041 4896 3281 4968 perfecte
3316 4895 3427 4947 Deo

1830 5001 2009 5061 vacet,
2040 4993 2147 5047 nisi
2180 5002 2291 5048 tres
2323 4992 2457 5047 istas
2487 4992 2722 5045 virtutes
2753 4988 3064 5059 paraverit;
3105 4998 3300 5053 nempe
3340 4982 3428 5035 (li-

1832 5086 2149 5151 lectionem,
2182 5084 2571 5139 abstinentiam
2617 5083 2737 5154 (seu
2782 5079 3077 5152 jejunium)
3120 5083 3177 5130 et
3217 5072 3427 5129 oratio-

1832 5194 1981 5233 nem.
2019 5177 2250 5233 Dilectio
2280 5178 2429 5233 enim
2477 5175 2615 5230 iram
2661 5173 2817 5230 lenit.
2865 5168 3143 5241 chnnium
3179 5182 3274 5221 seu
3301 5165 3428 5219 abs-

1836 5270 2070 5327 tinentia
2108 5271 2465 5341 cupiditatem
2501 5268 2723 5324 edomat
2761 5274 2925 5334 atque
2950 5269 3219 5325 macerat;
3252 5256 3429 5313 oratio

1836 5366 1907 5419 ab
1945 5365 2207 5419 omnibus
2250 5364 2522 5418 abstrahit
2565 5356 3008 5434 cogitationibus,
3060 5352 3273 5423 ipsique
3317 5349 3429 5403 Deo

1807 5503 1851 5536 δ’
1902 5503 2095 5559 Matth.
2127 5519 2273 5568 xxvr,
2321 5503 2421 5557 41.
2519 5501 2566 5532 ⁸³
2603 5497 2787 5554 Eccle.
2820 5511 2874 5560 χ,
2907 5493 2961 5546 4.
3063 5491 3109 5523 ⁸³
3145 5490 3186 5543 ll
3214 5489 3338 5544 Cor.
3374 5503 3427 5551 κ,

1842 5692 2213 5758 abstinentia;
2256 5707 2379 5762 qua:
2427 5688 2607 5762 virtus
2654 5683 3011 5758 potissimum
3057 5679 3276 5751 corpori
3315 5693 3429 5734 me~

1839 5764 2025 5832 detur,
2058 5772 2196 5821 utet
2224 5758 2405 5821 oratio
2423 5758 2630 5816 animo.
