4048 6430
585 327 691 396 921

1749 336 1811 396 S.
1851 331 2138 396 MAXIMI
2178 330 2694 393 CONFESSORIS

3734 333 3828 398 923

583 441 795 500 nudum
833 441 1000 501 sistit.
1034 442 1128 502 Hae
1157 444 1324 516 igitur
1353 450 1467 501 tres
1494 444 1746 512 virtutes,
1777 454 2006 502 cunctas
2033 445 2170 500 alias

2280 459 2401 504 mw,
2431 441 2529 494 nat
2563 439 2713 512 αὐτῷ
2732 439 2894 495 αὐτὸν
2917 438 3213 511 παρίστησι
3244 437 3450 508 γυμνὸν
3477 437 3556 510 τῷ
3581 438 3710 510 θεῷ.
3738 438 3826 496 Δίι-

583 535 818 592 virtutes
845 537 1307 608 complectuntur,
1337 554 1402 593 ac
1435 539 1540 596 nisi
1580 540 1688 610 illis
1727 539 1898 595 fultus
1926 540 2164 604 animus,

582 626 698 684 Deo
725 643 922 684 vacare
948 644 1062 684 non
1088 639 1288 700 potest.

652 798 743 853 20.
778 797 870 854 Ait
902 799 1073 856 frater
1098 816 1112 853 :
1142 799 1313 872 Rogo,
1342 803 1522 870 Pater,
1548 813 1608 860 ut
1631 803 1836 860 discam
1859 821 1927 861 ex
1953 813 2029 870 te,
2058 819 2167 875 qua

583 891 793 946 ratione
814 891 1037 947 dilectio
1063 891 1200 947 iram
1229 894 1400 949 leniat
1423 904 1479 950 et
1511 897 1743 967 mitiget.
1766 895 1849 950 Ad
1883 912 2046 966 quem
2075 911 2168 951 se-

583 998 689 1037 nex
710 1001 722 1035 :
742 981 879 1048 Quia
900 982 1113 1038 scilicet
1134 986 1255 1056 ejus
1270 993 1354 1040 est
1373 986 1650 1052 misereri,
1671 987 2167 1058 inquejproximum

583 1071 848 1128 beneﬁcia
881 1070 1153 1138 conferre,
1183 1082 1240 1128 et
1267 1073 1332 1128 ad
1361 1075 1513 1129 illum
1542 1075 1722 1130 lenem
1747 1091 1867 1129 esse
1895 1090 1958 1128 ac
1984 1075 2170 1146 longa-

583 1165 808 1230 nimem,
836 1163 1120 1234 illatasque
1149 1166 1218 1220 ab
1245 1182 1311 1221 eo
1343 1166 1590 1238 injurias,
1627 1176 1687 1222 ut
1729 1168 1929 1238 saepius
1959 1167 2168 1223 dictum

582 1265 686 1320 est,
718 1257 992 1326 patienter
1021 1255 1185 1312 ferre.
1218 1257 1342 1312 Haec
1375 1273 1507 1329 ergo
1541 1275 1665 1313 cum
1697 1258 1918 1312 dilectio
1945 1257 2166 1324 habeat,

583 1348 722 1419 ejus,
757 1348 848 1417 qui
887 1347 976 1402 illa
1026 1349 1330 1405 instructus
1363 1349 1453 1414 sit,
1498 1351 1633 1404 iram
1676 1350 1811 1405 lenit
1845 1360 1901 1404 et
1936 1350 2166 1420 mitigat.

585 1435 724 1490 Tum
758 1436 928 1490 frater
963 1454 975 1489 :
1019 1437 1141 1492 Non
1187 1439 1382 1510 exigua
1429 1448 1558 1494 sunt
1602 1439 1722 1510 ejus
1770 1454 1997 1492 munera
2029 1455 2043 1491 :
2073 1436 2169 1493 sed

585 1525 780 1582 beatus
827 1524 914 1580 cui
968 1526 1128 1582 licuit
1179 1543 1297 1582 eam
1349 1528 1598 1600 adipisci.
1653 1529 1766 1600 Ego
1811 1544 1942 1583 sane
1993 1527 2062 1582 ab
2106 1543 2170 1582 ea

586 1617 779 1686 procul
813 1626 1058 1672 remotus
1088 1634 1230 1672 sum.
1261 1618 1553 1684 Caeterum,
1587 1636 1740 1689 rogo,
1777 1621 1961 1684 Pater,
1999 1628 2060 1674 ut
2091 1619 2173 1674 di-

2266 549 2357 585 ται
2385 527 2478 585 οὖν
2501 532 2558 584 αἱ
2585 533 2732 604 τρεῖς
2758 531 2977 602 ἀρεταὶ,
3001 528 3512 600 συμπεριληπτικαί
3532 530 3637 582 εἰσι
3661 531 3826 583 πασῶν

2266 624 2375 678 τῶν
2407 622 2619 694 ἀρετῶν
2641 639 2658 656 ·
2682 623 2777 677 καὶ
2804 623 2933 678 ἄνευ
2963 621 3168 678 τούτων
3195 622 3226 676 δ
3245 620 3372 685 νοῦς
3391 620 3455 676 οὐ
3477 620 3697 676 δύναται
3720 637 3826 694 qo-

2267 712 2452 777 λάζιιν
2483 713 2562 784 τῷ
2591 713 2733 784 Θεῷ.

2339 813 2409 861 κ’.
2443 807 2554 860 Καὶ
2577 808 2606 860 ὁ
2657 805 2913 875 Ἀδελφὸς
2955 819 3078 858 ειπε
3101 820 3117 835 ·
3156 801 3474 874 Παρακαλῶ
3525 819 3607 866 σε,
3653 804 3826 875 Πάτερ,

2271 899 2490 970 μαθεῖν,
2529 898 2646 963 πῶς
2683 900 2718 969 ἡ
2775 897 2966 969 ἀγάπη
3015 899 3214 970 ἡμεροῖ
3240 897 3332 951 τὸν
3364 894 3565 967 θυμόν.
3611 896 3714 950 Καὶ
3736 897 3830 951 ἀπ-

2269 992 2463 1065 εκρίθη
2490 993 2520 1046 ὁ
2543 991 2745 1062 γέρωψ
2782 989 3006 1068 Ἐπειδὴ
3027 989 3142 1060 ἔχει
3180 989 3241 1043 τὸ
3271 989 3464 1054 ἐλεεῖν,
3492 989 3587 1044 καὶ
3611 989 3670 1042 τὸ
3694 990 3828 1060 susp-

2268 1082 2447 1148 γετεῖν
2476 1080 2567 1133 τὸν
2610 1078 2838 1150 πλησίον
2863 1094 2878 1110 ⁸
2919 1078 3014 1134 καὶ
3042 1079 3107 1133 τὸ
3140 1078 3518 1151 μακροθυμεῖν
3562 1078 3648 1129 ἐπ’
3672 1079 3830 1144 αὑτὸν,

2270 1173 2366 1226 καὶ
2388 1171 2448 1225 τὸ
2474 1171 2766 1241 ὑπομένειν
2791 1173 2860 1226 τὰ
2887 1171 2980 1226 ὑπ’
3001 1171 3168 1226 αὑτοῦ
3198 1169 3545 1243 ὲπαγόμενα,
3563 1169 3637 1233 ὡς
3657 1171 3828 1227 πολλὰ·

2269 1279 2359 1325 κις
2384 1263 2707 1335 εἰρήκαμεν.
2741 1262 2929 1318 Ταῦτα
2974 1259 3068 1317 οὖν
3094 1262 3294 1336 ἔχουσα
3329 1265 3365 1333 ἡ
3417 1263 3631 1334 ἀγάπη,
3661 1264 3832 1336 ὴμεροί

2269 1354 2362 1408 τὸν
2395 1355 2572 1426 ,θυμὸν
2624 1355 2718 1410 τοῦ
2767 1355 3107 1428 κεκτημένου
3143 1355 3341 1428 αὑτήν.
3377 1354 3494 1412 Καὶ
3538 1356 3571 1410 ὁ
3610 1353 3831 1427 ’Δδελερὸς

2273 1445 2425 1523 εἷπε·
2457 1449 2534 1502 Οὐ
2595 1449 2773 1521 μιχρὰ
2823 1448 2895 1504 τὰ
2942 1448 3082 1520 ἔργα
3110 1448 3315 1516 αὑτῆςο
3350 1446 3493 1501 ἀλλὰ
3541 1446 3838 1518 μακάριοςδ

2271 1541 2566 1611 δυνάμενος
2588 1541 2900 1614 κτήσασθαι
2936 1536 3130 1612 αὐτήν.
3174 1539 3319 1609 Ἐγὼ
3353 1538 3414 1594 δὲ
3448 1537 3617 1602 ὅντως
3646 1537 3836 1610 μακράν

2273 1635 2389 1706 είμι
2419 1634 2514 1688 ἀπ’
2548 1634 2742 1705 αὐτῆς.
2773 1633 2921 1703 Πλὴν
2964 1631 3275 1702 Παρακαλῶ
3314 1648 3400 1698 σε,
3447 1629 3642 1701 πάτερ,
3687 1630 3838 1686 εἰπεῖν

587 1722 680 1763 cas
709 1707 842 1778 quid
870 1709 941 1763 sit
971 1709 1348 1780 μακροθυμεῖν
1374 1713 1496 1777 (nos
1521 1709 1772 1765 dicamus
1798 1709 2174 1781 longanimiter

2280 1741 2391 1796 μοι,
2416 1723 2472 1777 τί
2493 1726 2610 1776 ἐστι
2638 1723 2700 1778 τὸ
2725 1721 3124 1797 μακροθυμεῖν.

587 1797 745 1868 agere
773 1797 994 1868 lenique
1019 1797 1284 1867 patientia
1313 1801 1477 1867 esse).

655 1887 746 1941 21.
778 1889 1081 1959 Respondit
1112 1905 1281 1944 senex
1311 1890 1326 1944 ε
1358 1891 1565 1961 Nempe
1610 1891 1738 1946 forti
1774 1893 1957 1947 animo
1988 1893 2041 1946 in
2073 1892 2170 1947 ad-

585 1978 759 2033 versis
784 1994 924 2043 esse,
953 1995 1016 2034 ac
1047 1981 1186 2033 mala
1214 1980 1510 2046 sustinere,
1544 1981 1975 2051 tentationisque
2004 1998 2175 2052 oppe-

589 2071 684 2126 riri
731 2071 918 2137 ﬁnem,
959 2088 1061 2127 nec
1101 2073 1238 2127 iram
1286 2083 1492 2129 temere
1519 2076 1787 2146 proferre,
1831 2085 1927 2130 aut
1964 2066 2175 2141 sermo:

584 2179 712 2217 nem
758 2164 908 2232 loqui
943 2163 996 2218 in
1049 2163 1386 2235 insipientia,
1432 2166 1517 2220 vel
1550 2166 1816 2236 suspicari
1847 2166 2053 2236 aliquid
2083 2171 2179 2222 aut

586 2253 859 2322 cogitare,
917 2252 1064 2322 quod
1115 2254 1296 2307 virum
1347 2254 1666 2324 religiosum
1717 2253 1899 2308 minus
1950 2253 2175 2319 deceat,

586 2344 1047 2412 quemadmodum
1077 2345 1154 2399 ait
1183 2345 1464 2416 Scriptura
1488 2364 1501 2399 :
1535 2345 1706 2417 Usque
1732 2347 1802 2400 ad
1826 2355 2030 2416 tempus
2059 2361 2178 2398 sus-

2350 1905 2456 1960 ua’.
2495 1905 2603 1959 Καὶ
2637 1903 2914 1975 ἀπεκρίθη
2941 1903 2970 1958 ὁ
2992 1902 3180 1974 γέρων
3203 1917 3217 1933 ³
3251 1900 3326 1957 Τὸ
3361 1900 3715 1971 ἐγκαρτερεῖν
3743 1901 3838 1963 τοὶς

2275 1999 2490 2061 δεινοῖς,
2522 1997 2617 2050 καὶ
2647 1996 2708 2049 τὸ
2742 1994 3038 2065 ὑπομένειν
3064 1991 3314 2063 πονηρά·
3345 1991 3446 2046 καὶ
3479 1991 3542 2046 τὸ
3579 1991 3838 2060 ἀναμένειν

2277 2090 2338 2144 τδ
2367 2088 2518 2153 τέλος
2538 2089 2631 2141 τοῦ
2660 2084 2993 2158 πειρασμοῦ,
3029 2086 3124 2138 καὶ
3156 2083 3216 2138 τὸ
3241 2084 3318 2156 μὴ
3343 2081 3566 2150 ἐξάγειν
3590 2081 3749 2150 θυμὸν
3777 2081 3840 2144 ὡς

2279 2180 2457 2252 ἔτυχε,
2481 2179 2613 2249 μηδὲ
2635 2180 2790 2246 λόγον
2810 2178 2992 2231 λαλεῖν
3015 2179 3073 2230 ὲν
3110 2174 3416 2247 ἀφροσύνῃ,
3457 2173 3588 2244 μηδὲ
3627 2173 3837 2225 ὑπονοεῖν

2278 2289 2332 2326 τι
2356 2271 2388 2338 ἢ
2421 2272 2623 2324 ἐννοεῖν
2645 2268 2754 2322 τῶν
2785 2270 2861 2340 μὴ
2885 2267 3204 2339 πρεπόντων
3222 2262 3490 2325 θεοσεϐεῖ,
3519 2261 3692 2328 καθὼς
3711 2257 3842 2314 εἶπεν

2278 2363 2312 2433 ἡ
2346 2362 2536 2432 Γραφή
2562 2379 2574 2390 ·
2615 2363 2768 2428 Ἕως
2788 2361 2999 2431 καιροῦ
3028 2361 3345 2426 ἀνθέξεται
3365 2359 3737 2429 μακρόθυμος
3756 2358 3836 2428 (ὁ).

585 2434 767 2518 tinebit
801 2434 906 2489 leni
945 2437 1204 2507 patientia
1241 2437 1401 2508 377
1439 2439 1539 2502 vir,
1573 2446 1623 2491 et
1647 2445 1826 2508 postea
1861 2445 2100 2508 erumpet
2134 2439 2181 2491 ei

2281 2454 2379 2512 καί
2411 2455 2668 2520 ὕστερον
2691 2451 2991 2510 ἀναδώσει
3015 2453 3178 2519 αὐτῷ
3203 2454 3580 2524 εὐφροσύνη”
3611 2452 3712 2520 ἕως
3735 2468 3836 2505 κω-

585 2525 888 2581 Iucunditas
939 2543 956 2583 :
997 2544 1160 2599 usque
1203 2530 1257 2582 in
1308 2537 1512 2600 tempus
1549 2531 1707 2583 verba
1753 2530 2083 2600 comprimet,
2131 2536 2181 2582 et

2280 2545 2390 2614 ροῦ
2426 2546 2644 2613 κρύψει
2667 2545 2810 2611 τοὺς
2833 2546 3057 2615 λόγους
3090 2545 3278 2600 αὐτοῦ
3299 2561 3314 2576 ·
3367 2543 3469 2598 καὶ
3499 2543 3667 2612 χείλη
3717 2544 3838 2594 πολ·

589 2619 876 2675 multorum
902 2619 1044 2674 labia
1073 2621 1402 2675 enarrabunt
1433 2621 1546 2692 ejus
1574 2621 1912 2692 prudentiam
1936 2620 2002 2675 “.

2281 2633 2408 2687 λῶν
2443 2633 2611 2706 [SixL
2655 2632 2896 2698 πιστῶν,
2948 2631 3220 2707 ﬁdelium]
3251 2632 3672 2703 ἐκδιηγήσεται
3710 2631 3838 2685 σύν-

2281 2742 2419 2779 εσιν
2454 2725 2663 2779 αὐτοῦ.

652 2805 744 2860 22.
784 2804 911 2860 Haec
957 2804 1125 2876 igitur
1163 2803 1595 2875 longanimitatis
1629 2803 1794 2875 (lenis
1826 2805 2039 2859 scilicet
2085 2821 2181 2874 pa-

2355 2817 2461 2888 κβ’.
2497 2816 2683 2871 Ταῦτα
2713 2812 2806 2870 οὖν
2826 2818 2945 2870 ὲστι
2965 2818 3034 2870 τὰ
3055 2816 3419 2888 γνωρίσματα
3461 2816 3561 2887 τῆς
3603 2813 3838 2887 μακροθυ-

589 2894 818 2965 ιίειιῑίαε)
863 2893 1064 2948 indicia
1108 2899 1237 2947 sunt
1275 2909 1288 2945 :
1322 2908 1502 2962 neque
1550 2892 1603 2947 id
1638 2894 1823 2958 modo,
1860 2894 1953 2948 sed
1998 2904 2054 2949 et
2098 2909 2181 2948 sc-

2287 2891 2415 2982 μίας
2434 2924 2449 2938 °
2487 2909 2547 2962 οὐ
2579 2908 2742 2978 μόνον
2767 2907 2843 2972 δὲ,
2879 2907 3018 2961 ἀλλά
3043 2907 3138 2961 καὶ
3172 2905 3503 2974 λογίσασθαι
3521 2903 3700 2960 ἑαυτὸν
3721 2901 3833 2956 εἶναι

591 2984 772 3054 ipsum
814 2984 1138 3039 tentationis
1172 2997 1394 3038 causam
1435 2984 1773 3049 existimare,
1807 2985 1927 3055 ejus
1963 2986 2181 3040 virtutis

2286 2998 2462 3053 αἴτιον
2490 2997 2584 3050 τοῦ
2618 2995 2949 3068 πειρασμοῦ,
2981 2995 3082 3066 τῆς
3117 2995 3509 3066 μακροθυμίας
3541 2994 3678 3048 ἐστὶν
3709 2994 3829 3045 ἴδιον.

589 3085 675 3132 est
705 3077 1012 3148 prOprium.
1053 3075 1379 3130 Fortevero
1409 3075 1575 3130 etiam
1618 3076 1699 3130 sic
1740 3091 1799 3130 se
1849 3091 1936 3130 res
1981 3077 2176 3141 habet;

2291 3093 2451 3155 Ἴσως
2471 3090 2526 3143 δὲ
2554 3089 2649 3142 καὶ
2671 3087 2844 3152 οὕτως
2866 3087 2982 3160 ἔχει
2999 3103 3013 3118 ⁸
3056 3085 3245 3158 ἐπειδὴ
3286 3085 3358 3140 τὰ
3411 3085 3579 3148 πολλὰ
3605 3082 3704 3138 τῶν
3724 3099 3834 3151 cmp-

591 3169 739 3240 quod
766 3185 958 3240 magna
987 3185 1112 3239 pars
1147 3184 1360 3233 eorum,
1392 3183 1513 3238 quae
1548 3169 1707 3224 nobis
1736 3169 2020 3234 eveniunt,
2053 3167 2180 3223 inde

2318 3141 2393 3144 —-~
2430 3141 2447 3155 .
2484 3141 2517 3143 η
2824 3141 2841 3152 .
2895 3141 2926 3160 ,,
3230 3141 3245 3158 ,
3565 3145 3568 3148 .
3780 3141 3791 3151 .

2287 3181 2582 3236 ϐαινόντων
2612 3181 2767 3250 ἡμῖν,
2794 3179 2930 3249 πρὸς
2963 3177 3246 3232 παίδευσιν
3283 3176 3447 3250 ἡμῶν
3469 3174 3829 3244 ὲπισυμὸαἱνει,

591 3261 843 3317 accidant
887 3269 948 3315 ut
987 3261 1094 3316 illis
1139 3262 1472 3333 castigemur
1509 3279 1573 3316 ac
1616 3262 1963 3324 erudiamur,
1999 3278 2062 3317 ac
2095 3261 2180 3316 vel

589 3351 867 3420 praterita
904 3350 1102 3407 delicta
1132 3352 1412 3416 tollantur,
1440 3352 1526 3406 vel
1559 3366 1666 3421 qua
1700 3360 1982 3420 torpemus
2012 3353 2184 3422 negli-

592 3442 776 3511 gentia
814 3441 1163 3507 emendetur,
1209 3451 1304 3496 aut
1346 3443 1584 3514 denique
1615 3453 1677 3498 ut
1707 3443 1908 3498 futuris
1944 3444 2182 3513 peccatis

593 3531 682 3586 via
716 3533 1105 3602 praecludatur.
1138 3531 1241 3600 Qui
1290 3532 1458 3603 igitur
1503 3535 1689 3588 animo
1728 3541 1946 3603 reputat
1987 3549 2054 3587 ex
2097 3533 2182 3590 his

592 3621 814 3692 aliquod
845 3624 902 3677 in
937 3639 1101 3678 causa
1141 3639 1282 3688 esse,
1315 3640 1415 3679 cur
1441 3626 1676 3680 tentatio
1703 3628 1842 3694 leum
1881 3626 2178 3695 exceperit,

594 3713 908 3782 vapulando
951 3731 1062 3769 non
1104 3714 1448 3785 indignatur,
1485 3717 1789 3786 prtesertim
1821 3732 1945 3771 cum
1979 3727 2036 3772 et
2067 3718 2184 3787 ipse

595 3804 702 3860 sibi
737 3807 946 3875 peccati
991 3808 1247 3862 conscius
1282 3809 1353 3864 sit
1387 3827 1401 3863 :
1443 3819 1547 3864 nec
1580 3818 1835 3864 causatur
1873 3809 2048 3875 illum,
2085 3827 2185 3881 per

596 3909 759 3964 quem
816 3898 1048 3953 tentatio
1104 3899 1304 3954 accidit
1354 3900 1380 3970 ’(
1397 3917 1522 3954 nam
1575 3901 1690 3956 sive
1739 3903 1874 3966 hoc,
1911 3903 2026 3957 sive
2077 3903 2185 3959 alio

597 4013 820 4068 operam
855 3999 1194 4066 conferente,
1226 4001 1537 4057 divinorum
1576 4003 1913 4075 judiciorum
1953 4006 2182 4061 calicem

595 4089 822 4144 omnino
855 4089 1046 4147 bibere
1090 4106 1217 4146 eum
1262 4092 1550 4164 oportuit),
1589 4093 1682 4148 sed
1719 4093 1774 4150 in
1809 4095 1980 4149 Deum
2009 4096 2185 4153 oculis

597 4180 894 4252 animoque
926 4184 1192 4252 intentus,
1225 4187 1276 4240 ei
1315 4187 1518 4258 gratias
1553 4188 1663 4259 agit
1703 4189 1859 4260 cujus
1896 4188 2186 4259 indulgen-

597 4271 670 4327 tia
695 4272 915 4341 accidit,
948 4290 1115 4346 seque
1146 4277 1261 4347 ipse
1287 4277 1494 4348 culpat,
1519 4293 1583 4333 ac
1610 4278 1777 4333 alacri
1807 4280 1991 4335 animo
2021 4280 2185 4335 disci-

597 4352 806 4430 plinam
860 4365 1127 4434 suscipit,
1175 4367 1325 4421 velut
1379 4383 1438 4423 se
1491 4368 1661 4423 David
1699 4369 1756 4423 in
1805 4367 1982 4425 Semei
2021 4371 2088 4436 ",
2121 4385 2185 4425 ac

595 4451 742 4509 sicut
767 4454 872 4510 Job
903 4455 1018 4525 ipse
1051 4471 1109 4512 se
1146 4457 1202 4511 in
1247 4473 1437 4525 uxore,
1471 4460 1640 4530 gessit
1664 4460 1728 4512 “.
1775 4461 2044 4530 lnsipiens
2087 4477 2186 4516 au-
2214 4492 2259 4550 η

596 4550 730 4612 tem,
752 4547 890 4616 petit
919 4547 1036 4616 ipse
1063 4547 1284 4617 quidem
1317 4549 1462 4605 haud
1501 4567 1628 4605 raro
1663 4560 1722 4605 ut
1749 4551 1892 4606 Deus
1919 4551 2182 4608 miserea-

595 4641 715 4704 tur;
752 4637 1188 4694 misericordiam
1234 4649 1417 4697 tamen
1449 4643 1764 4698 venientem
1810 4658 1921 4698 non
1966 4643 2180 4718 recipit,

2283 3274 2318 3344 ἦ
2351 3274 2486 3343 πρὸς
2538 3266 2946 3343 παρελθόντωφ
2965 3262 3254 3341 ἁμαρτιῶν
3305 3266 3671 3340 ἁναίρεσιν,ἦ
3720 3264 3833 3335 πρὸς

2284 3363 2588 3435 ἐνεστώσης
2639 3361 2902 3436 ἀμελείας
2953 3361 3259 3434 διόρθωσιν,
3305 3361 3518 3432 ἢπρδς
3573 3357 3830 3429 μελλόντων

2286 3456 2703 3528 ἁμαρτημάτων
2737 3454 2846 3528 [αι.
2892 3452 3430 3526 πλημμελημάτων]
3470 3452 3746 3519 ἀνακοπὴν.
3785 3447 3830 3500 ὀ

2285 3545 2377 3603 οὗν
2399 3547 2769 3618 λογιζόμενος,
2801 3547 2884 3600 ὅτι
2933 3546 2999 3600 δι’
3046 3545 3104 3599 ἓν
3150 3545 3354 3599 τούτων
3382 3542 3582 3612 συνέϐη
3620 3544 3647 3595 ὁ
3673 3553 3827 3607 πειρα-

2287 3643 2441 3712 σμὸς,
2467 3639 2567 3693 οὐκ
2597 3639 2898 3706 ἀγανακτεῖ
2935 3636 3295 3706 τυπτόμενος.
3315 3633 3320 3637 ’
3342 3636 3582 3705 μάλιστα
3619 3631 3703 3684 καὶ
3729 3646 3826 3682 συν-

2285 3731 2443 3794 ειδὼς
2491 3730 2671 3802 ἐαυτῷ
2719 3719 3027 3802 ἁμαρτίας·
3080 3728 3200 3782 οὐδὲ
3238 3728 3483 3781 αἰτιᾶται
3513 3726 3617 3785 τὸν.
3646 3713 3722 3796 δρ
3740 3714 3827 3774 οὔὸ

2286 3821 2621 3893 πειρασμόςο
2649 3819 2753 3874 κᾶν
2775 3819 2883 3892 γὰρ
2914 3819 2984 3872 δι’
3011 3805 3198 3882 αὖτόὖ,
3231 3817 3334 3872 κᾶν
3353 3817 3424 3870 δι’
3453 3815 3628 3877 ἄλλου,
3653 3812 3828 3871 πάντως

2286 3916 2433 3967 πιεῖν
2476 3907 2590 3983 εἶχε
2623 3911 2730 3965 τῶν
2759 3909 2918 3962 θείων
2942 3909 3228 3980 χριμάτων
3245 3909 3306 3962 τδ
3323 3909 3610 3981 ποτήριονο
3644 3901 3744 3958 ἁλλ’
3767 3900 3827 3963 είς

2283 4005 2376 4059 τὸν
2404 4002 2535 4056 Θεὸν
2561 3999 2878 4063 ἀποϐλέπει,
2907 4002 3001 4053 καὶ
3028 3999 3342 4076 εὐχαριστεῖ
3368 3997 3450 4069 τῷ
3480 3993 3824 4070 συγχωρήσειν

2283 4112 2357 4159 τι,
2397 4093 2490 4146 καὶ
2545 4092 2738 4146 ἑαυτὸν
2799 4093 3061 4154 αἰτιᾶται,
3095 4093 3191 4145 καὶ
3238 4091 3456 4160 δέχεται
3489 4091 3584 4160 τὴν
3620 4081 3829 4139 παιδείαν

2286 4183 2606 4256 προθύμως,
2639 4181 2828 4255 ὥσπερ
2854 4183 2882 4250 ὁ
2908 4182 3074 4236 Δασῖδ
3106 4181 3197 4235 ἐπὶ
3218 4181 3311 4235 τοῦ
3341 4179 3531 4251 Σεμεῖ,
3565 4183 3652 4232 καὶ
3674 4175 3824 4241 ὥσπερ

2283 4277 2312 4329 ὃ
2349 4274 2471 4329 ’1ὼὸ
2501 4273 2595 4328 ἐπὶ
2623 4277 2717 4345 τῆς
2741 4273 3022 4342 γυναικός·
3060 4275 3088 4326 ὁ
3117 4273 3174 4326 δὲ
3203 4273 3418 4344 ἄφρων,
3447 4272 3584 4325 αἰτεῖ
3611 4267 3698 4338 μὲν
3719 4261 3822 4316 πολ-

2281 4367 2442 4431 λάκις
2470 4366 2560 4420 τὸν
2599 4365 2732 4419 Θεὸν
2765 4365 3055 4435 ἐλεηθῆναι
3077 4381 3093 4395 ο
3119 4365 3418 4437 ἐρχόμενον
3450 4363 3505 4416 δὲ
3523 4362 3580 4414 τδ
3603 4359 3748 4418 ἕλεος,
3773 4351 3822 4410 οὐ

2287 4456 2676 4530 παραδέχεται,
2719 4455 2905 4526 ἐπειδὴ
2939 4455 3038 4526 οὐχ
3071 4454 3147 4518 ὠς
3179 4455 3386 4518 ἐκεῖνος
3422 4451 3625 4525 ἢθελεν,
3657 4442 3820 4518 ἦλθεν·

2291 4551 2409 4606 ἀλλ’
2433 4550 2509 4616 ὼς
2536 4549 2719 4621 ἰατρὸς
2750 4547 2857 4604 τῶν
2885 4548 3072 4620 ψυχῶν
3103 4549 3407 4620 συμφέρειν
3453 4547 3699 4618 ἡγήσατο.
3735 4535 3822 4592 Καὶ

2292 4643 2380 4699 διὰ
2408 4641 2568 4696 τοῦτο
2604 4641 2861 4715 ὀλιγωρεῖ
2916 4641 3010 4695 καὶ
3047 4640 3390 4712 θορυϐεῖταιο
3443 4641 3536 4696 καὶ
3578 4633 3692 4690 ποτὲ
3723 4627 3820 4703 μδῆ

595 4816 644 4853 ⁵⁵
669 4815 852 4876 Eccle.
889 4835 930 4887 ι,
959 4819 1051 4888 29,
1080 4818 1172 4876 50.
1243 4821 1292 4855 ⁸⁸
1326 4821 1372 4878 Il
1409 4823 1686 4896 Rngm,
1721 4824 1807 4881 10.
1881 4824 1930 4859 ⁸⁸
1962 4824 2084 4882 Job.
2117 4841 2177 4891 ιι,
2207 4823 2294 4881 ίθ.

598 5050 612 5064 .
662 4977 746 5066 μ’)
792 4978 1144 5066 Ἀνθέεετας,
1169 4982 1770 5066 adiutum-Item
1803 4983 1985 5066 levo":
2016 4983 2180 5040 nobis

580 5051 876 5130 integrum
907 5051 1152 5132 servavit
1175 5051 1241 5104 V.
1271 5052 1354 5135 (ξι.
1384 5053 1562 5177 Raﬁh.
1593 5054 1842 5136 Dutrenii
1877 5056 2000 5111 cod.
2031 5071 2182 5138 nilne

598 5120 824 5206 Begtus,
845 5119 1146 5206 habuitque
1165 5121 1349 5206 Nobrl.
1371 5123 1432 5177 ιιι
1511 5140 1720 5206 azarm.
1747 5125 1873 5206 cod.
1897 5135 2184 5206 sequentia

598 5191 849 5265 breviata
881 5191 1067 5265 erant,
1096 5208 1202 5265 nec
1238 5193 1373 5249 satis
1401 5209 1468 5248 ex
1497 5194 1637 5249 sacri
1679 5191 2185 5265 scriptoris'sensn,

601 5261 700 5336 καὶ
726 5260 964 5336 Δὕστερον
995 5262 1263 5336 ἀναδώσει
1285 5265 1419 5336 τοὺς
1439 5265 1630 5336 λδγους
1661 5267 1780 5336 μετ’
1796 5260 2183 5336 ἐὐφροσύνης

597 5331 687 5400 sb,
715 5330 1021 5398 ἀνθέξεται,
1059 5332 1207 5388 idem
1241 5349 1307 5389 ac
1327 5374 1344 5398 ,
1397 5330 1675 5400 ἀνέξεταί
1713 5335 1854 5392 dicit
1889 5330 2082 5391 'Nobil.
2108 5330 2188 5391 vin

525 5439 530 5443 η
600 5399 928 5476 Schol.,_sed
951 5402 1113 5476 longe
1138 5403 1285 5476 istud
1311 5405 1403 5459 hic
1430 5399 1616 5476 aptius
1629 5421 1692 5461 ac
1713 5406 2033 5476 expressius
2064 5424 2076 5459 :
2103 5417 2188 5462 est

599 5471 750 5548 enim
778 5471 862 5527 sic
885 5471 1193 5548 cohibere,
1214 5471 1479 5548 iramque
1499 5485 1693 5548 tenere
1709 5492 1773 5532 ac
1786 5471 2102 5548 infringere
2131 5486 2190 5548 et

601 5541 1105 5616 Sustinere._Vulg.
1173 5541 1424 5610 ἀνάδοσῖς
1463 5546 1802 5615 εὐφροσύνης
1852 5541 2003 5616 legit',
2038 5547 2186 5616 quod

602 5611 875 5684 reddidit,
903 5611 976 5667 Et
1005 5611 1185 5684 postea
1222 5616 1444 5671 redditio
1471 5611 1820 5684 iucunditatis
1847 5633 1863 5671 :
1890 5611 1993 5672 nec
2023 5611 2188 5673 aliter

719 5681 903 5740 Nobil.
934 5679 1257 5766 καὶξοζηλίς..
1279 5697 1434 5758 puto,
1465 5679 1661 5766 Latina
1682 5703 1783 5744 sua
1800 5687 2012 5766 Grecis
2038 5703 2188 5744 eom-

605 5764 850 5820 ponere;
887 5752 1035 5823 quod
1086 5752 1225 5812 mihi
1252 5752 1356 5814 n'ec
1391 5752 1746 5817 cummodum
1789 5758 1946 5828 satis,
1987 5773 2094 5819 nec
2116 5775 2186 5815 ex

2284 4984 2396 5042 ﬁde
2435 4982 2766 5055 interpretis
2795 4979 3355 5055 est.__Unde_Sixtinae
3406 4979 3680 5055 interpres,
3713 4969 3810 5055 eti

2285 5071 2392 5112 nec
2418 5055 2545 5130 ipse
2574 5049 2708 5130 satis
2734 5051 2991 5130 expedite
3013 5094 3027 5117 ,
3071 5051 3140 5130 Et
3185 5060 3363 5130 postea
3417 5049 3651 5130 reddetur
3682 5049 3812 5130 ei]:

2289 5121 2552 5180 cunditas.
2583 5126 2702 5179 Vox
2730 5121 3016 5184 ἀναδώσει,
3050 5122 3130 5177 sic
3167 5123 3417 5177 absolute
3443 5121 3641 5190 posita,
3655 5121 3816 5190 neutra

2289 5179 2394 5259 est,
2421 5200 2524 5250 nec
2557 5195 2720 5250 aliter
2741 5179 3086 5262 exponenda,
3115 5209 3278 5262 quam
3313 5179 3461 5262 quod
3482 5179 3728 5244 Herodoto
3745 5179 3811 5262 di-

2288 5275 2495 5321 cuntur
2526 5265 2703 5335 πηγαὶ
2727 5259 3050 5335 ἀναδοῦναι,
3084 5259 3379 5335 εριπιριτὲ,
3414 5268 3630 5321 exstare,
3672 5259 3812 5335 sest

2289 5339 2432 5404 rire;
2461 5345 2525 5394 ut
2549 5332 2699 5406 quod
2722 5334 2826 5391 lsa.
2855 5349 3003 5396 Lvm,
3027 5333 3060 5390 8
3085 5350 3099 5387 :
3122 5332 3266 5406 Tune
3290 5332 3812 5406 erumpetmatutis‘cg

2290 5402 2468 5482 lumen
2510 5402 2697 5482 tuum;
2736 5419 3051 5482 quanquam
3244 5412 3350 5466 est,
3405 5402 3695 5482 ῥαγησξται.

2287 5478 2595 5548 elegantius
2625 5462 3018 5548 Je'su'sSira'cb.
3045 5474 3142 5543 qui
3173 5475 3292 5548 ipse
3333 5462 3547 5548 scripsit
3567 5462 3808 5548 Grates?

2289 5548 2343 5603 in
2374 5541 2485 5619 quo
2525 5548 2734 5619 lumina
2765 5544 2940 5619 Graeci
2979 5541 3274 5619 sermonis,
3309 5543 3414 5619 alia
3435 5541 3583 5619 longe
3599 5541 3805 5619 quanti]!

2287 5609 2431 5674 LXX
2463 5617 2791 5673 Senioribus
2827 5633 2840 5670 :
2873 5616 2935 5670 in
2966 5615 3170 5684 quibus
3197 5614 3366 5670 etiam
3390 5609 3642 5670 laboravit
3666 5609 3807 5662 inter-

2287 5705 2437 5762 pres,
2461 5698 2524 5746 ut
2551 5703 2662 5744 non
2687 5696 2944 5744 accurate
2968 5686 3155 5742 omnia
3189 5684 3465 5742 redderet.
