  <div class='ocr_page' id='page_1' title='image "/cluster/home/n/w/nwhite01/storage/ocr_20150623/90/hvd.32044019208016/473.png"; bbox 0 0 3898 6426; ppageno 0'>
   <div class='ocr_carea' id='block_1_1' title="bbox 529 371 632 438">
    <p class='ocr_par' dir='ltr' id='par_1_1' title="bbox 529 371 632 438">
     <span class='ocr_line' id='line_1_1' title="bbox 529 371 632 438; baseline -0.019 0"><span class='ocrx_word' id='word_1_1' title='bbox 529 371 632 438; x_wconf 80' lang='lat'><strong>931</strong></span> 
     </span>
    </p>
   </div>
   <div class='ocr_carea' id='block_1_2' title="bbox 1704 365 2654 431">
    <p class='ocr_par' dir='ltr' id='par_1_2' title="bbox 1704 365 2654 431">
     <span class='ocr_line' id='line_1_2' title="bbox 1704 365 2654 431; baseline -0.001 -2"><span class='ocrx_word' id='word_1_2' title='bbox 1704 365 1764 429; x_wconf 91' lang='lat' dir='ltr'><strong>S.</strong></span> <span class='ocrx_word' id='word_1_3' title='bbox 1805 368 2100 430; x_wconf 69' lang='lat' dir='ltr'><strong>MAXIM!</strong></span> <span class='ocrx_word' id='word_1_4' title='bbox 2136 366 2654 431; x_wconf 76' lang='lat' dir='ltr'><strong>CONF&#39;ESSORIS</strong></span> 
     </span>
    </p>
   </div>
   <div class='ocr_carea' id='block_1_3' title="bbox 532 475 2121 558">
    <p class='ocr_par' dir='ltr' id='par_1_3' title="bbox 532 481 2118 558">
     <span class='ocr_line' id='line_1_3' title="bbox 532 481 2118 558; baseline -0.004 -16"><span class='ocrx_word' id='word_1_5' title='bbox 532 483 829 558; x_wconf 75' lang='lat' dir='ltr'><strong>Apostolus</strong></span> <span class='ocrx_word' id='word_1_6' title='bbox 855 494 912 539; x_wconf 89' lang='lat' dir='ltr'><strong>et</strong></span> <span class='ocrx_word' id='word_1_7' title='bbox 942 482 1208 555; x_wconf 85' lang='lat' dir='ltr'><strong>psallebat</strong></span> <span class='ocrx_word' id='word_1_8' title='bbox 1235 491 1292 538; x_wconf 93' lang='lat' dir='ltr'><strong>et</strong></span> <span class='ocrx_word' id='word_1_9' title='bbox 1319 481 1533 554; x_wconf 76' lang='lat' dir='ltr'><strong>legebat</strong></span> <span class='ocrx_word' id='word_1_10' title='bbox 1569 489 1627 536; x_wconf 89' lang='lat' dir='ltr'><strong>ct</strong></span> <span class='ocrx_word' id='word_1_11' title='bbox 1664 481 2036 548; x_wconf 75' lang='lat' dir='ltr'><strong>ministrabat,</strong></span> <span class='ocrx_word' id='word_1_12' title='bbox 2061 490 2118 536; x_wconf 92' lang='lat' dir='ltr'><strong>et</strong></span> 
     </span>
    </p>
   </div>
   <div class='ocr_carea' id='block_1_4' title="bbox 2222 475 3803 558">
    <p class='ocr_par' dir='ltr' id='par_1_4' title="bbox 2231 475 3803 549">
     <span class='ocr_line' id='line_1_4' title="bbox 2231 475 3803 549; baseline -0.001 -16"><span class='ocrx_word' id='word_1_13' title='bbox 2231 479 2555 544; x_wconf 76' lang='grc' dir='ltr'>Ἀπὸστολος</span> <span class='ocrx_word' id='word_1_14' title='bbox 2581 479 2678 534; x_wconf 72' lang='grc' dir='ltr'><strong>καὶ</strong></span> <span class='ocrx_word' id='word_1_15' title='bbox 2698 477 2930 549; x_wconf 78' lang='grc' dir='ltr'><strong>ἔψαλλεν</strong></span> <span class='ocrx_word' id='word_1_16' title='bbox 2949 476 3048 532; x_wconf 70' lang='grc' dir='ltr'><strong>καὶ</strong></span> <span class='ocrx_word' id='word_1_17' title='bbox 3063 477 3408 546; x_wconf 65' lang='grc' dir='ltr'>ἀνεγίνωσκε</span> <span class='ocrx_word' id='word_1_18' title='bbox 3436 475 3536 531; x_wconf 69' lang='grc' dir='ltr'>καὶ</span> <span class='ocrx_word' id='word_1_19' title='bbox 3553 475 3803 548; x_wconf 74' lang='grc' dir='ltr'>διηκόνει.</span> 
     </span>
    </p>
   </div>
   <div class='ocr_carea' id='block_1_5' title="bbox 535 572 2129 645">
    <p class='ocr_par' dir='ltr' id='par_1_5' title="bbox 535 572 2129 645">
     <span class='ocr_line' id='line_1_5' title="bbox 535 572 2129 645; baseline -0.003 -13"><span class='ocrx_word' id='word_1_20' title='bbox 535 586 720 632; x_wconf 84' lang='lat' dir='ltr'><strong>tamen</strong></span> <span class='ocrx_word' id='word_1_21' title='bbox 755 576 874 632; x_wconf 89' lang='lat' dir='ltr'><strong>sine</strong></span> <span class='ocrx_word' id='word_1_22' title='bbox 915 575 1328 631; x_wconf 75' lang='lat' dir='ltr'><strong>intermissione</strong></span> <span class='ocrx_word' id='word_1_23' title='bbox 1365 574 1580 630; x_wconf 89' lang='lat' dir='ltr'><strong>orabat.</strong></span> <span class='ocrx_word' id='word_1_24' title='bbox 1617 572 1775 630; x_wconf 85' lang='lat' dir='ltr'><strong>Tunc</strong></span> <span class='ocrx_word' id='word_1_25' title='bbox 1813 575 1962 629; x_wconf 92' lang='lat' dir='ltr'><strong>enim</strong></span> <span class='ocrx_word' id='word_1_26' title='bbox 2002 573 2129 645; x_wconf 87' lang='lat' dir='ltr'><strong>quis</strong></span> 
     </span>
    </p>
   </div>
   <div class='ocr_carea' id='block_1_6' title="bbox 534 664 2129 732">
    <p class='ocr_par' dir='ltr' id='par_1_6' title="bbox 534 664 2129 732">
     <span class='ocr_line' id='line_1_6' title="bbox 534 664 2129 732; baseline -0.001 -10"><span class='ocrx_word' id='word_1_27' title='bbox 534 666 656 722; x_wconf 84' lang='lat' dir='ltr'><strong>sine</strong></span> <span class='ocrx_word' id='word_1_28' title='bbox 698 665 1106 723; x_wconf 75' lang='lat' dir='ltr'><strong>intermissione</strong></span> <span class='ocrx_word' id='word_1_29' title='bbox 1147 673 1287 732; x_wconf 88' lang='lat' dir='ltr'><strong>orat,</strong></span> <span class='ocrx_word' id='word_1_30' title='bbox 1328 680 1454 720; x_wconf 89' lang='lat' dir='ltr'><strong>cum</strong></span> <span class='ocrx_word' id='word_1_31' title='bbox 1499 665 1669 719; x_wconf 91' lang='lat' dir='ltr'><strong>multa</strong></span> <span class='ocrx_word' id='word_1_32' title='bbox 1711 664 2023 721; x_wconf 81' lang='lat' dir='ltr'><strong>reverentia</strong></span> <span class='ocrx_word' id='word_1_33' title='bbox 2063 679 2129 721; x_wconf 88' lang='lat' dir='ltr'><strong>ac</strong></span> 
     </span>
    </p>
   </div>
   <div class='ocr_carea' id='block_1_7' title="bbox 533 755 2128 827">
    <p class='ocr_par' dir='ltr' id='par_1_7' title="bbox 533 755 2128 827">
     <span class='ocr_line' id='line_1_7' title="bbox 533 755 2128 827; baseline -0.002 -14"><span class='ocrx_word' id='word_1_34' title='bbox 533 774 747 826; x_wconf 87' lang='lat' dir='ltr'><strong>amore,</strong></span> <span class='ocrx_word' id='word_1_35' title='bbox 780 760 893 815; x_wconf 88' lang='lat' dir='ltr'><strong>Deo</strong></span> <span class='ocrx_word' id='word_1_36' title='bbox 923 766 1107 814; x_wconf 88' lang='lat' dir='ltr'><strong>mente</strong></span> <span class='ocrx_word' id='word_1_37' title='bbox 1143 757 1408 825; x_wconf 71' lang='lat' dir='ltr'><strong>adhaeret,</strong></span> <span class='ocrx_word' id='word_1_38' title='bbox 1440 765 1604 827; x_wconf 90' lang='lat' dir='ltr'><strong>atque</strong></span> <span class='ocrx_word' id='word_1_39' title='bbox 1637 755 1705 810; x_wconf 88' lang='lat' dir='ltr'><strong>ab</strong></span> <span class='ocrx_word' id='word_1_40' title='bbox 1749 755 1870 826; x_wconf 87' lang='lat' dir='ltr'><strong>ejus</strong></span> <span class='ocrx_word' id='word_1_41' title='bbox 1908 772 2128 826; x_wconf 83' lang='lat' dir='ltr'><strong>semper</strong></span> 
     </span>
    </p>
   </div>
   <div class='ocr_carea' id='block_1_8' title="bbox 535 847 2127 922">
    <p class='ocr_par' dir='ltr' id='par_1_8' title="bbox 535 847 2127 922">
     <span class='ocr_line' id='line_1_8' title="bbox 535 847 2127 922; baseline -0.004 -15"><span class='ocrx_word' id='word_1_42' title='bbox 535 866 632 922; x_wconf 85' lang='lat' dir='ltr'><strong>spe</strong></span> <span class='ocrx_word' id='word_1_43' title='bbox 665 853 897 922; x_wconf 84' lang='lat' dir='ltr'><strong>pendet;</strong></span> <span class='ocrx_word' id='word_1_44' title='bbox 942 858 1000 906; x_wconf 92' lang='lat' dir='ltr'><strong>et</strong></span> <span class='ocrx_word' id='word_1_45' title='bbox 1029 850 1086 905; x_wconf 89' lang='lat' dir='ltr'><strong>in</strong></span> <span class='ocrx_word' id='word_1_46' title='bbox 1123 849 1404 913; x_wconf 86' lang='lat' dir='ltr'><strong>omnibus,</strong></span> <span class='ocrx_word' id='word_1_47' title='bbox 1449 847 1722 919; x_wconf 88' lang='lat' dir='ltr'><strong>quidquid</strong></span> <span class='ocrx_word' id='word_1_48' title='bbox 1758 855 1932 919; x_wconf 79' lang='lat' dir='ltr'><strong>gerat,</strong></span> <span class='ocrx_word' id='word_1_49' title='bbox 1960 848 2127 918; x_wconf 86' lang='lat' dir='ltr'><strong>quid-</strong></span> 
     </span>
    </p>
   </div>
   <div class='ocr_carea' id='block_1_9' title="bbox 534 939 2126 1013">
    <p class='ocr_par' dir='ltr' id='par_1_9' title="bbox 534 939 2126 1013">
     <span class='ocr_line' id='line_1_9' title="bbox 534 939 2126 1013; baseline -0.003 -14"><span class='ocrx_word' id='word_1_50' title='bbox 534 943 666 1013; x_wconf 84' lang='lat' dir='ltr'><strong>quid</strong></span> <span class='ocrx_word' id='word_1_51' title='bbox 695 943 926 1010; x_wconf 87' lang='lat' dir='ltr'><strong>accidat,</strong></span> <span class='ocrx_word' id='word_1_52' title='bbox 959 943 1013 997; x_wconf 87' lang='lat' dir='ltr'><strong>in</strong></span> <span class='ocrx_word' id='word_1_53' title='bbox 1039 941 1136 997; x_wconf 92' lang='lat' dir='ltr'><strong>illo</strong></span> <span class='ocrx_word' id='word_1_54' title='bbox 1163 941 1420 997; x_wconf 88' lang='lat' dir='ltr'><strong>ﬁduciam</strong></span> <span class='ocrx_word' id='word_1_55' title='bbox 1449 941 1632 996; x_wconf 80' lang='lat' dir='ltr'><strong>habet.</strong></span> <span class='ocrx_word' id='word_1_56' title='bbox 1662 940 1723 996; x_wconf 92' lang='lat' dir='ltr'><strong>ln</strong></span> <span class='ocrx_word' id='word_1_57' title='bbox 1743 954 1870 994; x_wconf 91' lang='lat' dir='ltr'><strong>eum</strong></span> <span class='ocrx_word' id='word_1_58' title='bbox 1901 939 2126 994; x_wconf 91' lang='lat' dir='ltr'><strong>modum</strong></span> 
     </span>
    </p>
   </div>
   <div class='ocr_carea' id='block_1_10' title="bbox 533 1030 2125 1104">
    <p class='ocr_par' dir='ltr' id='par_1_10' title="bbox 533 1030 2125 1104">
     <span class='ocr_line' id='line_1_10' title="bbox 533 1030 2125 1104; baseline -0.001 -17"><span class='ocrx_word' id='word_1_59' title='bbox 533 1033 764 1089; x_wconf 68' lang='lat' dir='ltr'><strong>allectus</strong></span> <span class='ocrx_word' id='word_1_60' title='bbox 812 1034 1130 1104; x_wconf 84' lang='lat' dir='ltr'><strong>Apostolus,</strong></span> <span class='ocrx_word' id='word_1_61' title='bbox 1177 1033 1359 1088; x_wconf 83' lang='lat' dir='ltr'><strong>aiebat</strong></span> <span class='ocrx_word' id='word_1_62' title='bbox 1399 1049 1413 1086; x_wconf 90' lang='lat'>:</span> <span class='ocrx_word' id='word_1_63' title='bbox 1449 1032 1578 1098; x_wconf 83' lang='lat' dir='ltr'><strong>Quis</strong></span> <span class='ocrx_word' id='word_1_64' title='bbox 1631 1047 1726 1085; x_wconf 88' lang='lat' dir='ltr'><strong>nos</strong></span> <span class='ocrx_word' id='word_1_65' title='bbox 1774 1030 2044 1101; x_wconf 80' lang='lat' dir='ltr'><strong>separabit</strong></span> <span class='ocrx_word' id='word_1_66' title='bbox 2093 1049 2125 1085; x_wconf 92' lang='lat' dir='ltr'><strong>a</strong></span> 
     </span>
    </p>
   </div>
   <div class='ocr_carea' id='block_1_11' title="bbox 531 1123 2127 1194">
    <p class='ocr_par' dir='ltr' id='par_1_11' title="bbox 531 1123 2127 1194">
     <span class='ocr_line' id='line_1_11' title="bbox 531 1123 2127 1194; baseline -0.003 -14"><span class='ocrx_word' id='word_1_67' title='bbox 531 1127 792 1182; x_wconf 79' lang='lat' dir='ltr'><strong>charitote</strong></span> <span class='ocrx_word' id='word_1_68' title='bbox 827 1125 1064 1181; x_wconf 76' lang='lat' dir='ltr'><strong>Christi?</strong></span> <span class='ocrx_word' id='word_1_69' title='bbox 1107 1124 1385 1178; x_wconf 81' lang='lat' dir='ltr'><strong>tribulatio</strong></span> <span class='ocrx_word' id='word_1_70' title='bbox 1406 1165 1420 1188; x_wconf 97' lang='lat'><strong>,</strong></span> <span class='ocrx_word' id='word_1_71' title='bbox 1465 1141 1536 1178; x_wconf 88' lang='lat' dir='ltr'><strong>an</strong></span> <span class='ocrx_word' id='word_1_72' title='bbox 1581 1123 1886 1194; x_wconf 69' lang='lat' dir='ltr'><strong>angustiae?</strong></span> <span class='ocrx_word' id='word_1_73' title='bbox 1917 1131 1973 1176; x_wconf 88' lang='lat' dir='ltr'><strong>et</strong></span> <span class='ocrx_word' id='word_1_74' title='bbox 2003 1137 2127 1192; x_wconf 67' lang='lat' dir='ltr'><strong>quae</strong></span> 
     </span>
    </p>
   </div>
   <div class='ocr_carea' id='block_1_12' title="bbox 536 1215 2122 1288">
    <p class='ocr_par' dir='ltr' id='par_1_12' title="bbox 536 1215 2122 1288">
     <span class='ocr_line' id='line_1_12' title="bbox 536 1215 2122 1288; baseline -0.003 -14"><span class='ocrx_word' id='word_1_75' title='bbox 536 1228 853 1288; x_wconf 82' lang='lat' dir='ltr'><strong>sequuntur</strong></span> <span class='ocrx_word' id='word_1_76' title='bbox 880 1216 952 1272; x_wconf 78' lang='lat'><strong>“.</strong></span> <span class='ocrx_word' id='word_1_77' title='bbox 1006 1218 1076 1272; x_wconf 79' lang='lat' dir='ltr'><strong>Et</strong></span> <span class='ocrx_word' id='word_1_78' title='bbox 1123 1226 1248 1288; x_wconf 92' lang='lat' dir='ltr'><strong>post</strong></span> <span class='ocrx_word' id='word_1_79' title='bbox 1299 1233 1473 1288; x_wconf 90' lang='lat' dir='ltr'><strong>pauca</strong></span> <span class='ocrx_word' id='word_1_80' title='bbox 1510 1233 1524 1271; x_wconf 90' lang='lat'><strong>:</strong></span> <span class='ocrx_word' id='word_1_81' title='bbox 1559 1215 1745 1271; x_wconf 89' lang='lat' dir='ltr'><strong>Certus</strong></span> <span class='ocrx_word' id='word_1_82' title='bbox 1795 1233 1912 1270; x_wconf 89' lang='lat' dir='ltr'><strong>sum</strong></span> <span class='ocrx_word' id='word_1_83' title='bbox 1960 1217 2122 1280; x_wconf 89' lang='lat' dir='ltr'><strong>enim,</strong></span> 
     </span>
    </p>
   </div>
   <div class='ocr_carea' id='block_1_13' title="bbox 532 1307 2121 1382">
    <p class='ocr_par' dir='ltr' id='par_1_13' title="bbox 532 1307 2121 1382">
     <span class='ocr_line' id='line_1_13' title="bbox 532 1307 2121 1382; baseline -0.001 -18"><span class='ocrx_word' id='word_1_84' title='bbox 532 1313 660 1382; x_wconf 85' lang='lat' dir='ltr'><strong>quia</strong></span> <span class='ocrx_word' id='word_1_85' title='bbox 721 1326 887 1381; x_wconf 87' lang='lat' dir='ltr'><strong>neque</strong></span> <span class='ocrx_word' id='word_1_86' title='bbox 950 1327 1126 1376; x_wconf 87' lang='lat' dir='ltr'><strong>mors,</strong></span> <span class='ocrx_word' id='word_1_87' title='bbox 1178 1326 1344 1381; x_wconf 87' lang='lat' dir='ltr'><strong>neque</strong></span> <span class='ocrx_word' id='word_1_88' title='bbox 1399 1311 1544 1374; x_wconf 85' lang='lat' dir='ltr'><strong>vita,</strong></span> <span class='ocrx_word' id='word_1_89' title='bbox 1612 1325 1778 1380; x_wconf 84' lang='lat' dir='ltr'><strong>neque</strong></span> <span class='ocrx_word' id='word_1_90' title='bbox 1847 1307 2024 1379; x_wconf 81' lang='lat' dir='ltr'><strong>angeli</strong></span> <span class='ocrx_word' id='word_1_91' title='bbox 2055 1309 2121 1364; x_wconf 67' lang='grc' dir='ltr'><strong>δ’,</strong></span> 
     </span>
    </p>
   </div>
   <div class='ocr_carea' id='block_1_14' title="bbox 533 1400 2122 1470">
    <p class='ocr_par' dir='ltr' id='par_1_14' title="bbox 533 1400 2122 1470">
     <span class='ocr_line' id='line_1_14' title="bbox 533 1400 2122 1470; baseline -0.003 -14"><span class='ocrx_word' id='word_1_92' title='bbox 533 1401 602 1456; x_wconf 86' lang='grc' dir='ltr'>Ει</span> <span class='ocrx_word' id='word_1_93' title='bbox 652 1401 853 1455; x_wconf 86' lang='lat' dir='ltr'><strong>iterum</strong></span> <span class='ocrx_word' id='word_1_94' title='bbox 903 1418 916 1455; x_wconf 93' lang='lat'><strong>:</strong></span> <span class='ocrx_word' id='word_1_95' title='bbox 965 1400 1030 1456; x_wconf 84' lang='lat' dir='ltr'><strong>In</strong></span> <span class='ocrx_word' id='word_1_96' title='bbox 1090 1401 1334 1454; x_wconf 88' lang='lat' dir='ltr'><strong>omnibus</strong></span> <span class='ocrx_word' id='word_1_97' title='bbox 1393 1400 1792 1454; x_wconf 83' lang='lat' dir='ltr'><strong>tribulationem</strong></span> <span class='ocrx_word' id='word_1_98' title='bbox 1851 1400 2122 1470; x_wconf 82' lang='lat' dir='ltr'><strong>patimur,</strong></span> 
     </span>
    </p>
   </div>
   <div class='ocr_carea' id='block_1_15' title="bbox 530 1488 2123 1563">
    <p class='ocr_par' dir='ltr' id='par_1_15' title="bbox 530 1488 2123 1563">
     <span class='ocr_line' id='line_1_15' title="bbox 530 1488 2123 1563; baseline -0.003 -17"><span class='ocrx_word' id='word_1_99' title='bbox 530 1491 625 1546; x_wconf 80' lang='lat' dir='ltr'><strong>sed</strong></span> <span class='ocrx_word' id='word_1_100' title='bbox 673 1508 778 1545; x_wconf 86' lang='lat' dir='ltr'><strong>non</strong></span> <span class='ocrx_word' id='word_1_101' title='bbox 829 1492 1236 1563; x_wconf 87' lang='lat' dir='ltr'><strong>angustiamur;</strong></span> <span class='ocrx_word' id='word_1_102' title='bbox 1297 1491 1635 1562; x_wconf 88' lang='lat' dir='ltr'><strong>aporiamur,</strong></span> <span class='ocrx_word' id='word_1_103' title='bbox 1678 1488 1768 1543; x_wconf 85' lang='lat' dir='ltr'><strong>sed</strong></span> <span class='ocrx_word' id='word_1_104' title='bbox 1804 1505 1910 1543; x_wconf 90' lang='lat' dir='ltr'><strong>non</strong></span> <span class='ocrx_word' id='word_1_105' title='bbox 1960 1489 2123 1543; x_wconf 85' lang='lat' dir='ltr'><strong>desti-</strong></span> 
     </span>
    </p>
   </div>
   <div class='ocr_carea' id='block_1_16' title="bbox 534 1581 2123 1655">
    <p class='ocr_par' dir='ltr' id='par_1_16' title="bbox 534 1581 2123 1655">
     <span class='ocr_line' id='line_1_16' title="bbox 534 1581 2123 1655; baseline -0.001 -20"><span class='ocrx_word' id='word_1_106' title='bbox 534 1585 768 1652; x_wconf 87' lang='lat' dir='ltr'><strong>tuimur;</strong></span> <span class='ocrx_word' id='word_1_107' title='bbox 840 1585 1256 1655; x_wconf 81' lang='lat' dir='ltr'><strong>persecutionem</strong></span> <span class='ocrx_word' id='word_1_108' title='bbox 1323 1583 1583 1653; x_wconf 84' lang='lat' dir='ltr'><strong>patimur,</strong></span> <span class='ocrx_word' id='word_1_109' title='bbox 1644 1581 1736 1636; x_wconf 90' lang='lat' dir='ltr'><strong>sed</strong></span> <span class='ocrx_word' id='word_1_110' title='bbox 1795 1597 1902 1635; x_wconf 88' lang='lat' dir='ltr'><strong>non</strong></span> <span class='ocrx_word' id='word_1_111' title='bbox 1967 1581 2123 1634; x_wconf 85' lang='lat' dir='ltr'><strong>dere-</strong></span> 
     </span>
    </p>
   </div>
   <div class='ocr_carea' id='block_1_17' title="bbox 533 1672 2124 1747">
    <p class='ocr_par' dir='ltr' id='par_1_17' title="bbox 533 1672 2124 1747">
     <span class='ocr_line' id='line_1_17' title="bbox 533 1672 2124 1747; baseline -0.003 -17"><span class='ocrx_word' id='word_1_112' title='bbox 533 1676 862 1747; x_wconf 86' lang='lat' dir='ltr'><strong>linquimur;</strong></span> <span class='ocrx_word' id='word_1_113' title='bbox 929 1677 1245 1747; x_wconf 85' lang='lat' dir='ltr'><strong>dejicimur,</strong></span> <span class='ocrx_word' id='word_1_114' title='bbox 1297 1675 1391 1730; x_wconf 90' lang='lat' dir='ltr'><strong>sed</strong></span> <span class='ocrx_word' id='word_1_115' title='bbox 1447 1692 1550 1728; x_wconf 88' lang='lat' dir='ltr'><strong>non</strong></span> <span class='ocrx_word' id='word_1_116' title='bbox 1603 1675 1856 1746; x_wconf 88' lang='lat' dir='ltr'><strong>perimus.</strong></span> <span class='ocrx_word' id='word_1_117' title='bbox 1902 1672 2124 1744; x_wconf 79' lang='lat' dir='ltr'><strong>Semper</strong></span> 
     </span>
    </p>
   </div>
   <div class='ocr_carea' id='block_1_18' title="bbox 531 1767 2120 1840">
    <p class='ocr_par' dir='ltr' id='par_1_18' title="bbox 531 1767 2120 1840">
     <span class='ocr_line' id='line_1_18' title="bbox 531 1767 2120 1840; baseline -0.004 -16"><span class='ocrx_word' id='word_1_118' title='bbox 531 1769 993 1838; x_wconf 76' lang='lat' dir='ltr'><strong>mortiﬁcationem</strong></span> <span class='ocrx_word' id='word_1_119' title='bbox 1032 1768 1198 1840; x_wconf 80' lang='lat'><strong>379</strong></span> <span class='ocrx_word' id='word_1_120' title='bbox 1237 1768 1450 1822; x_wconf 85' lang='lat' dir='ltr'><strong>Domini</strong></span> <span class='ocrx_word' id='word_1_121' title='bbox 1486 1767 1611 1821; x_wconf 71' lang='lat' dir='ltr'><strong>Iesu</strong></span> <span class='ocrx_word' id='word_1_122' title='bbox 1652 1768 1709 1820; x_wconf 90' lang='lat' dir='ltr'><strong>in</strong></span> <span class='ocrx_word' id='word_1_123' title='bbox 1754 1779 1976 1836; x_wconf 86' lang='lat' dir='ltr'><strong>corpore</strong></span> <span class='ocrx_word' id='word_1_124' title='bbox 2012 1767 2120 1819; x_wconf 89' lang='lat' dir='ltr'><strong>cir-</strong></span> 
     </span>
    </p>
   </div>
   <div class='ocr_carea' id='block_1_19' title="bbox 2230 567 3807 641">
    <p class='ocr_par' dir='ltr' id='par_1_19' title="bbox 2230 567 3807 641">
     <span class='ocr_line' id='line_1_19' title="bbox 2230 567 3807 641; baseline -0.004 -15"><span class='ocrx_word' id='word_1_125' title='bbox 2230 573 2327 626; x_wconf 83' lang='grc' dir='ltr'>καὶ</span> <span class='ocrx_word' id='word_1_126' title='bbox 2346 571 2706 634; x_wconf 78' lang='grc' dir='ltr'><strong>ἀδιαλείπτως</strong></span> <span class='ocrx_word' id='word_1_127' title='bbox 2749 567 3115 641; x_wconf 78' lang='grc' dir='ltr'>προσηύχετο.</span> <span class='ocrx_word' id='word_1_128' title='bbox 3159 567 3538 632; x_wconf 74' lang='grc' dir='ltr'>Ἀδιάλειπτος</span> <span class='ocrx_word' id='word_1_129' title='bbox 3556 569 3670 641; x_wconf 63' lang='grc' dir='ltr'>γάρ</span> <span class='ocrx_word' id='word_1_130' title='bbox 3697 571 3807 626; x_wconf 65' lang='lat' dir='ltr'><strong>an:</strong></span> 
     </span>
    </p>
   </div>
   <div class='ocr_carea' id='block_1_20' title="bbox 2229 660 3811 736">
    <p class='ocr_par' dir='ltr' id='par_1_20' title="bbox 2229 660 3811 736">
     <span class='ocr_line' id='line_1_20' title="bbox 2229 660 3811 736; baseline 0.001 -19"><span class='ocrx_word' id='word_1_131' title='bbox 2229 663 2530 736; x_wconf 78' lang='grc' dir='ltr'><strong>προσευχὴ,</strong></span> <span class='ocrx_word' id='word_1_132' title='bbox 2570 663 2635 717; x_wconf 79' lang='grc' dir='ltr'>τὸ</span> <span class='ocrx_word' id='word_1_133' title='bbox 2659 663 2750 718; x_wconf 73' lang='grc' dir='ltr'><strong>τὸν</strong></span> <span class='ocrx_word' id='word_1_134' title='bbox 2778 662 2904 717; x_wconf 91' lang='grc' dir='ltr'>νοῦν</span> <span class='ocrx_word' id='word_1_135' title='bbox 2936 661 3084 733; x_wconf 66' lang='grc' dir='ltr'>ἔχειν</span> <span class='ocrx_word' id='word_1_136' title='bbox 3109 663 3176 715; x_wconf 74' lang='grc' dir='ltr'>ἑν</span> <span class='ocrx_word' id='word_1_137' title='bbox 3202 660 3460 732; x_wconf 72' lang='grc' dir='ltr'>εὐλαϐείᾳ</span> <span class='ocrx_word' id='word_1_138' title='bbox 3489 661 3667 734; x_wconf 75' lang='grc' dir='ltr'>πολλῇ</span> <span class='ocrx_word' id='word_1_139' title='bbox 3717 664 3811 718; x_wconf 69' lang='grc' dir='ltr'><strong>ιιι</strong></span> 
     </span>
    </p>
   </div>
   <div class='ocr_carea' id='block_1_21' title="bbox 2229 751 3806 826">
    <p class='ocr_par' dir='ltr' id='par_1_21' title="bbox 2229 751 3806 826">
     <span class='ocr_line' id='line_1_21' title="bbox 2229 751 3806 826; baseline 0.001 -19"><span class='ocrx_word' id='word_1_140' title='bbox 2229 754 2380 825; x_wconf 84' lang='grc' dir='ltr'>πόθῳ</span> <span class='ocrx_word' id='word_1_141' title='bbox 2409 752 2806 826; x_wconf 78' lang='grc' dir='ltr'><strong>προσκείμενον</strong></span> <span class='ocrx_word' id='word_1_142' title='bbox 2827 751 2906 824; x_wconf 83' lang='grc' dir='ltr'>τῷ</span> <span class='ocrx_word' id='word_1_143' title='bbox 2943 751 3085 823; x_wconf 85' lang='grc' dir='ltr'>Θεῷ,</span> <span class='ocrx_word' id='word_1_144' title='bbox 3117 751 3214 805; x_wconf 73' lang='grc' dir='ltr'><strong>καὶ</strong></span> <span class='ocrx_word' id='word_1_145' title='bbox 3258 751 3358 822; x_wconf 81' lang='grc' dir='ltr'><strong>τῆς</strong></span> <span class='ocrx_word' id='word_1_146' title='bbox 3405 751 3623 815; x_wconf 71' lang='grc' dir='ltr'>ἐλπίδος</span> <span class='ocrx_word' id='word_1_147' title='bbox 3647 752 3806 808; x_wconf 73' lang='grc' dir='ltr'>αὑτοῦ</span> 
     </span>
    </p>
   </div>
   <div class='ocr_carea' id='block_1_22' title="bbox 2228 842 3802 917">
    <p class='ocr_par' dir='ltr' id='par_1_22' title="bbox 2228 842 3802 917">
     <span class='ocr_line' id='line_1_22' title="bbox 2228 842 3802 917; baseline -0.003 -15"><span class='ocrx_word' id='word_1_148' title='bbox 2228 846 2317 902; x_wconf 75' lang='grc' dir='ltr'><strong>ἀεὶ</strong></span> <span class='ocrx_word' id='word_1_149' title='bbox 2369 843 2792 917; x_wconf 83' lang='grc' dir='ltr'>ἀποκρέμασθαι</span> <span class='ocrx_word' id='word_1_150' title='bbox 2814 859 2829 875; x_wconf 83' lang='grc'><em>’</em></span> <span class='ocrx_word' id='word_1_151' title='bbox 2866 845 2964 898; x_wconf 76' lang='grc' dir='ltr'>καὶ</span> <span class='ocrx_word' id='word_1_152' title='bbox 2991 845 3074 908; x_wconf 82' lang='grc' dir='ltr'><strong>είς</strong></span> <span class='ocrx_word' id='word_1_153' title='bbox 3103 842 3266 897; x_wconf 76' lang='grc' dir='ltr'>αὑτὸν</span> <span class='ocrx_word' id='word_1_154' title='bbox 3309 842 3537 915; x_wconf 73' lang='grc' dir='ltr'>θαρρἒν</span> <span class='ocrx_word' id='word_1_155' title='bbox 3564 845 3624 896; x_wconf 69' lang='grc' dir='ltr'>ιν</span> <span class='ocrx_word' id='word_1_156' title='bbox 3653 846 3802 910; x_wconf 71' lang='grc' dir='ltr'>πᾶσι,</span> 
     </span>
    </p>
   </div>
   <div class='ocr_carea' id='block_1_23' title="bbox 2226 933 3806 1010">
    <p class='ocr_par' dir='ltr' id='par_1_23' title="bbox 2226 933 3806 1010">
     <span class='ocr_line' id='line_1_23' title="bbox 2226 933 3806 1010; baseline -0.004 -18"><span class='ocrx_word' id='word_1_157' title='bbox 2226 941 2340 1003; x_wconf 84' lang='grc' dir='ltr'>τοῖς</span> <span class='ocrx_word' id='word_1_158' title='bbox 2375 955 2437 992; x_wconf 80' lang='grc' dir='ltr'><strong>τε</strong></span> <span class='ocrx_word' id='word_1_159' title='bbox 2473 937 2659 1010; x_wconf 78' lang='grc' dir='ltr'><strong>ἔργοις</strong></span> <span class='ocrx_word' id='word_1_160' title='bbox 2688 937 2782 991; x_wconf 78' lang='grc' dir='ltr'>καὶ</span> <span class='ocrx_word' id='word_1_161' title='bbox 2811 938 2923 1000; x_wconf 78' lang='grc' dir='ltr'>τοῖς</span> <span class='ocrx_word' id='word_1_162' title='bbox 2959 934 3370 1006; x_wconf 75' lang='grc' dir='ltr'>συμϐαίνουσιν.</span> <span class='ocrx_word' id='word_1_163' title='bbox 3395 933 3586 996; x_wconf 80' lang='grc' dir='ltr'>Οῦτως</span> <span class='ocrx_word' id='word_1_164' title='bbox 3606 935 3806 990; x_wconf 75' lang='grc' dir='ltr'>διακεί-</span> 
     </span>
    </p>
   </div>
   <div class='ocr_carea' id='block_1_24' title="bbox 2231 1025 3809 1102">
    <p class='ocr_par' dir='ltr' id='par_1_24' title="bbox 2231 1025 3809 1102">
     <span class='ocr_line' id='line_1_24' title="bbox 2231 1025 3809 1102; baseline -0.004 -18"><span class='ocrx_word' id='word_1_165' title='bbox 2231 1047 2394 1102; x_wconf 82' lang='grc' dir='ltr'>μενος</span> <span class='ocrx_word' id='word_1_166' title='bbox 2421 1030 2451 1082; x_wconf 84' lang='grc' dir='ltr'><strong>δ</strong></span> <span class='ocrx_word' id='word_1_167' title='bbox 2501 1029 2845 1092; x_wconf 77' lang='grc' dir='ltr'>’Λπόστολος,</span> <span class='ocrx_word' id='word_1_168' title='bbox 2883 1026 3036 1095; x_wconf 72' lang='grc' dir='ltr'>ἔλεγε</span> <span class='ocrx_word' id='word_1_169' title='bbox 3059 1043 3076 1058; x_wconf 73' lang='grc' dir='ltr'>σ</span> <span class='ocrx_word' id='word_1_170' title='bbox 3119 1027 3217 1092; x_wconf 75' lang='grc' dir='ltr'>Τίς</span> <span class='ocrx_word' id='word_1_171' title='bbox 3237 1025 3398 1096; x_wconf 72' lang='grc' dir='ltr'>ἡμᾶς</span> <span class='ocrx_word' id='word_1_172' title='bbox 3425 1027 3674 1093; x_wconf 76' lang='grc' dir='ltr'><strong>χωρίσει</strong></span> <span class='ocrx_word' id='word_1_173' title='bbox 3696 1026 3809 1079; x_wconf 74' lang='grc' dir='ltr'>ἀπὸ</span> 
     </span>
    </p>
   </div>
   <div class='ocr_carea' id='block_1_25' title="bbox 2227 1117 3808 1193">
    <p class='ocr_par' dir='ltr' id='par_1_25' title="bbox 2227 1117 3808 1193">
     <span class='ocr_line' id='line_1_25' title="bbox 2227 1117 3808 1193; baseline -0.004 -18"><span class='ocrx_word' id='word_1_174' title='bbox 2227 1121 2332 1190; x_wconf 76' lang='grc' dir='ltr'>τῆς</span> <span class='ocrx_word' id='word_1_175' title='bbox 2357 1121 2597 1193; x_wconf 77' lang='grc' dir='ltr'><strong>ἀγάπης</strong></span> <span class='ocrx_word' id='word_1_176' title='bbox 2626 1121 2734 1176; x_wconf 90' lang='grc' dir='ltr'><strong>τοῦ</strong></span> <span class='ocrx_word' id='word_1_177' title='bbox 2753 1121 3013 1190; x_wconf 82' lang='grc' dir='ltr'><strong>Χριστοῦ</strong></span> <span class='ocrx_word' id='word_1_178' title='bbox 3036 1135 3048 1148; x_wconf 83' lang='lat'><strong><em>°</em></strong></span> <span class='ocrx_word' id='word_1_179' title='bbox 3073 1121 3319 1188; x_wconf 70' lang='grc' dir='ltr'>θλίψις-ς</span> <span class='ocrx_word' id='word_1_180' title='bbox 3348 1117 3388 1186; x_wconf 81' lang='grc' dir='ltr'>ἢ</span> <span class='ocrx_word' id='word_1_181' title='bbox 3410 1119 3808 1186; x_wconf 55' lang='grc' dir='ltr'>στενοχωρία</span> 
     </span>
    </p>
   </div>
   <div class='ocr_carea' id='block_1_26' title="bbox 2226 1210 3810 1286">
    <p class='ocr_par' dir='ltr' id='par_1_26' title="bbox 2226 1210 3810 1286">
     <span class='ocr_line' id='line_1_26' title="bbox 2226 1210 3810 1286; baseline -0.004 -18"><span class='ocrx_word' id='word_1_182' title='bbox 2226 1215 2322 1268; x_wconf 80' lang='grc' dir='ltr'>καὶ</span> <span class='ocrx_word' id='word_1_183' title='bbox 2359 1215 2428 1269; x_wconf 88' lang='grc' dir='ltr'><strong>τά</strong></span> <span class='ocrx_word' id='word_1_184' title='bbox 2467 1215 2615 1286; x_wconf 79' lang='grc' dir='ltr'>ἑξῆς.</span> <span class='ocrx_word' id='word_1_185' title='bbox 2654 1216 2767 1269; x_wconf 91' lang='lat' dir='ltr'><strong>Kal.</strong></span> <span class='ocrx_word' id='word_1_186' title='bbox 2798 1215 2914 1285; x_wconf 82' lang='grc' dir='ltr'>μετ’</span> <span class='ocrx_word' id='word_1_187' title='bbox 2951 1214 3142 1282; x_wconf 69' lang='grc' dir='ltr'>ὀλίγα*</span> <span class='ocrx_word' id='word_1_188' title='bbox 3177 1211 3513 1280; x_wconf 78' lang='grc' dir='ltr'>Πέπεισμαι</span> <span class='ocrx_word' id='word_1_189' title='bbox 3563 1210 3700 1279; x_wconf 81' lang='grc' dir='ltr'>τὰρ,</span> <span class='ocrx_word' id='word_1_190' title='bbox 3727 1210 3810 1262; x_wconf 80' lang='grc' dir='ltr'>ὅτι</span> 
     </span>
    </p>
   </div>
   <div class='ocr_carea' id='block_1_27' title="bbox 2225 1303 3807 1375">
    <p class='ocr_par' dir='ltr' id='par_1_27' title="bbox 2225 1303 3807 1375">
     <span class='ocr_line' id='line_1_27' title="bbox 2225 1303 3807 1375; baseline -0.003 -14"><span class='ocrx_word' id='word_1_191' title='bbox 2225 1308 2364 1361; x_wconf 85' lang='grc' dir='ltr'>οὔτε</span> <span class='ocrx_word' id='word_1_192' title='bbox 2385 1306 2666 1373; x_wconf 82' lang='grc' dir='ltr'>θάνατος,</span> <span class='ocrx_word' id='word_1_193' title='bbox 2700 1308 2843 1362; x_wconf 83' lang='grc' dir='ltr'>οὔτε</span> <span class='ocrx_word' id='word_1_194' title='bbox 2869 1305 3003 1375; x_wconf 77' lang='grc' dir='ltr'>ζωὴ,</span> <span class='ocrx_word' id='word_1_195' title='bbox 3025 1306 3165 1360; x_wconf 80' lang='grc' dir='ltr'>οὔτε</span> <span class='ocrx_word' id='word_1_196' title='bbox 3192 1305 3463 1374; x_wconf 69' lang='grc' dir='ltr'>ἄγγελοι.</span> <span class='ocrx_word' id='word_1_197' title='bbox 3491 1303 3604 1357; x_wconf 73' lang='grc' dir='ltr'><strong>Καὶ</strong></span> <span class='ocrx_word' id='word_1_198' title='bbox 3625 1303 3807 1356; x_wconf 71' lang='grc' dir='ltr'>πάλιν·</span> 
     </span>
    </p>
   </div>
   <div class='ocr_carea' id='block_1_28' title="bbox 2237 1396 3810 1469">
    <p class='ocr_par' dir='ltr' id='par_1_28' title="bbox 2237 1396 3810 1469">
     <span class='ocr_line' id='line_1_28' title="bbox 2237 1396 3810 1469; baseline -0.002 -18"><span class='ocrx_word' id='word_1_199' title='bbox 2237 1399 2336 1452; x_wconf 84' lang='grc' dir='ltr'>Ἐν</span> <span class='ocrx_word' id='word_1_200' title='bbox 2392 1398 2578 1453; x_wconf 77' lang='grc' dir='ltr'>παντὶ</span> <span class='ocrx_word' id='word_1_201' title='bbox 2610 1399 2972 1469; x_wconf 79' lang='grc' dir='ltr'>θλιϐόμενοι,</span> <span class='ocrx_word' id='word_1_202' title='bbox 2998 1397 3099 1452; x_wconf 75' lang='grc' dir='ltr'>καὶ</span> <span class='ocrx_word' id='word_1_203' title='bbox 3125 1399 3198 1451; x_wconf 87' lang='grc' dir='ltr'>οὐ</span> <span class='ocrx_word' id='word_1_204' title='bbox 3240 1396 3810 1464; x_wconf 72' lang='grc' dir='ltr'>στενοχωρούμενοιο</span> 
     </span>
    </p>
   </div>
   <div class='ocr_carea' id='block_1_29' title="bbox 2223 1485 3814 1561">
    <p class='ocr_par' dir='ltr' id='par_1_29' title="bbox 2223 1485 3814 1561">
     <span class='ocr_line' id='line_1_29' title="bbox 2223 1485 3814 1561; baseline -0.004 -16"><span class='ocrx_word' id='word_1_205' title='bbox 2223 1491 2643 1561; x_wconf 76' lang='grc' dir='ltr'>ἀπορούμενοι,</span> <span class='ocrx_word' id='word_1_206' title='bbox 2682 1491 2782 1544; x_wconf 80' lang='grc' dir='ltr'>καὶ</span> <span class='ocrx_word' id='word_1_207' title='bbox 2823 1490 2936 1543; x_wconf 87' lang='grc' dir='ltr'>οὐκ</span> <span class='ocrx_word' id='word_1_208' title='bbox 2984 1488 3456 1557; x_wconf 75' lang='grc' dir='ltr'><strong>ἐξαπορούμενοι</strong></span> <span class='ocrx_word' id='word_1_209' title='bbox 3479 1503 3495 1516; x_wconf 89' lang='grc'><strong>·</strong></span> <span class='ocrx_word' id='word_1_210' title='bbox 3540 1485 3814 1556; x_wconf 77' lang='grc' dir='ltr'>διωκόμε-</span> 
     </span>
    </p>
   </div>
   <div class='ocr_carea' id='block_1_30' title="bbox 2223 1579 3810 1650">
    <p class='ocr_par' dir='ltr' id='par_1_30' title="bbox 2223 1579 3810 1650">
     <span class='ocr_line' id='line_1_30' title="bbox 2223 1579 3810 1650; baseline -0.002 -16"><span class='ocrx_word' id='word_1_211' title='bbox 2223 1597 2338 1645; x_wconf 87' lang='grc' dir='ltr'>νοι,</span> <span class='ocrx_word' id='word_1_212' title='bbox 2377 1581 2518 1636; x_wconf 79' lang='grc' dir='ltr'>ἀλλ’</span> <span class='ocrx_word' id='word_1_213' title='bbox 2569 1583 2642 1636; x_wconf 85' lang='grc' dir='ltr'>οὐ</span> <span class='ocrx_word' id='word_1_214' title='bbox 2686 1583 3308 1650; x_wconf 85' lang='grc' dir='ltr'>καταλιμπανόμενοι·</span> <span class='ocrx_word' id='word_1_215' title='bbox 3357 1579 3810 1647; x_wconf 76' lang='grc' dir='ltr'>καταϐαλλόμε-</span> 
     </span>
    </p>
   </div>
   <div class='ocr_carea' id='block_1_31' title="bbox 2223 1670 3811 1745">
    <p class='ocr_par' dir='ltr' id='par_1_31' title="bbox 2223 1670 3811 1745">
     <span class='ocr_line' id='line_1_31' title="bbox 2223 1670 3811 1745; baseline -0.002 -17"><span class='ocrx_word' id='word_1_216' title='bbox 2223 1691 2337 1739; x_wconf 83' lang='grc' dir='ltr'>νοι,</span> <span class='ocrx_word' id='word_1_217' title='bbox 2367 1675 2508 1730; x_wconf 75' lang='grc' dir='ltr'>ἀλλ’</span> <span class='ocrx_word' id='word_1_218' title='bbox 2542 1677 2654 1730; x_wconf 82' lang='grc' dir='ltr'>οὐκ</span> <span class='ocrx_word' id='word_1_219' title='bbox 2675 1676 3105 1745; x_wconf 73' lang='grc' dir='ltr'><strong>ἀπολλύμενοι.</strong></span> <span class='ocrx_word' id='word_1_220' title='bbox 3129 1673 3397 1728; x_wconf 80' lang='grc' dir='ltr'><strong>Πάντοτε</strong></span> <span class='ocrx_word' id='word_1_221' title='bbox 3429 1673 3548 1740; x_wconf 79' lang='grc' dir='ltr'>τὴν</span> <span class='ocrx_word' id='word_1_222' title='bbox 3592 1670 3811 1741; x_wconf 78' lang='grc' dir='ltr'>νέκρω-</span> 
     </span>
    </p>
   </div>
   <div class='ocr_carea' id='block_1_32' title="bbox 2223 1763 3811 1836">
    <p class='ocr_par' dir='ltr' id='par_1_32' title="bbox 2223 1763 3811 1836">
     <span class='ocr_line' id='line_1_32' title="bbox 2223 1763 3811 1836; baseline -0.001 -14"><span class='ocrx_word' id='word_1_223' title='bbox 2223 1785 2329 1822; x_wconf 85' lang='grc' dir='ltr'><strong>σιν</strong></span> <span class='ocrx_word' id='word_1_224' title='bbox 2356 1768 2465 1822; x_wconf 87' lang='grc' dir='ltr'><strong>τοῦ</strong></span> <span class='ocrx_word' id='word_1_225' title='bbox 2485 1769 2707 1836; x_wconf 84' lang='grc' dir='ltr'><strong>Κυρίου</strong></span> <span class='ocrx_word' id='word_1_226' title='bbox 2755 1767 2963 1836; x_wconf 89' lang='grc' dir='ltr'><strong>Ἰησοῦ</strong></span> <span class='ocrx_word' id='word_1_227' title='bbox 2988 1767 3060 1820; x_wconf 83' lang='grc' dir='ltr'>ἐν</span> <span class='ocrx_word' id='word_1_228' title='bbox 3087 1765 3170 1832; x_wconf 81' lang='grc' dir='ltr'>τῷ</span> <span class='ocrx_word' id='word_1_229' title='bbox 3190 1765 3422 1836; x_wconf 85' lang='grc' dir='ltr'>σώματι</span> <span class='ocrx_word' id='word_1_230' title='bbox 3459 1763 3811 1833; x_wconf 72' lang='grc' dir='ltr'>περιφέρον-</span> 
     </span>
    </p>
   </div>
   <div class='ocr_carea' id='block_1_33' title="bbox 530 1839 2121 1931">
    <p class='ocr_par' dir='ltr' id='par_1_33' title="bbox 530 1859 2120 1931">
     <span class='ocr_line' id='line_1_33' title="bbox 530 1859 2120 1931; baseline 0 -17"><span class='ocrx_word' id='word_1_231' title='bbox 530 1861 899 1931; x_wconf 76' lang='lat' dir='ltr'><strong>cumferentes,</strong></span> <span class='ocrx_word' id='word_1_232' title='bbox 927 1870 985 1916; x_wconf 88' lang='lat' dir='ltr'><strong>ut</strong></span> <span class='ocrx_word' id='word_1_233' title='bbox 1020 1871 1068 1916; x_wconf 88' lang='lat' dir='ltr'><strong>et</strong></span> <span class='ocrx_word' id='word_1_234' title='bbox 1101 1862 1210 1915; x_wconf 80' lang='lat' dir='ltr'><strong>vita</strong></span> <span class='ocrx_word' id='word_1_235' title='bbox 1251 1859 1377 1915; x_wconf 79' lang='lat' dir='ltr'><strong>Iesu</strong></span> <span class='ocrx_word' id='word_1_236' title='bbox 1417 1859 1785 1931; x_wconf 76' lang='lat' dir='ltr'><strong>manifestetur</strong></span> <span class='ocrx_word' id='word_1_237' title='bbox 1813 1861 1869 1914; x_wconf 88' lang='lat' dir='ltr'><strong>in</strong></span> <span class='ocrx_word' id='word_1_238' title='bbox 1902 1859 2120 1914; x_wconf 82' lang='lat' dir='ltr'><strong>mortali</strong></span> 
     </span>
    </p>
   </div>
   <div class='ocr_carea' id='block_1_34' title="bbox 2222 1839 3813 1931">
    <p class='ocr_par' dir='ltr' id='par_1_34' title="bbox 2222 1851 3813 1929">
     <span class='ocr_line' id='line_1_34' title="bbox 2222 1851 3813 1929; baseline -0.001 -17"><span class='ocrx_word' id='word_1_239' title='bbox 2222 1877 2340 1926; x_wconf 84' lang='grc' dir='ltr'>τες,</span> <span class='ocrx_word' id='word_1_240' title='bbox 2369 1861 2470 1914; x_wconf 79' lang='grc' dir='ltr'>ἵνα</span> <span class='ocrx_word' id='word_1_241' title='bbox 2507 1859 2606 1914; x_wconf 80' lang='grc' dir='ltr'>καὶ</span> <span class='ocrx_word' id='word_1_242' title='bbox 2626 1851 2678 1929; x_wconf 75' lang='grc' dir='ltr'><strong>’ἡ</strong></span> <span class='ocrx_word' id='word_1_243' title='bbox 2715 1856 2827 1929; x_wconf 78' lang='grc' dir='ltr'><strong>ζωὴ</strong></span> <span class='ocrx_word' id='word_1_244' title='bbox 2867 1859 2974 1915; x_wconf 87' lang='grc' dir='ltr'><strong>τοῦ</strong></span> <span class='ocrx_word' id='word_1_245' title='bbox 3017 1857 3224 1928; x_wconf 80' lang='grc' dir='ltr'>Ἰησοῦ</span> <span class='ocrx_word' id='word_1_246' title='bbox 3255 1855 3576 1928; x_wconf 69' lang='grc' dir='ltr'>φανερωθῇ</span> <span class='ocrx_word' id='word_1_247' title='bbox 3626 1858 3705 1910; x_wconf 77' lang='grc' dir='ltr'>ἐν</span> <span class='ocrx_word' id='word_1_248' title='bbox 3745 1855 3813 1925; x_wconf 76' lang='grc' dir='ltr'>τῇ</span> 
     </span>
    </p>
   </div>
   <div class='ocr_carea' id='block_1_35' title="bbox 529 1952 1006 2006">
    <p class='ocr_par' dir='ltr' id='par_1_35' title="bbox 529 1952 1006 2006">
     <span class='ocr_line' id='line_1_35' title="bbox 529 1952 1006 2006; baseline 0.002 -3"><span class='ocrx_word' id='word_1_249' title='bbox 529 1967 692 2006; x_wconf 85' lang='lat' dir='ltr'><strong>carne</strong></span> <span class='ocrx_word' id='word_1_250' title='bbox 724 1961 907 2004; x_wconf 88' lang='lat' dir='ltr'><strong>nostra</strong></span> <span class='ocrx_word' id='word_1_251' title='bbox 938 1952 1006 2004; x_wconf 76' lang='grc' dir='ltr'>⁸ο.</span> 
     </span>
    </p>
   </div>
   <div class='ocr_carea' id='block_1_36' title="bbox 597 2040 2117 2113">
    <p class='ocr_par' dir='ltr' id='par_1_36' title="bbox 597 2040 2117 2113">
     <span class='ocr_line' id='line_1_36' title="bbox 597 2040 2117 2113; baseline 0.002 -18"><span class='ocrx_word' id='word_1_252' title='bbox 597 2042 686 2097; x_wconf 78' lang='grc'><strong>26.</strong></span> <span class='ocrx_word' id='word_1_253' title='bbox 729 2042 787 2096; x_wconf 92' lang='lat' dir='ltr'><strong>ln</strong></span> <span class='ocrx_word' id='word_1_254' title='bbox 833 2042 982 2097; x_wconf 90' lang='lat' dir='ltr'><strong>hunc</strong></span> <span class='ocrx_word' id='word_1_255' title='bbox 1031 2041 1199 2113; x_wconf 79' lang='lat' dir='ltr'><strong>igitur</strong></span> <span class='ocrx_word' id='word_1_256' title='bbox 1250 2041 1474 2096; x_wconf 91' lang='lat' dir='ltr'><strong>modum</strong></span> <span class='ocrx_word' id='word_1_257' title='bbox 1523 2040 1752 2097; x_wconf 75' lang='lat' dir='ltr'><strong>allectus</strong></span> <span class='ocrx_word' id='word_1_258' title='bbox 1792 2042 2117 2112; x_wconf 81' lang='lat' dir='ltr'><strong>Apostolus,</strong></span> 
     </span>
    </p>
   </div>
   <div class='ocr_carea' id='block_1_37' title="bbox 529 2134 2120 2206">
    <p class='ocr_par' dir='ltr' id='par_1_37' title="bbox 529 2134 2120 2206">
     <span class='ocr_line' id='line_1_37' title="bbox 529 2134 2120 2206; baseline 0.001 -18"><span class='ocrx_word' id='word_1_259' title='bbox 529 2135 649 2191; x_wconf 90' lang='lat' dir='ltr'><strong>sine</strong></span> <span class='ocrx_word' id='word_1_260' title='bbox 691 2135 1104 2191; x_wconf 89' lang='lat' dir='ltr'><strong>intermissione</strong></span> <span class='ocrx_word' id='word_1_261' title='bbox 1139 2134 1361 2201; x_wconf 85' lang='lat' dir='ltr'><strong>orabat;</strong></span> <span class='ocrx_word' id='word_1_262' title='bbox 1404 2135 1500 2205; x_wconf 88' lang='lat' dir='ltr'><strong>qui</strong></span> <span class='ocrx_word' id='word_1_263' title='bbox 1542 2135 1600 2189; x_wconf 90' lang='lat' dir='ltr'><strong>in</strong></span> <span class='ocrx_word' id='word_1_264' title='bbox 1638 2135 1898 2190; x_wconf 90' lang='lat' dir='ltr'><strong>omnibus</strong></span> <span class='ocrx_word' id='word_1_265' title='bbox 1931 2137 2120 2206; x_wconf 91' lang='lat' dir='ltr'><strong>operi-</strong></span> 
     </span>
    </p>
   </div>
   <div class='ocr_carea' id='block_1_38' title="bbox 528 2225 2119 2296">
    <p class='ocr_par' dir='ltr' id='par_1_38' title="bbox 528 2225 2119 2296">
     <span class='ocr_line' id='line_1_38' title="bbox 528 2225 2119 2296; baseline 0.001 -16"><span class='ocrx_word' id='word_1_266' title='bbox 528 2225 653 2292; x_wconf 88' lang='lat' dir='ltr'><strong>bus,</strong></span> <span class='ocrx_word' id='word_1_267' title='bbox 695 2229 772 2282; x_wconf 90' lang='lat' dir='ltr'><strong>uti</strong></span> <span class='ocrx_word' id='word_1_268' title='bbox 809 2226 1018 2282; x_wconf 90' lang='lat' dir='ltr'><strong>dictum</strong></span> <span class='ocrx_word' id='word_1_269' title='bbox 1067 2234 1174 2293; x_wconf 90' lang='lat' dir='ltr'><strong>est,</strong></span> <span class='ocrx_word' id='word_1_270' title='bbox 1213 2240 1277 2280; x_wconf 92' lang='lat' dir='ltr'><strong>ac</strong></span> <span class='ocrx_word' id='word_1_271' title='bbox 1309 2225 1579 2296; x_wconf 90' lang='lat' dir='ltr'><strong>quidquid</strong></span> <span class='ocrx_word' id='word_1_272' title='bbox 1618 2225 1928 2292; x_wconf 90' lang='lat' dir='ltr'><strong>accidisset,</strong></span> <span class='ocrx_word' id='word_1_273' title='bbox 1956 2242 1988 2280; x_wconf 71' lang='grc' dir='ltr'><strong>ε</strong></span> <span class='ocrx_word' id='word_1_274' title='bbox 2021 2227 2119 2282; x_wconf 91' lang='lat' dir='ltr'><strong>Dei</strong></span> 
     </span>
    </p>
   </div>
   <div class='ocr_carea' id='block_1_39' title="bbox 527 2314 2122 2387">
    <p class='ocr_par' dir='ltr' id='par_1_39' title="bbox 527 2314 2122 2387">
     <span class='ocr_line' id='line_1_39' title="bbox 527 2314 2122 2387; baseline 0.002 -18"><span class='ocrx_word' id='word_1_275' title='bbox 527 2330 624 2386; x_wconf 90' lang='lat' dir='ltr'><strong>spe</strong></span> <span class='ocrx_word' id='word_1_276' title='bbox 657 2316 946 2387; x_wconf 88' lang='lat' dir='ltr'><strong>penderet.</strong></span> <span class='ocrx_word' id='word_1_277' title='bbox 985 2315 1119 2370; x_wconf 87' lang='lat' dir='ltr'><strong>Eam</strong></span> <span class='ocrx_word' id='word_1_278' title='bbox 1156 2314 1228 2370; x_wconf 90' lang='lat' dir='ltr'><strong>ob</strong></span> <span class='ocrx_word' id='word_1_279' title='bbox 1268 2329 1386 2369; x_wconf 91' lang='lat' dir='ltr'><strong>rem</strong></span> <span class='ocrx_word' id='word_1_280' title='bbox 1429 2315 1604 2370; x_wconf 88' lang='lat' dir='ltr'><strong>sancti</strong></span> <span class='ocrx_word' id='word_1_281' title='bbox 1643 2330 1834 2372; x_wconf 92' lang='lat' dir='ltr'><strong>omnes</strong></span> <span class='ocrx_word' id='word_1_282' title='bbox 1873 2316 2122 2372; x_wconf 89' lang='lat' dir='ltr'><strong>aﬁlictio—</strong></span> 
     </span>
    </p>
   </div>
   <div class='ocr_carea' id='block_1_40' title="bbox 527 2405 2122 2478">
    <p class='ocr_par' dir='ltr' id='par_1_40' title="bbox 527 2405 2122 2478">
     <span class='ocr_line' id='line_1_40' title="bbox 527 2405 2122 2478; baseline 0.002 -19"><span class='ocrx_word' id='word_1_283' title='bbox 527 2405 694 2461; x_wconf 89' lang='lat' dir='ltr'><strong>nibus</strong></span> <span class='ocrx_word' id='word_1_284' title='bbox 731 2415 898 2478; x_wconf 86' lang='lat' dir='ltr'><strong>atque</strong></span> <span class='ocrx_word' id='word_1_285' title='bbox 941 2405 1206 2461; x_wconf 74' lang='lat' dir='ltr'><strong>aerumnis</strong></span> <span class='ocrx_word' id='word_1_286' title='bbox 1236 2419 1454 2475; x_wconf 89' lang='lat' dir='ltr'><strong>semper</strong></span> <span class='ocrx_word' id='word_1_287' title='bbox 1488 2405 1821 2478; x_wconf 80' lang='lat' dir='ltr'><strong>gaudebant,</strong></span> <span class='ocrx_word' id='word_1_288' title='bbox 1857 2416 1920 2462; x_wconf 93' lang='lat' dir='ltr'><strong>ut</strong></span> <span class='ocrx_word' id='word_1_289' title='bbox 1950 2407 2004 2462; x_wconf 91' lang='lat' dir='ltr'><strong>in</strong></span> <span class='ocrx_word' id='word_1_290' title='bbox 2036 2407 2122 2462; x_wconf 89' lang='lat' dir='ltr'><strong>di-</strong></span> 
     </span>
    </p>
   </div>
   <div class='ocr_carea' id='block_1_41' title="bbox 527 2495 2119 2568">
    <p class='ocr_par' dir='ltr' id='par_1_41' title="bbox 527 2495 2119 2568">
     <span class='ocr_line' id='line_1_41' title="bbox 527 2495 2119 2568; baseline 0.004 -18"><span class='ocrx_word' id='word_1_291' title='bbox 527 2496 670 2552; x_wconf 80' lang='lat' dir='ltr'><strong>vinae</strong></span> <span class='ocrx_word' id='word_1_292' title='bbox 700 2497 987 2552; x_wconf 90' lang='lat' dir='ltr'><strong>cbaritatis</strong></span> <span class='ocrx_word' id='word_1_293' title='bbox 1016 2495 1267 2550; x_wconf 90' lang='lat' dir='ltr'><strong>habitum</strong></span> <span class='ocrx_word' id='word_1_294' title='bbox 1289 2510 1358 2550; x_wconf 81' lang='lat' dir='ltr'><strong>ex</strong></span> <span class='ocrx_word' id='word_1_295' title='bbox 1383 2497 1492 2552; x_wconf 90' lang='lat' dir='ltr'><strong>illis</strong></span> <span class='ocrx_word' id='word_1_296' title='bbox 1519 2497 1873 2568; x_wconf 91' lang='lat' dir='ltr'><strong>proﬁcerent.</strong></span> <span class='ocrx_word' id='word_1_297' title='bbox 1905 2499 2119 2556; x_wconf 83' lang='lat' dir='ltr'><strong>idcirco</strong></span> 
     </span>
    </p>
   </div>
   <div class='ocr_carea' id='block_1_42' title="bbox 528 2584 2119 2660">
    <p class='ocr_par' dir='ltr' id='par_1_42' title="bbox 528 2584 2119 2660">
     <span class='ocr_line' id='line_1_42' title="bbox 528 2584 2119 2660; baseline 0.001 -18"><span class='ocrx_word' id='word_1_298' title='bbox 528 2588 714 2642; x_wconf 88' lang='lat' dir='ltr'><strong>aiebat</strong></span> <span class='ocrx_word' id='word_1_299' title='bbox 759 2587 1056 2659; x_wconf 81' lang='lat' dir='ltr'><strong>Apostolus</strong></span> <span class='ocrx_word' id='word_1_300' title='bbox 1089 2602 1104 2641; x_wconf 88' lang='lat'><strong>:</strong></span> <span class='ocrx_word' id='word_1_301' title='bbox 1137 2584 1506 2641; x_wconf 87' lang='lat' dir='ltr'><strong>Libentissime</strong></span> <span class='ocrx_word' id='word_1_302' title='bbox 1545 2589 1712 2658; x_wconf 86' lang='lat' dir='ltr'><strong>igitur</strong></span> <span class='ocrx_word' id='word_1_303' title='bbox 1750 2588 2021 2660; x_wconf 88' lang='lat' dir='ltr'><strong>gloriabor</strong></span> <span class='ocrx_word' id='word_1_304' title='bbox 2063 2591 2119 2644; x_wconf 91' lang='lat' dir='ltr'><strong>in</strong></span> 
     </span>
    </p>
   </div>
   <div class='ocr_carea' id='block_1_43' title="bbox 528 2678 2115 2748">
    <p class='ocr_par' dir='ltr' id='par_1_43' title="bbox 528 2678 2115 2748">
     <span class='ocr_line' id='line_1_43' title="bbox 528 2678 2115 2748; baseline 0.003 -15"><span class='ocrx_word' id='word_1_305' title='bbox 528 2679 930 2748; x_wconf 79' lang='lat' dir='ltr'><strong>inﬁrmitatibus</strong></span> <span class='ocrx_word' id='word_1_306' title='bbox 952 2679 1102 2744; x_wconf 87' lang='lat' dir='ltr'><strong>meis,</strong></span> <span class='ocrx_word' id='word_1_307' title='bbox 1119 2685 1177 2731; x_wconf 87' lang='lat' dir='ltr'><strong>ut</strong></span> <span class='ocrx_word' id='word_1_308' title='bbox 1198 2678 1454 2732; x_wconf 83' lang='lat' dir='ltr'><strong>inhabitet</strong></span> <span class='ocrx_word' id='word_1_309' title='bbox 1470 2680 1524 2734; x_wconf 89' lang='lat' dir='ltr'><strong>in</strong></span> <span class='ocrx_word' id='word_1_310' title='bbox 1547 2697 1628 2734; x_wconf 89' lang='lat' dir='ltr'><strong>me</strong></span> <span class='ocrx_word' id='word_1_311' title='bbox 1643 2682 1811 2735; x_wconf 83' lang='lat' dir='ltr'><strong>virtus</strong></span> <span class='ocrx_word' id='word_1_312' title='bbox 1835 2680 2032 2737; x_wconf 85' lang='lat' dir='ltr'><strong>Christi</strong></span> <span class='ocrx_word' id='word_1_313' title='bbox 2048 2683 2115 2738; x_wconf 82' lang='grc'>⁸⁸.</span> 
     </span>
    </p>
   </div>
   <div class='ocr_carea' id='block_1_44' title="bbox 530 2767 2119 2845">
    <p class='ocr_par' dir='ltr' id='par_1_44' title="bbox 530 2767 2119 2845">
     <span class='ocr_line' id='line_1_44' title="bbox 530 2767 2119 2845; baseline 0.003 -20"><span class='ocrx_word' id='word_1_314' title='bbox 530 2771 836 2842; x_wconf 88' lang='lat' dir='ltr'><strong>Paucisque</strong></span> <span class='ocrx_word' id='word_1_315' title='bbox 881 2769 1231 2843; x_wconf 75' lang='lat' dir='ltr'><strong>interiectis:</strong></span> <span class='ocrx_word' id='word_1_316' title='bbox 1261 2767 1395 2827; x_wconf 87' lang='lat' dir='ltr'><strong>Cum</strong></span> <span class='ocrx_word' id='word_1_317' title='bbox 1444 2771 1712 2841; x_wconf 77' lang='lat' dir='ltr'><strong>inﬁrmor,</strong></span> <span class='ocrx_word' id='word_1_318' title='bbox 1761 2781 1887 2827; x_wconf 89' lang='lat' dir='ltr'><strong>tunc</strong></span> <span class='ocrx_word' id='word_1_319' title='bbox 1935 2783 2119 2845; x_wconf 84' lang='lat' dir='ltr'><strong>potens</strong></span> 
     </span>
    </p>
   </div>
   <div class='ocr_carea' id='block_1_45' title="bbox 527 2861 2120 2936">
    <p class='ocr_par' dir='ltr' id='par_1_45' title="bbox 527 2861 2120 2936">
     <span class='ocr_line' id='line_1_45' title="bbox 527 2861 2120 2936; baseline 0.005 -21"><span class='ocrx_word' id='word_1_320' title='bbox 527 2877 647 2915; x_wconf 88' lang='lat' dir='ltr'><strong>sum</strong></span> <span class='ocrx_word' id='word_1_321' title='bbox 679 2862 743 2916; x_wconf 84' lang='grc'><strong>⁵¹.</strong></span> <span class='ocrx_word' id='word_1_322' title='bbox 787 2861 894 2918; x_wconf 89' lang='lat' dir='ltr'><strong>Sed</strong></span> <span class='ocrx_word' id='word_1_323' title='bbox 938 2881 1016 2920; x_wconf 66' lang='lat' dir='ltr'><strong>vae</strong></span> <span class='ocrx_word' id='word_1_324' title='bbox 1059 2867 1224 2923; x_wconf 91' lang='lat' dir='ltr'><strong>nobis</strong></span> <span class='ocrx_word' id='word_1_325' title='bbox 1263 2867 1502 2932; x_wconf 88' lang='lat' dir='ltr'><strong>miseris,</strong></span> <span class='ocrx_word' id='word_1_326' title='bbox 1531 2864 1678 2936; x_wconf 88' lang='lat' dir='ltr'><strong>quod</strong></span> <span class='ocrx_word' id='word_1_327' title='bbox 1721 2865 1911 2920; x_wconf 89' lang='lat' dir='ltr'><strong>relicta</strong></span> <span class='ocrx_word' id='word_1_328' title='bbox 1957 2866 2120 2923; x_wconf 89' lang='lat' dir='ltr'><strong>nobis</strong></span> 
     </span>
    </p>
   </div>
   <div class='ocr_carea' id='block_1_46' title="bbox 529 2956 2118 3031">
    <p class='ocr_par' dir='ltr' id='par_1_46' title="bbox 529 2956 2118 3031">
     <span class='ocr_line' id='line_1_46' title="bbox 529 2956 2118 3031; baseline 0.006 -25"><span class='ocrx_word' id='word_1_329' title='bbox 529 2962 848 3009; x_wconf 88' lang='lat' dir='ltr'><strong>sanctorum</strong></span> <span class='ocrx_word' id='word_1_330' title='bbox 871 2956 1094 3013; x_wconf 88' lang='lat' dir='ltr'><strong>Patrum</strong></span> <span class='ocrx_word' id='word_1_331' title='bbox 1119 2961 1263 3026; x_wconf 83' lang='lat' dir='ltr'><strong>vita;</strong></span> <span class='ocrx_word' id='word_1_332' title='bbox 1295 2959 1460 3031; x_wconf 89' lang='lat' dir='ltr'><strong>idque</strong></span> <span class='ocrx_word' id='word_1_333' title='bbox 1485 2958 1542 3015; x_wconf 87' lang='lat' dir='ltr'><strong>in</strong></span> <span class='ocrx_word' id='word_1_334' title='bbox 1563 2973 1728 3014; x_wconf 86' lang='lat' dir='ltr'><strong>causa</strong></span> <span class='ocrx_word' id='word_1_335' title='bbox 1751 2967 1856 3025; x_wconf 91' lang='lat' dir='ltr'><strong>est,</strong></span> <span class='ocrx_word' id='word_1_336' title='bbox 1883 2968 1945 3014; x_wconf 92' lang='lat' dir='ltr'><strong>ut</strong></span> <span class='ocrx_word' id='word_1_337' title='bbox 1967 2959 2118 3015; x_wconf 89' lang='lat' dir='ltr'><strong>omni</strong></span> 
     </span>
    </p>
   </div>
   <div class='ocr_carea' id='block_1_47' title="bbox 529 3044 1335 3117">
    <p class='ocr_par' dir='ltr' id='par_1_47' title="bbox 529 3044 1335 3117">
     <span class='ocr_line' id='line_1_47' title="bbox 529 3044 1335 3117; baseline 0.01 -19"><span class='ocrx_word' id='word_1_338' title='bbox 529 3044 764 3114; x_wconf 85' lang='lat' dir='ltr'><strong>spiritali</strong></span> <span class='ocrx_word' id='word_1_339' title='bbox 797 3061 965 3117; x_wconf 92' lang='lat' dir='ltr'><strong>opere</strong></span> <span class='ocrx_word' id='word_1_340' title='bbox 997 3049 1335 3107; x_wconf 89' lang='lat' dir='ltr'><strong>deﬁciamur.</strong></span> 
     </span>
    </p>
   </div>
   <div class='ocr_carea' id='block_1_48' title="bbox 597 3138 2186 3239">
    <p class='ocr_par' dir='ltr' id='par_1_48' title="bbox 597 3138 2186 3239">
     <span class='ocr_line' id='line_1_48' title="bbox 597 3138 2186 3239; baseline 0.005 -48"><span class='ocrx_word' id='word_1_341' title='bbox 597 3138 689 3191; x_wconf 80' lang='lat'><strong>27.</strong></span> <span class='ocrx_word' id='word_1_342' title='bbox 732 3138 800 3192; x_wconf 88' lang='lat' dir='ltr'><strong>Et</strong></span> <span class='ocrx_word' id='word_1_343' title='bbox 824 3139 964 3239; x_wconf 79' lang='lat' dir='ltr'><strong>dixit</strong></span> <span class='ocrx_word' id='word_1_344' title='bbox 996 3141 1168 3198; x_wconf 81' lang='lat' dir='ltr'><strong>frater</strong></span> <span class='ocrx_word' id='word_1_345' title='bbox 1205 3160 1218 3197; x_wconf 92' lang='lat'>:</span> <span class='ocrx_word' id='word_1_346' title='bbox 1249 3141 1393 3210; x_wconf 89' lang='lat' dir='ltr'><strong>Quid</strong></span> <span class='ocrx_word' id='word_1_347' title='bbox 1419 3157 1598 3199; x_wconf 73' lang='lat' dir='ltr'><strong>causae</strong></span> <span class='ocrx_word' id='word_1_348' title='bbox 1623 3151 1728 3209; x_wconf 90' lang='lat' dir='ltr'><strong>est,</strong></span> <span class='ocrx_word' id='word_1_349' title='bbox 1757 3143 1939 3210; x_wconf 89' lang='lat' dir='ltr'><strong>Pater,</strong></span> <span class='ocrx_word' id='word_1_350' title='bbox 1970 3143 2116 3214; x_wconf 90' lang='lat' dir='ltr'><strong>quod</strong></span> <span class='ocrx_word' id='word_1_351' title='bbox 2144 3181 2186 3239; x_wconf 64' lang='grc' dir='ltr'>Ο</span> 
     </span>
    </p>
   </div>
   <div class='ocr_carea' id='block_1_49' title="bbox 504 3231 2114 3306">
    <p class='ocr_par' dir='ltr' id='par_1_49' title="bbox 504 3231 2114 3306">
     <span class='ocr_line' id='line_1_49' title="bbox 504 3231 2114 3306; baseline 0.007 -24"><span class='ocrx_word' id='word_1_352' title='bbox 504 3231 1011 3300; x_wconf 72' lang='grc' dir='ltr'>οοωριιηοῑίοηεηι</span> <span class='ocrx_word' id='word_1_353' title='bbox 1051 3250 1163 3291; x_wconf 90' lang='lat' dir='ltr'><strong>non</strong></span> <span class='ocrx_word' id='word_1_354' title='bbox 1221 3235 1486 3291; x_wconf 80' lang='lat' dir='ltr'><strong>habeam?</strong></span> <span class='ocrx_word' id='word_1_355' title='bbox 1539 3235 1848 3306; x_wconf 82' lang='lat' dir='ltr'><strong>Respondit</strong></span> <span class='ocrx_word' id='word_1_356' title='bbox 1896 3253 2114 3294; x_wconf 80' lang='lat' dir='ltr'><strong>senex:</strong></span> 
     </span>
    </p>
   </div>
   <div class='ocr_carea' id='block_1_50' title="bbox 527 3318 2116 3398">
    <p class='ocr_par' dir='ltr' id='par_1_50' title="bbox 527 3318 2116 3398">
     <span class='ocr_line' id='line_1_50' title="bbox 527 3318 2116 3398; baseline 0.008 -24"><span class='ocrx_word' id='word_1_357' title='bbox 527 3318 686 3386; x_wconf 86' lang='lat' dir='ltr'><strong>Quod</strong></span> <span class='ocrx_word' id='word_1_358' title='bbox 716 3321 812 3378; x_wconf 90' lang='lat' dir='ltr'><strong>Dei</strong></span> <span class='ocrx_word' id='word_1_359' title='bbox 845 3324 1101 3381; x_wconf 88' lang='lat' dir='ltr'><strong>timorem</strong></span> <span class='ocrx_word' id='word_1_360' title='bbox 1131 3325 1205 3382; x_wconf 95' lang='lat' dir='ltr'><strong>ob</strong></span> <span class='ocrx_word' id='word_1_361' title='bbox 1242 3327 1433 3383; x_wconf 92' lang='lat' dir='ltr'><strong>oculos</strong></span> <span class='ocrx_word' id='word_1_362' title='bbox 1467 3342 1580 3383; x_wconf 91' lang='lat' dir='ltr'><strong>non</strong></span> <span class='ocrx_word' id='word_1_363' title='bbox 1607 3328 1930 3385; x_wconf 89' lang='lat' dir='ltr'><strong>habeamus.</strong></span> <span class='ocrx_word' id='word_1_364' title='bbox 1958 3330 2116 3398; x_wconf 82' lang='lat' dir='ltr'><strong>Quod</strong></span> 
     </span>
    </p>
   </div>
   <div class='ocr_carea' id='block_1_51' title="bbox 528 3411 2118 3492">
    <p class='ocr_par' dir='ltr' id='par_1_51' title="bbox 528 3411 2118 3492">
     <span class='ocr_line' id='line_1_51' title="bbox 528 3411 2118 3492; baseline 0.008 -28"><span class='ocrx_word' id='word_1_365' title='bbox 528 3411 777 3466; x_wconf 79' lang='lat' dir='ltr'><strong>omnium</strong></span> <span class='ocrx_word' id='word_1_366' title='bbox 804 3414 1074 3470; x_wconf 91' lang='lat' dir='ltr'><strong>malorum</strong></span> <span class='ocrx_word' id='word_1_367' title='bbox 1115 3417 1331 3474; x_wconf 89' lang='lat' dir='ltr'><strong>sentina</strong></span> <span class='ocrx_word' id='word_1_368' title='bbox 1369 3417 1500 3474; x_wconf 81' lang='lat' dir='ltr'><strong>facti</strong></span> <span class='ocrx_word' id='word_1_369' title='bbox 1533 3434 1746 3487; x_wconf 90' lang='lat' dir='ltr'><strong>sumus,</strong></span> <span class='ocrx_word' id='word_1_370' title='bbox 1782 3435 2017 3492; x_wconf 89' lang='lat' dir='ltr'><strong>eamque</strong></span> <span class='ocrx_word' id='word_1_371' title='bbox 2045 3421 2118 3477; x_wconf 91' lang='lat' dir='ltr'><strong>ob</strong></span> 
     </span>
    </p>
   </div>
   <div class='ocr_carea' id='block_1_52' title="bbox 531 3505 2120 3583">
    <p class='ocr_par' dir='ltr' id='par_1_52' title="bbox 531 3505 2120 3583">
     <span class='ocr_line' id='line_1_52' title="bbox 531 3505 2120 3583; baseline 0.006 -26"><span class='ocrx_word' id='word_1_372' title='bbox 531 3517 649 3558; x_wconf 89' lang='lat' dir='ltr'><strong>rem</strong></span> <span class='ocrx_word' id='word_1_373' title='bbox 681 3505 1026 3562; x_wconf 86' lang='lat' dir='ltr'><strong>tremendam</strong></span> <span class='ocrx_word' id='word_1_374' title='bbox 1057 3508 1157 3564; x_wconf 89' lang='lat' dir='ltr'><strong>Dei</strong></span> <span class='ocrx_word' id='word_1_375' title='bbox 1190 3509 1456 3565; x_wconf 91' lang='lat' dir='ltr'><strong>ultionem</strong></span> <span class='ocrx_word' id='word_1_376' title='bbox 1485 3510 1640 3566; x_wconf 74' lang='lat' dir='ltr'><strong>velut</strong></span> <span class='ocrx_word' id='word_1_377' title='bbox 1670 3511 1877 3566; x_wconf 91' lang='lat' dir='ltr'><strong>nudam</strong></span> <span class='ocrx_word' id='word_1_378' title='bbox 1913 3512 2120 3583; x_wconf 83' lang='lat' dir='ltr'><strong>cogita-</strong></span> 
     </span>
    </p>
   </div>
   <div class='ocr_carea' id='block_1_53' title="bbox 531 3593 2115 3673">
    <p class='ocr_par' dir='ltr' id='par_1_53' title="bbox 531 3593 2115 3673">
     <span class='ocr_line' id='line_1_53' title="bbox 531 3593 2115 3673; baseline 0.006 -25"><span class='ocrx_word' id='word_1_379' title='bbox 531 3593 739 3649; x_wconf 92' lang='lat' dir='ltr'><strong>tionem</strong></span> <span class='ocrx_word' id='word_1_380' title='bbox 777 3610 841 3651; x_wconf 90' lang='lat' dir='ltr'><strong>ac</strong></span> <span class='ocrx_word' id='word_1_381' title='bbox 870 3597 1103 3654; x_wconf 86' lang='lat' dir='ltr'><strong>rationis</strong></span> <span class='ocrx_word' id='word_1_382' title='bbox 1139 3600 1457 3671; x_wconf 79' lang='lat' dir='ltr'><strong>ﬁgmentum</strong></span> <span class='ocrx_word' id='word_1_383' title='bbox 1491 3603 1939 3673; x_wconf 90' lang='lat' dir='ltr'><strong>contempsimus.</strong></span> <span class='ocrx_word' id='word_1_384' title='bbox 1969 3603 2115 3658; x_wconf 86' lang='lat' dir='ltr'><strong>Alio-</strong></span> 
     </span>
    </p>
   </div>
   <div class='ocr_carea' id='block_1_54' title="bbox 530 3686 2120 3766">
    <p class='ocr_par' dir='ltr' id='par_1_54' title="bbox 530 3686 2120 3766">
     <span class='ocr_line' id='line_1_54' title="bbox 530 3686 2120 3766; baseline 0.007 -26"><span class='ocrx_word' id='word_1_385' title='bbox 530 3686 625 3754; x_wconf 90' lang='lat' dir='ltr'><strong>qui</strong></span> <span class='ocrx_word' id='word_1_386' title='bbox 660 3687 785 3756; x_wconf 88' lang='lat' dir='ltr'><strong>quis</strong></span> <span class='ocrx_word' id='word_1_387' title='bbox 824 3704 936 3744; x_wconf 88' lang='lat' dir='ltr'><strong>non</strong></span> <span class='ocrx_word' id='word_1_388' title='bbox 979 3691 1166 3746; x_wconf 90' lang='lat' dir='ltr'><strong>animo</strong></span> <span class='ocrx_word' id='word_1_389' title='bbox 1210 3700 1631 3764; x_wconf 84' lang='lat' dir='ltr'><strong>compungatur,</strong></span> <span class='ocrx_word' id='word_1_390' title='bbox 1660 3694 1754 3764; x_wconf 94' lang='lat' dir='ltr'><strong>qui</strong></span> <span class='ocrx_word' id='word_1_391' title='bbox 1783 3695 2003 3766; x_wconf 79' lang='lat' dir='ltr'><strong>Moysen</strong></span> <span class='ocrx_word' id='word_1_392' title='bbox 2049 3710 2120 3751; x_wconf 78' lang='lat' dir='ltr'><strong>ex</strong></span> 
     </span>
    </p>
   </div>
   <div class='ocr_carea' id='block_1_55' title="bbox 531 3775 2118 3856">
    <p class='ocr_par' dir='ltr' id='par_1_55' title="bbox 531 3775 2118 3856">
     <span class='ocr_line' id='line_1_55' title="bbox 531 3775 2118 3856; baseline 0.006 -26"><span class='ocrx_word' id='word_1_393' title='bbox 531 3775 628 3831; x_wconf 92' lang='lat' dir='ltr'><strong>Dei</strong></span> <span class='ocrx_word' id='word_1_394' title='bbox 673 3792 911 3847; x_wconf 91' lang='lat' dir='ltr'><strong>persona</strong></span> <span class='ocrx_word' id='word_1_395' title='bbox 943 3779 1133 3836; x_wconf 90' lang='lat' dir='ltr'><strong>audiat</strong></span> <span class='ocrx_word' id='word_1_396' title='bbox 1170 3782 1226 3835; x_wconf 92' lang='lat' dir='ltr'><strong>in</strong></span> <span class='ocrx_word' id='word_1_397' title='bbox 1265 3791 1586 3852; x_wconf 87' lang='lat' dir='ltr'><strong>peccatores</strong></span> <span class='ocrx_word' id='word_1_398' title='bbox 1614 3782 1892 3839; x_wconf 90' lang='lat' dir='ltr'><strong>dicentem</strong></span> <span class='ocrx_word' id='word_1_399' title='bbox 1927 3802 1942 3840; x_wconf 88' lang='lat'><strong>:</strong></span> <span class='ocrx_word' id='word_1_400' title='bbox 1971 3784 2118 3856; x_wconf 85' lang='lat' dir='ltr'><strong>Ignis</strong></span> 
     </span>
    </p>
   </div>
   <div class='ocr_carea' id='block_1_56' title="bbox 531 3871 2118 3947">
    <p class='ocr_par' dir='ltr' id='par_1_56' title="bbox 531 3871 2118 3947">
     <span class='ocr_line' id='line_1_56' title="bbox 531 3871 2118 3947; baseline 0.006 -27"><span class='ocrx_word' id='word_1_401' title='bbox 531 3884 779 3924; x_wconf 88' lang='lat' dir='ltr'><strong>accensus</strong></span> <span class='ocrx_word' id='word_1_402' title='bbox 810 3880 886 3926; x_wconf 87' lang='lat' dir='ltr'><strong>est</strong></span> <span class='ocrx_word' id='word_1_403' title='bbox 915 3873 970 3926; x_wconf 91' lang='lat' dir='ltr'><strong>in</strong></span> <span class='ocrx_word' id='word_1_404' title='bbox 1002 3871 1182 3942; x_wconf 80' lang='lat' dir='ltr'><strong>furore</strong></span> <span class='ocrx_word' id='word_1_405' title='bbox 1213 3889 1368 3928; x_wconf 91' lang='lat' dir='ltr'><strong>meo:</strong></span> <span class='ocrx_word' id='word_1_406' title='bbox 1403 3874 1605 3930; x_wconf 88' lang='lat' dir='ltr'><strong>ardebit</strong></span> <span class='ocrx_word' id='word_1_407' title='bbox 1639 3891 1802 3947; x_wconf 85' lang='lat' dir='ltr'><strong>usque</strong></span> <span class='ocrx_word' id='word_1_408' title='bbox 1829 3875 1899 3929; x_wconf 89' lang='lat' dir='ltr'><strong>ad</strong></span> <span class='ocrx_word' id='word_1_409' title='bbox 1923 3875 2118 3945; x_wconf 78' lang='lat' dir='ltr'><strong>inferni</strong></span> 
     </span>
    </p>
   </div>
   <div class='ocr_carea' id='block_1_57' title="bbox 531 3961 2116 4038">
    <p class='ocr_par' dir='ltr' id='par_1_57' title="bbox 531 3961 2116 4038">
     <span class='ocr_line' id='line_1_57' title="bbox 531 3961 2116 4038; baseline 0.006 -25"><span class='ocrx_word' id='word_1_410' title='bbox 531 3961 836 4018; x_wconf 76' lang='lat' dir='ltr'><strong>nouissima.</strong></span> <span class='ocrx_word' id='word_1_411' title='bbox 860 3962 1142 4019; x_wconf 85' lang='lat' dir='ltr'><strong>Devorabit</strong></span> <span class='ocrx_word' id='word_1_412' title='bbox 1165 3973 1363 4020; x_wconf 88' lang='lat' dir='ltr'><strong>terram</strong></span> <span class='ocrx_word' id='word_1_413' title='bbox 1388 3976 1436 4020; x_wconf 89' lang='lat' dir='ltr'><strong>et</strong></span> <span class='ocrx_word' id='word_1_414' title='bbox 1467 3967 1581 4038; x_wconf 85' lang='lat' dir='ltr'><strong>ejus</strong></span> <span class='ocrx_word' id='word_1_415' title='bbox 1603 3967 1843 4038; x_wconf 89' lang='lat' dir='ltr'><strong>germina</strong></span> <span class='ocrx_word' id='word_1_416' title='bbox 1871 3983 1890 4022; x_wconf 91' lang='lat'><strong><em>:</em></strong></span> <span class='ocrx_word' id='word_1_417' title='bbox 1919 3967 2116 4037; x_wconf 81' lang='lat' dir='ltr'><strong>{unda-</strong></span> 
     </span>
    </p>
   </div>
   <div class='ocr_carea' id='block_1_58' title="bbox 532 4056 2116 4130">
    <p class='ocr_par' dir='ltr' id='par_1_58' title="bbox 532 4056 2116 4130">
     <span class='ocr_line' id='line_1_58' title="bbox 532 4056 2116 4130; baseline 0.006 -26"><span class='ocrx_word' id='word_1_418' title='bbox 532 4060 708 4106; x_wconf 85' lang='lat' dir='ltr'><strong>menta</strong></span> <span class='ocrx_word' id='word_1_419' title='bbox 763 4056 1021 4109; x_wconf 86' lang='lat' dir='ltr'><strong>montium</strong></span> <span class='ocrx_word' id='word_1_420' title='bbox 1073 4057 1359 4111; x_wconf 86' lang='lat' dir='ltr'><strong>comburet.</strong></span> <span class='ocrx_word' id='word_1_421' title='bbox 1413 4056 1753 4130; x_wconf 88' lang='lat' dir='ltr'><strong>Congregabo</strong></span> <span class='ocrx_word' id='word_1_422' title='bbox 1808 4076 1970 4130; x_wconf 87' lang='lat' dir='ltr'><strong>super</strong></span> <span class='ocrx_word' id='word_1_423' title='bbox 2030 4077 2116 4114; x_wconf 88' lang='lat' dir='ltr'><strong>eos</strong></span> 
     </span>
    </p>
   </div>
   <div class='ocr_carea' id='block_1_59' title="bbox 530 4142 2126 4223">
    <p class='ocr_par' dir='ltr' id='par_1_59' title="bbox 530 4142 2126 4223">
     <span class='ocr_line' id='line_1_59' title="bbox 530 4142 2126 4223; baseline 0.006 -27"><span class='ocrx_word' id='word_1_424' title='bbox 530 4142 698 4205; x_wconf 87' lang='lat' dir='ltr'><strong>mala,</strong></span> <span class='ocrx_word' id='word_1_425' title='bbox 747 4154 797 4199; x_wconf 87' lang='lat' dir='ltr'><strong>et</strong></span> <span class='ocrx_word' id='word_1_426' title='bbox 835 4149 1062 4219; x_wconf 85' lang='lat' dir='ltr'><strong>sagittas</strong></span> <span class='ocrx_word' id='word_1_427' title='bbox 1110 4165 1256 4204; x_wconf 88' lang='lat' dir='ltr'><strong>meas</strong></span> <span class='ocrx_word' id='word_1_428' title='bbox 1293 4150 1558 4223; x_wconf 86' lang='lat' dir='ltr'><strong>complebo</strong></span> <span class='ocrx_word' id='word_1_429' title='bbox 1593 4152 1647 4206; x_wconf 87' lang='lat' dir='ltr'><strong>in</strong></span> <span class='ocrx_word' id='word_1_430' title='bbox 1683 4152 1755 4205; x_wconf 86' lang='lat' dir='ltr'><strong>eis</strong></span> <span class='ocrx_word' id='word_1_431' title='bbox 1790 4151 1857 4206; x_wconf 82' lang='grc'>⁸³.</span> <span class='ocrx_word' id='word_1_432' title='bbox 1897 4152 1965 4207; x_wconf 83' lang='grc' dir='ltr'>Ει</span> <span class='ocrx_word' id='word_1_433' title='bbox 1996 4163 2126 4208; x_wconf 63' lang='grc' dir='ltr'>τοι»</span> 
     </span>
    </p>
   </div>
   <div class='ocr_carea' id='block_1_60' title="bbox 527 4238 2116 4318">
    <p class='ocr_par' dir='ltr' id='par_1_60' title="bbox 527 4238 2116 4318">
     <span class='ocr_line' id='line_1_60' title="bbox 527 4238 2116 4318; baseline 0.007 -29"><span class='ocrx_word' id='word_1_434' title='bbox 527 4249 648 4290; x_wconf 87' lang='lat' dir='ltr'><strong>sum</strong></span> <span class='ocrx_word' id='word_1_435' title='bbox 684 4255 698 4291; x_wconf 87' lang='lat'><strong>:</strong></span> <span class='ocrx_word' id='word_1_436' title='bbox 736 4238 942 4295; x_wconf 81' lang='lat' dir='ltr'><strong>Acuam</strong></span> <span class='ocrx_word' id='word_1_437' title='bbox 984 4251 1042 4295; x_wconf 90' lang='lat' dir='ltr'><strong>ut</strong></span> <span class='ocrx_word' id='word_1_438' title='bbox 1079 4243 1258 4315; x_wconf 80' lang='lat' dir='ltr'><strong>fulgur</strong></span> <span class='ocrx_word' id='word_1_439' title='bbox 1299 4244 1539 4316; x_wconf 89' lang='lat' dir='ltr'><strong>gladium</strong></span> <span class='ocrx_word' id='word_1_440' title='bbox 1579 4261 1774 4309; x_wconf 85' lang='lat' dir='ltr'><strong>meum.</strong></span> <span class='ocrx_word' id='word_1_441' title='bbox 1809 4255 1860 4300; x_wconf 90' lang='lat' dir='ltr'><strong>et</strong></span> <span class='ocrx_word' id='word_1_442' title='bbox 1895 4248 2116 4318; x_wconf 84' lang='lat' dir='ltr'><strong>arripiet</strong></span> 
     </span>
    </p>
   </div>
   <div class='ocr_carea' id='block_1_61' title="bbox 519 4325 2113 4405">
    <p class='ocr_par' dir='ltr' id='par_1_61' title="bbox 519 4325 2113 4405">
     <span class='ocr_line' id='line_1_61' title="bbox 519 4325 2113 4405; baseline 0.008 -27"><span class='ocrx_word' id='word_1_443' title='bbox 519 4325 781 4396; x_wconf 83' lang='lat' dir='ltr'><strong>judicium</strong></span> <span class='ocrx_word' id='word_1_444' title='bbox 822 4347 1013 4387; x_wconf 88' lang='lat' dir='ltr'><strong>manus</strong></span> <span class='ocrx_word' id='word_1_445' title='bbox 1049 4351 1200 4401; x_wconf 88' lang='lat' dir='ltr'><strong>mea;</strong></span> <span class='ocrx_word' id='word_1_446' title='bbox 1231 4342 1279 4388; x_wconf 84' lang='lat' dir='ltr'><strong>et</strong></span> <span class='ocrx_word' id='word_1_447' title='bbox 1315 4335 1532 4389; x_wconf 86' lang='lat' dir='ltr'><strong>reddam</strong></span> <span class='ocrx_word' id='word_1_448' title='bbox 1568 4335 1820 4401; x_wconf 85' lang='lat' dir='ltr'><strong>ultionem</strong></span> <span class='ocrx_word' id='word_1_449' title='bbox 1861 4338 2113 4405; x_wconf 84' lang='lat' dir='ltr'><strong>hostibus,</strong></span> 
     </span>
    </p>
   </div>
   <div class='ocr_carea' id='block_1_62' title="bbox 527 4420 2116 4492">
    <p class='ocr_par' dir='ltr' id='par_1_62' title="bbox 527 4420 2116 4492">
     <span class='ocr_line' id='line_1_62' title="bbox 527 4420 2116 4492; baseline 0.008 -23"><span class='ocrx_word' id='word_1_450' title='bbox 527 4425 576 4469; x_wconf 90' lang='lat' dir='ltr'><strong>et</strong></span> <span class='ocrx_word' id='word_1_451' title='bbox 616 4420 716 4484; x_wconf 88' lang='lat' dir='ltr'><strong>his,</strong></span> <span class='ocrx_word' id='word_1_452' title='bbox 746 4421 837 4492; x_wconf 90' lang='lat' dir='ltr'><strong>qui</strong></span> <span class='ocrx_word' id='word_1_453' title='bbox 882 4423 1106 4478; x_wconf 88' lang='lat' dir='ltr'><strong>oderunt</strong></span> <span class='ocrx_word' id='word_1_454' title='bbox 1153 4440 1256 4491; x_wconf 88' lang='lat' dir='ltr'><strong>me,</strong></span> <span class='ocrx_word' id='word_1_455' title='bbox 1307 4425 1595 4481; x_wconf 87' lang='lat' dir='ltr'><strong>retribuam</strong></span> <span class='ocrx_word' id='word_1_456' title='bbox 1633 4425 1700 4480; x_wconf 81' lang='lat'><strong>”.</strong></span> <span class='ocrx_word' id='word_1_457' title='bbox 1742 4426 1941 4480; x_wconf 84' lang='lat' dir='ltr'><strong>Isaiam</strong></span> <span class='ocrx_word' id='word_1_458' title='bbox 1983 4442 2116 4482; x_wconf 84' lang='lat' dir='ltr'><strong>vero</strong></span> 
     </span>
    </p>
   </div>
   <div class='ocr_carea' id='block_1_63' title="bbox 2219 1947 2834 2020">
    <p class='ocr_par' dir='ltr' id='par_1_63' title="bbox 2219 1947 2834 2020">
     <span class='ocr_line' id='line_1_63' title="bbox 2219 1947 2834 2020; baseline 0 -16"><span class='ocrx_word' id='word_1_459' title='bbox 2219 1947 2411 2018; x_wconf 82' lang='grc' dir='ltr'>θνητῇ</span> <span class='ocrx_word' id='word_1_460' title='bbox 2436 1949 2618 2019; x_wconf 76' lang='grc' dir='ltr'>σαρκί</span> <span class='ocrx_word' id='word_1_461' title='bbox 2641 1949 2834 2020; x_wconf 75' lang='grc' dir='ltr'>ἡμῶν.</span> 
     </span>
    </p>
   </div>
   <div class='ocr_carea' id='block_1_64' title="bbox 2292 2037 3812 2109">
    <p class='ocr_par' dir='ltr' id='par_1_64' title="bbox 2292 2037 3812 2109">
     <span class='ocr_line' id='line_1_64' title="bbox 2292 2037 3812 2109; baseline -0.003 -15"><span class='ocrx_word' id='word_1_462' title='bbox 2292 2047 2406 2106; x_wconf 83' lang='grc' dir='ltr'>κς’.</span> <span class='ocrx_word' id='word_1_463' title='bbox 2441 2039 2631 2105; x_wconf 79' lang='grc' dir='ltr'>Οὕτως</span> <span class='ocrx_word' id='word_1_464' title='bbox 2656 2037 2750 2096; x_wconf 83' lang='grc' dir='ltr'><strong>οὖν</strong></span> <span class='ocrx_word' id='word_1_465' title='bbox 2778 2043 2809 2094; x_wconf 94' lang='lat'><strong>6</strong></span> <span class='ocrx_word' id='word_1_466' title='bbox 2839 2039 3166 2104; x_wconf 82' lang='grc' dir='ltr'>Ἀπόστολος</span> <span class='ocrx_word' id='word_1_467' title='bbox 3185 2037 3554 2109; x_wconf 78' lang='grc' dir='ltr'><strong>διακείμενος,</strong></span> <span class='ocrx_word' id='word_1_468' title='bbox 3582 2037 3812 2092; x_wconf 80' lang='grc' dir='ltr'>ἀδιαλεί-</span> 
     </span>
    </p>
   </div>
   <div class='ocr_carea' id='block_1_65' title="bbox 2221 2129 3809 2206">
    <p class='ocr_par' dir='ltr' id='par_1_65' title="bbox 2221 2129 3809 2206">
     <span class='ocr_line' id='line_1_65' title="bbox 2221 2129 3809 2206; baseline -0.002 -21"><span class='ocrx_word' id='word_1_469' title='bbox 2221 2149 2374 2196; x_wconf 88' lang='grc' dir='ltr'>πτως</span> <span class='ocrx_word' id='word_1_470' title='bbox 2411 2131 2514 2205; x_wconf 88' lang='lat' dir='ltr'><strong>[al.</strong></span> <span class='ocrx_word' id='word_1_471' title='bbox 2551 2133 2821 2206; x_wconf 80' lang='grc' dir='ltr'>διηνεκῶς</span> <span class='ocrx_word' id='word_1_472' title='bbox 2849 2131 2946 2186; x_wconf 80' lang='grc' dir='ltr'>καὶ</span> <span class='ocrx_word' id='word_1_473' title='bbox 2971 2129 3172 2204; x_wconf 87' lang='grc' dir='ltr'>ἀδιαλ.]</span> <span class='ocrx_word' id='word_1_474' title='bbox 3201 2130 3568 2202; x_wconf 77' lang='grc' dir='ltr'><strong>προσηύχετο·</strong></span> <span class='ocrx_word' id='word_1_475' title='bbox 3593 2132 3654 2184; x_wconf 76' lang='grc' dir='ltr'>ὲν</span> <span class='ocrx_word' id='word_1_476' title='bbox 3680 2132 3809 2184; x_wconf 71' lang='grc' dir='ltr'>πᾶσι</span> 
     </span>
    </p>
   </div>
   <div class='ocr_carea' id='block_1_66' title="bbox 2219 2221 3809 2297">
    <p class='ocr_par' dir='ltr' id='par_1_66' title="bbox 2219 2221 3809 2297">
     <span class='ocr_line' id='line_1_66' title="bbox 2219 2221 3809 2297; baseline -0.003 -19"><span class='ocrx_word' id='word_1_477' title='bbox 2219 2225 2327 2296; x_wconf 81' lang='grc' dir='ltr'>γὰρ</span> <span class='ocrx_word' id='word_1_478' title='bbox 2366 2228 2478 2288; x_wconf 78' lang='grc' dir='ltr'>τοῖς</span> <span class='ocrx_word' id='word_1_479' title='bbox 2510 2225 2717 2297; x_wconf 80' lang='grc' dir='ltr'>ἔργοις,</span> <span class='ocrx_word' id='word_1_480' title='bbox 2767 2225 2845 2290; x_wconf 85' lang='grc' dir='ltr'>ὡς</span> <span class='ocrx_word' id='word_1_481' title='bbox 2886 2225 3120 2296; x_wconf 71' lang='grc' dir='ltr'>εἴρηται,</span> <span class='ocrx_word' id='word_1_482' title='bbox 3147 2223 3242 2277; x_wconf 78' lang='grc' dir='ltr'>καὶ</span> <span class='ocrx_word' id='word_1_483' title='bbox 3273 2225 3387 2286; x_wconf 72' lang='grc' dir='ltr'>τοῖς</span> <span class='ocrx_word' id='word_1_484' title='bbox 3418 2221 3809 2294; x_wconf 78' lang='grc' dir='ltr'>συμϐαίνουσιν</span> 
     </span>
    </p>
   </div>
   <div class='ocr_carea' id='block_1_67' title="bbox 2219 2313 3806 2389">
    <p class='ocr_par' dir='ltr' id='par_1_67' title="bbox 2219 2313 3806 2389">
     <span class='ocr_line' id='line_1_67' title="bbox 2219 2313 3806 2389; baseline -0.003 -19"><span class='ocrx_word' id='word_1_485' title='bbox 2219 2315 2391 2388; x_wconf 80' lang='grc' dir='ltr'>αὐτῷ,</span> <span class='ocrx_word' id='word_1_486' title='bbox 2437 2317 2539 2389; x_wconf 83' lang='grc' dir='ltr'>τῆς</span> <span class='ocrx_word' id='word_1_487' title='bbox 2572 2317 2786 2381; x_wconf 74' lang='grc' dir='ltr'>ἐλπίδος</span> <span class='ocrx_word' id='word_1_488' title='bbox 2834 2316 2930 2370; x_wconf 85' lang='grc' dir='ltr'><strong>τοῦ</strong></span> <span class='ocrx_word' id='word_1_489' title='bbox 2955 2315 3090 2370; x_wconf 88' lang='grc' dir='ltr'>Θεοῦ</span> <span class='ocrx_word' id='word_1_490' title='bbox 3114 2315 3494 2386; x_wconf 82' lang='grc' dir='ltr'>ἀπεκρέματο.</span> <span class='ocrx_word' id='word_1_491' title='bbox 3527 2315 3627 2367; x_wconf 73' lang='grc' dir='ltr'>Διά</span> <span class='ocrx_word' id='word_1_492' title='bbox 3657 2313 3806 2366; x_wconf 76' lang='grc' dir='ltr'>τοῦτο</span> 
     </span>
    </p>
   </div>
   <div class='ocr_carea' id='block_1_68' title="bbox 2218 2407 3805 2482">
    <p class='ocr_par' dir='ltr' id='par_1_68' title="bbox 2218 2407 3805 2482">
     <span class='ocr_line' id='line_1_68' title="bbox 2218 2407 3805 2482; baseline -0.002 -20"><span class='ocrx_word' id='word_1_493' title='bbox 2218 2411 2340 2474; x_wconf 73' lang='grc' dir='ltr'>ταῖς</span> <span class='ocrx_word' id='word_1_494' title='bbox 2396 2408 2644 2480; x_wconf 79' lang='grc' dir='ltr'>θλίψεσιν</span> <span class='ocrx_word' id='word_1_495' title='bbox 2701 2409 2790 2463; x_wconf 77' lang='grc' dir='ltr'>ἀεὶ</span> <span class='ocrx_word' id='word_1_496' title='bbox 2834 2409 3057 2482; x_wconf 76' lang='grc' dir='ltr'>ἔχαιρον</span> <span class='ocrx_word' id='word_1_497' title='bbox 3103 2409 3307 2474; x_wconf 70' lang='grc' dir='ltr'>πάντες</span> <span class='ocrx_word' id='word_1_498' title='bbox 3339 2409 3389 2462; x_wconf 88' lang='grc' dir='ltr'><strong>οί</strong></span> <span class='ocrx_word' id='word_1_499' title='bbox 3420 2408 3589 2477; x_wconf 75' lang='grc' dir='ltr'>ἅγιοι,</span> <span class='ocrx_word' id='word_1_500' title='bbox 3616 2407 3704 2460; x_wconf 82' lang='grc' dir='ltr'>ἵνα</span> <span class='ocrx_word' id='word_1_501' title='bbox 3731 2407 3805 2467; x_wconf 76' lang='lat' dir='ltr'><strong>st,-</strong></span> 
     </span>
    </p>
   </div>
   <div class='ocr_carea' id='block_1_69' title="bbox 2219 2497 3802 2571">
    <p class='ocr_par' dir='ltr' id='par_1_69' title="bbox 2219 2497 3802 2571">
     <span class='ocr_line' id='line_1_69' title="bbox 2219 2497 3802 2571; baseline -0.004 -17"><span class='ocrx_word' id='word_1_502' title='bbox 2219 2500 2332 2566; x_wconf 75' lang='grc' dir='ltr'>ἕξιν</span> <span class='ocrx_word' id='word_1_503' title='bbox 2359 2499 2554 2554; x_wconf 75' lang='grc' dir='ltr'>ἔλθωσι</span> <span class='ocrx_word' id='word_1_504' title='bbox 2573 2502 2674 2571; x_wconf 84' lang='grc' dir='ltr'>τῆς</span> <span class='ocrx_word' id='word_1_505' title='bbox 2704 2499 2856 2564; x_wconf 82' lang='grc' dir='ltr'>θείας</span> <span class='ocrx_word' id='word_1_506' title='bbox 2883 2501 3126 2571; x_wconf 80' lang='grc' dir='ltr'><strong>ἀγάπης.</strong></span> <span class='ocrx_word' id='word_1_507' title='bbox 3169 2499 3284 2553; x_wconf 83' lang='lat' dir='ltr'><strong>Kal.</strong></span> <span class='ocrx_word' id='word_1_508' title='bbox 3314 2499 3405 2553; x_wconf 83' lang='grc' dir='ltr'><strong>διά</strong></span> <span class='ocrx_word' id='word_1_509' title='bbox 3433 2498 3594 2552; x_wconf 82' lang='grc' dir='ltr'>τοῦτο</span> <span class='ocrx_word' id='word_1_510' title='bbox 3623 2497 3802 2564; x_wconf 70' lang='grc' dir='ltr'>ἔλεγεν</span> 
     </span>
    </p>
   </div>
   <div class='ocr_carea' id='block_1_70' title="bbox 2219 2585 3801 2657">
    <p class='ocr_par' dir='ltr' id='par_1_70' title="bbox 2219 2585 3801 2657">
     <span class='ocr_line' id='line_1_70' title="bbox 2219 2585 3801 2657; baseline -0.006 -11"><span class='ocrx_word' id='word_1_511' title='bbox 2219 2594 2248 2646; x_wconf 97' lang='lat'><strong>6</strong></span> <span class='ocrx_word' id='word_1_512' title='bbox 2293 2589 2621 2654; x_wconf 82' lang='grc' dir='ltr'>Ἀπόστολος</span> <span class='ocrx_word' id='word_1_513' title='bbox 2645 2608 2661 2623; x_wconf 75' lang='grc' dir='ltr'><strong><em>ο</em></strong></span> <span class='ocrx_word' id='word_1_514' title='bbox 2682 2590 2934 2646; x_wconf 81' lang='grc' dir='ltr'>Ἥδιστα</span> <span class='ocrx_word' id='word_1_515' title='bbox 2972 2585 3088 2644; x_wconf 87' lang='grc' dir='ltr'>οὖν</span> <span class='ocrx_word' id='word_1_516' title='bbox 3131 2587 3522 2657; x_wconf 79' lang='grc' dir='ltr'>καυχήσομαι</span> <span class='ocrx_word' id='word_1_517' title='bbox 3567 2587 3638 2641; x_wconf 70' lang='grc' dir='ltr'>ἐν</span> <span class='ocrx_word' id='word_1_518' title='bbox 3681 2585 3801 2650; x_wconf 82' lang='grc' dir='ltr'>ταῖς</span> 
     </span>
    </p>
   </div>
   <div class='ocr_carea' id='block_1_71' title="bbox 2219 2677 3800 2752">
    <p class='ocr_par' dir='ltr' id='par_1_71' title="bbox 2219 2677 3800 2752">
     <span class='ocr_line' id='line_1_71' title="bbox 2219 2677 3800 2752; baseline -0.004 -15"><span class='ocrx_word' id='word_1_519' title='bbox 2219 2682 2564 2747; x_wconf 77' lang='grc' dir='ltr'>ἀσθενείαις</span> <span class='ocrx_word' id='word_1_520' title='bbox 2580 2699 2723 2752; x_wconf 81' lang='grc' dir='ltr'>μου,</span> <span class='ocrx_word' id='word_1_521' title='bbox 2747 2682 2850 2736; x_wconf 82' lang='grc' dir='ltr'>ἵνα</span> <span class='ocrx_word' id='word_1_522' title='bbox 2869 2679 3265 2748; x_wconf 72' lang='grc' dir='ltr'>ἐπισκηνώσῃ</span> <span class='ocrx_word' id='word_1_523' title='bbox 3290 2680 3387 2733; x_wconf 80' lang='grc' dir='ltr'><strong>ἐπ’</strong></span> <span class='ocrx_word' id='word_1_524' title='bbox 3414 2679 3520 2749; x_wconf 79' lang='grc' dir='ltr'><strong>ἐμὲ</strong></span> <span class='ocrx_word' id='word_1_525' title='bbox 3549 2679 3588 2747; x_wconf 73' lang='grc' dir='ltr'><strong><em>ἡ</em></strong></span> <span class='ocrx_word' id='word_1_526' title='bbox 3628 2677 3800 2733; x_wconf 81' lang='grc' dir='ltr'>δύνα-</span> 
     </span>
    </p>
   </div>
   <div class='ocr_carea' id='block_1_72' title="bbox 2215 2767 3794 2844">
    <p class='ocr_par' dir='ltr' id='par_1_72' title="bbox 2215 2767 3794 2844">
     <span class='ocr_line' id='line_1_72' title="bbox 2215 2767 3794 2844; baseline -0.003 -16"><span class='ocrx_word' id='word_1_527' title='bbox 2215 2794 2318 2844; x_wconf 88' lang='grc' dir='ltr'><strong>μις</strong></span> <span class='ocrx_word' id='word_1_528' title='bbox 2343 2776 2450 2830; x_wconf 87' lang='grc' dir='ltr'><strong>τοῦ</strong></span> <span class='ocrx_word' id='word_1_529' title='bbox 2495 2773 2776 2844; x_wconf 84' lang='grc' dir='ltr'>Χριστοῦ.</span> <span class='ocrx_word' id='word_1_530' title='bbox 2827 2775 2937 2828; x_wconf 76' lang='lat' dir='ltr'><strong>Kal</strong></span> <span class='ocrx_word' id='word_1_531' title='bbox 2973 2775 3088 2844; x_wconf 80' lang='grc' dir='ltr'>μετ’</span> <span class='ocrx_word' id='word_1_532' title='bbox 3113 2772 3270 2841; x_wconf 80' lang='grc' dir='ltr'>ὀλίγα</span> <span class='ocrx_word' id='word_1_533' title='bbox 3288 2788 3305 2805; x_wconf 78' lang='grc' dir='ltr'><strong><em>ο</em></strong></span> <span class='ocrx_word' id='word_1_534' title='bbox 3339 2773 3532 2826; x_wconf 86' lang='grc' dir='ltr'>Ὅταν</span> <span class='ocrx_word' id='word_1_535' title='bbox 3549 2767 3794 2831; x_wconf 75' lang='grc' dir='ltr'>ἀσθενῶ.</span> 
     </span>
    </p>
   </div>
   <div class='ocr_carea' id='block_1_73' title="bbox 2219 2861 3796 2936">
    <p class='ocr_par' dir='ltr' id='par_1_73' title="bbox 2219 2861 3796 2936">
     <span class='ocr_line' id='line_1_73' title="bbox 2219 2861 3796 2936; baseline -0.005 -16"><span class='ocrx_word' id='word_1_536' title='bbox 2219 2869 2356 2920; x_wconf 86' lang='grc' dir='ltr'>τότε</span> <span class='ocrx_word' id='word_1_537' title='bbox 2376 2866 2635 2932; x_wconf 83' lang='grc' dir='ltr'>δυνατός</span> <span class='ocrx_word' id='word_1_538' title='bbox 2664 2867 2803 2936; x_wconf 82' lang='grc' dir='ltr'>ειμι.</span> <span class='ocrx_word' id='word_1_539' title='bbox 2836 2864 2978 2917; x_wconf 77' lang='grc' dir='ltr'>Ἀλλ’</span> <span class='ocrx_word' id='word_1_540' title='bbox 3009 2865 3134 2918; x_wconf 75' lang='grc' dir='ltr'>οὐαὶ</span> <span class='ocrx_word' id='word_1_541' title='bbox 3161 2865 3297 2936; x_wconf 80' lang='grc' dir='ltr'>ἡμῖν</span> <span class='ocrx_word' id='word_1_542' title='bbox 3329 2865 3446 2927; x_wconf 83' lang='grc' dir='ltr'>τοῖς</span> <span class='ocrx_word' id='word_1_543' title='bbox 3473 2861 3697 2925; x_wconf 77' lang='grc' dir='ltr'>ἀθλίοις,</span> <span class='ocrx_word' id='word_1_544' title='bbox 3719 2863 3796 2915; x_wconf 82' lang='grc' dir='ltr'>ὃτι</span> 
     </span>
    </p>
   </div>
   <div class='ocr_carea' id='block_1_74' title="bbox 2220 2952 3794 3028">
    <p class='ocr_par' dir='ltr' id='par_1_74' title="bbox 2220 2952 3794 3028">
     <span class='ocr_line' id='line_1_74' title="bbox 2220 2952 3794 3028; baseline -0.003 -18"><span class='ocrx_word' id='word_1_545' title='bbox 2220 2956 2590 3028; x_wconf 75' lang='grc' dir='ltr'>κατελίπομεν</span> <span class='ocrx_word' id='word_1_546' title='bbox 2639 2957 2740 3028; x_wconf 82' lang='grc' dir='ltr'><strong>τὴν</strong></span> <span class='ocrx_word' id='word_1_547' title='bbox 2767 2956 2889 3011; x_wconf 81' lang='grc' dir='ltr'>ὁδὸν</span> <span class='ocrx_word' id='word_1_548' title='bbox 2920 2956 3030 3010; x_wconf 88' lang='grc' dir='ltr'><strong>τῶν</strong></span> <span class='ocrx_word' id='word_1_549' title='bbox 3070 2957 3242 3026; x_wconf 81' lang='grc' dir='ltr'>ἁγίων</span> <span class='ocrx_word' id='word_1_550' title='bbox 3271 2954 3573 3026; x_wconf 64' lang='grc' dir='ltr'>Πατέρων,</span> <span class='ocrx_word' id='word_1_551' title='bbox 3596 2954 3687 3008; x_wconf 83' lang='grc' dir='ltr'>καὶ</span> <span class='ocrx_word' id='word_1_552' title='bbox 3714 2952 3794 3006; x_wconf 71' lang='grc' dir='ltr'>διὰ</span> 
     </span>
    </p>
   </div>
   <div class='ocr_carea' id='block_1_75' title="bbox 2216 3044 3665 3122">
    <p class='ocr_par' dir='ltr' id='par_1_75' title="bbox 2216 3044 3665 3122">
     <span class='ocr_line' id='line_1_75' title="bbox 2216 3044 3665 3122; baseline -0.002 -18"><span class='ocrx_word' id='word_1_553' title='bbox 2216 3049 2376 3104; x_wconf 84' lang='grc' dir='ltr'>τοῦτο</span> <span class='ocrx_word' id='word_1_554' title='bbox 2403 3049 2602 3122; x_wconf 77' lang='grc' dir='ltr'>ἔρημοί</span> <span class='ocrx_word' id='word_1_555' title='bbox 2629 3051 2795 3119; x_wconf 73' lang='grc' dir='ltr'>ἐσμεν</span> <span class='ocrx_word' id='word_1_556' title='bbox 2827 3047 3028 3112; x_wconf 77' lang='grc' dir='ltr'>παντὸς</span> <span class='ocrx_word' id='word_1_557' title='bbox 3054 3047 3218 3119; x_wconf 72' lang='grc' dir='ltr'>ἔργου</span> <span class='ocrx_word' id='word_1_558' title='bbox 3265 3044 3665 3118; x_wconf 73' lang='grc' dir='ltr'>πνευματικοῦ.</span> 
     </span>
    </p>
   </div>
   <div class='ocr_carea' id='block_1_76' title="bbox 2291 3137 3788 3213">
    <p class='ocr_par' dir='ltr' id='par_1_76' title="bbox 2291 3137 3788 3213">
     <span class='ocr_line' id='line_1_76' title="bbox 2291 3137 3788 3213; baseline -0.004 -15"><span class='ocrx_word' id='word_1_559' title='bbox 2291 3144 2394 3210; x_wconf 72' lang='grc' dir='ltr'>κζ’.</span> <span class='ocrx_word' id='word_1_560' title='bbox 2425 3144 2534 3198; x_wconf 88' lang='lat' dir='ltr'><strong>Kal</strong></span> <span class='ocrx_word' id='word_1_561' title='bbox 2557 3143 2586 3196; x_wconf 91' lang='lat'><strong>6</strong></span> <span class='ocrx_word' id='word_1_562' title='bbox 2613 3143 2846 3213; x_wconf 80' lang='grc' dir='ltr'>ἀδελφὸς</span> <span class='ocrx_word' id='word_1_563' title='bbox 2888 3137 3010 3196; x_wconf 81' lang='grc' dir='ltr'>εἷπε</span> <span class='ocrx_word' id='word_1_564' title='bbox 3029 3158 3046 3174; x_wconf 74' lang='grc' dir='ltr'><strong>ο</strong></span> <span class='ocrx_word' id='word_1_565' title='bbox 3077 3141 3177 3195; x_wconf 75' lang='grc' dir='ltr'><strong>Διὰ</strong></span> <span class='ocrx_word' id='word_1_566' title='bbox 3207 3140 3299 3206; x_wconf 90' lang='grc' dir='ltr'><strong>τί,</strong></span> <span class='ocrx_word' id='word_1_567' title='bbox 3333 3141 3543 3211; x_wconf 77' lang='grc' dir='ltr'>Πάτερ,</span> <span class='ocrx_word' id='word_1_568' title='bbox 3567 3140 3664 3194; x_wconf 79' lang='grc' dir='ltr'>οὒκ</span> <span class='ocrx_word' id='word_1_569' title='bbox 3691 3139 3788 3208; x_wconf 69' lang='grc' dir='ltr'>ἔχει</span> 
     </span>
    </p>
   </div>
   <div class='ocr_carea' id='block_1_77' title="bbox 2220 3228 3783 3308">
    <p class='ocr_par' dir='ltr' id='par_1_77' title="bbox 2220 3228 3783 3308">
     <span class='ocr_line' id='line_1_77' title="bbox 2220 3228 3783 3308; baseline -0.004 -19"><span class='ocrx_word' id='word_1_570' title='bbox 2220 3236 2535 3302; x_wconf 79' lang='grc' dir='ltr'>κατάνυξιν;</span> <span class='ocrx_word' id='word_1_571' title='bbox 2569 3235 2678 3287; x_wconf 84' lang='lat' dir='ltr'><strong>Kal.</strong></span> <span class='ocrx_word' id='word_1_572' title='bbox 2707 3233 2986 3308; x_wconf 80' lang='grc' dir='ltr'>ἀπεκρίθη</span> <span class='ocrx_word' id='word_1_573' title='bbox 3014 3234 3044 3287; x_wconf 88' lang='lat'><strong>6</strong></span> <span class='ocrx_word' id='word_1_574' title='bbox 3070 3233 3270 3304; x_wconf 77' lang='grc' dir='ltr'>γέρων·</span> <span class='ocrx_word' id='word_1_575' title='bbox 3309 3228 3531 3303; x_wconf 81' lang='grc' dir='ltr'>Ἐπειδὴ</span> <span class='ocrx_word' id='word_1_576' title='bbox 3558 3232 3655 3286; x_wconf 71' lang='grc' dir='ltr'>οὐκ</span> <span class='ocrx_word' id='word_1_577' title='bbox 3682 3230 3783 3284; x_wconf 70' lang='grc' dir='ltr'>εστι</span> 
     </span>
    </p>
   </div>
   <div class='ocr_carea' id='block_1_78' title="bbox 2203 3322 3782 3398">
    <p class='ocr_par' dir='ltr' id='par_1_78' title="bbox 2203 3322 3782 3398">
     <span class='ocr_line' id='line_1_78' title="bbox 2203 3322 3782 3398; baseline -0.004 -15"><span class='ocrx_word' id='word_1_578' title='bbox 2203 3327 2384 3398; x_wconf 68' lang='grc' dir='ltr'>ςφόϐος</span> <span class='ocrx_word' id='word_1_579' title='bbox 2411 3326 2548 3382; x_wconf 89' lang='grc' dir='ltr'>Θεοῦ</span> <span class='ocrx_word' id='word_1_580' title='bbox 2593 3326 2854 3382; x_wconf 80' lang='grc' dir='ltr'>ἀπέναντι</span> <span class='ocrx_word' id='word_1_581' title='bbox 2885 3327 2994 3380; x_wconf 82' lang='grc' dir='ltr'><strong>τῶν</strong></span> <span class='ocrx_word' id='word_1_582' title='bbox 3017 3326 3314 3397; x_wconf 82' lang='grc' dir='ltr'>ὀφθαλμῶν</span> <span class='ocrx_word' id='word_1_583' title='bbox 3351 3325 3532 3397; x_wconf 80' lang='grc' dir='ltr'>ἡμῶν.</span> <span class='ocrx_word' id='word_1_584' title='bbox 3591 3322 3782 3393; x_wconf 69' lang='grc' dir='ltr'>Ἐπειδὴ</span> 
     </span>
    </p>
   </div>
   <div class='ocr_carea' id='block_1_79' title="bbox 2219 3414 3780 3490">
    <p class='ocr_par' dir='ltr' id='par_1_79' title="bbox 2219 3414 3780 3490">
     <span class='ocr_line' id='line_1_79' title="bbox 2219 3414 3780 3490; baseline -0.004 -17"><span class='ocrx_word' id='word_1_585' title='bbox 2219 3419 2440 3473; x_wconf 83' lang='grc' dir='ltr'>πάντων</span> <span class='ocrx_word' id='word_1_586' title='bbox 2467 3418 2578 3473; x_wconf 90' lang='grc' dir='ltr'><strong>τῶν</strong></span> <span class='ocrx_word' id='word_1_587' title='bbox 2625 3418 2814 3473; x_wconf 83' lang='grc' dir='ltr'>κακῶν</span> <span class='ocrx_word' id='word_1_588' title='bbox 2839 3418 3147 3490; x_wconf 84' lang='grc' dir='ltr'>γεγόναμεν</span> <span class='ocrx_word' id='word_1_589' title='bbox 3191 3417 3561 3487; x_wconf 81' lang='grc' dir='ltr'>καταγώγιον,</span> <span class='ocrx_word' id='word_1_590' title='bbox 3600 3416 3689 3470; x_wconf 73' lang='grc' dir='ltr'>καὶ</span> <span class='ocrx_word' id='word_1_591' title='bbox 3708 3414 3780 3468; x_wconf 67' lang='grc' dir='ltr'>διὰ</span> 
     </span>
    </p>
   </div>
   <div class='ocr_carea' id='block_1_80' title="bbox 2215 3505 3774 3581">
    <p class='ocr_par' dir='ltr' id='par_1_80' title="bbox 2215 3505 3774 3581">
     <span class='ocr_line' id='line_1_80' title="bbox 2215 3505 3774 3581; baseline -0.002 -17"><span class='ocrx_word' id='word_1_592' title='bbox 2215 3509 2394 3574; x_wconf 87' lang='grc' dir='ltr'>τοῦτο,</span> <span class='ocrx_word' id='word_1_593' title='bbox 2422 3509 2498 3574; x_wconf 85' lang='grc' dir='ltr'>ὡς</span> <span class='ocrx_word' id='word_1_594' title='bbox 2519 3508 2678 3580; x_wconf 77' lang='grc' dir='ltr'>ψιλοῦ</span> <span class='ocrx_word' id='word_1_595' title='bbox 2703 3510 2978 3581; x_wconf 86' lang='grc' dir='ltr'>νοήματος</span> <span class='ocrx_word' id='word_1_596' title='bbox 3005 3511 3496 3580; x_wconf 78' lang='grc' dir='ltr'>κατεφρονήσαμεν</span> <span class='ocrx_word' id='word_1_597' title='bbox 3515 3507 3618 3577; x_wconf 83' lang='grc' dir='ltr'>τῆς</span> <span class='ocrx_word' id='word_1_598' title='bbox 3644 3505 3774 3577; x_wconf 68' lang='lat'><em>9066-</em></span> 
     </span>
    </p>
   </div>
   <div class='ocr_carea' id='block_1_81' title="bbox 2219 3601 3771 3673">
    <p class='ocr_par' dir='ltr' id='par_1_81' title="bbox 2219 3601 3771 3673">
     <span class='ocr_line' id='line_1_81' title="bbox 2219 3601 3771 3673; baseline -0.003 -17"><span class='ocrx_word' id='word_1_599' title='bbox 2219 3603 2322 3673; x_wconf 83' lang='grc' dir='ltr'>ρᾶς</span> <span class='ocrx_word' id='word_1_600' title='bbox 2351 3601 2446 3656; x_wconf 80' lang='grc' dir='ltr'><strong>τοῦ</strong></span> <span class='ocrx_word' id='word_1_601' title='bbox 2488 3601 2627 3656; x_wconf 86' lang='grc' dir='ltr'>Θεοῦ</span> <span class='ocrx_word' id='word_1_602' title='bbox 2678 3602 2974 3667; x_wconf 87' lang='grc' dir='ltr'>κολάσεως.</span> <span class='ocrx_word' id='word_1_603' title='bbox 3014 3602 3167 3656; x_wconf 75' lang='grc' dir='ltr'>Ἐπεὶ</span> <span class='ocrx_word' id='word_1_604' title='bbox 3203 3601 3289 3666; x_wconf 85' lang='grc' dir='ltr'><strong>τίς</strong></span> <span class='ocrx_word' id='word_1_605' title='bbox 3310 3601 3373 3655; x_wconf 78' lang='grc' dir='ltr'>οὐ</span> <span class='ocrx_word' id='word_1_606' title='bbox 3403 3601 3771 3670; x_wconf 80' lang='grc' dir='ltr'>κατανύγεται,</span> 
     </span>
    </p>
   </div>
   <div class='ocr_carea' id='block_1_82' title="bbox 2215 3687 3773 3762">
    <p class='ocr_par' dir='ltr' id='par_1_82' title="bbox 2215 3687 3773 3762">
     <span class='ocr_line' id='line_1_82' title="bbox 2215 3687 3773 3762; baseline -0.003 -15"><span class='ocrx_word' id='word_1_607' title='bbox 2215 3693 2455 3756; x_wconf 85' lang='grc' dir='ltr'>ἀκούων,</span> <span class='ocrx_word' id='word_1_608' title='bbox 2490 3691 2588 3746; x_wconf 85' lang='grc' dir='ltr'><strong>τοῦ</strong></span> <span class='ocrx_word' id='word_1_609' title='bbox 2620 3692 2720 3762; x_wconf 78' lang='grc' dir='ltr'>μὲν</span> <span class='ocrx_word' id='word_1_610' title='bbox 2747 3691 3026 3755; x_wconf 73' lang='grc' dir='ltr'>Μωῦσέως</span> <span class='ocrx_word' id='word_1_611' title='bbox 3049 3691 3116 3744; x_wconf 82' lang='grc' dir='ltr'>ὲκ</span> <span class='ocrx_word' id='word_1_612' title='bbox 3153 3690 3455 3762; x_wconf 86' lang='grc' dir='ltr'>προσώπου</span> <span class='ocrx_word' id='word_1_613' title='bbox 3501 3688 3650 3762; x_wconf 56' lang='grc' dir='ltr'>Θεοῦ</span> <span class='ocrx_word' id='word_1_614' title='bbox 3672 3687 3773 3758; x_wconf 71' lang='grc' dir='ltr'>περὶ</span> 
     </span>
    </p>
   </div>
   <div class='ocr_carea' id='block_1_83' title="bbox 2215 3781 3770 3856">
    <p class='ocr_par' dir='ltr' id='par_1_83' title="bbox 2215 3781 3770 3856">
     <span class='ocr_line' id='line_1_83' title="bbox 2215 3781 3770 3856; baseline -0.003 -17"><span class='ocrx_word' id='word_1_615' title='bbox 2215 3784 2328 3839; x_wconf 91' lang='grc' dir='ltr'><strong>τῶν</strong></span> <span class='ocrx_word' id='word_1_616' title='bbox 2355 3783 2696 3856; x_wconf 85' lang='grc' dir='ltr'>ἁμαρτωλῶν</span> <span class='ocrx_word' id='word_1_617' title='bbox 2729 3783 2984 3853; x_wconf 81' lang='grc' dir='ltr'>λέγοντος</span> <span class='ocrx_word' id='word_1_618' title='bbox 3005 3783 3144 3847; x_wconf 72' lang='grc' dir='ltr'>,εὸτι</span> <span class='ocrx_word' id='word_1_619' title='bbox 3171 3782 3299 3852; x_wconf 84' lang='grc' dir='ltr'>Πῦρ</span> <span class='ocrx_word' id='word_1_620' title='bbox 3331 3783 3683 3837; x_wconf 76' lang='grc' dir='ltr'>ἐκκέκαυται</span> <span class='ocrx_word' id='word_1_621' title='bbox 3717 3781 3770 3834; x_wconf 80' lang='grc' dir='ltr'>ἐι</span> 
     </span>
    </p>
   </div>
   <div class='ocr_carea' id='block_1_84' title="bbox 2217 3873 3764 3948">
    <p class='ocr_par' dir='ltr' id='par_1_84' title="bbox 2217 3873 3764 3948">
     <span class='ocr_line' id='line_1_84' title="bbox 2217 3873 3764 3948; baseline -0.004 -17"><span class='ocrx_word' id='word_1_622' title='bbox 2217 3877 2326 3933; x_wconf 85' lang='grc' dir='ltr'><strong>τοῦ</strong></span> <span class='ocrx_word' id='word_1_623' title='bbox 2355 3879 2548 3947; x_wconf 89' lang='grc' dir='ltr'>θυμοῦ</span> <span class='ocrx_word' id='word_1_624' title='bbox 2565 3895 2688 3948; x_wconf 90' lang='grc' dir='ltr'><strong>μου</strong></span> <span class='ocrx_word' id='word_1_625' title='bbox 2705 3892 2722 3908; x_wconf 77' lang='grc' dir='ltr'><strong>ο</strong></span> <span class='ocrx_word' id='word_1_626' title='bbox 2745 3876 3115 3944; x_wconf 83' lang='grc' dir='ltr'>καυθήσεται</span> <span class='ocrx_word' id='word_1_627' title='bbox 3132 3875 3245 3942; x_wconf 78' lang='grc' dir='ltr'>ἕως</span> <span class='ocrx_word' id='word_1_628' title='bbox 3264 3874 3420 3943; x_wconf 84' lang='grc' dir='ltr'>ᾅδου</span> <span class='ocrx_word' id='word_1_629' title='bbox 3441 3873 3764 3929; x_wconf 65' lang='grc' dir='ltr'>κατωτάτω.</span> 
     </span>
    </p>
   </div>
   <div class='ocr_carea' id='block_1_85' title="bbox 2219 3962 3766 4040">
    <p class='ocr_par' dir='ltr' id='par_1_85' title="bbox 2219 3962 3766 4040">
     <span class='ocr_line' id='line_1_85' title="bbox 2219 3962 3766 4040; baseline -0.003 -16"><span class='ocrx_word' id='word_1_630' title='bbox 2219 3969 2634 4039; x_wconf 73' lang='grc' dir='ltr'>Καταφάγεται</span> <span class='ocrx_word' id='word_1_631' title='bbox 2656 3967 2795 4040; x_wconf 67' lang='grc' dir='ltr'>γῆν,</span> <span class='ocrx_word' id='word_1_632' title='bbox 2831 3967 2928 4021; x_wconf 73' lang='grc' dir='ltr'>καὶ</span> <span class='ocrx_word' id='word_1_633' title='bbox 2952 3967 3024 4028; x_wconf 77' lang='grc' dir='ltr'>τὰ</span> <span class='ocrx_word' id='word_1_634' title='bbox 3062 3966 3368 4038; x_wconf 79' lang='grc' dir='ltr'>γενήματα</span> <span class='ocrx_word' id='word_1_635' title='bbox 3409 3966 3634 4037; x_wconf 82' lang='grc' dir='ltr'>αὐτῆς·</span> <span class='ocrx_word' id='word_1_636' title='bbox 3657 3962 3766 4035; x_wconf 70' lang='grc' dir='ltr'><strong>φλι-</strong></span> 
     </span>
    </p>
   </div>
   <div class='ocr_carea' id='block_1_86' title="bbox 2217 4055 3763 4130">
    <p class='ocr_par' dir='ltr' id='par_1_86' title="bbox 2217 4055 3763 4130">
     <span class='ocr_line' id='line_1_86' title="bbox 2217 4055 3763 4130; baseline -0.006 -14"><span class='ocrx_word' id='word_1_637' title='bbox 2217 4063 2307 4127; x_wconf 80' lang='grc' dir='ltr'>ξει</span> <span class='ocrx_word' id='word_1_638' title='bbox 2342 4063 2586 4130; x_wconf 81' lang='grc' dir='ltr'>θεμελια</span> <span class='ocrx_word' id='word_1_639' title='bbox 2617 4059 2821 4128; x_wconf 83' lang='grc' dir='ltr'>ὀρέων.</span> <span class='ocrx_word' id='word_1_640' title='bbox 2845 4057 3095 4123; x_wconf 78' lang='grc' dir='ltr'>Συνάξω</span> <span class='ocrx_word' id='word_1_641' title='bbox 3121 4060 3211 4124; x_wconf 78' lang='grc' dir='ltr'>εὶς</span> <span class='ocrx_word' id='word_1_642' title='bbox 3241 4058 3472 4125; x_wconf 83' lang='grc' dir='ltr'>αὐτοὺς</span> <span class='ocrx_word' id='word_1_643' title='bbox 3500 4057 3670 4121; x_wconf 72' lang='grc' dir='ltr'>κακὰ,</span> <span class='ocrx_word' id='word_1_644' title='bbox 3690 4055 3763 4109; x_wconf 71' lang='lat' dir='ltr'><strong>sal</strong></span> 
     </span>
    </p>
   </div>
   <div class='ocr_carea' id='block_1_87' title="bbox 2218 4149 3759 4222">
    <p class='ocr_par' dir='ltr' id='par_1_87' title="bbox 2218 4149 3759 4222">
     <span class='ocr_line' id='line_1_87' title="bbox 2218 4149 3759 4222; baseline -0.005 -15"><span class='ocrx_word' id='word_1_645' title='bbox 2218 4155 2290 4207; x_wconf 85' lang='grc' dir='ltr'>τὰ</span> <span class='ocrx_word' id='word_1_646' title='bbox 2313 4153 2472 4220; x_wconf 83' lang='grc' dir='ltr'>,βέλη</span> <span class='ocrx_word' id='word_1_647' title='bbox 2496 4169 2618 4222; x_wconf 87' lang='grc' dir='ltr'><strong>μου</strong></span> <span class='ocrx_word' id='word_1_648' title='bbox 2661 4152 3014 4206; x_wconf 84' lang='grc' dir='ltr'>συντελέσω</span> <span class='ocrx_word' id='word_1_649' title='bbox 3055 4151 3142 4216; x_wconf 79' lang='grc' dir='ltr'><strong>είς</strong></span> <span class='ocrx_word' id='word_1_650' title='bbox 3165 4151 3426 4218; x_wconf 74' lang='grc' dir='ltr'>αὐτούςς</span> <span class='ocrx_word' id='word_1_651' title='bbox 3463 4150 3574 4205; x_wconf 82' lang='lat' dir='ltr'><strong>Kal</strong></span> <span class='ocrx_word' id='word_1_652' title='bbox 3609 4149 3759 4203; x_wconf 72' lang='grc' dir='ltr'>πάλιν·</span> 
     </span>
    </p>
   </div>
   <div class='ocr_carea' id='block_1_88' title="bbox 2222 4237 3760 4315">
    <p class='ocr_par' dir='ltr' id='par_1_88' title="bbox 2222 4237 3760 4315">
     <span class='ocr_line' id='line_1_88' title="bbox 2222 4237 3760 4315; baseline -0.006 -16"><span class='ocrx_word' id='word_1_653' title='bbox 2222 4243 2544 4315; x_wconf 81' lang='grc' dir='ltr'>Παροξυνῶ</span> <span class='ocrx_word' id='word_1_654' title='bbox 2567 4245 2648 4310; x_wconf 84' lang='grc' dir='ltr'>ὡς</span> <span class='ocrx_word' id='word_1_655' title='bbox 2676 4241 2999 4312; x_wconf 80' lang='grc' dir='ltr'>ἀστραπὴν</span> <span class='ocrx_word' id='word_1_656' title='bbox 3038 4241 3155 4309; x_wconf 82' lang='grc' dir='ltr'>τὴν</span> <span class='ocrx_word' id='word_1_657' title='bbox 3183 4241 3496 4312; x_wconf 77' lang='grc' dir='ltr'>μάχαιράν</span> <span class='ocrx_word' id='word_1_658' title='bbox 3517 4260 3655 4312; x_wconf 85' lang='grc' dir='ltr'>μου,</span> <span class='ocrx_word' id='word_1_659' title='bbox 3689 4237 3760 4292; x_wconf 69' lang='grc' dir='ltr'><strong>καί</strong></span> 
     </span>
    </p>
   </div>
   <div class='ocr_carea' id='block_1_89' title="bbox 2216 4332 3761 4405">
    <p class='ocr_par' dir='ltr' id='par_1_89' title="bbox 2216 4332 3761 4405">
     <span class='ocr_line' id='line_1_89' title="bbox 2216 4332 3761 4405; baseline -0.003 -14"><span class='ocrx_word' id='word_1_660' title='bbox 2216 4336 2530 4402; x_wconf 79' lang='grc' dir='ltr'>ἀνθέξεται</span> <span class='ocrx_word' id='word_1_661' title='bbox 2551 4337 2834 4405; x_wconf 80' lang='grc' dir='ltr'>κρίματος</span> <span class='ocrx_word' id='word_1_662' title='bbox 2857 4336 2896 4404; x_wconf 76' lang='grc' dir='ltr'><strong><em>ἡ</em></strong></span> <span class='ocrx_word' id='word_1_663' title='bbox 2927 4336 3056 4404; x_wconf 49' lang='grc' dir='ltr'>χειν)</span> <span class='ocrx_word' id='word_1_664' title='bbox 3081 4351 3202 4404; x_wconf 89' lang='grc' dir='ltr'><strong>μου</strong></span> <span class='ocrx_word' id='word_1_665' title='bbox 3222 4351 3237 4366; x_wconf 77' lang='grc' dir='ltr'><strong><em>ο</em></strong></span> <span class='ocrx_word' id='word_1_666' title='bbox 3278 4335 3379 4388; x_wconf 72' lang='grc' dir='ltr'>καὶ</span> <span class='ocrx_word' id='word_1_667' title='bbox 3397 4332 3761 4389; x_wconf 78' lang='grc' dir='ltr'>ἀνταποδώσω</span> 
     </span>
    </p>
   </div>
   <div class='ocr_carea' id='block_1_90' title="bbox 2217 4425 3758 4498">
    <p class='ocr_par' dir='ltr' id='par_1_90' title="bbox 2217 4425 3758 4498">
     <span class='ocr_line' id='line_1_90' title="bbox 2217 4425 3758 4498; baseline -0.003 -16"><span class='ocrx_word' id='word_1_668' title='bbox 2217 4429 2402 4498; x_wconf 84' lang='grc' dir='ltr'>δίκην</span> <span class='ocrx_word' id='word_1_669' title='bbox 2421 4428 2549 4496; x_wconf 81' lang='grc' dir='ltr'>τοῖς</span> <span class='ocrx_word' id='word_1_670' title='bbox 2581 4427 2840 4497; x_wconf 80' lang='grc' dir='ltr'>ἐχθροῖς,</span> <span class='ocrx_word' id='word_1_671' title='bbox 2871 4427 2971 4480; x_wconf 75' lang='grc' dir='ltr'>καὶ</span> <span class='ocrx_word' id='word_1_672' title='bbox 3006 4425 3132 4493; x_wconf 82' lang='grc' dir='ltr'>τοῖς</span> <span class='ocrx_word' id='word_1_673' title='bbox 3151 4425 3414 4496; x_wconf 85' lang='grc' dir='ltr'>μισοῦσὶ</span> <span class='ocrx_word' id='word_1_674' title='bbox 3436 4443 3515 4496; x_wconf 84' lang='grc' dir='ltr'><strong>με</strong></span> <span class='ocrx_word' id='word_1_675' title='bbox 3537 4427 3758 4480; x_wconf 67' lang='grc' dir='ltr'>ἀνταπο-</span> 
     </span>
    </p>
   </div>
   <div class='ocr_carea' id='block_1_91' title="bbox 527 4505 2121 4596">
    <p class='ocr_par' dir='ltr' id='par_1_91' title="bbox 527 4505 2113 4586">
     <span class='ocr_line' id='line_1_91' title="bbox 527 4505 2113 4586; baseline 0.006 -27"><span class='ocrx_word' id='word_1_676' title='bbox 527 4505 856 4564; x_wconf 88' lang='lat' dir='ltr'><strong>clamantem</strong></span> <span class='ocrx_word' id='word_1_677' title='bbox 905 4514 1141 4582; x_wconf 80' lang='lat' dir='ltr'><strong>accipiat</strong></span> <span class='ocrx_word' id='word_1_678' title='bbox 1177 4531 1190 4567; x_wconf 86' lang='lat'><strong>:</strong></span> <span class='ocrx_word' id='word_1_679' title='bbox 1234 4513 1363 4580; x_wconf 84' lang='lat' dir='ltr'><strong>Quis</strong></span> <span class='ocrx_word' id='word_1_680' title='bbox 1414 4515 1751 4569; x_wconf 89' lang='lat' dir='ltr'><strong>annuntiabit</strong></span> <span class='ocrx_word' id='word_1_681' title='bbox 1796 4516 1937 4569; x_wconf 87' lang='lat' dir='ltr'><strong>vobis</strong></span> <span class='ocrx_word' id='word_1_682' title='bbox 1975 4531 2113 4586; x_wconf 87' lang='lat' dir='ltr'><strong>quoa</strong></span> 
     </span>
    </p>
   </div>
   <div class='ocr_carea' id='block_1_92' title="bbox 2222 4505 3758 4596">
    <p class='ocr_par' dir='ltr' id='par_1_92' title="bbox 2222 4513 3758 4588">
     <span class='ocr_line' id='line_1_92' title="bbox 2222 4513 3758 4588; baseline -0.001 -16"><span class='ocrx_word' id='word_1_683' title='bbox 2222 4519 2409 4575; x_wconf 87' lang='grc' dir='ltr'>δώσω.</span> <span class='ocrx_word' id='word_1_684' title='bbox 2443 4519 2486 4572; x_wconf 87' lang='grc' dir='ltr'>Τ</span> <span class='ocrx_word' id='word_1_685' title='bbox 2491 4519 2551 4572; x_wconf 92' lang='grc' dir='ltr'><strong>οῦ</strong></span> <span class='ocrx_word' id='word_1_686' title='bbox 2572 4519 2628 4572; x_wconf 83' lang='grc' dir='ltr'>δὲ</span> <span class='ocrx_word' id='word_1_687' title='bbox 2657 4517 2877 4572; x_wconf 77' lang='grc' dir='ltr'>Ἡσαΐου</span> <span class='ocrx_word' id='word_1_688' title='bbox 2911 4517 3164 4588; x_wconf 86' lang='grc' dir='ltr'>βοῶντος,</span> <span class='ocrx_word' id='word_1_689' title='bbox 3188 4516 3286 4583; x_wconf 83' lang='grc' dir='ltr'>Τίς</span> <span class='ocrx_word' id='word_1_690' title='bbox 3316 4516 3637 4588; x_wconf 71' lang='grc' dir='ltr'>ἀναγγελεῖ</span> <span class='ocrx_word' id='word_1_691' title='bbox 3649 4513 3758 4584; x_wconf 65' lang='grc' dir='ltr'><strong>ὑμῖν</strong></span> 
     </span>
    </p>
   </div>
   <div class='ocr_carea' id='block_1_93' title="bbox 525 4597 2118 4668">
    <p class='ocr_par' dir='ltr' id='par_1_93' title="bbox 525 4597 2118 4668">
     <span class='ocr_line' id='line_1_93' title="bbox 525 4597 2118 4668; baseline 0.008 -20"><span class='ocrx_word' id='word_1_692' title='bbox 525 4597 663 4667; x_wconf 86' lang='lat' dir='ltr'><strong>ignis</strong></span> <span class='ocrx_word' id='word_1_693' title='bbox 719 4601 909 4655; x_wconf 83' lang='lat' dir='ltr'><strong>ardet?</strong></span> <span class='ocrx_word' id='word_1_694' title='bbox 959 4602 1087 4668; x_wconf 84' lang='lat' dir='ltr'><strong>Quis</strong></span> <span class='ocrx_word' id='word_1_695' title='bbox 1149 4607 1484 4660; x_wconf 85' lang='lat' dir='ltr'><strong>anuuntiabit</strong></span> <span class='ocrx_word' id='word_1_696' title='bbox 1539 4605 1680 4660; x_wconf 81' lang='lat' dir='ltr'><strong>vobis</strong></span> <span class='ocrx_word' id='word_1_697' title='bbox 1737 4605 1908 4660; x_wconf 90' lang='lat' dir='ltr'><strong>locum</strong></span> <span class='ocrx_word' id='word_1_698' title='bbox 1964 4614 2118 4664; x_wconf 73' lang='lat' dir='ltr'><strong>teter-</strong></span> 
     </span>
    </p>
   </div>
   <div class='ocr_carea' id='block_1_94' title="bbox 527 4680 2115 4768">
    <p class='ocr_par' dir='ltr' id='par_1_94' title="bbox 527 4680 2115 4768">
     <span class='ocr_line' id='line_1_94' title="bbox 527 4680 2115 4768; baseline 0.008 -28"><span class='ocrx_word' id='word_1_699' title='bbox 527 4703 655 4742; x_wconf 90' lang='lat' dir='ltr'><strong>num</strong></span> <span class='ocrx_word' id='word_1_700' title='bbox 684 4690 759 4743; x_wconf 63' lang='lat'><strong>‘5?</strong></span> <span class='ocrx_word' id='word_1_701' title='bbox 789 4691 1071 4747; x_wconf 79' lang='lat' dir='ltr'><strong>Ambulate</strong></span> <span class='ocrx_word' id='word_1_702' title='bbox 1104 4695 1158 4748; x_wconf 86' lang='lat' dir='ltr'><strong>in</strong></span> <span class='ocrx_word' id='word_1_703' title='bbox 1197 4695 1310 4749; x_wconf 88' lang='lat' dir='ltr'><strong>luce</strong></span> <span class='ocrx_word' id='word_1_704' title='bbox 1346 4680 1482 4767; x_wconf 84' lang='lat' dir='ltr'><strong>ignis</strong></span> <span class='ocrx_word' id='word_1_705' title='bbox 1514 4694 1694 4760; x_wconf 80' lang='lat' dir='ltr'><strong>uestri,</strong></span> <span class='ocrx_word' id='word_1_706' title='bbox 1724 4705 1774 4750; x_wconf 84' lang='lat' dir='ltr'><strong>et</strong></span> <span class='ocrx_word' id='word_1_707' title='bbox 1797 4697 1852 4750; x_wconf 87' lang='lat' dir='ltr'><strong>in</strong></span> <span class='ocrx_word' id='word_1_708' title='bbox 1869 4701 2115 4768; x_wconf 71' lang='lat' dir='ltr'><strong>flamma,</strong></span> 
     </span>
    </p>
   </div>
   <div class='ocr_carea' id='block_1_95' title="bbox 525 4785 2118 4860">
    <p class='ocr_par' dir='ltr' id='par_1_95' title="bbox 525 4785 2118 4860">
     <span class='ocr_line' id='line_1_95' title="bbox 525 4785 2118 4860; baseline 0.008 -26"><span class='ocrx_word' id='word_1_709' title='bbox 525 4795 688 4851; x_wconf 86' lang='lat' dir='ltr'><strong>quam</strong></span> <span class='ocrx_word' id='word_1_710' title='bbox 732 4785 1071 4839; x_wconf 88' lang='lat' dir='ltr'><strong>succendistis</strong></span> <span class='ocrx_word' id='word_1_711' title='bbox 1103 4787 1171 4840; x_wconf 79' lang='lat'><strong>&#39;°.</strong></span> <span class='ocrx_word' id='word_1_712' title='bbox 1236 4787 1306 4841; x_wconf 86' lang='lat' dir='ltr'><strong>Et</strong></span> <span class='ocrx_word' id='word_1_713' title='bbox 1359 4788 1558 4842; x_wconf 91' lang='lat' dir='ltr'><strong>iterum</strong></span> <span class='ocrx_word' id='word_1_714' title='bbox 1601 4805 1616 4842; x_wconf 90' lang='lat'>:</span> <span class='ocrx_word' id='word_1_715' title='bbox 1657 4787 2030 4860; x_wconf 86' lang='lat' dir='ltr'><strong>Egredientur,</strong></span> <span class='ocrx_word' id='word_1_716' title='bbox 2067 4802 2118 4847; x_wconf 91' lang='lat' dir='ltr'><strong>et</strong></span> 
     </span>
    </p>
   </div>
   <div class='ocr_carea' id='block_1_96' title="bbox 525 4871 2117 4951">
    <p class='ocr_par' dir='ltr' id='par_1_96' title="bbox 525 4871 2117 4951">
     <span class='ocr_line' id='line_1_96' title="bbox 525 4871 2117 4951; baseline 0.01 -27"><span class='ocrx_word' id='word_1_717' title='bbox 525 4871 768 4926; x_wconf 83' lang='lat' dir='ltr'><strong>videbunt</strong></span> <span class='ocrx_word' id='word_1_718' title='bbox 795 4876 1056 4930; x_wconf 82' lang='lat' dir='ltr'><strong>cadavera</strong></span> <span class='ocrx_word' id='word_1_719' title='bbox 1097 4878 1388 4945; x_wconf 85' lang='lat' dir='ltr'><strong>hominum,</strong></span> <span class='ocrx_word' id='word_1_720' title='bbox 1426 4881 1516 4951; x_wconf 88' lang='lat' dir='ltr'><strong>qui</strong></span> <span class='ocrx_word' id='word_1_721' title='bbox 1551 4883 1887 4951; x_wconf 71' lang='lat' dir='ltr'><strong>praevaricari</strong></span> <span class='ocrx_word' id='word_1_722' title='bbox 1910 4894 2034 4938; x_wconf 86' lang='lat' dir='ltr'><strong>sunt</strong></span> <span class='ocrx_word' id='word_1_723' title='bbox 2059 4887 2117 4940; x_wconf 82' lang='lat' dir='ltr'><strong>in</strong></span> 
     </span>
    </p>
   </div>
   <div class='ocr_carea' id='block_1_97' title="bbox 524 4965 2110 5046">
    <p class='ocr_par' dir='ltr' id='par_1_97' title="bbox 524 4965 2110 5046">
     <span class='ocr_line' id='line_1_97' title="bbox 524 4965 2110 5046; baseline 0.009 -28"><span class='ocrx_word' id='word_1_724' title='bbox 524 4981 626 5019; x_wconf 87' lang='lat' dir='ltr'><strong>me.</strong></span> <span class='ocrx_word' id='word_1_725' title='bbox 669 4965 868 5022; x_wconf 85' lang='lat' dir='ltr'><strong>Vermis</strong></span> <span class='ocrx_word' id='word_1_726' title='bbox 895 4970 1033 5023; x_wconf 89' lang='lat' dir='ltr'><strong>enim</strong></span> <span class='ocrx_word' id='word_1_727' title='bbox 1056 4985 1238 5024; x_wconf 84' lang='lat' dir='ltr'><strong>eorum</strong></span> <span class='ocrx_word' id='word_1_728' title='bbox 1264 4988 1368 5026; x_wconf 86' lang='lat' dir='ltr'><strong>non</strong></span> <span class='ocrx_word' id='word_1_729' title='bbox 1399 4974 1673 5039; x_wconf 89' lang='lat' dir='ltr'><strong>morietur,</strong></span> <span class='ocrx_word' id='word_1_730' title='bbox 1697 4983 1746 5028; x_wconf 85' lang='lat' dir='ltr'><strong>et</strong></span> <span class='ocrx_word' id='word_1_731' title='bbox 1768 4976 1902 5046; x_wconf 85' lang='lat' dir='ltr'><strong>ignis</strong></span> <span class='ocrx_word' id='word_1_732' title='bbox 1926 4992 2110 5032; x_wconf 90' lang='lat' dir='ltr'><strong>eorum</strong></span> 
     </span>
    </p>
   </div>
   <div class='ocr_carea' id='block_1_98' title="bbox 524 5060 2107 5131">
    <p class='ocr_par' dir='ltr' id='par_1_98' title="bbox 524 5060 2107 5131">
     <span class='ocr_line' id='line_1_98' title="bbox 524 5060 2107 5131; baseline 0.01 -22"><span class='ocrx_word' id='word_1_733' title='bbox 524 5073 629 5110; x_wconf 87' lang='lat' dir='ltr'><strong>non</strong></span> <span class='ocrx_word' id='word_1_734' title='bbox 659 5060 1021 5131; x_wconf 68' lang='lat' dir='ltr'><strong>eastinguetur</strong></span> <span class='ocrx_word' id='word_1_735' title='bbox 1043 5077 1062 5117; x_wconf 92' lang='lat'><strong><em>:</em></strong></span> <span class='ocrx_word' id='word_1_736' title='bbox 1085 5072 1135 5116; x_wconf 87' lang='lat' dir='ltr'><strong>et</strong></span> <span class='ocrx_word' id='word_1_737' title='bbox 1161 5074 1314 5117; x_wconf 84' lang='lat' dir='ltr'><strong>erunt</strong></span> <span class='ocrx_word' id='word_1_738' title='bbox 1341 5065 1395 5117; x_wconf 88' lang='lat' dir='ltr'><strong>in</strong></span> <span class='ocrx_word' id='word_1_739' title='bbox 1422 5065 1673 5120; x_wconf 81' lang='lat' dir='ltr'><strong>uisionem</strong></span> <span class='ocrx_word' id='word_1_740' title='bbox 1701 5069 1847 5122; x_wconf 86' lang='lat' dir='ltr'><strong>omni</strong></span> <span class='ocrx_word' id='word_1_741' title='bbox 1864 5071 2017 5124; x_wconf 84' lang='lat' dir='ltr'><strong>carni</strong></span> <span class='ocrx_word' id='word_1_742' title='bbox 2039 5071 2107 5126; x_wconf 81' lang='lat'><strong>&quot;.</strong></span> 
     </span>
    </p>
   </div>
   <div class='ocr_carea' id='block_1_99' title="bbox 521 5149 2111 5226">
    <p class='ocr_par' dir='ltr' id='par_1_99' title="bbox 521 5149 2111 5226">
     <span class='ocr_line' id='line_1_99' title="bbox 521 5149 2111 5226; baseline 0.009 -21"><span class='ocrx_word' id='word_1_743' title='bbox 521 5149 814 5208; x_wconf 87' lang='lat' dir='ltr'><strong>Jcremiam</strong></span> <span class='ocrx_word' id='word_1_744' title='bbox 845 5169 1067 5226; x_wconf 88' lang='lat' dir='ltr'><strong>quoque</strong></span> <span class='ocrx_word' id='word_1_745' title='bbox 1095 5155 1368 5212; x_wconf 90' lang='lat' dir='ltr'><strong>dicentem</strong></span> <span class='ocrx_word' id='word_1_746' title='bbox 1403 5175 1417 5212; x_wconf 89' lang='lat'>:</span> <span class='ocrx_word' id='word_1_747' title='bbox 1453 5157 1590 5213; x_wconf 89' lang='lat' dir='ltr'><strong>Date</strong></span> <span class='ocrx_word' id='word_1_748' title='bbox 1625 5158 1853 5215; x_wconf 89' lang='lat' dir='ltr'><strong>Domino</strong></span> <span class='ocrx_word' id='word_1_749' title='bbox 1880 5162 1989 5217; x_wconf 89' lang='lat' dir='ltr'><strong>Deo</strong></span> <span class='ocrx_word' id='word_1_750' title='bbox 2024 5180 2111 5220; x_wconf 82' lang='lat' dir='ltr'><strong>ue-</strong></span> 
     </span>
    </p>
   </div>
   <div class='ocr_carea' id='block_1_100' title="bbox 519 5243 2109 5328">
    <p class='ocr_par' dir='ltr' id='par_1_100' title="bbox 519 5243 2109 5328">
     <span class='ocr_line' id='line_1_100' title="bbox 519 5243 2109 5328; baseline 0.01 -34"><span class='ocrx_word' id='word_1_751' title='bbox 519 5251 630 5297; x_wconf 85' lang='lat' dir='ltr'><strong>stro</strong></span> <span class='ocrx_word' id='word_1_752' title='bbox 661 5243 910 5316; x_wconf 87' lang='lat' dir='ltr'><strong>gloriam,</strong></span> <span class='ocrx_word' id='word_1_753' title='bbox 943 5257 1233 5321; x_wconf 88' lang='lat' dir='ltr'><strong>antequam</strong></span> <span class='ocrx_word' id='word_1_754' title='bbox 1266 5252 1708 5318; x_wconf 85' lang='lat' dir='ltr'><strong>contenebrescat,</strong></span> <span class='ocrx_word' id='word_1_755' title='bbox 1737 5263 1788 5308; x_wconf 88' lang='lat' dir='ltr'><strong>et</strong></span> <span class='ocrx_word' id='word_1_756' title='bbox 1819 5263 2109 5328; x_wconf 87' lang='lat' dir='ltr'><strong>antequam</strong></span> 
     </span>
    </p>
   </div>
   <div class='ocr_carea' id='block_1_101' title="bbox 521 5333 2110 5415">
    <p class='ocr_par' dir='ltr' id='par_1_101' title="bbox 521 5333 2110 5415">
     <span class='ocr_line' id='line_1_101' title="bbox 521 5333 2110 5415; baseline 0.01 -30"><span class='ocrx_word' id='word_1_757' title='bbox 521 5333 788 5402; x_wconf 68' lang='lat' dir='ltr'><strong>offendant</strong></span> <span class='ocrx_word' id='word_1_758' title='bbox 845 5339 999 5408; x_wconf 90' lang='lat' dir='ltr'><strong>pedes</strong></span> <span class='ocrx_word' id='word_1_759' title='bbox 1053 5341 1214 5394; x_wconf 84' lang='lat' dir='ltr'><strong>uestri</strong></span> <span class='ocrx_word' id='word_1_760' title='bbox 1259 5341 1331 5395; x_wconf 89' lang='lat' dir='ltr'><strong>ad</strong></span> <span class='ocrx_word' id='word_1_761' title='bbox 1375 5351 1578 5396; x_wconf 87' lang='lat' dir='ltr'><strong>montes</strong></span> <span class='ocrx_word' id='word_1_762' title='bbox 1607 5342 1924 5415; x_wconf 87' lang='lat' dir='ltr'><strong>caliginosos</strong></span> <span class='ocrx_word' id='word_1_763' title='bbox 1949 5346 2110 5402; x_wconf 75' lang='lat' dir='ltr'><strong>“.Et</strong></span> 
     </span>
    </p>
   </div>
   <div class='ocr_carea' id='block_1_102' title="bbox 522 5429 2109 5504">
    <p class='ocr_par' dir='ltr' id='par_1_102' title="bbox 522 5429 2109 5504">
     <span class='ocr_line' id='line_1_102' title="bbox 522 5429 2109 5504; baseline 0.011 -29"><span class='ocrx_word' id='word_1_764' title='bbox 522 5436 716 5480; x_wconf 87' lang='lat' dir='ltr'><strong>rursus</strong></span> <span class='ocrx_word' id='word_1_765' title='bbox 745 5445 758 5480; x_wconf 90' lang='lat'>:</span> <span class='ocrx_word' id='word_1_766' title='bbox 788 5429 997 5496; x_wconf 81' lang='lat' dir='ltr'><strong>Audite,</strong></span> <span class='ocrx_word' id='word_1_767' title='bbox 1022 5432 1248 5504; x_wconf 85' lang='lat' dir='ltr'><strong>populus</strong></span> <span class='ocrx_word' id='word_1_768' title='bbox 1285 5434 1480 5489; x_wconf 88' lang='lat' dir='ltr'><strong>stultus</strong></span> <span class='ocrx_word' id='word_1_769' title='bbox 1519 5438 1700 5490; x_wconf 85' lang='lat' dir='ltr'><strong>etsiue</strong></span> <span class='ocrx_word' id='word_1_770' title='bbox 1736 5437 1892 5490; x_wconf 87' lang='lat' dir='ltr'><strong>corde</strong></span> <span class='ocrx_word' id='word_1_771' title='bbox 1920 5454 1940 5492; x_wconf 87' lang='lat'><strong><em>:</em></strong></span> <span class='ocrx_word' id='word_1_772' title='bbox 1969 5437 2109 5492; x_wconf 88' lang='lat' dir='ltr'><strong>oculi</strong></span> 
     </span>
    </p>
   </div>
   <div class='ocr_carea' id='block_1_103' title="bbox 520 5517 2110 5592">
    <p class='ocr_par' dir='ltr' id='par_1_103' title="bbox 520 5517 2110 5592">
     <span class='ocr_line' id='line_1_103' title="bbox 520 5517 2110 5592; baseline 0.01 -24"><span class='ocrx_word' id='word_1_773' title='bbox 520 5517 615 5579; x_wconf 86' lang='lat' dir='ltr'><strong>eis,</strong></span> <span class='ocrx_word' id='word_1_774' title='bbox 651 5527 700 5571; x_wconf 90' lang='lat' dir='ltr'><strong>et</strong></span> <span class='ocrx_word' id='word_1_775' title='bbox 743 5537 846 5575; x_wconf 87' lang='lat' dir='ltr'><strong>non</strong></span> <span class='ocrx_word' id='word_1_776' title='bbox 882 5523 1090 5590; x_wconf 82' lang='lat' dir='ltr'><strong>vident;</strong></span> <span class='ocrx_word' id='word_1_777' title='bbox 1131 5543 1288 5580; x_wconf 85' lang='lat' dir='ltr'><strong>aures</strong></span> <span class='ocrx_word' id='word_1_778' title='bbox 1329 5528 1422 5592; x_wconf 89' lang='lat' dir='ltr'><strong>eis,</strong></span> <span class='ocrx_word' id='word_1_779' title='bbox 1455 5537 1503 5581; x_wconf 91' lang='lat' dir='ltr'><strong>et</strong></span> <span class='ocrx_word' id='word_1_780' title='bbox 1539 5545 1643 5582; x_wconf 87' lang='lat' dir='ltr'><strong>non</strong></span> <span class='ocrx_word' id='word_1_781' title='bbox 1671 5528 1915 5583; x_wconf 87' lang='lat' dir='ltr'><strong>audiunt.</strong></span> <span class='ocrx_word' id='word_1_782' title='bbox 1958 5529 2110 5584; x_wconf 87' lang='lat' dir='ltr'><strong>Nun-</strong></span> 
     </span>
    </p>
   </div>
   <div class='ocr_carea' id='block_1_104' title="bbox 520 5606 2109 5687">
    <p class='ocr_par' dir='ltr' id='par_1_104' title="bbox 520 5606 2109 5687">
     <span class='ocr_line' id='line_1_104' title="bbox 520 5606 2109 5687; baseline 0.006 -21"><span class='ocrx_word' id='word_1_783' title='bbox 520 5606 646 5666; x_wconf 72' lang='lat' dir='ltr'><strong>Quid</strong></span> <span class='ocrx_word' id='word_1_784' title='bbox 690 5625 772 5663; x_wconf 89' lang='lat' dir='ltr'><strong>me</strong></span> <span class='ocrx_word' id='word_1_785' title='bbox 808 5627 912 5665; x_wconf 88' lang='lat' dir='ltr'><strong>non</strong></span> <span class='ocrx_word' id='word_1_786' title='bbox 948 5614 1215 5682; x_wconf 87' lang='lat' dir='ltr'><strong>timebitis,</strong></span> <span class='ocrx_word' id='word_1_787' title='bbox 1251 5617 1377 5672; x_wconf 80' lang='lat' dir='ltr'><strong>dicit</strong></span> <span class='ocrx_word' id='word_1_788' title='bbox 1421 5618 1719 5674; x_wconf 72' lang='lat' dir='ltr'><strong>Dominus?</strong></span> <span class='ocrx_word' id='word_1_789' title='bbox 1761 5627 1854 5674; x_wconf 85' lang='lat' dir='ltr'><strong>aut</strong></span> <span class='ocrx_word' id='word_1_790' title='bbox 1898 5636 1932 5672; x_wconf 91' lang='grc' dir='ltr'><strong>α</strong></span> <span class='ocrx_word' id='word_1_791' title='bbox 1973 5620 2109 5687; x_wconf 78' lang='lat' dir='ltr'><strong>{acie</strong></span> 
     </span>
    </p>
   </div>
   <div class='ocr_carea' id='block_1_105' title="bbox 593 5722 2199 5805">
    <p class='ocr_par' dir='ltr' id='par_1_105' title="bbox 593 5722 2199 5805">
     <span class='ocr_line' id='line_1_105' title="bbox 593 5722 2199 5805; baseline -0.006 1"><span class='ocrx_word' id='word_1_792' title='bbox 593 5722 1091 5805; x_wconf 51' lang='lat' dir='ltr'><strong>“.130m_,v_n_n_,_55.</strong></span> <span class='ocrx_word' id='word_1_793' title='bbox 1169 5736 1212 5769; x_wconf 73' lang='grc' dir='ltr'>ιο</span> <span class='ocrx_word' id='word_1_794' title='bbox 1245 5736 1379 5792; x_wconf 87' lang='lat' dir='ltr'><strong>ibid.</strong></span> <span class='ocrx_word' id='word_1_795' title='bbox 1411 5737 1500 5794; x_wconf 78' lang='lat'><strong>38.</strong></span> <span class='ocrx_word' id='word_1_796' title='bbox 1577 5740 1623 5772; x_wconf 72' lang='grc' dir='ltr'><strong>³ο</strong></span> <span class='ocrx_word' id='word_1_797' title='bbox 1657 5738 1700 5794; x_wconf 87' lang='lat' dir='ltr'><strong>u</strong></span> <span class='ocrx_word' id='word_1_798' title='bbox 1725 5738 1851 5796; x_wconf 88' lang='lat' dir='ltr'><strong>Cor.</strong></span> <span class='ocrx_word' id='word_1_799' title='bbox 1885 5755 1959 5804; x_wconf 77' lang='lat' dir='ltr'><strong>iv,</strong></span> <span class='ocrx_word' id='word_1_800' title='bbox 1992 5739 2078 5805; x_wconf 85' lang='lat' dir='ltr'><strong>l0,</strong></span> <span class='ocrx_word' id='word_1_801' title='bbox 2113 5741 2199 5796; x_wconf 84' lang='lat' dir='ltr'><strong>ll.</strong></span> 
     </span>
    </p>
   </div>
   <div class='ocr_carea' id='block_1_106' title="bbox 2219 4607 3756 4680">
    <p class='ocr_par' dir='ltr' id='par_1_106' title="bbox 2219 4607 3756 4680">
     <span class='ocr_line' id='line_1_106' title="bbox 2219 4607 3756 4680; baseline -0.005 -15"><span class='ocrx_word' id='word_1_802' title='bbox 2219 4611 2312 4666; x_wconf 85' lang='grc' dir='ltr'>ὅτι</span> <span class='ocrx_word' id='word_1_803' title='bbox 2357 4612 2478 4680; x_wconf 85' lang='grc' dir='ltr'><strong>πῦρ</strong></span> <span class='ocrx_word' id='word_1_804' title='bbox 2527 4611 2788 4676; x_wconf 81' lang='grc' dir='ltr'>καίεται;</span> <span class='ocrx_word' id='word_1_805' title='bbox 2836 4607 2930 4678; x_wconf 70' lang='grc' dir='ltr'><strong>τίς</strong></span> <span class='ocrx_word' id='word_1_806' title='bbox 2967 4609 3293 4680; x_wconf 70' lang='grc' dir='ltr'>ἀναγγελεῖ</span> <span class='ocrx_word' id='word_1_807' title='bbox 3311 4609 3460 4680; x_wconf 82' lang='grc' dir='ltr'>ὑμῖν</span> <span class='ocrx_word' id='word_1_808' title='bbox 3488 4610 3591 4664; x_wconf 79' lang='grc' dir='ltr'>τὸν</span> <span class='ocrx_word' id='word_1_809' title='bbox 3609 4610 3756 4663; x_wconf 70' lang='grc' dir='ltr'>τόπον</span> 
     </span>
    </p>
   </div>
   <div class='ocr_carea' id='block_1_107' title="bbox 2218 4698 3751 4774">
    <p class='ocr_par' dir='ltr' id='par_1_107' title="bbox 2218 4698 3751 4774">
     <span class='ocr_line' id='line_1_107' title="bbox 2218 4698 3751 4774; baseline 0 -16"><span class='ocrx_word' id='word_1_810' title='bbox 2218 4703 2328 4758; x_wconf 84' lang='grc' dir='ltr'>τὸν</span> <span class='ocrx_word' id='word_1_811' title='bbox 2343 4702 2624 4768; x_wconf 83' lang='grc' dir='ltr'>αίώνιον;</span> <span class='ocrx_word' id='word_1_812' title='bbox 2648 4704 2988 4774; x_wconf 82' lang='grc' dir='ltr'>Πορεύεσθε</span> <span class='ocrx_word' id='word_1_813' title='bbox 3008 4702 3090 4768; x_wconf 83' lang='grc' dir='ltr'>τῷ</span> <span class='ocrx_word' id='word_1_814' title='bbox 3109 4702 3257 4772; x_wconf 72' lang='grc' dir='ltr'>φωτὶ</span> <span class='ocrx_word' id='word_1_815' title='bbox 3277 4703 3387 4757; x_wconf 81' lang='grc' dir='ltr'><strong>τοῦ</strong></span> <span class='ocrx_word' id='word_1_816' title='bbox 3404 4701 3592 4772; x_wconf 64' lang='lat' dir='ltr'><strong>stupor</strong></span> <span class='ocrx_word' id='word_1_817' title='bbox 3606 4698 3751 4770; x_wconf 70' lang='grc' dir='ltr'>ὑμῶν.</span> 
     </span>
    </p>
   </div>
   <div class='ocr_carea' id='block_1_108' title="bbox 2219 4791 3750 4869">
    <p class='ocr_par' dir='ltr' id='par_1_108' title="bbox 2219 4791 3750 4869">
     <span class='ocr_line' id='line_1_108' title="bbox 2219 4791 3750 4869; baseline -0.004 -17"><span class='ocrx_word' id='word_1_818' title='bbox 2219 4797 2319 4852; x_wconf 77' lang='grc' dir='ltr'>καὶ</span> <span class='ocrx_word' id='word_1_819' title='bbox 2355 4796 2430 4866; x_wconf 77' lang='grc' dir='ltr'>τῇ</span> <span class='ocrx_word' id='word_1_820' title='bbox 2451 4797 2656 4867; x_wconf 75' lang='grc' dir='ltr'>φλογὶ,</span> <span class='ocrx_word' id='word_1_821' title='bbox 2679 4791 2720 4869; x_wconf 80' lang='grc' dir='ltr'><em>ᾖ</em></span> <span class='ocrx_word' id='word_1_822' title='bbox 2745 4797 3136 4861; x_wconf 80' lang='grc' dir='ltr'>ἐξεκαύσατε.</span> <span class='ocrx_word' id='word_1_823' title='bbox 3161 4796 3272 4850; x_wconf 85' lang='lat' dir='ltr'><strong>Kal.</strong></span> <span class='ocrx_word' id='word_1_824' title='bbox 3301 4795 3464 4849; x_wconf 81' lang='grc' dir='ltr'>πάλιν</span> <span class='ocrx_word' id='word_1_825' title='bbox 3486 4813 3500 4826; x_wconf 71' lang='grc' dir='ltr'><strong>ο</strong></span> <span class='ocrx_word' id='word_1_826' title='bbox 3535 4791 3750 4859; x_wconf 77' lang='grc' dir='ltr'><strong>Ἐξελεύ-</strong></span> 
     </span>
    </p>
   </div>
   <div class='ocr_carea' id='block_1_109' title="bbox 2215 4877 3750 4955">
    <p class='ocr_par' dir='ltr' id='par_1_109' title="bbox 2215 4877 3750 4955">
     <span class='ocr_line' id='line_1_109' title="bbox 2215 4877 3750 4955; baseline -0.005 -15"><span class='ocrx_word' id='word_1_827' title='bbox 2215 4902 2449 4949; x_wconf 85' lang='grc' dir='ltr'>σονται,</span> <span class='ocrx_word' id='word_1_828' title='bbox 2485 4887 2584 4940; x_wconf 76' lang='grc' dir='ltr'>καὶ</span> <span class='ocrx_word' id='word_1_829' title='bbox 2612 4885 2868 4955; x_wconf 79' lang='grc' dir='ltr'>ὄψονται</span> <span class='ocrx_word' id='word_1_830' title='bbox 2889 4886 2964 4940; x_wconf 88' lang='grc' dir='ltr'>τὰ</span> <span class='ocrx_word' id='word_1_831' title='bbox 2985 4883 3151 4938; x_wconf 87' lang='grc' dir='ltr'>κῶλα</span> <span class='ocrx_word' id='word_1_832' title='bbox 3174 4882 3295 4938; x_wconf 86' lang='grc' dir='ltr'><strong>τῶν</strong></span> <span class='ocrx_word' id='word_1_833' title='bbox 3314 4883 3645 4953; x_wconf 77' lang='grc' dir='ltr'>ἀνθρώπων,</span> <span class='ocrx_word' id='word_1_834' title='bbox 3662 4877 3750 4932; x_wconf 70' lang='grc' dir='ltr'><strong>τῶν</strong></span> 
     </span>
    </p>
   </div>
   <div class='ocr_carea' id='block_1_110' title="bbox 2216 4969 3746 5048">
    <p class='ocr_par' dir='ltr' id='par_1_110' title="bbox 2216 4969 3746 5048">
     <span class='ocr_line' id='line_1_110' title="bbox 2216 4969 3746 5048; baseline -0.008 -15"><span class='ocrx_word' id='word_1_835' title='bbox 2216 4979 2717 5048; x_wconf 86' lang='grc' dir='ltr'>παραϐεϐηκότων</span> <span class='ocrx_word' id='word_1_836' title='bbox 2736 4979 2806 5033; x_wconf 82' lang='grc' dir='ltr'>ὲν</span> <span class='ocrx_word' id='word_1_837' title='bbox 2825 4977 2976 5048; x_wconf 81' lang='grc' dir='ltr'>ἐμοί.</span> <span class='ocrx_word' id='word_1_838' title='bbox 3013 4975 3077 5032; x_wconf 87' lang='lat'><strong>&#39;0</strong></span> <span class='ocrx_word' id='word_1_839' title='bbox 3101 4977 3213 5048; x_wconf 65' lang='grc' dir='ltr'><strong>Αιιάρ</strong></span> <span class='ocrx_word' id='word_1_840' title='bbox 3237 4975 3489 5042; x_wconf 68' lang='grc' dir='ltr'>σκιὶαηξ</span> <span class='ocrx_word' id='word_1_841' title='bbox 3508 4969 3746 5028; x_wconf 76' lang='grc' dir='ltr'>αὐτῶνού</span> 
     </span>
    </p>
   </div>
   <div class='ocr_carea' id='block_1_111' title="bbox 2215 5064 3736 5138">
    <p class='ocr_par' dir='ltr' id='par_1_111' title="bbox 2215 5064 3736 5138">
     <span class='ocr_line' id='line_1_111' title="bbox 2215 5064 3736 5138; baseline -0.005 -16"><span class='ocrx_word' id='word_1_842' title='bbox 2215 5068 2594 5138; x_wconf 82' lang='grc' dir='ltr'>τελευτήσει,</span> <span class='ocrx_word' id='word_1_843' title='bbox 2631 5069 2730 5123; x_wconf 75' lang='grc' dir='ltr'><strong>καί</strong></span> <span class='ocrx_word' id='word_1_844' title='bbox 2771 5069 2835 5122; x_wconf 87' lang='grc' dir='ltr'>τὸ</span> <span class='ocrx_word' id='word_1_845' title='bbox 2871 5068 2993 5136; x_wconf 90' lang='grc' dir='ltr'><strong>πῦρ</strong></span> <span class='ocrx_word' id='word_1_846' title='bbox 3024 5066 3226 5122; x_wconf 87' lang='grc' dir='ltr'>αὐτῶν</span> <span class='ocrx_word' id='word_1_847' title='bbox 3267 5069 3342 5121; x_wconf 84' lang='grc' dir='ltr'>οὐ</span> <span class='ocrx_word' id='word_1_848' title='bbox 3370 5064 3736 5129; x_wconf 73' lang='grc' dir='ltr'>σϐεσθήσετσι·</span> 
     </span>
    </p>
   </div>
   <div class='ocr_carea' id='block_1_112' title="bbox 2216 5153 3736 5229">
    <p class='ocr_par' dir='ltr' id='par_1_112' title="bbox 2216 5153 3736 5229">
     <span class='ocr_line' id='line_1_112' title="bbox 2216 5153 3736 5229; baseline -0.007 -14"><span class='ocrx_word' id='word_1_849' title='bbox 2216 5160 2316 5215; x_wconf 77' lang='grc' dir='ltr'><strong>καί</strong></span> <span class='ocrx_word' id='word_1_850' title='bbox 2350 5163 2598 5216; x_wconf 72' lang='grc' dir='ltr'>ἔσονται</span> <span class='ocrx_word' id='word_1_851' title='bbox 2619 5163 2708 5226; x_wconf 82' lang='grc' dir='ltr'><strong>εις</strong></span> <span class='ocrx_word' id='word_1_852' title='bbox 2737 5161 2954 5229; x_wconf 83' lang='grc' dir='ltr'>ὅρασιν</span> <span class='ocrx_word' id='word_1_853' title='bbox 2977 5159 3147 5227; x_wconf 78' lang='grc' dir='ltr'>πάσῃ</span> <span class='ocrx_word' id='word_1_854' title='bbox 3171 5159 3376 5227; x_wconf 80' lang='grc' dir='ltr'>σαρκί,</span> <span class='ocrx_word' id='word_1_855' title='bbox 3407 5159 3510 5211; x_wconf 86' lang='grc' dir='ltr'>Τοῦ</span> <span class='ocrx_word' id='word_1_856' title='bbox 3537 5157 3586 5209; x_wconf 84' lang='grc' dir='ltr'>δὲ</span> <span class='ocrx_word' id='word_1_857' title='bbox 3620 5153 3736 5221; x_wconf 72' lang='grc' dir='ltr'>Ἱερεο</span> 
     </span>
    </p>
   </div>
   <div class='ocr_carea' id='block_1_113' title="bbox 2219 5237 3732 5323">
    <p class='ocr_par' dir='ltr' id='par_1_113' title="bbox 2219 5237 3732 5323">
     <span class='ocr_line' id='line_1_113' title="bbox 2219 5237 3732 5323; baseline 0.001 -19"><span class='ocrx_word' id='word_1_858' title='bbox 2219 5252 2342 5321; x_wconf 87' lang='grc' dir='ltr'>μίου</span> <span class='ocrx_word' id='word_1_859' title='bbox 2369 5252 2623 5321; x_wconf 82' lang='grc' dir='ltr'>λέγοντος</span> <span class='ocrx_word' id='word_1_860' title='bbox 2644 5271 2659 5286; x_wconf 79' lang='grc' dir='ltr'><strong>ο</strong></span> <span class='ocrx_word' id='word_1_861' title='bbox 2688 5253 2833 5308; x_wconf 88' lang='grc' dir='ltr'>Δότε</span> <span class='ocrx_word' id='word_1_862' title='bbox 2862 5251 2945 5317; x_wconf 84' lang='grc' dir='ltr'>τῷ</span> <span class='ocrx_word' id='word_1_863' title='bbox 2992 5251 3194 5320; x_wconf 76' lang='grc' dir='ltr'>Κυρίῳ</span> <span class='ocrx_word' id='word_1_864' title='bbox 3239 5247 3367 5323; x_wconf 82' lang='lat' dir='ltr'><strong>[Fr.</strong></span> <span class='ocrx_word' id='word_1_865' title='bbox 3393 5250 3576 5318; x_wconf 72' lang='lat' dir='ltr'><strong>Ki&#39;pitp</strong></span> <span class='ocrx_word' id='word_1_866' title='bbox 3593 5237 3732 5312; x_wconf 65' lang='grc' dir='ltr'><strong>ὐμῶνί</strong></span> 
     </span>
    </p>
   </div>
   <div class='ocr_carea' id='block_1_114' title="bbox 2217 5330 3730 5414">
    <p class='ocr_par' dir='ltr' id='par_1_114' title="bbox 2217 5330 3730 5414">
     <span class='ocr_line' id='line_1_114' title="bbox 2217 5330 3730 5414; baseline -0.007 -12"><span class='ocrx_word' id='word_1_867' title='bbox 2217 5343 2340 5410; x_wconf 82' lang='grc' dir='ltr'><strong>Θεῷ</strong></span> <span class='ocrx_word' id='word_1_868' title='bbox 2369 5344 2541 5414; x_wconf 87' lang='grc' dir='ltr'>ὑμῶν</span> <span class='ocrx_word' id='word_1_869' title='bbox 2561 5344 2754 5411; x_wconf 80' lang='grc' dir='ltr'>δόξαν</span> <span class='ocrx_word' id='word_1_870' title='bbox 2777 5343 2893 5413; x_wconf 83' lang='grc' dir='ltr'>πρὸ</span> <span class='ocrx_word' id='word_1_871' title='bbox 2934 5343 3042 5398; x_wconf 88' lang='grc' dir='ltr'><strong>τοῦ</strong></span> <span class='ocrx_word' id='word_1_872' title='bbox 3065 5342 3387 5406; x_wconf 84' lang='grc' dir='ltr'>σκοτάσαι,</span> <span class='ocrx_word' id='word_1_873' title='bbox 3420 5342 3512 5396; x_wconf 76' lang='grc' dir='ltr'>καὶ</span> <span class='ocrx_word' id='word_1_874' title='bbox 3540 5336 3635 5407; x_wconf 75' lang='grc' dir='ltr'>πρὸ</span> <span class='ocrx_word' id='word_1_875' title='bbox 3657 5330 3730 5386; x_wconf 65' lang='grc' dir='ltr'>τοῦ</span> 
     </span>
    </p>
   </div>
   <div class='ocr_carea' id='block_1_115' title="bbox 2213 5422 3726 5506">
    <p class='ocr_par' dir='ltr' id='par_1_115' title="bbox 2213 5422 3726 5506">
     <span class='ocr_line' id='line_1_115' title="bbox 2213 5422 3726 5506; baseline -0.008 -16"><span class='ocrx_word' id='word_1_876' title='bbox 2213 5437 2565 5506; x_wconf 78' lang='grc' dir='ltr'>προσκόψαι</span> <span class='ocrx_word' id='word_1_877' title='bbox 2612 5437 2758 5504; x_wconf 85' lang='grc' dir='ltr'>τοὺς</span> <span class='ocrx_word' id='word_1_878' title='bbox 2805 5437 2999 5503; x_wconf 79' lang='grc' dir='ltr'>πόδας</span> <span class='ocrx_word' id='word_1_879' title='bbox 3019 5436 3188 5506; x_wconf 84' lang='grc' dir='ltr'>ὑμῶν</span> <span class='ocrx_word' id='word_1_880' title='bbox 3217 5436 3312 5489; x_wconf 76' lang='grc' dir='ltr'><strong>ἐπ’</strong></span> <span class='ocrx_word' id='word_1_881' title='bbox 3363 5435 3466 5504; x_wconf 80' lang='grc' dir='ltr'>ὄρη</span> <span class='ocrx_word' id='word_1_882' title='bbox 3487 5422 3726 5488; x_wconf 73' lang='grc' dir='ltr'>σκοτεινά.</span> 
     </span>
    </p>
   </div>
   <div class='ocr_carea' id='block_1_116' title="bbox 2214 5517 3724 5597">
    <p class='ocr_par' dir='ltr' id='par_1_116' title="bbox 2214 5517 3724 5597">
     <span class='ocr_line' id='line_1_116' title="bbox 2214 5517 3724 5597; baseline -0.003 -15"><span class='ocrx_word' id='word_1_883' title='bbox 2214 5529 2327 5584; x_wconf 90' lang='lat' dir='ltr'><strong>Kal.</strong></span> <span class='ocrx_word' id='word_1_884' title='bbox 2368 5529 2536 5584; x_wconf 81' lang='grc' dir='ltr'>πάλιν</span> <span class='ocrx_word' id='word_1_885' title='bbox 2552 5548 2565 5560; x_wconf 94' lang='grc'><strong>·</strong></span> <span class='ocrx_word' id='word_1_886' title='bbox 2611 5530 2939 5585; x_wconf 86' lang='grc' dir='ltr'>Ἀκούσατε</span> <span class='ocrx_word' id='word_1_887' title='bbox 2961 5527 3116 5594; x_wconf 77' lang='grc' dir='ltr'>λαὸς</span> <span class='ocrx_word' id='word_1_888' title='bbox 3137 5527 3338 5597; x_wconf 84' lang='grc' dir='ltr'>μωρὸς</span> <span class='ocrx_word' id='word_1_889' title='bbox 3357 5526 3452 5580; x_wconf 74' lang='grc' dir='ltr'><strong>καί</strong></span> <span class='ocrx_word' id='word_1_890' title='bbox 3477 5517 3724 5588; x_wconf 62' lang='grc' dir='ltr'>ἁκάιδως·</span> 
     </span>
    </p>
   </div>
   <div class='ocr_carea' id='block_1_117' title="bbox 2215 5604 3719 5693">
    <p class='ocr_par' dir='ltr' id='par_1_117' title="bbox 2215 5604 3719 5693">
     <span class='ocr_line' id='line_1_117' title="bbox 2215 5604 3719 5693; baseline -0.007 -14"><span class='ocrx_word' id='word_1_891' title='bbox 2215 5622 2512 5693; x_wconf 74' lang='grc' dir='ltr'>ὀφθαλμοὶ</span> <span class='ocrx_word' id='word_1_892' title='bbox 2549 5622 2776 5691; x_wconf 84' lang='grc' dir='ltr'>αὐτοῖς,</span> <span class='ocrx_word' id='word_1_893' title='bbox 2808 5623 2904 5677; x_wconf 75' lang='grc' dir='ltr'><strong>καί</strong></span> <span class='ocrx_word' id='word_1_894' title='bbox 2935 5623 3007 5677; x_wconf 85' lang='grc' dir='ltr'>οὐ</span> <span class='ocrx_word' id='word_1_895' title='bbox 3023 5621 3373 5687; x_wconf 80' lang='grc' dir='ltr'>,βλέπουσιν</span> <span class='ocrx_word' id='word_1_896' title='bbox 3390 5636 3403 5649; x_wconf 77' lang='grc' dir='ltr'><strong><em>ο</em></strong></span> <span class='ocrx_word' id='word_1_897' title='bbox 3427 5614 3534 5673; x_wconf 86' lang='grc' dir='ltr'>ὦτα</span> <span class='ocrx_word' id='word_1_898' title='bbox 3550 5604 3719 5669; x_wconf 61' lang='grc' dir='ltr'>αὐτοῖς)</span> 
     </span>
    </p>
   </div>
   <div class='ocr_carea' id='block_1_118' title="bbox 2303 5736 3720 5808">
    <p class='ocr_par' dir='ltr' id='par_1_118' title="bbox 2303 5736 3720 5808">
     <span class='ocr_line' id='line_1_118' title="bbox 2303 5736 3720 5808; baseline -0.009 -11"><span class='ocrx_word' id='word_1_899' title='bbox 2303 5743 2345 5774; x_wconf 83' lang='grc'><strong>⁸¹</strong></span> <span class='ocrx_word' id='word_1_900' title='bbox 2383 5741 2426 5796; x_wconf 90' lang='lat' dir='ltr'><strong>ll</strong></span> <span class='ocrx_word' id='word_1_901' title='bbox 2455 5742 2582 5798; x_wconf 89' lang='lat' dir='ltr'><strong>Cor.</strong></span> <span class='ocrx_word' id='word_1_902' title='bbox 2611 5758 2706 5808; x_wconf 83' lang='lat' dir='ltr'><strong>xu,</strong></span> <span class='ocrx_word' id='word_1_903' title='bbox 2738 5741 2790 5798; x_wconf 86' lang='lat'><strong>9.</strong></span> <span class='ocrx_word' id='word_1_904' title='bbox 2868 5741 2914 5772; x_wconf 85' lang='grc'><strong>⁵¹</strong></span> <span class='ocrx_word' id='word_1_905' title='bbox 2947 5739 3085 5795; x_wconf 88' lang='lat' dir='ltr'><strong>ibid.</strong></span> <span class='ocrx_word' id='word_1_906' title='bbox 3164 5739 3247 5794; x_wconf 85' lang='lat' dir='ltr'><strong>lO.</strong></span> <span class='ocrx_word' id='word_1_907' title='bbox 3350 5739 3398 5771; x_wconf 86' lang='grc'><strong><em>⁸³</em></strong></span> <span class='ocrx_word' id='word_1_908' title='bbox 3437 5737 3576 5792; x_wconf 86' lang='lat' dir='ltr'><strong>Deut.</strong></span> <span class='ocrx_word' id='word_1_909' title='bbox 3600 5736 3720 5783; x_wconf 69' lang='lat' dir='ltr'><strong>usu.</strong></span> 
     </span>
    </p>
   </div>
   <div class='ocr_carea' id='block_1_119' title="bbox 518 5790 3333 5879">
    <p class='ocr_par' dir='ltr' id='par_1_119' title="bbox 518 5790 3333 5879">
     <span class='ocr_line' id='line_1_119' title="bbox 518 5790 3333 5879; baseline 0.006 -32"><span class='ocrx_word' id='word_1_910' title='bbox 518 5790 728 5860; x_wconf 70' lang='lat'><strong>22,25.</strong></span> <span class='ocrx_word' id='word_1_911' title='bbox 805 5800 850 5832; x_wconf 69' lang='grc' dir='ltr'><strong>ιι</strong></span> <span class='ocrx_word' id='word_1_912' title='bbox 887 5790 1021 5857; x_wconf 86' lang='lat' dir='ltr'><strong>ibid.</strong></span> <span class='ocrx_word' id='word_1_913' title='bbox 1058 5805 1144 5859; x_wconf 79' lang='grc' dir='ltr'><strong>ιι.</strong></span> <span class='ocrx_word' id='word_1_914' title='bbox 1219 5790 1265 5840; x_wconf 70' lang='grc' dir='ltr'><strong><em>η</em></strong></span> <span class='ocrx_word' id='word_1_915' title='bbox 1296 5790 1970 5877; x_wconf 31' lang='lat' dir='ltr'><strong>{seiungi/{755151</strong></span> <span class='ocrx_word' id='word_1_916' title='bbox 1996 5790 2199 5876; x_wconf 40' lang='lat' dir='ltr'><strong>[ﬁt]?</strong></span> <span class='ocrx_word' id='word_1_917' title='bbox 2249 5813 2293 5844; x_wconf 72' lang='grc' dir='ltr'>ετ</span> <span class='ocrx_word' id='word_1_918' title='bbox 2326 5790 2428 5868; x_wconf 65' lang='grc' dir='ltr'>ιεέἶ</span> <span class='ocrx_word' id='word_1_919' title='bbox 2457 5790 2836 5879; x_wconf 41' lang='lat' dir='ltr'><strong>[iii-{£3.33</strong></span> <span class='ocrx_word' id='word_1_920' title='bbox 2866 5790 3084 5868; x_wconf 54' lang='lat' dir='ltr'><strong>mea;</strong></span> <span class='ocrx_word' id='word_1_921' title='bbox 3106 5790 3333 5872; x_wconf 60' lang='grc' dir='ltr'>ςιῐιζιο.</span> 
     </span>
    </p>
   </div>
  </div>
