3898 6426
101 370 228 434 933
1416 368 1649 429 LIBER
1685 368 2114 433 ASCETICUS.
2216 384 2219 387 ί
3284 379 3397 445 93L

96 484 209 536 καὶ
242 481 369 536 οὐκ
398 478 752 534 ἁκούουσιν.
797 475 936 547 Ἐμὲ
963 476 1036 530 οὐ
1065 474 1511 546 φοϐηθήσεσθε,
1540 479 1708 546 λέγει

1825 496 1929 532 nea
1973 495 2085 534 non
2132 480 2478 537 verebimini.’
2514 486 2606 555 qui
2650 485 2801 555 posui
2845 498 3069 540 arenam
3114 490 3401 547 terminum

96 574 381 643 Κύριοςς
419 570 459 640 ἢ
489 569 610 625 ἀπὸ
641 568 749 623 τοῦ
785 565 1114 637 προσώπου
1145 585 1266 637 μου
1305 570 1420 623 οὐκ
1449 569 1712 635 εὐλαϐη-

1825 572 1986 636 mn’;
2026 582 2343 641 praceptum
2368 584 2645 640 wternum,
2668 586 2717 631 et
2751 593 2856 631 non
2875 581 3305 649 supergredietur
3328 586 3397 637 ".

95 664 425 732 θῄσεσθε;
452 662 562 717 τὸν
603 659 947 727 ποιήσαντα
991 661 1158 729 ὄριον
1206 659 1458 730 ψάμμον
1489 658 1567 728 τῇ
1608 666 1714 715 θα-

1825 659 1881 713 Et
1923 659 2124 716 iterum
2158 679 2170 713 :
2203 662 2464 733 Corripiet
2495 674 2545 718 te
2576 665 2794 735 defectio
2829 676 2944 733 tua,
2973 678 3023 722 et
3067 670 3273 725 malitia
3304 681 3399 729 tua

94 756 362 824 λάσσῃ,
395 756 752 823 πρόσταγμα
785 752 1053 817 αιώνιον,
1084 752 1187 806 zeal
1232 754 1347 821 οὐχ
1379 752 1715 819 ὑπερϐήσε-

1825 762 2003 823 arguet
2040 764 2106 807 te.
2147 754 2214 808 Et
2254 756 2407 819 scito,
2441 766 2490 810 et
2522 758 2656 822 vide,
2691 760 2815 828 quia
2865 777 3113 816 amarum
3164 764 3258 817 tibi
3300 774 3397 830 est,

94 867 209 904 ται
236 865 258 914 ;
294 849 413 904 Καὶ
435 848 599 903 πάλιν
626 864 643 879 ο
676 845 1000 902 Πωδεύσει
1028 863 1103 900 σε
1121 846 1160 915 ἡ
1193 847 1542 901 ἀποστασία
1572 864 1711 912 σου,

1825 845 1954 914 quod
1980 846 2255 917 reliqueris
2295 865 2395 911 me,
2426 850 2549 903 dicit
2578 851 2742 921 380
2772 852 3048 907 Dominus.
3099 854 3210 926 Ego
3242 857 3400 927 plan-

99 941 215 994 καὶ
251 940 297 1007 ἠ
331 941 515 994 κακία
546 954 667 993 σου
690 937 924 1008 ἐλέγξει
976 953 1069 992 σε.
1102 938 1213 992 Kal
1241 936 1444 1007 γνῶθι,
1472 938 1570 993 καὶ
1600 938 1713 998 ἴδε.

1825 939 1923 991 lavi
1977 939 2182 992 vineam
2232 940 2562 1009 fructiferam
2616 958 2796 995 veram
2846 960 3094 1010 omnem;
3142 950 3403 1017 quomodo

100 1033 205 1086 ὅτι
236 1034 465 1101 πικρόν
488 1032 591 1086 σοί
614 1030 747 1084 ἐστι
782 1030 849 1083 τὸ
887 1029 1246 1084 καταλιπεῖν
1285 1045 1361 1083 σε
1386 1030 1523 1099 ἐμὲ,
1552 1030 1715 1099 λέγει

1825 1043 1965 1082 versa
2013 1044 2066 1081 es
2108 1030 2165 1083 in
2212 1032 2647 1095 amaritudinem,
2694 1034 2812 1086 vitis
2847 1034 3025 1088 aliena
3055 1036 3135 1089 '°?
3166 1036 3402 1093 lterum-

101 1121 365 1189 Κύριος.
403 1120 551 1189 Ἐγὼ
569 1118 876 1187 ἐφύτευσα
896 1117 1171 1187 ἄμπελον
1189 1120 1573 1187 καρποφόρον
1599 1117 1715 1171 πᾶ-

1825 1136 1923 1190 que
1956 1139 1969 1173 :
1996 1120 2117 1175 Non
2144 1123 2253 1176 sedi
2294 1140 2413 1177 cum
2461 1123 2682 1177 concilio
2709 1125 3038 1191 ludentium;
3064 1128 3156 1181 sed
3187 1129 3405 1183 verebar

99 1230 244 1266 σαν
258 1210 587 1279 ἀληθινήν·
606 1210 735 1276 πῶς
757 1209 1070 1279 ἐστράφης
1091 1211 1181 1275 εις
1208 1209 1454 1277 πικρίαν
1468 1210 1506 1277 ἠ
1530 1208 1715 1278 ἄμπε·

1825 1228 1849 1263 ιι
1892 1209 2028 1277 facie
2069 1229 2259 1265 manus
2300 1221 2428 1266 tuae.
2466 1212 2622 1267 Solus
2656 1216 2928 1280 sedebam,
2969 1217 3097 1286 quia
3145 1220 3405 1273 amaritu-

101 1307 230 1370 λος
255 1305 300 1372 ἠ
332 1302 621 1371 ἀλλοτρία
636 1319 655 1368 ;
672 1303 783 1356 Καὶ
804 1301 984 1355 πάλινο
1011 1302 1133 1355 Οὐκ
1158 1300 1414 1354 ἐκάθισα
1435 1300 1583 1367 μετὰ
1608 1316 1715 1355 συ-

1825 1302 1939 1355 dine
1974 1302 2160 1371 plenas
2194 1321 2343 1357 eram
2365 1305 2430 1358 ".
2467 1305 2811 1359 Ezecliielem
2835 1322 2963 1361 \cro
2988 1309 3241 1373 audiens,
3276 1312 3404 1380 quis

104 1394 372 1462 νεδρίου
398 1392 723 1454 παιζόντων
746 1392 914 1465 [εἰει.
961 1390 1262 1461 συνεδρίῳ
1288 1390 1489 1446 αὐτῶν
1512 1390 1712 1464 παιζΓ

1825 1404 1929 1446 non
1967 1392 2196 1449 horrore
2228 1396 2657 1450 contremiscat?
2687 1397 2991 1467 Effundant,
3026 1398 3226 1468 inquit,
3260 1402 3405 1454 iram

107 1486 265 1541 ἀλλ’
308 1487 705 1555 ηὐλαϐούμην
766 1484 891 1541 ἀπὸ
948 1484 1273 1553 προσώπου
1321 1485 1523 1552 χειρός
1575 1499 1714 1539 σου.

1825 1499 1991 1536 meam
2022 1502 2180 1554 super
2206 1495 2273 1551 te,
2317 1495 2365 1539 et
2388 1486 2656 1556 complebo
2679 1490 2912 1557 furorem
2946 1505 3120 1543 meum
3148 1491 3204 1544 in
3232 1500 3283 1545 te
3311 1508 3328 1546 :
3355 1502 3405 1546 et

110 1581 487 1647 Καταμόνας
512 1575 843 1647 ἐκαθήμην,
884 1575 974 1630 ὅτι
1031 1576 1271 1643 πικρίας
1299 1574 1715 1643 ἐνεπλήσθην.

1825 1575 2061 1637 iudicabo
2086 1587 2134 1631 te
2154 1580 2208 1631 in
2233 1581 2327 1633 viis
2358 1580 2483 1646 tuis,
2507 1590 2557 1635 et
2584 1582 2717 1635 dabo
2738 1599 2897 1651 super
2920 1591 2969 1636 te
2990 1600 3168 1637 omnes
3202 1586 3405 1639 abomi-

111 1671 221 1734 Τίς
246 1671 308 1723 δὲ
340 1670 403 1723 οὐ
428 1668 645 1738 φρίσσει
673 1667 770 1721 τοῦ
828 1666 1091 1738 ’Ῑεξεκιὴλ
1135 1666 1373 1732 ἁκούων,
1428 1666 1680 1735 λέγοντος
1699 1683 1713 1698 ³

123 1762 364 1835 Ἐκχεῶ
389 1763 506 1831 τὴν
531 1760 719 1831 ὀργήν
732 1778 853 1831 μου
875 1760 974 1814 ἐπὶ
996 1759 1093 1821 σὲ,
1114 1760 1213 1814 καί
1236 1759 1589 1814 συντελέσω
1612 1760 1717 1813 τὸν

1818 1668 2057 1722 nationes
2080 1678 2201 1723 tuas
2227 1687 2245 1724 :
2272 1681 2319 1724 et
2347 1688 2450 1726 non
2489 1684 2668 1744 parcet
2702 1674 2885 1728 oculus
2919 1692 3085 1740 meus,
3117 1692 3281 1747 neque
3315 1679 3405 1731 mi-

1816 1760 2101 1824 serebitur;
2150 1770 2199 1814 et
2241 1773 2365 1816 tunc
2413 1781 2688 1834 cognosces
2736 1766 2861 1835 quia
2904 1783 2997 1836 ego
3048 1767 3304 1823 Dominus
3334 1770 3402 1824 ".

114 1822 325 1925 θυμόν
350 1822 472 1924 μου
502 1822 770 1909 έεὲιάοῐ·
801 1851 901 1906 καὶ
943 1851 1125 1920 κρινῶ
1160 1866 1238 1906 σε
1275 1851 1346 1905 ὲν
1372 1850 1503 1917 ταῖς
1552 1850 1715 1917 ὁδοῖς

1825 1848 1950 1915 Quis
1997 1868 2127 1906 vero
2175 1868 2243 1907 ex
2298 1854 2541 1911 Danielis
2581 1857 2768 1912 verbis
2816 1873 2927 1912 non
2974 1870 3400 1930 compungatur,

112 1966 263 2013 σου,
300 1948 400 2002 καὶ
421 1946 596 2001 δώσω
615 1946 714 1999 ἐπὶ
744 1945 821 1999 σὲ
849 1945 1046 1999 πάντα
1068 1944 1142 1998 τὰ
1154 1943 1548 2014 ,βδελύγματά
1571 1956 1711 1997 σου·

112 2042 224 2096 καὶ
246 2043 327 2096 οὐ
354 2043 627 2111 φείσεται
647 2045 682 2096 ό
701 2039 1008 2110 ὀφθαλμός
1023 2054 1166 2107 μου,
1183 2036 1311 2092 οὐδ’
1336 2038 1408 2091 οὐ
1424 2036 1510 2107 μὴ
1535 2035 1709 2105 ὲλεήα

112 2148 247 2188 σω·
282 2134 384 2187 καὶ
415 2134 549 2187 τότε
583 2129 891 2201 ἐπιγνώση
952 2130 1043 2182 ὅτι
1104 2126 1220 2195 ἐγὼ
1252 2128 1488 2196 Κύριος.
1533 2127 1629 2190 Τίς
1656 2127 1714 2181 δὲ

113 2225 219 2278 τοῦ
272 2224 474 2295 Δανιὴλ
523 2222 737 2278 ἀκούων
783 2221 847 2275 οὐ
893 2219 1258 2287 κατανύγεται
1278 2234 1293 2249 ⁸
1321 2218 1714 2291 διαγράφοντος

113 2315 429 2387 διαρρήδην
456 2314 555 2385 τὴν
574 2313 790 2386 ἡμέραν
820 2312 919 2383 τῆς
956 2310 1193 2383 φοϐερᾶς
1228 2310 1462 2381 κρίσεως
1481 2350 1496 2374 ,
1550 2311 1608 2364 ὲν
1633 2304 1716 2373 οἷς

115 2423 320 2478 φησιν’
356 2406 507 2476 Ἐγὼ
529 2406 755 2475 Δανιὴλ
777 2402 1093 2472 ἐθεώρουν,
1126 2403 1240 2469 ἕως
1274 2397 1346 2457 οὗ
1375 2402 1577 2470 θρόνοι
1598 2400 1717 2454 ἐτέ-

115 2504 351 2568 θησαν.
385 2498 495 2553 Kal
524 2497 787 2564 Παλαιὸς
808 2494 1045 2566 ἡμερῶν
1080 2493 1400 2562 ἐπόθησεν.
1439 2494 1509 2548 Τὸ
1542 2494 1716 2547 ἐνδυ·

116 2591 421 2659 μααὺτοῦ
448 2590 679 2645 λευκὸν
707 2590 851 2643 ὡσεὶ
891 2588 1039 2659 χιών
1059 2604 1075 2621 ο
1108 2588 1208 2643 καὶ
1233 2588 1271 2655 ή
1302 2586 1434 2655 θρὶξ
1471 2584 1582 2653 τῆς
1614 2602 1714 2639 κε·

116 2683 337 2753 φαλῆς
389 2683 576 2738 αὑτοῦ
615 2683 695 2750 ὡς
729 2684 893 2752 ἔριον
935 2681 1223 2750 καθαρόν.
1270 2680 1377 2734 Kal
1426 2681 1459 2733 ό
1500 2678 1717 2746 θρόνος

117 2777 320 2833 αὐτοῦ
352 2777 514 2847 φλὸξ
535 2777 728 2843 πυρός
753 2793 767 2806 ’
793 2777 848 2829 oi
873 2773 1076 2843 τροχοὶ
1101 2770 1290 2827 αὑτοῦ
1313 2771 1433 2839 πῦρ
1464 2769 1711 2839 φλέγον.

120 2870 407 2939 Ποταμὸς
432 2869 623 2936 πυρὸς
640 2865 865 2931 εἷλκεν,
884 2865 1359 2935 ἐκπορευόμενος
1376 2864 1717 2934 ἔμπροσθεν

120 2956 343 3011 αὐτοῦ.
390 2957 589 3010 xum;
630 2955 897 3025 χιλιάδες
949 2953 1372 3021 ἐλειτούργουν
1403 2951 1585 3017 αὐτῷ,
1614 2950 1715 3005 καὶ

114 3050 335 3119 μύριαι
353 3047 640 3117 μυριάδες
673 3044 1186 3114 παρειστήκεισαν
1216 3042 1561 3113 ἔμπροσθεν
1603 3042 1715 3095 αὑ-

1816 1940 1948 1996 dum
2001 1946 2346 1999 tremendum
2395 1946 2588 2016 judicii
2635 1947 2782 2001 diem
2827 1949 2901 2003 ita
2948 1950 3253 2005 describit?
3290 1951 3404 2022 Ego

1815 2031 2008 2087 Daniel
2026 2036 2283 2100 videbam,
2308 2038 2471 2091 donec
2491 2040 2664 2092 throni
2685 2041 2841 2109 positi
2869 2051 2992 2094 sunt
3016 2058 3035 2096 :
3055 2052 3107 2096 et
3140 2042 3405 2111 Antiquus

1816 2126 2021 2180 dierum
2049 2130 2204 2182 sedit.
2240 2128 2617 2185 Vestimentum
2638 2134 2760 2198 eius
2786 2133 3071 2187 candidum
3095 2135 3248 2205 quasi
3275 2135 3404 2200 nix;

1816 2226 1865 2270 et
1886 2217 2114 2287 capillus
2140 2220 2331 2290 capitis
2361 2221 2475 2292 ejus
2499 2222 2651 2291 quasi
2682 2221 2810 2276 lana
2847 2222 2993 2277 alba.
3030 2224 3264 2279 Thronus
3289 2226 3405 2295 ejus

1814 2310 2035 2379 ﬂamma
2055 2311 2217 2381 ignis,
2242 2322 2290 2365 et
2325 2322 2456 2366 rota!
2479 2314 2592 2382 ejus
2612 2314 2750 2384 ignis
2778 2316 2992 2369 ardens.
3031 2315 3243 2370 Flavius
3269 2318 3403 2386 ignis

1816 2400 2079 2464 trahebat,
2113 2403 2383 2471 egrediens
2420 2405 2474 2457 i-n
2512 2414 2787 2473 conspectu
2830 2407 2964 2476 ejus.
3007 2408 3199 2462 Millies
3234 2408 3403 2463 millia

1817 2492 2191 2547 ministrabant
2218 2496 2286 2559 ei,
2320 2504 2369 2549 et
2402 2496 2594 2551 millies
2628 2501 2819 2554 centies
2852 2510 3071 2556 centena
3106 2504 3274 2557 millia
3314 2522 3404 2557 as-

1814 2587 2068 2640 sistebant
2119 2604 2302 2643 coram
2345 2605 2426 2643 eo.
2467 2590 2735 2647 Judicium
2774 2595 2927 2657 sedit,
2971 2604 3021 2648 et
3065 2595 3186 2651 libri
3232 2600 3406 2668 aperti

1815 2686 1939 2731 sunt
1973 2678 2018 2708 ⁸³
2054 2695 2068 2732 :
2106 2680 2539 2751 uniuscujusque
2588 2682 2801 2738 scilicet
2828 2693 2987 2741 actus
3026 2696 3081 2741 et
3115 2703 3303 2757 opera.
3337 2689 3406 2742 Et

1816 2770 2019 2825 iterum
2055 2789 2069 2825 :
2104 2771 2434 2841 Aspiciebam
2471 2774 2526 2827 in
2565 2776 2763 2830 visione
2802 2778 2998 2842 noctis;
3037 2788 3086 2831 et
3125 2795 3241 2832 ecce
3285 2797 3407 2833 cum
3482 2842 3485 2845 η

1818 2860 2037 2914 nubibus
2066 2860 2181 2914 caeli
2204 2863 2357 2932 quasi
2399 2860 2563 2917 Filius
2600 2864 2825 2918 hominis
2859 2865 3119 2931 veniebat,
3147 2876 3196 2921 et
3238 2883 3408 2938 usque

1817 2950 1888 3002 ad
1914 2950 2205 3020 Antiquam
2250 2952 2454 3007 dierum
2485 2956 2741 3022 pervenit,
2789 2965 2837 3008 et
2876 2956 2931 3009 in
2975 2964 3251 3027 conspectu
3294 2959 3407 3028 ejus

1817 3042 2025 3096 oblatus
2065 3051 2140 3097 est
2173 3045 2249 3108 ei;
2290 3054 2339 3097 et
2378 3044 2533 3098 datus
2560 3056 2637 3099 est
2673 3048 2774 3116 ipsi
2798 3048 3126 3117 principatus
3159 3057 3208 3101 et
3242 3051 3409 3102 honor

120 3142 260 3196 τοῦ.
287 3139 605 3210 Κριτήριον
630 3138 895 3202 ἐκάθισε,
929 3138 1029 3192 καὶ
1051 3138 1259 3203 βίϐλοι
1288 3133 1711 3204 ἠνεῴχθησανο

1825 3142 1867 3186 et
1894 3150 2136 3204 regnum.
2170 3134 2242 3188 Et
2269 3151 2447 3189 omnes
2476 3136 2677 3207 populi,
2724 3137 2911 3200 tribus,
2938 3138 3132 3208 linguae
3156 3140 3256 3208 ipsi
3296 3156 3409 3193 ser-

120 3230 203 3284 τὰ
222 3230 589 3303 πεπραγμένα
607 3231 838 3284 ἑκάστου
865 3228 1023 3300 δῆλον
1040 3230 1143 3283 ὅτι.
1170 3228 1281 3281 Καὶ
1302 3226 1484 3280 πάλινο
1514 3223 1718 3280 Ἐθεώ-

115 3339 286 3392 ρουν
314 3322 386 3375 ἐν
420 3320 669 3392 ὁράματι
698 3319 806 3389 τῆς
842 3320 1084 3385 νυκτὸς,
1136 3319 1234 3373 καὶ
1268 3316 1398 3373 ιδοὺ
1422 3316 1576 3386 μετὰ
1600 3313 1718 3368 τῶν

121 3413 411 3485 νεφελῶν
432 3414 537 3468 τοῦ
560 3414 846 3483 οὐρανοῦ,
870 3414 951 3479 ὠς
977 3413 1110 3479 ΥΙὸς
1128 3408 1444 3479 ἀνθρώπου
1472 3407 1717 3477 ἐρχόμε-

123 3524 243 3573 νος
268 3503 388 3578 ’ἦν’
420 3507 517 3561 καὶ
553 3506 663 3573 ἕως
694 3507 801 3561 τοῦ
832 3502 1101 3560 Παλαιοῦ
1142 3500 1379 3571 ἡμερῶν
1401 3500 1670 3569 ἔφθασεν
1696 3514 1713 3531 ⁸

1824 3225 1964 3278 vient
1999 3240 2019 3278 :
2058 3233 2107 3278 et
2145 3226 2375 3295 potestas
2410 3227 2522 3296 ejus
2558 3234 2786 3297 potestas
2832 3236 3071 3293 (eterna;
3105 3236 3155 3280 et
3185 3244 3407 3299 regnum

1821 3316 1936 3384 ejus
1968 3332 2188 3387 regnum
2224 3327 2506 3371 mternum.
2553 3317 2770 3372 Horruit
2819 3319 3039 3389 spiritus
3086 3335 3268 3384 meus,
3315 3337 3408 3391 ego

1825 3406 2034 3473 Daniel,
2065 3408 2119 3460 in
2153 3407 2331 3461 habitu
2384 3424 2519 3474 meo,
2558 3417 2607 3462 et
2648 3410 2870 3463 visiones
2914 3410 3101 3480 capitis
3146 3411 3249 3464 mei
3290 3427 3409 3465 con-

1822 3499 2167 3553 turbaverunt
2199 3516 2279 3553 me
2307 3500 2373 3552 “.

123 3602 233 3655 καὶ
261 3598 522 3655 ἐνώπιον
554 3601 741 3656 αὐτοῦ
788 3596 1181 3669 προσηνέχθη
1224 3593 1415 3660 αὐτῷ’
1453 3593 1552 3647 καὶ
1588 3589 1749 3657 αὐτῷ
1784 3590 1961 3659 ἐδόθη
2017 3592 2056 3659 ἡ
2101 3592 2258 3661 ἀρχὴ
2304 3592 2402 3647 καὶ
2453 3593 2493 3660 ἡ
2542 3592 2679 3663 τιμὴ
2721 3593 2820 3648 καὶ
2866 3594 2903 3662 ἡ
2940 3594 3254 3658 βασιλεία.
3286 3593 3397 3649 Kal

125 3694 362 3759 πάντες
387 3695 442 3746 οι
471 3692 630 3757 λαοί,
686 3691 895 3762 φυλαὶ,
944 3689 1217 3761 γλῶσσαι
1267 3686 1429 3753 αὐτῷ
1502 3683 1916 3741 δουλεύσουσι
1942 3699 1957 3716 ο
1992 3683 2091 3737 καὶ
2153 3685 2192 3753 ἡ
2257 3684 2513 3749 ἐξουσία
2578 3684 2786 3750 αὑτοῦ,
2826 3684 3080 3750 ἐξουσία
3131 3684 3367 3753 αἰώνιος
3393 3692 3406 3705 ’

126 3788 236 3845 καὶ
260 3790 299 3856 ἠ
317 3788 609 3854 βασιλεία
633 3788 843 3853 αὑτοῦ,
860 3785 1153 3852 βασιλεία
1197 3783 1453 3849 αἰώνιος.
1494 3780 1743 3849 Ἔφριξε
1778 3780 1845 3833 τὸ
1871 3777 2109 3849 πνεῦμά
2132 3796 2283 3849 μου,
2309 3778 2425 3851 ἐγὼ
2469 3778 2718 3847 Δανιὴλ,
2757 3779 2828 3832 ἐν
2863 3778 2939 3849 τῇ
2968 3778 3092 3844 ἕξει
3112 3797 3255 3850 μου,
3309 3777 3406 3833 καὶ

126 3886 198 3939 al
225 3882 471 3953 ὁράσεις
499 3882 609 3952 τῆς
639 3881 908 3951 κεφαλῆς
924 3898 1044 3950 μου
1070 3875 1538 3946 συνετάρασσόν
1555 3892 1652 3945 με.

205 3983 318 4047 κη’.
356 3974 454 4038 Τίς
484 3974 541 4027 δὲ
572 3972 663 4027 τοῦ
694 3973 860 4027 Δαϐιδ
897 3973 1109 4026 ἀκούων
1142 3970 1204 4023 οὐ
1233 3968 1499 4039 φοϐεῖται,
1532 3966 1711 4034 λέγον-

131 4087 225 4135 τος
250 4086 266 4100 ·
300 4068 494 4132 Ἀπαξ
523 4066 833 4134 ἐλάλησεν
858 4069 891 4121 ὀ
920 4064 1086 4130 Θεὸς,
1110 4063 1220 4117 δύο
1252 4061 1438 4115 ταῦτα
1458 4060 1716 4128 ἤκουσα,

134 4160 227 4215 ὅτι
256 4158 325 4213 τὸ
356 4156 575 4226 κράτος
599 4156 706 4211 τοῦ
740 4156 911 4219 Θεοῦ,
929 4155 1027 4209 καὶ
1048 4153 1188 4217 σοῦ,
1216 4152 1415 4220 Κύριε,
1433 4150 1497 4203 τὸ
1520 4149 1714 4212 ἕλεος⁸

134 4252 226 4307 ὅτι
256 4250 341 4305 σὺ
370 4248 705 4314 ἀποδώσεις
753 4247 990 4311 ἑκάστῳ
1010 4246 1161 4300 κατὰ
1208 4244 1280 4298 τὰ
1327 4243 1472 4312 ἔργα
1508 4241 1714 4295 αὐτοῦ.

136 4342 252 4397 Καὶ
310 4341 476 4395 πάλιν
554 4340 651 4394 τοῦ
724 4335 1154 4408 Ἐκκλησιαστοῦ
1213 4334 1492 4403 λέγοντος·
1543 4331 1721 4397 Τέλος

134 4435 352 4503 λόγου,
413 4431 481 4485 τὸ
510 4430 635 4485 πᾶν
662 4428 876 4483 ἄκουε·
919 4427 1026 4482 τὸν
1065 4425 1215 4481 Θεὸν
1232 4423 1442 4494 φοϐοῦ,
1486 4421 1585 4475 καὶ
1614 4420 1721 4486 τὰς

1894 3965 1985 4021 28.
2025 3964 2160 4032 Quis
2184 3980 2318 4021 vero
2346 3964 2607 4020 Davidem
2643 3964 2876 4020 audiens
2904 3980 3012 4020 non
3038 3964 3246 4028 timeat,
3277 3962 3408 4017 dum

1823 4057 1904 4112 ait
1940 4075 1953 4110 :
1984 4056 2159 4112 Semel
2198 4056 2401 4110 locutus
2430 4065 2506 4111 est
2541 4056 2704 4120 Deus,
2737 4057 2839 4111 duo
2879 4058 2988 4110 hinc
3028 4056 3204 4109 audivi
3232 4073 3250 4110 :
3282 4056 3408 4125 quia

1823 4158 2055 4219 potestas
2084 4148 2181 4202 Dei
2212 4156 2309 4213 est,
2350 4155 2399 4201 et
2444 4156 2558 4213 tua,
2586 4148 2830 4212 Domine,
2856 4149 3245 4213 misericordia;
3282 4151 3409 4218 quia

1823 4251 1879 4294 tu
1919 4240 2101 4294 reddes
2141 4240 2422 4309 unicuique
2450 4240 2612 4309 juxta
2650 4254 2810 4308 opera
2844 4254 2943 4291 sua
2976 4238 3040 4291 ⁸⁵.
3088 4238 3409 4308 Rursusque

1822 4330 2211 4385 Ecclesiastem
2252 4346 2265 4381 :
2298 4328 2441 4381 Finis
2488 4329 2765 4392 sermonis,
2811 4336 2979 4381 totum
3030 4327 3159 4381 audi
3186 4344 3204 4381 :
3239 4327 3408 4383 Deum

1822 4422 1969 4485 time,
2008 4428 2058 4474 et
2103 4420 2362 4475 mandata
2407 4420 2520 4491 ejus
2563 4419 2800 4485 custodi;
2842 4420 2937 4473 hoc
2975 4420 3112 4473 enim
3155 4428 3231 4473 est
3271 4428 3408 4477 totus

136 4494 394 4591 ἐντολάς
415 4523 602 4581 αὐτοῦ
619 4523 925 4592 φύλασσε,
945 4519 1034 4573 ὅτι
1050 4518 1228 4573 τοῦτο
1246 4515 1365 4583 πᾶς
1391 4515 1715 4583 ἅνθρωπος·

1827 4515 2022 4567 homo:
2052 4514 2175 4583 quia
2208 4529 2360 4567 omne
2402 4513 2601 4581 factum
2631 4511 2851 4565 adducet
2882 4511 3023 4566 Deus
3048 4512 3101 4565 in
3120 4512 3407 4582 judicium,

136 4620 227 4673 ὅτι
255 4619 514 4686 σύμπαν
537 4617 603 4670 τὸ
645 4615 874 4683 ποίημα
911 4613 1041 4677 ἄξει
1078 4614 1111 4667 ό
1149 4610 1293 4676 Θεὸς
1330 4609 1399 4663 ἐν
1431 4608 1626 4676 κρίσει
1656 4608 1715 4662 ὲν

1825 4605 1877 4658 in
1913 4607 2056 4659 omni
2101 4604 2240 4676 quod
2278 4604 2571 4677 neglectum
2606 4613 2701 4670 est,
2733 4605 2841 4658 sive
2882 4603 3094 4668 bonum,
3140 4604 3246 4658 sive
3291 4623 3408 4659 ma-

139 4711 321 4764 παντὶ
340 4709 797 4778 παρεωραμένφ,
821 4706 931 4760 ἐὰν
958 4703 1206 4774 ἀγαθὸν,
1252 4701 1353 4756 καὶ
1393 4700 1501 4755 ἐὰν
1537 4713 1725 4768 πονη-

212 4822 268 4857 ν.

350 4893 450 4956 Τίς
490 4892 548 4946 δὲ
591 4891 659 4945 τὰ
684 4892 847 4962 ὅμοια
875 4889 1094 4945 ἀκούων
1133 4888 1229 4942 τοῦ
1284 4887 1609 4941 Ἀποστόλου
1638 4887 1727 4939 λέ-

137 4998 351 5054 γοντος,
377 4983 439 5035 οὐ
461 4983 652 5054 τρέμει
675 4998 690 5013 ·
713 4980 816 5036 Δεῖ
835 4980 945 5050 γὰρ
970 4980 1200 5045 πάντας
1233 4976 1391 5047 ἡμᾶς
1415 4976 1723 5045 παραστῆ-

138 5092 237 5131 ναι
264 5072 345 5139 τῷ
362 5071 593 5141 ,ϐήματι
640 5072 748 5126 τοῦ
785 5070 1068 5140 Χριστοῦ,
1088 5070 1191 5124 ἵνα
1229 5071 1549 5140 κομίσηται
1580 5068 1719 5123 ἕκα-

140 5183 289 5233 στος
312 5165 483 5235 ἡμῶν
518 5166 591 5220 τὰ
611 5166 708 5220 διὰ
730 5164 837 5220 τοῦ
862 5164 1160 5234 σώματος,
1183 5163 1305 5216 εἴτε
1333 5161 1578 5232 ἀγαθὸν,
1602 5161 1725 5215 εἴτε

142 5260 354 5315 κακόν.
377 5258 473 5323 Τίς
502 5255 595 5314 οὖν
624 5258 686 5313 οὐ
718 5259 983 5330 Θρηνήσει
1013 5259 1114 5327 τὴν
1134 5255 1391 5310 ἀπιστίαν
1418 5255 1596 5326 ἡμῶν,
1630 5253 1727 5308 xal.

140 5355 242 5426 τὴν
266 5352 541 5421 τύφλωσιν
572 5352 675 5423 τῆς
700 5352 881 5423 ψυχῆς
928 5350 1088 5423 ἡμῶν
1106 5368 1120 5383 ο
1149 5348 1461 5405 ὅτιτούτων
1505 5348 1726 5402 πάντων

147 5445 454 5510 ἀκούοντες,
482 5444 545 5498 οὒ
576 5442 967 5515 μετανοοῦμεν,
991 5444 1086 5498 καὶ
1110 5441 1325 5515 πικρῶς
1344 5441 1608 5512 κλαίομεν
1630 5440 1725 5494 ἐπὶ

148 5543 215 5613 τῇ
241 5538 476 5614 τοσαύτῃ
498 5541 655 5612 ἡμῶν
680 5536 913 5609 ἀμελείᾳ
947 5535 1042 5591 καὶ
1075 5534 1351 5607 ῥᾳθυμίας
1382 5533 1451 5604 ἢν
1480 5530 1726 5601 προθεω-

221 5750 266 5781 ⁸⁸
294 5746 495 5801 Jerem.
526 5762 581 5809 ν,
610 5744 702 5808 21,
731 5743 823 5797 22.
900 5741 946 5773 ‘°
988 5741 1192 5797 Jerem.
1224 5755 1285 5805 ιι,
1325 5736 1510 5809 19-21.
1589 5736 1631 5768 ⁶¹
1660 5735 1715 5790 Je

1825 5734 2112 5809 t._xv,j'l.
2151 5732 2230 5809 ς’
2274 5729 2475 5809 Ezeelt.
2506 5744 2600 5809 vl],
2633 5729 2687 5793 4,
2717 5728 2772 5784 9.

1824 4696 1936 4751 lum
1966 4697 2034 4751 ⁵⁸.

1891 4886 1984 4943 29.
2011 4885 2148 4953 Quis
2178 4900 2309 4939 vero
2333 4884 2463 4939 dum
2490 4898 2555 4937 ex
2586 4883 2849 4953 Apostolo
2881 4883 2971 4940 his
3002 4884 3199 4940 similia
3231 4887 3407 4950 audit,

1823 4995 1931 5033 non
1967 4977 2389 5031 contremiscat:
2423 4975 2637 5046 Oportet
2668 4976 2808 5029 enim
2846 4993 2939 5030 nos
2967 4994 3146 5031 omnes
3173 4978 3286 5031 sisti
3315 4979 3410 5031 tri-

1824 5069 2008 5124 bunali
2025 5068 2239 5131 Christi,
2254 5078 2310 5121 ut
2334 5068 2527 5137 referat
2547 5069 2904 5138 unusquisque
2922 5077 3303 5137 nostrum,qua:
3318 5086 3411 5138 per

1822 5180 2013 5235 corpus
2041 5163 2219 5234 gessit,
2256 5164 2363 5216 sive
2399 5162 2613 5227 bonum,
2641 5164 2749 5215 sive
2792 5162 2995 5215 malum
3020 5163 3087 5215 ".
3118 5161 3251 5227 Quis
3282 5177 3412 5231 ergo

1825 5271 1938 5310 non
1976 5254 2160 5325 lugeat
2190 5252 2631 5308 incredulitatem
2662 5262 2905 5308 nostram
2935 5267 3000 5307 ac
3032 5254 3231 5308 mentis
3256 5254 3399 5308 caeci-

1827 5356 2019 5413 tatem,
2049 5345 2195 5416 quod
2240 5346 2357 5401 haec
2398 5346 2582 5400 omnia
2613 5345 2903 5401 audientes
2930 5344 3255 5414 paenitentia
3300 5361 3411 5401 non

1831 5438 2107 5501 ducimur,
2135 5452 2240 5492 nec
2279 5451 2381 5507 pro
2419 5444 2567 5491 tanta
2618 5444 2804 5491 nostra
2843 5435 3178 5506 negligentia
3207 5452 3271 5493 ac
3302 5445 3411 5492 tor-

1833 5546 1968 5603 pore
1992 5531 2153 5602 381
2181 5545 2368 5587 amare
2399 5528 2625 5585 ﬂemus?
2652 5526 2799 5583 Hanc
2815 5526 3084 5585 Jeremias
3112 5530 3305 5599 procul
3332 5531 3411 5585 vi-

2882 5728 2927 5761 ”
2958 5730 3091 5785 Dan.
3118 5746 3211 5795 vn,
3240 5730 3295 5795 9,
3324 5730 3407 5785 i0.

155 5821 197 5848 ιι
225 5796 581 5873 ίυίῖιζῖεζιδῗ
614 5796 852 5868 ίυῬέειι.
883 5796 1110 5877 ιι1,12,
1140 5811 1224 5864 13.
1273 5796 1346 5841 ἰο
1372 5796 1555 5863 Eccle.
1585 5822 1677 5873 χιι,
1712 5826 1715 5837 ε

1834 5807 1921 5861 ib.
1978 5796 2041 5835 ⁷⁸⁷
2068 5802 2117 5857 ll
2143 5800 2271 5856 Cor.
2306 5816 2358 5865 ν,
2398 5799 2496 5862 1ος
2530 5800 2690 5856 Rom.
2718 5815 2826 5866 xw,
2862 5798 2949 5855 10.
