4048 6430
554 331 660 396 939

1752 320 1812 382 S.
1853 307 2141 382 ΜΑΧῙΜῙ
2180 303 2686 374 CONFESSORIS

3687 291 3778 362 9m

557 443 775 518 parenti
795 442 974 499 simile
998 449 1102 500 est.
1131 437 1413 513 Significat
1448 441 1629 493 autem
1652 435 1818 493 etiam
1853 435 2149 497 Dominus,-

2259 427 2665 500 τεγεννημένον.
2688 424 2875 495 ὅμοιον
2898 435 2992 472 του
3007 404 3395 518 γεγεννηκότος
3415 409 3550 518 ἐστί.
3573 407 3778 518 eti-Eoi?

560 539 631 595 iis
657 537 841 594 verbis
869 555 882 592 :
915 535 1065 603 Quod
1089 543 1277 591 natum
1307 540 1383 586 est
1402 546 1466 585 ex
1491 529 1714 602 Spiritu,
1739 529 1956 601 spiritus
1979 525 2136 591 est“;

559 646 662 687 nos
690 639 873 686 autem
903 643 1096 684 carnes
1123 625 1251 682 lacti
1285 639 1498 689 sumus,
1529 621 1622 694 qui
1649 619 1938 676 desideriis
1959 617 2140 674 carnis

561 719 828 776 adversus
844 715 1100 788 spiritum
1122 723 1443 777 aestuemus,
1465 709 1824 782 quamobrem
1845 707 2010 761 etiam
2027 721 2142 760 me-

563 811 671 867 rito
691 827 758 866 ex
783 809 876 864 illo
919 807 1175 863 audimus
1204 822 1216 859 :
1243 803 1361 859 Non
1383 801 1707 875 permanebit
1735 799 1966 871 Spiritus
1997 813 2141 852 meus

564 903 617 956 in
672 898 963 954 hominibus
1008 898 1142 962 istis,
1184 895 1310 966 quia
1351 909 1538 947 carnes
1564 899 1685 945 sunt
1705 888 1772 942 ⁸⁸.
1803 888 1942 954 Quia
1977 887 2143 958 igitur

565 992 780 1048 ratione
824 988 1123 1045 Christiani
1169 986 1360 1041 audire
1411 997 1735 1054 possumus,
1768 981 1863 1051 qui
1896 979 1954 1034 in
1980 979 2144 1034 nobis

566 1082 712 1153 quod
741 1079 946 1137 Christi
977 1080 1048 1134 sit
1077 1077 1217 1132 nihil
1240 1076 1542 1131 habeamus
1569 1071 1596 1128 ’ἴ

639 1284 730 1342 54.
773 1283 842 1340 At
870 1283 1017 1338 dicet
1052 1281 1284 1338 fortasse
1327 1281 1571 1352 aliquis:
1607 1279 1794 1335 Fidem
1818 1277 2017 1343 habeo,
2049 1292 2146 1333 ea-

566 1393 674 1448 que
699 1377 754 1431 in
785 1391 909 1432 eum
940 1374 1077 1431 ﬁdes
1097 1374 1230 1430 satis
1258 1381 1344 1428 est
1375 1372 1444 1428 ad
1477 1372 1730 1428 salutem.
1759 1369 1829 1425 At
1852 1367 2147 1439 respondet

565 1466 804 1523 Iacobus
829 1465 910 1520 sic
942 1463 1236 1534 argutanti,
1264 1462 1486 1527 dicens}:
1517 1461 1587 1516 Et
1614 1461 1876 1515 dmmones
1905 1459 2145 1524 credunt,

568 1567 620 1615 et
644 1559 1049 1613 contremiscunt
1079 1554 1146 1609 ⁸⁸.
1179 1555 1248 1610 Ει
1280 1555 1482 1610 iterum
1515 1544 1536 1608 ἐ
1568 1553 1720 1608 Fides
1754 1553 1868 1606 sine
1903 1551 2148 1624 operibus

569 1655 781 1706 tnortua
804 1657 880 1704 est
907 1650 963 1702 in
991 1647 1269 1718 semetipsa
1283 1664 1302 1714 ;
1326 1655 1382 1700 ut
1423 1655 1473 1700 et
1503 1663 1661 1717 opera
1690 1647 1802 1700 sine
1819 1644 1924 1713 [ide
1943 1643 2010 1698 ⁸⁷.
2032 1643 2158 1711 Qua

568 1758 704 1800 vero
737 1741 946 1797 ratione
969 1739 1136 1795 etiam
1177 1740 1234 1794 in
1262 1754 1390 1794 eum
1421 1739 1720 1804 credimus,
1753 1747 1849 1792 aut
1878 1737 1930 1792 ei
1966 1737 2034 1793 de
2065 1735 2152 1792 fu-

567 1837 714 1891 turis
743 1841 1064 1905 praestamus
1091 1830 1277 1897 ﬁdem,
1301 1830 1396 1900 qui
1422 1844 1493 1886 ne
1525 1830 1593 1885 de
1626 1829 1992 1900 temporaneis
2022 1829 2148 1899 qui-

567 1928 696 1982 dem
733 1940 797 1981 ac
848 1939 969 1995 quae
1005 1923 1170 1994 hujus
1214 1922 1340 1977 vita:
1382 1929 1530 1987 sunt,
1557 1921 1717 1976 ﬁdem
1743 1922 1821 1976 illi
1848 1921 2150 1976 habemus?

562 2017 934 2086 Quamobrem
977 2016 1143 2071 etiam
1187 2015 1422 2069 terrenis
1464 2013 1630 2069 rebus
1661 2014 1862 2069 allectu
1899 2014 2150 2084 implica-

563 2125 718 2173 snur,
747 2123 811 2163 ac
840 2107 933 2177 qui
965 2105 1117 2162 carni
1146 2105 1412 2170 vivamus,
1454 2104 1719 2160 adversus
1758 2103 2016 2175 spiritum
2045 2105 2152 2160 mi-

562 2202 814 2257 litamus.
841 2200 943 2266 Qui
972 2206 1156 2254 autem
1190 2213 1318 2253 vere
1347 2197 1567 2254 Christo
1598 2197 1972 2264 crediderant,
1999 2214 2155 2254 eum-

482 2364 485 2368 _
571 2309 679 2364 que
709 2301 906 2356 totum,
933 2291 1185 2346 mandata
1210 2290 1506 2360 implendo,
1535 2291 1734 2345 mentis
1765 2290 1889 2345 sinu
1921 2305 2154 2361 excepe-

571 2394 719 2450 rant,
747 2385 828 2440 sic
865 2384 1125 2438 nimirum
1156 2382 1414 2439 dicebant
1451 2400 1464 2437 :
1497 2383 1618 2437 Vivo
1655 2392 1855 2448 autem,
1893 2384 2014 2454 jam
2049 2401 2154 2438 non

564 2494 704 2548 ego:
732 2477 856 2532 uiuit
883 2484 1058 2530 autem
1091 2476 1148 2528 in
1194 2491 1274 2528 me
1321 2473 1576 2530 Christus.
1611 2473 1762 2540 Quod
1811 2483 1988 2529 autem
2019 2493 2158 2530 nunc

564 2570 689 2623 rivo
709 2569 764 2622 in
793 2582 984 2632 carne,
1015 2566 1119 2635 ﬁde
1146 2568 1258 2620 vivo
1295 2564 1415 2620 Filii
1447 2565 1569 2632 Dei,
1611 2568 1701 2637 qui
1759 2567 1944 2622 dilexit
1977 2585 2078 2634 me,
2106 2577 2156 2622 et

563 2659 798 2713 -tradidit
838 2659 1174 2728 semetipsum
1220 2673 1315 2729 pro
1349 2672 1432 2711 me
1452 2655 1519 2711 ⁸⁸.
1552 2657 1763 2713 Idcirco
1789 2673 1916 2713 cum
1940 2674 2041 2730 pro
2061 2659 2157 2715 illo

565 2756 900 2819 paterentur
922 2747 990 2802 ad
1030 2746 1278 2800 omnium
1311 2745 1545 2802 salutem
1576 2747 2001 2816 procurandam,
2034 2757 2156 2804 tan-

566 2854 747 2910 .quam
773 2839 894 2910 ejus
916 2837 1092 2893 exacti
1121 2837 1452 2904 imitatores,
1471 2838 1699 2908 verique
1728 2837 1900 2908 ipsius
1928 2839 2156 2895 manda-

579 2939 765 2984 torum
784 2929 1059 2994 cultores,
1109 2927 1368 2984 dicebant
1400 2944 1413 2981 :
1454 2926 1555 2993 Qui
1581 2928 1823 2983 conviciis
1853 2946 2155 2996 oneremur,

575 3021 970 3088 benedicimus;
1001 3020 1090 3093 qui
1132 3023 1545 3092 persecutionem
1603 3023 1896 3092 patiamur,
1924 3025 2157 3078 sustine-

568 3132 734 3181 .mus;
760 3117 849 3186 qui
867 3115 1157 3170 maledictis
1180 3123 1446 3186 petamur,
1463 3115 1851 3170 obsecramus"
1869 3133 1883 3183 ;
1902 3113 2067 3188 384
2091 3131 2158 3171 eo
2187 3140 2231 3200 ο

575 3208 794 3265 scilicet
817 3207 965 3279 quod
999 3223 1127 3263 eum
1160 3206 1460 3262 audiebant
1480 3205 1785 3262 dicentem:
1811 3206 2031 3278 Ditigite
2053 3208 2160 3262 ini-

569 3301 742 3356 micos
767 3310 984 3364 vestros,
1011 3298 1292 3369 benefacite
1344 3298 1429 3364 iis,
1463 3299 1553 3370 qui
1589 3299 1811 3352 oderunt
1837 3315 1924 3354 vos
1952 3315 1970 3352 :
2005 3298 2161 3353 bene-

575 3394 737 3448 dicite
761 3392 1190 3448 maledicentibus
1213 3393 1354 3448 vobis
1389 3410 1408 3447 :
1437 3401 1586 3447 orate
1616 3409 1711 3464 pro
1739 3394 1825 3458 iis,
1859 3395 1945 3464 qui
1966 3391 2164 3448 laedunt

568 3485 787 3556 .injuria
799 3485 870 3551 ”,
893 3492 951 3540 et
978 3501 1102 3556 qua:
1131 3492 1474 3554 sequuntur;
1505 3493 1624 3539 tum
1641 3500 1709 3540 ex
1729 3483 1933 3549 verbis,
1961 3493 2075 3538 tum
2098 3499 2166 3538 ex

570 3572 850 3646 operibus
874 3616 890 3642 ,
935 3576 1029 3646 qui
1074 3575 1131 3630 in
1163 3575 1244 3631 eis
1289 3575 1645 3645 operabatur,
1697 3591 1762 3630 ac
1787 3576 1946 3645 cujus
1981 3574 2165 3630 alllatu

587 3665 913 3735 agebantur,
946 3664 1158 3734 liquido
1182 3663 1435 3720 Christus
1456 3664 1812 3735 prodebatur.
1839 3664 1952 3719 Nos
1979 3674 2167 3719 autem

579 3758 686 3828 qui
709 3757 968 3811 omnibus
989 3757 1110 3827 ejus
1132 3757 1406 3812 mandatis
1428 3764 1617 3812 contra
1645 3756 1949 3811 obnitimur
1971 3756 2169 3812 adver-

579 3863 762 3920 saque
793 3859 1135 3920 praestamus,
1170 3848 1377 3906 idcirco
1401 3849 1550 3904 omni
1595 3848 1938 3904 immunditia
1974 3865 2040 3904 ac
2069 3863 2166 3904 ne-

579 3940 767 4012 quitia
819 3940 1013 4010 repleti
1053 3956 1267 3995 sumus.
1314 3939 1681 4007 Quamobrem
1720 3940 1889 3996 etiam
1937 3955 2038 4010 pro
2073 3940 2170 3996 Dei

593 4029 820 4100 templo,
852 4028 1050 4084 doruus
1083 4029 1474 4102 negotiationis
1512 4028 1694 4084 eﬂ'ecti
1726 4043 1953 4095 sumus;
1983 4036 2040 4084 et
2071 4043 2171 4099 pro

591 4121 760 4177 domo
794 4121 1063 4178 orationis
1083 4161 1099 4188 ,
1142 4121 1406 4192 spelunca
1443 4121 1718 4177 latronum
1739 4121 1785 4152 "
1819 4137 1836 4176 :
1864 4135 1971 4191 pro
2011 4129 2170 4192 gente

592 4222 784 4270 saneta
806 4213 873 4280 η,
902 4229 1035 4285 gens
1056 4213 1338 4285 peccatrix
1369 4230 1384 4268 :
1408 4228 1509 4284 pro
1538 4213 1634 4268 Dei
1669 4212 1851 4284 plebe,
1879 4211 2036 4283 plebs
2071 4211 2144 4269 de

591 4306 739 4362 lictis
775 4306 935 4376 plena
965 4321 1103 4375 :pro
1151 4311 1342 4360 sancto
1368 4304 1612 4370 semine,
1663 4319 1850 4360 semen
1893 4318 2170 4374 nequam:

2242 521 2337 575 nat
2363 519 2593 592 Κύριος,
2618 511 2826 585 λέγων”
2856 510 2926 570 Τὸ
2946 501 3384 581 γεγεννημένον
3405 503 3471 556 ὲκ
3500 500 3602 556 τοῦ

2239 608 2718 687 ματος,πνεῦμά
2740 608 2934 663 ἐστιν.
2960 603 3156 674 Ἦμεῖς
3182 600 3238 654 δὲ
3270 596 3573 687 γεγόναμεν
3593 591 3783 687 σάρκες

2241 683 2644 778 ἐπιθυμοῦντες
2689 701 2833 757 κατὰ
2863 696 2958 752 τοῦ
3009 693 3346 765 [Ινεύματος.
3377 689 3475 741 καὶ
3533 684 3618 739 διὰ
3650 683 3788 778 τοῦτο

2241 773 2469 860 δικαίως
2491 789 2764 862 ἀκούομεν
2798 787 2930 862 παρ’
2961 781 3158 839 αὐτοῦ’
3197 781 3279 835 Οὐ
3301 777 3388 850 μὴ
3425 773 3791 846 ἐγκαταμείνη

2241 887 2311 945 τὸ
2338 884 2588 957 11νεῦμὰ
2630 901 2751 955 μου
2779 883 2851 936 ἐν
2881 878 3006 946 τοῖς
3062 874 3397 945 ἀνθρώποις
3446 869 3687 933 τούτοις,
3708 867 3792 922 διὰ

2242 979 2312 1034 τὸ
2384 956 2539 1032 εῖναι
2613 973 2837 1040 αὐτοὺς
2897 969 3148 1039 σάρκας.
3204 964 3330 1028 Πῶς
3405 958 3500 1015 οὖν
3549 956 3794 1028 δυνάμεθα

2243 1071 2464 1126 ἀκούειν
2488 1067 2832 1142 Χριστιανοὶ,
2864 1065 2916 1119 τί
2953 1079 3085 1117 ποτε
3108 1057 3203 1114 τοῦ
3235 1053 3477 1112 Χοιστοῦ
3521 1055 3578 1106 ἐν
3607 1049 3794 1112 ἑαυτοῖς

2248 1160 2325 1234 μὴ
2350 1161 2568 1234 ἔχοντες
2603 1175 2616 1227 ;

2316 1253 2411 1310 λδν.
2459 1252 2601 1306 Ἀλλ’
2639 1252 2756 1323 ἐρεῖ
2777 1265 2861 1313 τις
2889 1247 3043 1312 ἴσως,
3079 1242 3162 1298 ὅτι
3193 1240 3345 1311 Ἕχω
3365 1237 3466 1308 τὴν
3504 1236 3697 1301 πίστιν,
3719 1238 3797 1290 καὶ

2247 1345 2410 1419 ἀρκεῖ
2439 1363 2531 1418 μοι
2561 1345 2596 1412 ἠ
2629 1343 2815 1406 πίστις
2843 1341 2878 1412 ἡ
2901 1341 2981 1403 εἱς
3010 1332 3174 1392 αὐτὸν
3201 1333 3338 1405 πρὸς
3368 1328 3661 1401 σωτηρίαν.
3679 1326 3798 1381 Ἀλλ’

2250 1437 2671 1508 ἀντιφθέγγεται
2707 1431 2860 1505 αύτῷ
2911 1429 2940 1485 ὁ
3002 1424 3284 1494 Ἰάκωϐος,
3353 1423 3557 1493 λέγων,
3605 1421 3679 1474 ὅτι
3710 1419 3800 1475 Kal

2249 1624 2441 1679 πάλιν·
2484 1623 2549 1679 Ἡ
2589 1620 2796 1684 πίστις
2850 1615 3032 1688 χωρὶς
3075 1612 3192 1668 τῶν
3213 1607 3426 1680 ἔργων,
3472 1604 3649 1674 νεκρά
3693 1604 3806 1658 ἐστι

2251 1719 2382 1773 καθ’
2413 1713 2643 1783 ἑαυτήν
2663 1725 2677 1741 ·
2706 1712 2786 1778 ὡς
2819 1709 2919 1764 καὶ
2953 1705 3026 1762 τὰ
3051 1705 3197 1789 ἔργα
3217 1703 3360 1772 δίχα
3391 1696 3808 1789 πίστεωςίιιῶς

2181 1788 2226 1844 Β
2253 1805 2311 1859 δέ
2336 1803 2431 1859 καὶ
2458 1801 2788 1870 πιστεύομεν
2813 1798 2893 1862 εἱς
2920 1794 3103 1856 αὑτὸν,
3229 1792 3362 1864 περὶ
3393 1789 3506 1870 τῶν
3535 1785 3807 1861 μελλόντων

2252 1895 2401 1968 αὐτῷ
2421 1889 2778 1966 πιστεύομεν,
2809 1890 2859 1944 οἱ
2891 1889 3022 1962 περὶ
3048 1885 3157 1942 τῶν
3181 1869 3542 1958 προσκαίβων
3567 1881 3658 1936 καὶ
3685 1897 3808 1947 παρ-

2251 1988 2419 2044 όντων
2441 1985 2588 2058 αύτῷ
2602 1987 2678 2058 μὴ
2697 1981 3070 2044 πιστεύοντες·
3087 1979 3184 2033 καὶ
3205 1976 3294 2031 διὰ
3318 1973 3484 2030 τοῦτο
3499 1975 3607 2036 τοῖς
3632 1972 3808 2034 ύλικοῖς

2257 2081 2702 2152 συμφυρόμενοι,
2737 2076 2834 2131 καὶ
2861 2077 2927 2147 τῇ
2964 2070 3128 2144 σαρκὶ
3162 2069 3368 2136 ζῶντες
3391 2083 3406 2098 ·
3450 2067 3545 2121 καὶ
3577 2063 3709 2119 κατά
3729 2061 3808 2116 τοῦ

2256 2176 2576 2245 Πνεύματος
2635 2169 3103 2244 στρατευόμενοις
3164 2165 3228 2218 Οἱ
3262 2164 3320 2218 δὲ
3367 2161 3449 2233 τῷ
3502 2157 3713 2231 Χριστῷ
3760 2156 3809 2210 ἐν

2257 2267 2485 2341 ἀληθείᾳ
2514 2265 2930 2326 πιστεύσαντες,
2961 2261 3056 2313 καὶ
3077 2257 3198 2312 ὅλον
3219 2254 3386 2310 αὑτὸν
3417 2255 3478 2308 ἐν
3510 2252 3711 2341 ἑαυτοῖς
3735 2248 3812 2341 διὰ

2255 2337 2366 2417 τῶν
2397 2337 2629 2414 ἐντολῶν
2667 2353 3085 2416 είσοικίσαντες,
3133 2348 3308 2412 οὕτως
3349 2345 3571 2415 ἔλεγονο
3616 2338 3702 2395 Ζῶ
3733 2337 3809 2404 δὲ,

2258 2451 2462 2508 οὐκέτι
2488 2450 2626 2522 ἐγὼ,
2681 2447 2750 2518 ζῇ
2774 2447 2843 2501 δὲ
2863 2445 2932 2500 ἐν
2963 2441 3093 2515 ἐμοὶ
3126 2443 3160 2497 ό
3201 2438 3484 2509 Χριστός.
3519 2437 3587 2488 '0
3617 2431 3679 2486 δὲ
3713 2429 3813 2522 νῦν

2259 2543 2332 2607 ἅῖ)
2358 2532 2455 2598 ’ἐν
2487 2521 2691 2612 σαρκὶ,
2725 2539 2801 2609 τῇ
2833 2537 3035 2592 πίστει
3079 2531 3151 2597 ζῶ
3179 2533 3286 2588 τοῦ
3329 2528 3472 2586 Υιοῦ
3517 2525 3622 2581 τοῦ
3661 2521 3809 2584 Θεοῦ.

2261 2636 2368 2692 τοῦ
2403 2632 2838 2706 ἀγαπήσαντός
2862 2647 2960 2702 με,
3007 2627 3108 2682 καὶ
3156 2625 3374 2690 δόντος
3419 2619 3634 2722 ἑαυτὸν
3661 2615 3810 2722 ’ὑπερ

2262 2821 2484 2876 πάντων
2519 2817 2820 2889 σωτηρίαν,
2855 2815 2932 2879 ὡς
2971 2812 3226 2887 ἀκριϐεῖς
3255 2807 3427 2864 αὑτοῦ
3463 2803 3705 2878 μιμηταὶ,
3733 2800 3811 2889 καὶ

2265 2911 2370 2966 τῶν
2401 2907 2632 2965 ἐντολῶν
2661 2888 2826 2962 αὐτοῦ
2857 2904 3070 2976 γνήσιοι
3096 2899 3361 2972 φύλακες,
3395 2894 3611 2964 ἔλεγον·
3635 2888 3810 2947 Λοιδο-

2254 3005 2544 3075 pauperat
2603 2998 3014 3071 εὐλογοῦμεν,
3075 2992 3428 3062 διωκόμενοι
3489 2985 3809 3056 ἀνεχόμεθα,

2258 3093 2810 3166 βλασφημούμενοι
2855 3083 3359 3158 παρακαλοῦμεν
3415 3077 3602 3150 ἐπειδὴ
3643 3077 3811 3147 ἢκουον

2263 3165 2746 3255 αὐτοῦίλέγοντος·
2817 3177 3107 3251 Ἀγαπᾶτε
3149 3175 3295 3242 τοὺς
3339 3170 3594 3244 ἐχθροὺς
3633 3165 3806 3255 ὑμῶν’

2262 3277 2463 3345 καλῶς
2515 3254 2737 3330 ποιεῖτε
2792 3269 2919 3337 τοῖς
2956 3265 3251 3340 μισοῦσιν
3297 3261 3463 3334 ὑμᾶς
3481 3277 3495 3293 ο
3546 3254 3812 3326 εὐλογεῖτε

2261 3370 2407 3437 τοὺς
2432 3364 2887 3437 καταρωμένους
2909 3359 3085 3433 ὑμᾶς’
3106 3358 3526 3429 προσεύχεσθε
3547 3349 3688 3419 ὑπὲρ
3714 3345 3814 3402 τῶν

2263 3458 2714 3531 ἐπηρεαζόντων
2745 3453 2925 3526 ὑμᾶς,
2963 3453 3059 3508 καὶ
3091 3452 3161 3506 τὰ
3190 3450 3318 3521 ἑξῆς
3338 3463 3352 3478 ο
3397 3447 3496 3501 καὶ
3531 3447 3596 3498 ἐκ
3623 3440 3722 3495 τῶν

2265 3529 2509 3625 γωννκαὶ
2552 3549 2662 3605 τῶν
2707 3547 2886 3622 ἔργων
2917 3547 2948 3600 ὀ
2996 3541 3235 3615 ἐνεργῶν
3276 3541 3336 3595 ἐν
3379 3538 3565 3600 αὐτοῖς
3611 3529 3813 3625 Χριστξς

2266 3621 2624 3717 ἐφανεροῦτο·
2662 3642 2823 3714 ἡμεῖς
2865 3638 2947 3705 δὲ,
3009 3635 3198 3706 ἐπειδὴ
3223 3634 3432 3696 πάσαις
3456 3630 3576 3692 ταῖς
3607 3621 3814 3684 ἐντολαῖς

2267 3739 2435 3798 αὑτοῦ
2469 3737 2934 3809 ἁντιπράττομεν,
2965 3732 3054 3788 διὰ
3090 3729 3252 3785 τοῦτο
3279 3729 3471 3800 πάσης
3511 3718 3815 3809 ἀκαθαρσίας

2268 3806 2706 3905 ἐνεπλήσθημεν.
2749 3806 2865 3881 καὶ
2888 3825 2978 3880 διὰ
3017 3823 3179 3878 τοῦτο
3205 3819 3536 3892 γεγόναμεν,
3568 3814 3681 3870 ἀντὶ
3709 3806 3814 3905 ναοῦ

2269 3923 2429 3992 Θεοῦ,
2446 3901 2597 3986 οἶκος
2613 3918 2880 3992 ἐμπορίου
2896 3929 2913 3947 ⁵
2937 3916 3031 3971 καὶ
3049 3914 3172 3970 ἀντὶ
3195 3913 3346 3967 οῐκου
3375 3901 3816 3983 προσευχῆς,σπή·

2269 4017 2418 4071 λαιον
2432 4012 2667 4088 λῃστῶν·
2687 4011 2808 4067 ἀντὶ
2833 4009 3018 4073 ἔθνους
3039 4008 3194 4077 ἁγίου
3204 4005 3375 4072 ,ἔθνος
3397 3998 3721 4076 ἁμαρτωλὸν·
3742 3993 3816 4047 ul

2270 4108 2395 4166 ἀντὶ
2407 4107 2541 4162 λαοῦ
2558 4103 2715 4171 Θεοῦ,
2731 4102 2860 4168 λαὸς
2881 4101 3098 4174 πλήρης
3128 4095 3439 4172 ἁμαρτιῶν*
3458 4093 3579 4150 ἀντὶ
3607 4089 3816 4174 σπέρμαξ

2272 4218 2363 4266 τος
2393 4197 2573 4270 ἁγίου,
2603 4195 2827 4268 σπέρμα
2849 4173 3104 4265 πονηρόν·
3132 4188 3228 4245 καὶ
3245 4186 3368 4242 ἀντὶ
3392 4184 3526 4240 υἱῶν
3545 4179 3692 4244 Θεοῦ,
3731 4173 3816 4230 υἱοὶ

2272 4269 2490 4363 ἄνομοι,
2531 4287 2722 4358 ἐπειδὴ
2760 4283 3200 4356 ἐγκατελίπομεν
3241 4280 3341 4344 τὰς
3374 4274 3596 4338 ἐντολὰς
3618 4270 3702 4326 τοῦ
3728 4269 3818 4363 ἰξυῖ

581 4356 988 4466 idinisse;
1003 4356 1107 4450 iiii:
1137 4356 1396 4452 sunt;
1410 4356 1579 4462 ἓξὲξ
1599 4356 2160 4466 inuiseres};

2279 4356 2420 4455 ρίοῦ,
2465 4379 2564 4435 καὶ
2616 4356 2940 4448 δουλεύομεν
2973 4377 3087 4438 τοῖς
3127 4371 3394 4444 πονηροῖς
3441 4365 3713 4466 πνεύμασι.
3745 4356 3817 4412 διὰ

595 4451 850 4542 inundata
892 4451 1145 4551 Domini,
1199 4451 1635 4556 ίπηιηυηάίὲιιιιέ
1657 4486 1807 4542 vitiis
1839 4501 1906 4541 ac
1952 4451 2160 4543 libidini

2275 4451 2386 4528 τῶν
2410 4470 2738 4543 ἀκαθάρτων
2767 4468 2981 4534 παθῶν,
3004 4465 3101 4522 καὶ
3123 4462 3562 4537 παρωργίσαμεν
3581 4455 3664 4511 τὸν
3690 4451 3818 4523 ἅγιον

597 4575 918 4647 mancipati,
949 4577 1304 4647 nequissimis
1335 4577 1624 4648 spiritibus
1656 4578 1978 4634 servitutem
2001 4575 2178 4634 servi-

597 4681 742 4732 mus,
769 4681 835 4721 ac
865 4667 1129 4721 Sanctum
1161 4666 1328 4723 Israel
1348 4667 1825 4724 exacerbavimus.

666 4758 755 4813 55.
799 4757 930 4812 Eam
958 4757 1030 4812 ob
1057 4771 1173 4812 rem
1201 4757 1396 4829 lugens
1428 4774 1531 4814 nos
1573 4773 1804 4829 magnus
1845 4757 2034 4824 lsaias,
2061 4757 2178 4814 cla-

596 4857 731 4915 mat,
754 4849 850 4920 qui
879 4856 937 4906 et
966 4859 1171 4905 nostra:
1211 4849 1385 4904 ruina:
1408 4848 1569 4906 simul
1611 4865 1773 4920 opem
1811 4847 1957 4905 ferre
1997 4858 2176 4916 aveat,

595 4941 784 5011 aitque
812 4959 826 4994 :
857 4937 996 5006 Quid
1038 4939 1207 4994 adhuc
1252 4939 1622 5010 percutiamini
1648 4938 1900 4992 addentes
1923 4939 2177 5010 iniquita-

599 5032 936 5089 tem70mne
975 5041 1136 5105 caput
1173 5034 1230 5086 in
1256 5031 1470 5099 dolore,
1535 5040 1584 5086 et
1645 5047 1736 5085 cor
1762 5046 1917 5086 omne
1949 5032 2006 5086 in
2053 5048 2178 5086 ma:-

599 5142 719 5181 rore
742 5142 761 5182 :
786 5143 818 5181 a
839 5125 1053 5198 pedibus
1081 5141 1243 5196 usque
1263 5124 1333 5179 ad
1349 5131 1509 5197 caput
1537 5131 1734 5179 nonest
1766 5123 1821 5177 in
1851 5139 1912 5176 eo
1939 5125 2142 5179 sanitas
2159 5139 2178 5178 :

601 5237 767 5291 neque
797 5219 1010 5286 uulnus,
1041 5236 1208 5291 neque
1226 5219 1380 5286 liuor,
1421 5235 1586 5291 neque
1616 5218 1778 5290 plaga
1803 5229 2029 5273 tumens.
2059 5217 2179 5272 Non

600 5321 674 5367 est
705 5311 978 5384 malagma
1009 5313 1309 5384 imponere,
1351 5327 1518 5382 neque
1553 5309 1747 5375 oleum,
1781 5326 1945 5381 neque
1988 5308 2182 5380 alliga-

493 5421 496 5426 '
603 5417 752 5462 turas
775 5408 845 5461 ³⁸.
872 5406 1013 5460 Tum
1036 5421 1170 5462 vero
1228 5403 1361 5476 quid
1403 5404 1534 5458 hinc
1562 5403 1815 5472 sequitur
1845 5420 1859 5454 :
1892 5399 2180 5471 Relinque-

605 5508 690 5552 tur
723 5494 840 5565 ﬁlia
898 5493 1027 5549 Sion
1057 5495 1193 5566 sigut
1225 5490 1628 5548 tabernaculum
1657 5492 1712 5545 in
1748 5492 1924 5557 vinea,
1966 5496 2015 5544 et
2046 5489 2181 5544 sicut

2273 4564 2370 4622 τοῦ
2406 4564 2648 4639 Ἰσραήλ.

2344 4750 2440 4806 λε’.
2465 4749 2561 4804 Διὰ
2588 4745 2748 4802 τοῦτο
2770 4741 2987 4817 θρηνῶν
3012 4741 3161 4814 ἡμᾶς
3187 4739 3216 4795 ὁ
3247 4739 3422 4812 μέγας
3437 4733 3676 4797 Ἡσαΐας,
3705 4725 3818 4800 κρά-

2277 4845 2383 4911 ζει,
2435 4841 2705 4914 βοηθῆσαι
2753 4837 2873 4910 ἅμα
2924 4834 3253 4908 βουλόμενος
3299 4835 3366 4905 τῇ
3421 4828 3622 4890 πτώσει
3666 4820 3815 4914 ἡμῶν.

2283 4935 2490 5004 λέγων’
2529 4933 2591 4988 Τί
2637 4931 2725 4986 ἐτι
2775 4927 3051 4999 πληγῆτε
3110 4926 3536 4995 προστιθέντες
3574 4913 3817 5004 circulari

2286 5002 2466 5084 Πᾶσα
2502 5023 2740 5095 κεφαλὴ
2771 5025 2860 5090 εἷς
2904 5021 3116 5086 πόνον,
3169 5017 3270 5072 καὶ
3314 5014 3482 5072 πᾶσα
3514 5008 3710 5079 καρδία
3747 5002 3817 5095 sic

2285 5121 2524 5188 λύπην·
2559 5091 2678 5173 ἀπὸ
2726 5091 2931 5169 ποδῶν
2959 5111 3071 5176 ἕως
3117 5106 3390 5178 κεφαλῆς
3427 5104 3536 5159 οὐκ
3572 5100 3728 5154 ἔστιν

2285 5183 2449 5276 αὑτῶ
2500 5206 2866 5276 ὁλοκληρίαο
2918 5204 3057 5258 οὔτε
3098 5199 3364 5270 τραῦμα,
3414 5196 3551 5251 οὔτε
3594 5183 3814 5262 μώλωψο

2287 5305 2424 5360 οὔτε
2454 5301 2660 5372 πληγὴ
2706 5297 3201 5371 φλεγμαίνουσα⁸
3254 5294 3366 5347 οὐκ
3403 5291 3533 5345 ἐστι
3570 5281 3817 5372 μακαρία

2286 5361 2603 5460 ἐπιθεῖναι,
2640 5361 2782 5448 οὔτε
2811 5361 3041 5454 solator,
3077 5387 3216 5441 οὔτε
3259 5379 3676 5450 καταδέσμους.
3699 5361 3817 5423 Εἶτα

2285 5486 2339 5542 τί
2367 5487 2428 5541 τὸ
2451 5486 2545 5540 ἐπὶ
2563 5482 2795 5550 τούτοιςς
2837 5475 3484 5550 Ἐγκαταλειφθήσεται
3529 5471 3565 5540 τι
3593 5460 3816 5532 dvrde

677 5695 719 5726 '“
747 5694 901 5750 Joan.
927 5684 1008 5759 Ill,
1043 5695 1096 5749 6.
1173 5694 1219 5726 ”
1245 5694 1380 5750 Cen.
1418 5709 1490 5758 vr,
1527 5691 1581 5747 '5.
1655 5691 1702 5723 ⁸⁸
1731 5690 1844 5746 Jac.
1875 5705 1934 5753 ll,
1971 5687 2059 5743 19.
2132 5689 2160 5722 ⁸¹

2259 5685 2341 5742 uid.
2373 5685 2550 5759 20,)“
2581 5681 2756 5759 Gala}.
2785 5698 2854 5759 ιι,
3042 5679 3143 5759 "__l
3175 5677 3304 5759 Cor.
3336 5692 3405 5742 tv,
3432 5673 3514 5730 12.
3584 5671 3626 5703 ’⁸
3651 5660 3809 5722 Matth.

606 5748 776 5833 v.44.
853 5748 1674 5830 ἰιιάιιιιχιιζιδςιόεηηι,
1713 5762 1798 5817 16.
1874 5748 1966 5814 "'1
2001 5759 2148 5814 Pctr.

2271 5759 2326 5813 9.
2403 5756 2448 5789 ”
2479 5755 2582 5811 ita.
2615 5769 2654 5818 ι,
2688 5753 2740 5806 4.
2817 5752 2862 5786 ’³
2893 5751 2995 5804 lsa.
3024 5765 3065 5815 ι,
3093 5749 3147 5811 5.
3177 5748 3230 5804 6.
