3898 6486
433 397 607 480 sta

1666 411 1736 471 S.
1767 411 2018 473 MAXIM
2027 410 2053 471 Ι
2095 429 2098 457 ε

2203 411 2609 472 νιτιῖεεοιιιδ
3646 417 3729 484 ιιι

495 533 781 588 boramus.
825 529 966 586 Num
1020 538 1079 584 et
1113 544 1216 585 nos
1253 529 1545 601 alligamus
1585 534 1755 584 onera
1795 531 1983 600 gravia
2032 538 2091 584 et

2203 531 2264 583 Ἢ
2293 531 2416 602 οὐχὶ
2445 533 2542 585 καὶ
2588 531 2748 601 ἡμεῖς
2779 527 3089 601 ὃεσμοῦμεν
3126 531 3325 602 φορτία
3355 531 3518 604 βαρέα
3538 534 3620 587 καὶ
3638 535 3733 588 δυσ-

499 623 893 694 importabilia,
921 631 978 677 et
1007 621 1342 693 imponimus
1378 621 1437 675 in
1469 621 1734 677 humeros
1775 621 2083 687 hominum,

499 723 558 770 et
585 714 845 768 nolumus
867 713 1038 782 digito
1067 728 1131 766 ea
1162 725 1386 766 movere
1412 711 1470 765 ’ἲ
1502 711 1643 766 Num
1677 720 1734 767 et
1769 727 1872 767 nos
1903 711 2088 767 omnia

503 821 670 876 opera
693 813 889 862 nostra
914 805 1173 869 facimus,
1195 813 1255 860 ut
1279 805 1569 860 videamur
1596 804 1668 860 ab
1691 804 2018 859 hominibus
2037 804 2088 858 ⁸⁸1

502 897 644 952 Νιιιιι
675 904 732 951 et
764 912 867 952 nos
904 911 1152 950 amamus
1189 896 1397 966 primos
1431 896 1716 952 recubitus
1751 896 1805 950 in
1831 898 2006 952 cmnis
2033 903 2089 950 et

505 988 710 1056 primas
753 987 914 1041 sedes
964 987 1020 1040 in
1064 985 1352 1041 hominum
1394 987 1653 1052 coetibus,
1692 1002 1758 1042 ac
1795 985 1984 1042 vocari
2019 987 2088 1042 ab

505 1066 1070 1145 hominibus'liabbi,
1118 1081 1331 1135 Raobi?
1360 1095 1425 1135 ac
1461 1081 1560 1152 qui
1607 1082 1724 1137 haec
1763 1097 1873 1137 non
1921 1081 2086 1136 etiam

502 1179 669 1240 atque
694 1172 862 1226 etiam
894 1173 1160 1238 tribuant,
1180 1173 1249 1227 ad
1280 1183 1512 1228 mortem
1546 1189 1720 1244 usque
1745 1175 2088 1245 insequimur

505 1279 567 1314 ac
602 1265 899 1318 vexamus?
929 1265 1070 1319 Num
1103 1271 1159 1318 et
1186 1280 1290 1320 nos
1323 1266 1551 1320 tulimus
1580 1267 1790 1322 clavem
1820 1268 2087 1332 scientiae,

503 1363 556 1408 et
593 1355 903 1410 claudimus
944 1371 1178 1426 regnum
1208 1358 1474 1412 cmlorum
1521 1372 1707 1411 coram
1746 1359 2088 1425 hominibus,

507 1453 569 1500 ut
592 1461 693 1500 nec
717 1446 821 1516 ipsi
847 1446 1242 1516 ingrcdiamur,
1272 1461 1376 1501 nec
1408 1446 1532 1502 illos
1559 1449 1770 1517 ingredi
1791 1449 2090 1504 faciamus?

507 1539 648 1593 Num
672 1547 728 1592 et
760 1553 862 1593 nos
889 1539 1189 1594 eireuimus
1219 1555 1370 1595 mare
1408 1549 1464 1594 et
1494 1541 1703 1595 aridam
1736 1552 1798 1597 ιιι
1823 1541 2089 1598 faciamus

509 1644 679 1682 unum
695 1630 1056 1701 proselytum,
1073 1630 1307 1701 386a
1324 1645 1450 1684 cum
1463 1631 1640 1686 factus
1657 1631 1843 1697 fuerit,
1861 1633 2092 1688 facimus

509 1735 634 1775 eum
649 1721 913 1791 gehennae
927 1720 1099 1775 filium
1113 1721 1284 1791 duplo
1296 1737 1458 1790 quam
1478 1723 1604 1777 nos?
1631 1723 1773 1777 Num
1794 1733 1850 1778 et
1867 1739 1968 1778 nos
1986 1724 2091 1778 du-

509 1829 602 1868 ces
647 1813 776 1868 (διεοὶ
817 1827 1028 1877 sumus,
1062 1814 1157 1883 qui
1181 1814 1425 1868 colemus
1443 1813 1698 1879 culicem,
1729 1823 1784 1870 et
1821 1817 2093 1870 camelum

2195 620 2500 690 ϐάστακτα,
2558 625 2655 676 καὶ
2707 621 3027 692 ὲπιτίθεμεν
3058 622 3154 675 ἐπὶ
3184 621 3311 686 τοὺς
3344 622 3523 694 ὢμους
3551 624 3736 680 τῶνὰν·

2195 709 2458 781 θρὼπων,
2489 709 2569 782 τῷ
2609 711 2667 764 δὲ
2716 710 2969 783 δακτύλῳ
3011 711 3172 784 ήμῶν
3199 712 3262 766 ού
3309 712 3534 783 θέλομεν
3558 715 3741 785 κινῆσαι

2194 804 2372 870 αὐτά;
2430 805 2502 856 Ἤ
2561 803 2684 872 ούχὶ
2740 803 2835 857 καὶ
2885 805 3084 875 ἡμεῖς,
3133 808 3316 859 πάντα
3350 807 3418 860 τὰ
3450 806 3579 877 ἔργα
3617 809 3744 879 ήμῶν

2197 895 2459 966 ποιοῦμεν
2489 897 2629 968 πρὸς
2662 898 2726 950 τὸ
2754 896 3017 968 θεαθῆναι
3044 898 3159 961 τοῖς
3185 897 3533 968 ἀνθρώποις
3564 900 3629 952 Ἦ
3651 901 3749 970 οὐχὶ

2195 987 2292 1040 καὶ
2318 989 2481 1058 ἡμεῖς
2509 987 2775 1058 φιλοῦμεν
2790 987 2890 1058 τὴν
2912 988 3320 1059 πρωτοκλισίαν
3344 991 3401 1041 ἐν
3423 992 3534 1052 τοῖς
3554 991 3750 1054 δείπνοις

2196 1079 2296 1133 καὶ
2324 1079 2424 1143 τὰς
2469 1079 2956 1152 πρωτοκαθεδρίας
3008 1081 3067 1133 ἐν
3119 1081 3240 1144 ταῖς
3278 1085 3638 1150 συναγωγαῖς,
3679 1083 3754 1135 καὶ

2196 1172 2483 1226 καλεῖσθαι
2529 1172 2634 1224 ὑπὸ
2670 1172 2777 1226 τῶν
2829 1170 3135 1241 ἀνθρώπιον
3195 1170 3408 1236 Ῥασϐὶ,
3453 1171 3653 1224 Ῥαθὸῑ·
3685 1174 3756 1225 καὶ

2195 1265 2325 1326 τοὺς
2348 1262 2523 1316 ταῦτα
2549 1252 2682 1334 ἡμῖν
2717 1263 2791 1332 μὴ
2821 1262 3029 1335 σφόδρα
3060 1262 3464 1332 ἀπονέμοντας,
3495 1262 3595 1326 Et»;
3624 1261 3757 1316 θανὰρ

2195 1374 2290 1411 του
2317 1355 2686 1427 πολεμοῦμεν;
2720 1357 2793 1410 Ἦ
2809 1355 2930 1426 οὐχὶ
2955 1356 3050 1408 καὶ
3078 1356 3239 1426 ἡμεῖς
3267 1357 3486 1426 ¹ήραμε-ν
3518 1357 3613 1428 τὴν
3639 1356 3760 1409 κλεῐ-

2197 1449 2266 1503 δα
2292 1449 2395 1520 τῆς
2434 1448 2717 1518 γνώσεως,
2757 1449 2855 1502 καὶ
2891 1447 3149 1518 κλείομεν
3194 1447 3295 1519 τὴν
3345 1447 3622 1517 βασιλείαν
3675 1449 3762 1500 τῶν

2197 1541 2448 1612 οὐρανῶν
2477 1539 2792 1612 ἔμπροσθεν
2821 1538 2931 1592 τῶν
2958 1538 3284 1608 ἀνθρώπων,
3321 1539 3460 1609 μηδὲ
3482 1522 3633 1593 αὐτοὶ
3675 1541 3763 1592 εἰσ-

2199 1635 2508 1704 ερχόμενοι,
2551 1631 2689 1704 μηδὲ
2719 1627 2918 1696 αὐτούς
2945 1632 3228 1704 ποιοῦντες
3248 1631 3550 1695 εἰσελθεῖν;
3578 1632 3643 1684 Ἦ
3668 1633 3765 1702 οὐχὶ

2199 1725 2295 1779 καὶ
2327 1725 2488 1795 ἡμεῖς
2520 1724 2860 1796 περιάγομεν
2901 1723 3002 1793 τὴν
3043 1723 3320 1777 Θάλασσαν
3365 1724 3467 1775 καὶ
3489 1721 3586 1793 τὴν
3623 1721 3768 1793 ξηρὰν

2202 1814 2433 1884 ποιῆσαι
2475 1813 2574 1867 ἕνα
2630 1812 2994 1883 προσήλυτον,
3025 1815 3124 1866 καὶ
3159 1814 3288 1866 ὅταν
3334 1813 3584 1884 γένηται,
3615 1812 3769 1866 ποιοῦ-

509 1903 841 1972 glutiamus?
864 1903 1005 1957 Num
1035 1913 1091 1957 et
1117 1917 1219 1957 nos
1238 1903 1570 1957 mandamus
1593 1903 1739 1974 quod
1776 1904 1983 1959 deforis
2011 1911 2096 1960 est

2208 1921 2310 1976 μεν
2343 1904 2507 1958 αὐτὸν
2541 1903 2660 1958 υἱὸν
2689 1903 2918 1973 γεέννης
2963 1903 3280 1974 διπλότερον
3331 1904 3534 1974 ήμῶν;
3577 1905 3644 1957 Ἦ
3672 1904 3771 1973 οὖχὶ

509 1993 700 2049 calicis
739 2002 798 2048 et
838 1993 1185 2065 paropsidis;
1225 1995 1374 2064 quod
1413 2004 1596 2050 autem
1637 2006 1891 2051 nostrum
1944 1996 2095 2053 intus

513 2094 602 2140 est
631 2086 872 2156 ‘plenum
919 2095 1005 2140 est
1048 2084 1238 2156 rapina
1282 2093 1338 2140 et
1374 2085 1697 2155 iniquitate?
1732 2087 1980 2156 quinimo
2011 2088 2097 2142 in-

510 2177 854 2233 continentia
895 2176 1155 2248 turpique
1190 2175 1454 2230 libidine?
1487 2175 1629 2230 Num
1648 2183 1706 2232 et
1725 2193 1823 2232 nos
1857 2176 2097 2232 decima-

511 2285 636 2324 mus
674 2279 854 2324 rutam
875 2281 932 2325 et
963 2279 1229 2336 mentam,
1268 2284 1545 2338 omneque
1569 2269 1712 2331 olus,
1743 2278 1798 2324 et
1823 2269 2096 2339 judicium

511 2377 576 2416 ac
612 2359 968 2416 dilectionem
1013 2357 1110 2414 Dei
1152 2358 1665 2430 praetermittimus?
1684 2358 1837 2414 ’Νιιιιι
1889 2366 1946 2413 et
1993 2373 2098 2413 nos

510 2465 706 2505 sumus
750 2450 897 2503 sicut
942 2449 1197 2519 sepulcra
1243 2448 1503 2512 obscura,
1546 2447 1644 2517 qui
1689 2446 1829 2502 foris
1869 2447 2096 2518 quidem

508 2540 643 2612 justi
668 2539 989 2594 hominibus
1021 2554 1335 2609 parcamus,
1368 2537 1521 2592 intus
1546 2546 1731 2592 autem
1754 2537 1903 2607 pleni
1925 2537 2100 2594 simus

515 2632 792 2706 hypocrisi
816 2640 875 2688 et
900 2631 1256 2701 improbitate
1299 2639 1356 2686 et
1394 2629 1547 2684 omni
1583 2629 2099 2700 spurcitia'?Num

513 2733 571 2779 et
607 2737 710 2778 nos
737 2723 1076 2778 mdilicamus
1113 2721 1368 2791 sepulcra
1407 2730 1717 2793 martyrum
1749 2729 1806 2776 et
1837 2736 2103 2776 ornamus

514 2823 871 2870 monumenta
897 2815 1298 2885 apostolorum,
1327 2821 1493 2884 atque
1525 2813 1636 2869 illis
1675 2813 1885 2869 similes
1910 2829 2104 2869 sumus

515 2909 612 2980 qui
644 2924 742 2964 eos
775 2907 1136 2963 occiderunt?
1165 2906 1300 2974 Quis
1341 2921 1476 2978 ergo
1517 2921 1630 2962 non
1659 2907 1862 2979 lugeat,
1899 2907 1992 2978 qui
2022 2907 2103 2963 sic

515 3000 698 3057 affecti
744 3001 922 3056 simus
955 3010 1012 3055 et
1050 3000 1404 3056 laboremus?
1439 2995 1576 3068 Quis
1610 3007 1820 3054 tantam
1855 3008 2102 3055 nostram

515 3094 893 3166 captivitatem
922 3093 1188 3165 iacrymis
1221 3108 1335 3148 non
1367 3093 1767 3164 prosequatur?
1806 3093 2104 3163 Propterea

2196 1997 2293 2051 καὶ
2322 1997 2486 2068 ἡμεῖς
2523 1998 2696 2069 ἐσμεν
2754 1997 2942 2068 ὁδηγοὶ
2978 1994 3191 2065 τυφλοὶ,
3221 1995 3314 2048 τὸν
3367 1995 3595 2049 κονὼπα
3632 1995 3771 2049 διυλί-

2197 2089 2405 2156 ζοντες,
2432 2091 2525 2144 καὶ
2550 2091 2653 2161 τὴν
2685 2090 2937 2162 κάμηλον
2975 2089 3415 2154 καταπίνοντεςς
3453 2089 3528 2142 Ἦ
3567 2091 3679 2159 οὐχὶ
3696 2090 3772 2141 καὶ

2197 2183 2360 2254 ἡμεῖς
2383 2182 2760 2255 καθαριζομεν
2789 2184 2848 2237 τὸ
2880 2182 3082 2250 ἔξωθεν
3119 2182 3216 2236 τοῦ
3255 2181 3525 2253 ποτηρίου
3573 2182 3666 2233 καὶ
3692 2181 3772 2251 τῆς

2198 2275 2518 2346 παροψίδος
2573 2275 2636 2328 τὸ
2688 2276 2745 2329 δὲ
2792 2273 2994 2328 ἔσωθεν
3023 2274 3180 2345 ἡμῶν
3214 2275 3377 2345 γέμει
3415 2274 3670 2344 ἁρπαγῆς
3697 2273 3772 2324 καὶ

2198 2371 2513 2437 πλεονεξίας
2559 2370 2674 2445 [Fr.
2715 2373 2810 2427 xui.
2849 2370 3239 2450 ἀκαθαρσίας]·
3280 2371 3484 2440 μᾶλλον
3535 2371 3590 2423 δὲ
3626 2372 3774 2441 ἀκρα-

2200 2463 2361 2528 σίαςς
2393 2467 2462 2519 Ἣ
2491 2467 2614 2536 ούχὶ
2643 2466 2738 2520 καὶ
2762 2467 2928 2538 ἡμεῖς
2960 2464 3415 2540 ἀτεοδεκατοῦμεν
3458 2463 3520 2518 τδ
3553 2465 3772 2533 πήγανον

2201 2556 2296 2611 καὶ
2324 2556 2384 2610 τὸ
2411 2556 2703 2629 ἡδύοσμον,
2731 2559 2826 2612 καὶ
2853 2558 2964 2611 πᾶν
2985 2557 3241 2629 λάχανον’
3271 2558 3368 2610 καὶ
3393 2555 3761 2626 παρερχόμεθα

2206 2649 2307 2719 τὴν
2359 2648 2541 2719 κρίσιν
2595 2649 2697 2703 καὶ·
2721 2649 2820 2716 τὴν
2854 2649 3078 2720 ἀγάπην
3106 2648 3199 2704 τοῦ
3228 2648 3405 2716 Θεοῢς
3436 2649 3510 2701 Ἦ
3539 2648 3655 2718 οὐχὶ
3691 2647 3774 2700 καὶ

2203 2741 2368 2811 ἡμεῖς
2402 2741 2572 2810 ἐσμεν
2601 2741 2678 2804 ὣς
2709 2741 2778 2794 τὰ
2813 2744 3055 2813 μνημεῖα
3099 2742 3168 2796 τὰ
3204 2741 3394 2812 ἄδηλα,
3454 2739 3647 2805 ἔξωθεν
3685 2738 3773 2808 μὲν

2204 2834 2521 2904 φαινόμενοι
2553 2835 2670 2897 τοῖς
2704 2834 3018 2906 ἀνθρώποις
3063 2835 3283 2897 δίκαιοι,
3323 2833 3531 2887 ἔσωθεν
3565 2833 3618 2886 δὲ
3642 2831 3774 2893 ὄντες

2209 2924 2396 2994 μεστοὶ
2425 2923 2771 2994 ὑποκρίσεως
2802 2921 2899 2976 καὶ
2931 2923 3164 2994 ἀνομίας
3207 2923 3305 2977 καὶ
3338 2923 3520 2993 πάσης
3552 2921 3773 2992 ἀκαθαρ-

2207 3016 2356 3078 σὶας;
2395 3016 2467 3068 Ἢ
2507 3015 2629 3086 οὐχὶ
2673 3015 2768 3069 κα¹ι
2817 3017 2980 3086 ἡμεῖς
3022 3014 3418 3085 οἰκοδομοῦμεν
3442 3016 3570 3078 τοὺς
3591 3013 3774 3081 risco;

2205 3107 2314 3162 τῶν
2355 3107 2688 3180 Μαρτύρων,
2745 3107 2844 3161 καὶ
2895 3104 3212 3177 κοσμοῦμεν
3265 3105 3336 3159 τὰ
3397 3108 3636 3177 μνημεῖα
3681 3103 3777 3156 τῶν

517 3185 709 3260 inclyti
731 3184 828 3240 ﬁlii
860 3186 958 3242 Dei
992 3185 1232 3256 reputati
1255 3192 1387 3240 sunt
1412 3185 1472 3240 in
1501 3199 1630 3240 vasa
1659 3193 1853 3241 testea.
1884 3185 2098 3240 Idcirco

2217 3199 2580 3266 Ἀποστὸλων,
2626 3197 2723 3253 καὶ
2753 3198 2920 3268 ἐσμὲν
2973 3198 3151 3268 ὅμοιοι
3190 3196 3300 3250 τῶν
3351 3196 3781 3250 ἀποκτεινάντων

517 3277 874 3333 obscuratum
915 3283 1000 3332 est
1042 3289 1270 3340 aurum,
1317 3273 1672 3330 immutatum
1710 3281 1798 3328 est
1829 3271 2102 3342 optimum

519 3375 806 3439 argentum
833 3367 874 3421 '.
899 3366 1112 3422 Idcirco
1125 3363 1372 3420 Nazaraai
1388 3363 1523 3419 Sion
1545 3363 1676 3420 nive
1699 3362 2107 3434 splendidiores

519 3461 649 3517 facti
675 3476 870 3516 sumus
903 3460 1060 3531 quasi
1093 3458 1416 3528 Ethiopes;
1443 3457 1540 3528 qui
1576 3456 1720 3512 lacte
1751 3455 2108 3511 candidiores

518 3561 700 3616 erant,
742 3564 911 3620 super
945 3557 1328 3605 atramentum
1375 3547 1649 3620 denigrali
1697 3553 1847 3602 sunt.
1894 3545 2108 3602 Idcirco

521 3643 883 3698 obtenebrata
909 3649 995 3696 est
1016 3656 1184 3711 supra
1207 3641 1496 3712 fuliginem
1516 3639 1734 3711 species
1757 3645 1974 3694 nostra.
1999 3637 2107 3705 Qui

521 3733 908 3789 nutriebamur
943 3732 997 3787 in
1045 3731 1351 3797 coccineis,
1390 3731 1688 3803 amplexati
1729 3746 1924 3786 sumus
1956 3740 2108 3786 ster-

523 3841 655 3882 cora
681 3844 696 3882 :
724 3835 783 3882 et
809 3828 990 3898 major
1010 3826 1155 3882 facta
1183 3833 1270 3883 est
1293 3826 1560 3898 iniquitas
1588 3833 1779 3881 nostra
1808 3839 1975 3896 super
2006 3824 2111 3878 ἱιι-ἱ-

523 3915 793 3987 quitatem
835 3915 1224 3973 Sodomorum.
1268 3917 1481 3972 Idcirco
1529 3917 1629 3971 ﬁlii
1667 3915 1780 3971 diei
1836 3922 1894 3970 et
1945 3914 2110 3980 lucis,

524 4009 653 4066 facti
681 4025 876 4066 sumus
903 4009 1003 4064 ﬁlii
1028 4009 1208 4065 noctis
1235 4019 1293 4064 et
1323 4009 1676 4065 tenebrarum
1705 4009 1746 4062 ".
1781 4007 1994 4062 Idcirco
2012 4005 2112 4060 filii

527 4117 705 4190 regni,
746 4117 804 4172 in
846 4116 990 4172 illius
1017 4116 1285 4188 gehennae
1322 4115 1624 4170 evasimus.
1671 4113 1971 4183 Propterea
2015 4110 2112 4165 ﬁlii

527 4209 766 4277 Excelsi,
805 4209 954 4266 sicut
998 4209 1255 4265 homines
1290 4207 1582 4271 morimur,
1617 4214 1676 4262 et
1699 4207 1846 4262 sicut
1873 4220 2018 4259 unus
2045 4220 2112 4259 ex

527 4301 876 4374 principibus
901 4299 1155 4356 cadimus
1194 4299 1238 4353 ⁸.
1277 4299 1578 4369 Propterea
1611 4296 1801 4351 traditi
1833 4309 2027 4351 sumus
2056 4293 2114 4349 in

2209 3291 2448 3359 αὑτούς;
2497 3291 2582 3355 τίς
2638 3286 2732 3344 οὗν
2769 3289 2832 3342 ού
2869 3287 3091 3344 κλαύσει
3135 3289 3282 3358 ἡμᾶς
3315 3286 3494 3351 οὕτως
3523 3287 3778 3356 διακειμὲο

2208 3401 2359 3448 νους.
2385 3382 2480 3447 Τίς
2512 3381 2572 3435 οὐ
2610 3379 2874 3454 θρηνήσει
2926 3381 3028 3452 τὴν
3060 3375 3401 3451 τηλικαύτην
3434 3380 3590 3450 ἡμῶν
3637 3380 3780 3449 om»

2208 3475 2484 3542 αλωσίαν;
2525 3474 2625 3529 Διά
2653 3473 2810 3528 τοῦτο
2846 3473 2952 3526 υἱοὶ
2979 3471 3113 3526 Θεοῦ
3146 3474 3194 3526 οἱ
3219 3473 3419 3544 τίμιοι,
3441 3471 3780 3544 ἐλογίσθημεν

2209 3567 2284 3632 ὡς
2320 3568 2519 3636 ἀγγεῖα
2549 3565 2872 3636 ὀστράκινα.
2912 3562 3011 3616 Διά
3040 3561 3199 3614 τοῦτο
3232 3559 3546 3632 ἡμαυρώθη
3573 3559 3636 3613 τὸ
3666 3576 3779 3632 χρυο

2213 3660 2346 3713 σίον·
2380 3657 2646 3731 ἠλλοιώθη
2675 3657 2738 3712 τὸ
2768 3655 3030 3728 ἀργύριον
3072 3654 3134 3708 τὸ
3165 3653 3392 3722 ἀγαθόν.
3430 3651 3534 3706 Διά
3568 3650 3716 3705 τοῦτο
3739 3650 3780 3702 οι

2211 3749 2524 3821 Ναζωραῖοι
2564 3747 2729 3815 Σιὼν,
2763 3749 2814 3803 οἱ
2845 3749 2985 3821 ὑπὲρ
3028 3749 3182 3819 χιόνα
3209 3745 3553 3817 λάμψαντες,
3581 3745 3783 3814 γεγόνει

2215 3862 2318 3917 μεν
2374 3845 2451 3910 ὡς
2484 3844 2761 3908 Αἰθίοπες
2790 3844 2841 3897 οἱ
2870 3843 3010 3915 ὑπὲρ
3043 3838 3184 3911 γτκλα
3216 3838 3626 3901 λευκανθέντες,
3659 3838 3782 3904 ὑπὲρ

2217 3936 2383 4008 μέλαν
2413 3935 2792 4009 ὲξοφὼθησαν.
2822 3933 2923 3990 Διά
2950 3933 3110 3988 τοῦτο
3131 3933 3430 3988 ὲσκότασεν
3465 3932 3605 4002 ὑπὲρ
3640 3932 3781 3985 ἀσθε-

2213 4028 2313 4098 λην
2366 4027 2427 4081 τὸ
2476 4023 2618 4090 εἶδος
2665 4027 2842 4098 ἡμῶν.
2895 4027 2960 4081 Oi
3005 4025 3384 4097 τιθηνούμενοι
3434 4025 3527 4077 ἐπὶ
3570 4024 3782 4084 κόκκων,

2216 4117 2653 4190 περιεὸαλόμεθα
2685 4119 2938 4190 κοπρὶας·
2983 4118 3077 4172 καὶ
3122 4116 3471 4187 ὲμεγαλύνθη
3518 4116 3552 4187 ἡ
3605 4113 3784 4184 ἀνομία

2215 4210 2395 4282 ήμῶν,
2429 4210 2572 4281 ὑπὲρ
2604 4209 2847 4280 ἀνομιῶν
2881 4209 3154 4280 Σοδόμων.
3182 4209 3281 4262 Διά
3311 4208 3474 4262 τοῦτο
3495 4209 3546 4261 οἱ
3580 4206 3685 4260 υἱοὶ
3704 4207 3787 4275 τῆς

2215 4300 2431 4371 ἡμέρας
2473 4300 2566 4354 καὶ
2611 4299 2706 4353 τοῦ
2734 4300 2934 4369 φωτὸς,
2974 4299 3084 4352 υἱοὶ
3135 4299 3444 4370 γεγόναμεν
3491 4297 3683 4359 νυκτὸς
3711 4293 3790 4348 καὶ

529 4407 726 4448 manus
757 4393 1004 4448 hostium
1035 4392 1354 4462 iniquorum
1383 4389 1673 4462 (srevorum
1698 4387 1916 4444 scilicet
1942 4401 2009 4443 ac
2036 4386 2098 4443 fe

2220 4395 2477 4456 σκότους.
2506 4391 2609 4446 Διά
2631 4391 2790 4446 τοῦτο
2818 4393 2924 4445 υἱοὶ
2953 4392 3052 4461 τῆς
3099 4391 3398 4462 βασιλείας,
3431 4391 3539 4444 υἱοὶ
3582 4389 3790 4458 γεέννης

531 4482 746 4538 rocium
775 4482 1111 4556 daemonum)
1138 4482 1368 4555 regique
1401 4481 1609 4553 injuste
1629 4490 1689 4537 et
1716 4479 2098 4538 scelestissimc

2222 4485 2556 4556 γεγόναμεν.
2589 4483 2690 4537 Διά
2708 4482 2868 4537 τοῦτο
2887 4483 2937 4537 οἱ
2970 4483 3076 4536 υἱοὶ
3122 4481 3400 4551 Ὑψίστου,
3431 4480 3507 4545 ὡς
3535 4480 3790 4548 ἅνθρωποι

534 4589 678 4644 ultra
726 4604 945 4644 omnem
998 4597 1203 4644 terram
1249 4589 1496 4659 (illorum
1540 4586 1804 4642 nimirum
1858 4585 2092 4658 principi

2227 4577 2666 4649 ἀποθνήσκομεν,
2701 4576 2793 4629 καὶ
2821 4575 2896 4640 ὡς
2945 4569 3028 4639 εἷς
3059 4573 3170 4627 τῶν
3199 4572 3477 4647 ἀρχόντων
3516 4572 3792 4646 πεπτομεν.

532 4682 661 4753 quia
682 4682 1036 4753 peccavimus
1055 4698 1120 4738 ac
1143 4682 1332 4753 inique
1358 4681 1595 4754 egimus,
1617 4679 1877 4736 violando
1897 4679 2097 4736 Domin

2225 4669 2325 4724 Διά
2365 4669 2524 4722 τοῦτο
2576 4667 2956 4740 παρεδόθημεν
2991 4665 3072 4730 εἰς
3108 4666 3296 4737 χεῖρας
3329 4663 3538 4735 ἐχθρῶν
3570 4663 3789 4732 ἀνόμων,

534 4752 634 4831 Dei
682 4752 857 4829 nostri
903 4773 1163 4829 mandata
1189 4752 1322 4840 ’,et
1360 4752 1738 4829 conculcando
1763 4771 1968 4828 Filium
1997 4771 2093 4827 Dei

2225 4757 2337 4813 τῶν
2378 4757 2588 4829 ἀγρίων
2628 4755 2774 4826 λέγω
2801 4755 3104 4828 δαιμόνων,
3135 4755 3228 4808 καὶ
3249 4753 3473 4824 ’βασιλεῖ
3508 4752 3678 4822 ἀδίκῳ
3715 4753 3790 4804 καὶ

537 4882 603 4922 ac
629 4878 979 4922 communem
1013 4865 1268 4921 ducendo
1309 4865 1634 4937 sanguinem
1682 4861 1998 4920 testamenti
2049 4861 2097 4893 ¹⁰

2228 4849 2602 4922 πονηρωτάτῳ
2632 4846 2786 4920 παρά
2828 4849 3016 4902 πᾶσαν
3049 4846 3150 4918 τὴν
3190 4847 3316 4916 γῆν,
3349 4843 3554 4916 δηλαδὴ
3581 4844 3658 4913 τῷ
3690 4842 3790 4896 τού-

539 4961 645 5018 Sed
672 4977 738 5016 ne
761 4959 1060 5015 tradideris
1077 4974 1177 5015 nos
1197 4959 1253 5014 in
1276 4958 1440 5013 tinem
1463 4963 1695 5028 propter
1709 4962 2094 5031 nomentuum

2225 4960 2333 4997 των
2365 4942 2608 5014 ἄρχοντι,
2635 4941 2719 4994 ὅτι
2743 4939 3067 5011 ἡμάρτομεν
3098 4939 3194 4992 καὶ
3215 4938 3603 5012 ’ἠνομήσαμεν,
3632 4950 3790 5006 παρα-

539 5053 792 5118 Domine,
842 5067 914 5108 ne
963 5050 1204 5122 dissipes
1249 5025 1644 5105 testamentum
1684 5046 1891 5111 ‘tuum;
1926 5028 2098 5116 inequt

2228 5035 2422 5098 ϐάντες
2475 5033 2578 5098 τάς
2642 5031 2880 5096 -ὲντολάς
2921 5030 3130 5103 Κυρίου
3219 5028 3313 5083 τοῦ
3381 5026 3525 5082 Θεοῦ
3611 5025 3794 5122 ἡμῖν,

539 5153 754 5199 avertas
790 5141 1226 5199 misericordiam
1250 5151 1401 5196 tuam
1427 5154 1459 5195 a
1485 5138 1669 5206 nobis,
1695 5145 1922 5210 propter
1953 5138 2092 5194 misc

2231 5128 2326 5184 καὶ
2350 5125 2836 5196 καταπατήσαντες
2855 5123 2946 5178 τδν
2976 5119 3225 5177 ruma
3265 5119 3400 5176 Θεοῦ
3431 5121 3527 5174 καὶ
3570 5120 3630 5173 τὸ
3675 5113 3793 5188 una

540 5234 786 5289 rationes
815 5244 938 5290 tuas
967 5235 1032 5301 “,
1074 5233 1238 5290 Pater
1275 5241 1484 5298 noster,
1527 5231 1624 5302 qui
1647 5245 1708 5286 es
1749 5230 1808 5286 in
1848 5228 2036 5297 caelis;
2071 5244 2098 5284 e

2233 5221 2332 5292 τῆς
2358 5218 2622 5290 διαθήκης
2672 5216 2853 5272 κοινὸν
2908 5215 3280 5308 ήγησάμενοι.
3325 5213 3488 5268 Ἀ)λά
3531 5212 3608 5286 μὴ
3634 5227 3794 5281 παρσ-

540 5335 767 5396 propter
794 5327 1010 5382 viscera
1034 5324 1302 5397 unigeniti
1329 5321 1455 5379 Filii
1479 5301 1600 5392 toil,
1638 5330 1982 5393 propterque
2018 5320 2093 5374 mi

2233 5313 2360 5384 δύης
2393 5311 2509 5385 [Fax
2557 5307 2840 5382 παραδῷς]
2889 5301 3041 5381 ἡμᾶς
3089 5309 3171 5372 εἰς
3197 5307 3356 5371 τέλος
3411 5304 3510 5397 διάᾲ
3539 5305 3601 5358 τὸ
3647 5301 3796 5372 ὄνομ-ἂ

542 5394 904 5486 sericordiam
930 5394 1172 5488 Spiritus
1197 5414 1394 5472 sancti.
1434 5411 1514 5469 Ne
1543 5413 1846 5469 memineris
1872 5411 2098 5484 iniquita

2236 5423 2358 5474 σου,
2392 5403 2589 5475 Κύριε,
2620 5403 2717 5458 καὶ
2753 5400 2831 5473 μὴ
2867 5400 3234 5472 ’διασκεδάσῃς
3277 5398 3376 5470 τὴν
3405 5394 3667 5467 διαθήκην

544 5514 656 5563 tum
691 5487 995 5564 nostrarum
1025 5510 1408 5576 antiquarum;
1444 5506 1545 5564 sed
1585 5507 1686 5562 cito
1721 5507 2009 5577 anticipant
2038 5520 2098 5558 na

2239 5501 2337 5554 καὶ
2371 5499 2448 5571 μὴ
2500 5497 2821 5570 ἀποστήσῃς
2859 5494 2921 5548 τὸ
2953 5494 3104 5556 ἔλεός
3136 5510 3230 5546 σου
3259 5490 3354 5562 ἀφ’
3379 5489 3555 5562 ήμῶν,
3571 5488 3655 5542 διὰ
3695 5487 3799 5546 τοὺς

545 5599 914 5657 misericordia:
965 5609 1093 5667 tum,
1147 5604 1273 5672 quia
1327 5614 1586 5672 pauperes
1643 5599 1770 5670 facti
1820 5613 2004 5652 sumus
2053 5598 2098 5650 ni

2243 5589 2560 5662 οἰκτιρμούς
2591 5603 2709 5653 σου,
2741 5586 2927 5656 Πάτερ
2955 5584 3112 5656 ἡμῶν
3138 5584 3169 5661 ,ὁ
3199 5585 3258 5637 ὲν
3288 5585 3399 5646 τοῖς
3426 5581 3693 5650 οὐρανοῖςο
3718 5577 3800 5630 καὶ

621 5819 642 5851 ³
675 5817 809 5873 Luc.
835 5835 912 5883 ιιι,
947 5818 1037 5873 46.
1110 5818 1132 5849 ⁸
1159 5818 1350 5873 Matth.
1381 5833 1455 5881 γι,
1485 5817 1539 5872 5.
1578 5817 1600 5848 ⁵
1633 5814 1824 5870 Matth.
1852 5829 2000 5877 xxut,
2028 5813 2098 5883 δεῖ

2228 5805 2696 5883 Luc._;.,so._5s.
2773 5802 3444 5883 ‘Thren.__t,8;rv,1,2.
3516 5796 3805 5856 ἰτιιαιιο

548 5901 606 5955 v,
637 5888 689 5944 5.
763 5888 785 5920 ⁸
817 5875 958 5944 Psal.
997 5903 1154 5955 Lxxx,
1181 5888 1236 5942 7.
1311 5887 1332 5919 ⁸
1363 5875 1500 5941 Dan.
1548 5901 1626 5952 ιιι,
1657 5885 1720 5940 51
1751 5899 1904 5955 seqq.
1984 5875 2026 5916 ⁵ο
2062 5882 2098 5937 Il

2203 5897 2228 5937 '.
2262 5897 2316 5947 ι,
2347 5880 2440 5934 28.
2519 5879 2558 5909 ³³
2591 5878 2732 5932 Dan.
2757 5889 2835 5941 ιιι,
2859 5875 2952 5944 54,
2984 5876 3075 5930 35.
