4048 6438
243 340 339 410 961

1177 338 1510 411 CAPITUM
1544 337 1644 405 DE
1680 329 2116 405 CHARITATE
2155 336 2541 398 CENTURIA
2583 338 2631 398 Ι.

3404 339 3533 407 9.62.

244 460 336 516 καὶ
358 454 507 527 ἄλλῳ
535 452 856 525 οἰῳδήποτε.
905 450 1066 505 Ἀλλὰ
1094 451 1188 505 τοῦ
1219 451 1394 517 λέξεις
1423 449 1673 521 θηρεύειν
1695 448 1830 520 πρὸς

1963 455 2044 503 οι.
2073 445 2311 509 Omnino
2334 456 2519 511 autem
2549 456 2793 518 emerget
2816 461 2879 519 ac
2906 446 3370 515 manifestabitur,
3397 450 3511 515 Deo

240 551 307 605 τὸ
331 549 560 612 κακίζεν
602 545 691 599 τὸν
733 544 1209 617 συγγραψάμενον,
1246 545 1331 597 ἵνα
1370 544 1594 597 σεαυτὸν
1620 540 1835 617 ἐκείνου

243 641 555 711 σοφώτερον
588 637 766 707 δῆθεν,
828 637 903 699 ὡς
937 636 1148 706 οἰησίας
1180 638 1218 699 ‘,
1278 635 1623 709 παραστήσῃ,
1678 632 1841 687 οὐδὲν

241 732 521 803 ὠφέλιμον
576 728 875 807 οὐδαμόθεν
923 725 1178 779 οὐδέποτε
1216 726 1624 793 ἀναφανήσεται

1935 540 2077 603 bene
2122 541 2390 611 propitio,
2417 540 2555 595 'dum
2606 542 2730 609 quis
2760 539 2908 603 nulla
2940 540 3142 615 mentis
3173 540 3512 623 curiositate,
3594 604 3602 610 _

1936 632 2031 686 sed
2061 648 2183 686 cum
2224 634 2319 693 Dei
2352 634 2547 689 timore
2596 648 2659 687 ac
2688 633 2984 697 dilectione
3023 632 3265 699 animum
3291 631 3531 700 lectioni.

1936 722 2214 783 adhibeat.
2272 724 2371 779 Sin
2434 736 2619 785 autem
2682 725 2902 794 aliquis,
2951 740 3067 789 non
3126 732 3188 790 ut
3241 723 3515 792 commodi

240 824 450 894 aliquid
508 821 773 891 spiritalis
824 831 1215 888 consequatur,
1273 832 1391 872 srve
1453 818 1614 879 hanc.
1685 814 1803 868 sive
1861 814 2023 870 aliam
2091 816 2344 885 quamvis
2426 817 2867 881 lucubrationes:
2914 817 3124 891 legerit,
3180 808 3273 875 sed
3332 826 3392 879 ut
3433 815 3518 879 dir

242 919 455 973 ctiones
485 924 726 986 aucupet
785 914 1029 970 auctoris
1074 911 1399 981 suggillandi
1449 924 1634 975 causa,
1704 917 1851 973 utse
1911 908 2170 965 nimirum
2226 910 2318 964 illo
2380 910 2771 979 sapientiorem
2836 909 3060 980 (quippe
3110 907 3251 971 fastu
3300 916 3523 973 tumetis

242 1010 642 1085 arrogansque)
689 1011 967 1076 exhibeat,
1005 1009 1139 1065 huic
1170 1008 1311 1065 nihil
1348 1020 1588 1075 unquam
1621 1003 1731 1064 ulla
1770 1018 1839 1065 ex
1875 1016 1935 1055 re
1964 1003 2168 1073 oppido
2193 1004 2328 1060 utile
2355 1004 2687 1062 occurrerit.

639 1169 779 1223 ΤΟΥ
818 1171 1048 1225 ΑΓΙΟΥ
1079 1168 1439 1225 ΜΔΞΙΜΟΥ.

242 1262 455 1331 Πρώτη
486 1262 810 1328 ἑκατοντὰς
840 1260 960 1315 τῶν
999 1263 1132 1331 περὶ
1172 1262 1411 1331 ἀγάπης
1462 1262 1826 1330 κεφαλαὰυν.

315 1401 387 1447 α’.
444 1392 654 1464 Ἀγάπη
692 1391 793 1464 μέν
809 1393 1237 1458 ὲστιν,διάθεσις
1257 1394 1436 1464 ψυχῆς
1469 1394 1673 1464 ἀγαθὴ.
1705 1392 1829 1446 καθ’

238 1486 311 1555 ἢν
334 1484 489 1537 ούὸὶν
517 1482 628 1543 τῶν
653 1482 845 1549 όντων,
872 1484 972 1553 τῆς
997 1483 1091 1536 τοῦ
1111 1483 1249 1537 Θεοῦ
1270 1483 1523 1553 γνώσεως
1564 1485 1827 1555 προτιμᾷ.

253 1576 550 1631 Ἀδύνατον
570 1574 631 1639 δὲ
663 1576 744 1638 είς
772 1575 885 1641 ἕξιν
911 1576 1086 1629 ἆλθεῖν
1106 1576 1312 1644 ταύτης
1341 1575 1440 1643 τῆς
1471 1576 1713 1645 ἀγάπης,
1740 1576 1831 1630 τὸν

240 1667 385 1738 πρός
417 1685 469 1719 τι
500 1667 609 1719 τῶν
634 1666 897 1733 ἐπιγείων
920 1664 1527 1736 ἔχοντανπροσπὰθειαν.

2454 1159 2705 1219 SANCTI
2742 1158 3023 1233 MAXIM],

2204 1256 2284 1310 De
2313 1240 2574 1310 cltaritute
2601 1262 2819 1306 centena
2852 1253 3026 1321 prima
3060 1250 3253 1319 capita.

2007 1410 2057 1462 l.
2090 1407 2365 1471 Charitas,
2397 1408 2541 1461 bona
2570 1413 2653 1461 est
2681 1403 2885 1459 mentis
2917 1403 3157 1466 aﬂ'ectio,
3186 1418 3292 1471 qua
3320 1402 3519 1456 divinre

1937 1498 2240 1569 cognitioni
2277 1498 2414 1552 nihil
2465 1495 2770 1566 anteponit.
2828 1495 2956 1564 l-Ljus
3006 1502 3186 1548 autem
3237 1492 3523 1547 charitatis

1938 1588 2189 1644 habitum
2230 1606 2393 1644 nemo
2428 1606 2672 1659 unquam
2701 1586 2917 1656 assequi
2949 1585 3143 1656 possit,
3167 1584 3261 1653 qui
3290 1584 3523 1637 terrenis

1938 1680 2066 1735 ullis
2097 1681 2264 1736 rebus
2297 1681 2481 1734 animo
2511 1680 2803 1735 devinctus
2837 1678 2927 1732 sit.
2988 1684 2989 1687 ‘

315 1758 380 1827 β’.
442 1760 689 1828 ’Λγάπην
727 1758 826 1829 μὲν
855 1759 1031 1811 τίκτει
1067 1760 1339 1812 ἁπάθεια’
1379 1757 1653 1812 ἀπάθειαν
1685 1758 1763 1824 δὲ,
1797 1758 1831 1827 ἡ

2006 1768 2060 1822 2.
2095 1767 2435 1823 Charitatem
2462 1769 2608 1839 parit
2642 1764 3102 1837 imperturbatio;
3151 1761 3522 1832 imperturba-

239 1851 321 1912 εἰς
354 1848 491 1903 Θεὸν
518 1849 674 1914 ἐλπίς
698 1865 712 1880 ο
753 1849 852 1921 τὴν
889 1848 947 1903 δὲ
971 1850 1181 1915 ἐλπίδα,
1217 1849 1463 1922 ὑπομονὴ
1495 1849 1591 1903 καὶ
1626 1867 1836 1921 μακρο-

1964 1861 2150 1916 ionem
2191 1860 2477 1929 sedatique
2521 1858 2692 1914 animi
2732 1855 3212 1925 tranquillitatem,
3245 1868 3370 1923 spes
3403 1868 3526 1921 qua:

240 1942 418 2013 θυμία
473 1941 586 2013 (ο)⁸
646 1942 852 2007 ταύτας
906 1944 980 2008 δὲ,
1030 1947 1063 2016 ή
1127 1944 1454 2014 περιεκτικὴ
1495 1943 1833 2014 ἐγκράτεια·

240 2034 579 2106 ἐγκράτειαν
610 2034 691 2098 δὲ,
738 2037 767 2088 6
800 2035 895 2089 τοῦ
941 2035 1078 2090 Θεοῦ
1124 2036 1293 2107 φόϐος
1313 2053 1327 2066 ·
1372 2036 1464 2088 τὸν
1488 2035 1546 2088 δὲ
1580 2035 1769 2106 φόϐον,
1800 2036 1835 2106 ἡ

238 2131 322 2193 είς
345 2130 445 2182 τὸν
473 2128 682 2201 Κύριον
713 2129 919 2194 πίστις.

308 2316 384 2379 γ’.
442 2311 503 2364 '0
535 2311 807 2366 πιστεύων
833 2310 912 2383 τῷ
944 2313 1159 2384 Κυριῳ,
1187 2313 1433 2381 φοϐεῖται
1460 2310 1558 2382 τὴν
1590 2311 1833 2374 κόλασινο

238 2406 267 2456 6
295 2405 354 2458 δὲ
386 2404 729 2476 φοϐούμενος
760 2407 858 2477 τὴν
897 2407 1142 2469 κόλασιν,
1171 2406 1567 2479 ἐγκρατεύεται
1591 2407 1701 2460 ἀπὸ
1726 2406 1836 2459 τῶν

239 2499 443 2554 vatiam
462 2516 478 2532 ο
503 2501 533 2552 6
563 2499 621 2553 δὲ
644 2498 1112 2571 ἐγκρατευόμενος
1135 2500 1243 2553 ἀπὸ
1268 2500 1375 2552 τῶν
1401 2499 1613 2564 παθῶν,
1631 2499 1837 2569 ὑπομέ-

239 2610 319 2646 νει
344 2593 424 2647 τὰ
457 2590 717 2664 θλιόερά·
751 2592 778 2643 6
805 2591 864 2645 δὲ
896 2593 1187 2662 ὑπομένων
1216 2591 1284 2646 τὰ
1317 2591 1564 2664 ϐλιὸερὰ,
1597 2592 1709 2657 ἕξει
1755 2594 1837 2655 είς

239 2686 378 2740 Θεὸν
433 2686 627 2739 ἐλπίδα
652 2701 665 2714 ⁸
703 2687 737 2756 ἡ
776 2685 834 2739 δὲ
879 2686 959 2748 είς
993 2685 1127 2739 Θεὸν
1166 2684 1345 2749 ἐλπὶς,
1388 2686 1612 2757 χωρίζει
1654 2685 1837 2756 πάσης

239 2780 448 2851 γηῖνης
485 2778 866 2851 προσπαθείας
891 2778 985 2832 τὸν
1006 2778 1132 2832 νοῦν
1150 2796 1164 2809 ·
1190 2779 1393 2849 ταύτης
1423 2779 1482 2832 δὲ
1511 2780 1541 2832 6
1572 2778 1695 2843 νοῦς
1728 2797 1836 2850 χω-

244 2871 486 2942 ρισθεὶς,
517 2869 630 2935 ἕξει
657 2869 755 2941 τὴν
778 2871 860 2933 είς
883 2868 1016 2923 Θεὸν
1055 2869 1300 2940 ἀγάπην.

310 3046 381 3101 δ’.
438 3044 496 3099 '0
518 3042 750 3112 ἀγαπῶν
771 3042 862 3097 τὸν
884 3041 1016 3095 Θεὸν
1043 3042 1137 3111 (‘2),
1164 3056 1382 3107 παντων
1407 3040 1514 3094 τῶν
1545 3041 1638 3093 ὑπ’
1668 3040 1836 3098 αὑτοῦ

1938 1951 2011 2007 in-
2032 1953 2205 2007 Deum
2233 1958 2316 2006 est
2343 1968 2356 2005 :
2386 1959 2646 2005 cancrum
2687 1962 2866 2018 spem,
2899 1944 3163 2015 patientia
3188 1952 3243 1997 et
3274 1942 3529 2012 longani-

1937 2046 2101 2101 mitas
2128 2063 2140 2098 :
2172 2046 2272 2100 bas
2297 2058 2452 2106 vero,
2479 2043 2639 2113 cujus
2663 2040 2735 2095 sit
2761 2038 2927 2102 tueri,
2954 2035 3328 2099 continentia;
3360 2048 3532 2103 porro

1937 2137 2355 2200 continentiam,
2384 2135 2482 2190 Dei
2520 2134 2685 2188 timor
2716 2148 2730 2186 :
2762 2131 3040 2195 timorem,
3089 2144 3211 2199 quae
3239 2128 3296 2185 in
3345 2126 3500 2181 Domi

1935 2245 2070 2285 num
2112 2238 2219 2295 est,
2257 2228 2415 2284 ﬁdes.

2005 2324 2058 2378 '5.
2092 2322 2199 2397 Qui
2241 2321 2477 2377 Domino
2522 2319 2721 2382 credit.
2758 2333 2978 2390 ptenam
3017 2312 3389 2387 pertimescit;
3432 2310 3529 2380 qui

1937 2424 2122 2483 autem
2158 2413 2504 2484 pertimescit
2554 2425 2797 2481 poenam,
2847 2424 2905 2463 se
2955 2424 2985 2462 a
3018 2406 3170 2461 vitiis
3216 2402 3461 2459 continet
3514 2417 3532 2454 :

1937 2508 2032 2578 qui
2072 2522 2206 2562 vero
2241 2522 2300 2560 se
2326 2522 2357 2559 a
2389 2505 2541 2559 vitiis
2569 2504 2837 2565 continet,
2868 2501 3144 2572 patienter
3169 2511 3442 2553 aerumnas
3469 2508 3537 2547 ac
3566 2488 3567 2491 “

1938 2598 2081 2651 mala
2135 2597 2356 2661 suffert;
2422 2596 2469 2650 is
2506 2610 2676 2664 porro
2732 2591 2827 2661 qui
2882 2590 2999 2645 haec
3052 2589 3326 2659 patienter
3373 2584 3542 2654 396

1937 2690 2151 2756 suﬂ‘ert,
2186 2704 2338 2759 spem
2371 2687 2427 2740 in
2455 2687 2627 2739 Deum
2658 2683 2953 2737 habiturus
2982 2690 3064 2735 est
3118 2698 3131 2732 :
3180 2693 3307 2748 spes
3350 2683 3537 2731 autem

1938 2781 1994 2835 in
2022 2781 2219 2843 Deum,
2247 2795 2277 2833 a
2313 2786 2533 2831 terrena
2572 2774 2723 2828 omni
2772 2773 2999 2826 libidine
3038 2776 3257 2839 separat
3290 2786 3302 2821 :
3339 2768 3408 2821 ab
3449 2766 3539 2820 his

1940 2873 2183 2942 denique
2214 2876 2509 2941 separatus
2537 2867 2775 2931 animus,
2806 2864 3128 2919 charitatem
3158 2859 3541 2915 nansciscetur

1940 2980 2059 3036 quae
2089 2963 2156 3016 ad
2184 2962 2359 3015 Deum
2386 2966 2489 3014 est.

2011 3055 2063 3109 4.
2094 3052 2198 3120 Qui
2223 3052 2397 3106 Deum
2422 3047 2621 3118 diligit,
2648 3044 2867 3102 cunctis
2897 3043 2967 3098 ab
3001 3059 3069 3098 eo
3099 3040 3358 3105 conditis,
3389 3039 3545 3093 illius

243 3136 559 3206 γεγονότων
605 3135 852 3206 προτιμᾷ
889 3133 987 3204 τὴν
1017 3134 1222 3202 γνῶσιν
1245 3131 1437 3196 αὑτοῦ,
1474 3134 1569 3201 καὶ
1597 3132 1839 3187 ἀδιαλεί-

1963 3144 2319 3216 :ognitionem
2349 3156 2413 3195 ac
2458 3138 2744 3194 scientiam
2793 3134 3115 3205 anteponit;
3159 3133 3323 3203 eique
3368 3130 3542 3185 animi

245 3246 403 3293 πτως
433 3227 524 3282 διὰ
545 3226 640 3281 τοῦ
677 3226 867 3289 πόθου,
899 3225 1073 3297 ταύτῃ
1101 3227 1525 3297 προσκαρτερετ.

315 3320 384 3376 ε’.
430 3322 496 3376 EI
537 3320 717 3375 πάντα
764 3318 837 3379 τὰ
872 3318 1007 3371 ὅντα
1052 3318 1139 3383 διὰ
1182 3317 1279 3371 τοῦ
1310 3316 1446 3371 Θεοῦ
1478 3317 1576 3371 καὶ
1618 3316 1706 3371 διὰ
1748 3317 1842 3373 τὸν

247 3415 385 3469 Θεὸν
418 3413 632 3485 γέγονε’
648 3414 914 3484 κρείττων
936 3411 1030 3475 δὲρ
1052 3410 1184 3473 Θεὸς
1213 3409 1322 3464 τῶν
1351 3410 1420 3463 δι’
1441 3408 1606 3464 αὑτοῦ
1621 3409 1846 3479 γεγονό-

246 3522 379 3561 των’
397 3509 429 3561 6
441 3504 874 3577 καταλιμπάνων
891 3502 983 3556 τὸν
996 3502 1097 3554 Θεὸ
1108 3521 1128 3553 ν
1144 3501 1234 3555 τὸν
1249 3502 1461 3572 ἁσυγκρ
1472 3502 1595 3564 ίτως
1608 3500 1847 3573 κρείττο-

249 3617 338 3662 να.
379 3599 484 3654 καὶ
505 3598 621 3663 τοῖς
647 3596 890 3668 χείροσιν
915 3593 1396 3665 ὲνασχολούρενος,
1423 3592 1696 3657 δείκνυσιν
1712 3592 1847 3661 ,ἑαυ-

249 3693 342 3745 τὸν
380 3688 739 3763 προτιμῶντα
770 3685 864 3741 τοῦ
896 3685 1052 3753 Θεοῦ,
1086 3686 1156 3747 τὰ
1186 3686 1254 3740 δι’
1284 3684 1452 3739 αὑτοῦ
1482 3684 1775 3755 γεγονότα.

321 3882 411 3943 ς’.
461 3874 522 3928 '0
559 3874 628 3945 τῇ
676 3874 760 3936 είς
796 3870 933 3937 Θεὸν
982 3867 1174 3940 ἀγάπῃ
1218 3868 1309 3922 τὸν
1346 3867 1471 3922 νοῦν
1509 3866 1647 3940 ἔχων
1677 3883 1851 3940 προσ-

260 3965 571 4038 ηλωμένον,
620 3961 844 4016 πάντων
888 3958 995 4025 τῶν
1040 3958 1359 4032 ὁρωμένων,
1397 3956 1497 4012 καὶ
1545 3956 1713 4027 αὑτοῦ
1752 3954 1847 4010 τοῦ

159 4051 162 4054 ’
258 4057 542 4130 σώματος,
574 4054 650 4119 ὡς
670 4050 955 4124 ἀλλοτρίου
986 4052 1338 4122 καταφρονεῖ.

327 4151 403 4217 ζ’.
440 4150 512 4204 Et
554 4146 823 4221 κρείττων
863 4144 961 4201 τοῦ
1012 4144 1273 4215 ,σώματος
1320 4143 1355 4214 ἡ
1407 4142 1555 4221 ψυχή
1580 4141 1657 4214 (5‘)
1683 4159 1699 4174 ”
1754 4142 1851 4198 καὶ

259 4243 536 4314 κρείττων
581 4238 677 4294 τοῦ
719 4238 930 4309 κόσμου
971 4235 1325 4308 ἁσυγκρίτως
1379 4235 1409 4291 6
1446 4235 1649 4298 -κτίσας
1689 4234 1852 4297 αὑτὸν

260 4338 399 4399 Θεός
418 4352 433 4365 ·
465 4336 495 4389 6
521 4332 808 4405 προτιμῶν
830 4330 932 4405 τῆς
957 4327 1140 4400 ψυχῆς
1170 4327 1232 4389 τὸ
1255 4325 1441 4397 σῶμα,
1460 4326 1554 4381 καὶ
1578 4325 1675 4380 τοῦ
1715 4324 1851 4380 Θεοῦ

1949 3235 2228 3291 desiderio
2258 3248 2322 3287 ac
2348 3244 2535 3285 amore
2563 3229 2904 3283 incessanter
2936 3224 3228 3281 incumbit.

2021 3331 2075 3385 5.
2102 3328 2241 3383 Cum
2268 3324 2452 3381 omnia
2484 3338 2606 3394 qua
2638 3328 2788 3386 sunt,
2818 3320 2931 3374 Deo
2962 3326 3189 3372 auctore
3216 3332 3281 3371 ac
3312 3323 3549 3385 propter

1949 3425 2125 3481 Deum
2166 3419 2388 3476 condita
2426 3416 2570 3481 sint;
2620 3414 2803 3483 sitque
2832 3412 3001 3475 Deus,
3028 3410 3098 3464 iis
3145 3423 3269 3479 quae
3302 3408 3421 3478 ipso
3446 3423 3549 3461 au-

1952 3526 2104 3573 ctore
2141 3512 2359 3569 condita
2394 3515 2545 3572 sunt,
2601 3507 2762 3575 longe
2799 3502 3183 3574 praestantior;
3227 3499 3323 3570 qui
3368 3499 3544 3553 Deum

1954 3607 2093 3664 citra
2131 3616 2353 3658 omnem
2383 3595 2852 3668 comparationem
2889 3593 3174 3648 meliorem
3202 3591 3547 3660 relinquens,

1954 3696 2331 3767 deterioribus
2380 3698 2691 3764 addicitur;
2749 3695 2982 3751 minoris
3030 3708 3092 3749 se
3148 3693 3322 3747 Deum
3363 3690 3548 3746 facere

1954 3791 2218 3859 ostendit,
2255 3806 2420 3861 quam
2452 3804 2574 3860 quae
2607 3787 2702 3843 illo
2736 3796 2963 3842 auctore
2996 3783 3216 3840 condita
3251 3790 3400 3838 sunt“.

2026 3884 2078 3939 6.
2114 3882 2218 3950 Qui
2246 3880 2502 3937 charitati
2541 3880 2599 3934 in
2627 3880 2802 3934 Deum
2829 3892 2927 3932 cor
2962 3875 3181 3931 aﬂixum
3213 3874 3399 3937 habet,
3423 3886 3550 3943 quae

1956 3978 2015 4033 in
2059 3986 2341 4046 aspectum
2393 3972 2599 4027 cadunt
2638 3970 2848 4035 omnia,
2910 3968 3203 4039 ipsumque
3245 3965 3385 4021 adeo
3424 3970 3542 4020 cor:

1955 4079 2082 4137 pus,
2115 4060 2423 4118 contemnit
2452 4068 2713 4128 tanquam
2749 4057 3014 4111 alienum.

2027 4156 2081 4210 7.
2118 4154 2256 4210 Cum
2307 4153 2489 4207 anima
2520 4166 2751 4222 corpore
2790 4149 2990 4204 melior
3016 4146 3123 4213 sit;
3170 4146 3425 4215 Deosque
3468 4143 3551 4198 ci-

1958 4258 2046 4304 tra
2079 4263 2299 4303 omnem
2339 4243 2809 4316 comparationem
2842 4239 3191 4311 praestantior
3218 4238 3288 4291 sit
3316 4235 3550 4299 mundo;

1958 4354 2124 4411 quem
2154 4337 2448 4394 condidit:
2478 4339 2573 4406 qui
2613 4349 2815 4404 corpus
2858 4331 3073 4393 animm,
3114 4330 3336 4398 Deoque
3381 4342 3547 4382 man-

260 4428 354 4482 τὸν
389 4426 501 4481 ὑπὸ
520 4423 687 4480 αὑτοῦ
716 4420 1005 4481 κτισθέντα
1035 4419 1260 4495 κόσμον,
1285 4416 1442 4479 οὐδὲν
1492 4416 1605 4481 τῶν
1644 4415 1849 4479 είδωλο-

1963 4431 2092 4486 dum
2128 4430 2197 4486 ab
2238 4429 2358 4500 ipso
2403 4426 2708 4489 conditum,
2754 4422 3063 4493 anteponit,
3110 4420 3178 4484 is,
3222 4418 3291 4474 ab
3332 4417 3402 4473 iis
3449 4416 3551 4487 qui

263 4518 364 4573 λατ
372 4517 617 4590 ρούντων
635 4515 967 4583 διενήνοχεν.

335 4607 415 4678 η’.
467 4604 526 4659 '0
574 4604 665 4657 τὸν
701 4602 828 4657 νοῦν
870 4601 969 4671 τῆς
1012 4601 1091 4663 εἰς
1136 4598 1269 4653 Θεὸν
1300 4597 1523 4669 ἀγάπης
1553 4597 1648 4651 καὶ
1677 4614 1853 4670 προσ-

268 4700 487 4771 εδρείας
528 4697 904 4767 ἁποχωρίσας,
940 4693 1036 4747 καί
1077 4708 1187 4745 τινι
1218 4690 1329 4744 τῶν
1373 4689 1653 4762 αἰσθητῶν
1681 4707 1855 4762 προσ-

269 4789 557 4861 δεδεμένον
589 4788 751 4858 ἔχων,
781 4782 938 4848 οὗτός
965 4786 1081 4837 ἐστι
1103 4784 1130 4837 6
1153 4780 1439 4853 προτιμῶν
1466 4782 1567 4852 τῆς
1594 4779 1775 4851 ψυχῆς
1797 4781 1859 4835 τὸ

273 4885 460 4955 σῶμα,
502 4881 600 4935 καὶ
641 4878 736 4933 τοῦ
764 4879 1059 4940 ,κτίσαντος
1094 4873 1260 4939 Θεοῦ,
1290 4874 1363 4929 τὰ
1385 4874 1477 4927 ὑπ’
1506 4873 1672 4929 αὑτοῦ
1704 4890 1864 4945 γεγο-

274 4978 426 5031 vam.

344 5072 360 5089 '
381 5067 533 5122 Idem
564 5060 788 5117 videtur
816 5074 880 5114 ac
898 5057 1222 5129 οἰηματῖας.

352 5158 421 5227 τε)
482 5150 790 5223 ’Υπομονή
844 5150 965 5227 καὶ
989 5147 1386 5227 μωφρθυμία.
1431 5146 1623 5227 εῐμηεὶι
1666 5154 1872 5221 passim

279 5218 581 5289 Maximus,
630 5218 691 5279 ut
720 5218 851 5277 sunt
882 5218 1073 5292 aﬂines
1113 5220 1386 5292 virtutes,
1430 5218 1687 5292 idemque
1732 5238 1872 5292 pene

283 5300 459 5353 amba:
481 5287 649 5350 voces
676 5292 1010 5365 signiﬁcant.
1242 5288 1465 5365 passim_
1488 5287 1872 5349 reddunt'Ob-

284 5384 404 5437 sop.
433 5375 489 5421 et
513 5365 680 5437 Gesn.
706 5359 819 5429 Hic,
846 5370 903 5417 et
929 5376 987 5413 ιι.
1015 5359 1087 5437 κιο
1112 5376 1126 5412 :
1152 5359 1213 5412 τὸ
1238 5359 1874 5437 ὑπομονῇ-ροτεευεναη-

287 5429 387 5502 tiri,
418 5453 528 5491 non
562 5436 696 5491 satis
719 5450 785 5489 ex
811 5429 1090 5502 communi
1119 5445 1221 5502 usu
1244 5430 1475 5502 est,__et_si
1504 5430 1695 5502 Matth.
1726 5448 1872 5499 xxrv,

289 5497 424 5563 illud
455 5525 469 5560 :
494 5509 522 5559 6
553 5505 852 5573 ὑπομείνας
885 5502 964 5573 εἰς
988 5499 1162 5573 τέλος,
1198 5499 1313 5568 ipse
1342 5497 1497 5573 Vulg.
1533 5499 1750 5567 reddat,
1775 5497 1878 5567 Qui

290 5567 699 5648 perseveraverit
738 5567 905 5648 usque
945 5572 1001 5648 in
1041 5567 1239 5648 ﬁnem;
1278 5567 1873 5648 reddi—arguepossit,

294 5638 386 5718 'qui
411 5647 738 5707 sustinuerit,
763 5638 1077 5718 patientiam
1101 5638 1347 5701 tenuerit,
1372 5649 1478 5693 etc.
1509 5638 1880 5712 Quod—sequi-

295 5711 408 5781 tur,
438 5719 471 5784 ἡ
506 5711 831 5786 περιεκτιᾷιὴ
856 5785 859 5786 ν
881 5711 1208 5786 superem!
1248 5722 1440 5786 quam.
1463 5725 1654 5786 vocem
1707 5711 1875 5779 alter,

300 5778 555 5841 acauiiita
580 5778 902 5847 continentia
923 5778 1134 5852 reddit,
1161 5778 1322 5849 alter,
1346 5778 1692 5840 universalis;
1719 5778 1878 5853 longe

1881 4495 1928 4553 Ῑ)
1958 4522 2121 4579 idolis
2154 4495 2363 4577 cuit-um
2400 4516 2689 4584 adhibent,
2717 4515 2906 4570 ditrert
2931 4512 3093 4567 nihil.

2034 4617 2089 4672 8.
2119 4614 2223 4682 Qui
2251 4622 2493 4668 mentem
2527 4627 2557 4666 a
2599 4609 2872 4666 charitate
2916 4607 2972 4660 in
3004 4607 3196 4670 Deum,
3226 4603 3452 4675 jugique
3492 4601 3553 4656 in

1963 4726 2091 4766 eum
2125 4707 2309 4763 studio
2339 4703 2694 4767 abstraxerit,
2744 4719 2807 4757 ac
2839 4710 3187 4756 terrenorum
3240 4696 3404 4752 alicui
3449 4694 3551 4750 de-

1966 4804 2206 4859 vinctam
2243 4798 2524 4863 habuerit,
2552 4796 2641 4851 hic
2667 4809 2868 4865 corpus
2899 4793 3120 4856 animae,
3146 4805 3209 4845 ac
3232 4805 3355 4860 qua:
3378 4804 3409 4844 a
3440 4788 3557 4845 Deo

1969 4893 2191 4951 condita
2227 4897 2380 4955 sunt,
2411 4886 2684 4945 conditori
2715 4886 2830 4940 Deo
2858 4882 3166 4954 anteponit.

1971 5158 2080 5213 alio
2109 5164 2343 5224 spectat.
2390 5150 2674 5224 Signiﬁcat
2721 5150 2811 5205 illa
2844 5148 3070 5224 quidem
3105 5148 3239 5224 alias
3266 5143 3591 5224 quamdam'

1971 5218 2409 5298 complexionem
2454 5218 2530 5298 ac
2582 5218 3091 5298 universalitatenr;
3136 5218 3235 5298 hic
3283 5232 3414 5271 vero

1971 5287 2297 5370 ἐγκρατείας
2331 5294 2607 5365 propriam
2659 5292 2925 5370 rationem
2949 5288 3219 5370 designat,
3255 5303 3362 5357 qua
3412 5287 3564 5370 velut

1972 5358 2315 5437 constringat
2331 5358 2651 5437 ten—eatque
2678 5358 3052 5437 ac'contineat
3084 5358 3359 5437 animum,
3395 5372 3463 5411 ne
3505 5360 3566 5409 se

1972 5427 2292 5512 passionuvm
2324 5450 2507 5512 pugna
2550 5427 2749 5512 abduci
2794 5431 2937 5512 sinant
2964 5446 3030 5499 ac
3061 5427 3204 5485 trahi
3240 5428 3293 5481 in
3329 5441 3566 5507 consen-

1980 5496 2103 5565 sum
2132 5525 2147 5560 :
2176 5496 2283 5560 hoc
2323 5496 2471 5558 cnim
2505 5504 2798 5558 continens
2831 5496 3021 5554 diﬂ‘ert
3050 5516 3079 5554 a
3116 5506 3476 5568 temperante,
3510 5496 3569 5568 in

1982 5593 2093 5648 quo
2116 5578 2227 5647 jam
2270 5574 2447 5648 sedati
2492 5574 2605 5648 sint
2627 5572 2901 5648 allectus,
2930 5579 2990 5624 ut
3023 5571 3141 5624 sine
3175 5565 3355 5639 pugna
3389 5565 3571 5648 conti-

1982 5635 2135 5712 neat:
2159 5654 2215 5700 et
2243 5645 2400 5715 quasi
2439 5657 2507 5697 ex
2528 5635 2749 5715 habitu
2769 5635 3065 5715 perfecto;
3093 5635 3417 5715 περιεΞιτικῂ
3434 5709 3444 5715 _
3463 5635 3571 5691 ita-

1983 5709 2125 5790 quc,
2139 5709 2278 5788 quae"
2291 5714 2363 5771 sit
2385 5712 2543 5786 quasi
2568 5709 2823 5786 περιοχὴ,
2853 5712 3158 5784 prwsidium
3174 5709 3232 5765 et
3255 5709 3499 5764 munitio.
