4048 6436
148 309 280 379 MSS

1097 294 1437 359 CAPITUM
1477 294 1576 357 DE
1611 294 2043 358 CHARITATE
2075 294 2466 359 CENTURIA
2505 297 2555 358 Ῑ.

3323 304 3432 374 966

188 423 478 498 πρόσκαιρα
522 411 657 487 πρὸς
697 406 794 470 τδν
839 411 1071 485 πλησίον
1107 412 1280 485 ἔχων⁶
1307 413 1337 468 6
1360 412 1603 477 τοιοῦτος
1643 412 1739 466 λασ⁸

1870 409 1972 476 lit;
2012 409 2105 466 hic
2152 409 2279 467 talis
2313 416 2583 466 creatura:
2628 408 2799 480 magis
2829 410 3024 478 servit,
3056 427 3220 484 quam
3261 417 3432 475 (ΣΙ-ραι

187 514 351 591 τρεύει
379 514 446 582 τῇ
480 508 652 564 κτίσει
675 505 829 579 παρὰ
858 506 950 559 τὸν
976 506 1262 561 κτίσαντα.

248 609 347 660 κα’.
396 601 455 655 '0
486 597 749 669 ἀνήδονον
786 596 883 650 καὶ
921 595 1208 651 ἄνοσονοτὺ
1240 594 1404 667 σῶμα
1444 595 1740 668 διατηρῶν,

190 693 452 752 «avsost
483 684 614 744 αὑτὸ
649 688 764 760 εχει
793 686 928 759 πρὸς
966 688 1069 759 τὴν
1097 687 1207 741 τῶν
1275 687 1605 759 κρειττόνων
1638 688 1745 742 ὑπ-

189 786 411 861 ηρεσίαν.

247 874 345 945 κβ’,
391 873 450 925 ’0
474 870 694 940 φεύγων
736 870 917 933 πάσας
954 869 1054 932 τὰς
1104 867 1379 938 κοσμικὰς
1424 867 1742 938 ἐπιθυμίας,

189 968 352 1036 πάσης
400 962 577 1033 λύπης
612 960 763 1033 [edit.
796 959 950 1030 ὕλης,
980 975 1220 1031 unusque
1270 958 1401 1030 Reg.
1432 967 1481 1013 et
1500 958 1616 1031 Fr.]
1649 977 1742 1013 κο-

192 1059 373 1131 σμικῆς
400 1056 587 1109 ἑαυτὸν
613 1054 889 1125 ἀνώτερον
915 1053 1259 1124 καθίστησιν.

252 1157 351 1220 κγ’.
400 1150 460 1203 Ὀ
487 1148 580 1201 τὸν
623 1148 757 1200 Θεὸν
801 1146 1060 1215 ἀγαπῶν,
1085 1147 1184 1200 καὶ
1216 1147 1310 1201 τὸν
1354 1147 1583 1217 πλησίον
1616 1146 1749 1201 πάν-

190 1258 284 1305 τως
305 1241 512 1311 ἀγαπᾷ.
557 1240 614 1292 '0
655 1239 713 1294 δὲ
749 1238 1015 1303 τοιοῦτος,
1045 1239 1304 1309 χρήματα
1337 1242 1527 1312 τηρεῖν
1555 1238 1615 1292 ού
1647 1239 1744 1294 δύ⁶

189 1350 352 1398 ναται,
384 1332 498 1387 ἀλλ’
523 1332 800 1403 οἰκονομεῖ
847 1329 1199 1404 θεοπρεπῶς,
1236 1330 1457 1403 ἑκάστῳ
1482 1330 1597 1384 τῶν
1626 1331 1745 1385 δεο-

194 1425 353 1498 μένων
372 1423 647 1495 παρέχων.

251 1515 341 1570 κδ’.
390 1514 446 1568 ’0
463 1513 606 1569 κατὰ
632 1512 865 1584 μίμησιν
880 1510 1017 1565 Θεοῦ
1046 1510 1145 1583 τὴν
1165 1508 1540 1582 ἐλεημοσύνην
1563 1508 1751 1564 ποιού-

196 1622 356 1678 μενος,
391 1604 489 1657 οὐκ
542 1598 651 1657 οἶδε
699 1602 965 1672 διαφοράν
1021 1600 1263 1672 πονηροῦ
1293 1600 1389 1655 καὶ
1415 1598 1647 1670 άγαθοῦ,
1672 1600 1751 1653 διά

195 1696 333 1749 καίου
361 1694 451 1748 καὶ
486 1693 676 1747 ἀδίκου
712 1695 770 1748 ὲν
800 1696 913 1757 τοῖς
957 1692 1052 1747 τοῦ
1109 1691 1363 1764 σώματος
1394 1690 1747 1759 άναγκαίοιςτ

1841 502 1950 559 tori
1974 505 2016 558 '.

1911 595 2002 650 2i.
2052 594 2155 662 Qui
2190 610 2395 666 corpus
2433 610 2465 651 a
2501 596 2885 667 voluptatibus
2910 612 2973 652 ac
3005 598 3434 670 azgritudinibus

1843 695 2027 743 servat
2057 688 2317 754 liberum,
2365 702 2633 744 conservo
2672 688 2768 744 illo
2800 696 2987 745 utetur
3027 690 3095 745 ad
3141 690 3434 765 fungendae

1844 781 2072 836 virtutis
2097 780 2493 836 ministerium.

1916 871 2005 926 22.
2038 871 2143 938 Qui
2183 871 2493 926 mundanas
2524 886 2718 926 omnes
2740 871 3075 943 cupiditates
3102 873 3262 945 fugit,
3282 871 3435 930 omni

1846 981 1905 1020 se
1936 964 2214 1019 mundana
2254 963 2477 1019 tristitia
2516 961 2617 1035 [αι.
2635 966 2850 1020 cunctis
2875 980 2936 1021 se
2960 963 3222 1038 terrenis]
3265 981 3434 1037 supe-

1847 1058 2050 1111 riorem
2092 1056 2244 1111 facit.

1917 1149 2008 1204 25.
2035 1148 2138 1216 Qui
2174 1150 2348 1204 Deum
2399 1148 2602 1220 diligit,
2633 1149 2865 1205 omnino
2909 1150 3076 1206 etiam
3124 1152 3436 1221 proximum

1849 1241 2027 1313 diligit
2056 1258 2068 1295 :
2106 1242 2201 1312 qui
2232 1250 2416 1297 autem
2461 1242 2734 1313 ejusmodi
2777 1249 2882 1307 est,
2913 1244 3177 1312 pecunias
3212 1248 3436 1299 servare

1849 1349 1961 1389 non
1998 1341 2200 1403 potest,-
2239 1333 2340 1389 sed
2375 1332 2561 1389 divine
2587 1348 2681 1389 eas
2727 1333 3030 1403 dispensat,
3078 1333 3310 1405 singulis
3337 1333 3435 1404 qui

1850 1435 2050 1498 egeant
2087 1426 2359 1481 tribuens.

1919 1518 2009 1572 84.
2042 1516 2145 1583 Qui
2180 1517 2276 1571 Dei
2327 1516 2634 1572 imitatione
2669 1517 3074 1588 eleemosynam
3105 1516 3255 1581 facit,
3303 1515 3450 1570 boni

1851 1624 1916 1665 ac
1950 1609 2099 1672 mali,
2131 1608 2264 1680 justi
2294 1617 2351 1663 et
2377 1608 2649 1680 injusti,in
2679 1608 2930 1678 corporis
2966 1607 3297 1664 necessariis
3325 1607 3442 1662 dis~

1857 1703 2077 1757 crimen
2122 1712 2234 1755 non
2267 1702 2443 1765 novit,
2471 1700 2568 1755 sed
2596 1699 2811 1755 cunctis
2840 1700 3128 1770 aequaliter
3154 1711 3253 1770 pro
3278 1699 3440 1770 justa:

193 1784 311 1841 ἀλλὰ
328 1788 491 1839 πᾶσιν
519 1784 579 1852 ἐξ
606 1786 722 1839 ῐσου
748 1784 888 1839 κατὰ
913 1783 1009 1855 τὴν
1036 1783 1227 1854 χρείαν
1257 1781 1503 1852 διανέμει
1525 1798 1539 1813 ’
1571 1781 1620 1834 εί
1654 1780 1749 1835 καὶ

1870 1795 2198 1852 necessitatis
2225 1793 2392 1866 398
2418 1793 2583 1849 modo
2610 1792 2926 1858 distribuit:
2962 1791 3178 1846 tametsi
3213 1798 3443 1861 pri-apter

194 1878 414 1949 προτιμᾷ
440 1876 507 1931 δι’
544 1876 761 1948 ἀγαθὴν
806 1876 1132 1947 προαίρεσιν
1182 1874 1278 1930 τοῦ
1314 1873 1518 1945 φαύλου
1545 1875 1638 1929 τὸν
1666 1876 1751 1929 ὲν-

195 1972 385 2043 ἀρε-ιον.

251 2070 340 2118 κε’.
379 2064 590 2134 Ὥσπερ
622 2062 653 2115 6
689 2061 821 2126 Θεὸς
852 2060 1013 2133 φύσει
1047 2062 1124 2115 ὣν
1156 2060 1360 2130 ἀγαθὸς
1382 2061 1477 2116 καὶ
1507 2060 1747 2132 ἀπαθὴς,

196 2157 381 2221 πάντας
412 2156 511 2227 μὲν
536 2155 599 2220 ἐξ
627 2154 741 2208 ίσυυ
765 2157 977 2227 ἀγαπᾷ,
999 2154 1075 2220 ὡς
1103 2155 1240 2227 ἔργα
1266 2153 1435 2207 αὑτοῦ
1456 2170 1469 2183 ·
1493 2152 1629 2207 ἀλλὰ
1657 2152 1750 2207 τὸν

198 2247 281 2316 μὲν
308 2246 555 2319 ἐνάρετον
583 2246 820 2312 δοξάζει.
849 2246 925 2310 ὼς
955 2248 1050 2299 καὶ
1083 2250 1149 2318 τῇ
1194 2244 1390 2318 γνώμῃ
1421 2244 1549 2318 [edit
1575 2253 1624 2298 et
1654 2242 1745 2298 Fr.

193 2339 279 2409 τὴν
327 2337 549 2406 γνῶσινο
591 2337 731 2392 alter
783 2337 911 2408 Reg.
972 2338 1073 2407 τὴν
1126 2335 1397 2408 γνώμην],
1444 2334 1749 2404 οίκειούμε-

196 2445 271 2481 νον
286 2429 379 2499 (e)°
406 2427 495 2481 τὸν
522 2428 581 2481 δὲ
621 2412 849 2497 φαῦλον.
900 2426 969 2480 δι’
1004 2426 1318 2496 άγαθότητα
1367 2426 1526 2489 ἐλεεῖ,
1568 2426 1663 2480 καὶ
1691 2426 1749 2477 ὲν

195 2516 261 2587 τῷ
288 2517 434 2571 αίῶνι
480 2517 662 2587 τούτῳ
713 2516 983 2571 παιδεύων
1015 2518 1371 2589 ἐπιστρέφει⁸
1414 2516 1556 2570 οὕτω
1594 2516 1689 2569 καὶ
1720 2517 1749 2568 6

196 2608 451 2680 τῇγνώμῃ
488 2608 697 2677 άγαοδς
744 2611 839 2663 καὶ
889 2610 1128 2681 ἀπαθὴς,
1170 2609 1380 2673 πάντας
1432 2608 1754 2679 ἀνθρώπους

198 2702 247 2768 ἐξ
271 2701 376 2755 ίσου
405 2704 599 2773 ἀγαπᾷ
622 2719 635 2731 ·
671 2702 763 2756 τὸν
794 2701 895 2772 μὲν
923 2703 1201 2774 ἐνάρετον,
1232 2702 1321 2755 διά
1360 2718 1420 2755 τε
1454 2700 1553 2773 τὴν
1592 2700 1755 2770 φύσιν

199 2792 279 2844 καὶ
310 2791 400 2863 τὴν
433 2793 650 2863 ἀγαθὴν
696 2793 1017 2865 προαίρεσιν
1040 2809 1053 2822 °
1084 2793 1178 2848 τὸν
1215 2792 1273 2846 δὲ
1319 2792 1545 2861 φαῦλον,
1577 2792 1669 2846 διά
1693 2807 1753 2845 τε

198 2882 284 2956 τὴν
310 2882 481 2952 φύσιν,
538 2885 645 2939 καὶ
685 2885 786 2958 τὴν
824 2885 1171 2957 συμπάθειαν
1218 2884 1388 2938 ἐλεῶν
1438 2883 1515 2947 ὼς
1544 2883 1755 2955 ἄφρονα

200 2976 281 3028 καὶ
306 2977 361 3029 ἐν
389 2976 563 3032 σκότει
591 2978 1077 3050 διαπορευόμενον.

1850 1886 2053 1942 bonam
2100 1887 2461 1953 voluntatem,
2489 1894 2616 1942 eum
2649 1885 2746 1955 qui
2774 1883 2983 1940 virtute
3022 1884 3163 1939 nitet
3208 1890 3273 1939 ac
3318 1892 3439 1938 stua

1851 1977 2042 2034 diosus
2073 1988 2177 2043 est,
2208 1977 2461 2048 improbo
2492 1975 2802 2045 anteponit.

1919 2068 2011 2124 25.
2046 2067 2521 2136 Quemadmodum
2557 2066 2721 2131 Deus,
2753 2064 2849 2135 qui
2882 2073 3083 2120 natura
3112 2063 3314 2127 bonus,
3337 2077 3441 2118 nec

1851 2159 1981 2215 ullis
2042 2160 2333 2215 aﬂ‘ectibus
2391 2158 2665 2215 obnoxius
2718 2158 2811 2222 sit,
2862 2172 3056 2212 omnes
3110 2156 3334 2227 quidem
3382 2164 3443 2210 ut

1851 2264 2020 2320 opera
2083 2263 2181 2303 sua
2236 2262 2491 2318 peraeque
2544 2245 2760 2317 diligit;
2813 2244 2920 2323 sed
2964 2254 3149 2299 tamen
3182 2258 3309 2298 eum
3345 2240 3441 2311 qni

1850 2340 2060 2395 virtute
2106 2337 2309 2410 fulgeat
2372 2338 2554 2409 sitque
2606 2337 2909 2409 studiosus,
2960 2344 3221 2406 tanquam
3275 2334 3440 2389 etiam

1853 2432 2023 2488 animi
2077 2432 2360 2488 voluntate
2414 2431 2793 2487 necessarium
2842 2428 3134 2494 clarificat;
3206 2424 3444 2496 improbi

1855 2533 2039 2578 autem
2070 2539 2182 2593 prae
2211 2523 2457 2578 bonitate
2490 2523 2808 2585 miseretur,
2843 2536 2908 2576 ac
2937 2520 3209 2590 castigans
3249 2517 3305 2571 in
3338 2516 3446 2573 hoc

1855 2615 2079 2679 saeculo,
2106 2616 2382 2669 convertit
2414 2633 2427 2669 :
2470 2615 2552 2671 sic
2587 2623 2645 2670 et
2677 2614 2773 2684 qui
2805 2613 2922 2684 ipse
2967 2612 3135 2667 animi
3170 2608 3447 2666 sententia

1854 2705 1941 2760 vir
1985 2704 2212 2774 probus,
2256 2705 2522 2775 vitiisque
2552 2720 2617 2760 ac
2645 2704 2955 2760 'aﬂectibus
2991 2701 3249 2773 superior
3281 2699 3449 2755 exsti—

1854 2796 1944 2860 tit,
1982 2796 2247 2851 mortales
2276 2811 2471 2850 omnes
2520 2812 2589 2851 ex
2619 2810 2779 2865 aequo
2829 2793 3036 2865 diligit;
3094 2808 3222 2848 eum
3264 2801 3449 2847 tamen

1856 2887 1951 2957 qui
1978 2886 2050 2941 sit
2095 2886 2401 2952 studiosus,
2434 2896 2551 2941 tum
2583 2894 2811 2957 propter
2846 2896 3125 2953 naturam,
3165 2894 3279 2941 tum
3316 2898 3447 2955 pro-

1858 2986 1942 3032 ter
1978 2977 2179 3032 bonam
2210 2978 2588 3044 voluntatem;
2633 2994 2761 3034 eum
2790 2986 2974 3033 autem
2999 2979 3095 3048 qui
3127 2978 3201 3033 sit
3245 2977 3447 3041 malus,

201 3074 248 3121 et
271 3078 480 3139 propter
510 3077 793 3135 naturam,
822 3078 878 3126 et
902 3086 1014 3140 quo
1079 3070 1160 3125 illi
1193 3067 1567 3125 miserationis
1629 3066 1829 3123 affectu
1865 3069 2235 3141 impenditur;
2282 3070 2432 3125 illius
2473 3070 2844 3125 miserescens
2890 3069 3047 3140 quasi
3082 3068 3334 3133 amentis,
3390 3075 3449 3122 et

202 3160 280 3231 qui
307 3161 540 3219 ambulet
577 3163 641 3218 in
684 3162 948 3218 tenebris.

261 3261 362 3320 κς.
401 3255 474 3309 Ού
508 3255 674 3326 μόνον
716 3254 806 3308 διὰ
846 3252 1189 3325 μεταδόσεως
1223 3252 1526 3325 χρημάτων
1561 3252 1596 3322 ἡ
1634 3249 1751 3305 διά-

1924 3246 2014 3301 26.
2049 3247 2171 3303 Νοη
2214 3246 2393 3302 solum
2438 3244 2797 3318 pecuniarum
2834 3240 3158 3319 elargitione
3193 3246 3448 3317 proditur

204 3344 330 3411 θεσις
364 3347 458 3418 τῆς
492 3346 723 3416 ἀγάπης
760 3342 1109 3416 γνωρίζεται,
1142 3345 1282 3399 ἀλλὰ
1319 3343 1501 3415 πολλῷ
1553 3342 1755 3413 μᾶλλον

196 3424 277 3489 ’διὰ
299 3437 633 3506 μεταδόσεως
683 3435 844 3506 λόγου
876 3435 1015 3490 Θεοῦ
1063 3436 1158 3490 καὶ
1200 3434 1523 3507 σωματικῆς
1569 3434 1757 3488 διακο-

204 3524 323 3590 νίας.
822 3544 826 3549 ’

265 3620 358 3684 κζ’.
406 3621 466 3675 ’0
490 3622 607 3687 τοῖς
637 3620 733 3676 τοῦ
778 3620 988 3693 κόσμου
1036 3620 1328 3693 πράγμασι
1359 3618 1510 3693 [ειίὶι.
1541 3626 1591 3674 et
1619 3634 1759 3675 unus

204 3706 318 3783 Reg.
342 3713 444 3766 τῶν
480 3712 851 3786 πραγμάτων]
908 3713 1151 3785 γνησίως
1192 3711 1631 3783 ἀποταξάμενος,
1665 3712 1761 3766 καὶ

204 3800 271 3871 τῷ
291 3801 505 3873 πλησίον
534 3804 631 3859 διὰ
660 3804 764 3875 τῆς
796 3805 1019 3874 ἀγάπης
1058 3804 1445 3875 άνυποκρίτως
1467 3803 1757 3869 δουλεύων,

205 3893 385 3959 παντὸς
426 3896 639 3962 πάθους
663 3897 875 3967 ταχέως
904 3895 1310 3968 ἐλευθεροῦται,
1347 3896 1445 3950 καὶ
1473 3896 1578 3967 τῆς
1609 3895 1762 3961 θείας

205 3984 401 4060 ἀγάπης
424 3990 516 4044 καὶ
542 3989 804 4059 γνώσεως
844 3988 1069 4061 μέτοχος
1098 3989 1443 4045 καθίσταται.

265 4086 362 4151 κη’.
413 4081 472 4137 '0
504 4084 610 4156 τὴν
640 4082 793 4138 θείαν
826 4082 1050 4155 ἀγάπην
1086 4083 1147 4137 ὲν
1188 4081 1368 4153 ἑαυτῷ
1390 4079 1760 4153 κτησάμενος,

206 4170 424 4245 οῠξκοπιᾷ
451 4174 860 4229 κατοκολουθῶν
883 4174 1058 4227 ὀπίσω
1074 4173 1278 4243 Κυρίου
1301 4171 1396 4226 τοῦ
1420 4170 1558 4225 Θεοῦ
1573 4168 1763 4235 αὑτοῦ,

208 4263 339 4317 κατά
388 4265 477 4321 τὸν
522 4265 674 4320 θεῖον
706 4265 979 4336 Ἰερεμίαν
1004 4264 1104 4335 (fr
1172 4262 1313 4317 ἀλλὰ
1369 4261 1551 4315 πάντα
1598 4260 1764 4315 πόνον

206 4350 482 4426 όνειδισμόν
516 4374 577 4411 τε
613 4358 711 4411 καὶ
743 4356 903 4428 φέρει
941 4354 1101 4427 ὕϐριν
1136 4353 1425 4425 γενναίως,
1454 4351 1647 4425 μηδενὶ
1702 4350 1766 4405 τὸ

208 4443 402 4502 σύνολον
426 4449 597 4503 κακὸν
622 4447 992 4519 λογιζόμενος.

267 4536 361 4593 κθν.
399 4541 564 4596 ὀταν
596 4540 867 4611 ύὸρισθῇς
901 4538 1057 4611 παρά
1086 4555 1257 4602 τινος.
1296 4536 1332 4608 ἢ
1367 4534 1425 4591 ἓν
1470 4551 1578 4590 τινι
1612 4534 1764 4601 ἐξου-

1858 3339 2146 3395 charitatis
2198 3337 2448 3403 affectio;
2497 3334 2595 3409 sed
2632 3339 2806 3393 multo
2855 3338 3026 3410 magis
3070 3332 3447 3407 impartitione

1859 3430 2061 3487 divina:
2119 3426 2405 3497 doctrinae,
2456 3445 2522 3486 ac
2572 3430 2879 3501 corporalis
2926 3430 3177 3501 obsequii
3234 3429 3449 3485 exhibi-

1860 3523 2032 3578 tione.

1929 3614 2021 3669 27.
2052 3609 2158 3683 Qui
2189 3610 2374 3672 saeculi
2420 3615 2587 3672 rebus
2612 3628 2745 3671 vere
2773 3631 2950 3686 exque
2979 3619 3165 3674 animo
3188 3622 3447 3678 nuntium

1859 3708 2168 3774 remittens,
2196 3709 2334 3764 citra
2356 3724 2574 3763 omnem
2605 3702 3011 3765 simulationem
3040 3712 3327 3769 charitatis
3352 3715 3450 3770 ob-

1860 3801 2069 3872 sequiis
2118 3803 2371 3872 proximo
2407 3817 2629 3873 operam
2676 3795 2981 3872 impendit;
3027 3805 3176 3859 omni
3228 3807 3338 3862 cito
3386 3801 3451 3861 li-

1862 3890 2089 3949 beratus
2119 3892 2320 3948 aﬁ‘ectu
2363 3901 2529 3963 atque
2572 3892 2731 3959 vitio,
2761 3894 2963 3950 divina:
2996 3894 3278 3967 particeps
3308 3897 3449 3953 dile-

1862 3982 2064 4040 ctionis
2107 3984 2464 4056 scientiazque
2503 3986 2709 4041 evadit.

1932 4078 2026 4134 28.
2052 4075 2156 4144 Qui
2187 4072 2430 4132 divinam
2453 4078 2509 4132 in
2532 4092 2590 4132 se
2617 4087 2812 4135 nactus
2838 4090 2923 4134 est
2969 4079 3315 4146 charitatem,
3339 4096 3451 4134 non

1863 4170 2099 4225 lassatur
2123 4178 2221 4223 aut
2251 4166 2459 4223 fatiscit
2491 4170 2776 4238 sequendo
2804 4180 2928 4240 post
2956 4172 3251 4226 Dominum
3279 4173 3453 4227 Deum

1865 4275 2049 4326 suum,
2080 4259 2235 4331 juxta
2263 4254 2511 4314 divinum
2560 4258 2912 4327 Jeremiam',
2948 4262 3044 4317 sed
3095 4277 3313 4317 omnem
3370 4264 3453 4322 la-

1864 4350 2080 4416 borem,
2101 4350 2573 4422 opprobriumque
2599 4360 2656 4407 et
2688 4352 2944 4423 injuriam
2976 4353 3103 4408 forti
3130 4354 3311 4409 animo
3336 4352 3454 4410 suf-

1864 4440 1992 4507 fert,
2025 4442 2162 4497 nulli
2194 4457 2427 4512 prorsus
2458 4444 2708 4515 cogitans
2737 4440 2964 4501 malum.

1935 4534 2027 4590 29.
2054 4534 2194 4591 Cum
2233 4535 2303 4591 ab
2335 4536 2522 4607 aliquo
2560 4537 2722 4593 laesus
2761 4538 2982 4611 injuria,
3025 4541 3111 4596 vel
3168 4542 3224 4597 in
3272 4542 3453 4612 aliqua

208 4626 440 4703 δενωθῇς,
474 4633 599 4687 τότε
633 4603 873 4704 πρόαγε
917 4603 1027 4685 ἀπὸ
1062 4629 1172 4684 τῶν
1227 4603 1507 4700 λογισμῶν
1537 4629 1636 4700 τῆς
1672 4627 1754 4699 δρ-

1870 4640 1930 4681 re
1971 4631 2192 4695 spretus
2221 4620 2411 4691 fueris,
2428 4603 2560 4680 itum
2586 4627 2687 4681 tibi
2721 4603 2837 4698 ipse
2883 4603 3081 4686 abhinc
3113 4603 3453 4703 cogitationi-

208 4717 317 4788 τῆς.
354 4724 424 4794 μή
459 4741 519 4777 σε
549 4725 652 4795 τῆς
679 4723 901 4793 ἀγάπης
944 4720 1036 4776 διὰ
1065 4721 1166 4792 τῆς
1196 4720 1375 4793 λύπης
1404 4719 1762 4794 χωρίσαντες,

210 4810 259 4861 ιν
285 4814 344 4884 τῇ
367 4813 517 4887 χώρᾳ
544 4815 641 4868 τοῦ
675 4815 870 4885 μίσους
899 4814 1338 4883 καταστήσωσιν.

268 4898 327 4955 λ’.
364 4902 530 4957 Ὅταν
560 4902 828 4975 ἐφ’ὓϐρει
876 4903 910 4974 ἧ
966 4900 1164 4973 ἀτιμία
1212 4902 1477 4973 πονήσης,
1524 4900 1764 4969 γίνωσκε

212 4993 414 5048 σεαυτὸν
463 4996 714 5066 μεγάλως
751 4994 1126 5066 ὠφεληθέντα,
1173 4993 1275 5064 τῆς
1313 4992 1620 5058 κενοδοξίας
1676 4992 1767 5047 διὰ

209 5082 293 5154 τῆς
319 5086 530 5158 ἀτιμίας
559 5087 920 5159 οἰκονομικῶς
956 5086 1065 5141 ἀπὸ
1101 5085 1197 5141 σοῦ
1236 5085 1619 5157 ὲκὸληθείσης.

270 5263 291 5296 ⁸
318 5264 466 5320 Rom.
498 5282 537 5332 ι,
572 5268 665 5322 25.
739 5268 760 5299 ⁸
785 5263 989 5323 Jerem.
1015 5279 1147 5329 xvu,
1185 5262 1235 5318 6.

274 5379 339 5455 (ε)
369 5383 461 5455 ’ῼς
480 5383 587 5455 καὶ
615 5384 688 5453 τῇ
717 5382 918 5455 γνώμῃ
956 5380 1381 5455 οἰκειούμενον.
1424 5375 1682 5455 [demest
1702 5384 1764 5455 et

216 5446 343 5518 quod
371 5446 459 5508 alii
479 5446 704 5521 habent,
724 5446 737 5455 ’
758 5446 856 5523 τὴν
884 5446 1129 5523 γνῶμην·
1151 5446 1473 5523 _quod__vero
1496 5446 1591 5500 alii
1623 5446 1765 5515 γνῶ-

218 5517 309 5586 άιν,
335 5526 490 5645 ἵειιιο
524 5517 824 5589 diversum,
878 5517 983 5578 etsi
1002 5517 1265 5576 istud—ad
1304 5517 1441 5573 illud
1471 5525 1760 5585 sequatur,

218 5601 300 5644 seu
329 5591 402 5645 ili
456 5609 639 5645 comes
673 5598 777 5645 sit:
833 5607 1031 5645 nemne
1086 5588 1343 5645 scientia.
1375 5588 1603 5645 virtuti;
1653 5601 1760 5645 qua

217 5601 300 5644 seu
329 5601 402 5647 illi
456 5609 639 5651 comes
673 5601 778 5660 sit;
833 5607 1031 5662 nempe
1086 5601 1343 5653 screnua,
1375 5601 1603 5652 Virtuti;
1653 5601 1763 5656 qua

218 5667 430 5732 uAltaque
457 5664 569 5721 Deo
596 5665 978 5726 conciliamur,
997 5662 1161 5732 eique
1188 5657 1605 5732 necessitudine
1634 5657 1763 5732 jun-

218 5724 398 5801 Kimu'r,
424 5736 569 5804 quod
590 5736 680 5793 hic
698 5734 894 5793 asserit
916 5724 1203 5789 Maximus.
1223 5728 1359 5794 Malo
1390 5729 1575 5798 itaque
1597 5724 1763 5781 ambo

367 5592 402 5647 li
456 5609 639 5669 comes
673 5598 791 5669 sit__;_
833 5607 1046 5669 nempe
1086 5588 1343 5653 scientia,
1375 5588 1603 5669 virtuti;
1638 5601 1763 5669 .qua

1864 4716 1969 4771 bus
1996 4715 2242 4783 attende,
2288 4732 2358 4775 ne
2409 4712 2515 4773 illa;
2554 4734 2622 4774 ex
2664 4721 2924 4776 maestitia
2978 4737 3007 4776 a
3047 4723 3313 4780 charitate
3362 4723 3453 4779 ab-

1860 4804 2139 4881 junctum,
2176 4807 2233 4862 in
2278 4803 2391 4863 odii
2437 4809 2659 4880 regione
2700 4806 3056 4867 constituant.

1938 4898 2029 4954 50.
2063 4898 2203 4954 Cum
2238 4907 2292 4955 te
2327 4898 2530 4969 injuria
2563 4908 2660 4955 aut
2703 4894 2909 4971 probro
2949 4902 3163 4972 gravari
3208 4901 3454 4972 contige-

1866 4986 1959 5055 rit,
2016 4986 2223 5058 ingenti
2276 4996 2327 5043 te
2377 4988 2667 5044 commodo
2710 4989 2965 5044 aii‘ectum
3001 4990 3244 5054 noveris,
3283 5006 3312 5044 a
3344 5005 3454 5058 quo

1872 5088 2022 5134 certa
2055 5078 2269 5133 consilii
2318 5080 2529 5135 ratione
2565 5096 2660 5152 per
2696 5081 3048 5152 ignominiam
3086 5097 3148 5136 ac
3191 5080 3453 5146 dedecus,
3486 5129 3491 5133 .

1874 5170 2055 5225 inanis
2093 5170 2279 5242 gloriae
2317 5170 2490 5228 fastus
2537 5174 2748 5244 ejectus
2780 5173 2873 5227 sit.

1865 5377 2158 5449 interpret.
2198 5388 2258 5433 ut
2288 5395 2406 5434 eum
2440 5380 2532 5450 qui
2574 5380 2660 5434 sui
2710 5380 3059 5450 cognitionem
3105 5386 3242 5431 recte
3270 5376 3450 5433 obser-

1864 5459 1955 5521 uat
1971 5450 2170 5521 ,{quod
2196 5459 2289 5521 est
2314 5465 2546 5521 prorsus
2577 5450 3021 5521 ἀπροσδιόνυσον.

1936 5520 1955 5589 (
1980 5518 2050 5600 Γ).
2068 5520 2182 5600 Tur
2209 5518 2709 5600 (187W.'Isp§ftt'at'.
2736 5519 2890 5600 ,βίοιο
2931 5518 3118 5600 iidem
3140 5527 3448 5600 reclaman-

1864 5585 2179 5659 tib'u's'ipéis
2220 5585 2659 5661 Graecisieditis,
2701 5588 2959 5661 aliisque,
2993 5590 3157 5661 juxta
3212 5588 3451 5644 Isaiam:

1863 5674 1990 5714 cum
2013 5670 2068 5714 et
2091 5675 2222 5715 vere
2253 5660 2408 5716 locus
2429 5660 2684 5717 Jeremia:
2722 5660 2814 5715 sit.
