  <div class='ocr_page' id='page_1' title='image "/cluster/home/n/w/nwhite01/storage/ocr_20150623/90/hvd.32044019208016/492.png"; bbox 0 0 4048 6460; ppageno 0'>
   <div class='ocr_carea' id='block_1_1' title="bbox 258 406 360 471">
    <p class='ocr_par' dir='ltr' id='par_1_1' title="bbox 258 406 360 471">
     <span class='ocr_line' id='line_1_1' title="bbox 258 406 360 471; baseline -0.01 0"><span class='ocrx_word' id='word_1_1' title='bbox 258 406 360 471; x_wconf 82' lang='lat'><strong>969</strong></span> 
     </span>
    </p>
   </div>
   <div class='ocr_carea' id='block_1_2' title="bbox 1173 413 2613 479">
    <p class='ocr_par' dir='ltr' id='par_1_2' title="bbox 1173 413 2613 479">
     <span class='ocr_line' id='line_1_2' title="bbox 1173 413 2613 479; baseline 0.005 -7"><span class='ocrx_word' id='word_1_2' title='bbox 1173 413 1505 478; x_wconf 87' lang='lat' dir='ltr'><strong>CAPITUM</strong></span> <span class='ocrx_word' id='word_1_3' title='bbox 1546 418 1643 478; x_wconf 92' lang='lat' dir='ltr'><strong>DE</strong></span> <span class='ocrx_word' id='word_1_4' title='bbox 1677 414 2106 478; x_wconf 82' lang='lat' dir='ltr'><strong>CHARITATE</strong></span> <span class='ocrx_word' id='word_1_5' title='bbox 2140 417 2524 479; x_wconf 84' lang='lat' dir='ltr'><strong>CENTURIA</strong></span> <span class='ocrx_word' id='word_1_6' title='bbox 2566 421 2613 479; x_wconf 84' lang='grc' dir='ltr'><strong>Ι.</strong></span> 
     </span>
    </p>
   </div>
   <div class='ocr_carea' id='block_1_3' title="bbox 3386 425 3490 488">
    <p class='ocr_par' dir='ltr' id='par_1_3' title="bbox 3386 425 3490 488">
     <span class='ocr_line' id='line_1_3' title="bbox 3386 425 3490 488; baseline -0.01 -1"><span class='ocrx_word' id='word_1_7' title='bbox 3386 425 3490 488; x_wconf 88' lang='grc'><strong>970</strong></span> 
     </span>
    </p>
   </div>
   <div class='ocr_carea' id='block_1_4' title="bbox 257 517 1815 600">
    <p class='ocr_par' dir='ltr' id='par_1_4' title="bbox 257 517 1815 599">
     <span class='ocr_line' id='line_1_4' title="bbox 257 517 1815 599; baseline 0.008 -27"><span class='ocrx_word' id='word_1_8' title='bbox 257 520 406 589; x_wconf 78' lang='grc' dir='ltr'>καὶὴ</span> <span class='ocrx_word' id='word_1_9' title='bbox 446 518 637 589; x_wconf 80' lang='grc' dir='ltr'>είρήνη</span> <span class='ocrx_word' id='word_1_10' title='bbox 693 517 784 571; x_wconf 77' lang='grc' dir='ltr'>τοῦ</span> <span class='ocrx_word' id='word_1_11' title='bbox 841 519 977 572; x_wconf 82' lang='grc' dir='ltr'>Θεοῦ</span> <span class='ocrx_word' id='word_1_12' title='bbox 1037 520 1393 579; x_wconf 74' lang='grc' dir='ltr'><strong>ἐπελεύσεται</strong></span> <span class='ocrx_word' id='word_1_13' title='bbox 1447 529 1541 581; x_wconf 71' lang='grc' dir='ltr'>ἐπὶ</span> <span class='ocrx_word' id='word_1_14' title='bbox 1582 529 1664 595; x_wconf 83' lang='grc' dir='ltr'>σὲ,</span> <span class='ocrx_word' id='word_1_15' title='bbox 1722 529 1815 599; x_wconf 79' lang='grc' dir='ltr'>τὴν</span> 
     </span>
    </p>
   </div>
   <div class='ocr_carea' id='block_1_5' title="bbox 1920 517 3490 600">
    <p class='ocr_par' dir='ltr' id='par_1_5' title="bbox 1924 528 3490 600">
     <span class='ocr_line' id='line_1_5' title="bbox 1924 528 3490 600; baseline 0.004 -17"><span class='ocrx_word' id='word_1_16' title='bbox 1924 528 2387 599; x_wconf 85' lang='lat' dir='ltr'><strong>supervenietque</strong></span> <span class='ocrx_word' id='word_1_17' title='bbox 2451 530 2550 585; x_wconf 92' lang='lat' dir='ltr'><strong>tibi</strong></span> <span class='ocrx_word' id='word_1_18' title='bbox 2616 545 2718 600; x_wconf 80' lang='lat' dir='ltr'><strong>pax</strong></span> <span class='ocrx_word' id='word_1_19' title='bbox 2767 532 2887 599; x_wconf 86' lang='lat' dir='ltr'><strong>Dei,</strong></span> <span class='ocrx_word' id='word_1_20' title='bbox 2927 532 3250 588; x_wconf 86' lang='lat' dir='ltr'><strong>charitatem</strong></span> <span class='ocrx_word' id='word_1_21' title='bbox 3314 535 3490 589; x_wconf 83' lang='lat' dir='ltr'><strong>addu-</strong></span> 
     </span>
    </p>
   </div>
   <div class='ocr_carea' id='block_1_6' title="bbox 250 610 757 683">
    <p class='ocr_par' dir='ltr' id='par_1_6' title="bbox 250 610 757 683">
     <span class='ocr_line' id='line_1_6' title="bbox 250 610 757 683; baseline 0.004 -18"><span class='ocrx_word' id='word_1_22' title='bbox 250 610 475 681; x_wconf 81' lang='grc' dir='ltr'><strong>ἀγάπην</strong></span> <span class='ocrx_word' id='word_1_23' title='bbox 498 611 757 683; x_wconf 83' lang='grc' dir='ltr'>φέρουσα.</span> 
     </span>
    </p>
   </div>
   <div class='ocr_carea' id='block_1_7' title="bbox 323 701 1821 784">
    <p class='ocr_par' dir='ltr' id='par_1_7' title="bbox 323 701 1821 784">
     <span class='ocr_line' id='line_1_7' title="bbox 323 701 1821 784; baseline 0.007 -29"><span class='ocrx_word' id='word_1_24' title='bbox 323 708 429 772; x_wconf 88' lang='grc' dir='ltr'>με’.</span> <span class='ocrx_word' id='word_1_25' title='bbox 469 702 659 766; x_wconf 80' lang='grc' dir='ltr'>Αίκιζε</span> <span class='ocrx_word' id='word_1_26' title='bbox 704 701 803 773; x_wconf 82' lang='grc' dir='ltr'>τὴν</span> <span class='ocrx_word' id='word_1_27' title='bbox 853 705 1033 777; x_wconf 79' lang='grc' dir='ltr'>σάρκα</span> <span class='ocrx_word' id='word_1_28' title='bbox 1062 723 1156 760; x_wconf 90' lang='grc' dir='ltr'><strong>σου</strong></span> <span class='ocrx_word' id='word_1_29' title='bbox 1180 706 1365 779; x_wconf 81' lang='grc' dir='ltr'>ἀσιτίᾳ</span> <span class='ocrx_word' id='word_1_30' title='bbox 1395 711 1490 763; x_wconf 72' lang='grc' dir='ltr'>καὶ</span> <span class='ocrx_word' id='word_1_31' title='bbox 1519 712 1821 784; x_wconf 72' lang='grc' dir='ltr'>ἀγρυπνίᾳ,</span> 
     </span>
    </p>
   </div>
   <div class='ocr_carea' id='block_1_8' title="bbox 251 793 1826 874">
    <p class='ocr_par' dir='ltr' id='par_1_8' title="bbox 251 793 1826 874">
     <span class='ocr_line' id='line_1_8' title="bbox 251 793 1826 874; baseline 0.006 -26"><span class='ocrx_word' id='word_1_32' title='bbox 251 794 345 849; x_wconf 82' lang='grc' dir='ltr'>καὶ</span> <span class='ocrx_word' id='word_1_33' title='bbox 378 793 643 864; x_wconf 89' lang='grc' dir='ltr'>σχόλασον</span> <span class='ocrx_word' id='word_1_34' title='bbox 688 794 899 859; x_wconf 84' lang='grc' dir='ltr'><strong>ἀόκνως</strong></span> <span class='ocrx_word' id='word_1_35' title='bbox 934 796 1227 869; x_wconf 79' lang='grc' dir='ltr'>ψαλμωδίᾳ</span> <span class='ocrx_word' id='word_1_36' title='bbox 1261 799 1355 852; x_wconf 73' lang='grc' dir='ltr'>καὶ</span> <span class='ocrx_word' id='word_1_37' title='bbox 1379 806 1654 874; x_wconf 81' lang='grc' dir='ltr'>προσευχῇ</span> <span class='ocrx_word' id='word_1_38' title='bbox 1678 820 1692 833; x_wconf 87' lang='grc'><strong>·</strong></span> <span class='ocrx_word' id='word_1_39' title='bbox 1730 804 1826 858; x_wconf 65' lang='grc' dir='ltr'><strong>καί¹</strong></span> 
     </span>
    </p>
   </div>
   <div class='ocr_carea' id='block_1_9' title="bbox 249 884 1821 966">
    <p class='ocr_par' dir='ltr' id='par_1_9' title="bbox 249 884 1821 966">
     <span class='ocr_line' id='line_1_9' title="bbox 249 884 1821 966; baseline 0.004 -25"><span class='ocrx_word' id='word_1_40' title='bbox 249 889 279 941; x_wconf 71' lang='grc' dir='ltr'><strong>ὁ</strong></span> <span class='ocrx_word' id='word_1_41' title='bbox 302 884 577 955; x_wconf 80' lang='grc' dir='ltr'><strong>ἁγιασμὸς</strong></span> <span class='ocrx_word' id='word_1_42' title='bbox 600 888 701 954; x_wconf 77' lang='grc' dir='ltr'>τῆς</span> <span class='ocrx_word' id='word_1_43' title='bbox 726 888 1079 959; x_wconf 80' lang='grc' dir='ltr'><strong>σωφροσύνης</strong></span> <span class='ocrx_word' id='word_1_44' title='bbox 1102 890 1197 944; x_wconf 75' lang='grc' dir='ltr'>ἐπὶ</span> <span class='ocrx_word' id='word_1_45' title='bbox 1226 890 1286 943; x_wconf 84' lang='grc' dir='ltr'>σὲ</span> <span class='ocrx_word' id='word_1_46' title='bbox 1316 891 1690 959; x_wconf 81' lang='grc' dir='ltr'>ἐπελεύσεται,</span> <span class='ocrx_word' id='word_1_47' title='bbox 1723 897 1821 966; x_wconf 83' lang='grc' dir='ltr'>τὴν</span> 
     </span>
    </p>
   </div>
   <div class='ocr_carea' id='block_1_10' title="bbox 245 976 703 1048">
    <p class='ocr_par' dir='ltr' id='par_1_10' title="bbox 245 976 703 1048">
     <span class='ocr_line' id='line_1_10' title="bbox 245 976 703 1048; baseline 0 -17"><span class='ocrx_word' id='word_1_48' title='bbox 245 978 468 1048; x_wconf 78' lang='grc' dir='ltr'><strong>ἀγάπην</strong></span> <span class='ocrx_word' id='word_1_49' title='bbox 499 976 703 1047; x_wconf 72' lang='grc' dir='ltr'>φέρων.</span> 
     </span>
    </p>
   </div>
   <div class='ocr_carea' id='block_1_11' title="bbox 315 1070 1816 1147">
    <p class='ocr_par' dir='ltr' id='par_1_11' title="bbox 315 1070 1816 1147">
     <span class='ocr_line' id='line_1_11' title="bbox 315 1070 1816 1147; baseline 0.001 -20"><span class='ocrx_word' id='word_1_50' title='bbox 315 1070 437 1140; x_wconf 50' lang='grc' dir='ltr'>μετ’.</span> <span class='ocrx_word' id='word_1_51' title='bbox 491 1071 552 1124; x_wconf 82' lang='grc' dir='ltr'>ὐ</span> <span class='ocrx_word' id='word_1_52' title='bbox 585 1072 683 1143; x_wconf 79' lang='grc' dir='ltr'>τῆς</span> <span class='ocrx_word' id='word_1_53' title='bbox 713 1072 861 1136; x_wconf 87' lang='grc' dir='ltr'>θείας</span> <span class='ocrx_word' id='word_1_54' title='bbox 905 1074 1265 1139; x_wconf 78' lang='grc' dir='ltr'>καταξιωθεὶς</span> <span class='ocrx_word' id='word_1_55' title='bbox 1289 1077 1565 1147; x_wconf 84' lang='grc' dir='ltr'>γνώσεως,</span> <span class='ocrx_word' id='word_1_56' title='bbox 1598 1078 1694 1129; x_wconf 77' lang='grc' dir='ltr'>καὶ</span> <span class='ocrx_word' id='word_1_57' title='bbox 1726 1075 1816 1129; x_wconf 78' lang='grc' dir='ltr'>τὸν</span> 
     </span>
    </p>
   </div>
   <div class='ocr_carea' id='block_1_12' title="bbox 242 1162 1817 1239">
    <p class='ocr_par' dir='ltr' id='par_1_12' title="bbox 242 1162 1817 1239">
     <span class='ocr_line' id='line_1_12' title="bbox 242 1162 1817 1239; baseline 0.005 -24"><span class='ocrx_word' id='word_1_58' title='bbox 242 1164 446 1232; x_wconf 79' lang='grc' dir='ltr'><strong>ταύτης</strong></span> <span class='ocrx_word' id='word_1_59' title='bbox 479 1162 758 1233; x_wconf 81' lang='grc' dir='ltr'>φωτισμὸν</span> <span class='ocrx_word' id='word_1_60' title='bbox 805 1163 892 1217; x_wconf 80' lang='grc' dir='ltr'>διὰ</span> <span class='ocrx_word' id='word_1_61' title='bbox 939 1168 1038 1236; x_wconf 86' lang='grc' dir='ltr'>τῆς</span> <span class='ocrx_word' id='word_1_62' title='bbox 1074 1167 1296 1238; x_wconf 83' lang='grc' dir='ltr'><strong>ἀγάπης</strong></span> <span class='ocrx_word' id='word_1_63' title='bbox 1348 1168 1715 1239; x_wconf 78' lang='grc' dir='ltr'>κτησάμενος,</span> <span class='ocrx_word' id='word_1_64' title='bbox 1754 1170 1817 1223; x_wconf 87' lang='grc' dir='ltr'><strong>ού</strong></span> 
     </span>
    </p>
   </div>
   <div class='ocr_carea' id='block_1_13' title="bbox 242 1254 1822 1327">
    <p class='ocr_par' dir='ltr' id='par_1_13' title="bbox 242 1254 1822 1327">
     <span class='ocr_line' id='line_1_13' title="bbox 242 1254 1822 1327; baseline 0.004 -22"><span class='ocrx_word' id='word_1_65' title='bbox 242 1254 631 1326; x_wconf 79' lang='grc' dir='ltr'>ῥιπισθήσεταί</span> <span class='ocrx_word' id='word_1_66' title='bbox 678 1271 807 1308; x_wconf 89' lang='grc' dir='ltr'>ποτε</span> <span class='ocrx_word' id='word_1_67' title='bbox 843 1254 948 1307; x_wconf 76' lang='grc' dir='ltr'>ὑπὸ</span> <span class='ocrx_word' id='word_1_68' title='bbox 980 1256 1075 1309; x_wconf 80' lang='grc' dir='ltr'>τοῦ</span> <span class='ocrx_word' id='word_1_69' title='bbox 1104 1260 1203 1327; x_wconf 78' lang='grc' dir='ltr'>τῆς</span> <span class='ocrx_word' id='word_1_70' title='bbox 1242 1257 1547 1324; x_wconf 79' lang='grc' dir='ltr'><strong>κενοδοξίας</strong></span> <span class='ocrx_word' id='word_1_71' title='bbox 1574 1258 1822 1327; x_wconf 85' lang='grc' dir='ltr'>πνεύμα-</span> 
     </span>
    </p>
   </div>
   <div class='ocr_carea' id='block_1_14' title="bbox 239 1344 1822 1420">
    <p class='ocr_par' dir='ltr' id='par_1_14' title="bbox 239 1344 1822 1420">
     <span class='ocr_line' id='line_1_14' title="bbox 239 1344 1822 1420; baseline 0.004 -24"><span class='ocrx_word' id='word_1_72' title='bbox 239 1362 333 1407; x_wconf 89' lang='grc' dir='ltr'><strong>τος</strong></span> <span class='ocrx_word' id='word_1_73' title='bbox 363 1344 525 1414; x_wconf 77' lang='lat' dir='ltr'><strong>[unus</strong></span> <span class='ocrx_word' id='word_1_74' title='bbox 568 1345 696 1416; x_wconf 83' lang='lat' dir='ltr'><strong>Reg.</strong></span> <span class='ocrx_word' id='word_1_75' title='bbox 724 1344 1031 1418; x_wconf 64' lang='grc' dir='ltr'>δαίμονοςῖο</span> <span class='ocrx_word' id='word_1_76' title='bbox 1068 1349 1095 1400; x_wconf 89' lang='grc' dir='ltr'>ὁ</span> <span class='ocrx_word' id='word_1_77' title='bbox 1125 1347 1181 1400; x_wconf 84' lang='grc' dir='ltr'><strong>δὲ</strong></span> <span class='ocrx_word' id='word_1_78' title='bbox 1218 1348 1421 1417; x_wconf 78' lang='grc' dir='ltr'><strong>ταύτης</strong></span> <span class='ocrx_word' id='word_1_79' title='bbox 1457 1350 1623 1420; x_wconf 84' lang='grc' dir='ltr'><strong>μήπω</strong></span> <span class='ocrx_word' id='word_1_80' title='bbox 1653 1367 1822 1404; x_wconf 88' lang='grc' dir='ltr'>κατα-</span> 
     </span>
    </p>
   </div>
   <div class='ocr_carea' id='block_1_15' title="bbox 241 1437 1819 1514">
    <p class='ocr_par' dir='ltr' id='par_1_15' title="bbox 241 1437 1819 1514">
     <span class='ocr_line' id='line_1_15' title="bbox 241 1437 1819 1514; baseline 0.004 -26"><span class='ocrx_word' id='word_1_81' title='bbox 241 1437 483 1503; x_wconf 76' lang='grc' dir='ltr'>ξιωθεὶς,</span> <span class='ocrx_word' id='word_1_82' title='bbox 532 1438 774 1509; x_wconf 81' lang='grc' dir='ltr'>εὐχερῶς</span> <span class='ocrx_word' id='word_1_83' title='bbox 824 1438 914 1491; x_wconf 84' lang='grc' dir='ltr'><strong>ὑπ’</strong></span> <span class='ocrx_word' id='word_1_84' title='bbox 967 1440 1137 1509; x_wconf 83' lang='grc' dir='ltr'>αὐτῆς</span> <span class='ocrx_word' id='word_1_85' title='bbox 1191 1441 1549 1513; x_wconf 78' lang='grc' dir='ltr'>περιφέρεται</span> <span class='ocrx_word' id='word_1_86' title='bbox 1577 1440 1727 1514; x_wconf 50' lang='lat' dir='ltr'><strong>[edim</strong></span> <span class='ocrx_word' id='word_1_87' title='bbox 1767 1450 1819 1496; x_wconf 81' lang='lat' dir='ltr'><strong>et</strong></span> 
     </span>
    </p>
   </div>
   <div class='ocr_carea' id='block_1_16' title="bbox 237 1527 1818 1601">
    <p class='ocr_par' dir='ltr' id='par_1_16' title="bbox 237 1527 1818 1601">
     <span class='ocr_line' id='line_1_16' title="bbox 237 1527 1818 1601; baseline 0.002 -20"><span class='ocrx_word' id='word_1_88' title='bbox 237 1545 376 1581; x_wconf 66' lang='lat' dir='ltr'><strong>unus</strong></span> <span class='ocrx_word' id='word_1_89' title='bbox 410 1529 541 1600; x_wconf 79' lang='lat' dir='ltr'><strong>Reg.</strong></span> <span class='ocrx_word' id='word_1_90' title='bbox 576 1529 849 1601; x_wconf 76' lang='grc' dir='ltr'>φέρεται].</span> <span class='ocrx_word' id='word_1_91' title='bbox 879 1531 1003 1583; x_wconf 79' lang='grc' dir='ltr'>Ἐὰν</span> <span class='ocrx_word' id='word_1_92' title='bbox 1030 1527 1123 1584; x_wconf 79' lang='grc' dir='ltr'>οὖν</span> <span class='ocrx_word' id='word_1_93' title='bbox 1145 1533 1173 1584; x_wconf 87' lang='grc' dir='ltr'><strong>ό</strong></span> <span class='ocrx_word' id='word_1_94' title='bbox 1191 1531 1431 1595; x_wconf 80' lang='grc' dir='ltr'>τοιοῦτος</span> <span class='ocrx_word' id='word_1_95' title='bbox 1463 1532 1520 1585; x_wconf 89' lang='grc' dir='ltr'>ὲν</span> <span class='ocrx_word' id='word_1_96' title='bbox 1550 1533 1685 1586; x_wconf 78' lang='grc' dir='ltr'>πᾶσι</span> <span class='ocrx_word' id='word_1_97' title='bbox 1706 1533 1818 1596; x_wconf 88' lang='grc' dir='ltr'>τοῖς</span> 
     </span>
    </p>
   </div>
   <div class='ocr_carea' id='block_1_17' title="bbox 238 1621 1815 1695">
    <p class='ocr_par' dir='ltr' id='par_1_17' title="bbox 238 1621 1815 1695">
     <span class='ocr_line' id='line_1_17' title="bbox 238 1621 1815 1695; baseline 0.002 -21"><span class='ocrx_word' id='word_1_98' title='bbox 238 1622 331 1675; x_wconf 83' lang='grc' dir='ltr'><strong>ὐπ’</strong></span> <span class='ocrx_word' id='word_1_99' title='bbox 363 1621 532 1675; x_wconf 77' lang='grc' dir='ltr'>αὑτοῦ</span> <span class='ocrx_word' id='word_1_100' title='bbox 578 1622 977 1694; x_wconf 79' lang='grc' dir='ltr'>πραττομένοις</span> <span class='ocrx_word' id='word_1_101' title='bbox 1008 1622 1145 1692; x_wconf 79' lang='grc' dir='ltr'>πρὸς</span> <span class='ocrx_word' id='word_1_102' title='bbox 1182 1622 1275 1676; x_wconf 78' lang='grc' dir='ltr'>τὸν</span> <span class='ocrx_word' id='word_1_103' title='bbox 1321 1622 1455 1675; x_wconf 82' lang='grc' dir='ltr'>Θεὸν</span> <span class='ocrx_word' id='word_1_104' title='bbox 1509 1622 1815 1695; x_wconf 75' lang='grc' dir='ltr'>ἀποσλέψῃ,</span> 
     </span>
    </p>
   </div>
   <div class='ocr_carea' id='block_1_18' title="bbox 234 1711 1820 1785">
    <p class='ocr_par' dir='ltr' id='par_1_18' title="bbox 234 1711 1820 1785">
     <span class='ocr_line' id='line_1_18' title="bbox 234 1711 1820 1785; baseline 0.003 -22"><span class='ocrx_word' id='word_1_105' title='bbox 234 1713 311 1774; x_wconf 83' lang='grc' dir='ltr'>ὡς</span> <span class='ocrx_word' id='word_1_106' title='bbox 341 1712 413 1765; x_wconf 74' lang='grc' dir='ltr'>δι’</span> <span class='ocrx_word' id='word_1_107' title='bbox 446 1712 612 1766; x_wconf 72' lang='grc' dir='ltr'>αὑτὸν</span> <span class='ocrx_word' id='word_1_108' title='bbox 660 1711 837 1766; x_wconf 83' lang='grc' dir='ltr'>πάντα</span> <span class='ocrx_word' id='word_1_109' title='bbox 867 1712 1060 1778; x_wconf 87' lang='grc' dir='ltr'>ποιῶν,</span> <span class='ocrx_word' id='word_1_110' title='bbox 1098 1712 1297 1785; x_wconf 73' lang='grc' dir='ltr'>ῥᾳδίως</span> <span class='ocrx_word' id='word_1_111' title='bbox 1341 1714 1438 1767; x_wconf 81' lang='grc' dir='ltr'>σὺν</span> <span class='ocrx_word' id='word_1_112' title='bbox 1467 1711 1589 1785; x_wconf 81' lang='grc' dir='ltr'>Θεῷ</span> <span class='ocrx_word' id='word_1_113' title='bbox 1622 1713 1820 1783; x_wconf 77' lang='grc' dir='ltr'>ἐκφεύ-</span> 
     </span>
    </p>
   </div>
   <div class='ocr_carea' id='block_1_19' title="bbox 237 1804 613 1874">
    <p class='ocr_par' dir='ltr' id='par_1_19' title="bbox 237 1804 613 1874">
     <span class='ocr_line' id='line_1_19' title="bbox 237 1804 613 1874; baseline 0.005 -19"><span class='ocrx_word' id='word_1_114' title='bbox 237 1804 389 1867; x_wconf 80' lang='grc' dir='ltr'>ξεται</span> <span class='ocrx_word' id='word_1_115' title='bbox 419 1805 613 1874; x_wconf 77' lang='grc' dir='ltr'>αὐτήν.</span> 
     </span>
    </p>
   </div>
   <div class='ocr_carea' id='block_1_20' title="bbox 1925 634 2075 675">
    <p class='ocr_par' dir='ltr' id='par_1_20' title="bbox 1925 634 2075 675">
     <span class='ocr_line' id='line_1_20' title="bbox 1925 634 2075 675; baseline -0.013 0"><span class='ocrx_word' id='word_1_116' title='bbox 1925 634 2075 675; x_wconf 90' lang='lat' dir='ltr'><strong>cens.</strong></span> 
     </span>
    </p>
   </div>
   <div class='ocr_carea' id='block_1_21' title="bbox 1994 709 3493 787">
    <p class='ocr_par' dir='ltr' id='par_1_21' title="bbox 1994 709 3493 787">
     <span class='ocr_line' id='line_1_21' title="bbox 1994 709 3493 787; baseline 0.005 -22"><span class='ocrx_word' id='word_1_117' title='bbox 1994 710 2084 765; x_wconf 71' lang='grc'>45.</span> <span class='ocrx_word' id='word_1_118' title='bbox 2111 709 2302 782; x_wconf 83' lang='lat' dir='ltr'><strong>Alllige</strong></span> <span class='ocrx_word' id='word_1_119' title='bbox 2330 727 2551 785; x_wconf 89' lang='lat' dir='ltr'><strong>carnem</strong></span> <span class='ocrx_word' id='word_1_120' title='bbox 2592 721 2741 769; x_wconf 89' lang='lat' dir='ltr'><strong>tuam</strong></span> <span class='ocrx_word' id='word_1_121' title='bbox 2777 714 2959 770; x_wconf 89' lang='lat' dir='ltr'><strong>inedia</strong></span> <span class='ocrx_word' id='word_1_122' title='bbox 2994 724 3050 771; x_wconf 88' lang='lat' dir='ltr'><strong>et</strong></span> <span class='ocrx_word' id='word_1_123' title='bbox 3080 715 3312 787; x_wconf 81' lang='lat' dir='ltr'><strong>vigiliis;</strong></span> <span class='ocrx_word' id='word_1_124' title='bbox 3345 720 3493 787; x_wconf 84' lang='lat' dir='ltr'><strong>psal-</strong></span> 
     </span>
    </p>
   </div>
   <div class='ocr_carea' id='block_1_22' title="bbox 1924 797 3491 873">
    <p class='ocr_par' dir='ltr' id='par_1_22' title="bbox 1924 797 3491 873">
     <span class='ocr_line' id='line_1_22' title="bbox 1924 797 3491 873; baseline 0.004 -21"><span class='ocrx_word' id='word_1_125' title='bbox 1924 797 2029 852; x_wconf 90' lang='lat' dir='ltr'><strong>mis</strong></span> <span class='ocrx_word' id='word_1_126' title='bbox 2078 797 2209 852; x_wconf 83' lang='lat' dir='ltr'><strong>item</strong></span> <span class='ocrx_word' id='word_1_127' title='bbox 2261 799 2618 855; x_wconf 88' lang='lat' dir='ltr'><strong>concinendis</strong></span> <span class='ocrx_word' id='word_1_128' title='bbox 2657 812 2713 856; x_wconf 90' lang='lat' dir='ltr'><strong>et</strong></span> <span class='ocrx_word' id='word_1_129' title='bbox 2754 803 2987 857; x_wconf 87' lang='lat' dir='ltr'><strong>orationi</strong></span> <span class='ocrx_word' id='word_1_130' title='bbox 3032 803 3301 860; x_wconf 83' lang='lat' dir='ltr'><strong>indefesse</strong></span> <span class='ocrx_word' id='word_1_131' title='bbox 3339 820 3491 873; x_wconf 79' lang='lat' dir='ltr'><strong>vaca,</strong></span> 
     </span>
    </p>
   </div>
   <div class='ocr_carea' id='block_1_23' title="bbox 1924 892 3494 969">
    <p class='ocr_par' dir='ltr' id='par_1_23' title="bbox 1924 892 3494 969">
     <span class='ocr_line' id='line_1_23' title="bbox 1924 892 3494 969; baseline 0.006 -24"><span class='ocrx_word' id='word_1_132' title='bbox 1924 892 2383 961; x_wconf 84' lang='lat' dir='ltr'><strong>supervenietque</strong></span> <span class='ocrx_word' id='word_1_133' title='bbox 2431 893 2528 947; x_wconf 90' lang='lat' dir='ltr'><strong>tibi</strong></span> <span class='ocrx_word' id='word_1_134' title='bbox 2571 896 2840 951; x_wconf 74' lang='lat' dir='ltr'><strong>castitatis</strong></span> <span class='ocrx_word' id='word_1_135' title='bbox 2883 896 3242 953; x_wconf 83' lang='lat' dir='ltr'><strong>sanctimonia</strong></span> <span class='ocrx_word' id='word_1_136' title='bbox 3280 907 3337 953; x_wconf 91' lang='lat' dir='ltr'><strong>et</strong></span> <span class='ocrx_word' id='word_1_137' title='bbox 3378 899 3494 969; x_wconf 75' lang='lat' dir='ltr'><strong>ipsa</strong></span> 
     </span>
    </p>
   </div>
   <div class='ocr_carea' id='block_1_24' title="bbox 1922 981 2575 1039">
    <p class='ocr_par' dir='ltr' id='par_1_24' title="bbox 1922 981 2575 1039">
     <span class='ocr_line' id='line_1_24' title="bbox 1922 981 2575 1039; baseline 0.006 -4"><span class='ocrx_word' id='word_1_138' title='bbox 1922 981 2247 1037; x_wconf 87' lang='lat' dir='ltr'><strong>charitatem</strong></span> <span class='ocrx_word' id='word_1_139' title='bbox 2277 983 2575 1039; x_wconf 88' lang='lat' dir='ltr'><strong>adducens.</strong></span> 
     </span>
    </p>
   </div>
   <div class='ocr_carea' id='block_1_25' title="bbox 1992 1075 3493 1153">
    <p class='ocr_par' dir='ltr' id='par_1_25' title="bbox 1992 1075 3493 1153">
     <span class='ocr_line' id='line_1_25' title="bbox 1992 1075 3493 1153; baseline 0.006 -25"><span class='ocrx_word' id='word_1_140' title='bbox 1992 1075 2081 1129; x_wconf 74' lang='grc'>46.</span> <span class='ocrx_word' id='word_1_141' title='bbox 2109 1075 2211 1141; x_wconf 85' lang='lat' dir='ltr'><strong>Qui</strong></span> <span class='ocrx_word' id='word_1_142' title='bbox 2236 1075 2478 1131; x_wconf 87' lang='lat' dir='ltr'><strong>divinam</strong></span> <span class='ocrx_word' id='word_1_143' title='bbox 2507 1078 2795 1132; x_wconf 89' lang='lat' dir='ltr'><strong>scientiam</strong></span> <span class='ocrx_word' id='word_1_144' title='bbox 2821 1081 3085 1150; x_wconf 83' lang='lat' dir='ltr'><strong>consequi</strong></span> <span class='ocrx_word' id='word_1_145' title='bbox 3108 1082 3331 1149; x_wconf 90' lang='lat' dir='ltr'><strong>meruit,</strong></span> <span class='ocrx_word' id='word_1_146' title='bbox 3349 1083 3493 1153; x_wconf 89' lang='lat' dir='ltr'><strong>ejus-</strong></span> 
     </span>
    </p>
   </div>
   <div class='ocr_carea' id='block_1_26' title="bbox 1921 1163 3500 1240">
    <p class='ocr_par' dir='ltr' id='par_1_26' title="bbox 1921 1163 3500 1240">
     <span class='ocr_line' id='line_1_26' title="bbox 1921 1163 3500 1240; baseline 0.005 -23"><span class='ocrx_word' id='word_1_147' title='bbox 1921 1178 2030 1233; x_wconf 87' lang='lat' dir='ltr'><strong>que</strong></span> <span class='ocrx_word' id='word_1_148' title='bbox 2054 1163 2476 1220; x_wconf 75' lang='lat' dir='ltr'><strong>ilustrationcm</strong></span> <span class='ocrx_word' id='word_1_149' title='bbox 2514 1167 2806 1224; x_wconf 88' lang='lat' dir='ltr'><strong>cbaritalis</strong></span> <span class='ocrx_word' id='word_1_150' title='bbox 2836 1184 2940 1239; x_wconf 86' lang='lat' dir='ltr'><strong>ope</strong></span> <span class='ocrx_word' id='word_1_151' title='bbox 2972 1172 3328 1240; x_wconf 85' lang='lat' dir='ltr'><strong>comparavit,</strong></span> <span class='ocrx_word' id='word_1_152' title='bbox 3355 1188 3500 1225; x_wconf 79' lang='lat' dir='ltr'><strong>nun—</strong></span> 
     </span>
    </p>
   </div>
   <div class='ocr_carea' id='block_1_27' title="bbox 1920 1250 3495 1331">
    <p class='ocr_par' dir='ltr' id='par_1_27' title="bbox 1920 1250 3495 1331">
     <span class='ocr_line' id='line_1_27' title="bbox 1920 1250 3495 1331; baseline 0.009 -30"><span class='ocrx_word' id='word_1_153' title='bbox 1920 1264 2087 1318; x_wconf 86' lang='lat' dir='ltr'><strong>quam</strong></span> <span class='ocrx_word' id='word_1_154' title='bbox 2117 1264 2246 1304; x_wconf 92' lang='lat' dir='ltr'><strong>eum</strong></span> <span class='ocrx_word' id='word_1_155' title='bbox 2288 1250 2470 1305; x_wconf 85' lang='lat' dir='ltr'><strong>inanis</strong></span> <span class='ocrx_word' id='word_1_156' title='bbox 2507 1254 2694 1324; x_wconf 73' lang='lat' dir='ltr'><strong>gloria:</strong></span> <span class='ocrx_word' id='word_1_157' title='bbox 2732 1256 2961 1324; x_wconf 80' lang='lat' dir='ltr'><strong>spiritus</strong></span> <span class='ocrx_word' id='word_1_158' title='bbox 2992 1257 3320 1313; x_wconf 80' lang='lat' dir='ltr'><strong>dissumabit</strong></span> <span class='ocrx_word' id='word_1_159' title='bbox 3352 1278 3365 1313; x_wconf 90' lang='lat'><strong>:</strong></span> <span class='ocrx_word' id='word_1_160' title='bbox 3401 1262 3495 1331; x_wconf 89' lang='lat' dir='ltr'><strong>qui</strong></span> 
     </span>
    </p>
   </div>
   <div class='ocr_carea' id='block_1_28' title="bbox 1920 1344 3494 1413">
    <p class='ocr_par' dir='ltr' id='par_1_28' title="bbox 1920 1344 3494 1413">
     <span class='ocr_line' id='line_1_28' title="bbox 1920 1344 3494 1413; baseline 0.008 -19"><span class='ocrx_word' id='word_1_161' title='bbox 1920 1355 2052 1395; x_wconf 89' lang='lat' dir='ltr'><strong>vero</strong></span> <span class='ocrx_word' id='word_1_162' title='bbox 2077 1357 2198 1397; x_wconf 89' lang='lat' dir='ltr'><strong>eam</strong></span> <span class='ocrx_word' id='word_1_163' title='bbox 2231 1344 2466 1398; x_wconf 88' lang='lat' dir='ltr'><strong>necdum</strong></span> <span class='ocrx_word' id='word_1_164' title='bbox 2497 1354 2689 1400; x_wconf 85' lang='lat' dir='ltr'><strong>nactus</strong></span> <span class='ocrx_word' id='word_1_165' title='bbox 2717 1356 2823 1413; x_wconf 87' lang='lat' dir='ltr'><strong>est,</strong></span> <span class='ocrx_word' id='word_1_166' title='bbox 2850 1348 3001 1405; x_wconf 89' lang='lat' dir='ltr'><strong>illius</strong></span> <span class='ocrx_word' id='word_1_167' title='bbox 3035 1349 3195 1406; x_wconf 82' lang='lat' dir='ltr'><strong>facile</strong></span> <span class='ocrx_word' id='word_1_168' title='bbox 3217 1367 3353 1407; x_wconf 92' lang='lat' dir='ltr'><strong>aura</strong></span> <span class='ocrx_word' id='word_1_169' title='bbox 3383 1354 3494 1408; x_wconf 84' lang='lat' dir='ltr'><strong>cir-</strong></span> 
     </span>
    </p>
   </div>
   <div class='ocr_carea' id='block_1_29' title="bbox 1920 1431 3498 1512">
    <p class='ocr_par' dir='ltr' id='par_1_29' title="bbox 1920 1431 3498 1512">
     <span class='ocr_line' id='line_1_29' title="bbox 1920 1431 3498 1512; baseline 0.008 -28"><span class='ocrx_word' id='word_1_170' title='bbox 1920 1431 2246 1487; x_wconf 87' lang='lat' dir='ltr'><strong>cumfertur.</strong></span> <span class='ocrx_word' id='word_1_171' title='bbox 2274 1432 2446 1504; x_wconf 91' lang='lat' dir='ltr'><strong>lgitur</strong></span> <span class='ocrx_word' id='word_1_172' title='bbox 2478 1434 2525 1489; x_wconf 90' lang='lat' dir='ltr'><strong>si</strong></span> <span class='ocrx_word' id='word_1_173' title='bbox 2559 1436 2657 1505; x_wconf 91' lang='lat' dir='ltr'><strong>qui</strong></span> <span class='ocrx_word' id='word_1_174' title='bbox 2692 1436 2817 1491; x_wconf 90' lang='lat' dir='ltr'><strong>talis</strong></span> <span class='ocrx_word' id='word_1_175' title='bbox 2854 1445 2959 1503; x_wconf 86' lang='lat' dir='ltr'><strong>est,</strong></span> <span class='ocrx_word' id='word_1_176' title='bbox 2995 1439 3053 1493; x_wconf 90' lang='lat' dir='ltr'><strong>in</strong></span> <span class='ocrx_word' id='word_1_177' title='bbox 3085 1440 3341 1497; x_wconf 90' lang='lat' dir='ltr'><strong>omnibus</strong></span> <span class='ocrx_word' id='word_1_178' title='bbox 3373 1458 3498 1512; x_wconf 77' lang='lat' dir='ltr'><strong>qua:</strong></span> 
     </span>
    </p>
   </div>
   <div class='ocr_carea' id='block_1_30' title="bbox 1918 1523 3498 1599">
    <p class='ocr_par' dir='ltr' id='par_1_30' title="bbox 1918 1523 3498 1599">
     <span class='ocr_line' id='line_1_30' title="bbox 1918 1523 3498 1599; baseline 0.004 -22"><span class='ocrx_word' id='word_1_179' title='bbox 1918 1523 1987 1577; x_wconf 88' lang='lat' dir='ltr'><strong>ab</strong></span> <span class='ocrx_word' id='word_1_180' title='bbox 2021 1537 2088 1577; x_wconf 89' lang='lat' dir='ltr'><strong>eo</strong></span> <span class='ocrx_word' id='word_1_181' title='bbox 2126 1530 2365 1592; x_wconf 89' lang='lat' dir='ltr'><strong>aguntur</strong></span> <span class='ocrx_word' id='word_1_182' title='bbox 2396 1524 2451 1577; x_wconf 92' lang='lat' dir='ltr'><strong>in</strong></span> <span class='ocrx_word' id='word_1_183' title='bbox 2480 1524 2651 1579; x_wconf 90' lang='lat' dir='ltr'><strong>Deum</strong></span> <span class='ocrx_word' id='word_1_184' title='bbox 2678 1526 2979 1595; x_wconf 80' lang='lat' dir='ltr'><strong>aspexerit,</strong></span> <span class='ocrx_word' id='word_1_185' title='bbox 3011 1536 3072 1582; x_wconf 88' lang='lat' dir='ltr'><strong>ut</strong></span> <span class='ocrx_word' id='word_1_186' title='bbox 3102 1528 3158 1582; x_wconf 89' lang='lat' dir='ltr'><strong>in</strong></span> <span class='ocrx_word' id='word_1_187' title='bbox 3183 1528 3341 1599; x_wconf 84' lang='lat' dir='ltr'><strong>cujus</strong></span> <span class='ocrx_word' id='word_1_188' title='bbox 3369 1544 3498 1599; x_wconf 78' lang='lat' dir='ltr'><strong>gra-</strong></span> 
     </span>
    </p>
   </div>
   <div class='ocr_carea' id='block_1_31' title="bbox 1918 1614 3499 1691">
    <p class='ocr_par' dir='ltr' id='par_1_31' title="bbox 1918 1614 3499 1691">
     <span class='ocr_line' id='line_1_31' title="bbox 1918 1614 3499 1691; baseline 0.007 -25"><span class='ocrx_word' id='word_1_189' title='bbox 1918 1614 2051 1668; x_wconf 87' lang='lat' dir='ltr'><strong>tiam</strong></span> <span class='ocrx_word' id='word_1_190' title='bbox 2085 1623 2286 1670; x_wconf 90' lang='lat' dir='ltr'><strong>cuncta</strong></span> <span class='ocrx_word' id='word_1_191' title='bbox 2310 1624 2595 1685; x_wconf 85' lang='lat' dir='ltr'><strong>operetur,</strong></span> <span class='ocrx_word' id='word_1_192' title='bbox 2634 1617 2855 1672; x_wconf 89' lang='lat' dir='ltr'><strong>inanem</strong></span> <span class='ocrx_word' id='word_1_193' title='bbox 2882 1619 3111 1690; x_wconf 84' lang='lat' dir='ltr'><strong>gloriam</strong></span> <span class='ocrx_word' id='word_1_194' title='bbox 3138 1620 3251 1676; x_wconf 88' lang='lat' dir='ltr'><strong>Deo</strong></span> <span class='ocrx_word' id='word_1_195' title='bbox 3272 1620 3499 1691; x_wconf 85' lang='lat' dir='ltr'><strong>auspice</strong></span> 
     </span>
    </p>
   </div>
   <div class='ocr_carea' id='block_1_32' title="bbox 1917 1705 2326 1762">
    <p class='ocr_par' dir='ltr' id='par_1_32' title="bbox 1917 1705 2326 1762">
     <span class='ocr_line' id='line_1_32' title="bbox 1917 1705 2326 1762; baseline 0.007 -4"><span class='ocrx_word' id='word_1_196' title='bbox 1917 1705 2075 1760; x_wconf 79' lang='lat' dir='ltr'><strong>facile</strong></span> <span class='ocrx_word' id='word_1_197' title='bbox 2106 1706 2326 1762; x_wconf 80' lang='lat' dir='ltr'><strong>vitabit.</strong></span> 
     </span>
    </p>
   </div>
   <div class='ocr_carea' id='block_1_33' title="bbox 308 1892 1815 1974">
    <p class='ocr_par' dir='ltr' id='par_1_33' title="bbox 308 1893 1800 1966">
     <span class='ocr_line' id='line_1_33' title="bbox 308 1893 1800 1966; baseline 0.003 -19"><span class='ocrx_word' id='word_1_198' title='bbox 308 1894 421 1963; x_wconf 78' lang='grc' dir='ltr'><strong>μζ’.</strong></span> <span class='ocrx_word' id='word_1_199' title='bbox 475 1894 534 1947; x_wconf 85' lang='grc'><strong>’0</strong></span> <span class='ocrx_word' id='word_1_200' title='bbox 567 1895 733 1966; x_wconf 76' lang='grc' dir='ltr'>μήπω</span> <span class='ocrx_word' id='word_1_201' title='bbox 769 1893 947 1965; x_wconf 87' lang='grc' dir='ltr'>τυχὼν</span> <span class='ocrx_word' id='word_1_202' title='bbox 993 1894 1093 1965; x_wconf 78' lang='grc' dir='ltr'>τῆς</span> <span class='ocrx_word' id='word_1_203' title='bbox 1136 1894 1285 1959; x_wconf 81' lang='grc' dir='ltr'>θείας</span> <span class='ocrx_word' id='word_1_204' title='bbox 1310 1893 1564 1965; x_wconf 84' lang='grc' dir='ltr'>γνώσεως</span> <span class='ocrx_word' id='word_1_205' title='bbox 1595 1896 1671 1965; x_wconf 76' lang='lat'><strong>(6)</strong></span> <span class='ocrx_word' id='word_1_206' title='bbox 1700 1896 1800 1966; x_wconf 82' lang='grc' dir='ltr'>τῆς</span> 
     </span>
    </p>
   </div>
   <div class='ocr_carea' id='block_1_34' title="bbox 1920 1892 3500 1974">
    <p class='ocr_par' dir='ltr' id='par_1_34' title="bbox 1988 1892 3500 1974">
     <span class='ocr_line' id='line_1_34' title="bbox 1988 1892 3500 1974; baseline 0.009 -30"><span class='ocrx_word' id='word_1_207' title='bbox 1988 1892 2078 1946; x_wconf 72' lang='grc'><strong>47.</strong></span> <span class='ocrx_word' id='word_1_208' title='bbox 2135 1893 2241 1959; x_wconf 88' lang='lat' dir='ltr'><strong>Qui</strong></span> <span class='ocrx_word' id='word_1_209' title='bbox 2288 1895 2523 1949; x_wconf 86' lang='lat' dir='ltr'><strong>necdum</strong></span> <span class='ocrx_word' id='word_1_210' title='bbox 2582 1896 2824 1953; x_wconf 84' lang='lat' dir='ltr'><strong>divinam</strong></span> <span class='ocrx_word' id='word_1_211' title='bbox 2871 1900 3180 1967; x_wconf 83' lang='lat' dir='ltr'><strong>scientiam,</strong></span> <span class='ocrx_word' id='word_1_212' title='bbox 3227 1918 3351 1973; x_wconf 61' lang='lat' dir='ltr'><strong>quae</strong></span> <span class='ocrx_word' id='word_1_213' title='bbox 3400 1919 3500 1974; x_wconf 88' lang='lat' dir='ltr'><strong>per</strong></span> 
     </span>
    </p>
   </div>
   <div class='ocr_carea' id='block_1_35' title="bbox 231 1982 1809 2056">
    <p class='ocr_par' dir='ltr' id='par_1_35' title="bbox 231 1982 1809 2056">
     <span class='ocr_line' id='line_1_35' title="bbox 231 1982 1809 2056; baseline -0.001 -19"><span class='ocrx_word' id='word_1_214' title='bbox 231 1984 321 2037; x_wconf 73' lang='grc' dir='ltr'>διὰ</span> <span class='ocrx_word' id='word_1_215' title='bbox 350 1985 577 2055; x_wconf 78' lang='grc' dir='ltr'><strong>ἀγάπης</strong></span> <span class='ocrx_word' id='word_1_216' title='bbox 621 1984 1041 2056; x_wconf 77' lang='grc' dir='ltr'><strong>ἐνεργουμένης,</strong></span> <span class='ocrx_word' id='word_1_217' title='bbox 1076 1982 1221 2054; x_wconf 81' lang='grc' dir='ltr'>μέγα</span> <span class='ocrx_word' id='word_1_218' title='bbox 1248 1986 1400 2054; x_wconf 85' lang='grc' dir='ltr'>φονεῖ</span> <span class='ocrx_word' id='word_1_219' title='bbox 1444 1984 1537 2037; x_wconf 76' lang='grc' dir='ltr'>ἐπὶ</span> <span class='ocrx_word' id='word_1_220' title='bbox 1565 1986 1683 2047; x_wconf 86' lang='grc' dir='ltr'>τοῖς</span> <span class='ocrx_word' id='word_1_221' title='bbox 1711 1984 1809 2036; x_wconf 84' lang='grc' dir='ltr'><strong>ὑπ’</strong></span> 
     </span>
    </p>
   </div>
   <div class='ocr_carea' id='block_1_36' title="bbox 231 2075 1815 2149">
    <p class='ocr_par' dir='ltr' id='par_1_36' title="bbox 231 2075 1815 2149">
     <span class='ocr_line' id='line_1_36' title="bbox 231 2075 1815 2149; baseline 0 -20"><span class='ocrx_word' id='word_1_222' title='bbox 231 2077 403 2129; x_wconf 75' lang='grc' dir='ltr'>αὐτοῦ</span> <span class='ocrx_word' id='word_1_223' title='bbox 432 2076 576 2131; x_wconf 81' lang='grc' dir='ltr'>κατὰ</span> <span class='ocrx_word' id='word_1_224' title='bbox 602 2076 734 2129; x_wconf 83' lang='grc' dir='ltr'>Θεὸν</span> <span class='ocrx_word' id='word_1_225' title='bbox 765 2076 1183 2147; x_wconf 81' lang='grc' dir='ltr'>πραττομένοις.</span> <span class='ocrx_word' id='word_1_226' title='bbox 1227 2077 1287 2131; x_wconf 89' lang='lat'><strong>&#39;0</strong></span> <span class='ocrx_word' id='word_1_227' title='bbox 1311 2075 1368 2129; x_wconf 81' lang='grc' dir='ltr'><strong>δέ</strong></span> <span class='ocrx_word' id='word_1_228' title='bbox 1390 2075 1596 2149; x_wconf 82' lang='grc' dir='ltr'>ταύτης</span> <span class='ocrx_word' id='word_1_229' title='bbox 1629 2077 1815 2146; x_wconf 82' lang='grc' dir='ltr'>τυχεῖν</span> 
     </span>
    </p>
   </div>
   <div class='ocr_carea' id='block_1_37' title="bbox 232 2168 1815 2241">
    <p class='ocr_par' dir='ltr' id='par_1_37' title="bbox 232 2168 1815 2241">
     <span class='ocr_line' id='line_1_37' title="bbox 232 2168 1815 2241; baseline 0.001 -19"><span class='ocrx_word' id='word_1_230' title='bbox 232 2168 619 2233; x_wconf 75' lang='grc' dir='ltr'>καταξιωθεὶς,</span> <span class='ocrx_word' id='word_1_231' title='bbox 656 2169 793 2240; x_wconf 85' lang='grc' dir='ltr'>μετὰ</span> <span class='ocrx_word' id='word_1_232' title='bbox 817 2168 1111 2233; x_wconf 78' lang='grc' dir='ltr'>διαθέσεως</span> <span class='ocrx_word' id='word_1_233' title='bbox 1133 2169 1280 2238; x_wconf 81' lang='grc' dir='ltr'>λέγει</span> <span class='ocrx_word' id='word_1_234' title='bbox 1306 2170 1378 2223; x_wconf 82' lang='grc' dir='ltr'>τὰ</span> <span class='ocrx_word' id='word_1_235' title='bbox 1401 2171 1496 2223; x_wconf 81' lang='grc' dir='ltr'>τοῦ</span> <span class='ocrx_word' id='word_1_236' title='bbox 1544 2169 1815 2241; x_wconf 83' lang='grc' dir='ltr'>πατριάρ-</span> 
     </span>
    </p>
   </div>
   <div class='ocr_carea' id='block_1_38' title="bbox 229 2260 1814 2333">
    <p class='ocr_par' dir='ltr' id='par_1_38' title="bbox 229 2260 1814 2333">
     <span class='ocr_line' id='line_1_38' title="bbox 229 2260 1814 2333; baseline 0.002 -21"><span class='ocrx_word' id='word_1_237' title='bbox 229 2279 327 2331; x_wconf 81' lang='grc' dir='ltr'><strong>χου</strong></span> <span class='ocrx_word' id='word_1_238' title='bbox 374 2260 632 2331; x_wconf 79' lang='grc' dir='ltr'>Ἀϐραὰμ</span> <span class='ocrx_word' id='word_1_239' title='bbox 667 2263 906 2331; x_wconf 75' lang='grc' dir='ltr'>ῥήματα,</span> <span class='ocrx_word' id='word_1_240' title='bbox 947 2260 1090 2331; x_wconf 75' lang='grc' dir='ltr'>ἅπερ</span> <span class='ocrx_word' id='word_1_241' title='bbox 1134 2261 1298 2331; x_wconf 79' lang='grc' dir='ltr'>ἡνίκα</span> <span class='ocrx_word' id='word_1_242' title='bbox 1353 2261 1455 2333; x_wconf 84' lang='grc' dir='ltr'>τῆς</span> <span class='ocrx_word' id='word_1_243' title='bbox 1491 2260 1643 2326; x_wconf 82' lang='grc' dir='ltr'>θείας</span> <span class='ocrx_word' id='word_1_244' title='bbox 1679 2277 1814 2316; x_wconf 82' lang='grc' dir='ltr'>κατ-</span> 
     </span>
    </p>
   </div>
   <div class='ocr_carea' id='block_1_39' title="bbox 228 2348 1812 2423">
    <p class='ocr_par' dir='ltr' id='par_1_39' title="bbox 228 2348 1812 2423">
     <span class='ocr_line' id='line_1_39' title="bbox 228 2348 1812 2423; baseline 0.001 -17"><span class='ocrx_word' id='word_1_245' title='bbox 228 2351 445 2423; x_wconf 79' lang='grc' dir='ltr'>ηξιώθη</span> <span class='ocrx_word' id='word_1_246' title='bbox 466 2354 809 2423; x_wconf 87' lang='grc' dir='ltr'>ἐπιφανείας,</span> <span class='ocrx_word' id='word_1_247' title='bbox 830 2348 1005 2406; x_wconf 71' lang='grc' dir='ltr'>εἶπεν*</span> <span class='ocrx_word' id='word_1_248' title='bbox 1040 2352 1184 2421; x_wconf 79' lang='grc' dir='ltr'><strong>Ἐγὼ</strong></span> <span class='ocrx_word' id='word_1_249' title='bbox 1205 2354 1320 2423; x_wconf 73' lang='grc' dir='ltr'>ειμι</span> <span class='ocrx_word' id='word_1_250' title='bbox 1347 2352 1424 2423; x_wconf 77' lang='grc' dir='ltr'>γῆ</span> <span class='ocrx_word' id='word_1_251' title='bbox 1448 2353 1545 2407; x_wconf 80' lang='grc' dir='ltr'>καὶ</span> <span class='ocrx_word' id='word_1_252' title='bbox 1563 2351 1812 2420; x_wconf 81' lang='grc' dir='ltr'>σποδός.</span> 
     </span>
    </p>
   </div>
   <div class='ocr_carea' id='block_1_40' title="bbox 298 2444 1816 2516">
    <p class='ocr_par' dir='ltr' id='par_1_40' title="bbox 298 2444 1816 2516">
     <span class='ocr_line' id='line_1_40' title="bbox 298 2444 1816 2516; baseline -0.002 -16"><span class='ocrx_word' id='word_1_253' title='bbox 298 2452 425 2515; x_wconf 84' lang='grc' dir='ltr'>μη’.</span> <span class='ocrx_word' id='word_1_254' title='bbox 480 2445 537 2499; x_wconf 85' lang='grc'><strong>’0</strong></span> <span class='ocrx_word' id='word_1_255' title='bbox 581 2445 917 2516; x_wconf 78' lang='grc' dir='ltr'>φοὸούμενος</span> <span class='ocrx_word' id='word_1_256' title='bbox 948 2445 1039 2498; x_wconf 77' lang='grc' dir='ltr'>τὸν</span> <span class='ocrx_word' id='word_1_257' title='bbox 1096 2444 1325 2515; x_wconf 84' lang='grc' dir='ltr'>Κύριον,</span> <span class='ocrx_word' id='word_1_258' title='bbox 1385 2444 1674 2515; x_wconf 86' lang='grc' dir='ltr'>συνόμιλον</span> <span class='ocrx_word' id='word_1_259' title='bbox 1728 2445 1816 2500; x_wconf 78' lang='grc' dir='ltr'>ἀεὶ</span> 
     </span>
    </p>
   </div>
   <div class='ocr_carea' id='block_1_41' title="bbox 225 2535 1816 2609">
    <p class='ocr_par' dir='ltr' id='par_1_41' title="bbox 225 2535 1816 2609">
     <span class='ocr_line' id='line_1_41' title="bbox 225 2535 1816 2609; baseline -0.001 -19"><span class='ocrx_word' id='word_1_260' title='bbox 225 2539 345 2608; x_wconf 71' lang='grc' dir='ltr'>ἔχει</span> <span class='ocrx_word' id='word_1_261' title='bbox 396 2538 496 2609; x_wconf 85' lang='grc' dir='ltr'>τὴν</span> <span class='ocrx_word' id='word_1_262' title='bbox 519 2536 1026 2608; x_wconf 82' lang='grc' dir='ltr'>ταπεινοφροσύνην</span> <span class='ocrx_word' id='word_1_263' title='bbox 1046 2554 1061 2570; x_wconf 73' lang='grc' dir='ltr'><strong>ο</strong></span> <span class='ocrx_word' id='word_1_264' title='bbox 1092 2537 1186 2591; x_wconf 66' lang='grc' dir='ltr'>καὶ</span> <span class='ocrx_word' id='word_1_265' title='bbox 1214 2535 1304 2590; x_wconf 80' lang='grc' dir='ltr'>διὰ</span> <span class='ocrx_word' id='word_1_266' title='bbox 1336 2536 1445 2590; x_wconf 87' lang='grc' dir='ltr'><strong>τῶν</strong></span> <span class='ocrx_word' id='word_1_267' title='bbox 1492 2535 1698 2605; x_wconf 88' lang='grc' dir='ltr'>ταύτης</span> <span class='ocrx_word' id='word_1_268' title='bbox 1726 2538 1816 2589; x_wconf 81' lang='grc' dir='ltr'><strong>ὲν-</strong></span> 
     </span>
    </p>
   </div>
   <div class='ocr_carea' id='block_1_42' title="bbox 226 2626 1816 2700">
    <p class='ocr_par' dir='ltr' id='par_1_42' title="bbox 226 2626 1816 2700">
     <span class='ocr_line' id='line_1_42' title="bbox 226 2626 1816 2700; baseline 0.001 -22"><span class='ocrx_word' id='word_1_269' title='bbox 226 2628 599 2700; x_wconf 79' lang='grc' dir='ltr'>θυμημάτων,</span> <span class='ocrx_word' id='word_1_270' title='bbox 657 2630 735 2692; x_wconf 87' lang='grc' dir='ltr'><strong>είς</strong></span> <span class='ocrx_word' id='word_1_271' title='bbox 762 2627 860 2699; x_wconf 79' lang='grc' dir='ltr'>τὴν</span> <span class='ocrx_word' id='word_1_272' title='bbox 896 2627 1047 2682; x_wconf 83' lang='grc' dir='ltr'>θείαν</span> <span class='ocrx_word' id='word_1_273' title='bbox 1081 2628 1303 2696; x_wconf 83' lang='grc' dir='ltr'>ἀγάπην</span> <span class='ocrx_word' id='word_1_274' title='bbox 1331 2627 1428 2680; x_wconf 73' lang='grc' dir='ltr'>καὶ</span> <span class='ocrx_word' id='word_1_275' title='bbox 1456 2626 1816 2697; x_wconf 84' lang='grc' dir='ltr'>εὐχαριστίαν</span> 
     </span>
    </p>
   </div>
   <div class='ocr_carea' id='block_1_43' title="bbox 225 2718 1815 2790">
    <p class='ocr_par' dir='ltr' id='par_1_43' title="bbox 225 2718 1815 2790">
     <span class='ocr_line' id='line_1_43' title="bbox 225 2718 1815 2790; baseline -0.002 -17"><span class='ocrx_word' id='word_1_276' title='bbox 225 2720 479 2790; x_wconf 72' lang='grc' dir='ltr'>ἔρχεται.</span> <span class='ocrx_word' id='word_1_277' title='bbox 511 2721 857 2790; x_wconf 86' lang='grc' dir='ltr'>Μνημονεύει</span> <span class='ocrx_word' id='word_1_278' title='bbox 882 2719 989 2789; x_wconf 86' lang='grc' dir='ltr'><strong>γάρ</strong></span> <span class='ocrx_word' id='word_1_279' title='bbox 1017 2719 1116 2788; x_wconf 89' lang='grc' dir='ltr'>τῆς</span> <span class='ocrx_word' id='word_1_280' title='bbox 1146 2718 1291 2771; x_wconf 90' lang='grc' dir='ltr'><strong>κατά</strong></span> <span class='ocrx_word' id='word_1_281' title='bbox 1320 2719 1412 2771; x_wconf 83' lang='grc' dir='ltr'>τὸν</span> <span class='ocrx_word' id='word_1_282' title='bbox 1446 2718 1653 2789; x_wconf 83' lang='grc' dir='ltr'>κόσμον</span> <span class='ocrx_word' id='word_1_283' title='bbox 1677 2735 1815 2789; x_wconf 80' lang='grc' dir='ltr'>προ-</span> 
     </span>
    </p>
   </div>
   <div class='ocr_carea' id='block_1_44' title="bbox 224 2810 1814 2882">
    <p class='ocr_par' dir='ltr' id='par_1_44' title="bbox 224 2810 1814 2882">
     <span class='ocr_line' id='line_1_44' title="bbox 224 2810 1814 2882; baseline -0.001 -18"><span class='ocrx_word' id='word_1_284' title='bbox 224 2812 398 2882; x_wconf 82' lang='grc' dir='ltr'>τέρας</span> <span class='ocrx_word' id='word_1_285' title='bbox 421 2811 719 2880; x_wconf 77' lang='grc' dir='ltr'>διαγωγῆς,</span> <span class='ocrx_word' id='word_1_286' title='bbox 746 2813 841 2864; x_wconf 75' lang='grc' dir='ltr'>καὶ</span> <span class='ocrx_word' id='word_1_287' title='bbox 873 2811 980 2865; x_wconf 89' lang='grc' dir='ltr'><strong>τῶν</strong></span> <span class='ocrx_word' id='word_1_288' title='bbox 1021 2810 1280 2864; x_wconf 84' lang='grc' dir='ltr'>ποικίλων</span> <span class='ocrx_word' id='word_1_289' title='bbox 1328 2810 1814 2882; x_wconf 83' lang='grc' dir='ltr'>παραπτωμάτων,</span> 
     </span>
    </p>
   </div>
   <div class='ocr_carea' id='block_1_45' title="bbox 228 2886 1800 2972">
    <p class='ocr_par' dir='ltr' id='par_1_45' title="bbox 228 2886 1800 2972">
     <span class='ocr_line' id='line_1_45' title="bbox 228 2886 1800 2972; baseline -0.005 -15"><span class='ocrx_word' id='word_1_290' title='bbox 228 2906 323 2957; x_wconf 82' lang='grc' dir='ltr'>καί</span> <span class='ocrx_word' id='word_1_291' title='bbox 356 2901 470 2955; x_wconf 85' lang='grc' dir='ltr'><strong>τῶν</strong></span> <span class='ocrx_word' id='word_1_292' title='bbox 508 2903 574 2955; x_wconf 85' lang='grc' dir='ltr'><strong>ἐκ</strong></span> <span class='ocrx_word' id='word_1_293' title='bbox 595 2902 845 2972; x_wconf 83' lang='grc' dir='ltr'>νεότητος</span> <span class='ocrx_word' id='word_1_294' title='bbox 885 2899 1211 2971; x_wconf 77' lang='grc' dir='ltr'>συμὸἀντων</span> <span class='ocrx_word' id='word_1_295' title='bbox 1244 2897 1395 2970; x_wconf 84' lang='grc' dir='ltr'><strong>αύτῷ</strong></span> <span class='ocrx_word' id='word_1_296' title='bbox 1435 2886 1763 2969; x_wconf 72' lang='grc' dir='ltr'>πειρασμῶν</span> <span class='ocrx_word' id='word_1_297' title='bbox 1785 2914 1800 2929; x_wconf 76' lang='grc' dir='ltr'><strong><em>ο</em></strong></span> 
     </span>
    </p>
   </div>
   <div class='ocr_carea' id='block_1_46' title="bbox 227 2988 1812 3061">
    <p class='ocr_par' dir='ltr' id='par_1_46' title="bbox 227 2988 1812 3061">
     <span class='ocr_line' id='line_1_46' title="bbox 227 2988 1812 3061; baseline -0.001 -19"><span class='ocrx_word' id='word_1_298' title='bbox 227 2992 320 3042; x_wconf 68' lang='grc' dir='ltr'>καὶ</span> <span class='ocrx_word' id='word_1_299' title='bbox 338 2988 462 3053; x_wconf 86' lang='grc' dir='ltr'><strong>πῶς</strong></span> <span class='ocrx_word' id='word_1_300' title='bbox 479 2989 694 3043; x_wconf 83' lang='grc' dir='ltr'>πάντων</span> <span class='ocrx_word' id='word_1_301' title='bbox 712 2989 933 3042; x_wconf 83' lang='grc' dir='ltr'>ἐκείνων</span> <span class='ocrx_word' id='word_1_302' title='bbox 950 2988 1221 3061; x_wconf 72' lang='grc' dir='ltr'>ὲῤῥύσατο</span> <span class='ocrx_word' id='word_1_303' title='bbox 1242 2988 1407 3043; x_wconf 81' lang='grc' dir='ltr'>αὑτὸν</span> <span class='ocrx_word' id='word_1_304' title='bbox 1424 2989 1451 3041; x_wconf 88' lang='grc' dir='ltr'>ὁ</span> <span class='ocrx_word' id='word_1_305' title='bbox 1469 2988 1694 3059; x_wconf 83' lang='grc' dir='ltr'>Κύριος,</span> <span class='ocrx_word' id='word_1_306' title='bbox 1716 2988 1812 3043; x_wconf 78' lang='grc' dir='ltr'>καὶ</span> 
     </span>
    </p>
   </div>
   <div class='ocr_carea' id='block_1_47' title="bbox 232 3079 1814 3153">
    <p class='ocr_par' dir='ltr' id='par_1_47' title="bbox 232 3079 1814 3153">
     <span class='ocr_line' id='line_1_47' title="bbox 232 3079 1814 3153; baseline -0.002 -17"><span class='ocrx_word' id='word_1_307' title='bbox 232 3084 575 3153; x_wconf 79' lang='grc' dir='ltr'>μετέστησεν</span> <span class='ocrx_word' id='word_1_308' title='bbox 623 3083 730 3135; x_wconf 85' lang='grc' dir='ltr'>ἀπὸ</span> <span class='ocrx_word' id='word_1_309' title='bbox 775 3082 875 3153; x_wconf 81' lang='grc' dir='ltr'>τῆς</span> <span class='ocrx_word' id='word_1_310' title='bbox 916 3081 1199 3151; x_wconf 80' lang='grc' dir='ltr'>ἐμπαθοῢς</span> <span class='ocrx_word' id='word_1_311' title='bbox 1233 3082 1401 3151; x_wconf 80' lang='grc' dir='ltr'>ζωῆς,</span> <span class='ocrx_word' id='word_1_312' title='bbox 1436 3082 1516 3143; x_wconf 81' lang='grc' dir='ltr'><strong>είς</strong></span> <span class='ocrx_word' id='word_1_313' title='bbox 1547 3080 1637 3133; x_wconf 82' lang='grc' dir='ltr'>τὸν</span> <span class='ocrx_word' id='word_1_314' title='bbox 1671 3079 1814 3133; x_wconf 84' lang='grc' dir='ltr'>κατὰ</span> 
     </span>
    </p>
   </div>
   <div class='ocr_carea' id='block_1_48' title="bbox 227 3169 1816 3244">
    <p class='ocr_par' dir='ltr' id='par_1_48' title="bbox 227 3169 1816 3244">
     <span class='ocr_line' id='line_1_48' title="bbox 227 3169 1816 3244; baseline -0.004 -16"><span class='ocrx_word' id='word_1_315' title='bbox 227 3174 367 3228; x_wconf 81' lang='grc' dir='ltr'>Θεὸν</span> <span class='ocrx_word' id='word_1_316' title='bbox 415 3173 529 3244; x_wconf 85' lang='grc' dir='ltr'>βίον</span> <span class='ocrx_word' id='word_1_317' title='bbox 552 3190 566 3202; x_wconf 90' lang='grc'><strong>·</strong></span> <span class='ocrx_word' id='word_1_318' title='bbox 599 3173 696 3226; x_wconf 73' lang='grc' dir='ltr'>καὶ</span> <span class='ocrx_word' id='word_1_319' title='bbox 731 3174 828 3227; x_wconf 82' lang='grc' dir='ltr'>σὺν</span> <span class='ocrx_word' id='word_1_320' title='bbox 859 3172 937 3243; x_wconf 88' lang='grc' dir='ltr'>τῷ</span> <span class='ocrx_word' id='word_1_321' title='bbox 971 3173 1142 3244; x_wconf 75' lang='grc' dir='ltr'>φόϐῳ,</span> <span class='ocrx_word' id='word_1_322' title='bbox 1193 3171 1678 3244; x_wconf 83' lang='grc' dir='ltr'>προσ).αμ6άνεται</span> <span class='ocrx_word' id='word_1_323' title='bbox 1720 3169 1816 3222; x_wconf 75' lang='grc' dir='ltr'>καὶ</span> 
     </span>
    </p>
   </div>
   <div class='ocr_carea' id='block_1_49' title="bbox 1916 1982 3499 2063">
    <p class='ocr_par' dir='ltr' id='par_1_49' title="bbox 1916 1982 3499 2063">
     <span class='ocr_line' id='line_1_49' title="bbox 1916 1982 3499 2063; baseline 0.008 -27"><span class='ocrx_word' id='word_1_324' title='bbox 1916 1982 2245 2039; x_wconf 87' lang='lat' dir='ltr'><strong>cbaritatem</strong></span> <span class='ocrx_word' id='word_1_325' title='bbox 2289 1985 2507 2041; x_wconf 81' lang='lat' dir='ltr'><strong>amatur</strong></span> <span class='ocrx_word' id='word_1_326' title='bbox 2546 1987 2610 2051; x_wconf 73' lang='lat'><strong>“,</strong></span> <span class='ocrx_word' id='word_1_327' title='bbox 2637 1999 2834 2044; x_wconf 90' lang='lat' dir='ltr'><strong>nactus</strong></span> <span class='ocrx_word' id='word_1_328' title='bbox 2860 1998 2964 2053; x_wconf 89' lang='lat' dir='ltr'><strong>est,</strong></span> <span class='ocrx_word' id='word_1_329' title='bbox 3008 1992 3180 2047; x_wconf 89' lang='lat' dir='ltr'><strong>altum</strong></span> <span class='ocrx_word' id='word_1_330' title='bbox 3224 1993 3385 2063; x_wconf 88' lang='lat' dir='ltr'><strong>sapit,</strong></span> <span class='ocrx_word' id='word_1_331' title='bbox 3426 1994 3499 2048; x_wconf 93' lang='lat' dir='ltr'><strong>ob</strong></span> 
     </span>
    </p>
   </div>
   <div class='ocr_carea' id='block_1_50' title="bbox 1915 2076 3499 2153">
    <p class='ocr_par' dir='ltr' id='par_1_50' title="bbox 1915 2076 3499 2153">
     <span class='ocr_line' id='line_1_50' title="bbox 1915 2076 3499 2153; baseline 0.007 -24"><span class='ocrx_word' id='word_1_332' title='bbox 1915 2087 1980 2128; x_wconf 86' lang='lat' dir='ltr'><strong>ea</strong></span> <span class='ocrx_word' id='word_1_333' title='bbox 2008 2091 2130 2144; x_wconf 65' lang='lat' dir='ltr'><strong>quae</strong></span> <span class='ocrx_word' id='word_1_334' title='bbox 2168 2076 2240 2131; x_wconf 89' lang='lat' dir='ltr'><strong>ab</strong></span> <span class='ocrx_word' id='word_1_335' title='bbox 2271 2077 2366 2132; x_wconf 89' lang='lat' dir='ltr'><strong>illo</strong></span> <span class='ocrx_word' id='word_1_336' title='bbox 2406 2078 2494 2148; x_wconf 86' lang='lat' dir='ltr'><strong>pie</strong></span> <span class='ocrx_word' id='word_1_337' title='bbox 2522 2093 2589 2133; x_wconf 92' lang='lat' dir='ltr'><strong>ac</strong></span> <span class='ocrx_word' id='word_1_338' title='bbox 2624 2080 2883 2151; x_wconf 82' lang='lat' dir='ltr'><strong>religiose</strong></span> <span class='ocrx_word' id='word_1_339' title='bbox 2928 2091 3191 2153; x_wconf 90' lang='lat' dir='ltr'><strong>aguntur.</strong></span> <span class='ocrx_word' id='word_1_340' title='bbox 3233 2084 3337 2151; x_wconf 86' lang='lat' dir='ltr'><strong>Qui</strong></span> <span class='ocrx_word' id='word_1_341' title='bbox 3365 2101 3499 2140; x_wconf 88' lang='lat' dir='ltr'><strong>vero</strong></span> 
     </span>
    </p>
   </div>
   <div class='ocr_carea' id='block_1_51' title="bbox 1916 2164 3501 2246">
    <p class='ocr_par' dir='ltr' id='par_1_51' title="bbox 1916 2164 3501 2246">
     <span class='ocr_line' id='line_1_51' title="bbox 1916 2164 3501 2246; baseline 0.008 -27"><span class='ocrx_word' id='word_1_342' title='bbox 1916 2164 2062 2221; x_wconf 85' lang='lat' dir='ltr'><strong>hanc</strong></span> <span class='ocrx_word' id='word_1_343' title='bbox 2092 2169 2358 2238; x_wconf 86' lang='lat' dir='ltr'><strong>consequi</strong></span> <span class='ocrx_word' id='word_1_344' title='bbox 2400 2171 2624 2234; x_wconf 89' lang='lat' dir='ltr'><strong>meruit,</strong></span> <span class='ocrx_word' id='word_1_345' title='bbox 2657 2172 2825 2226; x_wconf 88' lang='lat' dir='ltr'><strong>verba</strong></span> <span class='ocrx_word' id='word_1_346' title='bbox 2860 2172 2953 2228; x_wconf 88' lang='lat' dir='ltr'><strong>illa</strong></span> <span class='ocrx_word' id='word_1_347' title='bbox 2996 2174 3230 2230; x_wconf 72' lang='lat' dir='ltr'><strong>Abrahte</strong></span> <span class='ocrx_word' id='word_1_348' title='bbox 3270 2177 3501 2246; x_wconf 87' lang='lat' dir='ltr'><strong>patriar-</strong></span> 
     </span>
    </p>
   </div>
   <div class='ocr_carea' id='block_1_52' title="bbox 1916 2255 3500 2335">
    <p class='ocr_par' dir='ltr' id='par_1_52' title="bbox 1916 2255 3500 2335">
     <span class='ocr_line' id='line_1_52' title="bbox 1916 2255 3500 2335; baseline 0.009 -26"><span class='ocrx_word' id='word_1_349' title='bbox 1916 2255 2053 2321; x_wconf 79' lang='lat' dir='ltr'><strong>chae,</strong></span> <span class='ocrx_word' id='word_1_350' title='bbox 2078 2271 2203 2312; x_wconf 91' lang='lat' dir='ltr'><strong>cum</strong></span> <span class='ocrx_word' id='word_1_351' title='bbox 2231 2258 2417 2315; x_wconf 88' lang='lat' dir='ltr'><strong>divina</strong></span> <span class='ocrx_word' id='word_1_352' title='bbox 2448 2261 2792 2331; x_wconf 88' lang='lat' dir='ltr'><strong>apparitione</strong></span> <span class='ocrx_word' id='word_1_353' title='bbox 2814 2262 3069 2335; x_wconf 87' lang='lat' dir='ltr'><strong>dignatus</strong></span> <span class='ocrx_word' id='word_1_354' title='bbox 3092 2275 3199 2331; x_wconf 89' lang='lat' dir='ltr'><strong>est,</strong></span> <span class='ocrx_word' id='word_1_355' title='bbox 3219 2284 3287 2323; x_wconf 79' lang='lat' dir='ltr'><strong>ex</strong></span> <span class='ocrx_word' id='word_1_356' title='bbox 3312 2269 3500 2323; x_wconf 90' lang='lat' dir='ltr'><strong>animo</strong></span> 
     </span>
    </p>
   </div>
   <div class='ocr_carea' id='block_1_53' title="bbox 1916 2347 2965 2422">
    <p class='ocr_par' dir='ltr' id='par_1_53' title="bbox 1916 2347 2965 2422">
     <span class='ocr_line' id='line_1_53' title="bbox 1916 2347 2965 2422; baseline 0.008 -21"><span class='ocrx_word' id='word_1_357' title='bbox 1916 2347 2128 2417; x_wconf 88' lang='lat' dir='ltr'><strong>profert</strong></span> <span class='ocrx_word' id='word_1_358' title='bbox 2154 2367 2167 2403; x_wconf 90' lang='lat'><strong>:</strong></span> <span class='ocrx_word' id='word_1_359' title='bbox 2204 2350 2319 2422; x_wconf 90' lang='lat' dir='ltr'><strong>Ego</strong></span> <span class='ocrx_word' id='word_1_360' title='bbox 2346 2368 2466 2405; x_wconf 80' lang='lat' dir='ltr'><strong>sum</strong></span> <span class='ocrx_word' id='word_1_361' title='bbox 2493 2358 2638 2405; x_wconf 83' lang='lat' dir='ltr'><strong>terra</strong></span> <span class='ocrx_word' id='word_1_362' title='bbox 2669 2362 2719 2407; x_wconf 84' lang='lat' dir='ltr'><strong>et</strong></span> <span class='ocrx_word' id='word_1_363' title='bbox 2742 2354 2873 2408; x_wconf 77' lang='lat' dir='ltr'><strong>cinis</strong></span> <span class='ocrx_word' id='word_1_364' title='bbox 2900 2354 2965 2410; x_wconf 83' lang='grc'><strong>¹⁸.</strong></span> 
     </span>
    </p>
   </div>
   <div class='ocr_carea' id='block_1_54' title="bbox 1986 2437 3556 2506">
    <p class='ocr_par' dir='ltr' id='par_1_54' title="bbox 1986 2437 3556 2506">
     <span class='ocr_line' id='line_1_54' title="bbox 1986 2437 3556 2506; baseline 0.007 -13"><span class='ocrx_word' id='word_1_365' title='bbox 1986 2437 2075 2493; x_wconf 68' lang='grc'>48.</span> <span class='ocrx_word' id='word_1_366' title='bbox 2114 2437 2220 2506; x_wconf 89' lang='lat' dir='ltr'><strong>Qui</strong></span> <span class='ocrx_word' id='word_1_367' title='bbox 2253 2441 2409 2496; x_wconf 88' lang='lat' dir='ltr'><strong>timet</strong></span> <span class='ocrx_word' id='word_1_368' title='bbox 2446 2441 2763 2506; x_wconf 89' lang='lat' dir='ltr'><strong>Dominum,</strong></span> <span class='ocrx_word' id='word_1_369' title='bbox 2794 2443 3026 2500; x_wconf 86' lang='lat' dir='ltr'><strong>modesti</strong></span> <span class='ocrx_word' id='word_1_370' title='bbox 3067 2447 3234 2501; x_wconf 90' lang='lat' dir='ltr'><strong>animi</strong></span> <span class='ocrx_word' id='word_1_371' title='bbox 3274 2464 3497 2504; x_wconf 90' lang='lat' dir='ltr'><strong>sensum</strong></span> <span class='ocrx_word' id='word_1_372' title='bbox 3554 2475 3556 2477; x_wconf 46' lang='grc'>&gt;</span> 
     </span>
    </p>
   </div>
   <div class='ocr_carea' id='block_1_55' title="bbox 1919 2530 3497 2605">
    <p class='ocr_par' dir='ltr' id='par_1_55' title="bbox 1919 2530 3497 2605">
     <span class='ocr_line' id='line_1_55' title="bbox 1919 2530 3497 2605; baseline 0.008 -21"><span class='ocrx_word' id='word_1_373' title='bbox 1919 2530 1997 2601; x_wconf 93' lang='lat' dir='ltr'><strong>(id</strong></span> <span class='ocrx_word' id='word_1_374' title='bbox 2025 2540 2132 2597; x_wconf 90' lang='lat' dir='ltr'><strong>est,</strong></span> <span class='ocrx_word' id='word_1_375' title='bbox 2153 2532 2544 2605; x_wconf 86' lang='lat' dir='ltr'><strong>humilitatem)</strong></span> <span class='ocrx_word' id='word_1_376' title='bbox 2570 2549 2790 2604; x_wconf 86' lang='lat' dir='ltr'><strong>semper</strong></span> <span class='ocrx_word' id='word_1_377' title='bbox 2822 2537 3275 2594; x_wconf 84' lang='lat' dir='ltr'><strong>contubernalem</strong></span> <span class='ocrx_word' id='word_1_378' title='bbox 3307 2540 3497 2605; x_wconf 86' lang='lat' dir='ltr'><strong>habet.</strong></span> 
     </span>
    </p>
   </div>
   <div class='ocr_carea' id='block_1_56' title="bbox 1916 2626 3499 2701">
    <p class='ocr_par' dir='ltr' id='par_1_56' title="bbox 1916 2626 3499 2701">
     <span class='ocr_line' id='line_1_56' title="bbox 1916 2626 3499 2701; baseline 0.007 -25"><span class='ocrx_word' id='word_1_379' title='bbox 1916 2638 2124 2693; x_wconf 88' lang='lat' dir='ltr'><strong>perque</strong></span> <span class='ocrx_word' id='word_1_380' title='bbox 2175 2626 2297 2696; x_wconf 84' lang='lat' dir='ltr'><strong>ejus</strong></span> <span class='ocrx_word' id='word_1_381' title='bbox 2348 2626 2537 2682; x_wconf 90' lang='lat' dir='ltr'><strong>animo</strong></span> <span class='ocrx_word' id='word_1_382' title='bbox 2581 2628 2941 2684; x_wconf 85' lang='lat' dir='ltr'><strong>obversantes</strong></span> <span class='ocrx_word' id='word_1_383' title='bbox 2997 2630 3383 2701; x_wconf 82' lang='lat' dir='ltr'><strong>cogitationes,</strong></span> <span class='ocrx_word' id='word_1_384' title='bbox 3429 2632 3499 2687; x_wconf 92' lang='lat' dir='ltr'><strong>ad</strong></span> 
     </span>
    </p>
   </div>
   <div class='ocr_carea' id='block_1_57' title="bbox 1916 2709 3497 2785">
    <p class='ocr_par' dir='ltr' id='par_1_57' title="bbox 1916 2709 3497 2785">
     <span class='ocr_line' id='line_1_57' title="bbox 1916 2709 3497 2785; baseline 0.006 -22"><span class='ocrx_word' id='word_1_385' title='bbox 1916 2709 2157 2765; x_wconf 87' lang='lat' dir='ltr'><strong>divinam</strong></span> <span class='ocrx_word' id='word_1_386' title='bbox 2206 2711 2533 2769; x_wconf 87' lang='lat' dir='ltr'><strong>charitatem</strong></span> <span class='ocrx_word' id='word_1_387' title='bbox 2582 2722 2640 2769; x_wconf 89' lang='lat' dir='ltr'><strong>et</strong></span> <span class='ocrx_word' id='word_1_388' title='bbox 2683 2715 2985 2785; x_wconf 79' lang='lat' dir='ltr'><strong>gratiarum</strong></span> <span class='ocrx_word' id='word_1_389' title='bbox 3018 2718 3291 2773; x_wconf 89' lang='lat' dir='ltr'><strong>actionem</strong></span> <span class='ocrx_word' id='word_1_390' title='bbox 3327 2720 3497 2775; x_wconf 86' lang='lat' dir='ltr'><strong>venit.</strong></span> 
     </span>
    </p>
   </div>
   <div class='ocr_carea' id='block_1_58' title="bbox 1917 2804 3502 2876">
    <p class='ocr_par' dir='ltr' id='par_1_58' title="bbox 1917 2804 3502 2876">
     <span class='ocr_line' id='line_1_58' title="bbox 1917 2804 3502 2876; baseline 0.005 -18"><span class='ocrx_word' id='word_1_391' title='bbox 1917 2804 2168 2859; x_wconf 73' lang='lat' dir='ltr'><strong>Meminit</strong></span> <span class='ocrx_word' id='word_1_392' title='bbox 2209 2805 2358 2859; x_wconf 89' lang='lat' dir='ltr'><strong>enim</strong></span> <span class='ocrx_word' id='word_1_393' title='bbox 2402 2806 2607 2876; x_wconf 87' lang='lat' dir='ltr'><strong>prioris</strong></span> <span class='ocrx_word' id='word_1_394' title='bbox 2641 2820 2754 2862; x_wconf 63' lang='lat' dir='ltr'><strong>suae</strong></span> <span class='ocrx_word' id='word_1_395' title='bbox 2790 2824 2857 2863; x_wconf 84' lang='lat' dir='ltr'><strong>ex</strong></span> <span class='ocrx_word' id='word_1_396' title='bbox 2892 2810 3076 2864; x_wconf 72' lang='lat' dir='ltr'><strong>saeculi</strong></span> <span class='ocrx_word' id='word_1_397' title='bbox 3109 2826 3212 2865; x_wconf 88' lang='lat' dir='ltr'><strong>usu</strong></span> <span class='ocrx_word' id='word_1_398' title='bbox 3238 2812 3385 2876; x_wconf 74' lang='lat' dir='ltr'><strong>vitae,</strong></span> <span class='ocrx_word' id='word_1_399' title='bbox 3415 2810 3502 2866; x_wconf 86' lang='lat' dir='ltr'><strong>di-</strong></span> 
     </span>
    </p>
   </div>
   <div class='ocr_carea' id='block_1_59' title="bbox 1918 2903 3498 2968">
    <p class='ocr_par' dir='ltr' id='par_1_59' title="bbox 1918 2903 3498 2968">
     <span class='ocr_line' id='line_1_59' title="bbox 1918 2903 3498 2968; baseline 0.006 -21"><span class='ocrx_word' id='word_1_400' title='bbox 1918 2910 2314 2966; x_wconf 86' lang='lat' dir='ltr'><strong>versorumque</strong></span> <span class='ocrx_word' id='word_1_401' title='bbox 2366 2905 2706 2964; x_wconf 90' lang='lat' dir='ltr'><strong>erratorum,</strong></span> <span class='ocrx_word' id='word_1_402' title='bbox 2758 2914 2823 2954; x_wconf 90' lang='lat' dir='ltr'><strong>ac</strong></span> <span class='ocrx_word' id='word_1_403' title='bbox 2862 2914 3056 2955; x_wconf 89' lang='lat' dir='ltr'><strong>earum</strong></span> <span class='ocrx_word' id='word_1_404' title='bbox 3108 2903 3498 2968; x_wconf 82' lang='lat' dir='ltr'><strong>tentationum,</strong></span> 
     </span>
    </p>
   </div>
   <div class='ocr_carea' id='block_1_60' title="bbox 1917 2988 3499 3062">
    <p class='ocr_par' dir='ltr' id='par_1_60' title="bbox 1917 2988 3499 3062">
     <span class='ocr_line' id='line_1_60' title="bbox 1917 2988 3499 3062; baseline 0.007 -24"><span class='ocrx_word' id='word_1_405' title='bbox 1917 3001 2040 3055; x_wconf 69' lang='lat' dir='ltr'><strong>qua:</strong></span> <span class='ocrx_word' id='word_1_406' title='bbox 2071 3002 2102 3039; x_wconf 91' lang='lat' dir='ltr'><strong>a</strong></span> <span class='ocrx_word' id='word_1_407' title='bbox 2143 2988 2436 3057; x_wconf 74' lang='lat' dir='ltr'><strong>juVentute</strong></span> <span class='ocrx_word' id='word_1_408' title='bbox 2477 2988 2556 3044; x_wconf 90' lang='lat' dir='ltr'><strong>illi</strong></span> <span class='ocrx_word' id='word_1_409' title='bbox 2600 2990 2924 3047; x_wconf 89' lang='lat' dir='ltr'><strong>acciderunt</strong></span> <span class='ocrx_word' id='word_1_410' title='bbox 2966 3009 2980 3044; x_wconf 91' lang='lat'><strong>:</strong></span> <span class='ocrx_word' id='word_1_411' title='bbox 3029 2994 3307 3062; x_wconf 88' lang='lat' dir='ltr'><strong>quomodo</strong></span> <span class='ocrx_word' id='word_1_412' title='bbox 3331 2996 3499 3049; x_wconf 91' lang='lat' dir='ltr'><strong>etiam</strong></span> 
     </span>
    </p>
   </div>
   <div class='ocr_carea' id='block_1_61' title="bbox 1917 3076 3499 3153">
    <p class='ocr_par' dir='ltr' id='par_1_61' title="bbox 1917 3076 3499 3153">
     <span class='ocr_line' id='line_1_61' title="bbox 1917 3076 3499 3153; baseline 0.004 -22"><span class='ocrx_word' id='word_1_413' title='bbox 1917 3076 2183 3131; x_wconf 89' lang='lat' dir='ltr'><strong>Dominus</strong></span> <span class='ocrx_word' id='word_1_414' title='bbox 2219 3078 2288 3132; x_wconf 91' lang='lat' dir='ltr'><strong>ab</strong></span> <span class='ocrx_word' id='word_1_415' title='bbox 2321 3078 2409 3132; x_wconf 90' lang='lat' dir='ltr'><strong>his</strong></span> <span class='ocrx_word' id='word_1_416' title='bbox 2445 3079 2703 3135; x_wconf 89' lang='lat' dir='ltr'><strong>omnibus</strong></span> <span class='ocrx_word' id='word_1_417' title='bbox 2738 3094 2866 3134; x_wconf 91' lang='lat' dir='ltr'><strong>eum</strong></span> <span class='ocrx_word' id='word_1_418' title='bbox 2905 3078 3245 3146; x_wconf 87' lang='lat' dir='ltr'><strong>liberaverit,</strong></span> <span class='ocrx_word' id='word_1_419' title='bbox 3272 3092 3435 3153; x_wconf 86' lang='lat' dir='ltr'><strong>atque</strong></span> <span class='ocrx_word' id='word_1_420' title='bbox 3467 3100 3499 3138; x_wconf 90' lang='lat' dir='ltr'><strong>a</strong></span> 
     </span>
    </p>
   </div>
   <div class='ocr_carea' id='block_1_62' title="bbox 1917 3168 3497 3242">
    <p class='ocr_par' dir='ltr' id='par_1_62' title="bbox 1917 3168 3497 3242">
     <span class='ocr_line' id='line_1_62' title="bbox 1917 3168 3497 3242; baseline 0.008 -20"><span class='ocrx_word' id='word_1_421' title='bbox 1917 3168 2030 3223; x_wconf 77' lang='lat' dir='ltr'><strong>vita</strong></span> <span class='ocrx_word' id='word_1_422' title='bbox 2062 3169 2360 3226; x_wconf 90' lang='lat' dir='ltr'><strong>libidinosa</strong></span> <span class='ocrx_word' id='word_1_423' title='bbox 2388 3171 2651 3242; x_wconf 88' lang='lat' dir='ltr'><strong>vitiisque</strong></span> <span class='ocrx_word' id='word_1_424' title='bbox 2679 3172 2888 3238; x_wconf 87' lang='lat' dir='ltr'><strong>dedita,</strong></span> <span class='ocrx_word' id='word_1_425' title='bbox 2928 3174 2997 3229; x_wconf 90' lang='lat' dir='ltr'><strong>ad</strong></span> <span class='ocrx_word' id='word_1_426' title='bbox 3032 3191 3152 3230; x_wconf 90' lang='lat' dir='ltr'><strong>eam</strong></span> <span class='ocrx_word' id='word_1_427' title='bbox 3194 3180 3497 3234; x_wconf 84' lang='lat' dir='ltr'><strong>transtule-</strong></span> 
     </span>
    </p>
   </div>
   <div class='ocr_carea' id='block_1_63' title="bbox 182 3243 1815 3335">
    <p class='ocr_par' dir='ltr' id='par_1_63' title="bbox 182 3243 1814 3335">
     <span class='ocr_line' id='line_1_63' title="bbox 182 3243 1814 3335; baseline -0.003 -17"><span class='ocrx_word' id='word_1_428' title='bbox 182 3300 185 3303; x_wconf 96' lang='lat'><strong><em>-</em></strong></span> <span class='ocrx_word' id='word_1_429' title='bbox 227 3267 330 3335; x_wconf 82' lang='grc' dir='ltr'>τὴν</span> <span class='ocrx_word' id='word_1_430' title='bbox 376 3265 622 3334; x_wconf 79' lang='grc' dir='ltr'>ἀγάπην,</span> <span class='ocrx_word' id='word_1_431' title='bbox 654 3264 993 3335; x_wconf 81' lang='grc' dir='ltr'>εὐχαριστῶν</span> <span class='ocrx_word' id='word_1_432' title='bbox 1019 3243 1108 3317; x_wconf 67' lang='grc' dir='ltr'><strong>ἀεὶ</strong></span> <span class='ocrx_word' id='word_1_433' title='bbox 1140 3243 1278 3333; x_wconf 86' lang='grc' dir='ltr'><strong>μετά</strong></span> <span class='ocrx_word' id='word_1_434' title='bbox 1306 3259 1814 3333; x_wconf 84' lang='grc' dir='ltr'>ταπεινοφροσύνης</span> 
     </span>
    </p>
   </div>
   <div class='ocr_carea' id='block_1_64' title="bbox 1920 3243 3495 3335">
    <p class='ocr_par' dir='ltr' id='par_1_64' title="bbox 1920 3259 3495 3334">
     <span class='ocr_line' id='line_1_64' title="bbox 1920 3259 3495 3334; baseline 0.009 -23"><span class='ocrx_word' id='word_1_435' title='bbox 1920 3259 2016 3325; x_wconf 91' lang='lat' dir='ltr'><strong>rit,</strong></span> <span class='ocrx_word' id='word_1_436' title='bbox 2065 3276 2186 3330; x_wconf 70' lang='lat' dir='ltr'><strong>qum</strong></span> <span class='ocrx_word' id='word_1_437' title='bbox 2227 3261 2337 3331; x_wconf 92' lang='lat' dir='ltr'><strong>piis</strong></span> <span class='ocrx_word' id='word_1_438' title='bbox 2384 3278 2449 3318; x_wconf 91' lang='lat' dir='ltr'><strong>ac</strong></span> <span class='ocrx_word' id='word_1_439' title='bbox 2492 3262 2768 3334; x_wconf 76' lang='lat' dir='ltr'><strong>religiosis</strong></span> <span class='ocrx_word' id='word_1_440' title='bbox 2801 3264 3054 3319; x_wconf 88' lang='lat' dir='ltr'><strong>moribus</strong></span> <span class='ocrx_word' id='word_1_441' title='bbox 3092 3266 3343 3322; x_wconf 91' lang='lat' dir='ltr'><strong>instituta</strong></span> <span class='ocrx_word' id='word_1_442' title='bbox 3384 3269 3495 3325; x_wconf 88' lang='lat' dir='ltr'><strong>sit:</strong></span> 
     </span>
    </p>
   </div>
   <div class='ocr_carea' id='block_1_65' title="bbox 226 3350 1814 3429">
    <p class='ocr_par' dir='ltr' id='par_1_65' title="bbox 226 3350 1814 3429">
     <span class='ocr_line' id='line_1_65' title="bbox 226 3350 1814 3429; baseline -0.004 -19"><span class='ocrx_word' id='word_1_443' title='bbox 226 3356 441 3427; x_wconf 78' lang='grc' dir='ltr'>πολλῆς</span> <span class='ocrx_word' id='word_1_444' title='bbox 465 3356 545 3427; x_wconf 87' lang='grc' dir='ltr'>τῷ</span> <span class='ocrx_word' id='word_1_445' title='bbox 573 3355 961 3429; x_wconf 76' lang='grc' dir='ltr'>εὐεργέτῃ,καὶ</span> <span class='ocrx_word' id='word_1_446' title='bbox 996 3354 1305 3427; x_wconf 75' lang='grc' dir='ltr'>κυϐερνήτῃ</span> <span class='ocrx_word' id='word_1_447' title='bbox 1335 3356 1435 3426; x_wconf 77' lang='grc' dir='ltr'>τῆς</span> <span class='ocrx_word' id='word_1_448' title='bbox 1462 3355 1607 3423; x_wconf 80' lang='grc' dir='ltr'>ζωῆς</span> <span class='ocrx_word' id='word_1_449' title='bbox 1635 3350 1814 3424; x_wconf 75' lang='grc' dir='ltr'>ἡμῶν.</span> 
     </span>
    </p>
   </div>
   <div class='ocr_carea' id='block_1_66' title="bbox 1924 3350 3496 3421">
    <p class='ocr_par' dir='ltr' id='par_1_66' title="bbox 1924 3350 3496 3421">
     <span class='ocr_line' id='line_1_66' title="bbox 1924 3350 3496 3421; baseline 0.004 -16"><span class='ocrx_word' id='word_1_450' title='bbox 1924 3350 2208 3421; x_wconf 87' lang='lat' dir='ltr'><strong>ipsamque</strong></span> <span class='ocrx_word' id='word_1_451' title='bbox 2266 3352 2593 3408; x_wconf 84' lang='lat' dir='ltr'><strong>cbaritatem</strong></span> <span class='ocrx_word' id='word_1_452' title='bbox 2643 3368 2768 3408; x_wconf 89' lang='lat' dir='ltr'><strong>cum</strong></span> <span class='ocrx_word' id='word_1_453' title='bbox 2826 3354 3021 3409; x_wconf 89' lang='lat' dir='ltr'><strong>timore</strong></span> <span class='ocrx_word' id='word_1_454' title='bbox 3064 3357 3317 3419; x_wconf 83' lang='lat' dir='ltr'><strong>assumit,</strong></span> <span class='ocrx_word' id='word_1_455' title='bbox 3370 3373 3496 3413; x_wconf 92' lang='lat' dir='ltr'><strong>cum</strong></span> 
     </span>
    </p>
   </div>
   <div class='ocr_carea' id='block_1_67' title="bbox 225 3446 3499 3521">
    <p class='ocr_par' dir='ltr' id='par_1_67' title="bbox 225 3446 3499 3521">
     <span class='ocr_line' id='line_1_67' title="bbox 225 3446 3499 3521; baseline 0 -16"><span class='ocrx_word' id='word_1_456' title='bbox 225 3466 431 3520; x_wconf 84' lang='lat' dir='ltr'><strong>magna</strong></span> <span class='ocrx_word' id='word_1_457' title='bbox 463 3466 661 3506; x_wconf 85' lang='lat' dir='ltr'><strong>sensus</strong></span> <span class='ocrx_word' id='word_1_458' title='bbox 704 3448 976 3504; x_wconf 88' lang='lat' dir='ltr'><strong>modestia</strong></span> <span class='ocrx_word' id='word_1_459' title='bbox 1015 3448 1094 3521; x_wconf 90' lang='lat' dir='ltr'><strong>(id</strong></span> <span class='ocrx_word' id='word_1_460' title='bbox 1138 3456 1242 3512; x_wconf 85' lang='lat' dir='ltr'><strong>est,</strong></span> <span class='ocrx_word' id='word_1_461' title='bbox 1279 3448 1613 3519; x_wconf 86' lang='lat' dir='ltr'><strong>humilitate)</strong></span> <span class='ocrx_word' id='word_1_462' title='bbox 1664 3446 2005 3504; x_wconf 89' lang='lat' dir='ltr'><strong>benefactori</strong></span> <span class='ocrx_word' id='word_1_463' title='bbox 2078 3461 2143 3499; x_wconf 91' lang='lat' dir='ltr'><strong>ac</strong></span> <span class='ocrx_word' id='word_1_464' title='bbox 2205 3446 2557 3516; x_wconf 88' lang='lat' dir='ltr'><strong>gubernatori</strong></span> <span class='ocrx_word' id='word_1_465' title='bbox 2616 3449 2743 3503; x_wconf 78' lang='lat' dir='ltr'><strong>vitae</strong></span> <span class='ocrx_word' id='word_1_466' title='bbox 2777 3455 2983 3503; x_wconf 72' lang='lat' dir='ltr'><strong>nostra:</strong></span> <span class='ocrx_word' id='word_1_467' title='bbox 3025 3463 3244 3518; x_wconf 88' lang='lat' dir='ltr'><strong>semper</strong></span> <span class='ocrx_word' id='word_1_468' title='bbox 3293 3450 3499 3520; x_wconf 76' lang='lat' dir='ltr'><strong>gratias</strong></span> 
     </span>
    </p>
   </div>
   <div class='ocr_carea' id='block_1_68' title="bbox 294 3558 427 3598">
    <p class='ocr_par' dir='ltr' id='par_1_68' title="bbox 294 3558 427 3598">
     <span class='ocr_line' id='line_1_68' title="bbox 294 3558 427 3598; baseline -0.015 0"><span class='ocrx_word' id='word_1_469' title='bbox 294 3558 427 3598; x_wconf 73' lang='lat'><strong>8118.</strong></span> 
     </span>
    </p>
   </div>
   <div class='ocr_carea' id='block_1_69' title="bbox 227 3559 1811 3704">
    <p class='ocr_par' dir='ltr' id='par_1_69' title="bbox 227 3559 1811 3704">
     <span class='ocr_line' id='line_1_69' title="bbox 227 3559 1811 3704; baseline -0.003 -16"><span class='ocrx_word' id='word_1_470' title='bbox 455 3633 547 3702; x_wconf 86' lang='grc' dir='ltr'><strong>Μὴ</strong></span> <span class='ocrx_word' id='word_1_471' title='bbox 579 3632 838 3704; x_wconf 77' lang='grc' dir='ltr'>ῥυπώσῃς</span> <span class='ocrx_word' id='word_1_472' title='bbox 865 3632 957 3687; x_wconf 84' lang='grc' dir='ltr'>τὸν</span> <span class='ocrx_word' id='word_1_473' title='bbox 1012 3630 1138 3686; x_wconf 82' lang='grc' dir='ltr'>νοῢν</span> <span class='ocrx_word' id='word_1_474' title='bbox 1171 3650 1288 3697; x_wconf 92' lang='grc' dir='ltr'>σου,</span> <span class='ocrx_word' id='word_1_475' title='bbox 1313 3631 1592 3702; x_wconf 83' lang='grc' dir='ltr'>λογισμῶν</span> <span class='ocrx_word' id='word_1_476' title='bbox 1620 3630 1811 3701; x_wconf 85' lang='grc' dir='ltr'>ἀνεχό-</span> 
     </span>
    </p>
   </div>
   <div class='ocr_carea' id='block_1_70' title="bbox 231 3723 1815 3796">
    <p class='ocr_par' dir='ltr' id='par_1_70' title="bbox 231 3723 1815 3796">
     <span class='ocr_line' id='line_1_70' title="bbox 231 3723 1815 3796; baseline -0.003 -16"><span class='ocrx_word' id='word_1_477' title='bbox 231 3743 400 3796; x_wconf 87' lang='grc' dir='ltr'>μενος</span> <span class='ocrx_word' id='word_1_478' title='bbox 450 3724 747 3796; x_wconf 71' lang='grc' dir='ltr'>ἐπιθυμίας</span> <span class='ocrx_word' id='word_1_479' title='bbox 790 3726 885 3778; x_wconf 82' lang='grc' dir='ltr'><strong>καὶ</strong></span> <span class='ocrx_word' id='word_1_480' title='bbox 931 3724 1128 3796; x_wconf 81' lang='grc' dir='ltr'>θυμοῦ,</span> <span class='ocrx_word' id='word_1_481' title='bbox 1180 3724 1267 3779; x_wconf 84' lang='grc' dir='ltr'><strong>ίνα</strong></span> <span class='ocrx_word' id='word_1_482' title='bbox 1314 3724 1389 3795; x_wconf 85' lang='grc' dir='ltr'>μὴ</span> <span class='ocrx_word' id='word_1_483' title='bbox 1417 3724 1519 3795; x_wconf 81' lang='grc' dir='ltr'>τῆς</span> <span class='ocrx_word' id='word_1_484' title='bbox 1564 3723 1815 3795; x_wconf 81' lang='grc' dir='ltr'>καθαρᾶς</span> 
     </span>
    </p>
   </div>
   <div class='ocr_carea' id='block_1_71' title="bbox 227 3812 1812 3888">
    <p class='ocr_par' dir='ltr' id='par_1_71' title="bbox 227 3812 1812 3888">
     <span class='ocr_line' id='line_1_71' title="bbox 227 3812 1812 3888; baseline -0.011 -5"><span class='ocrx_word' id='word_1_485' title='bbox 227 3815 550 3887; x_wconf 76' lang='grc' dir='ltr'><strong>προσευχῆς</strong></span> <span class='ocrx_word' id='word_1_486' title='bbox 590 3812 866 3885; x_wconf 75' lang='grc' dir='ltr'>ἐκπεσὼν,</span> <span class='ocrx_word' id='word_1_487' title='bbox 898 3814 978 3887; x_wconf 85' lang='grc' dir='ltr'><strong>τῷ</strong></span> <span class='ocrx_word' id='word_1_488' title='bbox 1009 3816 1108 3886; x_wconf 85' lang='grc' dir='ltr'>τῆς</span> <span class='ocrx_word' id='word_1_489' title='bbox 1137 3815 1369 3888; x_wconf 89' lang='grc' dir='ltr'>ἀκηδίας</span> <span class='ocrx_word' id='word_1_490' title='bbox 1408 3816 1685 3884; x_wconf 88' lang='grc' dir='ltr'>πνεύματι</span> <span class='ocrx_word' id='word_1_491' title='bbox 1712 3830 1812 3866; x_wconf 87' lang='grc' dir='ltr'>πε-</span> 
     </span>
    </p>
   </div>
   <div class='ocr_carea' id='block_1_72' title="bbox 227 3907 491 3981">
    <p class='ocr_par' dir='ltr' id='par_1_72' title="bbox 227 3907 491 3981">
     <span class='ocr_line' id='line_1_72' title="bbox 227 3907 491 3981; baseline -0.008 -18"><span class='ocrx_word' id='word_1_492' title='bbox 227 3907 491 3981; x_wconf 76' lang='grc' dir='ltr'>ριπιίσῃς.</span> 
     </span>
    </p>
   </div>
   <div class='ocr_carea' id='block_1_73' title="bbox 294 3997 1821 4071">
    <p class='ocr_par' dir='ltr' id='par_1_73' title="bbox 294 3997 1821 4071">
     <span class='ocr_line' id='line_1_73' title="bbox 294 3997 1821 4071; baseline -0.004 -17"><span class='ocrx_word' id='word_1_493' title='bbox 294 4008 368 4056; x_wconf 84' lang='grc' dir='ltr'><strong>ν’.</strong></span> <span class='ocrx_word' id='word_1_494' title='bbox 410 4000 487 4054; x_wconf 76' lang='grc' dir='ltr'><strong>Τὸ</strong></span> <span class='ocrx_word' id='word_1_495' title='bbox 531 3998 838 4071; x_wconf 78' lang='grc' dir='ltr'>τηνικαῦτα</span> <span class='ocrx_word' id='word_1_496' title='bbox 876 4001 907 4053; x_wconf 84' lang='grc' dir='ltr'><strong>ὁ</strong></span> <span class='ocrx_word' id='word_1_497' title='bbox 952 3999 1076 4065; x_wconf 80' lang='grc' dir='ltr'>νοῦς</span> <span class='ocrx_word' id='word_1_498' title='bbox 1113 4001 1213 4071; x_wconf 79' lang='grc' dir='ltr'>τῆς</span> <span class='ocrx_word' id='word_1_499' title='bbox 1259 3998 1397 4069; x_wconf 84' lang='grc' dir='ltr'>πρὸς</span> <span class='ocrx_word' id='word_1_500' title='bbox 1429 3997 1564 4050; x_wconf 79' lang='grc' dir='ltr'>Θεὸν</span> <span class='ocrx_word' id='word_1_501' title='bbox 1607 3998 1821 4067; x_wconf 79' lang='grc' dir='ltr'>παρῤη-</span> 
     </span>
    </p>
   </div>
   <div class='ocr_carea' id='block_1_74' title="bbox 228 4088 1815 4163">
    <p class='ocr_par' dir='ltr' id='par_1_74' title="bbox 228 4088 1815 4163">
     <span class='ocr_line' id='line_1_74' title="bbox 228 4088 1815 4163; baseline -0.001 -21"><span class='ocrx_word' id='word_1_502' title='bbox 228 4094 358 4158; x_wconf 80' lang='grc' dir='ltr'>σίας</span> <span class='ocrx_word' id='word_1_503' title='bbox 396 4092 680 4157; x_wconf 73' lang='grc' dir='ltr'>ἐκπίπτει,</span> <span class='ocrx_word' id='word_1_504' title='bbox 722 4090 959 4161; x_wconf 84' lang='grc' dir='ltr'>ὁπηνίκα</span> <span class='ocrx_word' id='word_1_505' title='bbox 998 4090 1318 4163; x_wconf 86' lang='grc' dir='ltr'>πονηροῖςῆ</span> <span class='ocrx_word' id='word_1_506' title='bbox 1354 4091 1617 4162; x_wconf 79' lang='grc' dir='ltr'>ῥυπαροῖς</span> <span class='ocrx_word' id='word_1_507' title='bbox 1667 4088 1815 4157; x_wconf 88' lang='grc' dir='ltr'>λογι-</span> 
     </span>
    </p>
   </div>
   <div class='ocr_carea' id='block_1_75' title="bbox 232 4183 1001 4256">
    <p class='ocr_par' dir='ltr' id='par_1_75' title="bbox 232 4183 1001 4256">
     <span class='ocr_line' id='line_1_75' title="bbox 232 4183 1001 4256; baseline -0.003 -18"><span class='ocrx_word' id='word_1_508' title='bbox 232 4187 401 4256; x_wconf 84' lang='grc' dir='ltr'>σμοῖς</span> <span class='ocrx_word' id='word_1_509' title='bbox 439 4183 724 4254; x_wconf 85' lang='grc' dir='ltr'>συνόμιλος</span> <span class='ocrx_word' id='word_1_510' title='bbox 751 4183 1001 4253; x_wconf 77' lang='grc' dir='ltr'>γένηται.</span> 
     </span>
    </p>
   </div>
   <div class='ocr_carea' id='block_1_76' title="bbox 302 4272 1817 4345">
    <p class='ocr_par' dir='ltr' id='par_1_76' title="bbox 302 4272 1817 4345">
     <span class='ocr_line' id='line_1_76' title="bbox 302 4272 1817 4345; baseline -0.002 -17"><span class='ocrx_word' id='word_1_511' title='bbox 302 4282 417 4329; x_wconf 85' lang='grc' dir='ltr'>να’.</span> <span class='ocrx_word' id='word_1_512' title='bbox 463 4275 524 4328; x_wconf 85' lang='grc'><strong>’0</strong></span> <span class='ocrx_word' id='word_1_513' title='bbox 555 4276 658 4345; x_wconf 81' lang='grc' dir='ltr'>μὲν</span> <span class='ocrx_word' id='word_1_514' title='bbox 685 4277 875 4345; x_wconf 78' lang='grc' dir='ltr'>ἄφρων</span> <span class='ocrx_word' id='word_1_515' title='bbox 901 4274 1005 4328; x_wconf 82' lang='grc' dir='ltr'><strong>ὑπὸ</strong></span> <span class='ocrx_word' id='word_1_516' title='bbox 1029 4274 1139 4327; x_wconf 89' lang='grc' dir='ltr'><strong>τῶν</strong></span> <span class='ocrx_word' id='word_1_517' title='bbox 1169 4272 1363 4328; x_wconf 88' lang='grc' dir='ltr'>παθῶν</span> <span class='ocrx_word' id='word_1_518' title='bbox 1407 4273 1694 4343; x_wconf 82' lang='grc' dir='ltr'>ἀγόμενος,</span> <span class='ocrx_word' id='word_1_519' title='bbox 1727 4272 1817 4325; x_wconf 81' lang='grc' dir='ltr'>ὅτε</span> 
     </span>
    </p>
   </div>
   <div class='ocr_carea' id='block_1_77' title="bbox 234 4363 1819 4438">
    <p class='ocr_par' dir='ltr' id='par_1_77' title="bbox 234 4363 1819 4438">
     <span class='ocr_line' id='line_1_77' title="bbox 234 4363 1819 4438; baseline -0.004 -17"><span class='ocrx_word' id='word_1_520' title='bbox 234 4370 337 4438; x_wconf 85' lang='grc' dir='ltr'>μὲν</span> <span class='ocrx_word' id='word_1_521' title='bbox 366 4368 475 4421; x_wconf 81' lang='grc' dir='ltr'><strong>ὑπὸ</strong></span> <span class='ocrx_word' id='word_1_522' title='bbox 507 4368 600 4420; x_wconf 79' lang='grc' dir='ltr'>τοῦ</span> <span class='ocrx_word' id='word_1_523' title='bbox 620 4366 791 4438; x_wconf 74' lang='grc' dir='ltr'>θυμοῦ</span> <span class='ocrx_word' id='word_1_524' title='bbox 814 4365 1130 4437; x_wconf 84' lang='grc' dir='ltr'>κινούμενος</span> <span class='ocrx_word' id='word_1_525' title='bbox 1148 4366 1567 4435; x_wconf 76' lang='grc' dir='ltr'>ὲκταράσσεται,</span> <span class='ocrx_word' id='word_1_526' title='bbox 1595 4363 1819 4433; x_wconf 86' lang='grc' dir='ltr'>φεύγειν</span> 
     </span>
    </p>
   </div>
   <div class='ocr_carea' id='block_1_78' title="bbox 1987 3627 3497 3699">
    <p class='ocr_par' dir='ltr' id='par_1_78' title="bbox 1987 3627 3497 3699">
     <span class='ocr_line' id='line_1_78' title="bbox 1987 3627 3497 3699; baseline 0.005 -17"><span class='ocrx_word' id='word_1_527' title='bbox 1987 3628 2075 3683; x_wconf 72' lang='grc'><strong>49.</strong></span> <span class='ocrx_word' id='word_1_528' title='bbox 2110 3627 2188 3683; x_wconf 85' lang='lat' dir='ltr'><strong>Ne</strong></span> <span class='ocrx_word' id='word_1_529' title='bbox 2209 3627 2530 3698; x_wconf 85' lang='lat' dir='ltr'><strong>cupiditatis</strong></span> <span class='ocrx_word' id='word_1_530' title='bbox 2565 3628 2772 3697; x_wconf 65' lang='lat' dir='ltr'><strong>iraeque</strong></span> <span class='ocrx_word' id='word_1_531' title='bbox 2802 3629 3169 3699; x_wconf 79' lang='lat' dir='ltr'><strong>cogitationes</strong></span> <span class='ocrx_word' id='word_1_532' title='bbox 3193 3633 3497 3699; x_wconf 84' lang='lat' dir='ltr'><strong>sustinens,</strong></span> 
     </span>
    </p>
   </div>
   <div class='ocr_carea' id='block_1_79' title="bbox 1919 3716 3498 3792">
    <p class='ocr_par' dir='ltr' id='par_1_79' title="bbox 1919 3716 3498 3792">
     <span class='ocr_line' id='line_1_79' title="bbox 1919 3716 3498 3792; baseline 0.005 -21"><span class='ocrx_word' id='word_1_533' title='bbox 1919 3716 2166 3771; x_wconf 90' lang='lat' dir='ltr'><strong>animum</strong></span> <span class='ocrx_word' id='word_1_534' title='bbox 2223 3725 2378 3771; x_wconf 91' lang='lat' dir='ltr'><strong>tuum</strong></span> <span class='ocrx_word' id='word_1_535' title='bbox 2445 3717 2753 3787; x_wconf 89' lang='lat' dir='ltr'><strong>pollueris,</strong></span> <span class='ocrx_word' id='word_1_536' title='bbox 2808 3732 2879 3774; x_wconf 88' lang='lat' dir='ltr'><strong>ne</strong></span> <span class='ocrx_word' id='word_1_537' title='bbox 2931 3719 3201 3776; x_wconf 87' lang='lat' dir='ltr'><strong>orationis</strong></span> <span class='ocrx_word' id='word_1_538' title='bbox 3257 3723 3498 3792; x_wconf 90' lang='lat' dir='ltr'><strong>puritate</strong></span> 
     </span>
    </p>
   </div>
   <div class='ocr_carea' id='block_1_80' title="bbox 1920 3807 3003 3880">
    <p class='ocr_par' dir='ltr' id='par_1_80' title="bbox 1920 3807 3003 3880">
     <span class='ocr_line' id='line_1_80' title="bbox 1920 3807 3003 3880; baseline 0.003 -18"><span class='ocrx_word' id='word_1_539' title='bbox 1920 3809 2143 3873; x_wconf 86' lang='lat' dir='ltr'><strong>amissa,</strong></span> <span class='ocrx_word' id='word_1_540' title='bbox 2169 3807 2224 3862; x_wconf 91' lang='lat' dir='ltr'><strong>in</strong></span> <span class='ocrx_word' id='word_1_541' title='bbox 2249 3807 2454 3864; x_wconf 68' lang='lat' dir='ltr'><strong>acediaa</strong></span> <span class='ocrx_word' id='word_1_542' title='bbox 2478 3808 2733 3880; x_wconf 85' lang='lat' dir='ltr'><strong>spiritum</strong></span> <span class='ocrx_word' id='word_1_543' title='bbox 2765 3808 3003 3865; x_wconf 89' lang='lat' dir='ltr'><strong>indicas.</strong></span> 
     </span>
    </p>
   </div>
   <div class='ocr_carea' id='block_1_81' title="bbox 1948 3894 1957 3915">
    <p class='ocr_par' dir='ltr' id='par_1_81' title="bbox 1948 3894 1957 3915">
     <span class='ocr_line' id='line_1_81' title="bbox 1948 3894 1957 3915; baseline 0 0"><span class='ocrx_word' id='word_1_544' title='bbox 1948 3894 1957 3915; x_wconf 58' lang='grc' dir='ltr'><strong>Χ</strong></span> 
     </span>
    </p>
   </div>
   <div class='ocr_carea' id='block_1_82' title="bbox 1994 3984 3499 4043">
    <p class='ocr_par' dir='ltr' id='par_1_82' title="bbox 1994 3984 3499 4043">
     <span class='ocr_line' id='line_1_82' title="bbox 1994 3984 3499 4043; baseline 0.003 -5"><span class='ocrx_word' id='word_1_545' title='bbox 1994 3984 2081 4038; x_wconf 89' lang='grc'>50.</span> <span class='ocrx_word' id='word_1_546' title='bbox 2121 3984 2276 4039; x_wconf 90' lang='lat' dir='ltr'><strong>Tunc</strong></span> <span class='ocrx_word' id='word_1_547' title='bbox 2306 3999 2461 4039; x_wconf 89' lang='lat' dir='ltr'><strong>mens</strong></span> <span class='ocrx_word' id='word_1_548' title='bbox 2507 3999 2728 4039; x_wconf 89' lang='lat' dir='ltr'><strong>omnem</strong></span> <span class='ocrx_word' id='word_1_549' title='bbox 2764 3984 2832 4039; x_wconf 90' lang='lat' dir='ltr'><strong>ad</strong></span> <span class='ocrx_word' id='word_1_550' title='bbox 2855 3985 3028 4041; x_wconf 89' lang='lat' dir='ltr'><strong>Deum</strong></span> <span class='ocrx_word' id='word_1_551' title='bbox 3057 3985 3311 4041; x_wconf 85' lang='lat' dir='ltr'><strong>ﬁduciam</strong></span> <span class='ocrx_word' id='word_1_552' title='bbox 3338 3987 3499 4043; x_wconf 79' lang='lat' dir='ltr'><strong>amit-</strong></span> 
     </span>
    </p>
   </div>
   <div class='ocr_carea' id='block_1_83' title="bbox 1915 4075 3500 4148">
    <p class='ocr_par' dir='ltr' id='par_1_83' title="bbox 1915 4075 3500 4148">
     <span class='ocr_line' id='line_1_83' title="bbox 1915 4075 3500 4148; baseline 0.006 -21"><span class='ocrx_word' id='word_1_553' title='bbox 1915 4075 2003 4135; x_wconf 89' lang='lat' dir='ltr'><strong>tit,</strong></span> <span class='ocrx_word' id='word_1_554' title='bbox 2039 4091 2165 4129; x_wconf 94' lang='lat' dir='ltr'><strong>cum</strong></span> <span class='ocrx_word' id='word_1_555' title='bbox 2214 4075 2399 4145; x_wconf 84' lang='lat' dir='ltr'><strong>pravis</strong></span> <span class='ocrx_word' id='word_1_556' title='bbox 2437 4075 2787 4146; x_wconf 88' lang='lat' dir='ltr'><strong>sordidisque</strong></span> <span class='ocrx_word' id='word_1_557' title='bbox 2828 4077 3258 4148; x_wconf 87' lang='lat' dir='ltr'><strong>cogitationibus</strong></span> <span class='ocrx_word' id='word_1_558' title='bbox 3305 4083 3500 4137; x_wconf 76' lang='lat' dir='ltr'><strong>assue-</strong></span> 
     </span>
    </p>
   </div>
   <div class='ocr_carea' id='block_1_84' title="bbox 1916 4167 2081 4221">
    <p class='ocr_par' dir='ltr' id='par_1_84' title="bbox 1916 4167 2081 4221">
     <span class='ocr_line' id='line_1_84' title="bbox 1916 4167 2081 4221; baseline 0.006 -1"><span class='ocrx_word' id='word_1_559' title='bbox 1916 4167 2081 4221; x_wconf 61' lang='lat' dir='ltr'><strong>verit.</strong></span> 
     </span>
    </p>
   </div>
   <div class='ocr_carea' id='block_1_85' title="bbox 1987 4259 3498 4333">
    <p class='ocr_par' dir='ltr' id='par_1_85' title="bbox 1987 4259 3498 4333">
     <span class='ocr_line' id='line_1_85' title="bbox 1987 4259 3498 4333; baseline 0.004 -20"><span class='ocrx_word' id='word_1_560' title='bbox 1987 4260 2075 4313; x_wconf 80' lang='lat' dir='ltr'><strong>5L</strong></span> <span class='ocrx_word' id='word_1_561' title='bbox 2107 4259 2284 4314; x_wconf 87' lang='lat' dir='ltr'><strong>Homo</strong></span> <span class='ocrx_word' id='word_1_562' title='bbox 2305 4274 2501 4315; x_wconf 87' lang='lat' dir='ltr'><strong>vecors</strong></span> <span class='ocrx_word' id='word_1_563' title='bbox 2526 4260 3056 4333; x_wconf 87' lang='lat' dir='ltr'><strong>nulliusquejudicii</strong></span> <span class='ocrx_word' id='word_1_564' title='bbox 3082 4262 3178 4332; x_wconf 75' lang='lat' dir='ltr'><strong>qui</strong></span> <span class='ocrx_word' id='word_1_565' title='bbox 3203 4263 3498 4320; x_wconf 78' lang='lat' dir='ltr'><strong>affectibus</strong></span> 
     </span>
    </p>
   </div>
   <div class='ocr_carea' id='block_1_86' title="bbox 1915 4338 3497 4424">
    <p class='ocr_par' dir='ltr' id='par_1_86' title="bbox 1915 4338 3497 4424">
     <span class='ocr_line' id='line_1_86' title="bbox 1915 4338 3497 4424; baseline 0.002 -16"><span class='ocrx_word' id='word_1_566' title='bbox 1915 4369 1978 4408; x_wconf 89' lang='lat' dir='ltr'><strong>ac</strong></span> <span class='ocrx_word' id='word_1_567' title='bbox 2026 4353 2257 4408; x_wconf 90' lang='lat' dir='ltr'><strong>libidine</strong></span> <span class='ocrx_word' id='word_1_568' title='bbox 2309 4362 2524 4424; x_wconf 82' lang='lat' dir='ltr'><strong>agatur,</strong></span> <span class='ocrx_word' id='word_1_569' title='bbox 2572 4362 2686 4421; x_wconf 84' lang='lat' dir='ltr'><strong>tum</strong></span> <span class='ocrx_word' id='word_1_570' title='bbox 2737 4353 2984 4422; x_wconf 89' lang='lat' dir='ltr'><strong>quidem,</strong></span> <span class='ocrx_word' id='word_1_571' title='bbox 3036 4338 3160 4410; x_wconf 81' lang='lat' dir='ltr'><strong>cum</strong></span> <span class='ocrx_word' id='word_1_572' title='bbox 3212 4356 3497 4412; x_wconf 87' lang='lat' dir='ltr'><strong>iracundia</strong></span> 
     </span>
    </p>
   </div>
   <div class='ocr_carea' id='block_1_87' title="bbox 230 4444 1815 4538">
    <p class='ocr_par' dir='ltr' id='par_1_87' title="bbox 230 4450 1815 4525">
     <span class='ocr_line' id='line_1_87' title="bbox 230 4450 1815 4525; baseline -0.006 -14"><span class='ocrx_word' id='word_1_573' title='bbox 230 4458 543 4525; x_wconf 80' lang='grc' dir='ltr'>ἀλογίστως</span> <span class='ocrx_word' id='word_1_574' title='bbox 590 4456 715 4518; x_wconf 80' lang='grc' dir='ltr'>τοὺς</span> <span class='ocrx_word' id='word_1_575' title='bbox 751 4454 1014 4523; x_wconf 77' lang='grc' dir='ltr'>ἀδελφοὺς</span> <span class='ocrx_word' id='word_1_576' title='bbox 1058 4453 1372 4520; x_wconf 84' lang='grc' dir='ltr'>ἐπείγεται·</span> <span class='ocrx_word' id='word_1_577' title='bbox 1415 4452 1504 4505; x_wconf 81' lang='grc' dir='ltr'>ὅτε</span> <span class='ocrx_word' id='word_1_578' title='bbox 1545 4451 1602 4503; x_wconf 82' lang='grc' dir='ltr'><strong>δὲ</strong></span> <span class='ocrx_word' id='word_1_579' title='bbox 1653 4450 1815 4502; x_wconf 75' lang='grc' dir='ltr'>πάλιν</span> 
     </span>
    </p>
   </div>
   <div class='ocr_carea' id='block_1_88' title="bbox 1920 4444 3496 4538">
    <p class='ocr_par' dir='ltr' id='par_1_88' title="bbox 1920 4444 3496 4509">
     <span class='ocr_line' id='line_1_88' title="bbox 1920 4444 3496 4509; baseline 0.003 -10"><span class='ocrx_word' id='word_1_580' title='bbox 1920 4453 2226 4499; x_wconf 89' lang='lat' dir='ltr'><strong>commotus</strong></span> <span class='ocrx_word' id='word_1_581' title='bbox 2242 4445 2629 4509; x_wconf 87' lang='lat' dir='ltr'><strong>conturbatur,</strong></span> <span class='ocrx_word' id='word_1_582' title='bbox 2660 4444 2891 4498; x_wconf 84' lang='lat' dir='ltr'><strong>fratrum</strong></span> <span class='ocrx_word' id='word_1_583' title='bbox 2924 4446 3132 4501; x_wconf 89' lang='lat' dir='ltr'><strong>insulse</strong></span> <span class='ocrx_word' id='word_1_584' title='bbox 3156 4448 3496 4505; x_wconf 87' lang='lat' dir='ltr'><strong>consortium</strong></span> 
     </span>
    </p>
   </div>
   <div class='ocr_carea' id='block_1_89' title="bbox 233 4535 1815 4618">
    <p class='ocr_par' dir='ltr' id='par_1_89' title="bbox 233 4540 1813 4618">
     <span class='ocr_line' id='line_1_89' title="bbox 233 4540 1813 4618; baseline -0.005 -19"><span class='ocrx_word' id='word_1_585' title='bbox 233 4548 343 4599; x_wconf 79' lang='grc' dir='ltr'><strong>ὑπὸ</strong></span> <span class='ocrx_word' id='word_1_586' title='bbox 388 4548 491 4618; x_wconf 75' lang='grc' dir='ltr'>τῆς</span> <span class='ocrx_word' id='word_1_587' title='bbox 529 4544 825 4614; x_wconf 77' lang='grc' dir='ltr'>ἐπιθυμίας</span> <span class='ocrx_word' id='word_1_588' title='bbox 882 4542 1323 4613; x_wconf 79' lang='grc' dir='ltr'>ἐκθερμαίνεται,</span> <span class='ocrx_word' id='word_1_589' title='bbox 1373 4540 1813 4610; x_wconf 79' lang='grc' dir='ltr'>μεταμελόμενος</span> 
     </span>
    </p>
   </div>
   <div class='ocr_carea' id='block_1_90' title="bbox 1920 4535 2395 4618">
    <p class='ocr_par' dir='ltr' id='par_1_90' title="bbox 1920 4535 2395 4604">
     <span class='ocr_line' id='line_1_90' title="bbox 1920 4535 2395 4604; baseline 0.004 -18"><span class='ocrx_word' id='word_1_590' title='bbox 1920 4536 2093 4589; x_wconf 86' lang='lat' dir='ltr'><strong>vitare</strong></span> <span class='ocrx_word' id='word_1_591' title='bbox 2137 4535 2336 4604; x_wconf 86' lang='lat' dir='ltr'><strong>satagit</strong></span> <span class='ocrx_word' id='word_1_592' title='bbox 2383 4552 2395 4587; x_wconf 90' lang='lat'><strong>:</strong></span> 
     </span>
    </p>
   </div>
   <div class='ocr_carea' id='block_1_91' title="bbox 230 4628 1815 4707">
    <p class='ocr_par' dir='ltr' id='par_1_91' title="bbox 230 4628 1815 4707">
     <span class='ocr_line' id='line_1_91' title="bbox 230 4628 1815 4707; baseline -0.007 -17"><span class='ocrx_word' id='word_1_593' title='bbox 230 4634 396 4700; x_wconf 86' lang='grc' dir='ltr'>αὖθις</span> <span class='ocrx_word' id='word_1_594' title='bbox 439 4634 793 4707; x_wconf 86' lang='grc' dir='ltr'>προστρέχων</span> <span class='ocrx_word' id='word_1_595' title='bbox 842 4633 1077 4702; x_wconf 83' lang='grc' dir='ltr'>ἀπαντᾷ.</span> <span class='ocrx_word' id='word_1_596' title='bbox 1125 4632 1183 4684; x_wconf 90' lang='lat'><strong>&#39;0</strong></span> <span class='ocrx_word' id='word_1_597' title='bbox 1210 4630 1267 4683; x_wconf 84' lang='grc' dir='ltr'><strong>δὲ</strong></span> <span class='ocrx_word' id='word_1_598' title='bbox 1292 4630 1574 4701; x_wconf 86' lang='grc' dir='ltr'>φρόνιμος,</span> <span class='ocrx_word' id='word_1_599' title='bbox 1601 4629 1689 4680; x_wconf 78' lang='grc' dir='ltr'><strong>ἐπ’</strong></span> <span class='ocrx_word' id='word_1_600' title='bbox 1713 4628 1815 4697; x_wconf 87' lang='grc' dir='ltr'>ἀμ-</span> 
     </span>
    </p>
   </div>
   <div class='ocr_carea' id='block_1_92' title="bbox 233 4718 1811 4801">
    <p class='ocr_par' dir='ltr' id='par_1_92' title="bbox 233 4718 1811 4801">
     <span class='ocr_line' id='line_1_92' title="bbox 233 4718 1811 4801; baseline -0.009 -16"><span class='ocrx_word' id='word_1_601' title='bbox 233 4731 488 4801; x_wconf 75' lang='grc' dir='ltr'>φοτέρων</span> <span class='ocrx_word' id='word_1_602' title='bbox 540 4726 847 4782; x_wconf 86' lang='grc' dir='ltr'>τούναντίον</span> <span class='ocrx_word' id='word_1_603' title='bbox 887 4727 1050 4779; x_wconf 88' lang='grc' dir='ltr'>ποιεῖ.</span> <span class='ocrx_word' id='word_1_604' title='bbox 1101 4724 1195 4776; x_wconf 72' lang='grc' dir='ltr'>ἐπὶ</span> <span class='ocrx_word' id='word_1_605' title='bbox 1232 4721 1330 4793; x_wconf 80' lang='grc' dir='ltr'>μὲν</span> <span class='ocrx_word' id='word_1_606' title='bbox 1362 4720 1469 4791; x_wconf 88' lang='grc' dir='ltr'><strong>γὰρ</strong></span> <span class='ocrx_word' id='word_1_607' title='bbox 1500 4719 1595 4773; x_wconf 77' lang='grc' dir='ltr'>τοῦ</span> <span class='ocrx_word' id='word_1_608' title='bbox 1615 4718 1811 4790; x_wconf 84' lang='grc' dir='ltr'>θυμοῦ,</span> 
     </span>
    </p>
   </div>
   <div class='ocr_carea' id='block_1_93' title="bbox 232 4813 1812 4891">
    <p class='ocr_par' dir='ltr' id='par_1_93' title="bbox 232 4813 1812 4891">
     <span class='ocr_line' id='line_1_93' title="bbox 232 4813 1812 4891; baseline -0.008 -14"><span class='ocrx_word' id='word_1_609' title='bbox 232 4826 333 4888; x_wconf 69' lang='grc' dir='ltr'>τὰς</span> <span class='ocrx_word' id='word_1_610' title='bbox 383 4822 564 4884; x_wconf 76' lang='grc' dir='ltr'>αἰτίας</span> <span class='ocrx_word' id='word_1_611' title='bbox 599 4821 699 4891; x_wconf 82' lang='grc' dir='ltr'>τῆς</span> <span class='ocrx_word' id='word_1_612' title='bbox 741 4820 986 4890; x_wconf 82' lang='grc' dir='ltr'>ταραχῆς</span> <span class='ocrx_word' id='word_1_613' title='bbox 1034 4815 1296 4885; x_wconf 81' lang='grc' dir='ltr'>ἐκκόψας,</span> <span class='ocrx_word' id='word_1_614' title='bbox 1364 4816 1461 4885; x_wconf 84' lang='grc' dir='ltr'>τῆς</span> <span class='ocrx_word' id='word_1_615' title='bbox 1506 4815 1644 4884; x_wconf 70' lang='grc' dir='ltr'>προς</span> <span class='ocrx_word' id='word_1_616' title='bbox 1686 4813 1812 4874; x_wconf 81' lang='grc' dir='ltr'>τοὺς</span> 
     </span>
    </p>
   </div>
   <div class='ocr_carea' id='block_1_94' title="bbox 230 4903 1813 4982">
    <p class='ocr_par' dir='ltr' id='par_1_94' title="bbox 230 4903 1813 4982">
     <span class='ocr_line' id='line_1_94' title="bbox 230 4903 1813 4982; baseline -0.009 -16"><span class='ocrx_word' id='word_1_617' title='bbox 230 4912 502 4982; x_wconf 79' lang='grc' dir='ltr'>ἀδελφοὺς</span> <span class='ocrx_word' id='word_1_618' title='bbox 529 4910 705 4979; x_wconf 86' lang='grc' dir='ltr'>λύπης</span> <span class='ocrx_word' id='word_1_619' title='bbox 737 4908 928 4963; x_wconf 80' lang='grc' dir='ltr'>ἑαυτὸν</span> <span class='ocrx_word' id='word_1_620' title='bbox 955 4907 1283 4961; x_wconf 83' lang='grc' dir='ltr'>ἀπαλλάττει</span> <span class='ocrx_word' id='word_1_621' title='bbox 1303 4921 1317 4935; x_wconf 81' lang='lat'><strong><em>°</em></strong></span> <span class='ocrx_word' id='word_1_622' title='bbox 1353 4903 1447 4956; x_wconf 72' lang='grc' dir='ltr'>ἐπὶ</span> <span class='ocrx_word' id='word_1_623' title='bbox 1479 4903 1535 4956; x_wconf 81' lang='grc' dir='ltr'><strong>δὲ</strong></span> <span class='ocrx_word' id='word_1_624' title='bbox 1559 4903 1658 4971; x_wconf 79' lang='grc' dir='ltr'>τῆς</span> <span class='ocrx_word' id='word_1_625' title='bbox 1688 4903 1813 4954; x_wconf 85' lang='grc' dir='ltr'>ἐπι-</span> 
     </span>
    </p>
   </div>
   <div class='ocr_carea' id='block_1_95' title="bbox 231 4991 1817 5075">
    <p class='ocr_par' dir='ltr' id='par_1_95' title="bbox 231 4991 1817 5075">
     <span class='ocr_line' id='line_1_95' title="bbox 231 4991 1817 5075; baseline -0.009 -18"><span class='ocrx_word' id='word_1_626' title='bbox 231 5004 465 5075; x_wconf 83' lang='grc' dir='ltr'>θυμίας,</span> <span class='ocrx_word' id='word_1_627' title='bbox 486 5002 585 5073; x_wconf 84' lang='grc' dir='ltr'>τῆς</span> <span class='ocrx_word' id='word_1_628' title='bbox 609 5000 805 5070; x_wconf 86' lang='grc' dir='ltr'>ἀλόγου</span> <span class='ocrx_word' id='word_1_629' title='bbox 838 4999 1015 5071; x_wconf 78' lang='grc' dir='ltr'>ὁρμῆς</span> <span class='ocrx_word' id='word_1_630' title='bbox 1046 4997 1141 5050; x_wconf 75' lang='grc' dir='ltr'>καὶ</span> <span class='ocrx_word' id='word_1_631' title='bbox 1174 4996 1460 5066; x_wconf 87' lang='grc' dir='ltr'>συντυχίας</span> <span class='ocrx_word' id='word_1_632' title='bbox 1488 4991 1817 5063; x_wconf 84' lang='grc' dir='ltr'>ἐγκρατεύε-</span> 
     </span>
    </p>
   </div>
   <div class='ocr_carea' id='block_1_96' title="bbox 232 5111 342 5148">
    <p class='ocr_par' dir='ltr' id='par_1_96' title="bbox 232 5111 342 5148">
     <span class='ocr_line' id='line_1_96' title="bbox 232 5111 342 5148; baseline 0.009 -1"><span class='ocrx_word' id='word_1_633' title='bbox 232 5111 342 5148; x_wconf 78' lang='grc' dir='ltr'>ται.</span> 
     </span>
    </p>
   </div>
   <div class='ocr_carea' id='block_1_97' title="bbox 303 5260 1814 5340">
    <p class='ocr_par' dir='ltr' id='par_1_97' title="bbox 303 5260 1814 5340">
     <span class='ocr_line' id='line_1_97' title="bbox 303 5260 1814 5340; baseline -0.008 -17"><span class='ocrx_word' id='word_1_634' title='bbox 303 5270 409 5340; x_wconf 81' lang='grc' dir='ltr'><strong>νβ’.</strong></span> <span class='ocrx_word' id='word_1_635' title='bbox 452 5267 541 5321; x_wconf 87' lang='grc' dir='ltr'>Ἐν</span> <span class='ocrx_word' id='word_1_636' title='bbox 572 5266 651 5336; x_wconf 87' lang='grc' dir='ltr'>τῷ</span> <span class='ocrx_word' id='word_1_637' title='bbox 679 5266 858 5336; x_wconf 87' lang='grc' dir='ltr'>καιρῷ</span> <span class='ocrx_word' id='word_1_638' title='bbox 885 5266 992 5318; x_wconf 88' lang='grc' dir='ltr'><strong>τῶν</strong></span> <span class='ocrx_word' id='word_1_639' title='bbox 1025 5260 1365 5332; x_wconf 79' lang='grc' dir='ltr'>πειρασμῶν,</span> <span class='ocrx_word' id='word_1_640' title='bbox 1397 5260 1470 5329; x_wconf 83' lang='grc' dir='ltr'>μὴ</span> <span class='ocrx_word' id='word_1_641' title='bbox 1506 5265 1814 5331; x_wconf 66' lang='grc' dir='ltr'>καταλίπῃς</span> 
     </span>
    </p>
   </div>
   <div class='ocr_carea' id='block_1_98' title="bbox 234 5351 1815 5430">
    <p class='ocr_par' dir='ltr' id='par_1_98' title="bbox 234 5351 1815 5430">
     <span class='ocr_line' id='line_1_98' title="bbox 234 5351 1815 5430; baseline -0.006 -17"><span class='ocrx_word' id='word_1_642' title='bbox 234 5360 296 5413; x_wconf 71' lang='grc' dir='ltr'>τὸ</span> <span class='ocrx_word' id='word_1_643' title='bbox 327 5357 694 5430; x_wconf 81' lang='grc' dir='ltr'>μοναστήριόν</span> <span class='ocrx_word' id='word_1_644' title='bbox 725 5373 818 5409; x_wconf 80' lang='grc' dir='ltr'><strong>σου</strong></span> <span class='ocrx_word' id='word_1_645' title='bbox 840 5371 853 5384; x_wconf 92' lang='grc'><strong>·</strong></span> <span class='ocrx_word' id='word_1_646' title='bbox 877 5355 1013 5408; x_wconf 82' lang='grc' dir='ltr'><strong>ἀλλά</strong></span> <span class='ocrx_word' id='word_1_647' title='bbox 1044 5356 1179 5424; x_wconf 77' lang='grc' dir='ltr'>φέρε</span> <span class='ocrx_word' id='word_1_648' title='bbox 1215 5354 1477 5421; x_wconf 81' lang='grc' dir='ltr'>γενναίως</span> <span class='ocrx_word' id='word_1_649' title='bbox 1508 5351 1573 5403; x_wconf 81' lang='grc' dir='ltr'>τὰ</span> <span class='ocrx_word' id='word_1_650' title='bbox 1597 5351 1815 5421; x_wconf 85' lang='grc' dir='ltr'>κύματα</span> 
     </span>
    </p>
   </div>
   <div class='ocr_carea' id='block_1_99' title="bbox 235 5439 1816 5518">
    <p class='ocr_par' dir='ltr' id='par_1_99' title="bbox 235 5439 1816 5518">
     <span class='ocr_line' id='line_1_99' title="bbox 235 5439 1816 5518; baseline -0.005 -15"><span class='ocrx_word' id='word_1_651' title='bbox 235 5450 347 5503; x_wconf 88' lang='grc' dir='ltr'><strong>τῶν</strong></span> <span class='ocrx_word' id='word_1_652' title='bbox 391 5447 706 5518; x_wconf 83' lang='grc' dir='ltr'>λογισμῶν,</span> <span class='ocrx_word' id='word_1_653' title='bbox 765 5447 859 5501; x_wconf 74' lang='grc' dir='ltr'>καὶ</span> <span class='ocrx_word' id='word_1_654' title='bbox 900 5446 1135 5516; x_wconf 84' lang='grc' dir='ltr'>μάλιστα</span> <span class='ocrx_word' id='word_1_655' title='bbox 1185 5444 1294 5497; x_wconf 88' lang='grc' dir='ltr'><strong>τῶν</strong></span> <span class='ocrx_word' id='word_1_656' title='bbox 1339 5443 1440 5512; x_wconf 83' lang='grc' dir='ltr'>τῆς</span> <span class='ocrx_word' id='word_1_657' title='bbox 1491 5439 1668 5513; x_wconf 86' lang='grc' dir='ltr'>λύπης</span> <span class='ocrx_word' id='word_1_658' title='bbox 1724 5443 1816 5495; x_wconf 69' lang='grc' dir='ltr'>καὶ</span> 
     </span>
    </p>
   </div>
   <div class='ocr_carea' id='block_1_100' title="bbox 239 5532 1812 5612">
    <p class='ocr_par' dir='ltr' id='par_1_100' title="bbox 239 5532 1812 5612">
     <span class='ocr_line' id='line_1_100' title="bbox 239 5532 1812 5612; baseline -0.005 -17"><span class='ocrx_word' id='word_1_659' title='bbox 239 5541 493 5612; x_wconf 84' lang='grc' dir='ltr'>ἀκηδίας.</span> <span class='ocrx_word' id='word_1_660' title='bbox 521 5538 680 5593; x_wconf 79' lang='grc' dir='ltr'>Οὕτω</span> <span class='ocrx_word' id='word_1_661' title='bbox 702 5538 811 5610; x_wconf 73' lang='grc' dir='ltr'><strong>γὰρ</strong></span> <span class='ocrx_word' id='word_1_662' title='bbox 834 5537 1189 5607; x_wconf 84' lang='grc' dir='ltr'>οἰκονομικῶς</span> <span class='ocrx_word' id='word_1_663' title='bbox 1211 5536 1287 5607; x_wconf 87' lang='lat' dir='ltr'><strong>(g)</strong></span> <span class='ocrx_word' id='word_1_664' title='bbox 1314 5534 1403 5587; x_wconf 85' lang='grc' dir='ltr'>διὰ</span> <span class='ocrx_word' id='word_1_665' title='bbox 1435 5533 1544 5587; x_wconf 88' lang='grc' dir='ltr'><strong>τῶν</strong></span> <span class='ocrx_word' id='word_1_666' title='bbox 1581 5532 1812 5603; x_wconf 72' lang='grc' dir='ltr'>θλίψεων</span> 
     </span>
    </p>
   </div>
   <div class='ocr_carea' id='block_1_101' title="bbox 318 5693 1288 5762">
    <p class='ocr_par' dir='ltr' id='par_1_101' title="bbox 318 5693 1288 5762">
     <span class='ocr_line' id='line_1_101' title="bbox 318 5693 1288 5762; baseline -0.002 -12"><span class='ocrx_word' id='word_1_667' title='bbox 318 5695 358 5727; x_wconf 71' lang='grc'><strong>⁸⁵</strong></span> <span class='ocrx_word' id='word_1_668' title='bbox 387 5694 567 5750; x_wconf 87' lang='lat' dir='ltr'><strong>Galat.</strong></span> <span class='ocrx_word' id='word_1_669' title='bbox 602 5710 654 5760; x_wconf 85' lang='grc' dir='ltr'><strong>ν,</strong></span> <span class='ocrx_word' id='word_1_670' title='bbox 688 5694 741 5749; x_wconf 85' lang='grc'>6.</span> <span class='ocrx_word' id='word_1_671' title='bbox 818 5695 862 5726; x_wconf 81' lang='grc'>¹⁸</span> <span class='ocrx_word' id='word_1_672' title='bbox 889 5693 1028 5749; x_wconf 88' lang='lat' dir='ltr'><strong>Gen.</strong></span> <span class='ocrx_word' id='word_1_673' title='bbox 1058 5712 1172 5762; x_wconf 68' lang='lat' dir='ltr'><strong>xxx,</strong></span> <span class='ocrx_word' id='word_1_674' title='bbox 1198 5697 1288 5752; x_wconf 70' lang='grc'><strong>27.</strong></span> 
     </span>
    </p>
   </div>
   <div class='ocr_carea' id='block_1_102' title="bbox 2454 4536 3492 4609">
    <p class='ocr_par' dir='ltr' id='par_1_102' title="bbox 2454 4536 3492 4609">
     <span class='ocr_line' id='line_1_102' title="bbox 2454 4536 3492 4609; baseline 0.006 -21"><span class='ocrx_word' id='word_1_675' title='bbox 2454 4550 2692 4603; x_wconf 89' lang='lat' dir='ltr'><strong>cumque</strong></span> <span class='ocrx_word' id='word_1_676' title='bbox 2749 4550 2945 4590; x_wconf 89' lang='lat' dir='ltr'><strong>rursus</strong></span> <span class='ocrx_word' id='word_1_677' title='bbox 2981 4536 3283 4607; x_wconf 89' lang='lat' dir='ltr'><strong>cupiditate</strong></span> <span class='ocrx_word' id='word_1_678' title='bbox 3335 4538 3492 4609; x_wconf 69' lang='grc'><strong>401</strong></span> 
     </span>
    </p>
   </div>
   <div class='ocr_carea' id='block_1_103' title="bbox 1916 4629 3497 4694">
    <p class='ocr_par' dir='ltr' id='par_1_103' title="bbox 1916 4629 3497 4694">
     <span class='ocr_line' id='line_1_103' title="bbox 1916 4629 3497 4694; baseline 0.001 -11"><span class='ocrx_word' id='word_1_679' title='bbox 1916 4636 2204 4692; x_wconf 62' lang='lat' dir='ltr'><strong>exaestuat,</strong></span> <span class='ocrx_word' id='word_1_680' title='bbox 2240 4636 2449 4681; x_wconf 87' lang='lat' dir='ltr'><strong>mutato</strong></span> <span class='ocrx_word' id='word_1_681' title='bbox 2479 4644 2675 4683; x_wconf 87' lang='lat' dir='ltr'><strong>rursus</strong></span> <span class='ocrx_word' id='word_1_682' title='bbox 2705 4629 2960 4694; x_wconf 90' lang='lat' dir='ltr'><strong>consilio,</strong></span> <span class='ocrx_word' id='word_1_683' title='bbox 2986 4630 3207 4685; x_wconf 90' lang='lat' dir='ltr'><strong>illorum</strong></span> <span class='ocrx_word' id='word_1_684' title='bbox 3241 4646 3301 4686; x_wconf 92' lang='lat' dir='ltr'><strong>se</strong></span> <span class='ocrx_word' id='word_1_685' title='bbox 3337 4632 3497 4686; x_wconf 69' lang='lat' dir='ltr'><strong>caeli-</strong></span> 
     </span>
    </p>
   </div>
   <div class='ocr_carea' id='block_1_104' title="bbox 1920 4718 3499 4792">
    <p class='ocr_par' dir='ltr' id='par_1_104' title="bbox 1920 4718 3499 4792">
     <span class='ocr_line' id='line_1_104' title="bbox 1920 4718 3499 4792; baseline 0.004 -20"><span class='ocrx_word' id='word_1_686' title='bbox 1920 4720 2023 4773; x_wconf 91' lang='lat' dir='ltr'><strong>bus</strong></span> <span class='ocrx_word' id='word_1_687' title='bbox 2050 4733 2285 4787; x_wconf 90' lang='lat' dir='ltr'><strong>propere</strong></span> <span class='ocrx_word' id='word_1_688' title='bbox 2317 4718 2536 4789; x_wconf 88' lang='lat' dir='ltr'><strong>ingerit.</strong></span> <span class='ocrx_word' id='word_1_689' title='bbox 2582 4720 2674 4784; x_wconf 84' lang='lat' dir='ltr'><strong>At,</strong></span> <span class='ocrx_word' id='word_1_690' title='bbox 2717 4721 2812 4791; x_wconf 87' lang='lat' dir='ltr'><strong>qui</strong></span> <span class='ocrx_word' id='word_1_691' title='bbox 2859 4723 3103 4792; x_wconf 88' lang='lat' dir='ltr'><strong>prudens</strong></span> <span class='ocrx_word' id='word_1_692' title='bbox 3144 4739 3209 4779; x_wconf 90' lang='lat' dir='ltr'><strong>ac</strong></span> <span class='ocrx_word' id='word_1_693' title='bbox 3238 4724 3499 4779; x_wconf 89' lang='lat' dir='ltr'><strong>cordatus</strong></span> 
     </span>
    </p>
   </div>
   <div class='ocr_carea' id='block_1_105' title="bbox 1919 4810 3496 4883">
    <p class='ocr_par' dir='ltr' id='par_1_105' title="bbox 1919 4810 3496 4883">
     <span class='ocr_line' id='line_1_105' title="bbox 1919 4810 3496 4883; baseline 0.002 -18"><span class='ocrx_word' id='word_1_694' title='bbox 1919 4822 2024 4870; x_wconf 89' lang='lat' dir='ltr'><strong>est.</strong></span> <span class='ocrx_word' id='word_1_695' title='bbox 2065 4825 2224 4863; x_wconf 88' lang='lat' dir='ltr'><strong>secus</strong></span> <span class='ocrx_word' id='word_1_696' title='bbox 2260 4810 2314 4863; x_wconf 93' lang='lat' dir='ltr'><strong>in</strong></span> <span class='ocrx_word' id='word_1_697' title='bbox 2346 4810 2594 4880; x_wconf 90' lang='lat' dir='ltr'><strong>utrisque</strong></span> <span class='ocrx_word' id='word_1_698' title='bbox 2621 4829 2679 4866; x_wconf 88' lang='lat' dir='ltr'><strong>se</strong></span> <span class='ocrx_word' id='word_1_699' title='bbox 2709 4815 2888 4883; x_wconf 84' lang='lat' dir='ltr'><strong>gerit:</strong></span> <span class='ocrx_word' id='word_1_700' title='bbox 2928 4815 3210 4870; x_wconf 87' lang='lat' dir='ltr'><strong>iracundia</strong></span> <span class='ocrx_word' id='word_1_701' title='bbox 3233 4814 3382 4868; x_wconf 89' lang='lat' dir='ltr'><strong>enim</strong></span> <span class='ocrx_word' id='word_1_702' title='bbox 3409 4816 3496 4869; x_wconf 93' lang='lat' dir='ltr'><strong>in-</strong></span> 
     </span>
    </p>
   </div>
   <div class='ocr_carea' id='block_1_106' title="bbox 1920 4901 3499 4977">
    <p class='ocr_par' dir='ltr' id='par_1_106' title="bbox 1920 4901 3499 4977">
     <span class='ocr_line' id='line_1_106' title="bbox 1920 4901 3499 4977; baseline 0.003 -21"><span class='ocrx_word' id='word_1_703' title='bbox 1920 4901 2181 4963; x_wconf 85' lang='lat' dir='ltr'><strong>stinctus,</strong></span> <span class='ocrx_word' id='word_1_704' title='bbox 2214 4901 2416 4955; x_wconf 79' lang='lat' dir='ltr'><strong>excisis</strong></span> <span class='ocrx_word' id='word_1_705' title='bbox 2441 4902 2837 4973; x_wconf 89' lang='lat' dir='ltr'><strong>indignationis</strong></span> <span class='ocrx_word' id='word_1_706' title='bbox 2876 4907 3079 4970; x_wconf 82' lang='lat' dir='ltr'><strong>causis,</strong></span> <span class='ocrx_word' id='word_1_707' title='bbox 3105 4906 3255 4960; x_wconf 91' lang='lat' dir='ltr'><strong>omni</strong></span> <span class='ocrx_word' id='word_1_708' title='bbox 3282 4922 3341 4961; x_wconf 88' lang='lat' dir='ltr'><strong>se</strong></span> <span class='ocrx_word' id='word_1_709' title='bbox 3369 4922 3499 4977; x_wconf 84' lang='lat' dir='ltr'><strong>erga</strong></span> 
     </span>
    </p>
   </div>
   <div class='ocr_carea' id='block_1_107' title="bbox 1924 4990 3498 5066">
    <p class='ocr_par' dir='ltr' id='par_1_107' title="bbox 1924 4990 3498 5066">
     <span class='ocr_line' id='line_1_107' title="bbox 1924 4990 3498 5066; baseline 0.004 -22"><span class='ocrx_word' id='word_1_710' title='bbox 1924 4990 2124 5044; x_wconf 82' lang='lat' dir='ltr'><strong>fratres</strong></span> <span class='ocrx_word' id='word_1_711' title='bbox 2168 4991 2487 5046; x_wconf 87' lang='lat' dir='ltr'><strong>morositate</strong></span> <span class='ocrx_word' id='word_1_712' title='bbox 2522 4993 2795 5060; x_wconf 89' lang='lat' dir='ltr'><strong>absolvit;</strong></span> <span class='ocrx_word' id='word_1_713' title='bbox 2832 4997 3155 5066; x_wconf 87' lang='lat' dir='ltr'><strong>cupiditatis</strong></span> <span class='ocrx_word' id='word_1_714' title='bbox 3190 5012 3324 5051; x_wconf 89' lang='lat' dir='ltr'><strong>vero</strong></span> <span class='ocrx_word' id='word_1_715' title='bbox 3360 5006 3498 5051; x_wconf 59' lang='lat' dir='ltr'><strong>aestu</strong></span> 
     </span>
    </p>
   </div>
   <div class='ocr_carea' id='block_1_108' title="bbox 1924 5085 3500 5157">
    <p class='ocr_par' dir='ltr' id='par_1_108' title="bbox 1924 5085 3500 5157">
     <span class='ocr_line' id='line_1_108' title="bbox 1924 5085 3500 5157; baseline 0.001 -20"><span class='ocrx_word' id='word_1_716' title='bbox 1924 5093 2140 5152; x_wconf 83' lang='lat' dir='ltr'><strong>agente,</strong></span> <span class='ocrx_word' id='word_1_717' title='bbox 2200 5098 2227 5135; x_wconf 91' lang='lat' dir='ltr'><strong>a</strong></span> <span class='ocrx_word' id='word_1_718' title='bbox 2279 5098 2481 5138; x_wconf 89' lang='lat' dir='ltr'><strong>vesano</strong></span> <span class='ocrx_word' id='word_1_719' title='bbox 2533 5085 2741 5155; x_wconf 90' lang='lat' dir='ltr'><strong>impetu</strong></span> <span class='ocrx_word' id='word_1_720' title='bbox 2793 5103 2855 5141; x_wconf 90' lang='lat' dir='ltr'><strong>ac</strong></span> <span class='ocrx_word' id='word_1_721' title='bbox 2903 5101 3200 5157; x_wconf 83' lang='lat' dir='ltr'><strong>congressu</strong></span> <span class='ocrx_word' id='word_1_722' title='bbox 3252 5101 3311 5140; x_wconf 91' lang='lat' dir='ltr'><strong>se</strong></span> <span class='ocrx_word' id='word_1_723' title='bbox 3364 5095 3500 5139; x_wconf 82' lang='lat' dir='ltr'><strong>tem-</strong></span> 
     </span>
    </p>
   </div>
   <div class='ocr_carea' id='block_1_109' title="bbox 1925 5183 2099 5243">
    <p class='ocr_par' dir='ltr' id='par_1_109' title="bbox 1925 5183 2099 5243">
     <span class='ocr_line' id='line_1_109' title="bbox 1925 5183 2099 5243; baseline -0.006 -16"><span class='ocrx_word' id='word_1_724' title='bbox 1925 5183 2099 5243; x_wconf 84' lang='lat' dir='ltr'><strong>perat.</strong></span> 
     </span>
    </p>
   </div>
   <div class='ocr_carea' id='block_1_110' title="bbox 1996 5262 3504 5335">
    <p class='ocr_par' dir='ltr' id='par_1_110' title="bbox 1996 5262 3504 5335">
     <span class='ocr_line' id='line_1_110' title="bbox 1996 5262 3504 5335; baseline 0.003 -18"><span class='ocrx_word' id='word_1_725' title='bbox 1996 5265 2083 5318; x_wconf 72' lang='lat'><strong>52.</strong></span> <span class='ocrx_word' id='word_1_726' title='bbox 2126 5262 2245 5328; x_wconf 85' lang='lat' dir='ltr'><strong>Quo</strong></span> <span class='ocrx_word' id='word_1_727' title='bbox 2276 5271 2523 5330; x_wconf 88' lang='lat' dir='ltr'><strong>tempore</strong></span> <span class='ocrx_word' id='word_1_728' title='bbox 2565 5265 2899 5319; x_wconf 80' lang='lat' dir='ltr'><strong>teutationcs</strong></span> <span class='ocrx_word' id='word_1_729' title='bbox 2932 5266 3216 5335; x_wconf 89' lang='lat' dir='ltr'><strong>ingruunt,</strong></span> <span class='ocrx_word' id='word_1_730' title='bbox 3245 5282 3315 5321; x_wconf 91' lang='lat' dir='ltr'><strong>ne</strong></span> <span class='ocrx_word' id='word_1_731' title='bbox 3337 5267 3504 5321; x_wconf 87' lang='lat' dir='ltr'><strong>dese—</strong></span> 
     </span>
    </p>
   </div>
   <div class='ocr_carea' id='block_1_111' title="bbox 1924 5354 3506 5424">
    <p class='ocr_par' dir='ltr' id='par_1_111' title="bbox 1924 5354 3506 5424">
     <span class='ocr_line' id='line_1_111' title="bbox 1924 5354 3506 5424; baseline 0 -15"><span class='ocrx_word' id='word_1_732' title='bbox 1924 5371 2013 5409; x_wconf 87' lang='lat' dir='ltr'><strong>ras</strong></span> <span class='ocrx_word' id='word_1_733' title='bbox 2042 5354 2439 5409; x_wconf 89' lang='lat' dir='ltr'><strong>monasterium</strong></span> <span class='ocrx_word' id='word_1_734' title='bbox 2472 5362 2661 5419; x_wconf 86' lang='lat' dir='ltr'><strong>tuum;</strong></span> <span class='ocrx_word' id='word_1_735' title='bbox 2693 5357 2825 5424; x_wconf 92' lang='lat' dir='ltr'><strong>quin</strong></span> <span class='ocrx_word' id='word_1_736' title='bbox 2862 5366 3088 5411; x_wconf 82' lang='lat' dir='ltr'><strong>strenue</strong></span> <span class='ocrx_word' id='word_1_737' title='bbox 3127 5358 3270 5412; x_wconf 84' lang='lat' dir='ltr'><strong>ferto</strong></span> <span class='ocrx_word' id='word_1_738' title='bbox 3299 5359 3506 5411; x_wconf 76' lang='lat' dir='ltr'><strong>fluctus</strong></span> 
     </span>
    </p>
   </div>
   <div class='ocr_carea' id='block_1_112' title="bbox 1890 5442 3501 5513">
    <p class='ocr_par' dir='ltr' id='par_1_112' title="bbox 1890 5442 3501 5513">
     <span class='ocr_line' id='line_1_112' title="bbox 1890 5442 3501 5513; baseline 0.001 -16"><span class='ocrx_word' id='word_1_739' title='bbox 1890 5442 2353 5513; x_wconf 14' lang='lat' dir='ltr'><strong>geogitatiionum;</strong></span> <span class='ocrx_word' id='word_1_740' title='bbox 2391 5444 2699 5512; x_wconf 75' lang='lat' dir='ltr'><strong>przesertim</strong></span> <span class='ocrx_word' id='word_1_741' title='bbox 2739 5461 2872 5499; x_wconf 89' lang='lat' dir='ltr'><strong>vero</strong></span> <span class='ocrx_word' id='word_1_742' title='bbox 2910 5446 3145 5501; x_wconf 79' lang='lat' dir='ltr'><strong>tristitia:</strong></span> <span class='ocrx_word' id='word_1_743' title='bbox 3181 5456 3237 5501; x_wconf 87' lang='lat' dir='ltr'><strong>ct</strong></span> <span class='ocrx_word' id='word_1_744' title='bbox 3273 5447 3501 5502; x_wconf 69' lang='lat' dir='ltr'><strong>acedire.</strong></span> 
     </span>
    </p>
   </div>
   <div class='ocr_carea' id='block_1_113' title="bbox 1922 5532 3495 5607">
    <p class='ocr_par' dir='ltr' id='par_1_113' title="bbox 1922 5532 3495 5607">
     <span class='ocr_line' id='line_1_113' title="bbox 1922 5532 3495 5607; baseline 0.002 -19"><span class='ocrx_word' id='word_1_745' title='bbox 1922 5533 2013 5588; x_wconf 89' lang='lat' dir='ltr'><strong>Sic</strong></span> <span class='ocrx_word' id='word_1_746' title='bbox 2039 5533 2186 5588; x_wconf 88' lang='lat' dir='ltr'><strong>enim</strong></span> <span class='ocrx_word' id='word_1_747' title='bbox 2227 5541 2379 5587; x_wconf 89' lang='lat' dir='ltr'><strong>certa</strong></span> <span class='ocrx_word' id='word_1_748' title='bbox 2415 5532 2832 5604; x_wconf 88' lang='lat' dir='ltr'><strong>dispensatione</strong></span> <span class='ocrx_word' id='word_1_749' title='bbox 2875 5553 2975 5607; x_wconf 89' lang='lat' dir='ltr'><strong>per</strong></span> <span class='ocrx_word' id='word_1_750' title='bbox 3019 5536 3345 5593; x_wconf 76' lang='lat' dir='ltr'><strong>aﬂlictiones</strong></span> <span class='ocrx_word' id='word_1_751' title='bbox 3376 5553 3495 5607; x_wconf 86' lang='lat' dir='ltr'><strong>pro-</strong></span> 
     </span>
    </p>
   </div>
   <div class='ocr_carea' id='block_1_114' title="bbox 316 5829 1815 5906">
    <p class='ocr_par' dir='ltr' id='par_1_114' title="bbox 316 5830 1815 5905">
     <span class='ocr_line' id='line_1_114' title="bbox 316 5830 1815 5905; baseline 0.001 -21"><span class='ocrx_word' id='word_1_752' title='bbox 316 5830 386 5901; x_wconf 76' lang='lat' dir='ltr'><strong>(g)</strong></span> <span class='ocrx_word' id='word_1_753' title='bbox 420 5832 584 5885; x_wconf 79' lang='grc' dir='ltr'>Οὕτω</span> <span class='ocrx_word' id='word_1_754' title='bbox 614 5833 723 5900; x_wconf 74' lang='grc' dir='ltr'><strong>γὰρ</strong></span> <span class='ocrx_word' id='word_1_755' title='bbox 750 5833 1158 5901; x_wconf 73' lang='grc' dir='ltr'>οἰκονομικῶς.</span> <span class='ocrx_word' id='word_1_756' title='bbox 1228 5833 1312 5889; x_wconf 79' lang='lat' dir='ltr'><strong>Sic</strong></span> <span class='ocrx_word' id='word_1_757' title='bbox 1342 5833 1578 5905; x_wconf 72' lang='lat' dir='ltr'><strong>provide,</strong></span> <span class='ocrx_word' id='word_1_758' title='bbox 1614 5846 1677 5886; x_wconf 90' lang='lat' dir='ltr'><strong>ac</strong></span> <span class='ocrx_word' id='word_1_759' title='bbox 1733 5847 1815 5902; x_wconf 60' lang='lat' dir='ltr'><strong>qui</strong></span> 
     </span>
    </p>
   </div>
   <div class='ocr_carea' id='block_1_115' title="bbox 1920 5829 3506 5906">
    <p class='ocr_par' dir='ltr' id='par_1_115' title="bbox 1920 5829 3506 5906">
     <span class='ocr_line' id='line_1_115' title="bbox 1920 5829 3506 5906; baseline -0.003 -22"><span class='ocrx_word' id='word_1_760' title='bbox 1920 5829 2156 5897; x_wconf 86' lang='lat' dir='ltr'><strong>reddidi,</strong></span> <span class='ocrx_word' id='word_1_761' title='bbox 2191 5840 2334 5888; x_wconf 77' lang='lat' dir='ltr'><strong>certa</strong></span> <span class='ocrx_word' id='word_1_762' title='bbox 2359 5833 2768 5906; x_wconf 76' lang='lat' dir='ltr'><strong>dispensatione.</strong></span> <span class='ocrx_word' id='word_1_763' title='bbox 2820 5834 2912 5889; x_wconf 91' lang='lat' dir='ltr'><strong>Sic</strong></span> <span class='ocrx_word' id='word_1_764' title='bbox 2968 5850 3023 5888; x_wconf 85' lang='grc' dir='ltr'>η.</span> <span class='ocrx_word' id='word_1_765' title='bbox 3051 5832 3152 5886; x_wconf 79' lang='grc' dir='ltr'>5οε</span> <span class='ocrx_word' id='word_1_766' title='bbox 3193 5833 3301 5903; x_wconf 79' lang='grc' dir='ltr'><strong>Τῆς</strong></span> <span class='ocrx_word' id='word_1_767' title='bbox 3351 5846 3506 5886; x_wconf 57' lang='grc' dir='ltr'>κενοα</span> 
     </span>
    </p>
   </div>
   <div class='ocr_carea' id='block_1_116' title="bbox 642 5926 1235 5991">
    <p class='ocr_par' dir='ltr' id='par_1_116' title="bbox 642 5926 1235 5991">
     <span class='ocr_line' id='line_1_116' title="bbox 642 5926 1235 5991; baseline 0.003 -2"><span class='ocrx_word' id='word_1_768' title='bbox 642 5926 908 5989; x_wconf 77' lang='lat' dir='ltr'><strong>PA&#39;mOL.</strong></span> <span class='ocrx_word' id='word_1_769' title='bbox 954 5927 1068 5986; x_wconf 79' lang='lat' dir='ltr'><strong>Gn.</strong></span> <span class='ocrx_word' id='word_1_770' title='bbox 1111 5927 1235 5991; x_wconf 83' lang='lat' dir='ltr'><strong>XC.</strong></span> 
     </span>
    </p>
   </div>
   <div class='ocr_carea' id='block_1_117' title="bbox 3063 5924 3162 5983">
    <p class='ocr_par' dir='ltr' id='par_1_117' title="bbox 3063 5924 3162 5983">
     <span class='ocr_line' id='line_1_117' title="bbox 3063 5924 3162 5983; baseline 0.01 -1"><span class='ocrx_word' id='word_1_771' title='bbox 3063 5924 3162 5983; x_wconf 82' lang='lat'><strong>31&#39;</strong></span> 
     </span>
    </p>
   </div>
  </div>
