4048 6430
305 350 413 414 973

1224 349 1559 413 CAPITUM
1595 353 1695 415 DE
1731 353 2163 421 CHARITATE
2202 359 2591 426 CENTURIA
2629 366 2679 425 Ι.

3450 374 3557 440 974

374 458 481 529 ξα⁹.
525 459 675 531 Ἐγὼ
701 458 946 529 δὲλέγω
977 461 1140 532 ὑμῖν,
1180 465 1345 535 φησὶν
1371 468 1401 519 ὁ
1443 466 1684 538 Κύριος’
1723 468 1875 538 Ἀγα-

1990 566 1995 567 ,
2046 472 2135 527 61.
2166 472 2280 545 Ego
2299 486 2477 531 autem
2509 480 2625 534 dico
2646 482 2810 546 vobis,
2834 481 2971 539 dicit
3000 476 3269 542 Dominus
3290 529 3319 555 ς
3342 490 3558 567 Diligits

303 551 460 607 πᾶτε
488 551 631 617 τοὺς
648 551 903 622 ἐχθροὺς
928 553 1097 622 ὑμῶν
1116 570 1131 584 '
1157 554 1359 621 καλῶς
1385 559 1607 613 ποιεῖτε
1633 558 1759 626 τοῖς
1781 578 1877 628 μι-

301 644 536 698 σοῦσιν
589 644 775 713 ὑμᾶς·
829 647 1244 715 προσεύχεσθε
1283 651 1433 718 ὑπὲρ
1466 651 1586 704 τῶν
1624 652 1879 719 ἐπηρεα-

300 735 528 798 ζόντων
561 734 737 805 ὑμᾶς.
791 739 890 790 Διά
926 737 980 791 τί
1028 738 1205 792 ταῦτα
1251 742 1616 812 προσέταξενς
1645 744 1763 798 Ἵνα
1817 761 1879 797 σε

302 828 501 898 μίσους
524 828 619 882 καὶ
651 826 826 893 λύπης
879 828 974 881 καὶ
1004 828 1174 900 ὀργῆς
1204 832 1298 885 καὶ
1331 835 1696 903 μνησικακίας
1724 836 1879 889 ἐλευ-

300 916 546 991 θερώσῃ,
596 920 694 971 καὶ
750 917 845 972 τοῦ
905 921 1163 988 μεγίστου
1206 923 1483 994 κτήματος
1530 926 1631 997 τῆς
1666 927 1878 991 τελείας

297 1017 525 1086 ἀγάπης
579 1012 925 1086 καταξιώσῃ·
977 1015 1045 1087 ἢν
1080 1017 1364 1089 ἀμήχανον
1420 1019 1585 1090 ἔχειν,
1647 1020 1738 1074 τὸν
1802 1023 1877 1094 μὴ

298 1108 511 1171 πάντας
572 1107 894 1179 ἀνθρώπους
951 1108 1014 1172 ἐξ
1067 1108 1182 1163 ῐσου
1231 1111 1535 1178 ἀγαπῶντα
1599 1114 1740 1168 κατὰ
1791 1114 1879 1185 μί-

299 1216 472 1269 μησιν
504 1198 663 1264 Θεοῦ,
699 1198 796 1253 τοῦ
844 1200 1058 1264 πάντας
1108 1200 1431 1274 ἀνθρώπους
1476 1204 1535 1271 ἐξ
1581 1204 1697 1259 ἴσου
1741 1207 1878 1275 ἀγα-

298 1291 546 1356 πῶντος,
592 1292 690 1346 καὶ⁵
741 1292 989 1357 Θέλοντος
1022 1292 1262 1364 σωθῆναι
1306 1296 1403 1350 καὶ
1451 1297 1532 1359 είς
1581 1295 1876 1366 ἐπίγνωσιν

296 1384 562 1452 ἀληθείας
599 1383 793 1437 ἐλθεῖν.

372 1474 472 1545 ξβο.
517 1473 665 1545 Ἐγὼ
709 1474 778 1529 δὲ
828 1475 986 1545 λέγω
1032 1474 1213 1543 ὑμῖν-ο
1246 1475 1341 1545 Μὴ
1388 1477 1747 1547 ἀντιστῆναι
1795 1478 1875 1546 τῷ

296 1566 577 1634 πονηρῷ*
622 1567 762 1621 ἀλλ’
798 1567 966 1634 ὅστις
990 1584 1066 1621 σε
1098 1568 1349 1636 ραπίσει
1374 1568 1472 1622 ἐπὶ
1512 1569 1627 1636 τὴν
1666 1569 1875 1635 δεξιὰν

295 1657 577 1728 σιαγόνα,
597 1658 868 1727 στρέψον
895 1657 1057 1724 αὐτῷ
1095 1659 1196 1713 καὶ
1234 1660 1348 1727 τὴν
1390 1659 1593 1723 ἀλλην
1615 1677 1630 1693 ο
1666 1661 1765 1715 καὶ
1794 1658 1873 1727 τῷ

297 1750 542 1805 θέλοντί
566 1765 666 1805 σοι
699 1750 972 1818 κριθῆναι
993 1751 1089 1804 καὶ
1120 1751 1229 1805 τὸν
1248 1750 1475 1820 χιτῶνά
1498 1768 1615 1806 σου
1640 1752 1868 1818 λαϐεῖν,

295 1839 447 1907 ἄφες
470 1837 634 1905 αὐτῷ
667 1812 767 1895 καὶ
800 1812 868 1895 τό
912 1841 1176 1911 ἱμάτιον·
1208 1812 1309 1896 κᾶι
1360 1840 1441 1907 τῷ
1479 1812 1871 1911 ἁγγαρεύοντί
1901 1812 1945 1868 Β

295 1948 369 1986 σε
398 1934 612 2002 μίλιον·
639 1932 730 1997 ἐν,
758 1933 951 2004 ὕπαγε
977 1935 1104 2004 μετ’
1132 1934 1321 1989 αὐτοῦ
1352 1934 1482 1990 δύο.
1500 1935 1603 1988 Διὰ
1629 1935 1714 2000 τίς
1755 1937 1872 1990 Ἷνα

295 2027 391 2078 καὶ
416 2025 478 2079 σὲ
504 2026 772 2097 ἀόργητον
797 2028 890 2081 καὶ
905 2027 1179 2098 ἀτάραχον
1209 2026 1512 2099 διαφυλάξῃ
1535 2027 1628 2082 καὶ
1642 2029 1870 2093 ἄλυπον,

295 2118 551 2171 κάκεῖνον
593 2118 682 2173 διὰ
732 2121 830 2190 τῆς
879 2121 978 2191 σῆς
1031 2118 1383 2185 ἀνεξικακίας
1435 2120 1737 2194 παιδεύσῃ,
1777 2122 1872 2176 καὶ

292 2209 642 2282 ἀμφοτέρους
663 2209 739 2275 ὡς
770 2209 975 2279 ἀγαθὸς
1006 2212 1113 2267 ὑπὸ
1146 2212 1239 2267 τὸν
1296 2212 1458 2282 ζυγὸν
1489 2214 1587 2284 τῆς
1646 2214 1871 2286 ἀγάπης

295 2300 508 2371 ἀγάγῃο

365 2390 467 2460 ξγ’.
505 2390 648 2463 Πρὸς
690 2392 834 2463 ἅπερ
880 2393 1184 2465 πράγματά
1227 2409 1360 2448 ποτε
1388 2394 1761 2464 «πεπόνθαμεν
1783 2395 1868 2465 (j),

292 2484 503 2538 τούτων
550 2486 647 2538 καὶ
690 2486 793 2549 τάς
827 2486 1126 2555 φαντασίας
1170 2487 1434 2557 ἐμπαθεῖς
1474 2488 1867 2558 περιφέρομεν.

304 2577 367 2630 '0
400 2571 494 2631 οὖν
519 2577 619 2638 τὰς
644 2578 908 2647 ἐμπαθεῖς
935 2578 1100 2633 νικῶν
1125 2579 1445 2648 φαντασίας,
1474 2581 1566 2634 καὶ
1590 2580 1701 2635 τῶν
1729 2597 1870 2651 πρα-

292 2667 530 2737 γμάτων,
546 2660 620 2722 ὧν
641 2668 713 2721 αἱ.
740 2668 1033 2737 φαντασίαι
1052 2670 1267 2733 πάντως
1298 2671 1661 2742 καταφρονεῖ*
1683 2668 1870 2740 ἐπειδὴ

291 2759 389 2814 τοῦ
423 2761 561 2831 πρὸς
588 2761 660 2815 τὰ
694 2763 996 2832 πράγματα
1019 2761 1257 2833 πολέμου
1281 2763 1310 2815 ὁ
1342 2761 1479 2833 πρὸς
1515 2761 1615 2825 τὰς
1649 2762 1871 2833 μνήμας

290 2852 550 2907 τοσοῦτόν
579 2854 697 2908 ἐστι
721 2852 1102 2925 χαλεπώτερος
1121 2894 1138 2919 ,
1168 2854 1294 2908 ὅσον
1319 2854 1415 2908 τοῦ
1443 2854 1565 2908 κατ’
1592 2855 1870 2925 ἐνέργειαν

293 2945 654 3018 ἁμαρτάνειν,
674 2947 737 3000 τὸ
765 2947 906 3000 κατὰ
929 2947 1165 3001 διάνοιαν
1189 2949 1337 3003 ἐστιν
1363 2946 1761 3020 εὐκοπώτερον.

372 3236 465 3302 ξδ’.
498 3236 622 3291 Τῶν
651 3238 842 3293 παθῶν
870 3239 940 3294 τὰ
978 3241 1078 3311 μέν
1113 3242 1230 3294 ἐστι
1266 3240 1555 3314 σωματικά
1588 3242 1687 3313 (7),
1714 3241 1785 3297 τὰ
1815 3243 1871 3297 δὲ

295 3328 521 3399 ψυχικά.
561 3330 675 3383 Καὶ
702 3331 770 3383 τὰ
799 3331 898 3401 μὲν
926 3334 1238 3403 σωματικά,
1258 3335 1324 3388 ἐκ
1351 3334 1447 3387 τοῦ
1476 3332 1730 3406 σώματος
1758 3334 1872 3407 ἔχει

289 3424 397 3485 τὰς
422 3423 709 3495 ἀφορμάς
739 3424 808 3478 τά
863 3424 922 3478 δὲ
960 3426 1187 3497 ψυχικά,
1230 3429 1296 3480 ἐκ
1338 3426 1448 3481 τῶν
1477 3428 1679 3495 ἔξωθεν
1726 3445 1872 3500 πρα-

288 3516 544 3585 γμάτων.
577 3516 889 3588 Ἀμφότερα
905 3518 961 3570 δὲ
986 3520 1305 3591 περικόπτει
1332 3522 1522 3593 ἀγάπη
1543 3524 1637 3576 καὶ
1669 3522 1872 3592 ἐγκρά-

288 3618 420 3653 τεια
442 3618 455 3632 ο
489 3603 522 3672 ἡ
555 3603 675 3673 μὲν,
703 3602 774 3657 τὰ
804 3604 1013 3676 ψυχικά
1033 3622 1046 3636 ο
1071 3608 1104 3677 ἠ
1129 3608 1209 3672 δὲ,
1237 3608 1308 3662 τά
1348 3612 1657 3680 σωματικά.

372 3690 465 3757 ξεί.
501 3695 580 3747 Τὰ
614 3696 714 3765 μὲν
744 3696 853 3749 τῶν
884 3697 1093 3764 παθῶν,
1131 3699 1226 3753 τοῦ
1252 3700 1485 3773 θυμικοῦ
1506 3719 1521 3736 ο
1556 3704 1626 3758 τὰ
1674 3705 1733 3759 δὲ
1774 3707 1870 3760 τοῦ

287 3784 694 3857 ἐπιθυμητικοῦ
742 3789 941 3859 μέρους
967 3792 1067 3860 τῆς
1094 3790 1291 3862 ψυχῆς,
1341 3795 1622 3865 τυγχάνει.
1663 3797 1871 3867 Ἀμφό-

291 3894 436 3949 τερα
467 3878 545 3943 δέ,
576 3878 664 3932 διὰ
691 3879 799 3933 τῶν
828 3881 1133 3951 αἰσθήσεων
1168 3888 1421 3939 κινεῖται.
1449 3885 1582 3940 Τότε
1614 3887 1671 3942 δέ
1705 3892 1871 3943 κινεῖ-

286 3987 410 4032 ται,
443 3970 530 4024 ὅτε
559 3971 778 4043 ἀγάπης
815 3974 849 4043 ἡ
877 3972 1022 4045 ψυχὴ
1055 3974 1151 4027 καὶ
1175 3977 1502 4047 ἐγκρατείας
1528 3979 1686 4044 ἐκτὸς
1719 3980 1868 4052 εὑρί-

295 4079 513 4119 σκεται.

372 4154 481 4219 ξςθ.
523 4157 1011 4228 Δυσκαταγώνιστα
1042 4160 1241 4231 μᾶλλον
1266 4160 1333 4215 τὰ
1357 4162 1452 4216 τοῦ
1494 4163 1730 4234 θυμικοῦ
1771 4164 1869 4235 μέ-

293 4263 428 4315 ρους
447 4247 544 4318 τῆς
569 4248 747 4320 ψυχῆς
782 4250 930 4322 πάθη
953 4250 1052 4324 (8),
1076 4252 1230 4324 παρὰ
1257 4253 1325 4307 τά
1351 4252 1444 4307 τοῦ
1472 4255 1870 4327 ἐπιθυμητικοῦ

287 4340 571 4408 τυγχάνει.
594 4342 686 4395 Διὸ
721 4344 815 4397 καὶ
846 4344 1029 4414 μεῖζον
1059 4345 1122 4398 τὸ
1154 4347 1446 4418 φάρμακον
1476 4349 1594 4402 κατ’
1615 4348 1807 4415 αὐτοῦ,
1836 4352 1870 4421 ἠ

289 4431 486 4503 ἐντολὴ
512 4434 613 4504 τῆς
642 4435 864 4506 ἀγάπης
889 4437 995 4490 ὑπὸ
1025 4437 1119 4490 τοῦ
1149 4440 1356 4512 Κυρίου
1387 4440 1565 4511 ἐδόθη.

369 4521 465 4587 ξζκ
504 4526 688 4579 Πάντα
719 4528 789 4581 τὰ
822 4528 960 4582 ἄλλα
990 4529 1158 4597 πάθη,
1199 4531 1232 4603 ἢ
1282 4530 1377 4584 τοῦ
1406 4531 1642 4603 θυμικοῦ
1671 4535 1870 4605 μέρους
1902 4512 1948 4569 D

286 4616 398 4685 τῆς
427 4616 623 4689 ψυχῆς,
650 4618 683 4690 ἢ
710 4619 803 4673 τοῦ
837 4621 1239 4694 ἐπιθυμητικοῦ
1267 4624 1430 4695 μόνον
1465 4626 1803 4695 ἐφάπτεται·
1834 4627 1869 4700 ἢ

289 4708 395 4761 καὶ
426 4710 517 4789 τοῦ
546 4709 875 4780 λογιστικοῦ,
900 4714 978 4778 ὡς
1013 4716 1046 4784 ἡ
1078 4715 1214 4789 λήθη
1263 4717 1360 4770 καὶ
1401 4720 1435 4790 ἡ
1470 4719 1694 4789 ἄγνοια·
1742 4723 1774 4792 ἡ
1810 4721 1869 4775 δὲ

287 4802 515 4871 ἀκηδία,
546 4804 738 4857 πασῶν
768 4804 877 4859 τῶν
901 4806 1002 4877 τῆς
1028 4808 1209 4880 ψυχῆς
1237 4811 1520 4881 δυνάμεων
1552 4813 1871 4885 ἐπιδραττο-

222 4930 225 4933 -
294 4894 460 4964 μένη,
500 4895 678 4949 πάντα
706 4896 893 4964 σχεδὸν
925 4897 1270 4968 ὁμοθυμαδὸν
1299 4903 1444 4954 κινεῖ
1482 4902 1550 4955 τὰ
1576 4902 1743 4974 πάθῃ.
1779 4901 1871 4956 Διὸ

286 4987 390 5039 καὶ
425 4986 641 5039 πάντων
675 4988 786 5043 τῶν
813 4988 990 5042 ἄλλων
1028 4991 1220 5044 παθῶν
1251 4996 1371 5047 ἐστι
1406 4994 1729 5066 βαρύτατον.
1758 4999 1871 5051 Κα-

286 5074 407 5138 λῶς
431 5072 524 5130 οὖν
551 5078 580 5130 ὁ
608 5077 810 5149 Κύριος
838 5078 901 5133 τὸ
928 5082 1048 5135 κατ’
1079 5083 1250 5154 αὐτῆς
1268 5085 1558 5156 φάρμακον
1589 5086 1870 5153 δεδωκὼς,

307 5166 416 5220 Ἐν
444 5168 519 5237 τῇ
557 5173 836 5244 ὑπομονῇ
863 5174 1052 5246 ὑμῶν,
1074 5176 1248 5246 λέγει,
1283 5180 1599 5250 κτήσασθε
1634 5182 1742 5248 τὰς
1763 5186 1873 5253 ψυ-

290 5260 413 5326 χὰς
438 5262 621 5331 ὑμῶν.

1979 566 2218 621 inimicos
2234 577 2463 634 vestros;
2486 571 2773 643 benefacite
2794 576 2880 638 iis,
2904 580 2995 647 qui
3018 577 3242 635 oderunt
3260 598 3348 637 vos
3368 601 3385 639 :
3408 596 3558 644 orate

1979 671 2074 723 pro
2101 655 2552 714 calumniantibus
2595 679 2685 717 vos
2723 666 2788 719 ²².
2827 666 3101 732 Quorsum
3145 669 3263 735 haec
3302 673 3379 728 illi
3418 691 3559 745 pra:-

1978 750 2176 818 cepta?
2214 751 2284 807 Ut
2312 753 2576 809 nimirum
2610 757 2680 810 ab
2703 757 2834 813 odio
2864 768 2922 814 ct
2945 761 3171 819 tristitia
3200 773 3256 818 et
3291 763 3371 821 ira
3392 776 3449 823 et
3473 769 3555 824 si-

1977 841 2205 896 multate
2259 842 2469 900 liberos
2530 855 2836 914 praestaret,
2882 864 3054 919 reque
3107 855 3380 921 omnium,
3433 873 3557 927 quas

1977 933 2168 988 haberi
2207 946 2459 1005 possunt,
2506 938 2740 993 maxima
2780 940 3132 1011 dignaretur;
3172 945 3414 1014 perfecta
3446 947 3557 1003 sci-

1975 1026 2107 1081 licet
2141 1027 2408 1085 charitate
2457 1048 2470 1083 :
2522 1047 2630 1100 qua
2672 1033 2960 1101 praeditum
3035 1050 3156 1091 esse
3212 1036 3554 1108 impossibile

1975 1128 2080 1182 est,
2120 1121 2215 1191 qui
2248 1137 2441 1178 omnes
2471 1124 2723 1179 homines
2755 1141 2821 1180 ex
2850 1141 3008 1195 aequo
3047 1143 3158 1182 non
3193 1129 3419 1201 diligat;
3455 1132 3553 1188 Dei

1975 1212 2190 1268 scilicet
2233 1214 2564 1279 imitatione,
2617 1217 2711 1285 qui
2763 1233 3017 1288 peraeque
3065 1236 3258 1278 omnes
3300 1223 3554 1283 homines

1975 1303 2175 1374 diligit,
2214 1307 2442 1376 vultque
2485 1322 2584 1362 eos
2628 1308 2811 1364 salvos
2850 1310 2993 1376 ﬁeri,
3028 1320 3085 1366 et
3111 1312 3179 1367 ad
3208 1315 3551 1385 agnitionem

1974 1399 2225 1454 veritatis
2257 1401 2449 1455 venire
2480 1401 2546 1454 ".

2044 1489 2132 1545 62.
2165 1491 2278 1562 Ego
2304 1501 2482 1547 autem
2521 1493 2635 1548 dico
2655 1496 2831 1550 vobis:
2854 1496 2974 1552 Non
2996 1500 3239 1554 resistere
3264 1499 3430 1564 malo,
3460 1499 3553 1555 sed

1971 1580 2018 1634 si
2050 1583 2166 1651 quis
2203 1592 2253 1636 te
2298 1588 2615 1655 percusserit
2656 1589 2711 1641 in
2748 1588 3021 1643 dexteram
3064 1590 3369 1655 maxillam,
3410 1599 3553 1645 uerto

1972 1672 2055 1727 illi
2078 1683 2127 1727 et
2161 1674 2408 1732 alteram.
2440 1677 2512 1731 Et
2544 1680 2611 1742 ei,
2647 1681 2736 1749 qui
2762 1680 2890 1735 velit
2922 1689 3089 1736 tecum
3104 1683 3309 1753 judicio
3332 1692 3551 1739 conten-

1972 1765 2114 1831 dere,
2146 1773 2195 1820 et
2223 1768 2456 1822 tunicam
2484 1777 2631 1824 tuam
2657 1770 2860 1837 tollere,
2895 1773 3099 1827 dimitte
3123 1774 3172 1828 ei
3197 1783 3247 1828 et
3280 1775 3507 1846 pallium
3530 1791 3553 1828 :

1980 1864 2031 1908 et
2054 1858 2147 1927 qui
2171 1865 2221 1911 te
2251 1859 2487 1930 adegerit
2515 1859 2586 1913 ad
2614 1878 2780 1916 unum
2814 1861 3149 1928 milliarium,
3179 1864 3311 1919 vade
3341 1880 3461 1919 cum
3492 1881 3553 1919 eo

1978 1953 2029 2000 et
2057 1946 2169 2001 alia
2185 1948 2289 2001 duo
2314 1950 2381 2003 “.
2407 1948 2682 2015 Quorsum
2705 1950 2858 2005 haec?
2882 1951 2953 2007 Ut
2984 1960 3042 2006 et
3070 1959 3123 2006 te
3159 1951 3229 2006 ab
3267 1953 3418 2011 omni
3448 1952 3553 2007 ira-

1978 2041 2179 2095 cundia
2202 2050 2258 2095 et
2282 2043 2597 2098 turbatione
2627 2059 2691 2099 ac
2712 2043 2938 2099 tristitia
2955 2043 3255 2099 immunem
3278 2053 3550 2108 servaret,

1977 2141 2034 2187 et
2060 2140 2155 2187 tua
2182 2135 2474 2190 tolerantia
2515 2136 2670 2190 illum
2706 2136 2974 2199 erudiret,
3004 2135 3329 2205 ambosque,
3364 2143 3426 2190 ut
3454 2135 3552 2207 qui

1978 2225 2160 2282 bonus
2192 2228 2441 2292 exsistat,
2470 2242 2576 2282 suo
2605 2227 2919 2283 dilectionis
2950 2241 3016 2281 ac
3052 2225 3336 2282 charitatis
3360 2228 3553 2299 jugum

1977 2326 2217 2388 cogeret.

2048 2410 2138 2465 65.
2166 2409 2377 2477 Quibus
2407 2410 2573 2465 rebus
2603 2413 2933 2484 quandoque
2976 2415 3159 2471 aﬂ‘ecti
3199 2416 3426 2479 fuimus,
3459 2413 3579 2487 ha-q

1979 2518 2102 2556 rum
2122 2517 2345 2571 quoque
2362 2502 2688 2558 libidinosas
2709 2505 3071 2575 cogitationes
3091 2505 3552 2561 circumierimus.

1977 2595 2083 2662 Qui
2141 2595 2310 2665 igitur
2358 2594 2689 2650 libidinosas
2735 2595 2907 2649 vincit
2948 2598 3334 2664 cogitationes,
3386 2595 3557 2651 etiam

1978 2703 2088 2749 res.
2121 2702 2357 2757 quarum
2383 2696 2516 2741 sunt
2553 2686 2935 2758 cogitationes.
2972 2688 3200 2743 omnino
3228 2686 3554 2743 contemnit.

1978 2782 2155 2835 Tanto
2188 2781 2335 2835 enim
2378 2780 2621 2850 gravius,
2652 2779 2800 2848 quod
2837 2779 3106 2835 adversus
3152 2795 3341 2835 rerum
3384 2779 3559 2836 simu-

1977 2877 2147 2939 lacra,
2195 2876 2250 2930 in
2294 2874 2560 2929 memoria
2604 2874 2820 2938 relicta,
2854 2891 3019 2944 quam
3052 2874 3201 2947 quod
3241 2882 3433 2929 contra
3462 2887 3558 2928 res

1977 2969 2146 3038 ipsas,
2194 2967 2400 3022 bellum
2446 2969 2711 3039 gerimus,
2758 2979 2966 3038 quanto
3014 2966 3315 3038 proclivius
3364 2974 3451 3022 est
3492 2974 3555 3023 ut

1976 3070 2161 3116 mente
2209 3076 2273 3115 ac
2324 3060 2678 3131 cogitatione,
2724 3077 2890 3130 quam
2931 3069 2994 3114 ut
3040 3060 3161 3131 ipso
3213 3070 3341 3114 actu
3387 3067 3555 3129 atque

1897 3168 1941 3229 c
1971 3174 2140 3233 opere
2165 3169 2477 3227 peccemus.

2044 3252 2131 3307 64.
2181 3248 2519 3310 Aﬂ‘ectuum,
2570 3245 2662 3299 alii
2712 3242 3031 3313 corporales
3079 3251 3230 3308 sunt,
3277 3242 3371 3298 alii
3428 3242 3551 3299 ani-

1971 3344 2164 3399 males.
2205 3342 2283 3396 Ac
2313 3339 2537 3409 quidem
2565 3336 2903 3406 corporales,
2940 3351 3005 3389 ex
3040 3348 3270 3404 corpore
3308 3332 3555 3389 occasio-

1971 3452 2073 3493 nes
2105 3434 2312 3489 habent
2344 3450 2359 3485 :
2392 3428 2657 3484 animales
2680 3443 2836 3492 vero,
2861 3443 2929 3482 ex
2957 3427 3068 3482 illis
3096 3443 3219 3496 qua:
3248 3435 3379 3481 sunt
3414 3425 3551 3482 foris

1970 3526 2329 3601 proveniunt.
2373 3523 2648 3590 Utrosque
2698 3535 2835 3573 vero
2894 3528 3150 3573 resecant
3196 3519 3441 3574 charitas
3493 3527 3553 3575 et

1971 3617 2345 3677 continentia:
2377 3616 2491 3677 illa,
2520 3613 2823 3677 animales;
2854 3612 2991 3676 haec,
3024 3613 3355 3682 corporales.

2042 3712 2131 3767 65.
2160 3710 2497 3768 Atl‘ectuum,
2539 3704 2632 3759 alii
2670 3703 2963 3757 irascentis
2995 3703 3164 3757 animi
3195 3703 3372 3774 partis
3396 3713 3548 3766 sunt.

1971 3804 2065 3859 alii
2109 3796 2574 3871 concupiscentis.
2625 3797 2857 3866 Utrique
2903 3811 3037 3850 vero
3076 3810 3339 3850 sensuum
3381 3809 3552 3865 opera

1970 3904 2284 3951 moventur.
2331 3892 2597 3961 Tuncque
2645 3888 2784 3944 adeo
2835 3887 3048 3942 moveri
3090 3887 3383 3957 contingit,
3424 3902 3551 3943 cum

1970 3988 2131 4059 503
2179 3986 2398 4041 animus
2438 3992 2595 4038 extra
2648 3980 2975 4035 charitatem
3046 3977 3553 4048 continentiamque

1970 4075 2268 4131 exstiterit.

2041 4188 2129 4243 66.
2154 4186 2447 4241 lrascentis
2467 4184 2633 4238 animi
2657 4183 2831 4254 partis
2851 4181 3078 4236 affectus
3100 4179 3375 4236 difﬁcilius
3395 4180 3555 4250 longe

1971 4279 2272 4350 expugnari
2298 4286 2561 4348 possunt,
2618 4291 2781 4345 quam
2820 4273 3282 4343 concupiscentis.
3346 4272 3555 4327 Idcirco

1971 4373 2138 4426 etiam
2167 4371 2344 4441 majus
2372 4370 2635 4425 adversus
2661 4384 2781 4423 eam
2812 4366 3118 4421 remedium
3143 4381 3174 4419 a
3198 4366 3432 4421 Domino
3453 4363 3555 4418 da-

1976 4472 2090 4518 tum
2107 4469 2209 4525 est,
2236 4460 2554 4515 mandatum
2574 4459 2784 4514 scilicet
2800 4456 3089 4511 charitatis
3110 4470 3205 4509 seu
3223 4452 3553 4509 dilectionis.

2048 4554 2137 4609 67.
2176 4552 2373 4608 Cuncti
2404 4551 2498 4606 alii
2526 4548 2775 4614 allectus,
2812 4556 2906 4602 aut
2937 4546 3261 4601 irascentem
3292 4544 3558 4599 duntaxat

1964 4645 2407 4713 ‘animipartem.
2464 4651 2560 4695 aut
2589 4639 3406 4710 concupiscentemattingunt;
3462 4644 3558 4692 aut

1975 4738 2139 4792 etiam
2166 4735 2398 4790 rationis
2420 4734 2757 4796 facultatem,
2802 4742 2865 4787 ut
2886 4731 3090 4786 oblivio
3117 4742 3173 4786 et
3202 4728 3507 4800 ignorantia
3536 4744 3554 4783 :

1978 4826 2169 4883 acedia
2194 4841 2350 4891 vero,
2383 4839 2573 4880 omnes
2594 4824 2792 4879 anima:
2820 4824 2970 4878 vires
2999 4823 3329 4894 corripiens.
3363 4835 3557 4876 omnes

1978 4920 2095 4975 fere
2165 4920 2328 4975 simul
2397 4934 2621 4989 unoque
2685 4918 2893 4988 impetu
2937 4918 3174 4971 allectus
3222 4920 3553 4969 commovet.

1977 5015 2327 5085 Quapropter
2354 5013 2520 5068 etiam
2557 5012 2771 5066 cunctis
2797 5011 2920 5066 aliis
2949 5009 3241 5065 affectibus
3274 5006 3558 5061 molestior

1978 5116 2084 5162 est.
2119 5106 2265 5161 Bene
2305 5107 2472 5177 igitur
2508 5105 2798 5171 Dominus,
2822 5103 3098 5175 assignato
3124 5100 3392 5157 adversus
3433 5113 3556 5155 eam

1979 5198 2269 5253 remedio:
2302 5198 2366 5253 In
2415 5199 2677 5269 patientia
2736 5208 2933 5263 vestra,
2987 5197 3188 5269 inquit,
3246 5193 3560 5266 possidentis

1983 5288 2193 5341 animas
2217 5297 2418 5342 vestras
2442 5290 2510 5342 ”.

369 5378 418 5409 ³⁸
446 5379 641 5435 Matth.
669 5399 725 5448 ν,
752 5385 841 5439 44.
917 5386 962 5417 ’³
988 5386 1009 5441 l
1045 5387 1189 5444 Tim.
1216 5405 1274 5454 ιι,
1300 5389 1354 5443 5.
1431 5390 1477 5422 ’⁵
1504 5391 1694 5449 Matth.
1723 5413 1778 5464 v,
1810 5400 1875 5455 '59

1977 5403 2019 5455 ι.
2094 5402 2140 5433 ’⁸
2171 5402 2307 5457 Luc.
2337 5419 2447 5468 xxI,
2480 5404 2569 5460 i9.

369 5518 425 5600 (ξ
432 5519 460 5641 1)
512 5520 667 5602 ζῖρὸς
712 5520 864 5602 ἅζτερ
909 5521 1225 5603 πράγματά
1280 5541 1425 5578 ποτε
1462 5530 1867 5610 πεπόνθαμεν,

369 5591 424 5641 hi
482 5590 573 5641 hic
610 5588 832 5641 dlﬂimle
870 5608 976 5641 ms:
1006 5608 1132 5641 auls
1164 5594 1324 5641 nlane
1349 5595 1552 5641 hmanas
1578 5614 1631 5641 In
1686 5615 1867 5641 nomn.

292 5588 446 5665 Nihil
482 5590 573 5644 hic
610 5588 832 5665 diﬂicile
870 5591 977 5646 nisi
1006 5588 1132 5665 quis
1164 5594 1324 5660 plane
1349 5595 1552 5665 hospes
1578 5597 1631 5651 in
1686 5588 1871 5654 scien-

293 5662 375 5713 tia
408 5668 703 5738 morunlet
731 5661 1031 5738 ail'ectu_um
1064 5661 1314 5738 (totaque
1352 5661 1738 5738 ipsagGraacia)
1775 5670 1869 5735 sit,

335 5732 493 5785 uales
526 5729 807 5800 seObsop.
828 5740 886 5785 et
917 5729 1084 5787 Gesn.
1120 5729 1443 5798 ostendunt,
1470 5736 1601 5791 dum
1633 5729 1872 5794 sic'red;

335 5748 493 5785 uales
526 5748 807 5800 seuusop.
828 5748 886 5785 et
917 5748 1084 5787 uesn.
1120 5748 1443 5798 ostendunt,
1470 5748 1601 5791 dum
1633 5748 1715 5793 sic
1743 5748 1870 5794 red-

289 5748 440 5854 dunt
472 5840 487 5865 ,
539 5797 685 5867 Quas
710 5817 791 5855 res
830 5803 1099 5870 quondam
1128 5803 1368 5860 dolenter
1394 5806 1728 5877 pertulimus,
1760 5819 1870 5866 etc.

1976 5532 2098 5587 Non
2127 5533 2219 5588 hic
2248 5534 2318 5589 de
2341 5534 2556 5600 dolore,
2585 5534 2681 5590 sed
2706 5535 2775 5590 de
2794 5534 3029 5603 libidine
3053 5548 3239 5589 sermo
3276 5541 3361 5589 est
3390 5531 3560 5588 Maxi-

1979 5618 2101 5668 mo;
2128 5620 2291 5674 quam
2316 5621 2384 5659 ex
2415 5622 2604 5661 rerum
2641 5621 2767 5668 usu,
2810 5606 2866 5659 in
2907 5605 3227 5671 memoriam
3276 5603 3561 5673 cogitatio-

1978 5673 2190 5745 nesque
2218 5675 2387 5730 animi
2422 5675 2665 5745 imprimi
2684 5691 2760 5744 ,σο
2783 5675 3051 5740 derivari,
3081 5675 3185 5729 rite
3213 5673 3405 5739 tradit,
3429 5689 3561 5729 ver-

1981 5742 2182 5814 bisque
2217 5746 2457 5815 propriis
2480 5742 2631 5802 nulla
2657 5742 2884 5817 ambage
2918 5746 3201 5816 exprimit.
