4048 6444
553 349 658 421 9³15

1722 356 1781 416 S.
1823 348 2112 423 MAXIMI
2147 350 2655 414 CONFESSORIS

3669 352 3758 415 976

625 481 713 534 68.
755 475 831 531 Ne
858 489 1022 545 quem
1072 473 1304 529 fratrum
1347 472 1675 543 pulsaveris,
1709 470 2016 542 praesertim
2049 486 2133 525 m-

2308 467 2410 540 Eq’.
2443 467 2536 538 Μὴ
2558 465 2769 538 πλήξῃς
2797 464 2932 518 ποτέ
2958 481 3080 518 τινα
3111 463 3219 519 τῶν
3235 462 3474 532 ἀδελφῶν
3499 465 3589 535 (lt),
3619 485 3761 538 παρα.

553 568 810 624 consulto
833 581 938 622 nec
963 567 1113 637 justa
1146 565 1281 621 satis
1309 565 1493 635 aliqua
1520 578 1722 630 causa;
1763 580 1834 620 ne
1862 563 2003 619 forte
2025 576 2138 618 non

556 661 742 714 ferens
795 658 1124 722 molestiam,
1189 656 1306 726 ipse
1333 671 1392 711 se
1429 655 1788 722 subduxerit;
1818 655 2044 725 ﬁatque,
2077 662 2141 708 ut

555 766 841 822 nunquam
869 760 926 804 tu
959 752 1074 820 ipse
1103 749 1457 804 conscientia
1483 748 1974 819 reprehensionem
1996 746 2141 802 etfu-

557 844 693 913 gias,
735 859 857 912 quae
909 843 1053 896 inter
1086 841 1423 911 precandum
1460 842 1646 912 iugem
1685 841 1785 896 tibi
1846 853 2140 895 maerorem

557 933 773 998 atl‘erat,
797 941 1147 1002 mentemque
1184 948 1216 988 a
1255 931 1455 988 ﬁducia
1477 932 1665 987 divina
1699 931 1964 988 excutiat.

630 1027 720 1082 69.
760 1027 839 1080 Ne
867 1025 1232 1096 suspiciones,
1252 1040 1351 1080 seu
1381 1024 1551 1080 etiam
1584 1025 1864 1095 homines,
1903 1023 2143 1079 offendi-

565 1121 689 1175 cula
713 1119 812 1173 tibi
838 1118 1103 1173 adversus
1139 1118 1356 1187 aliquos
1398 1117 1734 1187 ingerentes,
1760 1115 2038 1186 patienter
2065 1113 2144 1168 fe-

559 1227 670 1266 ras.
703 1211 810 1278 Qui
852 1212 1003 1267 enim
1053 1211 1166 1264 ullo
1201 1209 1366 1264 modo
1385 1225 1454 1264 ex
1477 1209 1548 1264 iis
1574 1223 1698 1278 quae
1727 1208 1812 1262 vel
1858 1207 2144 1260 voluntate

563 1305 700 1357 tiunt
736 1305 822 1358 vel
874 1311 1072 1373 praeter
1119 1314 1242 1357 eam
1283 1302 1570 1365 eveniunt,
1609 1299 1788 1355 creari
1822 1298 1931 1353 sibi
1961 1297 2142 1352 oﬂ‘en-

561 1396 775 1451 sionem
795 1396 1094 1458 sustinent,
1117 1394 1262 1449 viam
1284 1393 1460 1465 pacis,
1489 1391 1558 1447 ad
1578 1391 1677 1447 Dei
1703 1391 1994 1446 scientiam
2015 1389 2148 1444 cha-

563 1487 726 1542 ritate
745 1488 948 1542 comite
985 1486 1133 1542 illius
1155 1495 1431 1542 amatores
1462 1483 1780 1548 ducentem,
1815 1481 2092 1537 nesciunt.

633 1662 722 1716 70.
763 1663 1009 1718 Necdum
1057 1662 1362 1733 perfectam
1414 1661 1743 1717 charitatcm
1795 1667 1992 1714 nactus
2040 1665 2146 1722 est,

562 1753 657 1822 qui
699 1769 800 1822 pro
839 1753 1126 1808 hominum
1159 1753 1331 1808 variis
1369 1751 1679 1815 aﬂ‘ectibus,
1725 1749 2149 1819 animorumque

2239 547 2412 630 λόγως
2438 561 2674 632 μάλιστα
2693 575 2707 588 ·
2748 558 2823 629 μή
2855 573 2987 610 ποτε
3023 557 3098 627 μὴ
3125 555 3308 626 φέρων
3331 557 3428 626 τὴν
3450 556 3632 627 θλίψιν,
3655 560 3764 614 ὑπο.

2239 653 2465 725 χωρήσῃ
2495 667 2510 683 ⁸
2554 651 2651 705 καὶ
2671 651 2731 704 οὐ
2774 650 2849 721 μὴ
2891 648 3132 720 ἐκφεύξῃ
3175 647 3306 700 ποτὲ
3337 649 3426 701 τὸν
3466 649 3665 720 ἔλεγχον
3687 653 3764 706 τοῦ

2241 743 2561 808 συνειδότος,
2593 743 2680 798 ἀεί
2711 760 2793 796 σοι
2843 741 3023 812 λύπην
3063 742 3120 793 ὲν
3161 739 3240 810 τῷ
3282 739 3456 810 καιρῷ
3503 743 3590 812 τῆς
3634 759 3769 814 προσ.

2240 838 2408 908 ευχῆς
2442 835 2834 909 προξενοῦντα,
2888 835 2987 890 καὶ
3036 833 3136 904 τῆς
3187 832 3338 896 θείας
3372 835 3662 906 παρρησίας
3695 839 3770 891 τὸν

2158 941 2162 945 ’
2242 928 2370 984 νοῦν
2391 928 2792 983 ἀπελαύνοντα.

2314 1021 2412 1089 ξθ’.
2448 1021 2540 1094 Μὴ
2560 1020 2772 1092 ἀνάσχῃ
2802 1019 2911 1072 τῶν
2945 1015 3221 1073 σκάνδαλά
3257 1033 3340 1070 σοι
3374 1018 3645 1088 φερουσῶν
3664 1020 3756 1074 ὑπο

2243 1116 2428 1177 νοιῶν,
2462 1115 2498 1172 ἢ
2530 1114 2624 1168 καὶ
2651 1111 2978 1183 ἀνθρώπων,
3014 1110 3158 1164 κατά
3195 1127 3376 1164 τινων.
3417 1111 3480 1162 Ol.
3503 1109 3604 1181 γάρ
3626 1127 3774 1181 παραυ

2244 1207 2525 1278 δεχόμενοι
2565 1206 2843 1261 σκάνδαλα
2871 1207 2930 1259 ὲν
2959 1198 3056 1275 οἴῳ
3088 1204 3290 1275 δήποτε
3323 1202 3505 1274 τρόπῳ
3530 1203 3630 1256 τῶν
3659 1209 3777 1260 κατά

2247 1299 2567 1371 προαίρεσιν
2595 1299 2630 1370 ἢ
2683 1297 2835 1368 παρά
2887 1296 3210 1368 προαίρεσιν
3255 1296 3664 1365 συμᾶιινόνιων,
3695 1298 3780 1350 οὐκ

2248 1393 2396 1446 ῐσασι
2421 1389 2522 1462 τὴν
2551 1390 2669 1445 ὁδὸν
2717 1390 2818 1460 τῆς
2868 1391 3118 1460 είρήνης,
3146 1387 3246 1458 τὴν
3293 1388 3562 1459 φέρουσαν
3597 1389 3676 1443 διὰ
3697 1389 3781 1459 τῆς

2247 1484 2470 1553 ἀγάπης
2525 1485 2608 1548 εἰς
2673 1483 2772 1554 τὴν
2816 1482 3024 1552 γνῶσιν
3079 1481 3174 1534 τοῦ
3224 1479 3363 1534 Θεοῦ
3425 1483 3548 1544 τοὺς
3608 1481 3781 1551 ταύτης

2248 1576 2506 1647 ἐραστάς.

2321 1673 2386 1723 o'.
2419 1667 2588 1722 Οὔπω
2640 1666 2753 1737 ἔχει
2798 1665 3014 1719 τελείαν
3067 1664 3167 1733 τὴν
3225 1663 3469 1734 ἀγάπην,
3513 1665 3540 1717 ὁ
3569 1663 3643 1716 ἔτι
3686 1665 3786 1724 ταῖς

2249 1758 2497 1827 γνώμαις
2533 1757 2644 1813 τῶν
2681 1756 2983 1828 ἀνθρώπων
3026 1753 3515 1826 συνδιατιθὲμενος.
3541 1751 3674 1819 Οἴου,
3711 1753 3789 1806 τὸν

563 1841 882 1898 diversitate
911 1843 1061 1897 varie
1095 1842 1352 1897 adicitur.
1395 1843 1554 1906 Puta,
1589 1840 1686 1912 qui
1725 1840 1850 1904 hac,
1887 1839 2048 1894 illave
2078 1837 2149 1893 de

2255 1849 2354 1919 μὲν
2390 1848 2624 1916 ἀγαπῶν
2644 1889 2659 1914 ,
2687 1849 2780 1902 τὸν
2811 1848 2868 1901 δὲ
2894 1846 3090 1914 μισῶν,
3125 1845 3215 1899 διὰ
3244 1844 3364 1898 τόδε
3401 1844 3434 1916 ἢ
3464 1844 3576 1897 τόδε
3601 1860 3612 1872 ο
3647 1844 3676 1914 ἦ
3711 1844 3791 1896 καὶ

560 1949 747 1998 causa,
777 1934 924 1989 hunc
951 1934 1148 2004 diligit,
1181 1934 1335 1988 illum
1360 1933 1498 1988 odit.
1533 1933 1662 1989 Sive
1693 1933 1860 1986 etiam
1890 1930 2146 1986 eumdem

561 2027 784 2081 easdem
807 2027 878 2081 ob
901 2041 1096 2081 causas
1129 2025 1296 2081 modo
1329 2025 1532 2096 diligit,
1564 2024 1729 2080 modo
1755 2023 1896 2078 odit.

633 2118 722 2174 Ἡ.
765 2118 1016 2173 Perlecta
1051 2117 1317 2181 charitas,
1343 2118 1628 2172 hominum
1657 2129 1826 2170 unam
1861 2122 2146 2177 naturam,

564 2225 665 2280 pro
687 2225 754 2264 eo
775 2225 840 2264 ac
872 2209 950 2263 illi
981 2210 1198 2265 diverse
1243 2208 1444 2276 animis
1474 2207 1777 2276 comparati
1801 2213 1933 2261 sunt
1957 2245 1974 2270 ,
2029 2219 2142 2259 non

564 2300 765 2354 scindit
792 2317 805 2365 ;
851 2300 947 2355 sed
979 2300 1048 2354 ad
1074 2315 1197 2354 eam
1225 2315 1445 2370 semper
1466 2298 1794 2369 respiciens,
1826 2311 2020 2351 omnes
2046 2296 2150 2350 ho-

565 2393 744 2447 mines
763 2409 918 2462 mquc
945 2393 1158 2464 diligit,
1187 2392 1364 2447 bonos
1384 2391 1610 2462 quidem
1647 2405 1712 2445 ac
1747 2389 2048 2452 studiosos,
2090 2397 2153 2443 ut

565 2485 808 2551 amicos;
831 2486 925 2554 qui
951 2494 1136 2540 autem
1159 2485 1285 2539 mali
1313 2485 1444 2544 sint.
1484 2483 1667 2554 diligit
1702 2493 1764 2536 ut
1787 2481 2069 2544 inimicos,
2094 2483 2151 2535 in

565 2591 664 2631 eos
694 2576 961 2632 beneficia
981 2577 1296 2638 conferens,
1320 2591 1384 2630 ac
1403 2575 1794 2646 longanimiter
1815 2588 2004 2644 agens,
2031 2587 2150 2626 ma-

568 2671 728 2739 laque
769 2670 838 2724 ab
865 2671 947 2724 eis
975 2670 1125 2724 illata
1151 2669 1426 2738 patienter
1448 2667 1633 2721 ferens
1657 2663 1894 2721 :malum
1923 2679 2153 2734 prorsus

566 2777 677 2816 non
715 2770 1008 2832 reputans;
1037 2762 1171 2831 quin
1196 2760 1405 2830 potius,
1428 2761 1594 2814 etiam
1624 2773 1728 2829 pro
1759 2759 1888 2822 illis,
1913 2758 1957 2812 si
1993 2772 2153 2812 occa-

567 2854 650 2909 sio
669 2855 972 2919 vocaverit,
1014 2855 1157 2909 mala
1191 2855 1450 2917 tolerans,
1475 2862 1535 2908 ut
1556 2861 1613 2908 et
1633 2853 1777 2919 illos,
1801 2853 1846 2907 si
1871 2852 1990 2907 fieri
2020 2867 2150 2921 pos--

567 2947 661 3012 sit,
711 2947 920 3001 amicos
959 2946 1182 3012 reddat;
1224 2947 1309 3002 sin
1341 2955 1548 3012 autem,
1571 2961 1738 3008 suam
1777 2945 1869 3000 illa
1901 2944 2152 2999 affectio-

567 3057 695 3096 nem
729 3057 838 3096 non
873 3041 1101 3108 deserit,
1127 3057 1285 3112 teque
1321 3057 1538 3110 semper
1575 3041 1631 3095 in
1658 3055 1852 3095 omnes
1900 3038 2154 3094 homines

566 3133 781 3188 fructus
809 3134 1098 3189 charitatis
1121 3134 1526 3188 demonstrans.
1558 3132 1828 3200 Quocirca
1849 3132 2017 3187 etiam
2048 3132 2154 3186 Do-
2180 3171 2222 3229 c

566 3228 752 3283 minus
787 3227 952 3300 404
980 3237 1168 3284 noster
1205 3243 1269 3283 ac
1291 3229 1434 3282 Deus
1463 3227 1622 3283 Jcsus
1648 3227 1925 3292 Christus,
1949 3243 2063 3281 sua:
2098 3227 2153 3282 in

567 3336 671 3375 nos
701 3321 986 3376 charitatis
1009 3321 1286 3391 specimen
1314 3320 1604 3384 exhibens,
1635 3335 1737 3390 pro
1766 3319 2027 3374 universo
2055 3319 2158 3373 hu-

568 3429 732 3467 mano
753 3428 956 3484 genere
979 3421 1230 3468 mortuus
1250 3422 1356 3477 est,
1379 3415 1709 3482 cunctisque
1729 3428 1798 3467 ex
1827 3426 1987 3481 aequo
2009 3411 2156 3465 elar-

567 3503 716 3573 gitus
759 3511 844 3558 est
882 3502 1311 3558 resurrectionis
1343 3518 1521 3572 spem,
1569 3501 1676 3557 etsi
1729 3501 1965 3572 quisque
2017 3501 2148 3568 sibi,

569 3595 718 3665 quod
749 3596 949 3665 dignus
973 3595 1147 3664 gloria
1175 3595 1580 3664 autsupplieio,
1604 3604 1800 3650 auctor
1839 3593 2080 3650 exsistit.

643 3687 730 3741 72.
778 3685 1038 3742 Nondum
1083 3685 1384 3757 perfectam
1425 3687 1753 3741 charitatem
1783 3686 2020 3756 adeptus
2047 3694 2153 3750 est,

570 3780 666 3849 qui
701 3779 932 3849 gloriam
972 3787 1030 3833 et
1078 3779 1460 3850 ignominiam,
1501 3778 1724 3834 divitias
1751 3787 1810 3833 et
1857 3786 2155 3848 pauperta-

571 3879 704 3935 tem,
729 3872 1065 3940 voluptatem
1086 3880 1144 3946 et
1163 3871 1444 3925 tristitiam
1465 3869 1744 3940 animique
1771 3869 2018 3924 dolorem
2043 3885 2155 3924 non

571 3963 804 4032 spernit.
839 3963 1088 4018 Perfecta
1125 3971 1310 4017 autem
1355 3962 1600 4017 Charitas
1631 3961 1837 4016 nedum
1867 3961 1984 4017 haec
2006 3977 2157 4032 sper-

571 4051 674 4114 nit,
722 4065 912 4104 verum
961 4050 1130 4105 etiam
1194 4058 1611 4119 temporaneam
1664 4049 1840 4120 ipsam
1883 4052 2054 4105 vitam
2092 4066 2157 4106 ac

567 4151 806 4197 mortem
829 4141 1153 4198 contemnit.

642 4234 731 4288 75.
769 4233 934 4298 Audi,
960 4233 1056 4304 qui
1077 4232 1376 4303 perfectam
1406 4233 1736 4288 charitatcm
1754 4233 2017 4304 consequi
2045 4250 2158 4288 me-

571 4334 828 4389 ruerunt,
879 4325 1064 4396 qualia
1102 4325 1401 4395 loquantur
1438 4342 1451 4378 :
1485 4324 1615 4390 Quis
1663 4342 1758 4379 nos
1811 4325 2080 4394 separabit
2123 4343 2156 4379 a

570 4419 834 4472 charitate
862 4416 1056 4472 Christi
1083 4417 1107 4471 ?
1133 4416 1405 4471 tribulatio
1431 4417 1454 4470 ?
1483 4435 1552 4471 an
1586 4418 1836 4488 angustia
1863 4417 1888 4470 .9
1921 4433 1991 4470 an
2031 4433 2154 4487 per-

2248 1943 2340 1996 τὸν
2377 1941 2538 1995 αὑτὸν
2571 1941 2702 1995 ποτὲ
2740 1941 2838 2013 μὲν
2860 1939 3109 2010 ἀγαπῶν,
3141 1941 3276 1992 ποτε
3301 1937 3359 1991 δὲ
3393 1937 3580 2008 μισῶν,
3609 1936 3689 1989 διὰ
3709 1937 3789 1998 τὰς

2249 2031 2424 2095 αὑτάς
2455 2031 2659 2096 αἰτίας.

2319 2131 2418 2179 οα’.
2458 2125 2524 2178 Ἦ
2571 2125 2755 2178 τελεία
2807 2124 2997 2194 ἀγάπη
3044 2122 3108 2176 οὑ
3153 2119 3515 2191 συνδιασχίζει
3561 2119 3652 2192 τὴν
3684 2120 3794 2191 μίαν

2249 2217 2358 2271 τῶν
2390 2215 2695 2288 ἀνθρώπων
2753 2214 2939 2286 φύσιν,
2987 2217 3108 2276 ταῖς
3153 2212 3433 2284 διαφόροις
3473 2212 3644 2266 αὐτῶν
3674 2211 3793 2281 γνὼ·

2255 2325 2384 2380 μαις
2405 2324 2420 2338 ·
2471 2307 2588 2361 ἀλλ’
2645 2308 2727 2371 εἰς
2769 2306 2938 2370 αὐτὴν
2981 2306 3070 2359 ἀεὶ
3109 2303 3530 2374 ἀποϐλεπομὲνη
3547 2342 3562 2367 ,
3613 2303 3793 2366 πάντας

2251 2399 2575 2473 ἀνθρώπους
2597 2398 2657 2464 ἐξ
2692 2401 2806 2453 ῐσου
2837 2399 3028 2469 ἀγαπᾷ
3049 2414 3063 2429 ο
3096 2398 3223 2460 τοὺς
3251 2396 3350 2466 μὲν
3382 2394 3703 2458 σπουδαίους,
3730 2395 3794 2458 ὡς

2253 2494 2479 2562 φίλους⁸
2530 2493 2659 2556 τοὺς
2703 2491 2759 2545 δὲ
2794 2491 3054 2562 φαύλους,
3089 2489 3165 2554 ὼς
3203 2487 3435 2560 ἐχθροὺς
3476 2488 3674 2558 ἀγαπᾷ,
3713 2486 3791 2540 εὐ-

2253 2580 2556 2652 εργετοῦσα
2589 2581 2684 2634 καὶ
2728 2579 3177 2652 μακροθυμοῦσα,
3226 2580 3320 2634 καὶ
3365 2580 3695 2648 ὑπομένουσα
3738 2577 3794 2630 τὰ

2253 2671 2385 2744 παρ’
2429 2671 2614 2726 αὐτῶν
2649 2671 3008 2742 ὲπαγόμενα·
3059 2671 3122 2724 τὸ
3166 2670 3340 2724 κακὸν
3382 2669 3442 2722 τὸ
3480 2669 3698 2731 συνόλως
3731 2666 3792 2737 μὴ

2251 2764 2601 2835 λογιζομένη,
2653 2763 2792 2818 ἀλλά
2835 2763 2933 2817 καὶ
2983 2763 3274 2832 πάσχουσα
3316 2761 3460 2832 ὑπὲρ
3505 2758 3706 2822 αὐτῶν,
3752 2758 3792 2810 εί

2253 2856 2444 2929 καιρὸς
2487 2855 2788 2921 καλέσειεν,
2815 2857 2901 2908 ἵνα
2935 2857 3030 2908 καὶ
3079 2854 3279 2917 αὐτοὺς
3322 2854 3529 2925 ποιήσῃ
3568 2850 3731 2920 φίλους
3751 2849 3792 2901 εἰ

2250 2945 2363 3004 οἷόν
2393 2966 2486 3002 τε*
2519 2951 2569 3003 εί
2598 2949 2656 3003 δὲ
2694 2950 2770 3020 μὴ
2789 2989 2805 3014 ,
2835 2950 2935 3020 τῆς
2968 2964 3033 3017 γε
3083 2947 3220 3011 ίδίας
3269 2946 3564 3008 διαθέσεως
3599 2945 3689 2998 οὐκ
3715 2943 3790 2995 ix-

2254 3042 2465 3108 πίπτει,
2496 3041 2626 3106 τοὺς
2652 3045 2754 3113 τῆς
2787 3041 3012 3112 ἀγάπης
3051 3041 3299 3114 καρποὺς
3325 3041 3416 3094 ἀεὶ
3457 3039 3515 3105 ἐξ
3546 3039 3651 3092 ἴσου
3680 3037 3790 3108 πρὸς

2256 3135 2465 3197 πάντας
2508 3132 2830 3204 ἀνθρώπους
2853 3133 3264 3204 ὲνδεικνυμένη.
3293 3132 3392 3186 Διὸ
3423 3134 3516 3186 καὶ
3553 3133 3581 3185 ὁ
3623 3130 3792 3201 Κύριος

2256 3225 2416 3297 ἡμῶν
2442 3227 2538 3280 καὶ
2571 3225 2703 3288 Θεὸς
2742 3225 2944 3297 Ἰησοῦς
2975 3224 3230 3298 Χριστὸς,
3274 3225 3379 3296 τὴν
3411 3223 3573 3278 αύτοῦ
3609 3223 3792 3291 ἀγάπην

2256 3321 2336 3382 εἰς
2365 3319 2512 3388 ἡμᾶς
2537 3316 2936 3388 ἐνδειξάμενος,
2964 3318 3106 3389 υπὲρ
3135 3318 3262 3388 ὅλης
3294 3317 3399 3387 τῆς
3421 3315 3794 3388 ἀνθρωπότητος

2255 3411 2478 3473 ἔπαθεν,
2513 3411 2610 3465 καὶ
2649 3413 2817 3464 πᾶσιν
2849 3411 2908 3476 ἐξ
2959 3411 3075 3464 ἴσου
3117 3412 3217 3481 τὴν
3248 3409 3443 3463 ἐλπίδα
3469 3409 3564 3479 τῆς
3594 3407 3793 3462 ἀναστά-

2259 3521 2396 3566 σεως
2424 3503 2720 3574 ἐχαρίσατο
2739 3519 2753 3534 ο
2790 3504 2839 3555 εί
2867 3502 2965 3556 καὶ
2999 3503 3231 3567 ἕκαστος
3268 3501 3484 3567 ἑαυτὸν,
3521 3500 3623 3553 είτε
3644 3498 3791 3568 δόξης,

2257 3596 2372 3650 εἴτε
2405 3596 2680 3660 κολάσεως
2708 3595 3032 3666 καθίστησιν
3056 3593 3229 3661 ἀξιον.

2327 3686 2423 3757 οβ’.
2468 3687 2535 3740 '0
2576 3686 2652 3758 μὴ
2683 3686 3043 3758 καταφρονῶν
3073 3686 3233 3755 δόξης
3265 3687 3364 3743 καὶ
3397 3686 3634 3757 ἀτιμίας,
3662 3679 3794 3736 πλού·

2257 3795 2352 3833 του
2380 3779 2474 3834 καὶ
2488 3778 2703 3843 πενίας,
2725 3778 2920 3849 ἡδονῆς
2938 3793 2998 3832 τε
3029 3778 3122 3832 καὶ
3153 3777 3352 3849 λύπης,
3381 3779 3588 3832 τελείαν
3606 3775 3794 3843 ἀγάπην

2259 3868 2411 3923 οῠπω
2460 3870 2750 3940 ἐκτήσατο.
2811 3869 2875 3922 Ἡ
2925 3869 3036 3941 γάρ
3087 3869 3269 3923 τελεία
3315 3871 3508 3940 ἀγάπη
3557 3869 3615 3922 οὐ
3665 3865 3795 3938 μόνον

2257 3960 2463 4014 τούτων
2495 3963 2851 4031 καταφρονεῖ,
2873 3961 3010 4016 ἀλλά
3037 3962 3133 4014 καὶ
3160 3962 3335 4033 αὐτῆς
3370 3965 3470 4034 τῆς
3496 3959 3795 4036 ποοσκαίρον

2265 4053 2410 4124 ζωῆς
2444 4070 2503 4106 τε
2538 4055 2630 4109 καὶ
2658 4052 2754 4108 τοῦ
2786 4053 3042 4108 θανάτου.

2328 4231 2637 4301 ογὝΛκουε
2655 4233 2764 4286 τῶν
2781 4232 3231 4298 καταξιωθέντων
3250 4201 3352 4304 τῆς
3371 4233 3576 4297 τελείας
3591 4231 3792 4299 ἀγάπης.

2260 4328 2390 4376 ποῖα
2417 4325 2635 4394 λέγουσι
2665 4341 2679 4355 ·
2717 4326 2813 4392 Τίς
2849 4323 3010 4394 ἡμᾶς
3041 4326 3285 4394 χωρίσει
3314 4327 3435 4380 ἀπὸ
3461 4325 3562 4392 τῆς
3593 4321 3795 4392 ἀγάπης

2261 4419 2368 4473 τοῦ
2393 4416 2684 4487 Χριστοῦ;
2718 4419 2959 4486 Odm-lc;
2991 4417 3028 4486 ἣ
3053 4421 3458 4494 στενρχωρίας
3487 4418 3524 4486 ἢ
3549 4413 3793 4483 dic-111160

567 4509 765 4560 secutio
786 4506 810 4559 ?
832 4525 902 4561 an
920 4508 1086 4576 fames
1101 4507 1126 4560 ?
1140 4525 1209 4561 an
1233 4508 1486 4560 auditas?
1510 4525 1579 4561 an
1595 4506 1887 4578 periculum
1907 4499 2017 4560 Ῡαη
2043 4506 2150 4577 gla-

2262 4511 2301 4579 ἢ
2333 4511 2543 4578 dum;
2575 4508 2614 4577 ἢ
2643 4511 2987 4579 γυμνάσια
3014 4509 3054 4579 ἢ
3086 4509 3415 4591 κίνδυνος
3467 4511 3504 4578 ἢ
3535 4508 3793 4578 μάκαιραε

567 4599 688 4652 dius
714 4599 739 4650 ?
765 4600 899 4652 sicut
925 4601 1178 4670 scriptum
1211 4609 1287 4654 est
1327 4617 1345 4655 :
1376 4599 1512 4665 Quia
1535 4608 1750 4671 propter
1783 4609 1832 4653 te
1865 4599 2155 4669 morti/ica-

571 4707 692 4744 mur
720 4699 831 4746 tota
859 4691 972 4757 die;
1021 4693 1270 4747 wstimati
1305 4709 1487 4747 sumus
1535 4694 1668 4747 sicut
1711 4709 1830 4747 oves
1863 4694 2155 4747 occisionis.

462 4827 468 4831 .
573 4780 678 4836 Sed
702 4786 756 4837 iu
779 4784 859 4840 his
888 4784 1126 4838 omnibus
1158 4801 1496 4855 superamus,
1521 4795 1739 4857 propter
1787 4802 1930 4850 eum,
1958 4787 2048 4858 qui
2073 4786 2157 4840 di-

575 4875 699 4929 lexit
742 4893 858 4930 nos.
892 4874 1079 4932 Certus
1107 4892 1226 4931 sum
1262 4879 1402 4933 enim
1434 4879 1559 4948 quia
1595 4893 1761 4948 neque
1794 4895 1955 4942 mors,
1991 4894 2160 4948 neque

553 4971 701 5034 vita,
725 4986 894 5040 neque
919 4968 1119 5041 angeli,
1140 4985 1310 5041 neque
1345 4971 1698 5041 principatus,
1725 4986 1894 5040 neque
1911 4971 2155 5034 virtutes,

557 5079 739 5133 aneque
767 5065 1052 5131 instantia,
1093 5079 1264 5134 neque
1291 5063 1496 5134 futura,
1522 5078 1688 5133 neque
1709 5063 1956 5128 altitudo,
1992 5079 2159 5134 neque

569 5155 916 5226 profundum,
939 5171 1106 5227 neque
1138 5153 1253 5208 ulla
1284 5153 1396 5209 alia
1419 5161 1670 5208 creatura
1707 5157 1898 5224 poterit
1939 5170 2034 5209 nos
2076 5171 2160 5207 se-

643 5313 715 5385 (li)
742 5318 839 5381 Μη
876 5315 1122 5381 πλήξῃς
1159 5313 1306 5366 ποτέ
1355 5327 1488 5366 τινα
1531 5309 1652 5385 τῶν
1681 5312 2004 5385 Δᾴδελςρῶγ.
2046 5313 2143 5367 Di-

2261 4602 2460 4669 καθὼς
2503 4600 2851 4672 τέγραπταν
2889 4601 3020 4657 Ὀτι
3065 4602 3246 4657 ἕνεκα
3277 4601 3398 4656 σοῦ
3431 4599 3795 4666 θανατούμεθα

2263 4697 2417 4764 ὅλην
2473 4695 2591 4764 τὴν
2649 4696 2910 4764 ἡμέραν·
2971 4696 3376 4765 ἐλογίσθημεν
3443 4696 3523 4760 ὡς
3572 4691 3796 4760 πρόϐατα

2264 4783 2524 4857 σφαγῆς.
2570 4787 2720 4840 Ἀλλ’
2776 4788 2847 4840 ἐν
2882 4789 3118 4853 τούτοις
3170 4789 3363 4842 πᾶσιν
3407 4781 3792 4854 ὑπερνικῶμεν.

2265 4878 2363 4930 διὰ
2402 4877 2510 4930 τοῦ
2543 4877 2978 4946 ἀγαπήσαντος
3008 4878 3185 4947 ἡμᾶς.
3219 4881 3544 4947 Πέπεισμαι
3576 4873 3694 4942 γὰρ,
3725 4870 3795 4923 ὅτι

2266 4969 2406 5022 οὔτε
2449 4968 2703 5036 θάνατος
2722 5011 2737 5035 ,
2785 4970 2926 5024 οὔτε
2974 4967 3086 5038 ζωὴ
3112 5011 3128 5035 ,
3193 4971 3333 5025 οὔτε
3377 4971 3643 5041 ἄγγελοι,
3684 4963 3796 5016 οὔτε

2264 5062 2462 5128 ἀρχαί,
2487 5060 2627 5115 οὔτε
2649 5061 2965 5132 δυνάμεις,
2991 5062 3128 5116 οὔτε
3161 5060 3479 5123 ἐνεστῶτα,
3529 5060 3656 5114 οὔτε
3679 5055 3795 5124 μέλ’

2266 5159 2476 5221 λοντιι,
2508 5156 2648 5209 οὔτε
2676 5156 2914 5226 ὕψωμα,
2946 5157 3087 5210 οὔτε
3113 5155 3329 5224 βάθος,
3363 5157 3500 5210 οὔτε
3525 5171 3609 5220 τίς
3633 5149 3796 5210 κτίσις

2250 5311 2458 5384 Oltsop.
2484 5313 2726 5384 etiGcsn.
2761 5315 2842 5369 sic
2862 5315 3009 5370 istud
3042 5316 3190 5370 male
3253 5315 3554 5382 eodemque
3600 5319 3795 5384 errore:

572 5377 722 5439 ctum
745 5385 806 5457 id
826 5377 1111 5455 ‘putem'i'n—
1134 5385 1404 5446 seniores,
1441 5382 1543 5457 qui
1609 5377 1893 5457 subjectus
1923 5384 2144 5457 fratres

2253 5377 2418 5457 queui
2444 5383 2644 5457 sullisi,
2699 5401 2752 5438 n.
2785 5384 2840 5457 ‘8
2871 5403 2883 5438 :
2915 5387 3127 5457 Ka‘roo
3181 5386 3253 5457 μὴ
3296 5377 3530 5457 ἐκφεύξῃ
3556 5377 3688 5457 facit
3710 5377 3796 5456 ⁸τὸν

571 5451 904 5524 quandoque
942 5471 1041 5524 pro
1100 5471 1199 5510 sua
1252 5451 1571 5508 morositate
1618 5451 1816 5507 durius
1850 5454 2140 5512 haberent.

571 5540 676 5578 nec
738 5528 872 5578 satis
913 5526 1252 5580 humanitate
1317 5525 1496 5579 zelum
1550 5531 1942 5592 temperarent.
2001 5524 2144 5590 Quin

571 5596 721 5647 enim
746 5605 994 5650 veterum
1034 5597 1193 5649 multi
1233 5611 1296 5650 ea
1329 5593 1870 5663 disciplittarmodum
1891 5610 2147 5648 excesse-

575 5665 703 5722 rint.
741 5682 841 5719 nec
868 5668 1054 5734 paucis
1070 5666 1359 5720 deserendi
1388 5662 1680 5718 sanctioris
1700 5663 1934 5718 instituti
1954 5676 2148 5719 aucto-

574 5750 664 5789 res
699 5736 926 5798 fuerint,
949 5737 1096 5804 quod
1147 5736 1234 5789 hic
1278 5739 1584 5803 ὑποχωρεῖν
1640 5743 1801 5788 vocat
1859 5735 2146 5794 Maximus,

574 5805 720 5860 nzad
746 5806 975 5859 dubium
993 5807 1083 5860 sit.
1111 5805 1179 5861 Ut
1227 5815 1422 5862 cetera
1479 5820 1590 5859 non
1661 5805 1960 5860 admodum
2009 5805 2151 5859 bene

2254 5446 2476 5524 ἔλεγχον
2503 5454 2596 5507 τοῦ
2630 5446 2945 5518 συνειδότος⁸
2996 5446 3193 5524 Νεᾳιιέ
3217 5446 3392 5509 tamen
3441 5446 3791 5524 effugiat-91"“

2255 5519 2470 5594 ουῖὶίίή
2489 5526 2722 5596 conscius
2753 5534 2850 5588 est,
2879 5519 3315 5589 tribulationem;
3360 5519 3522 5596 Gesn.
3541 5519 3791 5596 redargu-

2258 5584 2471 5648 lionem.
2505 5594 2595 5650 Sic
2616 5584 2850 5649 arduum
2880 5611 3042 5650 nosse
3094 5596 3187 5649 τοῦ
3219 5584 3512 5654 συνειδότος
3555 5584 3792 5658 εἱθηὶίῇεὲι·

2259 5665 2498 5728 tionem;
2549 5665 2730 5738 idest,
2778 5668 3149 5733 conscictttitc,‘
3211 5664 3441 5736 etquod
3492 5653 3582 5718 illa
3603 5653 3792 5712 'redar-

2259 5745 2408 5804 guat,
2433 5744 2542 5790 etc.
2718 5738 2730 5747 ‘
