4048 6466
265 480 365 546 977

1152 467 1487 530 CAPITUM
1530 465 1627 526 DE
1662 464 2092 527 CHARITATE
2130 469 2517 531 CENTURIA
2562 472 2612 530 Ι.

3397 472 3499 534 978

254 598 425 663 ἑτέρα
450 593 774 660 δυνήσεται
806 590 965 661 ἡμᾶς
996 594 1245 663 χωρίσαι
1287 594 1408 649 ἀπὸ
1450 593 1561 662 τῆς
1586 592 1823 661 ἀγάπης

1938 609 2134 661 parare
2162 613 2195 649 a
2215 598 2475 650 charitate
2508 595 2626 660 Dei,
2658 610 2774 665 qua:
2804 602 2878 648 est
2909 595 2964 647 in
3002 592 3211 649 Christo
3243 592 3372 647 Jesu
3403 594 3510 647 Do—

257 687 361 742 τοῦ
386 684 551 749 Θεοῦ,
576 683 683 751 τῆς
707 684 779 738 ἐν
803 683 1034 751 Χριστῷ
1068 684 1271 751 Ἰησοῦ
1301 683 1378 750 τῷ
1406 684 1600 753 Κιφιῳ
1628 684 1817 752 ἡμῶν.

325 775 415 828 οδ¹.
451 774 581 844 Περὶ
605 774 663 826 δὲ
702 774 800 844 τῆς
830 774 911 837 εἰς
942 774 1033 826 τὸν
1089 774 1319 845 πλησίον
1369 774 1609 844 ἀγάπης,
1652 775 1818 828 ἄκουε

258 866 415 920 πάλιν
436 860 523 918 οἷα
541 864 789 933 λέγουσιν
812 881 826 896 υ
864 864 1171 930 Ἀλήθειαν
1194 864 1350 933 λέγω
1366 866 1436 917 ἐν
1466 864 1719 935 Χριστῷ,
1747 867 1819 919 οὐ

256 957 565 1027 ψεύδομαι,
600 957 1145 1025 συμμαρτυρούσης
1195 974 1297 1026 μοι
1334 956 1432 1010 καὶ
1482 956 1592 1025 τῆς
1620 973 1821 1011 συνει-

255 1048 484 1116 δήσεώς
525 1067 647 1118 μου
695 1049 765 1103 ἐν
802 1049 1101 1118 Πνεύματι
1148 1050 1333 1118 ἁγίαν
1378 1049 1469 1102 ὅτι
1517 1051 1682 1115 λύπη
1716 1052 1823 1118 μοί

256 1145 383 1197 ἐστι
414 1142 639 1210 πολλὴ,
685 1142 785 1196 καὶ
821 1142 1203 1209 ἀδιάλειπτος
1246 1143 1432 1210 ὀδύνη
1483 1142 1560 1211 τῇ
1608 1144 1822 1210 καρδίᾳ

251 1253 387 1304 μου.
414 1236 701 1305 ιΙὺχόμην
734 1235 845 1311 γὰρ
871 1236 1137 1305 ἀνάθεμα
1168 1232 1321 1290 εἶναι
1344 1236 1529 1302 αὐτὸς
1555 1235 1670 1306 ἐγὼ
1701 1236 1820 1291 ἀπὸ

255 1326 357 1380 τοῦ
380 1328 638 1395 Χριστοῦ
676 1327 828 1396 ὑπὲρ
871 1329 989 1383 τῶν
1021 1328 1302 1398 ἀδελφῶν
1348 1348 1489 1399 μου,
1518 1330 1638 1384 τῶν
1673 1326 1844 1399 συτ-’

253 1416 438 1489 γενῶν
462 1437 583 1489 μου
619 1420 772 1474 κατὰ
808 1418 1025 1487 σάρκα,
1066 1422 1285 1488 οἵτινές
1316 1424 1476 1476 εἰσιν
1524 1423 1820 1490 Ἰσραηλῖ-

253 1527 362 1575 rat,
401 1511 497 1563 καὶ
536 1510 606 1564 τὰ
660 1511 807 1583 ἑξῆς.
849 1510 1125 1574 Ὡσαύτως
1152 1513 1245 1565 καὶ
1286 1515 1315 1566 6
1348 1514 1610 1584 Μωῦσῆς,
1642 1514 1736 1566 καὶ
1768 1514 1820 1566 oi

252 1602 423 1655 λοιποὶ
452 1601 601 1670 ἅγιοι
634 1600 792 1674 [unus
827 1602 955 1674 Reg.
980 1604 1073 1657 καὶ
1104 1606 1308 1669 πάντες
1337 1607 1385 1659 οἱ
1412 1604 1602 1677 ἀγιοι].

316 1699 408 1750 σε’.
443 1693 513 1748 '0
548 1693 625 1766 μὴ
671 1695 1031 1765 καταφρονῶν
1064 1695 1220 1766 δόξης
1250 1697 1343 1750 καὶ
1380 1697 1571 1767 ἡδονῆς
1595 1697 1692 1769 (9),
1725 1700 1820 1751 καὶ

251 1781 345 1852 τῆς
372 1781 585 1836 τούτων
618 1784 941 1854 αὐξητικῆς,
973 1785 1068 1838 καὶ
1093 1786 1160 1839 δι’
1203 1785 1372 1848 αὐτὰς
1404 1788 1815 1857 συνισταμένης,

252 1873 632 1946 φιλαργυρίας,
664 1877 763 1939 τάς
802 1875 895 1928 τοῦ
941 1875 1115 1945 θυμοῦ
1168 1878 1474 1948 προφάσεις
1524 1880 1814 1933 ἐκκόπτειν

1933 685 2076 739 mino
2108 698 2285 740 nostro
2318 690 2381 741 ’⁸.

2003 773 2089 827 74.
2132 775 2207 830 De
2247 775 2517 829 charitate
2570 784 2753 829 autem
2803 789 2933 844 erga
2978 773 3328 842 proximum,
3377 774 3508 828 audi

1929 883 2123 922 rursus
2147 868 2328 937 qualia
2360 868 2653 922 enuntiant
2694 883 2708 919 :
2746 866 3029 920 Veritatem
3055 867 3171 919 dico
3193 867 3244 919 in
3276 865 3506 929 Christo,

1928 976 2033 1013 non
2068 962 2309 1023 mentior,
2361 959 2713 1013 testimonium
2754 958 2879 1011 mihi
2909 958 3345 1028 perltibenteipsn
3378 974 3507 1011 con-

1923 1051 2143 1103 scientia
2159 1066 2275 1103 mea
2303 1052 2357 1104 in
2380 1050 2583 1121 Spiritu
2611 1056 2795 1102 saneto
2816 1065 2834 1102 :
2858 1049 3110 1119 quoniam
3140 1049 3357 1104 tristitia
3380 1050 3506 1103 mihi

1927 1159 2121 1211 magna
2153 1150 2249 1207 est,
2289 1151 2337 1194 et
2385 1143 2663 1195 continuus
2705 1139 2858 1193 dolor
2896 1140 3041 1193 cordi
3072 1156 3203 1193 meo.
3244 1139 3505 1209 Optabam

1924 1232 2065 1284 enim
2091 1247 2185 1301 ego
2226 1232 2336 1302 ipse
2359 1232 2645 1284 anathema
2675 1245 2786 1283 esse
2823 1246 2856 1282 a
2892 1228 3098 1283 Christo
3126 1246 3221 1300 pro
3251 1230 3505 1299 fratribus

1927 1322 2079 1391 meis,
2111 1324 2201 1392 qui
2227 1331 2354 1376 sunt
2407 1322 2617 1392 cognati
2665 1322 2766 1374 mei
2808 1320 3092 1374 secundum
3147 1338 3381 1383 carnem,
3419 1322 3507 1390 qui

1923 1419 2047 1464 sunt
2068 1409 2332 1465 Israelita:
2356 1411 2424 1475 ³⁷,
2465 1419 2522 1465 et
2553 1425 2677 1479 qua:
2708 1418 3038 1479 sequuntur.
3077 1408 3344 1464 Similiter
3365 1424 3506 1478 quo-

1922 1518 2032 1573 que
2060 1503 2275 1569 Moyses
2296 1502 2365 1569 ⁸⁸,
2394 1518 2460 1559 ac
2487 1504 2665 1559 sancti
2690 1503 2912 1563 relicui.

1993 1684 2083 1739 75.
2119 1682 2224 1749 Qui
2254 1682 2485 1753 gloriam
2500 1691 2557 1737 et
2582 1682 2945 1752 voluptatem,
2980 1696 3047 1736 ac
3096 1697 3219 1752 qua:
3260 1682 3370 1736 illis
3408 1696 3507 1735 au-

1921 1783 2169 1829 mentum
2206 1774 2448 1844 praebet,
2480 1788 2785 1844 earumque
2836 1773 3010 1843 gratia
3053 1773 3331 1836 consistit,
3385 1788 3484 1826 τινα

1921 1865 2101 1919 ritiam
2127 1881 2238 1919 non
2272 1865 2599 1929 contemnit,
2630 1864 2676 1919 is
2705 1864 2803 1919 ira
2838 1867 3162 1919 occasiones
3184 1864 3509 1920 exscindere

251 1966 307 2018 οὐ
332 1964 581 2020 δύναται.
619 1967 678 2019 Ὀ
718 1966 775 2020 δὲ
813 1966 1016 2031 ταύτας
1049 1968 1124 2039 μὴ
1151 1946 1418 2034 8x61:er,
1464 1969 1565 2039 τῆς
1605 1970 1815 2034 τελείας

1933 1966 2034 2005 ηοιι
2100 1952 2368 2021 potuerit.
2409 1950 2513 2017 Qui
2542 1961 2728 2006 autem
2778 1951 2879 2006 has
2925 1966 3036 2005 non
3086 1958 3356 2021 amputat,
3406 1966 3511 2005 nec

251 2054 470 2127 ἀγάπης
496 2059 678 2128 τυχεῖν
710 2059 771 2113 οὺ
802 2057 1047 2113 δύναται.

314 2151 418 2210 ος¹.
458 2147 808 2211 Ταπείνωσις
830 2148 925 2201 καὶ
956 2148 1319 2215 κακοπάθεια,
1344 2150 1522 2221 πάσης
1546 2154 1820 2223 ἁμαρτίας

252 2236 596 2308 ἐλευθεροῦσι
623 2239 715 2292 τὸν
742 2239 1029 2310 ἄνθρωπον
1052 2254 1068 2270 ⁸
1105 2243 1138 2313 ὴ
1181 2242 1303 2312 μὲν,
1328 2242 1397 2295 τά
1421 2243 1520 2314 τῆς
1542 2244 1720 2315 ψυχῆς
1739 2262 1752 2274 ·
1783 2248 1818 2317 ή

250 2327 322 2393 δὲ,
350 2328 419 2382 τὰ
443 2328 544 2383 τοῦ
574 2330 821 2401 σώματος
857 2332 1271 2404 περικόπτουσα
1296 2333 1468 2403 πάθη.
1514 2335 1682 2389 Τοῦτο
1711 2336 1821 2409 γὰρ

254 2417 415 2473 ποιῶν
445 2421 547 2473 καὶ
566 2422 594 2473 6
627 2422 896 2492 μακάριος
923 2421 1175 2490 φαίνεται
1201 2423 1385 2491 Δαϐὶδ,
1405 2427 1464 2480 ὲν
1487 2423 1569 2490 οἷς
1602 2425 1820 2497 εὔχεται

253 2509 383 2579 πρὸς
406 2509 504 2562 τὸν
534 2510 687 2577 Θεὸν,
742 2511 946 2582 λέγων’
995 2513 1101 2568 ἰδὲ
1137 2513 1253 2583 τὴν
1297 2518 1667 2572 ταπεινωσίν
1701 2535 1824 2587 μου

252 2597 345 2652 καὶ
376 2600 494 2654 τὸν
534 2603 731 2657 κόπον
752 2622 894 2674 μου,
933 2606 1031 2660 καὶ
1080 2606 1229 2676 ἄφες
1260 2607 1466 2677 πάσας
1501 2609 1609 2677 τὰς
1639 2610 1825 2682 ἀμαρ-

252 2688 537 2760 deum}.

315 2781 408 2848 οξ.
441 2784 553 2839 Διά
583 2787 681 2855 μὲν
712 2787 822 2843 τῶν
852 2788 1081 2848 ἐντολῶν
1111 2795 1140 2847 6
1178 2793 1403 2866 Κύριος,
1432 2794 1663 2862 ἀπαθεῖς
1698 2798 1825 2862 τοὺς

255 2874 655 2946 ἐργαζομένους
707 2879 881 2944 αὑτὰς
920 2881 1210 2937 ἀποτελεῖ’
1267 2885 1358 2939 διὰ
1404 2885 1463 2940 δὲ
1508 2884 1619 2940 τῶν
1665 2886 1825 2940 θείων

253 2968 555 3040 δογμάτων,
587 2974 678 3029 τὸν
712 2975 992 3047 φωτισμὸν
1042 2977 1140 3047 τῆς
1163 2977 1418 3047 γνώσεως
1447 2980 1632 3047 αὐτοῖς
1666 2981 1826 3053 χαρί-

252 3060 420 3126 ξεται.

318 3164 412 3228 οην.
446 3152 641 3213 Πάντα
662 3159 732 3214 τὰ
754 3160 1021 3232 δόγματα,
1051 3162 1087 3231 ἢ
1126 3164 1256 3235 περὶ
1285 3164 1421 3218 Θεοῦ
1448 3165 1609 3233 εἰσιν,
1637 3167 1669 3237 ἢ
1700 3168 1830 3235 περὶ

1919 2043 2221 2114 perfectam
2259 2044 2587 2100 charitatem
2612 2044 2878 2114 consequi
2905 2043 3098 2114 possit.

1994 2130 2085 2185 76.
2126 2130 2420 2187 Humilitas
2447 2133 2742 2202 carnisque
2773 2131 3072 2194 aﬂlictatio,
3096 2130 3166 2186 ab
3200 2129 3351 2184 omni
3384 2145 3510 2199 pec.

1921 2232 2045 2279 cato
2074 2224 2355 2280 hominem
2395 2226 2636 2280 liberant
2671 2244 2683 2278 :
2721 2241 2957 2295 quarum
3004 2225 3119 2290 illa,
3149 2206 3359 2288 animi’;
3392 2224 3509 2278 haac

1920 2333 2076 2383 vero,
2115 2318 2370 2388 corporis
2408 2327 2657 2388 amputat
2681 2318 2834 2374 vitia.
2878 2319 2992 2372 Hoc
3034 2318 3264 2371 enimet
3313 2318 3509 2371 beatus

1922 2405 2092 2460 David
2126 2417 2384 2477 praestare
2420 2416 2783 2469 monstratur,
2822 2423 2944 2463 cum
2978 2408 3033 2461 in
3075 2408 3193 2461 ιιωο
3224 2407 3393 2462 verba
3440 2408 3508 2459 ad

1921 2498 2095 2554 Deum
2129 2508 2418 2570 precatur:
2451 2499 2573 2554 Vide
2602 2499 2958 2554 humilitatem
2993 2517 3166 2573 meam
3196 2508 3245 2553 et
3279 2500 3509 2553 laborem

1924 2603 2117 2651 meum,
2138 2595 2185 2640 et
2212 2587 2416 2641 dimitte
2437 2588 2615 2640 omnia
2635 2596 2850 2656 peccata
2878 2604 2991 2640 mea
3019 2590 3085 2641 ’9.

1998 2778 2085 2831 77.
2128 2775 2397 2830 Dominus
2433 2790 2532 2844 per
2571 2774 2865 2849 mandata,_
2900 2790 2997 2827 cos
3041 2774 3134 2843 qui
3179 2784 3399 2828 servant
3446 2790 3512 2831 ac.

1926 2878 2250 2940 operantur,
2283 2868 2353 2924 ab
2382 2868 2676 2923 allectibus
2698 2883 2764 2922 ac
2789 2866 2951 2939 5,05
2982 2867 3212 2923 libidine
3240 2868 3513 2923 immunis

1927 2963 2111 3018 reddit
2147 2979 2161 3016 :
2193 2978 2293 3033 per
2314 2962 2501 3017 divina
2528 2969 2712 3016 autem
2740 2961 3017 3031 dogmata,
3048 2961 3295 3016 scientiae
3325 2960 3406 3014 eis
3449 2962 3515 3012 il-

1928 3055 2316 3111 lustrationem
2334 3054 2553 3109 tribuit.

2001 3149 2090 3204 78.
2131 3149 2393 3219 Dogmata
2416 3146 2599 3201 omnia
2618 3162 2683 3201 ac
2713 3146 2960 3209 decreta,
2992 3155 3087 3200 aut
3115 3146 3183 3201 de
3214 3146 3326 3200 Deo
3362 3157 3512 3209 sunt,

254 3246 461 3343 ὁρατῶν
483 3250 582 3304 καὶ
606 3250 876 3323 ἀοράτων,
909 3253 1098 3329 ἢπερ).
1132 3256 1233 3326 τῆς
1263 3258 1322 3311 ὲν
1358 3257 1542 3322 αὐτοῖς
1574 3261 1829 3330 προνοίας

1933 3250 2030 3297 aut
2050 3240 2120 3297 de
2146 3241 2315 3296 rebus
2337 3240 2393 3294 in
2413 3248 2697 3310 aspectum
2715 3239 3062 3303 cadentibus,
3084 3249 3178 3293 aut
3202 3253 3325 3308 quae
3343 3238 3515 3294 aciem

255 3338 345 3393 καὶ
365 3339 632 3411 κρίσεως.

320 3517 415 3574 σθ’.
458 3519 532 3574 Ἥ
567 3519 666 3591 μὲν
728 3521 1065 3597 ἐλεημοσύνη
1094 3524 1227 3597 (10),
1271 3527 1333 3581 τὸ
1375 3528 1608 3600 θυμικὸν
1663 3531 1829 3603 μέρος

254 3611 344 3681 τῆς
374 3612 562 3683 ψυχῆς
590 3614 913 3685 θεραπεύει·
959 3620 992 3689 ἡ
1035 3619 1092 3673 δὲ
1125 3621 1374 3690 νηστεία,
1404 3622 1504 3694 τὴν
1552 3623 1653 3694 μὲν
1705 3627 1829 3679 ἐπι-

258 3701 450 3775 θυμίαν
492 3708 778 3778 μαραίνει·
805 3710 839 3781 ἡ
876 3710 933 3763 δὲ
959 3713 1257 3784 προσευχὴ,
1281 3712 1373 3767 τὸν
1397 3713 1523 3769 νοῦν
1551 3716 1828 3785 καθαίρει,

258 3795 345 3847 καὶ
386 3797 531 3868 πρὸς
577 3798 676 3869 τὴν
725 3798 835 3853 τῶν
886 3799 1056 3855 ὄντων
1113 3803 1350 3874 θεωρίαν
1390 3808 1829 3876 παρασκευάζει.

258 3883 393 3955 Πρὸς
431 3887 548 3958 γὰρ
578 3889 676 3952 τὰς
704 3890 966 3961 δυνάμεις
1001 3892 1103 3963 τῆς
1131 3892 1331 3965 ψυχῆς,
1364 3896 1458 3949 καὶ
1482 3894 1583 3959 τὰς
1609 3897 1833 3961 ἐντολὰς

258 3978 284 4030 ὁ
312 3977 522 4049 Κύριος
543 3982 681 4052 ἡμῖν
701 3982 1019 4053 ἐχαρίσατο.

325 4078 397 4126 π’.
429 4071 667 4128 Μάθετε
693 4076 796 4130 ἀπ’
824 4077 991 4147 ἐμοῦ,
1022 4076 1209 4150 φησὶν,
1233 4079 1323 4133 ὅτι
1349 4078 1543 4149 πρᾶός
1579 4082 1697 4152 sim
1735 4080 1833 4138 καὶ

261 4166 539 4233 ταπεινὸς
561 4165 637 4235 τῇ
659 4168 894 4237 καρδίᾳ,
923 4171 1019 4224 καὶ
1050 4172 1117 4226 τὰ
1148 4173 1299 4244 ἑξῆς.
1339 4174 1403 4226 Ἦ
1434 4174 1535 4245 μὲν
1564 4177 1831 4249 πραότης,

262 4255 537 4327 ἀτάραχον
577 4256 670 4310 τὸν
710 4259 882 4329 θυμὸν
904 4260 1295 4331 διαφυλάττει·
1328 4268 1360 4335 ἡ
1393 4265 1451 4318 δὲ
1476 4267 1832 4332 ταπείνωσις,

261 4346 426 4416 τύφου
451 4348 551 4401 καὶ
583 4349 890 4415 κενοδοξίας
918 4353 1010 4406 τὸν
1041 4354 1167 4408 νοῦν
1187 4355 1486 4429 ἐλευθεροῖ.

328 4534 439 4583 παῖ,
470 4528 661 4594 Διττός
703 4531 850 4584 ἐστιν
875 4531 1016 4585 ὁτοῦ
1042 4532 1176 4586 Θεοῦ
1207 4535 1372 4603 φόϐος
1392 4553 1407 4566 ⁸
1440 4539 1469 4590 6
1497 4539 1597 4607 μὲν
1633 4540 1698 4593 ὲκ
1728 4540 1837 4594 τῶν

1933 3335 2222 3389 oculorum
2261 3333 2498 3405 fugiunt,
2526 3342 2624 3387 aut
2655 3332 2722 3387 de
2747 3331 3108 3402 providentia:
3138 3346 3203 3386 ac
3239 3330 3432 3403 iudicii
3459 3331 3517 3385 in

1932 3427 2016 3482 eis
2041 3427 2370 3482 rationibus.

2004 3523 2093 3578 79.
2132 3523 2465 3594 Eleemoyna
2521 3522 2851 3579 irascentem
2892 3521 3059 3575 animi
3091 3531 3300 3589 partem
3327 3526 3516 3584 curat;

1931 3618 2203 3690 jejunium
2260 3618 2619 3688 cupiditatem
2680 3624 2925 3672 macerat
2973 3634 2985 3669 :
3031 3616 3209 3670 oratio
3276 3622 3517 3669 mentem

1936 3719 2155 3783 purgat,
2180 3718 2236 3766 et
2258 3710 2326 3765 ad
2347 3726 2531 3766 rerum
2558 3709 3087 3780 contemplationem
3104 3705 3515 3779 praeparaan

1938 3802 2261 3859 facultatum
2283 3803 2434 3858 enim
2462 3803 2631 3861 animi
2666 3802 2902 3860 ratione.
2933 3801 3100 3856 etiam
3131 3799 3387 3856 mandata
3414 3797 3519 3853 Do—

1943 3896 2128 3951 minus
2162 3894 2413 3951 tradidit.

2012 4083 2100 4139 80.
2138 4083 2335 4138 Discite
2369 4099 2402 4135 a
2426 4097 2528 4147 me,
2566 4080 2768 4150 inquit,
2811 4081 2936 4151 qui}:
2963 4080 3104 4133 mitis
3121 4094 3241 4133 sum
3271 4086 3320 4130 et
3352 4075 3525 4129 Immi-

1943 4171 2007 4224 lis
2038 4169 2194 4224 corde
2213 4168 2282 4234 '°,
2321 4175 2524 4237 etquae
2550 4176 2878 4236 sequuntur.
2922 4164 3069 4218 Mitis
3099 4162 3266 4216 animi
3304 4160 3524 4214 aﬂ‘ectio

1941 4277 2041 4318 seu
2085 4261 2303 4325 lenitas,
2354 4260 2452 4317 ira;
2497 4258 2814 4314 facultatem
2862 4256 3201 4311 inturbatam
3243 4250 3521 4316 custodit;

1944 4353 2226 4409 humilitas
2272 4366 2406 4406 vero
2441 4368 2472 4405 a
2519 4349 2793 4420 superbiae
2856 4347 3000 4403 fastu
3040 4362 3104 4401 ac
3161 4344 3311 4400 inani
3353 4342 3526 4414 gloria

1945 4453 2185 4501 mentem
2209 4444 2441 4499 liberam
2466 4442 2670 4499 reddit.

2015 4539 2105 4593 81.
2133 4537 2345 4607 Duplex
2369 4543 2455 4591 est
2489 4536 2585 4590 Dei
2611 4535 2776 4588 timor
2809 4552 2822 4588 :
2864 4534 3024 4597 alter,
3049 4545 3213 4601 quem
3250 4530 3521 4584 minarum

264 4618 505 4673 ἀπειλῶν
544 4621 645 4693 τῆς
678 4622 953 4687 κολάσεως
984 4625 1117 4694 ἡμῖν
1164 4627 1563 4698 ὲντικτόμενος,
1605 4629 1675 4683 δι’
1708 4631 1767 4685 ὃν
1798 4634 1829 4702 ή

1942 4633 2027 4687 vis
2055 4631 2420 4700 incussusque
2456 4627 2711 4699 supplicii
2739 4636 2922 4681 terror
2956 4626 3012 4679 in
3036 4624 3198 4679 nobis
3227 4623 3398 4693 parit;
3423 4637 3521 4692 per

266 4711 564 4783 ἐγκράτεια
594 4714 691 4768 καὶ
715 4717 748 4786 ἡ
772 4717 1037 4789 ὑπομονὴ,
1063 4718 1158 4773 καὶ
1188 4721 1222 4790 ἡ
1258 4722 1339 4781 εἰς
1362 4721 1496 4775 Θεὸν
1533 4723 1712 4787 ἐλπὶς,
1745 4725 1840 4778 καὶ

267 4802 587 4871 saxeam,
615 4806 675 4874 ἐξ
700 4802 766 4878 ἧς
793 4811 826 4879 ἠ
876 4810 1091 4881 ἀγάπη,
1128 4810 1273 4865 κατά
1316 4813 1469 4877 τάξιν
1520 4815 1653 4884 ἡμῖν
1688 4816 1839 4884 ἐγγί-

266 4908 477 4947 νονταιο
513 4897 541 4948 6
569 4894 645 4962 δὲ,
666 4898 804 4969 αὐτῇ
836 4902 902 4970 τῇ
927 4901 1116 4973 ἀγάπῃ
1148 4901 1520 4968 συνέζευκται,
1553 4905 1841 4962 εὐλάϐειαν

266 4984 331 5054 τῇ
359 4983 508 5056 ψυχῇ
548 4987 638 5039 ἀεὶ
670 4988 935 5058 ἐμποιῶν,
970 4991 1058 5044 ἵνα
1090 4992 1166 5064 μὴ
1195 4992 1283 5046 διὰ
1330 4993 1429 5065 τὴν
1479 4995 1578 5063 τῆς
1619 4996 1843 5069 ἀγάπης

267 5078 603 5148 παρρησίαν,
628 5079 707 5143 εἰς
737 5083 1143 5155 καταφρόνησιν
1171 5084 1305 5138 Θεοῦ
1336 5086 1485 5158 ἔλθῃ.

338 5168 447 5238 πβ’.
483 5170 589 5224 Τὸν
640 5173 741 5243 μὲν
775 5174 988 5244 πρῶτον
1018 5175 1182 5244 φόϐον
1222 5174 1327 5240 ἔξω
1362 5176 1544 5247 βάλλει
1577 5181 1610 5251 ἡ
1661 5181 1846 5235 τελεία

269 5259 454 5332 ἀγάπη
506 5265 603 5333 τῆς
654 5264 833 5334 ψυχῆς
869 5266 967 5335 τῆς
1021 5270 1365 5339 κεκτημένης
1403 5270 1597 5341 αὐτὴν,
1646 5276 1846 5346 μηκέτι

271 5352 370 5419 τὴν
413 5354 636 5409 κόλασιν
680 5357 1053 5427 φοϐουμένης·
1109 5359 1202 5413 τὸν
1245 5360 1304 5413 δὲ
1344 5361 1621 5435 δεύτερον,
1678 5369 1843 5439 ἑαυτῇ

274 5444 384 5513 ἔχει
432 5447 539 5511 ἀεὶ,
574 5448 650 5512 ὡς
699 5450 915 5520 εἴρηται
955 5453 1407 5524 συνεζευγμένον.
1464 5458 1572 5510 Καὶ
1622 5458 1697 5529 τῷ
1744 5461 1845 5529 μὲν

274 5535 473 5607 πρώτῳ
504 5540 674 5611 φόϐῳ,
705 5540 934 5612 ἁρμόζει
961 5542 1040 5607 τὺ,
1080 5542 1164 5609 Τῷ
1189 5546 1349 5614 φόϐῳ
1388 5548 1608 5615 Κυρίου
1638 5551 1843 5605 ἐκκλί-

279 5645 361 5684 νει
408 5630 524 5698 πᾶς
560 5632 678 5687 ἀπὸ
718 5635 924 5690 κακοῦ.
975 5635 1107 5702 Καὶ,
1158 5637 1341 5707 Ἀρχὴ
1392 5640 1613 5710 σοφίας
1658 5644 1844 5713 φόϐος

346 5813 580 5889 1:“_Rom.
616 5818 845 5889 "11.35.
947 5818 989 5850 ’⁷
1018 5819 1177 5874 Rom.
1230 5836 1305 5882 ιχ,
1336 5823 1387 5889 1,
1427 5823 1481 5877 5.

283 5885 321 5916 ³¹
355 5884 375 5940 l
402 5882 556 5942 Joan.
594 5904 667 5951 ιν,
698 5888 783 5941 18.
864 5889 905 5920 ³²
934 5888 1091 5947 Prov.
1122 5908 1208 5958 xv,
1241 5893 1326 5946 27.

1588 5829 1632 5859 ’⁸
1663 5829 1832 5885 Exod.
1869 5845 2029 5894 xxxu,
2059 5830 2117 5882 5|

1940 4738 2108 4796 quem
2132 4722 2499 4785 continentia,
2525 4720 2810 4790 patientia,
2837 4733 2963 4789 spes
3005 4718 3061 4772 in
3083 4718 3279 4781 Deum,
3320 4715 3522 4785 imper-

1941 4816 2187 4873 turbatio
2224 4814 2313 4887 (ex
2341 4830 2448 4885 qua
2487 4812 2749 4882 cbaritas)
2801 4811 3040 4881 quadam
3073 4810 3128 4864 in
3172 4808 3337 4863 nobis
3377 4806 3520 4862 serie

1941 4909 2367 4981 progignuntur;
2394 4907 2554 4969 alter,
2580 4905 2683 4975 ipsi
2719 4905 3049 4975 conjunctus
3077 4900 3354 4965 eharitati,
3379 4914 3522 4953 sem-

1942 5018 2042 5073 per
2064 5002 2308 5057 animum
2346 4998 2551 5070 pietate
2592 5011 2931 5065 componens
2979 5011 3043 5050 ac
3093 4992 3427 5055 reverentia,
3452 5007 3523 5047 ne

1943 5109 2043 5165 per
2064 5092 2351 5149 charitatis
2378 5090 2631 5146 ﬁduciam
2659 5090 2712 5143 in
2746 5097 3124 5156 contemptum
3152 5085 3249 5140 Dei
3274 5086 3484 5140 veniat.

2012 5184 2101 5241 82.
2142 5185 2385 5240 Primum
2409 5184 2661 5238 timorem
2715 5181 2862 5235 foras
2895 5179 3066 5233 mittit
3111 5177 3356 5248 perfecta
3390 5176 3523 5231 cha-

1944 5282 2081 5335 ritas
2114 5279 2181 5343 ³¹,
2207 5278 2437 5348 ejusque
2459 5276 2646 5329 animo
2691 5274 2864 5345 ejicit,
2884 5272 2979 5342 qui
3012 5271 3104 5324 illa
3138 5269 3406 5340 praeditus
3427 5266 3521 5327 sit,

1945 5388 2018 5428 ne
2044 5373 2153 5443 iam
2199 5371 2390 5424 timeat
2438 5383 2655 5438 pcenam
2695 5384 2708 5420 :
2744 5366 2978 5420 alterum
3003 5377 3158 5428 vero,
3189 5360 3270 5417 uti
3314 5360 3523 5415 dictum

1948 5474 2054 5529 est,
2099 5477 2320 5533 semper
2356 5459 2936 5529 habet-coniunctum.
2977 5456 3054 5510 Ac
3090 5453 3265 5524 priori
3300 5451 3523 5523 quidem

1949 5557 2134 5612 timori
2156 5554 2413 5626 quadrat,
2436 5553 2578 5623 quod
2612 5551 2686 5606 ita
2700 5551 2904 5605 dicitur
2932 5567 2944 5601 :
2972 5548 3177 5603 Timore
3191 5545 3405 5601 Domini
3433 5543 3521 5596 de-

1948 5647 2114 5701 clinat
2147 5647 2317 5700 omnis
2342 5664 2373 5698 (ι
2398 5641 2541 5697 malo
2571 5643 2638 5694 ³⁸.
2671 5642 2737 5694 Ει
2769 5658 2783 5693 :
2826 5638 3045 5693 Initium
3071 5636 3345 5704 sapientia:
3372 5635 3529 5688 timor

3008 5826 3053 5858 ³ο
3096 5820 3283 5883 Matth.
3329 5838 3401 5885 χι,
3441 5818 3531 5878 29.

2267 5831 2307 5858 λδ
2343 5829 2481 5881 l’sal.
2528 5845 2706 5887 cum,
2754 5823 2873 5879 15⁸5.
