4048 6430
282 347 380 415 981

1174 362 1511 424 CAPITUM
1553 363 1651 425 DE
1687 363 2127 426 CHARITATE
2163 365 2555 429 CENTURiA
2593 368 2622 427 Ι

3450 364 3561 430 982

350 470 470 534 mf.
510 464 681 521 Ὅταν
701 466 791 521 ἀεὶ
818 468 880 523 ὲν
909 469 989 541 τῷ
1016 472 1200 544 καιρῷ
1225 474 1327 545 τῆς
1359 477 1672 548 προσευχῆς
1699 476 1866 548 μηδὲν

2042 475 2132 532 88.
2166 476 2306 535 Cum
2358 477 2504 533 inter
2528 476 2823 543 orandum,
2867 476 3018 534 nulla
3068 489 3310 548 unquam
3370 492 3559 533 rerum

281 556 391 610 τῶν
420 556 520 612 τοῦ
562 560 771 630 κόσμου
817 564 1107 634 νοημάτων
1147 566 1469 641 διενοχλήσῃ
1499 565 1578 641 τῷ
1614 568 1710 640 νῷ,
1740 570 1865 623 τότε

284 648 521 716 γίνωσκε
554 652 752 708 σαυτὸν
782 654 859 727 μὴ
904 654 1011 722 ἔξω
1060 652 1203 714 εἶναι
1245 659 1356 713 τῶν
1386 661 1530 732 ὅρων
1577 661 1682 731 τῆς
1725 661 1868 716 ἀπα-

284 744 460 808 θείας.

354 834 467 889 πθ¹.
504 836 676 893 ὐταν
707 840 741 911 ἡ
769 838 917 911 ψυχὴ
946 840 1185 914 ἄρχηται
1210 843 1310 917 τῆς
1342 844 1480 909 ιδίας
1500 844 1688 914 ὑγείας
1710 847 1869 900 ὲπαι-

286 926 605 996 σθάνεσθαι,
634 932 759 986 τότε
793 934 889 987 καὶ
920 934 1020 999 τάς
1069 937 1125 989 ὲν
1158 938 1273 1000 τοῖς
1315 935 1508 1001 ὕπνοις
1540 938 1868 1009 φαντασίας,

283 1019 449 1090 qua;
482 1024 580 1076 καὶ
604 1024 916 1097 ἀταράχους
944 1027 1172 1100 ἄρχεται
1203 1030 1446 1100 βλέπειν.

356 1112 433 1179 ις.
466 1113 681 1186 Ὠσπερ
710 1118 802 1171 τὸν
828 1118 1089 1191 αἰσθητὸν
1112 1121 1450 1195 ὁφθαλμὸνή
1498 1122 1734 1197 καλλονή
1760 1124 1873 1180 τῶν

281 1205 536 1275 ὁρατῶνο
564 1206 709 1263 οὕτω
746 1211 957 1266 καὶτὸν
982 1214 1222 1287 καθαρὸν
1259 1213 1404 1283 νοῦν,
1448 1218 1482 1288 ή
1519 1216 1720 1286 γνῶσις
1760 1218 1873 1274 τῶν

283 1300 540 1369 ἀοράτων
568 1302 705 1373 πρὸς
735 1304 938 1377 ἑαυτὴν
970 1307 1296 1365 ἐπισπᾶται.
1335 1309 1575 1382 Ἀόρατα
1601 1311 1660 1367 δὲ
1700 1311 1869 1381 λέγω,

283 1390 355 1446 τά
379 1390 674 1463 ἀσώματα.

355 1576 469 1641 μα’.
510 1574 675 1645 Μέγα
705 1577 805 1647 μὲν
829 1578 891 1633 τδ
918 1579 1057 1653 πρὸς
1087 1582 1159 1638 τά
1190 1584 1494 1654 πράγματα
1517 1588 1593 1658 μὴ
1617 1588 1871 1660 πάσχειν

286 1668 478 1738 μεῖζον
523 1668 582 1724 δὲ
636 1670 844 1743 πολλῷ,
889 1674 950 1727 τὸ
1005 1675 1167 1746 πρὸς·
1202 1678 1305 1741 τὰς
1346 1680 1650 1749 φαντασίας
1694 1683 1875 1737 αὐτῶν

279 1759 472 1832 ἀπαθῆ
510 1762 805 1833 διαμεῖναι.
850 1766 995 1820 Διότι
1041 1768 1072 1822 6
1113 1768 1205 1824 διὰ
1250 1770 1360 1823 τῶν
1409 1770 1687 1844 λογισμῶν
1736 1778 1875 1845 πρὸς

284 1853 437 1922 ἡμᾶς
466 1853 578 1907 τῶν
610 1855 883 1925 δαιμόνων
919 1859 1155 1931 πόλεμος
1176 1900 1193 1925 ,
1223 1862 1318 1916 τοῦ
1350 1862 1438 1917 διὰ
1470 1864 1581 1918 τῶν
1613 1867 1875 1937 πραγμά-

280 1962 393 1999 των
424 1946 667 2017 πολέμου
695 1949 814 2002 ἐστὶ
842 1950 1245 2025 χαλεπώτερος.

354 2039 462 2108 1.,βῖ
522 2039 585 2095 ’0
626 2042 726 2106 τὰς
774 2044 981 2115 ἀρετὰς
1034 2046 1411 2118 κατορθώσας,
1443 2050 1541 2104 καὶ
1582 2053 1649 2123 τῇ
1675 2051 1877 2120 γνώσει

282 2132 618 2205 πλουτήσας,
641 2135 718 2199 ὡς
746 2139 995 2206 φυσικῶς
1017 2141 1205 2195 λοιπὸν
1229 2143 1299 2195 τά
1328 2144 1634 2215 πράγματα
1658 2146 1874 2218 διορῶν,

279 2224 466 2280 πάντα
499 2227 643 2282 κατά
672 2230 763 2282 τὸν
796 2230 957 2302 ὀρθὸν
989 2232 1148 2301 λόγον
1185 2234 1281 2287 καὶ
1309 2238 1542 2306 πράττει
1574 2239 1669 2292 καὶ
1702 2239 1879 2293 διαλέ-

278 2335 465 2387 γεται,
496 2320 558 2374 τὺ
592 2312 812 2377 σύνολον
847 2323 921 2395 μὴ
955 2326 1463 2397 παρατρεπόμενος.
1511 2330 1605 2383 Ἐκ
1643 2330 1754 2403 γὰρ
1780 2331 1877 2387 τοῦ

278 2416 525 2484 εὐλόγως
561 2418 594 2488 ἦ
639 2419 971 2491 παραλόγως
1003 2422 1117 2485 τοῖς
1148 2423 1441 2495 πράγμασι
1478 2426 1809 2497 χρήσασθαι,
1841 2427 1875 2498 ἢ

280 2511 537 2582 ὲνάρετοι
552 2506 597 2583 ’ἢ
640 2512 837 2582 φαῦλοι
877 2515 1167 2585 γινόμεθα.
1732 2555 1735 2559 ν

356 2606 466 2673 ιγ’.
495 2604 731 2675 Σημεῖον
749 2606 928 2678 ἄκρας
952 2607 1248 2675 ἀπαθείας,
1278 2609 1338 2662 τὺ
1369 2609 1501 2679 ψιλά
1525 2611 1591 2664 τά
1625 2612 1877 2682 νοήματα

278 2694 395 2747 τῶν
421 2696 766 2767 πραγμάτων
796 2698 885 2751 ἀεὶ
914 2700 1231 2753 ἀναϐαίνειν
1261 2701 1354 2754 ἐπὶ
1373 2702 1474 2771 τὴν
1503 2702 1757 2772 καρδίαν,
1783 2703 1881 2759 καὶ

279 2787 656 2859 ἑγρηγορότος
683 2788 779 2842 τοῦ
810 2784 1085 2860 σώματος,
1116 2792 1211 2845 καὶ
1242 2793 1385 2847 κατά
1419 2794 1546 2858 τοὺς
1581 2793 1805 2859 ὕπνους.

354 2965 459 3033 ιιδν.
504 2967 605 3021 Διὰ
648 2968 749 3039 μὲν
788 2968 889 3038 τῆς
913 2970 1179 3040 ἐργασίας
1207 2970 1318 3023 τῶν
1344 2972 1596 3036 ἐντολῶν,
1622 2972 1693 3026 τά
1727 2973 1877 3045 πάθη

272 3058 314 3110 ὁ
343 3058 471 3123 νοῦς
499 3059 816 3114 ἀποδύεται*
846 3061 938 3117 διὰ
962 3063 1020 3116 δὲ
1046 3066 1148 3133 τῆς
1189 3064 1299 3116 τῶν
1335 3064 1549 3135 ὁρατῶν
1576 3082 1873 3134 πνευματι-

1970 569 2153 626 muli
2176 571 2417 640 cogitata
2456 571 2689 627 molesta
2716 569 3053 643 ingruerint,
3089 578 3224 624 tunc
3248 580 3406 625 extra
3452 570 3559 625 im-

1969 658 2428 728 perturbationis,
2462 657 2743 730 animique
2785 657 3209 727 tranquillitatis
3241 656 3449 713 sedatis
3471 658 3555 711 af-

1969 749 2209 807 feCtibus
2231 752 2391 816 ﬁnes,
2421 750 2571 805 haud
2594 758 2646 806 te
2671 750 3035 806 constitutum
3057 765 3178 805 esse
3203 748 3445 804 noveris.

2042 842 2131 900 89.
2172 844 2279 902 Ubi
2312 844 2531 899 animus
2562 859 2676 899 suae
2722 842 2977 900 sanitatis
3007 857 3231 899 sensum
3261 842 3553 913 percipere

1972 938 2225 1009 coeperit,
2269 947 2404 995 tunc
2452 952 2510 995 et
2537 955 2661 1010 quae
2711 940 2769 995 in
2810 939 3022 996 somnis
3055 939 3175 996 visa
3204 940 3367 1006 ﬁunt,
3412 938 3561 994 nuda

1974 1031 2225 1102 citraque
2252 1033 2731 1103 perturbationem
2758 1033 2951 1090 videre
2983 1033 3199 1104 incipit.

2044 1123 2134 1179 90.
2173 1125 2652 1192 Quemadmodum
2703 1142 2890 1181 rerum
2918 1128 3220 1183 visibilium
3254 1127 3565 1199 pulchritu-

1973 1215 2068 1280 do,
2098 1217 2322 1272 oculum
2353 1218 2613 1274 sensibus
2639 1218 2920 1289 objectum
2946 1235 2961 1285 ;
2992 1218 3074 1275 sic
3096 1230 3155 1275 et
3172 1235 3367 1290 puram
3399 1235 3562 1275 men-

1976 1319 2087 1365 tem
2133 1309 2202 1365 ad
2246 1326 2307 1367 se
2359 1310 2535 1367 allicit
2604 1310 2849 1382 cognitio
2918 1326 3109 1366 rerum
3176 1311 3561 1368 invisibilium.

1974 1399 2137 1473 507
2162 1402 2468 1458 lnvisibilia
2519 1411 2705 1459 autem
2745 1417 2909 1469 voco,
2956 1402 3200 1475 Spiritus
3232 1404 3450 1461 scilicet
3499 1415 3566 1459 ac

1975 1493 2072 1564 qui
2102 1494 2418 1566 incorporei
2442 1505 2598 1555 sunt.

2046 1585 2108 1641 9t
2122 1624 2139 1641 .
2154 1586 2411 1659 Magnum
2434 1588 2661 1659 quidem
2678 1603 2865 1645 rerum
2880 1588 3112 1645 libidine
3127 1587 3353 1645 minime
3379 1586 3523 1645 allici
3546 1604 3563 1642 :

1975 1686 2033 1733 at
2065 1678 2228 1750 longe
2252 1681 2452 1752 majus,
2475 1680 2559 1736 sic
2584 1696 2972 1753 perseverare,
3010 1689 3073 1737 ut
3098 1696 3169 1737 ne
3206 1696 3401 1738 earum
3436 1681 3564 1753 qui-

1976 1770 2103 1827 dem
2143 1772 2575 1843 cogitationibus
2602 1773 2877 1833 aﬁiciaris.
2911 1773 3126 1845 Quippe
3152 1774 3376 1845 gravius
3416 1772 3566 1845 quod

1978 1879 2079 1933 per
2123 1880 2218 1920 eas
2260 1864 2564 1934 daamones,
2601 1882 2767 1939 quam
2788 1868 2936 1939 quod
2958 1884 3058 1939 per
3084 1883 3176 1924 res
3201 1868 3370 1940 ipsas,
3392 1867 3448 1923 in
3464 1881 3569 1924 nos

1978 1955 2185 2010 bellum
2209 1954 2511 2012 instruunt.

2050 2047 2138 2103 92.
2168 2048 2273 2116 Qui
2302 2050 2413 2121 jam
2434 2050 2672 2105 virtutes
2719 2050 2974 2120 adeptus,
3004 2065 3069 2105 ac
3091 2050 3321 2105 scientia
3361 2048 3569 2120 potitus

1979 2148 2085 2202 est,
2111 2148 2173 2192 ut
2211 2140 2305 2210 qui
2348 2140 2615 2211 deinceps
2651 2152 2741 2196 res
2774 2140 3034 2212 dispiciat
3070 2142 3151 2196 uti
3199 2149 3395 2196 natura
3419 2154 3569 2195 com—

1980 2238 2236 2300 paratum
2262 2241 2369 2296 est,
2419 2240 2619 2287 cuncta
2656 2240 2809 2287 recta
2850 2231 3068 2287 ratione
3128 2239 3245 2286 tum
3279 2230 3412 2302 agit,
3450 2240 3568 2285 tum

1980 2322 2252 2391 loquitur,
2286 2324 2442 2377 nullo
2470 2338 2701 2392 prorsus
2736 2323 2792 2377 in
2825 2323 3012 2393 aliquo
3041 2337 3239 2378 errore
3275 2322 3565 2377 abductus.

1980 2413 2060 2468 Ex
2095 2428 2164 2469 eo
2201 2414 2352 2468 enim
2384 2415 2534 2484 quod
2570 2423 2723 2469 recte
2774 2430 2842 2469 ex
2894 2414 3108 2470 ratione
3157 2429 3223 2469 ac
3259 2413 3571 2469 inconsulte

1981 2505 2150 2562 rebus
2182 2515 2428 2571 utamur,
2458 2514 2554 2561 aut
2583 2506 2821 2561 studiosi
2853 2515 2950 2561 aut
2966 2506 3095 2560 mali
3133 2505 3425 2561 elﬁcimur.
3549 2491 3553 2494 ’

2051 2598 2141 2653 95.
2162 2598 2402 2652 Summa:
2428 2597 2949 2668 imperturbationis
2977 2598 3263 2669 animique
3284 2595 3574 2653 aﬁ‘ectibus

1980 2691 2143 2745 vacui
2174 2690 2441 2745 indicium
2468 2699 2575 2755 est,
2594 2690 2742 2761 quod
2763 2690 2925 2747 nuda:
2954 2706 3175 2763 semper
3203 2705 3267 2746 ac
3291 2689 3575 2761 simplices

1982 2794 2172 2834 rerum
2226 2780 2484 2835 notiones
2531 2795 2808 2851 sensaque
2843 2780 2902 2834 in
2950 2797 3051 2836 eor
3098 2780 3423 2845 ascendant,
3458 2781 3574 2837 sive

1981 2871 2112 2926 dum
2144 2887 2350 2941 corpus
2375 2871 2585 2943 vigilat,
2612 2872 2730 2929 sive
2756 2873 2889 2929 dum
2914 2888 3083 2944 sopor
3112 2882 3286 2930 tenet.

2053 2963 2142 3019 94.
2176 2964 2499 3020 Ρταεειειιάο
2524 2965 2802 3026 mandata,
2828 2966 3050 3022 animus
3070 2966 3333 3021 libidines
3358 2979 3423 3020 ac
3441 2963 3577 3019 vitia

1982 3060 2177 3115 exuit:
2220 3076 2406 3117 rerum
2460 3076 2594 3117 vero
2627 3062 2682 3116 in
2706 3072 2992 3132 aspectum
3026 3062 3345 3118 cadentium
3380 3075 3579 3131 specu-

276 3149 394 3221 κῆς
422 3151 680 3224 θεωρίας,
715 3152 786 3207 τὰ
828 3153 1055 3225 ἐμπαθῆ
1088 3155 1198 3208 τῶν
1237 3156 1582 3226 πραγμάτων
1605 3158 1873 3226 νοήματα.

2003 3154 2214 3219 atione,
2238 3154 2567 3210 libidinosas
2606 3164 2774 3224 atque
2799 3155 2940 3211 vitio
2966 3155 3243 3211 haerentes
3266 3169 3454 3212 rerum
3477 3168 3569 3208 co-

272 3243 387 3297 Διὰ
437 3243 496 3296 δὲ
552 3246 654 3315 τῆς
698 3245 807 3300 τῶν
850 3247 1099 3317 ἀοράτων
1129 3247 1379 3316 γνώσεως
1431 3248 1566 3318 (l5),
1626 3249 1725 3321 τὴν
1770 3250 1880 3303 τῶν

272 3331 502 3404 ὁρατῶν
535 3333 789 3404 θεωρίαν·
836 3335 1041 3407 ταύτην
1073 3336 1152 3401 δὲ,
1210 3337 1299 3391 διὰ
1342 3340 1444 3410 τῆς
1496 3337 1753 3408 γνώσεως
1779 3339 1881 3411 τῆς

274 3424 453 3494 ἁγίας
486 3425 739 3498 Τριάδος.

356 3523 463 3587 ιιεο.
498 3520 711 3588 ’Ὥσπερ
746 3522 775 3575 6
823 3521 976 3592 ἥλιος
1024 3521 1337 3576 ἀνατέλλων
1390 3523 1483 3576 καὶ
1528 3523 1622 3577 τὸν
1677 3522 1881 3594 κόσμον

274 3612 565 3681 φωτίζων,
596 3612 837 3668 δείκνυσί
868 3632 927 3668 τε
964 3614 1156 3669 ἑαυτὸν
1183 3615 1278 3676 καὶ
1303 3616 1375 3670 τά
1406 3615 1680 3671 ὑπἀὐτοῦ
1713 3635 1881 3688 φωτι-

274 3706 494 3777 ζόμενα
525 3704 1009 3776 πράγματα-οὓτω
1032 3706 1127 3762 καὶ
1142 3707 1171 3759 6
1188 3707 1287 3777 τῆς
1316 3707 1667 3780 δικαιοσύνης
1693 3710 1882 3774 Ἤλιος

272 3797 364 3869 τῷ
396 3798 626 3870 καθαρῷ
665 3797 742 3869 νῷ
782 3798 1112 3860 ἀνατέλλων,
1139 3800 1234 3853 καὶ
1273 3799 1464 3854 ἑαυτὸν
1495 3799 1757 3867 δείκνυσι,
1788 3802 1883 3855 καὶ¹

275 3890 510 3945 πάντων
538 3890 649 3944 τῶν
682 3891 772 3944 ὑπ’
819 3890 986 3944 αὑτοῦ
1016 3891 1320 3961 γεγονότων
1362 3890 1459 3946 καὶ
1500 3892 1883 3964 γενησομένων

277 3986 416 4047 τοὺς
436 3984 652 4053 λόγους.

357 4083 477 4146 ιιςν.
511 4079 629 4132 Οὐκ
666 4079 732 4132 ὲκ
762 4078 864 4150 τῆς
887 4078 1077 4142 οὐσίας
1114 4077 1281 4133 αὐτοῦ
1322 4079 1415 4133 τὸν
1458 4078 1590 4133 Θεὸν
1619 4077 1884 4148 γινώσκο-

282 4190 416 4243 μεν,
449 4171 569 4225 ἀλλ’
597 4173 663 4225 ὲκ
701 4170 800 4242 τῆς
834 4172 1240 4242 μεγαλουργίας
1270 4169 1437 4224 αὐτοῦ
1492 4170 1591 4224 καὶ
1622 4172 1886 4243 προνοίας

279 4265 399 4318 τῶν
429 4264 618 4318 ὄντων.
678 4261 778 4317 Διά
822 4263 1029 4316 τούτων
1075 4265 1184 4334 γὰρ
1220 4263 1297 4328 ὡς
1327 4263 1397 4316 δι’
1425 4262 1732 4335 ἐσόπτρων,
1776 4264 1882 4334 τὴν

279 4356 519 4425 ἄπειρον
567 4353 881 4425 ἀγαθότητα
928 4355 1025 4408 καὶ
1069 4353 1264 4425 σοφίαν
1299 4354 1395 4408 καὶ
1445 4352 1677 4425 δύναμιν
1713 4371 1883 4409 κατα-

281 4462 545 4519 νοουμεν.

1983 3246 2307 3319 gitationes;
2334 3262 2524 3301 rerum
2555 3255 2743 3302 autem
2778 3246 3144 3303 invisibilium
3171 3246 3423 3312 scientia,
3448 3244 3566 3301 visi-

1984 3340 2181 3395 bilium
2207 3338 2648 3410 speculationem
2676 3357 2691 3394 :
2722 3339 2868 3396 hanc
2886 3338 3129 3411 denique
3177 3336 3580 3396 sancta'hini—

1983 3432 2116 3488 tatis
2143 3432 2377 3488 scientia
2412 3432 2626 3503 abjicit.

2054 3526 2145 3583 95.
2185 3525 2667 3593 Quemadmodum
2696 3526 2779 3581 sol
2810 3524 3001 3582 oriens
3025 3540 3092 3581 ac
3140 3524 3410 3580 mundum
3449 3522 3581 3578 illu-

1984 3619 2229 3683 minans,
2283 3628 2403 3674 tum
2450 3618 2569 3688 ipse
2630 3631 2711 3684 se,
2767 3626 2883 3673 tum
2913 3630 3038 3687 quae
3071 3616 3223 3672 illius
3273 3614 3585 3687 fulgoribus

1984 3710 2409 3773 collustrantur,
2452 3706 2641 3778 prodit
2677 3723 2693 3761 :
2734 3706 2818 3761 sic
2869 3714 2927 3760 et
2957 3703 3189 3775 justitiae
3234 3702 3327 3758 Sol
3362 3699 3585 3757 munda:

1989 3801 2166 3858 menti
2205 3800 2492 3866 exoriens,
2529 3808 2645 3855 tum
2683 3798 2963 3868 seipsum,
3012 3806 3129 3852 tum
3176 3796 3297 3866 ipso
3351 3802 3583 3849 auctore

1985 3892 2343 3950 conditorum
2374 3890 2624 3947 omnium
2650 3904 2716 3944 ac
2742 3887 3159 3944 condendorum
3203 3885 3450 3941 rationes
3487 3898 3581 3939 os-

1988 3985 2193 4042 tendit.

2060 4074 2152 4130 96.
2191 4072 2315 4130 Non
2353 4088 2423 4129 ex
2464 4072 2779 4129 substantia
2815 4087 2915 4127 sua
2949 4070 3121 4126 Deum
3173 4068 3582 4141 cognoscimus,

1988 4166 2089 4222 sed
2122 4181 2191 4221 ex
2236 4164 2539 4221 creationis
2579 4162 2991 4235 magniﬁcentia
3046 4177 3347 4233 rerumque
3399 4160 3587 4233 provi-

1990 4259 2204 4315 dentia.
2231 4259 2341 4315 Per
2372 4257 2493 4313 haec
2520 4256 2669 4312 enim
2725 4266 2789 4312 ut
2832 4272 2933 4327 per
2987 4254 3212 4326 specula
3239 4294 3255 4320 ,
3311 4252 3586 4307 inﬁnitam

1997 4351 2369 4424 intelligimus
2410 4350 2719 4407 bonitatem
2773 4358 2829 4405 et
2883 4347 3215 4419 sapientiam
3270 4354 3328 4402 et
3384 4356 3589 4418 poten-

1994 4444 2152 4498 tiam.

361 4540 469 4608 [ιζ’.
511 4541 574 4593 '0
601 4540 847 4613 καθαρὸς
874 4539 1025 4604 νοῦς,
1067 4539 1102 4611 ἦ
1152 4540 1213 4594 ἐν
1256 4542 1371 4603 τοῖς
1415 4540 1594 4610 ψιλοῖς
1648 4540 1876 4611 νοήμασι

2064 4538 2154 4593 97.
2195 4537 2400 4592 Munda
2438 4549 2621 4600 mens,
2673 4542 2771 4588 aut
2797 4532 2854 4588 in
2906 4531 3074 4587 nudis
3097 4531 3470 4586 humanarum
3494 4544 3588 4586 re-

284 4635 400 4688 τῶν
430 4633 790 4706 ἀνθρωπίνων
822 4634 1167 4706 πραγμάτων
1224 4634 1562 4706 εὑρίσκεται,
1614 4633 1648 4703 ἢ
1705 4636 1765 4687 ὲν
1811 4634 1876 4706 τῇ

283 4726 399 4781 τῶν
424 4725 641 4798 ὁρατῶν
675 4729 883 4798 φυσικῇ
919 4726 1147 4798 θεωρίᾳ,
1190 4726 1223 4798 ἢ
1258 4729 1317 4781 ὲν
1362 4729 1429 4797 τῇ
1462 4727 1572 4781 τῶν
1608 4726 1882 4798 ἀοράτων-

284 4819 318 4882 ἢ
353 4821 414 4874 ἐν
438 4818 517 4891 τῷ
544 4819 686 4890 φωτὶ
731 4820 831 4890 τῆς
870 4820 1034 4889 ἁγίας
1065 4820 1316 4891 Τριάδος.

363 5001 475 5068 ιιην.
493 4997 581 5049 Ἐν
604 4999 672 5069 τῇ
697 4995 805 5051 τῶν
834 4994 1048 5068 ὁρατῶν
1078 4994 1285 5067 θεωρίᾳ
1310 4996 1601 5066 γενόμενος
1625 4998 1653 5050 ὁ
1685 4992 1831 5060 νοῦς,
1852 4993 1886 5068 ἢ

287 5092 420 5154 τοὺς
441 5091 708 5159 φυσικοὺς
754 5088 936 5145 αὐτῶν
983 5087 1175 5156 λόγους
1210 5088 1488 5159 ἐρευνᾷ,ἢ
1523 5089 1649 5151 τοὺς
1688 5087 1756 5141 δι’
1792 5087 1891 5140 αὐ-

288 5183 403 5236 τῶν
429 5200 497 5253 ση
508 5181 889 5253 μαινομένους,
920 5182 953 5252 ἢ
990 5182 1164 5253 αὐτὴν
1191 5183 1290 5253 τὴν
1326 5182 1511 5234 αἰτίαν
1537 5181 1709 5251 ζητεῖ.

366 5373 472 5441 ιιον.
526 5374 616 5429 Ἐν
662 5373 720 5427 δὲ
760 5376 827 5445 τῇ
860 5372 971 5426 τῶν
1021 5371 1272 5444 ἀοράτων
1308 5370 1628 5443 διατρίϐων,
1668 5364 1794 5435 τοῦς
1826 5387 1887 5425 τε

296 5467 565 5535 φυσικοὺς
613 5466 799 5520 αὐτῶν
843 5466 1038 5535 λόγους
1081 5465 1258 5535 ζητεῖ,
1310 5464 1405 5517 καὶ
1435 5463 1535 5536 τὴν
1579 5464 1761 5518 αἰτίαν
1787 5464 1888 5534 τῆς

298 5562 566 5628 γενέσεως
609 5560 814 5623 αὐτῶν,
866 5558 961 5612 καὶ
1004 5559 1072 5613 τὰ
1105 5558 1317 5622 τούτοις
1346 5557 1636 5613 ἀκόλουθα.
1670 5559 1780 5612 Καὶ
1806 5558 1890 5622 τίς

300 5654 334 5721 ὴ
375 5651 504 5722 περὶ
546 5651 745 5715 αὐτοὺς
778 5651 1008 5728 πρόνοια
1048 5650 1143 5703 καὶ
1187 5650 1389 5720 κρίσις.

376 5831 441 5897 ρ’.
486 5825 574 5880 Ἑν
622 5825 677 5880 δὲ
709 5825 829 5899 Θεῷ
854 5826 1147 5898 γενῦμενος
1172 5868 1186 5895 ,
1236 5830 1361 5893 τοὺς
1398 5828 1525 5902 περὶ
1566 5829 1663 5903 τῆς
1705 5830 1892 5897 οὐσίας

1994 4647 2119 4686 rum
2156 4628 2595 4701 cogitationibus
2642 4642 2707 4683 ac
2763 4624 3150 4696 conceptibus,
3185 4633 3283 4679 aut
3318 4624 3377 4679 in
3419 4632 3586 4679 natu-

1996 4724 2099 4779 rali
2128 4738 2316 4777 rerum
2348 4720 2657 4776 visibilium
2688 4726 2788 4773 aut
2827 4716 3190 4773 invisibilium
3241 4714 3588 4785 contempla-

1995 4816 2185 4879 tione;
2223 4822 2323 4869 aut
2347 4812 2590 4883 denique
2616 4812 2673 4866 in
2706 4817 2913 4865 sancta:
2965 4807 3258 4863 Trinitatis
3293 4806 3419 4861 luee
3461 4819 3592 4859 vcr-

1994 4918 2173 4963 εθιιιτ.

2069 5002 2249 5058 98.1n
2282 5016 2470 5056 rerum
2529 4995 2710 5055 oculis
2771 4996 3148 5066 subjectarum
3207 4989 3590 5065 speculatione

1995 5109 2231 5149 versans
2285 5091 2548 5155 animus,
2607 5098 2705 5144 aut
2747 5086 3029 5143 naturales
3088 5098 3282 5140 earum
3343 5079 3593 5136 rationes

1994 5193 2300 5247 scrutatur,
2330 5192 2427 5238 aut
2447 5197 2571 5253 quae
2606 5197 2706 5251 per
2733 5196 2829 5235 eas
2852 5178 3257 5249 signiﬁcantur,
3285 5184 3383 5229 aut
3406 5173 3590 5243 ipsum

1992 5295 2183 5335 earum
2213 5284 2501 5333 auctorem
2548 5275 2803 5329 rimatur.

2069 5372 2158 5428 99.
2199 5370 2406 5426 Earum
2457 5382 2593 5422 vero
2637 5381 2760 5437 qua:
2811 5365 3099 5420 oculorum
3158 5360 3335 5415 aciem
3373 5355 3595 5429 fugiunt

1998 5462 2470 5532 contemplatione
2507 5457 2743 5522 deﬁxus,
2774 5455 3057 5511 naturales
3076 5453 3323 5523 ipsarum
3350 5446 3594 5519 exquirit

1992 5558 2260 5621 rationes,
2320 5566 2542 5609 necnon
2604 5547 3013 5621 procreationis
3061 5556 3309 5607 causam,
3371 5548 3429 5595 et
3467 5552 3591 5609 qua

1994 5650 2161 5725 5.08
2188 5649 2278 5703 his
2304 5652 2674 5701 consectanea
2699 5649 2853 5697 sunt.
2882 5639 3147 5707 Quasnam
3184 5632 3432 5703 denique
3456 5644 3590 5702 erga

1996 5744 2225 5815 spiritus
2245 5735 2594 5810 providentia
2625 5750 2690 5791 ac
2718 5734 2989 5805 judicium
3014 5731 3111 5785 sit.

2072 5830 2193 5886 100.
2225 5829 2295 5884 At
2329 5827 2422 5882 ubi
2445 5825 2513 5882 ad
2553 5826 2727 5883 Deum
2767 5823 3026 5891 evaserit,
3072 5818 3317 5893 primum
3361 5810 3588 5886 quidem
