3898 6474
462 393 570 457 983

1619 396 1679 457 S.
1712 396 1994 456 MAXIMI
2033 396 2541 457 CONFESSORIS

3584 388 3679 453 ιιι

467 505 744 562 desiderio
771 503 1027 577 ﬂagrans,
1062 505 1213 562 illius
1227 507 1481 562 essentia!
1517 506 1762 562 rationes
1791 506 1988 576 quaerit
2022 527 2035 562 :

2158 507 2308 562 ιὺτοῦ
2335 507 2547 580 πρῶτον
2576 505 2767 574 λόγους
2804 502 2924 575 (ιιι),
2961 501 3114 572 ζητεῖ
3144 501 3242 572 μὲν
3283 499 3391 553 ὑπὸ
3416 497 3510 552 τοῦ
3536 499 3687 552 πόθου

467 609 568 650 nec
593 604 774 651 tamen
811 611 881 651 ex
909 610 978 650 eo
1023 596 1170 666 quod
1215 596 1350 666 quid
1383 595 1498 666 ipse
1522 605 1628 660 est,
1665 612 1778 666 quo
1804 596 1912 651 sibi
1939 596 2032 650 ﬂat

2158 603 2488 674 ρλεγόμενος,
2517 605 2618 657 οὐκ
2646 603 2710 656 ὲκ
2736 601 2847 656 τῶν
2895 599 3016 653 κατ’
3045 595 3207 651 αὑτὸν
3228 596 3286 649 δὲ
3311 595 3413 666 τὴν
3448 610 3689 664 παραμυο

456 686 621 751 ‘satis,
653 686 1104 758 desideriumque
1137 689 1365 754 soletur,
1391 687 1603 743 invenit
1649 688 1669 760 (
1697 687 2035 757 impossibile

466 776 637 840 enim,
665 777 926 848 omnique
954 793 1210 849 peraeque
1244 779 1620 834 inconcessum
1663 788 1928 833 creaturae
1963 779 2039 834 is-

467 867 564 920 tud
594 868 830 937 exsistit)
859 886 874 924 :
917 869 1015 924 sed
1043 885 1109 923 ex
1161 869 1269 924 illis
1304 885 1425 938 quae
1477 877 1608 923 sunt
1641 869 1786 923 circa
1835 869 2038 939 ipsum,

468 958 738 1028 tantisper
769 959 873 1013 sibi
899 959 1401 1030 indulget;nempc
1443 977 1508 1015 ex
1536 961 1863 1025 aeternitate,
1911 960 2039 1015 inii-

467 1049 660 1111 nitatc,
699 1050 1068 1106 immensitate
1091 1068 1106 1116 ;
1129 1067 1197 1106 ex
1234 1051 1510 1114 bonitate,
1536 1051 1808 1120 sapientia
1858 1060 1915 1106 et
1947 1067 2046 1121 po-

467 1139 660 1202 tentia,
693 1139 898 1208 quibus
930 1155 1018 1194 res
1045 1140 1284 1195 conditae
1308 1147 1460 1203 sunt,
1493 1139 1952 1210 providentiaque
1979 1154 2046 1195 ac

467 1227 671 1299 iudicio
700 1238 982 1300 reguntur.
1018 1229 1242 1300 Hocque
1273 1245 1441 1284 unum
1467 1229 1614 1285 illius
1638 1229 1867 1285 omnino
1886 1243 2044 1284 com-

465 1319 736 1389 prehendi
789 1329 990 1390 potest,
1055 1321 1206 1390 quod
1259 1330 1348 1376 est
1390 1321 1676 1385 infinitus;
1744 1322 2036 1391 ipsumque

465 1410 606 1464 nihil
647 1427 1002 1482 cognoscere,
1040 1427 1209 1484 supra
1251 1422 1497 1470 mentem
1555 1414 1798 1484 positum
1846 1412 2038 1483 illique

464 1501 798 1560 eminentem
831 1519 1164 1576 cognoscere
1209 1513 1314 1570 est,
1357 1505 1439 1560 uti
1493 1505 1738 1576 quodam
1771 1505 1897 1560 loco
1929 1503 2036 1559 viri

463 1593 725 1665 theologi,
749 1593 1049 1667 Gregorius
1074 1599 1092 1618 ‘
1116 1595 1520 1668 Dionysiusque
1550 1599 1587 1618 “
1617 1595 1824 1650 dixere.

1061 1795 1408 1852 EIUSDEM.
2073 1795 2116 1853 Β

717 1929 917 1983 Iterum
947 1929 1011 1983 de
1042 1931 1305 1983 charitate
1334 1935 1552 1982 centena
1595 1929 1788 2000 capita.

540 2041 718 2110 LQui
752 2059 882 2098 vere
911 2056 1088 2112 exque
1127 2041 1309 2097 animo
1362 2041 1538 2096 Deum
1581 2039 1781 2112 diligit,
1815 2040 2041 2097 omnino

465 2128 633 2184 etiam
666 2129 988 2184 indistracta
1023 2139 1207 2184 mente
1241 2129 1583 2200 minimeque
1633 2145 1766 2200 vaga
1803 2129 2041 2186 orationi

467 2219 776 2274 incumbit:
829 2224 1035 2288 quique
1091 2219 1232 2274 adeo
1269 2219 1350 2274 sic
1403 2219 1654 2274 oratione
1704 2219 2039 2290 defungitur,

465 2327 596 2367 vere
625 2312 793 2366 etiam
826 2319 883 2366 et
906 2327 972 2366 ex
997 2311 1182 2366 animo
1203 2310 1376 2365 Deum
1404 2310 1605 2382 diligit.
1647 2311 1766 2367 Non
1795 2320 1915 2367 orat
1943 2327 2042 2366 au-

469 2409 576 2453 tem
605 2399 928 2454 indistracta
965 2409 1147 2454 mente
1171 2415 1236 2468 ac
1271 2400 1408 2454 nihil
1444 2417 1599 2472 vaga,
1627 2402 1786 2472 cujus
1809 2401 2044 2456 terrenis

468 2491 595 2545 ullis
625 2491 790 2546 rebus
827 2491 1018 2546 aliixus
1036 2492 1255 2547 animus
1290 2501 1376 2547 est
1405 2510 1418 2546 :
1453 2508 1564 2548 non
1591 2508 1722 2564 ergo
1745 2494 1918 2550 Deum
1955 2493 2042 2548 di-

465 2582 609 2653 ligit,
652 2583 746 2654 qui
772 2582 1009 2638 terrenis
1045 2584 1172 2640 ullis
1223 2583 1393 2639 rebus
1432 2595 1675 2640 mentem
1725 2584 2039 2639 devinctam

467 2673 653 2728 habet.

537 2791 592 2845 2.
617 2791 850 2846 Animus
883 2793 1124 2863 cuipiam
1171 2807 1387 2858 eorum,
1417 2807 1540 2863 quae
1576 2791 1631 2846 in
1696 2806 1920 2847 sensum
1959 2806 2047 2846 ca-

2138 694 2258 748 θίαν
2305 691 2569 764 εὑρίσκει·
2597 691 2878 762 ἀμήχανον
2910 689 3018 760 γὰρ
3055 686 3240 745 τοῦτο,
3272 686 3369 740 καὶ
3400 683 3695 738 ἀνένδεκτον

2145 787 2295 856 πάσῃ
2325 786 2528 854 γενητῇ
2576 782 2735 852 φύσει
2784 780 2846 846 ἐξ
2885 781 3020 834 ῐσου·
3050 782 3114 833 ὲκ
3149 779 3204 832 δὲ
3239 777 3350 831 τῶν
3388 777 3520 847 περὶ
3549 775 3698 827 αὐτὸν

2143 875 2572 947 παραμυθεῖταιο
2609 873 2753 943 λέγω
2781 871 2868 943 δὴ,
2895 871 3003 924 τῶν
3046 870 3174 941 περὶ
3204 867 3527 938 ἀῖδιότητος,
3551 866 3699 920 ἀπει-

2145 969 2266 1040 ρίας
2292 985 2376 1031 τε,
2411 967 2510 1022 καὶ
2556 964 2855 1036 ἀοριστίας·
2899 962 3230 1033 ἀγαθότητός
3284 977 3346 1014 τε
3386 961 3482 1013 καὶ
3523 956 3703 1025 σοφίας

2140 1057 2235 1110 καὶ
2266 1056 2569 1126 δυνάμεως.
2602 1054 2997 1127 δημιουργικῆς
3026 1070 3085 1106 τε
3109 1052 3206 1106 καὶ¹
3230 1049 3597 1121 προνοητικῆς
3619 1053 3702 1101 καὶ

2139 1147 2391 1218 κριτικῆς
2417 1147 2527 1200 τῶν
2567 1146 2758 1201 ὅντων.
2808 1145 2918 1199 Καὶ
2967 1143 3126 1196 τοῦτο
3155 1143 3334 1213 πάντη
3366 1141 3702 1212 καταληπτὸν

2141 1236 2306 1290 αὐτοῦ
2340 1237 2518 1307 μόνον,
2565 1237 2600 1306 ἠ
2649 1233 2899 1306 ἀπειρία,
2929 1233 3024 1288 καὶ
3066 1232 3199 1284 αὐτὸ
3225 1231 3289 1284 τὸ
3335 1229 3504 1302 μηδὲν
3551 1228 3701 1296 γινιὶιο

2141 1343 2317 1388 σκειν,
2349 1327 2488 1396 ὑπὲρ
2516 1324 2641 1378 νοῦν
2664 1322 2974 1394 γινώσκειν,
2998 1322 3072 1386 ὥς
3090 1339 3192 1376 που
3219 1321 3370 1394 [edit.
3424 1317 3633 1390 ὥσπερ]
3658 1319 3702 1370 oi

2143 1417 2385 1488 θεολόγοι
2422 1418 2614 1490 ἄνδρες
2660 1419 2938 1489 εἰρήκασι,
2973 1414 3275 1488 Γρηγόριός
3306 1430 3366 1467 τε
3409 1412 3503 1466 καὶ
3531 1410 3700 1464 Διονύ-

2145 1526 2280 1574 σιος.

2721 1789 2850 1841 ΤΟΥ
2880 1788 3054 1842 ΑΥῚῸ
3066 1789 3127 1842 Υ.

2389 1921 2525 1991 Περὶ
2555 1923 2792 1992 ἀγάπης
2828 1920 3157 1988 ἐκατοντὰς
3181 1918 3450 1990 δευτέρα.

2210 2041 2282 2091 α’.
2335 2034 2394 2090 Ὀ
2423 2034 2662 2107 γνησίως
2685 2034 2776 2088 τὸν
2797 2033 2931 2088 Θεὸν
2953 2031 3202 2102 ἀγαπῶν,
3226 2023 3388 2095 οὗτος
3412 2031 3508 2084 καὶ
3528 2029 3707 2099 ἀπερι-

2143 2126 2399 2188 σπάστως
2423 2125 2642 2187 πάντως
2675 2122 3058 2194 προσεύχεταιο
3097 2123 3190 2175 καὶ
3222 2123 3251 2174 ὁ
3292 2119 3708 2192 ἀπερισπάστως

2143 2217 2365 2280 πάντως
2393 2213 2849 2286 προσευχόμενος,
2885 2205 3040 2276 οὗτος
3084 2212 3177 2265 καὶ
3207 2211 3448 2283 γνησίως
3472 2211 3564 2264 τὸν
3592 2210 3711 2263 Θεὸν

2141 2309 2352 2380 ἀγαπᾷ.
2383 2307 2498 2362 Οὐκ
2537 2305 2753 2378 εὔχεται
2797 2306 2854 2359 δὲ
2906 2304 3326 2376 ἀπερισπάστως
3346 2344 3364 2369 ,
3399 2303 3428 2355 ὃ
3460 2319 3570 2356 τινι
3601 2303 3712 2354 ὲπι-

2141 2397 2306 2468 γείων
2329 2397 2469 2468 ἔχων
2497 2397 2587 2452 τὸν
2615 2395 2738 2450 νοῦν
2778 2395 3226 2467 προσηλωμένον·
3257 2395 3358 2448 οὐκ
3390 2393 3503 2466 ἀρα
3537 2395 3715 2465 ἀγαπᾷ

2141 2489 2234 2544 τὸν
2261 2489 2417 2554 Θεὸν,
2466 2489 2496 2542 ὅ
2537 2505 2646 2541 τινι
2683 2487 2794 2540 τῶν
2821 2487 3080 2557 ἐπιγείων
3108 2487 3249 2558 ἔχων
3289 2485 3384 2540 τὸν
3420 2485 3550 2539 νοῦν
3579 2485 3712 2538 δεδεο

2147 2581 2329 2654 μένον.

2218 2789 2285 2860 β’.
2330 2790 2389 2844 '0
2434 2788 2561 2852 νοῦς
2618 2788 2902 2860 πράγματι
2949 2787 3213 2858 χρονῐζων
3241 2786 3511 2857 αἰσθητῷ,
3560 2785 3713 2847 πάθος

467 2881 626 2945 dunt,
663 2882 996 2954 cogitatione
1045 2883 1369 2948 immorans,
1433 2882 1660 2938 omnino
1687 2882 1947 2936 allectum
1981 2897 2047 2937 ac

2158 2882 2259 2952 ἔχει
2299 2879 2517 2942 πάντως
2544 2877 2680 2950 πρὸς
2723 2877 2876 2931 αὐτὸο
2908 2871 3020 2929 οἷον
3052 2875 3374 2947 ἐπιθυμίας,
3406 2875 3441 2946 ἢ
3472 2872 3710 2943 λῦπης.ῆ

469 2971 758 3027 libidinem
832 2972 900 3027 ad
955 2971 1089 3028 illud
1139 2973 1336 3038 habet;
1388 2979 1520 3043 puta
1572 2971 1914 3042 cupiditatis,
1952 2978 2048 3025 aut

2158 2973 2402 3044 5ργῆς,ἢ
2462 2970 2846 3043 μνησικακίας⁸
2895 2970 2991 3023 καὶ
3039 2970 3090 3023 εί
3131 2967 3206 3040 μὴ
3262 2966 3358 3021 τοῦ
3404 2968 3713 3038 πράγματος

469 3063 728 3128 tristitiae,
778 3074 876 3121 aut
929 3064 1023 3119 ira:
1057 3103 1074 3130 ,
1126 3064 1211 3120 vel
1255 3062 1591 3120 simultatis:
1640 3078 1702 3118 ac
1722 3063 1828 3116 nisi
1867 3078 1930 3117 ea
1989 3078 2046 3118 re

2158 3065 2361 3119 ἐκείνου
2399 3061 2752 3132 καταφρονεῖ,
2791 3060 2887 3114 τοῦ
2922 3059 3127 3124 πάθους
3173 3059 3383 3113 ἐκείνου
3425 3055 3716 3128 ὸλευθεροῦ-

467 3160 678 3222 spreta,
734 3154 936 3210 ali‘ectu
986 3154 1081 3210 illo
1151 3169 1216 3209 ac
1261 3153 1490 3209 libidine
1537 3169 1648 3208 non
1690 3162 1872 3222 potest
1906 3153 2047 3208 libe-

2158 3155 2276 3211 σθαι
2299 3155 2361 3210 οὐ
2392 3154 2634 3209 δύναται.

468 3261 600 3302 rart.

535 3362 872 3426 3.Aﬂectus,
899 3363 1067 3418 animi
1091 3364 1276 3433 potiti,
1308 3363 1547 3419 terrenis
1593 3375 1721 3416 eum
1764 3361 1932 3415 rebus
1957 3359 2052 3414 de-

467 3455 752 3520 vinciunt;
781 3471 811 3509 a
843 3455 1066 3526 Deoque
1117 3456 1463 3526 ahjunctum,
1511 3453 1622 3510 illis
1665 3452 1852 3508 studio
1894 3452 2053 3506 addi-

470 3555 625 3602 cunt.
653 3547 746 3600 Dci
777 3556 963 3600 autem
1011 3545 1257 3602 charitas
1304 3545 1453 3600 illius
1488 3544 1699 3616 potita,
1760 3544 1829 3598 iis
1887 3542 2052 3597 solvit

466 3637 743 3699 vinculis;
773 3647 968 3692 auctor
1022 3637 1184 3692 nobis
1219 3637 1451 3701 scilicet,
1484 3645 1546 3690 ut
1583 3635 1788 3691 nedum
1822 3649 1886 3690 ea
1913 3649 2048 3688 con-

470 3739 802 3794 temnamus,
850 3745 975 3799 quae
995 3745 1160 3784 sensu
1194 3730 1581 3800 percipimus,
1632 3728 1730 3784 sed
1775 3736 1839 3782 ut
1881 3727 2050 3783 etiam

469 3835 636 3890 quam
661 3829 973 3892 temporum
1014 3823 1314 3878 momentis
1368 3820 1655 3877 deﬁnitam
1702 3821 1873 3876 vitam
1911 3820 2053 3874 vivi-

474 3927 617 3966 mus.

543 4026 599 4080 4.
627 4023 744 4080 Hoc
776 4035 1174 4096 praeceptorum
1198 4041 1358 4098 opus,
1393 4035 1456 4082 ut
1509 4041 1694 4082 rerum
1749 4034 2052 4095 conceptus

477 4115 756 4187 simplices
777 4116 1055 4173 eiiiciant:
1088 4119 1344 4174 lectionis
1375 4134 1512 4174 vero
1534 4128 1592 4174 et
1626 4118 2048 4188 contemplatio-

477 4207 584 4273 nis,
611 4217 672 4263 ut
709 4223 741 4264 a
774 4209 1012 4266 terrenis
1068 4227 1368 4282 rerumque
1429 4213 1742 4270 simulacris
1803 4220 2046 4268 mentem

545 4375 562 4390 '
598 4367 751 4424 Orat.
782 4370 872 4437 54,
911 4387 963 4442 p.
1007 4372 1129 4426 542.

553 4543 649 4618 (ιιι)
683 4544 830 4618 Τοὺς
858 4545 991 4618 περί
1031 4545 1143 4614 τῆς
1173 4549 1394 4612 οὐσίας
1410 4547 1597 4602 αὐτοῦ
1621 4549 1866 4618 λόγους.
1891 4547 2056 4602 Nem-

480 4631 548 4684 pe
581 4615 668 4667 hic
695 4614 855 4668 nobis
890 4615 1091 4688 insitus
1120 4633 1299 4679 amor,
1327 4627 1390 4688 ut
1413 4614 1718 4688 auctorem
1737 4614 1913 4688 ipsum
1965 4633 2062 4672 co-

482 4699 831 4755 gnoscamus,
865 4699 929 4755 ac
945 4686 1078 4754 quid
1101 4695 1210 4750 est,
1237 4687 1341 4741 etsi
1377 4687 1430 4741 id
1476 4687 1639 4742 nobis
1671 4686 1896 4741 minime
1922 4703 2059 4742 con-

483 4753 699 4808 cessum
730 4753 987 4839 sit_.hl“io'n
1041 4757 1186 4839 bene
1217 4755 1422 4839 Obsop.
1453 4759 1580 4839 τρὺς
1612 4757 1824 4839 λόγους,
1854 4759 2062 4839 ubique

483 4839 679 4897 causas
712 4823 914 4897 reddit.
947 4825 1346 4897 Desiderantur
1367 4823 1422 4881 in
1448 4829 1568 4897 ejus
1583 4828 1834 4882 versione
1849 4823 2058 4897 reliqua

485 4895 651 4965 hujus
669 4894 1012 4967 capitis,_cui_
1043 4895 1159 4951 fere
1187 4894 1491 4966 geminum
1519 4914 1640 4966 cap.
1673 4898 1741 4951 27
1780 4894 2061 4967 sequentis

485 4964 789 5037 centenarii
816 4964 955 5037 :ubi
1003 4965 1150 5037 idem
1194 4964 1386 5021 _malus
1416 4983 1538 5020 cum
1589 4964 1897 5037 theologus
1941 4977 2057 5022 tum

484 5035 954 5106 grammaticulus,
987 5037 1048 5088 τὸ
1087 5032 1197 5089 οἷον
1221 5040 1348 5098 τοὺς
1375 5038 1502 5106 περὶ
1531 5032 1828 5105 ἀϊδιότητος
1845 5037 2056 5104 λόγους,

487 5104 698 5177 reddit,
718 5120 902 5175 nempe
926 5122 1118 5160 causas
1151 5108 1318 5176 ipsius
1372 5104 1822 5177 improprietatis;
1860 5108 2059 5162 melius

485 5175 654 5230 Gesn.
683 5176 847 5246 ipsius
873 5175 1213 5231 azternitatis.
1243 5178 1312 5231 At
1339 5175 1584 5246 ncc'ipsc
1641 5177 1730 5232 hic
1762 5187 1889 5246 apte
1917 5179 2054 5233 satis

486 5193 654 5230 uesn.
683 5193 699 5228 ι
738 5193 847 5231 sius
873 5193 1213 5231 wteruuaus.
1243 5193 1312 5231 At
1339 5193 1440 5231 nec
1469 5194 1584 5246 ipsc
1641 5193 1730 5232 ntc
1762 5193 1889 5246 apte
1917 5193 2054 5233 satis

486 5246 654 5326 Gesn.
687 5193 822 5298 (funi
846 5247 992 5326 quod
1011 5247 1100 5326 .ita
1127 5247 1424 5307 habentur,
1455 5247 1666 5326 ix“th
1705 5247 2056 5326 “apt-9.01M,

485 5331 552 5384 es
585 5315 653 5370 iis
681 5331 803 5387 qua:
827 5315 972 5370 circa
1011 5317 1189 5387 ipsum
1218 5333 1338 5387 qum
1354 5328 1483 5370 sunt
1503 5316 1706 5371 divina:
1733 5315 2053 5386 qualitates.

487 5397 548 5437 ιιι
600 5385 934 5455 quandoque
971 5385 1557 5455 loQuitur'Maximus,
1609 5385 1809 5441 divina:
1843 5387 2058 5442 scilicet

489 5454 932 5527 perfectioneset
978 5454 1243 5527 attributa
1273 5456 1290 5525 (
1298 5464 1356 5509 ut
1380 5457 1685 5524 loquuntur
1719 5457 2054 5527 scholastici)

489 5524 690 5588 reddit,
708 5525 804 5598 Ea:
833 5525 940 5598 illis
968 5542 1087 5598 qua:
1127 5524 1295 5598 Deum
1322 5535 1652 5598 sequuntur;
1691 5525 1836 5596 quod
1875 5524 2057 5596 potius

485 5602 653 5666 esset,
703 5596 784 5666 ὲκ
820 5597 929 5649 τῶν
978 5595 1126 5665 *μετά
1175 5596 1326 5661 Θεὸν,
1354 5595 1440 5651 Ex
1475 5595 1586 5649 illis
1624 5595 1742 5666 qua:
1778 5595 1903 5649 sunt
1942 5606 2056 5664 post

491 5661 678 5736 Deum,
702 5665 785 5736 vel
817 5682 935 5735 quae
965 5661 1001 5718 ά
1036 5667 1144 5719 Deo
1177 5667 1406 5720 secunda
1458 5676 1613 5731 sunt;
1637 5661 1763 5736 quae
1809 5661 1949 5721 sunt
1970 5666 2056 5720 in-

489 5733 1090 5803 telligcntiazsecunda
1120 5737 1348 5799 lutnina,
1391 5746 1446 5792 et
1476 5738 1580 5791 alia
1624 5733 1800 5791 a'Deo
1840 5746 2050 5800 creata,

485 5817 598 5857 non
638 5803 767 5872 ipsa:
787 5806 906 5872 ejus
952 5807 1340 5875 perfectiones.
1383 5808 1622 5876 Uterque
1673 5823 1792 5876 cap.
1827 5807 2012 5862 "109.7
2037 5827 2075 5860 ε.

2223 3367 2296 3431 γ’.
2332 3361 2412 3415 Τὰ
2444 3360 2543 3431 μὲν
2579 3357 2726 3430 πάθη
2754 3356 2850 3412 τοῦ
2890 3355 2983 3410 νοῦ
3011 3353 3315 3427 κρατοῦντα
3344 3349 3721 3422 συνδεσμοῦσιν

2157 3453 2322 3508 αὐτὸν
2352 3453 2467 3516 τοῖς
2498 3451 2789 3524 πράγμασι
2815 3451 2930 3514 τοῖς
2964 3448 3188 3511 ὑλικοῖς·
3223 3447 3317 3500 καὶ
3341 3445 3438 3500 τοῦ
3462 3444 3595 3498 Θεοῦ
3622 3462 3720 3512 χω-

2163 3545 2406 3618 ρίσαντα,
2455 3544 2640 3608 αὐτοῖς
2687 3539 3094 3612 ὲνασχολεῖσθαι
3135 3537 3401 3592 ποιοῦσιν.
3431 3536 3498 3589 Ἠ
3541 3535 3596 3587 δὲ
3631 3532 3720 3585 τοῦ

2156 3636 2294 3690 Θεοῦ
2349 3635 2540 3705 ἀγάπη
2577 3635 2922 3706 κρατήσασα,
2978 3631 3095 3685 λύει
3137 3630 3302 3684 αὑτὸν
3340 3626 3451 3681 τῶν
3496 3625 3722 3695 δεσμῶν⁴

2157 3729 2527 3800 παραφρονεῖν
2559 3725 2823 3780 πείθουσα
2853 3724 2915 3777 οὐ
2951 3725 3111 3796 μόνον
3147 3721 3258 3775 τῶν
3287 3717 3564 3789 αἰσθητῶν
3585 3733 3720 3786 πρα-

2155 3820 2406 3891 γμάτοιν,
2461 3818 2600 3873 ἀλλὰ
2657 3818 2749 3872 καὶ
2806 3817 2978 3887 αὐτῆς
3034 3813 3190 3887 ἡμῶν
3246 3816 3346 3884 τῆς
3399 3809 3720 3881 προσκαίρου

2156 3912 2319 3981 ζωῆς.

2226 4027 2287 4080 δ’.
2318 4027 2521 4096 Ἔργον
2567 4023 2678 4077 τῶν
2717 4020 2948 4076 ἐντολῶν
2979 4020 3114 4092 (14),
3146 4017 3278 4088 ψιλά
3321 4017 3498 4070 ποιεῖν
3527 4015 3594 4067 τὰ
3620 4011 3722 4064 τῶν

2158 4118 2500 4188 πραγμάτων
2529 4116 2800 4187 νοήματαο
2831 4112 3191 4181 ἀναγνώσεως
3236 4110 3294 4164 δὲ
3348 4109 3445 4162 καὶ
3480 4107 3721 4176 θεωρίας,

2155 4211 2318 4266 ἇῦλον
2376 4210 2470 4264 καὶ
2517 4207 2752 4263 ἀνείδεον
2798 4207 2890 4260 τὸν
2937 4205 3062 4259 νοῦν
3116 4202 3551 4275 ἀπεργάζεσθαι·
3581 4201 3639 4253 ἐκ
3673 4197 3725 4251 δὲ

2235 4374 2273 4393 ⁴⁶
2305 4371 2438 4442 Cap.
2467 4373 2502 4427 3
2532 4370 2610 4426 De
2635 4369 2796 4424 divin.
2826 4350 2968 4423 ιιόιιι.

2091 4533 2135 4590 0
2161 4548 2230 4601 τὰ
2263 4548 2389 4614 περὶ
2427 4547 2610 4606 αὐτὸν.
2643 4564 2832 4601 causas
2855 4556 2904 4599 et
2937 4549 3168 4602 rationes
3201 4544 3284 4600 illi
3305 4546 3726 4600 adliwrescenm.

2164 4617 2511 4689 quodipsum
2541 4618 2816 4689 nonsatis
2862 4617 3247 4689 exrthcologiac
3288 4631 3486 4689 nor_ma
3547 4614 3730 4668 elima-

2165 4686 2303 4742 t'um.
2341 4689 2457 4743 Non
2483 4688 2631 4742 enim
2661 4687 2862 4743 divinae
2891 4687 3162 4757 ejusmodi
3191 4687 3338 4740 circa
3377 4686 3552 4739 Deum
3602 4699 3726 4752 qua-

2163 4759 2365 4819 litates,
2423 4774 2604 4812 causa:
2637 4767 2785 4817 sunt.
2818 4757 2920 4812 etsi
2947 4767 3076 4810 sunt
3127 4757 3405 4820 rationes;
3439 4763 3732 4824 conceptus

2162 4829 2376 4884 scilicet
2398 4844 2500 4897 pro
2546 4837 2740 4883 nostro
2791 4838 2954 4896 captu
2999 4836 3056 4883 et
3095 4828 3331 4888 ratione,
3386 4825 3598 4897 Deique
3643 4839 3732 4897 no-

2162 4900 2310 4952 mina
2332 4894 2622 4952 eicreatis
2659 4899 2712 4951 in
2744 4894 2914 4951 Deum
2967 4900 3251 4959 translata,
3291 4899 3380 4950 vel
3426 4894 3723 4949 aﬂlrmandr

2159 4985 2282 5038 quae
2312 4968 2366 5022 in
2417 4969 2526 5022 illis
2575 4985 2605 5022 a
2665 4969 2778 5022 Deo
2808 4975 2958 5029 sunt,
2999 4968 3084 5021 vel
3140 4966 3416 5038 negando,
3452 4965 3730 5038 pcr__viaut

2159 5035 2542 5092 excellentiae:
2602 5054 2724 5107 qua:
2783 5038 3002 5107 negatio
3045 5039 3154 5090 vim
3206 5037 3390 5107 habet,
3411 5035 3732 5107 excellentis

2160 5108 2561 5178 aﬂirtnationis,
2620 5103 2682 5162 ut
2715 5123 2797 5178 ex;
2834 5103 3058 5178 Dionys.
3113 5107 3347 5178 aﬂirmat
3368 5106 3650 5178 maximus
3681 5103 3726 5178 in

2159 5177 2268 5232 line
2309 5178 2526 5248 capitis,
2577 5178 2717 5248 αὐτὸ
2756 5177 2816 5230 τὸ
2875 5172 3042 5248 μηδέν
3071 5177 3389 5248 γινώσκειν,
3426 5175 3571 5248 ῦπὲρ
3620 5172 3732 5224 νοῦν

2158 5245 2447 5315 γινώσκειν
2473 5265 2486 5278 ·
2516 5247 2571 5302 in
2630 5247 2833 5318 quibus
2853 5245 3023 5302 etiam
3076 5248 3239 5318 nihil;
3261 5246 3397 5318 boni
3431 5245 3602 5300 Gesn.
3638 5257 3731 5318 nec

2159 5313 2475 5373 immerito:
2515 5313 2663 5373 sunt-
2692 5318 2840 5373 enim
2891 5318 3009 5372 hzec
3042 5333 3153 5371 non
3207 5315 3491 5377 Galenica,
3556 5313 3650 5367 sed
3674 5327 3730 5365 ex

2157 5389 2431 5458 penitiore
2482 5388 2760 5458 theologia
2785 5388 2990 5456 petita;
3028 5403 3132 5442 nec
3187 5387 3438 5458 profanis
3489 5383 3731 5458 manibus

2157 5455 2547 5530 contingenda,
2564 5467 2659 5530 aut
2677 5455 2900 5528 pollutis
2927 5458 3159 5530 auribus
3173 5455 3588 5530 Δξιιιίίἰιξιιίιιιλίιιι
3610 5466 3728 5530 vero

2159 5524 2400 5603 rationés
2430 5544 2538 5582 non
2564 5524 2946 5603 adhierescunt
2973 5529 3106 5603 Deo,
3134 5527 3371 5580 ullamvc
3402 5538 3628 5603 cumineo
3655 5524 3726 5603 fa-

2158 5599 2313 5652 ciunt
2371 5598 2872 5668 compositionem,
2940 5597 3037 5651 sed
3105 5613 3320 5652 summa
3375 5594 3724 5668 simplicitate

2157 5668 2302 5722 Deus
2334 5668 2452 5738 ipse
2494 5667 2643 5734 sunt,
2679 5669 2759 5722 sic
2784 5684 2813 5722 a
2862 5668 3025 5722 nobis
3050 5683 3114 5722 ac
3141 5683 3265 5738 cum
3316 5667 3415 5738 tali
3440 5669 3722 5738 connotato

2156 5731 2455 5809 conceptus
2479 5757 2492 5802 ;
2518 5731 2676 5809 cujus
2703 5754 2872 5793 unum
2897 5738 3002 5809 hoc
3021 5736 3564 5809 comprehendimus.
3584 5731 3717 5803 quod

2157 5817 2239 5862 est
2265 5804 2781 5879 incomprehensus,
2808 5808 2956 5879 quod
2983 5804 3256 5874 inﬁnitus,
3282 5809 3315 5879 ὴ
3350 5804 3594 5877 ἀπειρία.
