4048 6440
229 414 345 481 985
1106 408 1437 471 CAPITUM
1474 409 1571 469 DE
1608 406 2038 469 CHARI'PATE
2076 405 2459 468 CENTURIA
2509 402 2589 463 II.
3365 390 3474 455 986

227 527 423 581 τούτου
467 522 775 596 συμϐαίνει,
808 522 872 577 τδ
910 521 1335 594 ἀπερισπάστως
1381 519 1800 594 προσεύχεσθαι.

1917 519 2230 590 expediant;
2273 518 2421 573 unde
2469 517 2557 571 illi-
2596 510 2886 580 contingit,
2925 516 2991 563 ut
3028 504 3171 561 nihil
3207 518 3341 576 vaga
3377 510 3475 558 aut

1902 611 2328 682 cogitationibus
2349 609 2611 664 distracta
2628 603 2864 661 orationi
2886 597 3192 656 incumbat.

200 782 203 785 Α
302 710 367 759 ε’.
400 703 520 757 Ούκ
564 701 727 772 ἀρκεῖ
770 697 1048 771 πρακτικὴ
1099 697 1320 769 μέθοδος
1353 697 1432 768 (η)
1462 697 1601 768 πρὸς
1633 695 1695 750 τὸ
1722 713 1807 751 τε-

1971 702 2135 774 409
2164 702 2218 756 5.
2278 701 2396 755 Non
2434 697 2634 752 suilicit
2694 692 2936 750 colendae
2982 688 3218 744 actionis
3276 688 3366 740 vla
3411 700 3477 739 ac

226 797 395 861 λείως
428 794 520 850 τὸν
570 793 696 849 νοῦν
746 792 935 847 παθῶν
987 790 1421 863 ἐλευθερωθῆναι
1465 790 1602 860 (15),
1662 789 1804 842 ὥστε

1917 795 2065 857 ratio,
2090 792 2156 847 ad
2181 792 2423 847 animum
2440 789 2509 843 ab
2530 785 2819 842 all‘ectibus
2837 781 3078 853 perfecte
3096 776 3471 841 liberandum,

225 890 531 960 δυνηθῆναι
559 887 723 942 αὑτὸν
741 887 1167 959 ἀπερισπάστως
1195 881 1616 954 προσεύχεσθαι,
1643 882 1694 934 εί
1730 881 1807 951 μὴ

1917 894 1968 941 ιιι
1997 884 2318 939 indistracte
2343 896 2406 935 ac
2432 887 2616 933 mente
2672 892 2783 930 non
2836 888 2970 942 vaga
3007 885 3202 925 vacare
3235 866 3475 922 orationi

229 985 330 1036 καὶ
356 956 610 1053 ’διάφοροι
636 980 799 1035 αὑτὸν
818 956 1149 1044 διαδέξονται
1168 974 1531 1047 πνευματικαὶ
1557 973 1804 1044 θεωρίαι.

1917 975 2111 1047 possit;
2137 973 2238 1027 nisi
2256 971 2423 1026 etiam
2442 968 2675 1023 diversa:
2687 962 3181 1033 contemplationes
3202 956 3478 1029 spiritales

240 1072 313 1125 Ἦ
350 1049 628 1142 μὲνγὰρ,
671 1070 944 1142 ἀκρασίας
990 1070 1087 1124 καὶ
1141 1069 1334 1139 μίσους
1376 1066 1534 1138 μόνον
1559 1066 1653 1121 τὸν
1681 1064 1809 1119 νοῦν

1917 1066 2260 1123 accesserint.
2296 1064 2432 1119 Nam
2470 1060 2615 1118 actio
2669 1059 2893 1128 quidem
2957 1055 3026 1109 ab
3075 1049 3477 1107 incontinentia

226 1163 531 1232 ἐλευθεροῖ·
563 1165 617 1216 αἱ
646 1163 725 1226 δὲ,
758 1162 851 1217 καὶ
872 1161 1044 1233 λήθης
1072 1161 1167 1215 καὶ
1195 1159 1419 1228 ἀγνοίας
1440 1157 1602 1213 αὐτὸν
1629 1156 1807 1211 ἀπαλ-

1917 1168 2070 1229 atque
2095 1158 2222 1212 odio
2255 1163 2498 1209 mentem
2522 1151 2751 1217 liberat;
2788 1144 3279 1214 contemplationes
3321 1154 3476 1203 vero,

225 1255 509 1311 λάττουσιο
543 1255 637 1308 καὶ
663 1253 805 1308 οὕτω
846 1232 1133 1325 δυνήσεται
1168 1252 1244 1316 ὡς
1274 1250 1356 1305 δεῖ
1384 1248 1810 1322 προσεύξασθαι.

1917 1248 1978 1302 ab
2009 1247 2287 1302 oblivione
2314 1252 2371 1299 et
2403 1240 2711 1313 ignorantia
2741 1256 2756 1292 :
2804 1254 2833 1293 a
2857 1238 3061 1306 quibus
3089 1232 3380 1305 expeditus
3413 1244 3480 1284 as

1907 1338 2069 1399 liber.
2090 1352 2191 1407 pro
2210 1350 2277 1390 eo
2296 1349 2362 1390 ac
2385 1333 2544 1388 decet
2575 1329 2778 1402 poterit
2808 1341 2986 1383 orare.

300 1440 382 1499 ς’.
416 1433 533 1505 Τῆς
578 1432 826 1507 καθαρᾶς
858 1430 1168 1503 προσευχῆς
1196 1423 1291 1485 δύο
1333 1429 1472 1484 είσὶν
1514 1428 1811 1500 ἀκρόταται

1981 1429 2033 1485 6.
2068 1428 2285 1483 Munda:
2336 1424 2606 1483 orationis
2634 1422 2746 1476 duo
2789 1428 2918 1473 sunt
2955 1414 3201 1487 supremi
3257 1420 3477 1469 status:

224 1499 617 1589 καταστάσειςσ
649 1528 683 1596 ἡ
725 1499 848 1596 μὲν,
905 1499 1021 1588 τοῖς
1068 1499 1400 1595 ⁷πρακτικοῖς
1426 1539 1443 1554 ο
1492 1522 1527 1593 ἠ
1581 1521 1661 1586 δὲ,
1696 1523 1811 1584 τοῖς

1917 1534 2147 1591 quorum
2174 1518 2312 1572 alter
2331 1514 2644 1572 colentibus
2674 1510 2946 1565 actionem
2992 1502 3285 1567 convenit;
3321 1499 3480 1561 alter,

224 1617 589 1688 θεωρητικοϊς
632 1592 1134 1687 ἐπισυμϐαίνουσαξ
1165 1616 1277 1669 Καὶ
1306 1615 1340 1685 ἡ
1385 1592 1606 1685 μὲν,ίέκ
1637 1613 1807 1683 φόϐου

1917 1612 1997 1666 his
2023 1610 2118 1680 qui
2146 1604 2597 1677 contemplationi
2629 1602 2873 1658 student.
2925 1598 3003 1653 Ac
3050 1597 3201 1668 prior
3234 1592 3480 1665 quidem,

223 1707 372 1761 Θεοῦ
403 1686 499 1761 καὶ
538 1707 752 1772 ἐλπίδος
792 1686 1007 1778 ἀγαθῆς
1053 1709 1121 1779 τῇ
1164 1706 1309 1778 ψυχῇ
1336 1705 1634 1773 ἐγγίνεται⁹
1662 1705 1697 1777 ή
1730 1704 1809 1771 δὲ,

1917 1721 1976 1760 ex
2002 1703 2099 1758 Dei
2128 1702 2323 1757 timore
2354 1700 2566 1754 acbona
2586 1710 2704 1766 spe,
2729 1693 2915 1747 animo
2948 1689 3196 1753 accedit;
3249 1686 3483 1740 alterum

224 1799 343 1853 ἀπὸ
365 1799 514 1854 θείου
545 1799 745 1872 ἔρωτος
792 1776 890 1852 καὶ
942 1776 1254 1871 ἀκροτάτης
1286 1776 1634 1869 καθάρσεως.
1663 1796 1812 1849 Γνωο

1917 1811 2066 1861 vero,
2088 1794 2185 1849 Dei
2210 1808 2364 1847 amor
2393 1802 2715 1858 summaque
2737 1782 3038 1840 mundities
3062 1779 3227 1851 parit.
3278 1776 3485 1831 Prioris

228 1893 487 1964 ρίσματα
512 1867 693 1948 δέῢτοῦ
724 1893 822 1965 μὲν
857 1867 1074 1965 πρώτου
1127 1891 1349 1964 μέτρου,
1376 1867 1526 1944 τὺήέν
1565 1890 1645 1961 τῷ
1685 1907 1811 1943 συν-

1917 1888 2062 1943 modi
2095 1885 2299 1941 indicia
2327 1892 2477 1945 sunt,
2516 1881 2749 1936 collecta
2777 1884 2958 1932 mente
2988 1890 3018 1929 a
3045 1869 3337 1926 mundanis
3365 1883 3485 1920 nm-

225 1990 469 2055 αγαγείν
503 1987 594 2040 τὸν
642 1985 775 2073 ’νοῦν
821 1987 886 2040 ἐκ
930 1985 1149 2040 πάντων
1177 1985 1287 2039 τῶν
1323 1983 1417 2039 τοῦ
1448 1984 1655 2055 κόσμου
1690 2002 1815 2055 νοη-

1917 1977 2083 2033 nibus
2107 1974 2556 2047 cogitationibus,
2613 1970 2874 2038 velutque
2918 1968 3030 2020 Deo
3087 1964 3168 2017 illi
3218 1968 3485 2032 praesente

228 2077 449 2147 μάτων,
482 2077 577 2131 καὶ
604 2066 681 2140 ὥς
715 2076 864 2148 αὐτῷ
895 2077 1063 2131 αὐτοῦ
1100 2076 1500 2147 περισταμένου
1525 2076 1621 2129 τοῦ
1653 2074 1811 2143 Θεοῦ,

1917 2074 2018 2147 (ιιιί
2056 2083 2111 2130 et
2150 2090 2283 2129 vere
2313 2086 2553 2143 praesens
2598 2067 2702 2137 est)
2744 2066 3062 2120 indistraete
3111 2057 3371 2127 omnique
3401 2068 3488 2109 se-

222 2169 428 2241 ὦσπερ
465 2169 559 2222 καὶ
582 2168 855 2240 παρέστη,
894 2166 1169 2222 ποιεῖσθαι
1192 2167 1293 2231 τὰς
1325 2166 1638 2241 προσευχάς
1674 2167 1813 2221 ἀπε-

226 2262 556 2332 ρισπάστως
585 2263 681 2317 καὶ
710 2261 1099 2333 ἀνενοχλήτωςο
1132 2260 1225 2314 τοῦ
1260 2260 1318 2314 δὲ
1361 2261 1639 2333 δευτέρου,
1667 2259 1729 2313 τδ
1757 2260 1815 2315 ἐν

222 2357 375 2428 αὐτῇ
409 2360 477 2427 τῇ
519 2358 663 2428 ὁρμῇ
710 2356 810 2427 τῆς
841 2356 1149 2427 προσευχῆς
1200 2354 1516 2426 ἀρπαγῆναι
1552 2355 1643 2408 τὸν
1689 2352 1814 2408 νοῦν

224 2445 339 2499 ὑπὸ
369 2444 469 2499 τοῦ
502 2444 648 2499 θείου
684 2444 780 2498 καὶ
808 2445 1038 2517 ἀπείρου
1081 2443 1280 2513 φωτὸς,
1314 2442 1410 2497 καὶ
1450 2444 1590 2514 μήτε
1619 2441 1813 2496 ἑαυτοῦ

227 2537 379 2609 μήτε
422 2535 571 2602 τινὸς
605 2536 765 2592 ἄλλου
791 2536 901 2591 τῶν
943 2536 1112 2590 όντων
1148 2536 1209 2588 τὸ
1239 2534 1456 2588 σύνολον
1488 2535 1814 2588 ἐπαισθάνε-

227 2627 388 2690 σθαε,
421 2629 475 2680 εί
523 2628 600 2698 μὴ
644 2627 809 2697 μόνου
833 2624 929 2679 τοῦ
970 2624 1059 2679 διὰ
1086 2625 1184 2695 τῆς
1209 2624 1429 2694 ἀγάπης
1454 2624 1513 2676 ἐν
1541 2624 1688 2695 αύτῷ
1717 2624 1814 2696 τὴν

223 2719 499 2789 τοιαύτην
535 2716 797 2788 ἔλλαμψιν
853 2715 1225 2787 ἐνεργοῦντος.
1281 2716 1414 2768 Τότε
1455 2715 1511 2767 δέ
1546 2714 1642 2768 καὶ
1686 2714 1816 2784 περὶ

224 2810 364 2872 τοὺς
413 2808 546 2878 περὶ
584 2806 721 2860 Θεοῦ
773 2806 965 2875 λόγους
1014 2804 1372 2875 κινούμενος,
1422 2804 1666 2875 καθαρὰς
1720 2806 1817 2858 καὶ

224 2899 446 2971 τρανάς
469 2899 568 2962 τὰς
599 2900 727 2971 περὶ
756 2897 920 2952 αὑτοῦ
950 2898 1215 2968 λαμὸάνει
1253 2896 1543 2968 ἐμφάσεις.

295 2990 373 3056 ζ’.
411 2993 480 3046 Ὀ
501 3008 586 3056 τις
618 2992 828 3063 ἀγαπᾷ,
882 2990 1071 3046 τούτου
1120 2990 1215 3043 καὶ
1261 2989 1548 3059 ἀντέχεται
1576 2988 1814 3051 πάντως·

224 3086 327 3139 καὶ
378 3084 602 3138 πάντων
641 3083 749 3137 τῶν
794 3083 932 3154 πρὸς
982 3081 1140 3134 τοῦτο
1190 3079 1592 3151 ἐμποδιζόντων
1644 3077 1813 3149 αύτῷ,

1914 2174 2061 2220 mota
2100 2164 2494 2234 cogitationum
2531 2154 3001 2228 interpellantium
3054 2150 3236 2213 turba,
3283 2160 3483 2201 orare:

1913 2257 2237 2331 posterioris
2269 2272 2423 2314 vero.
2478 2253 2581 2307 sub
2642 2252 2762 2322 ipso
2797 2245 3074 2303 {orationis
3112 2243 3320 2312 impetu
3368 2237 3487 2308 rapi

1915 2352 2158 2407 animum
2182 2348 2368 2403 divina
2395 2354 2452 2402 et
2481 2343 2692 2399 inﬁnita
2715 2343 2859 2401 luce,
2881 2354 2947 2392 ac
2974 2350 3154 2404 neque
3177 2333 3285 2397 sui,
3309 2344 3488 2398 neque

1915 2444 2064 2498 illius
2101 2456 2329 2512 prorsus
2376 2437 2612 2493 aliarum
2669 2446 2858 2488 rerum
2911 2442 3136 2483 sensum
3180 2423 3486 2494 percipere,

1916 2544 2282 2607 praeterquam
2331 2533 2451 2602 ejus
2502 2529 2788 2590 duntaxat,
2842 2523 2937 2593 qui
2999 2537 3098 2592 per
3141 2518 3488 2579 charitateru,

1916 2630 2082 2684 talem
2116 2629 2172 2682 in
2225 2641 2293 2682 eo
2346 2621 2770 2678 illustrationem
2810 2617 2993 2670 alllatu
3045 2628 3145 2667 suo
3204 2618 3488 2679 operatur.

1917 2720 2179 2787 Tuncque
2234 2715 2373 2770 adeo
2421 2713 2588 2768 etiam
2634 2710 2779 2765 circa
2811 2706 3052 2760 rationes
3101 2718 3223 2772 quae
3274 2699 3341 2754 de
3380 2700 3492 2751 Deo

1917 2817 2066 2872 sunt,
2104 2813 2308 2868 motus,
2334 2805 2511 2859 claras
2539 2802 2608 2857 de
2661 2801 2755 2855 illo
2803 2814 2868 2852 ac
2918 2795 3244 2865 conspicuas
3294 2788 3493 2858 accipit

1918 2898 2449 2971 repraesentationes.

1990 2992 2042 3045 7.
2083 2989 2239 3056 Quod
2266 2987 2391 3056 quis
2415 2984 2619 3054 diligit,
2654 2981 2882 3036 omnino
2938 2978 3105 3033 etiam
3146 2971 3494 3043 amplectitur

1919 3092 1974 3138 et
1998 3082 2128 3137 colit
2149 3098 2162 3146 ;
2182 3095 2244 3134 ac
2264 3080 2308 3133 si
2340 3077 2475 3147 quid
2502 3076 2579 3129 illi
2612 3073 3008 3144 impedimento
3044 3068 3136 3131 sit,
3160 3063 3489 3123 contemnit,

224 3180 596 3248 καταφρονεῖ,
637 3177 723 3229 ἵνα
774 3152 849 3247 μή
878 3173 1043 3229 αὑτοῦ
1084 3173 1358 3245 στερηθῇ,
1405 3174 1499 3226 καὶ
1545 3174 1636 3227 τὸν
1683 3172 1815 3225 Θεὸν

1924 3189 1993 3227 ne
2022 3174 2116 3227 illo
2134 3170 2338 3241 privari
2366 3170 2543 3237 ipsum
2576 3164 2895 3234 contigerit;
2927 3159 3021 3229 qui
3043 3173 3175 3227 ergo
3209 3156 3380 3208 Deum
3411 3152 3496 3203 di-

224 3269 497 3337 ἀγαπῶν,
530 3267 871 3338 ἐπιμελεῖται
924 3265 1175 3337 καθαρᾶς
1223 3264 1554 3335 προσευχῆςθ
1582 3266 1676 3317 καὶ
1706 3266 1815 3316 πᾶν

1918 3264 2058 3334 ligit,
2095 3278 2245 3331 purae
2271 3258 2509 3315 orationi
2536 3256 2879 3327 diligentiam
2928 3250 3117 3314 habet,
3163 3259 3493 3314 omnemque

224 3359 413 3421 πάθος
448 3357 585 3429 πρὸς
622 3356 780 3410 τοῦτο
829 3354 1122 3426 ἐμποδίζον
1171 3352 1356 3423 αύτῷ,
1409 3351 1704 3407 ἀποϐάλλει
1757 3352 1817 3418 ἐξ

224 3447 439 3503 ἑαυτοῦ

292 3548 382 3613 η’.
430 3540 492 3595 ’0
536 3540 637 3613 τὴν
690 3539 903 3611 μητέρα
942 3539 1050 3593 τῶν
1094 3536 1282 3591 παθῶν
1314 3535 1606 3591 ἀποϐαλὼν
1631 3534 1820 3604 φιλαυ-

222 3633 385 3697 τίαν,
442 3630 639 3685 καὶτὰ
686 3629 849 3683 λοιπὰ
900 3629 1142 3700 εὐχερῶς
1189 3629 1286 3682 σὺν
1328 3626 1449 3697 Θεῷ
1478 3626 1814 3681 ἀποτίθεται’

222 3720 343 3779 οἷον
384 3725 574 3795 ὀργὴν.
610 3722 809 3791 λύπην,
861 3719 1247 3791 μνησικακίαν,
1293 3717 1388 3771 καὶ
1418 3716 1490 3770 τὰ
1529 3716 1675 3787 ἑξῆς·
1708 3718 1736 3768 ό
1762 3714 1819 3768 δὲ

223 3818 339 3871 ὑπὸ
378 3818 475 3869 τοῦ
527 3813 744 3886 πρώτου
807 3811 1205 3883 κρατούμενος,
1254 3809 1359 3863 ύπὺ
1395 3810 1490 3862 τοῦ
1540 3807 1813 3877 δευτέρου,

224 3909 335 3963 κᾶν
402 3906 479 3979 μὴ
535 3906 698 3975 θέλῃ,
749 3902 1136 3972 τιτρώσκεται.
1173 3900 1434 3955 Φιλαυτία
1481 3900 1541 3953 δέ
1577 3900 1725 3961 ἐστι,
1757 3896 1820 3949 τὸ

225 4001 377 4072 πρὸς
405 3998 469 4051 τὺ
512 3997 671 4068 σῶμα
701 3995 891 4058 πάθος.

298 4178 377 4229 θ’.
412 4173 512 4226 Διά
539 4173 638 4236 τὰς
666 4172 828 4225 πέντε
859 4170 1062 4233 ταύτας
1092 4167 1273 4232 αἰτίας
1293 4169 1342 4221 οἱ
1373 4166 1650 4239 ἄνθρωποι
1679 4166 1819 4234 ἀγα-

1918 3355 2177 3408 ail‘ectum
2208 3368 2273 3408 ac
2295 3351 2584 3406 libidinem
2619 3358 2675 3404 et
2702 3342 3226 3405 incommodantem,
3255 3354 3286 3393 a
3316 3353 3373 3393 se
3404 3351 3493 3390 re-

1911 3447 2053 3519 jicit.

1989 3538 2040 3593 8.
2068 3536 2174 3604 Qui
2201 3536 2497 3591 all'ectuum
2529 3532 2777 3588 omnium
2806 3545 2869 3585 ac
2900 3507 3162 3583 vitiorum
3184 3528 3492 3594 parentem,

1919 3646 2121 3686 caecum
2151 3632 2333 3684 carnis
2361 3642 2601 3682 amorem
2644 3621 2982 3696 (φιλαυτίαν)
3009 3616 3295 3689 abiecerit,
3338 3613 3496 3668 facile

1919 3723 2086 3777 etiam
2118 3737 2240 3792 qua:
2270 3728 2401 3775 sunt
2420 3719 2633 3788 reliqua
2666 3715 2821 3778 vitia,
2854 3712 2953 3768 Dei
2982 3727 3106 3781 ope,
3142 3705 3493 3768 eliminabit;

1923 3813 2057 3869 iram
2084 3811 2320 3875 scilicet,
2345 3810 2647 3872 tristitiam,
2677 3807 3009 3877 injuriarum
3062 3798 3410 3859 meritoriam,
3441 3804 3497 3849 et

1920 3921 2043 3976 quae
2073 3911 2403 3972 sequuntur.
2431 3900 2549 3967 Qui
2584 3907 2765 3953 autem
2795 3913 2825 3951 a
2864 3895 3047 3965 priore
3079 3893 3173 3945 illo
3229 3888 3495 3953 vincitur,

1920 4012 1951 4050 a
1981 3994 2227 4051 secundo
2252 3994 2387 4047 velit
2410 3992 2550 4046 nolit
2576 3990 2919 4044 vulneratur.
2945 3986 3043 4040 Est
3065 3992 3249 4038 autem
3300 3978 3496 4048 φιλαυ-

1920 4088 2028 4149 τία,
2058 4085 2420 4157 qualibidine
2451 4097 2653 4152 corpus
2676 4078 3086 4150 prosequimur.

1990 4180 2043 4233 9.
2067 4179 2321 4247 Quinque
2346 4177 2431 4231 hae
2450 4190 2628 4257 causa:
2672 4181 2800 4225 sunt
2830 4185 2893 4223 ac
2936 4168 3201 4229 rationes,
3248 4165 3319 4219 ob
3358 4178 3498 4233 quas

1922 4268 2180 4322 homines
2209 4265 2303 4320 alii
2337 4264 2476 4319 alios
2506 4253 2760 4331 diligunt.
2794 4259 2908 4313 sive
2933 4273 2997 4311 ea
3032 4253 3328 4309 dilectione
3374 4268 3497 4322 qua:

1922 4357 2139 4412 laudem
2166 4356 2388 4418 habeat,
2418 4353 2531 4407 sive
2561 4368 2683 4422 quae
2706 4350 2824 4404 vitii
2854 4363 3069 4410 noxam,
3096 4361 3159 4399 ac
3190 4344 3351 4413 digna
3410 4342 3496 4394 vi-

230 4268 417 4322 πῶσιν
443 4266 726 4335 ἀλλήλους,
766 4264 876 4316 είτε
908 4261 1230 4324 ἐπαινετῶς,
1261 4260 1372 4313 εἴτε
1393 4259 1633 4329 ψεκτῶς.
1670 4253 1816 4321 Οἷον,

225 4360 261 4431 ἢ
296 4360 398 4413 διὰ
437 4358 526 4411 τὸν
564 4356 715 4418 Θεὸν,
752 4354 827 4418 ὡς
872 4355 901 4407 ὁ
950 4353 1206 4423 ἐνάρετος
1248 4350 1494 4413 πάντας,
1545 4350 1639 4401 καὶ
1686 4348 1761 4412 ὡς
1792 4350 1821 4401 ὁ

223 4451 320 4505 τὸν
357 4448 613 4519 ἐνάρετον
642 4445 744 4501 κᾶν
784 4448 951 4516 μήπω
999 4445 1274 4515 ἐνάρετοςο
1313 4443 1348 4514 ἢ
1398 4441 1487 4495 διὰ
1526 4441 1709 4509 φύσιν,
1744 4440 1815 4503 ὡς

1923 4446 2141 4516 tuperio
2166 4444 2253 4498 sit.
2280 4442 2389 4496 Aut
2416 4440 2564 4495 enim
2587 4447 2815 4510 propter
2845 4437 3038 4499 Deum,
3065 4443 3126 4487 ut
3148 4432 3245 4502 qui
3288 4432 3496 4484 virtute

222 4543 276 4595 σί
311 4543 502 4610 γονεῖς
525 4539 592 4592 τά
621 4537 787 4592 τέκνα
808 4575 824 4601 ,
856 4535 953 4590 καὶ
990 4534 1246 4607 ἔμπαλιν·
1283 4533 1312 4602 ἢ
1351 4532 1442 4585 διὰ
1487 4531 1813 4597 κενοδοξίαν,

1918 4536 2182 4609 przcditus
2209 4541 2313 4597 est,
2357 4547 2552 4587 omnes
2586 4530 2802 4600 diligit;
2839 4544 2901 4582 ac
2929 4527 3073 4584 sicut
3098 4525 3305 4579 virtute
3355 4537 3494 4591 pra:-

224 4635 303 4698 ὡς
338 4636 373 4687 ὁ
410 4630 765 4701 δοξαζόμενος
788 4628 882 4683 τὸν
922 4628 1229 4694 δοξάζοντα·
1256 4626 1288 4697 ἢ
1320 4625 1406 4679 διὰ
1436 4622 1815 4695 φιλαργυρίαν.

1921 4628 2121 4689 ditum,
2144 4624 2237 4695 qui
2271 4624 2505 4678 necdum
2536 4623 2651 4693 ipse
2676 4622 2918 4674 animum
2956 4616 3150 4671 virtuti
3181 4612 3491 4669 addixerit:

223 4723 299 4786 ὡς
334 4724 370 4775 ὁ
407 4721 501 4775 τὸν
529 4720 786 4774 πλούσιον
813 4719 902 4772 διὰ
931 4718 1115 4787 λῆψιψ
1140 4715 1173 4787 ἢ
1215 4716 1304 4769 διὰ
1330 4714 1662 4785 φιληδονίαν,
1689 4712 1764 4774 ὡς
1792 4713 1815 4765 ό

1921 4720 2005 4774 vel
2037 4725 2267 4789 propter
2297 4724 2578 4778 naturam,
2618 4713 2696 4767 uti
2741 4718 3001 4782 parentes
3046 4707 3254 4762 liberos
3278 4744 3293 4768 ,
3332 4703 3479 4756 vicis-

222 4814 328 4884 τὴν
364 4812 617 4882 γαστέρα
658 4811 1096 4882 θεραπευόμενος
1144 4807 1340 4862 καὶτὰ
1391 4807 1497 4860 ὑπὸ
1548 4806 1813 4876 γαστέρα.

1919 4808 2136 4876 simque
2161 4806 2327 4878 410
2359 4823 2372 4858 :
2405 4813 2500 4859 aut
2534 4802 2714 4857 inanis
2747 4801 2933 4871 gloriae
2973 4792 3174 4859 causa,
3209 4801 3270 4848 ut
3325 4792 3371 4847 is
3399 4790 3493 4861 qui

226 4906 342 4958 Καὶ
378 4905 412 4976 ἡ
447 4903 546 4975 μέν
576 4904 788 4975 πρώτη.
823 4902 1105 4970 ἐπαινετή·
1132 4904 1166 4973 ἡ
1195 4900 1253 4953 δὲ
1285 4901 1539 4972 δευτέρα,
1563 4900 1725 4971 μέσηο
1758 4900 1813 4952 αἱ

1917 4899 2199 4963 laudatur,
2241 4914 2368 4952 eum
2395 4895 2593 4965 diligit,
2621 4893 2715 4963 qui
2740 4892 2965 4946 laudat:
3002 4896 3099 4943 aut
3117 4892 3345 4957 propter
3367 4898 3493 4937 ava-

223 4993 282 5046 δὲ
322 4993 536 5060 λοιπαὶ,
564 4995 589 5046 ἐ
597 4993 854 5063 μπαθείς.

1918 4988 2125 5052 ritiam,
2151 4995 2210 5041 ut
2233 4987 2327 5057 qui
2354 4986 2581 5041 divitem
2604 4983 2784 5053 diligit
2823 4987 3047 5051 propter
3074 4990 3306 5032 munera
3332 4992 3345 5027 :
3400 4985 3490 5029 aut

223 5086 476 5156 denique
507 5086 579 5141 ob
601 5086 890 5141 libidinem
937 5101 1001 5140 ac
1037 5088 1395 5156 voluptatem,
1441 5094 1501 5139 ut
1547 5086 1640 5155 qui
1682 5093 1932 5139 ventrem
1966 5101 2030 5139 ac
2093 5099 2329 5138 venerea
2386 5082 2535 5137 colit.
2572 5081 2651 5135 Ac
2705 5079 2929 5148 quidem
2987 5074 3141 5147 prior
3181 5086 3368 5135 causa,
3410 5068 3488 5121 in-

224 5188 314 5233 ter
337 5193 435 5234 eas
462 5177 713 5232 habenda
746 5187 850 5242 est,
886 5194 1006 5248 quae
1059 5178 1265 5233 habent
1297 5177 1551 5240 laudem;
1585 5179 1781 5237 altera,
1824 5179 1970 5233 inter
2010 5176 2252 5241 medias;
2298 5175 2543 5244 reliquae,
2584 5174 2719 5228 vitio
2751 5173 2979 5226 hrerent.

300 5278 357 5325 t'.
407 5270 535 5324 Ἐὰν
572 5270 724 5335 τινάς
773 5272 870 5342 μὲν
922 5274 1106 5342 ill-“ﬁgi
1155 5271 1305 5335 τινὰς
1358 5271 1416 5325 δὲ
1443 5271 1564 5323 οὐδὲ
1593 5272 1811 5341 ἀγαπᾷς

1989 5272 2075 5327 Ιθ.
2110 5272 2167 5326 Si
2208 5272 2343 5325 alios
2371 5269 2572 5334 odisti;
2625 5268 2761 5322 alios
2810 5281 2914 5320 nec
2958 5263 3163 5334 diligis,
3199 5274 3301 5313 nec
3362 5272 3491 5311 vero

224 5364 351 5429 φύδέ
387 5365 571 5433 μισῇς·
622 5363 842 5432 ἐτέρους
897 5364 954 5416 δὲ
1002 5364 1254 5435 ἀγαπᾷς»
1286 5362 1423 5415 ἀλλά
1454 5363 1806 5433 συμμέτρωτ

1918 5364 2121 5430 odisti;
2158 5363 2295 5417 alios
2340 5371 2525 5417 autem
2571 5358 2754 5430 diligis
2803 5357 3046 5427 quidem,
3085 5353 3182 5410 sed
3226 5351 3487 5406 modice:

226 5455 425 5519 ἄλλους
476 5453 536 5507 δὲ
591 5456 797 5526 σφόδρα
828 5456 1069 5527 ἀγαπᾷς·
1106 5458 1170 5509 ἐκ
1203 5454 1409 5527 ταύτης
1436 5454 1537 5526 τῆς
1562 5456 1812 5527 ἀνισότη-

1918 5456 2058 5510 alios
2088 5455 2329 5524 denique
2359 5452 2746 5507 vehementius
2774 5448 2975 5519 diligis,
3009 5463 3077 5501 ex
3108 5447 3212 5501 hac
3244 5445 3491 5513 inaequa-

301 5606 381 5691 (ιι)
423 5606 1046 5691 ,Πρακτὶικὴιμέθοδοςτ
1084 5609 1245 5665 Ratio
1292 5609 1509 5691 scilicet
1544 5609 1801 5691 colenda:

1917 5609 2157 5691 nihilque
2180 5625 2367 5691 vagam
2395 5607 2451 5660 in
2477 5622 2540 5689 ea
2575 5607 2964 5691 continendam
2992 5614 3254 5691 ment-enm.
3281 5601 3485 5670 Ohsop.

230 5679 469 5765 actionis
501 5692 568 5765 ac
597 5679 825 5765 virtutis
856 5680 1111 5765 moralis;
1152 5697 1273 5750 qua:
1297 5680 1558 5735 videlicet
1606 5689 1796 5733 contra
1903 5688 1959 5732 et
1989 5675 2156 5734 Gesn.
2198 5675 2397 5747 Eﬂicax
2428 5679 2569 5731 ratio
2599 5688 2647 5730 et
2674 5676 2978 5747 disciplina.
3034 5675 3177 5728 Nihil
3232 5681 3394 5741 apte;
3427 5680 3487 5724 nt

1259 5761 1267 5765 .
1942 5759 1953 5765 -
2044 5750 2058 5765 κ
2113 5752 2124 5765 .
2364 5748 2377 5765 ρ
2756 5748 2768 5763 .
2881 5749 2905 5765 η
3329 5754 3365 5765 Α.
3408 5744 3459 5765 ιη

230 5748 573 5833 θεωρητικῆς)
607 5747 862 5802 distincta
895 5750 998 5833 sit;
1019 5744 1185 5833 quam
1216 5761 1507 5833 utramque
1535 5765 1795 5805 necessa-

1917 5759 1961 5833 ξι
2000 5750 2069 5830 ,τὸ
2103 5744 2987 5833 ἀπερισπάστως,προσεύχεσθαι,
3018 5745 3277 5815 indefessa
3321 5754 3366 5795 et
3405 5744 3483 5795 in-

231 5816 371 5871 riam
421 5816 688 5872 Maximus
742 5816 1142 5876 contendit—ad
1191 5816 1460 5878 orationis
1504 5822 1747 5891 quietem
1775 5858 1790 5880 ,
1903 5820 2141 5874 desinens
2164 5818 2356 5873 orandi
2393 5818 2668 5873 sedulitas.
