  <div class='ocr_page' id='page_1' title='image "/cluster/home/n/w/nwhite01/storage/ocr_20150623/90/hvd.32044019208016/501.png"; bbox 0 0 4048 6430; ppageno 0'>
   <div class='ocr_carea' id='block_1_1' title="bbox 638 386 744 441">
    <p class='ocr_par' dir='ltr' id='par_1_1' title="bbox 638 386 744 441">
     <span class='ocr_line' id='line_1_1' title="bbox 638 386 744 441; baseline -0.009 0"><span class='ocrx_word' id='word_1_1' title='bbox 638 386 744 441; x_wconf 65' lang='grc' dir='ltr'><strong>9θὶ</strong></span> 
     </span>
    </p>
   </div>
   <div class='ocr_carea' id='block_1_2' title="bbox 1849 379 3852 460">
    <p class='ocr_par' dir='ltr' id='par_1_2' title="bbox 1849 379 3852 460">
     <span class='ocr_line' id='line_1_2' title="bbox 1849 379 3852 460; baseline 0.001 -17"><span class='ocrx_word' id='word_1_2' title='bbox 1849 381 1910 444; x_wconf 86' lang='lat' dir='ltr'><strong>S.</strong></span> <span class='ocrx_word' id='word_1_3' title='bbox 1949 381 2237 444; x_wconf 82' lang='lat' dir='ltr'><strong>MAXIMI</strong></span> <span class='ocrx_word' id='word_1_4' title='bbox 2271 379 2782 446; x_wconf 73' lang='lat' dir='ltr'><strong>CONFESSORIS</strong></span> <span class='ocrx_word' id='word_1_5' title='bbox 3766 393 3852 460; x_wconf 71' lang='lat'><strong>933</strong></span> 
     </span>
    </p>
   </div>
   <div class='ocr_carea' id='block_1_3' title="bbox 635 486 2226 572">
    <p class='ocr_par' dir='ltr' id='par_1_3' title="bbox 635 486 2226 568">
     <span class='ocr_line' id='line_1_3' title="bbox 635 486 2226 568; baseline 0.003 -22"><span class='ocrx_word' id='word_1_6' title='bbox 635 493 815 558; x_wconf 88' lang='lat' dir='ltr'><strong>litate,</strong></span> <span class='ocrx_word' id='word_1_7' title='bbox 856 495 1055 564; x_wconf 82' lang='lat' dir='ltr'><strong>procul</strong></span> <span class='ocrx_word' id='word_1_8' title='bbox 1087 502 1140 550; x_wconf 89' lang='lat' dir='ltr'><strong>te</strong></span> <span class='ocrx_word' id='word_1_9' title='bbox 1171 510 1203 550; x_wconf 91' lang='lat' dir='ltr'><strong>a</strong></span> <span class='ocrx_word' id='word_1_10' title='bbox 1233 494 1477 566; x_wconf 89' lang='lat' dir='ltr'><strong>perfecta</strong></span> <span class='ocrx_word' id='word_1_11' title='bbox 1529 486 1822 562; x_wconf 86' lang='lat' dir='ltr'><strong>charitate,</strong></span> <span class='ocrx_word' id='word_1_12' title='bbox 1872 513 1995 568; x_wconf 69' lang='lat' dir='ltr'><strong>quae</strong></span> <span class='ocrx_word' id='word_1_13' title='bbox 2031 511 2226 552; x_wconf 90' lang='lat' dir='ltr'><strong>omnes</strong></span> 
     </span>
    </p>
   </div>
   <div class='ocr_carea' id='block_1_4' title="bbox 2323 486 3852 572">
    <p class='ocr_par' dir='ltr' id='par_1_4' title="bbox 2327 491 3852 572">
     <span class='ocr_line' id='line_1_4' title="bbox 2327 491 3852 572; baseline 0.005 -24"><span class='ocrx_word' id='word_1_14' title='bbox 2327 511 2439 562; x_wconf 90' lang='grc' dir='ltr'>τος,</span> <span class='ocrx_word' id='word_1_15' title='bbox 2473 497 2643 565; x_wconf 82' lang='grc' dir='ltr'>γνῶθι</span> <span class='ocrx_word' id='word_1_16' title='bbox 2676 498 2760 552; x_wconf 80' lang='grc' dir='ltr'>ὅτι</span> <span class='ocrx_word' id='word_1_17' title='bbox 2801 495 3020 568; x_wconf 75' lang='grc' dir='ltr'>μακρὰν</span> <span class='ocrx_word' id='word_1_18' title='bbox 3049 491 3099 549; x_wconf 82' lang='grc' dir='ltr'><strong>εἷ</strong></span> <span class='ocrx_word' id='word_1_19' title='bbox 3124 495 3226 565; x_wconf 84' lang='grc' dir='ltr'>τῆς</span> <span class='ocrx_word' id='word_1_20' title='bbox 3261 493 3470 560; x_wconf 69' lang='grc' dir='ltr'>τελείας</span> <span class='ocrx_word' id='word_1_21' title='bbox 3502 496 3726 570; x_wconf 81' lang='grc' dir='ltr'>ἀγάπης,</span> <span class='ocrx_word' id='word_1_22' title='bbox 3755 501 3852 572; x_wconf 69' lang='grc' dir='ltr'>ἣτις</span> 
     </span>
    </p>
   </div>
   <div class='ocr_carea' id='block_1_5' title="bbox 636 583 2077 658">
    <p class='ocr_par' dir='ltr' id='par_1_5' title="bbox 636 583 2077 658">
     <span class='ocr_line' id='line_1_5' title="bbox 636 583 2077 658; baseline 0.003 -20"><span class='ocrx_word' id='word_1_23' title='bbox 636 583 893 640; x_wconf 85' lang='lat' dir='ltr'><strong>homines</strong></span> <span class='ocrx_word' id='word_1_24' title='bbox 917 601 986 640; x_wconf 76' lang='lat' dir='ltr'><strong>ex</strong></span> <span class='ocrx_word' id='word_1_25' title='bbox 1011 601 1171 656; x_wconf 62' lang='lat' dir='ltr'><strong>aequo</strong></span> <span class='ocrx_word' id='word_1_26' title='bbox 1195 585 1359 641; x_wconf 87' lang='lat' dir='ltr'><strong>docet</strong></span> <span class='ocrx_word' id='word_1_27' title='bbox 1387 586 1640 658; x_wconf 81' lang='lat' dir='ltr'><strong>diligere,</strong></span> <span class='ocrx_word' id='word_1_28' title='bbox 1684 601 1807 643; x_wconf 85' lang='lat' dir='ltr'><strong>esse</strong></span> <span class='ocrx_word' id='word_1_29' title='bbox 1832 589 2077 644; x_wconf 83' lang='lat' dir='ltr'><strong>noveris.</strong></span> 
     </span>
    </p>
   </div>
   <div class='ocr_carea' id='block_1_6' title="bbox 707 763 2218 838">
    <p class='ocr_par' dir='ltr' id='par_1_6' title="bbox 707 763 2218 838">
     <span class='ocr_line' id='line_1_6' title="bbox 707 763 2218 838; baseline 0.006 -21"><span class='ocrx_word' id='word_1_30' title='bbox 707 764 795 818; x_wconf 78' lang='grc'><strong>11.</strong></span> <span class='ocrx_word' id='word_1_31' title='bbox 839 763 1113 819; x_wconf 82' lang='lat' dir='ltr'><strong>Declinaa</strong></span> <span class='ocrx_word' id='word_1_32' title='bbox 1149 765 1314 830; x_wconf 85' lang='lat' dir='ltr'><strong>malo,</strong></span> <span class='ocrx_word' id='word_1_33' title='bbox 1349 776 1398 820; x_wconf 80' lang='lat' dir='ltr'><strong>et</strong></span> <span class='ocrx_word' id='word_1_34' title='bbox 1436 769 1522 838; x_wconf 78' lang='lat' dir='ltr'><strong>fac</strong></span> <span class='ocrx_word' id='word_1_35' title='bbox 1553 768 1748 822; x_wconf 84' lang='lat' dir='ltr'><strong>bonum</strong></span> <span class='ocrx_word' id='word_1_36' title='bbox 1765 770 1830 824; x_wconf 87' lang='grc'><strong>³⁷.</strong></span> <span class='ocrx_word' id='word_1_37' title='bbox 1863 771 1943 825; x_wconf 83' lang='lat' dir='ltr'><strong>Ac</strong></span> <span class='ocrx_word' id='word_1_38' title='bbox 1967 771 2012 825; x_wconf 89' lang='lat' dir='ltr'><strong>si</strong></span> <span class='ocrx_word' id='word_1_39' title='bbox 2049 770 2218 826; x_wconf 82' lang='lat' dir='ltr'><strong>dicat:</strong></span> 
     </span>
    </p>
   </div>
   <div class='ocr_carea' id='block_1_7' title="bbox 632 853 2223 933">
    <p class='ocr_par' dir='ltr' id='par_1_7' title="bbox 632 853 2223 933">
     <span class='ocr_line' id='line_1_7' title="bbox 632 853 2223 933; baseline 0.007 -25"><span class='ocrx_word' id='word_1_40' title='bbox 632 853 821 926; x_wconf 86' lang='lat' dir='ltr'><strong>Pugna</strong></span> <span class='ocrx_word' id='word_1_41' title='bbox 848 857 1115 912; x_wconf 89' lang='lat' dir='ltr'><strong>adversus</strong></span> <span class='ocrx_word' id='word_1_42' title='bbox 1142 859 1350 924; x_wconf 90' lang='lat' dir='ltr'><strong>hostes,</strong></span> <span class='ocrx_word' id='word_1_43' title='bbox 1383 868 1444 914; x_wconf 88' lang='lat' dir='ltr'><strong>ut</strong></span> <span class='ocrx_word' id='word_1_44' title='bbox 1475 861 1737 918; x_wconf 83' lang='lat' dir='ltr'><strong>libidines</strong></span> <span class='ocrx_word' id='word_1_45' title='bbox 1764 874 1929 933; x_wconf 88' lang='lat' dir='ltr'><strong>atque</strong></span> <span class='ocrx_word' id='word_1_46' title='bbox 1955 864 2084 919; x_wconf 87' lang='lat' dir='ltr'><strong>vitia</strong></span> <span class='ocrx_word' id='word_1_47' title='bbox 2121 865 2223 919; x_wconf 86' lang='lat' dir='ltr'><strong>mi-</strong></span> 
     </span>
    </p>
   </div>
   <div class='ocr_carea' id='block_1_8' title="bbox 633 949 2223 1023">
    <p class='ocr_par' dir='ltr' id='par_1_8' title="bbox 633 949 2223 1023">
     <span class='ocr_line' id='line_1_8' title="bbox 633 949 2223 1023; baseline 0.008 -26"><span class='ocrx_word' id='word_1_48' title='bbox 633 959 807 1000; x_wconf 87' lang='lat' dir='ltr'><strong>nuas:</strong></span> <span class='ocrx_word' id='word_1_49' title='bbox 840 954 956 1000; x_wconf 85' lang='lat' dir='ltr'><strong>tum</strong></span> <span class='ocrx_word' id='word_1_50' title='bbox 977 962 1110 1001; x_wconf 88' lang='lat' dir='ltr'><strong>vero</strong></span> <span class='ocrx_word' id='word_1_51' title='bbox 1133 949 1355 1003; x_wconf 89' lang='lat' dir='ltr'><strong>sobrius</strong></span> <span class='ocrx_word' id='word_1_52' title='bbox 1383 957 1503 1005; x_wconf 86' lang='lat' dir='ltr'><strong>esto</strong></span> <span class='ocrx_word' id='word_1_53' title='bbox 1533 967 1598 1005; x_wconf 91' lang='lat' dir='ltr'><strong>ac</strong></span> <span class='ocrx_word' id='word_1_54' title='bbox 1625 953 1810 1023; x_wconf 84' lang='lat' dir='ltr'><strong>vigila,</strong></span> <span class='ocrx_word' id='word_1_55' title='bbox 1852 969 1921 1008; x_wconf 87' lang='lat' dir='ltr'><strong>ne</strong></span> <span class='ocrx_word' id='word_1_56' title='bbox 1948 953 2040 1008; x_wconf 89' lang='lat' dir='ltr'><strong>illa</strong></span> <span class='ocrx_word' id='word_1_57' title='bbox 2096 969 2223 1009; x_wconf 90' lang='lat' dir='ltr'><strong>suc-</strong></span> 
     </span>
    </p>
   </div>
   <div class='ocr_carea' id='block_1_9' title="bbox 632 1043 2220 1117">
    <p class='ocr_par' dir='ltr' id='par_1_9' title="bbox 632 1043 2220 1117">
     <span class='ocr_line' id='line_1_9' title="bbox 632 1043 2220 1117; baseline 0.008 -27"><span class='ocrx_word' id='word_1_58' title='bbox 632 1046 886 1092; x_wconf 89' lang='lat' dir='ltr'><strong>crescant</strong></span> <span class='ocrx_word' id='word_1_59' title='bbox 907 1048 963 1093; x_wconf 93' lang='lat' dir='ltr'><strong>et</strong></span> <span class='ocrx_word' id='word_1_60' title='bbox 993 1050 1319 1110; x_wconf 80' lang='lat' dir='ltr'><strong>augeantur.</strong></span> <span class='ocrx_word' id='word_1_61' title='bbox 1352 1043 1430 1097; x_wconf 89' lang='lat' dir='ltr'><strong>Ac</strong></span> <span class='ocrx_word' id='word_1_62' title='bbox 1451 1061 1646 1099; x_wconf 89' lang='lat' dir='ltr'><strong>rursus</strong></span> <span class='ocrx_word' id='word_1_63' title='bbox 1673 1063 1686 1098; x_wconf 89' lang='lat'>:</span> <span class='ocrx_word' id='word_1_64' title='bbox 1716 1047 1926 1117; x_wconf 87' lang='lat' dir='ltr'><strong>Pugna,</strong></span> <span class='ocrx_word' id='word_1_65' title='bbox 1954 1056 2013 1101; x_wconf 94' lang='lat' dir='ltr'><strong>ut</strong></span> <span class='ocrx_word' id='word_1_66' title='bbox 2037 1049 2220 1102; x_wconf 84' lang='lat' dir='ltr'><strong>virtu-</strong></span> 
     </span>
    </p>
   </div>
   <div class='ocr_carea' id='block_1_10' title="bbox 633 1131 2221 1208">
    <p class='ocr_par' dir='ltr' id='par_1_10' title="bbox 633 1131 2221 1208">
     <span class='ocr_line' id='line_1_10' title="bbox 633 1131 2221 1208; baseline 0.01 -27"><span class='ocrx_word' id='word_1_67' title='bbox 633 1135 716 1182; x_wconf 90' lang='lat' dir='ltr'><strong>tes</strong></span> <span class='ocrx_word' id='word_1_68' title='bbox 750 1143 941 1198; x_wconf 91' lang='lat' dir='ltr'><strong>pares;</strong></span> <span class='ocrx_word' id='word_1_69' title='bbox 965 1145 1030 1185; x_wconf 84' lang='lat' dir='ltr'><strong>ac</strong></span> <span class='ocrx_word' id='word_1_70' title='bbox 1056 1131 1259 1187; x_wconf 80' lang='lat' dir='ltr'><strong>deinde</strong></span> <span class='ocrx_word' id='word_1_71' title='bbox 1276 1133 1442 1204; x_wconf 84' lang='lat' dir='ltr'><strong>vigila</strong></span> <span class='ocrx_word' id='word_1_72' title='bbox 1468 1146 1698 1208; x_wconf 90' lang='lat' dir='ltr'><strong>estoque</strong></span> <span class='ocrx_word' id='word_1_73' title='bbox 1729 1140 1968 1205; x_wconf 90' lang='lat' dir='ltr'><strong>sobrius,</strong></span> <span class='ocrx_word' id='word_1_74' title='bbox 2003 1149 2221 1196; x_wconf 90' lang='lat' dir='ltr'><strong>utcon-</strong></span> 
     </span>
    </p>
   </div>
   <div class='ocr_carea' id='block_1_11' title="bbox 633 1221 1981 1296">
    <p class='ocr_par' dir='ltr' id='par_1_11' title="bbox 633 1221 1981 1296">
     <span class='ocr_line' id='line_1_11' title="bbox 633 1221 1981 1296; baseline 0.012 -22"><span class='ocrx_word' id='word_1_75' title='bbox 633 1233 841 1275; x_wconf 78' lang='lat' dir='ltr'><strong>serves.</strong></span> <span class='ocrx_word' id='word_1_76' title='bbox 869 1221 1042 1292; x_wconf 87' lang='lat' dir='ltr'><strong>quue</strong></span> <span class='ocrx_word' id='word_1_77' title='bbox 1076 1225 1217 1280; x_wconf 89' lang='lat' dir='ltr'><strong>adeo</strong></span> <span class='ocrx_word' id='word_1_78' title='bbox 1244 1225 1428 1282; x_wconf 89' lang='lat' dir='ltr'><strong>facere</strong></span> <span class='ocrx_word' id='word_1_79' title='bbox 1452 1229 1640 1296; x_wconf 89' lang='lat' dir='ltr'><strong>fuerit,</strong></span> <span class='ocrx_word' id='word_1_80' title='bbox 1678 1242 1735 1287; x_wconf 88' lang='lat' dir='ltr'><strong>et</strong></span> <span class='ocrx_word' id='word_1_81' title='bbox 1765 1249 1981 1290; x_wconf 89' lang='lat' dir='ltr'><strong>cavere.</strong></span> 
     </span>
    </p>
   </div>
   <div class='ocr_carea' id='block_1_12' title="bbox 706 1312 2220 1389">
    <p class='ocr_par' dir='ltr' id='par_1_12' title="bbox 706 1312 2220 1389">
     <span class='ocr_line' id='line_1_12' title="bbox 706 1312 2220 1389; baseline 0.011 -24"><span class='ocrx_word' id='word_1_82' title='bbox 706 1312 794 1366; x_wconf 79' lang='grc'><strong>12.</strong></span> <span class='ocrx_word' id='word_1_83' title='bbox 823 1312 927 1380; x_wconf 87' lang='lat' dir='ltr'><strong>Qui</strong></span> <span class='ocrx_word' id='word_1_84' title='bbox 954 1315 1050 1369; x_wconf 89' lang='lat' dir='ltr'><strong>Dei</strong></span> <span class='ocrx_word' id='word_1_85' title='bbox 1084 1318 1362 1385; x_wconf 89' lang='lat' dir='ltr'><strong>permissu</strong></span> <span class='ocrx_word' id='word_1_86' title='bbox 1384 1336 1486 1376; x_wconf 90' lang='lat' dir='ltr'><strong>nos</strong></span> <span class='ocrx_word' id='word_1_87' title='bbox 1517 1331 1751 1389; x_wconf 90' lang='lat' dir='ltr'><strong>tentant,</strong></span> <span class='ocrx_word' id='word_1_88' title='bbox 1781 1334 1878 1380; x_wconf 91' lang='lat' dir='ltr'><strong>aut</strong></span> <span class='ocrx_word' id='word_1_89' title='bbox 1898 1326 2009 1380; x_wconf 88' lang='lat' dir='ltr'><strong>vim</strong></span> <span class='ocrx_word' id='word_1_90' title='bbox 2047 1327 2220 1382; x_wconf 90' lang='lat' dir='ltr'><strong>animi</strong></span> 
     </span>
    </p>
   </div>
   <div class='ocr_carea' id='block_1_13' title="bbox 633 1399 2221 1476">
    <p class='ocr_par' dir='ltr' id='par_1_13' title="bbox 633 1399 2221 1476">
     <span class='ocr_line' id='line_1_13' title="bbox 633 1399 2221 1476; baseline 0.014 -24"><span class='ocrx_word' id='word_1_91' title='bbox 633 1399 1123 1468; x_wconf 90' lang='lat' dir='ltr'><strong>concupiscentem</strong></span> <span class='ocrx_word' id='word_1_92' title='bbox 1175 1405 1556 1476; x_wconf 82' lang='lat' dir='ltr'><strong>inﬂammant,</strong></span> <span class='ocrx_word' id='word_1_93' title='bbox 1618 1422 1716 1468; x_wconf 91' lang='lat' dir='ltr'><strong>aut</strong></span> <span class='ocrx_word' id='word_1_94' title='bbox 1762 1414 1858 1470; x_wconf 61' lang='lat' dir='ltr'><strong>ira:</strong></span> <span class='ocrx_word' id='word_1_95' title='bbox 1903 1415 2221 1474; x_wconf 84' lang='lat' dir='ltr'><strong>facultatem</strong></span> 
     </span>
    </p>
   </div>
   <div class='ocr_carea' id='block_1_14' title="bbox 629 1491 2222 1578">
    <p class='ocr_par' dir='ltr' id='par_1_14' title="bbox 629 1491 2222 1578">
     <span class='ocr_line' id='line_1_14' title="bbox 629 1491 2222 1578; baseline 0.014 -34"><span class='ocrx_word' id='word_1_96' title='bbox 629 1491 994 1558; x_wconf 77' lang='lat' dir='ltr'><strong>conturbant,</strong></span> <span class='ocrx_word' id='word_1_97' title='bbox 1053 1505 1151 1551; x_wconf 91' lang='lat' dir='ltr'><strong>aut</strong></span> <span class='ocrx_word' id='word_1_98' title='bbox 1197 1501 1474 1557; x_wconf 91' lang='lat' dir='ltr'><strong>rationem</strong></span> <span class='ocrx_word' id='word_1_99' title='bbox 1529 1505 1918 1578; x_wconf 88' lang='lat' dir='ltr'><strong>obtenebrant,</strong></span> <span class='ocrx_word' id='word_1_100' title='bbox 1969 1519 2066 1566; x_wconf 91' lang='lat' dir='ltr'><strong>aut</strong></span> <span class='ocrx_word' id='word_1_101' title='bbox 2099 1527 2222 1568; x_wconf 91' lang='lat' dir='ltr'><strong>cor-</strong></span> 
     </span>
    </p>
   </div>
   <div class='ocr_carea' id='block_1_15' title="bbox 632 1586 2221 1667">
    <p class='ocr_par' dir='ltr' id='par_1_15' title="bbox 632 1586 2221 1667">
     <span class='ocr_line' id='line_1_15' title="bbox 632 1586 2221 1667; baseline 0.017 -30"><span class='ocrx_word' id='word_1_102' title='bbox 632 1599 740 1654; x_wconf 86' lang='lat' dir='ltr'><strong>pus</strong></span> <span class='ocrx_word' id='word_1_103' title='bbox 784 1586 1071 1645; x_wconf 87' lang='lat' dir='ltr'><strong>doloribus</strong></span> <span class='ocrx_word' id='word_1_104' title='bbox 1138 1591 1487 1667; x_wconf 88' lang='lat' dir='ltr'><strong>obcingunt,</strong></span> <span class='ocrx_word' id='word_1_105' title='bbox 1556 1608 1652 1655; x_wconf 89' lang='lat' dir='ltr'><strong>aut</strong></span> <span class='ocrx_word' id='word_1_106' title='bbox 1711 1602 2002 1661; x_wconf 84' lang='lat' dir='ltr'><strong>facultates</strong></span> <span class='ocrx_word' id='word_1_107' title='bbox 2080 1606 2221 1662; x_wconf 81' lang='lat' dir='ltr'><strong>diri-</strong></span> 
     </span>
    </p>
   </div>
   <div class='ocr_carea' id='block_1_16' title="bbox 633 1674 812 1743">
    <p class='ocr_par' dir='ltr' id='par_1_16' title="bbox 633 1674 812 1743">
     <span class='ocr_line' id='line_1_16' title="bbox 633 1674 812 1743; baseline 0.028 -17"><span class='ocrx_word' id='word_1_108' title='bbox 633 1674 812 1743; x_wconf 91' lang='lat' dir='ltr'><strong>piunt.</strong></span> 
     </span>
    </p>
   </div>
   <div class='ocr_carea' id='block_1_17' title="bbox 706 1766 2217 1852">
    <p class='ocr_par' dir='ltr' id='par_1_17' title="bbox 706 1766 2217 1852">
     <span class='ocr_line' id='line_1_17' title="bbox 706 1766 2217 1852; baseline 0.014 -32"><span class='ocrx_word' id='word_1_109' title='bbox 706 1766 792 1820; x_wconf 80' lang='grc'>15.</span> <span class='ocrx_word' id='word_1_110' title='bbox 830 1768 1138 1839; x_wconf 69' lang='lat' dir='ltr'><strong>Daemones,</strong></span> <span class='ocrx_word' id='word_1_111' title='bbox 1170 1775 1391 1846; x_wconf 89' lang='lat' dir='ltr'><strong>autipsi</strong></span> <span class='ocrx_word' id='word_1_112' title='bbox 1427 1789 1528 1848; x_wconf 90' lang='lat' dir='ltr'><strong>per</strong></span> <span class='ocrx_word' id='word_1_113' title='bbox 1564 1780 1774 1852; x_wconf 89' lang='lat' dir='ltr'><strong>seipsos</strong></span> <span class='ocrx_word' id='word_1_114' title='bbox 1825 1798 1930 1838; x_wconf 91' lang='lat' dir='ltr'><strong>nos</strong></span> <span class='ocrx_word' id='word_1_115' title='bbox 1985 1792 2217 1852; x_wconf 88' lang='lat' dir='ltr'><strong>tentant,</strong></span> 
     </span>
    </p>
   </div>
   <div class='ocr_carea' id='block_1_18' title="bbox 2327 587 3849 667">
    <p class='ocr_par' dir='ltr' id='par_1_18' title="bbox 2327 587 3849 667">
     <span class='ocr_line' id='line_1_18' title="bbox 2327 587 3849 667; baseline 0.005 -24"><span class='ocrx_word' id='word_1_116' title='bbox 2327 589 2642 644; x_wconf 84' lang='grc' dir='ltr'>ὑποτίθεται</span> <span class='ocrx_word' id='word_1_117' title='bbox 2692 591 2871 646; x_wconf 85' lang='grc' dir='ltr'>πάντα</span> <span class='ocrx_word' id='word_1_118' title='bbox 2911 589 3203 662; x_wconf 78' lang='grc' dir='ltr'>ἄνθρωπον</span> <span class='ocrx_word' id='word_1_119' title='bbox 3238 587 3298 656; x_wconf 68' lang='grc' dir='ltr'><strong>ἐξ</strong></span> <span class='ocrx_word' id='word_1_120' title='bbox 3327 590 3442 642; x_wconf 80' lang='grc' dir='ltr'>τσου</span> <span class='ocrx_word' id='word_1_121' title='bbox 3468 589 3732 663; x_wconf 79' lang='grc' dir='ltr'>ἀγαπῆσαι</span> <span class='ocrx_word' id='word_1_122' title='bbox 3758 593 3849 667; x_wconf 63' lang='grc' dir='ltr'><strong>[ἵν.</strong></span> 
     </span>
    </p>
   </div>
   <div class='ocr_carea' id='block_1_19' title="bbox 2324 682 2589 755">
    <p class='ocr_par' dir='ltr' id='par_1_19' title="bbox 2324 682 2589 755">
     <span class='ocr_line' id='line_1_19' title="bbox 2324 682 2589 755; baseline 0.004 -19"><span class='ocrx_word' id='word_1_123' title='bbox 2324 682 2589 755; x_wconf 69' lang='grc' dir='ltr'>ἀγαπᾷνΙ.</span> 
     </span>
    </p>
   </div>
   <div class='ocr_carea' id='block_1_20' title="bbox 2401 776 3855 850">
    <p class='ocr_par' dir='ltr' id='par_1_20' title="bbox 2401 776 3855 850">
     <span class='ocr_line' id='line_1_20' title="bbox 2401 776 3855 850; baseline 0.003 -20"><span class='ocrx_word' id='word_1_124' title='bbox 2401 777 2487 830; x_wconf 83' lang='grc' dir='ltr'>ια’.</span> <span class='ocrx_word' id='word_1_125' title='bbox 2528 779 2858 834; x_wconf 75' lang='grc' dir='ltr'>Ἕκκλινον</span> <span class='ocrx_word' id='word_1_126' title='bbox 2890 777 3012 834; x_wconf 79' lang='grc' dir='ltr'><strong>ἀπὸ</strong></span> <span class='ocrx_word' id='word_1_127' title='bbox 3042 777 3258 844; x_wconf 72' lang='grc' dir='ltr'>κακοῦ,</span> <span class='ocrx_word' id='word_1_128' title='bbox 3299 776 3396 832; x_wconf 73' lang='grc' dir='ltr'>καὶ</span> <span class='ocrx_word' id='word_1_129' title='bbox 3465 777 3713 845; x_wconf 77' lang='grc' dir='ltr'>ποίησον</span> <span class='ocrx_word' id='word_1_130' title='bbox 3741 778 3855 850; x_wconf 72' lang='grc' dir='ltr'>ἁγα-</span> 
     </span>
    </p>
   </div>
   <div class='ocr_carea' id='block_1_21' title="bbox 2322 867 3855 944">
    <p class='ocr_par' dir='ltr' id='par_1_21' title="bbox 2322 867 3855 944">
     <span class='ocr_line' id='line_1_21' title="bbox 2322 867 3855 944; baseline 0.005 -18"><span class='ocrx_word' id='word_1_131' title='bbox 2322 870 2450 926; x_wconf 83' lang='grc' dir='ltr'>θόν.</span> <span class='ocrx_word' id='word_1_132' title='bbox 2481 870 2760 936; x_wconf 88' lang='grc' dir='ltr'>Τουτέστι,</span> <span class='ocrx_word' id='word_1_133' title='bbox 2789 869 3106 941; x_wconf 84' lang='grc' dir='ltr'>Πολέμησον</span> <span class='ocrx_word' id='word_1_134' title='bbox 3126 869 3255 934; x_wconf 79' lang='grc' dir='ltr'>τοὺς</span> <span class='ocrx_word' id='word_1_135' title='bbox 3274 867 3520 940; x_wconf 65' lang='grc' dir='ltr'>ἐχθροὺς.</span> <span class='ocrx_word' id='word_1_136' title='bbox 3548 869 3631 922; x_wconf 76' lang='grc' dir='ltr'><strong>ἵνα</strong></span> <span class='ocrx_word' id='word_1_137' title='bbox 3657 869 3855 944; x_wconf 63' lang='grc' dir='ltr'>μειώσεις</span> 
     </span>
    </p>
   </div>
   <div class='ocr_carea' id='block_1_22' title="bbox 2319 960 3856 1033">
    <p class='ocr_par' dir='ltr' id='par_1_22' title="bbox 2319 960 3856 1033">
     <span class='ocr_line' id='line_1_22' title="bbox 2319 960 3856 1033; baseline 0.002 -18"><span class='ocrx_word' id='word_1_138' title='bbox 2319 960 2390 1015; x_wconf 84' lang='grc' dir='ltr'><strong>τὰ</strong></span> <span class='ocrx_word' id='word_1_139' title='bbox 2419 962 2566 1033; x_wconf 85' lang='grc' dir='ltr'>πάθη</span> <span class='ocrx_word' id='word_1_140' title='bbox 2599 962 2696 1033; x_wconf 83' lang='lat' dir='ltr'><strong>(o)°</strong></span> <span class='ocrx_word' id='word_1_141' title='bbox 2721 961 2915 1017; x_wconf 79' lang='grc' dir='ltr'>ἔπειτα</span> <span class='ocrx_word' id='word_1_142' title='bbox 2948 963 3007 1016; x_wconf 85' lang='grc' dir='ltr'><strong>δὲ</strong></span> <span class='ocrx_word' id='word_1_143' title='bbox 3038 963 3197 1032; x_wconf 83' lang='grc' dir='ltr'><strong>νῆφε,</strong></span> <span class='ocrx_word' id='word_1_144' title='bbox 3229 961 3316 1015; x_wconf 76' lang='grc' dir='ltr'>ἵνα</span> <span class='ocrx_word' id='word_1_145' title='bbox 3351 961 3424 1032; x_wconf 83' lang='grc' dir='ltr'>μὴ</span> <span class='ocrx_word' id='word_1_146' title='bbox 3455 961 3733 1032; x_wconf 81' lang='grc' dir='ltr'>αύξήσωσι.</span> <span class='ocrx_word' id='word_1_147' title='bbox 3768 965 3856 1018; x_wconf 75' lang='grc' dir='ltr'><strong>Καὶ</strong></span> 
     </span>
    </p>
   </div>
   <div class='ocr_carea' id='block_1_23' title="bbox 2320 1043 3854 1127">
    <p class='ocr_par' dir='ltr' id='par_1_23' title="bbox 2320 1043 3854 1127">
     <span class='ocr_line' id='line_1_23' title="bbox 2320 1043 3854 1127; baseline -0.001 -20"><span class='ocrx_word' id='word_1_148' title='bbox 2320 1054 2504 1107; x_wconf 80' lang='grc' dir='ltr'>πάλιν·</span> <span class='ocrx_word' id='word_1_149' title='bbox 2540 1054 2877 1126; x_wconf 85' lang='grc' dir='ltr'>Πολέμησον,</span> <span class='ocrx_word' id='word_1_150' title='bbox 2911 1055 2998 1108; x_wconf 80' lang='grc' dir='ltr'>ἵνα</span> <span class='ocrx_word' id='word_1_151' title='bbox 3023 1049 3205 1127; x_wconf 72' lang='grc' dir='ltr'>κτήσῃ</span> <span class='ocrx_word' id='word_1_152' title='bbox 3233 1053 3334 1110; x_wconf 82' lang='grc' dir='ltr'><strong>τὰς</strong></span> <span class='ocrx_word' id='word_1_153' title='bbox 3367 1043 3584 1124; x_wconf 77' lang='grc' dir='ltr'>ἀρετάς’</span> <span class='ocrx_word' id='word_1_154' title='bbox 3641 1054 3724 1106; x_wconf 78' lang='grc' dir='ltr'>καὶ</span> <span class='ocrx_word' id='word_1_155' title='bbox 3751 1072 3854 1124; x_wconf 84' lang='grc' dir='ltr'>μετ-</span> 
     </span>
    </p>
   </div>
   <div class='ocr_carea' id='block_1_24' title="bbox 2323 1144 3857 1218">
    <p class='ocr_par' dir='ltr' id='par_1_24' title="bbox 2323 1144 3857 1218">
     <span class='ocr_line' id='line_1_24' title="bbox 2323 1144 3857 1218; baseline 0.001 -20"><span class='ocrx_word' id='word_1_156' title='bbox 2323 1147 2513 1200; x_wconf 84' lang='grc' dir='ltr'>έπειτα</span> <span class='ocrx_word' id='word_1_157' title='bbox 2541 1147 2679 1217; x_wconf 85' lang='grc' dir='ltr'><strong>νῆφε</strong></span> <span class='ocrx_word' id='word_1_158' title='bbox 2701 1187 2716 1210; x_wconf 89' lang='grc'><strong>,</strong></span> <span class='ocrx_word' id='word_1_159' title='bbox 2771 1147 2858 1200; x_wconf 85' lang='grc' dir='ltr'>ἵνα</span> <span class='ocrx_word' id='word_1_160' title='bbox 2919 1147 3093 1210; x_wconf 80' lang='grc' dir='ltr'>αὑτάς</span> <span class='ocrx_word' id='word_1_161' title='bbox 3142 1144 3493 1218; x_wconf 78' lang='grc' dir='ltr'>διαφυλάξῃς.</span> <span class='ocrx_word' id='word_1_162' title='bbox 3527 1144 3632 1198; x_wconf 78' lang='grc' dir='ltr'><strong>Καὶ</strong></span> <span class='ocrx_word' id='word_1_163' title='bbox 3655 1144 3792 1200; x_wconf 83' lang='grc' dir='ltr'>τοῦτο</span> <span class='ocrx_word' id='word_1_164' title='bbox 3805 1146 3857 1200; x_wconf 74' lang='grc' dir='ltr'>ἂν</span> 
     </span>
    </p>
   </div>
   <div class='ocr_carea' id='block_1_25' title="bbox 2319 1236 3374 1308">
    <p class='ocr_par' dir='ltr' id='par_1_25' title="bbox 2319 1236 3374 1308">
     <span class='ocr_line' id='line_1_25' title="bbox 2319 1236 3374 1308; baseline 0.002 -19"><span class='ocrx_word' id='word_1_165' title='bbox 2319 1237 2429 1306; x_wconf 76' lang='grc' dir='ltr'>εἴη,</span> <span class='ocrx_word' id='word_1_166' title='bbox 2463 1237 2523 1289; x_wconf 88' lang='grc' dir='ltr'><strong>τὺ</strong></span> <span class='ocrx_word' id='word_1_167' title='bbox 2555 1236 2905 1308; x_wconf 75' lang='grc' dir='ltr'>ἐργάζεσθαι,</span> <span class='ocrx_word' id='word_1_168' title='bbox 2937 1239 3031 1292; x_wconf 75' lang='grc' dir='ltr'>καὶ</span> <span class='ocrx_word' id='word_1_169' title='bbox 3059 1236 3374 1306; x_wconf 82' lang='grc' dir='ltr'><strong>φυλάσσειν.</strong></span> 
     </span>
    </p>
   </div>
   <div class='ocr_carea' id='block_1_26' title="bbox 2396 1326 3857 1402">
    <p class='ocr_par' dir='ltr' id='par_1_26' title="bbox 2396 1326 3857 1402">
     <span class='ocr_line' id='line_1_26' title="bbox 2396 1326 3857 1402; baseline 0 -22"><span class='ocrx_word' id='word_1_170' title='bbox 2396 1327 2483 1399; x_wconf 84' lang='grc' dir='ltr'>ιβ’.</span> <span class='ocrx_word' id='word_1_171' title='bbox 2513 1330 2577 1382; x_wconf 88' lang='grc' dir='ltr'>Οἱ</span> <span class='ocrx_word' id='word_1_172' title='bbox 2625 1330 2770 1384; x_wconf 80' lang='grc' dir='ltr'>κατὰ</span> <span class='ocrx_word' id='word_1_173' title='bbox 2802 1329 3148 1402; x_wconf 77' lang='grc' dir='ltr'><strong>συγχώρησιν</strong></span> <span class='ocrx_word' id='word_1_174' title='bbox 3181 1327 3319 1382; x_wconf 82' lang='grc' dir='ltr'><strong>Θεοῦ</strong></span> <span class='ocrx_word' id='word_1_175' title='bbox 3350 1326 3691 1398; x_wconf 76' lang='grc' dir='ltr'><strong>πειράζοντες</strong></span> <span class='ocrx_word' id='word_1_176' title='bbox 3718 1329 3857 1400; x_wconf 73' lang='grc' dir='ltr'>ἡμᾶς,</span> 
     </span>
    </p>
   </div>
   <div class='ocr_carea' id='block_1_27' title="bbox 2320 1419 3859 1494">
    <p class='ocr_par' dir='ltr' id='par_1_27' title="bbox 2320 1419 3859 1494">
     <span class='ocr_line' id='line_1_27' title="bbox 2320 1419 3859 1494; baseline 0.002 -20"><span class='ocrx_word' id='word_1_177' title='bbox 2320 1419 2356 1492; x_wconf 80' lang='grc' dir='ltr'>ἢ</span> <span class='ocrx_word' id='word_1_178' title='bbox 2394 1421 2457 1474; x_wconf 84' lang='grc' dir='ltr'>τὸ</span> <span class='ocrx_word' id='word_1_179' title='bbox 2489 1420 2888 1494; x_wconf 75' lang='grc' dir='ltr'>ἐπιθυμητικὸν</span> <span class='ocrx_word' id='word_1_180' title='bbox 2934 1424 3032 1493; x_wconf 79' lang='grc' dir='ltr'>τῆς</span> <span class='ocrx_word' id='word_1_181' title='bbox 3069 1422 3251 1494; x_wconf 75' lang='grc' dir='ltr'>ψυχῆς</span> <span class='ocrx_word' id='word_1_182' title='bbox 3279 1421 3734 1492; x_wconf 79' lang='grc' dir='ltr'>ὲκθερμαίνουσιν,</span> <span class='ocrx_word' id='word_1_183' title='bbox 3758 1424 3786 1493; x_wconf 75' lang='grc' dir='ltr'>ἢ</span> <span class='ocrx_word' id='word_1_184' title='bbox 3811 1425 3859 1477; x_wconf 80' lang='grc' dir='ltr'><strong>τὺ</strong></span> 
     </span>
    </p>
   </div>
   <div class='ocr_carea' id='block_1_28' title="bbox 2322 1513 3861 1587">
    <p class='ocr_par' dir='ltr' id='par_1_28' title="bbox 2322 1513 3861 1587">
     <span class='ocr_line' id='line_1_28' title="bbox 2322 1513 3861 1587; baseline 0.001 -20"><span class='ocrx_word' id='word_1_185' title='bbox 2322 1513 2556 1584; x_wconf 86' lang='grc' dir='ltr'>θυμικὸν</span> <span class='ocrx_word' id='word_1_186' title='bbox 2604 1515 3059 1586; x_wconf 81' lang='grc' dir='ltr'>ἐκταράσσουσιν,</span> <span class='ocrx_word' id='word_1_187' title='bbox 3092 1515 3126 1587; x_wconf 82' lang='grc' dir='ltr'>ἤ</span> <span class='ocrx_word' id='word_1_188' title='bbox 3167 1515 3228 1569; x_wconf 87' lang='grc' dir='ltr'>τδ</span> <span class='ocrx_word' id='word_1_189' title='bbox 3266 1513 3485 1584; x_wconf 77' lang='grc' dir='ltr'>λογικὸν</span> <span class='ocrx_word' id='word_1_190' title='bbox 3529 1515 3861 1580; x_wconf 76' lang='grc' dir='ltr'>ὲπισκοτῑζουο</span> 
     </span>
    </p>
   </div>
   <div class='ocr_carea' id='block_1_29' title="bbox 2324 1607 3860 1680">
    <p class='ocr_par' dir='ltr' id='par_1_29' title="bbox 2324 1607 3860 1680">
     <span class='ocr_line' id='line_1_29' title="bbox 2324 1607 3860 1680; baseline 0 -20"><span class='ocrx_word' id='word_1_191' title='bbox 2324 1623 2429 1674; x_wconf 87' lang='grc' dir='ltr'>σιν,</span> <span class='ocrx_word' id='word_1_192' title='bbox 2461 1607 2494 1678; x_wconf 79' lang='grc' dir='ltr'><strong>ἢ</strong></span> <span class='ocrx_word' id='word_1_193' title='bbox 2529 1607 2591 1661; x_wconf 83' lang='grc' dir='ltr'>τὸ</span> <span class='ocrx_word' id='word_1_194' title='bbox 2637 1608 2799 1678; x_wconf 81' lang='grc' dir='ltr'>σῶμα</span> <span class='ocrx_word' id='word_1_195' title='bbox 2831 1607 3045 1673; x_wconf 83' lang='grc' dir='ltr'><strong>ὀδύναις</strong></span> <span class='ocrx_word' id='word_1_196' title='bbox 3079 1607 3524 1680; x_wconf 84' lang='grc' dir='ltr'>περιϐάλλουσιν,</span> <span class='ocrx_word' id='word_1_197' title='bbox 3553 1607 3586 1678; x_wconf 76' lang='grc' dir='ltr'>ἢ</span> <span class='ocrx_word' id='word_1_198' title='bbox 3615 1609 3680 1661; x_wconf 83' lang='grc' dir='ltr'>τὰ</span> <span class='ocrx_word' id='word_1_199' title='bbox 3705 1623 3860 1678; x_wconf 85' lang='grc' dir='ltr'>σωμα-</span> 
     </span>
    </p>
   </div>
   <div class='ocr_carea' id='block_1_30' title="bbox 2321 1696 2886 1768">
    <p class='ocr_par' dir='ltr' id='par_1_30' title="bbox 2321 1696 2886 1768">
     <span class='ocr_line' id='line_1_30' title="bbox 2321 1696 2886 1768; baseline 0 -17"><span class='ocrx_word' id='word_1_200' title='bbox 2321 1696 2448 1752; x_wconf 82' lang='grc' dir='ltr'>τικὰ</span> <span class='ocrx_word' id='word_1_201' title='bbox 2474 1696 2886 1768; x_wconf 81' lang='grc' dir='ltr'>διαρπάζουσιν.</span> 
     </span>
    </p>
   </div>
   <div class='ocr_carea' id='block_1_31' title="bbox 2393 1785 3862 1861">
    <p class='ocr_par' dir='ltr' id='par_1_31' title="bbox 2393 1785 3862 1861">
     <span class='ocr_line' id='line_1_31' title="bbox 2393 1785 3862 1861; baseline -0.006 -15"><span class='ocrx_word' id='word_1_202' title='bbox 2393 1797 2485 1861; x_wconf 78' lang='grc' dir='ltr'>ιγ’.</span> <span class='ocrx_word' id='word_1_203' title='bbox 2520 1791 2593 1844; x_wconf 79' lang='lat' dir='ltr'><strong>&quot;ll</strong></span> <span class='ocrx_word' id='word_1_204' title='bbox 2623 1791 2692 1844; x_wconf 90' lang='grc' dir='ltr'>δι’</span> <span class='ocrx_word' id='word_1_205' title='bbox 2721 1789 2930 1844; x_wconf 80' lang='grc' dir='ltr'>ἑαυτῶν</span> <span class='ocrx_word' id='word_1_206' title='bbox 2972 1791 3122 1861; x_wconf 80' lang='grc' dir='ltr'>ἡμᾶς</span> <span class='ocrx_word' id='word_1_207' title='bbox 3171 1789 3222 1843; x_wconf 83' lang='grc' dir='ltr'>οἱ</span> <span class='ocrx_word' id='word_1_208' title='bbox 3258 1788 3516 1860; x_wconf 81' lang='grc' dir='ltr'>δαίμονες</span> <span class='ocrx_word' id='word_1_209' title='bbox 3547 1785 3862 1856; x_wconf 70' lang='grc' dir='ltr'>ὲκπειρςὶζου-</span> 
     </span>
    </p>
   </div>
   <div class='ocr_carea' id='block_1_32' title="bbox 633 1855 2226 1958">
    <p class='ocr_par' dir='ltr' id='par_1_32' title="bbox 633 1866 2219 1935">
     <span class='ocr_line' id='line_1_32' title="bbox 633 1866 2219 1935; baseline 0.013 -21"><span class='ocrx_word' id='word_1_210' title='bbox 633 1869 733 1915; x_wconf 88' lang='lat' dir='ltr'><strong>aut</strong></span> <span class='ocrx_word' id='word_1_211' title='bbox 756 1877 876 1928; x_wconf 91' lang='lat' dir='ltr'><strong>eos,</strong></span> <span class='ocrx_word' id='word_1_212' title='bbox 913 1866 1008 1935; x_wconf 90' lang='lat' dir='ltr'><strong>qui</strong></span> <span class='ocrx_word' id='word_1_213' title='bbox 1043 1883 1155 1922; x_wconf 89' lang='lat' dir='ltr'><strong>non</strong></span> <span class='ocrx_word' id='word_1_214' title='bbox 1185 1869 1418 1924; x_wconf 88' lang='lat' dir='ltr'><strong>timeant</strong></span> <span class='ocrx_word' id='word_1_215' title='bbox 1454 1873 1749 1930; x_wconf 89' lang='lat' dir='ltr'><strong>Dominum</strong></span> <span class='ocrx_word' id='word_1_216' title='bbox 1788 1876 2084 1932; x_wconf 89' lang='lat' dir='ltr'><strong>adversum</strong></span> <span class='ocrx_word' id='word_1_217' title='bbox 2117 1895 2219 1935; x_wconf 89' lang='lat' dir='ltr'><strong>nos</strong></span> 
     </span>
    </p>
   </div>
   <div class='ocr_carea' id='block_1_33' title="bbox 2323 1855 3861 1958">
    <p class='ocr_par' dir='ltr' id='par_1_33' title="bbox 2323 1855 3861 1958">
     <span class='ocr_line' id='line_1_33' title="bbox 2323 1855 3861 1958; baseline -0.006 -19"><span class='ocrx_word' id='word_1_218' title='bbox 2323 1855 2496 1958; x_wconf 62' lang='grc' dir='ltr'>σινξῆ</span> <span class='ocrx_word' id='word_1_219' title='bbox 2540 1886 2667 1949; x_wconf 84' lang='grc' dir='ltr'>τοὺς</span> <span class='ocrx_word' id='word_1_220' title='bbox 2715 1885 2790 1957; x_wconf 84' lang='grc' dir='ltr'>μὴ</span> <span class='ocrx_word' id='word_1_221' title='bbox 2825 1855 3194 1955; x_wconf 72' lang='grc' dir='ltr'>φοϐουμένους</span> <span class='ocrx_word' id='word_1_222' title='bbox 3236 1882 3330 1935; x_wconf 81' lang='grc' dir='ltr'><strong>τὸν</strong></span> <span class='ocrx_word' id='word_1_223' title='bbox 3356 1855 3563 1950; x_wconf 57' lang='grc' dir='ltr'>Κύριον</span> <span class='ocrx_word' id='word_1_224' title='bbox 3595 1878 3710 1932; x_wconf 86' lang='grc' dir='ltr'>καθ’</span> <span class='ocrx_word' id='word_1_225' title='bbox 3735 1879 3861 1948; x_wconf 78' lang='grc' dir='ltr'>ἡμῶν</span> 
     </span>
    </p>
   </div>
   <div class='ocr_carea' id='block_1_34' title="bbox 632 1956 2218 2041">
    <p class='ocr_par' dir='ltr' id='par_1_34' title="bbox 632 1956 2218 2041">
     <span class='ocr_line' id='line_1_34' title="bbox 632 1956 2218 2041; baseline 0.013 -35"><span class='ocrx_word' id='word_1_226' title='bbox 632 1964 866 2010; x_wconf 86' lang='lat' dir='ltr'><strong>armant.</strong></span> <span class='ocrx_word' id='word_1_227' title='bbox 889 1956 968 2013; x_wconf 82' lang='lat' dir='ltr'><strong>Ac</strong></span> <span class='ocrx_word' id='word_1_228' title='bbox 996 1961 1222 2029; x_wconf 82' lang='lat' dir='ltr'><strong>quidem</strong></span> <span class='ocrx_word' id='word_1_229' title='bbox 1263 1979 1362 2032; x_wconf 89' lang='lat' dir='ltr'><strong>per</strong></span> <span class='ocrx_word' id='word_1_230' title='bbox 1390 1965 1624 2034; x_wconf 88' lang='lat' dir='ltr'><strong>seipsos,</strong></span> <span class='ocrx_word' id='word_1_231' title='bbox 1673 1983 1800 2022; x_wconf 92' lang='lat' dir='ltr'><strong>cum</strong></span> <span class='ocrx_word' id='word_1_232' title='bbox 1837 1969 2070 2026; x_wconf 83' lang='lat' dir='ltr'><strong>seorsim</strong></span> <span class='ocrx_word' id='word_1_233' title='bbox 2111 1971 2218 2041; x_wconf 87' lang='lat' dir='ltr'><strong>ipsi</strong></span> 
     </span>
    </p>
   </div>
   <div class='ocr_carea' id='block_1_35' title="bbox 630 2047 2220 2131">
    <p class='ocr_par' dir='ltr' id='par_1_35' title="bbox 630 2047 2220 2131">
     <span class='ocr_line' id='line_1_35' title="bbox 630 2047 2220 2131; baseline 0.013 -31"><span class='ocrx_word' id='word_1_234' title='bbox 630 2047 702 2101; x_wconf 88' lang='lat' dir='ltr'><strong>ab</strong></span> <span class='ocrx_word' id='word_1_235' title='bbox 731 2048 1022 2106; x_wconf 88' lang='lat' dir='ltr'><strong>hominum</strong></span> <span class='ocrx_word' id='word_1_236' title='bbox 1046 2054 1280 2125; x_wconf 87' lang='lat' dir='ltr'><strong>sejuncti</strong></span> <span class='ocrx_word' id='word_1_237' title='bbox 1311 2059 1566 2114; x_wconf 85' lang='lat' dir='ltr'><strong>convictu</strong></span> <span class='ocrx_word' id='word_1_238' title='bbox 1593 2061 1827 2131; x_wconf 81' lang='lat' dir='ltr'><strong>agimus,</strong></span> <span class='ocrx_word' id='word_1_239' title='bbox 1859 2063 2012 2118; x_wconf 88' lang='lat' dir='ltr'><strong>velut</strong></span> <span class='ocrx_word' id='word_1_240' title='bbox 2035 2065 2220 2120; x_wconf 90' lang='lat' dir='ltr'><strong>Domi-</strong></span> 
     </span>
    </p>
   </div>
   <div class='ocr_carea' id='block_1_36' title="bbox 629 2142 2219 2220">
    <p class='ocr_par' dir='ltr' id='par_1_36' title="bbox 629 2142 2219 2220">
     <span class='ocr_line' id='line_1_36' title="bbox 629 2142 2219 2220; baseline 0.012 -26"><span class='ocrx_word' id='word_1_241' title='bbox 629 2156 766 2196; x_wconf 89' lang='lat' dir='ltr'><strong>num</strong></span> <span class='ocrx_word' id='word_1_242' title='bbox 803 2142 859 2198; x_wconf 91' lang='lat' dir='ltr'><strong>in</strong></span> <span class='ocrx_word' id='word_1_243' title='bbox 883 2144 1147 2202; x_wconf 86' lang='lat' dir='ltr'><strong>deserto:</strong></span> <span class='ocrx_word' id='word_1_244' title='bbox 1184 2165 1283 2220; x_wconf 73' lang='lat' dir='ltr'><strong>per</strong></span> <span class='ocrx_word' id='word_1_245' title='bbox 1323 2150 1580 2207; x_wconf 84' lang='lat' dir='ltr'><strong>homines</strong></span> <span class='ocrx_word' id='word_1_246' title='bbox 1629 2169 1798 2218; x_wconf 78' lang='lat' dir='ltr'><strong>vero,</strong></span> <span class='ocrx_word' id='word_1_247' title='bbox 1840 2171 1966 2209; x_wconf 90' lang='lat' dir='ltr'><strong>cum</strong></span> <span class='ocrx_word' id='word_1_248' title='bbox 2024 2173 2219 2213; x_wconf 89' lang='lat' dir='ltr'><strong>eorum</strong></span> 
     </span>
    </p>
   </div>
   <div class='ocr_carea' id='block_1_37' title="bbox 629 2230 2216 2317">
    <p class='ocr_par' dir='ltr' id='par_1_37' title="bbox 629 2230 2216 2317">
     <span class='ocr_line' id='line_1_37' title="bbox 629 2230 2216 2317; baseline 0.012 -30"><span class='ocrx_word' id='word_1_249' title='bbox 629 2230 1039 2293; x_wconf 78' lang='lat' dir='ltr'><strong>consuetudine</strong></span> <span class='ocrx_word' id='word_1_250' title='bbox 1075 2241 1306 2308; x_wconf 85' lang='lat' dir='ltr'><strong>utimur,</strong></span> <span class='ocrx_word' id='word_1_251' title='bbox 1331 2243 1410 2298; x_wconf 90' lang='lat' dir='ltr'><strong>uti</strong></span> <span class='ocrx_word' id='word_1_252' title='bbox 1443 2245 1738 2300; x_wconf 89' lang='lat' dir='ltr'><strong>Dominum</strong></span> <span class='ocrx_word' id='word_1_253' title='bbox 1764 2263 1864 2317; x_wconf 89' lang='lat' dir='ltr'><strong>per</strong></span> <span class='ocrx_word' id='word_1_254' title='bbox 1889 2249 2216 2307; x_wconf 65' lang='lat' dir='ltr'><strong>Pharisaaos.</strong></span> 
     </span>
    </p>
   </div>
   <div class='ocr_carea' id='block_1_38' title="bbox 630 2325 2222 2410">
    <p class='ocr_par' dir='ltr' id='par_1_38' title="bbox 630 2325 2222 2410">
     <span class='ocr_line' id='line_1_38' title="bbox 630 2325 2222 2410; baseline 0.013 -30"><span class='ocrx_word' id='word_1_255' title='bbox 630 2325 742 2381; x_wconf 86' lang='lat' dir='ltr'><strong>Nos</strong></span> <span class='ocrx_word' id='word_1_256' title='bbox 799 2328 1107 2396; x_wconf 83' lang='lat' dir='ltr'><strong>enimvero,</strong></span> <span class='ocrx_word' id='word_1_257' title='bbox 1153 2334 1246 2403; x_wconf 84' lang='lat' dir='ltr'><strong>qui</strong></span> <span class='ocrx_word' id='word_1_258' title='bbox 1283 2345 1535 2392; x_wconf 83' lang='lat' dir='ltr'><strong>nostrum</strong></span> <span class='ocrx_word' id='word_1_259' title='bbox 1593 2341 1873 2410; x_wconf 81' lang='lat' dir='ltr'><strong>exemplar</strong></span> <span class='ocrx_word' id='word_1_260' title='bbox 1924 2342 1995 2397; x_wconf 93' lang='lat' dir='ltr'><strong>ob</strong></span> <span class='ocrx_word' id='word_1_261' title='bbox 2029 2343 2222 2400; x_wconf 90' lang='lat' dir='ltr'><strong>oculos</strong></span> 
     </span>
    </p>
   </div>
   <div class='ocr_carea' id='block_1_39' title="bbox 631 2419 1758 2499">
    <p class='ocr_par' dir='ltr' id='par_1_39' title="bbox 631 2419 1758 2499">
     <span class='ocr_line' id='line_1_39' title="bbox 631 2419 1758 2499; baseline 0.012 -25"><span class='ocrx_word' id='word_1_262' title='bbox 631 2419 956 2491; x_wconf 76' lang='lat' dir='ltr'><strong>habeamus,</strong></span> <span class='ocrx_word' id='word_1_263' title='bbox 986 2428 1245 2499; x_wconf 88' lang='lat' dir='ltr'><strong>utrinque</strong></span> <span class='ocrx_word' id='word_1_264' title='bbox 1274 2443 1372 2484; x_wconf 86' lang='lat' dir='ltr'><strong>eos</strong></span> <span class='ocrx_word' id='word_1_265' title='bbox 1406 2431 1758 2499; x_wconf 87' lang='lat' dir='ltr'><strong>repellamus.</strong></span> 
     </span>
    </p>
   </div>
   <div class='ocr_carea' id='block_1_40' title="bbox 705 2513 2219 2598">
    <p class='ocr_par' dir='ltr' id='par_1_40' title="bbox 705 2513 2219 2598">
     <span class='ocr_line' id='line_1_40' title="bbox 705 2513 2219 2598; baseline 0.011 -30"><span class='ocrx_word' id='word_1_266' title='bbox 705 2513 793 2568; x_wconf 78' lang='grc'>14.</span> <span class='ocrx_word' id='word_1_267' title='bbox 824 2514 963 2571; x_wconf 90' lang='lat' dir='ltr'><strong>Cum</strong></span> <span class='ocrx_word' id='word_1_268' title='bbox 983 2533 1144 2575; x_wconf 88' lang='lat' dir='ltr'><strong>mens</strong></span> <span class='ocrx_word' id='word_1_269' title='bbox 1175 2524 1232 2574; x_wconf 84' lang='lat' dir='ltr'><strong>In</strong></span> <span class='ocrx_word' id='word_1_270' title='bbox 1261 2521 1358 2576; x_wconf 89' lang='lat' dir='ltr'><strong>Dei</strong></span> <span class='ocrx_word' id='word_1_271' title='bbox 1379 2521 1648 2578; x_wconf 88' lang='lat' dir='ltr'><strong>charitatc</strong></span> <span class='ocrx_word' id='word_1_272' title='bbox 1671 2523 1940 2594; x_wconf 83' lang='lat' dir='ltr'><strong>proficere</strong></span> <span class='ocrx_word' id='word_1_273' title='bbox 1965 2527 2219 2598; x_wconf 68' lang='lat' dir='ltr'><strong>coeperit,</strong></span> 
     </span>
    </p>
   </div>
   <div class='ocr_carea' id='block_1_41' title="bbox 632 2608 2259 2690">
    <p class='ocr_par' dir='ltr' id='par_1_41' title="bbox 632 2608 2259 2690">
     <span class='ocr_line' id='line_1_41' title="bbox 632 2608 2259 2690; baseline 0.012 -31"><span class='ocrx_word' id='word_1_274' title='bbox 632 2613 768 2661; x_wconf 90' lang='lat' dir='ltr'><strong>tunc</strong></span> <span class='ocrx_word' id='word_1_275' title='bbox 791 2615 847 2661; x_wconf 91' lang='lat' dir='ltr'><strong>et</strong></span> <span class='ocrx_word' id='word_1_276' title='bbox 871 2608 1229 2680; x_wconf 71' lang='lat' dir='ltr'><strong>blasphemia:</strong></span> <span class='ocrx_word' id='word_1_277' title='bbox 1259 2614 1472 2669; x_wconf 74' lang='lat' dir='ltr'><strong>daemon</strong></span> <span class='ocrx_word' id='word_1_278' title='bbox 1507 2623 1722 2673; x_wconf 90' lang='lat' dir='ltr'><strong>tentare</strong></span> <span class='ocrx_word' id='word_1_279' title='bbox 1765 2620 2006 2690; x_wconf 89' lang='lat' dir='ltr'><strong>occipit;</strong></span> <span class='ocrx_word' id='word_1_280' title='bbox 2059 2624 2259 2687; x_wconf 36' lang='lat' dir='ltr'><strong>tales»</strong></span> 
     </span>
    </p>
   </div>
   <div class='ocr_carea' id='block_1_42' title="bbox 631 2704 2218 2784">
    <p class='ocr_par' dir='ltr' id='par_1_42' title="bbox 631 2704 2218 2784">
     <span class='ocr_line' id='line_1_42' title="bbox 631 2704 2218 2784; baseline 0.013 -32"><span class='ocrx_word' id='word_1_281' title='bbox 631 2715 742 2768; x_wconf 91' lang='lat' dir='ltr'><strong>que</strong></span> <span class='ocrx_word' id='word_1_282' title='bbox 776 2704 1023 2774; x_wconf 79' lang='lat' dir='ltr'><strong>suggerit</strong></span> <span class='ocrx_word' id='word_1_283' title='bbox 1043 2707 1433 2776; x_wconf 76' lang='lat' dir='ltr'><strong>cogitationes,</strong></span> <span class='ocrx_word' id='word_1_284' title='bbox 1465 2711 1662 2780; x_wconf 86' lang='lat' dir='ltr'><strong>quales</strong></span> <span class='ocrx_word' id='word_1_285' title='bbox 1692 2713 1880 2769; x_wconf 90' lang='lat' dir='ltr'><strong>nullus</strong></span> <span class='ocrx_word' id='word_1_286' title='bbox 1909 2715 2218 2784; x_wconf 88' lang='lat' dir='ltr'><strong>hominum,</strong></span> 
     </span>
    </p>
   </div>
   <div class='ocr_carea' id='block_1_43' title="bbox 631 2793 2222 2873">
    <p class='ocr_par' dir='ltr' id='par_1_43' title="bbox 631 2793 2222 2873">
     <span class='ocr_line' id='line_1_43' title="bbox 631 2793 2222 2873; baseline 0.012 -25"><span class='ocrx_word' id='word_1_287' title='bbox 631 2793 787 2849; x_wconf 87' lang='lat' dir='ltr'><strong>solus</strong></span> <span class='ocrx_word' id='word_1_288' title='bbox 809 2811 945 2851; x_wconf 91' lang='lat' dir='ltr'><strong>vero</strong></span> <span class='ocrx_word' id='word_1_289' title='bbox 983 2813 1178 2855; x_wconf 88' lang='lat' dir='ltr'><strong>earum</strong></span> <span class='ocrx_word' id='word_1_290' title='bbox 1227 2816 1432 2871; x_wconf 90' lang='lat' dir='ltr'><strong>parens</strong></span> <span class='ocrx_word' id='word_1_291' title='bbox 1483 2819 1549 2858; x_wconf 90' lang='lat' dir='ltr'><strong>ac</strong></span> <span class='ocrx_word' id='word_1_292' title='bbox 1587 2804 1920 2873; x_wconf 81' lang='lat' dir='ltr'><strong>fabricator,</strong></span> <span class='ocrx_word' id='word_1_293' title='bbox 1965 2809 2222 2867; x_wconf 88' lang='lat' dir='ltr'><strong>diabolus</strong></span> 
     </span>
    </p>
   </div>
   <div class='ocr_carea' id='block_1_44' title="bbox 633 2883 2222 2966">
    <p class='ocr_par' dir='ltr' id='par_1_44' title="bbox 633 2883 2222 2966">
     <span class='ocr_line' id='line_1_44' title="bbox 633 2883 2222 2966; baseline 0.013 -27"><span class='ocrx_word' id='word_1_294' title='bbox 633 2883 867 2943; x_wconf 87' lang='lat' dir='ltr'><strong>invenit.</strong></span> <span class='ocrx_word' id='word_1_295' title='bbox 894 2887 1010 2945; x_wconf 88' lang='lat' dir='ltr'><strong>Hoc</strong></span> <span class='ocrx_word' id='word_1_296' title='bbox 1035 2900 1221 2947; x_wconf 90' lang='lat' dir='ltr'><strong>autem</strong></span> <span class='ocrx_word' id='word_1_297' title='bbox 1259 2893 1412 2961; x_wconf 86' lang='lat' dir='ltr'><strong>facit,</strong></span> <span class='ocrx_word' id='word_1_298' title='bbox 1439 2911 1552 2966; x_wconf 91' lang='lat' dir='ltr'><strong>quo</strong></span> <span class='ocrx_word' id='word_1_299' title='bbox 1590 2897 1644 2952; x_wconf 92' lang='lat' dir='ltr'><strong>in</strong></span> <span class='ocrx_word' id='word_1_300' title='bbox 1672 2899 1954 2956; x_wconf 90' lang='lat' dir='ltr'><strong>hominem</strong></span> <span class='ocrx_word' id='word_1_301' title='bbox 1988 2904 2082 2958; x_wconf 91' lang='lat' dir='ltr'><strong>Dei</strong></span> <span class='ocrx_word' id='word_1_302' title='bbox 2106 2906 2222 2960; x_wconf 89' lang='lat' dir='ltr'><strong>cul-</strong></span> 
     </span>
    </p>
   </div>
   <div class='ocr_carea' id='block_1_45' title="bbox 633 2980 2222 3062">
    <p class='ocr_par' dir='ltr' id='par_1_45' title="bbox 633 2980 2222 3062">
     <span class='ocr_line' id='line_1_45' title="bbox 633 2980 2222 3062; baseline 0.013 -30"><span class='ocrx_word' id='word_1_303' title='bbox 633 2985 810 3034; x_wconf 88' lang='lat' dir='ltr'><strong>torem</strong></span> <span class='ocrx_word' id='word_1_304' title='bbox 836 2980 1010 3037; x_wconf 87' lang='lat' dir='ltr'><strong>livore</strong></span> <span class='ocrx_word' id='word_1_305' title='bbox 1039 2983 1359 3053; x_wconf 89' lang='lat' dir='ltr'><strong>intabescit,</strong></span> <span class='ocrx_word' id='word_1_306' title='bbox 1396 2998 1459 3043; x_wconf 89' lang='lat' dir='ltr'><strong>ut</strong></span> <span class='ocrx_word' id='word_1_307' title='bbox 1522 2988 1576 3044; x_wconf 89' lang='lat' dir='ltr'><strong>in</strong></span> <span class='ocrx_word' id='word_1_308' title='bbox 1634 2990 2077 3062; x_wconf 88' lang='lat' dir='ltr'><strong>desperationem</strong></span> <span class='ocrx_word' id='word_1_309' title='bbox 2126 2998 2222 3053; x_wconf 90' lang='lat' dir='ltr'><strong>ad-</strong></span> 
     </span>
    </p>
   </div>
   <div class='ocr_carea' id='block_1_46' title="bbox 631 3077 2224 3156">
    <p class='ocr_par' dir='ltr' id='par_1_46' title="bbox 631 3077 2224 3156">
     <span class='ocr_line' id='line_1_46' title="bbox 631 3077 2224 3156; baseline 0.013 -32"><span class='ocrx_word' id='word_1_310' title='bbox 631 3079 812 3134; x_wconf 88' lang='lat' dir='ltr'><strong>actus,</strong></span> <span class='ocrx_word' id='word_1_311' title='bbox 857 3082 1114 3144; x_wconf 90' lang='lat' dir='ltr'><strong>tanquam</strong></span> <span class='ocrx_word' id='word_1_312' title='bbox 1150 3077 1254 3131; x_wconf 88' lang='lat' dir='ltr'><strong>sibi</strong></span> <span class='ocrx_word' id='word_1_313' title='bbox 1293 3079 1413 3150; x_wconf 91' lang='lat' dir='ltr'><strong>ipse</strong></span> <span class='ocrx_word' id='word_1_314' title='bbox 1441 3080 1660 3137; x_wconf 91' lang='lat' dir='ltr'><strong>illarum</strong></span> <span class='ocrx_word' id='word_1_315' title='bbox 1696 3085 2090 3156; x_wconf 80' lang='lat' dir='ltr'><strong>COgitationum</strong></span> <span class='ocrx_word' id='word_1_316' title='bbox 2123 3105 2224 3144; x_wconf 90' lang='lat' dir='ltr'><strong>au-</strong></span> 
     </span>
    </p>
   </div>
   <div class='ocr_carea' id='block_1_47' title="bbox 2321 1973 3858 2048">
    <p class='ocr_par' dir='ltr' id='par_1_47' title="bbox 2321 1973 3858 2048">
     <span class='ocr_line' id='line_1_47' title="bbox 2321 1973 3858 2048; baseline -0.005 -16"><span class='ocrx_word' id='word_1_317' title='bbox 2321 1979 2728 2048; x_wconf 78' lang='grc' dir='ltr'>ὲφοπλίζουσιν.</span> <span class='ocrx_word' id='word_1_318' title='bbox 2766 1980 2874 2032; x_wconf 71' lang='grc' dir='ltr'><strong>Καὶ</strong></span> <span class='ocrx_word' id='word_1_319' title='bbox 2909 1979 2977 2032; x_wconf 86' lang='grc' dir='ltr'>δι’</span> <span class='ocrx_word' id='word_1_320' title='bbox 3013 1976 3224 2032; x_wconf 84' lang='grc' dir='ltr'>ἑαυτῶν</span> <span class='ocrx_word' id='word_1_321' title='bbox 3254 1976 3376 2048; x_wconf 84' lang='grc' dir='ltr'>μὲν,</span> <span class='ocrx_word' id='word_1_322' title='bbox 3407 1977 3537 2029; x_wconf 85' lang='grc' dir='ltr'>ὅταν</span> <span class='ocrx_word' id='word_1_323' title='bbox 3571 1976 3631 2027; x_wconf 86' lang='grc' dir='ltr'>ὲκ</span> <span class='ocrx_word' id='word_1_324' title='bbox 3657 1973 3753 2025; x_wconf 85' lang='grc' dir='ltr'>τῶν</span> <span class='ocrx_word' id='word_1_325' title='bbox 3783 1974 3858 2026; x_wconf 66' lang='grc' dir='ltr'><strong>ἀνι</strong></span> 
     </span>
    </p>
   </div>
   <div class='ocr_carea' id='block_1_48' title="bbox 2322 2068 3856 2144">
    <p class='ocr_par' dir='ltr' id='par_1_48' title="bbox 2322 2068 3856 2144">
     <span class='ocr_line' id='line_1_48' title="bbox 2322 2068 3856 2144; baseline -0.005 -19"><span class='ocrx_word' id='word_1_326' title='bbox 2322 2071 2559 2144; x_wconf 84' lang='grc' dir='ltr'>θρώπων</span> <span class='ocrx_word' id='word_1_327' title='bbox 2596 2072 2910 2140; x_wconf 76' lang='grc' dir='ltr'>ἱδιάσωμεν,</span> <span class='ocrx_word' id='word_1_328' title='bbox 2934 2069 3124 2141; x_wconf 77' lang='grc' dir='ltr'>ὥσπερ</span> <span class='ocrx_word' id='word_1_329' title='bbox 3153 2071 3244 2124; x_wconf 77' lang='grc' dir='ltr'><strong>τὸν</strong></span> <span class='ocrx_word' id='word_1_330' title='bbox 3269 2069 3478 2140; x_wconf 78' lang='grc' dir='ltr'>Κύριον</span> <span class='ocrx_word' id='word_1_331' title='bbox 3509 2068 3565 2120; x_wconf 83' lang='grc' dir='ltr'>ὲν</span> <span class='ocrx_word' id='word_1_332' title='bbox 3589 2070 3651 2138; x_wconf 83' lang='grc' dir='ltr'><strong>τῇ</strong></span> <span class='ocrx_word' id='word_1_333' title='bbox 3683 2069 3856 2136; x_wconf 72' lang='grc' dir='ltr'>ἐρήμῳ·</span> 
     </span>
    </p>
   </div>
   <div class='ocr_carea' id='block_1_49' title="bbox 2320 2161 3859 2236">
    <p class='ocr_par' dir='ltr' id='par_1_49' title="bbox 2320 2161 3859 2236">
     <span class='ocr_line' id='line_1_49' title="bbox 2320 2161 3859 2236; baseline -0.005 -16"><span class='ocrx_word' id='word_1_334' title='bbox 2320 2165 2422 2220; x_wconf 85' lang='grc' dir='ltr'>διὰ.</span> <span class='ocrx_word' id='word_1_335' title='bbox 2450 2167 2559 2220; x_wconf 83' lang='grc' dir='ltr'><strong>τῶν</strong></span> <span class='ocrx_word' id='word_1_336' title='bbox 2598 2164 2904 2236; x_wconf 83' lang='grc' dir='ltr'>ἀνθρώπων</span> <span class='ocrx_word' id='word_1_337' title='bbox 2944 2165 3030 2231; x_wconf 76' lang='grc' dir='ltr'><strong>δὲ,</strong></span> <span class='ocrx_word' id='word_1_338' title='bbox 3072 2166 3201 2219; x_wconf 83' lang='grc' dir='ltr'>ὅταν</span> <span class='ocrx_word' id='word_1_339' title='bbox 3259 2166 3402 2236; x_wconf 81' lang='grc' dir='ltr'>μετὰ</span> <span class='ocrx_word' id='word_1_340' title='bbox 3455 2161 3567 2216; x_wconf 82' lang='grc' dir='ltr'><strong>τῶν</strong></span> <span class='ocrx_word' id='word_1_341' title='bbox 3603 2161 3859 2226; x_wconf 81' lang='grc' dir='ltr'>ἀνθρώπων</span> 
     </span>
    </p>
   </div>
   <div class='ocr_carea' id='block_1_50' title="bbox 2323 2255 3857 2332">
    <p class='ocr_par' dir='ltr' id='par_1_50' title="bbox 2323 2255 3857 2332">
     <span class='ocr_line' id='line_1_50' title="bbox 2323 2255 3857 2332; baseline -0.005 -18"><span class='ocrx_word' id='word_1_342' title='bbox 2323 2259 2809 2331; x_wconf 68' lang='grc' dir='ltr'>συνδιατρεψωμεν,</span> <span class='ocrx_word' id='word_1_343' title='bbox 2841 2259 3031 2332; x_wconf 79' lang='grc' dir='ltr'>ὥσπερ</span> <span class='ocrx_word' id='word_1_344' title='bbox 3056 2259 3153 2312; x_wconf 72' lang='grc' dir='ltr'>καὶ</span> <span class='ocrx_word' id='word_1_345' title='bbox 3181 2258 3275 2312; x_wconf 82' lang='grc' dir='ltr'>τὸν</span> <span class='ocrx_word' id='word_1_346' title='bbox 3315 2257 3526 2329; x_wconf 81' lang='grc' dir='ltr'>Κύριον</span> <span class='ocrx_word' id='word_1_347' title='bbox 3551 2255 3634 2309; x_wconf 83' lang='grc' dir='ltr'>διὰ</span> <span class='ocrx_word' id='word_1_348' title='bbox 3661 2255 3754 2308; x_wconf 71' lang='grc' dir='ltr'>τῶν</span> <span class='ocrx_word' id='word_1_349' title='bbox 3772 2255 3857 2307; x_wconf 62' lang='grc' dir='ltr'><strong>Φα-</strong></span> 
     </span>
    </p>
   </div>
   <div class='ocr_carea' id='block_1_51' title="bbox 2321 2347 3853 2427">
    <p class='ocr_par' dir='ltr' id='par_1_51' title="bbox 2321 2347 3853 2427">
     <span class='ocr_line' id='line_1_51' title="bbox 2321 2347 3853 2427; baseline -0.004 -21"><span class='ocrx_word' id='word_1_350' title='bbox 2321 2352 2567 2427; x_wconf 84' lang='grc' dir='ltr'>ρισαίων.</span> <span class='ocrx_word' id='word_1_351' title='bbox 2615 2352 2756 2405; x_wconf 80' lang='grc' dir='ltr'>Ἀλλ’</span> <span class='ocrx_word' id='word_1_352' title='bbox 2801 2355 2963 2423; x_wconf 78' lang='grc' dir='ltr'>ἡμεῖς</span> <span class='ocrx_word' id='word_1_353' title='bbox 3000 2353 3082 2414; x_wconf 73' lang='grc' dir='ltr'><strong>εἰς</strong></span> <span class='ocrx_word' id='word_1_354' title='bbox 3126 2351 3221 2404; x_wconf 79' lang='grc' dir='ltr'><strong>τὸν</strong></span> <span class='ocrx_word' id='word_1_355' title='bbox 3272 2349 3447 2404; x_wconf 86' lang='grc' dir='ltr'>τύπον</span> <span class='ocrx_word' id='word_1_356' title='bbox 3474 2348 3625 2422; x_wconf 79' lang='grc' dir='ltr'>ἡμῶν</span> <span class='ocrx_word' id='word_1_357' title='bbox 3665 2347 3853 2402; x_wconf 73' lang='grc' dir='ltr'>ἀποϐλε-</span> 
     </span>
    </p>
   </div>
   <div class='ocr_carea' id='block_1_52' title="bbox 2323 2440 3742 2516">
    <p class='ocr_par' dir='ltr' id='par_1_52' title="bbox 2323 2440 3742 2516">
     <span class='ocr_line' id='line_1_52' title="bbox 2323 2440 3742 2516; baseline -0.004 -15"><span class='ocrx_word' id='word_1_358' title='bbox 2323 2445 2570 2516; x_wconf 84' lang='grc' dir='ltr'>πόμενοι,</span> <span class='ocrx_word' id='word_1_359' title='bbox 2603 2444 2992 2516; x_wconf 82' lang='grc' dir='ltr'>ἀμφοτέρωθεν</span> <span class='ocrx_word' id='word_1_360' title='bbox 3030 2444 3229 2508; x_wconf 82' lang='grc' dir='ltr'>αὐτοὺς</span> <span class='ocrx_word' id='word_1_361' title='bbox 3269 2440 3742 2514; x_wconf 85' lang='grc' dir='ltr'>άποκρουσώμεθα.</span> 
     </span>
    </p>
   </div>
   <div class='ocr_carea' id='block_1_53' title="bbox 2395 2531 3855 2611">
    <p class='ocr_par' dir='ltr' id='par_1_53' title="bbox 2395 2531 3855 2611">
     <span class='ocr_line' id='line_1_53' title="bbox 2395 2531 3855 2611; baseline -0.004 -20"><span class='ocrx_word' id='word_1_362' title='bbox 2395 2536 2477 2592; x_wconf 90' lang='grc' dir='ltr'>ιδ’.</span> <span class='ocrx_word' id='word_1_363' title='bbox 2514 2539 2686 2592; x_wconf 86' lang='grc' dir='ltr'>Ὅταν</span> <span class='ocrx_word' id='word_1_364' title='bbox 2735 2538 2970 2611; x_wconf 79' lang='grc' dir='ltr'>ἄρχηται</span> <span class='ocrx_word' id='word_1_365' title='bbox 3014 2539 3043 2592; x_wconf 91' lang='lat'><strong>6</strong></span> <span class='ocrx_word' id='word_1_366' title='bbox 3088 2536 3212 2602; x_wconf 90' lang='grc' dir='ltr'>νοῦς</span> <span class='ocrx_word' id='word_1_367' title='bbox 3265 2537 3348 2601; x_wconf 86' lang='grc' dir='ltr'><strong>εἰς</strong></span> <span class='ocrx_word' id='word_1_368' title='bbox 3414 2535 3512 2607; x_wconf 82' lang='grc' dir='ltr'>τὴν</span> <span class='ocrx_word' id='word_1_369' title='bbox 3549 2534 3747 2604; x_wconf 81' lang='grc' dir='ltr'>ἀγάπην</span> <span class='ocrx_word' id='word_1_370' title='bbox 3783 2531 3855 2585; x_wconf 79' lang='grc' dir='ltr'><strong>τοῦ</strong></span> 
     </span>
    </p>
   </div>
   <div class='ocr_carea' id='block_1_54' title="bbox 2319 2629 3854 2705">
    <p class='ocr_par' dir='ltr' id='par_1_54' title="bbox 2319 2629 3854 2705">
     <span class='ocr_line' id='line_1_54' title="bbox 2319 2629 3854 2705; baseline -0.005 -17"><span class='ocrx_word' id='word_1_371' title='bbox 2319 2633 2457 2688; x_wconf 82' lang='grc' dir='ltr'>Θεοῦ</span> <span class='ocrx_word' id='word_1_372' title='bbox 2499 2635 2854 2705; x_wconf 74' lang='grc' dir='ltr'>προκόπτειν,</span> <span class='ocrx_word' id='word_1_373' title='bbox 2899 2633 3019 2687; x_wconf 81' lang='grc' dir='ltr'>τότε</span> <span class='ocrx_word' id='word_1_374' title='bbox 3076 2633 3172 2686; x_wconf 76' lang='grc' dir='ltr'>καὶ</span> <span class='ocrx_word' id='word_1_375' title='bbox 3221 2635 3249 2686; x_wconf 85' lang='grc' dir='ltr'><strong>ὁ</strong></span> <span class='ocrx_word' id='word_1_376' title='bbox 3286 2631 3500 2704; x_wconf 79' lang='grc' dir='ltr'>δαίμων</span> <span class='ocrx_word' id='word_1_377' title='bbox 3537 2632 3631 2699; x_wconf 84' lang='grc' dir='ltr'>τῆς</span> <span class='ocrx_word' id='word_1_378' title='bbox 3658 2629 3854 2701; x_wconf 71' lang='grc' dir='ltr'>βλασφη-</span> 
     </span>
    </p>
   </div>
   <div class='ocr_carea' id='block_1_55' title="bbox 2323 2720 3854 2800">
    <p class='ocr_par' dir='ltr' id='par_1_55' title="bbox 2323 2720 3854 2800">
     <span class='ocr_line' id='line_1_55' title="bbox 2323 2720 3854 2800; baseline -0.005 -20"><span class='ocrx_word' id='word_1_379' title='bbox 2323 2727 2454 2798; x_wconf 76' lang='grc' dir='ltr'>μίας</span> <span class='ocrx_word' id='word_1_380' title='bbox 2484 2727 2715 2800; x_wconf 79' lang='grc' dir='ltr'>ἄρχεται</span> <span class='ocrx_word' id='word_1_381' title='bbox 2746 2725 3099 2796; x_wconf 80' lang='grc' dir='ltr'>ὲκπειράζειν</span> <span class='ocrx_word' id='word_1_382' title='bbox 3129 2724 3313 2779; x_wconf 77' lang='grc' dir='ltr'>αὐτόν’</span> <span class='ocrx_word' id='word_1_383' title='bbox 3341 2725 3439 2778; x_wconf 79' lang='grc' dir='ltr'>καὶ</span> <span class='ocrx_word' id='word_1_384' title='bbox 3471 2722 3725 2785; x_wconf 83' lang='grc' dir='ltr'>τοιούτους</span> <span class='ocrx_word' id='word_1_385' title='bbox 3741 2720 3854 2790; x_wconf 82' lang='grc' dir='ltr'><strong>αὐτῷ</strong></span> 
     </span>
    </p>
   </div>
   <div class='ocr_carea' id='block_1_56' title="bbox 2320 2815 3850 2905">
    <p class='ocr_par' dir='ltr' id='par_1_56' title="bbox 2320 2815 3850 2905">
     <span class='ocr_line' id='line_1_56' title="bbox 2320 2815 3850 2905; baseline -0.002 -31"><span class='ocrx_word' id='word_1_386' title='bbox 2320 2821 2620 2892; x_wconf 77' lang='grc' dir='ltr'>λογισμοὺς</span> <span class='ocrx_word' id='word_1_387' title='bbox 2655 2819 2968 2884; x_wconf 84' lang='grc' dir='ltr'>ὑποϐάλλει,</span> <span class='ocrx_word' id='word_1_388' title='bbox 3023 2815 3170 2882; x_wconf 76' lang='grc' dir='ltr'>οἴους</span> <span class='ocrx_word' id='word_1_389' title='bbox 3202 2818 3514 2890; x_wconf 83' lang='grc' dir='ltr'>ἀνθρώπων</span> <span class='ocrx_word' id='word_1_390' title='bbox 3562 2816 3654 2887; x_wconf 83' lang='grc' dir='ltr'>μὲν</span> <span class='ocrx_word' id='word_1_391' title='bbox 3679 2815 3850 2905; x_wconf 72' lang='grc' dir='ltr'>οὐδεὶς.</span> 
     </span>
    </p>
   </div>
   <div class='ocr_carea' id='block_1_57' title="bbox 2324 2905 3852 2988">
    <p class='ocr_par' dir='ltr' id='par_1_57' title="bbox 2324 2905 3852 2988">
     <span class='ocr_line' id='line_1_57' title="bbox 2324 2905 3852 2988; baseline -0.007 -18"><span class='ocrx_word' id='word_1_392' title='bbox 2324 2917 2485 2988; x_wconf 88' lang='grc' dir='ltr'>μόνος</span> <span class='ocrx_word' id='word_1_393' title='bbox 2514 2916 2572 2969; x_wconf 84' lang='grc' dir='ltr'><strong>δὲ</strong></span> <span class='ocrx_word' id='word_1_394' title='bbox 2601 2917 2628 2968; x_wconf 85' lang='lat'><strong>6</strong></span> <span class='ocrx_word' id='word_1_395' title='bbox 2647 2913 2853 2968; x_wconf 91' lang='grc' dir='ltr'>τούτων</span> <span class='ocrx_word' id='word_1_396' title='bbox 2903 2912 3088 2984; x_wconf 77' lang='grc' dir='ltr'>πατὴρ</span> <span class='ocrx_word' id='word_1_397' title='bbox 3111 2911 3356 2976; x_wconf 85' lang='grc' dir='ltr'>διάϐολος</span> <span class='ocrx_word' id='word_1_398' title='bbox 3381 2910 3702 2982; x_wconf 75' lang='grc' dir='ltr'>ἐφευρίσκει.</span> <span class='ocrx_word' id='word_1_399' title='bbox 3723 2905 3852 2960; x_wconf 78' lang='grc' dir='ltr'>Τοῦτο</span> 
     </span>
    </p>
   </div>
   <div class='ocr_carea' id='block_1_58' title="bbox 2320 3002 3852 3076">
    <p class='ocr_par' dir='ltr' id='par_1_58' title="bbox 2320 3002 3852 3076">
     <span class='ocr_line' id='line_1_58' title="bbox 2320 3002 3852 3076; baseline -0.01 -13"><span class='ocrx_word' id='word_1_400' title='bbox 2320 3009 2376 3063; x_wconf 84' lang='grc' dir='ltr'><strong>δὲ</strong></span> <span class='ocrx_word' id='word_1_401' title='bbox 2427 3010 2590 3071; x_wconf 83' lang='grc' dir='ltr'>ποιεῖ,</span> <span class='ocrx_word' id='word_1_402' title='bbox 2629 3005 2842 3076; x_wconf 81' lang='grc' dir='ltr'>φθονῶν</span> <span class='ocrx_word' id='word_1_403' title='bbox 2890 3003 2969 3076; x_wconf 79' lang='grc' dir='ltr'><strong>τῷ</strong></span> <span class='ocrx_word' id='word_1_404' title='bbox 3017 3004 3290 3073; x_wconf 78' lang='grc' dir='ltr'>θεοφιλεῖ·</span> <span class='ocrx_word' id='word_1_405' title='bbox 3348 3005 3441 3057; x_wconf 84' lang='grc' dir='ltr'>ἵνα</span> <span class='ocrx_word' id='word_1_406' title='bbox 3483 3005 3561 3066; x_wconf 80' lang='grc' dir='ltr'>εἰς</span> <span class='ocrx_word' id='word_1_407' title='bbox 3600 3002 3852 3068; x_wconf 81' lang='grc' dir='ltr'>ἀπόγνωσιν</span> 
     </span>
    </p>
   </div>
   <div class='ocr_carea' id='block_1_59' title="bbox 2321 3092 3852 3171">
    <p class='ocr_par' dir='ltr' id='par_1_59' title="bbox 2321 3092 3852 3171">
     <span class='ocr_line' id='line_1_59' title="bbox 2321 3092 3852 3171; baseline -0.007 -15"><span class='ocrx_word' id='word_1_408' title='bbox 2321 3101 2494 3156; x_wconf 77' lang='grc' dir='ltr'>ἐλθὼν</span> <span class='ocrx_word' id='word_1_409' title='bbox 2544 3102 2620 3164; x_wconf 89' lang='grc' dir='ltr'>ὠς</span> <span class='ocrx_word' id='word_1_410' title='bbox 2668 3099 2894 3154; x_wconf 88' lang='grc' dir='ltr'>τοιαῦτα</span> <span class='ocrx_word' id='word_1_411' title='bbox 2931 3097 3254 3171; x_wconf 71' lang='grc' dir='ltr'>διανοηθεὶς,</span> <span class='ocrx_word' id='word_1_412' title='bbox 3292 3097 3496 3169; x_wconf 81' lang='grc' dir='ltr'><strong>μηκέτι</strong></span> <span class='ocrx_word' id='word_1_413' title='bbox 3542 3095 3761 3167; x_wconf 76' lang='grc' dir='ltr'>τολμήσῃ</span> <span class='ocrx_word' id='word_1_414' title='bbox 3787 3092 3852 3147; x_wconf 75' lang='grc' dir='ltr'><strong>διὰ</strong></span> 
     </span>
    </p>
   </div>
   <div class='ocr_carea' id='block_1_60' title="bbox 632 3168 2226 3268">
    <p class='ocr_par' dir='ltr' id='par_1_60' title="bbox 632 3168 2218 3238">
     <span class='ocr_line' id='line_1_60' title="bbox 632 3168 2218 3238; baseline 0.013 -21"><span class='ocrx_word' id='word_1_415' title='bbox 632 3172 774 3230; x_wconf 91' lang='lat' dir='ltr'><strong>ctor,</strong></span> <span class='ocrx_word' id='word_1_416' title='bbox 825 3181 936 3221; x_wconf 90' lang='lat' dir='ltr'><strong>non</strong></span> <span class='ocrx_word' id='word_1_417' title='bbox 968 3168 1208 3238; x_wconf 89' lang='lat' dir='ltr'><strong>amplius</strong></span> <span class='ocrx_word' id='word_1_418' title='bbox 1260 3181 1525 3228; x_wconf 90' lang='lat' dir='ltr'><strong>consueta</strong></span> <span class='ocrx_word' id='word_1_419' title='bbox 1577 3176 1773 3231; x_wconf 88' lang='lat' dir='ltr'><strong>orandi</strong></span> <span class='ocrx_word' id='word_1_420' title='bbox 1833 3177 2096 3236; x_wconf 88' lang='lat' dir='ltr'><strong>instantia</strong></span> <span class='ocrx_word' id='word_1_421' title='bbox 2151 3182 2218 3238; x_wconf 88' lang='lat' dir='ltr'><strong>ad</strong></span> 
     </span>
    </p>
   </div>
   <div class='ocr_carea' id='block_1_61' title="bbox 2323 3168 3850 3268">
    <p class='ocr_par' dir='ltr' id='par_1_61' title="bbox 2325 3168 3850 3268">
     <span class='ocr_line' id='line_1_61' title="bbox 2325 3168 3850 3268; baseline -0.007 -18"><span class='ocrx_word' id='word_1_422' title='bbox 2325 3198 2422 3268; x_wconf 82' lang='grc' dir='ltr'>τῆς</span> <span class='ocrx_word' id='word_1_423' title='bbox 2476 3194 2743 3266; x_wconf 75' lang='grc' dir='ltr'>συνήθους</span> <span class='ocrx_word' id='word_1_424' title='bbox 2804 3168 3115 3263; x_wconf 79' lang='grc' dir='ltr'>προσευχῆς</span> <span class='ocrx_word' id='word_1_425' title='bbox 3177 3190 3315 3262; x_wconf 83' lang='grc' dir='ltr'>πρὸς</span> <span class='ocrx_word' id='word_1_426' title='bbox 3361 3168 3527 3243; x_wconf 74' lang='grc' dir='ltr'>αὐτὸν</span> <span class='ocrx_word' id='word_1_427' title='bbox 3577 3188 3850 3256; x_wconf 76' lang='grc' dir='ltr'>ἀναπτῆναι.</span> 
     </span>
    </p>
   </div>
   <div class='ocr_carea' id='block_1_62' title="bbox 627 3255 2218 3332">
    <p class='ocr_par' dir='ltr' id='par_1_62' title="bbox 627 3255 2218 3332">
     <span class='ocr_line' id='line_1_62' title="bbox 627 3255 2218 3332; baseline 0.011 -17"><span class='ocrx_word' id='word_1_428' title='bbox 627 3255 807 3315; x_wconf 85' lang='lat' dir='ltr'><strong>Deum</strong></span> <span class='ocrx_word' id='word_1_429' title='bbox 832 3259 1035 3316; x_wconf 90' lang='lat' dir='ltr'><strong>audeat</strong></span> <span class='ocrx_word' id='word_1_430' title='bbox 1061 3263 1216 3318; x_wconf 93' lang='lat' dir='ltr'><strong>eniti.</strong></span> <span class='ocrx_word' id='word_1_431' title='bbox 1241 3265 1386 3320; x_wconf 87' lang='lat' dir='ltr'><strong>Nihil</strong></span> <span class='ocrx_word' id='word_1_432' title='bbox 1415 3274 1598 3324; x_wconf 91' lang='lat' dir='ltr'><strong>tamen</strong></span> <span class='ocrx_word' id='word_1_433' title='bbox 1633 3269 1761 3326; x_wconf 91' lang='lat' dir='ltr'><strong>inde</strong></span> <span class='ocrx_word' id='word_1_434' title='bbox 1791 3273 2218 3332; x_wconf 88' lang='lat' dir='ltr'><strong>scelestissimus</strong></span> 
     </span>
    </p>
   </div>
   <div class='ocr_carea' id='block_1_63' title="bbox 630 3346 2219 3436">
    <p class='ocr_par' dir='ltr' id='par_1_63' title="bbox 630 3346 2219 3436">
     <span class='ocr_line' id='line_1_63' title="bbox 630 3346 2219 3436; baseline 0.013 -33"><span class='ocrx_word' id='word_1_435' title='bbox 630 3346 874 3420; x_wconf 82' lang='lat' dir='ltr'><strong>proficit,</strong></span> <span class='ocrx_word' id='word_1_436' title='bbox 903 3361 965 3408; x_wconf 90' lang='lat' dir='ltr'><strong>ut</strong></span> <span class='ocrx_word' id='word_1_437' title='bbox 997 3354 1144 3425; x_wconf 85' lang='lat' dir='ltr'><strong>quod</strong></span> <span class='ocrx_word' id='word_1_438' title='bbox 1186 3358 1414 3419; x_wconf 88' lang='lat' dir='ltr'><strong>molitur</strong></span> <span class='ocrx_word' id='word_1_439' title='bbox 1455 3375 1519 3415; x_wconf 91' lang='lat' dir='ltr'><strong>ac</strong></span> <span class='ocrx_word' id='word_1_440' title='bbox 1552 3362 1738 3426; x_wconf 89' lang='lat' dir='ltr'><strong>struit,</strong></span> <span class='ocrx_word' id='word_1_441' title='bbox 1783 3363 1891 3420; x_wconf 91' lang='lat' dir='ltr'><strong>hoc</strong></span> <span class='ocrx_word' id='word_1_442' title='bbox 1924 3366 2219 3436; x_wconf 85' lang='lat' dir='ltr'><strong>conficiat;</strong></span> 
     </span>
    </p>
   </div>
   <div class='ocr_carea' id='block_1_64' title="bbox 631 3441 2221 3516">
    <p class='ocr_par' dir='ltr' id='par_1_64' title="bbox 631 3441 2221 3516">
     <span class='ocr_line' id='line_1_64' title="bbox 631 3441 2221 3516; baseline 0.013 -21"><span class='ocrx_word' id='word_1_443' title='bbox 631 3441 770 3512; x_wconf 91' lang='lat' dir='ltr'><strong>quin</strong></span> <span class='ocrx_word' id='word_1_444' title='bbox 795 3451 853 3498; x_wconf 92' lang='lat' dir='ltr'><strong>et</strong></span> <span class='ocrx_word' id='word_1_445' title='bbox 883 3443 1046 3516; x_wconf 84' lang='lat' dir='ltr'><strong>longe</strong></span> <span class='ocrx_word' id='word_1_446' title='bbox 1086 3462 1190 3503; x_wconf 90' lang='lat' dir='ltr'><strong>nos</strong></span> <span class='ocrx_word' id='word_1_447' title='bbox 1213 3447 1491 3506; x_wconf 85' lang='lat' dir='ltr'><strong>ﬁrmiores</strong></span> <span class='ocrx_word' id='word_1_448' title='bbox 1516 3451 1642 3507; x_wconf 89' lang='lat' dir='ltr'><strong>inde</strong></span> <span class='ocrx_word' id='word_1_449' title='bbox 1665 3453 1851 3509; x_wconf 80' lang='lat' dir='ltr'><strong>eﬂicit.</strong></span> <span class='ocrx_word' id='word_1_450' title='bbox 1894 3456 2034 3513; x_wconf 89' lang='lat' dir='ltr'><strong>Dum</strong></span> <span class='ocrx_word' id='word_1_451' title='bbox 2073 3460 2221 3516; x_wconf 91' lang='lat' dir='ltr'><strong>enim</strong></span> 
     </span>
    </p>
   </div>
   <div class='ocr_carea' id='block_1_65' title="bbox 631 3535 2225 3612">
    <p class='ocr_par' dir='ltr' id='par_1_65' title="bbox 631 3535 2225 3612">
     <span class='ocr_line' id='line_1_65' title="bbox 631 3535 2225 3612; baseline 0.014 -25"><span class='ocrx_word' id='word_1_452' title='bbox 631 3548 817 3605; x_wconf 85' lang='lat' dir='ltr'><strong>pugna</strong></span> <span class='ocrx_word' id='word_1_453' title='bbox 837 3535 1103 3603; x_wconf 90' lang='lat' dir='ltr'><strong>lacessiti,</strong></span> <span class='ocrx_word' id='word_1_454' title='bbox 1130 3555 1367 3610; x_wconf 81' lang='lat' dir='ltr'><strong>pugnam</strong></span> <span class='ocrx_word' id='word_1_455' title='bbox 1403 3541 1505 3612; x_wconf 87' lang='lat' dir='ltr'><strong>ipsi</strong></span> <span class='ocrx_word' id='word_1_456' title='bbox 1537 3542 1866 3602; x_wconf 89' lang='lat' dir='ltr'><strong>instruimus</strong></span> <span class='ocrx_word' id='word_1_457' title='bbox 1887 3563 1952 3603; x_wconf 89' lang='lat' dir='ltr'><strong>ac</strong></span> <span class='ocrx_word' id='word_1_458' title='bbox 1974 3550 2225 3608; x_wconf 83' lang='lat' dir='ltr'><strong>oblucta-</strong></span> 
     </span>
    </p>
   </div>
   <div class='ocr_carea' id='block_1_66' title="bbox 633 3627 2223 3716">
    <p class='ocr_par' dir='ltr' id='par_1_66' title="bbox 633 3627 2223 3716">
     <span class='ocr_line' id='line_1_66' title="bbox 633 3627 2223 3716; baseline 0.014 -39"><span class='ocrx_word' id='word_1_459' title='bbox 633 3640 783 3688; x_wconf 89' lang='lat' dir='ltr'><strong>mur,</strong></span> <span class='ocrx_word' id='word_1_460' title='bbox 805 3627 1157 3696; x_wconf 88' lang='lat' dir='ltr'><strong>probatiores</strong></span> <span class='ocrx_word' id='word_1_461' title='bbox 1205 3631 1260 3686; x_wconf 92' lang='lat' dir='ltr'><strong>in</strong></span> <span class='ocrx_word' id='word_1_462' title='bbox 1288 3632 1383 3688; x_wconf 89' lang='lat' dir='ltr'><strong>Dei</strong></span> <span class='ocrx_word' id='word_1_463' title='bbox 1406 3635 1680 3692; x_wconf 86' lang='lat' dir='ltr'><strong>charitate</strong></span> <span class='ocrx_word' id='word_1_464' title='bbox 1702 3640 2000 3706; x_wconf 90' lang='lat' dir='ltr'><strong>enitemus,</strong></span> <span class='ocrx_word' id='word_1_465' title='bbox 2039 3659 2104 3698; x_wconf 91' lang='lat' dir='ltr'><strong>ac</strong></span> <span class='ocrx_word' id='word_1_466' title='bbox 2127 3644 2223 3716; x_wconf 88' lang='lat' dir='ltr'><strong>qui</strong></span> 
     </span>
    </p>
   </div>
   <div class='ocr_carea' id='block_1_67' title="bbox 633 3717 2222 3806">
    <p class='ocr_par' dir='ltr' id='par_1_67' title="bbox 633 3717 2222 3806">
     <span class='ocr_line' id='line_1_67' title="bbox 633 3717 2222 3806; baseline 0.013 -35"><span class='ocrx_word' id='word_1_467' title='bbox 633 3717 944 3775; x_wconf 89' lang='lat' dir='ltr'><strong>sinceriore</strong></span> <span class='ocrx_word' id='word_1_468' title='bbox 973 3721 1174 3776; x_wconf 80' lang='lat' dir='ltr'><strong>aﬁ‘ectn</strong></span> <span class='ocrx_word' id='word_1_469' title='bbox 1205 3725 1519 3796; x_wconf 87' lang='lat' dir='ltr'><strong>diligamus.</strong></span> <span class='ocrx_word' id='word_1_470' title='bbox 1541 3727 1815 3786; x_wconf 65' lang='lat' dir='ltr'><strong>Caeterum</strong></span> <span class='ocrx_word' id='word_1_471' title='bbox 1844 3751 1858 3786; x_wconf 89' lang='lat'><strong>:</strong></span> <span class='ocrx_word' id='word_1_472' title='bbox 1893 3733 2052 3806; x_wconf 69' lang='grc'><strong>411</strong></span> <span class='ocrx_word' id='word_1_473' title='bbox 2091 3737 2222 3794; x_wconf 77' lang='lat' dir='ltr'><strong>Gla-</strong></span> 
     </span>
    </p>
   </div>
   <div class='ocr_carea' id='block_1_68' title="bbox 635 3808 2226 3900">
    <p class='ocr_par' dir='ltr' id='par_1_68' title="bbox 635 3808 2226 3900">
     <span class='ocr_line' id='line_1_68' title="bbox 635 3808 2226 3900; baseline 0.014 -38"><span class='ocrx_word' id='word_1_474' title='bbox 635 3808 755 3864; x_wconf 74' lang='lat' dir='ltr'><strong>dius</strong></span> <span class='ocrx_word' id='word_1_475' title='bbox 785 3811 899 3876; x_wconf 77' lang='lat' dir='ltr'><strong>eius</strong></span> <span class='ocrx_word' id='word_1_476' title='bbox 917 3813 1081 3867; x_wconf 82' lang='lat' dir='ltr'><strong>intret</strong></span> <span class='ocrx_word' id='word_1_477' title='bbox 1104 3815 1160 3868; x_wconf 82' lang='lat' dir='ltr'><strong>in</strong></span> <span class='ocrx_word' id='word_1_478' title='bbox 1207 3833 1297 3871; x_wconf 89' lang='lat' dir='ltr'><strong>cor</strong></span> <span class='ocrx_word' id='word_1_479' title='bbox 1325 3819 1461 3890; x_wconf 76' lang='lat' dir='ltr'><strong>ejus,</strong></span> <span class='ocrx_word' id='word_1_480' title='bbox 1493 3831 1542 3875; x_wconf 86' lang='lat' dir='ltr'><strong>et</strong></span> <span class='ocrx_word' id='word_1_481' title='bbox 1582 3838 1739 3879; x_wconf 80' lang='lat' dir='ltr'><strong>arcus</strong></span> <span class='ocrx_word' id='word_1_482' title='bbox 1784 3823 1932 3881; x_wconf 76' lang='lat' dir='ltr'><strong>illius</strong></span> <span class='ocrx_word' id='word_1_483' title='bbox 1986 3829 2226 3900; x_wconf 76' lang='lat' dir='ltr'><strong>confrin-</strong></span> 
     </span>
    </p>
   </div>
   <div class='ocr_carea' id='block_1_69' title="bbox 633 3906 934 3976">
    <p class='ocr_par' dir='ltr' id='par_1_69' title="bbox 633 3906 934 3976">
     <span class='ocr_line' id='line_1_69' title="bbox 633 3906 934 3976; baseline 0.013 -18"><span class='ocrx_word' id='word_1_484' title='bbox 633 3915 838 3976; x_wconf 79' lang='lat' dir='ltr'><strong>gantur</strong></span> <span class='ocrx_word' id='word_1_485' title='bbox 866 3906 934 3962; x_wconf 84' lang='grc'><strong>³⁸.</strong></span> 
     </span>
    </p>
   </div>
   <div class='ocr_carea' id='block_1_70' title="bbox 712 3996 2228 4079">
    <p class='ocr_par' dir='ltr' id='par_1_70' title="bbox 712 3996 2228 4079">
     <span class='ocr_line' id='line_1_70' title="bbox 712 3996 2228 4079; baseline 0.014 -29"><span class='ocrx_word' id='word_1_486' title='bbox 712 3996 801 4052; x_wconf 84' lang='grc'>15.</span> <span class='ocrx_word' id='word_1_487' title='bbox 826 3996 981 4053; x_wconf 81' lang='lat' dir='ltr'><strong>Mens</strong></span> <span class='ocrx_word' id='word_1_488' title='bbox 1012 3997 1082 4054; x_wconf 92' lang='lat' dir='ltr'><strong>iis</strong></span> <span class='ocrx_word' id='word_1_489' title='bbox 1113 4013 1172 4055; x_wconf 90' lang='lat' dir='ltr'><strong>se</strong></span> <span class='ocrx_word' id='word_1_490' title='bbox 1196 4001 1364 4058; x_wconf 88' lang='lat' dir='ltr'><strong>rebus</strong></span> <span class='ocrx_word' id='word_1_491' title='bbox 1403 4005 1685 4076; x_wconf 89' lang='lat' dir='ltr'><strong>applicans</strong></span> <span class='ocrx_word' id='word_1_492' title='bbox 1708 4025 1832 4079; x_wconf 68' lang='lat' dir='ltr'><strong>qua:</strong></span> <span class='ocrx_word' id='word_1_493' title='bbox 1859 4012 2010 4068; x_wconf 83' lang='lat' dir='ltr'><strong>cerni</strong></span> <span class='ocrx_word' id='word_1_494' title='bbox 2048 4014 2228 4071; x_wconf 90' lang='lat' dir='ltr'><strong>oculis</strong></span> 
     </span>
    </p>
   </div>
   <div class='ocr_carea' id='block_1_71' title="bbox 638 4099 2228 4172">
    <p class='ocr_par' dir='ltr' id='par_1_71' title="bbox 638 4099 2228 4172">
     <span class='ocr_line' id='line_1_71' title="bbox 638 4099 2228 4172; baseline 0.013 -29"><span class='ocrx_word' id='word_1_495' title='bbox 638 4099 901 4159; x_wconf 86' lang='lat' dir='ltr'><strong>possunt,</strong></span> <span class='ocrx_word' id='word_1_496' title='bbox 937 4107 1040 4162; x_wconf 84' lang='lat' dir='ltr'><strong>pro</strong></span> <span class='ocrx_word' id='word_1_497' title='bbox 1065 4108 1134 4148; x_wconf 90' lang='lat' dir='ltr'><strong>eo</strong></span> <span class='ocrx_word' id='word_1_498' title='bbox 1169 4109 1234 4148; x_wconf 90' lang='lat' dir='ltr'><strong>ac</strong></span> <span class='ocrx_word' id='word_1_499' title='bbox 1265 4103 1464 4152; x_wconf 89' lang='lat' dir='ltr'><strong>natura</strong></span> <span class='ocrx_word' id='word_1_500' title='bbox 1501 4111 1881 4172; x_wconf 90' lang='lat' dir='ltr'><strong>comparatum</strong></span> <span class='ocrx_word' id='word_1_501' title='bbox 1927 4112 2013 4160; x_wconf 90' lang='lat' dir='ltr'><strong>est</strong></span> <span class='ocrx_word' id='word_1_502' title='bbox 2060 4121 2228 4163; x_wconf 87' lang='lat' dir='ltr'><strong>sensu</strong></span> 
     </span>
    </p>
   </div>
   <div class='ocr_carea' id='block_1_72' title="bbox 637 4184 2227 4266">
    <p class='ocr_par' dir='ltr' id='par_1_72' title="bbox 637 4184 2227 4266">
     <span class='ocr_line' id='line_1_72' title="bbox 637 4184 2227 4266; baseline 0.01 -27"><span class='ocrx_word' id='word_1_503' title='bbox 637 4184 825 4240; x_wconf 88' lang='lat' dir='ltr'><strong>medio</strong></span> <span class='ocrx_word' id='word_1_504' title='bbox 852 4201 944 4241; x_wconf 87' lang='lat' dir='ltr'><strong>res</strong></span> <span class='ocrx_word' id='word_1_505' title='bbox 970 4185 1247 4259; x_wconf 86' lang='lat' dir='ltr'><strong>intelligit.</strong></span> <span class='ocrx_word' id='word_1_506' title='bbox 1283 4189 1362 4245; x_wconf 84' lang='lat' dir='ltr'><strong>Ac</strong></span> <span class='ocrx_word' id='word_1_507' title='bbox 1406 4207 1589 4262; x_wconf 89' lang='lat' dir='ltr'><strong>neque</strong></span> <span class='ocrx_word' id='word_1_508' title='bbox 1639 4209 1798 4250; x_wconf 90' lang='lat' dir='ltr'><strong>mens</strong></span> <span class='ocrx_word' id='word_1_509' title='bbox 1851 4195 1965 4266; x_wconf 90' lang='lat' dir='ltr'><strong>ipsa</strong></span> <span class='ocrx_word' id='word_1_510' title='bbox 2019 4198 2227 4255; x_wconf 89' lang='lat' dir='ltr'><strong>malum</strong></span> 
     </span>
    </p>
   </div>
   <div class='ocr_carea' id='block_1_73' title="bbox 635 4279 2225 4364">
    <p class='ocr_par' dir='ltr' id='par_1_73' title="bbox 635 4279 2225 4364">
     <span class='ocr_line' id='line_1_73' title="bbox 635 4279 2225 4364; baseline 0.01 -32"><span class='ocrx_word' id='word_1_511' title='bbox 635 4286 747 4342; x_wconf 88' lang='lat' dir='ltr'><strong>est,</strong></span> <span class='ocrx_word' id='word_1_512' title='bbox 769 4294 948 4348; x_wconf 91' lang='lat' dir='ltr'><strong>neque</strong></span> <span class='ocrx_word' id='word_1_513' title='bbox 975 4279 1051 4334; x_wconf 90' lang='lat' dir='ltr'><strong>ita</strong></span> <span class='ocrx_word' id='word_1_514' title='bbox 1077 4288 1139 4335; x_wconf 91' lang='lat' dir='ltr'><strong>ut</strong></span> <span class='ocrx_word' id='word_1_515' title='bbox 1161 4291 1358 4336; x_wconf 90' lang='lat' dir='ltr'><strong>natura</strong></span> <span class='ocrx_word' id='word_1_516' title='bbox 1377 4295 1754 4355; x_wconf 90' lang='lat' dir='ltr'><strong>comparatum</strong></span> <span class='ocrx_word' id='word_1_517' title='bbox 1771 4297 1857 4344; x_wconf 90' lang='lat' dir='ltr'><strong>est</strong></span> <span class='ocrx_word' id='word_1_518' title='bbox 1885 4289 2225 4364; x_wconf 86' lang='lat' dir='ltr'><strong>intelligere;</strong></span> 
     </span>
    </p>
   </div>
   <div class='ocr_carea' id='block_1_74' title="bbox 636 4376 2230 4446">
    <p class='ocr_par' dir='ltr' id='par_1_74' title="bbox 636 4376 2230 4446">
     <span class='ocr_line' id='line_1_74' title="bbox 636 4376 2230 4446; baseline 0.013 -24"><span class='ocrx_word' id='word_1_519' title='bbox 636 4384 823 4440; x_wconf 67' lang='lat' dir='ltr'><strong>neque</strong></span> <span class='ocrx_word' id='word_1_520' title='bbox 855 4387 992 4426; x_wconf 82' lang='lat' dir='ltr'><strong>vero</strong></span> <span class='ocrx_word' id='word_1_521' title='bbox 1017 4387 1128 4436; x_wconf 91' lang='lat' dir='ltr'><strong>res,</strong></span> <span class='ocrx_word' id='word_1_522' title='bbox 1157 4389 1340 4444; x_wconf 89' lang='lat' dir='ltr'><strong>neque</strong></span> <span class='ocrx_word' id='word_1_523' title='bbox 1373 4389 1589 4434; x_wconf 89' lang='lat' dir='ltr'><strong>sensus.</strong></span> <span class='ocrx_word' id='word_1_524' title='bbox 1623 4376 1764 4433; x_wconf 89' lang='lat' dir='ltr'><strong>Sunt</strong></span> <span class='ocrx_word' id='word_1_525' title='bbox 1789 4380 1938 4435; x_wconf 91' lang='lat' dir='ltr'><strong>enim</strong></span> <span class='ocrx_word' id='word_1_526' title='bbox 1981 4383 2097 4440; x_wconf 62' lang='lat' dir='ltr'><strong>haec</strong></span> <span class='ocrx_word' id='word_1_527' title='bbox 2129 4385 2230 4446; x_wconf 88' lang='lat' dir='ltr'><strong>Dei</strong></span> 
     </span>
    </p>
   </div>
   <div class='ocr_carea' id='block_1_75' title="bbox 636 4459 2230 4546">
    <p class='ocr_par' dir='ltr' id='par_1_75' title="bbox 636 4459 2230 4546">
     <span class='ocr_line' id='line_1_75' title="bbox 636 4459 2230 4546; baseline 0.012 -34"><span class='ocrx_word' id='word_1_528' title='bbox 636 4473 828 4528; x_wconf 79' lang='lat' dir='ltr'><strong>Opera.</strong></span> <span class='ocrx_word' id='word_1_529' title='bbox 863 4459 1008 4527; x_wconf 85' lang='lat' dir='ltr'><strong>Quid</strong></span> <span class='ocrx_word' id='word_1_530' title='bbox 1032 4476 1167 4533; x_wconf 88' lang='lat' dir='ltr'><strong>ergo</strong></span> <span class='ocrx_word' id='word_1_531' title='bbox 1203 4465 1640 4524; x_wconf 86' lang='lat' dir='ltr'><strong>malum?Plane</strong></span> <span class='ocrx_word' id='word_1_532' title='bbox 1682 4469 1856 4528; x_wconf 90' lang='lat' dir='ltr'><strong>libido</strong></span> <span class='ocrx_word' id='word_1_533' title='bbox 1891 4483 2060 4544; x_wconf 87' lang='lat' dir='ltr'><strong>atque</strong></span> <span class='ocrx_word' id='word_1_534' title='bbox 2092 4490 2230 4546; x_wconf 83' lang='lat' dir='ltr'><strong>pas-</strong></span> 
     </span>
    </p>
   </div>
   <div class='ocr_carea' id='block_1_76' title="bbox 636 4547 2309 4633">
    <p class='ocr_par' dir='ltr' id='par_1_76' title="bbox 636 4547 2309 4633">
     <span class='ocr_line' id='line_1_76' title="bbox 636 4547 2309 4633; baseline 0.014 -31"><span class='ocrx_word' id='word_1_535' title='bbox 636 4547 726 4602; x_wconf 88' lang='lat' dir='ltr'><strong>sio</strong></span> <span class='ocrx_word' id='word_1_536' title='bbox 767 4552 1042 4607; x_wconf 87' lang='lat' dir='ltr'><strong>naturalis</strong></span> <span class='ocrx_word' id='word_1_537' title='bbox 1097 4565 1421 4627; x_wconf 90' lang='lat' dir='ltr'><strong>conceptus,</strong></span> <span class='ocrx_word' id='word_1_538' title='bbox 1459 4575 1628 4629; x_wconf 88' lang='lat' dir='ltr'><strong>quam</strong></span> <span class='ocrx_word' id='word_1_539' title='bbox 1674 4562 1814 4617; x_wconf 89' lang='lat' dir='ltr'><strong>nihil</strong></span> <span class='ocrx_word' id='word_1_540' title='bbox 1877 4575 2047 4633; x_wconf 88' lang='lat' dir='ltr'><strong>vetat,</strong></span> <span class='ocrx_word' id='word_1_541' title='bbox 2098 4569 2229 4624; x_wconf 92' lang='lat' dir='ltr'><strong>dum</strong></span> <span class='ocrx_word' id='word_1_542' title='bbox 2263 4547 2309 4604; x_wconf 74' lang='grc' dir='ltr'><strong>θ</strong></span> 
     </span>
    </p>
   </div>
   <div class='ocr_carea' id='block_1_77' title="bbox 639 4643 2231 4728">
    <p class='ocr_par' dir='ltr' id='par_1_77' title="bbox 639 4643 2231 4728">
     <span class='ocr_line' id='line_1_77' title="bbox 639 4643 2231 4728; baseline 0.016 -34"><span class='ocrx_word' id='word_1_543' title='bbox 639 4654 798 4696; x_wconf 89' lang='lat' dir='ltr'><strong>mens</strong></span> <span class='ocrx_word' id='word_1_544' title='bbox 871 4643 1184 4716; x_wconf 86' lang='lat' dir='ltr'><strong>vigilaverit</strong></span> <span class='ocrx_word' id='word_1_545' title='bbox 1224 4689 1241 4715; x_wconf 94' lang='lat'><strong>,</strong></span> <span class='ocrx_word' id='word_1_546' title='bbox 1297 4665 1330 4705; x_wconf 87' lang='lat' dir='ltr'><strong>a</strong></span> <span class='ocrx_word' id='word_1_547' title='bbox 1408 4654 1614 4710; x_wconf 88' lang='lat' dir='ltr'><strong>mentis</strong></span> <span class='ocrx_word' id='word_1_548' title='bbox 1673 4667 2044 4728; x_wconf 82' lang='lat' dir='ltr'><strong>conccptuum</strong></span> <span class='ocrx_word' id='word_1_549' title='bbox 2127 4679 2231 4720; x_wconf 92' lang='lat' dir='ltr'><strong>usu</strong></span> 
     </span>
    </p>
   </div>
   <div class='ocr_carea' id='block_1_78' title="bbox 635 4733 857 4790">
    <p class='ocr_par' dir='ltr' id='par_1_78' title="bbox 635 4733 857 4790">
     <span class='ocr_line' id='line_1_78' title="bbox 635 4733 857 4790; baseline 0.005 -2"><span class='ocrx_word' id='word_1_550' title='bbox 635 4733 857 4790; x_wconf 83' lang='lat' dir='ltr'><strong>abesse.</strong></span> 
     </span>
    </p>
   </div>
   <div class='ocr_carea' id='block_1_79' title="bbox 714 4827 2228 4905">
    <p class='ocr_par' dir='ltr' id='par_1_79' title="bbox 714 4827 2228 4905">
     <span class='ocr_line' id='line_1_79' title="bbox 714 4827 2228 4905; baseline 0.015 -22"><span class='ocrx_word' id='word_1_551' title='bbox 714 4827 803 4884; x_wconf 87' lang='grc'>16.</span> <span class='ocrx_word' id='word_1_552' title='bbox 829 4827 1030 4887; x_wconf 86' lang='lat' dir='ltr'><strong>Libido</strong></span> <span class='ocrx_word' id='word_1_553' title='bbox 1051 4847 1151 4890; x_wconf 83' lang='lat' dir='ltr'><strong>seu</strong></span> <span class='ocrx_word' id='word_1_554' title='bbox 1177 4835 1381 4905; x_wconf 89' lang='lat' dir='ltr'><strong>passio,</strong></span> <span class='ocrx_word' id='word_1_555' title='bbox 1402 4845 1488 4894; x_wconf 91' lang='lat' dir='ltr'><strong>est</strong></span> <span class='ocrx_word' id='word_1_556' title='bbox 1508 4838 1680 4896; x_wconf 88' lang='lat' dir='ltr'><strong>animi</strong></span> <span class='ocrx_word' id='word_1_557' title='bbox 1704 4850 1891 4899; x_wconf 89' lang='lat' dir='ltr'><strong>motus</strong></span> <span class='ocrx_word' id='word_1_558' title='bbox 1906 4855 2098 4902; x_wconf 88' lang='lat' dir='ltr'><strong>contra</strong></span> <span class='ocrx_word' id='word_1_559' title='bbox 2124 4863 2228 4905; x_wconf 90' lang='lat' dir='ltr'><strong>na-</strong></span> 
     </span>
    </p>
   </div>
   <div class='ocr_carea' id='block_1_80' title="bbox 709 4967 1871 5043">
    <p class='ocr_par' dir='ltr' id='par_1_80' title="bbox 709 4967 1871 5043">
     <span class='ocr_line' id='line_1_80' title="bbox 709 4967 1871 5043; baseline 0.01 -22"><span class='ocrx_word' id='word_1_560' title='bbox 709 4969 754 5001; x_wconf 87' lang='grc'>³⁷</span> <span class='ocrx_word' id='word_1_561' title='bbox 786 4967 930 5024; x_wconf 91' lang='lat' dir='ltr'><strong>Psal.</strong></span> <span class='ocrx_word' id='word_1_562' title='bbox 961 4981 1111 5034; x_wconf 76' lang='lat' dir='ltr'><strong>xxvt,</strong></span> <span class='ocrx_word' id='word_1_563' title='bbox 1138 4969 1230 5026; x_wconf 76' lang='lat'><strong>27.</strong></span> <span class='ocrx_word' id='word_1_564' title='bbox 1309 4971 1354 5003; x_wconf 84' lang='grc'><strong>³⁸</strong></span> <span class='ocrx_word' id='word_1_565' title='bbox 1379 4971 1522 5028; x_wconf 81' lang='lat' dir='ltr'><strong>Psal.</strong></span> <span class='ocrx_word' id='word_1_566' title='bbox 1564 4989 1747 5043; x_wconf 75' lang='lat' dir='ltr'><strong>xxxvi,</strong></span> <span class='ocrx_word' id='word_1_567' title='bbox 1784 4977 1871 5033; x_wconf 82' lang='grc'>15.</span> 
     </span>
    </p>
   </div>
   <div class='ocr_carea' id='block_1_81' title="bbox 708 5078 2225 5159">
    <p class='ocr_par' dir='ltr' id='par_1_81' title="bbox 708 5078 2225 5159">
     <span class='ocr_line' id='line_1_81' title="bbox 708 5078 2225 5159; baseline 0.009 -26"><span class='ocrx_word' id='word_1_568' title='bbox 708 5078 784 5149; x_wconf 89' lang='lat'><strong>(0)</strong></span> <span class='ocrx_word' id='word_1_569' title='bbox 811 5079 949 5135; x_wconf 81' lang='grc' dir='ltr'><strong>Ἵνα</strong></span> <span class='ocrx_word' id='word_1_570' title='bbox 987 5079 1256 5159; x_wconf 58' lang='grc' dir='ltr'>μβιώσῃς</span> <span class='ocrx_word' id='word_1_571' title='bbox 1276 5081 1350 5159; x_wconf 52' lang='grc' dir='ltr'><strong>τα</strong></span> <span class='ocrx_word' id='word_1_572' title='bbox 1376 5081 1555 5151; x_wconf 79' lang='grc' dir='ltr'>πάθη.</span> <span class='ocrx_word' id='word_1_573' title='bbox 1591 5084 1733 5141; x_wconf 84' lang='lat' dir='ltr'><strong>Male</strong></span> <span class='ocrx_word' id='word_1_574' title='bbox 1765 5086 1974 5159; x_wconf 86' lang='lat' dir='ltr'><strong>Obsop.</strong></span> <span class='ocrx_word' id='word_1_575' title='bbox 2007 5090 2076 5146; x_wconf 89' lang='lat' dir='ltr'><strong>ad</strong></span> <span class='ocrx_word' id='word_1_576' title='bbox 2116 5108 2191 5146; x_wconf 91' lang='lat' dir='ltr'><strong>nu</strong></span> <span class='ocrx_word' id='word_1_577' title='bbox 2218 5127 2225 5133; x_wconf 94' lang='lat'><strong>-</strong></span> 
     </span>
    </p>
   </div>
   <div class='ocr_carea' id='block_1_82' title="bbox 637 5151 2227 5229">
    <p class='ocr_par' dir='ltr' id='par_1_82' title="bbox 637 5151 2227 5229">
     <span class='ocr_line' id='line_1_82' title="bbox 637 5151 2227 5229; baseline 0.008 -24"><span class='ocrx_word' id='word_1_578' title='bbox 637 5166 856 5229; x_wconf 70' lang='lat' dir='ltr'><strong>merum</strong></span> <span class='ocrx_word' id='word_1_579' title='bbox 901 5151 1094 5229; x_wconf 58' lang='lat' dir='ltr'><strong>trahit,</strong></span> <span class='ocrx_word' id='word_1_580' title='bbox 1141 5161 1199 5205; x_wconf 86' lang='lat' dir='ltr'><strong>ut</strong></span> <span class='ocrx_word' id='word_1_581' title='bbox 1251 5152 1536 5229; x_wconf 68' lang='lat' dir='ltr'><strong>aﬂ&#39;ectuum</strong></span> <span class='ocrx_word' id='word_1_582' title='bbox 1586 5172 1868 5229; x_wconf 71' lang='lat' dir='ltr'><strong>numerum</strong></span> <span class='ocrx_word' id='word_1_583' title='bbox 1903 5151 2227 5229; x_wconf 67' lang='lat' dir='ltr'><strong>imminuas;</strong></span> 
     </span>
    </p>
   </div>
   <div class='ocr_carea' id='block_1_83' title="bbox 638 5222 2225 5298">
    <p class='ocr_par' dir='ltr' id='par_1_83' title="bbox 638 5222 2225 5298">
     <span class='ocr_line' id='line_1_83' title="bbox 638 5222 2225 5298; baseline 0.008 -23"><span class='ocrx_word' id='word_1_584' title='bbox 638 5222 894 5298; x_wconf 64' lang='lat' dir='ltr'><strong>beneque</strong></span> <span class='ocrx_word' id='word_1_585' title='bbox 960 5223 1132 5278; x_wconf 86' lang='lat' dir='ltr'><strong>Gesn.</strong></span> <span class='ocrx_word' id='word_1_586' title='bbox 1199 5223 1554 5290; x_wconf 88' lang='lat' dir='ltr'><strong>emendavit,</strong></span> <span class='ocrx_word' id='word_1_587' title='bbox 1625 5227 1837 5298; x_wconf 73' lang='lat' dir='ltr'><strong>aﬁ&#39;ectus</strong></span> <span class='ocrx_word' id='word_1_588' title='bbox 1913 5222 2225 5288; x_wconf 64' lang='lat' dir='ltr'><strong>imminuas.</strong></span> 
     </span>
    </p>
   </div>
   <div class='ocr_carea' id='block_1_84' title="bbox 637 5293 2228 5373">
    <p class='ocr_par' dir='ltr' id='par_1_84' title="bbox 637 5293 2228 5373">
     <span class='ocr_line' id='line_1_84' title="bbox 637 5293 2228 5373; baseline 0.009 -27"><span class='ocrx_word' id='word_1_589' title='bbox 637 5293 847 5373; x_wconf 73' lang='lat' dir='ltr'><strong>Nempe</strong></span> <span class='ocrx_word' id='word_1_590' title='bbox 899 5309 1231 5373; x_wconf 82' lang='lat' dir='ltr'><strong>pugnamus,</strong></span> <span class='ocrx_word' id='word_1_591' title='bbox 1301 5310 1447 5373; x_wconf 75' lang='lat' dir='ltr'><strong>non_</strong></span> <span class='ocrx_word' id='word_1_592' title='bbox 1479 5305 1546 5373; x_wconf 86' lang='lat' dir='ltr'><strong>ut_</strong></span> <span class='ocrx_word' id='word_1_593' title='bbox 1587 5293 1695 5350; x_wconf 80' lang='grc' dir='ltr'>τῶν</span> <span class='ocrx_word' id='word_1_594' title='bbox 1730 5301 1943 5373; x_wconf 33' lang='grc' dir='ltr'>,παθῶν</span> <span class='ocrx_word' id='word_1_595' title='bbox 1975 5304 2228 5373; x_wconf 71' lang='lat' dir='ltr'><strong>qumdam</strong></span> 
     </span>
    </p>
   </div>
   <div class='ocr_carea' id='block_1_85' title="bbox 639 5363 2226 5429">
    <p class='ocr_par' dir='ltr' id='par_1_85' title="bbox 639 5363 2226 5429">
     <span class='ocr_line' id='line_1_85' title="bbox 639 5363 2226 5429; baseline 0.008 -12"><span class='ocrx_word' id='word_1_596' title='bbox 639 5363 1128 5428; x_wconf 51' lang='lat' dir='ltr'><strong>auferamus,&#39;sed,</strong></span> <span class='ocrx_word' id='word_1_597' title='bbox 1163 5373 1226 5420; x_wconf 89' lang='lat' dir='ltr'><strong>ut</strong></span> <span class='ocrx_word' id='word_1_598' title='bbox 1251 5364 1319 5420; x_wconf 91' lang='lat' dir='ltr'><strong>ad</strong></span> <span class='ocrx_word' id='word_1_599' title='bbox 1348 5366 1580 5422; x_wconf 88' lang='lat' dir='ltr'><strong>rationis</strong></span> <span class='ocrx_word' id='word_1_600' title='bbox 1622 5363 2066 5428; x_wconf 73' lang='lat' dir='ltr'><strong>mediocritatem</strong></span> <span class='ocrx_word' id='word_1_601' title='bbox 2103 5391 2226 5429; x_wconf 93' lang='lat' dir='ltr'><strong>om-</strong></span> 
     </span>
    </p>
   </div>
   <div class='ocr_carea' id='block_1_86' title="bbox 639 5434 2226 5508">
    <p class='ocr_par' dir='ltr' id='par_1_86' title="bbox 639 5434 2226 5508">
     <span class='ocr_line' id='line_1_86' title="bbox 639 5434 2226 5508; baseline 0.008 -22"><span class='ocrx_word' id='word_1_602' title='bbox 639 5434 732 5508; x_wconf 73' lang='lat' dir='ltr'><strong>nia</strong></span> <span class='ocrx_word' id='word_1_603' title='bbox 767 5436 1159 5508; x_wconf 64' lang='lat' dir='ltr'><strong>reducamus:</strong></span> <span class='ocrx_word' id='word_1_604' title='bbox 1223 5438 1372 5507; x_wconf 91' lang='lat' dir='ltr'><strong>quod</strong></span> <span class='ocrx_word' id='word_1_605' title='bbox 1429 5447 1486 5492; x_wconf 89' lang='lat' dir='ltr'><strong>et</strong></span> <span class='ocrx_word' id='word_1_606' title='bbox 1539 5442 1917 5508; x_wconf 53' lang='lat' dir='ltr'><strong>prastandum</strong></span> <span class='ocrx_word' id='word_1_607' title='bbox 1963 5444 2226 5500; x_wconf 87' lang='lat' dir='ltr'><strong>admonet</strong></span> 
     </span>
    </p>
   </div>
   <div class='ocr_carea' id='block_1_87' title="bbox 640 5503 2225 5578">
    <p class='ocr_par' dir='ltr' id='par_1_87' title="bbox 640 5503 2225 5578">
     <span class='ocr_line' id='line_1_87' title="bbox 640 5503 2225 5578; baseline 0.009 -22"><span class='ocrx_word' id='word_1_608' title='bbox 640 5503 933 5578; x_wconf 70' lang='lat' dir='ltr'><strong>Maximus,</strong></span> <span class='ocrx_word' id='word_1_609' title='bbox 988 5520 1046 5563; x_wconf 88' lang='lat' dir='ltr'><strong>et</strong></span> <span class='ocrx_word' id='word_1_610' title='bbox 1101 5503 1258 5563; x_wconf 51' lang='lat' dir='ltr'><strong>cum_</strong></span> <span class='ocrx_word' id='word_1_611' title='bbox 1293 5503 1738 5578; x_wconf 67' lang='lat' dir='ltr'><strong>praestiterimus,</strong></span> <span class='ocrx_word' id='word_1_612' title='bbox 1793 5514 2103 5568; x_wconf 86' lang='lat' dir='ltr'><strong>cavendum</strong></span> <span class='ocrx_word' id='word_1_613' title='bbox 2155 5533 2225 5571; x_wconf 90' lang='lat' dir='ltr'><strong>ne</strong></span> 
     </span>
    </p>
   </div>
   <div class='ocr_carea' id='block_1_88' title="bbox 642 5575 2226 5699">
    <p class='ocr_par' dir='ltr' id='par_1_88' title="bbox 642 5575 2226 5699">
     <span class='ocr_line' id='line_1_88' title="bbox 642 5575 2226 5699; baseline 0.01 -73"><span class='ocrx_word' id='word_1_614' title='bbox 642 5575 978 5699; x_wconf 57' lang='lat' dir='ltr'><strong>negligentia</strong></span> <span class='ocrx_word' id='word_1_615' title='bbox 1015 5587 1207 5634; x_wconf 87' lang='lat' dir='ltr'><strong>nostra</strong></span> <span class='ocrx_word' id='word_1_616' title='bbox 1240 5575 1443 5635; x_wconf 79' lang='lat' dir='ltr'><strong>iterum</strong></span> <span class='ocrx_word' id='word_1_617' title='bbox 1486 5593 1770 5648; x_wconf 88' lang='lat' dir='ltr'><strong>crescant;</strong></span> <span class='ocrx_word' id='word_1_618' title='bbox 1833 5584 1919 5638; x_wconf 90' lang='lat' dir='ltr'><strong>vel</strong></span> <span class='ocrx_word' id='word_1_619' title='bbox 1952 5594 2013 5639; x_wconf 92' lang='lat' dir='ltr'><strong>ut</strong></span> <span class='ocrx_word' id='word_1_620' title='bbox 2055 5597 2226 5655; x_wconf 66' lang='lat' dir='ltr'><strong>partae</strong></span> 
     </span>
     <span class='ocr_line' id='line_1_89' title="bbox 642 5647 2226 5699; baseline 0.001 -2"><span class='ocrx_word' id='word_1_621' title='bbox 642 5659 790 5699; x_wconf 86' lang='lat' dir='ltr'><strong>seme</strong></span> <span class='ocrx_word' id='word_1_622' title='bbox 845 5647 1083 5699; x_wconf 84' lang='lat' dir='ltr'><strong>virtutes</strong></span> <span class='ocrx_word' id='word_1_623' title='bbox 1114 5650 1277 5699; x_wconf 82' lang='lat' dir='ltr'><strong>nobis</strong></span> <span class='ocrx_word' id='word_1_624' title='bbox 1306 5649 1589 5699; x_wconf 76' lang='lat' dir='ltr'><strong>dilllnant:</strong></span> <span class='ocrx_word' id='word_1_625' title='bbox 1637 5654 1783 5699; x_wconf 78' lang='lat' dir='ltr'><strong>nllnd</strong></span> <span class='ocrx_word' id='word_1_626' title='bbox 1845 5655 1922 5699; x_wconf 76' lang='lat' dir='ltr'><strong>nil.</strong></span> <span class='ocrx_word' id='word_1_627' title='bbox 1960 5655 2143 5699; x_wconf 62' lang='lat' dir='ltr'><strong>facem</strong></span> <span class='ocrx_word' id='word_1_628' title='bbox 2169 5667 2226 5699; x_wconf 71' lang='grc' dir='ltr'><strong>ιιι</strong></span> 
     </span>
    </p>
   </div>
   <div class='ocr_carea' id='block_1_89' title="bbox 641 5647 2229 5722">
    <p class='ocr_par' dir='ltr' id='par_1_89' title="bbox 641 5647 2229 5722">
     <span class='ocr_line' id='line_1_90' title="bbox 641 5647 2229 5722; baseline 0.009 -24"><span class='ocrx_word' id='word_1_629' title='bbox 641 5647 811 5700; x_wconf 88' lang='lat' dir='ltr'><strong>semel</strong></span> <span class='ocrx_word' id='word_1_630' title='bbox 845 5647 1083 5722; x_wconf 80' lang='lat' dir='ltr'><strong>virtutes</strong></span> <span class='ocrx_word' id='word_1_631' title='bbox 1114 5650 1277 5722; x_wconf 88' lang='lat' dir='ltr'><strong>nobis</strong></span> <span class='ocrx_word' id='word_1_632' title='bbox 1306 5649 1590 5718; x_wconf 82' lang='lat' dir='ltr'><strong>dillluant;</strong></span> <span class='ocrx_word' id='word_1_633' title='bbox 1637 5647 1792 5722; x_wconf 86' lang='lat' dir='ltr'><strong>quod</strong></span> <span class='ocrx_word' id='word_1_634' title='bbox 1845 5655 1922 5709; x_wconf 87' lang='lat' dir='ltr'><strong>ait</strong></span> <span class='ocrx_word' id='word_1_635' title='bbox 1959 5647 2144 5712; x_wconf 79' lang='lat' dir='ltr'><strong>facere</strong></span> <span class='ocrx_word' id='word_1_636' title='bbox 2169 5667 2229 5712; x_wconf 89' lang='lat' dir='ltr'><strong>et</strong></span> 
     </span>
    </p>
   </div>
   <div class='ocr_carea' id='block_1_90' title="bbox 641 5719 2228 5798">
    <p class='ocr_par' dir='ltr' id='par_1_90' title="bbox 641 5719 2228 5798">
     <span class='ocr_line' id='line_1_91' title="bbox 641 5719 2228 5798; baseline 0.008 -29"><span class='ocrx_word' id='word_1_637' title='bbox 641 5730 878 5798; x_wconf 76' lang='lat' dir='ltr'><strong>cavere:</strong></span> <span class='ocrx_word' id='word_1_638' title='bbox 906 5719 1242 5788; x_wconf 73' lang='grc' dir='ltr'>ἐργάζεσθαι</span> <span class='ocrx_word' id='word_1_639' title='bbox 1273 5723 1368 5776; x_wconf 80' lang='grc' dir='ltr'>καὶ</span> <span class='ocrx_word' id='word_1_640' title='bbox 1391 5719 1709 5798; x_wconf 59' lang='grc' dir='ltr'>φυλάσσειν</span> <span class='ocrx_word' id='word_1_641' title='bbox 1737 5741 1836 5781; x_wconf 89' lang='lat' dir='ltr'><strong>seu</strong></span> <span class='ocrx_word' id='word_1_642' title='bbox 1875 5726 2044 5782; x_wconf 89' lang='lat' dir='ltr'><strong>etiam</strong></span> <span class='ocrx_word' id='word_1_643' title='bbox 2068 5743 2228 5798; x_wconf 89' lang='lat' dir='ltr'><strong>para-</strong></span> 
     </span>
    </p>
   </div>
   <div class='ocr_carea' id='block_1_91' title="bbox 648 5795 2225 5869">
    <p class='ocr_par' dir='ltr' id='par_1_91' title="bbox 648 5795 2225 5869">
     <span class='ocr_line' id='line_1_92' title="bbox 648 5795 2225 5869; baseline 0.011 -31"><span class='ocrx_word' id='word_1_644' title='bbox 648 5797 811 5867; x_wconf 41' lang='grc' dir='ltr'>τρηθι</span> <span class='ocrx_word' id='word_1_645' title='bbox 833 5801 994 5857; x_wconf 88' lang='lat' dir='ltr'><strong>parta</strong></span> <span class='ocrx_word' id='word_1_646' title='bbox 1023 5804 1392 5858; x_wconf 89' lang='lat' dir='ltr'><strong>conservare;</strong></span> <span class='ocrx_word' id='word_1_647' title='bbox 1439 5795 1590 5864; x_wconf 86' lang='lat' dir='ltr'><strong>quod</strong></span> <span class='ocrx_word' id='word_1_648' title='bbox 1652 5804 1950 5869; x_wconf 88' lang='lat' dir='ltr'><strong>utrumque</strong></span> <span class='ocrx_word' id='word_1_649' title='bbox 1999 5795 2083 5854; x_wconf 51' lang='lat' dir='ltr'><strong>ca&#39;</strong></span> <span class='ocrx_word' id='word_1_650' title='bbox 2118 5814 2225 5854; x_wconf 81' lang='lat' dir='ltr'><strong>vox</strong></span> 
     </span>
    </p>
   </div>
   <div class='ocr_carea' id='block_1_92' title="bbox 644 5866 1335 5930">
    <p class='ocr_par' dir='ltr' id='par_1_92' title="bbox 644 5866 1335 5930">
     <span class='ocr_line' id='line_1_93' title="bbox 644 5866 1335 5930; baseline 0.012 -20"><span class='ocrx_word' id='word_1_651' title='bbox 644 5866 858 5928; x_wconf 84' lang='lat' dir='ltr'><strong>patitur</strong></span> <span class='ocrx_word' id='word_1_652' title='bbox 886 5869 948 5915; x_wconf 88' lang='lat' dir='ltr'><strong>ut</strong></span> <span class='ocrx_word' id='word_1_653' title='bbox 979 5876 1335 5930; x_wconf 74' lang='lat' dir='ltr'><strong>exponamus.</strong></span> 
     </span>
    </p>
   </div>
   <div class='ocr_carea' id='block_1_93' title="bbox 2322 3279 3852 3354">
    <p class='ocr_par' dir='ltr' id='par_1_93' title="bbox 2322 3279 3852 3354">
     <span class='ocr_line' id='line_1_94' title="bbox 2322 3279 3852 3354; baseline -0.008 -11"><span class='ocrx_word' id='word_1_654' title='bbox 2322 3288 2487 3343; x_wconf 77' lang='grc' dir='ltr'>Οὐδὲν</span> <span class='ocrx_word' id='word_1_655' title='bbox 2515 3288 2572 3342; x_wconf 83' lang='grc' dir='ltr'><strong>δὲ</strong></span> <span class='ocrx_word' id='word_1_656' title='bbox 2630 3286 2879 3340; x_wconf 82' lang='grc' dir='ltr'>ἐντεῦθεν</span> <span class='ocrx_word' id='word_1_657' title='bbox 2917 3284 3208 3353; x_wconf 81' lang='grc' dir='ltr'>ὠφελεῖται</span> <span class='ocrx_word' id='word_1_658' title='bbox 3251 3285 3279 3338; x_wconf 97' lang='lat'><strong>6</strong></span> <span class='ocrx_word' id='word_1_659' title='bbox 3323 3283 3576 3354; x_wconf 85' lang='grc' dir='ltr'>ἀλάστωρ</span> <span class='ocrx_word' id='word_1_660' title='bbox 3630 3280 3748 3353; x_wconf 83' lang='grc' dir='ltr'>πρὸς</span> <span class='ocrx_word' id='word_1_661' title='bbox 3785 3279 3852 3333; x_wconf 78' lang='grc' dir='ltr'>τὸν</span> 
     </span>
    </p>
   </div>
   <div class='ocr_carea' id='block_1_94' title="bbox 2325 3374 3852 3447">
    <p class='ocr_par' dir='ltr' id='par_1_94' title="bbox 2325 3374 3852 3447">
     <span class='ocr_line' id='line_1_95' title="bbox 2325 3374 3852 3447; baseline -0.007 -11"><span class='ocrx_word' id='word_1_662' title='bbox 2325 3383 2455 3436; x_wconf 76' lang='grc' dir='ltr'>ἴδιον</span> <span class='ocrx_word' id='word_1_663' title='bbox 2483 3381 2704 3434; x_wconf 87' lang='grc' dir='ltr'>σκοπόν·</span> <span class='ocrx_word' id='word_1_664' title='bbox 2753 3379 2892 3433; x_wconf 77' lang='grc' dir='ltr'>ἀλλὰ</span> <span class='ocrx_word' id='word_1_665' title='bbox 2944 3379 3039 3432; x_wconf 77' lang='grc' dir='ltr'>καὶ</span> <span class='ocrx_word' id='word_1_666' title='bbox 3095 3377 3296 3447; x_wconf 82' lang='grc' dir='ltr'>μᾶλλον</span> <span class='ocrx_word' id='word_1_667' title='bbox 3339 3374 3705 3447; x_wconf 84' lang='grc' dir='ltr'>βεϐαιοτέρους</span> <span class='ocrx_word' id='word_1_668' title='bbox 3743 3375 3852 3444; x_wconf 73' lang='grc' dir='ltr'>ἡμᾶς</span> 
     </span>
    </p>
   </div>
   <div class='ocr_carea' id='block_1_95' title="bbox 2323 3463 3851 3547">
    <p class='ocr_par' dir='ltr' id='par_1_95' title="bbox 2323 3463 3851 3547">
     <span class='ocr_line' id='line_1_96' title="bbox 2323 3463 3851 3547; baseline -0.008 -18"><span class='ocrx_word' id='word_1_669' title='bbox 2323 3474 2722 3547; x_wconf 77' lang='grc' dir='ltr'>ἀπεργάζεται.</span> <span class='ocrx_word' id='word_1_670' title='bbox 2768 3471 3174 3542; x_wconf 86' lang='grc' dir='ltr'>Πολεμούμενοι</span> <span class='ocrx_word' id='word_1_671' title='bbox 3216 3467 3326 3538; x_wconf 81' lang='grc' dir='ltr'><strong>γὰρ</strong></span> <span class='ocrx_word' id='word_1_672' title='bbox 3357 3469 3455 3522; x_wconf 79' lang='grc' dir='ltr'>καὶ</span> <span class='ocrx_word' id='word_1_673' title='bbox 3487 3463 3851 3536; x_wconf 79' lang='grc' dir='ltr'>ἁντιπολεμοῦν·</span> 
     </span>
    </p>
   </div>
   <div class='ocr_carea' id='block_1_96' title="bbox 2323 3555 3852 3636">
    <p class='ocr_par' dir='ltr' id='par_1_96' title="bbox 2323 3555 3852 3636">
     <span class='ocr_line' id='line_1_97' title="bbox 2323 3555 3852 3636; baseline -0.011 -15"><span class='ocrx_word' id='word_1_674' title='bbox 2323 3584 2436 3631; x_wconf 88' lang='grc' dir='ltr'>τες,</span> <span class='ocrx_word' id='word_1_675' title='bbox 2467 3564 2826 3636; x_wconf 84' lang='grc' dir='ltr'>δοκιμώτεροι</span> <span class='ocrx_word' id='word_1_676' title='bbox 2881 3565 2974 3617; x_wconf 72' lang='grc' dir='ltr'>καὶ</span> <span class='ocrx_word' id='word_1_677' title='bbox 3007 3563 3372 3633; x_wconf 86' lang='grc' dir='ltr'>γνησιώτεροι</span> <span class='ocrx_word' id='word_1_678' title='bbox 3429 3561 3511 3624; x_wconf 78' lang='grc' dir='ltr'>εἱς</span> <span class='ocrx_word' id='word_1_679' title='bbox 3557 3558 3648 3627; x_wconf 85' lang='grc' dir='ltr'>τὴν</span> <span class='ocrx_word' id='word_1_680' title='bbox 3681 3555 3852 3623; x_wconf 71' lang='grc' dir='ltr'>ἀγάπην</span> 
     </span>
    </p>
   </div>
   <div class='ocr_carea' id='block_1_97' title="bbox 2323 3645 3851 3730">
    <p class='ocr_par' dir='ltr' id='par_1_97' title="bbox 2323 3645 3851 3730">
     <span class='ocr_line' id='line_1_98' title="bbox 2323 3645 3851 3730; baseline -0.012 -14"><span class='ocrx_word' id='word_1_681' title='bbox 2323 3661 2419 3716; x_wconf 89' lang='grc' dir='ltr'><strong>τοῦ</strong></span> <span class='ocrx_word' id='word_1_682' title='bbox 2455 3660 2593 3714; x_wconf 82' lang='grc' dir='ltr'>Θεοῦ</span> <span class='ocrx_word' id='word_1_683' title='bbox 2630 3657 3021 3730; x_wconf 83' lang='grc' dir='ltr'>εὑρισκόμεθα.</span> <span class='ocrx_word' id='word_1_684' title='bbox 3073 3656 3134 3712; x_wconf 85' lang='grc' dir='ltr'><strong><em>Ἡ</em></strong></span> <span class='ocrx_word' id='word_1_685' title='bbox 3162 3655 3230 3710; x_wconf 77' lang='grc' dir='ltr'><strong>δὲ</strong></span> <span class='ocrx_word' id='word_1_686' title='bbox 3252 3653 3527 3725; x_wconf 72' lang='grc' dir='ltr'>ῥομφαία</span> <span class='ocrx_word' id='word_1_687' title='bbox 3560 3647 3729 3705; x_wconf 78' lang='grc' dir='ltr'>αὐτοῦ</span> <span class='ocrx_word' id='word_1_688' title='bbox 3758 3645 3851 3699; x_wconf 75' lang='grc' dir='ltr'>εισ-</span> 
     </span>
    </p>
   </div>
   <div class='ocr_carea' id='block_1_98' title="bbox 2325 3741 3854 3823">
    <p class='ocr_par' dir='ltr' id='par_1_98' title="bbox 2325 3741 3854 3823">
     <span class='ocr_line' id='line_1_99' title="bbox 2325 3741 3854 3823; baseline -0.012 -13"><span class='ocrx_word' id='word_1_689' title='bbox 2325 3754 2492 3810; x_wconf 65' lang='lat' dir='ltr'><strong>uae.</strong></span> <span class='ocrx_word' id='word_1_690' title='bbox 2521 3756 2610 3821; x_wconf 80' lang='grc' dir='ltr'><strong>εις</strong></span> <span class='ocrx_word' id='word_1_691' title='bbox 2638 3752 2894 3823; x_wconf 81' lang='grc' dir='ltr'>καρδίαν</span> <span class='ocrx_word' id='word_1_692' title='bbox 2915 3749 3126 3817; x_wconf 82' lang='grc' dir='ltr'>αὑτοῦ,</span> <span class='ocrx_word' id='word_1_693' title='bbox 3150 3749 3249 3805; x_wconf 75' lang='grc' dir='ltr'>καὶ</span> <span class='ocrx_word' id='word_1_694' title='bbox 3279 3748 3357 3803; x_wconf 81' lang='grc' dir='ltr'>τὰ</span> <span class='ocrx_word' id='word_1_695' title='bbox 3378 3747 3526 3813; x_wconf 82' lang='grc' dir='ltr'>τόξα</span> <span class='ocrx_word' id='word_1_696' title='bbox 3553 3741 3722 3800; x_wconf 85' lang='grc' dir='ltr'>αὐτοῦ</span> <span class='ocrx_word' id='word_1_697' title='bbox 3743 3753 3854 3794; x_wconf 74' lang='lat' dir='ltr'><strong>avr-</strong></span> 
     </span>
    </p>
   </div>
   <div class='ocr_carea' id='block_1_99' title="bbox 2327 3847 2576 3916">
    <p class='ocr_par' dir='ltr' id='par_1_99' title="bbox 2327 3847 2576 3916">
     <span class='ocr_line' id='line_1_100' title="bbox 2327 3847 2576 3916; baseline -0.004 -16"><span class='ocrx_word' id='word_1_698' title='bbox 2327 3847 2576 3916; x_wconf 82' lang='grc' dir='ltr'>τριϐείη.</span> 
     </span>
    </p>
   </div>
   <div class='ocr_carea' id='block_1_100' title="bbox 2403 4000 3852 4084">
    <p class='ocr_par' dir='ltr' id='par_1_100' title="bbox 2403 4000 3852 4084">
     <span class='ocr_line' id='line_1_101' title="bbox 2403 4000 3852 4084; baseline -0.019 -5"><span class='ocrx_word' id='word_1_699' title='bbox 2403 4030 2485 4078; x_wconf 86' lang='grc' dir='ltr'>ιε’.</span> <span class='ocrx_word' id='word_1_700' title='bbox 2519 4023 2578 4077; x_wconf 88' lang='lat'><strong>&#39;0</strong></span> <span class='ocrx_word' id='word_1_701' title='bbox 2628 4019 2753 4084; x_wconf 84' lang='grc' dir='ltr'>νοῦς</span> <span class='ocrx_word' id='word_1_702' title='bbox 2791 4017 3098 4074; x_wconf 73' lang='grc' dir='ltr'>ἐπιϐάλλων</span> <span class='ocrx_word' id='word_1_703' title='bbox 3147 4014 3262 4078; x_wconf 81' lang='grc' dir='ltr'>τοῖς</span> <span class='ocrx_word' id='word_1_704' title='bbox 3297 4013 3537 4084; x_wconf 79' lang='grc' dir='ltr'>ὁρατοῖς,</span> <span class='ocrx_word' id='word_1_705' title='bbox 3576 4005 3703 4062; x_wconf 68' lang='grc' dir='ltr'>κατὰ</span> <span class='ocrx_word' id='word_1_706' title='bbox 3733 4000 3852 4072; x_wconf 77' lang='grc' dir='ltr'>φύσιν</span> 
     </span>
    </p>
   </div>
   <div class='ocr_carea' id='block_1_101' title="bbox 2331 4092 3851 4197">
    <p class='ocr_par' dir='ltr' id='par_1_101' title="bbox 2331 4092 3851 4197">
     <span class='ocr_line' id='line_1_102' title="bbox 2331 4092 3851 4197; baseline -0.016 -24"><span class='ocrx_word' id='word_1_707' title='bbox 2331 4119 2442 4173; x_wconf 82' lang='grc' dir='ltr'>νοεῖ</span> <span class='ocrx_word' id='word_1_708' title='bbox 2459 4116 2529 4171; x_wconf 84' lang='grc' dir='ltr'><strong>τὰ</strong></span> <span class='ocrx_word' id='word_1_709' title='bbox 2555 4114 2861 4186; x_wconf 86' lang='grc' dir='ltr'>πράγματα</span> <span class='ocrx_word' id='word_1_710' title='bbox 2889 4111 2979 4166; x_wconf 81' lang='grc' dir='ltr'><strong>διὰ</strong></span> <span class='ocrx_word' id='word_1_711' title='bbox 3005 4110 3177 4181; x_wconf 81' lang='grc' dir='ltr'>μέσης</span> <span class='ocrx_word' id='word_1_712' title='bbox 3193 4107 3294 4176; x_wconf 80' lang='grc' dir='ltr'>τῆς</span> <span class='ocrx_word' id='word_1_713' title='bbox 3317 4104 3648 4197; x_wconf 51' lang='grc' dir='ltr'>αἰσθήσεως</span> <span class='ocrx_word' id='word_1_714' title='bbox 3662 4092 3851 4197; x_wconf 41' lang='lat' dir='ltr'><strong>atat-ditt</strong></span> 
     </span>
    </p>
   </div>
   <div class='ocr_carea' id='block_1_102' title="bbox 2329 4189 3853 4289">
    <p class='ocr_par' dir='ltr' id='par_1_102' title="bbox 2329 4189 3853 4289">
     <span class='ocr_line' id='line_1_103' title="bbox 2329 4189 3853 4289; baseline -0.017 -23"><span class='ocrx_word' id='word_1_715' title='bbox 2329 4215 2359 4267; x_wconf 88' lang='lat'><strong>6</strong></span> <span class='ocrx_word' id='word_1_716' title='bbox 2397 4210 2520 4274; x_wconf 86' lang='grc' dir='ltr'>νοῦς</span> <span class='ocrx_word' id='word_1_717' title='bbox 2567 4207 2760 4272; x_wconf 84' lang='grc' dir='ltr'>κακὸν,</span> <span class='ocrx_word' id='word_1_718' title='bbox 2787 4205 2911 4260; x_wconf 72' lang='grc' dir='ltr'>οὔτε</span> <span class='ocrx_word' id='word_1_719' title='bbox 2950 4206 3011 4257; x_wconf 81' lang='grc' dir='ltr'>τὸ</span> <span class='ocrx_word' id='word_1_720' title='bbox 3037 4202 3178 4257; x_wconf 81' lang='grc' dir='ltr'>κατὰ</span> <span class='ocrx_word' id='word_1_721' title='bbox 3206 4199 3370 4270; x_wconf 84' lang='grc' dir='ltr'>φύσιν</span> <span class='ocrx_word' id='word_1_722' title='bbox 3405 4200 3563 4251; x_wconf 75' lang='grc' dir='ltr'>νοεῖνο</span> <span class='ocrx_word' id='word_1_723' title='bbox 3595 4191 3705 4248; x_wconf 77' lang='grc' dir='ltr'>οὔτε</span> <span class='ocrx_word' id='word_1_724' title='bbox 3731 4189 3853 4289; x_wconf 37' lang='grc' dir='ltr'><strong>δὲοτει</strong></span> 
     </span>
    </p>
   </div>
   <div class='ocr_carea' id='block_1_103' title="bbox 2332 4288 3854 4386">
    <p class='ocr_par' dir='ltr' id='par_1_103' title="bbox 2332 4288 3854 4386">
     <span class='ocr_line' id='line_1_104' title="bbox 2332 4288 3854 4386; baseline -0.016 -29"><span class='ocrx_word' id='word_1_725' title='bbox 2332 4303 2662 4373; x_wconf 87' lang='grc' dir='ltr'>πράγματα,</span> <span class='ocrx_word' id='word_1_726' title='bbox 2693 4297 2820 4352; x_wconf 74' lang='grc' dir='ltr'>οὔτε</span> <span class='ocrx_word' id='word_1_727' title='bbox 2863 4298 2897 4368; x_wconf 82' lang='grc' dir='ltr'>ἡ</span> <span class='ocrx_word' id='word_1_728' title='bbox 2952 4295 3223 4365; x_wconf 73' lang='grc' dir='ltr'>αἴσθησιςο</span> <span class='ocrx_word' id='word_1_729' title='bbox 3272 4289 3418 4386; x_wconf 77' lang='grc' dir='ltr'>Θεοῦ</span> <span class='ocrx_word' id='word_1_730' title='bbox 3457 4290 3562 4386; x_wconf 77' lang='grc' dir='ltr'><strong>γάρ</strong></span> <span class='ocrx_word' id='word_1_731' title='bbox 3603 4288 3697 4386; x_wconf 66' lang='grc' dir='ltr'>εισι</span> <span class='ocrx_word' id='word_1_732' title='bbox 3724 4294 3854 4386; x_wconf 45' lang='grc' dir='ltr'>ταυτα</span> 
     </span>
    </p>
   </div>
   <div class='ocr_carea' id='block_1_104' title="bbox 2332 4369 3854 4464">
    <p class='ocr_par' dir='ltr' id='par_1_104' title="bbox 2332 4369 3854 4464">
     <span class='ocr_line' id='line_1_105' title="bbox 2332 4369 3854 4464; baseline -0.017 -15"><span class='ocrx_word' id='word_1_733' title='bbox 2332 4369 2400 4450; x_wconf 61' lang='grc' dir='ltr'><strong>τά</strong></span> <span class='ocrx_word' id='word_1_734' title='bbox 2442 4369 2600 4464; x_wconf 77' lang='grc' dir='ltr'>ἔργα.</span> <span class='ocrx_word' id='word_1_735' title='bbox 2631 4389 2698 4443; x_wconf 82' lang='grc' dir='ltr'><strong>Τί</strong></span> <span class='ocrx_word' id='word_1_736' title='bbox 2721 4385 2816 4443; x_wconf 82' lang='grc' dir='ltr'>οὖν</span> <span class='ocrx_word' id='word_1_737' title='bbox 2857 4389 2973 4442; x_wconf 79' lang='grc' dir='ltr'>ἐστι</span> <span class='ocrx_word' id='word_1_738' title='bbox 3005 4386 3065 4439; x_wconf 83' lang='grc' dir='ltr'>τὸ</span> <span class='ocrx_word' id='word_1_739' title='bbox 3091 4383 3260 4438; x_wconf 79' lang='grc' dir='ltr'>κακόν</span> <span class='ocrx_word' id='word_1_740' title='bbox 3285 4400 3300 4450; x_wconf 90' lang='lat'><strong>;</strong></span> <span class='ocrx_word' id='word_1_741' title='bbox 3327 4381 3497 4455; x_wconf 82' lang='grc' dir='ltr'>Δῆλον</span> <span class='ocrx_word' id='word_1_742' title='bbox 3537 4381 3613 4433; x_wconf 86' lang='grc' dir='ltr'>ὄτι</span> <span class='ocrx_word' id='word_1_743' title='bbox 3643 4369 3854 4464; x_wconf 62' lang='grc' dir='ltr'>τὸπάθος</span> 
     </span>
    </p>
   </div>
   <div class='ocr_carea' id='block_1_105' title="bbox 2333 4460 3853 4552">
    <p class='ocr_par' dir='ltr' id='par_1_105' title="bbox 2333 4460 3853 4552">
     <span class='ocr_line' id='line_1_106' title="bbox 2333 4460 3853 4552; baseline -0.016 -12"><span class='ocrx_word' id='word_1_744' title='bbox 2333 4485 2429 4541; x_wconf 90' lang='grc' dir='ltr'><strong>τοῦ</strong></span> <span class='ocrx_word' id='word_1_745' title='bbox 2459 4460 2602 4538; x_wconf 79' lang='grc' dir='ltr'>κατὰ</span> <span class='ocrx_word' id='word_1_746' title='bbox 2647 4480 2812 4552; x_wconf 78' lang='grc' dir='ltr'>φύσιν</span> <span class='ocrx_word' id='word_1_747' title='bbox 2835 4479 3128 4551; x_wconf 84' lang='grc' dir='ltr'>νοήματος,</span> <span class='ocrx_word' id='word_1_748' title='bbox 3157 4478 3296 4547; x_wconf 81' lang='grc' dir='ltr'>ὅπερ</span> <span class='ocrx_word' id='word_1_749' title='bbox 3324 4475 3548 4528; x_wconf 87' lang='grc' dir='ltr'>δύναται</span> <span class='ocrx_word' id='word_1_750' title='bbox 3579 4470 3650 4542; x_wconf 79' lang='grc' dir='ltr'>μὴ</span> <span class='ocrx_word' id='word_1_751' title='bbox 3676 4461 3788 4521; x_wconf 80' lang='grc' dir='ltr'>εἶναι</span> <span class='ocrx_word' id='word_1_752' title='bbox 3810 4460 3853 4513; x_wconf 74' lang='grc' dir='ltr'>ἐν</span> 
     </span>
    </p>
   </div>
   <div class='ocr_carea' id='block_1_106' title="bbox 2337 4559 3747 4652">
    <p class='ocr_par' dir='ltr' id='par_1_106' title="bbox 2337 4559 3747 4652">
     <span class='ocr_line' id='line_1_107' title="bbox 2337 4559 3747 4652; baseline -0.018 -18"><span class='ocrx_word' id='word_1_753' title='bbox 2337 4582 2406 4652; x_wconf 78' lang='grc' dir='ltr'><strong>τῇ</strong></span> <span class='ocrx_word' id='word_1_754' title='bbox 2427 4577 2537 4632; x_wconf 84' lang='grc' dir='ltr'>τῶν</span> <span class='ocrx_word' id='word_1_755' title='bbox 2567 4573 2858 4646; x_wconf 85' lang='grc' dir='ltr'>νοημάτων</span> <span class='ocrx_word' id='word_1_756' title='bbox 2899 4569 3120 4643; x_wconf 77' lang='grc' dir='ltr'>χρήσει,</span> <span class='ocrx_word' id='word_1_757' title='bbox 3144 4568 3242 4623; x_wconf 70' lang='grc' dir='ltr'><strong>ἐὰν</strong></span> <span class='ocrx_word' id='word_1_758' title='bbox 3283 4567 3314 4622; x_wconf 87' lang='lat'><strong>6</strong></span> <span class='ocrx_word' id='word_1_759' title='bbox 3343 4565 3470 4631; x_wconf 88' lang='grc' dir='ltr'>νοῦς</span> <span class='ocrx_word' id='word_1_760' title='bbox 3502 4559 3747 4637; x_wconf 75' lang='grc' dir='ltr'>γρηγορῇ.</span> 
     </span>
    </p>
   </div>
   <div class='ocr_carea' id='block_1_107' title="bbox 2410 4814 3849 4913">
    <p class='ocr_par' dir='ltr' id='par_1_107' title="bbox 2410 4814 3849 4913">
     <span class='ocr_line' id='line_1_108' title="bbox 2410 4814 3849 4913; baseline -0.01 -14"><span class='ocrx_word' id='word_1_761' title='bbox 2410 4853 2506 4913; x_wconf 84' lang='grc' dir='ltr'>ις’.</span> <span class='ocrx_word' id='word_1_762' title='bbox 2542 4842 2724 4906; x_wconf 83' lang='grc' dir='ltr'>Πάθος</span> <span class='ocrx_word' id='word_1_763' title='bbox 2749 4839 2870 4895; x_wconf 78' lang='grc' dir='ltr'>ἐστὶ</span> <span class='ocrx_word' id='word_1_764' title='bbox 2905 4836 2985 4911; x_wconf 82' lang='grc' dir='ltr'>(ρ)</span> <span class='ocrx_word' id='word_1_765' title='bbox 3028 4855 3242 4910; x_wconf 86' lang='grc' dir='ltr'>κινησις</span> <span class='ocrx_word' id='word_1_766' title='bbox 3258 4833 3438 4906; x_wconf 82' lang='grc' dir='ltr'>ψυχῆς</span> <span class='ocrx_word' id='word_1_767' title='bbox 3475 4827 3620 4901; x_wconf 75' lang='grc' dir='ltr'>παρὰ</span> <span class='ocrx_word' id='word_1_768' title='bbox 3655 4814 3849 4897; x_wconf 68' lang='grc' dir='ltr'>φύσιννῆ</span> 
     </span>
    </p>
   </div>
   <div class='ocr_carea' id='block_1_108' title="bbox 2396 5075 3849 5164">
    <p class='ocr_par' dir='ltr' id='par_1_108' title="bbox 2396 5075 3849 5164">
     <span class='ocr_line' id='line_1_109' title="bbox 2396 5075 3849 5164; baseline -0.003 -18"><span class='ocrx_word' id='word_1_769' title='bbox 2396 5093 2474 5164; x_wconf 85' lang='grc' dir='ltr'><strong>(ρ)</strong></span> <span class='ocrx_word' id='word_1_770' title='bbox 2503 5089 2880 5164; x_wconf 53' lang='lat' dir='ltr'><strong>{Idaeos}th</strong></span> <span class='ocrx_word' id='word_1_771' title='bbox 2912 5087 3006 5144; x_wconf 91' lang='lat' dir='ltr'><strong>Sic</strong></span> <span class='ocrx_word' id='word_1_772' title='bbox 3027 5087 3255 5164; x_wconf 78' lang='lat' dir='ltr'><strong>Cent.__l,</strong></span> <span class='ocrx_word' id='word_1_773' title='bbox 3285 5102 3336 5142; x_wconf 93' lang='lat' dir='ltr'><strong>c.</strong></span> <span class='ocrx_word' id='word_1_774' title='bbox 3367 5087 3456 5150; x_wconf 76' lang='lat'><strong>55,</strong></span> <span class='ocrx_word' id='word_1_775' title='bbox 3502 5097 3640 5164; x_wconf 81' lang='lat' dir='ltr'><strong>unus</strong></span> <span class='ocrx_word' id='word_1_776' title='bbox 3664 5085 3725 5164; x_wconf 42' lang='lat' dir='ltr'><strong>‘et</strong></span> <span class='ocrx_word' id='word_1_777' title='bbox 3745 5075 3849 5164; x_wconf 47' lang='grc' dir='ltr'><strong>ἓξὲξ</strong></span> 
     </span>
    </p>
   </div>
   <div class='ocr_carea' id='block_1_109' title="bbox 2325 5151 3847 5236">
    <p class='ocr_par' dir='ltr' id='par_1_109' title="bbox 2325 5151 3847 5236">
     <span class='ocr_line' id='line_1_110' title="bbox 2325 5151 3847 5236; baseline -0.011 -16"><span class='ocrx_word' id='word_1_778' title='bbox 2325 5151 2484 5235; x_wconf 68' lang='lat' dir='ltr'><strong>Regii</strong></span> <span class='ocrx_word' id='word_1_779' title='bbox 2508 5151 2935 5236; x_wconf 55' lang='lat' dir='ltr'><strong>codd_.&#39;habent,</strong></span> <span class='ocrx_word' id='word_1_780' title='bbox 2979 5175 3097 5236; x_wconf 81' lang='lat' dir='ltr'><strong>non</strong></span> <span class='ocrx_word' id='word_1_781' title='bbox 3135 5151 3350 5230; x_wconf 86' lang='lat' dir='ltr'><strong>adjecta</strong></span> <span class='ocrx_word' id='word_1_782' title='bbox 3372 5171 3507 5212; x_wconf 91' lang='lat' dir='ltr'><strong>voce</strong></span> <span class='ocrx_word' id='word_1_783' title='bbox 3529 5151 3847 5236; x_wconf 42' lang='lat' dir='ltr'><strong>deum,ng</strong></span> 
     </span>
    </p>
   </div>
   <div class='ocr_carea' id='block_1_110' title="bbox 2325 5225 3848 5308">
    <p class='ocr_par' dir='ltr' id='par_1_110' title="bbox 2325 5225 3848 5308">
     <span class='ocr_line' id='line_1_111' title="bbox 2325 5225 3848 5308; baseline -0.016 -17"><span class='ocrx_word' id='word_1_784' title='bbox 2325 5225 2439 5290; x_wconf 74' lang='grc' dir='ltr'>ιιοᾶ</span> <span class='ocrx_word' id='word_1_785' title='bbox 2458 5233 2756 5290; x_wconf 88' lang='lat' dir='ltr'><strong>admodum</strong></span> <span class='ocrx_word' id='word_1_786' title='bbox 2781 5231 3120 5308; x_wconf 70' lang='lat' dir='ltr'><strong>necessaria,</strong></span> <span class='ocrx_word' id='word_1_787' title='bbox 3155 5225 3282 5308; x_wconf 77' lang='lat' dir='ltr'><strong>cum</strong></span> <span class='ocrx_word' id='word_1_788' title='bbox 3317 5225 3612 5308; x_wconf 63' lang='lat' dir='ltr'><strong>praesertim</strong></span> <span class='ocrx_word' id='word_1_789' title='bbox 3634 5225 3848 5308; x_wconf 54' lang='lat' dir='ltr'><strong>sequatur</strong></span> 
     </span>
    </p>
   </div>
   <div class='ocr_carea' id='block_1_111' title="bbox 2325 5292 3846 5378">
    <p class='ocr_par' dir='ltr' id='par_1_111' title="bbox 2325 5292 3846 5378">
     <span class='ocr_line' id='line_1_112' title="bbox 2325 5292 3846 5378; baseline -0.01 -18"><span class='ocrx_word' id='word_1_790' title='bbox 2325 5307 2506 5360; x_wconf 89' lang='lat' dir='ltr'><strong>altero</strong></span> <span class='ocrx_word' id='word_1_791' title='bbox 2532 5304 2716 5378; x_wconf 86' lang='lat' dir='ltr'><strong>statim</strong></span> <span class='ocrx_word' id='word_1_792' title='bbox 2750 5317 2875 5378; x_wconf 75' lang='lat' dir='ltr'><strong>cap.</strong></span> <span class='ocrx_word' id='word_1_793' title='bbox 2902 5292 3182 5378; x_wconf 45' lang='grc' dir='ltr'>-ᾍπάθειά</span> <span class='ocrx_word' id='word_1_794' title='bbox 3221 5292 3358 5352; x_wconf 76' lang='grc' dir='ltr'>ἐστὶ.</span> <span class='ocrx_word' id='word_1_795' title='bbox 3405 5296 3474 5378; x_wconf 76' lang='lat' dir='ltr'><strong>Ut</strong></span> <span class='ocrx_word' id='word_1_796' title='bbox 3505 5297 3642 5378; x_wconf 79' lang='lat' dir='ltr'><strong>enim</strong></span> <span class='ocrx_word' id='word_1_797' title='bbox 3675 5292 3846 5378; x_wconf 44' lang='grc' dir='ltr'><strong>ξιὲςηξιξ</strong></span> 
     </span>
    </p>
   </div>
   <div class='ocr_carea' id='block_1_112' title="bbox 2326 5357 3846 5478">
    <p class='ocr_par' dir='ltr' id='par_1_112' title="bbox 2326 5357 3846 5478">
     <span class='ocr_line' id='line_1_113' title="bbox 2326 5357 3846 5446; baseline -0.013 -18"><span class='ocrx_word' id='word_1_798' title='bbox 2326 5357 2614 5438; x_wconf 69' lang='lat' dir='ltr'><strong>virtutem,</strong></span> <span class='ocrx_word' id='word_1_799' title='bbox 2645 5375 2729 5428; x_wconf 90' lang='lat' dir='ltr'><strong>sic</strong></span> <span class='ocrx_word' id='word_1_800' title='bbox 2782 5357 2919 5428; x_wconf 74' lang='lat' dir='ltr'><strong>illud</strong></span> <span class='ocrx_word' id='word_1_801' title='bbox 2959 5373 3016 5427; x_wconf 89' lang='lat' dir='ltr'><strong>in</strong></span> <span class='ocrx_word' id='word_1_802' title='bbox 3055 5372 3253 5426; x_wconf 90' lang='lat' dir='ltr'><strong>vitium</strong></span> <span class='ocrx_word' id='word_1_803' title='bbox 3302 5376 3479 5432; x_wconf 88' lang='lat' dir='ltr'><strong>sonat,</strong></span> <span class='ocrx_word' id='word_1_804' title='bbox 3528 5367 3603 5422; x_wconf 93' lang='lat' dir='ltr'><strong>sic</strong></span> <span class='ocrx_word' id='word_1_805' title='bbox 3628 5357 3846 5446; x_wconf 65' lang='lat' dir='ltr'><strong>absolute</strong></span> 
     </span>
     <span class='ocr_line' id='line_1_114' title="bbox 2329 5423 3843 5478; baseline -0.001 0"><span class='ocrx_word' id='word_1_806' title='bbox 2329 5447 2606 5478; x_wconf 67' lang='grc' dir='ltr'><strong>...ηιηαηηι</strong></span> <span class='ocrx_word' id='word_1_807' title='bbox 2629 5461 2643 5474; x_wconf 84' lang='grc'><strong>.</strong></span> <span class='ocrx_word' id='word_1_808' title='bbox 2679 5453 2738 5478; x_wconf 69' lang='grc' dir='ltr'>..ρ</span> <span class='ocrx_word' id='word_1_809' title='bbox 2763 5454 2817 5478; x_wconf 66' lang='grc' dir='ltr'>οι</span> <span class='ocrx_word' id='word_1_810' title='bbox 2850 5443 3010 5478; x_wconf 65' lang='grc' dir='ltr'>..ηιιςα</span> <span class='ocrx_word' id='word_1_811' title='bbox 3048 5441 3207 5478; x_wconf 64' lang='lat' dir='ltr'><strong>Iun-An</strong></span> <span class='ocrx_word' id='word_1_812' title='bbox 3244 5439 3687 5478; x_wconf 65' lang='lat' dir='ltr'><strong>onlnnndnncclm</strong></span> <span class='ocrx_word' id='word_1_813' title='bbox 3703 5423 3843 5478; x_wconf 75' lang='lat' dir='ltr'><strong>reddit</strong></span> 
     </span>
    </p>
   </div>
   <div class='ocr_carea' id='block_1_113' title="bbox 2371 5425 3843 5521">
    <p class='ocr_par' dir='ltr' id='par_1_113' title="bbox 2371 5425 3843 5521">
     <span class='ocr_line' id='line_1_115' title="bbox 2371 5425 3843 5521; baseline -0.01 -21"><span class='ocrx_word' id='word_1_814' title='bbox 2371 5425 2614 5500; x_wconf 63' lang='grc' dir='ltr'><strong>ἷόιῐιὶῦἑὶἱ</strong></span> <span class='ocrx_word' id='word_1_815' title='bbox 2629 5425 2666 5510; x_wconf 58' lang='grc' dir='ltr'><em>ξ</em></span> <span class='ocrx_word' id='word_1_816' title='bbox 2679 5425 2742 5500; x_wconf 69' lang='grc' dir='ltr'>ίιί</span> <span class='ocrx_word' id='word_1_817' title='bbox 2763 5425 2837 5499; x_wconf 58' lang='grc' dir='ltr'>ἀι</span> <span class='ocrx_word' id='word_1_818' title='bbox 2850 5425 3013 5500; x_wconf 70' lang='lat' dir='ltr'><strong>nobis</strong></span> <span class='ocrx_word' id='word_1_819' title='bbox 3046 5441 3228 5521; x_wconf 62' lang='lat' dir='ltr'><strong>libido,</strong></span> <span class='ocrx_word' id='word_1_820' title='bbox 3243 5456 3310 5495; x_wconf 88' lang='lat' dir='ltr'><strong>ac</strong></span> <span class='ocrx_word' id='word_1_821' title='bbox 3326 5425 3489 5521; x_wconf 73' lang='lat' dir='ltr'><strong>(quod</strong></span> <span class='ocrx_word' id='word_1_822' title='bbox 3507 5425 3843 5521; x_wconf 44' lang='lat' dir='ltr'><strong>pas&#39;s&#39;itnj</strong></span> 
     </span>
    </p>
   </div>
   <div class='ocr_carea' id='block_1_114' title="bbox 2329 5462 3842 5599">
    <p class='ocr_par' dir='ltr' id='par_1_114' title="bbox 2329 5462 3842 5599">
     <span class='ocr_line' id='line_1_116' title="bbox 2371 5462 3842 5510; baseline -0.008 -10"><span class='ocrx_word' id='word_1_823' title='bbox 2371 5462 2608 5500; x_wconf 71' lang='lat' dir='ltr'><strong>ronatum</strong></span> <span class='ocrx_word' id='word_1_824' title='bbox 2629 5462 2644 5510; x_wconf 87' lang='grc'><strong>;</strong></span> <span class='ocrx_word' id='word_1_825' title='bbox 2679 5462 2742 5500; x_wconf 83' lang='grc' dir='ltr'><strong>ιιι</strong></span> <span class='ocrx_word' id='word_1_826' title='bbox 2763 5462 2820 5499; x_wconf 77' lang='grc' dir='ltr'>θι</span> <span class='ocrx_word' id='word_1_827' title='bbox 2850 5462 3013 5500; x_wconf 74' lang='grc'>110018</span> <span class='ocrx_word' id='word_1_828' title='bbox 3046 5462 3228 5503; x_wconf 77' lang='grc' dir='ltr'>ιιυιαο,</span> <span class='ocrx_word' id='word_1_829' title='bbox 3243 5462 3310 5495; x_wconf 83' lang='lat' dir='ltr'><strong>ac</strong></span> <span class='ocrx_word' id='word_1_830' title='bbox 3326 5462 3489 5510; x_wconf 56' lang='lat' dir='ltr'><strong>(quau</strong></span> <span class='ocrx_word' id='word_1_831' title='bbox 3507 5462 3688 5508; x_wconf 67' lang='lat' dir='ltr'><strong>pusum</strong></span> <span class='ocrx_word' id='word_1_832' title='bbox 3703 5462 3842 5482; x_wconf 75' lang='grc' dir='ltr'>ιῡυυι·</span> 
     </span>
     <span class='ocr_line' id='line_1_117' title="bbox 2329 5462 3842 5599; baseline 0.001 -2"><span class='ocrx_word' id='word_1_833' title='bbox 2329 5462 2874 5599; x_wconf 62' lang='grc' dir='ltr'><strong>ῗιίετοηγωιιε.εεπη</strong></span> <span class='ocrx_word' id='word_1_834' title='bbox 2923 5514 3140 5599; x_wconf 58' lang='lat' dir='ltr'><strong>voca»</strong></span> <span class='ocrx_word' id='word_1_835' title='bbox 3190 5511 3530 5599; x_wconf 50' lang='lat' dir='ltr'><strong>arerem;</strong></span> <span class='ocrx_word' id='word_1_836' title='bbox 3584 5501 3842 5599; x_wconf 56' lang='lat'><strong>99123::</strong></span> 
     </span>
    </p>
   </div>
   <div class='ocr_carea' id='block_1_115' title="bbox 2329 5578 3838 5661">
    <p class='ocr_par' dir='ltr' id='par_1_115' title="bbox 2329 5578 3838 5661">
     <span class='ocr_line' id='line_1_118' title="bbox 2329 5578 3838 5661; baseline -0.009 -19"><span class='ocrx_word' id='word_1_837' title='bbox 2329 5587 2504 5643; x_wconf 87' lang='lat' dir='ltr'><strong>Stoici</strong></span> <span class='ocrx_word' id='word_1_838' title='bbox 2538 5578 2596 5641; x_wconf 77' lang='lat' dir='ltr'><strong>in</strong></span> <span class='ocrx_word' id='word_1_839' title='bbox 2622 5585 2873 5655; x_wconf 87' lang='lat' dir='ltr'><strong>sapiente</strong></span> <span class='ocrx_word' id='word_1_840' title='bbox 2895 5584 2962 5637; x_wconf 74' lang='grc' dir='ltr'><strong>τὰ</strong></span> <span class='ocrx_word' id='word_1_841' title='bbox 2990 5578 3139 5651; x_wconf 77' lang='grc' dir='ltr'>πάθη</span> <span class='ocrx_word' id='word_1_842' title='bbox 3164 5578 3558 5661; x_wconf 78' lang='lat' dir='ltr'><strong>admittebant;</strong></span> <span class='ocrx_word' id='word_1_843' title='bbox 3581 5578 3655 5661; x_wconf 60' lang='lat' dir='ltr'><strong>sic</strong></span> 
     </span>
    </p>
   </div>
   <div class='ocr_carea' id='block_1_116' title="bbox 2328 5645 3838 5728">
    <p class='ocr_par' dir='ltr' id='par_1_116' title="bbox 2328 5645 3838 5728">
     <span class='ocr_line' id='line_1_119' title="bbox 2328 5645 3838 5728; baseline 0.003 -5"><span class='ocrx_word' id='word_1_844' title='bbox 2328 5659 2528 5713; x_wconf 68' lang='lat' dir='ltr'><strong>stricte</strong></span> <span class='ocrx_word' id='word_1_845' title='bbox 2578 5645 2805 5726; x_wconf 68' lang='lat' dir='ltr'><strong>accépta</strong></span> <span class='ocrx_word' id='word_1_846' title='bbox 2846 5671 2913 5728; x_wconf 62' lang='lat' dir='ltr'><strong>ea</strong></span> <span class='ocrx_word' id='word_1_847' title='bbox 2969 5645 3157 5728; x_wconf 61' lang='grc' dir='ltr'><strong>νοςφξ</strong></span> <span class='ocrx_word' id='word_1_848' title='bbox 3209 5668 3339 5708; x_wconf 77' lang='lat' dir='ltr'><strong>cum</strong></span> <span class='ocrx_word' id='word_1_849' title='bbox 3380 5645 3838 5728; x_wconf 59' lang='grc' dir='ltr'><strong>ρίθιθεβιπὶἓείὲτὶῗ</strong></span> 
     </span>
    </p>
   </div>
   <div class='ocr_carea' id='block_1_117' title="bbox 2328 5715 3836 5799">
    <p class='ocr_par' dir='ltr' id='par_1_117' title="bbox 2328 5715 3836 5799">
     <span class='ocr_line' id='line_1_120' title="bbox 2328 5715 3836 5799; baseline -0.013 -17"><span class='ocrx_word' id='word_1_850' title='bbox 2328 5744 2443 5782; x_wconf 90' lang='lat' dir='ltr'><strong>non</strong></span> <span class='ocrx_word' id='word_1_851' title='bbox 2476 5715 2736 5799; x_wconf 56' lang='lat' dir='ltr'><strong>respuat}</strong></span> <span class='ocrx_word' id='word_1_852' title='bbox 2770 5725 2869 5782; x_wconf 90' lang='lat' dir='ltr'><strong>sed</strong></span> <span class='ocrx_word' id='word_1_853' title='bbox 2899 5715 3224 5799; x_wconf 75' lang='grc' dir='ltr'>μειωθέντα.</span> <span class='ocrx_word' id='word_1_854' title='bbox 3252 5731 3312 5778; x_wconf 88' lang='lat' dir='ltr'><strong>et</strong></span> <span class='ocrx_word' id='word_1_855' title='bbox 3355 5715 3422 5799; x_wconf 64' lang='lat' dir='ltr'><strong>ad</strong></span> <span class='ocrx_word' id='word_1_856' title='bbox 3466 5715 3836 5799; x_wconf 52' lang='lat' dir='ltr'><strong>mediocritalggl:</strong></span> 
     </span>
    </p>
   </div>
   <div class='ocr_carea' id='block_1_118' title="bbox 2328 5773 3836 5876">
    <p class='ocr_par' dir='ltr' id='par_1_118' title="bbox 2328 5773 3836 5876">
     <span class='ocr_line' id='line_1_121' title="bbox 2328 5773 3836 5876; baseline 0.003 -23"><span class='ocrx_word' id='word_1_857' title='bbox 2328 5773 3310 5876; x_wconf 42' lang='lat' dir='ltr'><strong>Hiiohié&#39;r&#39;éinb{:{fqﬁéﬁdciyﬁt;</strong></span> <span class='ocrx_word' id='word_1_858' title='bbox 3332 5773 3481 5876; x_wconf 49' lang='lat' dir='ltr'><strong>litt!!!</strong></span> <span class='ocrx_word' id='word_1_859' title='bbox 3511 5773 3836 5876; x_wconf 45' lang='grc' dir='ltr'><strong>νίξιπξιξῗῇ-Ηίθ</strong></span> 
     </span>
    </p>
   </div>
   <div class='ocr_carea' id='block_1_119' title="bbox 2330 5857 3775 5940">
    <p class='ocr_par' dir='ltr' id='par_1_119' title="bbox 2330 5857 3775 5940">
     <span class='ocr_line' id='line_1_122' title="bbox 2330 5857 3775 5940; baseline -0.012 -16"><span class='ocrx_word' id='word_1_860' title='bbox 2330 5869 2600 5925; x_wconf 75' lang='lat' dir='ltr'><strong>Maximus</strong></span> <span class='ocrx_word' id='word_1_861' title='bbox 2630 5868 2790 5940; x_wconf 84' lang='lat' dir='ltr'><strong>quasi</strong></span> <span class='ocrx_word' id='word_1_862' title='bbox 2819 5857 2992 5923; x_wconf 74' lang='lat' dir='ltr'><strong>inium</strong></span> <span class='ocrx_word' id='word_1_863' title='bbox 3023 5857 3203 5924; x_wconf 67' lang='lat' dir='ltr'><strong>habet</strong></span> <span class='ocrx_word' id='word_1_864' title='bbox 3224 5865 3311 5934; x_wconf 85' lang='grc' dir='ltr'>τὸ,</span> <span class='ocrx_word' id='word_1_865' title='bbox 3331 5863 3504 5927; x_wconf 73' lang='lat' dir='ltr'><strong>meo;</strong></span> <span class='ocrx_word' id='word_1_866' title='bbox 3528 5869 3579 5915; x_wconf 86' lang='lat' dir='ltr'><strong>et</strong></span> <span class='ocrx_word' id='word_1_867' title='bbox 3605 5857 3775 5912; x_wconf 76' lang='grc' dir='ltr'>Κακία.</span> 
     </span>
    </p>
   </div>
  </div>
