3898 6430
575 395 682 460 ’991

1744 410 1806 471 S.
1847 407 2132 469 ΜΑΧΙΜΙ
2169 405 2674 468 CONFESSORIS

3694 401 3783 463 992

586 505 738 576 scopi
769 507 1026 579 denique,
1047 511 1140 583 qui
1166 528 1322 569 sacro
1350 524 1630 586 unguento
1649 517 1893 574 scientia:
1920 517 2127 573 adoran

2257 515 2503 587 δώνυμον
2530 517 2733 585 γνῶσιν
2781 514 3122 587 ἐξαφανίζων
3142 530 3160 547 ⁶
3218 515 3518 568 ἐπισκοπου
3562 510 3635 574 δὲ,
3666 513 3691 563 ὁ
3719 510 3781 578 τῷ

587 595 670 650 dae
699 608 1007 670 sanctarque
1045 603 1329 660 Trinitatis
1360 607 1587 676 perlicit.

659 769 745 824 22.
773 773 1121 830 lniirmantur
1139 778 1434 840 daemones,
1459 779 1589 834 dum
1613 781 1706 850 qui
1731 782 1784 835 in
1815 781 1976 836 nobis
2020 782 2150 837 alre-

586 866 709 915 ctus
740 873 946 920 suntac
966 866 1245 933 libidines,
1267 872 1518 925 mandata
1553 873 1860 942 pragstando
1890 874 2152 929 minuun-

587 956 710 1001 tur:
739 964 974 1021 pereunt
1002 972 1152 1022 vero,
1203 975 1326 1013 cum
1362 972 1516 1030 parta
1574 965 1740 1016 animi
1782 965 2151 1034 imperturba-

585 1036 754 1103 tione,
817 1043 912 1098 illo
970 1048 1347 1120 proﬂigantnr,
1386 1069 1493 1106 non
1529 1055 1762 1124 amplius
1810 1056 2154 1112 invenientes

580 1131 782 1198 quibus
811 1135 864 1188 in
892 1153 961 1191 eo
992 1141 1328 1207 residebant,
1357 1160 1421 1198 ac
1453 1145 1596 1200 bello
1627 1147 1987 1202 lacessebant.
2035 1148 2149 1203 Sit-

577 1237 684 1290 que
702 1223 755 1277 id
791 1229 936 1294 quod
970 1229 1042 1284 ita
1077 1231 1286 1288 dictum
1313 1246 1425 1291 est:
1451 1237 1891 1306 Inﬁrmabuntur,
1923 1247 1974 1292 et
2001 1243 2146 1310 peri-

575 1311 703 1366 bunt
740 1335 772 1369 a
806 1319 940 1386 facie
969 1331 1060 1377 tua
1090 1322 1156 1378 “.

644 1403 734 1458 25.
768 1409 872 1462 Alii
896 1410 1180 1468 hominum
1215 1416 1454 1471 humano
1492 1419 1687 1474 timore
1727 1437 1784 1474 se
1808 1437 1837 1475 a
1859 1422 2012 1477 vitiis
2042 1423 2144 1477 ab-

567 1492 814 1562 stinent;
846 1500 960 1564 alii,
993 1501 1174 1558 inanis
1207 1506 1412 1576 gloria;
1437 1509 1551 1573 alii,
1573 1511 1927 1566 continentiae
1955 1529 2140 1581 causa;

570 1583 666 1637 alii
705 1585 944 1659 denique
975 1591 1042 1647 iis
1092 1595 1418 1664 liberantur,
1459 1600 1772 1656 divinorum
1803 1604 2140 1674 judiciorum

571 1684 782 1734 terrore
812 1687 1082 1740 exterriti.

637 1769 726 1824 24.
759 1771 953 1830 Cuncti
979 1778 1192 1834 Domini
1229 1798 1533 1849 sermones,
1565 1796 1805 1856 quatuor
1841 1789 1956 1844 haec
1989 1805 2138 1844 com-

2258 607 2399 678 ἁγίῳ
2436 607 2594 680 μύρῳ
2621 609 2846 663 τελειῶν
2889 609 2990 679 τῆς
3019 606 3274 677 γνώσεως
3312 604 3411 674 τῆς
3442 601 3782 672 προσκυνττῆς

2253 697 2349 750 καὶ
2393 697 2555 766 ἁγίας
2581 698 2832 768 Τριάδος-
3035 781 3049 789 Α
3112 785 3124 789 _
3182 785 3192 789 _
3431 782 3454 789 _
3589 779 3650 789 ,,
3731 778 3750 789 .

2323 785 2428 856 κβ’.
2475 786 2789 840 Ἀσθενοῦσι
2847 787 2945 858 μὲν
3000 781 3052 838 οί
3107 785 3379 853 δαίμονες,
3427 782 3554 833 ὅταν
3585 779 3663 831 διὰ
3697 779 3784 831 τῶν

2251 875 2481 930 ἐντολῶν
2514 878 2776 948 μειῶνται
2806 877 2874 930 τὰ
2907 875 3055 945 πάθη
3093 875 3162 928 τὰ
3193 876 3251 925 ἐν
3292 877 3446 942 ἡμῖν’
3494 870 3784 925 ἀπόλλυνται

2249 966 2328 1032 δὲ,
2355 968 2484 1023 ὅταν
2511 972 2591 1034 είς
2617 970 2770 1034 τέλος
2804 969 2894 1023 διὰ
2930 970 3030 1038 τῆς
3059 967 3325 1028 ἀπαθείας
3368 965 3466 1034 τῆς
3502 961 3671 1032 ψυχῆς
3715 961 3783 1024 ὲξτ

2250 1060 2643 1128 αφανίζωνται,
2679 1062 2880 1133 μηκέτι
2910 1060 3251 1131 εὑρίσκοντες
3296 1057 3365 1110 τὰ
3395 1056 3463 1110 δι’
3485 1047 3559 1106 ὧν
3596 1057 3650 1107 ὲν
3674 1054 3784 1121 αὐτῇ

2248 1151 2561 1222 εὑρίσκοντο
2610 1153 2705 1206 καὶ
2751 1153 3047 1223 ἐπολέμουν
3083 1151 3252 1222 αὐτήν
3271 1167 3284 1180 ·
3315 1148 3410 1202 καὶ
3440 1146 3599 1200 τοῦτο
3628 1145 3686 1198 ἂν
3720 1147 3785 1214 εἴη

2246 1236 2328 1303 τὸ,
2372 1227 2824 1308 Ἁσθενήσουσι,
2845 1243 2940 1296 καὶ
2965 1240 3332 1296 ἀπολοῦνται
3359 1237 3479 1293 ἀπὸ
3499 1237 3788 1305 προσώπου

2246 1343 2384 1385 σου.

2318 1426 2422 1490 κγ’.
2461 1421 2524 1475 Οἱ
2572 1423 2671 1492 μὲν
2705 1424 2816 1478 τῶν
2840 1422 3144 1496 ἀνθρώπων
3173 1425 3260 1477 διὰ
3285 1423 3449 1492 φόϐον
3483 1419 3792 1488 ἀνθρώπινον

2243 1510 2352 1564 τῶν
2390 1512 2577 1567 παθῶν
2620 1515 2934 1586 ἀπέχονταυ
2969 1517 3020 1569 οἱ
3062 1516 3139 1580 δὲ,
3171 1516 3262 1568 διὰ
3310 1512 3634 1578 κενοδοξίαν·
3667 1511 3794 1562 ἄλλοι

2243 1603 2321 1664 δὲ,
2341 1603 2408 1656 δι’
2429 1604 2779 1676 ἐγκράτειανο
2807 1607 2986 1679 ἕτεροι
3007 1609 3084 1673 δὲ,
3109 1607 3198 1661 διὰ
3224 1607 3386 1661 θείων
3408 1605 3688 1676 χριμάτων
3705 1603 3795 1655 τῶν

2243 1694 2434 1748 παθῶν
2453 1697 2886 1769 ἐλευθεροῦνται.

2317 1787 2415 1842 κδ’.
2441 1793 2650 1856 Πάντες
2671 1793 2721 1846 οἱ
2753 1791 2903 1863 λόγοι
2926 1794 3021 1848 τοῦ
3051 1794 3280 1864 Κυρίου,
3310 1791 3382 1846 τά
3413 1790 3653 1860 τέσσαρ’-ι
3678 1784 3794 1840 ταῦ-

566 1861 919 1934 pleetuntur;
949 1870 1160 1926 scilicet
1209 1875 1486 1940 mandata,
1513 1877 1731 1932 decreta
1749 1897 1842 1933 seu
1862 1881 2130 1952 dogmata.

2244 1897 2306 1934 τα
2346 1884 2680 1955 περιέχουσι·
2715 1856 3096 1951 τὰς’ἐντολὰς,
3129 1856 3199 1939 τὰ
3229 1885 3500 1955 δόγματα,
3530 1856 3628 1944 τάς
3656 1881 3796 1933 ἀπει-

568 1956 764 2022 minas,
800 1963 1067 2028 promissa
1103 1983 1116 2018 :
1151 1982 1481 2039 omnemque
1512 1971 1754 2027 durioris
1790 1975 1913 2028 vitae
1970 1974 2139 2029 disci-

565 2048 772 2116 plinam
832 2055 1171 2112 sustinemus
1206 2058 1424 2114 illorum
1480 2077 1678 2129 causa;
1726 2074 1854 2134 puta
1907 2067 2134 2136 jejunia,

562 2139 797 2209 vigilias,
839 2144 1224 2214 humisternia,
1282 2152 1502 2208 labores
1543 2165 1599 2209 et
1660 2158 1939 2212 molestias
1991 2159 2135 2214 inter

565 2229 1016 2302 ministrandum,
1055 2238 1380 2310 injuriarum
1413 2247 1826 2314 procacitatem,
1861 2249 2133 2315 infamias,

562 2327 858 2388 tormenta,
898 2336 1124 2393 mortes,
1181 2338 1344 2400 atque
1393 2333 1480 2388 his
1505 2335 1723 2390 similia.
1752 2337 1842 2390 Ait
1871 2339 2081 2392 ctenim
2117 2356 2131 2394 :

561 2409 786 2482 Erepter
811 2417 966 2472 verba
1018 2417 1282 2476 labiorum
1323 2433 1536 2479 tuorum
1589 2444 1680 2498 ego
1729 2431 1982 2485 custodivi
2022 2437 2133 2486 vias

557 2503 721 2559 duras
753 2507 819 2561 δ’.

627 2598 717 2652 25.
744 2598 1112 2659 Continentiae
1142 2620 1377 2672 merces,
1404 2612 1683 2681 tranquilli
1715 2614 1882 2668 animi
1911 2615 2134 2673 habitus

555 2703 621 2742 ac
660 2689 1083 2759 imperturbatio
1131 2709 1258 2753 est:
1317 2699 1444 2753 iidei
1488 2710 1692 2767 autem,
1750 2705 1998 2761 scientia.
2053 2708 2132 2764 Ac

555 2779 778 2848 quidem
815 2783 1253 2857 imperturbatio,
1269 2791 1691 2862 discretionem;
1713 2797 1947 2854 scientia
1975 2816 2128 2868 vero,

553 2872 881 2930 charitatem
921 2879 978 2933 in
1012 2881 1184 2936 Deum
1221 2885 1389 2954 parit.

620 2963 709 3018 96.
748 2965 898 3022 Mens
935 2970 1038 3024 rite
1077 2957 1293 3030 actione
1323 2975 1645 3048 defungcns,
1681 2980 1748 3035 ad
1777 2983 2128 3052 prudentiam

550 3057 808 3124 proﬁcit;
850 3059 1082 3132 fungens
1117 3080 1248 3120 vero
1312 3071 1802 3139 contemplatione,
1833 3077 1901 3131 ad
1946 3079 2129 3134 scicn-

550 3148 703 3202 tiam.
738 3150 816 3206 Ac
847 3152 1050 3220 prioris
1071 3156 1294 3224 quidem
1351 3160 1525 3213 munii
1555 3171 1660 3224 cst,
1696 3175 1757 3220 ut
1799 3168 1868 3222 ad
1901 3170 2125 3228 virtutis

545 3249 709 3311 atque
733 3242 849 3297 vitii
881 3245 1292 3315 discretionem,
1320 3259 1621 3308 certantem
1651 3256 1926 3328 adducat;
1985 3265 2124 3319 alte-

451 3361 456 3370 π
546 3333 663 3388 rius
697 3351 852 3400 vero,
882 3347 942 3391 ut
978 3354 1104 3392 eum
1142 3339 1234 3409 qui
1277 3341 1426 3399 illius
1448 3346 1726 3418 particeps
1748 3351 1838 3416 sit,
1859 3353 1927 3408 ad
1956 3355 2122 3424 spiri-

544 3435 698 3481 tuum
726 3445 1132 3501 corporumque
1162 3432 1324 3504 413
1349 3437 1592 3493 rationes
1621 3443 1908 3510 provehat.
1935 3445 2123 3504 Gratia

542 3529 732 3575 autem
784 3523 1100 3594 theologica
1129 3533 1262 3580 tunc
1293 3526 1516 3582 demum
1555 3531 1837 3602 dignatur,
1873 3553 1996 3593 cum
2034 3541 2124 3597 his

540 3629 664 3682 qua:
711 3614 860 3669 dicta
896 3625 1045 3681 sunt,
1106 3618 1367 3674 omnibus
1430 3626 1722 3692 superatis,
1759 3639 2028 3702 nactaque
2060 3643 2122 3689 ut

540 3705 615 3759 sit
643 3705 697 3759 in
731 3707 865 3768 Deo,
895 3723 1017 3776 qua:
1055 3709 1204 3766 circa
1236 3711 1410 3770 Deum
1441 3727 1546 3782 est,
1579 3720 1870 3788 rationem,
1918 3739 2017 3794 pro
2050 3742 2119 3782 eo

537 3813 605 3853 ac
639 3797 894 3852 humanae
925 3801 1099 3855 menti
1121 3817 1444 3862 concessum
1463 3816 1568 3874 est,
1593 3826 1692 3880 per
1715 3813 1971 3883 spiritum
1994 3832 2121 3872 con-

538 3891 824 3946 sidcrabit.

604 3982 695 4038 27.
721 3985 928 4042 Divina
961 3986 1237 4055 scientiae,
1262 3989 1485 4062 Deoque
1519 4009 1744 4064 operam
1777 4008 2113 4068 navaturus,

537 4090 606 4130 ne
646 4075 793 4146 ipsas
832 4077 952 4149 ejus
991 4077 1240 4136 rationes
1274 4082 1536 4153 exquiras
1580 4084 1782 4158 (neque
1820 4089 1968 4143 enim
2005 4091 2115 4149 ulla

538 4183 779 4238 unquam
830 4169 1072 4228 humana
1118 4183 1304 4230 mente
1352 4185 1483 4231 sunt
1527 4180 2007 4252 pervestigabiles;
2058 4192 2115 4239 at

535 4279 714 4334 neque
756 4266 923 4322 ullius
966 4268 1217 4335 alterius,
1247 4285 1463 4340 eorum,
1490 4288 1612 4342 qua:
1648 4290 1679 4328 a
1722 4276 1834 4331 Deo
1870 4279 2113 4336 secunda

532 4354 683 4428 sunt)
720 4357 815 4412 sed
847 4373 1041 4414 eorum
1075 4376 1198 4430 quae
1228 4361 1376 4417 circa
1407 4371 1566 4428 sunt,
1594 4366 1774 4434 quoad
1809 4383 1909 4437 per
1935 4369 2111 4425 facul-

2237 1970 2357 2036 λὰς,
2385 1973 2482 2037 τὰς
2520 1975 2872 2045 ἐπαγγελίας·
2909 1977 3002 2031 καὶ⁵
3052 1978 3229 2030 πᾶσαν
3276 1973 3696 2046 σκληραγωγίαν
3720 1969 3794 2022 διὰ

2235 2060 2410 2116 ταῦτα
2433 2063 2798 2138 ὑπομένομενο
2828 2061 2962 2132 οἷον,
2996 2067 3273 2137 νηστείας,
3305 2064 3630 2139 ἀγρυπνίας.
3661 2079 3791 2133 χαμ-

2238 2155 2443 2221 ευνίας,
2509 2158 2713 2223 κόπους
2756 2161 2852 2213 καὶ¹
2884 2158 3116 2231 μόχθους
3153 2161 3209 2212 ἐν
3235 2158 3558 2222 διακονίαις,
3599 2156 3788 2224 ὕϐρεις,

2236 2245 2483 2318 ἀτιμίας,
2519 2250 2901 2323 στρεϐλώσεις,
2934 2253 3224 2316 θανάτους,
3257 2253 3354 2306 καὶ
3384 2251 3454 2304 τὰ
3493 2252 3671 2319 ὅμοια.
3707 2247 3790 2299 Διὰ

2235 2337 2344 2411 γὰρ
2382 2341 2524 2408 τοὺς
2573 2343 2796 2412 λόγους
2845 2344 2962 2398 τῶν
2990 2345 3210 2415 χειλῶν
3257 2361 3412 2410 σου,
3459 2344 3664 2413 φησιν,
3694 2341 3789 2408 ἐγὼ

2234 2431 2510 2500 ἐφύλαξα
2547 2434 2727 2502 ὁδοὺς
2774 2435 3075 2506 σκληράς.

2303 2619 2406 2668 κε’.
2441 2615 2650 2680 Μισθὸς
2699 2618 2801 2688 τῆς
2825 2617 3155 2688 ἐγκρατείας
3179 2660 3193 2681 ,
3244 2619 3278 2688 ἡ
3332 2616 3596 2670 ἀπάθεια·
3629 2615 3716 2684 τῆς
3740 2612 3785 2666 δὲ

2232 2701 2488 2767 πίστεως,
2520 2706 2553 2774 ἡ
2597 2704 2819 2774 γνῶσις·
2849 2708 2942 2762 καὶ
2974 2709 3007 2777 ἡ
3049 2709 3150 2779 μὲν
3191 2707 3451 2770 ἀπάθεια,
3501 2707 3671 2759 τίκτει
3703 2704 3786 2772 τὴν

2229 2791 2521 2863 διάκρισιν·
2553 2797 2586 2865 ὴ
2618 2796 2673 2848 δὲ
2713 2798 2934 2866 γνῶσις,
2979 2799 3081 2871 τὴν
3128 2802 3209 2864 είς
3238 2799 3370 2854 Θεὸν
3419 2799 3643 2869 ἀγάπην
3687 2794 3779 2868 [Fu

2228 2880 2328 2951 τὴν
2357 2880 2506 2936 θείαν
2531 2884 2799 2958 ἀγάπην].

2300 2973 2413 3040 κς⁹.
2443 2975 2761 3048 Πρακτικὴν
2819 2978 2918 3048 μὲν
2961 2981 2990 3034 ὁ
3033 2979 3161 3044 νοῦς
3193 2979 3500 3051 κατορθῶν,
3555 2979 3634 3042 είς
3665 2976 3778 3046 φρῦ·

2228 3081 2384 3133 νησιν
2414 3068 2747 3137 προκόπτει·
2784 3069 3128 3143 θεωρητικὴν
3177 3072 3254 3133 δὲ,
3312 3073 3392 3134 είς
3438 3069 3661 3139 γνῶσιν.
3687 3068 3780 3136 Τῆς

2233 3156 2331 3226 μὲν
2355 3159 2462 3228 γάρ
2505 3161 2672 3224 ἐστιν,
2725 3162 2806 3224 είς
2832 3162 3105 3234 διάκρισιν
3131 3163 3331 3234 ἀρετῆς
3361 3163 3456 3216 καὶ
3481 3163 3678 3224 κακίας
3703 3163 3780 3228 σέ·

2231 3266 2345 3322 ρειν
2370 3250 2460 3302 τὸν
2486 3251 2920 3322 ἀγωνιζόμενον
2967 3256 3070 3326 τῆς
3097 3256 3174 3321 δὲ,
3223 3257 3304 3320 είς
3329 3256 3460 3318 τοὺς
3502 3253 3630 3325 περὶ
3655 3255 3779 3305 deut—

2230 3341 2417 3409 μάτων
2444 3345 2539 3396 καὶ
2569 3347 2838 3415 σωμάτων
2871 3347 3062 3417 λόγους
3095 3350 3252 3418 ἄγειν
3277 3349 3372 3402 τὸν
3404 3349 3652 3418 μέτοχον.
3686 3345 3777 3413 Τῆς

2223 3433 2280 3486 δὲ
2323 3434 2645 3508 θεολογικῆς
2690 3438 2935 3510 χάριτος,
2988 3440 3351 3512 τοτηνικαῦτα
3407 3438 3772 3505 καταξιοῦται.

2223 3526 2458 3596 ὁπηνίκα
2490 3528 2558 3582 τὰ
2585 3531 2962 3602 προειρημένα
2989 3533 3166 3585 πάντα
3193 3533 3280 3586 διὰ
3308 3534 3417 3586 τῶν
3448 3533 3553 3602 τῆς
3582 3532 3772 3602 ἀγάπης

2224 3619 2440 3689 πτερῶν
2467 3619 2824 3690 διαπεράσας,
2855 3623 2950 3676 καὶ
2980 3625 3039 3676 ἐν
3059 3623 3178 3695 Θεῷ
3206 3625 3520 3694 γενόμενος,
3549 3626 3640 3677 τὸν
3667 3621 3772 3690 περὶ

2221 3708 2388 3763 αὑτοῦ
2427 3710 2586 3779 λόγον
2617 3711 2708 3766 διά
2738 3713 2831 3766 τοῦ
2873 3714 3206 3785 πνεύματος,
3247 3715 3321 3780 ὡς
3350 3717 3674 3788 ἀνθρωπίνῳ
3710 3713 3772 3783 νῷ

2219 3801 2466 3869 δυνατὸν,
2495 3804 2877 3876 διασκοπήσει.

2291 3985 2392 4051 κζ’.
2424 3990 2441 4009 ⁶
2475 3987 2760 4058 Θεολογεῖν
2792 3989 3025 4062 μέλλων,
3071 3991 3146 4062 μὴ
3185 3991 3312 4054 τοὺς
3342 3990 3466 4044 κατ’
3511 3991 3667 4045 αὐτὸν
3693 3989 3766 4057 ζη-

2216 4079 2389 4152 τήσῃς
2425 4080 2618 4149 λόγους
2681 4082 2785 4154 (οὺς
2812 4084 2888 4153 μὴ
2935 4084 3046 4153 γὰρ
3079 4082 3213 4154 εὕρῃ
3246 4084 3592 4154 ἀνθρώπινος
3624 4083 3732 4144 νοῦς
3752 4097 3764 4109 '

2215 4173 2333 4228 ἀλλ’
2373 4174 2494 4228 οὐδὲ
2545 4173 2705 4230 ἄλλου
2753 4179 2897 4241 τινὸς
2946 4178 3054 4231 τῶν
3100 4177 3241 4248 μετά
3277 4176 3454 4250 Θεὸν),
3507 4178 3640 4232 ἀλλά
3665 4176 3769 4236 τοὺς

2215 4266 2344 4338 περὶ
2374 4268 2536 4322 αὐτὸν
2555 4307 2570 4335 ,
2607 4269 2684 4332 ὡς
2714 4263 2828 4322 οἷόν
2849 4287 2910 4323 τε
2936 4314 2951 4337 ,
2981 4271 3286 4324 διασκόπει.
3316 4265 3442 4324 Οἷον
3485 4272 3612 4334 τοὺς
3661 4267 3768 4337 περὶ

2213 4359 2513 4430 ἀῖδιότητος
2533 4401 2548 4424 ,
2581 4361 2840 4433 ἀπειρίας
2873 4379 2931 4417 τε
2967 4365 3060 4416 καὶ
3096 4362 3379 4433 ἀοριστίας
3401 4403 3418 4428 ,
3453 4361 3768 4432 ἁγαθότητὸς

531 4455 700 4501 tatem
733 4449 982 4515 licuerit,
1008 4451 1246 4522 dispice;
1281 4463 1412 4523 puta
1441 4456 1795 4524 aaternitatis,
1824 4459 2110 4518 inﬁnitatis

2247 4469 2272 4504 ε
2301 4452 2397 4506 καὶ
2427 4453 2621 4521 σοφίας
2667 4455 2762 4507 καὶ
2795 4453 3078 4524 δυνάμεως
3097 4495 3112 4520 ,
3146 4455 3552 4564 δημιουργικῆς
3591 4471 3664 4564 τει
3690 4454 3765 4564 xiii

529 4554 594 4592 ac.
657 4539 1083 4607 immensitatis,
1149 4544 1522 4617 bonitatisque
1585 4558 1641 4603 et
1707 4550 1990 4619 sapientia:
2051 4562 2108 4607 et

2244 4542 2596 4612 :povoq-ctxﬁq,
2632 4542 2725 4595 καὶ
2751 4542 3007 4613 κριτικῆς
3031 4543 3142 4597 τῶν
3174 4542 3364 4596 ὄντων.
3396 4539 3569 4607 Οὗτος
3600 4543 3698 4613 γὰρ
3720 4543 3767 4592 ὲν

529 4639 812 4699 potentum,
840 4633 1044 4702 quibus
1074 4652 1163 4690 res
1190 4639 1459 4705 condidit,
1491 4641 1707 4711 illisque
1739 4645 2012 4712 providet,
2045 4661 2110 4701 ac

2244 4632 2519 4704 ,νθρώποις
2553 4634 2729 4706 μέγας
2765 4633 3053 4705 θεολόγος,
3103 4637 3134 4691 ὁ
3163 4636 3373 4690 τούτων
3417 4635 3552 4701 τοὺς
3601 4634 3766 4700 λόγοπ

522 4719 732 4789 judicio
787 4723 946 4794 regit.
997 4723 1101 4780 Hic
1159 4727 1308 4781 enim
1370 4729 1516 4784 inter
1567 4732 1828 4788 mortales
1878 4749 2109 4804 magnus

2247 4726 2312 4782 ἂν
2341 4727 2525 4792 ποσῶς
2557 4726 2912 4800 ἐξευρίσκων.

528 4812 815 4885 theologus
847 4822 950 4883 est,
972 4815 1067 4886 qui
1104 4819 1302 4873 horum
1337 4819 1580 4876 rationes
1613 4823 1882 4894 tantisper
1909 4825 2102 4880 saltem

523 4904 828 4961 adinvenit.

590 4995 681 5051 28.
708 4997 801 5051 Ille
825 4996 911 5052 vir
935 5007 1134 5070 potens
1162 5010 1267 5067 est,
1299 5003 1392 5073 qui
1426 5003 1718 5060 scientiam
1744 5008 1947 5064 actioni
1966 5025 2101 5065 con-

2275 5021 2381 5086 κη⁹.
2413 5012 2654 5076 Δυνατδς
2678 5012 2841 5087 ἀνὴρ,
2865 5014 2896 5067 δ
2922 5015 2990 5086 τῇ
3019 5012 3218 5086 πράξει
3248 5011 3350 5084 τὴν
3369 5011 3575 5081 γνῶσιν
3601 5008 3762 5075 συζεύ-

519 5088 718 5157 iunxit.
757 5089 893 5144 Nam
939 5091 1112 5147 altera
1156 5094 1412 5164 quidem,
1459 5097 1817 5168 cupiditatem
1865 5112 2104 5158 macerat

2244 5124 2319 5170 ις.
2354 5107 2434 5178 Τῇ
2474 5105 2573 5177 μὲν
2601 5104 2712 5177 γὰρ
2736 5146 2754 5172 ,
2798 5105 2897 5177 τὴν
2930 5104 3226 5175 ἐπιθυμίαν
3263 5103 3523 5176 μαραίνει
3561 5104 3656 5156 καὶ
3691 5101 3762 5153 τὸν

521 5180 768 5252 iramque
796 5185 980 5251 sedat;
1008 5187 1179 5241 altera
1201 5204 1355 5254 vero,
1380 5199 1563 5245 mente
1587 5191 1841 5248 sublimis
1858 5195 2025 5259 volat,
2049 5206 2104 5251 et

2244 5201 2375 5270 υμὸν
2418 5200 2620 5271 ἡμεροῖ
2642 5215 2657 5229 ·
2713 5200 2782 5270 τῇ
2837 5197 2895 5252 δὲ
2913 5238 2932 5264 ,
2983 5199 3075 5252 τὸν
3101 5199 3226 5253 νοῦν
3257 5199 3452 5268 πτεροῖ
3479 5236 3497 5261 ,
3526 5196 3621 5249 καὶ
3646 5195 3758 5264 πρὸ,

519 5273 573 5326 in
602 5275 773 5329 Deum
805 5277 1044 5333 excedit.
2041 5281 2048 5288 ’

2248 5290 2334 5345 εδν
2358 5289 2489 5360 ὲκδη
2497 5291 2609 5360 μετ.

587 5368 677 5422 29.
723 5369 861 5424 Cum
907 5372 1042 5426 dicit
1091 5374 1357 5431 Dominus
1405 5393 1420 5430 :
1475 5377 1587 5449 Ego
1635 5389 1683 5433 et
1731 5379 1894 5434 Pater
1935 5398 2100 5436 unum

2272 5386 2378 5439 κθ’.
2415 5383 2584 5438 Ὅταν
2606 5382 2741 5455 λέγῃ
2787 5381 3021 5453 Κύριος·
3058 5383 3219 5451 Ἐγὼ,
3271 5382 3369 5436 καὶ
3399 5385 3437 5437 ὁ
3462 5377 3754 5448 Πατὴρ,ὲίγ

515 5476 696 5516 sumus
721 5461 787 5527 “,
823 5467 1071 5520 eamdem
1119 5483 1241 5522 esse
1289 5470 1584 5525 essentiam
1633 5471 1924 5543 signiﬁcat.
1960 5473 2097 5529 Cum

2244 5491 2399 5542 σμεν
2427 5514 2442 5536 ,
2493 5473 2558 5528 τὺ
2597 5473 2794 5526 ταυτὸν
2839 5473 2940 5544 τῆς
2985 5473 3176 5530 οὐσίας
3217 5474 3495 5543 σημαίνει.
3527 5473 3680 5576 Ὅταν
3696 5467 3748 5576 ἑὲ

519 5567 648 5608 vero
679 5553 880 5610 iterum
912 5557 1024 5612 ait:
1057 5558 1171 5631 Ego
1203 5563 1259 5615 in
1287 5561 1470 5629 Patre,
1496 5572 1545 5617 et
1573 5561 1738 5618 Pater
1764 5565 1818 5618 in
1837 5583 1916 5618 me
1933 5575 2006 5620 est
2028 5566 2094 5631 “,

2248 5564 2366 5619 ἀλιν
2395 5563 2529 5635 λέγῃ
2551 5579 2566 5594 ο
2610 5563 2757 5633 Ἐγὼ
2784 5563 2854 5617 ἐν
2881 5560 2962 5628 τῷ
3007 5563 3212 5631 Harp},
3243 5562 3342 5616 καὶ
3394 5563 3430 5615 ό
3472 5558 3662 5625 Πατὴρ
3689 5555 3743 5606 ἐν

548 5689 590 5722 δ’
622 5691 762 5748 Psal.
799 5711 878 5763 ix,
910 5699 964 5752 4.
1044 5698 1088 5730 “
1133 5699 1275 5756 Psal.
1313 5718 1422 5764 xvi,
1450 5703 1536 5760 M.
1615 5704 1658 5737 ⁸³
1686 5704 1841 5761 Joan.
1884 5723 1934 5769 κ,
1966 5707 2053 5762 50.

2244 5705 2351 5763 bid.
2387 5704 2477 5760 58.

593 5834 607 5849 '
639 5829 864 5912 Eadem.
900 5833 1014 5889 fere
1046 5845 1188 5894 cent.
1222 5853 1260 5900 ι,
1295 5856 1342 5894 c.
1379 5839 1478 5896 ult.
