  <div class='ocr_page' id='page_1' title='image "/cluster/home/n/w/nwhite01/storage/ocr_20150623/90/hvd.32044019208016/504.png"; bbox 0 0 4048 6438; ppageno 0'>
   <div class='ocr_carea' id='block_1_1' title="bbox 217 381 318 447">
    <p class='ocr_par' dir='ltr' id='par_1_1' title="bbox 217 381 318 447">
     <span class='ocr_line' id='line_1_1' title="bbox 217 381 318 447; baseline 0 0"><span class='ocrx_word' id='word_1_1' title='bbox 217 381 318 447; x_wconf 84' lang='grc'><strong>993</strong></span> 
     </span>
    </p>
   </div>
   <div class='ocr_carea' id='block_1_2' title="bbox 1126 381 2611 447">
    <p class='ocr_par' dir='ltr' id='par_1_2' title="bbox 1126 381 2611 447">
     <span class='ocr_line' id='line_1_2' title="bbox 1126 381 2611 447; baseline 0.002 -4"><span class='ocrx_word' id='word_1_2' title='bbox 1126 381 1458 444; x_wconf 82' lang='lat' dir='ltr'><strong>CAPITUM</strong></span> <span class='ocrx_word' id='word_1_3' title='bbox 1499 383 1598 444; x_wconf 87' lang='lat' dir='ltr'><strong>DE</strong></span> <span class='ocrx_word' id='word_1_4' title='bbox 1635 382 2063 444; x_wconf 83' lang='lat' dir='ltr'><strong>CHARITATE</strong></span> <span class='ocrx_word' id='word_1_5' title='bbox 2099 382 2489 446; x_wconf 79' lang='lat' dir='ltr'><strong>CENTURIA</strong></span> <span class='ocrx_word' id='word_1_6' title='bbox 2526 385 2611 447; x_wconf 93' lang='lat' dir='ltr'><strong>II.</strong></span> 
     </span>
    </p>
   </div>
   <div class='ocr_carea' id='block_1_3' title="bbox 3351 377 3464 447">
    <p class='ocr_par' dir='ltr' id='par_1_3' title="bbox 3351 377 3464 447">
     <span class='ocr_line' id='line_1_3' title="bbox 3351 377 3464 447; baseline -0.044 0"><span class='ocrx_word' id='word_1_7' title='bbox 3351 377 3464 447; x_wconf 65' lang='lat'><strong>994</strong></span> 
     </span>
    </p>
   </div>
   <div class='ocr_carea' id='block_1_4' title="bbox 215 484 1808 568">
    <p class='ocr_par' dir='ltr' id='par_1_4' title="bbox 215 484 1789 560">
     <span class='ocr_line' id='line_1_4' title="bbox 215 484 1789 560; baseline 0.001 -17"><span class='ocrx_word' id='word_1_8' title='bbox 215 489 384 557; x_wconf 72' lang='grc' dir='ltr'>ἐμοί’,</span> <span class='ocrx_word' id='word_1_9' title='bbox 412 486 476 540; x_wconf 78' lang='grc' dir='ltr'>τὸ</span> <span class='ocrx_word' id='word_1_10' title='bbox 512 484 819 560; x_wconf 83' lang='grc' dir='ltr'>ἀχώριστον</span> <span class='ocrx_word' id='word_1_11' title='bbox 862 487 1013 558; x_wconf 80' lang='grc' dir='ltr'>δηλοῖ</span> <span class='ocrx_word' id='word_1_12' title='bbox 1047 487 1154 543; x_wconf 85' lang='grc' dir='ltr'><strong>τῶν</strong></span> <span class='ocrx_word' id='word_1_13' title='bbox 1182 489 1552 546; x_wconf 84' lang='grc' dir='ltr'>ὑποστάσεων.</span> <span class='ocrx_word' id='word_1_14' title='bbox 1604 493 1666 545; x_wconf 81' lang='lat' dir='ltr'><strong>Oi</strong></span> <span class='ocrx_word' id='word_1_15' title='bbox 1698 487 1789 544; x_wconf 78' lang='grc' dir='ltr'>οὖν</span> 
     </span>
    </p>
   </div>
   <div class='ocr_carea' id='block_1_5' title="bbox 1908 484 3467 568">
    <p class='ocr_par' dir='ltr' id='par_1_5' title="bbox 1914 488 3467 568">
     <span class='ocr_line' id='line_1_5' title="bbox 1914 488 3467 568; baseline 0.001 -23"><span class='ocrx_word' id='word_1_16' title='bbox 1914 492 2184 546; x_wconf 86' lang='lat' dir='ltr'><strong>ndivisam</strong></span> <span class='ocrx_word' id='word_1_17' title='bbox 2236 508 2592 562; x_wconf 85' lang='lat' dir='ltr'><strong>personarum</strong></span> <span class='ocrx_word' id='word_1_18' title='bbox 2638 488 3081 564; x_wconf 65' lang='lat' dir='ltr'><strong>coniunctionem</strong></span> <span class='ocrx_word' id='word_1_19' title='bbox 3126 490 3467 568; x_wconf 56' lang='lat' dir='ltr'><strong>manifestat:</strong></span> 
     </span>
    </p>
   </div>
   <div class='ocr_carea' id='block_1_6' title="bbox 218 577 1793 653">
    <p class='ocr_par' dir='ltr' id='par_1_6' title="bbox 218 577 1793 653">
     <span class='ocr_line' id='line_1_6' title="bbox 218 577 1793 653; baseline 0.001 -19"><span class='ocrx_word' id='word_1_20' title='bbox 218 577 502 650; x_wconf 76' lang='grc' dir='ltr'>Τριθεῖται</span> <span class='ocrx_word' id='word_1_21' title='bbox 542 578 867 649; x_wconf 74' lang='grc' dir='ltr'><strong>χωρίζοντες</strong></span> <span class='ocrx_word' id='word_1_22' title='bbox 901 578 993 633; x_wconf 88' lang='grc' dir='ltr'><strong>τοῦ</strong></span> <span class='ocrx_word' id='word_1_23' title='bbox 1025 580 1238 651; x_wconf 82' lang='grc' dir='ltr'>Πατρὸς</span> <span class='ocrx_word' id='word_1_24' title='bbox 1267 580 1359 634; x_wconf 81' lang='grc' dir='ltr'>τὸν</span> <span class='ocrx_word' id='word_1_25' title='bbox 1394 581 1549 646; x_wconf 82' lang='grc' dir='ltr'>Υίὸν,</span> <span class='ocrx_word' id='word_1_26' title='bbox 1580 584 1659 644; x_wconf 87' lang='grc' dir='ltr'><strong>είς</strong></span> <span class='ocrx_word' id='word_1_27' title='bbox 1686 582 1793 653; x_wconf 85' lang='grc' dir='ltr'>άμ-</span> 
     </span>
    </p>
   </div>
   <div class='ocr_carea' id='block_1_7' title="bbox 219 671 1795 742">
    <p class='ocr_par' dir='ltr' id='par_1_7' title="bbox 219 671 1795 742">
     <span class='ocr_line' id='line_1_7' title="bbox 219 671 1795 742; baseline 0.002 -19"><span class='ocrx_word' id='word_1_28' title='bbox 219 674 531 741; x_wconf 76' lang='grc' dir='ltr'>φὶκρημνον</span> <span class='ocrx_word' id='word_1_29' title='bbox 562 671 950 742; x_wconf 77' lang='grc' dir='ltr'>ἐμπίπτουσιν.</span> <span class='ocrx_word' id='word_1_30' title='bbox 988 671 1057 726; x_wconf 84' lang='grc' dir='ltr'><strong>Ἦ</strong></span> <span class='ocrx_word' id='word_1_31' title='bbox 1098 673 1209 742; x_wconf 86' lang='grc' dir='ltr'>γὰρ</span> <span class='ocrx_word' id='word_1_32' title='bbox 1246 673 1517 728; x_wconf 66' lang='grc' dir='ltr'>πναῖδιον</span> <span class='ocrx_word' id='word_1_33' title='bbox 1545 673 1795 742; x_wconf 79' lang='grc' dir='ltr'>λέγοντες</span> 
     </span>
    </p>
   </div>
   <div class='ocr_carea' id='block_1_8' title="bbox 217 763 1794 836">
    <p class='ocr_par' dir='ltr' id='par_1_8' title="bbox 217 763 1794 836">
     <span class='ocr_line' id='line_1_8' title="bbox 217 763 1794 836; baseline 0.003 -20"><span class='ocrx_word' id='word_1_34' title='bbox 217 763 292 833; x_wconf 83' lang='grc' dir='ltr'>τῷ</span> <span class='ocrx_word' id='word_1_35' title='bbox 339 764 519 836; x_wconf 69' lang='lat' dir='ltr'><strong>[lupi</strong></span> <span class='ocrx_word' id='word_1_36' title='bbox 550 764 643 817; x_wconf 77' lang='grc' dir='ltr'>τδν</span> <span class='ocrx_word' id='word_1_37' title='bbox 676 764 805 817; x_wconf 75' lang='grc' dir='ltr'>Υίδν</span> <span class='ocrx_word' id='word_1_38' title='bbox 828 804 843 829; x_wconf 90' lang='grc'><strong>,</strong></span> <span class='ocrx_word' id='word_1_39' title='bbox 876 765 1200 835; x_wconf 79' lang='grc' dir='ltr'><strong>χωρίζοντες</strong></span> <span class='ocrx_word' id='word_1_40' title='bbox 1232 765 1290 818; x_wconf 80' lang='grc' dir='ltr'><strong>δὲ</strong></span> <span class='ocrx_word' id='word_1_41' title='bbox 1329 766 1494 820; x_wconf 79' lang='grc' dir='ltr'>αὐτὸν</span> <span class='ocrx_word' id='word_1_42' title='bbox 1523 766 1582 833; x_wconf 77' lang='grc' dir='ltr'>ἐξ</span> <span class='ocrx_word' id='word_1_43' title='bbox 1608 766 1794 833; x_wconf 83' lang='grc' dir='ltr'>αὑτοῦ,</span> 
     </span>
    </p>
   </div>
   <div class='ocr_carea' id='block_1_9' title="bbox 217 858 1797 932">
    <p class='ocr_par' dir='ltr' id='par_1_9' title="bbox 217 858 1797 932">
     <span class='ocr_line' id='line_1_9' title="bbox 217 858 1797 932; baseline 0.002 -20"><span class='ocrx_word' id='word_1_44' title='bbox 217 860 628 927; x_wconf 76' lang='grc' dir='ltr'><strong>ἀναγκάζονται</strong></span> <span class='ocrx_word' id='word_1_45' title='bbox 672 860 850 928; x_wconf 81' lang='grc' dir='ltr'>λέγειν</span> <span class='ocrx_word' id='word_1_46' title='bbox 886 858 962 931; x_wconf 82' lang='grc' dir='ltr'>μὴ</span> <span class='ocrx_word' id='word_1_47' title='bbox 991 858 1051 925; x_wconf 79' lang='grc' dir='ltr'><strong>ἐξ</strong></span> <span class='ocrx_word' id='word_1_48' title='bbox 1079 860 1245 915; x_wconf 87' lang='grc' dir='ltr'>αὑτοῦ</span> <span class='ocrx_word' id='word_1_49' title='bbox 1280 861 1656 932; x_wconf 82' lang='grc' dir='ltr'>γεγεννῆσθαι,</span> <span class='ocrx_word' id='word_1_50' title='bbox 1704 862 1797 915; x_wconf 61' lang='grc' dir='ltr'>κατ</span> 
     </span>
    </p>
   </div>
   <div class='ocr_carea' id='block_1_10' title="bbox 217 952 1793 1026">
    <p class='ocr_par' dir='ltr' id='par_1_10' title="bbox 217 952 1793 1026">
     <span class='ocr_line' id='line_1_10' title="bbox 217 952 1793 1026; baseline 0.003 -23"><span class='ocrx_word' id='word_1_51' title='bbox 217 953 483 1022; x_wconf 74' lang='grc' dir='ltr'><strong>ἐμπεσεῖν</strong></span> <span class='ocrx_word' id='word_1_52' title='bbox 511 954 592 1015; x_wconf 88' lang='grc' dir='ltr'><strong>είς</strong></span> <span class='ocrx_word' id='word_1_53' title='bbox 617 953 680 1005; x_wconf 85' lang='grc' dir='ltr'>τὸ</span> <span class='ocrx_word' id='word_1_54' title='bbox 707 955 855 1023; x_wconf 82' lang='grc' dir='ltr'><strong>τρεῖς</strong></span> <span class='ocrx_word' id='word_1_55' title='bbox 875 952 1055 1021; x_wconf 85' lang='grc' dir='ltr'>λέγειν</span> <span class='ocrx_word' id='word_1_56' title='bbox 1078 953 1267 1018; x_wconf 81' lang='grc' dir='ltr'>Θεοὺς,</span> <span class='ocrx_word' id='word_1_57' title='bbox 1298 954 1393 1007; x_wconf 77' lang='grc' dir='ltr'>καὶ</span> <span class='ocrx_word' id='word_1_58' title='bbox 1424 957 1574 1025; x_wconf 86' lang='grc' dir='ltr'>τρεῖς</span> <span class='ocrx_word' id='word_1_59' title='bbox 1596 955 1793 1026; x_wconf 76' lang='grc' dir='ltr'><strong>άρχόις⁸</strong></span> 
     </span>
    </p>
   </div>
   <div class='ocr_carea' id='block_1_11' title="bbox 216 1043 1795 1117">
    <p class='ocr_par' dir='ltr' id='par_1_11' title="bbox 216 1043 1795 1117">
     <span class='ocr_line' id='line_1_11' title="bbox 216 1043 1795 1117; baseline 0.003 -21"><span class='ocrx_word' id='word_1_60' title='bbox 216 1044 252 1113; x_wconf 78' lang='grc' dir='ltr'>ἦ</span> <span class='ocrx_word' id='word_1_61' title='bbox 293 1044 356 1108; x_wconf 64' lang='grc' dir='ltr'><strong>ἐξ</strong></span> <span class='ocrx_word' id='word_1_62' title='bbox 401 1043 566 1099; x_wconf 79' lang='grc' dir='ltr'>αὐτοῦ</span> <span class='ocrx_word' id='word_1_63' title='bbox 614 1044 968 1115; x_wconf 86' lang='grc' dir='ltr'>γεγεννῆσθαι</span> <span class='ocrx_word' id='word_1_64' title='bbox 1014 1045 1263 1113; x_wconf 82' lang='grc' dir='ltr'>λέγοντες</span> <span class='ocrx_word' id='word_1_65' title='bbox 1293 1086 1307 1110; x_wconf 95' lang='grc'><strong>,</strong></span> <span class='ocrx_word' id='word_1_66' title='bbox 1346 1046 1671 1117; x_wconf 79' lang='grc' dir='ltr'><strong>χωρίζοντες</strong></span> <span class='ocrx_word' id='word_1_67' title='bbox 1718 1047 1795 1115; x_wconf 75' lang='grc' dir='ltr'><strong>δὲ,</strong></span> 
     </span>
    </p>
   </div>
   <div class='ocr_carea' id='block_1_12' title="bbox 220 1135 1795 1211">
    <p class='ocr_par' dir='ltr' id='par_1_12' title="bbox 220 1135 1795 1211">
     <span class='ocr_line' id='line_1_12' title="bbox 220 1135 1795 1211; baseline 0.003 -22"><span class='ocrx_word' id='word_1_68' title='bbox 220 1136 628 1205; x_wconf 73' lang='grc' dir='ltr'><strong>ἀναγκάζονται</strong></span> <span class='ocrx_word' id='word_1_69' title='bbox 661 1137 842 1204; x_wconf 83' lang='grc' dir='ltr'>λέγειν</span> <span class='ocrx_word' id='word_1_70' title='bbox 886 1136 962 1209; x_wconf 79' lang='grc' dir='ltr'>μὴ</span> <span class='ocrx_word' id='word_1_71' title='bbox 993 1138 1258 1192; x_wconf 83' lang='grc' dir='ltr'>συναῖδιον</span> <span class='ocrx_word' id='word_1_72' title='bbox 1304 1135 1443 1193; x_wconf 76' lang='grc' dir='ltr'>εἶναι</span> <span class='ocrx_word' id='word_1_73' title='bbox 1488 1139 1566 1210; x_wconf 80' lang='grc' dir='ltr'><strong>τῷ</strong></span> <span class='ocrx_word' id='word_1_74' title='bbox 1601 1140 1795 1211; x_wconf 59' lang='lat' dir='ltr'><strong>nam,</strong></span> 
     </span>
    </p>
   </div>
   <div class='ocr_carea' id='block_1_13' title="bbox 219 1229 1795 1303">
    <p class='ocr_par' dir='ltr' id='par_1_13' title="bbox 219 1229 1795 1303">
     <span class='ocr_line' id='line_1_13' title="bbox 219 1229 1795 1303; baseline 0.003 -20"><span class='ocrx_word' id='word_1_75' title='bbox 219 1230 317 1283; x_wconf 79' lang='grc' dir='ltr'>καὶ</span> <span class='ocrx_word' id='word_1_76' title='bbox 344 1231 569 1300; x_wconf 81' lang='grc' dir='ltr'>ποιῆσαι</span> <span class='ocrx_word' id='word_1_77' title='bbox 617 1229 722 1284; x_wconf 83' lang='grc' dir='ltr'>ὑπὸ</span> <span class='ocrx_word' id='word_1_78' title='bbox 766 1230 955 1301; x_wconf 83' lang='grc' dir='ltr'>χρόνον</span> <span class='ocrx_word' id='word_1_79' title='bbox 1001 1231 1093 1284; x_wconf 76' lang='grc' dir='ltr'><strong>τὸν</strong></span> <span class='ocrx_word' id='word_1_80' title='bbox 1133 1230 1244 1285; x_wconf 82' lang='grc' dir='ltr'>τῶν</span> <span class='ocrx_word' id='word_1_81' title='bbox 1271 1231 1479 1302; x_wconf 88' lang='grc' dir='ltr'>χρόνων</span> <span class='ocrx_word' id='word_1_82' title='bbox 1508 1232 1795 1303; x_wconf 81' lang='grc' dir='ltr'><strong>δεσπότην.</strong></span> 
     </span>
    </p>
   </div>
   <div class='ocr_carea' id='block_1_14' title="bbox 219 1322 1799 1397">
    <p class='ocr_par' dir='ltr' id='par_1_14' title="bbox 219 1322 1799 1397">
     <span class='ocr_line' id='line_1_14' title="bbox 219 1322 1799 1397; baseline 0.003 -23"><span class='ocrx_word' id='word_1_83' title='bbox 219 1323 342 1391; x_wconf 80' lang='grc' dir='ltr'><strong>Χρὴ</strong></span> <span class='ocrx_word' id='word_1_84' title='bbox 385 1325 494 1393; x_wconf 77' lang='grc' dir='ltr'>γὰρ</span> <span class='ocrx_word' id='word_1_85' title='bbox 543 1324 641 1377; x_wconf 78' lang='grc' dir='ltr'>καὶ</span> <span class='ocrx_word' id='word_1_86' title='bbox 683 1322 776 1375; x_wconf 80' lang='grc' dir='ltr'>τὸν</span> <span class='ocrx_word' id='word_1_87' title='bbox 826 1322 921 1378; x_wconf 74' lang='grc' dir='ltr'>ἕνα</span> <span class='ocrx_word' id='word_1_88' title='bbox 962 1322 1094 1377; x_wconf 88' lang='grc' dir='ltr'><strong>Θεὸν</strong></span> <span class='ocrx_word' id='word_1_89' title='bbox 1138 1327 1362 1395; x_wconf 80' lang='grc' dir='ltr'><strong>τηρεῖν,</strong></span> <span class='ocrx_word' id='word_1_90' title='bbox 1402 1324 1624 1388; x_wconf 78' lang='grc' dir='ltr'>καὶτὰς</span> <span class='ocrx_word' id='word_1_91' title='bbox 1649 1328 1799 1397; x_wconf 85' lang='grc' dir='ltr'>τρεῖς</span> 
     </span>
    </p>
   </div>
   <div class='ocr_carea' id='block_1_15' title="bbox 222 1416 1794 1489">
    <p class='ocr_par' dir='ltr' id='par_1_15' title="bbox 222 1416 1794 1489">
     <span class='ocr_line' id='line_1_15' title="bbox 222 1416 1794 1489; baseline 0.003 -23"><span class='ocrx_word' id='word_1_92' title='bbox 222 1416 554 1479; x_wconf 75' lang='grc' dir='ltr'><strong>ὑποστάσεις</strong></span> <span class='ocrx_word' id='word_1_93' title='bbox 580 1416 897 1487; x_wconf 83' lang='grc' dir='ltr'>ὁμολογεῖν,</span> <span class='ocrx_word' id='word_1_94' title='bbox 943 1417 1086 1470; x_wconf 84' lang='grc' dir='ltr'>κατὰ</span> <span class='ocrx_word' id='word_1_95' title='bbox 1118 1418 1210 1470; x_wconf 85' lang='grc' dir='ltr'>τὸν</span> <span class='ocrx_word' id='word_1_96' title='bbox 1252 1417 1427 1487; x_wconf 89' lang='grc' dir='ltr'>μέγαν</span> <span class='ocrx_word' id='word_1_97' title='bbox 1460 1418 1761 1489; x_wconf 82' lang='grc' dir='ltr'>Γρηγόριον</span> <span class='ocrx_word' id='word_1_98' title='bbox 1780 1436 1794 1448; x_wconf 66' lang='grc' dir='ltr'>θ</span> 
     </span>
    </p>
   </div>
   <div class='ocr_carea' id='block_1_16' title="bbox 220 1507 1801 1581">
    <p class='ocr_par' dir='ltr' id='par_1_16' title="bbox 220 1507 1801 1581">
     <span class='ocr_line' id='line_1_16' title="bbox 220 1507 1801 1581; baseline 0.002 -21"><span class='ocrx_word' id='word_1_99' title='bbox 220 1508 319 1560; x_wconf 75' lang='grc' dir='ltr'>καὶ</span> <span class='ocrx_word' id='word_1_100' title='bbox 339 1507 579 1577; x_wconf 78' lang='grc' dir='ltr'>ἑκάστην</span> <span class='ocrx_word' id='word_1_101' title='bbox 612 1508 752 1577; x_wconf 70' lang='grc' dir='ltr'>μετᾶ</span> <span class='ocrx_word' id='word_1_102' title='bbox 776 1508 873 1577; x_wconf 82' lang='grc' dir='ltr'>τῆς</span> <span class='ocrx_word' id='word_1_103' title='bbox 904 1508 1185 1577; x_wconf 78' lang='grc' dir='ltr'>ἰδιότητος.</span> <span class='ocrx_word' id='word_1_104' title='bbox 1243 1510 1353 1563; x_wconf 77' lang='grc' dir='ltr'><strong>Καὶ</strong></span> <span class='ocrx_word' id='word_1_105' title='bbox 1382 1509 1489 1581; x_wconf 84' lang='grc' dir='ltr'><strong>γάρ</strong></span> <span class='ocrx_word' id='word_1_106' title='bbox 1523 1528 1541 1561; x_wconf 84' lang='grc' dir='ltr'><strong>ι</strong></span> <span class='ocrx_word' id='word_1_107' title='bbox 1577 1510 1801 1580; x_wconf 82' lang='grc' dir='ltr'>διαιρεῖ-</span> 
     </span>
    </p>
   </div>
   <div class='ocr_carea' id='block_1_17' title="bbox 218 1600 1800 1673">
    <p class='ocr_par' dir='ltr' id='par_1_17' title="bbox 218 1600 1800 1673">
     <span class='ocr_line' id='line_1_17' title="bbox 218 1600 1800 1673; baseline 0.001 -20"><span class='ocrx_word' id='word_1_108' title='bbox 218 1617 314 1653; x_wconf 85' lang='grc' dir='ltr'><strong>ται</strong></span> <span class='ocrx_word' id='word_1_109' title='bbox 358 1621 377 1651; x_wconf 74' lang='grc' dir='ltr'><strong>ι</strong></span> <span class='ocrx_word' id='word_1_110' title='bbox 416 1602 552 1670; x_wconf 86' lang='grc' dir='ltr'>μὲν,</span> <span class='ocrx_word' id='word_1_111' title='bbox 586 1600 701 1653; x_wconf 75' lang='grc' dir='ltr'>ἀλλ’</span> <span class='ocrx_word' id='word_1_112' title='bbox 730 1619 750 1653; x_wconf 78' lang='grc' dir='ltr'><strong>ι</strong></span> <span class='ocrx_word' id='word_1_113' title='bbox 792 1600 1149 1673; x_wconf 79' lang='grc' dir='ltr'>ἀδιαιρέτως,</span> <span class='ocrx_word' id='word_1_114' title='bbox 1187 1601 1329 1656; x_wconf 79' lang='grc' dir='ltr'>κατὰ</span> <span class='ocrx_word' id='word_1_115' title='bbox 1375 1602 1467 1655; x_wconf 85' lang='grc' dir='ltr'>τὸν</span> <span class='ocrx_word' id='word_1_116' title='bbox 1510 1602 1671 1656; x_wconf 81' lang='grc' dir='ltr'>αὐτὸν</span> <span class='ocrx_word' id='word_1_117' title='bbox 1704 1601 1800 1655; x_wconf 78' lang='grc' dir='ltr'>καὶ</span> 
     </span>
    </p>
   </div>
   <div class='ocr_carea' id='block_1_18' title="bbox 222 1692 1794 1762">
    <p class='ocr_par' dir='ltr' id='par_1_18' title="bbox 222 1692 1794 1762">
     <span class='ocr_line' id='line_1_18' title="bbox 222 1692 1794 1762; baseline 0.003 -19"><span class='ocrx_word' id='word_1_118' title='bbox 222 1692 556 1745; x_wconf 82' lang='grc' dir='ltr'>συνάπτεται</span> <span class='ocrx_word' id='word_1_119' title='bbox 593 1709 715 1762; x_wconf 88' lang='grc' dir='ltr'>μεν,</span> <span class='ocrx_word' id='word_1_120' title='bbox 768 1692 1117 1762; x_wconf 83' lang='grc' dir='ltr'>διῃρημένως</span> <span class='ocrx_word' id='word_1_121' title='bbox 1149 1692 1230 1759; x_wconf 71' lang='grc' dir='ltr'><strong>δέ,</strong></span> <span class='ocrx_word' id='word_1_122' title='bbox 1256 1712 1272 1743; x_wconf 77' lang='grc' dir='ltr'><strong>ι</strong></span> <span class='ocrx_word' id='word_1_123' title='bbox 1334 1694 1446 1747; x_wconf 70' lang='grc' dir='ltr'>Καὶ</span> <span class='ocrx_word' id='word_1_124' title='bbox 1487 1693 1576 1746; x_wconf 85' lang='grc' dir='ltr'>διὰ</span> <span class='ocrx_word' id='word_1_125' title='bbox 1618 1693 1794 1758; x_wconf 86' lang='grc' dir='ltr'>τοῦτο,</span> 
     </span>
    </p>
   </div>
   <div class='ocr_carea' id='block_1_19' title="bbox 219 1781 1797 1854">
    <p class='ocr_par' dir='ltr' id='par_1_19' title="bbox 219 1781 1797 1854">
     <span class='ocr_line' id='line_1_19' title="bbox 219 1781 1797 1854; baseline -0.001 -18"><span class='ocrx_word' id='word_1_126' title='bbox 219 1781 537 1853; x_wconf 78' lang='grc' dir='ltr'>παράδαξος</span> <span class='ocrx_word' id='word_1_127' title='bbox 593 1783 686 1836; x_wconf 77' lang='grc' dir='ltr'>καὶ</span> <span class='ocrx_word' id='word_1_128' title='bbox 732 1784 765 1853; x_wconf 80' lang='grc' dir='ltr'><strong>ἡ</strong></span> <span class='ocrx_word' id='word_1_129' title='bbox 825 1782 1086 1854; x_wconf 86' lang='grc' dir='ltr'>διαίρεσις</span> <span class='ocrx_word' id='word_1_130' title='bbox 1148 1785 1241 1837; x_wconf 77' lang='grc' dir='ltr'>καὶ</span> <span class='ocrx_word' id='word_1_131' title='bbox 1289 1784 1322 1854; x_wconf 83' lang='grc' dir='ltr'>ἡ</span> <span class='ocrx_word' id='word_1_132' title='bbox 1380 1784 1590 1848; x_wconf 76' lang='grc' dir='ltr'>ἓνωσις.</span> <span class='ocrx_word' id='word_1_133' title='bbox 1645 1784 1797 1837; x_wconf 74' lang='grc' dir='ltr'>Ἐπεὶ</span> 
     </span>
    </p>
   </div>
   <div class='ocr_carea' id='block_1_20' title="bbox 216 1839 1872 1947">
    <p class='ocr_par' dir='ltr' id='par_1_20' title="bbox 216 1839 1872 1947">
     <span class='ocr_line' id='line_1_20' title="bbox 216 1839 1872 1947; baseline 0.002 -21"><span class='ocrx_word' id='word_1_134' title='bbox 216 1876 277 1927; x_wconf 82' lang='grc' dir='ltr'><strong>τί</strong></span> <span class='ocrx_word' id='word_1_135' title='bbox 306 1839 431 1945; x_wconf 79' lang='grc' dir='ltr'><strong>⁸ἔχει</strong></span> <span class='ocrx_word' id='word_1_136' title='bbox 458 1839 532 1928; x_wconf 40' lang='grc' dir='ltr'><strong>τὸ.</strong></span> <span class='ocrx_word' id='word_1_137' title='bbox 550 1839 856 1946; x_wconf 62' lang='grc' dir='ltr'>παράδοξον</span> <span class='ocrx_word' id='word_1_138' title='bbox 882 1839 973 1947; x_wconf 61' lang='grc' dir='ltr'>(δῇ,</span> <span class='ocrx_word' id='word_1_139' title='bbox 1020 1839 1082 1929; x_wconf 65' lang='grc' dir='ltr'><strong>εί⁷</strong></span> <span class='ocrx_word' id='word_1_140' title='bbox 1104 1876 1180 1940; x_wconf 83' lang='grc' dir='ltr'><strong>ὡς</strong></span> <span class='ocrx_word' id='word_1_141' title='bbox 1212 1839 1499 1946; x_wconf 48' lang='grc' dir='ltr'>ἀνθ’ρωπος</span> <span class='ocrx_word' id='word_1_142' title='bbox 1528 1839 1800 1947; x_wconf 75' lang='grc' dir='ltr'>ἀνθρώπῳ</span> <span class='ocrx_word' id='word_1_143' title='bbox 1833 1839 1872 1894; x_wconf 73' lang='grc' dir='ltr'><strong>Β</strong></span> 
     </span>
    </p>
   </div>
   <div class='ocr_carea' id='block_1_21' title="bbox 215 1965 1801 2040">
    <p class='ocr_par' dir='ltr' id='par_1_21' title="bbox 215 1965 1801 2040">
     <span class='ocr_line' id='line_1_21' title="bbox 215 1965 1801 2040; baseline 0.003 -23"><span class='ocrx_word' id='word_1_144' title='bbox 215 1966 432 2035; x_wconf 78' lang='grc' dir='ltr'>ἧνωταί</span> <span class='ocrx_word' id='word_1_145' title='bbox 482 1984 545 2020; x_wconf 89' lang='grc' dir='ltr'><strong>τε</strong></span> <span class='ocrx_word' id='word_1_146' title='bbox 599 1968 693 2021; x_wconf 75' lang='grc' dir='ltr'>καὶ</span> <span class='ocrx_word' id='word_1_147' title='bbox 723 1966 1097 2040; x_wconf 81' lang='grc' dir='ltr'>κεχώρισται,</span> <span class='ocrx_word' id='word_1_148' title='bbox 1142 1965 1286 2021; x_wconf 80' lang='grc' dir='ltr'>οὕτω</span> <span class='ocrx_word' id='word_1_149' title='bbox 1329 1967 1424 2022; x_wconf 76' lang='grc' dir='ltr'>καὶ</span> <span class='ocrx_word' id='word_1_150' title='bbox 1466 1969 1497 2020; x_wconf 82' lang='grc' dir='ltr'>ὁ</span> <span class='ocrx_word' id='word_1_151' title='bbox 1552 1969 1677 2033; x_wconf 87' lang='grc' dir='ltr'><strong>Υἱὸς</strong></span> <span class='ocrx_word' id='word_1_152' title='bbox 1721 1966 1801 2039; x_wconf 81' lang='grc' dir='ltr'>τῷ</span> 
     </span>
    </p>
   </div>
   <div class='ocr_carea' id='block_1_22' title="bbox 215 2059 945 2130">
    <p class='ocr_par' dir='ltr' id='par_1_22' title="bbox 215 2059 945 2130">
     <span class='ocr_line' id='line_1_22' title="bbox 215 2059 945 2130; baseline 0.003 -20"><span class='ocrx_word' id='word_1_153' title='bbox 215 2059 422 2130; x_wconf 76' lang='grc' dir='ltr'>Πατρὶ,</span> <span class='ocrx_word' id='word_1_154' title='bbox 452 2060 545 2114; x_wconf 80' lang='grc' dir='ltr'>καὶ</span> <span class='ocrx_word' id='word_1_155' title='bbox 570 2060 723 2113; x_wconf 78' lang='grc' dir='ltr'>οὐδὲν</span> <span class='ocrx_word' id='word_1_156' title='bbox 746 2060 906 2112; x_wconf 81' lang='grc' dir='ltr'>πλέον</span> <span class='ocrx_word' id='word_1_157' title='bbox 930 2076 945 2125; x_wconf 89' lang='lat'><strong>;</strong></span> 
     </span>
    </p>
   </div>
   <div class='ocr_carea' id='block_1_23' title="bbox 290 2151 1803 2223">
    <p class='ocr_par' dir='ltr' id='par_1_23' title="bbox 290 2151 1803 2223">
     <span class='ocr_line' id='line_1_23' title="bbox 290 2151 1803 2223; baseline 0.003 -20"><span class='ocrx_word' id='word_1_158' title='bbox 290 2152 359 2205; x_wconf 77' lang='grc' dir='ltr'><strong>λ’;</strong></span> <span class='ocrx_word' id='word_1_159' title='bbox 411 2152 471 2204; x_wconf 83' lang='lat'><strong>&#39;0</strong></span> <span class='ocrx_word' id='word_1_160' title='bbox 499 2151 704 2214; x_wconf 84' lang='grc' dir='ltr'>τέλειος</span> <span class='ocrx_word' id='word_1_161' title='bbox 734 2153 791 2205; x_wconf 78' lang='grc' dir='ltr'>ἐν</span> <span class='ocrx_word' id='word_1_162' title='bbox 820 2151 1009 2223; x_wconf 82' lang='grc' dir='ltr'>ἀγάπῃ</span> <span class='ocrx_word' id='word_1_163' title='bbox 1035 2193 1050 2217; x_wconf 88' lang='grc'><strong>,</strong></span> <span class='ocrx_word' id='word_1_164' title='bbox 1082 2151 1176 2206; x_wconf 81' lang='grc' dir='ltr'>καὶ</span> <span class='ocrx_word' id='word_1_165' title='bbox 1206 2154 1287 2216; x_wconf 85' lang='grc' dir='ltr'><strong>εἰς</strong></span> <span class='ocrx_word' id='word_1_166' title='bbox 1332 2152 1501 2223; x_wconf 83' lang='grc' dir='ltr'>ἄκρον</span> <span class='ocrx_word' id='word_1_167' title='bbox 1526 2151 1803 2217; x_wconf 80' lang='grc' dir='ltr'>ἀπαθείας</span> 
     </span>
    </p>
   </div>
   <div class='ocr_carea' id='block_1_24' title="bbox 213 2243 1799 2317">
    <p class='ocr_par' dir='ltr' id='par_1_24' title="bbox 213 2243 1799 2317">
     <span class='ocr_line' id='line_1_24' title="bbox 213 2243 1799 2317; baseline 0.001 -21"><span class='ocrx_word' id='word_1_168' title='bbox 213 2243 416 2306; x_wconf 75' lang='grc' dir='ltr'>ἐλθὼν,</span> <span class='ocrx_word' id='word_1_169' title='bbox 448 2244 549 2296; x_wconf 81' lang='grc' dir='ltr'>οὐκ</span> <span class='ocrx_word' id='word_1_170' title='bbox 579 2243 870 2298; x_wconf 75' lang='grc' dir='ltr'>ἐπίσταται</span> <span class='ocrx_word' id='word_1_171' title='bbox 908 2243 1173 2316; x_wconf 83' lang='grc' dir='ltr'>διαφοράν</span> <span class='ocrx_word' id='word_1_172' title='bbox 1205 2244 1338 2298; x_wconf 87' lang='grc' dir='ltr'>ίδίου</span> <span class='ocrx_word' id='word_1_173' title='bbox 1368 2244 1464 2297; x_wconf 81' lang='grc' dir='ltr'><strong>καὶ</strong></span> <span class='ocrx_word' id='word_1_174' title='bbox 1493 2244 1799 2317; x_wconf 88' lang='grc' dir='ltr'>ἀλλοτρίου,</span> 
     </span>
    </p>
   </div>
   <div class='ocr_carea' id='block_1_25' title="bbox 208 2334 1800 2407">
    <p class='ocr_par' dir='ltr' id='par_1_25' title="bbox 208 2334 1800 2407">
     <span class='ocr_line' id='line_1_25' title="bbox 208 2334 1800 2407; baseline 0.001 -21"><span class='ocrx_word' id='word_1_175' title='bbox 208 2335 249 2405; x_wconf 77' lang='grc' dir='ltr'>ἢ</span> <span class='ocrx_word' id='word_1_176' title='bbox 302 2335 444 2398; x_wconf 73' lang='grc' dir='ltr'>ἰδίας</span> <span class='ocrx_word' id='word_1_177' title='bbox 484 2335 579 2388; x_wconf 76' lang='grc' dir='ltr'>καὶ</span> <span class='ocrx_word' id='word_1_178' title='bbox 611 2334 941 2406; x_wconf 81' lang='grc' dir='ltr'>ἀλλοτρίας,</span> <span class='ocrx_word' id='word_1_179' title='bbox 998 2335 1032 2405; x_wconf 84' lang='grc' dir='ltr'>ἢ</span> <span class='ocrx_word' id='word_1_180' title='bbox 1089 2334 1285 2389; x_wconf 83' lang='grc' dir='ltr'>πιστοῦ</span> <span class='ocrx_word' id='word_1_181' title='bbox 1324 2336 1420 2390; x_wconf 78' lang='grc' dir='ltr'><strong>καὶ</strong></span> <span class='ocrx_word' id='word_1_182' title='bbox 1464 2336 1724 2400; x_wconf 85' lang='grc' dir='ltr'>ἀπίστου,</span> <span class='ocrx_word' id='word_1_183' title='bbox 1766 2335 1800 2407; x_wconf 82' lang='grc' dir='ltr'>ἢ</span> 
     </span>
    </p>
   </div>
   <div class='ocr_carea' id='block_1_26' title="bbox 210 2429 1799 2503">
    <p class='ocr_par' dir='ltr' id='par_1_26' title="bbox 210 2429 1799 2503">
     <span class='ocr_line' id='line_1_26' title="bbox 210 2429 1799 2503; baseline 0.002 -21"><span class='ocrx_word' id='word_1_184' title='bbox 210 2429 414 2483; x_wconf 77' lang='grc' dir='ltr'>δούλου</span> <span class='ocrx_word' id='word_1_185' title='bbox 455 2431 548 2484; x_wconf 82' lang='grc' dir='ltr'>καὶ</span> <span class='ocrx_word' id='word_1_186' title='bbox 587 2430 894 2503; x_wconf 79' lang='grc' dir='ltr'>ἐλευθέρου,</span> <span class='ocrx_word' id='word_1_187' title='bbox 925 2430 959 2501; x_wconf 81' lang='grc' dir='ltr'>ἦ</span> <span class='ocrx_word' id='word_1_188' title='bbox 993 2431 1131 2494; x_wconf 81' lang='grc' dir='ltr'>ὅλως</span> <span class='ocrx_word' id='word_1_189' title='bbox 1159 2431 1389 2502; x_wconf 84' lang='grc' dir='ltr'>άρσενος</span> <span class='ocrx_word' id='word_1_190' title='bbox 1422 2433 1515 2486; x_wconf 75' lang='grc' dir='ltr'><strong>καὶ</strong></span> <span class='ocrx_word' id='word_1_191' title='bbox 1544 2432 1760 2501; x_wconf 80' lang='grc' dir='ltr'>θηλείας</span> <span class='ocrx_word' id='word_1_192' title='bbox 1786 2448 1799 2463; x_wconf 79' lang='grc'><strong><em>⁸</em></strong></span> 
     </span>
    </p>
   </div>
   <div class='ocr_carea' id='block_1_27' title="bbox 208 2520 1801 2593">
    <p class='ocr_par' dir='ltr' id='par_1_27' title="bbox 208 2520 1801 2593">
     <span class='ocr_line' id='line_1_27' title="bbox 208 2520 1801 2593; baseline 0.004 -21"><span class='ocrx_word' id='word_1_193' title='bbox 208 2521 337 2573; x_wconf 82' lang='grc' dir='ltr'>ἀλλ’</span> <span class='ocrx_word' id='word_1_194' title='bbox 354 2520 629 2589; x_wconf 87' lang='grc' dir='ltr'>ἀνώτερος</span> <span class='ocrx_word' id='word_1_195' title='bbox 654 2521 753 2590; x_wconf 83' lang='grc' dir='ltr'>τῆς</span> <span class='ocrx_word' id='word_1_196' title='bbox 788 2521 895 2575; x_wconf 85' lang='grc' dir='ltr'><strong>τῶν</strong></span> <span class='ocrx_word' id='word_1_197' title='bbox 919 2520 1114 2576; x_wconf 83' lang='grc' dir='ltr'>παθῶν</span> <span class='ocrx_word' id='word_1_198' title='bbox 1140 2522 1459 2591; x_wconf 80' lang='grc' dir='ltr'>τυραννίδος</span> <span class='ocrx_word' id='word_1_199' title='bbox 1488 2523 1801 2593; x_wconf 85' lang='grc' dir='ltr'>γενόμενος,</span> 
     </span>
    </p>
   </div>
   <div class='ocr_carea' id='block_1_28' title="bbox 210 2610 1806 2683">
    <p class='ocr_par' dir='ltr' id='par_1_28' title="bbox 210 2610 1806 2683">
     <span class='ocr_line' id='line_1_28' title="bbox 210 2610 1806 2683; baseline 0.001 -19"><span class='ocrx_word' id='word_1_200' title='bbox 210 2611 321 2664; x_wconf 76' lang='grc' dir='ltr'>καὶ</span> <span class='ocrx_word' id='word_1_201' title='bbox 365 2612 447 2674; x_wconf 86' lang='grc' dir='ltr'><strong>είς</strong></span> <span class='ocrx_word' id='word_1_202' title='bbox 473 2610 571 2683; x_wconf 80' lang='grc' dir='ltr'>τὴν</span> <span class='ocrx_word' id='word_1_203' title='bbox 615 2613 745 2681; x_wconf 89' lang='grc' dir='ltr'>μίαν</span> <span class='ocrx_word' id='word_1_204' title='bbox 790 2612 956 2681; x_wconf 87' lang='grc' dir='ltr'>φύσιν</span> <span class='ocrx_word' id='word_1_205' title='bbox 997 2611 1111 2664; x_wconf 84' lang='grc' dir='ltr'><strong>τῶν</strong></span> <span class='ocrx_word' id='word_1_206' title='bbox 1150 2610 1458 2683; x_wconf 89' lang='grc' dir='ltr'>ἀνθρώπων</span> <span class='ocrx_word' id='word_1_207' title='bbox 1501 2611 1806 2665; x_wconf 73' lang='grc' dir='ltr'>ἀποϐλεπόο</span> 
     </span>
    </p>
   </div>
   <div class='ocr_carea' id='block_1_29' title="bbox 213 2701 1806 2774">
    <p class='ocr_par' dir='ltr' id='par_1_29' title="bbox 213 2701 1806 2774">
     <span class='ocr_line' id='line_1_29' title="bbox 213 2701 1806 2774; baseline 0.001 -20"><span class='ocrx_word' id='word_1_208' title='bbox 213 2719 411 2772; x_wconf 82' lang='grc' dir='ltr'>μενος,</span> <span class='ocrx_word' id='word_1_209' title='bbox 438 2703 647 2765; x_wconf 85' lang='grc' dir='ltr'>πάντας</span> <span class='ocrx_word' id='word_1_210' title='bbox 670 2703 729 2768; x_wconf 78' lang='grc' dir='ltr'>ἐξ</span> <span class='ocrx_word' id='word_1_211' title='bbox 756 2701 870 2756; x_wconf 80' lang='grc' dir='ltr'>ἴσου</span> <span class='ocrx_word' id='word_1_212' title='bbox 901 2702 1115 2773; x_wconf 84' lang='grc' dir='ltr'>θεωρεῖ,</span> <span class='ocrx_word' id='word_1_213' title='bbox 1143 2704 1239 2756; x_wconf 80' lang='grc' dir='ltr'>καὶ</span> <span class='ocrx_word' id='word_1_214' title='bbox 1269 2703 1407 2774; x_wconf 76' lang='grc' dir='ltr'>πρὸς</span> <span class='ocrx_word' id='word_1_215' title='bbox 1434 2704 1640 2765; x_wconf 86' lang='grc' dir='ltr'>πάντας</span> <span class='ocrx_word' id='word_1_216' title='bbox 1676 2703 1806 2767; x_wconf 73' lang='grc' dir='ltr'>ἴσως</span> 
     </span>
    </p>
   </div>
   <div class='ocr_carea' id='block_1_30' title="bbox 214 2794 1804 2866">
    <p class='ocr_par' dir='ltr' id='par_1_30' title="bbox 214 2794 1804 2866">
     <span class='ocr_line' id='line_1_30' title="bbox 214 2794 1804 2866; baseline -0.001 -18"><span class='ocrx_word' id='word_1_217' title='bbox 214 2794 519 2848; x_wconf 69' lang='grc' dir='ltr'>διάκειται.</span> <span class='ocrx_word' id='word_1_218' title='bbox 552 2795 665 2847; x_wconf 83' lang='grc' dir='ltr'><strong>Οὐκ</strong></span> <span class='ocrx_word' id='word_1_219' title='bbox 697 2794 815 2847; x_wconf 78' lang='grc' dir='ltr'>ἔστι</span> <span class='ocrx_word' id='word_1_220' title='bbox 839 2794 949 2864; x_wconf 78' lang='grc' dir='ltr'><strong>γάρ</strong></span> <span class='ocrx_word' id='word_1_221' title='bbox 993 2797 1051 2847; x_wconf 79' lang='grc' dir='ltr'>ὲν</span> <span class='ocrx_word' id='word_1_222' title='bbox 1084 2794 1236 2865; x_wconf 80' lang='grc' dir='ltr'>αὐτῷ</span> <span class='ocrx_word' id='word_1_223' title='bbox 1275 2794 1480 2866; x_wconf 84' lang='grc' dir='ltr'>Ἕλλην</span> <span class='ocrx_word' id='word_1_224' title='bbox 1527 2796 1622 2848; x_wconf 73' lang='grc' dir='ltr'>καὶ</span> <span class='ocrx_word' id='word_1_225' title='bbox 1671 2796 1804 2847; x_wconf 87' lang='grc' dir='ltr'>Ἰου-</span> 
     </span>
    </p>
   </div>
   <div class='ocr_carea' id='block_1_31' title="bbox 208 2887 1806 2952">
    <p class='ocr_par' dir='ltr' id='par_1_31' title="bbox 208 2887 1806 2952">
     <span class='ocr_line' id='line_1_31' title="bbox 208 2887 1806 2952; baseline 0.001 -14"><span class='ocrx_word' id='word_1_226' title='bbox 208 2887 392 2949; x_wconf 70' lang='grc' dir='ltr'>δαῖος,</span> <span class='ocrx_word' id='word_1_227' title='bbox 429 2888 553 2939; x_wconf 78' lang='grc' dir='ltr'><strong>οὐδὲ</strong></span> <span class='ocrx_word' id='word_1_228' title='bbox 587 2887 754 2948; x_wconf 80' lang='grc' dir='ltr'>ἄρσεν</span> <span class='ocrx_word' id='word_1_229' title='bbox 782 2888 877 2940; x_wconf 82' lang='grc' dir='ltr'>καὶ</span> <span class='ocrx_word' id='word_1_230' title='bbox 918 2887 1074 2952; x_wconf 84' lang='grc' dir='ltr'>θῆλυ,</span> <span class='ocrx_word' id='word_1_231' title='bbox 1127 2887 1248 2940; x_wconf 82' lang='grc' dir='ltr'><strong>οὐδὲ</strong></span> <span class='ocrx_word' id='word_1_232' title='bbox 1290 2887 1478 2951; x_wconf 84' lang='grc' dir='ltr'>δοῦλος</span> <span class='ocrx_word' id='word_1_233' title='bbox 1526 2888 1620 2941; x_wconf 83' lang='grc' dir='ltr'>καὶ</span> <span class='ocrx_word' id='word_1_234' title='bbox 1650 2887 1806 2940; x_wconf 78' lang='grc' dir='ltr'>ἐλεύ-</span> 
     </span>
    </p>
   </div>
   <div class='ocr_carea' id='block_1_32' title="bbox 212 2977 1594 3051">
    <p class='ocr_par' dir='ltr' id='par_1_32' title="bbox 212 2977 1594 3051">
     <span class='ocr_line' id='line_1_32' title="bbox 212 2977 1594 3051; baseline 0.001 -19"><span class='ocrx_word' id='word_1_235' title='bbox 212 2980 387 3048; x_wconf 79' lang='grc' dir='ltr'>θερος</span> <span class='ocrx_word' id='word_1_236' title='bbox 415 2995 429 3007; x_wconf 73' lang='grc'><strong>⁸</strong></span> <span class='ocrx_word' id='word_1_237' title='bbox 465 2977 601 3031; x_wconf 86' lang='grc' dir='ltr'><strong>άλλά</strong></span> <span class='ocrx_word' id='word_1_238' title='bbox 626 2978 694 3031; x_wconf 81' lang='grc' dir='ltr'>τὰ</span> <span class='ocrx_word' id='word_1_239' title='bbox 728 2979 908 3032; x_wconf 87' lang='grc' dir='ltr'>πάντα</span> <span class='ocrx_word' id='word_1_240' title='bbox 946 2979 1039 3032; x_wconf 76' lang='grc' dir='ltr'><strong>καὶ</strong></span> <span class='ocrx_word' id='word_1_241' title='bbox 1074 2981 1134 3031; x_wconf 84' lang='grc' dir='ltr'>ὲν</span> <span class='ocrx_word' id='word_1_242' title='bbox 1168 2980 1303 3032; x_wconf 80' lang='grc' dir='ltr'>πᾶσι</span> <span class='ocrx_word' id='word_1_243' title='bbox 1334 2980 1594 3051; x_wconf 85' lang='grc' dir='ltr'>Χριστός.</span> 
     </span>
    </p>
   </div>
   <div class='ocr_carea' id='block_1_33' title="bbox 294 3068 1805 3139">
    <p class='ocr_par' dir='ltr' id='par_1_33' title="bbox 294 3068 1805 3139">
     <span class='ocr_line' id='line_1_33' title="bbox 294 3068 1805 3139; baseline 0.001 -18"><span class='ocrx_word' id='word_1_244' title='bbox 294 3069 400 3122; x_wconf 83' lang='grc' dir='ltr'>λα’.</span> <span class='ocrx_word' id='word_1_245' title='bbox 464 3069 560 3120; x_wconf 86' lang='grc' dir='ltr'><strong>Ἐκ</strong></span> <span class='ocrx_word' id='word_1_246' title='bbox 608 3069 716 3120; x_wconf 85' lang='grc' dir='ltr'>τῶν</span> <span class='ocrx_word' id='word_1_247' title='bbox 759 3068 1140 3138; x_wconf 82' lang='grc' dir='ltr'>ὑποκειμένων</span> <span class='ocrx_word' id='word_1_248' title='bbox 1184 3069 1243 3123; x_wconf 81' lang='grc' dir='ltr'>ἐν</span> <span class='ocrx_word' id='word_1_249' title='bbox 1288 3071 1353 3139; x_wconf 78' lang='grc' dir='ltr'>τῇ</span> <span class='ocrx_word' id='word_1_250' title='bbox 1401 3069 1548 3139; x_wconf 73' lang='grc' dir='ltr'>ψυχῇ</span> <span class='ocrx_word' id='word_1_251' title='bbox 1593 3069 1805 3133; x_wconf 85' lang='grc' dir='ltr'>παθῶν,</span> 
     </span>
    </p>
   </div>
   <div class='ocr_carea' id='block_1_34' title="bbox 1896 584 3462 655">
    <p class='ocr_par' dir='ltr' id='par_1_34' title="bbox 1896 584 3462 655">
     <span class='ocr_line' id='line_1_34' title="bbox 1896 584 3462 655; baseline 0.001 -18"><span class='ocrx_word' id='word_1_252' title='bbox 1896 584 2084 654; x_wconf 85' lang='lat' dir='ltr'><strong>itaque</strong></span> <span class='ocrx_word' id='word_1_253' title='bbox 2126 584 2448 649; x_wconf 82' lang='lat' dir='ltr'><strong>Tritheitae,</strong></span> <span class='ocrx_word' id='word_1_254' title='bbox 2494 585 2586 655; x_wconf 86' lang='lat' dir='ltr'><strong>qui</strong></span> <span class='ocrx_word' id='word_1_255' title='bbox 2639 585 2838 639; x_wconf 90' lang='lat' dir='ltr'><strong>Filium</strong></span> <span class='ocrx_word' id='word_1_256' title='bbox 2886 599 2919 639; x_wconf 83' lang='lat' dir='ltr'><strong>a</strong></span> <span class='ocrx_word' id='word_1_257' title='bbox 2961 584 3120 639; x_wconf 90' lang='lat' dir='ltr'><strong>Patre</strong></span> <span class='ocrx_word' id='word_1_258' title='bbox 3168 595 3462 652; x_wconf 87' lang='lat' dir='ltr'><strong>separant,</strong></span> 
     </span>
    </p>
   </div>
   <div class='ocr_carea' id='block_1_35' title="bbox 1897 675 3519 748">
    <p class='ocr_par' dir='ltr' id='par_1_35' title="bbox 1897 675 3519 748">
     <span class='ocr_line' id='line_1_35' title="bbox 1897 675 3519 748; baseline -0.002 -18"><span class='ocrx_word' id='word_1_259' title='bbox 1897 676 2157 747; x_wconf 89' lang='lat' dir='ltr'><strong>utrinque</strong></span> <span class='ocrx_word' id='word_1_260' title='bbox 2202 677 2257 731; x_wconf 89' lang='lat' dir='ltr'><strong>in</strong></span> <span class='ocrx_word' id='word_1_261' title='bbox 2309 678 2673 748; x_wconf 64' lang='lat' dir='ltr'><strong>praecipitium</strong></span> <span class='ocrx_word' id='word_1_262' title='bbox 2720 676 2946 732; x_wconf 86' lang='lat' dir='ltr'><strong>cadunt.</strong></span> <span class='ocrx_word' id='word_1_263' title='bbox 2990 675 3099 730; x_wconf 82' lang='lat' dir='ltr'><strong>Aut</strong></span> <span class='ocrx_word' id='word_1_264' title='bbox 3141 675 3288 729; x_wconf 87' lang='lat' dir='ltr'><strong>enim</strong></span> <span class='ocrx_word' id='word_1_265' title='bbox 3333 676 3463 729; x_wconf 87' lang='lat' dir='ltr'><strong>dum</strong></span> <span class='ocrx_word' id='word_1_266' title='bbox 3498 716 3519 733; x_wconf 77' lang='grc'><strong>,</strong></span> 
     </span>
    </p>
   </div>
   <div class='ocr_carea' id='block_1_36' title="bbox 1895 767 3466 833">
    <p class='ocr_par' dir='ltr' id='par_1_36' title="bbox 1895 767 3466 833">
     <span class='ocr_line' id='line_1_36' title="bbox 1895 767 3466 833; baseline -0.001 -11"><span class='ocrx_word' id='word_1_267' title='bbox 1895 767 2096 822; x_wconf 87' lang='lat' dir='ltr'><strong>Filium</strong></span> <span class='ocrx_word' id='word_1_268' title='bbox 2140 768 2291 823; x_wconf 82' lang='lat' dir='ltr'><strong>Patri</strong></span> <span class='ocrx_word' id='word_1_269' title='bbox 2328 779 2661 824; x_wconf 69' lang='lat' dir='ltr'><strong>coaaternum</strong></span> <span class='ocrx_word' id='word_1_270' title='bbox 2706 769 2926 833; x_wconf 84' lang='lat' dir='ltr'><strong>docent,</strong></span> <span class='ocrx_word' id='word_1_271' title='bbox 2959 782 3023 822; x_wconf 91' lang='lat' dir='ltr'><strong>ac</strong></span> <span class='ocrx_word' id='word_1_272' title='bbox 3063 776 3246 823; x_wconf 86' lang='lat' dir='ltr'><strong>tamen</strong></span> <span class='ocrx_word' id='word_1_273' title='bbox 3289 767 3359 822; x_wconf 91' lang='lat' dir='ltr'><strong>ab</strong></span> <span class='ocrx_word' id='word_1_274' title='bbox 3398 782 3466 821; x_wconf 85' lang='lat' dir='ltr'><strong>eo</strong></span> 
     </span>
    </p>
   </div>
   <div class='ocr_carea' id='block_1_37' title="bbox 1896 861 3466 930">
    <p class='ocr_par' dir='ltr' id='par_1_37' title="bbox 1896 861 3466 930">
     <span class='ocr_line' id='line_1_37' title="bbox 1896 861 3466 930; baseline 0.001 -17"><span class='ocrx_word' id='word_1_275' title='bbox 1896 861 2227 930; x_wconf 73' lang='lat' dir='ltr'><strong>seiungunt,</strong></span> <span class='ocrx_word' id='word_1_276' title='bbox 2273 875 2499 915; x_wconf 88' lang='lat' dir='ltr'><strong>necesse</strong></span> <span class='ocrx_word' id='word_1_277' title='bbox 2544 861 2750 916; x_wconf 86' lang='lat' dir='ltr'><strong>habent</strong></span> <span class='ocrx_word' id='word_1_278' title='bbox 2795 868 2854 915; x_wconf 91' lang='lat' dir='ltr'><strong>ut</strong></span> <span class='ocrx_word' id='word_1_279' title='bbox 2900 876 2967 915; x_wconf 78' lang='lat' dir='ltr'><strong>ex</strong></span> <span class='ocrx_word' id='word_1_280' title='bbox 3008 874 3075 915; x_wconf 90' lang='lat' dir='ltr'><strong>eo</strong></span> <span class='ocrx_word' id='word_1_281' title='bbox 3115 868 3304 913; x_wconf 89' lang='lat' dir='ltr'><strong>natum</strong></span> <span class='ocrx_word' id='word_1_282' title='bbox 3344 874 3466 914; x_wconf 78' lang='lat' dir='ltr'><strong>esse</strong></span> 
     </span>
    </p>
   </div>
   <div class='ocr_carea' id='block_1_38' title="bbox 1898 950 3465 1023">
    <p class='ocr_par' dir='ltr' id='par_1_38' title="bbox 1898 950 3465 1023">
     <span class='ocr_line' id='line_1_38' title="bbox 1898 950 3465 1023; baseline -0.001 -17"><span class='ocrx_word' id='word_1_283' title='bbox 1898 961 2120 1022; x_wconf 86' lang='lat' dir='ltr'><strong>negent,</strong></span> <span class='ocrx_word' id='word_1_284' title='bbox 2145 968 2323 1023; x_wconf 82' lang='lat' dir='ltr'><strong>coque</strong></span> <span class='ocrx_word' id='word_1_285' title='bbox 2352 952 2609 1018; x_wconf 84' lang='lat' dir='ltr'><strong>evadant,</strong></span> <span class='ocrx_word' id='word_1_286' title='bbox 2637 960 2697 1007; x_wconf 92' lang='lat' dir='ltr'><strong>ut</strong></span> <span class='ocrx_word' id='word_1_287' title='bbox 2726 961 2842 1007; x_wconf 90' lang='lat' dir='ltr'><strong>tres</strong></span> <span class='ocrx_word' id='word_1_288' title='bbox 2866 952 3007 1006; x_wconf 87' lang='lat' dir='ltr'><strong>Deos</strong></span> <span class='ocrx_word' id='word_1_289' title='bbox 3033 966 3096 1005; x_wconf 92' lang='lat' dir='ltr'><strong>ac</strong></span> <span class='ocrx_word' id='word_1_290' title='bbox 3126 951 3230 1005; x_wconf 86' lang='lat' dir='ltr'><strong>tria</strong></span> <span class='ocrx_word' id='word_1_291' title='bbox 3258 950 3465 1021; x_wconf 80' lang='lat' dir='ltr'><strong>princi-</strong></span> 
     </span>
    </p>
   </div>
   <div class='ocr_carea' id='block_1_39' title="bbox 1897 1044 3469 1115">
    <p class='ocr_par' dir='ltr' id='par_1_39' title="bbox 1897 1044 3469 1115">
     <span class='ocr_line' id='line_1_39' title="bbox 1897 1044 3469 1115; baseline 0.001 -18"><span class='ocrx_word' id='word_1_292' title='bbox 1897 1045 1986 1115; x_wconf 90' lang='lat' dir='ltr'><strong>pia</strong></span> <span class='ocrx_word' id='word_1_293' title='bbox 2030 1044 2244 1111; x_wconf 85' lang='lat' dir='ltr'><strong>dicant;</strong></span> <span class='ocrx_word' id='word_1_294' title='bbox 2294 1052 2392 1099; x_wconf 90' lang='lat' dir='ltr'><strong>aut</strong></span> <span class='ocrx_word' id='word_1_295' title='bbox 2432 1060 2556 1099; x_wconf 91' lang='lat' dir='ltr'><strong>cum</strong></span> <span class='ocrx_word' id='word_1_296' title='bbox 2603 1060 2672 1100; x_wconf 79' lang='lat' dir='ltr'><strong>ex</strong></span> <span class='ocrx_word' id='word_1_297' title='bbox 2718 1044 2812 1099; x_wconf 90' lang='lat' dir='ltr'><strong>illo</strong></span> <span class='ocrx_word' id='word_1_298' title='bbox 2856 1053 3045 1099; x_wconf 86' lang='lat' dir='ltr'><strong>natum</strong></span> <span class='ocrx_word' id='word_1_299' title='bbox 3090 1051 3360 1108; x_wconf 80' lang='lat' dir='ltr'><strong>statuant,</strong></span> <span class='ocrx_word' id='word_1_300' title='bbox 3403 1058 3469 1098; x_wconf 86' lang='lat' dir='ltr'><strong>ac</strong></span> 
     </span>
    </p>
   </div>
   <div class='ocr_carea' id='block_1_40' title="bbox 1900 1135 3471 1207">
    <p class='ocr_par' dir='ltr' id='par_1_40' title="bbox 1900 1135 3471 1207">
     <span class='ocr_line' id='line_1_40' title="bbox 1900 1135 3471 1207; baseline 0.001 -18"><span class='ocrx_word' id='word_1_301' title='bbox 1900 1145 2082 1190; x_wconf 90' lang='lat' dir='ltr'><strong>tamen</strong></span> <span class='ocrx_word' id='word_1_302' title='bbox 2100 1135 2439 1207; x_wconf 65' lang='lat' dir='ltr'><strong>&quot;sejungant,</strong></span> <span class='ocrx_word' id='word_1_303' title='bbox 2469 1151 2694 1191; x_wconf 88' lang='lat' dir='ltr'><strong>necesse</strong></span> <span class='ocrx_word' id='word_1_304' title='bbox 2739 1146 2824 1191; x_wconf 87' lang='lat' dir='ltr'><strong>est</strong></span> <span class='ocrx_word' id='word_1_305' title='bbox 2863 1144 2925 1191; x_wconf 92' lang='lat' dir='ltr'><strong>ut</strong></span> <span class='ocrx_word' id='word_1_306' title='bbox 2967 1137 3153 1192; x_wconf 89' lang='lat' dir='ltr'><strong>dicant</strong></span> <span class='ocrx_word' id='word_1_307' title='bbox 3193 1152 3301 1191; x_wconf 90' lang='lat' dir='ltr'><strong>non</strong></span> <span class='ocrx_word' id='word_1_308' title='bbox 3346 1152 3471 1191; x_wconf 75' lang='lat' dir='ltr'><strong>esse</strong></span> 
     </span>
    </p>
   </div>
   <div class='ocr_carea' id='block_1_41' title="bbox 1899 1227 3468 1297">
    <p class='ocr_par' dir='ltr' id='par_1_41' title="bbox 1899 1227 3468 1297">
     <span class='ocr_line' id='line_1_41' title="bbox 1899 1227 3468 1297; baseline 0.001 -17"><span class='ocrx_word' id='word_1_309' title='bbox 1899 1234 2233 1281; x_wconf 76' lang='lat' dir='ltr'><strong>coaeternum</strong></span> <span class='ocrx_word' id='word_1_310' title='bbox 2267 1227 2436 1293; x_wconf 84' lang='lat' dir='ltr'><strong>Patri,</strong></span> <span class='ocrx_word' id='word_1_311' title='bbox 2463 1227 2806 1297; x_wconf 87' lang='lat' dir='ltr'><strong>temporique</strong></span> <span class='ocrx_word' id='word_1_312' title='bbox 2848 1237 3153 1297; x_wconf 84' lang='lat' dir='ltr'><strong>temporum</strong></span> <span class='ocrx_word' id='word_1_313' title='bbox 3189 1237 3468 1282; x_wconf 84' lang='lat' dir='ltr'><strong>auctorem</strong></span> 
     </span>
    </p>
   </div>
   <div class='ocr_carea' id='block_1_42' title="bbox 1900 1319 3471 1391">
    <p class='ocr_par' dir='ltr' id='par_1_42' title="bbox 1900 1319 3471 1391">
     <span class='ocr_line' id='line_1_42' title="bbox 1900 1319 3471 1391; baseline 0.001 -17"><span class='ocrx_word' id='word_1_314' title='bbox 1900 1319 2214 1391; x_wconf 80' lang='lat' dir='ltr'><strong>subjiciam.</strong></span> <span class='ocrx_word' id='word_1_315' title='bbox 2250 1319 2488 1375; x_wconf 86' lang='lat' dir='ltr'><strong>Necesse</strong></span> <span class='ocrx_word' id='word_1_316' title='bbox 2532 1320 2681 1375; x_wconf 89' lang='lat' dir='ltr'><strong>enim</strong></span> <span class='ocrx_word' id='word_1_317' title='bbox 2727 1329 2845 1382; x_wconf 86' lang='lat' dir='ltr'><strong>est,</strong></span> <span class='ocrx_word' id='word_1_318' title='bbox 2882 1329 2942 1374; x_wconf 92' lang='lat' dir='ltr'><strong>ut</strong></span> <span class='ocrx_word' id='word_1_319' title='bbox 2984 1329 3040 1375; x_wconf 90' lang='lat' dir='ltr'><strong>et</strong></span> <span class='ocrx_word' id='word_1_320' title='bbox 3082 1337 3251 1375; x_wconf 90' lang='lat' dir='ltr'><strong>unum</strong></span> <span class='ocrx_word' id='word_1_321' title='bbox 3297 1322 3471 1375; x_wconf 87' lang='lat' dir='ltr'><strong>Deum</strong></span> 
     </span>
    </p>
   </div>
   <div class='ocr_carea' id='block_1_43' title="bbox 1899 1409 3475 1483">
    <p class='ocr_par' dir='ltr' id='par_1_43' title="bbox 1899 1409 3475 1483">
     <span class='ocr_line' id='line_1_43' title="bbox 1899 1409 3475 1483; baseline -0.001 -16"><span class='ocrx_word' id='word_1_322' title='bbox 1899 1421 2208 1478; x_wconf 87' lang='lat' dir='ltr'><strong>teneamus,</strong></span> <span class='ocrx_word' id='word_1_323' title='bbox 2235 1420 2291 1467; x_wconf 90' lang='lat' dir='ltr'><strong>et</strong></span> <span class='ocrx_word' id='word_1_324' title='bbox 2321 1420 2434 1467; x_wconf 90' lang='lat' dir='ltr'><strong>tres</strong></span> <span class='ocrx_word' id='word_1_325' title='bbox 2466 1428 2750 1481; x_wconf 86' lang='lat' dir='ltr'><strong>personas,</strong></span> <span class='ocrx_word' id='word_1_326' title='bbox 2778 1420 2840 1466; x_wconf 88' lang='lat' dir='ltr'><strong>ut</strong></span> <span class='ocrx_word' id='word_1_327' title='bbox 2864 1412 3047 1483; x_wconf 79' lang='lat' dir='ltr'><strong>magni</strong></span> <span class='ocrx_word' id='word_1_328' title='bbox 3071 1409 3322 1482; x_wconf 79' lang='lat' dir='ltr'><strong>Gregorii</strong></span> <span class='ocrx_word' id='word_1_329' title='bbox 3350 1427 3475 1466; x_wconf 86' lang='lat' dir='ltr'><strong>sen-</strong></span> 
     </span>
    </p>
   </div>
   <div class='ocr_carea' id='block_1_44' title="bbox 1900 1503 3474 1573">
    <p class='ocr_par' dir='ltr' id='par_1_44' title="bbox 1900 1503 3474 1573">
     <span class='ocr_line' id='line_1_44' title="bbox 1900 1503 3474 1573; baseline -0.001 -14"><span class='ocrx_word' id='word_1_330' title='bbox 1900 1505 2073 1560; x_wconf 88' lang='lat' dir='ltr'><strong>tentia</strong></span> <span class='ocrx_word' id='word_1_331' title='bbox 2115 1514 2201 1559; x_wconf 90' lang='lat' dir='ltr'><strong>est</strong></span> <span class='ocrx_word' id='word_1_332' title='bbox 2226 1508 2263 1570; x_wconf 84' lang='lat'><strong>&#39;,</strong></span> <span class='ocrx_word' id='word_1_333' title='bbox 2301 1503 2685 1569; x_wconf 84' lang='lat' dir='ltr'><strong>conﬁteamur,</strong></span> <span class='ocrx_word' id='word_1_334' title='bbox 2724 1519 3166 1573; x_wconf 82' lang='lat' dir='ltr'><strong>unamquamque</strong></span> <span class='ocrx_word' id='word_1_335' title='bbox 3209 1520 3330 1558; x_wconf 87' lang='lat' dir='ltr'><strong>cum</strong></span> <span class='ocrx_word' id='word_1_336' title='bbox 3376 1520 3474 1559; x_wconf 85' lang='lat' dir='ltr'><strong>sua</strong></span> 
     </span>
    </p>
   </div>
   <div class='ocr_carea' id='block_1_45' title="bbox 1899 1596 3474 1668">
    <p class='ocr_par' dir='ltr' id='par_1_45' title="bbox 1899 1596 3474 1668">
     <span class='ocr_line' id='line_1_45' title="bbox 1899 1596 3474 1668; baseline -0.001 -18"><span class='ocrx_word' id='word_1_337' title='bbox 1899 1597 2257 1668; x_wconf 86' lang='lat' dir='ltr'><strong>proprietate.</strong></span> <span class='ocrx_word' id='word_1_338' title='bbox 2299 1616 2317 1649; x_wconf 84' lang='grc' dir='ltr'><strong>ι</strong></span> <span class='ocrx_word' id='word_1_339' title='bbox 2357 1596 2692 1650; x_wconf 85' lang='lat' dir='ltr'><strong>Dividuntur</strong></span> <span class='ocrx_word' id='word_1_340' title='bbox 2731 1616 2749 1647; x_wconf 78' lang='grc' dir='ltr'><strong>ι</strong></span> <span class='ocrx_word' id='word_1_341' title='bbox 2794 1597 2973 1661; x_wconf 89' lang='lat' dir='ltr'><strong>enim,</strong></span> <span class='ocrx_word' id='word_1_342' title='bbox 3006 1603 3067 1649; x_wconf 94' lang='lat' dir='ltr'><strong>ut</strong></span> <span class='ocrx_word' id='word_1_343' title='bbox 3102 1596 3244 1650; x_wconf 89' lang='lat' dir='ltr'><strong>idem</strong></span> <span class='ocrx_word' id='word_1_344' title='bbox 3283 1597 3474 1658; x_wconf 87' lang='lat' dir='ltr'><strong>sentit,</strong></span> 
     </span>
    </p>
   </div>
   <div class='ocr_carea' id='block_1_46' title="bbox 1900 1685 3480 1754">
    <p class='ocr_par' dir='ltr' id='par_1_46' title="bbox 1900 1685 3480 1754">
     <span class='ocr_line' id='line_1_46' title="bbox 1900 1685 3480 1754; baseline -0.003 -11"><span class='ocrx_word' id='word_1_345' title='bbox 1900 1689 1995 1743; x_wconf 91' lang='lat' dir='ltr'><strong>sed</strong></span> <span class='ocrx_word' id='word_1_346' title='bbox 2042 1707 2061 1740; x_wconf 76' lang='grc' dir='ltr'><strong>ι</strong></span> <span class='ocrx_word' id='word_1_347' title='bbox 2108 1687 2373 1754; x_wconf 88' lang='lat' dir='ltr'><strong>indivise;</strong></span> <span class='ocrx_word' id='word_1_348' title='bbox 2415 1697 2473 1743; x_wconf 90' lang='lat' dir='ltr'><strong>et</strong></span> <span class='ocrx_word' id='word_1_349' title='bbox 2509 1694 2933 1747; x_wconf 84' lang='lat' dir='ltr'><strong>connectuntur,</strong></span> <span class='ocrx_word' id='word_1_350' title='bbox 2965 1686 3062 1741; x_wconf 90' lang='lat' dir='ltr'><strong>sed</strong></span> <span class='ocrx_word' id='word_1_351' title='bbox 3103 1685 3371 1751; x_wconf 89' lang='lat' dir='ltr'><strong>discrete;</strong></span> <span class='ocrx_word' id='word_1_352' title='bbox 3418 1695 3480 1739; x_wconf 89' lang='lat' dir='ltr'><strong>ut</strong></span> 
     </span>
    </p>
   </div>
   <div class='ocr_carea' id='block_1_47' title="bbox 1900 1777 3478 1849">
    <p class='ocr_par' dir='ltr' id='par_1_47' title="bbox 1900 1777 3478 1849">
     <span class='ocr_line' id='line_1_47' title="bbox 1900 1777 3478 1849; baseline -0.004 -12"><span class='ocrx_word' id='word_1_353' title='bbox 1900 1790 1957 1838; x_wconf 91' lang='lat' dir='ltr'><strong>et</strong></span> <span class='ocrx_word' id='word_1_354' title='bbox 1989 1780 2253 1837; x_wconf 87' lang='lat' dir='ltr'><strong>discretio</strong></span> <span class='ocrx_word' id='word_1_355' title='bbox 2286 1795 2429 1835; x_wconf 88' lang='lat' dir='ltr'><strong>nova</strong></span> <span class='ocrx_word' id='word_1_356' title='bbox 2464 1781 2555 1846; x_wconf 88' lang='lat' dir='ltr'><strong>sit,</strong></span> <span class='ocrx_word' id='word_1_357' title='bbox 2585 1788 2642 1835; x_wconf 89' lang='lat' dir='ltr'><strong>et</strong></span> <span class='ocrx_word' id='word_1_358' title='bbox 2671 1780 2822 1834; x_wconf 89' lang='lat' dir='ltr'><strong>unio.</strong></span> <span class='ocrx_word' id='word_1_359' title='bbox 2857 1798 2875 1830; x_wconf 87' lang='grc'><strong>›</strong></span> <span class='ocrx_word' id='word_1_360' title='bbox 2915 1779 3134 1849; x_wconf 88' lang='lat' dir='ltr'><strong>Alioqui</strong></span> <span class='ocrx_word' id='word_1_361' title='bbox 3165 1779 3311 1833; x_wconf 88' lang='lat' dir='ltr'><strong>enim</strong></span> <span class='ocrx_word' id='word_1_362' title='bbox 3346 1777 3478 1847; x_wconf 90' lang='lat' dir='ltr'><strong>quid</strong></span> 
     </span>
    </p>
   </div>
   <div class='ocr_carea' id='block_1_48' title="bbox 1901 1870 3481 1942">
    <p class='ocr_par' dir='ltr' id='par_1_48' title="bbox 1901 1870 3481 1942">
     <span class='ocr_line' id='line_1_48' title="bbox 1901 1870 3481 1942; baseline -0.004 -13"><span class='ocrx_word' id='word_1_363' title='bbox 1901 1889 2107 1929; x_wconf 87' lang='lat' dir='ltr'><strong>novum</strong></span> <span class='ocrx_word' id='word_1_364' title='bbox 2144 1882 2201 1928; x_wconf 91' lang='lat' dir='ltr'><strong>et</strong></span> <span class='ocrx_word' id='word_1_365' title='bbox 2232 1872 2514 1928; x_wconf 89' lang='lat' dir='ltr'><strong>insolitum</strong></span> <span class='ocrx_word' id='word_1_366' title='bbox 2534 1912 2549 1936; x_wconf 94' lang='lat'><strong>,</strong></span> <span class='ocrx_word' id='word_1_367' title='bbox 2584 1872 2731 1942; x_wconf 91' lang='lat' dir='ltr'><strong>quod</strong></span> <span class='ocrx_word' id='word_1_368' title='bbox 2762 1871 2841 1926; x_wconf 91' lang='lat' dir='ltr'><strong>sic</strong></span> <span class='ocrx_word' id='word_1_369' title='bbox 2872 1871 3045 1926; x_wconf 88' lang='lat' dir='ltr'><strong>Filius</strong></span> <span class='ocrx_word' id='word_1_370' title='bbox 3076 1871 3222 1925; x_wconf 86' lang='lat' dir='ltr'><strong>Patri</strong></span> <span class='ocrx_word' id='word_1_371' title='bbox 3258 1870 3481 1925; x_wconf 89' lang='lat' dir='ltr'><strong>uniatur</strong></span> 
     </span>
    </p>
   </div>
   <div class='ocr_carea' id='block_1_49' title="bbox 1900 1963 3483 2034">
    <p class='ocr_par' dir='ltr' id='par_1_49' title="bbox 1900 1963 3483 2034">
     <span class='ocr_line' id='line_1_49' title="bbox 1900 1963 3483 2034; baseline -0.001 -13"><span class='ocrx_word' id='word_1_372' title='bbox 1900 1975 1957 2021; x_wconf 90' lang='lat' dir='ltr'><strong>et</strong></span> <span class='ocrx_word' id='word_1_373' title='bbox 1987 1967 2056 2021; x_wconf 89' lang='lat' dir='ltr'><strong>ab</strong></span> <span class='ocrx_word' id='word_1_374' title='bbox 2090 1982 2158 2020; x_wconf 91' lang='lat' dir='ltr'><strong>eo</strong></span> <span class='ocrx_word' id='word_1_375' title='bbox 2190 1966 2505 2031; x_wconf 85' lang='lat' dir='ltr'><strong>dirimatur,</strong></span> <span class='ocrx_word' id='word_1_376' title='bbox 2537 1964 2813 2034; x_wconf 86' lang='lat' dir='ltr'><strong>quomodo</strong></span> <span class='ocrx_word' id='word_1_377' title='bbox 2848 1965 3013 2019; x_wconf 90' lang='lat' dir='ltr'><strong>homo</strong></span> <span class='ocrx_word' id='word_1_378' title='bbox 3045 1965 3256 2018; x_wconf 85' lang='lat' dir='ltr'><strong>homini</strong></span> <span class='ocrx_word' id='word_1_379' title='bbox 3296 1963 3483 2019; x_wconf 84' lang='lat' dir='ltr'><strong>unitus</strong></span> 
     </span>
    </p>
   </div>
   <div class='ocr_carea' id='block_1_50' title="bbox 1900 2057 3270 2127">
    <p class='ocr_par' dir='ltr' id='par_1_50' title="bbox 1900 2057 3270 2127">
     <span class='ocr_line' id='line_1_50' title="bbox 1900 2057 3270 2127; baseline -0.003 -13"><span class='ocrx_word' id='word_1_380' title='bbox 1900 2069 2007 2123; x_wconf 90' lang='lat' dir='ltr'><strong>est,</strong></span> <span class='ocrx_word' id='word_1_381' title='bbox 2037 2068 2093 2114; x_wconf 87' lang='lat' dir='ltr'><strong>et</strong></span> <span class='ocrx_word' id='word_1_382' title='bbox 2121 2059 2190 2113; x_wconf 91' lang='lat' dir='ltr'><strong>ab</strong></span> <span class='ocrx_word' id='word_1_383' title='bbox 2217 2074 2284 2113; x_wconf 89' lang='lat' dir='ltr'><strong>eo</strong></span> <span class='ocrx_word' id='word_1_384' title='bbox 2307 2058 2609 2123; x_wconf 88' lang='lat' dir='ltr'><strong>discretus;</strong></span> <span class='ocrx_word' id='word_1_385' title='bbox 2642 2072 2745 2111; x_wconf 91' lang='lat' dir='ltr'><strong>nec</strong></span> <span class='ocrx_word' id='word_1_386' title='bbox 2770 2057 2976 2127; x_wconf 90' lang='lat' dir='ltr'><strong>aliquid</strong></span> <span class='ocrx_word' id='word_1_387' title='bbox 3003 2057 3270 2127; x_wconf 85' lang='lat' dir='ltr'><strong>amplius?</strong></span> 
     </span>
    </p>
   </div>
   <div class='ocr_carea' id='block_1_51' title="bbox 1973 2150 3482 2220">
    <p class='ocr_par' dir='ltr' id='par_1_51' title="bbox 1973 2150 3482 2220">
     <span class='ocr_line' id='line_1_51' title="bbox 1973 2150 3482 2220; baseline -0.001 -14"><span class='ocrx_word' id='word_1_388' title='bbox 1973 2151 2061 2206; x_wconf 81' lang='lat'><strong>50.</strong></span> <span class='ocrx_word' id='word_1_389' title='bbox 2096 2151 2201 2218; x_wconf 84' lang='lat' dir='ltr'><strong>Qui</strong></span> <span class='ocrx_word' id='word_1_390' title='bbox 2236 2152 2291 2205; x_wconf 91' lang='lat' dir='ltr'><strong>in</strong></span> <span class='ocrx_word' id='word_1_391' title='bbox 2324 2150 2591 2205; x_wconf 87' lang='lat' dir='ltr'><strong>charitate</strong></span> <span class='ocrx_word' id='word_1_392' title='bbox 2625 2150 2933 2220; x_wconf 69' lang='lat' dir='ltr'><strong>perfectus,</strong></span> <span class='ocrx_word' id='word_1_393' title='bbox 2964 2165 3343 2220; x_wconf 84' lang='lat' dir='ltr'><strong>summamque</strong></span> <span class='ocrx_word' id='word_1_394' title='bbox 3376 2151 3482 2204; x_wconf 87' lang='lat' dir='ltr'><strong>im-</strong></span> 
     </span>
    </p>
   </div>
   <div class='ocr_carea' id='block_1_52' title="bbox 1902 2242 3481 2315">
    <p class='ocr_par' dir='ltr' id='par_1_52' title="bbox 1902 2242 3481 2315">
     <span class='ocr_line' id='line_1_52' title="bbox 1902 2242 3481 2315; baseline -0.003 -15"><span class='ocrx_word' id='word_1_395' title='bbox 1902 2245 2208 2315; x_wconf 85' lang='lat' dir='ltr'><strong>perturbati</strong></span> <span class='ocrx_word' id='word_1_396' title='bbox 2246 2244 2416 2298; x_wconf 89' lang='lat' dir='ltr'><strong>animi</strong></span> <span class='ocrx_word' id='word_1_397' title='bbox 2452 2243 2906 2312; x_wconf 84' lang='lat' dir='ltr'><strong>tranquillitatem</strong></span> <span class='ocrx_word' id='word_1_398' title='bbox 2945 2242 3176 2312; x_wconf 87' lang='lat' dir='ltr'><strong>adeptus</strong></span> <span class='ocrx_word' id='word_1_399' title='bbox 3212 2251 3317 2309; x_wconf 87' lang='lat' dir='ltr'><strong>est,</strong></span> <span class='ocrx_word' id='word_1_400' title='bbox 3352 2257 3481 2312; x_wconf 90' lang='lat' dir='ltr'><strong>pro-</strong></span> 
     </span>
    </p>
   </div>
   <div class='ocr_carea' id='block_1_53' title="bbox 1904 2333 3486 2407">
    <p class='ocr_par' dir='ltr' id='par_1_53' title="bbox 1904 2333 3486 2407">
     <span class='ocr_line' id='line_1_53' title="bbox 1904 2333 3486 2407; baseline -0.003 -16"><span class='ocrx_word' id='word_1_401' title='bbox 1904 2337 2011 2407; x_wconf 88' lang='lat' dir='ltr'><strong>prii</strong></span> <span class='ocrx_word' id='word_1_402' title='bbox 2041 2346 2098 2391; x_wconf 89' lang='lat' dir='ltr'><strong>et</strong></span> <span class='ocrx_word' id='word_1_403' title='bbox 2127 2337 2316 2402; x_wconf 87' lang='lat' dir='ltr'><strong>alieni,</strong></span> <span class='ocrx_word' id='word_1_404' title='bbox 2353 2336 2471 2391; x_wconf 87' lang='lat' dir='ltr'><strong>sive</strong></span> <span class='ocrx_word' id='word_1_405' title='bbox 2496 2336 2735 2405; x_wconf 64' lang='lat' dir='ltr'><strong>propriae</strong></span> <span class='ocrx_word' id='word_1_406' title='bbox 2763 2344 2820 2389; x_wconf 90' lang='lat' dir='ltr'><strong>ct</strong></span> <span class='ocrx_word' id='word_1_407' title='bbox 2842 2335 3056 2399; x_wconf 66' lang='lat' dir='ltr'><strong>alienae,</strong></span> <span class='ocrx_word' id='word_1_408' title='bbox 3083 2333 3261 2389; x_wconf 83' lang='lat' dir='ltr'><strong>ﬁdelis</strong></span> <span class='ocrx_word' id='word_1_409' title='bbox 3286 2344 3343 2389; x_wconf 87' lang='lat' dir='ltr'><strong>et</strong></span> <span class='ocrx_word' id='word_1_410' title='bbox 3365 2334 3486 2388; x_wconf 81' lang='lat' dir='ltr'><strong>inii-</strong></span> 
     </span>
    </p>
   </div>
   <div class='ocr_carea' id='block_1_54' title="bbox 1905 2426 3487 2498">
    <p class='ocr_par' dir='ltr' id='par_1_54' title="bbox 1905 2426 3487 2498">
     <span class='ocr_line' id='line_1_54' title="bbox 1905 2426 3487 2498; baseline -0.002 -14"><span class='ocrx_word' id='word_1_411' title='bbox 1905 2430 2077 2494; x_wconf 89' lang='lat' dir='ltr'><strong>delis,</strong></span> <span class='ocrx_word' id='word_1_412' title='bbox 2106 2430 2251 2484; x_wconf 83' lang='lat' dir='ltr'><strong>servi</strong></span> <span class='ocrx_word' id='word_1_413' title='bbox 2287 2444 2352 2483; x_wconf 89' lang='lat' dir='ltr'><strong>ac</strong></span> <span class='ocrx_word' id='word_1_414' title='bbox 2380 2428 2571 2493; x_wconf 85' lang='lat' dir='ltr'><strong>liberi,</strong></span> <span class='ocrx_word' id='word_1_415' title='bbox 2603 2441 2940 2497; x_wconf 89' lang='lat' dir='ltr'><strong>prorsusque</strong></span> <span class='ocrx_word' id='word_1_416' title='bbox 2971 2426 3199 2481; x_wconf 82' lang='lat' dir='ltr'><strong>masculi</strong></span> <span class='ocrx_word' id='word_1_417' title='bbox 3230 2442 3293 2481; x_wconf 90' lang='lat' dir='ltr'><strong>ac</strong></span> <span class='ocrx_word' id='word_1_418' title='bbox 3323 2426 3487 2498; x_wconf 59' lang='grc'><strong>414</strong></span> 
     </span>
    </p>
   </div>
   <div class='ocr_carea' id='block_1_55' title="bbox 1904 2516 3483 2583">
    <p class='ocr_par' dir='ltr' id='par_1_55' title="bbox 1904 2516 3483 2583">
     <span class='ocr_line' id='line_1_55' title="bbox 1904 2516 3483 2583; baseline -0.004 -7"><span class='ocrx_word' id='word_1_419' title='bbox 1904 2521 2124 2576; x_wconf 72' lang='lat' dir='ltr'><strong>feminae</strong></span> <span class='ocrx_word' id='word_1_420' title='bbox 2172 2519 2473 2575; x_wconf 85' lang='lat' dir='ltr'><strong>discrimen</strong></span> <span class='ocrx_word' id='word_1_421' title='bbox 2528 2519 2742 2572; x_wconf 88' lang='lat' dir='ltr'><strong>nullum</strong></span> <span class='ocrx_word' id='word_1_422' title='bbox 2794 2516 2982 2583; x_wconf 84' lang='lat' dir='ltr'><strong>novit;</strong></span> <span class='ocrx_word' id='word_1_423' title='bbox 3040 2518 3137 2571; x_wconf 89' lang='lat' dir='ltr'><strong>sed</strong></span> <span class='ocrx_word' id='word_1_424' title='bbox 3187 2516 3483 2571; x_wconf 71' lang='lat' dir='ltr'><strong>aifectuum</strong></span> 
     </span>
    </p>
   </div>
   <div class='ocr_carea' id='block_1_56' title="bbox 1905 2608 3485 2683">
    <p class='ocr_par' dir='ltr' id='par_1_56' title="bbox 1905 2608 3485 2683">
     <span class='ocr_line' id='line_1_56' title="bbox 1905 2608 3485 2683; baseline -0.004 -15"><span class='ocrx_word' id='word_1_425' title='bbox 1905 2620 2164 2682; x_wconf 88' lang='lat' dir='ltr'><strong>superata</strong></span> <span class='ocrx_word' id='word_1_426' title='bbox 2195 2611 2503 2683; x_wconf 81' lang='lat' dir='ltr'><strong>tyrannide,</strong></span> <span class='ocrx_word' id='word_1_427' title='bbox 2531 2611 2696 2679; x_wconf 90' lang='lat' dir='ltr'><strong>inque</strong></span> <span class='ocrx_word' id='word_1_428' title='bbox 2731 2624 2896 2663; x_wconf 88' lang='lat' dir='ltr'><strong>unam</strong></span> <span class='ocrx_word' id='word_1_429' title='bbox 2922 2608 3207 2663; x_wconf 88' lang='lat' dir='ltr'><strong>hominum</strong></span> <span class='ocrx_word' id='word_1_430' title='bbox 3232 2617 3485 2662; x_wconf 79' lang='lat' dir='ltr'><strong>naturain</strong></span> 
     </span>
    </p>
   </div>
   <div class='ocr_carea' id='block_1_57' title="bbox 1906 2695 3487 2775">
    <p class='ocr_par' dir='ltr' id='par_1_57' title="bbox 1906 2695 3487 2775">
     <span class='ocr_line' id='line_1_57' title="bbox 1906 2695 3487 2775; baseline -0.004 -16"><span class='ocrx_word' id='word_1_431' title='bbox 1906 2704 2228 2775; x_wconf 88' lang='lat' dir='ltr'><strong>respiciens,</strong></span> <span class='ocrx_word' id='word_1_432' title='bbox 2262 2718 2457 2758; x_wconf 83' lang='lat' dir='ltr'><strong>omnes</strong></span> <span class='ocrx_word' id='word_1_433' title='bbox 2500 2695 2753 2772; x_wconf 65' lang='lat' dir='ltr'><strong>peraeque</strong></span> <span class='ocrx_word' id='word_1_434' title='bbox 2792 2700 3124 2765; x_wconf 88' lang='lat' dir='ltr'><strong>considerat,</strong></span> <span class='ocrx_word' id='word_1_435' title='bbox 3160 2700 3487 2769; x_wconf 85' lang='lat' dir='ltr'><strong>cunctisque</strong></span> 
     </span>
    </p>
   </div>
   <div class='ocr_carea' id='block_1_58' title="bbox 1905 2791 3487 2864">
    <p class='ocr_par' dir='ltr' id='par_1_58' title="bbox 1905 2791 3487 2864">
     <span class='ocr_line' id='line_1_58' title="bbox 1905 2791 3487 2864; baseline -0.003 -14"><span class='ocrx_word' id='word_1_436' title='bbox 1905 2796 2194 2864; x_wconf 66' lang='lat' dir='ltr'><strong>aequaliter</strong></span> <span class='ocrx_word' id='word_1_437' title='bbox 2226 2794 2459 2849; x_wconf 84' lang='lat' dir='ltr'><strong>aﬂ‘ectus</strong></span> <span class='ocrx_word' id='word_1_438' title='bbox 2489 2802 2593 2847; x_wconf 89' lang='lat' dir='ltr'><strong>est.</strong></span> <span class='ocrx_word' id='word_1_439' title='bbox 2622 2791 2742 2847; x_wconf 85' lang='lat' dir='ltr'><strong>Non</strong></span> <span class='ocrx_word' id='word_1_440' title='bbox 2775 2792 2925 2846; x_wconf 89' lang='lat' dir='ltr'><strong>enim</strong></span> <span class='ocrx_word' id='word_1_441' title='bbox 2957 2793 3014 2846; x_wconf 87' lang='lat' dir='ltr'><strong>in</strong></span> <span class='ocrx_word' id='word_1_442' title='bbox 3045 2807 3113 2846; x_wconf 89' lang='lat' dir='ltr'><strong>eo</strong></span> <span class='ocrx_word' id='word_1_443' title='bbox 3146 2801 3231 2846; x_wconf 90' lang='lat' dir='ltr'><strong>est</strong></span> <span class='ocrx_word' id='word_1_444' title='bbox 3265 2791 3487 2846; x_wconf 63' lang='lat' dir='ltr'><strong>Grrecus</strong></span> 
     </span>
    </p>
   </div>
   <div class='ocr_carea' id='block_1_59' title="bbox 1906 2883 3487 2951">
    <p class='ocr_par' dir='ltr' id='par_1_59' title="bbox 1906 2883 3487 2951">
     <span class='ocr_line' id='line_1_59' title="bbox 1906 2883 3487 2951; baseline -0.002 -10"><span class='ocrx_word' id='word_1_445' title='bbox 1906 2903 1971 2941; x_wconf 91' lang='lat' dir='ltr'><strong>ac</strong></span> <span class='ocrx_word' id='word_1_446' title='bbox 1992 2887 2234 2951; x_wconf 83' lang='lat' dir='ltr'><strong>Judacus,</strong></span> <span class='ocrx_word' id='word_1_447' title='bbox 2260 2887 2540 2941; x_wconf 89' lang='lat' dir='ltr'><strong>masculus</strong></span> <span class='ocrx_word' id='word_1_448' title='bbox 2564 2892 2621 2940; x_wconf 86' lang='lat' dir='ltr'><strong>et</strong></span> <span class='ocrx_word' id='word_1_449' title='bbox 2643 2884 2870 2949; x_wconf 85' lang='lat' dir='ltr'><strong>femina,</strong></span> <span class='ocrx_word' id='word_1_450' title='bbox 2895 2899 3087 2939; x_wconf 86' lang='lat' dir='ltr'><strong>servus</strong></span> <span class='ocrx_word' id='word_1_451' title='bbox 3112 2893 3169 2938; x_wconf 77' lang='lat' dir='ltr'><strong>et</strong></span> <span class='ocrx_word' id='word_1_452' title='bbox 3195 2884 3362 2950; x_wconf 86' lang='lat' dir='ltr'><strong>liber;</strong></span> <span class='ocrx_word' id='word_1_453' title='bbox 3388 2883 3487 2939; x_wconf 87' lang='lat' dir='ltr'><strong>sed</strong></span> 
     </span>
    </p>
   </div>
   <div class='ocr_carea' id='block_1_60' title="bbox 1908 2976 2835 3033">
    <p class='ocr_par' dir='ltr' id='par_1_60' title="bbox 1908 2976 2835 3033">
     <span class='ocr_line' id='line_1_60' title="bbox 1908 2976 2835 3033; baseline -0.003 0"><span class='ocrx_word' id='word_1_454' title='bbox 1908 2980 2093 3033; x_wconf 88' lang='lat' dir='ltr'><strong>omnia</strong></span> <span class='ocrx_word' id='word_1_455' title='bbox 2121 2979 2177 3032; x_wconf 91' lang='lat' dir='ltr'><strong>in</strong></span> <span class='ocrx_word' id='word_1_456' title='bbox 2206 2979 2466 3033; x_wconf 88' lang='lat' dir='ltr'><strong>omnibus</strong></span> <span class='ocrx_word' id='word_1_457' title='bbox 2493 2977 2748 3032; x_wconf 75' lang='lat' dir='ltr'><strong>Christus</strong></span> <span class='ocrx_word' id='word_1_458' title='bbox 2768 2976 2835 3030; x_wconf 80' lang='grc'><strong>⁸⁵.</strong></span> 
     </span>
    </p>
   </div>
   <div class='ocr_carea' id='block_1_61' title="bbox 1980 3066 3485 3138">
    <p class='ocr_par' dir='ltr' id='par_1_61' title="bbox 1980 3066 3485 3138">
     <span class='ocr_line' id='line_1_61' title="bbox 1980 3066 3485 3138; baseline -0.003 -13"><span class='ocrx_word' id='word_1_459' title='bbox 1980 3073 2067 3126; x_wconf 77' lang='grc'>51.</span> <span class='ocrx_word' id='word_1_460' title='bbox 2104 3073 2390 3125; x_wconf 66' lang='lat' dir='ltr'><strong>Daemones</strong></span> <span class='ocrx_word' id='word_1_461' title='bbox 2432 3084 2499 3124; x_wconf 81' lang='lat' dir='ltr'><strong>ex</strong></span> <span class='ocrx_word' id='word_1_462' title='bbox 2546 3067 2810 3138; x_wconf 85' lang='lat' dir='ltr'><strong>subjectis</strong></span> <span class='ocrx_word' id='word_1_463' title='bbox 2850 3067 2906 3121; x_wconf 91' lang='lat' dir='ltr'><strong>in</strong></span> <span class='ocrx_word' id='word_1_464' title='bbox 2943 3067 3128 3121; x_wconf 90' lang='lat' dir='ltr'><strong>animo</strong></span> <span class='ocrx_word' id='word_1_465' title='bbox 3168 3066 3485 3129; x_wconf 77' lang='lat' dir='ltr'><strong>aﬂ’cctihus,</strong></span> 
     </span>
    </p>
   </div>
   <div class='ocr_carea' id='block_1_62' title="bbox 209 3160 1808 3234">
    <p class='ocr_par' dir='ltr' id='par_1_62' title="bbox 209 3163 1808 3234">
     <span class='ocr_line' id='line_1_62' title="bbox 209 3163 1808 3234; baseline 0.001 -18"><span class='ocrx_word' id='word_1_466' title='bbox 209 3163 602 3234; x_wconf 77' lang='grc' dir='ltr'>λαμϐάνουσιν</span> <span class='ocrx_word' id='word_1_467' title='bbox 629 3165 678 3216; x_wconf 88' lang='grc' dir='ltr'><strong>οί</strong></span> <span class='ocrx_word' id='word_1_468' title='bbox 727 3164 980 3233; x_wconf 85' lang='grc' dir='ltr'>δαίμονες</span> <span class='ocrx_word' id='word_1_469' title='bbox 1025 3163 1124 3226; x_wconf 83' lang='grc' dir='ltr'>τὰς</span> <span class='ocrx_word' id='word_1_470' title='bbox 1174 3164 1432 3233; x_wconf 67' lang='grc' dir='ltr'>ἀφορμάς</span> <span class='ocrx_word' id='word_1_471' title='bbox 1487 3163 1583 3216; x_wconf 91' lang='grc' dir='ltr'><strong>τοῦ</strong></span> <span class='ocrx_word' id='word_1_472' title='bbox 1640 3167 1808 3218; x_wconf 81' lang='grc' dir='ltr'>κινεῖν</span> 
     </span>
    </p>
   </div>
   <div class='ocr_carea' id='block_1_63' title="bbox 1908 3160 3491 3234">
    <p class='ocr_par' dir='ltr' id='par_1_63' title="bbox 1913 3160 3491 3232">
     <span class='ocr_line' id='line_1_63' title="bbox 1913 3160 3491 3232; baseline -0.004 -12"><span class='ocrx_word' id='word_1_473' title='bbox 1913 3167 2234 3219; x_wconf 84' lang='lat' dir='ltr'><strong>occasiones</strong></span> <span class='ocrx_word' id='word_1_474' title='bbox 2264 3178 2565 3231; x_wconf 87' lang='lat' dir='ltr'><strong>ansamque</strong></span> <span class='ocrx_word' id='word_1_475' title='bbox 2598 3162 2894 3232; x_wconf 88' lang='lat' dir='ltr'><strong>arripiunt,</strong></span> <span class='ocrx_word' id='word_1_476' title='bbox 2923 3169 2985 3215; x_wconf 91' lang='lat' dir='ltr'><strong>ut</strong></span> <span class='ocrx_word' id='word_1_477' title='bbox 3013 3161 3239 3215; x_wconf 89' lang='lat' dir='ltr'><strong>vitiosas</strong></span> <span class='ocrx_word' id='word_1_478' title='bbox 3270 3176 3335 3215; x_wconf 88' lang='lat' dir='ltr'><strong>ac</strong></span> <span class='ocrx_word' id='word_1_479' title='bbox 3366 3160 3491 3214; x_wconf 88' lang='lat' dir='ltr'><strong>libi-</strong></span> 
     </span>
    </p>
   </div>
   <div class='ocr_carea' id='block_1_64' title="bbox 214 3252 1809 3329">
    <p class='ocr_par' dir='ltr' id='par_1_64' title="bbox 214 3252 1809 3329">
     <span class='ocr_line' id='line_1_64' title="bbox 214 3252 1809 3329; baseline 0 -18"><span class='ocrx_word' id='word_1_480' title='bbox 214 3261 279 3312; x_wconf 83' lang='grc' dir='ltr'>ὲν</span> <span class='ocrx_word' id='word_1_481' title='bbox 310 3260 452 3329; x_wconf 84' lang='grc' dir='ltr'>ἡμῖν</span> <span class='ocrx_word' id='word_1_482' title='bbox 484 3259 611 3319; x_wconf 77' lang='grc' dir='ltr'>τοὺς</span> <span class='ocrx_word' id='word_1_483' title='bbox 646 3257 915 3326; x_wconf 77' lang='grc' dir='ltr'>ἐμπαθεῖς</span> <span class='ocrx_word' id='word_1_484' title='bbox 951 3255 1266 3325; x_wconf 84' lang='grc' dir='ltr'>λογισμούς.</span> <span class='ocrx_word' id='word_1_485' title='bbox 1298 3252 1435 3309; x_wconf 74' lang='grc' dir='ltr'>Εἶτα</span> <span class='ocrx_word' id='word_1_486' title='bbox 1485 3256 1571 3309; x_wconf 90' lang='grc' dir='ltr'><strong>διά</strong></span> <span class='ocrx_word' id='word_1_487' title='bbox 1604 3256 1809 3311; x_wconf 83' lang='grc' dir='ltr'>τούτων</span> 
     </span>
    </p>
   </div>
   <div class='ocr_carea' id='block_1_65' title="bbox 216 3344 1811 3418">
    <p class='ocr_par' dir='ltr' id='par_1_65' title="bbox 216 3344 1811 3418">
     <span class='ocr_line' id='line_1_65' title="bbox 216 3344 1811 3418; baseline -0.002 -16"><span class='ocrx_word' id='word_1_488' title='bbox 216 3346 598 3418; x_wconf 82' lang='grc' dir='ltr'>πολεμοῦντες</span> <span class='ocrx_word' id='word_1_489' title='bbox 631 3347 724 3399; x_wconf 83' lang='grc' dir='ltr'>τὸν</span> <span class='ocrx_word' id='word_1_490' title='bbox 761 3347 920 3411; x_wconf 83' lang='grc' dir='ltr'>νοῦν,</span> <span class='ocrx_word' id='word_1_491' title='bbox 967 3344 1312 3409; x_wconf 76' lang='grc' dir='ltr'>ἐκϐιάζονται</span> <span class='ocrx_word' id='word_1_492' title='bbox 1362 3345 1525 3398; x_wconf 76' lang='grc' dir='ltr'>αὑτὸν</span> <span class='ocrx_word' id='word_1_493' title='bbox 1568 3348 1648 3408; x_wconf 82' lang='grc' dir='ltr'><strong>είς</strong></span> <span class='ocrx_word' id='word_1_494' title='bbox 1679 3364 1811 3415; x_wconf 88' lang='grc' dir='ltr'>συγ-</span> 
     </span>
    </p>
   </div>
   <div class='ocr_carea' id='block_1_66' title="bbox 216 3441 1810 3513">
    <p class='ocr_par' dir='ltr' id='par_1_66' title="bbox 216 3441 1810 3513">
     <span class='ocr_line' id='line_1_66' title="bbox 216 3441 1810 3513; baseline 0.001 -16"><span class='ocrx_word' id='word_1_495' title='bbox 216 3445 528 3499; x_wconf 79' lang='grc' dir='ltr'>κατάθεσιν</span> <span class='ocrx_word' id='word_1_496' title='bbox 587 3443 762 3496; x_wconf 80' lang='grc' dir='ltr'>ἐλθεῖν</span> <span class='ocrx_word' id='word_1_497' title='bbox 820 3441 921 3512; x_wconf 84' lang='grc' dir='ltr'>τῆς</span> <span class='ocrx_word' id='word_1_498' title='bbox 978 3442 1273 3512; x_wconf 84' lang='grc' dir='ltr'>ἁμαρτίας.</span> <span class='ocrx_word' id='word_1_499' title='bbox 1343 3442 1698 3513; x_wconf 81' lang='grc' dir='ltr'>Ἠττηθέντος</span> <span class='ocrx_word' id='word_1_500' title='bbox 1752 3443 1810 3498; x_wconf 82' lang='grc' dir='ltr'><strong>δὲ</strong></span> 
     </span>
    </p>
   </div>
   <div class='ocr_carea' id='block_1_67' title="bbox 217 3539 1812 3611">
    <p class='ocr_par' dir='ltr' id='par_1_67' title="bbox 217 3539 1812 3611">
     <span class='ocr_line' id='line_1_67' title="bbox 217 3539 1812 3611; baseline 0.001 -16"><span class='ocrx_word' id='word_1_501' title='bbox 217 3540 422 3605; x_wconf 83' lang='grc' dir='ltr'>αὑτοῦ,</span> <span class='ocrx_word' id='word_1_502' title='bbox 478 3541 706 3609; x_wconf 77' lang='grc' dir='ltr'>ἄγουσιν</span> <span class='ocrx_word' id='word_1_503' title='bbox 756 3541 835 3603; x_wconf 83' lang='grc' dir='ltr'><strong>είς</strong></span> <span class='ocrx_word' id='word_1_504' title='bbox 874 3539 974 3609; x_wconf 85' lang='grc' dir='ltr'>τὴν</span> <span class='ocrx_word' id='word_1_505' title='bbox 1018 3539 1159 3592; x_wconf 80' lang='grc' dir='ltr'>κατά</span> <span class='ocrx_word' id='word_1_506' title='bbox 1219 3539 1458 3593; x_wconf 79' lang='grc' dir='ltr'>διάνοιαν</span> <span class='ocrx_word' id='word_1_507' title='bbox 1509 3541 1812 3611; x_wconf 84' lang='grc' dir='ltr'>ἁμαρτίαν.</span> 
     </span>
    </p>
   </div>
   <div class='ocr_carea' id='block_1_68' title="bbox 216 3632 1811 3705">
    <p class='ocr_par' dir='ltr' id='par_1_68' title="bbox 216 3632 1811 3705">
     <span class='ocr_line' id='line_1_68' title="bbox 216 3632 1811 3705; baseline -0.001 -16"><span class='ocrx_word' id='word_1_508' title='bbox 216 3635 337 3689; x_wconf 71' lang='grc' dir='ltr'><strong>Καὶ</strong></span> <span class='ocrx_word' id='word_1_509' title='bbox 383 3634 592 3705; x_wconf 84' lang='grc' dir='ltr'>ταύτης</span> <span class='ocrx_word' id='word_1_510' title='bbox 621 3632 1077 3702; x_wconf 87' lang='grc' dir='ltr'>ἀποτελεσθείσης</span> <span class='ocrx_word' id='word_1_511' title='bbox 1098 3673 1112 3697; x_wconf 93' lang='grc'><strong>,</strong></span> <span class='ocrx_word' id='word_1_512' title='bbox 1150 3633 1409 3703; x_wconf 80' lang='grc' dir='ltr'>φέρουσιν</span> <span class='ocrx_word' id='word_1_513' title='bbox 1437 3634 1600 3687; x_wconf 80' lang='grc' dir='ltr'>αὑτὸν</span> <span class='ocrx_word' id='word_1_514' title='bbox 1626 3633 1811 3688; x_wconf 80' lang='grc' dir='ltr'>λοιπὸν</span> 
     </span>
    </p>
   </div>
   <div class='ocr_carea' id='block_1_69' title="bbox 217 3722 1810 3794">
    <p class='ocr_par' dir='ltr' id='par_1_69' title="bbox 217 3722 1810 3794">
     <span class='ocr_line' id='line_1_69' title="bbox 217 3722 1810 3794; baseline 0 -16"><span class='ocrx_word' id='word_1_515' title='bbox 217 3725 580 3794; x_wconf 77' lang='grc' dir='ltr'>αἰχμάλωτον</span> <span class='ocrx_word' id='word_1_516' title='bbox 605 3726 684 3786; x_wconf 79' lang='grc' dir='ltr'><strong>είς</strong></span> <span class='ocrx_word' id='word_1_517' title='bbox 713 3722 811 3793; x_wconf 83' lang='grc' dir='ltr'>τὴν</span> <span class='ocrx_word' id='word_1_518' title='bbox 846 3723 1064 3792; x_wconf 78' lang='grc' dir='ltr'>πρᾶξιν.</span> <span class='ocrx_word' id='word_1_519' title='bbox 1097 3723 1253 3776; x_wconf 85' lang='grc' dir='ltr'>Μετὰ</span> <span class='ocrx_word' id='word_1_520' title='bbox 1273 3723 1329 3777; x_wconf 84' lang='grc' dir='ltr'><strong>δὲ</strong></span> <span class='ocrx_word' id='word_1_521' title='bbox 1362 3724 1569 3794; x_wconf 81' lang='grc' dir='ltr'>ταύτην</span> <span class='ocrx_word' id='word_1_522' title='bbox 1602 3724 1810 3791; x_wconf 81' lang='grc' dir='ltr'>λοιπὸν,</span> 
     </span>
    </p>
   </div>
   <div class='ocr_carea' id='block_1_70' title="bbox 216 3812 1813 3885">
    <p class='ocr_par' dir='ltr' id='par_1_70' title="bbox 216 3812 1813 3885">
     <span class='ocr_line' id='line_1_70' title="bbox 216 3812 1813 3885; baseline 0 -17"><span class='ocrx_word' id='word_1_523' title='bbox 216 3820 279 3877; x_wconf 15' lang='grc' dir='ltr'>οἱ,</span> <span class='ocrx_word' id='word_1_524' title='bbox 304 3815 416 3884; x_wconf 76' lang='grc' dir='ltr'>τὴν</span> <span class='ocrx_word' id='word_1_525' title='bbox 452 3813 632 3883; x_wconf 75' lang='grc' dir='ltr'>ψυχὴν</span> <span class='ocrx_word' id='word_1_526' title='bbox 670 3814 758 3867; x_wconf 84' lang='grc' dir='ltr'><strong>διὰ</strong></span> <span class='ocrx_word' id='word_1_527' title='bbox 783 3812 890 3867; x_wconf 83' lang='grc' dir='ltr'><strong>τῶν</strong></span> <span class='ocrx_word' id='word_1_528' title='bbox 926 3813 1204 3883; x_wconf 75' lang='grc' dir='ltr'>λογισμῶν</span> <span class='ocrx_word' id='word_1_529' title='bbox 1239 3813 1663 3885; x_wconf 76' lang='grc' dir='ltr'>ἐρημώσαντες,</span> <span class='ocrx_word' id='word_1_530' title='bbox 1715 3816 1813 3870; x_wconf 79' lang='grc' dir='ltr'>σὺν</span> 
     </span>
    </p>
   </div>
   <div class='ocr_carea' id='block_1_71' title="bbox 220 3903 1814 3975">
    <p class='ocr_par' dir='ltr' id='par_1_71' title="bbox 220 3903 1814 3975">
     <span class='ocr_line' id='line_1_71' title="bbox 220 3903 1814 3975; baseline -0.001 -16"><span class='ocrx_word' id='word_1_531' title='bbox 220 3908 421 3969; x_wconf 71' lang='grc' dir='ltr'>αὐτοῖς</span> <span class='ocrx_word' id='word_1_532' title='bbox 469 3903 835 3974; x_wconf 83' lang='grc' dir='ltr'>ὑποχωροῦσι.</span> <span class='ocrx_word' id='word_1_533' title='bbox 871 3903 1039 3957; x_wconf 78' lang='grc' dir='ltr'>Μένει</span> <span class='ocrx_word' id='word_1_534' title='bbox 1097 3904 1153 3957; x_wconf 82' lang='grc' dir='ltr'><strong>δὲ</strong></span> <span class='ocrx_word' id='word_1_535' title='bbox 1192 3905 1352 3974; x_wconf 86' lang='grc' dir='ltr'>μόνον</span> <span class='ocrx_word' id='word_1_536' title='bbox 1402 3906 1461 3958; x_wconf 86' lang='grc' dir='ltr'>ὲν</span> <span class='ocrx_word' id='word_1_537' title='bbox 1507 3903 1583 3975; x_wconf 83' lang='grc' dir='ltr'>τῷ</span> <span class='ocrx_word' id='word_1_538' title='bbox 1636 3904 1711 3975; x_wconf 83' lang='grc' dir='ltr'>νῷ</span> <span class='ocrx_word' id='word_1_539' title='bbox 1751 3906 1814 3958; x_wconf 81' lang='grc' dir='ltr'>τὸ</span> 
     </span>
    </p>
   </div>
   <div class='ocr_carea' id='block_1_72' title="bbox 221 3990 1811 4067">
    <p class='ocr_par' dir='ltr' id='par_1_72' title="bbox 221 3990 1811 4067">
     <span class='ocr_line' id='line_1_72' title="bbox 221 3990 1811 4067; baseline 0.001 -18"><span class='ocrx_word' id='word_1_540' title='bbox 221 3997 459 4049; x_wconf 75' lang='grc' dir='ltr'>εἴδωλον</span> <span class='ocrx_word' id='word_1_541' title='bbox 495 3996 595 4065; x_wconf 82' lang='grc' dir='ltr'>τῆς</span> <span class='ocrx_word' id='word_1_542' title='bbox 640 3994 916 4065; x_wconf 84' lang='grc' dir='ltr'>ἁμαρτίας</span> <span class='ocrx_word' id='word_1_543' title='bbox 943 4034 956 4057; x_wconf 91' lang='grc'><strong>,</strong></span> <span class='ocrx_word' id='word_1_544' title='bbox 1010 3994 1141 4065; x_wconf 76' lang='grc' dir='ltr'>περὶ</span> <span class='ocrx_word' id='word_1_545' title='bbox 1170 3990 1232 4050; x_wconf 81' lang='grc' dir='ltr'><strong>οὗ</strong></span> <span class='ocrx_word' id='word_1_546' title='bbox 1283 4012 1449 4067; x_wconf 83' lang='grc' dir='ltr'>φησιν</span> <span class='ocrx_word' id='word_1_547' title='bbox 1502 3999 1530 4050; x_wconf 86' lang='grc' dir='ltr'>ὁ</span> <span class='ocrx_word' id='word_1_548' title='bbox 1568 3998 1771 4067; x_wconf 86' lang='grc' dir='ltr'>Κύριος</span> <span class='ocrx_word' id='word_1_549' title='bbox 1795 4014 1811 4028; x_wconf 75' lang='grc' dir='ltr'><strong>ο</strong></span> 
     </span>
    </p>
   </div>
   <div class='ocr_carea' id='block_1_73' title="bbox 225 4085 1817 4158">
    <p class='ocr_par' dir='ltr' id='par_1_73' title="bbox 225 4085 1817 4158">
     <span class='ocr_line' id='line_1_73' title="bbox 225 4085 1817 4158; baseline 0.003 -19"><span class='ocrx_word' id='word_1_550' title='bbox 225 4088 429 4139; x_wconf 83' lang='grc' dir='ltr'>Ὅταν</span> <span class='ocrx_word' id='word_1_551' title='bbox 480 4087 642 4153; x_wconf 73' lang='grc' dir='ltr'>ἴδητε</span> <span class='ocrx_word' id='word_1_552' title='bbox 675 4087 741 4139; x_wconf 84' lang='grc' dir='ltr'>τὸ</span> <span class='ocrx_word' id='word_1_553' title='bbox 771 4085 1088 4156; x_wconf 78' lang='grc' dir='ltr'>βδέλυγμα</span> <span class='ocrx_word' id='word_1_554' title='bbox 1115 4086 1227 4156; x_wconf 82' lang='grc' dir='ltr'>τῆς</span> <span class='ocrx_word' id='word_1_555' title='bbox 1245 4087 1598 4158; x_wconf 80' lang='grc' dir='ltr'>ἐρημώσεως</span> <span class='ocrx_word' id='word_1_556' title='bbox 1626 4090 1817 4157; x_wconf 80' lang='grc' dir='ltr'>ἑστὼς</span> 
     </span>
    </p>
   </div>
   <div class='ocr_carea' id='block_1_74' title="bbox 225 4170 1817 4248">
    <p class='ocr_par' dir='ltr' id='par_1_74' title="bbox 225 4170 1817 4248">
     <span class='ocr_line' id='line_1_74' title="bbox 225 4170 1817 4248; baseline 0.005 -19"><span class='ocrx_word' id='word_1_557' title='bbox 225 4179 299 4230; x_wconf 75' lang='grc' dir='ltr'>ἐν</span> <span class='ocrx_word' id='word_1_558' title='bbox 330 4178 502 4243; x_wconf 81' lang='grc' dir='ltr'>τόπῳ</span> <span class='ocrx_word' id='word_1_559' title='bbox 536 4178 702 4247; x_wconf 72' lang='grc' dir='ltr'>ἁγίῳ,</span> <span class='ocrx_word' id='word_1_560' title='bbox 736 4181 768 4231; x_wconf 81' lang='lat' dir='ltr'><strong>d</strong></span> <span class='ocrx_word' id='word_1_561' title='bbox 804 4170 1240 4247; x_wconf 72' lang='grc' dir='ltr'>ἀναγινώσκων</span> <span class='ocrx_word' id='word_1_562' title='bbox 1270 4183 1479 4234; x_wconf 82' lang='grc' dir='ltr'>νοείτω</span> <span class='ocrx_word' id='word_1_563' title='bbox 1498 4199 1513 4213; x_wconf 73' lang='grc' dir='ltr'><strong><em>ο</em></strong></span> <span class='ocrx_word' id='word_1_564' title='bbox 1538 4183 1619 4235; x_wconf 85' lang='grc' dir='ltr'>ὅτι</span> <span class='ocrx_word' id='word_1_565' title='bbox 1651 4183 1817 4248; x_wconf 87' lang='grc' dir='ltr'>τόπος</span> 
     </span>
    </p>
   </div>
   <div class='ocr_carea' id='block_1_75' title="bbox 226 4270 1815 4346">
    <p class='ocr_par' dir='ltr' id='par_1_75' title="bbox 226 4270 1815 4346">
     <span class='ocr_line' id='line_1_75' title="bbox 226 4270 1815 4346; baseline 0.004 -24"><span class='ocrx_word' id='word_1_566' title='bbox 226 4270 393 4337; x_wconf 70' lang='grc' dir='ltr'>ἅγιος</span> <span class='ocrx_word' id='word_1_567' title='bbox 427 4271 522 4321; x_wconf 73' lang='grc' dir='ltr'>καὶ</span> <span class='ocrx_word' id='word_1_568' title='bbox 547 4271 671 4332; x_wconf 82' lang='grc' dir='ltr'>ναὸς</span> <span class='ocrx_word' id='word_1_569' title='bbox 704 4270 861 4331; x_wconf 82' lang='grc' dir='ltr'>Θεοῦ,</span> <span class='ocrx_word' id='word_1_570' title='bbox 901 4272 929 4323; x_wconf 84' lang='grc' dir='ltr'>ὁ</span> <span class='ocrx_word' id='word_1_571' title='bbox 959 4270 1084 4334; x_wconf 88' lang='grc' dir='ltr'>νοῦς</span> <span class='ocrx_word' id='word_1_572' title='bbox 1118 4270 1356 4343; x_wconf 80' lang='grc' dir='ltr'>ὑπάρχει</span> <span class='ocrx_word' id='word_1_573' title='bbox 1383 4273 1478 4326; x_wconf 89' lang='grc' dir='ltr'><strong>τοῦ</strong></span> <span class='ocrx_word' id='word_1_574' title='bbox 1505 4274 1815 4346; x_wconf 76' lang='grc' dir='ltr'>ἀνθρώπου,</span> 
     </span>
    </p>
   </div>
   <div class='ocr_carea' id='block_1_76' title="bbox 226 4354 1818 4438">
    <p class='ocr_par' dir='ltr' id='par_1_76' title="bbox 226 4354 1818 4438">
     <span class='ocr_line' id='line_1_76' title="bbox 226 4354 1818 4438; baseline 0.006 -27"><span class='ocrx_word' id='word_1_575' title='bbox 226 4363 284 4411; x_wconf 85' lang='grc' dir='ltr'>ἐν</span> <span class='ocrx_word' id='word_1_576' title='bbox 342 4354 391 4425; x_wconf 78' lang='grc' dir='ltr'><strong>ᾧ</strong></span> <span class='ocrx_word' id='word_1_577' title='bbox 423 4360 475 4411; x_wconf 85' lang='grc' dir='ltr'>οἱ</span> <span class='ocrx_word' id='word_1_578' title='bbox 508 4360 759 4429; x_wconf 83' lang='grc' dir='ltr'>δαίμονες</span> <span class='ocrx_word' id='word_1_579' title='bbox 803 4360 888 4414; x_wconf 76' lang='grc' dir='ltr'><strong>διὰ</strong></span> <span class='ocrx_word' id='word_1_580' title='bbox 939 4361 1048 4413; x_wconf 83' lang='grc' dir='ltr'>τῶν</span> <span class='ocrx_word' id='word_1_581' title='bbox 1087 4362 1351 4431; x_wconf 80' lang='grc' dir='ltr'>ἐμπαθῶν</span> <span class='ocrx_word' id='word_1_582' title='bbox 1399 4365 1674 4437; x_wconf 81' lang='grc' dir='ltr'>λογισμῶν</span> <span class='ocrx_word' id='word_1_583' title='bbox 1719 4367 1818 4438; x_wconf 76' lang='grc' dir='ltr'>τὴν</span> 
     </span>
    </p>
   </div>
   <div class='ocr_carea' id='block_1_77' title="bbox 223 4448 1814 4528">
    <p class='ocr_par' dir='ltr' id='par_1_77' title="bbox 223 4448 1814 4528">
     <span class='ocr_line' id='line_1_77' title="bbox 223 4448 1814 4528; baseline 0.007 -29"><span class='ocrx_word' id='word_1_584' title='bbox 223 4448 419 4518; x_wconf 66' lang='grc' dir='ltr'>ψυχὴν</span> <span class='ocrx_word' id='word_1_585' title='bbox 449 4449 854 4519; x_wconf 75' lang='grc' dir='ltr'>ἐρημώσαντες,</span> <span class='ocrx_word' id='word_1_586' title='bbox 885 4451 946 4502; x_wconf 79' lang='grc' dir='ltr'>τὸ</span> <span class='ocrx_word' id='word_1_587' title='bbox 971 4452 1186 4503; x_wconf 75' lang='grc' dir='ltr'>εἴδωλον</span> <span class='ocrx_word' id='word_1_588' title='bbox 1210 4453 1312 4523; x_wconf 80' lang='grc' dir='ltr'>τῆς</span> <span class='ocrx_word' id='word_1_589' title='bbox 1350 4454 1624 4525; x_wconf 82' lang='grc' dir='ltr'>ἁμαρτίας</span> <span class='ocrx_word' id='word_1_590' title='bbox 1653 4456 1814 4528; x_wconf 77' lang='grc' dir='ltr'>ἐστη-</span> 
     </span>
    </p>
   </div>
   <div class='ocr_carea' id='block_1_78' title="bbox 1913 3253 3491 3324">
    <p class='ocr_par' dir='ltr' id='par_1_78' title="bbox 1913 3253 3491 3324">
     <span class='ocr_line' id='line_1_78' title="bbox 1913 3253 3491 3324; baseline -0.004 -12"><span class='ocrx_word' id='word_1_591' title='bbox 1913 3258 2137 3313; x_wconf 89' lang='lat' dir='ltr'><strong>dinosas</strong></span> <span class='ocrx_word' id='word_1_592' title='bbox 2171 3258 2226 3310; x_wconf 92' lang='lat' dir='ltr'><strong>in</strong></span> <span class='ocrx_word' id='word_1_593' title='bbox 2261 3255 2423 3309; x_wconf 90' lang='lat' dir='ltr'><strong>nobis</strong></span> <span class='ocrx_word' id='word_1_594' title='bbox 2456 3255 2819 3324; x_wconf 78' lang='lat' dir='ltr'><strong>cogitationes</strong></span> <span class='ocrx_word' id='word_1_595' title='bbox 2850 3253 3207 3309; x_wconf 77' lang='lat' dir='ltr'><strong>exsuscitent.</strong></span> <span class='ocrx_word' id='word_1_596' title='bbox 3241 3253 3491 3323; x_wconf 89' lang='lat' dir='ltr'><strong>Tumque</strong></span> 
     </span>
    </p>
   </div>
   <div class='ocr_carea' id='block_1_79' title="bbox 1913 3345 3490 3420">
    <p class='ocr_par' dir='ltr' id='par_1_79' title="bbox 1913 3345 3490 3420">
     <span class='ocr_line' id='line_1_79' title="bbox 1913 3345 3490 3420; baseline -0.003 -17"><span class='ocrx_word' id='word_1_597' title='bbox 1913 3365 2012 3420; x_wconf 88' lang='lat' dir='ltr'><strong>per</strong></span> <span class='ocrx_word' id='word_1_598' title='bbox 2044 3349 2165 3403; x_wconf 89' lang='lat' dir='ltr'><strong>illas</strong></span> <span class='ocrx_word' id='word_1_599' title='bbox 2199 3348 2443 3401; x_wconf 91' lang='lat' dir='ltr'><strong>animum</strong></span> <span class='ocrx_word' id='word_1_600' title='bbox 2482 3347 2891 3416; x_wconf 85' lang='lat' dir='ltr'><strong>impugnantes,</strong></span> <span class='ocrx_word' id='word_1_601' title='bbox 2922 3346 2976 3399; x_wconf 91' lang='lat' dir='ltr'><strong>in</strong></span> <span class='ocrx_word' id='word_1_602' title='bbox 3010 3345 3221 3415; x_wconf 89' lang='lat' dir='ltr'><strong>peccati</strong></span> <span class='ocrx_word' id='word_1_603' title='bbox 3256 3360 3490 3400; x_wconf 84' lang='lat' dir='ltr'><strong>consen-</strong></span> 
     </span>
    </p>
   </div>
   <div class='ocr_carea' id='block_1_80' title="bbox 1913 3437 3490 3511">
    <p class='ocr_par' dir='ltr' id='par_1_80' title="bbox 1913 3437 3490 3511">
     <span class='ocr_line' id='line_1_80' title="bbox 1913 3437 3490 3511; baseline -0.003 -15"><span class='ocrx_word' id='word_1_604' title='bbox 1913 3457 2032 3496; x_wconf 92' lang='lat' dir='ltr'><strong>sum</strong></span> <span class='ocrx_word' id='word_1_605' title='bbox 2082 3448 2303 3511; x_wconf 89' lang='lat' dir='ltr'><strong>cogunt.</strong></span> <span class='ocrx_word' id='word_1_606' title='bbox 2348 3440 2533 3508; x_wconf 86' lang='lat' dir='ltr'><strong>quue</strong></span> <span class='ocrx_word' id='word_1_607' title='bbox 2579 3447 2871 3509; x_wconf 82' lang='lat' dir='ltr'><strong>superato,</strong></span> <span class='ocrx_word' id='word_1_608' title='bbox 2908 3439 2962 3492; x_wconf 89' lang='lat' dir='ltr'><strong>in</strong></span> <span class='ocrx_word' id='word_1_609' title='bbox 3013 3445 3300 3508; x_wconf 90' lang='lat' dir='ltr'><strong>peccatum</strong></span> <span class='ocrx_word' id='word_1_610' title='bbox 3341 3437 3490 3506; x_wconf 88' lang='lat' dir='ltr'><strong>quod</strong></span> 
     </span>
    </p>
   </div>
   <div class='ocr_carea' id='block_1_81' title="bbox 1914 3527 3489 3602">
    <p class='ocr_par' dir='ltr' id='par_1_81' title="bbox 1914 3527 3489 3602">
     <span class='ocr_line' id='line_1_81' title="bbox 1914 3527 3489 3602; baseline -0.004 -15"><span class='ocrx_word' id='word_1_611' title='bbox 1914 3535 2117 3588; x_wconf 88' lang='lat' dir='ltr'><strong>mentis</strong></span> <span class='ocrx_word' id='word_1_612' title='bbox 2192 3532 2434 3602; x_wconf 89' lang='lat' dir='ltr'><strong>cogitatu</strong></span> <span class='ocrx_word' id='word_1_613' title='bbox 2496 3531 2695 3601; x_wconf 87' lang='lat' dir='ltr'><strong>agitur,</strong></span> <span class='ocrx_word' id='word_1_614' title='bbox 2767 3530 3014 3583; x_wconf 89' lang='lat' dir='ltr'><strong>trahunt.</strong></span> <span class='ocrx_word' id='word_1_615' title='bbox 3067 3527 3189 3595; x_wconf 85' lang='lat' dir='ltr'><strong>Quo</strong></span> <span class='ocrx_word' id='word_1_616' title='bbox 3268 3528 3489 3583; x_wconf 86' lang='lat' dir='ltr'><strong>demum</strong></span> 
     </span>
    </p>
   </div>
   <div class='ocr_carea' id='block_1_82' title="bbox 1913 3620 3493 3697">
    <p class='ocr_par' dir='ltr' id='par_1_82' title="bbox 1913 3620 3493 3697">
     <span class='ocr_line' id='line_1_82' title="bbox 1913 3620 3493 3697; baseline -0.003 -18"><span class='ocrx_word' id='word_1_617' title='bbox 1913 3634 2159 3697; x_wconf 87' lang='lat' dir='ltr'><strong>peracto,</strong></span> <span class='ocrx_word' id='word_1_618' title='bbox 2195 3624 2472 3693; x_wconf 86' lang='lat' dir='ltr'><strong>captivum</strong></span> <span class='ocrx_word' id='word_1_619' title='bbox 2502 3622 2555 3676; x_wconf 91' lang='lat' dir='ltr'><strong>in</strong></span> <span class='ocrx_word' id='word_1_620' title='bbox 2574 3622 2847 3676; x_wconf 88' lang='lat' dir='ltr'><strong>actionem</strong></span> <span class='ocrx_word' id='word_1_621' title='bbox 2874 3637 2938 3675; x_wconf 88' lang='lat' dir='ltr'><strong>ac</strong></span> <span class='ocrx_word' id='word_1_622' title='bbox 2958 3637 3098 3691; x_wconf 86' lang='lat' dir='ltr'><strong>opus</strong></span> <span class='ocrx_word' id='word_1_623' title='bbox 3124 3620 3327 3675; x_wconf 82' lang='lat' dir='ltr'><strong>ferunt.</strong></span> <span class='ocrx_word' id='word_1_624' title='bbox 3365 3620 3493 3674; x_wconf 83' lang='lat' dir='ltr'><strong>Post</strong></span> 
     </span>
    </p>
   </div>
   <div class='ocr_carea' id='block_1_83' title="bbox 1914 3713 3495 3784">
    <p class='ocr_par' dir='ltr' id='par_1_83' title="bbox 1914 3713 3495 3784">
     <span class='ocr_line' id='line_1_83' title="bbox 1914 3713 3495 3784; baseline -0.004 -11"><span class='ocrx_word' id='word_1_625' title='bbox 1914 3718 2189 3774; x_wconf 90' lang='lat' dir='ltr'><strong>actionem</strong></span> <span class='ocrx_word' id='word_1_626' title='bbox 2216 3730 2347 3770; x_wconf 87' lang='lat' dir='ltr'><strong>vero</strong></span> <span class='ocrx_word' id='word_1_627' title='bbox 2372 3731 2437 3770; x_wconf 91' lang='lat' dir='ltr'><strong>ac</strong></span> <span class='ocrx_word' id='word_1_628' title='bbox 2465 3730 2623 3784; x_wconf 88' lang='lat' dir='ltr'><strong>opus,</strong></span> <span class='ocrx_word' id='word_1_629' title='bbox 2648 3714 2743 3784; x_wconf 90' lang='lat' dir='ltr'><strong>qui</strong></span> <span class='ocrx_word' id='word_1_630' title='bbox 2778 3713 3037 3769; x_wconf 88' lang='lat' dir='ltr'><strong>immissis</strong></span> <span class='ocrx_word' id='word_1_631' title='bbox 3066 3713 3495 3784; x_wconf 82' lang='lat' dir='ltr'><strong>cogitationibus</strong></span> 
     </span>
    </p>
   </div>
   <div class='ocr_carea' id='block_1_84' title="bbox 1914 3805 3496 3871">
    <p class='ocr_par' dir='ltr' id='par_1_84' title="bbox 1914 3805 3496 3871">
     <span class='ocr_line' id='line_1_84' title="bbox 1914 3805 3496 3871; baseline -0.004 -6"><span class='ocrx_word' id='word_1_632' title='bbox 1914 3811 2152 3865; x_wconf 91' lang='lat' dir='ltr'><strong>animam</strong></span> <span class='ocrx_word' id='word_1_633' title='bbox 2196 3808 2621 3871; x_wconf 82' lang='lat' dir='ltr'><strong>desolaverunt,</strong></span> <span class='ocrx_word' id='word_1_634' title='bbox 2662 3822 2787 3861; x_wconf 90' lang='lat' dir='ltr'><strong>cum</strong></span> <span class='ocrx_word' id='word_1_635' title='bbox 2837 3806 2919 3860; x_wconf 92' lang='lat' dir='ltr'><strong>eis</strong></span> <span class='ocrx_word' id='word_1_636' title='bbox 2960 3805 3257 3871; x_wconf 87' lang='lat' dir='ltr'><strong>secedunt;</strong></span> <span class='ocrx_word' id='word_1_637' title='bbox 3310 3813 3496 3859; x_wconf 84' lang='lat' dir='ltr'><strong>manet</strong></span> 
     </span>
    </p>
   </div>
   <div class='ocr_carea' id='block_1_85' title="bbox 1914 3898 3493 3969">
    <p class='ocr_par' dir='ltr' id='par_1_85' title="bbox 1914 3898 3493 3969">
     <span class='ocr_line' id='line_1_85' title="bbox 1914 3898 3493 3969; baseline -0.004 -12"><span class='ocrx_word' id='word_1_638' title='bbox 1914 3919 2047 3959; x_wconf 87' lang='lat' dir='ltr'><strong>vero</strong></span> <span class='ocrx_word' id='word_1_639' title='bbox 2072 3903 2128 3957; x_wconf 91' lang='lat' dir='ltr'><strong>in</strong></span> <span class='ocrx_word' id='word_1_640' title='bbox 2157 3911 2342 3956; x_wconf 86' lang='lat' dir='ltr'><strong>mente</strong></span> <span class='ocrx_word' id='word_1_641' title='bbox 2372 3900 2550 3955; x_wconf 90' lang='lat' dir='ltr'><strong>solum</strong></span> <span class='ocrx_word' id='word_1_642' title='bbox 2580 3900 2741 3954; x_wconf 90' lang='lat' dir='ltr'><strong>inane</strong></span> <span class='ocrx_word' id='word_1_643' title='bbox 2770 3899 2980 3969; x_wconf 89' lang='lat' dir='ltr'><strong>peccati</strong></span> <span class='ocrx_word' id='word_1_644' title='bbox 3014 3898 3393 3961; x_wconf 89' lang='lat' dir='ltr'><strong>simulacrum,</strong></span> <span class='ocrx_word' id='word_1_645' title='bbox 3424 3898 3493 3951; x_wconf 88' lang='lat' dir='ltr'><strong>de</strong></span> 
     </span>
    </p>
   </div>
   <div class='ocr_carea' id='block_1_86' title="bbox 1915 3990 3493 4066">
    <p class='ocr_par' dir='ltr' id='par_1_86' title="bbox 1915 3990 3493 4066">
     <span class='ocr_line' id='line_1_86' title="bbox 1915 3990 3493 4066; baseline -0.004 -17"><span class='ocrx_word' id='word_1_646' title='bbox 1915 4009 2025 4066; x_wconf 88' lang='lat' dir='ltr'><strong>quo</strong></span> <span class='ocrx_word' id='word_1_647' title='bbox 2072 3994 2151 4049; x_wconf 89' lang='lat' dir='ltr'><strong>ait</strong></span> <span class='ocrx_word' id='word_1_648' title='bbox 2194 3993 2461 4048; x_wconf 89' lang='lat' dir='ltr'><strong>Dominus</strong></span> <span class='ocrx_word' id='word_1_649' title='bbox 2516 4010 2529 4046; x_wconf 88' lang='lat'><strong>:</strong></span> <span class='ocrx_word' id='word_1_650' title='bbox 2583 3991 2715 4047; x_wconf 85' lang='lat' dir='ltr'><strong>Cum</strong></span> <span class='ocrx_word' id='word_1_651' title='bbox 2768 3990 3001 4044; x_wconf 80' lang='lat' dir='ltr'><strong>videritis</strong></span> <span class='ocrx_word' id='word_1_652' title='bbox 3050 3990 3493 4043; x_wconf 78' lang='lat' dir='ltr'><strong>abominationem</strong></span> 
     </span>
    </p>
   </div>
   <div class='ocr_carea' id='block_1_87' title="bbox 1916 4082 3493 4154">
    <p class='ocr_par' dir='ltr' id='par_1_87' title="bbox 1916 4082 3493 4154">
     <span class='ocr_line' id='line_1_87' title="bbox 1916 4082 3493 4154; baseline -0.004 -12"><span class='ocrx_word' id='word_1_653' title='bbox 1916 4088 2254 4143; x_wconf 79' lang='lat' dir='ltr'><strong>desolationis</strong></span> <span class='ocrx_word' id='word_1_654' title='bbox 2286 4096 2517 4141; x_wconf 79' lang='lat' dir='ltr'><strong>stantem</strong></span> <span class='ocrx_word' id='word_1_655' title='bbox 2544 4087 2596 4139; x_wconf 86' lang='lat' dir='ltr'><strong>in</strong></span> <span class='ocrx_word' id='word_1_656' title='bbox 2630 4084 2739 4137; x_wconf 86' lang='lat' dir='ltr'><strong>loco</strong></span> <span class='ocrx_word' id='word_1_657' title='bbox 2764 4091 2979 4148; x_wconf 78' lang='lat' dir='ltr'><strong>sancto;</strong></span> <span class='ocrx_word' id='word_1_658' title='bbox 3006 4084 3098 4154; x_wconf 80' lang='lat' dir='ltr'><strong>qui</strong></span> <span class='ocrx_word' id='word_1_659' title='bbox 3129 4082 3270 4153; x_wconf 77' lang='lat' dir='ltr'><strong>legit,</strong></span> <span class='ocrx_word' id='word_1_660' title='bbox 3297 4082 3493 4137; x_wconf 72' lang='grc' dir='ltr'>ἔπιε.ίί-</span> 
     </span>
    </p>
   </div>
   <div class='ocr_carea' id='block_1_88' title="bbox 1917 4174 3490 4251">
    <p class='ocr_par' dir='ltr' id='par_1_88' title="bbox 1917 4174 3490 4251">
     <span class='ocr_line' id='line_1_88' title="bbox 1917 4174 3490 4251; baseline -0.004 -18"><span class='ocrx_word' id='word_1_661' title='bbox 1917 4188 2009 4251; x_wconf 86' lang='lat' dir='ltr'><strong>gat</strong></span> <span class='ocrx_word' id='word_1_662' title='bbox 2030 4179 2103 4244; x_wconf 79' lang='lat'><strong>&quot;;</strong></span> <span class='ocrx_word' id='word_1_663' title='bbox 2153 4193 2381 4247; x_wconf 89' lang='lat' dir='ltr'><strong>nempe,</strong></span> <span class='ocrx_word' id='word_1_664' title='bbox 2417 4179 2599 4231; x_wconf 91' lang='lat' dir='ltr'><strong>locum</strong></span> <span class='ocrx_word' id='word_1_665' title='bbox 2648 4184 2896 4229; x_wconf 89' lang='lat' dir='ltr'><strong>sanctum</strong></span> <span class='ocrx_word' id='word_1_666' title='bbox 2946 4190 3009 4228; x_wconf 90' lang='lat' dir='ltr'><strong>ac</strong></span> <span class='ocrx_word' id='word_1_667' title='bbox 3051 4174 3146 4228; x_wconf 89' lang='lat' dir='ltr'><strong>Dei</strong></span> <span class='ocrx_word' id='word_1_668' title='bbox 3197 4174 3490 4243; x_wconf 86' lang='lat' dir='ltr'><strong>templum,</strong></span> 
     </span>
    </p>
   </div>
   <div class='ocr_carea' id='block_1_89' title="bbox 1917 4266 3497 4335">
    <p class='ocr_par' dir='ltr' id='par_1_89' title="bbox 1917 4266 3497 4335">
     <span class='ocr_line' id='line_1_89' title="bbox 1917 4266 3497 4335; baseline -0.003 -10"><span class='ocrx_word' id='word_1_669' title='bbox 1917 4286 2038 4325; x_wconf 83' lang='lat' dir='ltr'><strong>esse</strong></span> <span class='ocrx_word' id='word_1_670' title='bbox 2066 4271 2306 4324; x_wconf 89' lang='lat' dir='ltr'><strong>hominis</strong></span> <span class='ocrx_word' id='word_1_671' title='bbox 2333 4269 2577 4323; x_wconf 90' lang='lat' dir='ltr'><strong>animum</strong></span> <span class='ocrx_word' id='word_1_672' title='bbox 2604 4282 2699 4320; x_wconf 89' lang='lat' dir='ltr'><strong>seu</strong></span> <span class='ocrx_word' id='word_1_673' title='bbox 2726 4275 2986 4329; x_wconf 89' lang='lat' dir='ltr'><strong>mentem,</strong></span> <span class='ocrx_word' id='word_1_674' title='bbox 3007 4266 3062 4319; x_wconf 89' lang='lat' dir='ltr'><strong>in</strong></span> <span class='ocrx_word' id='word_1_675' title='bbox 3088 4282 3194 4335; x_wconf 91' lang='lat' dir='ltr'><strong>qua</strong></span> <span class='ocrx_word' id='word_1_676' title='bbox 3220 4266 3497 4320; x_wconf 67' lang='lat' dir='ltr'><strong>dmmones</strong></span> 
     </span>
    </p>
   </div>
   <div class='ocr_carea' id='block_1_90' title="bbox 1918 4358 3493 4431">
    <p class='ocr_par' dir='ltr' id='par_1_90' title="bbox 1918 4358 3493 4431">
     <span class='ocr_line' id='line_1_90' title="bbox 1918 4358 3493 4431; baseline -0.001 -17"><span class='ocrx_word' id='word_1_677' title='bbox 1918 4376 2018 4431; x_wconf 84' lang='lat' dir='ltr'><strong>per</strong></span> <span class='ocrx_word' id='word_1_678' title='bbox 2044 4361 2368 4415; x_wconf 86' lang='lat' dir='ltr'><strong>libidinosas</strong></span> <span class='ocrx_word' id='word_1_679' title='bbox 2390 4359 2754 4429; x_wconf 87' lang='lat' dir='ltr'><strong>cogitationes</strong></span> <span class='ocrx_word' id='word_1_680' title='bbox 2781 4358 3024 4413; x_wconf 88' lang='lat' dir='ltr'><strong>desolata</strong></span> <span class='ocrx_word' id='word_1_681' title='bbox 3055 4358 3254 4424; x_wconf 84' lang='lat' dir='ltr'><strong>anima,</strong></span> <span class='ocrx_word' id='word_1_682' title='bbox 3284 4359 3493 4427; x_wconf 84' lang='lat' dir='ltr'><strong>peccati</strong></span> 
     </span>
    </p>
   </div>
   <div class='ocr_carea' id='block_1_91' title="bbox 1921 4449 3496 4519">
    <p class='ocr_par' dir='ltr' id='par_1_91' title="bbox 1921 4449 3496 4519">
     <span class='ocr_line' id='line_1_91' title="bbox 1921 4449 3496 4519; baseline -0.003 -12"><span class='ocrx_word' id='word_1_683' title='bbox 1921 4453 2127 4508; x_wconf 87' lang='lat' dir='ltr'><strong>idolum</strong></span> <span class='ocrx_word' id='word_1_684' title='bbox 2159 4460 2491 4506; x_wconf 89' lang='lat' dir='ltr'><strong>statuerunt.</strong></span> <span class='ocrx_word' id='word_1_685' title='bbox 2520 4449 2648 4505; x_wconf 71' lang='lat' dir='ltr'><strong>“(BC</strong></span> <span class='ocrx_word' id='word_1_686' title='bbox 2676 4466 2808 4504; x_wconf 87' lang='lat' dir='ltr'><strong>vero</strong></span> <span class='ocrx_word' id='word_1_687' title='bbox 2838 4450 3002 4505; x_wconf 88' lang='lat' dir='ltr'><strong>etiam</strong></span> <span class='ocrx_word' id='word_1_688' title='bbox 3032 4450 3185 4519; x_wconf 80' lang='lat' dir='ltr'><strong>juxta</strong></span> <span class='ocrx_word' id='word_1_689' title='bbox 3218 4449 3295 4505; x_wconf 84' lang='lat' dir='ltr'><strong>rei</strong></span> <span class='ocrx_word' id='word_1_690' title='bbox 3331 4459 3496 4519; x_wconf 60' lang='lat' dir='ltr'><strong>gestae</strong></span> 
     </span>
    </p>
   </div>
   <div class='ocr_carea' id='block_1_92' title="bbox 230 4519 1808 4613">
    <p class='ocr_par' dir='ltr' id='par_1_92' title="bbox 230 4540 1808 4613">
     <span class='ocr_line' id='line_1_92' title="bbox 230 4540 1808 4613; baseline 0.007 -24"><span class='ocrx_word' id='word_1_691' title='bbox 230 4558 363 4594; x_wconf 81' lang='grc' dir='ltr'>σαν.</span> <span class='ocrx_word' id='word_1_692' title='bbox 396 4540 520 4591; x_wconf 80' lang='grc' dir='ltr'>Ὅτι</span> <span class='ocrx_word' id='word_1_693' title='bbox 549 4541 606 4593; x_wconf 80' lang='grc' dir='ltr'>δὲ</span> <span class='ocrx_word' id='word_1_694' title='bbox 631 4542 723 4593; x_wconf 75' lang='grc' dir='ltr'>καὶ</span> <span class='ocrx_word' id='word_1_695' title='bbox 754 4541 1038 4611; x_wconf 78' lang='grc' dir='ltr'>ἱστορικῶς</span> <span class='ocrx_word' id='word_1_696' title='bbox 1059 4542 1157 4613; x_wconf 68' lang='grc' dir='ltr'>ἤδη</span> <span class='ocrx_word' id='word_1_697' title='bbox 1186 4544 1360 4597; x_wconf 87' lang='grc' dir='ltr'>ταῦτα</span> <span class='ocrx_word' id='word_1_698' title='bbox 1384 4546 1623 4613; x_wconf 81' lang='grc' dir='ltr'>γέγονεν,</span> <span class='ocrx_word' id='word_1_699' title='bbox 1643 4548 1808 4613; x_wconf 70' lang='grc' dir='ltr'>οὐδεὶς</span> 
     </span>
    </p>
   </div>
   <div class='ocr_carea' id='block_1_93' title="bbox 1908 4519 3494 4613">
    <p class='ocr_par' dir='ltr' id='par_1_93' title="bbox 1924 4541 3494 4613">
     <span class='ocr_line' id='line_1_93' title="bbox 1924 4541 3494 4613; baseline -0.002 -16"><span class='ocrx_word' id='word_1_700' title='bbox 1924 4544 2089 4598; x_wconf 89' lang='lat' dir='ltr'><strong>iidem</strong></span> <span class='ocrx_word' id='word_1_701' title='bbox 2128 4544 2238 4613; x_wconf 85' lang='lat' dir='ltr'><strong>jam</strong></span> <span class='ocrx_word' id='word_1_702' title='bbox 2263 4542 2546 4606; x_wconf 81' lang='lat' dir='ltr'><strong>evenisse,</strong></span> <span class='ocrx_word' id='word_1_703' title='bbox 2581 4558 2764 4607; x_wconf 88' lang='lat' dir='ltr'><strong>nemo,</strong></span> <span class='ocrx_word' id='word_1_704' title='bbox 2799 4543 3060 4605; x_wconf 88' lang='lat' dir='ltr'><strong>arbitror,</strong></span> <span class='ocrx_word' id='word_1_705' title='bbox 3094 4541 3363 4611; x_wconf 87' lang='lat' dir='ltr'><strong>ambiget,</strong></span> <span class='ocrx_word' id='word_1_706' title='bbox 3399 4541 3494 4610; x_wconf 89' lang='lat' dir='ltr'><strong>qui</strong></span> 
     </span>
    </p>
   </div>
   <div class='ocr_carea' id='block_1_94' title="bbox 226 4632 1820 4710">
    <p class='ocr_par' dir='ltr' id='par_1_94' title="bbox 226 4632 1820 4710">
     <span class='ocr_line' id='line_1_94' title="bbox 226 4632 1820 4710; baseline 0.008 -28"><span class='ocrx_word' id='word_1_707' title='bbox 226 4633 346 4683; x_wconf 83' lang='grc' dir='ltr'>τῶν</span> <span class='ocrx_word' id='word_1_708' title='bbox 388 4632 463 4685; x_wconf 78' lang='grc' dir='ltr'><strong>τὰ</strong></span> <span class='ocrx_word' id='word_1_709' title='bbox 502 4633 831 4703; x_wconf 82' lang='grc' dir='ltr'>Ἰωσήππεια</span> <span class='ocrx_word' id='word_1_710' title='bbox 859 4635 1244 4701; x_wconf 82' lang='grc' dir='ltr'>ἀνεγνωκότων</span> <span class='ocrx_word' id='word_1_711' title='bbox 1268 4679 1282 4702; x_wconf 84' lang='grc'><strong>,</strong></span> <span class='ocrx_word' id='word_1_712' title='bbox 1324 4636 1399 4699; x_wconf 78' lang='grc' dir='ltr'>ὡς</span> <span class='ocrx_word' id='word_1_713' title='bbox 1423 4633 1579 4707; x_wconf 82' lang='grc' dir='ltr'>οἶμαι</span> <span class='ocrx_word' id='word_1_714' title='bbox 1601 4682 1615 4704; x_wconf 86' lang='grc'><strong>,</strong></span> <span class='ocrx_word' id='word_1_715' title='bbox 1648 4642 1820 4710; x_wconf 81' lang='grc' dir='ltr'>ἀμφι-</span> 
     </span>
    </p>
   </div>
   <div class='ocr_carea' id='block_1_95' title="bbox 230 4724 1820 4804">
    <p class='ocr_par' dir='ltr' id='par_1_95' title="bbox 230 4724 1820 4804">
     <span class='ocr_line' id='line_1_95' title="bbox 230 4724 1820 4804; baseline 0.008 -29"><span class='ocrx_word' id='word_1_716' title='bbox 230 4724 454 4776; x_wconf 71' lang='grc' dir='ltr'>ϐάλλει.</span> <span class='ocrx_word' id='word_1_717' title='bbox 504 4724 652 4794; x_wconf 84' lang='grc' dir='ltr'>Πλὴν</span> <span class='ocrx_word' id='word_1_718' title='bbox 700 4726 844 4787; x_wconf 82' lang='grc' dir='ltr'>τινές</span> <span class='ocrx_word' id='word_1_719' title='bbox 876 4744 1008 4795; x_wconf 81' lang='grc' dir='ltr'>φασι</span> <span class='ocrx_word' id='word_1_720' title='bbox 1054 4727 1148 4780; x_wconf 73' lang='grc' dir='ltr'><strong>καὶ</strong></span> <span class='ocrx_word' id='word_1_721' title='bbox 1178 4729 1273 4782; x_wconf 73' lang='grc' dir='ltr'><strong>ἐπὶ</strong></span> <span class='ocrx_word' id='word_1_722' title='bbox 1308 4729 1403 4783; x_wconf 88' lang='grc' dir='ltr'><strong>τοῦ</strong></span> <span class='ocrx_word' id='word_1_723' title='bbox 1445 4731 1820 4804; x_wconf 80' lang='grc' dir='ltr'>’Δντιχρίστου</span> 
     </span>
    </p>
   </div>
   <div class='ocr_carea' id='block_1_96' title="bbox 226 4814 1591 4885">
    <p class='ocr_par' dir='ltr' id='par_1_96' title="bbox 226 4814 1591 4885">
     <span class='ocr_line' id='line_1_96' title="bbox 226 4814 1591 4885; baseline 0.001 -17"><span class='ocrx_word' id='word_1_724' title='bbox 226 4815 411 4869; x_wconf 72' lang='grc' dir='ltr'>ταῦτα</span> <span class='ocrx_word' id='word_1_725' title='bbox 432 4814 778 4885; x_wconf 84' lang='grc' dir='ltr'>γενήσεσθαι.</span> <span class='ocrx_word' id='word_1_726' title='bbox 1586 4878 1591 4883; x_wconf 26' lang='grc' dir='ltr'><strong>η</strong></span> 
     </span>
    </p>
   </div>
   <div class='ocr_carea' id='block_1_97' title="bbox 302 4908 1821 4980">
    <p class='ocr_par' dir='ltr' id='par_1_97' title="bbox 302 4908 1821 4980">
     <span class='ocr_line' id='line_1_97' title="bbox 302 4908 1821 4980; baseline 0.006 -21"><span class='ocrx_word' id='word_1_727' title='bbox 302 4908 411 4978; x_wconf 79' lang='grc' dir='ltr'>λβ¹.</span> <span class='ocrx_word' id='word_1_728' title='bbox 448 4908 589 4977; x_wconf 89' lang='grc' dir='ltr'>Τρία</span> <span class='ocrx_word' id='word_1_729' title='bbox 614 4908 725 4961; x_wconf 75' lang='grc' dir='ltr'>εἰσὶ</span> <span class='ocrx_word' id='word_1_730' title='bbox 750 4908 821 4960; x_wconf 85' lang='grc' dir='ltr'>τὰ</span> <span class='ocrx_word' id='word_1_731' title='bbox 849 4910 1102 4961; x_wconf 85' lang='grc' dir='ltr'>κινοῦντα</span> <span class='ocrx_word' id='word_1_732' title='bbox 1124 4911 1271 4980; x_wconf 83' lang='grc' dir='ltr'>ἡμᾶς</span> <span class='ocrx_word' id='word_1_733' title='bbox 1306 4912 1396 4964; x_wconf 76' lang='grc' dir='ltr'><strong>ἐπὶ</strong></span> <span class='ocrx_word' id='word_1_734' title='bbox 1432 4912 1500 4965; x_wconf 76' lang='grc' dir='ltr'><strong>τὰ</strong></span> <span class='ocrx_word' id='word_1_735' title='bbox 1525 4914 1668 4967; x_wconf 83' lang='grc' dir='ltr'>καλά</span> <span class='ocrx_word' id='word_1_736' title='bbox 1691 4931 1705 4946; x_wconf 89' lang='grc'><strong>·</strong></span> <span class='ocrx_word' id='word_1_737' title='bbox 1750 4912 1821 4968; x_wconf 81' lang='grc' dir='ltr'>τὰ</span> 
     </span>
    </p>
   </div>
   <div class='ocr_carea' id='block_1_98' title="bbox 229 4997 1817 5075">
    <p class='ocr_par' dir='ltr' id='par_1_98' title="bbox 229 4997 1817 5075">
     <span class='ocr_line' id='line_1_98' title="bbox 229 4997 1817 5075; baseline 0.004 -25"><span class='ocrx_word' id='word_1_738' title='bbox 229 4999 451 5065; x_wconf 81' lang='grc' dir='ltr'>φυσικά</span> <span class='ocrx_word' id='word_1_739' title='bbox 490 4999 782 5070; x_wconf 85' lang='grc' dir='ltr'>σπέρματα</span> <span class='ocrx_word' id='word_1_740' title='bbox 804 5016 818 5029; x_wconf 86' lang='grc'><strong>·</strong></span> <span class='ocrx_word' id='word_1_741' title='bbox 854 4999 909 5051; x_wconf 90' lang='grc' dir='ltr'>αἱ</span> <span class='ocrx_word' id='word_1_742' title='bbox 938 4997 1091 5067; x_wconf 75' lang='grc' dir='ltr'>ἅγιαι</span> <span class='ocrx_word' id='word_1_743' title='bbox 1136 5001 1427 5070; x_wconf 84' lang='grc' dir='ltr'>Δυνάμεις,</span> <span class='ocrx_word' id='word_1_744' title='bbox 1462 5004 1555 5055; x_wconf 74' lang='grc' dir='ltr'>καὶ</span> <span class='ocrx_word' id='word_1_745' title='bbox 1580 5006 1611 5073; x_wconf 85' lang='grc' dir='ltr'>ὴ</span> <span class='ocrx_word' id='word_1_746' title='bbox 1638 5003 1817 5075; x_wconf 77' lang='grc' dir='ltr'>ἀγαθὴ</span> 
     </span>
    </p>
   </div>
   <div class='ocr_carea' id='block_1_99' title="bbox 228 5087 1818 5159">
    <p class='ocr_par' dir='ltr' id='par_1_99' title="bbox 228 5087 1818 5159">
     <span class='ocr_line' id='line_1_99' title="bbox 228 5087 1818 5159; baseline 0.005 -22"><span class='ocrx_word' id='word_1_747' title='bbox 228 5089 586 5159; x_wconf 79' lang='grc' dir='ltr'>προαίρεσις.</span> <span class='ocrx_word' id='word_1_748' title='bbox 613 5088 727 5142; x_wconf 72' lang='grc' dir='ltr'><strong>Καὶ</strong></span> <span class='ocrx_word' id='word_1_749' title='bbox 764 5087 831 5140; x_wconf 81' lang='grc' dir='ltr'><strong>τά</strong></span> <span class='ocrx_word' id='word_1_750' title='bbox 862 5087 959 5156; x_wconf 85' lang='grc' dir='ltr'>μὲν</span> <span class='ocrx_word' id='word_1_751' title='bbox 987 5089 1195 5155; x_wconf 82' lang='grc' dir='ltr'>φυσικὰ</span> <span class='ocrx_word' id='word_1_752' title='bbox 1241 5090 1554 5159; x_wconf 80' lang='grc' dir='ltr'>σπέρματα,</span> <span class='ocrx_word' id='word_1_753' title='bbox 1593 5092 1666 5155; x_wconf 79' lang='grc' dir='ltr'>ὼς</span> <span class='ocrx_word' id='word_1_754' title='bbox 1691 5093 1818 5145; x_wconf 80' lang='grc' dir='ltr'>ὅταν</span> 
     </span>
    </p>
   </div>
   <div class='ocr_carea' id='block_1_100' title="bbox 307 5226 1457 5293">
    <p class='ocr_par' dir='ltr' id='par_1_100' title="bbox 307 5226 1457 5293">
     <span class='ocr_line' id='line_1_100' title="bbox 307 5226 1457 5293; baseline -0.003 -11"><span class='ocrx_word' id='word_1_755' title='bbox 307 5230 359 5261; x_wconf 73' lang='grc'>⁸⁸</span> <span class='ocrx_word' id='word_1_756' title='bbox 388 5227 568 5282; x_wconf 85' lang='lat' dir='ltr'><strong>Galat.</strong></span> <span class='ocrx_word' id='word_1_757' title='bbox 608 5243 686 5290; x_wconf 85' lang='lat' dir='ltr'><strong>Ill,</strong></span> <span class='ocrx_word' id='word_1_758' title='bbox 716 5226 806 5281; x_wconf 71' lang='lat'><strong>28.</strong></span> <span class='ocrx_word' id='word_1_759' title='bbox 883 5226 929 5258; x_wconf 76' lang='grc'><strong>’⁸⁸</strong></span> <span class='ocrx_word' id='word_1_760' title='bbox 957 5229 1153 5283; x_wconf 84' lang='lat' dir='ltr'><strong>Matth.</strong></span> <span class='ocrx_word' id='word_1_761' title='bbox 1186 5245 1332 5293; x_wconf 73' lang='lat' dir='ltr'><strong>xxxv,</strong></span> <span class='ocrx_word' id='word_1_762' title='bbox 1370 5228 1457 5282; x_wconf 79' lang='grc'><strong>15.</strong></span> 
     </span>
    </p>
   </div>
   <div class='ocr_carea' id='block_1_101' title="bbox 301 5343 1127 5408">
    <p class='ocr_par' dir='ltr' id='par_1_101' title="bbox 301 5343 1127 5408">
     <span class='ocr_line' id='line_1_101' title="bbox 301 5343 1127 5408; baseline 0.002 -11"><span class='ocrx_word' id='word_1_763' title='bbox 301 5350 340 5363; x_wconf 88' lang='grc'><em>”</em></span> <span class='ocrx_word' id='word_1_764' title='bbox 371 5343 524 5397; x_wconf 83' lang='lat' dir='ltr'><strong>Orat.</strong></span> <span class='ocrx_word' id='word_1_765' title='bbox 564 5343 629 5397; x_wconf 76' lang='grc'><strong>15</strong></span> <span class='ocrx_word' id='word_1_766' title='bbox 658 5351 714 5398; x_wconf 86' lang='lat' dir='ltr'><strong>et</strong></span> <span class='ocrx_word' id='word_1_767' title='bbox 738 5343 889 5408; x_wconf 83' lang='lat' dir='ltr'><strong>alibi,</strong></span> <span class='ocrx_word' id='word_1_768' title='bbox 916 5344 1004 5406; x_wconf 76' lang='lat'><strong>59,</strong></span> <span class='ocrx_word' id='word_1_769' title='bbox 1039 5344 1127 5399; x_wconf 75' lang='grc'><strong>49.</strong></span> 
     </span>
    </p>
   </div>
   <div class='ocr_carea' id='block_1_102' title="bbox 311 5446 1827 5525">
    <p class='ocr_par' dir='ltr' id='par_1_102' title="bbox 311 5446 1827 5525">
     <span class='ocr_line' id='line_1_102' title="bbox 311 5446 1827 5525; baseline 0.004 -18"><span class='ocrx_word' id='word_1_770' title='bbox 311 5456 378 5523; x_wconf 68' lang='grc' dir='ltr'><strong>(δ)</strong></span> <span class='ocrx_word' id='word_1_771' title='bbox 419 5457 584 5508; x_wconf 72' lang='grc' dir='ltr'>Ἐπεὶ</span> <span class='ocrx_word' id='word_1_772' title='bbox 616 5457 673 5509; x_wconf 84' lang='grc' dir='ltr'><strong>τι</strong></span> <span class='ocrx_word' id='word_1_773' title='bbox 700 5457 824 5525; x_wconf 76' lang='grc' dir='ltr'>ἔχει</span> <span class='ocrx_word' id='word_1_774' title='bbox 846 5457 1209 5525; x_wconf 78' lang='grc' dir='ltr'>παράδοξον.</span> <span class='ocrx_word' id='word_1_775' title='bbox 1243 5457 1400 5523; x_wconf 86' lang='lat' dir='ltr'><strong>Quod</strong></span> <span class='ocrx_word' id='word_1_776' title='bbox 1430 5457 1697 5513; x_wconf 80' lang='lat' dir='ltr'><strong>Maximus</strong></span> <span class='ocrx_word' id='word_1_777' title='bbox 1726 5446 1827 5512; x_wconf 25' lang='lat' dir='ltr'><strong>in-l</strong></span> 
     </span>
    </p>
   </div>
   <div class='ocr_carea' id='block_1_103' title="bbox 240 5526 1818 5597">
    <p class='ocr_par' dir='ltr' id='par_1_103' title="bbox 240 5526 1818 5597">
     <span class='ocr_line' id='line_1_103' title="bbox 240 5526 1818 5597; baseline 0.004 -19"><span class='ocrx_word' id='word_1_778' title='bbox 240 5527 585 5597; x_wconf 80' lang='lat' dir='ltr'><strong>conveniens</strong></span> <span class='ocrx_word' id='word_1_779' title='bbox 609 5526 767 5597; x_wconf 71' lang='lat' dir='ltr'><strong>affert</strong></span> <span class='ocrx_word' id='word_1_780' title='bbox 819 5527 1086 5581; x_wconf 85' lang='lat' dir='ltr'><strong>adversus</strong></span> <span class='ocrx_word' id='word_1_781' title='bbox 1110 5528 1431 5589; x_wconf 89' lang='lat' dir='ltr'><strong>Tritheitas,</strong></span> <span class='ocrx_word' id='word_1_782' title='bbox 1476 5528 1624 5597; x_wconf 88' lang='lat' dir='ltr'><strong>quod</strong></span> <span class='ocrx_word' id='word_1_783' title='bbox 1666 5530 1818 5584; x_wconf 85' lang='lat' dir='ltr'><strong>nulla</strong></span> 
     </span>
    </p>
   </div>
   <div class='ocr_carea' id='block_1_104' title="bbox 241 5593 1813 5665">
    <p class='ocr_par' dir='ltr' id='par_1_104' title="bbox 241 5593 1813 5665">
     <span class='ocr_line' id='line_1_104' title="bbox 241 5593 1813 5665; baseline 0.003 -18"><span class='ocrx_word' id='word_1_784' title='bbox 241 5593 591 5665; x_wconf 7' lang='lat' dir='ltr'><strong>majorqurnio</strong></span> <span class='ocrx_word' id='word_1_785' title='bbox 620 5596 863 5665; x_wconf 80' lang='lat' dir='ltr'><strong>sitjuxta</strong></span> <span class='ocrx_word' id='word_1_786' title='bbox 895 5598 1041 5659; x_wconf 87' lang='lat' dir='ltr'><strong>illos,</strong></span> <span class='ocrx_word' id='word_1_787' title='bbox 1086 5599 1209 5652; x_wconf 85' lang='lat' dir='ltr'><strong>Filii</strong></span> <span class='ocrx_word' id='word_1_788' title='bbox 1246 5614 1369 5652; x_wconf 90' lang='lat' dir='ltr'><strong>cum</strong></span> <span class='ocrx_word' id='word_1_789' title='bbox 1399 5593 1582 5661; x_wconf 70' lang='lat' dir='ltr'><strong>Patre,</strong></span> <span class='ocrx_word' id='word_1_790' title='bbox 1644 5615 1813 5665; x_wconf 87' lang='lat' dir='ltr'><strong>quam</strong></span> 
     </span>
    </p>
   </div>
   <div class='ocr_carea' id='block_1_105' title="bbox 242 5663 1813 5737">
    <p class='ocr_par' dir='ltr' id='par_1_105' title="bbox 242 5663 1813 5737">
     <span class='ocr_line' id='line_1_105' title="bbox 242 5663 1813 5737; baseline 0.004 -21"><span class='ocrx_word' id='word_1_791' title='bbox 242 5674 331 5717; x_wconf 82' lang='lat' dir='ltr'><strong>est</strong></span> <span class='ocrx_word' id='word_1_792' title='bbox 360 5663 458 5715; x_wconf 85' lang='lat' dir='ltr'><strong>lilii</strong></span> <span class='ocrx_word' id='word_1_793' title='bbox 487 5663 729 5737; x_wconf 76' lang='lat' dir='ltr'><strong>hominis</strong></span> <span class='ocrx_word' id='word_1_794' title='bbox 748 5681 872 5719; x_wconf 90' lang='lat' dir='ltr'><strong>cum</strong></span> <span class='ocrx_word' id='word_1_795' title='bbox 906 5666 1132 5737; x_wconf 86' lang='lat' dir='ltr'><strong>homine</strong></span> <span class='ocrx_word' id='word_1_796' title='bbox 1165 5677 1341 5737; x_wconf 90' lang='lat' dir='ltr'><strong>patre,</strong></span> <span class='ocrx_word' id='word_1_797' title='bbox 1375 5668 1429 5722; x_wconf 88' lang='lat' dir='ltr'><strong>id</strong></span> <span class='ocrx_word' id='word_1_798' title='bbox 1446 5683 1577 5723; x_wconf 87' lang='lat' dir='ltr'><strong>vero</strong></span> <span class='ocrx_word' id='word_1_799' title='bbox 1607 5663 1813 5737; x_wconf 80' lang='lat' dir='ltr'><strong>Ohsop.</strong></span> 
     </span>
    </p>
   </div>
   <div class='ocr_carea' id='block_1_106' title="bbox 245 5734 1817 5809">
    <p class='ocr_par' dir='ltr' id='par_1_106' title="bbox 245 5734 1817 5809">
     <span class='ocr_line' id='line_1_106' title="bbox 245 5734 1817 5809; baseline 0.006 -25"><span class='ocrx_word' id='word_1_800' title='bbox 245 5742 517 5809; x_wconf 65' lang='lat' dir='ltr'><strong>assertum</strong></span> <span class='ocrx_word' id='word_1_801' title='bbox 564 5734 731 5809; x_wconf 79' lang='lat' dir='ltr'><strong>facit,_</strong></span> <span class='ocrx_word' id='word_1_802' title='bbox 766 5749 830 5788; x_wconf 90' lang='lat' dir='ltr'><strong>ac</strong></span> <span class='ocrx_word' id='word_1_803' title='bbox 872 5736 942 5809; x_wconf 89' lang='lat' dir='ltr'><strong>si_</strong></span> <span class='ocrx_word' id='word_1_804' title='bbox 976 5734 1179 5793; x_wconf 75' lang='lat' dir='ltr'><strong>doceat</strong></span> <span class='ocrx_word' id='word_1_805' title='bbox 1202 5739 1488 5795; x_wconf 80' lang='lat' dir='ltr'><strong>Maximus.</strong></span> <span class='ocrx_word' id='word_1_806' title='bbox 1540 5740 1687 5809; x_wconf 89' lang='lat' dir='ltr'><strong>quod</strong></span> <span class='ocrx_word' id='word_1_807' title='bbox 1717 5734 1817 5793; x_wconf 82' lang='lat' dir='ltr'><strong>nec</strong></span> 
     </span>
    </p>
   </div>
   <div class='ocr_carea' id='block_1_107' title="bbox 246 5804 1815 5875">
    <p class='ocr_par' dir='ltr' id='par_1_107' title="bbox 246 5804 1815 5875">
     <span class='ocr_line' id='line_1_107' title="bbox 246 5804 1815 5875; baseline 0.006 -20"><span class='ocrx_word' id='word_1_808' title='bbox 246 5804 395 5859; x_wconf 76' lang='lat' dir='ltr'><strong>forte</strong></span> <span class='ocrx_word' id='word_1_809' title='bbox 449 5805 837 5873; x_wconf 85' lang='lat' dir='ltr'><strong>grammaticus</strong></span> <span class='ocrx_word' id='word_1_810' title='bbox 877 5805 1236 5875; x_wconf 86' lang='lat' dir='ltr'><strong>admitteret,</strong></span> <span class='ocrx_word' id='word_1_811' title='bbox 1286 5825 1389 5864; x_wconf 87' lang='lat' dir='ltr'><strong>nec</strong></span> <span class='ocrx_word' id='word_1_812' title='bbox 1450 5804 1591 5865; x_wconf 78' lang='lat' dir='ltr'><strong>alius</strong></span> <span class='ocrx_word' id='word_1_813' title='bbox 1629 5827 1696 5864; x_wconf 72' lang='lat' dir='ltr'><strong>ex</strong></span> <span class='ocrx_word' id='word_1_814' title='bbox 1753 5826 1815 5865; x_wconf 92' lang='lat' dir='ltr'><strong>ca</strong></span> 
     </span>
    </p>
   </div>
   <div class='ocr_carea' id='block_1_108' title="bbox 1921 4633 3494 4705">
    <p class='ocr_par' dir='ltr' id='par_1_108' title="bbox 1921 4633 3494 4705">
     <span class='ocr_line' id='line_1_108' title="bbox 1921 4633 3494 4705; baseline -0.001 -16"><span class='ocrx_word' id='word_1_815' title='bbox 1921 4636 2096 4689; x_wconf 92' lang='lat' dir='ltr'><strong>libros</strong></span> <span class='ocrx_word' id='word_1_816' title='bbox 2124 4651 2152 4688; x_wconf 91' lang='lat' dir='ltr'><strong>a</strong></span> <span class='ocrx_word' id='word_1_817' title='bbox 2179 4634 2418 4704; x_wconf 86' lang='lat' dir='ltr'><strong>Josepho</strong></span> <span class='ocrx_word' id='word_1_818' title='bbox 2445 4635 2791 4705; x_wconf 87' lang='lat' dir='ltr'><strong>conscriptos</strong></span> <span class='ocrx_word' id='word_1_819' title='bbox 2816 4634 3009 4704; x_wconf 84' lang='lat' dir='ltr'><strong>legerit</strong></span> <span class='ocrx_word' id='word_1_820' title='bbox 3038 4633 3120 4702; x_wconf 82' lang='grc' dir='ltr'>(ι).</span> <span class='ocrx_word' id='word_1_821' title='bbox 3150 4634 3289 4687; x_wconf 87' lang='lat' dir='ltr'><strong>Sunt</strong></span> <span class='ocrx_word' id='word_1_822' title='bbox 3313 4642 3494 4687; x_wconf 86' lang='lat' dir='ltr'><strong>tamen</strong></span> 
     </span>
    </p>
   </div>
   <div class='ocr_carea' id='block_1_109' title="bbox 1924 4726 3498 4800">
    <p class='ocr_par' dir='ltr' id='par_1_109' title="bbox 1924 4726 3498 4800">
     <span class='ocr_line' id='line_1_109' title="bbox 1924 4726 3498 4800; baseline -0.001 -17"><span class='ocrx_word' id='word_1_823' title='bbox 1924 4730 2020 4800; x_wconf 90' lang='lat' dir='ltr'><strong>qui</strong></span> <span class='ocrx_word' id='word_1_824' title='bbox 2051 4738 2297 4800; x_wconf 88' lang='lat' dir='ltr'><strong>tempore</strong></span> <span class='ocrx_word' id='word_1_825' title='bbox 2330 4728 2684 4792; x_wconf 84' lang='lat' dir='ltr'><strong>Antichristi,</strong></span> <span class='ocrx_word' id='word_1_826' title='bbox 2715 4729 2831 4783; x_wconf 86' lang='lat' dir='ltr'><strong>haec</strong></span> <span class='ocrx_word' id='word_1_827' title='bbox 2860 4727 3051 4781; x_wconf 89' lang='lat' dir='ltr'><strong>eadem</strong></span> <span class='ocrx_word' id='word_1_828' title='bbox 3078 4727 3263 4780; x_wconf 83' lang='lat' dir='ltr'><strong>futura</strong></span> <span class='ocrx_word' id='word_1_829' title='bbox 3290 4726 3498 4781; x_wconf 84' lang='lat' dir='ltr'><strong>dicant.</strong></span> 
     </span>
    </p>
   </div>
   <div class='ocr_carea' id='block_1_110' title="bbox 1995 4907 3500 4982">
    <p class='ocr_par' dir='ltr' id='par_1_110' title="bbox 1995 4907 3500 4982">
     <span class='ocr_line' id='line_1_110' title="bbox 1995 4907 3500 4982; baseline -0.005 -14"><span class='ocrx_word' id='word_1_830' title='bbox 1995 4914 2085 4968; x_wconf 69' lang='lat'><strong>32.</strong></span> <span class='ocrx_word' id='word_1_831' title='bbox 2112 4912 2237 4967; x_wconf 88' lang='lat' dir='ltr'><strong>Tria</strong></span> <span class='ocrx_word' id='word_1_832' title='bbox 2264 4921 2391 4968; x_wconf 89' lang='lat' dir='ltr'><strong>sunt</strong></span> <span class='ocrx_word' id='word_1_833' title='bbox 2423 4927 2524 4967; x_wconf 92' lang='lat' dir='ltr'><strong>nos</strong></span> <span class='ocrx_word' id='word_1_834' title='bbox 2549 4911 2615 4966; x_wconf 92' lang='lat' dir='ltr'><strong>ad</strong></span> <span class='ocrx_word' id='word_1_835' title='bbox 2644 4927 2707 4966; x_wconf 89' lang='lat' dir='ltr'><strong>ea</strong></span> <span class='ocrx_word' id='word_1_836' title='bbox 2735 4927 2856 4982; x_wconf 65' lang='lat' dir='ltr'><strong>qua:</strong></span> <span class='ocrx_word' id='word_1_837' title='bbox 2882 4912 3110 4964; x_wconf 85' lang='lat' dir='ltr'><strong>honesta</strong></span> <span class='ocrx_word' id='word_1_838' title='bbox 3142 4918 3271 4963; x_wconf 90' lang='lat' dir='ltr'><strong>sunt</strong></span> <span class='ocrx_word' id='word_1_839' title='bbox 3293 4924 3356 4963; x_wconf 90' lang='lat' dir='ltr'><strong>ac</strong></span> <span class='ocrx_word' id='word_1_840' title='bbox 3382 4907 3500 4961; x_wconf 48' lang='lat' dir='ltr'><strong>oili&#39;</strong></span> 
     </span>
    </p>
   </div>
   <div class='ocr_carea' id='block_1_111' title="bbox 1925 5002 3496 5074">
    <p class='ocr_par' dir='ltr' id='par_1_111' title="bbox 1925 5002 3496 5074">
     <span class='ocr_line' id='line_1_111' title="bbox 1925 5002 3496 5074; baseline -0.005 -15"><span class='ocrx_word' id='word_1_841' title='bbox 1925 5004 1997 5059; x_wconf 92' lang='lat' dir='ltr'><strong>cii</strong></span> <span class='ocrx_word' id='word_1_842' title='bbox 2058 5004 2445 5074; x_wconf 85' lang='lat' dir='ltr'><strong>provocantia;</strong></span> <span class='ocrx_word' id='word_1_843' title='bbox 2481 5004 2753 5058; x_wconf 87' lang='lat' dir='ltr'><strong>naturalia</strong></span> <span class='ocrx_word' id='word_1_844' title='bbox 2787 5003 2999 5057; x_wconf 89' lang='lat' dir='ltr'><strong>scilicet</strong></span> <span class='ocrx_word' id='word_1_845' title='bbox 3030 5002 3266 5062; x_wconf 88' lang='lat' dir='ltr'><strong>semina,</strong></span> <span class='ocrx_word' id='word_1_846' title='bbox 3299 5007 3496 5054; x_wconf 68' lang='lat' dir='ltr'><strong>sancta:</strong></span> 
     </span>
    </p>
   </div>
   <div class='ocr_carea' id='block_1_112' title="bbox 1927 5089 3497 5162">
    <p class='ocr_par' dir='ltr' id='par_1_112' title="bbox 1927 5089 3497 5162">
     <span class='ocr_line' id='line_1_112' title="bbox 1927 5089 3497 5162; baseline -0.005 -14"><span class='ocrx_word' id='word_1_847' title='bbox 1927 5095 2193 5162; x_wconf 83' lang='lat' dir='ltr'><strong>Virtutes,</strong></span> <span class='ocrx_word' id='word_1_848' title='bbox 2236 5106 2293 5152; x_wconf 93' lang='lat' dir='ltr'><strong>et</strong></span> <span class='ocrx_word' id='word_1_849' title='bbox 2332 5097 2477 5151; x_wconf 90' lang='lat' dir='ltr'><strong>bona</strong></span> <span class='ocrx_word' id='word_1_850' title='bbox 2521 5095 2796 5150; x_wconf 87' lang='lat' dir='ltr'><strong>voluntas.</strong></span> <span class='ocrx_word' id='word_1_851' title='bbox 2839 5093 2918 5147; x_wconf 80' lang='lat' dir='ltr'><strong>Ac</strong></span> <span class='ocrx_word' id='word_1_852' title='bbox 2962 5092 3184 5162; x_wconf 88' lang='lat' dir='ltr'><strong>quidem</strong></span> <span class='ocrx_word' id='word_1_853' title='bbox 3230 5089 3497 5143; x_wconf 85' lang='lat' dir='ltr'><strong>naturalia</strong></span> 
     </span>
    </p>
   </div>
   <div class='ocr_carea' id='block_1_113' title="bbox 1913 5455 3489 5524">
    <p class='ocr_par' dir='ltr' id='par_1_113' title="bbox 1913 5455 3489 5524">
     <span class='ocr_line' id='line_1_113' title="bbox 1913 5455 3489 5524; baseline -0.004 -12"><span class='ocrx_word' id='word_1_854' title='bbox 1913 5459 2121 5513; x_wconf 89' lang='lat' dir='ltr'><strong>schola.</strong></span> <span class='ocrx_word' id='word_1_855' title='bbox 2164 5460 2301 5513; x_wconf 88' lang='lat' dir='ltr'><strong>Nam</strong></span> <span class='ocrx_word' id='word_1_856' title='bbox 2332 5460 2410 5515; x_wconf 88' lang='lat' dir='ltr'><strong>sic</strong></span> <span class='ocrx_word' id='word_1_857' title='bbox 2444 5460 2656 5514; x_wconf 84' lang='lat' dir='ltr'><strong>reddit:</strong></span> <span class='ocrx_word' id='word_1_858' title='bbox 2692 5457 3149 5524; x_wconf 80' lang='lat' dir='ltr'><strong>Quemadmodum</strong></span> <span class='ocrx_word' id='word_1_859' title='bbox 3179 5455 3318 5506; x_wconf 82' lang='lat' dir='ltr'><strong>enim</strong></span> <span class='ocrx_word' id='word_1_860' title='bbox 3338 5455 3489 5524; x_wconf 62' lang='lat' dir='ltr'><strong>homo</strong></span> 
     </span>
    </p>
   </div>
   <div class='ocr_carea' id='block_1_114' title="bbox 1914 5523 3498 5600">
    <p class='ocr_par' dir='ltr' id='par_1_114' title="bbox 1914 5523 3498 5600">
     <span class='ocr_line' id='line_1_114' title="bbox 1914 5523 3498 5600; baseline -0.003 -18"><span class='ocrx_word' id='word_1_861' title='bbox 1914 5532 2111 5600; x_wconf 62' lang='lat' dir='ltr'><strong>homini</strong></span> <span class='ocrx_word' id='word_1_862' title='bbox 2146 5532 2323 5584; x_wconf 72' lang='lat' dir='ltr'><strong>unitas</strong></span> <span class='ocrx_word' id='word_1_863' title='bbox 2372 5540 2468 5590; x_wconf 79' lang='lat' dir='ltr'><strong>est,</strong></span> <span class='ocrx_word' id='word_1_864' title='bbox 2516 5541 2565 5583; x_wconf 84' lang='lat' dir='ltr'><strong>et</strong></span> <span class='ocrx_word' id='word_1_865' title='bbox 2616 5539 2963 5600; x_wconf 73' lang='lat' dir='ltr'><strong>segregatus,</strong></span> <span class='ocrx_word' id='word_1_866' title='bbox 3013 5528 3088 5580; x_wconf 82' lang='lat' dir='ltr'><strong>sic</strong></span> <span class='ocrx_word' id='word_1_867' title='bbox 3134 5526 3294 5600; x_wconf 80' lang='lat' dir='ltr'><strong>etiam</strong></span> <span class='ocrx_word' id='word_1_868' title='bbox 3335 5523 3498 5600; x_wconf 67' lang='lat' dir='ltr'><strong>~Patri</strong></span> 
     </span>
    </p>
   </div>
   <div class='ocr_carea' id='block_1_115' title="bbox 1915 5593 3492 5670">
    <p class='ocr_par' dir='ltr' id='par_1_115' title="bbox 1915 5593 3492 5670">
     <span class='ocr_line' id='line_1_115' title="bbox 1915 5593 3492 5670; baseline -0.003 -19"><span class='ocrx_word' id='word_1_869' title='bbox 1915 5599 2100 5662; x_wconf 84' lang='lat' dir='ltr'><strong>Filius,</strong></span> <span class='ocrx_word' id='word_1_870' title='bbox 2141 5611 2189 5653; x_wconf 82' lang='lat' dir='ltr'><strong>et</strong></span> <span class='ocrx_word' id='word_1_871' title='bbox 2256 5601 2390 5655; x_wconf 81' lang='lat' dir='ltr'><strong>nihil</strong></span> <span class='ocrx_word' id='word_1_872' title='bbox 2447 5600 2584 5670; x_wconf 81' lang='lat' dir='ltr'><strong>plus.</strong></span> <span class='ocrx_word' id='word_1_873' title='bbox 2641 5593 2950 5670; x_wconf 50' lang='lat' dir='ltr'><strong>scd&#39;heuc</strong></span> <span class='ocrx_word' id='word_1_874' title='bbox 3001 5605 3104 5659; x_wconf 71' lang='lat' dir='ltr'><strong>est,</strong></span> <span class='ocrx_word' id='word_1_875' title='bbox 3141 5595 3287 5664; x_wconf 86' lang='lat' dir='ltr'><strong>quod</strong></span> <span class='ocrx_word' id='word_1_876' title='bbox 3326 5593 3492 5649; x_wconf 85' lang='lat' dir='ltr'><strong>Gesn.</strong></span> 
     </span>
    </p>
   </div>
   <div class='ocr_carea' id='block_1_116' title="bbox 1913 5668 2971 5739">
    <p class='ocr_par' dir='ltr' id='par_1_116' title="bbox 1913 5668 2971 5739">
     <span class='ocr_line' id='line_1_116' title="bbox 1913 5668 2971 5739; baseline -0.002 -17"><span class='ocrx_word' id='word_1_877' title='bbox 1913 5670 2250 5739; x_wconf 77' lang='lat' dir='ltr'><strong>emendavit,</strong></span> <span class='ocrx_word' id='word_1_878' title='bbox 2274 5687 2338 5724; x_wconf 89' lang='lat' dir='ltr'><strong>ac</strong></span> <span class='ocrx_word' id='word_1_879' title='bbox 2377 5668 2460 5724; x_wconf 82' lang='lat' dir='ltr'><strong>sic</strong></span> <span class='ocrx_word' id='word_1_880' title='bbox 2491 5671 2686 5739; x_wconf 83' lang='lat' dir='ltr'><strong>putida</strong></span> <span class='ocrx_word' id='word_1_881' title='bbox 2725 5668 2971 5725; x_wconf 88' lang='lat' dir='ltr'><strong>sustulit.</strong></span> 
     </span>
    </p>
   </div>
   <div class='ocr_carea' id='block_1_117' title="bbox 1987 5732 3493 5863">
    <p class='ocr_par' dir='ltr' id='par_1_117' title="bbox 1987 5732 3493 5863">
     <span class='ocr_line' id='line_1_117' title="bbox 1987 5732 3493 5863; baseline -0.001 -72"><span class='ocrx_word' id='word_1_882' title='bbox 1987 5738 2287 5863; x_wconf 55' lang='lat' dir='ltr'><strong>(tgsbibro</strong></span> <span class='ocrx_word' id='word_1_883' title='bbox 2350 5740 2426 5794; x_wconf 83' lang='lat' dir='ltr'><strong>De</strong></span> <span class='ocrx_word' id='word_1_884' title='bbox 2473 5732 2604 5794; x_wconf 59' lang='lat' dir='ltr'><strong>bello</strong></span> <span class='ocrx_word' id='word_1_885' title='bbox 2658 5740 2904 5795; x_wconf 71' lang='lat' dir='ltr'><strong>Iudaico.</strong></span> <span class='ocrx_word' id='word_1_886' title='bbox 2962 5736 3101 5793; x_wconf 79' lang='lat' dir='ltr'><strong>Vide</strong></span> <span class='ocrx_word' id='word_1_887' title='bbox 3170 5735 3370 5791; x_wconf 87' lang='lat' dir='ltr'><strong>Baron.</strong></span> <span class='ocrx_word' id='word_1_888' title='bbox 3423 5732 3493 5790; x_wconf 87' lang='lat' dir='ltr'><strong>ad</strong></span> 
     </span>
    </p>
   </div>
   <div class='ocr_carea' id='block_1_118' title="bbox 1915 5825 2127 5863">
    <p class='ocr_par' dir='ltr' id='par_1_118' title="bbox 1915 5825 2127 5863">
     <span class='ocr_line' id='line_1_118' title="bbox 1915 5825 2127 5863; baseline 0 0"><span class='ocrx_word' id='word_1_889' title='bbox 1915 5825 2004 5863; x_wconf 89' lang='lat' dir='ltr'><strong>an.</strong></span> <span class='ocrx_word' id='word_1_890' title='bbox 2038 5825 2127 5863; x_wconf 78' lang='grc' dir='ltr'>υὸ.</span> 
     </span>
    </p>
   </div>
  </div>
