3898 6426
433 3047 450 3070 ⁸
541 3038 907 3104 turbationes,
947 3054 1012 3093 ac
1062 3039 1406 3111 ignorantia,
1448 3040 1781 3110 supplicium
1829 3050 2123 3096 aeternum.

552 346 662 414 995
1720 345 1784 406 Β.
1825 345 2114 406 ΜΑΧῙΜῙ

2239 346 2660 408 ’ΝΕΕΞΞΟΒΙΒ
3675 351 3766 416 Μ

551 457 790 522 semina,
815 466 898 524 nt,
927 472 1056 514 cum
1088 455 1145 512 id
1179 457 1326 529 quod
1359 457 1613 513 volumus
1646 466 1710 514 ut
1740 457 1943 512 faciant
1973 459 2117 512 nobi:

2239 458 2265 511 ὃ
2291 459 2520 531 θέλομεν
2560 461 2648 515 ἵνα
2679 458 2911 514 ποιῶσιν
2939 461 3075 533 ἡμῖν
3105 461 3158 514 οι
3192 459 3493 532 ἄνθρωποι,
3524 463 3614 516 καὶ
3632 466 3767 535 ἡμεῖς

551 551 841 612 homines.
880 565 984 607 nos
1021 566 1242 621 quoque
1286 551 1399 606 illis
1441 550 1698 606 similiter
1737 551 2036 607 fecerimus
2053 550 2100 582 δ’

2239 551 2435 622 ὁμοίως
2468 554 2714 624 ποιῶμεν
2739 553 2924 618 αὐτοῖς
2947 567 2962 582 '
3015 555 3050 626 ἢ
3087 555 3166 618 ὡς
3215 555 3346 610 ὅταν
3378 554 3576 626 ῑδωμέν
3593 573 3702 614 τινα
3723 562 3770 612 ἐν

549 647 673 712 vel,
713 654 775 700 ut
814 661 942 700 cum
986 645 1228 715 aliquem
1269 645 1324 698 in
1371 645 1625 715 angustia
1667 653 1764 700 aut
1805 645 2117 700 necessitati

2239 643 2493 698 πενὼσει
2521 644 2554 716 ἢ
2614 646 2676 699 ὲν
2719 645 2936 718 ἀνάγκη
2963 685 2978 710 ,
3030 647 3129 700 καὶ
3161 646 3412 716 φυσικῶς
3448 646 3690 716 ἐλεῶμεν.
3716 651 3771 703 Δί

549 739 836 803 videntes,
881 739 1064 804 illius,
1105 738 1344 793 naturali
1399 738 1571 794 ductu
1619 746 1786 807 atque
1835 737 2102 792 instinctu

2239 735 2291 790 δὲ
2327 737 2480 807 ἅγιαι
2516 740 2822 810 Δυνάμεις,
2857 735 2970 795 οἷον
3014 741 3144 795 ὅταν
3175 740 3492 810 κινούμενοι
3537 741 3628 794 ἐπὶ
3647 743 3773 814 καλῷ

551 833 765 888 miserti
806 832 1100 888 fuerimus.
1135 831 1348 888 Sancta:
1387 838 1572 887 autem
1618 831 1873 895 virtutes,
1907 839 1969 886 ut
2009 846 2117 886 cun

2239 830 2544 901 πράγματι,
2576 830 2830 903 εὕρωμεν
2858 833 3151 905 συνεργίαν
3177 831 3415 904 ἀγαθὴν,
3460 835 3557 887 καὶ
3608 830 3750 888 uita

551 925 844 980 honestum
877 924 1086 994 aliquid
1105 939 1168 978 ac
1197 923 1360 979 cilicii
1395 923 1884 994 aggressi,bonum
1917 922 2117 992 adjuto

2239 922 2503 994 οδώμεθα.
2546 923 2612 978 Ἥ
2657 925 2715 978 δὲ
2741 924 2922 997 ἀγαθὴ
2966 925 3315 998 προαίρεσις,
3346 924 3425 990 ὡς
3448 926 3576 980 ὅταν
3601 927 3776 999 δισκρί-

549 1018 696 1072 rium
733 1017 1134 1082 invenerimus,
1165 1032 1366 1086 resque
1395 1017 1558 1071 nobis
1589 1031 1854 1085 prospere
1882 1015 2113 1070 cesserit

2239 1031 2417 1078 νοντες
2469 1016 2580 1070 ἀπὸ
2631 1015 2728 1071 τοῦ
2778 1017 2950 1073 κακοῦ
3007 1017 3069 1072 τὸ
3136 1018 3342 1084 καλὸν,
3399 1017 3678 1090 αἱρώμεθα
3726 1022 3775 1074 τὺ

547 1109 699 1174 Bona
741 1109 981 1178 denique
1030 1109 1322 1172 voluntas,
1371 1118 1432 1163 ut
1475 1124 1602 1163 cum
1653 1108 1860 1162 bonum
1911 1122 1943 1162 a
1990 1109 2136 1163 malo
2232 1106 2462 1176 ἀγαθόν.

544 1199 948 1260 discernentes,
975 1197 1028 1252 id
1055 1198 1201 1268 quod
1229 1207 1314 1252 est
1340 1198 1546 1252 bonum
1572 1197 1927 1268 elegerimus.

617 1287 708 1343 55.
738 1287 868 1342 Tria
905 1304 1102 1342 rursus
1133 1297 1265 1343 sunt
1293 1303 1414 1357 qua:
1447 1303 1550 1342 nos
1581 1297 1806 1342 movent
1835 1287 1904 1342 ad
1941 1287 2082 1343 mala
2116 1304 2131 1342 :

543 1400 745 1454 nempe
786 1384 1021 1440 aﬁ‘ectus
1069 1400 1167 1439 seu
1240 1384 1715 1455 perturbationes,
1756 1384 2034 1440 daemones
2077 1398 2117 1440 e1

2239 1383 2382 1438 κακά
2410 1395 2426 1410 ⁸
2456 1382 2526 1437 τὰ
2561 1383 2733 1454 πάθη,
2768 1385 2820 1437 oi
2864 1383 3143 1456 δαίμονες,
3180 1386 3275 1439 καὶ
3305 1387 3338 1455 ἡ
3373 1387 3520 1456 κακὴ
3551 1378 3783 1457 προαίρεο

545 1477 692 1532 mala
713 1478 991 1532 voluntas.
1014 1475 1092 1532 Ac
1117 1476 1340 1546 quidem
1371 1476 1605 1532 aﬂ‘ectus
1632 1492 1731 1534 seu
1763 1477 2117 1548 perturbatio

2239 1490 2341 1537 σις.
2375 1473 2486 1528 Καὶ
2512 1474 2584 1530 τὰ
2617 1475 2718 1545 μὲν
2748 1475 2894 1548 πάθη
2917 1515 2934 1539 ,
2973 1475 3051 1540 ὼς
3097 1478 3227 1532 ὅταν
3257 1477 3620 1550 ἐπιθυμῶμεν
3659 1479 3785 1549 π.ρὰ-

545 1585 681 1635 nes,
715 1578 778 1623 ut
809 1584 933 1624 cum
967 1567 1140 1624 invita
1173 1569 1416 1634 ratione,
1451 1568 1530 1624 rei
1563 1568 1798 1640 alicujus
1832 1569 2117 1640 cupiditate

2239 1584 2442 1638 γματος
2483 1569 2639 1640 παρὰ
2683 1569 2844 1639 λόγον
2873 1585 2887 1600 ⁸
2939 1565 3052 1625 οἷον
3099 1570 3133 1642 ἢ
3171 1569 3491 1641 βρώματος,
3531 1571 3676 1642 παρὰ
3711 1571 3790 1624 τὸν

545 1663 834 1728 ducimur;
871 1669 1004 1731 puta
1035 1660 1168 1725 cibi,
1195 1668 1397 1730 praeter
1426 1676 1592 1732 quam
1625 1660 1775 1732 quod
1803 1661 1890 1716 vel
1925 1675 2117 1732 oppor'

2239 1661 2425 1732 καιρὸν
2450 1700 2466 1726 ,
2501 1662 2536 1733 ἢ
2565 1662 2718 1746 παρὰ
2770 1663 2871 1733 τὴν
2914 1663 3142 1734 χρείαν,
3188 1665 3221 1737 ἢ
3254 1663 3519 1734 γυναικὸς
3546 1662 3693 1734 παρὰ
3710 1664 3792 1716 τὸν

545 1764 744 1808 tnnum
791 1760 1038 1822 tempus,
1070 1753 1157 1806 vel
1195 1753 1345 1823 justa
1387 1752 1694 1807 necessitas
1736 1751 2002 1819 suaserit;
2042 1751 2117 1807 vel

2239 1753 2437 1807 σκοπὸν
2463 1753 2565 1824 τῆς
2593 1755 2962 1820 παιδοποιίας,
2995 1755 3090 1810 καὶ
3118 1754 3216 1827 τῆς
3271 1755 3347 1827 μὴ
3395 1754 3652 1826 νομίμου.
3693 1754 3794 1806 Καὶ

546 1839 737 1894 uxoris
768 1838 878 1892 alio
913 1837 1020 1894 ﬁne
1050 1853 1215 1908 quam
1251 1839 1588 1916 suscipiendi
1623 1839 1861 1906 liberos,
1891 1848 1988 1895 aut
2017 1856 2117 1895 non

2239 1843 2442 1911 πάλιν,
2484 1847 2616 1899 ὅταν
2664 1846 3052 1918 ὀργιζώμεθα,
3102 1847 3136 1919 ἢ
3195 1847 3503 1917 λυπὼμεθα
3553 1847 3698 1919 παρὰ
3740 1845 3795 1899 τὸ

541 1931 708 2004 415
747 1932 1009 2004 legitimae
1044 1933 1328 2004 conjugis,
1365 1948 1430 1987 ac
1469 1949 1682 1996 rursus,
1735 1949 1860 1989 cum
1902 1941 1999 1988 aut
2032 1934 2117 1990 ira

2239 1937 2383 2000 εἰκός
2405 1953 2418 1966 ·
2460 1931 2592 2002 οἷον,
2627 1939 2771 1993 κατὰ.
2795 1939 2892 1994 τοῦ
2929 1941 3316 2011 ἀτιμάσαντος,
3343 1940 3376 2011 ἢ
3409 1938 3792 2012 ζημιώσαντος.

543 2035 641 2081 aut
667 2027 906 2082 tristitia:
935 2027 1332 2083 indulserimus
1361 2043 1522 2084 secus
1549 2043 1614 2082 ac
1637 2029 1825 2095 decet;
1855 2037 2009 2098 puta,
2035 2028 2117 2083 ad-

2239 2029 2298 2082 Οί
2323 2028 2378 2082 δὲ
2407 2027 2684 2098 δαίμονες,
2716 2024 2830 2084 οἷον
2853 2032 2983 2085 ὅταν
3019 2033 3078 2085 ὲν
3102 2034 3166 2103 τῇ
3213 2030 3448 2102 ἀμελείᾳ
3477 2031 3655 2102 ἡμῶν,
3687 2049 3796 2084 και-

543 2134 741 2174 versus
763 2135 891 2173 eum
921 2119 1015 2189 qui
1046 2119 1253 2189 probro
1284 2119 1612 2184 affecit,.aut
1633 2119 1894 2174 damnum
1922 2119 2117 2174 intulit.

2239 2120 2632 2193 ροσκοποῦντες
2675 2122 3027 2178 ὲπιτίθωνται
3067 2127 3200 2196 ἡμῖν
3247 2124 3403 2192 ἄφνω
3440 2123 3584 2194 μετὰ
3617 2123 3797 2192 πολλῆς

543 2211 830 2267 Βωωοηεε
851 2227 1003 2276 vero,
1028 2220 1089 2266 ut
1110 2227 1236 2266 cum
1261 2212 1424 2267 nobis
1445 2212 1816 2283 negligentius
1841 2215 2117 2284 agentibus

2239 2213 2601 2287 σφοδρότητος
2649 2215 2934 2282 κινοῦντες
2984 2218 3056 2272 τὰ
3103 2217 3488 2288 προειρημένα
3517 2217 3686 2288 πάθη,
3714 2217 3794 2271 καὶ

542 2303 890 2358 occasionem
917 2311 1222 2373 captantes,
1245 2304 1547 2375 derepente
1571 2321 1767 2376 magna
1786 2306 2117 2362 vehementi:

2239 2305 2305 2360 τὰ
2325 2307 2508 2376 ὅμοια.
2542 2307 2608 2360 Ἦ
2634 2307 2691 2363 δὲ
2713 2308 2859 2380 κακὴ
2883 2309 3226 2380 προαίρεσις,
3252 2305 3386 2375 οἷον,
3412 2310 3506 2364 ὅτε
3537 2312 3598 2364 ὲν
3617 2310 3797 2379 γνώσει

541 2407 608 2449 ac
640 2394 849 2464 impetu
884 2395 940 2448 in
974 2410 1077 2450 nos
1107 2394 1444 2462 invaserint,
1475 2397 1776 2460 movendo,
1805 2413 1946 2468 quos
1980 2398 2117 2465 dixi,

2239 2399 2328 2453 τοῦ
2359 2399 2552 2465 καλοῦ,
2586 2401 2774 2456 κακῶν
2811 2401 3222 2474 ἀνθαιρώμεθα.

541 2493 796 2559 affectus,
828 2502 993 2563 atque
1024 2493 1114 2548 his
1146 2492 1377 2550 similes.
1408 2495 1550 2550 Mala
1575 2494 1816 2566 denique
1845 2496 2119 2563 voluntas,
2163 2504 2224 2552 ut
2245 2513 2372 2552 cum
2396 2497 2618 2569 cognito
2637 2498 2784 2568 quod
2807 2499 3103 2554 honestum
3125 2499 3198 2554 sit
3217 2514 3283 2554 ac
3313 2498 3503 2564 ofﬁcii,
3553 2512 3664 2570 pra
3714 2496 3797 2551 illo

541 2591 725 2638 tamen
750 2583 953 2638 malum
979 2583 1255 2654 eligimus.

615 2673 705 2728 54.
741 2671 1054 2738 Laborum,
1094 2687 1236 2742 quos
1275 2671 1500 2728 virtutis
1547 2688 1712 2729 causa
1757 2673 2117 2744 suscipimus,

2303 2674 2398 2730 λδ’.
2454 2675 2655 2731 Μισθοὶ
2712 2677 2822 2731 τῶν
2891 2677 3070 2731 πόνων
3125 2678 3228 2747 τῆς
3285 2678 3527 2750 ἀρετῆς,
3581 2682 3714 2733 εἰσὶν
3764 2679 3797 2750 ἡ

545 2764 789 2832 praemia,
818 2763 1204 2834 imperturbati
1233 2763 1404 2818 animi
1441 2765 1814 2835 tranquillitas
1846 2781 1912 2822 ac
1941 2766 2117 2821 scien-

2239 2766 2468 2822 ἀπάθεια
2496 2767 2590 2821 καὶ
2617 2769 2650 2839 ή
2679 2769 2898 2836 γνῶσις.
2936 2764 3108 2824 Αὖται
3138 2775 3247 2840 γὰρ
3288 2771 3542 2842 πρόξενοι
3570 2772 3798 2840 γίνονται

545 2857 638 2912 tia.
667 2855 762 2912 Hae
804 2856 953 2912 enim
1001 2864 1151 2921 sunt,
1178 2872 1301 2926 quze
1349 2856 1511 2912 nobis
1554 2857 1852 2926 conciliant
1894 2873 2117 2928 regnum

2239 2859 2512 2930 βασιλείας
2543 2861 2790 2932 οὐρανῶν
2813 2877 2828 2894 ’
2860 2863 2938 2926 ὡς
2958 2862 3052 2916 καὶ
3072 2863 3143 2916 τὰ
3173 2864 3318 2933 πάθη
3348 2865 3441 2918 καὶ
3473 2866 3506 2935 ἡ
3542 2866 3796 2932 ἀγνωσία,

542 2949 840 3012 cmlorum;
883 2947 1347 3016 quemadmodum
1387 2947 1554 3001 etiam
1590 2947 1822 3003 affectus
1859 2964 1956 3003 seu
1997 2965 2117 3019 per-

2239 2951 2510 3016 κολάσεως
2533 2953 2774 3008 αἰωνίου.
2823 2954 2884 3007 Ὀ
2916 2950 3010 3008 οὖν
3045 2955 3275 3019 τούτους
3304 2955 3382 3027 [in
3414 2973 3520 3010 uno
3547 2955 3673 3027 Reg.
3700 2975 3795 3011 ιιι.

2232 3044 2462 3117 ταύτας]
2513 3045 2603 3100 διὰ
2651 3045 2810 3110 δόξαν
2855 3045 3162 3118 ἀνθρώπων
3211 3049 3431 3120 ζητῶν,
3476 3053 3574 3104 καὶ
3616 3051 3692 3120 μὴ
3737 3050 3798 3103 δι’

540 3131 646 3198 Qui
674 3130 843 3202 igitur
866 3130 1121 3186 humane
1149 3131 1340 3200 gloria:
1368 3145 1553 3196 causa,
1578 3132 1666 3186 vel
1692 3133 1826 3196 alio,
1849 3148 2012 3203 quam
2047 3132 2117 3188 rei

2239 3139 2362 3192 ιύτὸ
2386 3138 2449 3191 τὸ
2475 3137 2672 3204 καλὸν,
2717 3139 2908 3194 ἀκούει
2945 3141 3097 3212 παρὰ
3123 3143 3224 3210 τῆς
3253 3142 3484 3214 Γραφῆς
3506 3159 3522 3174 ⁶
3554 3143 3798 3208 Αἰτεῖτε,

2301 1287 2406 1357 λγ’.
2449 1287 2590 1360 Τρία
2617 1288 2674 1344 δὲ
2699 1289 2861 1346 πάλιν
2904 1290 3014 1346 εἰσὶ
3043 1291 3114 1347 τὰ
3149 1290 3404 1347 κινοῦντα
3440 1295 3589 1365 ἡμᾶς
3623 1293 3705 1346 ἐπὶ
3726 1294 3781 1346 τὰ

540 3224 718 3293 ipsius
746 3222 1084 3286 honestatis,
1115 3223 1223 3277 ﬁne
1241 3263 1256 3287 ,
1283 3223 1400 3278 haec
1430 3224 1630 3294 quaerit
1659 3239 1725 3279 ac
1752 3233 2124 3290 consectatur,

539 3316 642 3370 abs
665 3315 952 3385 Scriptura
974 3315 1130 3369 audit
1153 3333 1166 3369 :
1189 3314 1399 3381 Petilia,
1423 3325 1470 3369 et
1495 3333 1601 3371 non
1628 3316 1883 3387 accipitis,
1906 3333 1964 3371 eo
1987 3318 2128 3388 quod

541 3405 683 3461 male
710 3408 904 3476 petatis
925 3406 992 3460 “.

611 3497 702 3553 35’.
732 3497 900 3551 Multa
939 3504 1090 3560 sunt,
1121 3510 1337 3561 eorum,
1367 3511 1490 3565 quae
1527 3496 1768 3552 humano
1804 3498 1990 3554 studio
2027 3515 2124 3570 ge-

541 3600 761 3655 runtur,
792 3598 989 3644 natura
1019 3605 1120 3643 sua
1148 3589 1291 3644 bona
1319 3599 1486 3659 atque
1515 3590 1768 3657 honesta,
1797 3592 1912 3662 ipsa
1942 3600 2123 3648 tamen

542 3697 737 3738 rursus
762 3682 948 3751 aliqua
975 3697 1043 3735 ex
1071 3697 1236 3736 causa
1267 3697 1378 3736 non
1408 3682 1550 3737 bona
1579 3699 1643 3739 ac
1697 3685 1958 3752 honesta;
1993 3695 2121 3756 puta

536 3775 808 3845 jejunium
831 3782 888 3828 et
906 3773 1128 3844 vigilite,
1151 3773 1329 3828 oratio
1351 3783 1408 3829 et
1429 3775 1754 3845 psalmodia,
1775 3778 2123 3850 eleemosyna

540 3875 598 3921 et
621 3867 987 3937 hospitalitas,
1011 3882 1178 3936 opera
1211 3875 1341 3921 sunt
1367 3879 1563 3923 natura
1591 3870 1732 3925 bona
1762 3881 1927 3941 atque
1953 3872 2122 3927 hone-

541 3968 654 4023 sta;
684 3957 802 4028 ipsa
835 3966 1016 4012 tamen
1051 3973 1163 4012 non
1193 3958 1428 4027 amplius
1455 3959 1598 4014 bona
1623 3976 1689 4016 ac
1715 3961 1967 4027 honesta,
1995 3978 2122 4017 cum

541 4049 722 4104 inanis
747 4049 934 4119 glorize
963 4049 1145 4103 studio
1174 4049 1324 4105 ﬁant.

610 4139 697 4194 '56.
732 4138 1010 4202 Omnium,
1045 4155 1165 4208 qua:
1209 4154 1240 4193 a
1279 4140 1438 4196 nobis
1476 4151 1735 4211 aguntur,
1770 4143 1916 4197 Deus
1955 4141 2118 4197 ﬁnem

537 4233 754 4301 quaerit,
781 4232 896 4287 sive
933 4241 1162 4302 propter
1201 4232 1404 4303 ipsum,
1432 4234 1549 4290 sive
1589 4237 1660 4292 ob
1695 4237 1858 4290 aliam
1896 4250 2116 4290 causam

535 4325 772 4394 agimus.

606 4416 694 4471 57.
719 4415 856 4472 Cum
885 4417 1131 4473 audieris
1161 4434 1228 4472 ex
1255 4417 1541 4487 Scriptura
1576 4437 1588 4471 :
1621 4417 1886 4483 Quoniam
1918 4427 1973 4471 tu
2002 4420 2105 4472 red.

537 4507 626 4560 des
656 4509 936 4578 unicuique
965 4509 1256 4562 secundum
1282 4525 1445 4580 opera
1473 4527 1570 4563 sua
1595 4510 1672 4574 ‘9;
1705 4524 1834 4563 cave
1871 4508 1943 4563 ita
1973 4509 2120 4562 acci-

536 4599 677 4667 pias,
705 4607 766 4653 ut
795 4600 1097 4654 secundum
1131 4617 1215 4666 ca,
1247 4617 1370 4669 quae
1401 4616 1510 4655 non
1543 4611 1695 4655 recto
1721 4609 1960 4671 aguntur
1990 4601 2117 4668 ﬁne,

536 4690 704 4743 etiam
735 4689 780 4743 si
806 4689 948 4744 bona
977 4690 1270 4744 videantur
1298 4705 1363 4744 ac
1398 4689 1649 4753 honesta,
1678 4690 1823 4744 Deus
1854 4689 1998 4744 bona
2028 4706 2118 4744 re-

537 4779 773 4842 tribuat;
817 4778 910 4831 sed
953 4778 1255 4834 secundum
1295 4794 1360 4833 ea
1402 4778 1612 4847 utique,
1639 4794 1760 4848 qua":
1791 4779 1929 4833 ﬁunt
1960 4787 2110 4834 recto

536 4869 663 4925 ﬁne.
708 4869 804 4924 Dei
852 4871 997 4924 enim
1034 4871 1304 4942 judicium
1351 4885 1462 4925 non
1514 4870 1629 4939 ipsa
1679 4870 1943 4935 attendit,
1987 4886 2109 4940 quae

533 4961 691 5024 ﬁunt,
715 4961 813 5017 sed
842 4978 1033 5017 eorum
1058 4963 1220 5018 finem
1248 4979 1312 5018 ac
1338 4963 1701 5032 propositum.

601 5053 690 5108 58.
730 5053 1014 5124 Superbiae
1059 5055 1304 5119 daemon,
1343 5053 1548 5123 duplici
1592 5053 1854 5124 praeditus
1898 5053 2107 5109 malitia

531 5155 618 5198 cst
645 5162 659 5198 :
687 5155 784 5199 aut
806 5146 952 5200 enim
981 5146 1254 5200 monacho
1285 5154 1481 5199 auctor
1504 5154 1608 5210 est,
1638 5153 1699 5199 ut
1726 5145 1829 5199 sibi
1860 5146 1976 5214 ipse
2000 5145 2114 5198 vir-

537 5235 670 5290 tutis
695 5252 861 5306 opera
891 5238 1152 5301 ascribat,
1213 5252 1326 5290 non
1361 5244 1542 5290 autem
1568 5237 1700 5300 Deo,
1732 5237 1825 5305 qui
1856 5245 1914 5291 et
1938 5236 2112 5292 bono-

533 5342 655 5378 rum
696 5327 925 5398 largitor
961 5338 1073 5393 est,
1109 5336 1165 5383 et
1198 5327 1266 5382 ad
1306 5328 1615 5398 praestanda
1653 5329 1872 5383 virtutis
1908 5344 2105 5399 opera,

2227 3231 2327 3285 καὶ
2355 3232 2429 3286 οὺ
2455 3230 2791 3301 λαμϐάνετε
2809 3273 2826 3299 ,
2860 3232 3012 3288 διότι
3047 3234 3245 3301 κακῶς
3269 3233 3550 3290 αἰτεῖσθε.

2294 3497 2392 3554 λε’.
2427 3498 2553 3552 Εἰσὶ
2598 3497 2770 3554 πολλά
2799 3517 2924 3554 τινα
2955 3499 3118 3568 φύσει
3151 3501 3291 3554 καλα
3321 3501 3424 3556 ὑπὸ
3458 3501 3572 3556 τῶν
3599 3501 3799 3575 ἀνθρὼ-

2228 3606 2344 3644 πων
2371 3590 2657 3662 γινόμενα,
2703 3591 2820 3646 ἀλλ’
2851 3592 2914 3645 οὐ
2947 3592 3090 3649 καλὰ
3117 3593 3282 3647 πάλιν
3310 3593 3401 3648 διά
3433 3611 3560 3648 τινα
3585 3596 3796 3650 αἰτίαν

2223 3677 2358 3748 οἷον,
2403 3683 2627 3754 νηστεία
2673 3685 2768 3738 καὶ
2827 3685 3123 3755 ἀγρυπνία,
3166 3688 3442 3758 προσευχὴ
3487 3687 3584 3741 καὶ
3629 3689 3780 3759 ψιλμ

2223 3774 2393 3845 ῳδία,
2422 3775 2759 3849 ἐλεημοσύνη
2791 3778 2886 3832 καὶ
2921 3776 3213 3848 ξενοδοχία,
3264 3778 3422 3848 φύσει
3471 3779 3619 3832 καλὰ
3675 3781 3800 3851 ἔργα

2223 3868 2396 3922 εἰσίνο
2453 3869 2571 3926 ἀλλ’
2623 3871 2753 3926 ὅταν
2803 3871 2892 3926 διὰ
2924 3871 3232 3937 κενοδοξίαν
3257 3871 3520 3942 γίνωνται
3540 3910 3557 3936 ,
3593 3873 3704 3927 οὐκ
3730 3874 3801 3925 ἔτι

2223 3961 2387 4017 καλά.

2291 4139 2402 4206 λς’.
2449 4139 2676 4194 Πάντων
2722 4137 2832 4193 τῶν
2883 4140 3274 4210 πραττομένων
3329 4139 3418 4204 ὑφ’
3481 4140 3650 4210 ἡμῶν
3719 4142 3798 4194 τὴν

2223 4231 2429 4286 σκοπὸν
2458 4232 2614 4302 ξητεί
2641 4233 2670 4284 ὁ
2693 4231 2826 4295 Θεός
2846 4248 2860 4263 ο
2889 4232 3001 4284 εἴτε
3025 4231 3092 4284 δι’
3125 4231 3289 4285 αὐτὸν
3316 4231 3672 4303 «pirum
3698 4234 3800 4287 dt:

2152 4341 2196 4397 ι)
2219 4324 2286 4377 δι’
2325 4324 2494 4395 ἄλλην
2529 4325 2730 4378 αἰτίαν.

2290 4417 2387 4480 λζ’.
2425 4417 2538 4483 (17)
2572 4417 2743 4469 Ὅταν
2797 4415 3043 4488 ἀκούσῃς
3080 4417 3177 4488 τῆς
3223 4417 3444 4488 Γραφῆς

2220 4508 2350 4562 Ὀτι
2371 4507 2453 4561 σὺ
2483 4508 2820 4575 ἀποδώσεις
2841 4509 3077 4576 ἑκάστῳ
3103 4507 3253 4562 κατὰ
3289 4512 3362 4563 τὰ
3389 4511 3536 4579 ἔργα
3571 4512 3794 4565 αὑτοῦ·

2215 4600 2275 4652 οὐ
2319 4598 2388 4652 τὰ
2429 4601 2583 4670 παρὰ
2614 4600 2706 4652 τὸν
2739 4599 2902 4670 ὀρθὸν
2933 4601 3140 4654 σκοπὸν
3171 4601 3521 4671 πραττόμενα
3545 4641 3563 4667 ,
3613 4605 3669 4655 εἰ
3715 4606 3798 4656 καὶ

2215 4692 2365 4746 δοκεῖ
2409 4691 2554 4748 καλὰ
2585 4688 2746 4759 εἶναι,
2773 4695 2802 4748 ὁ
2828 4695 2961 4760 Θεὸς
2990 4695 3131 4749 καλὰ
3162 4695 3487 4749 ἀποδίδωσιν
3505 4710 3522 4725 ·
3561 4695 3710 4750 ἀλλὰ
3739 4696 3795 4750 τὰ

2219 4784 2362 4838 κατὰ
2390 4784 2479 4839 τὸν
2525 4785 2685 4855 ὀρθὸν
2727 4786 2990 4858 δηλονότι.
3039 4789 3116 4841 Οὑ
3153 4787 3261 4860 γὰρ
3289 4790 3370 4852 εἰς
3400 4787 3470 4842 τὰ
3510 4790 3791 4859 γινόμενα.

2215 4876 2334 4930 ἀλλ’
2359 4879 2440 4941 εἰς
2479 4878 2572 4931 τὸν
2599 4880 2800 4934 σκοπὸν
2824 4879 2934 4933 τῶν
2963 4882 3285 4951 γινομένων,
3315 4882 3347 4951 ή
3378 4880 3471 4935 τοῦ
3509 4881 3655 4935 Θεοῦ
3683 4882 3790 4953 κρε-

2216 4981 2302 5030 σις
2337 4967 2530 5038 ἐφορᾷ.

2284 5057 2387 5129 λη’.
2431 5059 2488 5112 Ὀ
2511 5058 2612 5129 τῆς
2640 5058 3022 5130 ὑπερηφανίας
3047 5058 3276 5129 δαίμων,
3306 5059 3500 5128 διπλῆν
3544 5060 3667 5130 ἔχει

2217 5151 2484 5222 πονηρίαν
2507 5167 2521 5181 ο
2551 5151 2584 5222 ἢ
2621 5151 2730 5223 γὰρ
2760 5151 2938 5222 ἑαυτῷ
2967 5151 3251 5206 ἀναπείθει
3278 5153 3371 5205 τὸν
3405 5153 3644 5223 μοναχὸν
3683 5156 3790 5208 tm.

2216 5240 2463 5310 γράφειν,
2479 5238 2546 5293 τὰ
2585 5237 3007 5310 κατορθώματα,
3035 5240 3130 5292 καὶ
3154 5239 3276 5310 οὐχὶ
3305 5237 3383 5308 τῷ
3419 5237 3561 5309 Θεῷ,
3588 5238 3677 5309 τῷ
3707 5238 3787 5292 καὶ

2215 5330 2437 5403 χορηγῷ
2487 5331 2598 5384 τῶν
2642 5330 2825 5384 καλῶν
2850 5370 2866 5393 ,
2905 5330 2998 5384 καὶ
3035 5329 3219 5401 βοηθῷ
3244 5328 3380 5400 πρὸς
3414 5328 3785 5400 κατόρθωσιν

531 5415 778 5486 adjutor;
826 5429 949 5481 aut,
986 5419 1092 5474 nisi
1137 5419 1410 5489 paruerit,
1445 5418 1881 5489 imperfectiores
1923 5419 2106 5476 adhuc

2239 5429 2245 5494 ᾗ
2278 5421 2452 5492 τούτῳ
2479 5421 2556 5493 μὴ
2592 5423 2914 5493 πειθόμενον
2937 5460 2953 5486 ,
2983 5423 3109 5483 τοὺς
3138 5421 3218 5474 ἔτι
3263 5420 3656 5492 ἀτελεστέρους
3687 5416 3785 5470 τῶν

532 5508 763 5564 fratrum
803 5511 1240 5567 contemnendos
1277 5510 1540 5581 suggerit.
1594 5511 1811 5582 Ignorat
1842 5527 1977 5567 vero
2009 5512 2105 5582 qui

2239 5512 2456 5583 ιδελφῶν
2495 5513 2610 5584 (ιι)
2645 5513 2937 5568 ὑποϐάλλει
2981 5512 3306 5578 ὲξουθενεῖν.
3359 5510 3570 5577 ’Δγνοσῖ
3604 5507 3670 5562 δι
3702 5511 3783 5562 καὶ

601 5663 646 5697 δ’
682 5665 874 5721 Matth.
911 5683 1007 5734 vn,
1044 5667 1132 5721 12.
1209 5667 1254 5698 ⁸³
1281 5667 1396 5723 Jac.
1426 5683 1499 5732 iv,
1527 5667 1580 5723 5.
1660 5668 1704 5701 ⁶’
1732 5669 1894 5723 Rom.
1921 5683 1979 5733 ιι,
2009 5667 2043 5722 6

604 5799 684 5872 (ιι)
719 5800 840 5859 Τῶν
882 5801 1183 5874 ἀδελφῶν.
1240 5802 1560 5873 Simplicior
1619 5802 1755 5858 mihi
1808 5803 1928 5858 visa
1976 5800 2095 5856 haec
2131 5800 2298 5857 lcetio
2344 5816 2408 5856 ac
2429 5800 2648 5867 verior,
2706 5815 2829 5872 quae
2869 5800 2986 5870 ipsa
3044 5799 3212 5855 unius
3255 5797 3377 5854 cod.
3431 5794 3585 5867 Regii
3658 5802 3772 5858 est;
