4048 6444
223 385 320 448 997

1133 392 1468 454 CAPITUM
1508 389 1606 450 DE
1642 384 2074 448 CHARITATE
2106 387 2495 450 CENTURIA
2534 386 2640 449 II.‘

3382 384 3487 449 998

222 500 393 560 οὓτως
441 500 474 553 ὀ
516 498 946 571 ὲνσργούμενος,
977 503 1060 557 ὅτι
1108 502 1208 574 τὴν
1241 500 1335 557 τοῦ
1376 500 1514 554 Θεοῦ
1552 498 1804 570 βοήθειαν

1920 498 1987 552 sic
2014 497 2259 563 alllatur,
2289 498 2395 553 lioc
2425 498 2579 552 illum
2606 510 2797 567 agere,
2828 504 2889 549 ut
2915 492 3144 549 suadeat
3165 502 3366 564 negare
3390 494 3485 549 Dei

228 588 519 642 ἀναπείθει
573 590 735 644 αὐτὸν
767 594 1149 664 ἀπαρνεῖσθαι.
1204 595 1266 647 Ei
1300 594 1408 663 γὰρ
1442 591 1687 653 ἐκείνους
1727 590 1805 652 ὡς

225 676 298 746 μὴ
331 676 664 746 δυνηθέντας
720 684 1064 753 κατορθῶσαι
1092 682 1377 749 ὲξουθενεῖ,
1402 682 1594 737 ἑαυτὸν
1620 680 1806 750 δηλον-

219 766 303 820 ότι
350 768 431 833 ὡς
482 770 541 836 ἐξ
601 771 738 836 ιδίας
780 773 1062 846 δυνάμεως
1104 774 1528 847 κατορθώσαντα
1570 774 1806 839 εἰσάγει.

226 859 410 932 Ὅπερ
432 862 553 915 ἐστὶ
584 863 895 935 ἀμήχανον,
931 868 1025 921 τοῦ
1057 869 1267 937 Κυρίου
1304 867 1545 927 εἰπόντος
1570 882 1584 895 ο
1621 863 1807 930 Χωρὶς

220 947 369 1016 ἐμοῦ
398 950 473 1003 οὺ
495 949 761 1006 δύνασθε
786 954 983 1008 ποιεῖν
1002 954 1203 1009 οὐδέν.
1241 954 1458 1024 Ἐπειδὴ
1489 955 1523 1024 ﬁ
1557 952 1805 1024 ἡμετέρα

221 1040 485 1095 ἀσθένεια
541 1044 837 1115 κινουμένη
892 1046 987 1100 ἐπὶ
1046 1045 1116 1100 τὰ
1161 1047 1305 1101 καλὰ
1348 1050 1457 1115 (υ),
1515 1046 1645 1100 ἄνευ
1709 1043 1805 1098 τοῦ

222 1133 466 1205 χορηγοῦ
495 1134 607 1189 τῶν
634 1135 818 1191 καλῶν
858 1138 938 1202 είς
964 1137 1119 1204 τέλος
1152 1137 1307 1208 ἄγειν
1333 1138 1395 1192 οὐ
1423 1137 1666 1192 δύναται.

293 1329 401 1385 λον.
466 1329 528 1385 '0
577 1330 838 1400 ἐγνωκὼς
890 1332 991 1405 τῆς
1041 1333 1389 1407 ἀνθρωπίνης
1435 1332 1653 1403 φύσεως
1706 1332 1806 1406 τὴν

221 1419 533 1486 ἀσθένειαν,
567 1414 720 1485 οὗτος
753 1421 946 1493 εῑληφε
971 1426 1169 1496 πεῖραν
1198 1427 1300 1496 τῆς
1324 1424 1475 1488 θείας
1501 1424 1804 1494 δυνάμεωςο

222 1512 323 1567 καὶ
348 1515 380 1567 ὁ
411 1511 653 1578 τοιοῦτος
677 1515 747 1569 δι’
775 1515 951 1587 αὐτῆς
976 1517 1047 1571 τὰ
1080 1515 1182 1587 μὲν
1206 1514 1560 1588 κατορθώσας
1583 1531 1599 1548 ⁶
1631 1514 1702 1570 τὰ
1742 1515 1803 1569 δὲ

226 1604 481 1660 σπεύδων
530 1605 918 1679 κατορθῶσαι,
965 1609 1067 1663 οὐκ
1129 1608 1402 1676 ἑξουθενεί
1427 1625 1560 1663 ποτε
1616 1607 1808 1662 οὐδένα

222 1697 555 1767 ἀνθρώπων.
591 1694 713 1752 Οῐδε
757 1700 868 1771 γὰρ
891 1741 908 1767 ,
947 1700 1030 1754 ὅτι
1058 1699 1267 1771 ,ὥσπερ
1313 1699 1461 1771 αὐτῷ
1514 1700 1804 1772 ἐϐοήθησε,

226 1788 327 1842 καὶ
358 1789 574 1842 πολλῶν
602 1789 793 1844 παθῶν
822 1792 918 1845 καὶ
948 1793 1203 1862 χαλεπῶν
1234 1792 1632 1863 ἠλευθέρωσεν,
1658 1790 1804 1846 οὕτω

224 1882 459 1946 δυνατός
497 1885 614 1937 ἐστι
647 1884 742 1937 καὶ
776 1887 910 1938 πᾶσι
939 1884 1206 1956 βοηθῆσαι
1226 1887 1317 1939 ὅτε
1353 1885 1535 1939 θέλει·
1570 1886 1667 1938 καὶ
1696 1884 1804 1954 μά-

225 1975 394 2031 λιστα
435 1979 549 2039 τοῖς
575 1976 643 2030 δι’
679 1977 842 2032 αὐτὸν
873 1978 1301 2049 ἀγωνιζομένοις
1329 1994 1344 2009 ·
1395 1979 1443 2030 εἰ
1479 1981 1574 2032 καὶ
1604 1975 1809 2048 κρίμα-

227 2068 321 2122 σίν
341 2085 507 2134 τισιν,
539 2068 629 2139 ὑφ’
654 2069 715 2122 ἐν
745 2069 953 2133 πάντας
973 2068 1084 2123 τῶν
1113 2068 1302 2123 παθῶν
1326 2069 1427 2123 οὐκ
1456 2068 1808 2122 ἀπαλλάττει·

226 2161 349 2216 ἀλλ’
404 2162 558 2225 ίδίοις
607 2165 822 2234 καιροῖς
845 2203 861 2227 ,
907 2161 984 2225 ὡς
1036 2161 1241 2229 ἀγαθὸς
1286 2162 1382 2215 καὶ
1427 2160 1813 2232 φιλάνθρωπος

229 2254 443 2327 ἰατρὸς,
470 2256 701 2310 ἕκαστον
727 2254 836 2309 τῶν
865 2254 1208 2310 σπευδόντων
1239 2256 1405 2309 ἰᾶται.

302 2436 379 2501 μ’.
432 2430 557 2484 Ἐπὶ
599 2432 665 2502 τῇ
700 2430 827 2484 οτῶν
870 2430 1064 2485 παθῶν
1110 2430 1515 2501 ἀνενεργησία,
1555 2434 1589 2501 ἡ
1643 2430 1811 2501 ὑπερ-

227 2524 447 2597 ηφανία
496 2522 919 2595 ὲπισυμϐαίνει,
976 2523 1011 2595 ἢ
1061 2523 1172 2578 τῶν
1220 2524 1410 2579 αίτιῶν
1463 2524 1812 2595 ἀποκρυπτο-

231 2618 443 2687 μένων,
480 2618 512 2689 ῆ
548 2618 660 2671 τῶν
693 2617 968 2687 δαιμόνων
997 2615 1228 2689 δολερῶς
1277 2616 1443 2689 [edit
1469 2600 1811 2688 δολουργῶς]

232 2703 695 2775 ὑποχωρούντων.

303 2802 429 2865 μα’.
462 2796 621 2849 Πᾶσα
650 2794 838 2866 σχεδὸν
868 2794 1113 2866 ἁμαρτία
1138 2834 1153 2858 ,
1184 2794 1274 2849 διὰ
1321 2795 1519 2867 ἡδονὴν
1555 2795 1764 2865 γίνεται
1795 2813 1809 2828 ⁸

228 2890 328 2944 καὶ
362 2890 399 2960 ὴ
422 2886 630 2958 ταύτης
650 2886 951 2959 ἀναίρεσις,
976 2886 1064 2941 διὰ
1087 2886 1468 2951 κακοπαθείας
1496 2887 1593 2941 καὶ
1615 2887 1811 2959 λύπης,

223 2982 256 3053 ἢ
292 2981 555 3036 ἑκουσίου
587 2979 620 3050 ἢ
665 2980 924 3034 ἀκουσίου
952 2979 1031 3051 (x)
1061 3020 1076 3047 ,
1114 2979 1205 3034 διὰ
1238 2981 1554 3049 μετανοίας,
1601 2981 1634 3051 ἢ
1672 2982 1816 3033 οίκο-

223 3073 473 3145 νομικῆς
502 3073 769 3141 ἐπιφορᾶς
804 3070 955 3144 [edit.
988 3069 1270 3143 περιφορ.]
1300 3070 1387 3124 διὰ
1413 3071 1514 3141 τῆς
1557 3072 1816 3143 προνοίας

1908 586 2190 641 auxilium.
2215 586 2272 642 Si
2295 587 2445 642 enim
2468 603 2564 641 eos
2587 586 2911 646 contemnit,
2934 583 3086 638 velut
3106 582 3201 652 qui
3226 583 3488 638 virtutem

1906 687 2167 747 prazstarc
2195 680 2566 749 nequiverint,
2595 678 2821 733 omnino
2847 677 3088 746 seipsum
3117 676 3348 738 inducit,
3372 683 3490 729 tan-

1905 786 2069 840 quam
2112 772 2208 841 qui
2256 771 2479 841 propria
2530 770 2647 841 ipse
2696 770 2901 824 virtute
2945 767 3284 837 praestiterit.
3331 766 3487 833 Quod

1906 862 2067 931 plane
2105 862 2443 931 impossibile
2476 869 2588 925 est,
2613 859 2779 932 416
2806 858 3024 913 dicente
3054 857 3287 912 Domino
3319 874 3332 909 :
3361 854 3489 910 Sine

1907 970 1989 1006 me
2015 953 2147 1007 nihil
2172 955 2385 1025 potestis
2415 955 2587 1024 facere
2606 954 2676 1006 ⁸ο.
2704 953 2781 1006 Ea
2808 951 2956 1006 enim
2983 956 3171 1005 nostra
3200 948 3489 1003 inﬁrmitas

1904 1053 2009 1111 est,
2038 1055 2101 1101 ut
2140 1046 2196 1100 in
2234 1062 2299 1101 ea
2341 1045 2563 1101 incitata
2604 1062 2727 1115 qua:
2766 1042 2929 1098 oﬁicii
2970 1049 3100 1096 sunt
3138 1050 3195 1096 et
3233 1040 3485 1103 honesta,

1905 1135 2012 1190 nisi
2042 1136 2155 1191 Deo
2183 1150 2377 1192 eorum
2412 1136 2701 1207 largitore,
2732 1135 2789 1189 in
2831 1134 2996 1187 ﬁnem
3033 1131 3341 1202 perducere
3376 1145 3491 1187 non

1905 1226 2101 1297 possit.

1974 1339 2065 1395 39.
2096 1338 2199 1396 Cui
2228 1340 2513 1411 explorata
2544 1339 2799 1394 humanae
2826 1346 3038 1394 natura:
3063 1338 3357 1394 inﬁrmitas
3381 1347 3492 1403 est,

1906 1429 1956 1485 is
1983 1430 2184 1487 divinae
2205 1433 2432 1488 virtutis
2466 1432 2771 1504 perieulum
2810 1430 2972 1497 fecit;
3012 1431 3172 1503 cujus
3204 1447 3331 1503 ope,
3363 1446 3493 1487 cum

1904 1523 2012 1578 alia
2062 1524 2285 1594 quidem
2336 1526 2604 1597 gesserit,
2651 1523 2979 1593 studeatque
3029 1522 3137 1579 alia
3183 1538 3377 1595 gerere
3426 1536 3495 1578 ac

1904 1623 2169 1683 prastare
2221 1616 2436 1671 nullum
2494 1631 2735 1685 unquam
2790 1614 3107 1669 mortalium
3164 1613 3490 1670 contemnit.

1903 1704 2069 1760 Novit
2095 1706 2243 1761 enim
2270 1708 2735 1777 quemadmodum
2767 1707 2844 1762 illi
2874 1708 3023 1763 Deus
3052 1706 3351 1762 auxiliatus
3382 1712 3493 1768 est,

1909 1806 1967 1850 et
2015 1812 2048 1851 a
2102 1798 2292 1854 multis
2348 1799 2718 1870 gravibusque
2774 1798 3067 1854 aﬁ'ectibus
3122 1807 3290 1867 atque
3338 1795 3492 1851 vitiis

1911 1889 2090 1959 ipsum
2126 1890 2403 1957 liberavit,
2434 1892 2514 1946 sic
2552 1906 2712 1962 posse
2754 1891 2970 1947 cunctis
3008 1891 3175 1945 etiam
3214 1887 3488 1953 auxiliari,

1909 1996 2036 2036 cum
2076 1982 2237 2049 velit,
2271 1983 2340 2038 iis
2376 1984 2645 2049 maxime,
2688 1984 2782 2054 qui
2818 1986 2940 2055 ejus
2974 1998 3141 2039 causa
3176 1982 3487 2045 decertant;

1910 2074 2126 2128 tametsi
2170 2076 2337 2130 certis
2375 2076 2704 2146 quibusdam
2744 2075 2998 2147 judiciis,
3036 2090 3145 2129 non
3188 2088 3382 2128 omnes
3421 2069 3495 2124 ad

1910 2182 2104 2231 unum,
2131 2167 2200 2222 ab
2227 2168 2516 2223 aﬁ'ectibus
2552 2176 2716 2238 atque
2753 2168 2903 2223 vitiis
2944 2167 3145 2222 liberet
3182 2183 3196 2219 :
3238 2164 3334 2219 sed
3376 2162 3499 2218 suis

1911 2259 2275 2329 temporibus,
2298 2267 2359 2313 ut
2381 2259 2654 2330 benignus
2678 2274 2743 2317 ac
2766 2257 3198 2313 humanissimus
3219 2254 3490 2317 medicus,

1911 2366 2362 2421 unumquemque
2389 2352 2495 2406 hoc
2522 2352 2704 2422 ipsum
2732 2359 3073 2422 satagentem
3103 2354 3281 2404 sanet.

1981 2441 2071 2495 40.
2101 2441 2393 2511 Tantisper
2418 2442 2623 2496 sedatis
2651 2458 2716 2497 ac
2744 2443 2896 2497 velut
2933 2440 3238 2496 otiantibus
3277 2437 3485 2493 allecti-

1912 2530 2037 2597 bus,
2063 2533 2150 2587 vel
2177 2533 2361 2587 causis
2391 2534 2714 2599 latentibus,
2743 2535 2827 2588 vel
2853 2532 3197 2588 daemonibus
3219 2545 3279 2586 se
3300 2527 3498 2584 fraude

1912 2623 2151 2694 doloque
2178 2626 2637 2693 subducentibus,
2666 2625 2927 2696 superbia
2957 2622 3298 2695 supervenit.

1983 2802 2073 2859 41.
2100 2800 2274 2859 Omne
2305 2804 2479 2860 ferme
2507 2815 2793 2875 peccatum
2825 2806 2896 2861 ob
2919 2804 3256 2875 voluptatem
3278 2816 3344 2857 ac
3369 2799 3497 2855 libi-

1913 2896 2061 2951 dinis
2088 2912 2250 2952 causa
2279 2898 2646 2953 committitur
2691 2916 2704 2951 :
2751 2899 2961 2953 tollitur
2991 2912 3123 2953 vero
3160 2912 3260 2966 per
3289 2891 3497 2949 laboris

1914 2989 2325 3045 aﬁlictationem
2364 2999 2422 3044 et
2457 2992 2735 3057 dolorem,
2759 2992 2846 3045 vel
2887 2998 3081 3060 Sponte
3120 2996 3498 3058 assumptum,

1914 3077 2002 3131 vel
2053 3077 2241 3131 invitis
2291 3078 2538 3143 illatum,
2586 3096 2685 3149 per
2730 3080 3147 3149 pmnitentiam,
3193 3086 3288 3132 aut
3331 3083 3498 3132 certa:

222 3164 619 3235 ὲπαγομένηςθ
664 3165 738 3218 Ei
776 3164 886 3235 γὰρ
934 3162 1189 3228 ἑαυτοὺς
1225 3162 1579 3230 dupla-oper,
1629 3162 1811 3231 φησὶν,

1920 3167 2344 3238 dispensationis
2372 3169 2577 3224 illatam
2607 3170 2703 3225 Dei
2735 3169 3085 3240 providentia
3123 3169 3391 3223 ultionem
3431 3180 3499 3221 ac

221 3259 344 3313 οὐκ
394 3255 473 3313 ἂν
496 3256 881 3326 ἐκρινόμεθα·
924 3254 1264 3324 κρινόμενοι
1309 3252 1407 3317 δὲ,
1438 3252 1557 3309 ὑπὸ
1589 3253 1813 3321 Κυρίου

297 3420 353 3452 ⁸⁸
386 3419 545 3475 Joan.
573 3433 665 3485 xv,
695 3417 751 3474 5.

226 3592 368 3632 cum
404 3576 503 3630 alii
541 3576 937 3657 qu‘o,_ipseque
957 3572 1113 3657 Dgl'r.
1132 3570 1375 3625 habeant
1401 3570 1670 3653 μοναχῶν;
1684 3569 1818 3657 Είιίέ

228 3657 311 3714 ta,
375 3647 620 3715 μοναχῶν
671 3642 940 3715 ἀδελφῶν.
998 3644 1193 3698 Putem
1224 3657 1419 3695 vocem
1458 3642 1817 3715 povaxdiv,_e

227 3710 830 3798 margine'irrepsissé
857 3716 912 3770 in
950 3722 1196 3798 textum;
1246 3710 1476 3798 tumque
1512 3711 1656 3798 alios
1685 3710 1817 3798 subf

229 3781 510 3852 movisse,
531 3781 674 3841 alios
697 3788 869 3840 solam
901 3782 1219 3847 retinuisse,
1237 3796 1361 3837 cum
1394 3781 1475 3835 sic
1503 3782 1677 3835 amba:
1706 3796 1816 3835 non

228 3859 382 3914 satis
415 3874 485 3912 ex
514 3871 617 3911 usu
641 3866 697 3911 et
716 3856 903 3927 phrasi
930 3853 1149 3909 Maximi
1170 3852 1516 3917 viderentur,
1535 3852 1817 3921 alteraque

225 3936 488 3984 vacaret.

313 3996 752 4072 (υ)Κινουμένη
794 3995 892 4051 ἐπὶ
930 3994 1003 4049 τὰ
1035 3992 1358 4072 καλάηΝοη
1415 3990 1489 4072 ita
1540 3991 1823 4072 accipien-

233 4060 406 4133 duin,
445 4060 612 4138 quasi
654 4060 772 4137 ipsa
828 4083 857 4121 a
889 4082 948 4120 se
995 4072 1184 4119 nostra
1226 4062 1521 4117 inﬁrmitas
1580 4060 1823 4185 gulirma

235 4141 474 4185 ςρίιὶηρι
503 4137 782 4185 νοιιιιιιιιςὶ
812 4143 1099 4185 moveatur
1127 4142 1184 4185 et
1210 4133 1473 4185 incitetur
1499 4131 1566 4185 ad
1628 4148 1821 4185 onum.

235 4131 480 4197 sciliCet
503 4131 782 4209 volunias)
812 4143 1099 4209 moveatur
1127 4142 1187 4209 et_
1210 4131 1577 4209 inciteturad
1591 4131 1821 4209 bonum,

232 4212 308 4266 ad
365 4209 513 4279 quod
562 4202 1128 4279 tamen'implendum
1175 4203 1421 4272 indigeat
1484 4202 1822 4279 Dei_gratia.

233 4272 549 4337 Haec-enim
582 4272 883 4334 mitiorum‘
914 4276 1329 4347 Pelagianorum
1353 4272 1821 4347 _sententia_,_ip_sa

231 4352 378 4407 ﬁdei
409 4349 662 4414 adversa,
696 4366 839 4414 quae,
880 4346 961 4402 uti
1001 4342 1167 4400 ﬁnem
1212 4343 1399 4413 operis
1452 4342 1563 4395 Deo
1601 4342 1820 4414 tribuit,

232 4425 325 4478 sic
354 4430 415 4476 et
468 4412 688 4475 initium
714 4412 876 4474 bonae
917 4412 1263 4476 voluntatis,
1289 4414 1574 4481 ipsamque
1614 4412 1820 4465 bonum

232 4494 613 4549 voluntatem.
648 4491 836 4546 Posuit
860 4502 993 4543 vero
1016 4486 1285 4540 Maximus
1304 4482 1492 4552 potius
1509 4483 1821 4552 exemplum

234 4565 298 4618 in
330 4564 445 4642 ﬁne
474 4563 679 4642 operis,
709 4559 858 4642 quod
882 4559 941 4613 in
970 4573 1038 4639 eo
1060 4551 1412 4635 manifestior
1451 4552 1537 4642 siLt.
1582 4551 1826 4635 necessi-

237 4644 333 4689 tas
387 4622 562 4687 (Ιίνίὶιί
619 4622 836 4695 auxilii,
888 4628 1127 4682 maxime
1185 4625 1239 4677 in
1282 4622 1571 4676 monachis
1599 4623 1826 4695 jamque

234 4701 669 4768 exercentibus,
706 4713 763 4759 et
788 4692 870 4773 (ut
896 4698 1144 4773 loquitur
1169 4692 1688 4773 Manxiniusnoig'dt'
1730 4694 1828 4745 αὑ-

234 4776 339 4828 τὸν
373 4761 817 4845 ἁγωνιζομένοις’.
867 4761 1073 4845 quibus
1100 4781 1211 4820 non
1250 4764 1324 4819 ita
1347 4761 1503 4845 deest
1544 4761 1823 4845 bona.v0-

238 4846 465 4904 luntas,
517 4840 625 4897 aut
646 4841 868 4913 videtur
908 4840 1126 4913 deesse,
1175 4850 1240 4890 ea
1291 4840 1827 4913 ratione,‘qua‘_jam,

236 4902 475 4968 favente
510 4915 643 4975 Deo,
680 4920 831 4967 stant
853 4909 909 4963 in
948 4909 1107 4973 acie;
1154 4915 1216 4959 ut
1256 4920 1381 4975 cum
1434 4903 1613 4975 Paulo,
1642 4902 1828 4957 dicere

236 4986 329 5039 eis
352 4982 684 5047 liceat,Velle
707 4983 834 5036 mihi
857 4981 1091 5051 adjacet,
1102 4977 1193 5031 sed
1206 4974 1835 5051 perﬁcerepon‘invenio,

239 5043 678 5125 Rom.gvn,18.
727 5043 1096 5125 γει-δολιιὶᾑὶ
1159 5043 1354 5125 relata,
1404 5046 1516 5125 τοῖς
1571 5043 1828 5125 διὀαὺτὸν

237 5116 703 5193 ἀγωνιζομένοις,
731 5122 851 5191 ipsa
874 5120 953 5177 sic
996 5120 1180 5188 plana,
1218 5116 1307 5185 qui
1357 5116 1827 5194 proptenipsum,

239 5183 371 5267 ej'us
399 5183 565 5267 causa
593 5201 644 5267 et
665 5183 845 5267 ara-tia
873 5183 1141 5267 certamen
1178 5183 1363 5267 gerunt
1387 5200 1406 5247 ;
1447 5183 1502 5236 id
1526 5191 1827 5267 esttexer-

238 5257 454 5321 centur
474 5264 532 5318 in
553 5257 688 5318 vitae
731 5261 1011 5332 religiosa;
1035 5257 1307 5332 palaestra,
1352 5268 1416 5307 ac
1445 5260 1829 5332 certant;‘non

238 5337 397 5391 bene
436 5335 644 5404 Ubsop.
669 5344 725 5389 et
752 5322 922 5404 Gesn.
976 5322 1082 5404 Qui
1127 5343 1225 5381 sua
1264 5340 1361 5394 ope
1407 5322 1829 5404 annisi,‘ad‘eer-

244 5390 339 5455 ..ις
393 5390 633 5467 carneni,
681 5402 937 5457 mundum
966 5390 1315 5473 eidwmones
1354 5393 1580 5471 assidue
1614 5390 1831 5473 bellige-

248 5480 501 5528 ratum:
551 5475 633 5530 sic
677 5473 840 5542 longa
882 5468 1080 5542 lacinia
1119 5471 1389 5536 augentes
1439 5468 1664 5542 maximi
1707 5470 1829 5542 tex-

250 5548 404 5611 ἓιιῐιι,
442 5552 603 5607 quam
635 5558 742 5598 nec
765 5531 1010 5611 ipsorum
1039 5531 1249 5611 Graeca,
1280 5549 1384 5611 nec
1429 5532 1538 5611 ulla
1582 5532 1691 5585 alia
1730 5531 1830 5611 hat-

252 5600 431 5682 bent;
460 5600 646 5677 'atque
692 5600 831 5682 iuqu
877 5610 945 5663 δι’
979 5609 1164 5672 αὑτὸν,
1216 5604 1534 5682 reddentes,
1565 5618 1694 5682 sua,
1736 5600 1823 5655 vel

252 5679 426 5750 ipsius
476 5693 592 5750 ope!
624 5679 821 5750 annisi,
885 5688 1084 5736 contra
1145 5690 1389 5733 omnem
1420 5679 1532 5728 vim
1578 5679 1729 5726 vocis
1767 5685 1835 5726 ac

264 5746 517 5806 mentem
542 5746 782 5805 Maximi.

304 5818 421 5891 0(3)
453 5819 531 5875 Ἦ
549 5817 837 5875 ἑκουσίου
872 5817 913 5887 ἢ
955 5818 1270 5873 ἀκουσίου.
1331 5814 1469 5871 Male
1512 5812 1721 5882 Obsop.
1773 5818 1832 5866 et

1919 3273 2141 3329 pmnam
2168 3275 2182 3312 :
2207 3257 2265 3313 Si
2293 3259 2453 3326 enim,
2480 3259 2680 3331 inquit,
2698 3262 3037 3331 nosmetipsos
3061 3259 3502 3331 diiudicaremus,

1920 3571 2335 3643 Gesn.iquibus
2383 3573 2557 3628 altera
2593 3586 2701 3625 vox
2762 3570 3200 3637 desideraretur,
3230 3586 3356 3626 cum
3382 3586 3500 3643 ise»-

1922 3642 2117 3713 quenti
2139 3642 2224 3695 ὁιὰ
2262 3643 2568 3711 μετανοίας,
2591 3643 2854 3764 jungunt,
2883 3660 3009 3697 cum
3057 3644 3130 3697 sit
3150 3642 3496 3725 jungendum

1922 3728 2048 3764 cum
2080 3713 2356 3764 superiori
2405 3712 2686 3764 κακοπαθε
2713 3730 2777 3764 ας
2808 3716 2901 3764 καὶ
2932 3715 3128 3764 λύπης-
3160 3713 3239 3764 uti
3261 3714 3496 3764 inﬁnitis

1922 3728 2048 3768 cum
2080 3713 2356 3781 superiori
2405 3712 2777 3775 κακοπαθείας
2808 3716 2901 3767 καὶ
2932 3715 3128 3782 λύπης,
3156 3712 3239 3766 υιί
3261 3712 3507 3769 inﬁnitis.

1921 3783 2060 3837 locis
2094 3783 2697 3853 distinguitlllaximus,
2742 3783 2982 3848 labores,
3016 3799 3310 3845 erumnas,
3354 3785 3495 3838 aﬁli-

1924 3854 2215 3925 elationes,
2262 3870 2400 3923 quas
2445 3863 2642 3923 sponte
2668 3855 3017 3925 assumimus,
3074 3870 3173 3925 per
3204 3853 3505 3925 poeniten-

1926 3924 2080 3984 tiam,
2103 3933 2160 3977 et
2182 3939 2318 3992 quas
2344 3926 2491 3977 Deus
2514 3933 2679 3977 certae
2709 3924 3139 3993 dispensationis
3161 3924 3371 3977 ultione
3398 3940 3507 3993 per

1920 3994 2551 4074 providentiam_invitis
2579 3996 2849 4059 innnittit,
2878 3996 3344 4074 uitrici-(igitur.
3361 3995 3495 4074 Qua:

1920 4063 2037 4133 ipsa
2071 4065 2192 4133 ejus
2233 4066 2404 4119 verba
2425 4073 2657 4135 augusta
2689 4075 2839 4127 sunt,
2863 4066 2959 4119 sed
2993 4066 3131 4119 nihil
3153 4063 3378 4134 frigidis
3404 4063 3495 4117 in—

1922 4135 2267 4203 terpretibus
2287 4134 2568 4205 expressa.
2610 4134 2749 4200 Quid
2792 4136 2938 4190 enim
2973 4137 3040 4189 ad
3093 4135 3227 4198 lizec,
3266 4135 3368 4187 Aut
3399 4151 3503 4205 per

1921 4206 2191 4276 propriam
2218 4207 2725 4267 condemnationem,
2760 4220 2874 4275 quae
2903 4206 3229 4276 providentia
3258 4206 3499 4276 quadam

1921 4275 2197 4328 inducitur
2218 4276 2243 4327 ?
2287 4276 2347 4328 τὸ
2391 4277 2695 4345 περιφορᾶς
2724 4274 2873 4344 qdod
2904 4274 3064 4337 erat,
3096 4275 3209 4345 etsi
3236 4290 3337 4342 pro
3366 4274 3501 4328 vitae

1928 4360 2121 4398 errore
2180 4344 2479 4414 rerumque
2535 4354 2590 4399 et
2641 4360 2867 4399 casuum
2921 4344 3332 4407 vicissitudine,
3384 4359 3501 4413 qua.

1931 4415 2048 4483 ipsa
2084 4414 2230 4470 Deus
2256 4417 2488 4485 castigat
2538 4414 2883 4484 providentia
2922 4431 3058 4481 sua,
3106 4430 3170 4468 ac
3206 4414 3494 4485 ulciscitur

1928 4492 2119 4538 nostra
2146 4485 2378 4549 scelera,
2410 4484 2547 4539 l‘erri
2582 4495 2794 4553 posset;
2836 4487 2995 4555 longe
3062 4494 3241 4539 tamen
3296 4484 3505 4539 melius

1929 4563 2035 4625 est,
2066 4554 2355 4624 ἐπιφορᾶς,
2386 4571 2508 4623 quae
2538 4571 2645 4608 vox
2674 4557 2855 4611 nullas
2889 4554 3101 4625 patitur
3127 4556 3405 4625 ambages,
3437 4561 3498 4609 et

1928 4623 2071 4697 forte
2103 4623 2564 4697 eaindemiipsam
2588 4626 2721 4697 legit
2739 4623 2941 4696 Obsop.
2977 4643 3089 4697 qua
3117 4626 3197 4697 sic
3223 4623 3503 4697 reddidit,

1929 4642 2071 4677 torte
2103 4642 2356 4679 eamdem
2395 4642 2564 4693 ipsam
2588 4642 2721 4749 leg-it
2739 4642 2941 4696 unsop.
2977 4643 3089 4697 qua
3117 4642 3197 4680 διο
3223 4642 3492 4691 renutant,

1929 4703 1991 4747 ut
2016 4695 2125 4766 jam
2144 4696 2331 4749 retuli.
2361 4696 2451 4750 Sic
2472 4695 2620 4748 enim
2702 4697 2887 4766 esych.
2936 4706 2991 4751 et
3017 4696 3177 4751 Suid.
3203 4694 3492 4766 ἐπιφορὰς,

1928 4764 2247 4847 καταδίκας.
2301 4766 2638 4847 Pleniusquc
2671 4764 2899 4847 acnbene
2922 4768 3157 4847 Pliavor.
3182 4764 3491 4847 ἐπιφοραῖς,

1928 4834 2265 4896 καταδίκαις,
2340 4836 2677 4888 ἑπελεύσεσι.
2731 4838 3020 4903 Quomodo
3060 4838 3177 4905 ipse
3224 4834 3506 4891 Maximus

1928 4919 2045 4978 s_eq.
2089 4905 2272 4978 statim
2317 4922 2440 4975 cap.
2470 4906 2539 4959 45
2565 4923 2578 4958 :
2608 4908 2674 4958 At
2702 4907 2960 4978 ἐπιφοραὶ
2995 4909 3103 4961 τῶν
3155 4906 3492 4977 πειρασμῶν.

1930 4973 2263 5028 Tcntationes
2291 4973 2820 5047 qumimniittuntur,‘
2842 4973 2996 5047 quasi
3020 4978 3193 5032 ultore
3210 4973 3319 5041 Deo
3338 4973 3500 5045 {pa}-

1928 5059 2014 5098 nae
2037 5053 2095 5118 et
2117 5061 2403 5118 airnninaa;
2439 5045 2490 5098 id
2527 5046 2673 5118 enim
2716 5045 2951 5102 Maximo
2973 5050 3171 5118 passim
3224 5048 3275 5099 oi
3307 5062 3505 5115 πειρα-

1934 5115 2083 5187 σμοὶ,
2116 5114 2221 5187 nisi
2252 5115 2419 5187 aliter?
2437 5131 2539 5187 pro
2559 5117 2807 5187 subjecta
2849 5114 3081 5173 materia
3108 5135 3169 5171 ea
3200 5133 3303 5171 vox
3326 5114 3502 5187 expo-

1929 5184 2112 5238 nenda
2131 5184 2200 5258 de
2226 5184 2819 5258 tentationibus,'quaa
2872 5190 2938 5243 ad
2990 5197 3278 5258 peccatum
3327 5184 3493 5258 indu-

1930 5263 2087 5308 cunt.
2121 5254 2444 5309 Clarissimc
2478 5272 2528 5310 e.
2585 5258 2653 5311 66
2688 5254 2902 5311 :"Aveu
2945 5254 3208 5311 éiouaiwv
3263 5254 3504 5309 ἐνταῦθα

1931 5324 2131 5408 πονῶν,
2161 5325 2486 5408 ignoscam
2516 5328 2811 5408 ἐπιξξορῶν·
2850 5328 3145 5408 ubi__Gesn.
3190 5325 3503 5408 Necessario

1930 5393 2099 5447 illatis
2131 5395 2495 5463 afﬂictionibus
2516 5413 2534 5450 :
2588 5393 2817 5455 dixisset
2850 5399 3067 5461 melius,
3094 5398 3385 5451 necessario
3419 5394 3498 5464 [e-

1933 5464 2108 5517 rendis
2134 5480 2151 5518 :
2176 5480 2287 5518 non
2315 5467 2463 5520 enim
2502 5468 2820 5521 necessario
2853 5468 3186 5531 inferuntur,
3218 5468 3313 5522 sed
3343 5475 3500 5521 certo

1931 5533 2031 5587 Dei
2070 5534 2304 5588 consilio
2339 5544 2397 5589 et
2440 5537 2822 5605 providentia;
2892 5539 3079 5592 invitis
3122 5546 3301 5592 tamen
3329 5577 3345 5604 ,
3396 5550 3501 5591 ncc

1933 5605 2189 5659 consulta
2232 5615 2421 5659 nostra
2441 5607 2747 5678 voluntate,
2770 5607 2867 5662 sed
2908 5624 3048 5678 quas
3085 5609 3321 5663 velimus
3358 5608 3501 5662 noli-

1933 5688 2058 5726 mus
2076 5689 2299 5729 necesse
2329 5682 2416 5729 est
2439 5684 2500 5729 ut
2521 5677 2900 5734 perferamus:
2933 5677 3054 5734 non
3092 5687 3276 5733 tamen
3318 5681 3503 5732 animo

1933 5744 2118 5817 invito,
2152 5752 2212 5797 ut
2236 5744 2478 5799 reddidit
2503 5744 2725 5817 Obsop.,
2751 5764 2876 5803 nam
2908 5748 3106 5806 libenti
3129 5750 3297 5805 etiam
3314 5750 3503 5806 animo

1936 5814 2184 5883 perferre
2211 5830 2527 5885 possumus,
2554 5826 2611 5873 et
2643 5814 2934 5876 debemus.
