3898 6426
570 357 678 420 999

1733 360 1794 418 S.
1837 358 2122 419 MAXIMI
2160 356 2667 420 CONFESSORIS

3660 369 3783 432 1000

569 489 674 526 non
710 474 890 545 utique
919 473 1291 544 judicaremur
1325 487 1344 526 :
1381 472 1507 526 dum
1535 473 1844 544 iudicamur
1879 488 2120 540 autem,¢

2241 474 2667 549 παιδευόμεθα,
2716 480 2817 533 ἵνα
2863 480 2950 550 μὴ
3007 481 3133 535 σὺν
3169 497 3252 547 τῳ
3283 482 3488 552 κόσμῳ
3532 499 3786 555 κατακρι-

565 561 792 617 Domino
817 567 1154 636 corripiatur,
1175 582 1239 618 ne
1263 581 1382 619 cum
1410 567 1504 620 hoc
1524 568 1720 622 mundo
1741 569 2135 625 damnamur".

638 654 728 709 42.
758 655 893 710 Cum
936 673 1002 709 ex
1046 657 1344 725 improviso
1382 657 1482 712 tibi
1525 659 1756 715 tentatio
1790 661 2034 726 venerit,
2065 677 2134 717 ne

567 744 720 800 illum
773 750 1146 812 aceusaveris,
1195 765 1293 818 per
1335 766 1498 820 quem
1543 751 1727 818 venit,
1768 753 1865 809 sed
1915 768 2135 810 causam

565 853 749 908 quaare
793 840 864 893 ob
908 857 1070 909 quam
1119 841 1210 896 illa
1253 843 1486 906 venerit,
1522 843 1874 914 inveniesque
1915 863 2025 916 quo
2067 847 2135 902 ad

564 929 848 983 meliorem
889 932 1101 1001 frugem
1143 934 1512 1003 componaris.
1552 935 1769 1005 Alioqui
1807 937 1984 1002 enim,
2021 938 2136 994 sive

565 1017 690 1083 hoc,
720 1020 834 1075 sive
865 1022 973 1075 alio
1003 1032 1252 1087 auctore,
1278 1023 1612 1104 ebibendum
1639 1027 1740 1082 tibi
1768 1037 1890 1084 erat
1916 1029 2135 1086 divino-

559 1125 681 1165 rum
711 1113 1043 1182 judiciorum
1073 1116 1432 1172 absinthium.

629 1205 718 1259 43.
745 1205 1019 1272 Quantum
1057 1209 1340 1279 improbus
1371 1226 1432 1265 es
1464 1226 1528 1267 ac
1560 1211 1746 1282 pravis
1774 1213 2038 1280 moribus,
2063 1229 2134 1270 ne

558 1313 758 1353 renuas
778 1315 946 1356 carne
967 1301 1243 1367 alllictari;
1267 1311 1328 1357 ut
1346 1304 1467 1374 ejus
1486 1303 1770 1360 laboribus
1792 1305 2129 1373 humiliatus,

556 1405 764 1460 expuas
787 1391 1062 1472 superbia:
1087 1391 1305 1448 fastum.

629 1496 718 1549 44.
737 1495 1123 1551 Tentationum
1141 1497 1280 1563 aliae,
1292 1499 1631 1569 voluptates;
1647 1501 1788 1564 alia.
1805 1516 2096 1558 maerorem
2112 1518 2128 1570 ;

557 1587 697 1649 aliae,
727 1603 1022 1657 corporum
1051 1590 1328 1644 cruciatus
1356 1591 1676 1646 hominibus
1700 1592 1999 1648 adducunt.
2025 1595 2132 1648 Pro

555 1679 853 1734 affectuum
893 1681 1041 1736 enim
1085 1683 1272 1736 animo
1308 1683 1550 1738 haerente
1592 1699 1781 1750 causa,
1822 1685 2128 1740 animorum

555 1772 817 1827 medicus
833 1790 930 1843 per
957 1789 1054 1828 sua
1079 1774 1286 1846 judicia
1316 1775 1545 1831 adhibet
1568 1784 1625 1832 et
1650 1776 2002 1831 medicinam.

623 1961 713 2014 45.
737 1959 867 2026 Quae
893 1960 1204 2015 inferuntur
1227 1961 1579 2027 tentationes,
1602 1962 1722 2017 aliis
1745 1961 1969 2032 quidem
1994 1961 2132 2017 infe-

551 2059 770 2116 runtur,
796 2061 856 2106 ut
888 2053 1169 2123 praeterita
1205 2061 1428 2123 peccata
1456 2053 1696 2118 diluant;
1730 2053 1854 2108 aliis
1880 2069 2041 2117 vero,
2069 2062 2132 2109 ut

549 2159 672 2214 quae
703 2145 1195 2216 impraesentiarum
1241 2154 1495 2215 peccant;
1538 2147 1659 2201 aliis
1694 2147 1954 2216 denique,
1985 2157 2046 2200 ut
2075 2147 2129 2201 in

547 2237 709 2307 417
737 2243 1021 2306 posterum
1053 2236 1443 2291 committenda
1485 2236 1800 2303 inhibeant;
1844 2243 2043 2306 printer
2064 2250 2130 2292 ea

549 2329 690 2382 mala
730 2344 851 2398 quae
888 2328 1230 2398 probationis
1271 2342 1434 2382 causa
1471 2329 1766 2392 eveniunt,
1793 2337 1854 2383 ut
1883 2329 1938 2383 in
1968 2329 2130 2384 beato

545 2419 670 2475 Job.

616 2510 706 2564 46.
731 2509 1005 2565 Cordatus
1033 2510 1220 2573 homo,
1246 2510 1560 2564 divinorum
1586 2510 1922 2580 judiciorum
1952 2526 2130 2567 reme-

545 2597 697 2651 dium
725 2607 1008 2667 reputans,
1040 2615 1161 2668 qua:
1192 2599 1319 2652 inde
1349 2599 1428 2652 illi
1458 2599 1681 2654 tristitia
1712 2601 1964 2670 malaque
1995 2617 2126 2656 eve-

546 2691 739 2755 niunt,
769 2706 927 2760 aequo
969 2691 1152 2745 animo
1195 2690 1400 2760 gratias
1441 2680 1620 2760 agens
1651 2691 1872 2758 tolerat;
1919 2692 2126 2746 nullum

544 2782 715 2836 alium
754 2784 954 2837 horum
995 2791 1309 2846 auctorem,
1353 2791 1720 2852 prteterquam
1764 2792 1986 2853 peccata
2027 2799 2127 2840 sua

543 2875 885 2930 existimans.
909 2876 1115 2932 Vecors
1151 2884 1334 2929 autem
1367 2888 1429 2928 ac
1457 2873 1726 2944 insipiens
1745 2918 1758 2938 ,
1786 2875 2126 2946 sapientissi-

545 2983 689 3020 mam
737 2968 835 3023 Dei
883 2966 1288 3037 providentiam
1335 2966 1627 3036 ignorans,
1663 2967 1794 3021 dum
1836 2977 2029 3038 peccat
2070 2978 2126 3025 et

541 3059 857 3130 castigatur,
886 3065 980 3112 aut
1018 3057 1075 3111 in
1120 3059 1324 3122 Deum,
1355 3064 1452 3110 aut
1496 3059 1552 3110 in
1598 3057 1850 3114 homines
1893 3042 2121 3114 suorum

542 3152 814 3206 malorum
844 3149 1016 3205 refert
1038 3164 1282 3204 causam.

611 3245 701 3299 47.
735 3243 876 3298 Sunt
913 3241 1162 3312 quaedam
1207 3257 1329 3311 qua:
1371 3240 1672 3296 affectuum
1717 3257 1782 3297 ac
1827 3242 2120 3298 libidinum

541 3346 752 3390 nuntum
808 3334 1124 3396 inhibeant,
1155 3349 1258 3387 nec
1297 3342 1652 3403 augmentum
1689 3333 1867 3389 facere
1907 3335 2120 3403 sinant;

539 3437 775 3497 suntque
805 3426 910 3479 alia
934 3440 1058 3495 qua:
1088 3424 1416 3478 imminuant
1456 3434 1621 3492 atque
1661 3423 1930 3478 deterant.
1963 3426 2118 3490 Puta,

535 3517 805 3587 jejunium
830 3524 887 3570 et
908 3515 1064 3569 labor
1087 3523 1144 3568 et
1165 3514 1366 3584 vigiliae
1410 3514 1768 3584 cupiditatem
1794 3517 1984 3586 augeri
2009 3532 2120 3572 non

541 3611 758 3672 sinunt;
793 3607 1034 3663 solitudo
1057 3622 1191 3662 vero
1219 3619 1274 3661 et
1298 3607 1689 3677 contemplatio
1713 3617 1768 3662 et
1793 3609 1970 3662 oratio
1992 3609 2120 3663 Dei-

537 3717 647 3771 que
688 3716 842 3755 amor
890 3701 1061 3769 ipsam
1106 3699 1367 3753 minuunt
1395 3709 1560 3770 atque
1590 3699 1824 3754 elidunt.
1856 3701 2121 3758 Similiter

536 3807 759 3862 quoque
791 3793 844 3845 in
878 3791 988 3856 ira;
1015 3790 1167 3845 verbi
1207 3790 1410 3861 gratia,
1441 3790 1856 3860 longanimitas,
1886 3793 2117 3863 injuria-

540 3900 663 3938 rum
689 3883 894 3938 oblivio
918 3889 975 3936 et
995 3882 1362 3936 mansuetudo
1383 3891 1534 3937 motu
1561 3881 1784 3946 sistunt,
1806 3899 1908 3938 nec
1929 3884 2118 3939 sinunt

537 3987 866 4042 augescere;
901 3971 1142 4026 charitas
1166 3987 1298 4025 vero
1327 3981 1380 4026 et
1408 3974 1754 4042 eleemosyna
1780 3981 1837 4028 et
1860 3974 2116 4046 benigni-

538 4071 622 4115 tas
663 4075 988 4130 morumque
1027 4060 1270 4115 suavitas
1309 4070 1365 4116 et
1402 4062 1739 4128 humanitas,
1766 4064 2022 4120 minuunt
2049 4081 2114 4122 ac

534 4153 848 4208 debilitant.

603 4247 694 4300 48.
716 4245 887 4316 Cujus
914 4245 1132 4300 animus
1157 4261 1377 4315 semper
1399 4248 1454 4302 in
1483 4246 1653 4302 Deum
1681 4263 1980 4305 conversus
2004 4260 2108 4316 est,

537 4338 700 4408 hujus
739 4353 960 4407 quoque
1002 4338 1276 4408 cupiditas
1318 4339 1374 4393 in
1413 4340 1659 4395 divinum
1701 4345 2110 4414 superexcrevit

2397 587 2454 622 ν.

2242 573 2322 623 θῶ
2366 586 2454 622 εν.

2313 587 2426 731 ἕβθ.
2466 662 2637 717 Ὅταν
2661 680 2743 716 σοι
2774 663 2906 736 ἔλθῃ
2949 663 3008 732 ἐξ
3038 664 3450 737 ἀπροσδοκήτου
3485 669 3785 738 πειρασμὸς,

2243 750 2320 823 μὴ
2367 753 2459 806 τὸν
2503 754 2574 807 δι’
2607 746 2670 808 οὗ
2714 756 2913 810 αίτιῶο
2959 756 3099 812 ἀλλά
3132 758 3194 812 τὸ
3241 758 3330 812 διὰ
3375 757 3433 812 τί
3484 757 3665 831 ζήτει,
3701 763 3788 815 καὶ

2238 843 2516 916 εὑρίσκεις
2541 847 2848 918 διόρθωσιν.
2895 849 3066 916 Ἐπεὶ,
3097 852 3208 905 εῐτε
3247 851 3316 905 δι’
3344 852 3577 914 ἐκείνου,
3603 854 3702 907 είτε
3728 854 3787 908 δι’

2237 934 2431 1003 ἄλλου,
2484 941 2628 992 πιεῖν
2682 934 2829 1010 εἶχες
2873 940 2982 996 τῶν
3041 941 3137 996 τοῦ
3195 941 3335 996 Θεοῦ
3387 943 3669 1014 χριμάτων
3736 946 3788 999 τδ

2235 1023 2500 1094 ἀψίνθιον.

2309 1219 2421 1283 μγ’.
2483 1214 2652 1269 Ὅσον
2700 1211 2753 1270 εἷ
2810 1219 3151 1292 κακότροπος
3175 1262 3190 1288 ,
3237 1221 3298 1276 τὸ
3349 1223 3680 1278 κακοπαθεῖν
3725 1226 3790 1296 μὴ

2234 1306 2536 1361 ἀπαναίνου
2559 1349 2574 1374 ,
2614 1310 2700 1364 ἴνα
2730 1311 2798 1365 δι’
2836 1314 3008 1384 αὐτῆς
3060 1315 3422 1381 ταπεινωθεὶς
3445 1358 3463 1382 ,
3510 1318 3609 1390 τὴν
3639 1321 3786 1391 ὑπερ.

2234 1400 2474 1470 ηφανίαν
2505 1403 2699 1477 ἐμέσῃ.

2307 1492 2410 1562 μᾶ.
2437 1493 2501 1545 Οἱ
2524 1494 2624 1564 μὲν
2654 1496 2763 1548 τῶν
2794 1497 3139 1567 πειρασμῶν,
3165 1496 3359 1568 ήδονάς
3382 1514 3398 1528 '
3433 1500 3485 1552 οι
3507 1499 3582 1563 δέ,
3605 1500 3790 1565 λῦπαςο

2231 1585 2281 1637 ot
2309 1582 2387 1649 δὲ,
2416 1585 2610 1650 ὀδύνας
2630 1588 2950 1659 σωματικὰς
2976 1593 3088 1654 τοῖς
3107 1589 3420 1661 ἀνθρώποις
3449 1593 3791 1664 προσάγουσι.

2231 1676 2390 1731 Κατά
2427 1678 2538 1749 γάρ
2560 1678 2662 1750 τὴν
2693 1682 3024 1752 ἐγκειμένην
3051 1685 3118 1754 τῇ
3147 1682 3294 1755 ψυχῇ
3335 1685 3524 1738 αἰτίαν
3562 1686 3671 1738 τῶν
3698 1670 3794 1739 τέο-

2233 1767 2364 1833 θῶν,
2398 1771 2492 1824 καὶ
2521 1771 2581 1824 τὸ
2610 1772 2902 1842 φάρμακον
2929 1775 2960 1827 ό
2995 1775 3178 1846 ἰατρὸς
3207 1776 3316 1830 τῶν
3345 1776 3539 1847 ψυχῶν
3564 1779 3655 1832 διὰ
3695 1780 3794 1833 τῶν

2231 1861 2402 1915 αὑτοῦ
2445 1864 2728 1933 χριμάτων
2759 1865 3090 1936 ἐπιτίθησιν.

2305 1963 2407 2025 με’.
2450 1957 2512 2008 Δί
2552 1958 2814 2029 ἐπιφοραὶ
2847 1959 2960 2012 τῶν
2990 1976 3350 2032 πειρασμῶν,
3379 1981 3496 2029 τοις
3529 1968 3629 2035 μὲν
3668 1966 3795 2036 πρὸς

2231 2045 2335 2116 ἤδη
2385 2047 2692 2115 γεγονότων
2735 2048 3150 2120 ἁμαρτημάτων
3206 2052 3487 2125 ἀναίρεσιν
3514 2071 3531 2087 ο
3568 2057 3685 2118 τοῖς
3721 2058 3791 2119 δὲ,

2231 2138 2369 2208 πρὸς
2402 2138 2500 2192 νῦν
2545 2140 2994 2210 ἐνεργουμένωνο
3043 2143 3263 2214 ἄλλοις,
3320 2146 3462 2219 πρὸς
3507 2148 3792 2219 μελλόντων

2229 2233 2573 2304 ἐνεργεῖσθαι
2607 2234 2926 2308 ἀνακοπὴν,
2971 2237 3291 2306 ἐπάγονται.
3333 2241 3472 2312 Δίχα
3513 2243 3626 2297 τῶν
3668 2245 3792 2315 trp-5;

2227 2323 2459 2395 δοκιμὴν
2498 2325 3028 2396 ἐπισυμϐαινόντων,
3060 2329 3137 2393 ὡς
3165 2331 3258 2384 ἐπὶ
3287 2331 3382 2386 τοῦ
3421 2332 3566 2388 Ἰώό.

2304 2509 2424 2575 μς·’.
2465 2505 2524 2558 '0
2553 2505 2656 2576 μὲν
2684 2506 2934 2576 ἐχέφρων
2956 2547 2970 2571 ,
3015 2510 3125 2562 τῶν
3154 2510 3316 2567 θείων
3367 2514 3659 2585 κριμάτων
3701 2517 3790 2587 τὴν

2233 2596 2477 2668 ἰατρείαν
2503 2599 2961 2670 ἀναλογιζόμενος
2978 2642 2992 2664 ,
3028 2603 3372 2675 εὐχαρίστως
3407 2606 3568 2679 φέρει
3593 2609 3688 2672 τὰς
3710 2609 3788 2662 διὰ

2227 2691 2436 2745 τούτων
2478 2693 2988 2764 ἐπισυμὸαινούσας
3034 2696 3184 2767 αὐτῷ
3219 2699 3551 2770 συμφορᾶς·
3599 2703 3784 2773 μηδένα

2228 2782 2390 2837 ἄλλον
2425 2783 2634 2838 τούτων
2666 2787 2841 2840 αῐτιον
2862 2826 2877 2851 ,
2908 2789 2942 2856 ἢ
2975 2787 3074 2852 τὰς
3110 2789 3310 2842 ἑαυτοῦ
3347 2791 3628 2863 ἁμαρτίας
3653 2793 3783 2862 λογι·

2227 2874 2476 2946 ζόμενος.
2523 2875 2583 2930 Ὀ
2621 2876 2679 2930 δέ
2706 2878 2918 2949 ἄφρων,
2958 2879 3056 2951 τὴν
3086 2879 3180 2934 τοῦ
3208 2881 3346 2937 Θεοῦ
3377 2885 3594 2952 ἀγνοῶν
3627 2903 3783 2955 coem-

2204 2967 2396 3042 'T&‘ﬂjv
2425 2969 2702 3038 πρόνοιαν,
2733 2971 3067 3043 ἁμαρτάνων
3095 2974 3188 3027 καὶ
3213 2975 3626 3047 παιδευόμενος,
3655 2979 3782 3050 ἢτὺν

2226 3058 2379 3125 Θεὸν,
2416 3060 2448 3131 ἢ
2480 3061 2608 3126 τοὺς
2641 3062 2967 3136 ἀνθρώπους
3005 3068 3114 3121 τῶν
3151 3068 3348 3123 ἐαυτοῦ
3379 3070 3570 3127 κακῶν
3599 3072 3782 3137 αἰτίους

2226 3150 2527 3219 λογίζεται.

2300 3245 2410 3316 μζ’.
2459 3247 2583 3300 Etcf
2613 3265 2738 3303 τινα
2775 3250 3008 3306 ἱστῶντα
3062 3252 3130 3306 τὰ
3175 3254 3322 3326 πάθη
3363 3257 3463 3327 τῆς
3511 3258 3776 3327 κινήσεως.

2225 3336 2322 3389 καὶ
2382 3336 2456 3408 μὴ
2509 3339 2686 3394 ἐῶντα
2736 3343 3011 3414 προϐῆναι
3059 3347 3138 3409 είς
3188 3346 3419 3419 αὔξησιν
3451 3365 3466 3380 ·
3526 3350 3619 3403 καὶ
3661 3351 3778 3401 εἰσὶν

2223 3427 2388 3500 ἔτερα
2428 3430 2780 3498 ἐλαττοῦντα,
2835 3437 2929 3490 καὶ
2979 3438 3061 3502 είς
3105 3440 3335 3508 μείωσιν
3379 3441 3605 3510 ἄγοντα.
3649 3441 3774 3504 Οἷον.

2222 3524 2444 3592 νηστεία
2483 3527 2577 3580 καὶ
2611 3528 2778 3592 κόπος
2829 3531 2924 3586 καὶ
2963 3533 3259 3604 ἀγρυπνία.
3292 3537 3396 3591 οὐκ
3423 3537 3588 3591 ἐῶσιν
3614 3538 3774 3604 αὔξειν

2221 3612 2320 3683 τὴν
2344 3613 2642 3686 ἐπιθυμίαν
2661 3633 2676 3648 ο
2700 3619 3043 3693 ἀναχώρησις
3069 3623 3125 3676 δὲ
3150 3625 3245 3678 καὶ
3274 3625 3479 3697 θεωρία
3513 3629 3606 3681 καὶ
3630 3645 3772 3699 προσ·

2221 3705 2375 3776 ευχὴ,
2415 3707 2508 3760 καὶ
2537 3707 2677 3780 ἔρως
2708 3713 2787 3775 είς
2826 3711 2977 3779 Θεὸν,
3009 3716 3321 3772 ἐλαττοῦσιν
3349 3720 3520 3791 αὐτὴν
3542 3763 3558 3787 ,
3601 3724 3687 3774 καὶ
3707 3722 3770 3782 είς

2219 3797 2526 3869 ἀφανισμὸν
2575 3801 2790 3869 ἄγουσι.
2840 3806 2952 3860 Καὶ
3000 3808 3094 3862 ἐπὶ
3123 3809 3218 3864 τοῦ
3249 3811 3423 3883 θυμοῦ
3466 3814 3524 3867 δὲ
3573 3816 3764 3883 ὁμοίως.

2219 3884 2378 3956 Οἷον,
2418 3893 2770 3964 μακροθυμία
2825 3899 2919 3951 καὶ
2951 3901 3331 3972 ἀμνησικακία
3383 3906 3479 3958 καὶ
3529 3908 3763 3977 πραότης.

2221 3979 2439 4037 ἱστῶσιν
2473 3985 2656 4051 αὑτὸν,
2688 3989 2782 4041 καὶ
2801 3991 2903 4046 οὐκ
2932 3992 3094 4048 ἐῶσιν
3131 3995 3317 4061 αὔξειν
3337 4018 3352 4032 ο
3388 4000 3581 4070 ἀγάπη
3614 4000 3762 4053 δὲκαὶ

2215 4071 2552 4146 ἐλεημοσύνη
2617 4077 2713 4131 καὶ
2765 4082 3071 4156 χρηστότης
3113 4087 3210 4142 καὶ
3252 4088 3665 4160 φιλανθρωπία,
3701 4094 3762 4153 εἰς

2216 4164 2441 4236 μείωσιν
2473 4168 2718 4237 ἄγουσιν.

2288 4257 2399 4329 μη’.
2443 4254 2665 4327 Οὗτινος
2728 4265 2756 4317 ό
2803 4263 2930 4328 νοῦς
2973 4266 3265 4335 διαπαντός
3316 4273 3435 4326 ἐστι
3477 4276 3610 4346 πρὸς
3634 4274 3762 4338 Θεὸν,

2212 4348 2400 4403 τούτου
2454 4354 2549 4407 καὶ
2597 4356 2631 4426 ή
2662 4355 2928 4428 ἐπιθυμία
2971 4361 3052 4424 είς
3101 4362 3194 4416 τὸν
3235 4363 3378 4418 θεῖον
3411 4367 3763 4442 ὖπερηὺξησεν

532 4444 815 4493 amorem;
866 4427 1087 4497 iraque,
1122 4437 1233 4483 tota
1276 4430 1329 4484 vi
1373 4447 1469 4484 sua
1512 4433 1566 4485 in
1607 4432 1846 4488 divinam
1894 4437 2110 4490 transiit

2234 4443 2390 4513 ἔρωτα
2415 4461 2427 4475 ·
2460 4446 2554 4500 καὶ
2585 4447 2615 4500 ὁ
2649 4427 3068 4520 θυμδςίὸλοστὸς
3115 4456 3192 4527 (y)
3245 4459 3326 4522 είς
3355 4460 3459 4528 τὴν
3485 4427 3763 4532 θὲίᾶνἰᾇετ.

532 4520 881 4575 cbaritatem.
908 4521 1180 4575 Diuturno
1208 4523 1354 4576 enim
1385 4523 1586 4579 divina:
1615 4525 1925 4582 dilectionis
1955 4545 2107 4583 com-

2234 4537 2425 4608 ;τράπη
2467 4541 2710 4611 ἀγάπην.
2764 4543 2842 4615 Τῇ
2901 4546 3009 4616 γὰρ
3059 4520 3254 4622 χρᾇνιᾳ
3288 4520 3764 4621 τῆς-θείαςέλλάμο

534 4613 772 4674 mercio,
799 4620 949 4667 totus
970 4612 1192 4666 lucidus
1218 4613 1496 4679 redditus,
1522 4615 1738 4686 sibique
1767 4619 1880 4688 ipsc
1906 4620 2108 4688 patibi-

531 4702 638 4756 lem
691 4702 777 4757 sui
834 4712 1046 4772 partem
1103 4704 1309 4757 arctius
1365 4706 1707 4777 astringeus,
1752 4708 1806 4763 in
1861 4709 2108 4766 divinum

532 4790 939 4853 inccssabilem,
963 4792 1044 4846 uti
1073 4790 1282 4846 dictum
1309 4802 1412 4857 est,
1436 4810 1700 4860 amorem,
1727 4798 2021 4868 jugcmque
2045 4815 2110 4855 ac

529 4897 828 4952 perennem
867 4882 1192 4938 eharitatcm
1219 4887 1523 4953 convertit;
1557 4889 1784 4943 omnino
1811 4906 1841 4945 a
1871 4893 2107 4948 terrenis

529 4976 584 5029 in
613 4976 782 5029 Deum
814 4974 1128 5029 traducens.

598 5069 687 5123 49.
715 5067 868 5122 llaud
897 5083 1123 5139 prorsus
1161 5069 1254 5138 qui
1302 5056 1406 5123 nec
1442 5070 1673 5137 invidet,
1696 5089 1799 5129 nec
1829 5075 2104 5146 irascitur,

528 5175 630 5213 nec
666 5158 883 5230 injuria:
924 5173 1158 5224 memor,
1186 5160 1264 5213 illi
1308 5161 1400 5229 qui
1444 5160 1582 5215 laesit
1621 5163 1840 5234 injuria,
1866 5168 2109 5228 oil’ensus

522 5259 630 5314 est,
657 5251 768 5321 iam
809 5257 1028 5320 quoque
1069 5250 1126 5304 in
1168 5267 1296 5305 cum
1327 5251 1682 5308 dilectionem
1706 5255 1893 5314 habet.
1923 5261 2110 5319 Potest

577 5387 620 5419 ⁸¹
653 5388 673 5442 I
703 5386 832 5442 Cor.
865 5406 940 5455 χι,
965 5390 1054 5444 51.

592 5503 666 5575 (ν)
729 5505 783 5556 '0
834 5506 1020 5573 θυμὸς
1061 5508 1340 5575 ὀλοστός.
1397 5508 1516 5563 Νοιι
1555 5514 1758 5568 omissa
1815 5516 1931 5572 haec

520 5573 758 5654 llesyeh.
781 5575 877 5654 cui
906 5576 1143 5654 ὁριοστρς,
1165 5578 1283 5640 ὅλος
1299 5573 1381 5641 ὡς
1408 5579 1553 5654 ἐστι.
1571 5583 1648 5638 Ac
1679 5585 1856 5654 liquet
1877 5573 2096 5646 esseab

517 5643 671 5718 ς’ὶλος,Δ
697 5644 889 5718 eadem
922 5647 1036 5700 fere
1064 5646 1259 5718 forma,
1282 5664 1388 5717 qua
1412 5666 1441 5703 a
1475 5653 1660 5715 πολὺς,
1697 5643 1912 5718 πολλοῦ.
1954 5643 2096 5714 ίπολῖ

520 5712 726 5795 Fas?“-
760 5715 858 5795 Εξδι
881 5731 1034 5795 ergo:
1065 5715 1159 5795 ἔῖρ
1184 5712 1348 5773 Win
1376 5721 1516 5795 eum!
1545 5712 1662 5795 ςξίξ
1694 5741 1758 5779 ac
1783 5712 1932 5795 quod
1963 5712 2092 5786 red-

517 5782 656 5846 didi,
677 5785 817 5838 omm‘
841 5782 1038 5840 sua'ri.
1069 5785 1345 5856 Mirorque
1371 5782 1504 5859 quid
1532 5782 1737 5864 Obsop.
1767 5782 1825 5850 in
1851 5782 2091 5860 mentem

1987 5536 2094 5576 νοτ

2209 4627 2354 4697 ψεως
2391 4633 2685 4704 μετουσίᾳ,
2742 4635 2861 4700 ὅλος
2919 4639 3217 4711 φωτοειδὴς
3261 4644 3545 4714 γεγονὼς,
3598 4647 3685 4700 καὶ
3719 4645 3764 4697 τὺ

2213 4718 2516 4788 παθητικὸν
2540 4718 2710 4778 αὐτοῦ
2749 4727 2912 4798 μέρος
2942 4731 3080 4800 πρὸς
3107 4733 3301 4788 ἑαυτὸν
3336 4739 3665 4806 συσφίγξας,
3701 4739 3763 4799 εἰς

2208 4807 2390 4881 ἔρωτα
2428 4812 2591 4880 θεῖον,
2624 4815 2700 4879 ὡς
2741 4818 2976 4889 εἴρηται,
3009 4823 3412 4896 ἀκατάληκτον,
3447 4832 3542 4884 καὶ
3573 4833 3761 4898 ἀγάπην

2203 4901 2642 4973 ἀκατάπαυστον,
2675 4907 2935 4980 ἔστρεψεν
2958 4953 2972 4977 ,
3001 4914 3138 4977 ὅλως
3165 4917 3230 4970 ἐκ
3253 4918 3364 4971 τῶν
3389 4922 3647 4990 ἐπιγείων
3689 4920 3762 4974 ἐπὶ

2205 4993 2268 5046 τὸ
2297 4993 2452 5048 Θεῑον
2487 5002 2842 5069 ματαγαγὼν.

2279 5089 2388 5154 μθ’.
2419 5089 2492 5140 Οὐ
2521 5091 2739 5157 πάντως
2767 5095 2796 5146 ὁ
2828 5097 2904 5168 μὴ
2953 5100 3184 5166 φθονῶν,
3219 5105 3357 5174 μηδέ
3414 5107 3756 5178 ὀργιζόμενος.

2209 5177 2346 5247 μηδὲ
2381 5185 2736 5251 μνησικακῶν
2767 5187 2842 5258 τῷ
2902 5189 3228 5260 λυπήσαντι,
3276 5196 3377 5267 ἤδη
3431 5177 3526 5252 καὶ
3567 5199 3754 5265 ἀγάπην

2212 5271 2326 5342 ἔχει
2371 5275 2509 5344 πρὸς
2565 5277 2748 5333 αὐτόν.
2779 5281 3014 5338 Δύναται
3044 5286 3150 5359 γὰρ
3199 5289 3294 5341 καὶ
3341 5292 3512 5362 μήπω
3533 5290 3751 5358 ἀγαπῶν.

2201 5541 2439 5609 venerit.
2479 5550 2605 5589 cum
2670 5538 2936 5609 reddidit,
3000 5542 3074 5597 Et
3124 5563 3336 5600 animus
3389 5556 3488 5593 non
3531 5541 3739 5609 iniqu";

2199 5602 2350 5688 quod
2377 5614 2432 5688 et
2456 5617 2667 5688 mutare
2701 5602 2945 5688 Gesnero
2972 5613 3167 5688 religio
3208 5615 3326 5666 fuit.
3358 5611 3573 5674 Utrique
3598 5602 3731 5688 é‘iﬁm‘

2196 5670 2258 5792 ῗὸ
2283 5675 2490 5747 χρονίᾳ,
2534 5677 2728 5738 αἰωηο
2753 5679 2927 5743 bmsit,
2952 5670 3104 5752 quod
3123 5685 3194 5736 sit
3225 5670 3502 5752 typorum,‘
3525 5695 3610 5737 oro
3635 5680 3730 5730 diu-

2221 5757 2379 5796 urna.
