4048 6434
161 351 168 356 ’
251 361 378 427 1001

1167 372 1502 435 CAPITUM
1544 376 1640 436 DE
1675 375 2109 437 CHARITATE
2147 373 2538 440 GENTURIA
2577 376 2658 442 ΙΙ.

3378 389 3514 456 1002

247 480 413 534 κακὸι
444 481 571 536 ἀντὶ
602 481 772 536 κακοῦ
807 482 883 554 μὴ
923 483 1215 539 ἀποδοῦναι
1238 528 1253 550 ,
1287 488 1376 540 δια
1424 490 1521 560 τὴν
1564 490 1783 561 ἐντολήν
1811 507 1821 520 ·

1929 491 2115 555 enim,
2143 493 2250 546 etsi
2293 494 2540 549 nondum
2580 496 2799 567 diligat,
2827 499 3030 554 malum
3074 518 3174 572 pro
3217 506 3361 563 maio
3399 525 3512 567 non

242 575 302 626 οῦ
348 575 576 640 πάντως
621 576 678 632 δέ
722 578 801 631 ἐτι
843 579 940 632 καί⁸
981 579 1147 634 καλὸν
1193 582 1586 639 ἀνταποδοῦναι
1631 585 1828 652 κακοῦ,

243 663 543 731 άδιάστως.
583 667 657 721 Τὸ
698 667 808 739 γάρ
842 670 906 722 ἐκ
951 669 1246 734 διαθέσεως
1294 673 1475 739 καλῶς
1518 677 1692 728 ποιεῖν
1719 679 1831 740 τοῖς

243 755 507 828 μισοῦσι,
584 759 752 830 nove;
826 760 948 814 ἐστὶ
1021 763 1122 832 τῆς
1192 767 1568 837 πνευματικῆς
1615 766 1831 831 τελείας

239 850 487 924 ἀγάπης.

309 944 379 1000 ν’.
416 947 534 1018 οὐχ
562 948 592 1002 6
619 947 694 1020 μὴ
725 949 957 1018 ἀγαπῶν
987 966 1132 1016 τινα,
1178 951 1279 1024 ἤδη
1310 954 1526 1018 πάντως
1553 955 1649 1008 καὶ
1681 958 1832 1027 μισεῖ

237 1040 405 1094 αὐτόν
429 1059 446 1072 ο
493 1043 616 1098 οὐδὲ
648 1043 812 1098 πάλιν
833 1087 848 1112 ,
880 1047 909 1100 6
940 1045 1016 1117 μὴ
1067 1047 1274 1118 μισῶν,
1324 1049 1429 1122 ήδη
1470 1049 1690 1116 πάντως
1733 1053 1829 1107 καὶ⁸

237 1132 453 1205 ἀγαπᾷ.
510 1134 669 1190 ’Δλλά
702 1137 923 1192 δύναται
969 1138 1045 1202 ὡς
1081 1139 1246 1210 μέσος
1279 1136 1420 1196 εἶναι
1454 1142 1592 1214 πρὸς
1623 1143 1783 1198 αὐτόν
1808 1160 1824 1176 ⁶

234 1225 512 1292 τουτέστι,
547 1228 685 1300 μήτε
716 1229 960 1302 ἀγαπᾷν,
995 1231 1134 1302 μήτε
1169 1235 1371 1302 μισείν.
1402 1233 1515 1305 Τὴν
1543 1235 1656 1308 γὰρ
1687 1235 1824 1306 ἀγα-

235 1318 483 1389 πητικὴν
517 1317 758 1375 διάθεσιν
781 1363 797 1388 ,
843 1323 994 1394 μόνοι
1021 1326 1074 1378 οἱ
1103 1323 1162 1379 ἐν
1200 1324 1277 1395 τῷ
1324 1325 1502 1397 ἐνάτῳ
1545 1328 1829 1402 κεφαλαίῳ

235 1406 444 1479 ταύτης
498 1415 594 1484 τῆς
636 1413 990 1481 ἑκατοντάδας
1041 1417 1324 1489 εἰρημένοι
1383 1419 1546 1472 πέντε
1595 1420 1826 1493 τρόποι,

233 1499 491 1572 ἐμποιεῖν
527 1505 873 1575 πεφύκασιν,
919 1509 949 1563 ὅ
996 1527 1057 1565 τε
1109 1510 1398 1576 ἐπαινετὸς
1427 1513 1520 1566 καὶ
1560 1514 1588 1566 6
1640 1513 1825 1584 μέσος,

237 1598 336 1651 καὶ
361 1601 413 1652 oi
452 1599 664 1668 ψεκτοί.

307 1786 414 1834 να⁹.
447 1780 619 1835 Ὅταν
653 1782 770 1853 ἴδῃς
817 1785 910 1838 τὸν
958 1786 1084 1841 νοῦν
1116 1804 1211 1842 σου
1261 1793 1373 1858 τοῖς
1423 1791 1629 1855 ὑλικοῖς
1659 1792 1827 1864 ἡδέως
1858 1835 1902 1895 Β

307 1869 696 1895 ,ωηηηεημηη
913 1894 922 1895 ,
964 1880 986 1894 .
1141 1879 1154 1895 .
1375 1884 1386 1895 .
1601 1885 1613 1895 .
1735 1885 1751 1895 .

232 1867 697 1943 ἐνασχολούμενον
716 1914 734 1941 ,
773 1877 871 1930 καὶ
901 1880 1016 1942 τοῖς
1064 1879 1270 1934 τούτων
1301 1884 1570 1954 νοήμασιν
1595 1885 1825 1956 ἐμφιλο-

229 1963 525 2034 χωροῦντα
551 2005 566 2030 ,
616 1967 854 2036 γίνωσκε
912 1972 1140 2028 σεαυτὸν
1190 1975 1366 2029 ταῦτα
1417 1977 1619 2047 μᾶλλον
1667 1977 1704 2050 ἢ
1734 1978 1826 2032 τὸν

229 2054 369 2108 Θεὸν
394 2057 717 2125 ἀγαπῶντα.
750 2062 946 2117 Ὅπου
972 2064 1083 2135 γάρ
1101 2066 1274 2120 ἐστιν
1296 2071 1330 2122 ό
1358 2071 1664 2140 θησαυρός
1685 2087 1824 2138 σου,

230 2148 405 2220 φησὶν
435 2151 466 2204 6
493 2151 717 2224 Κύριος,
756 2155 892 2210 ἐκεῖ
922 2157 1022 2211 καὶ
1069 2158 1107 2226 ἡ
1144 2160 1359 2229 καρδία
1390 2163 1582 2219 ἐσται.

304 2239 409 2311 νβ’.
448 2243 593 2307 Νοῦς
621 2243 742 2316 Θεῷ
776 2249 1183 2326 συναπτόμενος
1206 2291 1220 2317 ,
1255 2252 1351 2306 καὶ
1381 2253 1532 2326 αὐτῷ
1571 2256 1824 2328 ἐγχρονί-

226 2328 343 2394 ζων
369 2331 459 2386 διὰ
492 2317 818 2408 προσευχῆς
845 2339 940 2392 καὶ
994 2317 1251 2412 ἀγάπης,
1287 2342 1452 2412 σοφὸς
1487 2317 1696 2412 γίνεται
1729 2347 1826 2400 καὶ

224 2424 444 2492 ἀγαθὸς
485 2427 580 2480 καὶ
614 2427 842 2494 δυνατὸς
878 2433 974 2486 καὶ
1019 2434 1404 2507 φιλάνθρωπος
1435 2438 1528 2491 καὶ
1575 2438 1823 2511 ἐλεήμων

222 2518 327 2570 καὶ
358 2519 717 2591 μακρόθυμος
743 2540 758 2554 ο
810 2527 907 2578 καὶ
959 2526 1148 2592 ἁπλῶς
1181 2530 1392 2593 εἰπεῖν,
1427 2529 1608 2584 πάντα
1639 2532 1824 2602 σχεδδν

220 2610 296 2664 τά
357 2609 481 2666 θεῖα
515 2613 785 2684 ἰδιώματα
833 2618 892 2671 ἐν
949 2619 1128 2691 ἐαυτῷ
1177 2621 1490 2694 περιφέρει.
1530 2621 1734 2678 Τούτου
1766 2624 1824 2678 δέ

220 2702 537 2774 ἀναχωρῶν
593 2704 720 2777 [Fr.
751 2709 1082 2783 ἀποχωρῶν]
1104 2752 1119 2777 ,
1153 2713 1379 2767 καὶτῶν
1415 2714 1620 2768 ὑλικῶν
1651 2729 1824 2788 προσ-

220 2791 427 2863 χωρῶν
464 2834 481 2859 ,
547 2795 583 2868 ἢ
620 2798 905 2871 κηνώδης
949 2801 1162 2870 γίνεται
1201 2802 1484 2876 φιλήδονος
1535 2805 1778 2874 γεγονώς
1804 2821 1818 2835 ⁶

219 2882 254 2956 ἢ
316 2883 635 2959 Θηριώδης,
696 2889 786 2945 διά
839 2891 1014 2947 ταῦτα
1085 2896 1198 2959 τοῖς
1277 2895 1593 2968 ἀνθρώποις
1650 2898 1819 2970 μαχό-

220 2995 414 3047 μενος.

293 3074 406 3138 νγ’.
439 3070 662 3142 Κόσμον
688 3073 840 3145 λέγει
899 3078 933 3150 ὴ
973 3078 1167 3153 Γραφὴ
1203 3081 1272 3135 τὰ
1299 3080 1463 3137 ὑλικὰ
1491 3083 1820 3156 πράγματα’

1933 581 2201 648 reddere,
2252 584 2396 652 quod
2452 585 2528 640 ita
2581 598 2918 658 prmeeptum
2969 593 3074 659 sit;
3124 610 3235 651 non
3284 603 3512 657 omnino

1931 681 2115 727 autem
2143 673 2326 729 adhuc
2355 675 2522 730 etiam
2561 676 2767 733 bonum
2804 695 2908 749 pro
2941 685 3085 739 malo
3124 686 3272 743 nitro
3310 707 3510 762 repen-

1931 762 2084 820 dere.
2111 763 2256 821 Bene
2295 767 2445 822 enim
2484 783 2552 823 ex
2591 771 2774 825 animo
2811 772 2992 830 facere
3026 777 3111 832 his
3131 780 3225 848 qui
3250 782 3508 853 oderunt,

1931 855 2188 926 perfectae
2212 858 2477 914 duntaxat
2499 860 2761 931 spiritalis
2781 867 3067 924 cbaritatis
3089 878 3191 927 est.

2004 947 2092 1002 50.
2137 948 2244 1016 Qui
2287 967 2401 1006 non
2445 951 2626 1023 diligit
2667 955 2941 1025 aliquem,
2983 977 3093 1016 non
3129 964 3244 1034 jam
3287 967 3511 1024 omnino

1931 1035 2096 1091 etiam
2126 1038 2273 1107 oditj;
2305 1054 2408 1096 nec
2434 1056 2465 1096 e
2487 1049 2702 1108 contra,
2730 1046 2824 1114 qui
2852 1063 2963 1103 non
2989 1050 3127 1114 odit,
3148 1053 3258 1124 jam
3283 1059 3511 1114 omnino

1929 1127 2097 1183 etiam
2125 1128 2305 1202 diligit
2329 1149 2342 1185 :
2376 1131 2472 1188 sed
2501 1141 2561 1187 ut
2582 1135 2800 1192 medius
2822 1152 2950 1210 erga
2978 1141 3131 1197 illum
3161 1160 3282 1201 esse
3305 1156 3506 1218 potest,

1930 1218 1987 1274 id
2013 1228 2128 1286 est,
2152 1221 2235 1277 sic
2256 1223 2438 1279 animo
2467 1237 2844 1295 comparatus,
2872 1239 2933 1284 ut
2958 1247 3137 1302 neque
3162 1236 3378 1308 diligat,
3406 1257 3510 1297 nc-

1929 1325 2039 1380 que
2079 1312 2280 1368 oderit.
2304 1313 2625 1372 Dilectionis
2651 1318 2798 1373 enim
2826 1320 3113 1391 aﬂ'ectum,
3138 1325 3215 1382 illi
3239 1330 3512 1388 duntaxat

1931 1403 2180 1474 quinque
2211 1405 2360 1461 modi
2391 1406 2447 1461 in
2477 1407 2638 1464 nobis
2667 1396 2873 1467 habent
2901 1413 3152 1485 gignere,
3183 1434 3323 1489 quos
3360 1439 3509 1491 nono

1928 1496 2109 1566 capite
2149 1495 2317 1569 418
2349 1515 2416 1554 ex
2455 1500 2543 1556 his
2575 1511 2805 1558 centum
2841 1507 3036 1573 retuli;
3072 1517 3187 1564 tum
3217 1527 3413 1584 nempe
3462 1516 3510 1571 is

1928 1588 2026 1658 qui
2049 1589 2266 1645 laudem
2290 1590 2479 1658 habet,
2501 1603 2618 1648 tum
2642 1596 2736 1665 qui
2762 1597 2975 1654 medius
2990 1609 3097 1666 est,
3120 1611 3236 1658 tum
3262 1606 3357 1676 qui
3381 1618 3510 1664 sunt

1928 1676 2206 1748 vituperio
2226 1679 2396 1752 digni.

2002 1770 2091 1825 51.
2119 1770 2258 1827 Cum
2299 1775 2532 1831 terrenis
2561 1776 2728 1832 rebus
2753 1793 3056 1851 earumque
3085 1785 3511 1855 cogitationibus

1930 1871 2171 1918 mentem
2219 1870 2368 1918 tuam
2413 1865 2651 1922 libenter
2694 1869 2972 1927 immorari
3015 1874 3248 1943 videris;
3295 1877 3412 1935 haec
3455 1892 3508 1936 te

1929 1954 2123 2026 magis,
2146 1971 2311 2026 quam
2348 1957 2522 2013 Deum
2561 1960 2810 2032 diligere,
2836 1967 3058 2022 noveris
3090 1987 3102 2021 :
3138 1969 3234 2025 Ubi
3262 1973 3402 2028 enim
3428 1983 3507 2029 est

1933 2050 2208 2104 thesaurus
2237 2056 2381 2115 tuus,
2408 2051 2487 2106 ait
2511 2053 2796 2121 Dominns,
2821 2058 2892 2112 ibi
2919 2066 2967 2112 et
2993 2077 3084 2114 cor
3109 2063 3207 2116 erit
3227 2064 3293 2118 ⁵⁸.

1996 2239 2080 2294 52.
2121 2241 2234 2296 Deo
2268 2245 2600 2314 conjunctus
2637 2248 2881 2313 animus,
2913 2251 3075 2322 eique
3115 2255 3381 2320 orationis
3419 2259 3505 2314 in-

1925 2333 2128 2388 stantia
2168 2345 2223 2390 et
2259 2335 2528 2394 charitate
2571 2340 2852 2408 assiduus,
2889 2345 3104 2415 sapiens
3145 2357 3200 2402 ct
3237 2351 3416 2407 bonus
3450 2363 3507 2409 et

1925 2435 2123 2496 potens
2175 2435 2230 2482 et
2283 2428 2556 2501 benignus
2603 2441 2661 2487 et
2707 2435 3023 2493 misericors
3074 2448 3131 2495 ct
3175 2441 3506 2514 longanimis
3591 2481 3594 2484 ~

1925 2514 2160 2572 edicitur
2201 2535 2214 2572 :
2260 2527 2444 2588 atque,
2472 2531 2532 2576 ut
2571 2523 2740 2582 verbo
2779 2524 2988 2592 dicam,
3026 2540 3251 2587 cunctas
3290 2533 3405 2590 fere
3447 2536 3505 2591 in

1924 2608 2106 2678 seipse
2134 2609 2350 2665 divinas
2381 2611 2698 2668 circumfert
2726 2615 2900 2671 dotes.
2934 2617 3072 2673 Dum
3101 2637 3255 2685 vero,
3275 2638 3342 2678 eo
3372 2625 3505 2679 reli-

1924 2707 2034 2765 cto,
2051 2702 2288 2757 terrenis
2318 2718 2375 2757 se
2407 2704 2574 2759 rebus
2607 2706 2870 2777 adiungit,
2897 2718 2994 2764 aut
3019 2713 3289 2780 pecuinus
3321 2716 3506 2772 evadit

1926 2788 2215 2862 (voluptati
2255 2795 2467 2850 scilicet
2507 2811 2570 2850 ac
2608 2796 2824 2852 libidini
2865 2799 3106 2873 deditus)
3143 2813 3238 2859 aut
3274 2807 3500 2872 ferinus,

1923 2889 2111 2932 earum
2149 2895 2313 2936 causa
2353 2883 2632 2940 hostiliter
2664 2900 2901 2958 pugnam
2937 2890 3190 2965 rixasque
3223 2895 3504 2956 instruens

1924 2983 2050 3023 cum
2080 2970 2416 3029 hominibus.

1993 3074 2080 3128 53.
2112 3075 2373 3132 Mundum
2423 3079 2712 3151 Scriptura
2778 3101 2866 3139 res
2916 3099 3165 3145 terrenas
3204 3102 3390 3160 vocat;
3439 3109 3503 3154 ac

217 3161 319 3214 καὶ
353 3167 617 3234 κοσμικοί
658 3169 802 3236 εἱσι,
847 3170 896 3224 οἱ
939 3171 1150 3238 τούτοις
1188 3174 1282 3227 τὸν
1312 3175 1438 3228 νοῦν
1467 3171 1821 3249 ἐνασχολοῦν-

1925 3167 2186 3223 mundani
2222 3177 2372 3235 sunt,
2397 3173 2492 3242 qui
2530 3173 2616 3228 his
2649 3185 2841 3231 vacant
2875 3187 3038 3249 atque
3071 3182 3256 3238 animo
3291 3185 3501 3256 impen-

216 3271 349 3319 τες,
412 3257 551 3329 πρὸς
594 3258 690 3324 οὓς
745 3263 842 3316 καὶ
910 3263 1060 3334 λέγει
1123 3266 1660 3339 ἐντρεπτικώτερον’
1718 3269 1817 3339 Μὴ

213 3345 502 3415 ἀγαπᾶτε
544 3350 654 3406 τὸν
700 3354 973 3424 κόσμον,
1022 3357 1180 3428 μηδὲ
1233 3358 1308 3413 τὰ
1347 3359 1420 3414 ἐν
1460 3359 1541 3427 τῷ
1587 3364 1814 3432 κόσμῳ.

225 3439 292 3495 Ἠ
308 3439 604 3511 ἐπιθυμία
630 3443 740 3514 τῆς
759 3447 1008 3516 σαρκὸς,
1035 3451 1135 3504 καὶ
1156 3450 1440 3520 ἐπιθυμία
1461 3449 1579 3506 τῶν
1595 3452 1818 3521 ὀφθαλ-

209 3529 395 3599 μῶν.
441 3533 541 3588 καὶ
583 3535 622 3603 ἡ
667 3536 990 3599 ἀλαζονεία
1048 3541 1156 3596 τοῦ
1220 3543 1398 3611 βίου,
1463 3544 1575 3599 οὐκ
1646 3544 1819 3600 ἐστιν

211 3620 285 3676 ἐκ
327 3624 443 3680 τοῦ
478 3627 625 3683 Θεοῦ
649 3643 663 3658 ο
720 3628 859 3686 ἀλλ’
905 3631 976 3686 ἐκ
1004 3633 1112 3688 τοῦ
1141 3633 1376 3705 κόσμου
1415 3635 1573 3700 ἐστι,
1614 3637 1709 3691 καὶ
1751 3637 1818 3690 τὰ

214 3715 383 3786 ἑξῆς.

295 3809 396 3863 δδ¹.
433 3812 680 3886 Μοναχός
709 3817 890 3883 ἐστιν,
921 3818 950 3870 6
974 3817 1083 3874 τῶν
1112 3819 1314 3874 ὑλικῶν
1350 3821 1694 3894 πραγμάτων
1724 3823 1816 3877 τὸν

211 3899 352 3955 νοῦν
395 3901 782 3974 ἀποχωρίσαςο
835 3909 931 3962 καὶ
981 3909 1050 3962 δι’
1082 3911 1414 3981 ἐγκρατείας
1446 3913 1544 3966 καὶ
1593 3913 1816 3985 ἀγάπης

213 3993 317 4046 καὶ
383 3993 702 4068 ψαλμῳδίας
749 4000 846 4053 καὶ
886 4003 1194 4074 προσευχῆς
1253 4005 1684 4077 προσκαρτερῶν
1737 4005 1816 4076 τῷ

215 4083 376 4154 Θεῷ.

288 4182 397 4231 νε¹.
427 4178 811 4253 Κτηνοτρόφος
854 4183 954 4254 μέν
990 4185 1139 4240 ἐστιν
1164 4187 1376 4258 νοητὸς,
1415 4188 1443 4240 6
1469 4188 1772 4259 πρακτικός
1795 4205 1810 4218 θ

213 4269 445 4340 κτηνῶν
473 4272 580 4344 γάρ
605 4275 763 4345 λόγον
797 4277 1058 4347 ἐπέχουσι
1078 4279 1150 4333 τά
1185 4279 1359 4350 ἠθικά
1390 4281 1810 4352 κατορθώματαο

211 4362 298 4417 διὸ
358 4365 459 4418 καὶ
511 4366 697 4437 ἐλεγεν
753 4372 782 4424 6
828 4373 1024 4426 Ἰακῶῦ
1055 4390 1068 4404 ·
1119 4373 1360 4443 Ἄνδρες
1417 4376 1813 4446 κτηνοτρόφοι

214 4455 392 4509 εἰσιν
418 4458 476 4510 οι
505 4459 716 4527 παῖδές
741 4477 878 4518 σου.
938 4464 1148 4536 Ποιμήν
1176 4466 1234 4520 δέ
1263 4467 1584 4546 προϐάτων,
1609 4471 1637 4522 6
1669 4487 1810 4538 γνω-

1921 3258 2158 3327 duntur,
2193 3263 2396 3332 quibus
2443 3267 2608 3321 etiam
2653 3271 2927 3326 austerius
2971 3272 3316 3346 objurganda
3360 3279 3438 3334 ait
3482 3299 3497 3334 :

1917 3351 2094 3406 Nolite
2138 3353 2359 3426 diligere
2404 3358 2692 3425 mundum,
2729 3377 2894 3432 neque
2937 3379 2998 3417 ea
3044 3381 3162 3436 qua:
3203 3368 3257 3421 in
3304 3371 3499 3425 mundo

1917 3454 2060 3499 sunt.
2091 3444 2525 3520 Concapiscentia
2562 3455 2767 3518 carnis,
2794 3464 2842 3508 et
2875 3460 3289 3528 concupiscentia
3324 3465 3500 3519 oculo-

1920 3551 2057 3599 rum,
2081 3544 2130 3590 et
2153 3540 2397 3610 superbia
2425 3543 2564 3608 vitae,
2589 3559 2693 3598 non
2721 3553 2841 3599 sunt
2864 3564 2928 3601 ex
2947 3547 3076 3616 Deo,
3101 3552 3192 3605 sed
3221 3570 3281 3607 ea:
3306 3558 3498 3612 mundo

1917 3640 2040 3683 sunt
2066 3629 2131 3696 ⁸³,
2159 3641 2214 3686 ct
2240 3649 2360 3703 qua:
2390 3645 2716 3706 sequuntur.

1989 3803 2076 3858 54.
2111 3803 2412 3859 Monachus
2447 3813 2566 3870 cst,
2596 3807 2689 3877 qui
2731 3819 2970 3864 mentem
3005 3826 3158 3867 suam
3195 3830 3226 3868 a
3262 3818 3498 3874 terrenis

1917 3896 2082 3952 rebus
2107 3896 2402 3964 abstraxit;
2430 3913 2491 3953 ac
2516 3900 2608 3969 qui
2637 3915 2736 3970 per
2753 3903 3147 3960 continentiam
3173 3915 3228 3961 et
3250 3907 3496 3966 dilectio-

1916 4005 2041 4045 nem
2076 3998 2131 4045 et
2162 3991 2520 4061 psalmodiam
2559 3993 2863 4066 orandique
2900 3999 3143 4053 studium
3167 4041 3180 4064 ,
3213 4001 3325 4057 Deo
3356 4006 3494 4061 assi-

1916 4082 2060 4137 duus
2085 4085 2319 4140 exsiStit.

1986 4173 2072 4229 55.
2107 4175 2384 4244 Spiritalls
2424 4191 2681 4247 pecorum
2729 4189 2915 4248 pastor
2952 4191 3066 4250 est,
3096 4200 3187 4253 qui
3225 4187 3494 4243 actionem

1915 4269 2048 4324 colit
2091 4288 2104 4324 :
2148 4286 2408 4341 pecorum
2443 4273 2593 4328 enim
2631 4275 2902 4330 rationem
2945 4277 3172 4345 habent,
3207 4283 3492 4338 moralinm

1916 4377 2082 4432 Opera
2113 4365 2398 4419 virtutum.
2429 4365 2642 4420 idcirco
2671 4367 2836 4427 etiam
2864 4369 3045 4423 aiebat
3069 4371 3237 4427 Jacob
3267 4391 3279 4427 :
3305 4373 3495 4432 Pasto-

1915 4476 1998 4513 res
2036 4476 2281 4530 pecorum
2320 4469 2443 4513 sunt
2480 4462 2615 4514 servi
2657 4461 2733 4514 tui
2753 4462 2817 4516 “.
2848 4459 3060 4516 Oviunr
3087 4475 3268 4520 autem
3309 4477 3494 4536 pastor

219 4545 441 4610 στικός.
476 4548 770 4620 Προὸάτων
798 4554 906 4624 γάρ
942 4531 1420 4628 λόγονγέπέχοῦσιν
1455 4560 1504 4611 0i
1531 4531 1804 4630 λογισμοὶ,

1922 4565 2024 4618 est.
2058 4555 2151 4626 qui
2193 4555 2377 4611 studet
2412 4557 2656 4612 scicntia:
2695 4573 2759 4611 ac
2796 4560 3263 4630 contemplationi.
3296 4562 3490 4618 Ovium

217 4637 315 4690 ἐπὶ
353 4638 426 4692 τά
460 4638 562 4712 ὄρη
593 4641 701 4694 τῶν
727 4641 1101 4716 θεωρημάτων
1133 4648 1237 4703 ὑπὸ
1262 4647 1358 4704 τοῦ
1395 4649 1488 4704 νοῦ
1519 4651 1806 4720 ποιμαινὸ-

221 4748 411 4801 μενοι.
455 4733 560 4787 Διὰ
609 4735 769 4791 τοῦτο
815 4738 910 4791 καὶ
939 4741 1257 4812 Βδέλυγμα
1302 4742 1429 4810 τοῖς
1461 4744 1809 4814 Αίγυπτίοις

217 4823 347 4890 πᾶς
383 4826 613 4896 ποιμὴν
641 4828 983 4898 προϐάτων,
1034 4832 1204 4902 ήγουν
1232 4837 1352 4899 ταῖς
1397 4837 1668 4902 ἐναντίαις
1718 4835 1809 4889 δυ-

219 4931 454 4986 ναμεσι.

292 5095 418 5156 νς’.
455 5090 513 5145 '0
541 5093 642 5163 μὲν
672 5096 874 5165 φαῦλος
903 5099 1046 5163 νοῦς,
1094 5102 1412 5172 κινουμένον
1439 5105 1533 5158 τοῦ
1562 5105 1815 5178 σώματος

219 5182 314 5238 διὰ
367 5183 481 5237 τῶν
538 5187 845 5259 αἰσθήσεων
899 5191 992 5244 ἐπὶ
1049 5193 1146 5256 τὰς
1189 5194 1329 5258 ἰδίας
1375 5196 1674 5267 ἐπιθυμίας
1719 5200 1817 5251 καὶ

219 5274 829 5344 ἡδονάς,ἐξακολουϐεἴ,
867 5283 960 5335 κα)⁸
992 5285 1445 5352 συγκατατίθεται
1478 5289 1597 5352 ταῖς
1622 5288 1813 5341 τούτου

222 5368 562 5436 φαντασίαις
601 5373 694 5425 καὶ
733 5375 930 5444 ὁρμαῖς
956 5394 970 5407 ι
999 5378 1028 5429 6
1065 5377 1124 5431 δὲ
1171 5379 1446 5450 ἐνάρετος,
1478 5381 1812 5454 ἐγκρατεύε-

222 5474 339 5522 ται,
379 5460 477 5512 καὶ
517 5463 736 5533 κατέχει
787 5466 978 5520 ἑαυτὸν
1014 5469 1123 5522 ἀπὸ
1161 5469 1270 5524 τῶν
1315 5471 1582 5540 ἐμπαθῶν
1605 5491 1813 5542 φαντα-

227 5548 365 5601 σιῶν
419 5553 516 5605 καὶ
555 5555 780 5624 ὁρμῶν,
831 5558 924 5610 καὶ
977 5560 1181 5630 μᾶλλον
1241 5563 1524 5632 φιλοσοφεῖ
1568 5563 1812 5634 βελτίους

231 5641 462 5706 ποιῆται
493 5643 588 5709 τὰς
623 5647 878 5712 τοιαύτας
908 5651 1075 5704 αὐτοῦ
1110 5655 1370 5724 κινήσεις.

1911 4651 2059 4704 enim
2092 4649 2360 4704 rationem
2386 4650 2591 4705 habent
2619 4653 2977 4722 cogitationes
3004 4654 3282 4725 animique
3310 4671 3486 4717 sensa.

1914 4757 2036 4812 qum
2073 4743 2128 4796 in
2169 4742 2448 4797 montibus
2486 4745 2814 4814 spiritalium
2860 4747 3385 4817 contemplationum
3427 4768 3492 4806 ac

1918 4834 2202 4888 notionum
2249 4850 2280 4889 a
2328 4842 2510 4890 mente
2557 4843 2878 4905 pascuntur.
2923 4837 3219 4908 Propterea
3263 4841 3425 4894 etiam
3477 4861 3488 4894 :

1917 4925 2250 4981 Abominatio
2288 4937 2363 4981 est
2400 4926 2663 4999 .Egyptiis
2700 4931 2867 4983 omnis
2905 4937 3090 5000 pastor
3126 4931 3394 4998 ovium",
3438 4933 3491 4987 id

1914 5027 2020 5081 est,
2048 5017 2380 5073 adversariis
2405 5019 2788 5089 potestatibus.

1987 5109 2074 5163 56.
2108 5108 2280 5164 Prava
2309 5124 2487 5174 mens,
2519 5109 2746 5165 incitato
2776 5125 3004 5181 corpore
3035 5127 3297 5168 sensuum
3327 5129 3494 5186 opera

1918 5199 1971 5253 in
2003 5216 2130 5255 suas
2163 5199 2496 5270 cupiditates
2526 5217 2591 5256 ac
2622 5201 2918 5269 libidines,
2947 5205 3190 5275 proclive
3221 5208 3492 5278 sequitur,

1915 5293 2257 5363 assentitque
2292 5294 2440 5349 illius
2473 5294 2904 5366 cogitationibus
2935 5306 2991 5352 et
3019 5300 3448 5369 appetitionibus
3478 5322 3489 5356 :

1916 5391 1971 5437 at
1998 5383 2092 5454 qui
2118 5384 2338 5439 virtutis
2365 5387 2543 5440 cultor
2565 5393 2670 5452 est,
2689 5386 2806 5457 ipse
2834 5403 2891 5444 se
2916 5390 3182 5457 continet,
3204 5399 3469 5463 temperat

1913 5490 2023 5545 que
2054 5491 2087 5530 a
2117 5476 2333 5532 vitiosis
2363 5478 2788 5549 cogitationibus
2818 5490 2876 5537 et
2905 5483 3355 5552 appetitionibus,
3383 5501 3498 5540 ma-

1913 5567 2106 5637 gisque
2140 5569 2580 5640 philosophatur,
2609 5588 2671 5628 ae
2705 5575 2888 5630 studet
2921 5585 2981 5630 ut
3009 5577 3279 5648 ejusmodi
3315 5587 3495 5633 motus

1914 5660 2127 5714 meliori
2158 5659 2314 5732 fruge
2346 5674 2656 5734 componat.

224 5787 272 5820 "
302 5788 497 5846 Matth.
531 5809 602 5860 γι,
633 5799 722 5850 2|.
801 5801 845 5831 ⁸³
870 5802 888 5854 l
914 5801 1071 5857 Joan.
1110 5821 1166 5870 ιι,
1203 5807 1286 5860 15.
1365 5807 1408 5838 ⁸³
1443 5806 1578 5862 Gen.
1617 5811 1821 5877 unus

1929 5816 1974 5846 ³⁵
2001 5813 2138 5872 Gen.
2172 5832 2317 5883 xu't,
2354 5818 2442 5874 56.

482 5887 754 5953 Ρηιιοι..
789 5895 904 5956 CR.
945 5898 1064 5957 XC.
