4048 6472
551 437 685 500 10.)?

1707 444 1768 504 S.
1805 444 2090 505 ΜΛΧΙΜΙ
2130 440 2270 505 CON
2281 441 2634 505 FESSOllIS

3672 438 3797 506 1008

550 565 781 621 precum
829 561 1089 610 contenta
1118 554 1376 627 jugisque
1407 555 1773 622 exercitatio;
1806 557 1937 612 huic
1971 572 2126 622 vero,

2237 556 2353 619 νίας
2379 557 2476 610 καὶ
2505 555 2814 628 προσευχῆς
2840 573 2854 587 ·
2886 557 2979 610 τὸν
3004 556 3061 610 δὲ
3082 597 3096 620 ,
3132 556 3438 628 χρηστότης
3480 555 3578 609 καὶ
3612 554 3796 624 φιλαν-

551 642 770 708 lenitas,
793 643 1125 715 benignitas,
1155 646 1420 713 charitas,
1443 646 1842 703 misericordia.

623 733 712 787 71.
751 733 1058 798 Dazmones,
1110 744 1206 790 aut
1257 751 1442 790 rerum
1495 735 1720 792 incursu
1751 737 1956 791 bellum
2003 751 2126 790 mo-

551 831 701 889 vent,
744 833 840 879 aut
866 824 1288 882 libidinosarum
1315 827 1373 882 in
1414 827 1582 884 rebus
1605 829 2020 900 cogitationum.
2049 827 2129 884 Ac

551 914 774 984 quidem
804 931 988 971 rerum
1033 917 1280 983 incursu,
1304 935 1402 975 eos
1448 920 1548 990 qui
1583 921 1638 974 in
1664 921 1832 976 rebus
1864 935 1929 988 ac
1962 934 2131 990 nego-

553 1006 648 1064 tiis
675 1015 1004 1075 versantur;
1038 1011 1432 1081 cogitationum
1458 1029 1616 1079 vero,
1660 1028 1779 1080 eos,
1808 1013 1904 1083 qui
1927 1027 1987 1069 se
2019 1011 2129 1068 illis

550 1105 744 1177 procul
774 1105 1191 1162 subduxerunt“

623 1195 714 1252 '12.
751 1196 968 1262 Quanto
1012 1195 1318 1266 proclivius
1372 1203 1460 1250 est
1513 1211 1578 1251 ac
1628 1195 1886 1261 facilius,
1945 1203 2128 1250 tecum

551 1288 738 1344 animo
777 1304 844 1344 ac
873 1287 1208 1359 cogitatione
1233 1301 1485 1357 peccare,
1539 1302 1705 1357 quam
1740 1287 1860 1357 ipso
1891 1298 2017 1342 actu
2049 1296 2130 1342 at-

549 1394 660 1450 que
678 1395 879 1450 opere;
917 1389 1070 1436 tanto
1113 1377 1337 1449 gravius
1364 1386 1448 1434 est
1482 1378 1713 1442 bellum,
1765 1377 1914 1448 quod
1936 1393 2006 1434 ex
2033 1393 2128 1432 co-

549 1472 934 1543 gitationibus,
961 1485 1126 1542 quam
1159 1470 1306 1541 quod
1333 1486 1401 1528 ex
1435 1470 1602 1528 rebus
1631 1469 1977 1541 negotiisque
2000 1484 2132 1527 con-

552 1563 736 1618 ﬂatur.
1595 1582 1604 1592 ·

626 1653 714 1712 75.
755 1653 865 1718 Res
896 1653 1029 1724 ipsas
1059 1662 1216 1710 extra
1251 1661 1492 1713 mentem
1540 1661 1668 1710 sunt
1710 1669 1726 1707 :
1776 1667 1962 1708 rerum
1997 1667 2132 1707 vero

553 1745 935 1816 cogitationes,
962 1744 1107 1802 intra
1125 1743 1455 1802 consistunt.
1482 1744 1617 1815 Ejus
1645 1744 1829 1815 itaque
1857 1744 2134 1804 facultatis

2229 647 2448 717 θρωπία
2473 649 2568 702 xai
2591 648 2779 718 ἀγάπη
2805 648 2901 701 καὶ
2934 648 3100 713 ἔλεος.

2295 737 2398 792 οα’.
2439 740 2508 792 Ἦ
2539 738 2630 792 διὰ
2651 739 2760 792 τῶν
2791 744 3132 810 πραγμάτων
3153 742 3204 794 οἱ
3245 739 3502 811 δαίμονες
3527 736 3796 808 πολεμοῖμ

2229 845 2332 892 σιν,
2367 830 2400 901 ἦ
2440 828 2528 883 διὰ
2566 830 2672 882 τῶν
2713 831 2774 883 ὲν
2805 831 2919 892 τοῖς
2941 829 3266 900 πράγμασιν
3303 829 3574 900 ὲμπαθῶν
3598 828 3798 898 νοημά-

2227 938 2357 978 των.
2409 923 2521 976 Kal
2571 912 2805 993 διὰέμὲν
2847 923 2956 976 τῶν
3017 925 3384 995 πραγμάτων,
3408 924 3536 987 τοὺς
3589 925 3650 975 ὲν
3694 924 3799 985 τοῖς

2227 1013 2517 1085 πράγμασι
2556 1014 2715 1078 ὄντας
2738 1049 2754 1078 ,
2783 1015 2872 1070 διὰ
2927 1015 2984 1068 δὲ
3038 1015 3147 1069 τῶν
3196 1016 3506 1088 νοημάτων,
3539 1017 3669 1079 τοὺς
3698 1015 3800 1068 τῶν

2229 1109 2574 1180 πραγμάτων
2598 1109 3066 1180 κεχωρισμένους.

2299 1195 2399 1268 οβ’.
2439 1193 2602 1253 Ὀσον
2666 1199 2816 1252 ἐστὶν
2863 1197 3243 1271 εὐκοπώτερον
3286 1198 3348 1253 τὸ
3385 1198 3528 1252 κατὰ
3565 1197 3801 1251 διάνοιαν

2228 1289 2568 1360 ἁμαρτάνειν
2595 1289 2690 1343 τοῦ
2721 1290 2842 1344 κατ’
2873 1290 3179 1362 ἐνέργειαν,
3206 1289 3461 1344 τοσοῦτόν
3483 1291 3600 1344 ἐστι
3632 1287 3800 1358 βαρὺ-

2228 1398 2386 1452 τερος
2414 1383 2444 1435 ὁ
2469 1381 2556 1434 διὰ
2611 1380 2720 1434 τῶν
2759 1382 3047 1453 νοημάτων
3093 1381 3365 1450 πόλεμος,
3411 1379 3506 1434 τοῦ
3559 1379 3649 1433 διὰ
3696 1378 3794 1433 τῶι

2231 1489 2381 1545 πραγ
2389 1471 2596 1544 μάτων.

2303 1645 2402 1716 ογ’.
2430 1649 2511 1702 Τὰ
2559 1649 2658 1720 μὲν
2709 1650 3013 1722 πράγματα
3045 1649 3248 1715 ἔξωθέν
3295 1651 3401 1703 είσι
3445 1649 3540 1704 τοῦ
3572 1649 3668 1703 νοῦ
3692 1669 3706 1682 ο
3740 1651 3804 1704 τά

2231 1739 2289 1794 δὲ
2313 1738 2518 1794 τούτων
2549 1741 2798 1811 νοήματα
2853 1740 2962 1794 ἔσω
2995 1741 3356 1794 συνίστανται.
3403 1737 3492 1794 Ἐν
3521 1739 3678 1810 αὐτῷ
3713 1737 3808 1795 οὗν

551 1843 661 1899 εει.
689 1836 829 1892 bene
858 1836 989 1900 illis,
1015 1850 1087 1890 an
1119 1849 1303 1901 secus,
1339 1844 1548 1898 utatur.
1572 1835 1730 1903 Quod
1757 1837 1905 1894 enim
1939 1852 2133 1894 errore

2237 1832 2374 1897 ἑστι,
2403 1831 2467 1884 τὸ
2505 1828 2567 1886 εὖ
2619 1832 2834 1895 τούτοις
2885 1833 3214 1904 χρήσασθαι,
3249 1832 3282 1903 ἢ
3326 1833 3534 1898 κακῶς.
3563 1833 3644 1904 Τῇ
3700 1834 3809 1904 γὰρ

555 1926 726 1981 animi
760 1925 940 1982 sensis
967 1934 1211 1990 utamur,
1245 1940 1434 1988 rerum,
1453 1925 1664 1988 abusus
1689 1928 2072 1997 consequitur.

2237 1922 2549 1995 ὲσφαλμένῃ
2574 1923 2686 1977 τῶν
2718 1924 3007 1994 νοημάτων
3066 1924 3261 1995 χρήσει
3291 1922 3363 1994 (b)
3391 1926 3424 1994 ἡ
3457 1926 3809 1996 παράχρησις

625 2113 714 2170 74.
751 2111 894 2168 Sunt
917 2112 1035 2170 haec
1064 2112 1203 2178 tria,
1254 2111 1400 2171 unde
1429 2127 1586 2171 mens
1628 2114 1954 2174 libidinosas
1988 2117 2138 2190 cogi-

558 2202 796 2266 tationes
815 2203 1081 2271 assumit;
1107 2218 1312 2276 nempe
1326 2219 1394 2264 ex
1418 2220 1606 2274 sensu,
1637 2223 1706 2265 ex
1733 2210 2133 2280 complexione,

556 2311 624 2352 ex
655 2295 943 2354 memoria.
975 2298 1054 2353 Ac
1083 2296 1310 2367 quidem
1339 2313 1406 2356 ex
1427 2313 1616 2365 sensu,
1646 2315 1773 2359 cum
1811 2316 1902 2356 res
1925 2300 2008 2358 illi
2031 2301 2136 2358 ob-

552 2389 712 2458 jecta!
743 2388 946 2458 quibus
983 2385 1275 2454 aﬂicimur,
1309 2389 1377 2446 ad
1423 2389 1752 2448 libidinosas
1775 2407 1896 2448 eam
1928 2395 2136 2464 cogita-

559 2479 739 2540 tiones
775 2479 1086 2551 impelluut.
1122 2479 1203 2539 Ex
1227 2480 1608 2552 complexione
1640 2491 1826 2544 autem
1870 2498 1969 2541 seu
2002 2492 2138 2540 tem-

559 2580 908 2642 peramento,
941 2585 1069 2626 cum
1101 2586 1200 2640 per
1230 2570 1572 2630 luxuriosam
1599 2573 1781 2631 victus
1822 2575 2094 2632 rationem
2118 2615 2135 2641 ,

559 2669 658 2717 aut
689 2660 1013 2731 operatione
1069 2660 1406 2727 daemonum.
1447 2661 1564 2722 aut
1596 2676 1697 2731 per
1751 2661 2137 2733 mgritudinem

559 2753 801 2824 aliquam
853 2753 1100 2816 deterior
1130 2752 1274 2810 facta
1337 2769 1402 2810 ac
1453 2755 1763 2820 immutata,
1798 2755 1868 2812 ad
1910 2756 2139 2812 vitiosas

559 2847 826 2918 ejusmodi
861 2844 1229 2917 cogitationes
1272 2846 1495 2913 excitat,
1526 2846 1614 2904 vel
1670 2846 1896 2916 obloqui
1945 2848 2137 2904 Provi-

561 2936 764 2994 dentiae
817 2937 985 3008 cogit.
1041 2935 1122 2997 Ex
1153 2936 1422 2992 memoria
1455 2953 1608 3004 vero,
1644 2953 1771 2998 cum
1825 2937 1920 2994 illa
1955 2953 2136 2994 rerum

561 3027 767 3098 quibus
812 3027 996 3088 allecti
1039 3035 1148 3096 aut,
1168 3026 1427 3087 delectati
1473 3044 1688 3096 sumus,
1724 3039 2027 3100 conceptus
2052 3046 2140 3088 re-

561 3117 741 3186 fricat,
797 3118 1076 3189 similique
1130 3117 1342 3178 ratione
1374 3119 1444 3176 ad
1496 3119 1729 3180 vitiosas
1775 3120 2139 3193 cogitationes

563 3216 765 3265 movet.

530 3317 534 3320 η
632 3301 723 3355 75.
761 3301 970 3361 Rerum
1001 3307 1166 3368 nobis
1189 3323 1222 3367 a
1254 3309 1367 3367 Deo
1413 3305 1472 3365 in
1505 3320 1666 3368 usum
1708 3310 2097 3367 cencessarum
2119 3345 2135 3372 ν

560 3390 681 3447 alia:
712 3391 770 3447 in
800 3395 986 3451 animo
1008 3407 1158 3463 sunt,
1183 3396 1305 3452 alia:
1331 3396 1388 3451 in
1421 3410 1676 3466 corpore,
1711 3394 1834 3457 alia:
1852 3393 2001 3454 circa
2023 3409 2141 3454 cor-

561 3497 688 3553 pus.
726 3483 864 3544 Puta
908 3485 966 3544 in
1029 3488 1214 3544 animo
1243 3527 1259 3554 ,
1313 3487 1439 3559 ejus
1498 3486 1676 3554 vires;
1742 3486 1801 3542 in
1861 3500 2094 3556 corpore
2122 3525 2139 3551 ,

560 3573 725 3649 422
755 3591 1018 3650 sensuum
1055 3593 1258 3656 organa
1289 3595 1355 3644 ac
1410 3578 1661 3638 membra
1696 3577 1910 3648 reliqua
1939 3595 1954 3633 :
1987 3578 2138 3634 circa

563 3678 788 3735 corpus,
821 3667 953 3734 cibi,
985 3669 1384 3738 possessiones,
1428 3683 1584 3740 opes,
1610 3683 1677 3728 ac
1718 3667 1776 3724 id
1807 3683 1982 3739 genus
2008 3667 2136 3723 alia.

561 3753 721 3824 Quod
743 3756 831 3813 his
856 3757 1026 3829 igitur
1047 3759 1190 3818 bene
1209 3769 1306 3826 aut
1328 3759 1470 3814 male
1505 3768 1747 3827 utamur,
1782 3773 1883 3815 seu
1917 3758 1987 3816 iis
2016 3772 2141 3829 quae

561 3845 712 3902 circa
742 3847 858 3906 haec
883 3850 1167 3918 accidunt,
1189 3851 1323 3910 boni
1350 3861 1447 3914 aut
1472 3851 1599 3907 mali
1632 3849 1926 3906 cllicimur.

635 4125 722 4182 76.
763 4125 1146 4186 Accidentium
1208 4132 1264 4186 in
1299 4130 1488 4195 rebus,
1537 4130 1644 4186 alia
1689 4130 1747 4188 in
1783 4131 1968 4190 animo
1988 4141 2138 4199 sunt,

565 4215 673 4278 alia
727 4216 784 4274 in
818 4233 1086 4290 corpore;
1117 4221 1226 4283 alia
1257 4221 1327 4280 iis
1370 4221 1428 4280 in
1462 4221 1651 4288 rebus,
1686 4237 1808 4292 qua:
1839 4231 1970 4280 sunt
1995 4223 2140 4283 circa

564 4322 786 4379 corpus.
840 4309 919 4366 Ac
962 4312 1188 4382 quidem
1223 4312 1281 4368 in
1336 4313 1543 4380 animo,
1601 4313 1775 4374 veluti
1825 4313 2057 4375 scicntia
2085 4324 2142 4372 et

565 4397 896 4470 ignorantia,
931 4402 1140 4458 oblivio
1166 4412 1224 4460 et
1255 4403 1544 4470 memoria,
1579 4402 1806 4467 dilectio
1839 4412 1896 4460 et
1927 4403 2137 4469 odium.

576 4489 743 4546 timor
757 4493 811 4551 ει
841 4491 1090 4560 audacia,
1123 4495 1343 4552 tristitia
1363 4502 1421 4550 et
1443 4494 1727 4566 gaudium,
1753 4501 1920 4565 atque
1948 4495 2036 4552 his
2067 4496 2142 4554 si-

2236 2014 2346 2070 τῶν
2378 2015 2724 2087 πραγμάτων
2747 2015 3050 2072 ἀκολουθεῖ.

2303 2105 2398 2161 οδ¹.
2423 2108 2521 2160 Διὰ
2551 2106 2660 2161 τῶν
2687 2107 2858 2180 τριῶν
2883 2107 3091 2162 τούτων
3110 2107 3380 2178 λαμϐάνει
3401 2109 3430 2162 ὀ
3458 2107 3585 2172 νοῦς
3617 2109 3689 2161 τὰ
3718 2109 3810 2178 ὲμο

2239 2199 2384 2270 παθῆ
2413 2201 2659 2270 νοήματα
2675 2216 2690 2230 ο
2713 2200 2802 2255 διὰ
2822 2200 2924 2270 τῆς
2946 2200 3272 2271 αἰσθήσεως,
3301 2200 3390 2256 διὰ
3417 2203 3516 2272 τῆς
3537 2200 3811 2271 κράσεως.

2237 2289 2330 2343 διὰ
2358 2289 2460 2358 τῆς
2497 2290 2737 2362 μνήμης.
2771 2290 2881 2344 Kal
2915 2290 3005 2344 διὰ
3036 2290 3135 2361 μὲν
3167 2289 3265 2361 τῆς
3307 2289 3620 2360 αἰσθήσεως
3640 2333 3656 2355 ,
3687 2290 3815 2344 ὅταν

2239 2373 2648 2444 προσϐάλλοντα
2675 2373 2813 2444 αὐτῇ
2846 2373 2913 2428 τὰ
2941 2373 3245 2444 πράγματα
3268 2372 3404 2444 πρὸς
3431 2373 3578 2446 άπερ
3605 2372 3680 2428 τὰ
3719 2375 3812 2428 πά-

2239 2465 2308 2536 θη
2357 2464 2710 2537 κεκτήμεθα,
2754 2468 2880 2536 κινῇ
2931 2466 3098 2520 αὑτὸν
3147 2466 3284 2538 πρὸς
3353 2467 3625 2538 ἐμπαθεῖς
3667 2467 3808 2536 λογιο

2239 2558 2430 2629 σμούς.
2455 2558 2554 2614 Διά
2567 2559 2624 2614 δὲ
2650 2558 2750 2631 τῆς
2779 2560 3050 2629 κράσεως,
3084 2560 3214 2614 ὃταν
3246 2559 3308 2624 ἐξ
3333 2559 3639 2613 ἀκολάστου
3680 2559 3812 2613 διαί-

2233 2668 2358 2721 της,
2389 2650 2424 2721 ἢ
2449 2650 2732 2722 ἄνεργείας
2776 2650 3073 2720 δαιμόνων,
3095 2651 3129 2721 ἦ
3188 2651 3491 2721 νοσήματός
3541 2667 3694 2714 τινος
3726 2652 3812 2705 ἀλ-

2237 2742 2586 2814 λοιουμένηή
2619 2740 2714 2796 τοῦ
2759 2741 3014 2814 σώματος
3043 2744 3261 2814 κρᾶσις,
3293 2745 3414 2813 κινῇ
3447 2743 3611 2798 αὑτὸν
3653 2742 3814 2797 πάλιν

2238 2835 2374 2907 πρὸς
2401 2835 2669 2908 ἐμπαθεῖς
2689 2835 3006 2907 λογισμοὺς,
3031 2836 3065 2908 ἢ
3086 2835 3229 2889 κατὰ
3265 2835 3364 2905 τῆς
3399 2835 3687 2906 Προνοίας.
3720 2837 3812 2888 Διὰ

2237 2928 2295 2983 δὲ
2327 2928 2428 2998 τῆς
2460 2929 2703 3000 μνήμης,
2727 2930 2853 2983 ὅταν
2903 2928 3013 2982 τῶν
3073 2927 3414 3010 πραγμάτων
3468 2927 3607 3000 πρὸς
3675 2927 3812 2996 άπερ

2241 3020 2594 3093 πεπόνθαμεν
2621 3020 2690 3076 τὰ
2723 3023 2970 3092 νοήματα
3007 3023 3042 3094 ή
3083 3023 3273 3092 μνήμη
3299 3021 3572 3094 ἀναφέρῃ,
3601 3021 3701 3076 καὶ
3732 3039 3808 3074 κιο

2239 3115 2307 3185 νῇ
2337 3113 2500 3168 αὑτὸν
2527 3113 2730 3186 ὁμοίως
2764 3115 2899 3186 πρὸς
2923 3113 3194 3186 ἐμπαθεῖς
3219 3112 3532 3184 λογισμούς.

2309 3294 2404 3354 σε’.
2437 3296 2559 3353 Τῶν
2604 3298 2684 3362 εἰς
2748 3299 2942 3370 χρῆσιν
2983 3297 3139 3369 παρὰ
3193 3296 3329 3351 Θεοῦ
3383 3296 3647 3353 δοθέντων
3682 3298 3810 3369 ἡμῖν

2240 3391 2584 3461 πραγμάτων
2617 3431 2632 3458 ,
2667 3390 2736 3444 τὰ
2785 3391 2905 3462 μὲν,
2943 3391 3002 3443 ἐν
3039 3394 3105 3462 τῇ
3160 3391 3306 3462 ψυχῇ
3332 3430 3346 3456 ,
3388 3391 3456 3445 τὰ
3509 3391 3588 3456 δὲ,
3627 3391 3688 3444 ἐν
3732 3390 3809 3460 τῷ

2237 3479 2504 3551 σώματι,
2558 3481 2630 3535 τὰ
2679 3480 2758 3544 δὲ,
2809 3480 2942 3552 περὶ
2981 3480 3045 3534 τὸ
3087 3480 3246 3551 σῶμα
3297 3481 3632 3551 εὑρίσκεται,
3679 3476 3805 3537 οἷον.

2237 3573 2300 3626 ὲν
2352 3571 2453 3644 μὲν
2503 3575 2570 3644 τῇ
2619 3573 2790 3645 ψυχῇ,
2827 3574 2883 3628 αἱ
2937 3572 3199 3644 δυνάμεις
3255 3572 3429 3645 αὐτῆς
3463 3591 3481 3607 ο
3510 3576 3571 3629 ἑν
3623 3575 3682 3629 δι
3732 3573 3808 3644 τῷ

2241 3664 2475 3736 σώματι,
2514 3664 2584 3720 τὰ
2621 3666 2954 3739 αἰσθητήρια
2991 3667 3085 3722 καὶ
3111 3666 3180 3723 τὰ
3216 3665 3380 3722 λοιπὰ
3405 3667 3547 3738 μέλη
3569 3683 3585 3698 ο
3608 3666 3804 3738 trepidi.

2238 3756 2302 3813 τὺ
2349 3757 2548 3829 σῶμα,
2583 3757 2883 3830 βρώματα,
2927 3761 3206 3830 κτήματα,
3267 3760 3361 3815 καὶ
3402 3759 3472 3814 τὰ
3525 3758 3673 3829 ἑξῆς.
3737 3759 3804 3811 Τὸ

2237 3844 2334 3907 οὖν
2385 3846 2445 3905 εὖ
2501 3850 2711 3916 τούτοις
2763 3852 3069 3924 χρήσασθαι
3103 3852 3138 3922 ἢ
3191 3852 3401 3917 κακῶς,
3432 3852 3466 3922 ἢ
3527 3854 3638 3915 τοῖς
3683 3853 3804 3922 περὶ

2239 3940 2412 3999 ταῦτα
2469 3941 2893 4013 συμϐεϐηκόσιν,
2928 3942 2962 4013 ἦ
2991 3943 3337 4016 ἐναρέτουςῆ
3369 3943 3607 4014 φαύλους
3665 3944 3803 4014 ἡμᾶς

2239 4033 2555 4104 ἀποφαίνει.

2251 4197 2261 4207 _
2314 4121 2422 4189 ος’.
2446 4125 2568 4183 Τῶν
2599 4125 2658 4181 ὲν
2676 4127 2789 4190 τοῖς
2826 4125 3119 4198 πράγμασι
3147 4124 3683 4196 συμδεϐηκότων,τὰ
3711 4125 3804 4196 μέν

2239 4218 2347 4271 alat
2371 4216 2479 4271 τῶν
2509 4218 2568 4270 ὲν
2603 4221 2670 4288 τῇ
2701 4218 2846 4290 ψυχῇ
2872 4257 2889 4283 ,
2917 4219 2986 4276 τὰ
3008 4218 3096 4284 δὲ,
3121 4218 3232 4274 τῶν
3261 4220 3320 4274 ιν
3345 4218 3430 4290 τῷ
3461 4218 3708 4290 σώματι,
3737 4219 3801 4272 τὰ

2241 4309 2320 4375 δὲ,
2353 4310 2463 4364 τῶν
2493 4311 2625 4380 περὶ
2655 4310 2716 4372 τὸ
2744 4309 2908 4382 σῶμα
2939 4312 3300 4383 πραγμάτων.
3329 4311 3444 4368 Καὶ
3489 4313 3598 4368 τῶν
3627 4311 3720 4383 μὲν
3745 4311 3799 4365 ὲν

2239 4405 2306 4475 τῇ
2333 4402 2502 4475 ψυχῇ,
2537 4397 2672 4469 οἷον,
2714 4403 2918 4474 γνῶσις
2972 4403 3068 4462 καὶ
3119 4403 3333 4474 ἄγνοια,
3389 4405 3528 4476 λήθη
3557 4405 3651 4461 καὶ
3674 4406 3798 4476 μνή-

2242 4511 2319 4567 μη
2343 4535 2358 4560 ,
2391 4495 2580 4568 ἀγάπη
2615 4497 2708 4555 καὶ
2739 4499 2921 4566 μῖσος,
2949 4495 3113 4566 φόϐος
3147 4497 3244 4554 καὶ
3269 4497 3470 4569 θάρσος
3497 4537 3514 4562 ,
3545 4497 3684 4568 λύπη
3711 4497 3797 4554 καὶ

566 4579 735 4650 milia.
771 4580 831 4634 ln
863 4596 1095 4650 corpore
1142 4593 1350 4647 autem,
1395 4592 1528 4653 puta
1591 4584 1846 4654 voluptas
1869 4593 1926 4649 et
1958 4586 2136 4652 dolor,

2242 4587 2408 4660 χαρὰ,
2447 4587 2544 4645 καὶ
2595 4588 2667 4644 τὰ
2723 4589 2852 4659 ἑξῆς
2877 4605 2892 4618 ·
2924 4589 3031 4644 τῶν
3069 4589 3126 4644 δὲ
3175 4592 3235 4648 ἂν
3279 4590 3359 4662 τῷ
3411 4590 3646 4662 σώματι,
3672 4586 3792 4651 οἷον.

565 4684 760 4726 sensus
802 4680 860 4729 et
890 4673 1118 4740 orbitas,
1184 4675 1442 4731 valetudo
1478 4683 1536 4730 et
1567 4675 1870 4747 aegritudo,
1933 4677 2046 4732 vita
2079 4688 2138 4735 et

563 4776 736 4828 mors,
785 4771 844 4817 et
874 4762 1097 4820 similia.
1130 4764 1292 4824 Circa
1333 4782 1539 4838 corpus
1569 4782 1725 4834 vero,
1759 4767 1930 4823 veluti
1985 4770 2136 4840 larga

563 4853 749 4925 proles
775 4855 1006 4926 ejusque
1047 4857 1315 4928 carentia,
1345 4858 1553 4915 divitia:
1580 4869 1637 4916 et
1671 4869 1994 4931 paupertas,
2027 4861 2144 4933 glo—

565 4943 648 4998 ria
695 4953 755 4998 et
807 4944 1130 5016 ignominia,
1194 4963 1262 5002 ac
1295 4949 1568 5019 ejusmodi
1627 4951 1860 5023 reliqua.
1910 4951 2138 5018 Horum,

563 5034 668 5089 alia
717 5035 882 5100 bona,
919 5038 1025 5092 alia
1059 5039 1202 5093 mala
1265 5039 1553 5096 hominum
1579 5042 1788 5112 judicio
1843 5043 2138 5110 habentur,

563 5139 690 5188 cum
741 5128 882 5196 nihil
938 5129 997 5186 in
1040 5129 1122 5195 eis
1160 5132 1364 5188 malum
1421 5133 1495 5190 sit
1554 5135 1778 5206 propria
1833 5135 2011 5208 ipsius
2045 5152 2136 5191 ra-

632 5260 1202 5358 S’Illﬁiivzszlﬂérs
1238 5267 1368 5358 2511*:
1380 5269 1702 5358 νεημςξῖφῖ
1734 5271 1971 5358 χρήςνει-
2011 5273 2135 5358 ,δια

560 5350 680 5389 cum
712 5349 890 5389 errore
911 5339 1212 5408 conjuncta.
1248 5339 1401 5396 Unus
1425 5340 1630 5408 Regius
1684 5339 1883 5396 habuit
1930 5343 2131 5414 κρίσει.

563 5404 668 5462 Sed
696 5413 824 5460 etc.
855 5405 944 5470 82,
971 5408 1066 5462 ubi
1097 5409 1290 5465 eadem
1337 5410 1614 5467 sententia
1658 5418 1763 5470 est,
1817 5411 2135 5470 habentauc

564 5429 668 5462 acu
696 5429 752 5460 et
773 5429 824 5460 υ.
855 5429 944 5470 oz,
972 5429 1066 5462 um
1097 5429 1290 5465 eadem
1337 5429 1614 5467 sententia
1658 5429 1763 5476 εει,
1817 5429 2134 5484 uanentquc

562 5475 792 5599 perinde
815 5475 987 5557 edita,
1019 5479 1233 5558 χρήσει,
1260 5478 1601 5561 liegiiﬂcodd.
1638 5488 1694 5533 et
1757 5480 1913 5535 Dufr.
1953 5483 2134 5552 κρίσει

581 5546 802 5599 tabent:
835 5546 941 5599 fuit
971 5546 1129 5599 facile
1161 5557 1487 5599 antiquariis
1522 5551 1759 5599 alterum
1784 5551 1958 5599 altern
2008 5569 2134 5599 mn-

581 5546 802 5602 tabent:
835 5546 941 5600 fuit
971 5546 1129 5603 facile
1161 5546 1487 5619 antiquariis
1522 5551 1759 5605 alterum
1784 5551 1958 5606 altero
1995 5546 2135 5610 ἰηυι-

562 5627 703 5704 tare1
711 5630 844 5695 “cum
874 5629 1340 5704 sensitsneutrum.
1358 5619 1611 5675 videatur
1639 5635 1916 5704 respuere,
1951 5631 2014 5704 et
2032 5639 2132 5704 vo-

562 5699 653 5739 ces
679 5685 761 5738 sic
786 5700 923 5740 sono
943 5685 1137 5743 aiiines
1169 5689 1283 5744 sint
1327 5689 1552 5760 ipsaque
1599 5685 1920 5760 scriptione.
1965 5692 2136 5763 Magis

561 5764 742 5831 tamen
764 5763 951 5831 putem
979 5757 1266 5831 scripsisse
1327 5761 1543 5831 χρήσει,
1601 5761 1747 5830 quod
1793 5769 1852 5815 et
1907 5762 2132 5816 retinui.

562 5823 718 5895 Unde
738 5837 856 5893 cap.
887 5825 956 5882 78
992 5843 1005 5878 :
1041 5823 1134 5901 Mi;
1159 5823 1430 5901 παραχῶ
1447 5834 1561 5886 τοῖς
1609 5823 1874 5901 ὖοήμασιν
1930 5832 2136 5898 ubique

2247 4680 2407 4752 ἡδονὴ
2430 4681 2526 4738 καὶ
2567 4681 2754 4747 πόνος,
2818 4683 3072 4754 αἴσθησις
3087 4684 3181 4740 καὶ
3209 4685 3462 4755 πήρωσις
3485 4723 3502 4747 .
3539 4683 3690 4752 ὑγεία
3714 4683 3792 4735 καὶ

2242 4773 2418 4839 νόσος,
2477 4773 2592 4845 ζωὴ
2637 4775 2731 4828 καὶ
2787 4775 3036 4839 θάνατος,
3066 4776 3162 4829 καὶ
3210 4775 3281 4828 τὰ
3320 4776 3567 4834 τοιαῦτα.
3596 4776 3715 4830 Τῶν
3748 4775 3796 4828 δὲ

2242 4867 2372 4937 περὶ
2397 4865 2457 4918 τὸ
2487 4865 2668 4937 σῶμα,
2707 4860 2838 4930 οἷον,
2876 4866 3128 4922 εὐτεκνία
3157 4868 3251 4928 καὶ
3296 4868 3544 4935 ἀτεχνία,
3587 4867 3791 4928 πλοῦτςς

2239 4959 2334 5011 καὶ
2403 4957 2586 5021 πενία,
2641 4958 2768 5023 δόξα
2819 4958 2914 5011 καὶ
2957 4957 3182 5025 ἀδοξία,
3215 4961 3310 5022 καὶ
3351 4962 3422 5015 τὰ
3471 4960 3625 5032 ἑξῆς.
3676 4958 3792 5014 Τοὺο

2237 5064 2347 5100 των
2375 5048 2466 5112 δὲ,
2501 5049 2572 5101 τὰ
2623 5049 2725 5118 μὲν
2759 5047 2921 5111 καλὰ,
2944 5049 3012 5101 τά
3064 5049 3121 5102 δὲ
3160 5049 3309 5104 κακὰ
3345 5053 3461 5114 τοῖς
3510 5050 3794 5124 ἀνθρώποις

2238 5137 2541 5211 νομίζεται,
2575 5138 2726 5193 οὐδὲν
2771 5139 2950 5193 αὐτῶν
3014 5142 3181 5198 κακὸν
3225 5141 3285 5195 ὃν
3324 5142 3402 5212 τῷ
3470 5143 3585 5213 ιδίῳ
3645 5143 3791 5210 λόγῳ.

2233 5291 2578 5346 componens
2612 5293 2774 5333 usum
2805 5277 2955 5344 usui,
2982 5280 3038 5334 in
3065 5280 3231 5334 animi
3273 5279 3584 5335 rationibus
3650 5287 3702 5334 et
3747 5278 3792 5330 in

2237 5347 2444 5419 rebus;
2479 5349 2810 5419 egregieque
2832 5351 3062 5418 exponit
3085 5360 3282 5408 auctor
3311 5350 3501 5406 Schol.
3555 5366 3622 5405 ex
3655 5347 3788 5405 Duir.

2236 5417 2362 5491 cod.
2420 5417 2477 5472 in
2522 5417 2853 5491 sacrarum
2892 5417 3215 5491 imaginum,
3282 5421 3390 5472 τῶν
3451 5423 3791 5490 χαρακτήρων

2237 5489 2534 5560 νοήμασιν·
2569 5489 2773 5560 quibus
2806 5489 2960 5560 abuti
2974 5489 3217 5560 ostendit
3244 5491 3337 5560 qui
3369 5489 3788 5560 eaSimpugnent.

2236 5557 2703 5631 Repraesentanda
2727 5559 2846 5631 lirec
2875 5559 3084 5631 scholia
3108 5569 3232 5631 post
3257 5557 3518 5630 quartum
3556 5557 3792 5631 centenae

2238 5627 2408 5699 rium,
2434 5643 2557 5697 quae
2581 5629 2810 5684 alterius
2843 5630 3028 5698 potius
3061 5627 3342 5694 videntur,
3371 5645 3533 5699 quam
3579 5627 3784 5699 Maximi.

2239 5712 2306 5751 ac
2327 5693 2566 5821 ejlus—qui
2592 5708 2714 5769 post
2741 5693 3205 5756 [conoclastarum
3231 5693 3416 5755 natam
3468 5697 3699 5754 haeresim
3719 5693 3789 5746 vi-

2240 5781 2356 5821 xert
2393 5808 2404 5819 .

2240 5781 2404 5821 xerit.
