4048 6478
286 436 425 500 1009

1162 424 1494 501 CAPITUM
1536 438 1631 498 DE
1670 428 2098 495 CIIARITATE
2133 427 2522 490 CENTURIA
2560 429 2641 489 11.

3398 421 3537 486 1010

287 552 439 621 παρὰ
467 550 524 604 δὲ
550 551 653 618 τὴν
676 552 890 623 χρῆσιν,
917 553 1026 607 εἴτε
1067 553 1215 608 κακὰ
1251 553 1476 625 κυρίως,
1511 552 1621 605 εἴτε
1681 543 1860 616 ἀγαθά

1980 538 2147 606 μίοηε;
2185 540 2279 594 sed
2325 546 2494 608 penes
2554 550 2714 593 usum
2765 549 2897 590 vere
2930 543 3031 588 aut-
3057 546 3219 597 ma.a,
3260 540 3356 587 aut
3388 531 3534 587 bona

286 640 621 713 εὑρίσκεται.

357 736 455 801 σίζ’-
486 738 643 812 Καλὴ
688 744 720 811 ἡ
774 741 975 811 γνῶσις
1020 747 1087 814 τῇ
1151 742 1353 812 φύσει·
1414 739 1615 812 ὁμοίως
1669 738 1724 791 δὲ
1768 753 1863 790 και

287 829 450 899 ὑγεία
474 849 488 862 ·
515 830 650 886 ἀλλά
684 835 944 890 τάναντία
963 837 1090 900 τοὺς
1110 836 1337 899 πολλοὺς
1361 837 1503 907 ἤπερ
1524 833 1697 887 ταῦτα
1718 831 1863 900 ῶνη-

292 937 402 975 σεν.
445 921 571 986 Τοῖς
624 926 729 997 γὰρ
768 926 991 995 φαύλοις
1058 928 1158 981 οὑκ
1219 929 1301 992 είς
1370 926 1533 981 καλὸν
1571 926 1606 995 ἡ
1652 923 1865 991 ’γνῶσις

292 1014 601 1083 συμϐαίνει,
632 1019 679 1069 εί
715 1019 807 1072 καὶ
831 1022 897 1090 τῇ
934 1018 1115 1089 φύσει,
1145 1020 1220 1083 ὡς
1246 1020 1497 1091 εἴρηται,
1530 1018 1647 1071 ἐστὶ
1681 1016 1819 1087 καλή
1845 1031 1859 1047 ο

289 1105 489 1173 ὁμοίως
508 1105 563 1159 δὲ
580 1106 699 1162 οὐδὲ
718 1109 892 1179 ὑγεία,
918 1111 1038 1165 οὑδὲ
1060 1112 1309 1175 πλοῦτος,
1332 1111 1451 1164 οὑδέ
1467 1110 1629 1180 χαρά.
1656 1108 1730 1161 Οὑ
1755 1107 1862 1179 γάρ

295 1196 680 1267 συμφερόντως
701 1199 912 1264 τούτοις
941 1198 1258 1272 κέχρηνται.
1288 1201 1432 1273 ’Ἄρα
1470 1196 1563 1255 οὖν
1597 1200 1858 1253 τάναντία

291 1286 503 1349 τούτοις
533 1290 822 1360 συμφέρει.
860 1290 1071 1345 Οὐκοῦν
1102 1292 1223 1346 οὐδὲ
1256 1294 1442 1346 ἐκεῖνα
1477 1291 1627 1345 κακά
1647 1292 1723 1361 τῷ
1750 1291 1864 1362 ἰδίῳ

292 1378 436 1448 λόγῳ
467 1380 745 1450 τυγχάνει,
776 1383 824 1436 εί
855 1383 948 1437 καὶ
975 1383 1123 1437 δοκεῖ
1149 1384 1294 1437 κοικά
1323 1378 1484 1437 εἶναι.

363 1548 465 1622 o'q'.
494 1553 583 1624 Μὴ
609 1555 885 1626 παραχρῶ
920 1557 1034 1619 τοῖς
1067 1556 1332 1627 νοήμασιν
1360 1553 1493 1626 (l9),
1534 1555 1621 1609 ἵνα
1673 1554 1746 1625 μὴ
1806 1550 1867 1618 ἐξ

295 1642 545 1714 ἀνάγκης
599 1646 693 1698 καὶ
723 1649 835 1709 τοῖς
884 1647 1171 1717 πράγμασι
1222 1648 1572 1717 παραχρήσῃ.
1606 1644 1728 1700 Ἐὰν
1758 1647 1865 1717 γὰρ

295 1734 373 1802 μή
406 1749 487 1798 τις
554 1735 770 1807 πρῶτον
830 1736 973 1791 κατά
1028 1736 1266 1792 διάνοιαν
1320 1736 1752 1808 ἀμαρτάνῃ,οὑκ
1798 1734 1865 1791 ἂν

295 1822 519 1895 ἁμάρτῃ
552 1826 682 1878 ποτὲ
713 1829 833 1879 κατ’
860 1826 1164 1898 ἐνέργειαν.

1965 628 2397 700 comperiantur.

2036 720 2123 775 77.
2167 721 2313 775 Bona
2376 728 2460 776 est
2506 726 2702 774 natura
2762 716 3032 783 scientia;
3094 715 3352 771 similiter
3406 724 3541 768 vero

1965 814 2131 868 etiam
2189 813 2397 868 sanitas
2436 830 2450 866 :
2487 812 2675 868 multis
2737 819 2919 867 tamen
2972 810 3145 881 magis
3210 807 3542 879 profuerunt

1967 906 2166 960 horum
2207 905 2505 960 contraria.
2558 904 2713 959 Malis
2744 904 2891 958 enim
2927 916 2992 957 ac
3021 900 3310 974 improbis,
3339 914 3449 954 non
3484 898 3540 952 in

1967 997 2173 1052 bonum
2201 996 2348 1052 cedit
2384 995 2644 1061 scicntia;
2677 995 2892 1050 tametsi
2930 994 3043 1059 illa,
3091 1001 3153 1047 ut
3176 990 3382 1047 dictum
3432 995 3539 1049 est,

1966 1092 2163 1144 natura
2196 1089 2268 1144 sit
2300 1089 2474 1154 bona;
2509 1088 2736 1158 parique
2772 1087 2985 1142 ratione
3009 1098 3112 1141 nec
3140 1082 3419 1149 valetudo,
3441 1096 3545 1137 nec

1968 1180 2194 1242 divitiae,
2224 1192 2405 1250 neque
2451 1179 2731 1250 gaudium.
2766 1170 2884 1233 Non
2938 1177 3085 1233 enim
3138 1170 3228 1231 his
3290 1181 3542 1240 utuntur,

1970 1280 2031 1327 ut
2065 1272 2177 1326 illis
2205 1281 2289 1327 est
2322 1272 2477 1330 utile.
2526 1270 2698 1342 Igitur
2728 1269 3048 1326 conducunt
3087 1269 3284 1323 horum
3321 1273 3542 1322 contra-

1970 1362 2071 1417 ria.
2109 1363 2253 1434 Ergo
2278 1374 2382 1418 nec
2414 1362 2507 1416 illa
2540 1358 2683 1417 mala
2715 1368 2844 1416 sunt
2907 1360 3129 1431 propria
3174 1360 3423 1430 ipsorum
3458 1370 3547 1412 ra-

1970 1456 2142 1521 tione,
2171 1455 2277 1511 etsi
2306 1454 2569 1510 videntur
2598 1466 2720 1510 esse
2753 1453 2913 1508 mala.

2043 1543 2131 1600 78.
2168 1544 2313 1602 Cave
2350 1545 2599 1601 abutaris
2646 1543 3077 1617 COgitationibus
3111 1540 3391 1611 animique
3422 1554 3547 1595 seu-

1969 1638 2049 1693 sis
2077 1680 2092 1701 ,
2156 1654 2226 1695 ne
2287 1648 2343 1695 et
2372 1636 2540 1695 rebus
2596 1638 2907 1694 necessario
2940 1635 3207 1694 abuteris.
3248 1633 3363 1690 Nisi
3397 1632 3547 1689 enim

1967 1730 2095 1800 quis
2119 1732 2275 1801 prius
2308 1741 2493 1787 mente
2525 1740 2736 1802 peccet,
2771 1743 3053 1801 nunquam
3081 1730 3200 1800 ipso
3230 1735 3355 1784 actu
3381 1732 3547 1797 atque

1969 1836 2136 1891 opere
2165 1820 2496 1891 peccaverit.

362 1886 462 1973 08;.
486 1886 663 1972 ἐίκὼν
710 1920 803 1973 τοῦ
847 1886 1033 1991 χοϊκού
1095 1923 1153 1975 αῖ
1197 1920 1411 1990 γενικαὶ
1448 1920 1637 1977 κακίαι
1694 1920 1868 1994 ὑπάρ-

2039 1914 2127 1969 79.
2170 1914 2401 1970 Terreni
2438 1916 2618 1986 imago
2669 1925 2799 1971 sunt
2833 1915 3109 1987 generalia
3156 1913 3323 1991 vitia:
3359 1911 3545 1969 stulti-

292 2028 481 2083 χουσιν
511 2030 527 2045 ο
571 2011 705 2080 οἷον,
755 2016 1055 2087 ἀφροσύνη,
1088 2014 1280 2080 δειλία,
1337 2014 1623 2079 ἀκολασία,
1661 2014 1863 2070 ἀδικία.

298 2104 484 2159 Elatth
513 2106 570 2160 δὲ
590 2105 685 2161 τοῦ
708 2108 1055 2178 ἐπουρανίου,
1096 2110 1151 2161 αἱ
1193 2107 1409 2177 γενικαὶ
1450 2107 1641 2178 ἀρεταὶ
1666 2146 1683 2173 ,
1714 2102 1826 2159 οἷον
1850 2147 1865 2173 ,

293 2197 582 2267 ςρὸνησις,
649 2196 889 2272 ἀνδρεία,
923 2201 1271 2274 σωφροσύνη,
1302 2200 1641 2271 δικαιοσύνη.
1678 2198 1868 2255 Ἀλλὰ

292 2289 490 2356 καθὼς
510 2291 883 2361 ἐφορέσαμεγ
901 2293 1020 2361 τὴν
1037 2295 1239 2348 εἰκόνα
1270 2292 1379 2347 τοῦ
1410 2292 1619 2361 χοϊκοῦ
1646 2331 1661 2357 ,
1693 2290 1867 2361 φορέ-

291 2394 500 2449 σωμεν
522 2381 620 2435 καί
660 2382 777 2451 τὴν
800 2380 1007 2439 εἰκόνα
1038 2383 1143 2439 τοῦ
1176 2384 1565 2453 ἐποιιοανίου.

364 2471 440 2526 π’.
482 2475 545 2527 Ei
572 2470 746 2539 Θέλεις
776 2477 958 2547 εὑρεῖν
994 2476 1092 2548 τὴν
1123 2476 1240 2531 ὁδὸν
1289 2476 1385 2548 τὴν
1424 2476 1756 2545 ίάπάγουσαν
1787 2478 1869 2540 είς

287 2566 391 2636 τὴν
423 2562 588 2638 ζωὴν,
623 2566 680 2620 ὲν
714 2570 780 2639 τῇ
804 2566 906 2639 ὁδῷ
927 2568 1095 2640 αὐτὴν
1145 2569 1318 2639 ζήτει,
1350 2570 1513 2624 κάκεῖ
1544 2570 1717 2640 αὑτὴν
1770 2569 1865 2622 εύσ-

291 2661 527 2730 ρίοκεις.
560 2664 625 2732 τῇ
652 2661 879 2733 είπούσῃ
909 2678 923 2694 ·
970 2661 1111 2732 Ἐγώ
1134 2664 1250 2735 είμι
1274 2664 1313 2732 ἡ
1354 2662 1514 2728 όδὸς,
1548 2663 1646 2717 καί
1675 2664 1713 2731 ἡ
1735 2658 1847 2727 (toil

287 2750 451 2818 καὶὴ
491 2751 760 2817 ἀλήθεια.
792 2752 940 2824 Πλὴν
979 2752 1187 2825 σφόδρα
1237 2754 1493 2825 ὲμπὸνως
1533 2752 1709 2825 ζήτει,
1732 2753 1865 2806 διότι

288 2842 489 2912 ὀλίγοι
528 2844 691 2897 εἰσιν
736 2846 790 2899 οι
839 2844 1229 2913 εὑρίσκοντες
1263 2842 1494 2915 αὐτήν*
1527 2846 1624 2899 καὶ
1677 2847 1869 2917 μήπως

286 2931 406 2987 τῶν
466 2931 663 3001 ὀλίγων
718 2933 1091 3004 ἀπολειφθεὶς,
1148 2936 1287 3007 μετά
1344 2934 1452 2991 τῶν
1522 2936 1736 2990 πολλῶν
1782 2938 1871 2990 εὑ-

298 3022 536 3096 960m-

366 3122 477 3167 πα¹.
498 3112 597 3170 Διά
624 3116 862 3171 τάπέντε
884 3117 1056 3172 ταῦτα
1085 3122 1118 3191 ἡ
1141 3119 1285 3191 ψυχὴ
1305 3119 1411 3174 ἀπὸ
1436 3120 1721 3192 ἁμαρτιῶν
1741 3120 1871 3174 ἀνα-

1972 2001 2066 2066 tia,
2096 2002 2334 2073 ignavia,
2397 2005 2839 2075 intemperantia,
2882 2005 3170 2078 iniustitia.
3226 2002 3410 2076 imago
3442 2018 3543 2059 auv

1971 2104 2081 2150 tem
2120 2095 2381 2161 caalestis,
2437 2096 2755 2168 prudentia,
2814 2096 3103 2165 fortitudo,
3154 2096 3545 2168 temperantia,

1967 2186 2178 2257 iustitia
2224 2206 2243 2241 :
2278 2186 2472 2243 Verum
2496 2191 2632 2244 sicut
2664 2191 2988 2261 portavimus
3018 2189 3303 2261 imaginem
3329 2190 3545 2253 terreni,

1971 2289 2237 2349 portemus
2266 2288 2315 2335 et
2343 2283 2629 2354 imaginem
2664 2282 2882 2338 caelestis
2904 2280 3045 2337 ⁸⁸’”.

2035 2477 2123 2535 80.
2164 2480 2222 2536 Si
2270 2481 2357 2537 vis
2390 2481 2641 2538 invenire
2694 2482 2863 2546 viam,
2915 2495 3039 2551 quae
3069 2475 3222 2535 ducit
3255 2472 3323 2533 ad
3358 2477 3549 2540 vitam,

1970 2586 2091 2627 eam
2118 2570 2173 2625 in
2208 2571 2296 2626 via
2330 2587 2537 2642 qurere,
2576 2569 2765 2641 ibique
2796 2580 2918 2626 eam
2950 2568 3231 2634 invenies;
3258 2580 3457 2637 nempe
3494 2566 3547 2619 in

1971 2662 2079 2727 via,
2113 2678 2235 2733 qua:
2283 2662 2379 2728 ait,
2418 2660 2531 2734 Ego
2580 2679 2699 2717 sum
2752 2662 2862 2727 via,
2907 2668 2956 2715 et
2989 2661 3096 2713 vita
3151 2666 3201 2712 et
3253 2658 3446 2712 veritas
3482 2654 3549 2710 ⁸⁸.

1972 2752 2164 2819 Quaere
2222 2767 2355 2809 vero
2386 2760 2632 2817 strenue,
2684 2748 3073 2819 indefessoque
3113 2746 3301 2803 labore
3334 2755 3392 2801 et
3437 2745 3550 2801 acri

1974 2843 2261 2911 industria,
2320 2858 2389 2900 eo
2445 2841 2591 2915 quod
2629 2840 2785 2913 pauci
2838 2849 2981 2906 sunt,
3035 2839 3126 2910 qui
3181 2835 3551 2893 inveniuntil-

1974 2933 2083 2989 lam
2116 2932 2191 3001 ";
2230 2949 2300 2989 ne
2346 2934 2490 2989 forte
2540 2946 2843 3003 paucorum
2885 2930 3105 2986 illorum
3138 2927 3397 2984 exclusus
3440 2940 3547 2980 uu-

1974 3040 2147 3093 mero,
2180 3041 2304 3082 cum
2341 3025 2530 3081 multis
2558 3024 2880 3080 inveniaris.

2048 3114 2135 3172 8i.
2177 3116 2434 3188 Quinque
2468 3118 2573 3173 ista
2605 3120 2756 3181 sunt,
2785 3115 2858 3171 ob
2889 3130 3011 3186 qua:
3040 3112 3258 3170 animus
3291 3128 3321 3168 a
3354 3126 3549 3183 pecca-

294 3205 564 3262 κόπτεται
598 3223 611 3237 ’
648 3208 681 3281 ἢ
711 3208 802 3263 διά
831 3210 923 3264 τὸν
943 3208 1105 3278 φόϐον
1134 3209 1241 3264 τῶν
1260 3207 1582 3281 ἀνθρώπων,
1616 3211 1651 3281 ἢ
1672 3210 1759 3264 διὰ
1780 3211 1872 3263 τὸν

1980 3210 2046 3264 lis
2085 3208 2457 3275 absterretur;
2492 3214 2587 3264 aut
2650 3222 2849 3278 nempe
2914 3206 3156 3261 humano
3211 3204 3428 3268 timore,
3457 3211 3555 3256 aut

290 3299 463 3366 φᾶὄον
488 3300 587 3370 τῆς
614 3300 869 3372 κρίσεως,
903 3301 937 3373 ἢ
968 3301 1055 3356 διὰ
1074 3301 1171 3373 τὴν
1206 3302 1508 3372 μέλλουσαν
1540 3301 1867 3374 μισθαποδο-

1963 3297 2159 3378 judieii
2203 3307 2388 3366 metu,
2441 3309 2537 3363 aut
2563 3315 2659 3371 spe
2706 3296 2909 3355 futurae
2960 3296 3256 3362 mercedis,
3301 3303 3397 3350 aut
3451 3293 3550 3349 Dei

293 3389 441 3455 σίαν,
470 3389 502 3462 ἢ
536 3392 623 3445 διὰ
644 3392 743 3463 τὴν
770 3393 994 3464 ἀγάπην
1014 3393 1111 3447 τοῦ
1141 3392 1301 3457 Θεοῦ,
1356 3394 1390 3466 ἢ
1432 3393 1742 3449 τελευταῖον
1780 3394 1869 3448 διά

1980 3391 2261 3459 charitate,
2285 3396 2380 3448 aut
2407 3397 2690 3464 postremo
2716 3391 2893 3463 ipsius
2922 3388 3276 3448 conscientiae
3299 3386 3550 3443 verbere.

294 3479 608 3550 συνείδησιν
630 3483 957 3537 τύπτουσαν.

370 3570 478 3643 πβ’.
516 3574 675 3638 Τινὲς
710 3593 895 3644 φασιν,
927 3577 1012 3630 ὅτι
1046 3577 1145 3630 οὑκ
1176 3575 1243 3630 ἂν
1266 3570 1334 3647 ἦν
1356 3575 1417 3629 τὸ
1448 3576 1618 3630 κακὸν
1657 3578 1717 3631 ἐν
1758 3580 1872 3643 τοῖς

290 3655 471 3728 οὖσιν,
501 3665 549 3716 εί
587 3668 718 3736 μήτι
739 3666 784 3719 δ’
814 3666 879 3720 ἂν
909 3667 1072 3737 ἑτέρα
1099 3683 1185 3730 τις
1212 3661 1281 3738 ἦν
1311 3667 1563 3738 δύναμις,
1596 3669 1632 3739 ἡ
1680 3667 1873 3723 ἀνθέλ-

292 3770 473 3808 suum
500 3755 649 3825 ἡμᾶς
677 3753 771 3809 ἐπ’
794 3756 945 3813 αὑτό.
978 3756 1130 3825 Αὕτη
1178 3758 1235 3812 δέ
1274 3760 1423 3813 ἐστιν
1461 3759 1615 3813 οὐδὲν
1664 3760 1872 3833 ἕτερον,

295 3844 331 3914 ἤ
376 3846 410 3916 ἠ
444 3844 555 3899 τῶν
605 3848 747 3902 κατὰ
803 3848 966 3919 φύσιν
1025 3850 1118 3905 τοῦ
1162 3846 1255 3904 νοῦ
1289 3852 1586 3923 ἐνεργειῶν
1619 3852 1872 3924 ἀμέλεια.

295 3936 507 4007 Διόπερ
531 3938 580 3991 οἱ
604 3938 810 3994 τούτων
840 3940 939 4011 τὴν
959 3940 1280 4013 ἐπιμέλειαν
1308 3941 1640 4013 ποιούμενοι,
1682 3945 1750 3999 τὰ
1779 3946 1878 4016 μὲν

299 4027 473 4093 καλὰ,
542 4027 631 4082 ἀεὶ¹
682 4030 897 4085 ποιοῦσι
926 4049 941 4062 ⁸
976 4032 1045 4086 τά
1068 4032 1126 4086 δὲ
1160 4034 1305 4088 κακὰ
1339 4032 1603 4108 [Fr."0pa.
1654 4037 1710 4090 τί
1762 4040 1879 4092 ἐστι

298 4119 517 4192 mnia],
553 4120 826 4178 οὐδέποτε.
877 4120 943 4177 Εἰ
973 4118 1066 4178 οὖν
1096 4122 1271 4189 θέλεις
1300 4126 1396 4178 καὶ
1423 4127 1508 4190 σὺ,
1537 4126 1758 4182 ἀπωσαι
1783 4129 1883 4201 τὴν

300 4212 590 4281 ἀμέλειαν,
622 4214 716 4267 καὶ
743 4215 1163 4281 συναπελαύνεις
1188 4217 1287 4289 τὴν
1315 4218 1514 4272 κακίαν
1538 4235 1551 4249 ο
1584 4219 1705 4289 ἥτις
1736 4223 1883 4275 ἐστιν

299 4307 335 4374 ἡ
374 4304 687 4377 ἑσφαλμένη
718 4307 914 4378 χρῆσις
946 4308 1053 4361 τῶν
1083 4310 1367 4379 νοημάτων
1389 4349 1403 4374 ,
1433 4302 1468 4382 ᾖ
1524 4312 1885 4368 ἐπακολουθεῖ

299 4398 334 4465 ἠ
375 4389 723 4467 παράχρησις
744 4397 854 4451 τῶν
880 4396 1246 4470 πραγμάτων.

356 4484 489 4554 ιπγ’.
520 4488 673 4541 Κατά
701 4488 863 4558 φύσιν
893 4490 1010 4543 ἐστὶ
1033 4490 1126 4544 τοῦ
1156 4494 1214 4545 ὲν
1241 4494 1375 4563 ἡμῖν
1406 4493 1627 4564 λογικοῦ
1660 4497 1882 4568 μέρους,

2042 3574 2204 3651 423
2240 3578 2329 3634 82.
2370 3577 2512 3635 Sunt
2538 3580 2633 3651 qui
2684 3580 2892 3645 dicant,
2931 3594 3042 3635 non
3094 3578 3215 3634 fore
3261 3576 3465 3631 malum
3497 3571 3575 3641 in

1976 3668 2164 3734 rebus,
2195 3669 2303 3724 nisi
2326 3678 2475 3725 esset
2515 3670 2620 3725 alia
2651 3669 2901 3741 quaedam
2946 3668 3033 3725 vis
3072 3667 3355 3725 contrario
3395 3665 3553 3737 quasi

1978 3759 2216 3831 impulsu
2250 3761 2305 3815 in
2340 3760 2475 3817 illud
2509 3760 2900 3817 trahens.'Haec
2930 3776 3066 3817 vero
3098 3756 3239 3815 nihil
3268 3757 3417 3813 aliud
3443 3768 3559 3821 est,

1978 3864 2144 3921 quam
2196 3852 2529 3907 naturalium
2579 3853 2752 3908 animi
2792 3852 2995 3908 virium
3051 3849 3558 3921 operatiouumque

1980 3941 2302 4012 neglectus;
2346 3957 2519 4012 quare
2560 3944 2653 4014 qui
2687 3942 2884 3998 harum
2918 3957 3107 3998 curam
3142 3949 3360 4013 gerunt,
3414 3939 3555 3994 bona

1981 4047 2199 4103 semper
2230 4042 2418 4105 agunt,
2444 4035 2585 4090 mala
2616 4051 2770 4101 vero,
2794 4050 3095 4104 nunquam.
3125 4033 3299 4104 Igitur
3327 4041 3385 4086 tu
3416 4047 3555 4101 quo—

1982 4140 2090 4196 que
2141 4126 2185 4181 si
2235 4128 2338 4192 vis,
2382 4128 2526 4198 pelle
2576 4125 2984 4197 negligentiam,
3020 4138 3240 4194 unaque
3268 4122 3463 4177 vitium
3494 4136 3560 4179 ac

1984 4217 2248 4273 malitiam
2298 4216 2593 4287 expulisti;
2632 4212 2878 4271 fallacem
2920 4212 3133 4270 scilicet
3165 4208 3335 4266 animi
3386 4210 3557 4264 ratio-

1986 4322 2117 4364 num
2150 4322 2331 4373 usum,
2376 4308 2465 4363 cui
2508 4306 2694 4362 statim
2740 4320 2925 4362 comes
2958 4312 3043 4360 est
3076 4304 3192 4375 ipse
3235 4300 3442 4356 abusus
3472 4314 3560 4355 re-

1987 4413 2131 4454 fuﬂL

2059 4492 2147 4547 85.
2192 4491 2235 4546 Ε
2265 4498 2460 4545 natura
2513 4497 2617 4553 est,
2653 4488 2774 4559 ejus
2824 4485 2879 4541 in
2907 4486 3067 4541 nobis
3091 4485 3285 4557 partis,
3318 4498 3441 4555 quae
3473 4498 3560 4561 ra;

300 4578 369 4631 τό
401 4596 461 4631 τε
490 4579 828 4650 ὑποταγῆναι
886 4580 963 4652 τῷ
1010 4581 1140 4655 θείῳ
1196 4584 1340 4657 λόγῳ
1369 4627 1386 4653 ,
1444 4588 1538 4641 καὶ
1586 4587 1645 4642 τὸ
1697 4588 1875 4662 ἀρχεικ

1991 4583 2144 4639 tione
2168 4582 2366 4648 utitur,
2394 4591 2477 4649 ut,
2505 4588 2565 4637 et
2587 4579 2795 4636 divinat
2838 4578 3107 4636 subdatur
3133 4576 3357 4641 rationi,
3401 4584 3459 4631 et
3484 4574 3591 4630 illi'

303 4669 404 4725 τοῦ
438 4671 498 4723 ὲν
524 4673 657 4742 ἡμῖν
715 4672 913 4741 ἀλόγου
971 4671 1195 4746 μέρους.
1227 4675 1379 4749 Αὕτη
1434 4675 1529 4732 οὖν
1562 4680 1594 4750 ἡ
1645 4680 1799 4744 τάξις
1829 4682 1886 4733 ὲν

307 4760 451 4813 πᾶσι
509 4760 881 4832 φυλαχθήτω,
942 4764 1041 4818 καὶ
1105 4764 1237 4819 οὔτε
1265 4766 1328 4820 τὸ
1397 4768 1570 4822 κακὸν
1620 4769 1771 4823 ἔσται
1830 4772 1890 4824 ὲν

306 4853 427 4915 τοῖς
487 4847 657 4919 οὖσιν,
720 4852 847 4908 οὔτε
903 4854 966 4908 τὸ
1011 4856 1102 4910 ἐπ’
1155 4856 1288 4911 αὐτὸ
1348 4858 1606 4915 ἀνθέλκον
1652 4860 1886 4933 εὑρεθή-

314 4956 495 4996 σεται.

388 5028 499 5085 πδ⁰.
528 5032 595 5086 Ol
644 5033 744 5103 μὲν
794 5034 905 5089 τῶν
963 5035 1262 5108 λογισμῶν,
1318 5038 1483 5093 ἀπλοῖ
1522 5041 1682 5104 εἰσιν,
1732 5043 1783 5096 οἱ
1835 5042 1894 5096 δὲ

311 5124 587 5180 σύνθετοι.
622 5126 732 5180 Καὶ
750 5126 915 5181 ἁπλοῖ
938 5127 1220 5197 μένηείσιν,
1253 5129 1304 5182 oi
1333 5128 1567 5194 ἀπαθεῖς
1598 5147 1615 5163 ο
1648 5131 1894 5187 σύνθετοι

311 5213 396 5280 δὲ,
430 5213 481 5267 oi
508 5214 798 5285 ἐμπαθεῖς,
830 5216 909 5281 ὼς
938 5218 1004 5271 ἐκ
1028 5217 1232 5282 πάθους
1263 5218 1358 5272 καὶ
1383 5220 1653 5290 νοήματος
1677 5223 1898 5291 συγκεί-

317 5320 494 5374 μενοι.
530 5304 751 5359 Τούτων
783 5305 960 5371 οὕτως
1001 5307 1258 5377 ἐχόντων,
1298 5308 1527 5374 πολλοὺς
1571 5311 1681 5365 τῶν
1707 5313 1899 5369 ἁπλῶν

316 5395 467 5450 ἐστιν
523 5398 651 5451 ἰδεῖν
684 5399 983 5469 ἑπομένους
1011 5401 1121 5463 τοῖς
1145 5399 1444 5467 συνθέτοις,
1468 5403 1597 5456 ὅταν
1622 5402 1895 5475 ἄρξωνται

321 5491 591 5546 κινεῖσθαι
620 5493 758 5564 πρὸς
802 5494 865 5548 eo
905 5494 1048 5549 κατά
1084 5495 1326 5549 διάνοιαν
1353 5495 1709 5568 ἁμαρτάνειν.
1745 5495 1891 5568 Οίον,

320 5581 400 5645 ὡς
458 5584 552 5635 ὲπ⁶ι
605 5583 699 5637 τοῦ
731 5584 954 5657 χρυσίου
994 5598 1010 5616 ·
1051 5585 1219 5657 ἀνέϐη
1249 5586 1339 5639 ἐπὶ
1369 5586 1468 5658 τὴν
1503 5588 1725 5659 μνήμην
1752 5592 1896 5654 τινὸς

322 5669 583 5743 λογισμὸς
639 5674 767 5745 περὶ
816 5676 1042 5747 χρυσίου
1096 5675 1389 5747 ὲμπαθής’
1420 5679 1515 5733 καὶ
1570 5678 1799 5751 ὥρμησε
1828 5685 1893 5753 τῇ

401 5852 518 5894 ⁸⁸-⁸⁹
550 5852 721 5912 lCor.
755 5871 845 5924 xv,
876 5856 967 5913 49.

1986 4676 2130 4746 parti
2162 4674 2416 4745 imperet,
2440 4687 2562 4743 quae
2586 4672 2641 4726 in
2675 4670 2839 4728 nobis
2858 4667 3093 4726 rationis
3117 4681 3315 4737 expers
3334 4674 3438 4722 est.
3464 4664 3565 4720 llic

1988 4768 2157 4839 igitur
2189 4767 2325 4822 ordo
2380 4766 2435 4821 in
2462 4765 2726 4820 omnibus
2761 4772 2971 4827 teneat,
3005 4775 3073 4816 ac
3118 4774 3299 4829 neque
3356 4758 3560 4812 malum

1987 4858 2096 4913 erit
2124 4858 2181 4912 in
2227 4858 2414 4921 rebus,
2468 4868 2573 4912 nec
2607 4857 2868 4910 occurret
2917 4849 3126 4922 aliquid
3155 4848 3305 4920 quod
3328 4847 3398 4903 ad
3426 4845 3563 4902 illud

1992 4948 2286 5005 adversum
2323 4944 2527 5002 trahat.

2066 5052 2155 5107 84.
2196 5050 2379 5106 Animi
2418 5050 2662 5106 rationes
2695 5064 2761 5104 ac
2795 5046 3179 5119 cogitationes,
3211 5042 3334 5097 alim
3357 5040 3566 5110 simpli-

1995 5157 2085 5199 ces
2115 5150 2262 5205 sunt,
2286 5141 2407 5197 alia:
2427 5140 2762 5212 composita}.
2781 5138 2860 5193 Ac
2879 5136 3159 5207 simplices
3172 5132 3399 5204 quidem
3416 5138 3564 5196 sunt,

1997 5232 2342 5287 illibidinosm
2366 5241 2423 5286 et
2446 5231 2565 5287 sine
2594 5228 2846 5300 passione
2873 5243 2887 5280 :
2913 5222 3229 5294 compositae
3254 5237 3408 5286 vero,
3436 5221 3567 5275 libi-

1998 5323 2205 5379 dinosa
2228 5338 2292 5378 ac
2328 5322 2574 5392 passioni
2606 5321 2935 5391 conjunctae,
2972 5325 3229 5386 tanquam
3249 5330 3313 5369 ex
3341 5313 3571 5367 libidine

2000 5424 2095 5466 seu
2120 5409 2393 5480 passione,
2429 5408 2741 5477 mentisque
2768 5411 3039 5472 conceptu
3077 5401 3411 5471 compositae.
3445 5397 3571 5454 Hice

2000 5517 2125 5558 cum
2153 5503 2226 5557 ita
2262 5516 2321 5557 se
2358 5500 2617 5562 habeant,
2661 5496 2852 5551 videre
2883 5503 2970 5549 est
3003 5494 3204 5549 multas
3237 5491 3571 5563 simplicium

2000 5593 2391 5664 cogitationum
2421 5590 2576 5660 sequi
2611 5585 2961 5656 compositas,
3002 5600 3128 5640 cum
3160 5584 3365 5639 moveri
3391 5598 3574 5653 cmpe-

2003 5685 2115 5742 rint
2146 5686 2203 5742 in
2233 5692 2542 5755 peccatum,
2569 5679 2717 5752 quod
2747 5679 2897 5734 intus
2930 5677 3114 5734 animo
3146 5676 3378 5749 geritur.
3409 5674 3578 5732 Velut

1041 5858 1086 5890 ”
1123 5856 1282 5914 Joan.
1312 5874 1365 5913 iv
1398 5896 1415 5927 ,
1451 5857 1503 5915 6.
1581 5858 1623 5891 θ’
1657 5857 1852 5914 Matth.
1886 5874 1981 5929 vn,
2019 5860 2104 5915 l4.
