3898 6432
140 434 293 501 1013

1042 425 1380 487 CAPITUM
1419 423 1519 483 DE
1555 412 1993 481 CHARITATE
2025 412 2414 475 CENTURIA
2450 412 2533 472 II.

3282 408 3421 475 10M

223 541 331 607 πε.
357 542 518 613 Τρεῖς
564 539 702 592 εἰσιν
750 532 940 605 ἠθικαὶ
973 534 1339 595 καταστάσεις
1368 528 1728 599 γενικώτεραι

1902 522 1991 577 87.
2023 522 2159 577 Tres
2203 529 2334 577 sunt
2363 518 2771 591 generalissimi
2797 528 2974 576 status
3008 520 3246 577 morales
3271 522 3388 578 inte

134 640 223 705 (e)
256 637 316 688 ἐν
366 634 476 695 τοῖς
528 630 802 702 μοναχοῖς.
854 626 965 680 Καὶ
1017 623 1207 695 πρώτη
1268 622 1390 693 μὲν,
1448 620 1508 673 τὸ
1560 618 1729 690 μηδὲν

134 725 494 797 ἁμαρτάνειν
523 722 646 777 κατ’
679 720 961 791 ἐνέργειαν
996 734 1010 748 ο
1036 715 1268 787 δευτέρα
1286 714 1363 776 δὲ,
1395 712 1456 766 τὸ
1509 711 1584 782 μὴ
1633 712 1729 778 ὲγ-

130 817 424 889 χρονίζειν
451 818 511 868 ὲν
545 816 614 884 τῇ
682 812 830 882 ψυχῇ
880 810 1007 872 τοὺς
1054 805 1325 877 ἐμπαθεῖς
1388 802 1681 872 λογισμούς
1714 818 1725 830 ν

130 911 313 983 τρίτη
335 910 413 974 δὲ,
441 907 503 961 τὸ
522 907 622 970 τὰς
659 904 871 976 μορφὰς
902 902 1012 955 τῶν
1049 897 1345 968 γυναικῶντ
1379 896 1474 948 καὶ
1500 896 1608 947 τῶν
1634 894 1728 946 λυ-

136 1003 449 1075 πησάντων
474 998 703 1062 ἀπαθῶς
732 996 959 1065 θεωρεῖν
983 993 1126 1047 κατά
1153 990 1414 1045 διάνοιαν.

215 1200 341 1275 σπη’.
380 1202 672 1271 Ἀκτήμων
704 1197 853 1252 ἐστὶν
904 1196 937 1248 ὁ
966 1190 1377 1261 ἀποταξάμενος
1430 1188 1565 1241 πᾶσι
1621 1189 1733 1249 τοῖς

132 1295 498 1366 ὑπάρχουσιν
530 1288 680 1359 αὐτῷ
705 1328 720 1352 ,
752 1287 850 1340 καὶ
907 1283 1073 1355 μηδὲν
1115 1280 1178 1335 τὸ
1226 1279 1447 1333 σύνολον
1491 1277 1585 1330 ἐπὶ
1630 1275 1736 1344 γῆς

132 1387 496 1458 κεκτημένος
534 1382 674 1451 πλὴν
702 1379 796 1434 τοῦ
824 1378 1080 1448 σώματος
1106 1390 1123 1407 ο
1160 1374 1257 1427 καὶ
1286 1374 1388 1443 τὴν
1424 1371 1563 1441 πρὸς
1602 1370 1735 1423 αὐτὸ

126 1479 199 1531 δὲ
265 1477 455 1549 σχέσιν
500 1474 821 1545 διαρρήξας,
848 1469 925 1541 τῷ
951 1467 1074 1539 Θεῷ
1095 1467 1189 1520 καὶ
1218 1465 1332 1528 τοῖς
1358 1462 1610 1517 εὐσεϐέσι
1635 1461 1736 1533 τὴν

130 1569 349 1624 ἑαυτοῦ
378 1567 800 1623 κατεπίστευσεν
822 1561 1156 1631 οἰκονομίαν.

213 1742 335 1798 πθ’.
357 1741 480 1797 Τῶν
515 1739 817 1811 κτωμένων
862 1738 914 1790 οἱ
956 1736 1053 1807 μὲν
1083 1732 1311 1797 ἀπαθῶς
1343 1731 1617 1787 κτῶνται·
1657 1732 1739 1785 διὸ

130 1840 241 1892 καὶ
277 1836 633 1908 στερούμενοι
662 1832 876 1897 αὐτῶν,
906 1831 969 1884 οὐ
1025 1828 1324 1883 λυποῦνται
1350 1840 1366 1857 ’
1403 1828 1479 1891 ῶς
1524 1829 1575 1881 οἱ
1629 1828 1731 1897 τὴν

128 1929 413 2001 ἁρπαγὴν
440 1928 549 1982 τῶν
578 1924 932 1997 ὑπαρχόντων
968 1923 1155 1987 αὐτοῖς
1190 1920 1330 1992 μετὰ
1360 1922 1535 1991 χαρᾶς
1564 1938 1733 1992 προσ-

128 2020 458 2091 δεξάμενοι.
487 2021 551 2073 0t
580 2018 637 2072 δὲ
670 2016 936 2089 ἐμπαθῶς
966 2015 1209 2070 κτῶνται
1236 2027 1252 2045 °
1278 2013 1414 2067 διότι
1448 2014 1735 2085 μέλλοντες

130 2131 235 2167 ατε
246 2112 491 2184 ρείσθαι.
530 2109 823 2181 περίλυποι
882 2109 1129 2180 γίνονται
1169 2123 1183 2140 ·
1212 2106 1290 2170 ὡς
1318 2107 1347 2160 ὁ
1372 2106 1430 2160 ἐν
1458 2104 1536 2176 τῷ
1562 2106 1738 2173 Εὐαγ-

128 2207 320 2277 γελίῳ
333 2205 607 2269 πλούσιος,
640 2201 880 2271 ἀπῆλθε
900 2200 1306 2268 λυπούμενος.
1332 2197 1394 2250 Ei
1418 2196 1473 2250 δὲ
1491 2196 1587 2250 καὶ⁵
1611 2214 1736 2249 στε-

131 2294 401 2367 ροῦνται,
451 2294 617 2365 μέχρι
668 2291 902 2346 θανάτου
954 2288 1269 2343 λυποῦνται.
1297 2287 1405 2341 Τοῦ
1454 2284 1548 2342 οὖν
1598 2288 1741 2341 ἀπα-

128 2385 275 2448 θοῦς
334 2385 428 2439 καὶ
479 2384 573 2438 τοῦ
623 2381 909 2455 ὲμπαθοῦς
953 2381 1053 2452 τὴν
1101 2380 1343 2435 διάθεσιν
1428 2382 1462 2449 ἡ
1542 2380 1740 2451 στέρη-

130 2493 228 2540 σις
270 2475 512 2545 ἐλέγχει.

204 2658 290 2721 ιιιθ.
325 2653 471 2716 Τοὺς
518 2650 617 2722 μὲν
660 2652 847 2722 ἄκρως
920 2649 1393 2721 προσευχομένους
1438 2652 1529 2723 (f)
1579 2650 1739 2704 πολε-

129 2744 348 2816 μοῦσιν
389 2744 439 2797 οἱ
470 2742 746 2813 δαίμονες,
799 2741 886 2795 ἵνα
927 2740 998 2794 τά
1032 2741 1281 2811 νοήματα
1310 2739 1419 2794 τῶν
1467 2740 1741 2811 αἰσθητῶν

1841 617 2163 674 monachos.
2204 618 2281 671 Ae
2312 616 2526 685 primus
2551 613 2777 684 quidem
2801 623 2905 679 est,
2942 613 3082 668 nihil
3123 620 3249 669 actu
3289 628 3422 684 pec-

1839 726 1984 775 care,
2028 718 2194 779 atque
2234 722 2403 777 opere
2438 723 2452 759 :
2483 706 2622 761 alter
2654 721 2808 770 vero,
2846 705 3177 761 libidinosas
3206 714 3264 760 et
3292 719 3418 760 cum

1838 798 2041 855 aﬂ'ectu
2067 797 2433 868 cogitationes
2470 796 2523 849 in
2549 795 2736 849 animo
2782 796 2989 849 morari
3041 811 3150 850 non
3187 795 3370 850 sinere
3402 813 3417 849 :

1841 893 2059 955 tertius,
2101 889 2397 946 mulierum
2431 887 2579 957 ipsas
2624 887 2851 950 formas,
2885 903 2949 942 ac
2978 903 3171 943 eorum
3203 887 3299 957 qui
3332 889 3420 942 in-

1834 984 1981 1054 juria
2021 982 2314 1043 lzeserunt,
2369 979 2519 1033 nulla
2600 978 2830 1033 libidine
2887 995 2951 1033 ae
2999 978 3422 1048 perturbatione

1840 1083 2025 1130 mente
2054 1073 2397 1142 conspicere.

1910 1167 2000 1221 88.
2035 1167 2253 1236 Pauper
2285 1172 2371 1219 est
2404 1163 2542 1217 nihil
2598 1163 2839 1227 habens,
2887 1164 2980 1233 qui
3021 1164 3278 1219 omnibus
3308 1166 3425 1219 suis

1843 1258 2200 1314 facultatibus
2232 1255 2667 1320 abrenuntiavit,
2711 1256 2959 1326 nihilque
2989 1272 3220 1327 prorsus
3254 1272 3423 1327 super

1844 1360 2073 1415 terram,
2106 1359 2338 1419 excepto
2374 1348 2643 1403 duntaxat
2677 1363 2935 1419 corpore,
2970 1350 3253 1419 possidet:
3294 1366 3424 1422 erga

1842 1443 1991 1514 quod
2018 1442 2185 1497 etiam
2228 1442 2463 1511 abrupto
2491 1440 2643 1494 omni
2682 1440 2883 1494 atl'eetu
2917 1456 2981 1495 ac
3005 1442 3254 1506 libidine,
3300 1458 3425 1496 sua-

1845 1549 1973 1588 rum
2013 1532 2139 1587 vita:
2186 1533 2461 1587 rationum
2507 1530 2927 1601 dispositionem
2960 1548 3023 1587 ae
3056 1548 3270 1596 curam,
3316 1533 3425 1588 lico

1844 1626 2061 1696 piisque
2087 1624 2222 1678 viris
2242 1622 2609 1679 concredidit.

1913 1717 2002 1773 89.
2034 1718 2241 1773 Eorum
2296 1716 2390 1786 qui
2441 1716 2647 1770 habent
2694 1717 3095 1786 possessiones,
3157 1718 3251 1771 alii
3307 1718 3427 1772 sine

1848 1803 2049 1859 affectu
2104 1819 2169 1860 ac
2214 1804 2447 1858 libidine
2483 1803 2709 1868 habent,
2748 1804 2895 1860 unde
2926 1814 2982 1859 et
3012 1806 3230 1860 illarum
3262 1806 3429 1860 amis-

1765 1889 1807 1949 Β
1841 1894 1997 1950 sione
2030 1910 2141 1949 non
2172 1894 2403 1949 dolent:
2438 1895 2589 1949 velut
2620 1894 2700 1949 illi
2729 1896 2822 1965 qui
2870 1911 2997 1951 eum
3042 1897 3244 1967 gaudio
3277 1899 3425 1968 rapi—

1838 2001 1963 2040 nam
2041 1986 2311 2041 honorum
2357 2002 2584 2041 suorum
2646 1996 3009 2057 susceperunt
3050 1989 3138 2053 ⁶⁸;
3191 1988 3284 2042 alii
3335 2005 3428 2043 au-

1837 2087 1945 2133 tem
2002 2094 2127 2133 cum
2183 2079 2384 2133 affectu
2430 2094 2493 2134 ac
2544 2078 2776 2133 libidine
2819 2079 3025 2134 habent
3067 2079 3214 2133 unde
3242 2079 3414 2135 etiam

1837 2184 1966 2223 cum
1997 2170 2106 2224 illis
2128 2170 2381 2240 privandi
2421 2170 2553 2233 sint,
2583 2170 2788 2224 morosi
2818 2168 2960 2223 fiunt
2987 2184 3053 2222 ae
3075 2168 3297 2233 tristes;
3332 2185 3427 2223 ve-

1838 2262 1923 2316 lut
1951 2261 2105 2316 dives
2140 2262 2232 2316 ille
2278 2261 2334 2316 in
2366 2261 2662 2331 Evangelio
2690 2279 2703 2314 :
2729 2262 2871 2316 Abiit
2906 2262 3075 2316 tristis
3105 2263 3150 2293 “
3213 2280 3225 2315 :
3280 2277 3344 2317 ac
3378 2264 3422 2317 si

1840 2353 2023 2423 reipsa
2053 2354 2259 2423 privari
2289 2354 2605 2424 contigerit,
2635 2355 2703 2408 ad
2744 2364 2978 2409 mortem
3008 2371 3185 2425 usque
3210 2355 3423 2411 dolent.

1839 2444 2151 2499 Libidinosi
2183 2461 2315 2516 ergo
2360 2456 2417 2501 et
2451 2462 2558 2500 non
2604 2445 2893 2501 libidinosi
2949 2447 3216 2513 animum,
3249 2452 3428 2520 arguit

1840 2546 2006 2606 atque
2030 2538 2285 2608 explorat
2315 2539 2393 2593 rei
2420 2539 2537 2609 ipsa
2568 2538 2827 2609 privatio.

1910 2627 2075 2700 525
2105 2629 2193 2685 90.
2223 2630 2333 2685 Eos
2353 2630 2447 2699 qui
2474 2647 2793 2702 supremum
2826 2648 2890 2687 ac
2915 2634 3279 2703 purissimum
3303 2651 3429 2705 prc-

1843 2719 2004 2773 candi
2028 2735 2202 2790 genus
2232 2728 2645 2785 consectantur,
2675 2722 2999 2791 impugnant
3032 2722 3329 2789 daemones,
3362 2739 3429 2777 ne

1844 2825 2041 2866 rerum
2075 2812 2131 2866 in
2182 2827 2406 2868 sensum
2451 2811 2765 2868 cadentium
2819 2815 2995 2869 nudas
3044 2816 3428 2887 simplicesque

1843 2902 2030 2959 animo
2064 2904 2307 2959 rationes
2331 2918 2603 2975 sensaque
2627 2906 3085 2983 apprenhendant
3108 2926 3121 2961 :
3145 2909 3433 2965 studentes

1845 3003 2032 3051 autem
2065 2996 2310 3051 scientiae
2338 3011 2404 3051 ac
2436 2997 2911 3067 contemplationi,
2941 3007 3004 3052 ut
3029 2999 3339 3056 libidinosa:
3374 3009 3431 3055 et

1846 3102 1972 3141 cum
2020 3086 2221 3141 aﬁ‘ectu
2269 3088 2632 3157 cogitationes
2678 3090 2734 3143 in
2770 3090 2853 3145 cis
2901 3104 3112 3144 moram
3162 3092 3426 3145 trahant:

1846 3192 1942 3232 eos
1981 3176 2223 3246 denique
2270 3177 2366 3247 qui
2415 3178 2471 3232 in
2516 3178 2734 3235 actione
2782 3188 3063 3235 certamen
3103 3179 3327 3246 habent,
3370 3191 3431 3236 ut

1770 3247 1811 3301 ε
1848 3276 1973 3324 actu
2016 3284 2079 3323 ac
2114 3269 2236 3337 ipso
2268 3284 2433 3339 opere
2469 3284 2700 3339 peccare
2729 3270 3018 3326 suadeant.
3054 3270 3216 3326 Omni
3242 3280 3429 3329 autem

126 2836 500 2908 πραγμάτων
554 2833 689 2904 ψιλά
721 2834 796 2905 μὴ
831 2832 1293 2904 ἀναλαμϐάνωσι’
1331 2834 1461 2897 τοὺς
1502 2832 1560 2886 δὲ
1601 2850 1742 2903 γνω-

128 2930 398 2992 στικοὺς,
436 2928 522 2982 ἵνα
559 2926 948 2998 ὲγχρονίξωσιν
972 2924 1248 2989 ἑνάὂτοὶις
1277 2926 1329 2979 ol-
1356 2925 1628 2997 ἒμπαθεῖς
1656 2926 1742 2979 λο-

125 3021 337 3091 γισμοί
363 3034 380 3046 ⁸
408 3018 532 3082 τοὺς
559 3017 617 3071 δὲ
650 3017 779 3089 περὶ
809 3017 913 3088 τὴν
938 3016 1140 3086 πρᾶξιν
1163 3014 1623 3087 ἀγωνιζομένους,
1655 3014 1743 3070 ἵνα

127 3113 422 3166 πείσωσιν
471 3110 670 3173 αὐτοὺς
701 3110 824 3163 κατ’
866 3108 1151 3178 ἐνέργειαν
1179 3108 1517 3179 ἁμαρτάνειν
1536 3124 1550 3139 ο
1580 3108 1743 3162 παντὶ

123 3202 186 3256 δὲ
206 3200 416 3272 τρόπῳ
458 3199 591 3271 πρὸς
611 3200 823 3262 πάντας
843 3197 1228 3267 ἀγωνίζονται,
1249 3198 1337 3251 ἵνα
1359 3197 1467 3251 ἀπὸ
1488 3196 1584 3251 τοῦ
1604 3197 1741 3251 Θεοῦ

123 3295 181 3349 οἱ
203 3294 449 3349 δείλαιοι
472 3294 599 3357 τοὺς
632 3290 955 3364 ἀνθρώπους
980 3291 1283 3362 χωρίσωσι.

200 3558 330 3621 ha}.
368 3552 434 3605 Οἱ
482 3550 624 3605 κατά
664 3549 758 3604 τὸν
788 3549 903 3620 βίον
941 3547 1131 3603 τοῦτον
1156 3548 1263 3602 ὑπὸ
1292 3548 1390 3617 τῆς
1415 3547 1564 3612 θείας
1607 3565 1740 3618 προ-

124 3643 299 3706 νοίας
330 3643 417 3705 εἰς
445 3641 731 3697 εὐσέϐειαν
779 3639 1273 3711 ὲγγυμναξόμενοι,
1302 3638 1392 3693 διὰ
1432 3639 1540 3693 τῶν
1569 3640 1737 3711 τριῶν

122 3735 357 3789 τούτων
380 3735 702 3806 πειρασμῶν
729 3731 1144 3803 δοκιμάζονταιο
1173 3726 1306 3796 οἷον,
1338 3731 1372 3803 ἢ
1403 3731 1492 3785 διὰ
1509 3732 1607 3801 τῆς
1629 3731 1739 3786 τῶν

123 3827 318 3899 ἡδέων
350 3825 574 3891 δόσεως,
606 3825 682 3889 ὡς
711 3825 805 3878 ἐπὶ
834 3824 1024 3891 ὑγείας
1055 3824 1150 3877 καὶ
1189 3821 1420 3887 κάλλους
1451 3823 1547 3878 καὶ
1590 3823 1740 3878 εὐτε-

199 3962 256 3996 ⁶⁸
301 3958 477 4016 Hebr.
508 3975 563 4025 x,
594 3958 686 4013 34.
760 3957 806 3990 “
837 3956 1032 4012 Matth.
1068 3973 1178 4024 xix,
1208 3956 1299 4013 22.

123 4101 419 4176 ponitque
451 4098 688 4176 Tsrgum
708 4096 1117 4176 aneloslssm
1137 4100 1316 4176 herbis
1352 4102 1593 4176 amaris;
1626 4102 1735 4155 sie-

169 4189 247 4229 ue
288 4167 463 4226 etiam
502 4167 613 4241 Leo
637 4168 810 4241 ludas
837 4168 901 4241 in
939 4168 1093 4241 Bibl.‘
1137 4167 1361 4240 Tigur.;
1404 4169 1733 4241 Cyprianus,

172 4260 278 4298 um
303 4240 591 4311 picridibus
647 4237 1318 4311 ede_nt;_Syxt._interpr.
1364 4237 1528 4309 paulo
1591 4240 1735 4295 forte

126 4306 468 4383 religiosior
493 4308 785 4383 retinenda
814 4306 1000 4383 phr'asi
1028 4306 1441 4383 Grmca_,_suﬁer
1489 4311 1734 4381 pierides.

125 4379 702 4455 Sigﬁilicari‘genus
753 4379 982 4455 herbas,
1035 4388 1093 4432 et
1141 4379 1373 4455 quidem
1412 4379 1629 4455 agreste
1680 4392 1737 4437 et

125 4450 425 4515 aniarum,
452 4450 589 4505 citra
619 4450 1061 4521 controversiam
1077 4458 1180 4521 est.
1206 4450 1393 4505 Genus
1438 4450 1616 4521 i’ntybi
1646 4459 1737 4506 est

1850 3362 2014 3418 modo
2061 3362 2329 3418 adversus
2378 3378 2593 3432 omnes,
2629 3365 2883 3421 scelerati
2932 3364 3221 3421 decertant
3264 3376 3429 3438 atque

1847 3454 2151 3519 luctantur,
2190 3463 2251 3509 ut
2281 3454 2532 3511 homines
2557 3472 2585 3509 a
2614 3455 2727 3511 Deo
2757 3455 3077 3527 abjungant.

1916 3543 2008 3599 91.
2044 3543 2149 3610 Qui
2190 3544 2245 3599 in
2286 3544 2391 3600 hae
2436 3545 2659 3601 mortali
2692 3546 2826 3611 vita,
2862 3545 3050 3601 divina
3085 3536 3430 3617 providentia

1843 3635 1912 3691 ad
1944 3635 2207 3706 pietatem
2232 3644 2583 3700 exercentur,
2614 3635 2817 3707 triplici
2839 3635 2942 3691 hac
2973 3638 3277 3693 tentatione
3298 3653 3428 3708 pro-

1843 3728 2070 3786 bantur.
2104 3730 2201 3787 Vel
2231 3729 2378 3801 quod
2410 3730 2730 3785 tribuantur
2760 3746 2883 3800 quae
2909 3730 3088 3785 dulcia
3114 3742 3263 3795 sunt,
3297 3740 3430 3802 puta

1846 3825 2083 3891 sanitas,
2141 3823 2527 3895 pulchritudo,
2578 3825 2818 3907 ingenua
2872 3825 3163 3895 amplaque
3216 3827 3428 3896 proles,

1845 4102 2107 4157 carnibus
2138 4101 2402 4156 etlarido.
2428 4100 2661 4172 ,Egregii
2685 4116 2819 4172 vero
2838 4102 3187 4170 interpretes.
3226 4102 3430 4172 quibus

1844 4174 1925 4227 sic
1950 4173 2115 4227 liceat
2144 4174 2198 4225 in
2218 4172 2389 4226 sacris
2425 4170 2639 4235 ludere,
2683 4170 2770 4225 vel
2797 4178 3079 4239 stuporem
3111 4170 3425 4225 ostendere.

1843 4243 1962 4297 Non
1998 4242 2157 4297 licuit
2198 4240 2444 4295 Hebraeis
2496 4240 2831 4309 proiecturis
2883 4255 3056 4309 panes
3086 4254 3346 4310 coquere,
3371 4252 3429 4297 et

1842 4312 2000 4367 licuit
2024 4312 2352 4367 salsamenta
2378 4325 2573 4380 parare
2597 4312 2611 4363 ι

1917 4381 1999 4453 (ε)
2026 4383 2184 4448 Τρεῖς
2211 4378 2621 4453 alam—ﬂorea!
2671 4379 3074 4453 καταστᾴσεις
3111 4378 3427 4453 ’γενικώτε-

1837 4450 1975 4520 ραι.’
2006 4453 2266 4507 Videatur
2298 4450 2496 4521 triplex
2515 4450 2625 4521 iste
2651 4450 3027 4521 exercentium
3057 4451 3126 4505 ad
3166 4450 3425 4521 pietatem

126 4524 362 4595 πικρίς.
391 4521 708 4598 _reddit_q_ue
734 4518 879 4598 Ciam
921 4519 1066 4589 apud
1116 4519 1282 4598 grist.
1341 4530 1398 4598 et
1454 4518 1733 4589 Tlieophr.
1768 4542 1813 4598 ι)
1840 4518 2048 4598 gradus
2086 4538 2149 4577 ac
2178 4518 2704 4598 status,'e_xplicatip
2736 4521 2856 4591 ejus
2906 4521 3053 4598 quod
3081 4518 3296 4577 dixerat
3332 4538 3425 4578 su-

126 4589 545 4663 amdraginem.
578 4589 718 4645 Plin.
769 4589 868 4644 lib.
892 4606 1022 4663 xix,
1053 4605 1103 4663 c.
1124 4591 1156 4645 8
1184 4608 1196 4644 :
1236 4590 1525 4663 Pessimum
1554 4607 1735 4663 genus

125 4683 260 4719 eum
292 4660 703 4732 eaiprobratione
729 4660 1110 4732 amaritudinis
1130 4661 1484 4732 appellavere
1509 4660 1733 4732 pierida.

127 4735 335 4790 Diosc.
363 4728 373 4732 ’
398 4733 433 4788 Ι.
491 4748 551 4795 ιι,
596 4730 698 4786 160
724 4730 936 4802 ιΑΣέρας
1000 4728 1184 4802 duci},
1209 4728 1294 4783 ὢν
1324 4734 1355 4796 ἡ
1434 4728 1533 4802 μὲν
1566 4731 1734 4802 ἀγρία

129 4804 362 4884 πικρὶς,
412 4805 455 4884 ’ὴ
511 4803 605 4855 καὶ
639 4800 897 4884 κιχὼριον
948 4799 1291 4884 καλουμένη..
1328 4799 1735 4884 Εξιήηίηιγιιίιηι

126 4870 602 4947 agreste,in_quo
621 4870 849 4942 perinde
886 4885 950 4924 ac
983 4870 1343 4947 inplacentis
1379 4870 1738 4947 intersaepta-

129 4940 231 5010 tis,
264 4943 452 4997 voluit
480 4940 637 4996 Deus
676 4940 1055 5011 repraesentati
1106 4940 1514 4997 festinationem
1581 4942 1735 4997 illam

127 5028 412 5086 egressus
430 5029 498 5086 ex
531 5010 959 5086 Egypto,quasi
990 5011 1347 5066 tumultuarie
1365 5019 1421 5065 et
1473 5012 1737 5086 i_mproyi-

127 5080 191 5141 se
220 5084 395 5139 nullo
419 5082 487 5138 ad
526 5080 738 5153 tantum
782 5080 894 5153 iter
959 5091 1292 5146 commeatu,
1326 5098 1425 5150 per
1456 5080 1738 5153 [Egyptia-

131 5171 274 5209 rum
312 5152 711 5222 expellenlium
742 5152 892 5223 vitm;
929 5159 991 5204 ut
1016 5160 1359 5223 cum_satyrte
1387 5152 1575 5208 herbae
1606 5152 1736 5207 non

131 5171 274 5209 rum
312 5168 711 5222 expenenuum
742 5168 892 5223 vum;
929 5168 991 5204 ut
1016 5168 1143 5203 cum
1164 5168 1248 5205 sat
1288 5168 1359 5206 rte
1389 5168 1575 5208 uernae
1622 5168 1735 5207 non

130 5232 639 5303 suppeterentsex
664 5220 974 5303 agrestibus
994 5168 1307 5303 supplenda
1335 5221 1504 5303 fuesit
1520 5236 1735 5303 _earum

132 5290 340 5372 inopia
376 5310 389 5346 :
417 5309 484 5348 ex
516 5293 610 5347 illo
640 5290 854 5372 scilicet
872 5290 1045 5372 intybi
1068 5306 1289 5371 genere,
1316 5291 1462 5372 quod
1480 5292 1556 5372 ab
1588 5308 1739 5347 ama-

136 5361 401 5419 rittidine
427 5378 625 5417 nomen
642 5362 828 5427 habet,
864 5361 1114 5431 satisque
1148 5361 1328 5431 ipsum
1354 5362 1576 5418 salubre
1604 5374 1688 5419 est
1720 5383 1733 5417 :

134 5437 313 5512 cujus
358 5434 585 5487 multam
615 5432 833 5502 copiam
873 5432 928 5486 in
962 5429 1396 5512 digxptopotuit
1420 5448 1564 5512 esse,
1597 5448 1738 5503 pene

136 5500 258 5573 iam
282 5504 516 5559 ineunte
540 5500 750 5567 aestate,
772 5517 871 5573 pro
890 5500 1133 5573 regionis
1150 5500 1298 5573 illius
1320 5500 1737 5573 temperie,eum

227 5575 418 5629 bmos
437 5574 616 5642 primo
643 5571 830 5642 mense
850 5587 915 5627 ea
936 5571 1166 5641 contigit
1185 5571 1360 5627 exire.
1396 5571 1738 5628 salsamenta

138 5646 246 5715 qui
277 5641 725 5715 redderet,unus
755 5641 960 5715 Obsop.
988 5642 1388 5715 exspectandus
1408 5652 1549 5708 erat,
1580 5644 1740 5713 eique

141 5711 369 5769 rnorem
389 5728 606 5785 gerens,
627 5713 795 5785 Gesn.
817 5712 1020 5785 Notum
1037 5711 1175 5785 quid
1194 5713 1542 5785 salsamenta,
1589 5711 1741 5784 “ta—pt-

144 5782 433 5854 χεὺματα,
460 5784 515 5838 in
541 5783 788 5853 piscibus
818 5782 1092 5853 praecipue
1124 5782 1293 5849 dicta,
1352 5784 1447 5853 qui
1515 5785 1597 5840 sic
1627 5782 1740 5839 sale

149 5855 502 5910 condiuntur
541 5862 598 5909 et
655 5862 1009 5910 macerantur
1042 5869 1056 5907 :
1090 5854 1422 5925 quandoque
1467 5855 1649 5912 etiam.
1686 5857 1739 5911 in

1840 4593 2044 4716 periori
2066 4609 2191 4675 cap:
2218 4590 2488 4673 servanda
2521 4590 2779 4674 quaedam
2800 4591 3058 4647 mandata
3082 4600 3144 4675 et
3164 4607 3426 4662 corpora-

1864 4671 2041 4716 Iteret
2059 4663 2435 4716 sntrttallterz-
2474 4660 2790 4716 smrttallter
2848 4661 2907 4715 δὲ
2946 4678 3216 4716 τοισσως’
3275 4665 3425 4716 quod

1864 4663 2041 4719 iteret
2059 4660 2435 4733 spiritaliter;
2474 4660 2790 4733 spiritaliter
2848 4661 2907 4715 δὲ
2946 4662 3216 4733 τρισσῶς’
3264 4660 3425 4733 quod

1840 4748 1952 4788 non
1972 4730 2333 4789 reddiderunt
2357 4730 2564 4799 Obsop.
2599 4739 2656 4787 et
2684 4730 2849 4787 Gesn.
2873 4730 3022 4801 quod
3043 4732 3182 4788 forte
3199 4730 3421 4789 inscitia

1840 4819 2036 4860 vacare
2062 4812 2344 4873 putarent.
2386 4802 2620 4873 Triplex
2648 4817 2782 4873 ergo
2814 4802 2907 4857 illa
2948 4804 3239 4858 moralium
3281 4819 3424 4872 prae-

1840 4871 2128 4945 ceptorum
2186 4872 2455 4944 spiritalis
2519 4871 2838 4945 observatio
2889 4873 2993 4928 ista
3031 4883 3157 4940 est;
3207 4871 3427 4945 utnec

1840 4942 2048 5029 opere.
2107 4942 2231 4999 nec'
2263 4957 2482 5029 morosa
2539 4943 2892 5029 cogitatione
2960 4942 3422 5029 transgrediaris,

1840 5012 2249 5085 perfectamque
2274 5021 2471 5085 nactus
2528 5012 2834 5085 ἀπάθειαν,
2903 5029 2973 5085 ne
3042 5012 3234 5067 formis
3300 5013 3424 5085 qni-

1840 5082 1969 5166 dem
2001 5086 2127 5141 ullis
2161 5082 2434 5155 cogitatis
2472 5084 2660 5140 animo
2698 5083 2955 5139 aﬂiciaris
2981 5092 3078 5137 aut
3130 5082 3423 5152 perturbe-

1839 5170 1937 5210 I'JS.

1913 5225 1979 5295 (ί)
2034 5223 2179 5289 Τοὺς
2230 5223 2425 5295 ἄκρως
2484 5223 3029 5295 προσευχομένους.
3088 5221 3420 5292 Supremum

1843 5293 1989 5350 istud
2013 5293 2284 5350 orationis
2313 5310 2508 5365 genus,
2544 5310 2655 5365 quo
2697 5293 2767 5349 sit
2792 5293 3417 5365 indesinenter__orare.

1840 5362 2465 5437 explicuitMaxim‘usﬁc.
2497 5362 2586 5437 6f,
2618 5380 2752 5434 pura
2784 5365 2900 5434 ipsa
2926 5371 3115 5437 mente
3135 5362 3421 5437 adhaeren-

1841 5433 1927 5491 do'
1954 5436 2087 5511 Deo,
2116 5436 2338 5511 absque
2349 5436 2477 5490 ullis
2505 5433 2672 5511 etiam
2704 5433 2887 5487 rerum
2918 5433 3116 5511 formis
3143 5450 3155 5486 :
3181 5433 3421 5511 quista-

1845 5516 1935 5563 tus
1965 5506 2133 5562 etiam
2160 5502 2269 5559 τῶν
2298 5504 2643 5566 Γνωστικῶν,
2681 5512 2737 5558 et
2777 5519 2970 5557 eorum
3002 5504 3097 5572 qui
3141 5502 3420 5573 spiritales

1842 5586 1992 5642 sunt,
2052 5592 2151 5631 seu
2193 5574 2647 5644 contemplationi
2692 5573 3081 5644 impeduntur,
3142 5572 3420 5644 communi

1843 5640 1988 5702 statu
2026 5646 2292 5717 superior
2335 5640 2431 5717 hic
2492 5643 2726 5717 Maximo
2770 5640 3120 5717 insinuatur.
3200 5640 3419 5717 Frigida

1843 5734 1977 5788 ergo
2009 5712 2212 5787 Obsop.
2238 5714 2458 5772 Crebras
2491 5713 2818 5785 precationes
2860 5714 2945 5768 ad’
2981 5713 3151 5768 Deum
3198 5712 3421 5781 funden-

1844 5796 1940 5842 tes.
