3898 6436
562 371 701 440 1019

1725 388 1786 448 S.
1821 389 2108 450 MAXIMI
2145 388 2652 462 CONFESSORIS

3650 420 3754 488 1096

553 486 736 543 tiores
763 494 893 544 sunt
928 489 1235 548 habitibus.
1279 493 1412 549 Erat
1443 510 1577 566 ergo
1609 513 1735 552 cum
1775 499 1831 554 in
1865 500 1949 554 eis
1973 515 2106 554 eran

2237 518 2334 572 γος
2363 509 2456 562 καὶ
2488 510 2612 576 νοῦς
2644 513 2741 566 καὶ
2795 515 3120 590 περίσκεψις
3149 519 3402 594 εὐλαϐής.
3443 525 3504 579 El
3526 527 3579 580 δὲ
3613 547 3751 596 τουτο,

553 575 718 639 ratio,
751 579 1064 650 mentisque
1091 581 1451 652 perspicacia,
1493 595 1550 640 et
1582 588 1828 656 prudens
1864 597 2134 659 cautaque

553 664 944 723 consideratio.
992 669 1088 724 Sin
1130 681 1315 728 autem
1351 674 1426 729 ita
1465 690 1523 730 se
1566 693 1656 732 res
1693 679 1879 744 habet,
1919 695 1989 735 ne
2029 681 2134 750 ipsi

551 755 778 823 quidem
809 758 1087 816 daemones
1122 773 1320 819 natura
1363 767 1493 822 mali
1525 779 1688 836 sunt;
1728 771 1826 826 sed
1857 788 1924 828 ex
1964 790 2133 844 pravo

553 861 656 901 usu
687 851 1024 906 naturalium
1050 854 1251 910 virium
1280 859 1408 914 mali
1437 860 1566 916 facti
1599 873 1740 919 sunt.

622 937 674 993 6.
715 939 1059 1010 Atl'ectuum,
1108 946 1205 1002 alii
1250 949 1571 1019 libidinem,
1626 956 1719 1010 alii
1771 959 1991 1025 odium,
2037 961 2131 1016 alii

548 1035 851 1102 utrumque
905 1035 1156 1104 parium-
1217 1043 1337 1095 tum
1387 1043 1599 1102 scilicet
1654 1047 1970 1119 libidinem,
2012 1062 2128 1108 tum

548 1118 760 1175 odium.

622 1214 674 1267 7.
715 1212 972 1273 Edacitas
1017 1218 1383 1294 ciborumque
1425 1229 1699 1298 exquisita
1735 1233 2011 1303 lautities,
2057 1237 2127 1291 li—

547 1300 795 1359 bidinem
823 1308 1159 1380 progignunt
1185 1331 1198 1367 :
1235 1317 1463 1374 avaritia
1487 1336 1620 1376 vero
1645 1330 1703 1377 et
1724 1323 1903 1381 inanis
1928 1300 2125 1398 gloria,

547 1392 736 1448 odium
785 1395 844 1450 in
885 1401 1198 1468 proximum
1243 1423 1257 1459 :
1304 1419 1362 1464 at
1409 1410 1610 1467 horum
1657 1431 1858 1485 parens
1893 1421 2133 1478 carnalis

545 1499 704 1539 amor
732 1485 1034 1562 (φιλαυτία)
1066 1495 1354 1568 utriusque
1381 1510 1464 1556 est
1491 1513 1702 1561 auctor.

615 1575 669 1630 8.
709 1577 968 1632 Φιλαυτία
997 1583 1099 1652 (sic
1125 1585 1293 1658 dicta)
1337 1590 1665 1650 libidinosus
1699 1608 1786 1654 est
1823 1615 1888 1656 ac
1924 1602 2124 1659 rationi

545 1665 848 1726 adversans
893 1689 1050 1729 amor
1083 1693 1149 1732 ac
1189 1680 1362 1736 libido
1399 1688 1668 1755 corporis.
1708 1688 1849 1745 Huic
1884 1691 2124 1750 Charitas

543 1760 997 1834 continentiaque
1026 1781 1407 1839 opponuntur.
1443 1776 1616 1846 Igitur
1655 1779 1710 1834 in
1743 1797 1854 1850 quo
1879 1793 1962 1838 est
1998 1799 2125 1840 cor-

542 1851 696 1917 poris
725 1851 818 1908 ille
858 1870 1036 1925 amor,
1065 1869 1281 1917 certum
1318 1874 1400 1921 est
1433 1865 1583 1924 vitiis
1617 1871 1875 1928 omnibus
1911 1883 2121 1932 scatere

540 1956 606 1997 ac
637 1943 942 2006 affectibus.

609 2031 661 2086 9.
697 2032 892 2103 Nemo,
939 2037 1124 2109 inquit
1169 2045 1499 2114 Apostolus,
1545 2065 1759 2106 carnem
1803 2071 1956 2109 suam
2001 2056 2120 2112 odio

537 2123 719 2178 habuit
745 2126 827 2192 ";
854 2130 1112 2201 suggillat
1135 2143 1313 2191 tamen
1338 2149 1388 2194 et
1416 2142 1473 2195 in
1501 2139 1812 2201 servitutem
1839 2149 2027 2220 redigit
2047 2152 2116 2216 ⁷⁸,

536 2216 678 2271 nihil
718 2220 954 2290 amplius
992 2224 1046 2279 ei
1089 2229 1364 2296 pmbens,
1407 2249 1574 2304 quam
1622 2239 1806 2294 cibum
1849 2252 1907 2297 et
1950 2216 2116 2299 indu-

537 2313 744 2375 menta;
771 2310 996 2382 haecque
1019 2315 1158 2371 adeo
1177 2330 1442 2388 quantum
1460 2325 1528 2379 ad
1549 2327 1721 2382 solam
1741 2330 1864 2388 vita:
1897 2342 2117 2390 susten-

538 2397 798 2454 tationem
810 2399 978 2474 428
995 2411 1370 2466 necessarium
1387 2415 1480 2469 sit.
1508 2416 1599 2474 Sic
1618 2419 1789 2489 igitur
1811 2424 1936 2492 quis
1953 2425 2121 2481 illibi-

533 2487 731 2546 dinose
767 2494 1030 2564 nulloque
1058 2499 1195 2554 vitio
1233 2517 1354 2557 eam
1379 2505 1586 2578 diligit;
1625 2487 1690 2566 ac
1726 2487 1878 2570 velut
1913 2515 2117 2574 divinis

532 2582 880 2639 ancillantem
921 2589 1021 2642 alit
1057 2600 1112 2646 ct
1152 2593 1321 2661 fovet,
1361 2599 1472 2655 illis
1507 2601 1774 2661 duntaxat
1815 2613 2114 2680 concessis,

531 2673 736 2741 quibus
757 2677 879 2747 ejus
902 2679 1205 2752 indigentia
1234 2690 1444 2758 expleri
1473 2696 1666 2763 possit.
2088 2710 2090 2712 ’

601 2764 688 2819 10.
720 2766 893 2833 Quem
916 2773 1043 2840 quis
1064 2774 1261 2846 diligit,
1289 2783 1514 2838 omnino
1535 2788 1700 2842 etiam
1726 2792 1909 2848 colere
1937 2793 2116 2851 ollicio

528 2855 746 2926 satagit.
784 2857 840 2913 Si
875 2862 1002 2930 quis
1033 2881 1165 2937 ergo
1194 2858 1368 2926 Deum
1415 2874 1614 2948 diligit,
1657 2873 1888 2950 pﬁrsus
1922 2887 2110 2954 etiam,

531 2958 654 3012 qua:
696 2947 775 3002 illi
825 2952 1028 3020 placita
1067 2969 1196 3014 sunt
1233 2974 1494 3032 praestare
1526 2947 1718 3029 studet
1749 2991 1763 3028 ε
1800 2976 1884 3031 εἰη
1929 2988 2112 3036 autem

599 3231 686 3287 il.
724 3235 837 3292 Deo
871 3241 1095 3310 quidem
1130 3249 1353 3318 placent
1385 3255 1628 3316 charitas
1663 3272 1720 3318 et
1751 3272 2111 3338 temperantia

525 3336 625 3378 seu
677 3329 921 3398 castitas,
959 3342 1353 3412 contemplatio
1403 3346 1535 3404 item
1587 3363 1646 3408 et
1695 3329 1902 3427 oratio;
1955 3365 2110 3420 carni

525 3432 678 3485 vero,
710 3425 836 3492 gula
871 3435 928 3481 et
966 3427 1392 3503 intemperantia
1429 3456 1527 3497 seu
1566 3443 1771 3514 libido;
1805 3466 1869 3506 ac
1890 3425 2111 3523 quibus

528 3507 619 3564 illa
658 3523 951 3584 augentur.
988 3519 1196 3579 Idcirco
1227 3545 1241 3580 :
1275 3527 1378 3594 Qui
1410 3532 1466 3585 in
1495 3551 1657 3590 carne
1683 3549 1827 3605 sunt,
1853 3507 1962 3597 Deo
1990 3545 2111 3616 pla-

525 3617 639 3655 cere
673 3621 776 3659 non
805 3621 1026 3679 possunt
1053 3616 1118 3670 ⁷⁷.
1155 3616 1259 3683 Qui
1283 3632 1459 3678 autem
1488 3637 1610 3682 sunt
1646 3628 1860 3700 Christi,
1893 3654 2108 3694 carnem

522 3709 676 3748 suam
714 3700 1090 3769 cruciﬁxenmt
1129 3726 1246 3764 cum
1301 3715 1438 3770 vitiis
1480 3727 1530 3771 et
1577 3727 2005 3795 concupiscentiis
2036 3732 2104 3788 ⁷⁸.

595 3783 681 3838 12.
722 3787 956 3847 Animus
1001 3794 1057 3849 in
1101 3797 1272 3854 Deum
1314 3819 1566 3876 vergens,
1598 3822 1846 3884 nutuque
1891 3817 1945 3871 in
1977 3836 2105 3876 eum

521 3879 867 3946 propensior,
907 3898 1112 3955 corpus
1146 3905 1366 3948 servum
1395 3897 1580 3966 habet,
1618 3919 1721 3960 nec
1749 3917 1950 3976 praeter
1977 3912 2105 3968 vita:

521 3971 831 4025 necessaria
858 3975 1158 4046 quidquam
1185 3981 1263 4038 illi
1286 3988 1495 4055 praebet
1525 4009 1539 4045 :
1572 3993 1657 4048 sin
1683 4007 1866 4054 autem
1895 4001 1951 4057 in
1981 4019 2104 4059 car-

519 4071 645 4110 nem
690 4060 842 4116 vitiis
887 4069 1256 4140 mancipatur,
1305 4077 1454 4135 illius
1511 4097 1731 4155 semper
1802 4103 1989 4147 curam
2045 4095 2102 4150 in

517 4143 810 4208 desideriis
832 4170 1002 4227 agens
1029 4161 1096 4215 ".

588 4243 674 4298 15.
718 4244 774 4300 Si
820 4248 927 4305 hoc
956 4254 1147 4314 studes
1188 4271 1246 4314 ut
1281 4263 1678 4333 cogitationum
1720 4287 1948 4344 compos
1982 4277 2098 4332 elli-

514 4331 701 4400 ciaris,
728 4337 960 4398 all‘ectus
992 4360 1126 4402 cura
1177 4365 1241 4404 ac
1279 4351 1558 4422 libidines,
1596 4359 1906 4434 horumque
1941 4367 2096 4425 facile

513 4422 707 4492 victor,
747 4430 931 4487 animo
980 4434 1102 4492 illas
1143 4439 1352 4510 cjicies.
1402 4445 1538 4501 Puta
1610 4449 1666 4504 in
1708 4451 2092 4526 fornicatione,

503 4515 713 4588 jejuna,
749 4522 934 4592 vigila,
979 4525 1189 4597 labora,
1238 4535 1521 4594 solitarius
1565 4557 1697 4612 age;
1751 4544 1806 4600 in
1845 4547 1923 4603 ira
1963 4567 2094 4610 vero

509 4622 574 4662 ac
607 4609 854 4679 tristitia,
899 4617 1126 4686 gloriam
1171 4631 1227 4678 et
1274 4624 1575 4697 infamiam,
1607 4650 1802 4705 resque
1842 4647 2092 4700 terrenas

508 4707 819 4759 contemne.
873 4706 930 4760 In
993 4709 1315 4780 injuriarum
1368 4723 1633 4776 memoria
1679 4741 1743 4781 ac
1788 4728 2086 4802 simultate,

505 4806 602 4846 ora
636 4808 740 4864 pro
771 4811 838 4852 co
865 4799 960 4869 qui
1000 4801 1129 4858 fecit
1157 4805 1438 4878 injuriam;
1474 4821 1530 4869 et
1559 4814 1905 4876 liberaberis.

575 4971 660 5027 M.
698 4974 778 5030 Ne
847 4985 902 5034 te
935 4979 1394 5045 imbecillioribus
1431 4991 1716 5051 hominum
1759 5003 2082 5058 commetia-

2235 598 2358 652 οὐδὲ
2387 602 2437 654 oi
2465 602 2720 674 δαίμονες
2745 607 2908 676 φύσει
2933 613 3095 668 κακοί
3115 630 3130 645 ο
3157 615 3274 670 ἀλλ’
3299 617 3368 671 ὲκ
3407 624 3752 694 παραχρήσεως

2233 688 2344 744 τῶν
2367 694 2617 762 φυσικῶν
2647 696 2932 771 δυνάμεων
2960 705 3126 760 κακοὶ
3152 707 3431 777 γεγόνασι.

2303 945 2378 1003 ς’.
2414 941 2495 994 Τὰ
2519 942 2619 1014 μὲν
2655 945 2766 1000 τῶν
2785 949 2996 1016 παθῶν,
3027 953 3324 1022 ἀκολασίας
3343 972 3359 988 ⁶
3381 957 3452 1014 τὰ
3476 958 3553 1028 δὲ,
3583 960 3754 1032 μίσους

2230 1029 2299 1084 τά
2328 1031 2407 1098 δὲ,
2443 1035 2538 1088 καὶ
2569 1036 2869 1104 ἀκολασίας
2892 1043 2987 1098 καὶ
3026 1045 3221 1116 μίσους
3257 1050 3367 1103 είσὶ
3395 1029 3656 1123 ποιητικά.

2299 1230 2366 1296 ζ’.
2398 1233 2714 1306 Πολυφαγία
2745 1238 2839 1294 καὶ
2862 1241 3168 1314 ήδυφαγία,
3207 1249 3510 1316 ἀκολασίας
3550 1256 3672 1308 εἰσιν
3695 1259 3758 1311 ai-

2226 1339 2320 1376 τια
2346 1323 2468 1397 1n.
2509 1329 2702 1403 αἴτιαι]
2724 1348 2739 1362 ·
2775 1333 3108 1408 φιλαργυρία
3163 1341 3221 1395 δὲ
3259 1343 3357 1397 καὶ
3382 1346 3664 1414 κενοδοξία,
3691 1351 3759 1418 pi-

2229 1431 2356 1480 σους
2392 1419 2527 1490 πρὸς
2551 1419 2642 1476 τὸν
2671 1423 2915 1495 πλησίον.
2955 1428 3022 1482 Ἦ
3051 1430 3109 1484 δὲ
3132 1432 3336 1488 τούτων
3388 1437 3570 1509 μήτηρ
3609 1442 3760 1510 φιλαυ-

2224 1507 2316 1560 τία
2353 1510 2464 1563 τῶν
2497 1513 2826 1588 ἀμφοτέρων
2848 1520 2997 1574 ἐστὶν
3024 1523 3194 1579 αἰτία.

2295 1606 2366 1669 η’.
2408 1603 2667 1660 Φιλαυτία
2721 1611 2873 1664 ἐστὶν
2903 1612 2935 1682 ὴ
2961 1615 3099 1685 πρὸς
3124 1616 3186 1669 τὸ
3220 1618 3382 1689 σῶμα
3417 1623 3658 1694 εμπαθης
3690 1623 3763 1680 καὶ

2224 1690 2417 1756 ἄλογος
2459 1695 2640 1762 φιλία·
2780 1702 3083 1759 ἀντίκειται
3121 1708 3315 1780 ἀγάπη
3345 1690 3464 1765 καὶ*
3487 1690 3760 1784 ἐγκράτεια.

2237 1783 2294 1837 '0
2324 1783 2464 1855 ἔχων
2517 1788 2614 1860 τὴν
2665 1793 2980 1862 φιλαυτίαν,
3027 1798 3186 1871 δῆλον
3233 1802 3316 1856 ὅτι
3370 1803 3488 1876 ἔχει
3533 1783 3687 1862 πάντα
3712 1815 3764 1865 τὰ

2152 1838 2196 1893 Β
2224 1838 2395 1948 πάιθᾷ

2293 2056 2354 2114 θ’.
2389 2059 2622 2129 Οὐδείς,
2653 2065 2818 2135 φησὶν
2851 2067 3192 2139 ’Δπόστολος,
3223 2075 3342 2145 τὴν
3366 2078 3584 2136 ἑαυτοῦ
3602 2083 3764 2152 σάρκα

2217 2145 2518 2218 ἐμίσησεν
2533 2168 2546 2180 ·
2572 2153 2712 2208 ἀλλ’
2738 2158 3046 2220 ὑποπιὰζει
3067 2162 3353 2230 δηλονότι
3384 2170 3486 2223 καὶ
3505 2145 3761 2242 occlam-

2217 2239 2328 2308 τεῖ,
2365 2241 2535 2311 μηδὲν
2566 2242 2728 2300 πλέον
2757 2247 2894 2319 αὐτῇ
2949 2252 3231 2324 παρέχων.
3275 2257 3420 2328 πλὴν
3463 2261 3550 2315 διὰ
3594 2239 3761 2334 τροέῆἕ

2218 2332 2311 2384 καὶ
2341 2335 2752 2404 σκεπασμάτων
2777 2354 2789 2366 ·
2823 2341 2918 2394 καὶ
2947 2341 3152 2397 τούτων
3184 2347 3388 2416 μόνων,
3439 2351 3547 2405 τῶν
3578 2355 3693 2423 πρὸς
3713 2356 3759 2408 τὺ

2218 2421 2325 2494 ζῇν
2341 2424 2676 2493 ἀναγκαίων.
2698 2427 2885 2494 Οὕτως
2909 2429 3002 2487 οὖν
3026 2435 3253 2501 ἀπαθῶς
3275 2456 3365 2503 τις
3399 2443 3585 2514 ἀγαπᾷ
3605 2445 3755 2514 αὑτήν

2172 2558 2177 2562 .
2215 2513 2312 2566 καὶ
2357 2514 2433 2578 ὡς
2484 2516 2751 2589 ὑπηρέτιν
2796 2521 2905 2576 τῶν
2963 2523 3121 2578 θείων
3175 2528 3440 2600 ἐκτρέφει
3480 2533 3656 2605 αὐτὴν,
3685 2513 3756 2588 καὶ

2217 2604 2416 2662 θάλπει
2447 2611 2560 2673 τοῖς
2591 2609 2688 2681 τὴν
2729 2611 2942 2668 ἔνδειαν
2975 2616 3147 2689 αὐτῆς
3173 2619 3562 2693 ἀποπληροῦσι

2290 2787 2341 2834 ι’.
2373 2781 2474 2836 "Ov
2503 2800 2587 2848 τις
2617 2784 2826 2858 ἀγαπᾷ,
2857 2788 3045 2844 τοῦτον
3073 2793 3294 2859 πάντως
3327 2797 3426 2850 καὶ
3455 2800 3656 2854 σπεύδει
3683 2801 3756 2854 θε-

2218 2875 2496 2944 ραπεύειν.
2535 2878 2598 2931 Εἰ
2629 2875 2721 2933 οὖν
2742 2881 2832 2935 τὸν
2858 2882 2991 2937 Θεόν
3012 2903 3097 2950 τις
3122 2887 3340 2960 ἀγαπᾷ,
3373 2891 3587 2956 πάντως
3607 2895 3682 2947 καὶ
3702 2895 3754 2946 τὰ

2213 2967 2420 3038 ἀρεστά
2452 2971 2600 3042 αὐτῷ
2651 2973 2872 3028 σπεύδει
2917 2979 3095 3032 ποιεῖν
3119 2996 3132 3010 ·
3170 2982 3304 3036 εἰδὲ
3336 2983 3441 3056 τὴν
3481 2985 3662 3056 σάρκα,
3700 2987 3750 3038 τὰ

2211 3059 2418 3131 ταύτην
2439 3063 2706 3135 τέρποντα
2736 3067 2996 3123 ἐκτελεῖν.

2284 3245 2376 3294 ια’.
2413 3240 2505 3312 Τῷ
2533 3242 2635 3312 μὲν
2667 3245 2784 3316 Θεῷ
2807 3247 3032 3317 ἀρέσκει
3062 3250 3252 3324 ἀγάπη
3307 3256 3404 3310 καὶ
3449 3258 3744 3328 σωφροσύνη.

2211 3329 2306 3382 καὶ
2346 3329 2546 3403 θεωρία
2569 3334 2665 3387 καῖ
2692 3339 2967 3410 προσευχὴ
2990 3356 3004 3370 '
3043 3343 3108 3413 τῇ
3132 3342 3188 3396 δὲ
3217 3346 3413 3416 σαρκὶ,
3447 3365 3744 3419 γαστριμαρ-

2210 3421 2307 3489 γία
2353 3423 2447 3476 καὶ
2497 3424 2782 3492 ἀκολασία,
2837 3430 2933 3485 καὶ
2991 3432 3061 3486 τά
3110 3435 3320 3490 τούτων
3377 3440 3746 3510 αὖξητικᾶ.Διὶ

2208 3513 2387 3580 τοῦτο,
2411 3518 2479 3570 Οἱ
2505 3517 2576 3570 ἐν
2596 3521 2781 3587 σαρκῖ
2803 3522 3124 3591 ὄντες-,Θεῷ
3147 3527 3368 3596 ἀρέσαι
3393 3534 3467 3587 οὐ
3483 3532 3742 3586 δύνανται.

2213 3607 2280 3658 01
2322 3605 2391 3659 δὲ
2415 3607 2521 3662 τοῦ
2556 3612 2842 3679 Χριστοῦ,
2870 3613 2985 3682 τὴν
3016 3616 3218 3686 σάρκα
3238 3621 3631 3692 ἐσταύρωσαν
3651 3622 3746 3678 σὺν

2207 3697 2332 3763 τοῖς
2360 3701 2674 3772 παθήμασι
2700 3705 2804 3760 καί
2826 3707 2956 3775 ταῖς
2981 3709 3343 3781 ἐπιθυμίαις.

2282 3790 2370 3860 ιβ’.
2417 3791 2475 3845 '0
2498 3794 2622 3858 νοῦς
2653 3795 2748 3851 ἐὰν
2784 3799 2884 3869 μὲν
2910 3799 3074 3873 νεύσῃ
3102 3804 3240 3874 πρὸς
3284 3805 3444 3868 Θεὸν,
3475 3807 3579 3878 ἔχει
3599 3804 3743 3860 δοῦλον

2205 3882 2265 3937 τὸ
2286 3884 2466 3956 σῶμα,
2495 3887 2590 3941 καὶ
2615 3889 2778 3944 πλέον
2802 3891 2954 3947 οὐδὲν
2987 3894 3137 3963 αὐτῷ
3166 3897 3404 3968 παρέχει
3436 3901 3542 3953 τῶν
3568 3901 3682 3971 πρὸς
3696 3899 3742 3950 εδ

2204 3971 2304 4046 ζῇν
2329 3977 2646 4046 ἀναγκαίων
2667 3996 2682 4011 ο
2715 3980 2812 4034 ὲάν
2845 3982 2903 4036 δὲ
2934 3983 3100 4059 νεύσῃ
3129 3987 3265 4058 πρὸς
3299 3989 3400 4060 τὴν
3438 3992 3624 4062 σάρκα.
3648 3990 3740 4042 δου-

2203 4065 2391 4122 λοῦται
2421 4071 2536 4135 τοῖς
2595 4071 2820 4140 πάθεσι,
2851 4076 3111 4147 πρόνοιαν
3161 4080 3338 4152 αὐτῆς
3371 4082 3461 4136 ἀεὶ
3489 4084 3566 4146 είς
3588 4079 3738 4135 ἐπιθυ-

2204 4160 2336 4231 μίας
2365 4163 2706 4234 ποιούμενος.

2275 4257 2364 4319 ιγ’.
2388 4253 2453 4306 Et
2483 4251 2660 4319 θέλεις
2687 4255 2796 4310 τῶν
2843 4254 3141 4328 λογισμῶν
3163 4261 3563 4332 περιγίνεσθαι,
3590 4262 3739 4333 ἐπιμεο

2199 4341 2293 4395 λοῦ
2317 4343 2426 4398 τῶν
2462 4344 2673 4412 παθῶν,
2703 4348 2798 4400 καὶ
2829 4349 3072 4421 εὐχερῶς
3101 4353 3302 4420 αὐτοὺς
3333 4355 3400 4410 ἐκ
3430 4357 3525 4410 τοῦ
3546 4355 3630 4412 νοῦ
3655 4356 3736 4409 ἀπὸ

2198 4434 2404 4488 τούτων
2426 4436 2731 4502 ἐξελαύνεις
2760 4437 2882 4511 [Fr.
2905 4443 2968 4495 ὲκ
2989 4441 3084 4497 τοῦ
3108 4444 3202 4498 νοῦ
3235 4446 3596 4521 ἀπελαύνειςι.
3623 4443 3736 4510 Οἷον,

2200 4526 2294 4579 ἐπὶ
2317 4527 2416 4597 μὲν
2439 4528 2539 4596 τῆς
2581 4531 2858 4600 πορνείας,
2889 4535 3138 4603 νήστευε,
3167 4537 3462 4606 ἀγρύπνει,
3496 4541 3733 4599 κοπίασον,

2203 4617 2425 4673 ίδίασον.
2465 4620 2588 4673 Ἐπὶ
2612 4621 2671 4677 δὲ
2701 4623 2802 4694 τῆς
2829 4623 3001 4698 ὀργῆς
3028 4629 3124 4682 καὶ
3151 4629 3252 4698 τῆς
3271 4630 3472 4704 λύπης,
3506 4631 3732 4704 καταφρὸε

2197 4725 2278 4762 νει
2305 4709 2464 4781 δόξης
2490 4712 2586 4765 καὶ
2619 4713 2844 4786 ἀτιμίας
2889 4717 2982 4771 καὶ
3011 4717 3120 4772 τῶν
3148 4719 3351 4777 ὑλικων
3374 4725 3685 4796 πραγμάτων
3700 4725 3727 4774 ⁹.

2207 4800 2332 4855 Ἐπὶ
2358 4801 2416 4855 δὲ
2448 4803 2548 4876 τῆς
2577 4807 2964 4876 μνησικακίας,
2990 4813 3294 4886 προσεύχου
3320 4816 3464 4889 ὑπὲρ
3491 4816 3577 4872 τοῦ
3594 4815 3728 4886 λυπή-

2195 4909 2408 4964 σαντος,
2439 4897 2534 4950 καὶ
2559 4897 2901 4974 ἀπαλλάττῃ.

2263 5008 2344 5062 ιδ’.
2375 5010 2467 5082 Μὴ
2494 5012 2604 5065 τῶν
2631 5013 2936 5085 ἀνθρώπων
2976 5019 3089 5083 τοῖς
3124 5021 3533 5094 ἀσθενεστέροις
3571 5017 3722 5076 έσυτίν

503 5061 601 5128 ris,
638 5066 734 5120 sed
782 5071 953 5141 magis
996 5073 1065 5130 ad
1110 5075 1424 5138 dilectionis
1466 5098 1798 5158 praeceptum
1845 5094 2082 5164 teipsum

503 5157 771 5188 annnaan
841 5161 1000 5188 “-2---
1051 5167 1189 5188 -_:__
1248 5170 1284 5188 .o
1469 5174 1482 5186 ο
1597 5178 1609 5188 .
1942 5185 1952 5188 -

2219 5061 2566 5173 παραμέτρενι,
2586 5061 2594 5065 ἰ
2799 5107 2866 5178 τῇ
2917 5061 3102 5180 ὲντολέἱ
3149 5111 3251 5181 τῆς
3295 5061 3530 5188 «174;:
3561 5111 3721 5183 μᾶλλον

499 5157 791 5214 contende.
840 5161 1003 5220 Prius
1046 5167 1196 5222 enim
1237 5170 1286 5225 si
1333 5174 1543 5244 egeris,
1596 5157 1658 5233 in,
1694 5185 2082 5244 ostentationis

498 5242 712 5302 foveam
773 5251 968 5320 cades;
1023 5255 1111 5312 sin
1171 5242 1684 5332 autem—alterum,
1725 5269 1794 5324 ad
1845 5274 2082 5332 modesti

497 5345 694 5390 sensus
720 5338 1119 5401 sublimitatem
1157 5351 1454 5418 provehes.

569 5424 654 5480 15.
697 5428 755 5484 Si
814 5434 1042 5492 omnino
1104 5438 1414 5500 dilectionis
1465 5449 1703 5517 proximi
1757 5456 2077 5516 mandatum

2191 5190 2539 5262 παράτεινον.
2573 5193 2700 5259 Τοῖς
2737 5195 2838 5264 μὲν
2872 5194 2982 5268 γὰρ
3004 5201 3402 5272 παραμετρῶν,
3427 5204 3506 5267 είς
3543 5201 3626 5254 τὸν
3649 5197 3717 5268 βό-

2189 5280 2317 5351 θρον
2351 5283 2450 5355 τῆς
2470 5285 2701 5357 οἰήσεως
2736 5287 3064 5358 ἐμπίπτεις·
3098 5294 3164 5363 τῇ
3196 5292 3254 5346 δὲ
3283 5295 3628 5366 παρατείνων,
3655 5291 3715 5349 εἰς

2185 5370 2249 5425 τὸ
2272 5369 2408 5442 ὕψος
2439 5375 2539 5445 τῆς
2563 5380 3070 5451 ταπεινοφροσύνης
3093 5383 3442 5455 προκόπτεις.

2257 5469 2338 5517 ιε’.
2370 5465 2433 5518 El
2464 5465 2602 5531 ὅλως
2621 5467 2720 5540 τῆς
2739 5470 2876 5541 πρὸς
2908 5472 3004 5526 τὸν
3035 5473 3264 5546 πλησίον
3294 5477 3511 5549 ἀγάπης
3536 5474 3621 5546 τὴν
3645 5475 3711 5526 ἐν’

565 5581 611 5612 ⁷⁸
636 5581 842 5653 Ephes.
873 5604 928 5655 ν,
953 5590 1044 5646 29.
1121 5593 1170 5626 ⁷⁸
1195 5594 1216 5650 Ι
1244 5595 1373 5654 Cor.
1405 5616 1479 5666 rx,
1508 5601 1599 5658 27.
1677 5606 1723 5638 "
1755 5607 1914 5666 Rom.
1949 5626 2062 5680 vm,
2088 5615 2110 5671 ε

2221 5615 2267 5648 ’⁸
2288 5615 2462 5674 Galat.
2487 5635 2542 5685 v,
2568 5620 2659 5676 ΞΑ.
2735 5623 2781 5656 τ’
2813 5625 2973 5682 Rom.
3003 5645 3120 5696 xm,
3149 5630 3237 5686 14.

563 5720 578 5738 ⁸
613 5720 703 5775 Fr.
727 5723 1042 5793 Σημείωσον
1067 5732 1185 5798 πῶς
1207 5735 1314 5809 χρὴ
1340 5742 1722 5812 περιγενέσθαι
1751 5748 1958 5806 παθῶν.
1999 5751 2110 5806 ‘Avd

563 5790 640 5841 ’ἕω
672 5791 806 5841 Lena
842 5811 888 5841 η-
916 5797 986 5841 90

2219 5755 2296 5812 οθι
2323 5758 2384 5814 τὸ
2401 5760 2647 5818 εἰκοστόν
2669 5777 2682 5793 ⁶
2708 5763 2959 5835 Observa,
2986 5769 3244 5841 quomodo
3263 5770 3365 5826 sint
3394 5764 3703 5841 expugnauit:

493 5789 640 5846 vitia.
672 5789 820 5864 Lege
842 5811 888 5849 ε.
916 5797 1003 5854 20.
