4048 6448
182 394 309 458 1021

1058 402 1407 462 CAPITUM
1439 403 1537 462 DE
1574 399 2011 460 CIIARITATE
2047 400 2438 461 CENTURIA
2477 403 2597 465 III.

3318 405 3456 469 1022

173 506 339 576 τολὴν
370 504 681 572 φυλάττεις,
722 506 863 579 ὑπὲρ
897 508 1038 571 τίνος
1068 509 1142 573 (Ir)
1167 509 1267 577 τῆς
1312 510 1449 580 πρὸς
1473 509 1637 562 αὑτὸν
1676 507 1772 561 λύ-

1888 509 2144 573 custodis,
2172 526 2273 564 cur
2303 511 2500 566 offensi
2532 513 2585 565 in
2610 528 2735 567 eum
2772 513 2938 569 animi
2971 514 3325 569 acerbitatem
3357 529 3456 583 pa-

175 615 287 668 πης
330 597 429 666 τὴν
464 598 695 668 πικρίαν
724 597 1011 663 ἐντίκτεις,
1047 601 1080 670 ἢ
1111 600 1271 670 δῆλον
1318 602 1401 654 ὅτι
1444 600 1647 669 ταύτης
1700 599 1770 651 τὰ

173 686 492 757 πρόσκαιρα
524 687 811 758 προτιμῶν
837 689 932 743 καὶ
963 688 1144 742 αὐτῶν
1177 688 1652 761 ἀντιποιούμενος,
1678 687 1771 742 τὸν

173 777 405 843 ἀδελφὸν
446 772 711 848 πολεμεῖς
743 796 758 845 ;

253 876 348 934 ις’.
375 870 451 922 Οὐ
486 869 576 923 διὰ
605 869 704 941 τὴν
731 870 924 943 χρείαν
959 870 1214 925 τοσοῦτον
1243 871 1305 925 τδ
1350 870 1571 941 χρυσίον
1594 871 1771 940 ζηλωο

171 962 267 1014 τὸν
296 964 411 1025 τοῖς
438 960 755 1032 ἀνθρώποις
798 963 1045 1032 γέγονεν,
1079 964 1206 1017 ὅσον
1247 964 1310 1018 τὸ
1346 962 1413 1016 δι’
1449 962 1616 1016 αὐτοῦ
1645 963 1771 1025 τοὺς

174 1052 406 1114 πολλοὺς
440 1051 543 1115 τὰς
582 1052 778 1122 ἡδονὰς
808 1051 1155 1123 θεραπεύειν.

250 1143 341 1206 ιζ’.
388 1142 529 1215 Τρία
585 1145 695 1197 εἰσὶ
725 1144 793 1196 τὰ
833 1144 986 1196 αἴτια
1022 1144 1123 1215 τῆς
1161 1143 1272 1197 τῶν
1306 1142 1611 1215 χρημάτων
1638 1141 1774 1208 ἁγά-

172 1250 287 1303 πης
321 1234 459 1297 (21),
507 1234 809 1307 φιληδονία,
852 1236 1134 1300 κενοδοξία
1179 1237 1276 1290 καὶ
1313 1237 1564 1291 ἀπιστία.
1598 1236 1773 1289 Χαλε-

174 1326 405 1395 πωτέρα
432 1325 491 1378 δὲ
519 1326 628 1378 τῶν
656 1325 751 1380 δύο
782 1330 816 1385 ἡ
849 1328 1079 1381 ἀπιστία
1102 1327 1464 1382 καθέστηκεν.

248 1499 349 1571 ιη’.
400 1500 459 1554 '0
492 1501 593 1572 μὲν
626 1504 912 1574 φιλήδονος
954 1504 1153 1575 ἀγαπᾷ
1198 1503 1505 1575 ἀργύριον,
1561 1503 1648 1557 ἵνα
1702 1502 1773 1555 δι’

174 1591 349 1645 αὐτοῦ
374 1595 626 1665 τρυφήσῃ
649 1610 662 1623 ·
687 1598 716 1648 6
764 1596 820 1649 δὲ
851 1595 1152 1661 κενόδοξος,
1209 1596 1297 1650 ἴνα
1324 1595 1394 1649 δι’
1424 1594 1589 1649 αὐτοῦ
1619 1593 1773 1661 δοξα-

176 1683 279 1754 σ’θῇ
305 1702 318 1713 ’
355 1686 382 1738 δ
416 1684 473 1739 δὲ
519 1687 769 1752 ἆπιστθῆ
805 1688 893 1740 ἵνα
927 1687 1112 1760 κρύψῃ
1166 1690 1261 1742 καὶ
1317 1689 1530 1758 φυλάξῃ
1556 1728 1570 1749 ,
1615 1686 1773 1757 λιμὸν

178 1775 543 1847 φοϐούμενος,
585 1778 617 1849 ἥ
675 1778 853 1850 γῆρας
883 1778 917 1848 ἢ
972 1780 1187 1851 νόσονῆ
1223 1780 1486 1845 ξενιτείαν
1514 1796 1525 1807 '
1556 1781 1650 1833 καὶ
1684 1779 1772 1832 ἐπ’

1872 600 1982 655 ris?
2020 602 2159 655 Num
2196 603 2353 670 plane
2380 603 2528 672 quod
2559 605 2930 675 temporaneis
2960 605 3124 659 rebus
3154 619 3275 658 eam
3304 614 3456 673 post-

1870 691 2095 756 habees,
2130 708 2193 746 ac
2228 692 2374 761 ipsas
2406 693 2576 761 colas,
2612 695 2770 750 fratri
2806 694 3053 749 infensus
3086 693 3345 749 exsistis?

1944 867 2030 921 16.
2070 866 2191 920 Non
2247 874 2356 920 tam
2398 867 2559 937 iusta:
2606 869 2952 925 necessitatis
3010 886 3208 934 causa,
3261 885 3459 923 aurum

1872 959 2190 1013 hominibus
2238 960 2607 1029 expetendum
2660 962 2840 1016 visum
2901 971 3021 1027 est,
3082 978 3248 1032 quam
3310 961 3455 1032 quod

1871 1051 2069 1119 vulgo:
2097 1050 2409 1120 voluptates
2439 1052 2811 1107 aclibidinem
2845 1052 2939 1107 illo
2969 1053 3211 1107 foveant.

1944 1141 2030 1193 17.
2073 1137 2297 1210 Triplex
2343 1157 2509 1196 causa
2550 1150 2636 1197 est
2686 1158 2751 1198 ac
2796 1144 2938 1197 ratio
2985 1142 3249 1215 diligendi
3288 1158 3459 1212 pecu—

1872 1230 2022 1295 nias;
2067 1231 2413 1300 voluptatum
2453 1247 2630 1297 amor,
2675 1232 2855 1287 inanis
2892 1233 3065 1303 gloria
3108 1240 3165 1287 et
3206 1230 3460 1286 difﬁden-

1873 1320 1971 1376 tia.
2028 1320 2269 1392 Utraque
2328 1333 2514 1378 autem
2572 1324 2727 1395 pejor
2773 1339 2840 1378 ac
2888 1323 3129 1380 deterior
3181 1331 3266 1378 est
3321 1321 3461 1379 diffi-

1874 1412 2086 1467 (lentia.

1948 1503 2035 1558 18.
2077 1504 2128 1558 Is
2156 1504 2381 1573 quidem
2417 1506 2511 1575 qui
2544 1506 2813 1576 voluptati
2854 1505 3078 1561 deditus
3111 1514 3216 1571 est,
3254 1505 3464 1561 idcirco

1874 1595 2139 1665 pecunias
2181 1596 2380 1666 diligit,
2426 1604 2486 1649 ut
2528 1611 2630 1665 per
2668 1612 2763 1651 eas
2806 1596 3022 1651 deliciis
3060 1595 3272 1650 diflluat
3312 1611 3326 1646 :
3364 1594 3463 1665 qui

1874 1696 2059 1741 autem
2097 1687 2277 1740 inanis
2312 1686 2498 1757 glorize
2542 1686 2776 1756 cupidus
2808 1686 2977 1758 429
3013 1694 3117 1752 est,
3150 1694 3210 1739 ut
3242 1700 3341 1754 per
3371 1698 3469 1738 eas

1876 1779 2050 1849 gloria
2075 1778 2321 1849 fulgeat:
2354 1786 2431 1840 at,
2457 1779 2551 1848 qui
2586 1778 2886 1834 diffidentia
2918 1779 3130 1833 laborat
3159 1794 3255 1832 seu
3280 1777 3464 1831 incre-

175 1865 333 1936 αύτῷ
359 1866 560 1937 μᾶλλον
589 1868 822 1934 ἐλπίζει,
858 1871 891 1941 ἢ
927 1872 1018 1925 ἐπὶ
1048 1871 1124 1942 τῷ
1166 1873 1286 1942 Θεῷ
1318 1870 1395 1943 τῷ
1445 1872 1627 1943 πάσης
1657 1872 1775 1925 κτί-

1888 1869 2043 1925 ιΙυΙυε
2066 1878 2171 1934 est,
2200 1878 2259 1923 ut
2289 1870 2529 1924 occultet
2555 1886 2619 1923 ac
2645 1877 2850 1934 servet,
2882 1869 3079 1923 famem
3108 1869 3329 1931 timens,
3369 1875 3466 1920 aut

177 1972 327 2017 σεως
379 1956 722 2028 δημιουργῷ.
756 1960 848 2013 καὶ
885 1962 1182 2031 προνοητῇ,
1230 1961 1337 2024 ἓως
1381 1960 1489 2015 τῶν
1532 1960 1777 2031 ἐσχάτων

178 2046 274 2099 καὶ
316 2047 669 2118 μικροτάτων
702 2048 878 2114 ζώων.

248 2314 350 2367 ιθν.
386 2316 668 2386 Τέσσαρές
704 2316 843 2369 εἰσιν
871 2318 921 2370 οἱ
982 2316 1432 2388 περιποιούμενοι
1485 2318 1776 2388 χρήματα·

174 2406 222 2458 oi
255 2406 659 2476 προειρημένοι
709 2409 881 2478 τρεῖς,
916 2406 1013 2459 καὶ
1043 2409 1071 2459 6
1102 2407 1467 2477 οἰκονομικός.
1517 2407 1692 2470 Μόνος
1721 2406 1778 2459 δὲ

175 2491 339 2561 οὗτος
364 2497 609 2567 δηλονότι
638 2498 815 2570 ὀρθῶς
852 2502 1242 2570 περιποιεῖται,
1290 2500 1376 2553 ἵνα
1423 2500 1638 2571 ἑκάστῳ
1679 2498 1779 2568 τὴν

175 2593 375 2665 χρείαν
401 2594 656 2663 παρέχων
687 2592 762 2664 μὴ
790 2593 1042 2668 διαλείπῃ
1068 2592 1219 2647 ποτέ.

244 2878 323 2926 κ’.
359 2872 572 2934 Πάντες
616 2872 664 2924 oi
696 2870 962 2942 ἐμπαθεῖς
1001 2871 1314 2943 λογισμοὶῆ
1348 2871 1409 2926 τὸ
1447 2872 1779 2944 ἐπιθυμητι-

174 2965 269 3018 κὸν
297 2966 406 3034 τῆς
431 2962 611 3033 ψυχῆς
657 2961 998 3033 ἐρεθίζουσιν
1018 3003 1033 3027 ,
1067 2962 1100 3033 ἣ
1134 2963 1193 3017 τὸ
1221 2962 1455 3034 θυμικὸν
1501 2963 1777 3035 ἐκταράσ-

175 3072 390 3119 σουσιν,
420 3054 453 3123 ἢ
486 3054 547 3106 τὸ
566 3052 877 3122 λογιστικὸν
901 3052 1307 3117 ἐπισκοτίζουσι
1332 3070 1344 3084 ·
1373 3055 1468 3106 καὶ
1496 3055 1561 3107 ἐκ
1590 3054 1779 3107 τούτου

177 3143 478 3215 συμϐαίνει
496 3143 592 3196 τὸν
626 3143 752 3198 νοῦν
780 3143 1157 3213 ὀφθαλμιάσαι
1184 3145 1319 3216 πρὸς
1346 3146 1445 3217 τὴν
1474 3162 1779 3215 πνευματι-

176 3237 276 3309 κὴν
308 3235 573 3307 θεωρίαν,
601 3237 696 3289 καὶ
723 3234 822 3307 τὴν
858 3236 955 3306 τῆς
980 3238 1294 3308 προσευχῆς
1319 3237 1609 3307 ἐκδημίαν.
1668 3238 1779 3289 Καὶ

172 3329 376 3383 τούτου
408 3329 571 3399 χάριν
598 3329 806 3397 ὀφείλει
828 3330 857 3384 ό
890 3329 1148 3399 μοναχὸς,
1182 3330 1277 3383 καὶ
1309 3331 1548 3400 μάλιστα
1580 3331 1609 3382 ὁ
1650 3331 1780 3400 ησυ-

176 3421 395 3491 χάζων,
459 3421 703 3490 ἀκριϐῶς
751 3422 862 3483 τοῖς
891 3421 1172 3491 λογισμοῖς
1208 3421 1518 3491 προσέχειν,
1561 3422 1780 3484 καὶτὰς

174 3512 391 3566 τούτων
421 3512 601 3577 αἰτίας
627 3513 723 3565 καὶ
750 3512 954 3580 γνῶναι
984 3512 1082 3565 καὶ
1113 3513 1428 3566 ἐκκόπτειν.
1480 3512 1780 3566 Γινώσκειν

172 3606 229 3659 δὲ
257 3605 450 3667 οὕτως
468 3622 481 3635 ·
516 3600 649 3665 οἷον,
678 3604 983 3676 ἐρεθίζουσι
1022 3605 1085 3657 τὸ
1130 3605 1528 3675 ἐπιθυμητικὸν
1553 3606 1653 3674 τῆς
1681 3606 1783 3675 ψυ-

177 3698 280 3767 χῆς
310 3698 375 3749 at
414 3696 683 3766 ἐμπαθεῖς
714 3696 928 3767 μνῆμαι
976 3695 1087 3749 τῶν
1119 3696 1431 3765 γυναικῶν·
1482 3696 1691 3750 τούτων
1724 3698 1782 3750 δὲ

176 3778 360 3849 αἰτία,
396 3788 432 3856 ἡ
460 3784 570 3837 τῶν
600 3785 909 3857 βρωμάτων
939 3787 1035 3840 καὶ
1074 3787 1339 3857 πομάτων
1371 3788 1635 3859 ἀκρασία,
1688 3788 1782 3842 καὶ

174 3883 206 3949 ἡ
246 3878 445 3933 αὐτῶν
467 3878 576 3930 τῶν
602 3878 882 3945 γυναικῶν
920 3877 1101 3950 πυκνὴ
1129 3879 1222 3932 καὶ
1261 3878 1457 3947 ἄλογος
1494 3880 1777 3950 συντυχία.

177 3969 525 4041 Περικόπτει
555 3968 613 4021 δὲ
664 3969 869 4031 ταύτας
902 3972 1065 4023 πεῖνα
1089 3970 1183 4022 καὶ
1214 3969 1345 4039 δίψα
1374 3971 1469 4023 καὶ
1503 3970 1784 4041 ἀγρυπνία

178 4065 272 4115 καὶ
298 4061 681 4133 ἀναχώρησις.
713 4061 818 4114 Τὸν
842 4061 898 4114 δὲ
932 4062 1103 4131 θυμὸν
1138 4062 1301 4115 πάλιν
1350 4063 1784 4133 ἐκταράσσουσιν

179 4158 234 4210 αί
262 4154 549 4226 ἐμπαθεῖς
582 4155 793 4225 μνῆμαι
827 4154 937 4207 τῶν
964 4155 1359 4226 λυπησάντων·
1388 4155 1537 4208 αἰτία
1564 4156 1621 4208 δὲ
1659 4156 1786 4208 τού-

178 4265 317 4309 των,
354 4245 643 4315 φιληδονία
671 4246 766 4299 καὶ
798 4244 1075 4310 κενοδοξία
1108 4246 1204 4300 καὶ
1245 4246 1514 4315 φιλοῦλία.
1545 4246 1646 4298 Διά
1678 4246 1787 4317 γάρ

176 4339 366 4393 ταῦτα
397 4339 427 4390 6
461 4336 717 4407 ἐμπαθὴς
758 4336 1034 4400 λυπεῖται,
1081 4336 1114 4407 ἢ
1166 4336 1243 4400 ὼς
1298 4335 1609 4406 στερηθεὶς,
1642 4335 1674 4405 ἢ
1710 4336 1786 4399 ὼς

184 4432 259 4502 μὴ
294 4426 599 4498 ἐπιτυχών.
625 4428 953 4499 Περικόπτει
986 4427 1042 4480 δέ
1063 4426 1265 4490 ταύτας
1311 4429 1345 4497 ἡ
1369 4426 1575 4480 τούτων
1606 4427 1789 4481 αὐτῶν

1879 1970 2243 2026 senectutem,
2286 1970 2382 2015 aut
2420 1961 2704 2024 morbum,
2753 1971 2849 2015 aut
2892 1961 3187 2015 incolatum
3234 1977 3247 2010 :
3292 1958 3469 2029 magis

1880 2053 1934 2107 in
1973 2053 2075 2122 eis,
2110 2069 2274 2121 quam
2324 2053 2378 2106 in
2428 2053 2561 2115 Deo,
2602 2067 2787 2106 rerum
2827 2051 3075 2105 omnium
3119 2059 3365 2113 auctore,
3400 2064 3465 2103 ae

1879 2146 1974 2213 qui
2009 2142 2225 2198 cunctis
2250 2143 2558 2212 provideat,
2594 2142 2663 2197 ad
2700 2156 2974 2197 extremas
3008 2158 3182 2211 usque
3212 2141 3467 2196 minutis-

1880 2236 2157 2306 simasque
2183 2237 2512 2301 animantes,
2538 2250 2691 2305 spem
2720 2252 2954 2305 ponens.

1953 2328 2041 2383 l9.
2082 2327 2331 2393 Quatuor
2378 2336 2507 2381 sunt
2554 2327 2840 2380 hominum
2881 2342 3114 2396 genera,
3156 2323 3251 2394 qui
3296 2339 3467 2393 pecu--

1879 2422 1989 2477 niis
2032 2422 2286 2489 student;
2323 2423 2425 2477 tria
2472 2424 2585 2492 jam
2642 2424 2943 2485 nominata.
2984 2433 3040 2477 et
3083 2424 3241 2494 cujus
3285 2431 3469 2492 partes

1880 2514 2238 2584 dispensandi
2292 2513 2435 2577 sint,
2486 2514 2573 2568 vel
2626 2514 2832 2582 publici
2876 2514 2959 2567 vel
3014 2514 3213 2582 privati
3260 2512 3465 2566 :erarii.

1882 2606 2045 2661 Solus
2090 2618 2273 2661 autem
2324 2606 2415 2660 hic
2475 2614 2623 2660 recte
2666 2606 2731 2659 iis
2765 2621 2952 2659 curam
3002 2605 3190 2665 habet,
3225 2611 3286 2657 ut
3326 2620 3469 2656 nun-

1881 2714 2044 2768 quam
2071 2698 2236 2758 desit,
2260 2714 2372 2768 quo
2396 2699 2558 2769 jnsta:
2588 2700 2854 2769 cujusque
2877 2696 3195 2751 necessitati
3221 2694 3471 2749 sufficere

1890 2792 2085 2862 possit.

1950 2882 2041 2937 20.
2086 2882 2306 2936 Vitiosae
2338 2898 2548 2937 omnes
2598 2898 2661 2936 ac
2714 2882 3027 2937 libidinosa:
3072 2878 3469 2950 cogitationes,

1884 2982 1979 3028 ant
2028 2974 2517 3043 concupiscentem
2569 2973 2737 3026 animi
2784 2982 2996 3042 partem
3045 2972 3341 3041 proritant,
3378 2978 3475 3024 aut

1886 3062 2214 3115 irascentem
2251 3062 2607 3125 conturbant,
2643 3070 2736 3115 aut
2775 3063 3046 3116 rationem
3079 3060 3470 3113 obtenebrant.

1887 3152 2133 3221 “ineque
2180 3151 2453 3221 contingit
2498 3152 2774 3205 cazeutire'
2803 3158 3045 3205 mentem
3086 3148 3231 3217 quod
3277 3147 3476 3202 attinet

1882 3244 1950 3297 ad
1982 3242 2283 3313 spiritalem
2323 3242 2875 3311 contemplationem,
2909 3250 2965 3296 et
3008 3248 3069 3299 ut
3112 3247 3377 3308 evagetur
3417 3237 3473 3290 in

1881 3335 2153 3388 oratione.
2193 3334 2405 3388 Idcirco
2439 3333 2603 3387 etiam
2635 3348 2817 3402 opera:
2849 3332 3086 3401 pretium
3144 3338 3227 3383 est
3264 3337 3324 3383 ut
3354 3342 3474 3380 mo-

1881 3427 2115 3491 nachus,
2148 3424 2383 3479 maxime
2415 3440 2546 3478 vero
2577 3422 2670 3493 qni
2698 3422 2978 3477 solitarius
3008 3428 3152 3491 agat,
3181 3419 3477 3489 diligenter

1882 3516 2313 3588 cogitationibus
2359 3516 2603 3569 animum
2646 3513 2916 3576 attendat,
2948 3525 3250 3580 earumque
3282 3523 3478 3563 causas

1884 3620 2001 3666 tum
2048 3609 2301 3671 noverit,
2354 3616 2468 3661 tum
2519 3607 2821 3661 exscindat.
2873 3604 3099 3659 Noverit
3140 3612 3323 3658 autem
3369 3601 3475 3655 hoc

1883 3702 2001 3757 fere
2053 3700 2253 3763 modo,
2308 3699 2463 3754 verbi
2517 3699 2712 3769 gratia,
2764 3696 3247 3767 concupiscentem
3307 3692 3477 3748 animi

1885 3802 2095 3864 partem
2128 3791 2732 3861 proritantlibidinosze
2764 3790 3057 3845 mulierum
3088 3787 3333 3857 repetitae
3366 3801 3481 3840 me-

1886 3884 2094 3939 moriae.
2145 3882 2351 3937 llarnm
2407 3889 2590 3936 autem
2641 3897 2841 3943 causa,
2896 3880 3147 3934 ciborum
3202 3886 3478 3948 potusque

1888 3975 2314 4046 intemperantia
2346 3982 2453 4038 est,
2498 3975 2853 4044 ipsarumque
2895 3971 3190 4026 mulierum
3226 3969 3479 4024 crebrius

1886 4075 2151 4137 extraque
2195 4070 2467 4120 rationem
2512 4066 2754 4134 expetita
2804 4062 3098 4132 colloquia.
3134 4058 3481 4115 Exscindunt

1888 4175 2020 4213 vero
2063 4158 2200 4220 haec,
2236 4157 2409 4212 fames
2438 4166 2493 4211 et
2525 4157 2645 4210 sitis
2671 4165 2726 4210 et
2756 4155 2977 4224 vigiliat,
3004 4161 3062 4208 et
3094 4166 3348 4207 secessus
3380 4166 3479 4207 seu

1890 4249 2209 4303 solitudinis
2234 4258 2451 4317 captata
2483 4248 2723 4303 silentia.
2758 4247 2858 4301 Irae
2888 4246 3000 4299 vim
3033 4259 3225 4298 rursus
3256 4249 3481 4297 contur-

1892 4340 2045 4403 bant,
2083 4356 2207 4393 cum
2242 4339 2442 4393 affectu
2484 4339 2792 4407 conjunctae
2829 4352 3023 4392 eorum
3069 4333 3482 4389 recordationes

1892 4432 1987 4501 qui
2018 4431 2277 4499 injuriam
2314 4430 2517 4485 fecere.
2551 4431 2757 4485 Harum
2786 4438 2971 4484 autem
3001 4442 3186 4491 causa,
3229 4426 3479 4494 volupta-

183 4519 601 4591 καταφρόνησις
658 4520 753 4573 καὶ
801 4518 1190 4585 ἐξουδένωτις,
1239 4519 1327 4573 διὰ
1373 4518 1474 4590 τὴν
1514 4520 1593 4582 είς
1650 4518 1782 4573 Θεὸν

1894 4530 2008 4576 tum
2053 4519 2247 4585 libido,
2286 4519 2574 4589 inanisque
2608 4519 2781 4590 gloria
2820 4534 2883 4572 ac
2918 4526 3267 4572 terrenorum
3303 4530 3477 4568 amor.

182 4610 445 4678 ἀγάπην.

1892 4612 2020 4666 llaac
2059 4611 2207 4665 enim
2254 4618 2402 4673 sunt,
2441 4625 2676 4678 quorum
2720 4625 2885 4663 causa
2934 4622 3174 4662 mmrore
3222 4604 3479 4668 aflicitur,

184 4705 283 4773 qui
317 4702 616 4758 affectibus
650 4702 885 4768 laborat,
919 4703 1004 4757 vel
1035 4702 1192 4773 quasi
1220 4703 1489 4767 amiserit,
1550 4704 1636 4758 vel
1702 4704 1851 4774 quod
1890 4705 2117 4759 minime
2157 4718 2385 4772 compos
2422 4702 2598 4757 factus
2631 4702 2722 4757 sit.
2768 4702 2893 4756 Haec
2922 4715 3052 4755 vero
3082 4704 3349 4768 amputat,
3378 4698 3479 4753 ho«

189 4812 315 4851 rum
356 4795 603 4864 ipsorum
645 4802 998 4863 contemptus
1038 4811 1101 4849 ac
1144 4793 1447 4865 despectio,
1473 4812 1581 4864 qua
1616 4796 1787 4849 Deum
1829 4797 2101 4852 charitate
2138 4795 2437 4865 diligimus.

256 4894 371 4941 κα’.
409 4886 674 4940 Γινώσκει
709 4889 737 4940 6
759 4886 891 4951 Θεὸς
917 4888 1129 4952 ἐαυτὸν,
1170 4890 1430 4957 γινώσκει
1465 4890 1560 4943 καὶ
1588 4891 1655 4943 τά
1693 4890 1786 4942 ὑπ’

188 4979 362 5032 αὑτοῦ
390 4978 677 5046 γεγονότα.
734 4976 1072 5031 Γινώσκουσι
1122 4978 1181 5030 δέ
1207 4978 1303 5031 καὶ
1328 4980 1385 5030 αἱ
1419 4978 1570 5046 ἅγιαι
1620 4980 1788 5032 Δυνά-

191 5090 256 5141 με
268 5090 321 5135 ις
361 5070 456 5123 τὸν
486 5069 619 5122 Θεόν
641 5084 654 5097 ’
680 5068 1013 5137 γινώσκουσι
1038 5069 1096 5121 δέ
1126 5069 1222 5121 καὶ
1242 5070 1308 5121 τὰ
1328 5069 1433 5121 ὑπὸ
1464 5069 1599 5120 Θεοῦ
1628 5086 1786 5138 γεγο-

188 5166 347 5218 νότα.
388 5161 529 5213 Ἀλλ’
564 5162 661 5231 οὐχ
698 5160 774 5224 ὡς
816 5163 844 5214 6
873 5160 1007 5223 Θεὸς
1041 5158 1301 5227 γινώσκει
1349 5159 1539 5213 ἐαυτὸν
1596 5160 1691 5213 καὶ
1722 5162 1791 5215 τά

192 5256 285 5307 ὑπ’
317 5251 491 5307 αὐτοῦ
524 5251 812 5321 γεγονότα,
844 5251 987 5305 οὕτω
1014 5252 1109 5304 καὶ
1138 5254 1193 5304 αἱ
1224 5252 1377 5321 ἅγιαι
1409 5252 1679 5322 Δυνάμεις
1700 5253 1790 5307 τὸν

194 5345 339 5398 Θεὸν
361 5346 458 5397 καὶ
494 5343 563 5396 τὰ
600 5344 694 5395 ὑπ’
715 5343 883 5397 αὑτοῦ
913 5344 1200 5411 γεγονότα.

268 5438 349 5531 (t4)
388 5459 570 5528 ’Υπὲρ
598 5460 782 5525 τίνος.
816 5458 899 5513 Ab
920 5458 1046 5531 hac,
1079 5474 1199 5531 non
1219 5456 1425 5531 infelici
1449 5457 1543 5531 illo
1560 5456 1791 5531 quidem

197 5527 690 5601 conjecturaﬁpsa
716 5539 899 5601 tamen
955 5528 1101 5583 haud
1151 5527 1380 5601 difiieili,
1408 5530 1493 5601 vel
1529 5527 1573 5601 si
1619 5528 1791 5601 Acodd.

199 5597 495 5662 deessent,
530 5597 725 5669 incipit
755 5600 972 5665 Billius,
998 5598 1362 5669 quorumdam
1414 5597 1796 5669 Maximimca—

200 5672 383 5740 pitum
416 5669 485 5724 de
517 5668 784 5725 charitate
831 5668 1311 5731 emendationem,
1373 5676 1523 5740 tanta
1587 5668 1796 5722 scilicet

204 5732 382 5811 Ilugia
416 5749 620 5811 spreta,
653 5751 914 5809 quantam
949 5740 1332 5811 superioribus
1364 5732 1561 5811 partim
1609 5745 1794 5811 osten-

207 5806 377 5877 di,'ac
408 5806 567 5880 quasi
590 5806 783 5881 digito,
811 5806 1093 5865 nonnullis
1160 5809 1226 5864 ad
1273 5806 1553 5879 specimen
1614 5806 1794 5861 allatis

1961 4892 2051 4945 21.
2086 4891 2232 4945 Deus
2261 4904 2319 4943 se
2354 4889 2471 4957 ipse
2502 4884 2818 4957 cognoscit;
2853 4881 3135 4953 cognoscit
3166 4878 3331 4933 etiam
3359 4890 3481 4943 qua:

1895 4983 1965 5036 ab
1996 4982 2114 5052 ipso
2149 4978 2371 5034 condita
2400 4986 2550 5032 sunt.
2589 4976 2693 5031 Sed
2724 4983 2781 5030 et
2811 4981 3014 5029 sancta:
3038 4970 3283 5025 Virtutes
3309 4967 3482 5020 Deum

1898 5078 2259 5143 cognoscunt;
2280 5069 2413 5139 quin
2440 5067 2604 5122 etiam
2624 5071 2987 5135 cognoscunt,
3008 5076 3130 5130 qua:
3157 5076 3186 5113 a
3211 5059 3323 5113 Deo
3350 5070 3481 5109 con-

1900 5164 2013 5219 dita
2041 5169 2189 5218 sunt.
2223 5161 2292 5214 At
2320 5176 2430 5213 non
2462 5159 2606 5211 sicut
2634 5158 2779 5211 Deus
2799 5172 2856 5209 se
2878 5157 3057 5223 ipsum
3081 5147 3383 5220 cognoscit,
3416 5161 3480 5198 ac

1896 5268 2020 5323 qua:
2050 5252 2117 5307 ab
2146 5252 2264 5321 ipso
2292 5249 2512 5304 condita
2534 5258 2684 5311 sunt,
2716 5246 2795 5299 sic
2826 5245 2989 5299 etiam
3009 5248 3212 5297 sancta:
3236 5239 3481 5293 Virtutes

1895 5345 2067 5398 Deum
2080 5352 2523 5414 cognoscunt,ac
2538 5356 2659 5411 qua:
2690 5339 2802 5392 Deo
2822 5345 3051 5391 auctore
3080 5331 3303 5388 condita
3330 5336 3477 5383 sunt.

1895 5474 1959 5513 ac
1990 5457 2224 5520 suffixis,
2258 5456 2583 5511 monstravi.
2646 5453 2759 5507 Nec
2802 5446 3276 5523 ii_n__sequ_en_tibus.
3320 5443 3481 5511 longe

1892 5529 2009 5583 fere
2044 5518 2307 5595 majorem
2371 5527 2456 5579 vir
2502 5526 2699 5595 doctus
2751 5520 2974 5575 adhibet
3029 5518 3392 5595 diligentiam,
3422 5524 3480 5591 ut

1892 5599 2038 5667 quod
2067 5585 2148 5650 illi
2180 5597 2235 5650 in
2269 5595 2503 5669 Maximo
2554 5593 2795 5669 positum
2821 5660 2832 5669 .
2855 5604 3057 5669 operm,
3106 5585 3253 5666 haud
3294 5585 3476 5669 magni

1892 5660 1982 5732 sit,
2006 5682 2319 5737 quanquam
2346 5675 2403 5722 et
2462 5660 2579 5735 ipse
2632 5660 3067 5717 eruditissimum
3118 5660 3296 5712 virum
3350 5668 3478 5707 Cllltl

1891 5746 2158 5809 agnpscrt.
