4048 6436
627 394 766 465 1023

1783 403 1844 464 8.
1887 401 2173 463 ΜΛΧΙΜΙ
2212 399 2720 462 CONFESSORIS

3728 404 3846 470 1024

693 507 785 563 22.
820 508 968 574 Deus
1010 508 1125 580 ipse
1173 509 1438 580 seipsum,
1473 526 1540 566 ex
1580 514 1738 568 beata
1783 531 1882 570 sua
1922 513 2200 586 cognoscit

2377 514 2480 585 κβ⁹.
2517 517 2577 569 '0
2606 515 2708 586 μὲν
2749 517 2881 581 Θεὸς
2926 517 3120 572 ἑαυτὸν
3151 517 3432 588 γινώσκει,
3466 518 3529 572 ὲκ
3557 519 3656 588 τῆς
3689 536 3847 589 μακα-

627 600 905 667 essentia;
939 615 1062 671 qua:
1115 609 1297 657 autem
1347 602 1466 673 ipso
1513 604 1676 676 430
1717 618 1941 665 auctore
1983 613 2204 668 condita

627 698 776 753 sunt,
807 705 872 746 ex
903 704 998 746 sua
1041 693 1349 763 sapientia;
1392 709 1492 764 per
1516 711 1701 766 quam,
1735 707 1791 753 et
1824 699 1879 753 in
1903 716 2012 771 qua
2047 717 2204 757 crea-

628 779 708 834 \it
751 783 954 836 omnia.
993 782 1204 838 Sancta:
1250 793 1432 840 autem
1466 786 1733 853 Virtutes,
1769 790 1940 844 Deum
1980 793 2205 861 quidem

628 869 1050 941 participatione
1077 882 1437 943 c0gnoscunt,
1463 875 1557 945 qui
1591 878 1765 947 major
1792 878 1864 933 sit
1893 881 2043 934 omni
2075 898 2204 951 par—

629 960 979 1030 ticipatione;
1018 977 1106 1018 res
1147 972 1333 1019 autem
1373 967 1441 1021 ab
1473 981 1539 1022 eo
1576 969 1851 1034 conditas,
1881 970 2112 1043 legendo
2141 991 2205 1032 ac

628 1050 987 1120 percipiendo
1015 1067 1138 1123 quae
1167 1055 1221 1109 in
1251 1056 1332 1111 eis
1359 1058 1599 1113 rationes
1629 1075 1694 1115 ac
1727 1075 1888 1115 sensa
1916 1073 2062 1120 sunt.

693 1139 784 1194 25.
819 1139 984 1196 Extra
1014 1151 1253 1199 mentem
1298 1156 1425 1201 sunt
1465 1163 1554 1202 res
1588 1157 1818 1216 creatae;
1845 1167 2034 1207 earum
2071 1169 2205 1210 vero

626 1227 772 1283 intra
809 1245 868 1286 se
915 1233 1149 1288 assumit
1195 1237 1736 1308 contemplationem.
1781 1241 1937 1297 Haud
1978 1259 2110 1299 vero
2146 1262 2205 1302 se

627 1337 716 1380 res
758 1325 834 1380 ita
874 1323 1042 1383 habet
1089 1329 1145 1384 in
1188 1331 1324 1395 Deo,
1355 1332 1450 1401 qui
1493 1334 1885 1404 sempiternus,
1933 1335 2203 1405 inﬁnitus,

626 1412 951 1482 immensus,
993 1425 1108 1472 tum
1158 1421 1325 1476 rebus
1384 1424 1575 1478 tribuit
1623 1435 1685 1480 ut
1731 1436 1934 1493 essent,
1980 1438 2096 1484 tum
2144 1439 2206 1484 ut

623 1506 765 1561 bene
795 1508 1065 1580 beateque
1099 1526 1163 1566 ac
1193 1512 1248 1566 in
1277 1523 1604 1583 perpetuum
1637 1526 1843 1572 essent.

691 1597 785 1652 2t.
820 1599 1056 1657 Ratione
1095 1605 1407 1674 mentisque
1437 1607 1798 1678 intelligentia
1826 1618 1988 1666 utens
2013 1626 2202 1668 essen-

625 1685 699 1741 tia
731 1702 830 1742 seu
854 1697 1068 1756 natura,
1097 1691 1194 1747 Dei
1221 1695 1393 1748 sancti
1418 1695 1693 1766 particeps
1718 1708 1802 1752 est
1829 1698 1969 1770 (ejus
1993 1701 2206 1758 scilicet

622 1777 886 1836 bonitatis
909 1790 966 1837 et
987 1784 1288 1855 sapientiae)
1315 1800 1382 1840 eo
1405 1787 1550 1856 quod
1575 1797 1680 1852 est,
1703 1799 1760 1843 et
1780 1791 1928 1859 quod
1955 1801 2015 1846 ut
2044 1792 2204 1848 beata

2309 607 2429 678 ρίας
2481 609 2668 672 οὐσίας
2697 609 2862 665 αὐτοῦ
2884 629 2897 642 ·
2946 611 3016 664 τά
3063 610 3122 664 δὲ
3170 609 3260 664 ὑπ’
3295 609 3463 666 αὐτοῦ
3492 613 3760 681 γεγονότα,
3794 614 3850 668 ἐκ

2303 699 2405 769 τῆς
2437 701 2627 769 σοφίας
2649 698 2815 756 αὐτοῦ
2837 718 2851 732 ·
2897 703 2964 756 δι’
2987 696 3057 775 ἦς
3088 701 3187 756 καὶ
3220 701 3279 757 ὲν
3378 702 3447 758 τὰ
3478 703 3656 758 πάντα
3685 705 3850 775 ἐποίη-

2305 806 2415 844 σεν.
2435 791 2500 843 Αἱ
2527 791 2582 845 δὲ
2602 792 2755 860 ἅγιαι
2772 793 3038 864 Δυνάμεις
3078 794 3172 849 τὸν
3195 795 3458 866 μὲν-Θεὸν
3488 799 3686 866 μετοχῇ
3709 797 3850 865 γινώ-

2305 895 2547 941 σκουσιν,
2583 879 2723 949 ὑπὲρ
2760 881 2995 954 μετοχὴν
3026 881 3156 936 ὄντα
3177 899 3190 912 ·
3223 883 3290 937 τά
3324 883 3382 936 δὲ
3412 881 3505 937 ὑπ’
3525 881 3690 937 αὑτοῦ
3715 903 3854 955 γεγο-

2305 970 2452 1036 νότα,
2487 971 2752 1042 ἀναλήψει
2785 972 2894 1026 τῶν
2931 973 2990 1027 ἐν
3018 973 3203 1039 αὐτοῖς
3235 974 3626 1046 θεωρημάτων.

2375 1145 2482 1216 κγ’.
2514 1147 2658 1213 Ἕξω
2688 1149 2787 1220 μὲν
2819 1148 2913 1203 τοῦ
2965 1150 3057 1205 νοῦ
3089 1152 3196 1205 είσι
3223 1150 3292 1205 τά
3320 1151 3583 1221 γεγονότα
3603 1167 3618 1181 ·
3649 1145 3853 1205 ἔνδονδὲ

2304 1238 2404 1308 τὴν
2441 1239 2620 1293 αὐτῶν
2653 1240 2890 1314 θεωρίαν
2919 1242 3313 1314 ἀναλαμϐάνει.
3344 1242 3461 1314 Ούχ
3503 1241 3678 1304 οῦτως
3698 1241 3752 1295 δὲ
3776 1242 3855 1296 ἐπὶ

2304 1330 2442 1384 Θεοῦ
2473 1333 2569 1387 τοῦ
2615 1333 2786 1389 ἀϊδίου
2825 1336 2920 1390 καὶ
2964 1337 3194 1407 ἀπείρου
3243 1335 3339 1390 καὶ⁵
3385 1335 3665 1405 ἀορίστου,
3691 1333 3856 1388 καὶτὸ

2305 1415 2446 1474 εἷναι
2476 1421 2570 1476 καὶ
2598 1417 2657 1476 εὖ
2684 1419 2825 1478 εἶναι
2851 1423 2948 1478 καὶ
2983 1425 3070 1477 ἀεὶ
3105 1419 3246 1478 εἷναι
3275 1426 3388 1489 τοῖς
3416 1420 3542 1478 οὖσι
3573 1423 3857 1495 χαρισαμέ-

2304 1526 2418 1564 νου.

2376 1601 2475 1658 κδ’.
2502 1601 2638 1656 Θεοῦ
2669 1602 2887 1674 μετέχει
2913 1603 3009 1657 τοῦ
3033 1603 3190 1674 ἁγίου
3220 1605 3256 1676 ἡ
3283 1602 3568 1674 λογιστική
3590 1603 3686 1656 καὶ
3715 1601 3860 1672 νοερά

2304 1692 2486 1758 οὐσία,
2531 1695 2682 1766 αὐτῷ
2716 1713 2775 1749 τε
2827 1695 2905 1766 τῷ
2933 1692 3096 1760 εἶναι,
3145 1695 3244 1750 καὶ
3281 1697 3354 1766 τῇ
3395 1694 3534 1766 πρὸς
3562 1692 3626 1746 τὸ
3652 1685 3710 1746 εῦ
3738 1687 3860 1745 εἶναι

2303 1783 2703 1856 ἐπιτηδειότητι
2724 1802 2737 1814 ·
2761 1785 3096 1856 ἀγαθότητός
3121 1786 3183 1838 τέ
3217 1803 3384 1857 φημι,
3411 1785 3507 1840 καὶ
3536 1784 3726 1854 σοφίας
3744 1797 3758 1812 ·
3779 1783 3860 1838 καί

623 1866 696 1920 sit
737 1865 930 1923 idonea
969 1879 1087 1938 est;
1136 1887 1244 1942 qua
1289 1873 1420 1929 item
1474 1877 1644 1946 gratia
1701 1875 1759 1932 in
1803 1881 2200 1951 sempiternum

2306 1878 2370 1946 τῇ
2399 1877 2534 1946 πρὸς
2563 1878 2623 1930 τὸ
2642 1877 2730 1932 ἀεὶ
2749 1874 2888 1933 εἶναι
2919 1879 3128 1951 χάριτι.
3161 1878 3350 1950 Ταύτῃ
3375 1876 3469 1934 οῦν
3496 1878 3592 1934 τὸν
3632 1877 3764 1932 Θεδν
3795 1896 3862 1947 ne

621 1976 744 2017 esse
788 1973 988 2034 potest.
1034 1963 1146 2022 Hac
1190 1967 1376 2039 itaque
1421 1972 1637 2027 ratione
1678 1973 1850 2028 Deum
1898 1978 2202 2046 cognoscit.

623 2055 733 2111 Res
763 2066 947 2113 autem
994 2059 1066 2114 ab
1109 2073 1177 2115 eo
1220 2062 1490 2129 conditas,
1522 2079 1665 2129 eam,
1690 2080 1812 2134 quae
1837 2065 1892 2119 in
1923 2066 2033 2122 illis
2067 2069 2205 2123 arti-

622 2145 814 2204 ﬁciose
855 2151 1082 2208 elucens
1131 2154 1534 2220 consideratur,
1579 2156 1658 2210 uti
1703 2155 1913 2212 dictum
1959 2167 2078 2224 est,
2129 2158 2206 2214 le-

621 2236 800 2304 gendo
843 2253 908 2293 ac
951 2241 1307 2311 percipiendo
1345 2243 1702 2312 sapientiam;
1740 2259 1862 2314 qua:
1904 2243 2021 2314 ipsa
2056 2245 2204 2302 nuda

619 2333 705 2379 est
751 2342 816 2382 ac
857 2328 1111 2400 simplex,
1149 2347 1258 2386 non
1303 2349 1433 2389 vere
1474 2342 1535 2388 ut
1573 2335 1799 2390 exsistat
1839 2335 2204 2392 substantiam

621 2415 850 2484 habens,
879 2421 976 2476 sed
1007 2423 1062 2476 in
1092 2433 1277 2479 mente
1305 2425 1635 2482 consistens.

689 2509 780 2565 25.
813 2511 1063 2577 Quatuor
1087 2515 1302 2572 divinas
1330 2517 1508 2582 dotes,
1537 2517 1742 2587 quibus
1776 2532 1866 2576 res
1897 2520 2204 2588 contineat,

620 2597 912 2670 foveatque
942 2617 1006 2659 ac
1033 2605 1340 2662 incolumes
1369 2616 1612 2676 praestet,
1637 2624 1739 2678 per
1763 2626 2035 2667 summam
2061 2613 2206 2669 Deus

620 2687 958 2757 bonitatem,
1003 2697 1457 2758 communicavit.
1506 2698 1869 2769 producendo
1913 2703 2205 2758 essentiam

621 2788 719 2829 seu
746 2784 999 2832 naturam
1027 2789 1272 2836 utentem
1305 2784 1519 2840 ratione
1546 2794 1603 2840 et
1629 2786 2027 2857 intelligentem
2058 2808 2074 2842 :
2102 2789 2208 2846 hoe

623 2875 823 2930 nempe
853 2865 1000 2932 quod
1023 2875 1109 2921 est
1133 2883 1255 2924 esse
1285 2877 1342 2924 et
1371 2881 1593 2943 semper
1612 2887 1754 2940 esse,
1792 2875 2206 2949 bonitatemque

617 2957 676 3004 et
707 2953 1053 3022 sapientiam.
1081 2955 1328 3022 Quorum
1360 2960 1492 3026 duo,
1524 2965 1780 3020 essentia:
1805 2965 2030 3035 tribuit;
2069 2969 2209 3024 duo—

617 3055 728 3109 que
758 3043 988 3113 reliqua,
1017 3047 1318 3105 voluntatis
1348 3052 1642 3122 aptitudini
1669 3069 1735 3111 ac
1770 3055 1988 3112 arbitrii
2027 3058 2208 3128 (boni-

618 3137 790 3188 tatem
813 3135 1026 3191 scilicet
1047 3144 1102 3192 et
1123 3139 1477 3216 sapientiam)
1501 3153 1563 3200 ut
1584 3145 1731 3217 quod
1757 3148 1874 3217 ipse
1897 3163 2000 3218 per
2018 3163 2207 3205 essen-

2306 1963 2524 2022 νώσκει.
2565 1968 2648 2022 Τά
2684 1969 2742 2023 δὲ
2773 1970 2865 2024 ὑπ’
2891 1969 3061 2024 αὐτοῦ
3088 1969 3374 2040 γεγονότα,
3399 1973 3466 2043 τῇ
3493 1967 3776 2042 ἀναλήψει,
3796 1969 3864 2034 ὡς

2306 2059 2542 2130 εἴρηται,
2571 2062 2672 2133 τῆς
2699 2064 2758 2116 ὲν
2784 2065 2899 2128 τοῖς
2932 2064 3182 2133 γεγονόσι
3213 2064 3596 2138 θεωρουμένης
3625 2063 3864 2136 τεχνικῆς

2308 2152 2498 2221 σοφίας
2527 2153 2676 2222 (22)⁶
2716 2155 2838 2225 ἥτις
2891 2155 3010 2208 ἐστὶ
3061 2155 3194 2228 ψιλὴ
3232 2157 3320 2228 (ι)
3369 2157 3468 2210 καὶ
3509 2155 3862 2218 ἀνυπόστατος

2306 2241 2364 2294 ὲν
2385 2241 2462 2312 τῷ
2495 2243 2570 2314 νῷ
2601 2245 2992 2317 συνισταμένη.

2378 2493 2478 2553 κε’.
2530 2499 2789 2573 Τέσσαρα
2849 2502 2957 2555 τῶν
3011 2501 3172 2557 θείων
3227 2501 3554 2574 ίδιωμάτων,
3585 2505 3867 2557 συνεκτικά-

2307 2592 2403 2646 καὶ
2427 2593 2771 2665 φρουρητικά
2803 2595 2898 2648 καὶ
2918 2595 3252 2650 διασωστικά
3275 2595 3384 2649 τῶν
3412 2592 3602 2660 ὄντων,
3621 2596 3690 2650 δι’
3708 2596 3866 2667 ἄκραν·

2305 2684 2620 2758 ἀγαθότητα
2655 2686 3064 2758 ὲκοινοποίησεν
3095 2691 3124 2742 ὁ
3153 2687 3306 2754 Θεὸς,
3339 2689 3685 2760 παραγαγὼν
3719 2689 3862 2754 εἰςτὺ

2306 2769 2447 2828 εἷναι
2475 2774 2574 2846 τὴν
2617 2775 2842 2846 λογικὴν
2877 2776 2974 2831 καὶ
3023 2776 3219 2849 νοεράν
3251 2778 3472 2832 οὐσίαψ
3504 2780 3568 2833 τὸ
3603 2781 3684 2844 ὃν,
3711 2781 3856 2834 τὸάεὶ

2305 2864 2389 2929 ὃν,
2424 2864 2524 2937 τὴν
2551 2863 2868 2937 άγαθότητα
2912 2865 3010 2922 καὶ
3037 2869 3252 2938 σοφίαν.
3293 2868 3516 2924 Τούτων
3544 2869 3612 2924 τά
3663 2869 3756 2942 μιν
3779 2868 3861 2925 δύο

2307 2956 2375 3029 τῇ
2400 2957 2560 3028 οὐσίᾳ
2589 2957 2866 3029 παρέσχε·
2920 2959 3072 3012 τάιδὲ
3099 2957 3213 3027 No,
3255 2961 3322 3033 τῇ
3378 2963 3632 3033 γνωμικῇ
3687 2964 3854 3031 ἐπιτη-

2305 3047 2541 3119 δειότητι
2561 3064 2582 3079 ν
2609 3047 2710 3120 τὴν
2733 3045 3045 3122 ἀγαθότητα
3070 3051 3164 3105 καὶ
3205 3051 3305 3122 τὴν
3337 3052 3532 3122 σοφίαν
3557 3069 3572 3083 ’
3609 3053 3695 3106 ἵνα
3729 3052 3856 3122 ἅπερ

2307 3139 2456 3194 ἐστίν
2483 3138 2646 3203 αὐτὸς
2675 3143 2800 3195 κατ’
2821 3141 3029 3206 οὐσίαν,
3053 3142 3272 3213 γίνηται
3301 3145 3333 3212 ἠ
3357 3142 3538 3207 κτίσις
3563 3142 3696 3197 κατά
3742 3162 3853 3214 μετ-

617 3224 749 3278 tiam
805 3236 922 3292 est,
974 3228 1036 3283 id
1084 3241 1339 3289 creatura
1393 3213 1542 3292 illius
1592 3213 1927 3296 commercio
1978 3241 2194 3298 evadat.

2305 3230 2513 3285 ουσίαν.
2537 3229 2636 3284 Διά
2665 3229 2872 3303 ταύτην
2899 3230 3147 3304 [Calceus
3168 3231 3389 3304 ταῦτα],
3415 3233 3511 3286 καὶ
3540 3233 3661 3287 κατ’
3691 3213 3855 3287 εἰκόνα

614 3315 855 3387 Ejusque
899 3335 1092 3388 causa,
1140 3323 1283 3380 facta
1327 3325 1534 3383 dicitur
1569 3330 1634 3386 ad
1672 3330 1767 3387 Dei
1811 3332 2105 3404 imaginem
2140 3344 2197 3390 et

2305 3321 2404 3375 καὶ
2438 3321 2700 3392 ὁμοίωσιν
2734 3321 2873 3375 Θεοῦ
2923 3321 3142 3390 λέγεται
3191 3319 3547 3393 γεγενῆσθαι.
3600 3324 3706 3376 Kal
3751 3325 3854 3378 κατ’

614 3407 1033 3466 similitudinem
1057 3415 1126 3468 ⁸ο.
1158 3415 1237 3470 Ac
1264 3417 1488 3486 quidem
1527 3419 1596 3474 ad
1633 3420 1948 3492 imaginem,
1981 3430 2042 3476 ut
2075 3438 2200 3494 qua:

2303 3413 2489 3467 είκόνα
2517 3413 2639 3485 μὲν,
2664 3413 2741 3478 ώς
2771 3411 2851 3479 ὃν,
2883 3414 3036 3478 ὄντος
3056 3430 3073 3445 ο
3109 3415 3204 3469 καὶ
3249 3414 3326 3479 ὡς
3363 3415 3449 3468 ἀεὶ
3474 3413 3556 3480 ὃν,
3596 3416 3678 3469 ἀεὶ
3701 3413 3852 3478 ὄντος·

613 3498 706 3562 sit,
736 3500 860 3570 ejus
889 3503 984 3571 qui
1023 3512 1140 3572 est;
1186 3522 1251 3562 ac
1294 3525 1418 3578 quae
1460 3527 1678 3580 semper
1705 3513 1797 3579 sit,
1825 3514 1945 3584 ejus
1982 3513 2076 3584 qui
2112 3525 2198 3570 est

2302 3505 2356 3558 εί
2382 3506 2479 3560 καὶ
2509 3506 2586 3577 μὴ
2619 3506 2889 3578 ἀνάρχως,
2937 3503 3052 3561 ἀλλ’
3090 3506 3460 3579 ἀτελευτήτως
3483 3522 3502 3538 °
3549 3507 3667 3562 καθ’
3684 3507 3854 3578 ὁμοίω-

613 3604 860 3660 semper;
901 3607 1218 3665 quanquam
1270 3615 1380 3654 non
1422 3601 1490 3655 ab
1517 3612 1728 3658 aeterno
1750 3613 1806 3658 ct
1841 3603 1959 3660 sine
1989 3605 2200 3675 princi-

2310 3616 2394 3651 σιν
2415 3597 2494 3662 δὲ,
2533 3600 2609 3662 ὡς
2664 3597 2893 3666 ἀγαθὸς,
2929 3597 3136 3667 ἀγαθοῦ
3159 3613 3176 3631 ί
3205 3600 3302 3653 καὶ
3349 3599 3426 3664 ώς
3459 3601 3643 3670 σοφὸς,
3673 3598 3848 3668 σοφοῦο

615 3678 727 3748 pio,
762 3681 816 3734 in
854 3694 1129 3740 aeternum
1176 3695 1384 3753 tamen,
1413 3701 1469 3745 et
1517 3700 1577 3746 ut
1608 3693 1658 3747 ei
1700 3695 1848 3763 quod
1890 3705 1976 3751 est
2013 3695 2200 3752 nullus

2305 3691 2401 3743 τοῦ
2433 3688 2576 3744 κατά
2607 3690 2791 3760 φύσιν,
2822 3689 2852 3744 ό
2878 3691 3020 3744 κατά
3045 3691 3224 3763 χάριν.
3252 3691 3364 3745 Καὶ
3384 3693 3505 3746 κατ’
3527 3691 3706 3746 είκόνα
3744 3691 3851 3762 μὲν,

617 3769 743 3824 finis
791 3774 1072 3830 succedat.
1118 3776 1200 3830 Ad
1255 3779 1675 3837 similitudinem
1727 3800 1890 3850 vero,
1938 3796 2200 3856 tanquam

2309 3783 2458 3837 πᾶσα
2480 3781 2641 3852 φύσις
2671 3784 2864 3856 λογική
2895 3786 3012 3838 ἐστι
3039 3783 3135 3838 τοῦ
3160 3783 3298 3839 Θεοῦ
3317 3802 3331 3819 ο
3368 3785 3492 3840 καθ’
3513 3785 3762 3856 ὁμοίωσιν
3782 3784 3847 3848 δὲ,

617 3861 815 3928 bonus,
849 3867 968 3936 ejus
999 3869 1093 3937 qui
1136 3870 1318 3927 bonus
1357 3881 1461 3937 est,
1493 3882 1550 3929 et
1589 3883 1648 3929 ut
1676 3877 1914 3946 sapiens,
1951 3880 2070 3949 ejus
2103 3877 2200 3949 qui

2310 3877 2462 3947 μόνοι
2490 3879 2539 3931 οἱ
2566 3877 2764 3945 ἀγαθοὶ
2791 3880 2884 3933 καὶ
2913 3881 3088 3949 σοφοί.

614 3957 838 4025 sapiens
863 3968 987 4028 est;
1017 3965 1156 4034 ejus,
1187 3965 1280 4036 qui
1321 3982 1416 4035 per
1449 3978 1725 4033 naturam,
1748 3970 1794 4024 is
1825 3969 1921 4039 qui
1948 3986 2050 4040 per
2077 3969 2306 4042 gratiam
2342 3985 2406 4024 ac
2439 3969 2626 4026 divino
2655 3985 2909 4026 munere.
2963 3971 3142 4042 Atque
3190 3971 3262 4027 ad
3275 4026 3280 4032 ,
3323 3970 3418 4027 Dei
3485 3970 3699 4042 quidem
3730 3971 3844 4025 ima-

613 4048 798 4117 ginem
842 4061 927 4107 est
961 4057 1142 4112 omnis
1183 4067 1380 4114 natura
1419 4068 1581 4114 utens
1650 4061 1908 4116 ratione:
1979 4061 2047 4116 ad
2118 4059 2538 4119 similitudinem
2578 4079 2732 4128 vero,
2773 4064 2811 4118 ii
2857 4064 3124 4119 duntaxat
3172 4064 3268 4133 qui
3313 4063 3445 4119 boni
3493 4072 3552 4119 et
3602 4065 3848 4135 sapientes

611 4140 905 4197 exsistunt.
2227 4168 2234 4171 λ

679 4233 772 4288 26.
808 4235 997 4293 Omnis
1020 4239 1330 4296 substantia
1353 4239 1566 4300 ratione
1591 4251 1754 4300 utens
1776 4259 1840 4300 ac
1864 4246 2194 4318 intelligens,

2381 4251 2489 4311 xg'.
2514 4245 2674 4298 Πᾶσα
2707 4243 2740 4312 ἡ
2783 4241 2981 4313 λογικὴ
3007 4240 3102 4295 καὶ
3126 4238 3288 4310 νοερά
3328 4239 3486 4293 οὐσία
3516 4239 3756 4311 διῄρηται
3780 4242 3844 4302 εἰς

614 4325 669 4378 in
723 4325 864 4381 duos
912 4328 1089 4385 divisa
1141 4332 1366 4389 ordines
1412 4345 1530 4400 est;
1581 4335 1638 4390 in
1689 4345 1941 4391 naturam
1989 4340 2199 4395 scilicet

2303 4339 2428 4395 δύοο
2464 4335 2764 4401 τουτέστιν,
2801 4336 2883 4398 εἰς
2913 4334 3012 4404 τὴν
3061 4332 3358 4403 ἀγγελικὴν
3403 4334 3499 4386 καὶ
3527 4333 3628 4402 τὴν
3663 4331 3843 4404 ἀνθρω-

611 4411 915 4484 angelicam
949 4425 1005 4472 et
1035 4419 1354 4476 humanam.
1387 4423 1708 4494 Rursusque
1739 4426 1983 4495 angelica
2016 4428 2198 4483 omnis

2305 4430 2468 4502 πίνην
2497 4426 2680 4499 φύσιν.
2713 4427 2820 4479 Καὶ
2848 4426 2998 4478 πᾶσα
3048 4425 3082 4496 ἡ
3138 4422 3405 4495 ἀγγελικὴ
3438 4424 3602 4493 φύσις
3628 4422 3844 4495 διῄρηται

611 4515 829 4570 natura,
865 4509 918 4562 in
963 4510 1102 4566 duas
1142 4513 1484 4570 universales
1516 4517 1832 4574 voluntates
1877 4527 2199 4590 turmasque

611 4594 786 4627 ιὶῖυἶαη
813 4605 892 4627 Δ...
947 4605 1060 4627 ιη...
1091 4601 1303 4627 ηηιιζ-μ
1339 4613 1552 4627 -..__‘-_
1585 4605 1726 4627 ιυρι-
1764 4615 1872 4627 .μ-..-
1908 4607 2158 4627 --Αι--.,-
2183 4623 2194 4627 _

2304 4524 2468 4578 πάλιν
2490 4525 2570 4586 είς
2595 4521 2689 4576 δύο
2720 4519 3014 4582 καθολικάς
3043 4518 3267 4590 γνώμας
3295 4535 3356 4572 τε
3391 4519 3488 4574 καὶ
3522 4519 3717 4588 ἀγέλας
3747 4519 3843 4589 (ml.

611 4594 788 4650 divisa
812 4605 917 4661 est,
947 4605 1064 4653 tum
1091 4601 1306 4657 scilicet
1338 4613 1554 4660 sanctas
1574 4605 1731 4678 431
1764 4615 1878 4661 tum
1903 4607 2195 4675 scelestas;

2303 4618 2463 4685 ἁγίας
2495 4632 2554 4668 τε
2575 4613 2670 4668 καὶ
2699 4615 2915 4680 ἐναγεῖς
2935 4628 2948 4640 ·
2975 4611 3273 4678 τουτέστιν,
3309 4612 3392 4676 είς
3421 4611 3580 4681 ἁγίας
3608 4611 3843 4680 Δυνάμεις

611 4684 719 4739 hoc
759 4695 865 4752 est,
902 4688 958 4743 in
1002 4700 1223 4747 sanctas
1271 4691 1646 4752 Fortitudines
1686 4706 1742 4751 et
1788 4697 2034 4766 impuros
2083 4697 2194 4753 da:-

2302 4684 2397 4761 καὶ
2435 4704 2782 4775 ἀκαθάρτους
2816 4702 3096 4773 δαίμονας.
3133 4701 3248 4755 Καὶ
3279 4702 3432 4757 πᾶσα
3474 4703 3509 4774 ἡ
3562 4700 3845 4773 ἀνθρωπίνη

611 4793 822 4836 mones.
852 4780 1044 4838 Omnis
1073 4783 1203 4838 item
1238 4787 1476 4842 humana
1506 4797 1725 4854 natura,
1745 4789 1800 4843 in
1827 4789 1964 4844 duas
1986 4790 2191 4844 solumv

612 4871 778 4927 modo
819 4873 1000 4929 divisa
1032 4884 1116 4931 est
1152 4877 1492 4935 universales
1524 4882 1836 4938 voluntates
1873 4896 1938 4936 ac
1976 4891 2196 4937 senten-

612 4961 744 5029 tias;
777 4963 896 5034 pias
924 4965 1139 5023 scilicet
1168 4978 1226 5024 et
1252 4969 1469 5041 impias.

683 5125 731 5157 ⁸⁸
765 5124 904 5182 Gen.
940 5141 981 5190 ι,
1010 5126 1106 5180 26.

681 5259 745 5333 (l)
785 5259 945 5327 Ἦτις
972 5258 1293 5330 ἐστίψιλή.
1319 5261 1526 5332 Nempe
1551 5277 1652 5332 pro
1671 5261 2033 5319 fundamento
2058 5271 2189 5319 sunt

785 5340 1074 5416 creaturas,
1109 5341 1169 5387 ut
1221 5333 1690 5416 divinamnipsam
1731 5335 2086 5416 sapientiam.
2122 5348 2188 5388 ac

610 5403 854 5474 rationes
879 5401 941 5474 in
960 5402 1072 5458 Deo
1105 5411 1426 5458 connotant.
1456 5401 1552 5459 Sic
1576 5404 1724 5458 enim
1750 5401 1953 5459 dicitur
1971 5404 2188 5474 sapien-

611 5471 745 5554 tiam
771 5470 1036 5528 eli‘udisse
1059 5490 1226 5554 super
1241 5474 1434 5554 omnia
1447 5490 1613 5545 Opera
1643 5490 1740 5529 sua
1761 5491 1775 5539 ;
1795 5490 1900 5543 qua
1924 5470 2188 5554 nimirum

611 5541 802 5596 divina
821 5558 921 5596 sua
947 5552 1065 5597 arte
1092 5541 1166 5600 ita
1214 5541 1500 5607 condidit;
1541 5555 1597 5598 ut
1625 5541 1827 5598 earum
1865 5543 2184 5598 considera-

611 5610 836 5683 tioneet
864 5612 1248 5683 intelligentia,
1289 5623 1500 5669 naturze
1535 5613 1902 5683 intelligentes
1933 5613 2063 5682 ipsa:
2099 5628 2185 5668 sa-

613 5681 874 5754 pientiam
906 5681 1171 5754 iumente
1195 5685 1604 5748 consistentem,
1654 5681 1975 5754 ignorantiaé
2014 5698 2187 5752 oppo-

613 5750 795 5822 sitam,
829 5752 1116 5821 acquirant
1139 5770 1153 5818 ;
1180 5755 1335 5821 quasi
1357 5755 1468 5808 Deo
1493 5770 1591 5822 per
1615 5750 1896 5808 creaturas
1917 5750 2185 5817 docente;

613 5834 740 5875 cum
780 5821 897 5891 ipse
920 5822 989 5878 ab
1013 5823 1122 5878 illis
1148 5821 1565 5893 nihil‘accipiat,
1607 5823 1700 5877 sed
1726 5823 1782 5876 in
1798 5822 2067 5894 sapientia
2090 5838 2190 5879 sua

2299 4795 2556 4870 διῄρηται
2583 4795 2664 4858 είς
2691 4793 2917 4865 γνώμας
2951 4791 3112 4866 μόνον
3159 4792 3455 4859 καθολικάς
3489 4793 3603 4860 δύο,
3632 4792 3844 4855 εὐσεϐεῖς

2299 4890 2444 4960 λέγω
2474 4887 2566 4944 καὶ
2595 4884 2832 4952 ἀσεϐεῖς.

2292 5271 2350 5318 et
2385 5273 2541 5328 arte;
2607 5260 2688 5332 (in
2745 5261 2972 5318 decreto
3013 5275 3128 5332 suae
3177 5257 3501 5332 voluntatis)
3543 5273 3683 5317 unus
3726 5275 3846 5332 .pse,

2293 5333 2479 5418 omnia
2505 5331 2628 5418 (ηιμ
2647 5340 2780 5418 sppt
2809 5333 2930 5418 ull?
2949 5331 3132 5418 modo,
3160 5338 3474 5418 cognoscat.

2367 5402 2466 5474 (ιη)
2521 5399 2638 5466 Ἐίς
2658 5401 2770 5474 δύο
2786 5401 3123 5474 ίκαθολικὰς
3149 5399 3386 5474 γνώμας
3419 5399 3610 5474 tsqu
3627 5400 3841 5474 dri:ka

2367 5418 2440 5474 (in
2535 5418 2638 5466 ως
2660 5418 2770 5457 ovo
2797 5418 3123 5468 καθολικας
3265 5418 3386 5470 μας
3419 5418 3841 5481 “autem.

2293 5418 2466 5540 ()qu
2474 5482 2593 5548 erat
2642 5418 3736 5548 dryaltxa'tg,_mendrurnu:_agnov1tGesn.,

2292 5543 2591 5598 emendare
2618 5540 2738 5596 non,
2759 5541 2956 5612 potuit.
2974 5540 3147 5612 Nobis
3173 5540 3433 5595 restituto
3462 5549 3611 5612 textu
3631 5555 3754 5594 mss.
3775 5540 3846 5591 ni-

2294 5613 2370 5668 hil
2384 5614 2496 5684 jam
2518 5612 2737 5684 dilijcile
2756 5609 3024 5684 occurrit.
3049 5609 3412 5684 Necnecessc
3439 5610 3686 5684 pluribus
3707 5622 3845 5663 vexa—

2293 5678 2555 5759 re,'qu_od
2588 5681 2794 5753 ObSOp.
2829 5682 3029 5759 illeque
3053 5678 3454 5759 reddiderunt;
3491 5678 3714 5759 Przstet
3751 5691 3845 5759 una

2293 5745 2519 5823 spongia
2574 5745 2774 5823 cuncta
2815 5745 3023 5820 delere,
3049 5765 3212 5822 quam
3248 5749 3488 5822 singulis
3513 5745 3846 5821 suggillandis

2295 5822 2515 5893 tempus
2534 5822 2710 5878 otiose
2746 5829 2945 5878 terere.
