4048 6438
199 374 360 446 1025

1060 393 1396 454 CAPITUM
1436 390 1534 453 DE
1571 387 2002 451 CHARITATE
2037 385 2424 450 CENTURIA
2463 389 2579 452 III.

3318 392 3456 466 1025

279 502 378 568 κζ’.
415 503 476 556 ’0
516 500 615 573 μὲν
659 501 791 568 Θεὸς
829 508 904 568 ὡς
934 503 1303 575 αὐτοΰπαρξις
1364 501 1440 555 ὣν
1477 502 1572 554 καὶ
1615 501 1774 554 αὐτου
1804 531 1815 562 λ

1949 501 2038 554 27.
2074 501 2218 556 Deus
2244 502 2465 571 quidem
2493 503 2588 573 qui
2623 505 2740 573 ipsa
2769 520 2868 574 per
2897 521 2956 561 se
2975 507 3244 564 exsistens
3269 525 3463 566 essen-

197 593 476 664 αγαθότης
502 593 598 650 καὶ
619 593 914 663 αὑτοσοφία
945 611 961 626 ο
995 595 1194 665 μᾶλλον
1227 593 1284 646 δὲ
1310 593 1669 663 ἀληθέστερον
1699 592 1770 644 εί.

197 686 348 751 πεῖν,
375 684 471 738 καὶ
503 682 643 753 ὑπὲρ
672 682 844 741 ταῦτα
869 685 1066 752 πάντα,
1108 684 1260 738 οὐδὲν
1299 682 1413 753 ἔχει
1447 683 1507 735 τὸ
1560 682 1780 735 σύνολον

196 773 471 828 ἐναντίον.
508 773 590 826 Τά
615 772 672 826 δὲ
708 773 1003 843 κτίσματα,
1048 774 1124 836 ὡς
1165 773 1345 827 πάντα
1407 772 1506 842 μὲν
1561 770 1781 840 μεθέξει

195 866 300 919 καὶ
341 866 528 936 χάριτι
579 864 678 936 τὴν
717 863 952 936 ὓπαρξιν
997 853 1192 936 ἔχοντα
1221 880 1236 896 ο
1283 863 1354 920 τὰ
1386 863 1440 918 δὲ
1465 863 1658 932 λογικὰ
1687 862 1783 918 καὶ

195 956 390 1028 νοερὰ,
415 957 511 1011 καὶ
538 956 638 1032 τὴν
657 957 989 1030 ἀγαθότητος
1015 958 1111 1011 καὶ
1145 956 1333 1027 σοφίας
1351 954 1779 1026 ἐπιτηδειότητα,

193 1047 317 1117 ἔχει
353 1047 595 1102 ἐναντίον
617 1065 632 1079 ο
673 1051 740 1120 τῇ
777 1047 875 1119 μὲν
900 1048 1155 1120 ὑπάρξει,
1184 1049 1246 1101 τὸ
1279 1047 1356 1120 μὴ
1386 1047 1652 1118 ὑπάρχειν
1673 1063 1686 1077 ·
1713 1047 1782 1118 τῇ

191 1137 255 1191 δὲ
285 1137 390 1208 τῆς
420 1137 761 1210 άγαθότητος
792 1141 887 1194 καὶ
916 1139 1106 1208 σοφίας
1142 1137 1557 1210 ἐπιτηδειότητι,
1589 1136 1784 1191 κακίαν

192 1228 295 1282 καὶ
319 1219 616 1298 ἀγνωσίαν.
652 1230 761 1286 Καὶ
793 1231 855 1284 τὸ
887 1230 992 1302 μὲν
1021 1230 1294 1302 ὑπάρχειν
1315 1229 1462 1300 ἀεὶῆ
1497 1229 1576 1303 μὴ
1608 1228 1788 1298 ὑπάρν

189 1337 317 1391 χειν
351 1320 526 1378 ταῦτα
554 1321 669 1394 [Fr.
699 1322 768 1377 τὰ
799 1322 994 1392 λογικά
1025 1323 1123 1377 καὶ
1148 1320 1355 1395 vespa],
1384 1323 1442 1376 ὲν
1470 1325 1535 1396 τῇ
1565 1320 1786 1390 ἐξουσίᾳ

190 1412 295 1466 τοῦ
330 1414 696 1484 πεποιηκότος
721 1415 838 1468 ἐστὶ
857 1430 872 1443 ο
892 1415 953 1469 τὸ
972 1415 1029 1468 δὲ
1059 1414 1305 1486 μετέχειν
1327 1414 1426 1484 τῆς
1448 1412 1786 1482 ἀγαθότητος

196 1501 376 1555 αὑτοῦ
416 1504 512 1560 καὶ
546 1505 642 1578 τῆς
672 1503 864 1576 σοφίας
898 1503 1034 1578 ἢμὴ
1068 1505 1336 1578 μετέχειν,
1357 1506 1499 1580 ὲντῇ
1531 1503 1788 1574 βουλήσει

192 1591 307 1646 τῶν
330 1591 566 1663 λογικῶν
589 1593 848 1667 ὑπάρχει.

263 1878 382 1945 κη’.
413 1873 480 1926 Oi
521 1873 618 1944 μὲν
649 1872 910 1944 Ἕλληνες
942 1873 1024 1941 (n)
1075 1872 1136 1938 ἐξ
1164 1873 1340 1932 ἀῖόίου
1372 1870 1620 1940 λέγοντες
1666 1888 1788 1925 συν·
1817 1834 1866 1900 Β

193 1965 476 2036 ὑπάρχειν
499 1963 578 2033 τῷ
611 1961 735 2034 Θεῷ
760 1963 861 2033 τὴν
886 1963 994 2016 τῶν
1029 1962 1198 2016 όντων
1226 1961 1430 2023 οὐσίαν,
1452 1962 1550 2024 τὰς
1569 1961 1628 2014 δὲ
1657 1960 1788 2031 περὶ

193 2055 374 2126 αὐτὴν
421 2055 716 2126 παιότητας
759 2055 920 2125 μόνον
949 2054 1008 2121 ἐξ
1032 2053 1197 2110 αὐτοῦ
1226 2053 1512 2125 ἐσχηκέναι
1544 2069 1558 2085 ο
1597 2058 1661 2125 τῇ
1689 2054 1790 2125 μὲν

191 2147 385 2219 οὐσίᾳ,
419 2147 575 2202 οὐδὲν
604 2147 851 2216 λέγουσιν
878 2145 1118 2200 ἐναντίον
1144 2162 1158 2175 ·
1194 2147 1254 2199 ὲν
1283 2146 1340 2198 δὲ
1373 2148 1497 2208 ταῖς
1537 2145 1787 2216 ποιότησι

193 2238 420 2308 μόναις.
455 2237 555 2308 τὴν
607 2237 924 2291 ἐναντίωσιν
961 2231 1122 2289 εἶναι.
1166 2236 1357 2305 Ἡμεῖς
1399 2235 1456 2288 δὲ
1499 2236 1665 2306 μόνην
1704 2235 1790 2288 λέσ

191 2345 373 2398 γομεν
402 2329 503 2398 τὴν
533 2328 684 2386 Θείαν
708 2329 894 2382 οὐσίαν
952 2328 1026 2399 μὴ
1077 2328 1224 2397 ἔχειν
1279 2345 1332 2380 τι
1387 2325 1650 2387 ἐναντίον,
1713 2326 1790 2390 ὡς

193 2415 376 2470 ἀΐδιόν
410 2432 473 2472 τε
504 2410 673 2470 οὖσαν
705 2415 797 2470 καὶ
820 2413 1074 2485 ἄπειρον,
1099 2414 1194 2468 καὶ
1215 2413 1510 2484 ἁῖδιότητος
1531 2413 1790 2484 ἀλλήλαις

192 2509 538 2581 χαριστικήν
570 2526 585 2540 ·
617 2511 685 2580 τῇ
716 2508 774 2563 δὲ
803 2507 912 2565 τῶν
935 2508 1106 2566 ὄντων
1133 2507 1310 2577 οὐσίᾳ,
1334 2503 1473 2564 εἶναι
1505 2506 1602 2576 μὲν
1623 2507 1684 2559 τὸ
1714 2506 1788 2578 μὴ

192 2601 252 2656 ἣν
267 2602 542 2656 ιναντίονο
566 2601 662 2658 καὶ
687 2602 746 2656 ὲν
765 2603 833 2674 τῇ
863 2601 1080 2672 ἐξουσίᾳ
1101 2599 1196 2655 τοῦ
1219 2599 1426 2670 κυρίως
1447 2600 1595 2661 ὄντος
1617 2598 1790 2669 ὑπάρ-

193 2714 340 2767 χειν,
369 2696 438 2752 τὸ
466 2696 554 2753 ἀεὶ
591 2689 732 2752 εἶναι
762 2692 932 2764 αὐτὴν
981 2693 1016 2763 ἢ
1060 2693 1140 2764 μὴ
1187 2688 1347 2758 εἷναι,
1391 2691 1786 2763 ἀμεταμέλητα

193 2786 251 2840 δὲ
280 2778 436 2839 εἶναι
471 2784 541 2838 τὰ
597 2782 914 2856 χαρίσματα
947 2779 1133 2834 αὑτοῦ.
1177 2780 1289 2834 Καὶ
1335 2779 1423 2832 διὰ
1475 2777 1655 2843 τοῦτο,
1695 2778 1789 2833 καὶ

195 2877 356 2932 ἔστιν
407 2875 516 2942 ἀεὶ,
557 2876 651 2929 καὶ
702 2873 855 2928 ἔσται
899 2875 968 2944 τῇ
1026 2873 1501 2941 παντοκρατορικῇ
1563 2869 1789 2941 δυνάμει

195 2967 672 3041 διακρατουμένη,
727 2968 777 3020 εί
832 2965 928 3020 καὶ
969 2964 1084 3035 ἔχει
1135 2965 1194 3018 τὸ
1229 2962 1304 3034 μὴ
1335 2961 1394 3016 ὃν
1424 2962 1684 3026 ἐναντίον,
1715 2961 1792 3026 ὡς

196 3061 453 3137 εῑρηται,
481 3060 557 3124 ὡς
591 3061 655 3115 ἐκ
687 3059 762 3132 μὴ
805 3057 958 3120 ὄντος
991 3059 1072 3124 εἰς
1121 3054 1185 3109 τὸ
1231 3051 1371 3110 εἶναι
1423 3053 1788 3125 παραχθεὼα,

1882 595 1957 648 tia
1977 605 2035 648 et
2060 593 2278 648 bonitas
2307 603 2364 649 et
2398 596 2666 665 sapientia
2699 597 2805 662 sit;
2833 597 2970 667 quin
2994 609 3054 654 et
3087 599 3174 656 his
3203 604 3463 660 omnibus

1884 683 1968 755 (ut
1997 684 2186 739 verius
2212 685 2426 755 loquar)
2469 687 2723 756 superior
2758 689 3014 756 exsistat;
3051 691 3189 746 nihil
3233 709 3463 763 prorsus

1883 776 2050 832 habet
2077 777 2442 832 contrarium.
2463 776 2656 833 Creata
2681 796 2832 846 vero,
2867 791 2928 837 ut
2949 784 3096 852 quod
3126 785 3311 842 omnia
3336 803 3463 858 par-

1885 867 2200 938 ticipatione
2233 884 2414 939 exque
2457 871 2629 939 gratia
2657 872 2915 938 habeant,
2945 875 3094 944 quod
3133 885 3266 932 sunt
3290 879 3346 933 in
3375 895 3463 935 re-

1884 975 2006 1014 rum
2048 969 2274 1028 natura;
2305 963 2516 1016 utentia
2543 977 2760 1033 quoque
2790 966 3004 1022 ratione
3047 981 3112 1022 ae
3147 969 3462 1042 intelligen-

1887 1049 1983 1115 tia,
2015 1050 2161 1120 quod
2193 1050 2455 1106 bonitatis
2479 1068 2542 1107 ac
2577 1053 2861 1123 sapientiae
2884 1060 3234 1126 capessendae
3267 1061 3463 1118 idonea

1884 1142 2170 1208 exsistant,
2207 1145 2542 1199 contrarium
2583 1145 2818 1212 habent;
2847 1149 3179 1206 exsistentia:
3215 1153 3459 1222 quidem,

1885 1246 1998 1286 non
2040 1233 2446 1300 exsistentiam;
2499 1235 2847 1304 capessendas
2897 1253 3030 1293 vero
3087 1240 3352 1299 bonitatis
3397 1260 3463 1301 ac

1887 1323 2167 1392 sapientia:
2205 1325 2523 1394 aptitudini,
2572 1326 2693 1382 vitii
2745 1327 3070 1396 pravitatem
3103 1341 3161 1387 et
3208 1333 3464 1403 ignoran-

1889 1412 2041 1467 tiam.
2074 1413 2151 1468 Ac
2179 1415 2398 1484 quidem
2430 1425 2489 1470 ut
2525 1416 2640 1471 huic
2671 1433 2890 1486 semper
2915 1419 3181 1477 exsistant
3221 1434 3316 1478 aut
3353 1442 3464 1481 non

1887 1505 2172 1568 exsistant,
2206 1507 2326 1576 ejus
2358 1507 2455 1576 qui
2481 1507 2731 1562 condidit
2773 1509 2989 1564 arbitrii
3021 1519 3109 1564 est
3147 1521 3204 1565 et
3227 1521 3466 1582 potesta-

1889 1593 1960 1648 tis
1988 1611 2002 1648 :
2030 1603 2090 1648 ut
2121 1605 2308 1650 autem
2345 1596 2493 1651 illius
2521 1596 2784 1652 bonitatis
2806 1605 2862 1654 et
2883 1598 3165 1666 sapientiae
3197 1616 3464 1657 commer-

1888 1687 1976 1742 cio
2005 1689 2281 1758 gaudeant
2303 1689 2390 1743 vel
2423 1704 2534 1742 non
2569 1687 2862 1758 gaudeant,
2896 1689 2956 1743 in
2999 1689 3116 1759 ipsa
3155 1693 3464 1749 animorum

1891 1780 2172 1834 voluntate
2201 1781 2473 1835 consistit.

1957 1872 2049 1926 28.
2075 1871 2272 1938 Gmci,
2317 1874 2414 1943 qui
2459 1888 2644 1928 rerum
2687 1876 2983 1932 essentiam
3010 1894 3071 1934 ac
3104 1881 3466 1936 substantiam

1889 1960 1960 2018 ab
1987 1969 2199 2016 teterno
2238 1962 2402 2016 simul
2449 1977 2574 2016 cum
2607 1963 2720 2017 Deo
2757 1965 3032 2021 exstitisse
3069 1968 3274 2033 dicant,
3296 1970 3469 2024 solas-

1889 2068 1997 2123 que
2054 2053 2124 2108 ab
2147 2069 2218 2108 eo
2243 2055 2520 2124 accepisse
2553 2055 2847 2124 qualitates
2881 2072 3003 2126 qua
3041 2075 3161 2114 eam
3191 2061 3466 2128 amiciant,

1887 2142 2140 2199 essentia:
2169 2143 2391 2215 quidem
2434 2158 2498 2198 ac
2541 2144 2884 2210 substantiae,
2935 2146 3126 2201 dicunt
3169 2150 3302 2202 nihil
3349 2165 3470 2206 esse

1888 2234 2256 2300 contrarium;
2279 2249 2610 2304 omnemque
2627 2235 2767 2291 adeo
2787 2239 3238 2295 contrarietatem
3263 2242 3319 2297 in
3337 2243 3473 2298 solio

1889 2325 2246 2395 qualitatibus
2283 2341 2426 2382 esse.
2474 2327 2584 2381 Nos
2626 2334 2811 2382 autem
2844 2345 3015 2384 unam
3054 2331 3299 2387 divinam
3337 2334 3473 2389 sub-

1887 2419 2168 2480 stantiam,
2206 2418 2443 2473 dicimus
2486 2420 2638 2473 omni
2679 2421 2956 2478 contrario
3003 2438 3220 2490 carere;
3268 2425 3472 2496 quippe

1888 2517 2152 2567 aeternam
2183 2519 2237 2564 et
2269 2509 2561 2576 inﬁnitam,
2593 2510 2806 2580 hocque
2846 2513 3029 2582 ipsum
3072 2515 3302 2586 reliquis
3333 2533 3473 2587 pra-

1889 2608 2148 2664 stantem,
2195 2607 2255 2656 ut
2301 2615 2519 2669 semper
2559 2610 2618 2656 et
2663 2601 2793 2671 ipsae
2837 2617 3194 2672 permaneant
3234 2624 3248 2660 ε
3282 2619 3469 2664 rerum

1889 2705 2024 2744 vero
2057 2690 2379 2746 substantia:
2424 2690 2480 2745 id
2525 2691 2866 2746 contrarium
2895 2709 3018 2750 esse
3061 2698 3470 2763 contendimus,

1891 2778 2039 2851 quod
2083 2790 2166 2834 est
2202 2795 2315 2834 non
2358 2791 2480 2834 esse
2523 2794 2588 2838 ac
2627 2779 2894 2846 nihilum;
2943 2781 3108 2852 inque
3149 2783 3300 2838 illius
3325 2783 3474 2853 quod

1889 2887 2020 2928 vere
2051 2887 2116 2928 ac
2144 2872 2370 2942 proprie
2403 2881 2488 2930 est
2519 2872 2756 2942 positum
2789 2883 3082 2944 potestate,
3113 2885 3175 2930 at
3206 2877 3299 2932 illa
3333 2892 3478 2932 sem-

1891 2981 1992 3036 per
2021 2964 2269 3029 exsistat,
2303 2973 2398 3022 aut
2438 2980 2548 3019 non
2579 2965 2828 3020 exsistat.
2859 2965 3100 3024 Tametsi
3142 2969 3263 3038 ejus
3305 2967 3478 3022 deno-

1894 3075 2016 3120 rum
2049 3057 2196 3116 haud
2243 3057 2420 3126 ipsum
2454 3057 2717 3125 pteniteat
2747 3058 2815 3111 ⁸⁸.
2866 3057 3054 3128 anue
3102 3059 3314 3113 ratione
3355 3074 3476 3117 esse

197 3153 293 3210 καὶ
329 3151 392 3204 ἐν
424 3152 492 3226 τῇ
524 3148 778 3222 βουλήσει
809 3145 976 3204 αὑτοῦ
1002 3145 1202 3220 ἔχουσα
1241 3145 1302 3200 τὸ
1355 3139 1496 3202 εἶναι
1545 3146 1714 3218 αὐτὴν
1757 3145 1790 3218 ἢ

1896 3165 2018 3208 eam
2047 3163 2263 3223 semper
2286 3163 2350 3204 ac
2377 3147 2494 3204 fore
2523 3149 2771 3202 omnium
2799 3151 3203 3206 conservatriee
3233 3150 3477 3221 potentia

199 3243 277 3314 μὴ
295 3238 469 3298 εἶναι.

1900 3243 1970 3301 ad
2003 3239 2409 3312 perennitatem
2442 3253 2566 3295 eam
2595 3239 2936 3306 continente,
2971 3241 3188 3296 tametsi
3219 3256 3331 3296 non
3358 3256 3478 3297 esse

197 3345 378 3406 atque
404 3333 638 3389 nihilum
669 3330 1005 3388 contrarium
1033 3331 1217 3395 habet,
1251 3329 1333 3384 uti
1362 3328 1568 3385 dictum
1593 3338 1696 3397 est,
1731 3343 1792 3390 ut
1827 3350 1951 3407 qua:
1979 3350 2046 3391 ex
2086 3332 2261 3390 nihilo
2302 3339 2365 3387 ut
2410 3339 2576 3397 esset,
2646 3330 2934 3401 producta,
2973 3331 3030 3385 in
3092 3347 3202 3387 una
3239 3332 3363 3402 ejus
3385 3347 3481 3385 vo-

198 3427 426 3485 luntate
457 3427 563 3482 hoc
588 3425 735 3496 quod
761 3433 846 3480 est
870 3440 992 3479 eam
1021 3439 1141 3480 esse
1181 3422 1267 3476 vel
1304 3437 1412 3476 non
1438 3437 1580 3488 esse,
1611 3423 1796 3478 habet.

271 3523 389 3581 κθ’.
431 3521 645 3592 Ὠσπερ
675 3519 736 3576 τὸ
764 3519 931 3574 κακὸν
965 3516 1226 3588 στέρησίς
1259 3518 1407 3572 ἐστιν
1435 3517 1664 3588 ἀγαθοῦ,
1699 3520 1795 3572 καὶ

204 3619 240 3688 ἡ
275 3613 539 3686 ἀγνωσία
566 3611 818 3684 στέρησίς
847 3611 964 3665 ἐστι
999 3609 1252 3679 γνώσεως
1275 3624 1291 3641 ⁸
1327 3606 1474 3665 οὕτω
1503 3609 1598 3663 καὶ
1631 3610 1694 3663 τὸ
1719 3610 1792 3682 μὴ

1970 3515 2064 3577 29.
2111 3513 2264 3574 Sicut
2297 3511 2500 3567 malum
2537 3510 2668 3569 boni
2703 3512 2938 3583 privatio
2968 3523 3054 3571 est
3075 3554 3088 3579 ,
3116 3522 3176 3569 et
3226 3515 3481 3585 ignoran-

1905 3606 1977 3663 tia
2027 3604 2264 3676 privatio
2309 3603 2592 3661 scientias:
2633 3605 2714 3660 sic
2753 3621 2974 3675 quoque
3019 3622 3126 3660 non
3171 3623 3271 3663 ens
3316 3618 3481 3681 atque

1901 3695 2158 3760 nihilum,
2189 3694 2429 3764 privatio
2454 3694 2598 3750 entis
2627 3702 2728 3758 est,
2762 3709 2859 3750 seu
2888 3696 3008 3765 ejus
3035 3697 3179 3766 quod
3206 3707 3324 3765 est;
3369 3716 3478 3754 non

1904 3795 2088 3842 autem
2111 3787 2230 3857 ejus
2251 3786 2400 3856 quod
2423 3795 2508 3847 est
2531 3802 2660 3842 vere
2678 3797 2734 3842 et
2755 3788 2976 3857 proprie
2993 3788 3073 3859 (id
3095 3790 3242 3844 enim
3269 3792 3480 3846 nullum

202 3709 264 3765 ὃν
311 3705 573 3780 στέρησίς
599 3709 715 3762 ἐστι
740 3704 834 3758 τοῦ
863 3704 1014 3766 ὄντος
1041 3719 1056 3738 ο
1090 3702 1152 3756 οὺ
1181 3701 1279 3758 τοῦ
1304 3701 1508 3772 κυρίως
1535 3701 1594 3756 δὲ
1619 3701 1793 3764 ὄντοςν

201 3802 312 3856 οὐκ
371 3801 488 3872 ἔχει
529 3798 637 3871 γὰρ
667 3798 907 3852 ἐναντίον
939 3813 956 3830 θ
991 3795 1126 3852 ἀλλὰ
1152 3794 1247 3849 τοῦ
1280 3795 1420 3852 κατὰ
1461 3793 1677 3865 μέθεξιν
1698 3793 1795 3846 τοῦ

203 3891 428 3966 κυρίως
459 3889 632 3956 ὄντος.
676 3889 788 3944 Καὶ
831 3891 885 3944 αἱ
915 3888 1015 3959 μὲν
1041 3887 1148 3942 τῶν
1197 3887 1479 3959 προτέρων
1509 3887 1798 3957 στερήσεις

1896 3878 2242 3946 contrarium
2293 3876 2506 3948 habet),
2529 3877 2626 3934 sed
2675 3878 2823 3948 quod
2869 3877 3018 3934 illius
3067 3879 3482 3950 participatione

202 3987 272 4056 τῇ
299 3980 506 4052 γνώμῃ
534 3981 640 4034 τῶν
662 3979 961 4049 γεγονότων
985 3977 1210 4030 ἕπονται
1235 3991 1248 4005 ·
1275 3976 1311 4045 ἡ
1333 3974 1390 4028 δὲ
1410 3973 1502 4028 τοῦ
1540 3973 1796 4044 δευτέρου

1903 3977 2007 4032 est,
2032 3969 2180 4040 quod
2222 3985 2350 4024 vere
2390 3984 2455 4026 ac
2487 3968 2706 4039 proprie
2745 3976 2848 4023 est.
2881 3970 2959 4024 Ac
2985 3971 3229 4040 priorum
3257 3972 3480 4041 quidem

206 4079 265 4130 ὲν
305 4077 382 4147 τῇ
417 4073 668 4144 βουλήσει
700 4071 794 4125 τοῦ
821 4069 1184 4142 πεποιηκότος
1211 4069 1516 4139 ὑπάρχεται
1541 4082 1556 4098 ⁸
1589 4065 1682 4119 τοῦ
1711 4067 1800 4120 ἀεὶ

1903 4061 2263 4131 privationes,
2316 4060 2478 4136 A32
2521 4069 2828 4117 creatorum
2870 4062 3208 4118 voluntatem
3237 4079 3481 4134 sequun-

205 4169 275 4222 δι’
307 4165 632 4237 ἀγαθότητα
667 4162 990 4236 βουλομένου
1043 4159 1182 4216 εἶναι
1226 4160 1298 4214 τὰ
1361 4159 1512 4226 ὄντα,
1560 4159 1657 4213 καὶ⁴
1710 4159 1800 4212 ἀεὶ

1906 4163 2026 4220 tur;
2055 4152 2381 4223 posterioris
2417 4167 2551 4208 vero
2576 4151 2833 4222 privatio,
2867 4152 2922 4206 in
2950 4154 3070 4222 ejus
3105 4153 3199 4220 qui
3236 4155 3484 4210 condidit

208 4261 304 4315 ὑπ’
342 4257 507 4316 αὑτοῦ
544 4254 968 4331 εὐεργετεῖσθαι.
1796 4305 1800 4310 ,
1902 4245 2186 4302 voluntate
2213 4245 2454 4316 positum
2489 4253 2606 4308 est;
2647 4243 2743 4314 qui
2773 4259 2838 4298 ea
2883 4258 2990 4312 qua
3032 4242 3202 4311 pollet
3237 4238 3482 4300 bonitate

1903 4351 1993 4392 res
2023 4350 2240 4404 semper
2273 4349 2394 4389 esse
2423 4334 2560 4400 vult,
2597 4343 2654 4389 et
2683 4333 2830 4404 quod
2860 4333 2980 4404 ejus
3007 4339 3092 4386 est
3122 4333 3387 4403 muneris,
3413 4335 3484 4390 ab

1831 4398 1876 4456 θ
1905 4443 1973 4484 eo
1998 4441 2214 4498 semper
2240 4426 2544 4496 suscipere.

282 4519 360 4576 λ’.
403 4519 588 4576 Πάντα
618 4517 688 4570 τὰ
710 4514 992 4587 γεγονότα,
1044 4513 1113 4568 τά
1143 4510 1264 4583 ’μέν
1314 4511 1422 4568 εἱσι
1461 4509 1657 4579 λογικὰ
1707 4510 1796 4566 καὶ

1978 4519 2067 4574 50.
2098 4517 2423 4583 Creatorem
2453 4515 2774 4578 universim.
2799 4514 2903 4571 alia
2933 4521 3062 4569 sunt
3091 4514 3302 4570 ratione
3325 4524 3484 4572 uten-

215 4612 414 4685 νοερὰ,
452 4612 547 4666 καὶ
570 4611 683 4666 τῶν
709 4609 969 4664 ἐναντίων
999 4607 1268 4683 δεκτικάλο
1309 4599 1440 4668 υἷον,
1473 4605 1674 4677 ἀρετῆς
1711 4604 1806 4660 καὶ

1906 4603 1982 4659 tia
2006 4611 2062 4660 et
2090 4603 2468 4674 intelligentia,
2497 4601 3010 4672 contrariorumque
3065 4603 3319 4674 capacia;
3349 4615 3482 4675 puta

217 4706 452 4772 κακίας,
484 4705 578 4758 καὶ
607 4701 860 4771 γνώσεως
909 4700 1004 4754 καὶ
1042 4697 1316 4768 ἀγνωσίας
1341 4712 1355 4727 '
1392 4697 1461 4750 τὰ
1487 4697 1544 4757 δὲ
1580 4695 1809 4768 σώματα

1905 4696 2132 4752 virtutis
2159 4703 2216 4750 et
2244 4695 2384 4760 vitii,
2417 4693 2768 4762 scientiaeque
2799 4702 2855 4749 et
2883 4693 3235 4764 ignorantiae;
3268 4696 3372 4751 alia
3399 4697 3485 4750 di-

217 4799 483 4868 διάφορα,
514 4795 580 4849 ἐκ
606 4793 714 4848 τῶν
747 4792 1006 4849 ἐναντίων
1026 4789 1356 4844 συνεστῶτα·
1390 4788 1658 4856 τουτέστι,
1683 4791 1806 4860 γῆς,

1913 4801 2071 4844 versa
2091 4801 2342 4845 corpora.
2361 4802 2428 4841 ex
2446 4784 2735 4845 contrariis
2754 4784 3072 4853 constituta,
3094 4794 3236 4842 terra
3251 4786 3482 4852 scilicet,

296 4934 344 4967 ⁸⁸
377 4932 540 4987 Rom.
572 4946 645 4994 ιι,
677 4929 768 4984 29.

305 5070 386 5115 ιη,
439 5051 505 5102 Ol
532 5061 647 5117 per}
688 5047 1000 5117 Ἕλληνες.
1041 5040 1817 5117 Artstotelemmaximesug-

221 5110 392 5197 εἰηθί
430 5128 487 5174 et
514 5110 964 5197 _Peripatetico‘s;i
1006 5121 1238 5169 cunctos
1289 5113 1532 5197 denique
1569 5110 1816 5197 philoso-

223 5182 396 5267 phos,
433 5188 527 5260 qui
557 5182 842 5267 materiam
859 5186 972 5267 peo
1002 5199 1239 5265 coaevam
1267 5182 1586 5267 ponerent,“
1613 5182 1816 5267 ipsam-

225 5252 340 5336 que
383 5252 709 5336 necessario
758 5256 1153 5336 exsistentem;
1210 5254 1266 5307 in
1322 5268 1463 5336 quos
1527 5252 1812 5336 ph'rj-‘sost.

225 5323 343 5390 non
370 5345 483 5386 uno
507 5329 628 5384 loco
658 5327 881 5398 egregie
914 5325 1180 5398 disputat,
1235 5323 1545 5398 acmreliq‘ui
1599 5323 1810 5398 Patres.

227 5405 519 5470 Mirorque
544 5390 820 5467 quomodo
840 5396 922 5450 sic
951 5390 1131 5470 avide,
1166 5394 1260 5463 qui
1289 5390 1601 5470 Qhristiane
1653 5390 1813 5444 insti-

232 5475 342 5530 tuti
366 5463 582 5532 suinus,
608 5482 890 5536 unumque
921 5465 1238 5536 noverimus
1263 5463 1325 5516 τὸ
1345 5463 1550 5536 κυρίως
1573 5463 1654 5523 ὃν,
1689 5476 1818 5536 eum

233 5529 456 5600 Scilicet
489 5529 585 5608 qui
615 5529 988 5608 Mosiilocutus
1011 5545 1116 5600 est,
1144 5532 1244 5608 Qui
1269 5540 1345 5608 est
1384 5529 1523 5608 misit
1553 5529 1822 5608 τηρ-Δῆ-

235 5600 559 5670 stotelicuin
616 5607 765 5661 istud
808 5605 1152 5668 hauriamus,
1203 5602 1522 5658 Substantiw
1561 5600 1694 5656 nihil
1745 5608 1818 5652 est

233 5681 597 5743 contrarium,
642 5687 699 5732 et
725 5692 835 5731 non
875 5676 1050 5746 magis
1103 5688 1230 5730 cum
1275 5673 1509 5746 Maximo
1559 5671 1818 5746 dicimus,

239 5770 367 5810 esse
391 5751 468 5805 illi
501 5741 843 5806 contrarium
877 5741 991 5800 non
1007 5759 1129 5800 esse
1157 5759 1222 5798 ac
1237 5743 1494 5806 nihilum,
1531 5741 1676 5812 quod
1709 5755 1819 5812 una

241 5821 503 5879 excludat
531 5818 717 5874 divina
744 5817 1018 5882 voluntas,
1044 5815 1220 5885 ipsum
1246 5829 1435 5869 revera
1461 5809 1646 5868 comes
1667 5809 1821 5865 omni

1919 5038 2066 5108 quod
2097 5046 2201 5102 est,
2243 5036 2648 5108 unoiduntaxat
2703 5031 2795 5108 illo
2837 5041 3085 5108 excepto,
3137 5032 3217 5087 uti
3268 5034 3475 5108 excipit

1917 5102 2204 5173 Maximus,
2237 5107 2382 5177 quod
2403 5113 2494 5177 est
2523 5102 2724 5177 κυρίως
2765 5103 2819 5155 in
2842 5104 2998 5172 cujus
3031 5103 3341 5157 necessario
3390 5102 3477 5160 es-

1917 5181 2094 5235 sentia
2119 5172 2224 5242 est,
2255 5172 2416 5247 'quod
2440 5181 2546 5247 est,
2581 5172 2710 5241 quia
2738 5187 2907 5247 unum
2962 5187 3083 5247 a_se
3114 5186 3324 5247 ensque
3383 5189 3478 5228 ne-

1915 5241 2217 5304 cessarium
2241 5241 2354 5312 est;
2378 5245 2586 5312 reliqua
2616 5241 2939 5312 quodsunt,
2966 5242 3086 5312 ejus
3124 5241 3328 5312 habent
3355 5258 3482 5312 par-

1918 5320 2256 5390 ticipatione,
2295 5310 2352 5390 et
2386 5310 2539 5390 quasi
2574 5311 2820 5390 precario
2863 5328 2898 5390 :_
2923 5310 3069 5380 quod
3106 5310 3289 5390 dicere
3320 5310 3484 5366 Maxi-

1916 5381 2069 5444 muin
2101 5403 2211 5443 non
2246 5381 2382 5443 satis
2399 5381 2640 5438 advertit
2665 5381 2830 5436 Gesn.
2867 5381 2996 5435 dum
3039 5381 3358 5435 movendam
3386 5398 3484 5434 vo-

1921 5477 2040 5515 cem
2085 5459 2288 5528 xupiw;
2325 5455 2421 5528 ait,
2455 5461 2551 5508 aut
2579 5451 2885 5528 addendam
2919 5459 3205 5528 negantem
3245 5451 3461 5528 particu

1920 5530 2028 5584 lam
2050 5530 2131 5595 οὐ,
2157 5520 2212 5585 in
2238 5528 2344 5581 illis
2360 5527 2480 5595 ejus
2506 5523 2711 5595 verbis,
2740 5521 2876 5595 αλλὰ
2901 5520 3011 5595 eo?
3059 5520 3199 5595 καρὰ
3265 5521 3488 5595 μέθεξιν

1918 5600 2012 5670 τοῦ
2041 5589 2245 5670 κυρίως
2273 5589 2453 5670 Δόντός,
2508 5593 2654 5670 (λιιι)ιά
2682 5592 2876 5670 etiam
2901 5591 3003 5645 rite
3037 5589 3313 5670 suilixerat
3333 5662 3344 5670 _
3365 5590 3486 5670 βίη.

1918 5659 2128 5739 Οίιεορξ
2169 5659 2309 5739 nihil
2328 5667 2489 5739 bene,
2522 5659 2624 5716 Sed
2645 5662 2754 5730 ejus
2788 5663 2876 5730 qui
2897 5659 3179 5715 secundum
3203 5661 3465 5730 participe

1919 5736 2112 5816 ιίριιεὶη
2143 5736 2480 5803 peculiariter
2514 5741 2609 5788 est.
