4048 6434
629 351 768 420 1027

1803 359 1867 422 S.
1907 357 2194 419 MAXIMI
2233 355 2744 452 CONFESSORIS

3736 384 3849 455 1028

625 483 777 534 aere,
809 467 936 540 igne
972 476 1030 526 et
1055 483 1216 541 aqua.
1248 468 1430 540 Atque
1466 468 1574 524 alia
1612 469 1836 540 quidem
1868 471 2096 526 omnino
2135 471 2194 524 in

2327 475 2510 546 ἀέρος,
2565 478 2758 551 πυρὸς,
2794 479 2982 546 ὓδατος
3007 499 3022 515 τ
3063 482 3157 538 καὶ
3191 483 3260 538 τὰ
3316 486 3418 558 μέν
3477 490 3582 544 εἱσι
3629 493 3852 568 ἀσώματα

618 576 890 631 corporea
920 571 1052 618 sunt
1087 561 1440 631 materiaeque
1467 563 1734 632 expertis,
1767 564 1983 618 tametsi
2016 564 2214 618 horum

619 653 810 724 aliqua
854 653 966 709 sint
993 653 1323 724 corporibus
1356 652 1684 722 conjuncta;
1715 653 1822 708 alia
1855 655 2034 710 solum
2077 668 2214 708 eon-

620 747 820 802 stituta
845 763 913 802 ex
939 747 1170 802 materia
1194 756 1251 802 et
1271 749 1469 802 forma.

695 840 785 892 51.
813 838 986 894 Omne
1020 854 1222 909 corpus
1256 847 1453 894 natura
1484 838 1765 893 immobile
1799 846 1886 894 est
1915 855 1928 893 :
1961 848 2217 902 movetur

623 939 811 985 autem
838 931 908 984 ab
931 931 1137 996 anima,
1165 933 1367 1000 partim
1401 939 1590 986 utente
1616 930 1849 996 ratione,
1876 931 2075 1001 partim
2104 947 2216 986 non

623 1031 837 1087 utente,
861 1022 1063 1091 partim
1086 1021 1253 1077 etiam
1278 1037 1390 1075 non
1417 1021 1710 1077 sentiente.

691 1111 780 1164 52.
835 1111 1179 1166 Facultatum
1228 1113 1455 1177 animae,
1505 1112 1610 1166 alia
1653 1112 1977 1167 nutrimenti
2031 1122 2115 1168 est
2159 1121 2218 1169 et

619 1203 920 1274 augmenti,
964 1204 1072 1258 alia
1112 1204 1391 1274 cogitandi
1421 1212 1476 1259 et
1509 1205 1824 1275 appetendi,
1860 1205 1966 1260 alia
1997 1206 2216 1262 utenda:

620 1295 852 1350 rationis
900 1303 959 1350 et
1001 1295 1370 1365 intelligendi.
1407 1297 1485 1352 Ac
1520 1297 1685 1366 primi
1730 1297 1954 1368 quidem
1996 1299 2215 1370 generis

618 1388 797 1441 solum
831 1387 1128 1458 participes
1168 1397 1298 1443 sunt
1345 1389 1548 1460 stirpes
1599 1398 1656 1443 et
1698 1391 1932 1457 plantae;
1985 1391 2216 1446 secundi

617 1485 902 1545 praeterea,
937 1477 1115 1532 bruta:
1154 1477 1499 1545 animantes;
1537 1480 1683 1533 tertii
1710 1495 1837 1534 cum
1872 1481 2090 1536 duobus
2122 1497 2213 1537 rc-

616 1568 805 1638 liquis,
840 1569 1114 1624 homines.
1145 1570 1224 1624 Ac
1248 1572 1462 1640 priores
1489 1570 1714 1640 quidem
1739 1571 1862 1627 duae
1900 1573 2210 1640 facultates,

617 1659 962 1728 corruptioni
1003 1660 1253 1716 obnoxiae
1279 1671 1428 1728 sunt,
1457 1662 1618 1717 tertia
1644 1678 1772 1719 vero
1798 1665 1870 1720 ab
1899 1682 1962 1722 ea
2007 1667 2212 1723 immu-

616 1749 702 1804 nis
726 1751 994 1820 probatur
1015 1768 1078 1807 ac
1109 1752 1457 1810 immortalis.

2323 568 2500 639 πάντη
2557 571 2653 624 καὶ
2697 572 2855 640 άῦλα,
2911 576 2960 628 εί
3009 577 3103 630 καί
3147 595 3268 632 τινα
3305 581 3518 654 ,τούτων
3545 586 3852 652 συνέζευκται

2323 658 2542 732 σώμασι
2582 682 2596 697 ο
2627 663 2696 717 τὰ
2724 664 2782 718 δὲ
2817 663 2876 730 ἐξ
2907 665 3039 739 ῦλης
3074 670 3167 724 καὶ
3211 671 3386 737 εἴδους
3425 675 3584 746 μόνον
3630 678 3730 750 ἔχει
3775 687 3853 758 τίτί

2325 771 2608 811 συστασιν.

2394 847 2494 902 λα’.
2527 850 2714 904 Πάντα
2746 853 2813 908 τὰ
2843 855 3096 925 σώματα,
3128 856 3274 911 κατὰ
3299 858 3465 927 φύσιν
3482 861 3624 915 ἐστιν
3644 863 3850 938 ἀκίνητα·

2323 945 2557 998 κινεῖται
2589 944 2646 998 δὲ
2675 945 2781 1000 ὑπὸ
2811 947 2913 1018 τῆς
2939 948 3119 1020 ψυχῆς
3145 967 3161 983 ο
3189 952 3258 1005 τὰ
3285 951 3407 1024 μὲν.
3438 951 3655 1026 λογικῆς
3673 970 3690 987 ⁶
3717 959 3852 1024 τὰδὲ,

2322 1033 2516 1102 ἀλόγου
2539 1051 2552 1064 ’
2579 1035 2647 1090 τά
2673 1037 2754 1103 δὲ,
2783 1039 3135 1111 ἀναισθήτου.

2391 1127 2492 1197 λβ⁹.
2519 1128 2642 1184 Τῶν
2673 1130 2922 1202 ψυχικῶν
2947 1133 3239 1206 δυνάμεων
3271 1137 3304 1206 ἡ
3341 1136 3442 1207 μέν
3491 1139 3606 1193 ἐστι
3635 1139 3855 1214 θρεπτικὴ

2322 1220 2417 1273 καὶ
2448 1219 2716 1294 αὐξητικὴ
2746 1241 2759 1253 ·
2793 1226 2826 1295 ἡ
2859 1223 2917 1278 δὲ
2949 1227 3288 1300 φανταστικὴ
3320 1229 3417 1281 καὶ
3438 1229 3703 1304 ὁρμητική
3730 1239 3788 1306 ’ὴ
3811 1237 3853 1290 δὲ

2321 1310 2604 1385 λογιστικὴ
2643 1313 2738 1367 καὶ
2770 1318 3017 1388 νοητική.
3063 1319 3174 1371 Καὶ
3197 1318 3299 1388 τῆς
3330 1319 3434 1389 μὲν
3467 1321 3680 1393 πρώτης
3719 1325 3854 1398 μάνης

2323 1401 2611 1472 μετέχουσι
2653 1405 2723 1458 τὰ
2767 1407 2913 1472 φυτά
2940 1423 2954 1438 ·
3004 1409 3106 1479 τῆς
3147 1409 3204 1464 δὲ
3248 1411 3511 1484 δευτέρας
3551 1414 3681 1484 πρὸς
3719 1418 3855 1490 ταύτῃ

2319 1495 2388 1549 τὰ
2419 1496 2591 1567 ἄλογα
2622 1498 2737 1563 ζῶα
2771 1519 2786 1533 ’
2821 1502 2922 1573 τῆς
2943 1502 3002 1557 δὲ
3045 1504 3236 1577 τρίτης
3265 1507 3404 1578 πρὸς
3463 1511 3584 1573 ταῖς
3624 1510 3774 1578 δυσὶν,
3817 1520 3855 1569 οι

2319 1583 2620 1657 ἄνθρωποι.
2677 1591 2789 1644 Καὶ
2825 1594 2884 1646 αἱ
2943 1596 3042 1664 μὲν
3086 1594 3182 1649 δύο
3223 1596 3508 1668 δυνάμεις,
3555 1599 3855 1675 φθαρταίοή

2317 1674 2375 1728 δὲ
2407 1677 2589 1751 τρίτη.
2639 1681 2917 1754 ἄφθαρτος
2945 1689 3041 1742 καὶ
3067 1687 3334 1752 ἀθάνατος
3354 1690 3746 1750 ἀποδείκνυται.

685 1842 774 1896 55.
823 1842 1036 1898 Sancta:
1065 1845 1313 1902 Virtutes
1345 1855 1458 1901 tum
1507 1847 1630 1904 aliae
1662 1849 1818 1915 alias,
1851 1858 1966 1904 tum
2012 1850 2196 1906 huma-

2381 1835 2484 1906 λγθ.
2519 1839 2806 1914 Ἀλλήλαις
2857 1845 3237 1916 μεταδιδοῦσαι
3287 1851 3575 1918 φωτισμοῦ
3629 1853 3683 1905 αἱ
3731 1853 3857 1924 άγιαι

614 1949 744 1989 nam
790 1945 1041 1991 naturam
1076 1938 1474 2006 illuminantes,
1527 1951 1624 1996 aut
1671 1957 1770 1998 sua
1815 1942 2212 2013 impartiuntur

613 2026 840 2092 virtute,
863 2037 961 2082 aut
979 2045 1088 2098 qua
1118 2030 1329 2100 pollent
1357 2032 1605 2087 scientia.
1632 2035 1710 2088 Ac
1729 2033 1934 2090 virtute
1959 2035 2206 2105 quidem,

611 2117 766 2172 velut
801 2118 1002 2174 divina:
1031 2120 1196 2174 simili
1227 2120 1492 2188 bonitate,
1524 2139 1633 2193 qua
1679 2133 1794 2179 tum
1830 2126 2056 2197 seipsas,
2090 2135 2208 2182 tum

611 2206 735 2262 aliae
762 2208 917 2274 alias,
948 2225 1013 2264 ac
1049 2210 1340 2268 inferiores
1366 2213 1741 2282 demerentur,
1770 2217 2060 2274 efficiendo
2085 2219 2207 2275 dei-

608 2296 815 2355 formes
839 2317 856 2354 ε
885 2302 1117 2358 scientia
1143 2319 1294 2370 vero,
1319 2315 1418 2360 aut
1442 2307 1510 2361 de
1537 2308 1650 2363 Deo
1672 2310 1963 2365 sublimius
1997 2312 2206 2382 aliquid

609 2391 952 2464 detegendo;
981 2395 1056 2449 Tu
1078 2396 1246 2464 enim,
1276 2399 1476 2469 inquit,
1507 2399 1810 2457 Altissimus
1837 2405 1892 2458 in
1922 2412 2201 2474 wternum,

607 2481 834 2538 Domine
860 2485 942 2552 ⁸²;
974 2496 1072 2541 aut
1114 2488 1184 2543 de
1213 2491 1542 2560 corporibus
1581 2493 1943 2564 profundius,
1993 2505 2088 2551 aut
2135 2497 2204 2553 de

609 2573 950 2645 incorporeis
993 2580 1304 2652 animisque
1351 2585 1579 2652 certius,
1621 2595 1717 2641 aut
1748 2587 1818 2644 de
1855 2589 2204 2659 providentia

606 2663 832 2740 clarius,
864 2676 962 2723 aut
997 2669 1065 2725 de
1083 2672 1297 2743 judicio
1325 2677 1595 2745 apertius.

679 2757 770 2813 54.
810 2759 1008 2817 Mentis
1060 2762 1352 2834 impuritas
1397 2783 1461 2823 ea
1509 2778 1596 2824 est
1641 2771 1823 2842 primo
1863 2774 2007 2842 loco,
2053 2778 2203 2848 quod

603 2846 799 2904 falsam
831 2852 1202 2922 cognitionem
1251 2857 1492 2913 habeat:
1525 2867 1640 2915 tum
1684 2879 1837 2930 vero,
1881 2867 2029 2936 quod
2071 2846 2201 2924 uni-

602 2937 900 2992 versalium
941 2940 1152 3010 aliquid
1181 2945 1393 3000 nesciat
1437 2947 1606 3018 (quod
1637 2950 1849 3007 scilicet
1891 2954 1959 3009 ad
2003 2957 2200 3014 huma-

601 3043 730 3083 nam
773 3039 1014 3088 mentem
1050 3035 1268 3102 attinet,
1315 3039 1492 3110 angeli
1525 3041 1673 3096 enim
1717 3046 1960 3114 partium
1985 3059 2092 3113 est,
2135 3066 2201 3108 ac

600 3116 898 3186 facultatis,
937 3128 998 3175 ut
1049 3139 1119 3178 ne
1157 3124 1520 3197 Singularium
1572 3133 1797 3201 quidem
1833 3137 2044 3209 aliquid
2093 3157 2197 3197 ne-

599 3206 760 3277 sciat)
789 3226 802 3262 :
838 3210 1002 3266 tertio
1030 3221 1236 3280 autem,
1271 3217 1419 3286 quod
1445 3220 1582 3276 vitio
1611 3222 1886 3282 haerentes
1914 3206 1978 3284 ac
2005 3231 2194 3287 libidi-

599 3296 825 3355 dinosas
867 3301 1227 3373 cogitationes
1272 3306 1474 3364 habeat
1501 3328 1516 3365 :
1543 3324 1741 3383 quarto
1770 3317 2015 3390 demum,
2047 3325 2195 3394 quod

598 3399 825 3457 peccato
857 3398 1186 3448 consensum
1223 3399 1486 3466 praebeat.

670 3479 760 3534 35.
796 3481 1007 3539 Animae
1036 3485 1326 3556 impuritas
1355 3500 1459 3560 est,
1490 3510 1603 3552 non
1643 3497 1726 3554 sic
1753 3504 1992 3571 operari,
2025 3514 2088 3562 ut
2112 3507 2192 3565 illi

595 3583 665 3623 ex
695 3581 894 3628 natura
920 3589 1297 3647 comparatum
1324 3593 1428 3639 est.
1465 3586 1593 3643 Inde
1621 3591 1771 3646 enim
1807 3594 1865 3648 in
1893 3597 2079 3654 animo
2107 3604 2192 3673 gi-

595 3673 841 3730 gnuntur
883 3666 1195 3725 libidinosa:
1235 3676 1598 3745 cogitationes
1644 3699 1710 3739 ac
1749 3686 1981 3744 vitiosae.
2035 3666 2192 3750 Tunc

593 3753 743 3809 enim
779 3765 841 3809 ut
869 3767 1080 3815 natura:
1117 3775 1552 3826 consentaneum
1603 3785 1689 3831 est
1715 3789 1996 3850 operatur,
2026 3785 2188 3859 433

593 3860 719 3952 cum
740 3848 1004 3952 patibiles
1063 3855 1185 3925 ejus
1226 3857 1515 3920 facultates
1556 3866 1660 3938 (ira
1701 3871 1915 3929 scilicet
1941 3848 1998 3932 ct
2029 3848 2186 3952 cupi:

592 3936 756 4009 ditas)
789 3939 1014 3997 incursu
1052 3959 1260 4014 rerum,
1290 3948 1456 4021 inque
1486 3936 1596 4012 illis
1636 3961 1915 4018 rationum
1947 3977 2005 4022 et
2039 3936 2188 4042 cogi-

593 4028 883 4095 talionum,
913 4036 1221 4092 manserint
1239 4055 1269 4093 a
1291 4041 1522 4101 libidine
1544 4063 1609 4103 ac
1633 4053 2052 4120 perturbatione
2077 4028 2184 4118 im-

592 4133 811 4175 munes.

661 4208 751 4264 56.
800 4210 1060 4284 Corporis
1090 4219 1381 4292 impuritas
1409 4236 1514 4296 est,
1554 4242 1842 4302 peccatum
1875 4241 2026 4309 quod
2062 4243 2183 4315 ipso

586 4309 713 4356 actu
741 4312 906 4375 atque
933 4322 1101 4378 opere
1130 4322 1400 4382 patratur.

545 4456 566 4478 Ἰ
648 4395 746 4497 ‘57.
795 4397 1048 4464 Quietem
1081 4404 1262 4478 diligit
1305 4427 1369 4466 ac
1412 4416 1803 4492 solitudinem,
1845 4427 1942 4497 qui
1991 4432 2178 4487 seculi

2311 1929 2583 2000 Δυνάμεις
2612 1949 2628 1963 ο
2661 1934 2758 1988 καὶ
2783 1938 2851 2008 τῇ
2891 1929 3212 2011 ἀνθρωπίνῃ
3254 1943 3437 2010 φύσει,
3488 1943 3523 2014 ἦ
3563 1943 3661 2015 τῆς
3709 1946 3856 2000 αιήὦν

2309 2021 2510 2095 ἀρετῆς
2532 2027 2936 2096 μεταδιδόασιν,
2969 2031 3004 2102 ἢ
3043 2032 3148 2104 τῆς
3175 2033 3235 2087 ὲν
3260 2035 3458 2100 αὑταῖς
3485 2034 3744 2106 γνώσεως.
3769 2041 3856 2093 Καὶ

2310 2111 2515 2184 ἀρετῆς
2569 2118 2692 2188 μὲν,
2732 2113 2848 2174 οἷον
2895 2121 3233 2195 θεομιμήτου
3273 2125 3634 2199 ἀγαθότητος,
3673 2129 3780 2184 καθ’
3803 2132 3854 2202 ἠν

2307 2205 2406 2260 καὶ
2440 2207 2660 2276 ἑαυτὰς,
2714 2212 2810 2264 καὶ
2861 2211 3121 2286 ἀλλήλας,
3176 2217 3275 2271 καὶ
3330 2217 3436 2283 τὰς
3493 2221 3852 2291 ὓποὸεὸηκυίας

2306 2301 2679 2372 εὐεργετοῦσι,
2709 2304 2963 2371 θεοειδεῖς
2992 2308 3362 2380 ἐργαζόμεναι
3390 2327 3406 2342 ο
3440 2313 3689 2382 γνώσεως
3715 2315 3780 2382 δὲ,
3824 2318 3849 2388 ἦ

2306 2393 2434 2466 περὶ
2463 2394 2600 2448 Θεοῦ
2621 2413 2672 2450 τι
2702 2397 3035 2472 ὑψηλότερον
3061 2418 3077 2433 ·
3118 2403 3204 2458 Σὺ
3225 2407 3358 2478 γάρ,
3382 2409 3570 2477 φησιν,
3598 2409 3852 2478 "rd-lam

2304 2487 2394 2551 εις
2427 2486 2534 2540 τὸν
2565 2485 2774 2554 αἰῶνα,
2820 2491 2999 2560 Κύριε
3032 2505 3046 2520 ⁸
3085 2493 3119 2565 ἢ
3156 2495 3290 2567 περὶ
3324 2497 3617 2565 σωμάτων,
3659 2499 3849 2568 βαθύτε-

2307 2593 2400 2646 ρον
2428 2593 2442 2606 ·
2465 2576 2500 2648 ἢ
2536 2580 2668 2650 περὶ
2699 2580 3034 2653 ἀσωμάτων,
3063 2585 3464 2661 ἀκριϐέστερον
3491 2608 3506 2622 ο
3534 2592 3566 2660 ἦ
3598 2593 3719 2664 περὶ
3745 2611 3848 2664 προ-

2303 2669 2474 2733 νοίας,
2510 2671 2835 2744 τρανότερον
2866 2689 2878 2703 ·
2906 2673 2940 2746 ἢ
2967 2675 3096 2746 περι⁵
3125 2677 3391 2748 κρίσεως,
3431 2681 3763 2754 σαφέστερον.

2372 2773 2468 2828 λό’.
2498 2774 2636 2839 Νοός
2669 2777 2786 2831 ἐστι
2811 2779 3146 2852 ἀκαθαρσία,
3202 2784 3428 2854 πρῶτον
3461 2789 3577 2858 μὲν,
3606 2789 3662 2843 τὸ
3686 2791 3846 2858 γνῶσιν

2301 2861 2451 2933 ἔχειν
2475 2863 2650 2936 ψευδῆ
2675 2881 2690 2895 ⁸
2715 2866 2972 2941 δεύτερον
2994 2871 3073 2936 δὲ,
3109 2871 3172 2925 τὸ
3196 2876 3420 2942 ἀγνοεῖν
3443 2897 3497 2930 τι
3519 2880 3624 2931 τῶν
3638 2881 3843 2936 καθόλου·

2301 2953 2378 3018 ὡς
2417 2955 2555 3026 πρὸς
2598 2957 2943 3030 ἀνθρώπινον
2971 2961 3097 3016 νοῦν
3129 2963 3274 3034 λέγω
3296 2983 3311 2998 ·
3354 2969 3590 3038 ἀγγέλου
3634 2972 3730 3042 γάρ
3753 2977 3843 3027 ἐστι

2299 3046 2360 3100 τὸ
2415 3048 2582 3118 μηδὲν
2624 3050 2736 3104 τῶν
2789 3053 2884 3106 ἐπὶ
2930 3054 3131 3126 μέρους
3187 3060 3410 3127 ἀγνοεῖν
3435 3077 3450 3089 ·
3513 3064 3686 3132 τρίτον
3708 3065 3772 3131 δὲ,
3796 3066 3842 3120 τὸ

2298 3140 2570 3210 ἐμπαθεῖς
2627 3143 2772 3214 ἔχειν
2800 3145 3097 3220 λογισμούς
3121 3149 3259 3224 (2'5)°
3287 3151 3550 3225 τέταρτον
3575 3157 3650 3223 δὲ,
3675 3158 3728 3212 τὸ
3745 3175 3842 3228 συγ·

2299 3233 2688 3290 κατατίθεσθαι
2708 3240 2775 3310 τῇ
2797 3239 3068 3314 ἁμαρτίᾳ.

2371 3495 2470 3551 λε’.
2501 3497 2700 3570 Ψυχῆς
2733 3500 2884 3557 ἐστιν
2920 3504 3256 3578 ἀκαθαρσία,
3283 3509 3344 3563 τὸ
3369 3511 3449 3584 μὴ
3475 3514 3703 3584 ἐνεργεῖν
3728 3515 3837 3568 κατά

2294 3586 2458 3657 φύσιν
2481 3590 2615 3664 (24).
2651 3594 2747 3647 Ἐκ
2765 3594 2958 3650 τούτου
2989 3599 3097 3671 γὰρ
3123 3601 3405 3658 τίκτονται
3429 3605 3508 3678 τῷ
3529 3607 3604 3679 νῷ
3625 3611 3668 3660 οι
3692 3610 3834 3680 ἐμπα-

2293 3680 2406 3746 Θεῖς
2435 3682 2706 3757 λογισμοί.
2735 3689 2868 3743 Τότε
2901 3692 3011 3764 γὰρ
3043 3695 3206 3749 κατά⁵
3220 3697 3384 3767 φύσιν
3411 3701 3640 3772 ἐνεργεῖ,
3665 3702 3772 3756 ὅταν
3791 3703 3832 3753 αἱ

2291 3773 2596 3846 παθητικαὶ
2617 3779 2789 3851 αὐτῆς
2813 3784 3071 3855 δυνάμεις
3103 3805 3118 3820 ο
3151 3792 3180 3843 6
3205 3789 3378 3863 θυμδς
3410 3793 3554 3863 λέγω
3577 3796 3664 3849 καὶ
3689 3796 3828 3866 ήὲπι-

2291 3866 2490 3939 θυμία,
2527 3872 2586 3924 ὲν
2621 3875 2688 3944 τῇ
2709 3892 2818 3928 των
2865 3882 3212 3951 πραγμάτων
3264 3887 3360 3938 καὶ
3419 3887 3529 3943 τῶν
3583 3889 3638 3940 ἐν
3684 3889 3830 3949 αὐτοῖς

2287 3964 2578 4036 νοημάτων
2615 3968 2880 4040 προϐολῇ,
2917 3972 3150 4040 ἀπαθεῖς
3177 3977 3523 4049 διαμείνωσι.

2357 4242 2468 4308 λς’.
2517 4243 2779 4317 Σὼματός
2821 4249 2974 4304 ἐστιν
3019 4250 3348 4326 ἀκαθαρσία,
3383 4257 3421 4312 ἢ
3449 4257 3825 4327 κατ’ἐνέογξιαν

2284 4337 2548 4410 ἁμαρτία.

2353 4429 2450 4494 λς’.
2495 4431 2710 4504 Ἀγαπᾷ
2758 4434 2988 4507 ἡσυχίαν
3026 4438 3056 4492 6
3102 4438 3177 4511 μὴ
3219 4439 3452 4512 πάσχων
3496 4444 3626 4517 πρὸς
3660 4444 3718 4497 τὰ
3748 4442 3820 4496 τοῦ

585 4487 752 4544 rebus
776 4505 884 4545 non
921 4493 1198 4552 afﬁcitur:
1235 4516 1534 4578 omnesque
1571 4512 1823 4574 homines
1851 4487 2052 4593 diligit,
2077 4527 2174 4594 qui

585 4581 790 4608 νεα-11η...
828 4582 998 4608 ,ηιξ-ε.
1031 4587 1187 4608 L____-

2304 4487 2488 4592 ιόσμου
2521 4538 2536 4554 ο
2567 4487 2580 4500 ¹
2604 4487 2700 4579 καί
2749 4487 3196 4601 aufugit—redige;
3249 4487 3642 4608 ἀνθλρὼπουὲῒνό
3687 4536 3820 4608 μηδὲν

585 4581 791 4636 nullam
825 4582 1002 4656 diligit
1030 4587 1395 4649 humanarum
1426 4615 1609 4658 rerum
1639 4623 1653 4660 ι
1687 4608 1896 4682 Deique
1921 4581 1984 4670 εξ
2023 4581 2172 4671 δίζε-

585 4687 780 4699 ’.Α-...η
813 4676 978 4699 ..ΑΙΙ-ι
1017 4679 1210 4699 -.-:__-.-
1381 4688 1394 4698 ο
1442 4689 1454 4699 .
1620 4696 1652 4699 __

2386 4581 2398 4592 -
2760 4581 2810 4598 ⁷.
2912 4581 2925 4601 λ
2994 4581 3192 4597 η-’ν-ντῐ
3250 4581 3591 4608 *στιν-’σνντ·
3618 4581 3641 4592 ν
3687 4581 3815 4608 Γ·ἰ““’

2304 4613 2512 4681 ιγαπῶν
2550 4615 2892 4688 ἀνθρώπινον
2917 4637 2934 4654 ο
2970 4623 3067 4677 καὶ
3099 4624 3302 4693 γνῶσιν
3330 4627 3446 4699 ἔχει
3476 4630 3606 4683 Θεοῦ
3635 4628 3819 4682 καὶτῶν

583 4687 784 4727 norum
813 4676 983 4745 pollet
1015 4679 1267 4748 scientia,
1301 4688 1395 4756 qui
1441 4689 1496 4744 in
1541 4696 1694 4752 nullo
1725 4676 2047 4773 offenditur,
2083 4709 2171 4763 vel

581 4773 808 4870 propter
851 4767 1073 4838 delicta,
1114 4775 1202 4828 vel
1247 4788 1474 4850 propter
1523 4789 1881 4860 cogitationes
1929 4767 2054 4870 quae
2104 4819 2172 4859 ex

579 4871 897 4928 suspieione
926 4873 1252 4925 nascuntur.

787 4951 1040 5022 Magnum
1088 4958 1313 5028 quidem
1362 4971 1467 5030 est,
1516 4967 1668 5023 nulla
1722 4957 2168 5040 rebus'libidine

579 5036 755 5106 allici;
784 5052 839 5096 at
874 5045 1034 5118 longe
1062 5047 1168 5104 hoc
1199 5054 1396 5124 majus,
1431 5071 1620 5114 earum
1665 5065 1830 5122 etiam
1875 5073 2170 5142 cogitatio-

577 5129 762 5197 nibus,
790 5148 821 5187 a
852 5135 1084 5194 libidine
1119 5141 1418 5201 immunem
1449 5129 2020 5232 imperturbatumqtre
2055 5182 2168 5221 ma-

642 5318 734 5374 59.
765 5320 1016 5380 Charitas
1043 5337 1100 5382 et
1127 5330 1489 5399 continentia,
1523 5337 1768 5396 animum
1795 5345 2166 5417 imperturba-

573 5416 691 5463 tum
719 5426 849 5483 erga
881 5432 970 5471 res
1005 5434 1300 5490 rerumque
1331 5425 1691 5496 cogitationes
1719 5416 2059 5498 custodiunt.

638 5586 732 5643 40.
767 5588 898 5647 Pius
935 5595 1151 5654 animus
1183 5614 1248 5655 ac
1279 5601 1590 5674 religiosus,
1627 5624 1738 5667 non
1772 5613 2038 5678 adversus
2073 5640 2161 5682 res

641 5774 687 5807 ⁸¹
720 5773 862 5830 Psal.
895 5790 998 5844 χοι,
1030 5777 1080 5832 9.

2280 4704 2462 4773 θείων,
2506 4708 2536 4761 6
2573 4709 2651 4782 μὴ
2689 4713 3180 4788 σκανδαλιζόμενος
3213 4719 3293 4784 είς
3315 4739 3462 4788 τινα,
3498 4724 3602 4777 είτε
3630 4723 3708 4776 διά
3736 4738 3816 4774 πα-

2281 4797 2645 4870 ραπτώματα,
2673 4802 2782 4857 είτε
2813 4805 2903 4859 διὰ
2934 4806 3229 4880 λογισμοὺς
3259 4812 3319 4880 ἐξ
3347 4813 3620 4879 ὑπονοίας.

2346 4965 2450 5038 λη’.
2477 4969 2638 5039 Μέγα
2671 4971 2771 5043 μὲν
2790 4973 2852 5028 τὸ
2874 4975 2950 5047 μὴ
2979 4976 3210 5050 πάσχειν
3254 4981 3393 5054 πρὸς
3429 4984 3499 5039 τά
3538 4984 3811 5057 πράγματα’

2280 5057 2467 5128 μεῖζον
2501 5061 2559 5114 δὲ
2589 5061 2782 5118 τούτου
2807 5067 3011 5140 πολλῷ,
3046 5069 3107 5125 τὸ
3132 5072 3271 5144 πρὸς
3294 5076 3364 5128 τὰ
3390 5075 3592 5131 τούτων
3609 5077 3811 5146 νοήματα

2277 5148 2462 5222 ἀπαθῆ
2483 5150 2778 5224 διαμεῖναι.

2337 5348 2436 5406 λον.
2480 5351 2697 5426 Ἀγάπη
2721 5355 2816 5410 καὶ
2834 5357 3134 5430 ἐγκράτεια
3186 5363 3373 5437 ἀπαθῆ
3400 5366 3490 5419 τὸν
3515 5365 3630 5420 νοῦν
3657 5365 3810 5431 διατη-

2265 5441 2418 5512 ροῦσι
2440 5443 2576 5516 πρός
2599 5463 2659 5501 τε
2686 5448 2755 5502 τὰ
2773 5451 3096 5523 πράγματα,
3128 5456 3220 5509 καὶ
3246 5457 3384 5530 πρὸς
3409 5458 3476 5512 τά
3502 5457 3689 5512 τούτων
3710 5454 3806 5524 νοή-

2264 5552 2432 5605 ματα.

2333 5625 2408 5700 μό
2441 5628 2515 5684 οὗ
2553 5630 2689 5701 πρὸς
2714 5631 2782 5688 τὰ
2818 5634 3125 5708 πράγματα
3153 5639 3182 5693 ὁ
3215 5637 3338 5706 νοῦς
3364 5642 3584 5714 πολεμεῖ
3610 5639 3692 5695 τοῦ
3717 5638 3803 5694 Θεο-
