4048 6440
244 317 379 414 i029

1101 343 1436 407 CAPITUM
1469 342 1568 403 DE
1608 336 2040 402 CHARITATE
2075 337 2462 401 CENTURIA
2501 343 2618 405 III.

3367 352 3506 423 1030

240 461 454 531 φιλοῦς,
485 460 607 514 οὐδὲ
637 459 775 531 πρὸς
798 460 867 514 τὰ
890 458 1095 514 τούτων
1124 458 1373 528 νοήματα
1396 472 1411 487 ο
1443 454 1579 509 ἀλλά
1601 452 1737 525 πρὸς
1760 451 1813 505 τὲ

1927 460 2153 522 pugnat,
2188 461 2285 507 aut
2316 469 2500 510 rerum
2531 456 2894 528 cogitationes
2930 476 2944 514 :
2990 461 3086 517 sed
3117 462 3386 523 adversus
3416 471 3503 526 af-

238 552 388 623 πάθη
435 550 507 605 τὰ
552 553 667 614 τοῖς
704 548 938 622 νοήμασι
980 548 1402 618 συνεζευγμένα.
1427 542 1572 606 Οἷον,
1596 546 1657 598 οὺ
1688 543 1823 615 πρὸς

234 646 336 714 τὴν
368 645 603 712 γυναῖκα
663 643 912 713 πολεμεῖ,
968 641 1088 696 οὐδὲ
1148 640 1284 711 πρὸς
1339 639 1432 692 τὸν
1481 638 1821 708 λυπήσαντα,

234 735 360 788 οὐδὲ
390 736 527 805 πρὸς
552 735 653 798 τὰς
674 733 879 788 τούτων
900 732 1197 802 φαντασίας
1222 748 1236 763 ·
1269 729 1405 786 ἀλλὰ
1425 729 1560 800 πρὸς
1580 729 1649 783 τὰ
1674 728 1822 798 πάθη

233 824 305 877 τὰ
336 827 460 887 ταῖς
488 823 813 894 φαντασίαις
842 820 1265 892 συνεζευγμένα.

310 1009 424 1072 μα’.
482 1002 666 1064 ’Ἅπας
707 1002 736 1054 6
790 999 1025 1069 πόλεμος
1077 997 1172 1051 τοῦ
1224 994 1461 1067 μοναχοῦ
1508 993 1644 1065 πρὸς
1694 1009 1821 1056 τους

230 1094 499 1163 δαίμονας
524 1133 539 1157 ,
586 1094 676 1146 ἵνα
711 1092 781 1145 τά
809 1091 954 1161 πάθη
979 1090 1087 1143 τῶν
1123 1088 1409 1159 νοημάτων
1432 1086 1663 1159 χωρίσῃ.
1695 1084 1822 1138 Ἀλ-

229 1185 343 1248 λως
388 1185 497 1256 γὰρ
545 1182 773 1247 ἀπαθῶς
804 1182 873 1237 τὰ
903 1182 1206 1253 πράγματα
1238 1180 1457 1252 βλέπειν
1477 1179 1539 1232 οὐ
1575 1178 1817 1231 δύναται.

306 1358 422 1429 μβ⁶.
444 1359 606 1412 Ἀλλο
636 1359 754 1412 ἐστὶ
776 1361 1030 1430 πρᾶγμα,
1062 1356 1157 1412 καὶ
1185 1357 1313 1412 ἀλλο
1338 1356 1536 1428 νόημα,
1575 1356 1670 1411 καὶ
1692 1356 1819 1411 ἄλλο

228 1450 433 1515 πάθος.
497 1453 607 1505 Καὶ
653 1453 889 1522 πρᾶγμα
931 1450 1030 1521 μέν
1072 1452 1221 1503 ἐστιν
1249 1491 1264 1515 ,
1301 1447 1435 1515 οἷον,
1468 1450 1627 1519 ἀνὴρ,
1657 1449 1815 1518 γυνὴ,

227 1545 459 1615 χρυσὸς,
487 1544 581 1597 καὶ
612 1543 681 1597 τὰ
712 1544 857 1614 ἑξῆς.
890 1544 1088 1614 Νόημα
1125 1544 1182 1597 δὲ
1204 1585 1223 1610 ,
1272 1541 1406 1606 οἷον,
1449 1543 1636 1613 μνήμη
1687 1541 1816 1613 ψιλή

223 1650 376 1697 τινος
400 1633 510 1687 τῶν
531 1634 967 1704 προειρημένων.
992 1634 1169 1698 meo;
1184 1635 1261 1699 δὲ,
1284 1629 1416 1699 οἷον,
1435 1632 1587 1702 φιλία
1601 1632 1815 1701 ἄλογος,

223 1722 260 1792 ἢ
306 1726 471 1793 μῖσος
518 1724 739 1795 ἄκριτόν
781 1742 925 1789 τινος
948 1726 1055 1779 τῶν
1087 1725 1523 1797 προειρημένων.
1554 1723 1696 1797 Πρὸς
1724 1719 1816 1779 οὖν

222 1813 291 1866 τὸ
322 1813 501 1879 πάθος
528 1816 647 1870 ἐστὶ
670 1815 764 1870 τοῦ
796 1816 1033 1888 μοναχοῦ
1068 1819 1102 1889 ἡ
1138 1818 1309 1889 μάχη.
1410 1879 1417 1887 ,

301 2090 419 2163 μγ’.
472 2091 671 2162 Νόημά
695 2092 811 2145 ἐστι
840 2090 1106 2162 ἐμπαθὲς,
1130 2091 1389 2162 λογισμὸς
1420 2089 1672 2153 σύνθετος
1703 2089 1811 2143 ἀπὸ

222 2182 446 2247 πάθους
479 2182 576 2235 καὶ
607 2183 899 2253 νοήματος.
935 2181 1275 2254 Χωρίσωμεν
1299 2182 1361 2236 τὸ
1390 2180 1561 2244 πάθος
1583 2180 1693 2234 ἀπὸ
1717 2179 1809 2232 τοῦ

221 2278 527 2348 νοήματος,
553 2275 649 2329 καί⁹
694 2275 960 2345 ἀπομένει
1004 2276 1034 2327 6
1058 2273 1319 2344 λογισμὸς
1365 2272 1537 2342 ψιλός.
1567 2270 1811 2342 Χωρίζο-

222 2386 331 2439 μεν
361 2367 419 2421 δὲ
453 2367 522 2421 δι’
550 2366 771 2437 ἀγάπης
801 2364 1176 2436 πνευματικῆς
1209 2364 1302 2417 καὶ
1334 2362 1684 2434 ἐγκρατείας,
1715 2360 1811 2415 ὲάν

218 2460 499 2531 θέλωμεν.

294 2631 409 2703 μᾶ.
467 2632 534 2684 Δί
589 2629 687 2701 μὲν
741 2627 951 2699 ἀρεταὶ,
994 2626 1105 2680 τῶν
1139 2626 1327 2680 παθῶν
1362 2625 1452 2678 τὸν
1489 2624 1614 2679 νοῦν
1648 2625 1813 2696 χωρί-

217 2724 414 2787 ζουσιν
444 2738 460 2753 ο
495 2723 549 2774 al
585 2719 642 2773 δὲ
676 2718 1048 2788 πνευματικαὶ
1075 2716 1315 2788 θεωρίαι,
1346 2715 1455 2770 τῶν
1484 2716 1655 2786 ψιλῶν
1684 2734 1813 2788 νοη-

219 2814 419 2884 μάτων
450 2828 465 2843 ·
497 2814 531 2883 ἠ
571 2811 629 2865 δὲ
675 2810 891 2882 καθαρά
941 2808 1217 2881 προσευχὴ
1270 2808 1417 2879 αὐτῷ
1461 2807 1622 2862 αὑτὸν
1669 2825 1813 2879 παρ-

217 2902 447 2970 ίστησιν
478 2899 557 2970 τῷ
584 2899 723 2969 Θεῷ.

296 3000 410 3064 με’.
440 2992 505 3047 Ai
530 2992 627 3063 μὲν
649 2990 865 3064 ἀρεταὶ,
890 2991 977 3044 διὰ
996 2990 1094 3063 τὴν
1124 2990 1325 3059 γνῶσιν
1352 2990 1462 3043 τῶν
1490 2989 1811 3059 γεγονότων·

1922 541 2099 597 fectus
2123 558 2189 599 ac
2226 544 2505 610 libidines,
2538 564 2659 618 quae
2689 550 2798 605 illis
2827 553 3131 623 conjuncta:
3166 566 3313 613 sunt.
3342 560 3500 630 Puta,

1922 650 2033 689 non
2061 652 2185 690 cum
2219 638 2447 693 muliere
2478 648 2704 712 pugnat,
2736 642 2821 696 vel
2854 658 2976 699 cum
3010 661 3077 700 eo
3101 647 3196 717 qui
3235 649 3369 705 fecit
3414 653 3501 708 in-

1914 722 2139 792 juriam,
2170 740 2273 779 nec
2312 742 2439 781 cum
2471 743 2662 782 eorum
2698 731 3115 791 obversantibus
3142 739 3327 793 animo
3352 743 3503 814 cogi-

1923 813 2147 877 tatibus,
2194 815 2291 871 sed
2336 832 2461 872 cum
2508 819 2819 889 all‘ectibus,
2865 840 3005 895 quos
3050 826 3127 881 illi
3174 813 3504 902 conjunctos

1922 903 2128 960 habent

1990 996 2079 1051 «il.
2115 997 2248 1053 Belli
2294 1007 2405 1054 tota
2437 1000 2520 1056 vis
2561 1002 2830 1060 adversus
2878 1007 3154 1065 daemones
3199 1010 3256 1067 in
3290 1028 3359 1068 eo
3399 1015 3501 1069 sita

1920 1097 2004 1143 est
2033 1091 2322 1156 monacho,
2353 1102 2414 1146 ut
2453 1094 2683 1149 aﬂ‘ectus
2708 1112 2770 1151 ac
2798 1098 3058 1154 libidines
3089 1117 3119 1155 a
3144 1106 3344 1159 mentis
3372 1120 3505 1160 con-

1921 1180 2174 1249 ceptibus
2198 1192 2433 1252 separet.
2460 1183 2607 1238 Alias
2638 1185 2784 1238 enim
2818 1203 2907 1242 res
2940 1190 3144 1260 absque
3180 1193 3410 1265 libidine
3436 1210 3504 1253 ac

1920 1268 2335 1338 perturbatione
2370 1271 2559 1328 videre
2593 1290 2701 1328 non
2740 1285 2942 1344 potest.

1989 1359 2078 1413 42.
2121 1360 2283 1414 Aliud
2331 1371 2415 1415 est
2462 1379 2572 1427 res,
2604 1365 2754 1419 aliud
2802 1367 2969 1421 animi
3004 1380 3322 1442 conceptus,
3350 1374 3501 1431 aliud

1918 1450 2149 1507 aﬂ‘ectus
2188 1468 2284 1507 seu
2328 1455 2519 1510 libido.
2549 1456 2627 1511 Ac
2655 1458 2878 1528 quidem
2919 1475 3007 1514 res
3048 1472 3151 1527 est,
3181 1466 3351 1521 veluti
3390 1468 3498 1535 vir,

1918 1543 2141 1607 femina,
2180 1560 2399 1610 aurum,
2424 1563 2487 1602 ac
2518 1549 2748 1619 reliqua.
2782 1550 2966 1605 Animi
2996 1563 3314 1623 conceptus,
3345 1566 3498 1629 pula,

1917 1635 2223 1705 cujuspiam
2261 1652 2450 1692 eorum
2479 1655 2600 1708 quae
2637 1641 2781 1696 dicta
2808 1650 2955 1707 sunt,
2988 1645 3134 1699 nuda
3157 1647 3501 1720 simplexque

1916 1726 2203 1781 memoria.
2254 1728 2499 1785 Affectus
2546 1740 2731 1786 autem
2776 1750 2875 1789 seu
2923 1736 3118 1804 libido,
3152 1740 3306 1794 velut
3346 1757 3502 1799 amor

1915 1816 2131 1872 alienus
2157 1832 2188 1872 a
2223 1818 2454 1885 ratione,
2482 1822 2569 1876 vel
2598 1822 2787 1876 odium
2809 1824 3021 1895 judicio
3045 1828 3278 1884 rationis
3305 1845 3501 1887 carens

1911 1906 2143 1978 alicujus
2190 1908 2484 1965 dictorum.
2535 1912 2800 1969 Monacho
2850 1915 3021 1987 igitur
3052 1917 3317 1974 adversus
3360 1920 3499 1977 aﬂ'e-

1911 2008 2059 2053 ctum
2087 2015 2149 2055 ac
2176 2000 2461 2055 libidinem
2491 2002 2759 2061 incumbit
2787 2009 3161 2078 pugnandum.

1978 2090 2069 2143 45.
2108 2080 2312 2144 Vitiosa
2359 2090 2765 2163 libidinosaque
2800 2098 3001 2153 mentis
3046 2102 3357 2172 conceptio,
3401 2118 3498 2160 co-

1911 2177 2102 2247 gitatio
2124 2188 2209 2234 est
2241 2182 2542 2250 composita
2569 2198 2635 2238 ex
2660 2185 2888 2242 libidine
2932 2203 3030 2243 seu
3073 2190 3295 2258 aﬂ‘ectu,
3337 2209 3497 2250 men-

1914 2269 2092 2339 tisque
2119 2271 2208 2325 illa
2234 2273 2613 2343 conceptione.
2647 2275 2977 2347 Separemus
3009 2296 3139 2352 ergo
3167 2282 3237 2337 ab
3275 2300 3338 2339 ea
3366 2285 3497 2341 libi-

1912 2360 2096 2415 dinem
2126 2377 2223 2418 seu
2249 2363 2527 2431 all‘cctum,
2556 2367 2772 2437 eritque
2807 2370 2956 2424 nuda
2991 2386 3056 2426 ac
3088 2372 3320 2443 simplex
3345 2377 3462 2446 cogi
3489 2409 3503 2421 -

1912 2451 2067 2507 talio.
2118 2451 2507 2523 Separabimus
2548 2468 2767 2524 autem,
2814 2460 2945 2515 dum
2985 2463 3362 2531 voluerimus,
3396 2482 3497 2537 per

1912 2540 2264 2599 dilectionem
2289 2546 2591 2615 spiritalem
2617 2557 2672 2603 et
2695 2551 3113 2607 continentiam.

1982 2632 2072 2685 M.
2105 2634 2371 2699 Virtutes,
2402 2636 2472 2690 ab
2517 2637 2809 2695 affectibus
2854 2650 3017 2711 atque
3062 2645 3213 2701 vitiis
3255 2656 3495 2703 mentem

1913 2735 2171 2793 separant
2199 2743 2212 2779 :
2236 2728 2514 2796 spiritales
2535 2738 2718 2785 autem
2739 2735 3250 2804 contemplationes,
3277 2754 3307 2792 a
3333 2740 3496 2797 nudis

1915 2813 2049 2882 ipsis
2092 2819 2447 2887 conceptibus
2485 2836 2549 2876 ac
2586 2822 3053 2892 cogitationibus:
3081 2842 3219 2897 pura
3257 2829 3499 2904 denique

1915 2905 2113 2970 oratio,
2144 2907 2247 2976 ipsi
2278 2910 2387 2963 Deo
2417 2926 2536 2965 eam
2564 2912 2807 2969 adhibet.

1987 2991 2152 3068 4'35.
2206 2999 2294 3052 45.
2331 3000 2609 3065 Virtutes,
2668 3011 2898 3072 propter
2948 3021 3133 3060 rerum
3185 3017 3493 3065 creatarum

214 3087 253 3156 ἡ
308 3085 375 3139 δὲ
419 3084 644 3154 γνῶσις,
688 3083 777 3137 διὰ
815 3083 907 3136 τὸν
949 3081 1288 3151 γινώσκοντα
1316 3098 1329 3112 ⁸
1364 3084 1391 3135 6
1423 3082 1478 3134 δὲ
1501 3080 1806 3149 γινώσκων,

1918 3086 2200 3141 scientiam
2242 3097 2395 3153 sunt;
2448 3090 2699 3154 scientia,
2740 3102 2967 3163 propter
2995 3111 3120 3150 eum
3154 3098 3249 3167 qui
3289 3100 3393 3154 scit
3433 3117 3496 3156 ac

206 3167 317 3232 aa
347 3176 446 3230 τὸν
483 3175 778 3245 ἀγνώστως
812 3175 1237 3246 γινωσκόμενον,
1286 3175 1379 3229 καὶ
1424 3174 1565 3244 ὑπὲρ
1612 3173 1811 3243 γνῶσιν

1918 3179 2198 3249 cognoscit
2239 3196 2252 3232 :
2295 3195 2632 3250 cognoscens
2676 3193 2860 3239 autem
2906 3201 2970 3240 ac
3014 3187 3226 3253 sciens,
3272 3201 3498 3261 propter

214 3269 590 3340 γινώσκοντα.

300 3537 428 3603 μς.
486 3531 598 3601 Οὐχ
651 3529 729 3593 ὡς
766 3526 1164 3601 προσδεόμενός
1196 3542 1339 3587 τινος
1380 3525 1408 3577 6
1455 3523 1813 3595 ὑπερπλήρης

216 3623 385 3686 Θεὸς,
421 3623 746 3693 παρήγαγεν
785 3621 864 3682 είς
894 3617 955 3671 τὸ
989 3614 1220 3674 εἶναιτὰ
1244 3617 1507 3686 γεγονότα
1541 3632 1553 3646 ο
1588 3615 1814 3669 ἀλλ’ἵνα

216 3715 375 3770 αὖτά
413 3714 512 3784 μὲν
547 3712 711 3768 αὑτοῦ
736 3712 1015 3779 ἀναλόγως
1059 3710 1356 3781 μετέχοντα
1387 3708 1659 3780 ἀπολαύῃ,
1698 3706 1811 3780 [Fr.

217 3804 549 3875 ἀπολαύσῃ]
599 3802 761 3867 αὐτὸς
791 3802 851 3856 δὲ
878 3801 1157 3873 εὐφρανθῇ
1189 3802 1283 3852 ἐπὶ
1305 3801 1417 3862 τοῖς
1440 3798 1622 3870 ἔργοις
1643 3795 1810 3850 αὑτοῦ

214 3900 375 3972 ὁρῶν
415 3898 555 3953 αὐτὰ
590 3896 1012 3967 εὐφραινόμενα,
1046 3895 1140 3948 καὶ
1180 3894 1270 3948 τὸν
1298 3893 1591 3965 ἀκόρεστον
1620 3889 1816 3961 ἀκορέ-

218 4008 378 4054 στως
411 3986 485 4061 (ο)
520 3989 609 4044 ἀεὶ
646 3986 1036 4059 κορεννύμενα.

301 4084 416 4153 με.
446 4080 678 4143 Πολλοὺς
710 4079 821 4149 ἔχει
848 4079 876 4131 ό
910 4078 1113 4149 κόσμος
1139 4079 1385 4147 πτωχοὺς
1413 4078 1489 4149 τῷ
1521 4084 1812 4149 πνεύματι,

218 4176 373 4231 ἀλλὰ
430 4173 581 4245 παρά
612 4172 674 4225 τὸ
710 4172 1008 4242 προσῆκον.
1049 4170 1157 4223 Καὶ
1191 4171 1421 4235 πολλοὺς
1457 4172 1811 4241 πενθοῦντας,

218 4265 374 4321 ἀλλὰ
420 4265 508 4318 διὰ
561 4264 765 4335 ζημίας
812 4262 1134 4333 χρημάτων,
1176 4260 1210 4332 ἢ
1262 4263 1535 4327 ἀποϐολάς
1583 4264 1809 4319 τέκνων.

220 4357 348 4412 Καὶ
374 4355 603 4418 πολλοὺς
637 4356 854 4423 πραεῖς,
883 4352 1019 4406 ἀλλά
1056 4352 1194 4421 πρὸς
1222 4352 1290 4406 τὰ
1319 4353 1610 4425 ἀκάθαρτα
1635 4355 1805 4428 πάθη.

1914 3286 2038 3324 eum
2065 3270 2158 3340 qui
2182 3270 2363 3341 ignota
2390 3273 2600 3329 ratione
2620 3275 2794 3329 scitur
2814 3291 2880 3331 ac
2897 3281 3267 3348 cognoscitur,
3287 3282 3496 3351 scitque

1914 3375 1979 3416 ac
2010 3362 2288 3432 cognoscit
2320 3379 2483 3434 supra
2509 3380 2727 3421 omnem
2771 3368 3017 3424 scientiae
3059 3385 3123 3425 ac
3168 3374 3501 3442 cognitionis

1915 3453 2165 3506 modum.

1985 3543 2074 3598 46.
2108 3544 2227 3598 Non
2257 3544 2411 3600 velut
2457 3545 2640 3616 aliquo
2680 3547 2952 3619 indigens,
2982 3550 3077 3620 qui
3122 3568 3289 3622 supra
3334 3570 3498 3625 quam

1912 3633 2110 3703 plenus
2143 3645 2246 3702 est,
2286 3636 2447 3701 Deus,
2482 3653 2576 3692 res
2622 3639 2882 3708 produxit
2928 3650 2989 3697 ut
3033 3654 3251 3712 essent;
3299 3646 3394 3701 sed
3440 3656 3501 3701 ut

1913 3724 2045 3794 ipsa:
2078 3741 2180 3795 pro
2224 3743 2321 3781 sua
2366 3743 2597 3797 quaeque
2643 3730 2878 3795 ratione,
2911 3732 3315 3803 participando,
3353 3735 3503 3791 illius

1912 3814 2231 3870 fruerentur
2263 3816 2537 3884 bonitate;
2571 3819 2957 3891 laetareturque
2997 3822 3114 3892 ipse
3151 3823 3207 3877 in
3237 3826 3503 3893 operibus

1913 3906 2029 3961 suis
2078 3906 2272 3961 videns
2312 3921 2377 3961 ea
2420 3906 2615 3974 laetari,
2665 3919 2722 3965 et
2770 3908 3068 3965 insatiabili
3113 3912 3502 3968 insatiabiliter

1914 4014 2133 4068 semper
2173 3998 2381 4053 satiari.

1984 4091 2073 4143 47.
2118 4090 2315 4144 Multos
2361 4090 2600 4145 mundus
2642 4106 2912 4162 pauperes
2941 4093 3139 4163 spiritu
3170 4094 3356 4160 habet,
3404 4095 3535 4169 sed;
3628 4128 3629 4135 η

1914 4188 2106 4233 contra
2142 4194 2303 4249 quam
2329 4180 2504 4235 decet.
2534 4181 2731 4237 Multos
2759 4198 2978 4252 quoque
3005 4184 3276 4254 lugentes,
3303 4184 3397 4239 sed
3429 4184 3501 4239 ob

1914 4272 2275 4341 pecuniarum
2315 4273 2608 4341 iacturam,
2651 4273 2737 4328 vel
2772 4273 3126 4328 amissionem
3173 4275 3497 4330 liberorum.

1915 4362 2113 4416 Multos
2140 4362 2269 4416 item
2300 4363 2480 4427 mites,
2505 4362 2601 4416 sed
2635 4362 2900 4419 adversus
2930 4364 3242 4420 immundos
3267 4364 3501 4422 allectus

220 4450 346 4504 Kal.
372 4447 600 4510 πολλοὺς
631 4445 930 4506 πεινῶντας
958 4443 1055 4498 καὶ
1094 4443 1382 4514 διψῶντας,
1421 4446 1555 4504 ἀλλά
1598 4446 1658 4500 τὸ
1711 4450 1809 4521 ἀρ-

1918 4467 1983 4506 ac
2027 4450 2303 4505 libidines.
2333 4450 2511 4505 Etiam
2540 4452 2743 4507 multos
2784 4453 3095 4509 esurientes
3138 4462 3195 4510 et
3224 4454 3496 4523 sitientes,

221 4538 432 4602 στάζειν
453 4536 522 4590 τὰ
551 4534 825 4605 ἀλλότρια,
856 4532 951 4588 καὶ
984 4532 1289 4603 κερδαίν;ιν
1315 4534 1373 4598 ἐξ
1424 4536 1656 4599 ἀδικίας.
1701 4538 1811 4591 Καὶ

224 4630 469 4693 πολλοὺς
518 4628 839 4698 ἐλεήμονας,
891 4624 1027 4678 ἀλλὰ
1064 4625 1200 4695 πρὸς
1226 4626 1286 4678 τὸ
1316 4626 1474 4696 σῶμα
1498 4629 1588 4682 καὶ
1620 4632 1686 4682 τὰ
1712 4630 1805 4683 τοῦ

224 4723 507 4793 σώματος.
541 4719 649 4773 Καὶ
684 4717 960 4789 καθαροὺς
1001 4719 1068 4788 τῇ
1113 4716 1325 4787 καρδίᾳ,
1361 4717 1498 4772 ἀλλά
1534 4718 1622 4773 διὰ
1650 4736 1808 4773 κενο-

221 4813 435 4878 δοξίαν.
472 4812 585 4867 Καὶ
611 4810 1011 4883 εἰρηνοποιοὺς,
1044 4808 1182 4861 ἀλλὰ
1214 4810 1311 4876 τὴν
1340 4808 1518 4891 ψυχὴν
1543 4812 1609 4881 τῇ
1640 4813 1807 4884 σαρκὶ

224 4904 664 4966 ὑποτάσσοντας.
695 4901 806 4955 Καὶ
832 4900 1063 4962 πολλοὺς
1110 4898 1523 4970 δεδιωγμένους,
1567 4902 1683 4956 ἀλλ’
1733 4904 1809 4968 ὼς

221 4994 524 5058 ἀτάκτους.
558 4995 669 5049 Καὶ
704 4993 932 5055 πολλοὺς
966 4990 1411 5061 ὀνειδιζομένους,
1443 4993 1558 5047 ἀλλ’
1602 4997 1691 5049 ἐπ’
1728 5000 1813 5051 αἰ-

222 5089 422 5161 σχροῖς
448 5085 833 5159 ἁμαρτήμασι·
865 5085 980 5139 ἀλλ’
1004 5085 1204 5137 ἐκεῖνοι
1224 5084 1373 5154 μόνοι
1394 5087 1654 5161 μακάριοι
1672 5088 1811 5163 (25),

300 5244 516 5321 (o)_Kal
536 5244 644 5298 τὸν
664 5244 1000 5321 ἀκόρεστον
1021 5243 1383 5321 ἀκορέᾳτῳς.
1404 5242 1495 5321 Sic
1516 5246 1816 5321 emendare

222 5313 427 5377 docuit
448 5330 595 5370 unus
625 5314 749 5369 cod.
772 5315 910 5383 Reg.
960 5328 1024 5367 ac
1054 5315 1149 5382 qui
1178 5313 1314 5367 mihi
1349 5315 1648 5369 multorum
1697 5317 1819 5373 vice

222 5402 338 5455 est,
360 5386 519 5444 Dufr.
556 5384 808 5455 codrpro
841 5384 947 5437 τῶν
997 5384 1330 5455 ἀκορέστων,
1357 5384 1503 5455 quod
1534 5395 1655 5440 erat
1701 5388 1820 5442 edi-

228 5452 333 5518 tis.
358 5458 494 5513 Male
517 5471 650 5510 vero
676 5452 881 5524 Obsop.
913 5463 968 5507 et
989 5452 1358 5524 Gesn.'active
1376 5452 1653 5520 reddunt,
1678 5458 1819 5512 alter

225 5532 401 5588 etiam
435 5524 774 5597 solaacismo,
814 5523 1447 5597 feruntinsatiabilium,
1477 5525 1617 5580 alter
1652 5530 1817 5597 paulo

230 5598 509 5661 Latinius,
543 5596 695 5650 rebus
719 5593 1107 5665 insatiabilibus
1151 5611 1171 5650 :
1206 5610 1316 5650 non
1360 5595 1508 5665 enim
1538 5593 1692 5665 quasi
1747 5598 1816 5654 de

232 5673 405 5727 rebus
424 5666 757 5723 satiantibus
780 5680 844 5720 ea
876 5680 982 5718 vox
1027 5664 1252 5737 dicitur,
1296 5664 1391 5720 sed
1434 5665 1503 5720 de
1541 5664 1812 5737 personis,

233 5757 359 5813 quae
392 5737 583 5796 satiari
610 5751 721 5792 non
752 5742 1004 5806 possunt.
1046 5735 1282 5792 Phavor.
1317 5735 1636 5808 Ἀκόρεστος
1656 5737 1813 5807 λέγε-

1918 4558 2112 4600 verum
2144 4554 2204 4597 ut
2239 4542 2418 4598 aliena
2453 4544 2688 4613 rapiant,
2719 4560 2783 4600 ac
2811 4546 3010 4616 injusta
3050 4547 3199 4602 lucra
3230 4559 3497 4618 quaarant.

1919 4636 2026 4693 Sed
2060 4645 2117 4693 et
2160 4636 2363 4691 multos
2404 4636 2811 4703 misericordes,
2840 4654 3029 4692 verum
3062 4655 3189 4710 erga
3217 4656 3417 4710 corpus
3446 4648 3503 4695 et

1917 4746 1980 4786 ea
2010 4745 2131 4801 qua:
2176 4729 2243 4784 ad
2286 4744 2488 4800 corpus
2520 4739 2784 4800 spectant.
2821 4730 3019 4785 Multos
3064 4731 3268 4786 mundo
3311 4733 3498 4798 corde,

1915 4837 2111 4877 verum
2156 4821 2337 4876 inanis
2379 4821 2565 4892 gloriae
2598 4837 2780 4876 causa.
2830 4821 3027 4878 Multos
3069 4824 3358 4893 paciﬁcos,
3401 4823 3499 4880 sed

1916 4913 2011 4985 qui
2038 4913 2478 4984 carnianimum
2522 4913 2837 4984 subjiciant.
2884 4914 3082 4970 Multos
3116 4916 3209 4986 qui
3238 4931 3498 4985 persecu-

1916 5005 2123 5061 tionem
2152 5006 2449 5075 patiantur,
2483 5005 2579 5060 sed
2617 5014 2873 5076 tanquam
2904 5006 3240 5078 immorigeri
3266 5015 3324 5062 et
3346 5007 3497 5061 inor-

1917 5093 2111 5149 dinati.
2156 5095 2356 5150 Multos
2394 5095 2487 5166 qui
2527 5097 2730 5166 probra
2777 5097 3086 5153 sustineant
3130 5114 3195 5151 ac
3233 5096 3495 5163 convitia,

1915 5268 2008 5325 ται
2035 5252 2065 5305 6
2101 5251 2186 5325 pij
2204 5250 2366 5325 κόρον
2388 5250 2681 5325 λαμϐάνων
2699 5252 2841 5315 τινός
2858 5270 2873 5325 ἑ
2892 5248 3023 5312 οἷον,
3045 5253 3345 5325 ἀκόρεστος
3370 5270 3503 5325 χρη-

1921 5321 2130 5396 μάτων,
2156 5321 2498 5396 ἀκόρεστοςΔ
2523 5321 2882 5396 ᾐδονῆςηκαι
2934 5321 3260 5396 ἀκόρεστος,
3286 5324 3333 5396 A6
3371 5321 3503 5396 περὶ

1915 5393 2124 5463 τροφὴν
2149 5391 2444 5463 ἄπληστος.
2472 5391 2563 5463 Ait
2586 5391 2715 5463 ergo
2748 5391 3052 5456 Maximus,
3070 5394 3262 5448 satiari
3278 5391 3505 5448 insatia-

1916 5460 2093 5545 biliter
2155 5461 2567 5545 insatiabiliaid
2623 5460 2730 5545 est,
2763 5463 2884 5545 ipso
2914 5465 3061 5520 Deo:
3096 5464 3158 5545 in
3176 5478 3341 5545 quem
3370 5479 3499 5517 vere

1914 5532 2067 5585 nulla
2107 5533 2333 5586 satietas
2358 5533 2507 5587 cadit
2556 5534 2641 5588 sui
2677 5532 2962 5599 fruitione,
3028 5534 3111 5590 uti
3152 5532 3254 5587 nec
3316 5533 3371 5587 in
3402 5549 3501 5589 eos

1914 5601 2009 5670 qui
2058 5603 2178 5672 ejus
2226 5602 2451 5684 fruendi
2466 5680 2474 5684 Α
2504 5604 2807 5684 participes
2847 5614 3023 5684 sunt,
3068 5603 3205 5684 quin
3241 5618 3497 5684 semper,

1913 5686 1979 5725 ac
2015 5681 2219 5740 quanta
2259 5672 2545 5729 aeternitas
2590 5672 2897 5737 est,’beato
2944 5675 3051 5729 ﬁne
3087 5672 3200 5728 illo
3249 5672 3376 5728 frui'
3402 5688 3499 5731 ve-

1911 5741 2034 5795 lint.
