4048 6428
617 347 750 413 1031

1769 347 1832 409 S.
1873 340 2162 405 MAXIMI
2202 337 2711 401 CONFESSORIS

3711 333 3823 400 um

613 459 712 514 sed
751 458 823 514 ob
865 458 1068 530 turpia,
1103 474 1225 530 quae
1271 463 1508 528 patrant.
1540 456 1741 512 Verum
1780 456 1816 510 ii
1854 453 2200 512 solummodo

2306 453 2352 504 οί
2391 450 2480 505 διὰ
2507 449 2745 522 Χριστὸν
2775 446 2870 502 καὶ
2892 445 3034 503 κατά
3057 445 3294 518 Χριστὸν
3319 443 3488 499 ταῦτα
3524 445 3612 497 καὶ
3638 447 3823 500 ποιοῦν.

615 551 786 618 beati,
821 551 916 622 qui
959 558 1183 622 propter
1221 548 1501 604 Christum
1533 563 1598 602 ac
1637 546 1949 602 Christiana
1990 543 2196 614 pietate

617 643 735 700 haec
778 652 834 699 et
873 643 1082 699 iaciunt
1125 649 1184 696 et
1215 639 1518 710 patiuntur.
1551 637 1822 704 Quorsum
1853 637 2022 691 vero?
2057 634 2198 700 Quo.

617 737 767 790 uiam
807 737 1043 807 ipsorum
1093 742 1169 787 est
1203 748 1421 804 regnum
1466 729 1737 795 cartorum,
1785 738 1861 791 et,
1914 725 2050 793 Quia
2096 727 2199 797 ipsi

618 827 786 883 Deum
815 827 1060 882 videbunt
1089 822 1159 890 ⁸³,
1191 832 1297 879 etc.
1324 823 1532 893 Itaque,
1558 837 1668 876 non
1695 821 1822 890 quia
1847 821 1962 874 haec
1993 818 2201 872 faciunt

620 932 686 972 ac
717 917 1020 986 patiuntur,
1063 921 1190 969 sunt
1221 911 1366 967 beati
1404 914 1550 984 (cum
1579 919 1635 966 et
1669 911 1707 964 ii
1747 925 1887 980 quos
1921 908 2196 972 dicebam,

622 1007 861 1077 idipsum
906 1003 1164 1074 iaciant),
1201 1001 1297 1058 sed
1346 1001 1491 1072 quod
1537 1008 1761 1071 propter
1803 998 2083 1054 Christum
2137 1011 2202 1050 ac

621 1095 931 1152 Christiana
958 1094 1182 1164 pietate,
1212 1093 1330 1148 haec
1352 1102 1408 1147 et
1435 1091 1642 1146 faciunt
1666 1098 1722 1144 et
1747 1088 2054 1159 patiuntur.

693 1187 786 1241 48.
831 1186 892 1240 In
920 1184 1178 1240 omnibus
1219 1199 1340 1252 quae
1368 1198 1398 1236 a
1432 1183 1592 1236 nobis
1633 1189 1889 1251 aguntur,
1923 1179 2048 1234 [luis
2086 1180 2203 1234 Deo

624 1275 970 1346 exquiritur,
1027 1281 1090 1328 ut
1135 1276 1333 1342 sapius
1387 1272 1597 1327 dictum
1643 1281 1758 1336 est;
1807 1271 1923 1326 sive
1976 1281 2204 1340 propter

623 1367 827 1438 ipsum,
859 1365 974 1420 sive
1011 1363 1235 1419 alterius
1267 1364 1588 1436 cujusquam
1623 1362 1797 1433 gratia
1839 1375 2083 1431 agamus.
2123 1359 2206 1415 Ne

625 1458 795 1529 igitur
820 1472 947 1512 cum
991 1456 1122 1512 boni
1156 1455 1366 1524 aliquid
1396 1472 1557 1526 agere
1595 1457 1650 1510 in
1695 1455 1940 1510 animum
1971 1452 2206 1507 induxe-

626 1549 821 1618 rimus,
852 1549 1150 1604 humanum
1190 1547 1432 1603 favorem
1459 1562 1523 1602 ac
1555 1563 1745 1601 auram
1770 1555 2074 1616 captemus,
2110 1543 2214 1600 sed

625 1641 800 1696 Deum
839 1640 1001 1696 nobis
1039 1641 1202 1694 linem
1231 1655 1633 1709 proponamus;
1667 1648 1726 1694 ut
1753 1639 1808 1693 in
1840 1654 1964 1693 eum
1993 1651 2212 1708 semper

628 1731 976 1801 a5picientes,
1016 1739 1246 1801 propter
1292 1730 1473 1799 ipsum
1521 1731 1706 1784 omnia
1753 1743 2000 1799 agamus,
2047 1742 2118 1781 ne
2154 1735 2211 1782 et

627 1822 874 1877 laborem
898 1822 1287 1885 sustineamus,
1315 1829 1371 1876 et
1392 1820 1702 1876 mercedem
1729 1819 2064 1876 amittamus.

700 1914 789 1970 49.
816 1913 1002 1968 Nudas
1031 1913 1177 1983 ipsas
1210 1913 1572 1968 humanarum
1618 1927 1803 1967 rerum
1850 1926 1915 1966 ac
1955 1911 2207 1982 negotio-

631 2020 753 2059 rum
801 2004 1182 2076 cogitationes,
1227 2020 1525 2074 rerumque
1568 2004 1818 2058 omnium
1860 2004 2210 2059 conditarum

628 2093 1114 2160 considerationes,
1146 2095 1320 2166 abjice
1349 2095 1534 2150 animo
1562 2110 1687 2150 cum
1714 2097 1974 2165 precibus
1999 2097 2106 2152 erit
2129 2097 2212 2152 in-

627 2187 1032 2254 cumbendum;
1061 2203 1131 2243 ne
1157 2188 1298 2243 forte
1324 2189 1569 2258 cogitans
1599 2203 1720 2257 quae
1747 2188 2022 2244 deteriora
2058 2198 2208 2257 sunt,

625 2278 744 2350 ejus
770 2279 865 2348 qui
905 2279 1073 2334 rebus
1099 2278 1356 2334 omnibus
1397 2279 1537 2335 citra
1583 2294 1804 2335 omnem
1847 2281 2214 2353 comparatio-

628 2385 754 2426 nem
793 2379 1032 2440 praestat,
1055 2372 1327 2442 jacturam
1351 2371 1570 2427 feceris.

695 2461 858 2532 £35
909 2462 996 2518 50.
1027 2461 1087 2517 Si
1117 2479 1250 2518 vere
1279 2477 1346 2517 ex
1374 2463 1558 2516 animo
1600 2463 1772 2518 Deum
1818 2463 2208 2530 dilexerimus,

629 2551 917 2622 ipsiusmet
941 2553 1230 2608 charitatis
1252 2554 1306 2608 vi
1348 2553 1610 2609 libidines
1645 2562 1810 2624 atque
1851 2555 2084 2610 aﬂ‘ectus
2117 2555 2214 2611 de-

628 2642 914 2712 pellemus.
945 2643 1043 2698 Dei
1074 2651 1257 2697 autem
1293 2643 1534 2699 Charitas
1563 2645 1621 2698 in
1663 2661 1731 2700 eo
1773 2655 1878 2710 est,
1927 2654 1987 2700 ut
2031 2646 2212 2716 ipsum

627 2734 857 2797 mundo,
891 2742 948 2789 et
994 2750 1233 2790 animam
1273 2744 1426 2790 carm
1459 2735 1846 2804 prmieramus;
1892 2753 1956 2792 ea
2004 2737 2214 2794 scilicet

629 2824 842 2880 ratione
871 2825 1017 2894 quod
1048 2825 1247 2895 spretis
1276 2825 1628 2880 saecularibus
1652 2827 1906 2898 negotiis,
1931 2828 1980 2883 ei
2006 2828 2213 2900 jugiter

628 2930 728 2985 per
759 2915 1156 2971 continentiam
1203 2926 1261 2973 et
1307 2917 1630 2972 charitatem
1682 2925 1740 2972 et
1784 2919 2112 2987 orationem,
2156 2927 2214 2976 et

627 3005 870 3076 psalmos
890 3006 1255 3071 concinendo,
1280 3021 1343 3061 ac
1367 3005 1600 3077 reliqua,
1633 3022 1910 3064 vacemus.

699 3095 789 3150 51.
837 3095 942 3152 Ubi
992 3095 1087 3150 diu
1140 3097 1486 3166 multumque
1537 3098 1651 3152 Deo
1696 3110 1987 3166 vacantes,
2039 3103 2213 3172 partis

2295 561 2386 608 τες
2437 544 2532 598 καὶ
2581 544 2905 612 πάσχοντες.
2960 541 3153 598 Διατίς
3207 541 3329 591 Ὅτι
3366 538 3562 591 αὐτῶν
3597 539 3750 593 ἐστιν
3797 545 3825 610 ἡ

2292 633 2584 698 βασιλειά
2626 631 2747 684 τῶν
2809 629 3105 697 οὐρανῶν
3174 627 3294 691 καὶ,
3342 626 3516 681 Αὐτοὶ
3561 627 3660 680 τὸν
3707 631 3829 684 Θεὸν·

2299 720 2577 794 Bia-artat,
2612 723 2709 777 καὶ
2737 721 2806 774 τὰ
2833 720 2981 791 ἑξῆς.
3015 720 3203 782 Ὥστε,
3231 717 3332 787 οὐχ
3350 717 3433 771 ὅτι
3466 717 3668 771 ποιοῦσι
3689 718 3831 773 ταῦτα

2300 815 2395 868 καὶ
2427 814 2724 883 πάσχουσι,
2765 811 2874 864 εἰσὶ
2907 809 3171 881 μακάριοι
3196 822 3212 838 ⁶
3253 806 3348 861 καὶ
3383 807 3492 876 γὰρ
3523 807 3570 859 οἱ
3606 824 3832 879 προειρη-

2306 906 2458 977 μένοι
2500 905 2560 959 τὸ
2602 905 2736 959 αὐτὸ
2771 903 3020 956 ποιοῦσιν
3045 919 3061 934 ο
3109 901 3225 956 ἀλλ’
3253 901 3334 954 ὅτι
3365 900 3456 954 διά
3506 899 3727 969 Χριστὸν
3758 901 3836 953 xal

2302 997 2444 1052 κατά
2477 997 2712 1069 Χριστὸν
2732 994 2909 1050 ταῦτα
2951 996 3045 1050 καὶ
3080 993 3298 1048 ποιοῦσι
3326 992 3421 1047 καὶ
3444 993 3720 1062 πάσχουσι.

2379 1163 2490 1228 μη’.
2545 1156 2635 1209 Ἐν
2673 1155 2810 1208 πᾶσι
2851 1154 2966 1216 τοῖς
3019 1151 3108 1220 ὑφ’
3161 1149 3321 1221 ἡμῶν
3381 1146 3772 1218 πραττομένοις,
3815 1149 3838 1202 ό

2307 1248 2507 1310 σκοπὸς
2535 1245 2776 1318 ζητεῖται
2802 1241 2954 1313 παρά
2968 1240 3086 1311 Θεῷ
3105 1240 3239 1309 (26),
3261 1239 3337 1303 ὡς
3366 1237 3620 1298 πολλάκις
3642 1237 3836 1306 εἴρηται·

2305 1341 2418 1394 εἴτε
2479 1340 2548 1393 δι’
2599 1337 2788 1400 αὑτὸν,
2843 1336 2954 1389 εἴτε
2991 1334 3060 1388 δι’
3107 1333 3235 1388 ἄλλο
3257 1349 3312 1384 τι
3341 1331 3671 1401 πράττομεν.
3705 1329 3840 1381 Ὅταν

2306 1429 2402 1487 οῦν
2443 1447 2500 1484 τι
2548 1428 2793 1498 θέλωμεν
2845 1425 3054 1498 πρᾶξαι
3087 1422 3318 1492 ἀγαθὸν,
3353 1421 3431 1492 μὴ
3471 1420 3571 1489 τὴν
3630 1417 3844 1487 ἀνθρωπ-

2306 1521 2599 1594 αρέσκειαν
2620 1559 2636 1585 ,
2663 1517 2804 1572 ἀλλὰ
2835 1517 2927 1571 τὸν
2958 1515 3090 1568 Θεὸν
3139 1513 3362 1584 σχῶμεν
3383 1509 3585 1566 σκοπόν
3611 1525 3625 1539 ·
3663 1508 3741 1561 ῐνα
3781 1510 3845 1572 εις

2307 1615 2472 1670 αὐτὸν
2499 1613 2587 1668 ἀεὶ
2613 1609 3072 1678 ἀποϐλεπόμενοι,
3094 1606 3162 1660 δι’
3183 1604 3351 1658 αὐτὸν
3368 1603 3549 1658 πάντα
3561 1600 3844 1671 πράξωμεν·

2308 1709 2400 1762 ἵνα
2431 1705 2505 1777 μὴ
2533 1705 2626 1758 καὶ
2655 1703 2748 1756 τὸν
2773 1701 2940 1755 τόπον
2965 1697 3348 1769 ὑπομένωμεν,
3407 1695 3504 1749 καὶ
3551 1693 3643 1746 τὸν
3690 1691 3847 1762 μισθὸν

2238 1809 2282 1864 Β
2310 1799 2685 1869 ἀπολέσωμεν.

2386 1893 2494 1964 μθ’.
2529 1892 2640 1945 Καὶ
2671 1889 2740 1944 τὰ
2787 1886 2920 1959 ψιλά
2976 1885 3088 1938 τῶν
3146 1879 3505 1953 ἀνθρωπίνων
3548 1874 3848 1948 πραγμάτων

2311 1986 2582 2056 νοήματα,
2605 1983 2704 2036 καὶ
2730 1981 2799 2034 τὰ
2821 1979 3037 2033 πάντων
3063 1975 3174 2030 τῶν
3205 1971 3511 2043 γεγονότων
3537 1969 3847 2040 θεωρήματα,

2312 2076 2554 2132 ἀπόϐαλε
2593 2073 2688 2128 τοῦ
2737 2073 2856 2136 νοὸς
2883 2073 2944 2125 ὲν
2970 2069 3050 2140 τῷ
3086 2067 3268 2140 καιρῷ
3289 2069 3391 2137 τῆς
3419 2063 3720 2135 προσευχῆς
3739 2077 3753 2093 ο
3779 2061 3850 2114 iv:

2313 2169 2392 2238 μὴ
2411 2167 2480 2220 τά
2520 2167 2721 2237 ἥττονα
2759 2161 3188 2233 φανταζόμενος,
3220 2157 3316 2212 τοῦ
3347 2158 3568 2212 πάντων
3585 2153 3689 2209 τῶν
3712 2153 3849 2207 όντων

2312 2258 2660 2329 ἀσυγκρίτως
2695 2255 3003 2328 κρείττονος
3035 2250 3302 2321 ὲκπέσῃς.

2382 2453 2446 2501 ν’.
2490 2445 2618 2498 Ἐὰν
2642 2441 2732 2495 τὸν
2756 2438 2890 2493 Θεὸν
2921 2433 3158 2506 γνησίως
3187 2431 3590 2502 ἀγαπήσωμεν,
3616 2427 3678 2482 δι’
3711 2427 3849 2497 αὐτῆς

2311 2538 2412 2609 τῆς
2432 2536 2654 2604 ἀγάπης
2680 2529 2749 2584 τά
2778 2529 2924 2598 πάθη
2959 2523 3359 2592 ἀποϐάλλομεν.
3413 2521 3479 2574 Ἠ
3520 2520 3575 2573 δὲ
3607 2520 3681 2583 είς
3719 2518 3848 2572 αὐτὸν

2313 2629 2501 2699 ἀγάπη
2533 2625 2672 2689 ἐστὶ,
2701 2621 2764 2676 τδ
2792 2619 3064 2692 προτιμᾷν
3095 2614 3258 2670 αὐτὸν
3282 2612 3378 2667 τοῦ
3407 2613 3634 2683 κόσμου,
3665 2611 3748 2665 καὶ
3769 2610 3847 2681 τὴν

2312 2719 2490 2792 ψυχὴν
2517 2717 2620 2788 τῆς
2651 2711 2890 2786 σαρκόςο
2935 2710 2996 2763 ὲν
3031 2706 3111 2797 τῷ
3139 2705 3251 2760 τῶν
3597 2701 3690 2797 μὲν
3709 2717 3823 2797 κατα

2314 2813 2532 2885 φρονεῖν
2564 2805 2928 2880 πραγμάτων.
2962 2792 3112 2872 αὐτῷ
3146 2798 3206 2852 δὲ
3233 2796 3523 2868 σχολάζειν
3558 2793 3643 2848 διὰ
3664 2792 3846 2885 παντὸς,

2313 2884 2402 2960 διά
2447 2921 2509 2956 τε
2544 2897 2871 2971 ἐγκρατείας
2919 2895 3016 2948 καὶ
3059 2890 3282 2962 ἀγάπης
3313 2889 3411 2944 καὶ
3454 2887 3746 2960 προσευχῆς
3772 2884 3845 2938 καὶ

2312 2993 2650 3068 ψαλμῳδίας,
2681 2987 2910 3045 καὶτῶν
2941 2984 3089 3058 ἑξῆς.

2385 3094 2486 3144 να’.
2530 3086 2655 3140 Ἐὰν
2688 3082 3040 3155 σχολάζοντες
3066 3077 3148 3149 τῷ
3179 3075 3301 3148 ﬁt}:
3334 3074 3519 3146 χρόνῳ
3559 3070 3746 3143 πολλῷ,
3771 3068 3845 3124 τοῦ

627 3187 824 3241 animae
874 3186 1164 3242 aﬂ'ectibus
1208 3187 1463 3243 obnoxia:
1509 3203 1698 3242 curam
1742 3192 2049 3262 egerimus,
2100 3208 2204 3247 non

2315 3179 2617 3253 παθητικοῦ
2647 3179 2848 3250 μέρους
2879 3177 2982 3246 τῆς
3017 3170 3200 3244 ψυχῆς
3233 3167 3642 3239 ἐπιμελώμεθα,
3670 3164 3757 3218 οὐκ
3783 3162 3845 3215 ἔτι

628 3277 862 3348 amplius
915 3277 984 3332 ad
1030 3278 1424 3349 cogitationum
1489 3279 1727 3334 insultus
1778 3281 2145 3353 impingemus
2193 3302 2208 3339 :

626 3368 763 3439 quin
795 3377 852 3425 et
879 3369 1138 3426 solertius
1171 3384 1366 3424 earum
1397 3371 1657 3440 dispectis
1686 3387 1750 3426 ac
1781 3374 1980 3429 excisis
2007 3376 2208 3441 causis,

629 3459 1061 3529 perspicaciores
1084 3460 1415 3529 evademus,
1443 3471 1504 3517 ut
1527 3463 1639 3535 jam
1673 3462 1730 3517 in
1755 3464 1915 3519 nobis
1945 3465 2080 3520 illud
2111 3467 2214 3521 im-

628 3551 845 3621 pleatur
888 3568 902 3606 :
943 3551 1013 3606 Et
1047 3553 1282 3624 despexit
1323 3554 1504 3608 oculus
1535 3572 1680 3609 meus
1715 3557 1772 3617 in
1813 3557 2034 3610 inimicis
2062 3560 2210 3626 meis,

629 3650 680 3694 et
706 3643 762 3696 in
783 3644 1170 3714 insurgentibus
1203 3647 1259 3700 in
1290 3662 1372 3700 me
1404 3646 1822 3718 malignantibus
1856 3649 2034 3703 audiet
2067 3653 2213 3708 auris

630 3749 746 3788 mea
771 3735 840 3790 ⁸⁸.

699 3931 787 3988 5‘2.
817 3930 958 3987 Cum
1000 3942 1240 3989 mentem
1274 3942 1422 3989 tuam
1454 3934 1541 4004 pie
1573 3950 1637 3990 ac
1683 3937 1823 4007 iuste
1857 3942 2088 4009 versari,
2119 3959 2213 3999 co-

627 4023 854 4096 gitando
877 4039 943 4080 ea
983 4040 1105 4096 quze
1149 4034 1277 4080 sunt
1311 4026 1524 4092 mundi,
1553 4027 1778 4094 videris,
1805 4031 1971 4086 etiam
2009 4049 2212 4105 corpus

631 4126 786 4173 tuum
814 4132 1014 4186 purum
1061 4125 1116 4171 et
1149 4131 1178 4170 a
1210 4124 1434 4187 peccato
1481 4117 1727 4174 immune
1775 4121 1915 4176 scito
1948 4139 2208 4193 perseve-

626 4214 875 4263 raturum
925 4224 939 4261 :
987 4221 1112 4261 cum
1155 4216 1341 4260 autem
1387 4207 1681 4277 cogitando
1727 4212 1970 4280 peccatis
2013 4229 2210 4272 vacare

623 4298 851 4366 Videris,
876 4313 980 4354 nec
1015 4297 1341 4363 inhibueris,
1372 4297 1511 4353 scito
1538 4297 1656 4354 fore
1687 4309 1747 4354 ut
1775 4309 1832 4358 et
1862 4317 2063 4374 corpus
2097 4322 2208 4362 non

623 4389 722 4448 diu
751 4397 969 4447 maneat
995 4389 1129 4460 quin
1158 4389 1217 4443 in
1233 4387 1310 4443 'ea
1341 4388 1578 4444 labatur.
2148 4385 2151 4390 ’

693 4571 783 4626 53.
815 4568 1286 4637 Quemadmodum
1319 4583 1538 4639 corpus,
1580 4570 1844 4626 mtmdum
1881 4588 1968 4628 res
2001 4573 2199 4642 habet;

626 4664 700 4719 ita
728 4672 784 4718 et
815 4662 1053 4726 animus,
1088 4659 1352 4714 mundum
1385 4659 1552 4715 habet
1597 4662 1956 4733 cogitationes
2001 4681 2065 4720 ac
2113 4683 2200 4722 re-

621 4770 745 4809 rum
769 4768 929 4808 sensa
954 4769 968 4804 :
999 4765 1062 4804 ac
1091 4751 1233 4804 sicut
1265 4765 1464 4819 corpus
1494 4759 1767 4805 scortatur
1799 4769 1924 4807 cum
1955 4754 2204 4810 mulieris

621 4861 873 4917 corpore,
899 4843 978 4900 sic
1004 4851 1059 4897 et
1087 4841 1305 4896 animus
1325 4857 1448 4895 cum
1472 4843 1720 4898 mulieris
1741 4845 1976 4917 cogitata
2006 4847 2199 4916 forma,

621 4949 723 5004 per
779 4931 865 4986 sui
927 4929 1175 5001 corporis
1237 4929 1529 4999 cogitatam
1583 4931 1814 4986 formam
1877 4933 2200 5006 fornicatur.

621 5025 798 5079 Mente
831 5021 979 5077 enim
1029 5030 1085 5074 ct
1119 5019 1441 5091 cogitando,
1498 5022 1747 5091 corporis
1801 5023 1886 5078 sui
1929 5023 2192 5092 formam,

619 5130 744 5170 cum
793 5112 1040 5168 mulieris
1091 5111 1266 5166 forma
1315 5111 1466 5166 videt
1516 5113 1882 5170 commisceri.
1935 5115 2198 5172 Similiter

618 5222 782 5276 etiam
811 5219 1020 5274 inimici
1048 5218 1280 5274 formam
1308 5217 1509 5271 mentis
1528 5217 1856 5288 cogitatione
1881 5221 2192 5288 ulciscitur;

618 5330 683 5370 ac
706 5314 935 5386 perinde
968 5313 1020 5367 in
1051 5312 1293 5382 reliquis
1337 5310 1594 5381 peccatis.
1643 5311 1772 5377 Quae
1815 5314 1962 5368 enim
1999 5329 2199 5385 corpus

619 5407 677 5460 in
706 5415 854 5470 actu,
883 5405 1109 5476 ipsoque
1143 5418 1308 5473 opere
1343 5402 1396 5456 in
1435 5417 1618 5455 rerum
1653 5405 1857 5458 mundo
1901 5406 2049 5471 facit,
2083 5407 2200 5461 haec

617 5504 676 5552 et
725 5497 941 5550 animus
991 5495 1045 5548 in
1099 5509 1200 5549 suo
1243 5493 1517 5548 rationum
1551 5493 1756 5546 mundo
1808 5511 1870 5549 ac
1917 5496 2200 5567 cogitatio-

618 5598 775 5639 num.

690 5772 736 5806 ⁸⁸
763 5772 950 5829 Matth.
981 5791 1034 5840 v,
1066 5775 1100 5828 5
1122 5789 1275 5842 seqq.
1353 5773 1397 5801 8"
1435 5768 1576 5824 Psal.
1615 5783 1716 5832 xcv,
1755 5769 1838 5823 l2.

2313 3279 2451 3351 πρὸς
2507 3277 2606 3340 τάς
2643 3274 2754 3328 τῶν
2809 3269 3086 3342 λογισμῶν
3143 3263 3455 3337 προσϐολὰς
3513 3259 3843 3351 ὲξωοείλομεν·

2312 3347 2446 3425 ἀλλά
2475 3369 2570 3422 καὶ
2595 3365 2992 3438 ἀκριϐέστερον
3019 3361 3116 3424 τάς
3137 3357 3345 3412 τούτων
3375 3353 3556 3417 αἰτίας
3573 3347 3844 3405 κατανοοῦν·

2310 3481 2402 3527 τες
2431 3462 2525 3516 καὶ
2554 3451 3402 3526 ἐκκόπτοντες,διορατικώτεροι
3424 3445 3708 3517 γινόμεθα·
3735 3442 3842 3495 ὥστε

2312 3550 2669 3624 πληρωθῆναι
2698 3550 2777 3611 εἰς
2805 3547 2952 3617 ἡμᾶς
2980 3544 3042 3597 τὸ
3062 3582 3078 3609 ,
3111 3541 3222 3596 Καὶ
3268 3539 3512 3594 ἐπεῖδεν
3539 3540 3572 3592 ὀ
3588 3534 3844 3605 ὀφθαλμός

2305 3663 2424 3716 μου
2445 3645 2515 3697 ἐν
2543 3639 2667 3707 τοῖς
2686 3639 2921 3709 ἐχθροῖς
2949 3655 3069 3707 μου
3093 3649 3110 3665 ·
3167 3633 3269 3688 καὶ
3294 3633 3365 3687 ἐν
3403 3631 3531 3698 τοῖς
3572 3629 3832 3716 Mammas

2306 3714 2514 3807 μένοις
2558 3733 2653 3787 ἐπ’
2701 3730 2803 3801 ἐμὲ
2859 3725 3384 3798 πονηρευομένοις,
3452 3722 3753 3778 ἀκούσεται
3792 3714 3842 3767 τὸ

2309 3825 2421 3895 οὖς
2458 3845 2598 3898 μου.

2379 3896 2480 3991 νβ’.
2545 3919 2713 3970 Ὀταν
2764 3913 2970 3984 βλέπῃς
3031 3911 3124 3964 τὸν
3169 3909 3294 3963 νοῦν
3352 3925 3450 3962 σου
3521 3901 3742 3962 εὐσεϐῶς
3772 3896 3842 3949 καὶ

2308 4010 2534 4072 δικαίως
2563 4005 3040 4077 ἀναστρεφόμενον
3056 4005 3115 4055 ὲν
3139 4003 3254 4064 τοῖς
3278 3999 3372 4053 τοῦ
3407 3999 3613 4067 κόσμου
3630 3995 3839 4063 νοήμασι.

2308 4103 2542 4174 γίνωσκε
2576 4100 2669 4154 καὶ
2697 4099 2759 4152 τὸ
2789 4097 2949 4168 σῶμά
2989 4113 3084 4148 σου
3113 4092 3353 4164 καθαρὸν
3376 4090 3474 4144 καὶ
3505 4087 3840 4157 ἀναμάρτητον

2307 4193 2583 4264 διαμένειν
2608 4209 2623 4222 ·
2667 4193 2797 4245 ὅταν
2833 4189 2888 4242 δὲ
2919 4188 3009 4242 τὸν
3038 4186 3161 4240 νοῦν
3205 4184 3411 4256 βλέπῃς
3465 4179 3605 4235 κατά
3647 4177 3840 4231 διάνοιαν

2306 4289 2605 4363 ἁμαρτίαις
2636 4285 2986 4358 σχολάζοντα,
3029 4283 3122 4337 καὶ
3177 4281 3252 4352 μὴ
3291 4278 3623 4350 ἀνακόπτῃς,
3649 4273 3838 4363 γίνωσδιε

2310 4360 2405 4438 καὶ
2433 4360 2503 4436 τὸ
2531 4379 2691 4451 σῶμά
2718 4395 2813 4431 σου
2858 4375 2935 4448 μὴ
2973 4371 3385 4446 πολυχρονίξειν
3425 4367 3522 4423 τοῦ
3555 4367 3661 4427 τοῖς
3694 4360 3838 4417 αὐτοῖς

2234 4505 2276 4559 D
2309 4475 2646 4547 περιπεσεῖν.

2379 4574 2480 4638 νγ’.
2518 4567 2732 4634 Ὠσπερ
2769 4561 2830 4615 τὸ
2870 4560 3030 4630 σῶμα
3055 4557 3165 4628 ἔχει
3197 4554 3403 4624 κόσμον
3448 4551 3519 4604 τά
3563 4549 3836 4618 πράγματα.

2303 4663 2446 4718 οὕτω
2475 4661 2568 4714 καὶ
2597 4660 2625 4711 ὁ
2650 4657 2772 4720 νοῦς
2794 4655 2906 4726 ἔχει
2937 4653 3139 4722 κόσμον
3173 4647 3242 4702 τὰ
3266 4648 3517 4718 νοήματα
3537 4661 3550 4675 ·
3584 4642 3667 4695 καὶ
3686 4638 3789 4694 ὦσπ
3813 4649 3836 4699 ρ

2303 4757 2364 4811 τὸ
2398 4755 2559 4823 σῶμα
2592 4748 2916 4822 πορνεύεται
2955 4743 3094 4817 μετά
3119 4739 3213 4794 τοῦ
3255 4737 3506 4808 σώματος
3547 4735 3641 4805 τῆς
3679 4745 3834 4798 γυναι·

2305 4848 2422 4910 κὸς,
2456 4843 2599 4898 οὕτω
2624 4841 2720 4895 καὶ
2749 4841 2778 4892 ό
2825 4837 2951 4902 νοῦς
2998 4832 3254 4906 πορνεύει
3297 4829 3437 4901 μετά
3480 4825 3572 4879 τοῦ
3611 4823 3834 4891 νοήματος

2305 4941 2404 5010 τῆς
2437 4934 2718 5006 γυναικὸς,
2746 4931 2835 4986 διὰ
2865 4930 2962 5000 τῆς
2991 4923 3291 4998 φαντασίας
3315 4919 3410 4974 τοῦ
3445 4919 3573 4972 ἰδίου
3605 4914 3830 4983 σώματος.

2306 5031 2416 5102 Τὴν
2439 5029 2547 5102 γὰρ
2590 5024 2803 5098 μορφὴν
2841 5021 2936 5074 τοῦ
2992 5020 3122 5073 ἰδίου
3160 5015 3414 5086 σώματος
3455 5010 3634 5102 βλέπει
3678 5016 3832 5102 μιγνυ-

2307 5099 2475 5196 μέθην
2507 5099 2644 5193 μετά
2663 5119 2762 5189 τῆς
2797 5114 3010 5186 μορφῆς
3038 5112 3138 5182 τῆς
3159 5106 3418 5178 γυναικὸς
3442 5101 3581 5159 κατὰ
3615 5099 3830 5196 διάνοιαν.

2314 5187 2589 5277 ίΩσαίύτλυς
2623 5187 2727 5266 καὶῂ
2747 5207 2845 5279 τὴν
2871 5205 3085 5278 μορφὴν
3122 5201 3218 5256 τοῦ
3246 5199 3587 5270 λυπήσαντος
3605 5187 3832 5260 ἀμύνεται

2304 5308 2446 5365 κατά
2470 5306 2730 5368 διάνοιαν,
2757 5299 2850 5355 διὰ
2886 5298 2986 5369 τῆς
3035 5292 3254 5365 μορφῆς
3301 5289 3395 5342 τοῦ
3444 5287 3573 5339 ἰδίου
3603 5280 3828 5369 σώματος·

2297 5361 2408 5454 ίέαὶ
2434 5399 2525 5450 ἐπὶ
2541 5395 2647 5448 τῶν
2687 5361 2860 5447 ἄλλων
2891 5361 3304 5459 ἁμαρτημάτων
3332 5379 3549 5451 ὁμοίως.
3572 5375 3731 5459 Ἀπερ
3747 5361 3832 5429 τά.)

2301 5489 2533 5559 πράττει
2576 5485 2637 5539 τὸ
2687 5483 2848 5554 σῶμα
2907 5479 3028 5534 κατ’
3071 5477 3351 5547 ἐνέργειαν
3398 5471 3476 5532 είς
3527 5466 3612 5520 τὸν
3666 5457 3830 5522 κόσμον

2300 5578 2664 5651 πραγμάτων.
2697 5575 2868 5630 ταῦτα
2897 5572 3128 5645 ’πράττει
3155 5570 3247 5623 καὶ
3272 5569 3300 5621 ὁ
3323 5563 3444 5627 νοῦς
3472 5565 3546 5622 εἰς
3565 5558 3646 5610 τὸν
3665 5553 3830 5616 κόσμον

2300 5673 2410 5727 τῶν
2444 5671 2733 5742 νοημάτων
2753 5712 2766 5722 .
