  <div class='ocr_page' id='page_1' title='image "/cluster/home/n/w/nwhite01/storage/ocr_20150623/90/hvd.32044019208016/526.png"; bbox 0 0 4048 6438; ppageno 0'>
   <div class='ocr_carea' id='block_1_1' title="bbox 250 418 389 483">
    <p class='ocr_par' dir='ltr' id='par_1_1' title="bbox 250 418 389 483">
     <span class='ocr_line' id='line_1_1' title="bbox 250 418 389 483; baseline 0.014 -2"><span class='ocrx_word' id='word_1_1' title='bbox 250 418 389 483; x_wconf 76' lang='lat'><strong>1037</strong></span> 
     </span>
    </p>
   </div>
   <div class='ocr_carea' id='block_1_2' title="bbox 1124 410 2632 476">
    <p class='ocr_par' dir='ltr' id='par_1_2' title="bbox 1124 410 2632 476">
     <span class='ocr_line' id='line_1_2' title="bbox 1124 410 2632 476; baseline 0.002 -3"><span class='ocrx_word' id='word_1_2' title='bbox 1124 412 1458 473; x_wconf 81' lang='lat' dir='ltr'><strong>CAPITUM</strong></span> <span class='ocrx_word' id='word_1_3' title='bbox 1492 412 1590 473; x_wconf 87' lang='lat' dir='ltr'><strong>DE</strong></span> <span class='ocrx_word' id='word_1_4' title='bbox 1627 410 2056 473; x_wconf 81' lang='lat' dir='ltr'><strong>CHARITATE</strong></span> <span class='ocrx_word' id='word_1_5' title='bbox 2089 412 2478 474; x_wconf 84' lang='lat' dir='ltr'><strong>CENTURIA</strong></span> <span class='ocrx_word' id='word_1_6' title='bbox 2517 415 2632 476; x_wconf 92' lang='lat' dir='ltr'>III.</span> 
     </span>
    </p>
   </div>
   <div class='ocr_carea' id='block_1_3' title="bbox 3356 426 3491 485">
    <p class='ocr_par' dir='ltr' id='par_1_3' title="bbox 3356 426 3491 485">
     <span class='ocr_line' id='line_1_3' title="bbox 3356 426 3491 485; baseline 0.015 -2"><span class='ocrx_word' id='word_1_7' title='bbox 3356 426 3491 485; x_wconf 75' lang='lat'><strong>1038</strong></span> 
     </span>
    </p>
   </div>
   <div class='ocr_carea' id='block_1_4' title="bbox 242 524 1810 601">
    <p class='ocr_par' dir='ltr' id='par_1_4' title="bbox 242 524 1810 598">
     <span class='ocr_line' id='line_1_4' title="bbox 242 524 1810 598; baseline -0.001 -16"><span class='ocrx_word' id='word_1_8' title='bbox 242 528 336 582; x_wconf 72' lang='grc' dir='ltr'><strong>Διὸ</strong></span> <span class='ocrx_word' id='word_1_9' title='bbox 364 527 597 591; x_wconf 80' lang='grc' dir='ltr'>πολλοὺς</span> <span class='ocrx_word' id='word_1_10' title='bbox 662 541 809 581; x_wconf 81' lang='grc' dir='ltr'>εστιν</span> <span class='ocrx_word' id='word_1_11' title='bbox 866 524 1049 597; x_wconf 78' lang='grc' dir='ltr'>εὑρεῖν</span> <span class='ocrx_word' id='word_1_12' title='bbox 1101 525 1212 580; x_wconf 85' lang='grc' dir='ltr'><strong>τῶν</strong></span> <span class='ocrx_word' id='word_1_13' title='bbox 1251 526 1556 598; x_wconf 83' lang='grc' dir='ltr'>ἀνθρώπων</span> <span class='ocrx_word' id='word_1_14' title='bbox 1606 528 1810 597; x_wconf 82' lang='grc' dir='ltr'>γνῶσιν</span> 
     </span>
    </p>
   </div>
   <div class='ocr_carea' id='block_1_5' title="bbox 1911 524 3492 601">
    <p class='ocr_par' dir='ltr' id='par_1_5' title="bbox 1918 527 3492 601">
     <span class='ocr_line' id='line_1_5' title="bbox 1918 527 3492 601; baseline 0.008 -20"><span class='ocrx_word' id='word_1_15' title='bbox 1918 542 2102 582; x_wconf 90' lang='lat' dir='ltr'><strong>rerum</strong></span> <span class='ocrx_word' id='word_1_16' title='bbox 2144 530 2434 585; x_wconf 90' lang='lat' dir='ltr'><strong>sensilium</strong></span> <span class='ocrx_word' id='word_1_17' title='bbox 2494 528 2817 601; x_wconf 72' lang='lat' dir='ltr'><strong>cogitationi</strong></span> <span class='ocrx_word' id='word_1_18' title='bbox 2860 527 3061 587; x_wconf 94' lang='lat' dir='ltr'><strong>similis</strong></span> <span class='ocrx_word' id='word_1_19' title='bbox 3119 534 3359 591; x_wconf 75' lang='lat' dir='ltr'><strong>exsistit.</strong></span> <span class='ocrx_word' id='word_1_20' title='bbox 3408 539 3492 594; x_wconf 67' lang='grc' dir='ltr'>ιιι.</span> 
     </span>
    </p>
   </div>
   <div class='ocr_carea' id='block_1_6' title="bbox 242 620 1817 690">
    <p class='ocr_par' dir='ltr' id='par_1_6' title="bbox 242 620 1817 690">
     <span class='ocr_line' id='line_1_6' title="bbox 242 620 1817 690; baseline -0.001 -16"><span class='ocrx_word' id='word_1_21' title='bbox 242 621 468 690; x_wconf 75' lang='grc' dir='ltr'>ἔχοντας</span> <span class='ocrx_word' id='word_1_22' title='bbox 520 620 743 690; x_wconf 76' lang='grc' dir='ltr'>πολλὴν,</span> <span class='ocrx_word' id='word_1_23' title='bbox 800 620 896 674; x_wconf 76' lang='grc' dir='ltr'>καὶ</span> <span class='ocrx_word' id='word_1_24' title='bbox 942 620 1000 672; x_wconf 85' lang='grc' dir='ltr'><strong>ἐν</strong></span> <span class='ocrx_word' id='word_1_25' title='bbox 1049 621 1162 683; x_wconf 77' lang='grc' dir='ltr'>τοῖς</span> <span class='ocrx_word' id='word_1_26' title='bbox 1220 620 1322 688; x_wconf 83' lang='grc' dir='ltr'>τῆς</span> <span class='ocrx_word' id='word_1_27' title='bbox 1374 620 1579 690; x_wconf 82' lang='grc' dir='ltr'>σαρκὸς</span> <span class='ocrx_word' id='word_1_28' title='bbox 1621 620 1817 674; x_wconf 89' lang='grc' dir='ltr'>πάθεσι</span> 
     </span>
    </p>
   </div>
   <div class='ocr_carea' id='block_1_7' title="bbox 240 710 1816 783">
    <p class='ocr_par' dir='ltr' id='par_1_7' title="bbox 240 710 1816 783">
     <span class='ocr_line' id='line_1_7' title="bbox 240 710 1816 783; baseline -0.001 -18"><span class='ocrx_word' id='word_1_29' title='bbox 240 712 402 782; x_wconf 79' lang='grc' dir='ltr'>δίκην</span> <span class='ocrx_word' id='word_1_30' title='bbox 456 712 660 783; x_wconf 81' lang='grc' dir='ltr'><strong>χοίρων</strong></span> <span class='ocrx_word' id='word_1_31' title='bbox 708 712 768 765; x_wconf 76' lang='grc' dir='ltr'><strong>ἐν</strong></span> <span class='ocrx_word' id='word_1_32' title='bbox 828 710 1078 782; x_wconf 78' lang='grc' dir='ltr'>βορϐόρῳ</span> <span class='ocrx_word' id='word_1_33' title='bbox 1134 710 1605 782; x_wconf 77' lang='grc' dir='ltr'><strong>κυλινδουμένους.</strong></span> <span class='ocrx_word' id='word_1_34' title='bbox 1671 711 1816 782; x_wconf 83' lang='grc' dir='ltr'>Πρὸς</span> 
     </span>
    </p>
   </div>
   <div class='ocr_carea' id='block_1_8' title="bbox 241 801 1817 875">
    <p class='ocr_par' dir='ltr' id='par_1_8' title="bbox 241 801 1817 875">
     <span class='ocr_line' id='line_1_8' title="bbox 241 801 1817 875; baseline 0.005 -25"><span class='ocrx_word' id='word_1_35' title='bbox 241 801 428 870; x_wconf 80' lang='grc' dir='ltr'>ὀλίγον</span> <span class='ocrx_word' id='word_1_36' title='bbox 479 803 591 875; x_wconf 82' lang='grc' dir='ltr'>γὰρ</span> <span class='ocrx_word' id='word_1_37' title='bbox 642 803 702 869; x_wconf 79' lang='grc' dir='ltr'>ἐξ</span> <span class='ocrx_word' id='word_1_38' title='bbox 748 802 1067 873; x_wconf 84' lang='grc' dir='ltr'>ἐπιμελείας</span> <span class='ocrx_word' id='word_1_39' title='bbox 1117 802 1506 872; x_wconf 79' lang='grc' dir='ltr'><strong>καθαρθέντες,</strong></span> <span class='ocrx_word' id='word_1_40' title='bbox 1562 802 1656 857; x_wconf 78' lang='grc' dir='ltr'>καὶ</span> <span class='ocrx_word' id='word_1_41' title='bbox 1714 805 1817 874; x_wconf 83' lang='grc' dir='ltr'><strong>τῆς</strong></span> 
     </span>
    </p>
   </div>
   <div class='ocr_carea' id='block_1_9' title="bbox 242 892 1814 965">
    <p class='ocr_par' dir='ltr' id='par_1_9' title="bbox 242 892 1814 965">
     <span class='ocr_line' id='line_1_9' title="bbox 242 892 1814 965; baseline 0.001 -18"><span class='ocrx_word' id='word_1_42' title='bbox 242 892 499 960; x_wconf 75' lang='grc' dir='ltr'>γνώσεως</span> <span class='ocrx_word' id='word_1_43' title='bbox 526 894 894 965; x_wconf 86' lang='grc' dir='ltr'>ἐπιτυχόντες,</span> <span class='ocrx_word' id='word_1_44' title='bbox 921 894 1149 965; x_wconf 78' lang='grc' dir='ltr'>ὕστερον</span> <span class='ocrx_word' id='word_1_45' title='bbox 1172 895 1562 965; x_wconf 80' lang='grc' dir='ltr'>ἀμελήσαντες.</span> <span class='ocrx_word' id='word_1_46' title='bbox 1596 894 1814 965; x_wconf 82' lang='grc' dir='ltr'>ὡμοιώ-</span> 
     </span>
    </p>
   </div>
   <div class='ocr_carea' id='block_1_10' title="bbox 244 984 1817 1057">
    <p class='ocr_par' dir='ltr' id='par_1_10' title="bbox 244 984 1817 1057">
     <span class='ocr_line' id='line_1_10' title="bbox 244 984 1817 1057; baseline 0.002 -20"><span class='ocrx_word' id='word_1_47' title='bbox 244 986 419 1056; x_wconf 88' lang='grc' dir='ltr'>θησαν</span> <span class='ocrx_word' id='word_1_48' title='bbox 462 985 541 1057; x_wconf 83' lang='grc' dir='ltr'>τῷ</span> <span class='ocrx_word' id='word_1_49' title='bbox 586 985 796 1039; x_wconf 78' lang='grc' dir='ltr'>Σαούλο</span> <span class='ocrx_word' id='word_1_50' title='bbox 849 984 909 1049; x_wconf 81' lang='grc' dir='ltr'>ὃς</span> <span class='ocrx_word' id='word_1_51' title='bbox 964 984 1243 1057; x_wconf 78' lang='grc' dir='ltr'><strong>βασιλείας</strong></span> <span class='ocrx_word' id='word_1_52' title='bbox 1294 985 1674 1053; x_wconf 73' lang='grc' dir='ltr'>καταξιωθεὶς,</span> <span class='ocrx_word' id='word_1_53' title='bbox 1719 986 1817 1040; x_wconf 69' lang='grc' dir='ltr'>καὶ</span> 
     </span>
    </p>
   </div>
   <div class='ocr_carea' id='block_1_11' title="bbox 243 1074 1814 1149">
    <p class='ocr_par' dir='ltr' id='par_1_11' title="bbox 243 1074 1814 1149">
     <span class='ocr_line' id='line_1_11' title="bbox 243 1074 1814 1149; baseline 0.002 -20"><span class='ocrx_word' id='word_1_54' title='bbox 243 1074 481 1139; x_wconf 80' lang='grc' dir='ltr'><strong>ἀναξίως</strong></span> <span class='ocrx_word' id='word_1_55' title='bbox 540 1075 1021 1148; x_wconf 79' lang='grc' dir='ltr'><strong>πολιτευσάμενος,</strong></span> <span class='ocrx_word' id='word_1_56' title='bbox 1078 1076 1197 1148; x_wconf 85' lang='grc' dir='ltr'>μετ’</span> <span class='ocrx_word' id='word_1_57' title='bbox 1252 1076 1423 1148; x_wconf 78' lang='grc' dir='ltr'>ὀργῆς</span> <span class='ocrx_word' id='word_1_58' title='bbox 1468 1076 1709 1149; x_wconf 79' lang='grc' dir='ltr'>φοϐερᾶς</span> <span class='ocrx_word' id='word_1_59' title='bbox 1756 1078 1814 1145; x_wconf 80' lang='grc' dir='ltr'>ἐξ</span> 
     </span>
    </p>
   </div>
   <div class='ocr_carea' id='block_1_12' title="bbox 246 1171 760 1244">
    <p class='ocr_par' dir='ltr' id='par_1_12' title="bbox 246 1171 760 1244">
     <span class='ocr_line' id='line_1_12' title="bbox 246 1171 760 1244; baseline 0.004 -19"><span class='ocrx_word' id='word_1_60' title='bbox 246 1171 418 1242; x_wconf 79' lang='grc' dir='ltr'>αὐτῆς</span> <span class='ocrx_word' id='word_1_61' title='bbox 449 1171 760 1244; x_wconf 85' lang='grc' dir='ltr'>ἀπεϐλήθη.</span> 
     </span>
    </p>
   </div>
   <div class='ocr_carea' id='block_1_13' title="bbox 309 1350 1816 1426">
    <p class='ocr_par' dir='ltr' id='par_1_13' title="bbox 309 1350 1816 1426">
     <span class='ocr_line' id='line_1_13' title="bbox 309 1350 1816 1426; baseline 0.002 -19"><span class='ocrx_word' id='word_1_62' title='bbox 309 1351 411 1419; x_wconf 74' lang='grc' dir='ltr'>ξς.</span> <span class='ocrx_word' id='word_1_63' title='bbox 447 1352 659 1422; x_wconf 79' lang='grc' dir='ltr'>Ὠσπερ</span> <span class='ocrx_word' id='word_1_64' title='bbox 680 1352 711 1405; x_wconf 90' lang='grc' dir='ltr'><strong>ό</strong></span> <span class='ocrx_word' id='word_1_65' title='bbox 739 1352 894 1422; x_wconf 74' lang='grc' dir='ltr'>ψιλὸς</span> <span class='ocrx_word' id='word_1_66' title='bbox 926 1350 1035 1406; x_wconf 89' lang='grc' dir='ltr'><strong>τῶν</strong></span> <span class='ocrx_word' id='word_1_67' title='bbox 1074 1352 1434 1425; x_wconf 86' lang='grc' dir='ltr'>ἀνθρωπίνων</span> <span class='ocrx_word' id='word_1_68' title='bbox 1474 1355 1816 1426; x_wconf 85' lang='grc' dir='ltr'>πραγμάτων</span> 
     </span>
    </p>
   </div>
   <div class='ocr_carea' id='block_1_14' title="bbox 243 1442 1816 1517">
    <p class='ocr_par' dir='ltr' id='par_1_14' title="bbox 243 1442 1816 1517">
     <span class='ocr_line' id='line_1_14' title="bbox 243 1442 1816 1517; baseline 0.004 -23"><span class='ocrx_word' id='word_1_69' title='bbox 243 1442 504 1513; x_wconf 79' lang='grc' dir='ltr'>λογισμὸς</span> <span class='ocrx_word' id='word_1_70' title='bbox 534 1444 669 1511; x_wconf 77' lang='lat'><strong>(50),</strong></span> <span class='ocrx_word' id='word_1_71' title='bbox 695 1444 796 1497; x_wconf 75' lang='grc' dir='ltr'>οὐκ</span> <span class='ocrx_word' id='word_1_72' title='bbox 822 1444 1125 1513; x_wconf 78' lang='grc' dir='ltr'><strong>ἀναγκάζει</strong></span> <span class='ocrx_word' id='word_1_73' title='bbox 1154 1443 1249 1499; x_wconf 77' lang='grc' dir='ltr'>τὸν</span> <span class='ocrx_word' id='word_1_74' title='bbox 1294 1445 1419 1498; x_wconf 84' lang='grc' dir='ltr'>νοῦν</span> <span class='ocrx_word' id='word_1_75' title='bbox 1452 1448 1816 1517; x_wconf 78' lang='grc' dir='ltr'>καταφρονεῖν</span> 
     </span>
    </p>
   </div>
   <div class='ocr_carea' id='block_1_15' title="bbox 244 1534 1814 1607">
    <p class='ocr_par' dir='ltr' id='par_1_15' title="bbox 244 1534 1814 1607">
     <span class='ocr_line' id='line_1_15' title="bbox 244 1534 1814 1607; baseline 0.004 -21"><span class='ocrx_word' id='word_1_76' title='bbox 244 1536 353 1588; x_wconf 87' lang='grc' dir='ltr'><strong>τῶν</strong></span> <span class='ocrx_word' id='word_1_77' title='bbox 374 1535 554 1588; x_wconf 86' lang='grc' dir='ltr'>θείων·</span> <span class='ocrx_word' id='word_1_78' title='bbox 588 1534 763 1599; x_wconf 76' lang='grc' dir='ltr'>οὕτως</span> <span class='ocrx_word' id='word_1_79' title='bbox 783 1536 903 1589; x_wconf 81' lang='grc' dir='ltr'>οὐδὲ</span> <span class='ocrx_word' id='word_1_80' title='bbox 925 1536 1055 1607; x_wconf 74' lang='grc' dir='ltr'>ψιλὴ</span> <span class='ocrx_word' id='word_1_81' title='bbox 1075 1536 1278 1606; x_wconf 82' lang='grc' dir='ltr'>γνῶσις</span> <span class='ocrx_word' id='word_1_82' title='bbox 1301 1538 1411 1590; x_wconf 86' lang='grc' dir='ltr'><strong>τῶν</strong></span> <span class='ocrx_word' id='word_1_83' title='bbox 1430 1538 1608 1598; x_wconf 85' lang='grc' dir='ltr'>θείων.</span> <span class='ocrx_word' id='word_1_84' title='bbox 1636 1539 1814 1592; x_wconf 78' lang='grc' dir='ltr'>πείθει</span> 
     </span>
    </p>
   </div>
   <div class='ocr_carea' id='block_1_16' title="bbox 245 1625 1815 1700">
    <p class='ocr_par' dir='ltr' id='par_1_16' title="bbox 245 1625 1815 1700">
     <span class='ocr_line' id='line_1_16' title="bbox 245 1625 1815 1700; baseline 0.004 -23"><span class='ocrx_word' id='word_1_85' title='bbox 245 1628 323 1688; x_wconf 75' lang='grc' dir='ltr'>εἰς</span> <span class='ocrx_word' id='word_1_86' title='bbox 372 1625 528 1688; x_wconf 82' lang='grc' dir='ltr'>τέλος</span> <span class='ocrx_word' id='word_1_87' title='bbox 577 1628 936 1696; x_wconf 81' lang='grc' dir='ltr'>καταφρονεῖν</span> <span class='ocrx_word' id='word_1_88' title='bbox 977 1626 1087 1681; x_wconf 89' lang='grc' dir='ltr'><strong>τῶν</strong></span> <span class='ocrx_word' id='word_1_89' title='bbox 1133 1627 1524 1700; x_wconf 76' lang='grc' dir='ltr'>ἀνθρωπίνωνο</span> <span class='ocrx_word' id='word_1_90' title='bbox 1576 1628 1709 1683; x_wconf 83' lang='grc' dir='ltr'>διότι</span> <span class='ocrx_word' id='word_1_91' title='bbox 1755 1632 1815 1684; x_wconf 89' lang='grc' dir='ltr'><strong>ἐν</strong></span> 
     </span>
    </p>
   </div>
   <div class='ocr_carea' id='block_1_17' title="bbox 247 1716 1815 1792">
    <p class='ocr_par' dir='ltr' id='par_1_17' title="bbox 247 1716 1815 1792">
     <span class='ocr_line' id='line_1_17' title="bbox 247 1716 1815 1792; baseline 0.004 -23"><span class='ocrx_word' id='word_1_92' title='bbox 247 1718 428 1780; x_wconf 77' lang='grc' dir='ltr'>σκιαῖς</span> <span class='ocrx_word' id='word_1_93' title='bbox 458 1716 553 1770; x_wconf 91' lang='grc' dir='ltr'><strong>νῦν</strong></span> <span class='ocrx_word' id='word_1_94' title='bbox 588 1718 823 1788; x_wconf 79' lang='grc' dir='ltr'>ὑπάρχει</span> <span class='ocrx_word' id='word_1_95' title='bbox 869 1718 964 1773; x_wconf 76' lang='grc' dir='ltr'>καὶ</span> <span class='ocrx_word' id='word_1_96' title='bbox 995 1721 1284 1791; x_wconf 79' lang='grc' dir='ltr'>είκασμοῖς</span> <span class='ocrx_word' id='word_1_97' title='bbox 1322 1722 1355 1791; x_wconf 84' lang='grc' dir='ltr'>ἠ</span> <span class='ocrx_word' id='word_1_98' title='bbox 1406 1720 1652 1792; x_wconf 84' lang='grc' dir='ltr'>ἀλήθεια.</span> <span class='ocrx_word' id='word_1_99' title='bbox 1702 1722 1815 1777; x_wconf 69' lang='grc' dir='ltr'><strong>Καὶ</strong></span> 
     </span>
    </p>
   </div>
   <div class='ocr_carea' id='block_1_18' title="bbox 244 1808 1814 1884">
    <p class='ocr_par' dir='ltr' id='par_1_18' title="bbox 244 1808 1814 1884">
     <span class='ocr_line' id='line_1_18' title="bbox 244 1808 1814 1884; baseline 0.004 -22"><span class='ocrx_word' id='word_1_100' title='bbox 244 1808 333 1862; x_wconf 84' lang='grc' dir='ltr'><strong>διά</strong></span> <span class='ocrx_word' id='word_1_101' title='bbox 360 1808 520 1863; x_wconf 83' lang='grc' dir='ltr'>τοῦτο</span> <span class='ocrx_word' id='word_1_102' title='bbox 557 1810 730 1865; x_wconf 87' lang='grc' dir='ltr'>δεῖται</span> <span class='ocrx_word' id='word_1_103' title='bbox 781 1811 874 1865; x_wconf 92' lang='grc' dir='ltr'><strong>τοῦ</strong></span> <span class='ocrx_word' id='word_1_104' title='bbox 924 1812 1194 1883; x_wconf 88' lang='grc' dir='ltr'>μακαρίου</span> <span class='ocrx_word' id='word_1_105' title='bbox 1249 1814 1451 1877; x_wconf 83' lang='grc' dir='ltr'>πάθους</span> <span class='ocrx_word' id='word_1_106' title='bbox 1499 1814 1600 1884; x_wconf 81' lang='grc' dir='ltr'>τῆς</span> <span class='ocrx_word' id='word_1_107' title='bbox 1650 1816 1814 1883; x_wconf 84' lang='grc' dir='ltr'>ἁγίας</span> 
     </span>
    </p>
   </div>
   <div class='ocr_carea' id='block_1_19' title="bbox 244 1900 1810 1973">
    <p class='ocr_par' dir='ltr' id='par_1_19' title="bbox 244 1900 1810 1973">
     <span class='ocr_line' id='line_1_19' title="bbox 244 1900 1810 1973; baseline 0.003 -20"><span class='ocrx_word' id='word_1_108' title='bbox 244 1900 493 1970; x_wconf 83' lang='grc' dir='ltr'>ἀγάπης,</span> <span class='ocrx_word' id='word_1_109' title='bbox 518 1903 617 1971; x_wconf 85' lang='grc' dir='ltr'>τῆς</span> <span class='ocrx_word' id='word_1_110' title='bbox 652 1901 1058 1973; x_wconf 84' lang='grc' dir='ltr'>συνδεσμούσης</span> <span class='ocrx_word' id='word_1_111' title='bbox 1081 1903 1172 1955; x_wconf 86' lang='grc' dir='ltr'>τὸν</span> <span class='ocrx_word' id='word_1_112' title='bbox 1205 1901 1331 1955; x_wconf 91' lang='grc' dir='ltr'>νοῦν</span> <span class='ocrx_word' id='word_1_113' title='bbox 1359 1904 1474 1966; x_wconf 84' lang='grc' dir='ltr'>τοῖς</span> <span class='ocrx_word' id='word_1_114' title='bbox 1506 1918 1810 1973; x_wconf 84' lang='grc' dir='ltr'>πνευματι-</span> 
     </span>
    </p>
   </div>
   <div class='ocr_carea' id='block_1_20' title="bbox 244 1992 1812 2066">
    <p class='ocr_par' dir='ltr' id='par_1_20' title="bbox 244 1992 1812 2066">
     <span class='ocr_line' id='line_1_20' title="bbox 244 1992 1812 2066; baseline 0.003 -21"><span class='ocrx_word' id='word_1_115' title='bbox 244 1994 358 2056; x_wconf 73' lang='grc' dir='ltr'>κοῖς</span> <span class='ocrx_word' id='word_1_116' title='bbox 427 1992 767 2064; x_wconf 83' lang='grc' dir='ltr'>θεωρήμασι,</span> <span class='ocrx_word' id='word_1_117' title='bbox 837 1994 932 2047; x_wconf 74' lang='grc' dir='ltr'>καὶ</span> <span class='ocrx_word' id='word_1_118' title='bbox 997 1993 1292 2063; x_wconf 80' lang='grc' dir='ltr'>πειθούσης</span> <span class='ocrx_word' id='word_1_119' title='bbox 1362 1997 1637 2066; x_wconf 78' lang='grc' dir='ltr'>προτιμᾷν</span> <span class='ocrx_word' id='word_1_120' title='bbox 1700 1996 1812 2049; x_wconf 85' lang='grc' dir='ltr'><strong>τῶν</strong></span> 
     </span>
    </p>
   </div>
   <div class='ocr_carea' id='block_1_21' title="bbox 241 2086 1814 2161">
    <p class='ocr_par' dir='ltr' id='par_1_21' title="bbox 241 2086 1814 2161">
     <span class='ocr_line' id='line_1_21' title="bbox 241 2086 1814 2161; baseline 0.002 -20"><span class='ocrx_word' id='word_1_121' title='bbox 241 2087 464 2153; x_wconf 75' lang='grc' dir='ltr'>ὑλικῶν,</span> <span class='ocrx_word' id='word_1_122' title='bbox 492 2086 561 2141; x_wconf 77' lang='grc' dir='ltr'><strong>τά</strong></span> <span class='ocrx_word' id='word_1_123' title='bbox 582 2088 719 2142; x_wconf 81' lang='grc' dir='ltr'>άῦλα</span> <span class='ocrx_word' id='word_1_124' title='bbox 742 2104 757 2118; x_wconf 86' lang='grc'><strong>·</strong></span> <span class='ocrx_word' id='word_1_125' title='bbox 790 2089 886 2142; x_wconf 79' lang='grc' dir='ltr'>καὶ</span> <span class='ocrx_word' id='word_1_126' title='bbox 914 2088 1024 2142; x_wconf 88' lang='grc' dir='ltr'><strong>τῶν</strong></span> <span class='ocrx_word' id='word_1_127' title='bbox 1063 2087 1339 2147; x_wconf 81' lang='grc' dir='ltr'>αἰσθητῶν</span> <span class='ocrx_word' id='word_1_128' title='bbox 1406 2088 1478 2143; x_wconf 85' lang='grc' dir='ltr'><strong>τά</strong></span> <span class='ocrx_word' id='word_1_129' title='bbox 1514 2090 1684 2161; x_wconf 86' lang='grc' dir='ltr'>νοητά</span> <span class='ocrx_word' id='word_1_130' title='bbox 1719 2091 1814 2145; x_wconf 77' lang='grc' dir='ltr'>καὶ</span> 
     </span>
    </p>
   </div>
   <div class='ocr_carea' id='block_1_22' title="bbox 242 2184 381 2239">
    <p class='ocr_par' dir='ltr' id='par_1_22' title="bbox 242 2184 381 2239">
     <span class='ocr_line' id='line_1_22' title="bbox 242 2184 381 2239; baseline 0.014 -2"><span class='ocrx_word' id='word_1_131' title='bbox 242 2184 381 2239; x_wconf 79' lang='grc' dir='ltr'>θεῖα.</span> 
     </span>
    </p>
   </div>
   <div class='ocr_carea' id='block_1_23' title="bbox 309 2276 1812 2350">
    <p class='ocr_par' dir='ltr' id='par_1_23' title="bbox 309 2276 1812 2350">
     <span class='ocr_line' id='line_1_23' title="bbox 309 2276 1812 2350; baseline -0.001 -17"><span class='ocrx_word' id='word_1_132' title='bbox 309 2277 413 2349; x_wconf 81' lang='grc' dir='ltr'>ξη’.</span> <span class='ocrx_word' id='word_1_133' title='bbox 457 2276 787 2342; x_wconf 55' lang='grc' dir='ltr'>Οὐνπάντως</span> <span class='ocrx_word' id='word_1_134' title='bbox 830 2279 860 2332; x_wconf 84' lang='grc' dir='ltr'><strong>ὁ</strong></span> <span class='ocrx_word' id='word_1_135' title='bbox 896 2280 966 2333; x_wconf 76' lang='grc' dir='ltr'><strong>τὰ</strong></span> <span class='ocrx_word' id='word_1_136' title='bbox 1000 2278 1147 2350; x_wconf 89' lang='grc' dir='ltr'>πάθη</span> <span class='ocrx_word' id='word_1_137' title='bbox 1177 2277 1438 2348; x_wconf 81' lang='grc' dir='ltr'>ἐκκόψας,</span> <span class='ocrx_word' id='word_1_138' title='bbox 1485 2278 1581 2333; x_wconf 71' lang='grc' dir='ltr'><strong>καὶ</strong></span> <span class='ocrx_word' id='word_1_139' title='bbox 1621 2277 1812 2348; x_wconf 77' lang='grc' dir='ltr'>ψιλοὺς</span> 
     </span>
    </p>
   </div>
   <div class='ocr_carea' id='block_1_24' title="bbox 239 2367 1809 2441">
    <p class='ocr_par' dir='ltr' id='par_1_24' title="bbox 239 2367 1809 2441">
     <span class='ocr_line' id='line_1_24' title="bbox 239 2367 1809 2441; baseline 0.001 -20"><span class='ocrx_word' id='word_1_140' title='bbox 239 2369 366 2432; x_wconf 71' lang='grc' dir='ltr'>τοὺς</span> <span class='ocrx_word' id='word_1_141' title='bbox 386 2367 682 2438; x_wconf 80' lang='grc' dir='ltr'>λογισμοὺς</span> <span class='ocrx_word' id='word_1_142' title='bbox 728 2368 1126 2441; x_wconf 88' lang='grc' dir='ltr'>ἐργασάμενος,</span> <span class='ocrx_word' id='word_1_143' title='bbox 1160 2368 1264 2441; x_wconf 76' lang='grc' dir='ltr'>ἤδη</span> <span class='ocrx_word' id='word_1_144' title='bbox 1312 2368 1452 2423; x_wconf 80' lang='grc' dir='ltr'>αὐτὰ</span> <span class='ocrx_word' id='word_1_145' title='bbox 1492 2368 1589 2422; x_wconf 75' lang='grc' dir='ltr'>καὶ</span> <span class='ocrx_word' id='word_1_146' title='bbox 1616 2369 1710 2422; x_wconf 86' lang='grc' dir='ltr'>ἐπὶ</span> <span class='ocrx_word' id='word_1_147' title='bbox 1737 2368 1809 2423; x_wconf 83' lang='grc' dir='ltr'><strong>τά</strong></span> 
     </span>
    </p>
   </div>
   <div class='ocr_carea' id='block_1_25' title="bbox 240 2460 1810 2533">
    <p class='ocr_par' dir='ltr' id='par_1_25' title="bbox 240 2460 1810 2533">
     <span class='ocr_line' id='line_1_25' title="bbox 240 2460 1810 2533; baseline 0.001 -20"><span class='ocrx_word' id='word_1_148' title='bbox 240 2461 360 2515; x_wconf 79' lang='grc' dir='ltr'>θεῖα</span> <span class='ocrx_word' id='word_1_149' title='bbox 398 2461 625 2531; x_wconf 75' lang='grc' dir='ltr'>ἔτρεψεν</span> <span class='ocrx_word' id='word_1_150' title='bbox 650 2474 669 2490; x_wconf 89' lang='grc'><strong>·</strong></span> <span class='ocrx_word' id='word_1_151' title='bbox 713 2461 850 2515; x_wconf 85' lang='grc' dir='ltr'><strong>ἀλλά</strong></span> <span class='ocrx_word' id='word_1_152' title='bbox 884 2462 1129 2525; x_wconf 85' lang='grc' dir='ltr'>δύναται,</span> <span class='ocrx_word' id='word_1_153' title='bbox 1163 2463 1301 2533; x_wconf 85' lang='grc' dir='ltr'>μήτε</span> <span class='ocrx_word' id='word_1_154' title='bbox 1332 2460 1470 2532; x_wconf 80' lang='grc' dir='ltr'>πρὸς</span> <span class='ocrx_word' id='word_1_155' title='bbox 1495 2461 1564 2515; x_wconf 85' lang='grc' dir='ltr'><strong>τά</strong></span> <span class='ocrx_word' id='word_1_156' title='bbox 1594 2460 1810 2533; x_wconf 75' lang='grc' dir='ltr'><strong>ἀνθρώ⁴</strong></span> 
     </span>
    </p>
   </div>
   <div class='ocr_carea' id='block_1_26' title="bbox 239 2551 1810 2624">
    <p class='ocr_par' dir='ltr' id='par_1_26' title="bbox 239 2551 1810 2624">
     <span class='ocr_line' id='line_1_26' title="bbox 239 2551 1810 2624; baseline -0.001 -19"><span class='ocrx_word' id='word_1_157' title='bbox 239 2568 369 2605; x_wconf 88' lang='grc' dir='ltr'>πινα</span> <span class='ocrx_word' id='word_1_158' title='bbox 402 2554 652 2624; x_wconf 81' lang='grc' dir='ltr'>πάσχειν,</span> <span class='ocrx_word' id='word_1_159' title='bbox 709 2554 846 2624; x_wconf 81' lang='grc' dir='ltr'>μήτε</span> <span class='ocrx_word' id='word_1_160' title='bbox 891 2552 1030 2624; x_wconf 85' lang='grc' dir='ltr'>πρὸς</span> <span class='ocrx_word' id='word_1_161' title='bbox 1076 2552 1146 2607; x_wconf 74' lang='grc' dir='ltr'><strong>τά</strong></span> <span class='ocrx_word' id='word_1_162' title='bbox 1193 2551 1345 2607; x_wconf 83' lang='grc' dir='ltr'>θεῖα·</span> <span class='ocrx_word' id='word_1_163' title='bbox 1401 2552 1537 2622; x_wconf 84' lang='grc' dir='ltr'>ὅπερ</span> <span class='ocrx_word' id='word_1_164' title='bbox 1572 2553 1810 2623; x_wconf 84' lang='grc' dir='ltr'>ἐπισυμ-</span> 
     </span>
    </p>
   </div>
   <div class='ocr_carea' id='block_1_27' title="bbox 239 2642 1810 2715">
    <p class='ocr_par' dir='ltr' id='par_1_27' title="bbox 239 2642 1810 2715">
     <span class='ocr_line' id='line_1_27' title="bbox 239 2642 1810 2715; baseline 0.002 -21"><span class='ocrx_word' id='word_1_165' title='bbox 239 2642 412 2695; x_wconf 84' lang='grc' dir='ltr'>ϐαίνει</span> <span class='ocrx_word' id='word_1_166' title='bbox 436 2645 527 2698; x_wconf 75' lang='grc' dir='ltr'>ἐπὶ</span> <span class='ocrx_word' id='word_1_167' title='bbox 554 2644 665 2697; x_wconf 90' lang='grc' dir='ltr'><strong>τῶν</strong></span> <span class='ocrx_word' id='word_1_168' title='bbox 691 2644 1008 2713; x_wconf 83' lang='grc' dir='ltr'>πρακτικῶν</span> <span class='ocrx_word' id='word_1_169' title='bbox 1043 2644 1222 2715; x_wconf 88' lang='grc' dir='ltr'>μόνον,</span> <span class='ocrx_word' id='word_1_170' title='bbox 1244 2645 1338 2697; x_wconf 75' lang='grc' dir='ltr'><strong>καὶ</strong></span> <span class='ocrx_word' id='word_1_171' title='bbox 1358 2645 1524 2714; x_wconf 75' lang='grc' dir='ltr'>μήπω</span> <span class='ocrx_word' id='word_1_172' title='bbox 1539 2643 1810 2712; x_wconf 69' lang='grc' dir='ltr'>ἶγνὼσεως</span> 
     </span>
    </p>
   </div>
   <div class='ocr_carea' id='block_1_28' title="bbox 238 2734 1809 2807">
    <p class='ocr_par' dir='ltr' id='par_1_28' title="bbox 238 2734 1809 2807">
     <span class='ocr_line' id='line_1_28' title="bbox 238 2734 1809 2807; baseline 0.003 -21"><span class='ocrx_word' id='word_1_173' title='bbox 238 2734 682 2801; x_wconf 78' lang='grc' dir='ltr'>καταξιωθέντων</span> <span class='ocrx_word' id='word_1_174' title='bbox 713 2736 824 2807; x_wconf 77' lang='grc'><strong>(51)</strong></span> <span class='ocrx_word' id='word_1_175' title='bbox 845 2751 862 2769; x_wconf 77' lang='grc' dir='ltr'><strong>ο</strong></span> <span class='ocrx_word' id='word_1_176' title='bbox 921 2736 972 2789; x_wconf 81' lang='grc' dir='ltr'>οἳ</span> <span class='ocrx_word' id='word_1_177' title='bbox 1012 2735 1162 2806; x_wconf 85' lang='grc' dir='ltr'>φόϐῳ</span> <span class='ocrx_word' id='word_1_178' title='bbox 1210 2736 1506 2804; x_wconf 81' lang='grc' dir='ltr'>κολάσεως,</span> <span class='ocrx_word' id='word_1_179' title='bbox 1544 2735 1579 2807; x_wconf 73' lang='grc' dir='ltr'>ἢ</span> <span class='ocrx_word' id='word_1_180' title='bbox 1631 2735 1809 2790; x_wconf 84' lang='grc' dir='ltr'>ἐλπίδι</span> 
     </span>
    </p>
   </div>
   <div class='ocr_carea' id='block_1_29' title="bbox 242 2822 1217 2897">
    <p class='ocr_par' dir='ltr' id='par_1_29' title="bbox 242 2822 1217 2897">
     <span class='ocr_line' id='line_1_29' title="bbox 242 2822 1217 2897; baseline 0.003 -20"><span class='ocrx_word' id='word_1_181' title='bbox 242 2822 520 2894; x_wconf 87' lang='grc' dir='ltr'>βασιλείας</span> <span class='ocrx_word' id='word_1_182' title='bbox 541 2825 652 2879; x_wconf 87' lang='grc' dir='ltr'><strong>τῶν</strong></span> <span class='ocrx_word' id='word_1_183' title='bbox 686 2824 875 2881; x_wconf 85' lang='grc' dir='ltr'>παθῶν</span> <span class='ocrx_word' id='word_1_184' title='bbox 898 2826 1217 2897; x_wconf 76' lang='grc' dir='ltr'>ἀπέχονται.</span> 
     </span>
    </p>
   </div>
   <div class='ocr_carea' id='block_1_30' title="bbox 305 2996 1805 3070">
    <p class='ocr_par' dir='ltr' id='par_1_30' title="bbox 305 2996 1805 3070">
     <span class='ocr_line' id='line_1_30' title="bbox 305 2996 1805 3070; baseline 0.001 -19"><span class='ocrx_word' id='word_1_185' title='bbox 305 2996 367 3063; x_wconf 80' lang='grc' dir='ltr'><strong>ξθ</strong></span> <span class='ocrx_word' id='word_1_186' title='bbox 389 3037 406 3054; x_wconf 96' lang='grc'><strong>.</strong></span> <span class='ocrx_word' id='word_1_187' title='bbox 436 2998 539 3053; x_wconf 88' lang='grc' dir='ltr'><strong>Διὰ</strong></span> <span class='ocrx_word' id='word_1_188' title='bbox 564 3000 824 3068; x_wconf 80' lang='grc' dir='ltr'>πίστεως</span> <span class='ocrx_word' id='word_1_189' title='bbox 860 2999 1326 3070; x_wconf 77' lang='grc' dir='ltr'>περιπατοῦμεν,</span> <span class='ocrx_word' id='word_1_190' title='bbox 1356 3000 1428 3054; x_wconf 84' lang='grc' dir='ltr'>οὐ</span> <span class='ocrx_word' id='word_1_191' title='bbox 1454 2999 1553 3053; x_wconf 83' lang='grc' dir='ltr'>διὰ</span> <span class='ocrx_word' id='word_1_192' title='bbox 1572 2998 1805 3063; x_wconf 80' lang='grc' dir='ltr'>εἴδους·</span> 
     </span>
    </p>
   </div>
   <div class='ocr_carea' id='block_1_31' title="bbox 237 3088 1804 3162">
    <p class='ocr_par' dir='ltr' id='par_1_31' title="bbox 237 3088 1804 3162">
     <span class='ocr_line' id='line_1_31' title="bbox 237 3088 1804 3162; baseline -0.001 -19"><span class='ocrx_word' id='word_1_193' title='bbox 237 3090 333 3143; x_wconf 78' lang='grc' dir='ltr'>καὶ</span> <span class='ocrx_word' id='word_1_194' title='bbox 351 3091 410 3143; x_wconf 86' lang='grc' dir='ltr'><strong>ἐν</strong></span> <span class='ocrx_word' id='word_1_195' title='bbox 434 3090 719 3161; x_wconf 77' lang='grc' dir='ltr'>ἐσόπτροις</span> <span class='ocrx_word' id='word_1_196' title='bbox 731 3090 830 3162; x_wconf 84' lang='grc' dir='ltr'>τὴν</span> <span class='ocrx_word' id='word_1_197' title='bbox 845 3091 1046 3159; x_wconf 89' lang='grc' dir='ltr'>γνῶσιν</span> <span class='ocrx_word' id='word_1_198' title='bbox 1065 3089 1261 3160; x_wconf 73' lang='grc' dir='ltr'>ἔχομεν</span> <span class='ocrx_word' id='word_1_199' title='bbox 1281 3089 1358 3161; x_wconf 85' lang='grc' dir='ltr'>(ιι)</span> <span class='ocrx_word' id='word_1_200' title='bbox 1378 3088 1473 3143; x_wconf 77' lang='grc' dir='ltr'>καὶ</span> <span class='ocrx_word' id='word_1_201' title='bbox 1496 3089 1804 3159; x_wconf 83' lang='grc' dir='ltr'>αἰνίγμασι.</span> 
     </span>
    </p>
   </div>
   <div class='ocr_carea' id='block_1_32' title="bbox 238 3179 1878 3264">
    <p class='ocr_par' dir='ltr' id='par_1_32' title="bbox 238 3179 1878 3264">
     <span class='ocr_line' id='line_1_32' title="bbox 238 3179 1878 3264; baseline -0.003 -28"><span class='ocrx_word' id='word_1_202' title='bbox 238 3183 350 3236; x_wconf 71' lang='grc' dir='ltr'><strong>Καὶ</strong></span> <span class='ocrx_word' id='word_1_203' title='bbox 373 3182 464 3236; x_wconf 79' lang='grc' dir='ltr'>διὰ</span> <span class='ocrx_word' id='word_1_204' title='bbox 488 3183 662 3246; x_wconf 84' lang='grc' dir='ltr'>τοῦτο,</span> <span class='ocrx_word' id='word_1_205' title='bbox 698 3181 897 3254; x_wconf 84' lang='grc' dir='ltr'>πολλῆς</span> <span class='ocrx_word' id='word_1_206' title='bbox 938 3179 1174 3253; x_wconf 88' lang='grc' dir='ltr'>δεόμεθα</span> <span class='ocrx_word' id='word_1_207' title='bbox 1201 3181 1301 3253; x_wconf 81' lang='grc' dir='ltr'>τῆς</span> <span class='ocrx_word' id='word_1_208' title='bbox 1330 3184 1388 3235; x_wconf 88' lang='grc' dir='ltr'><strong>ἐν</strong></span> <span class='ocrx_word' id='word_1_209' title='bbox 1428 3181 1614 3243; x_wconf 76' lang='grc' dir='ltr'>αὐτοῖς</span> <span class='ocrx_word' id='word_1_210' title='bbox 1640 3181 1807 3250; x_wconf 86' lang='grc' dir='ltr'>ἀσχο-</span> <span class='ocrx_word' id='word_1_211' title='bbox 1834 3205 1878 3264; x_wconf 79' lang='lat' dir='ltr'>c</span> 
     </span>
    </p>
   </div>
   <div class='ocr_carea' id='block_1_33' title="bbox 233 3271 1806 3345">
    <p class='ocr_par' dir='ltr' id='par_1_33' title="bbox 233 3271 1806 3345">
     <span class='ocr_line' id='line_1_33' title="bbox 233 3271 1806 3345; baseline -0.003 -18"><span class='ocrx_word' id='word_1_212' title='bbox 233 3272 379 3338; x_wconf 85' lang='grc' dir='ltr'>λίας,</span> <span class='ocrx_word' id='word_1_213' title='bbox 426 3275 515 3329; x_wconf 78' lang='grc' dir='ltr'><strong>ἵνα</strong></span> <span class='ocrx_word' id='word_1_214' title='bbox 547 3276 611 3345; x_wconf 76' lang='grc' dir='ltr'>τῇ</span> <span class='ocrx_word' id='word_1_215' title='bbox 642 3274 834 3345; x_wconf 81' lang='grc' dir='ltr'>χρονίᾳ</span> <span class='ocrx_word' id='word_1_216' title='bbox 868 3273 1076 3328; x_wconf 82' lang='grc' dir='ltr'>τούτων</span> <span class='ocrx_word' id='word_1_217' title='bbox 1112 3272 1314 3345; x_wconf 83' lang='grc' dir='ltr'>μελέτῃ</span> <span class='ocrx_word' id='word_1_218' title='bbox 1362 3273 1457 3327; x_wconf 74' lang='grc' dir='ltr'>καὶ</span> <span class='ocrx_word' id='word_1_219' title='bbox 1497 3271 1806 3343; x_wconf 76' lang='grc' dir='ltr'>ἀδολεσχία,</span> 
     </span>
    </p>
   </div>
   <div class='ocr_carea' id='block_1_34' title="bbox 229 3365 1739 3439">
    <p class='ocr_par' dir='ltr' id='par_1_34' title="bbox 229 3365 1739 3439">
     <span class='ocr_line' id='line_1_34' title="bbox 229 3365 1739 3439; baseline -0.002 -17"><span class='ocrx_word' id='word_1_220' title='bbox 229 3367 347 3435; x_wconf 79' lang='grc' dir='ltr'>Ξξιν</span> <span class='ocrx_word' id='word_1_221' title='bbox 380 3367 829 3424; x_wconf 86' lang='grc' dir='ltr'>δυσαπόσπαστον</span> <span class='ocrx_word' id='word_1_222' title='bbox 857 3368 967 3422; x_wconf 86' lang='grc' dir='ltr'><strong>τῶν</strong></span> <span class='ocrx_word' id='word_1_223' title='bbox 992 3366 1366 3439; x_wconf 85' lang='grc' dir='ltr'>θεωρημάτων</span> <span class='ocrx_word' id='word_1_224' title='bbox 1395 3365 1739 3438; x_wconf 82' lang='grc' dir='ltr'>ποιήσωμεν.</span> 
     </span>
    </p>
   </div>
   <div class='ocr_carea' id='block_1_35' title="bbox 299 3536 1809 3616">
    <p class='ocr_par' dir='ltr' id='par_1_35' title="bbox 299 3536 1809 3616">
     <span class='ocr_line' id='line_1_35' title="bbox 299 3536 1809 3616; baseline -0.004 -18"><span class='ocrx_word' id='word_1_225' title='bbox 299 3541 369 3601; x_wconf 86' lang='lat' dir='ltr'><strong>o&#39;.</strong></span> <span class='ocrx_word' id='word_1_226' title='bbox 414 3543 541 3599; x_wconf 81' lang='grc' dir='ltr'>Ἐὰν</span> <span class='ocrx_word' id='word_1_227' title='bbox 568 3543 706 3616; x_wconf 79' lang='grc' dir='ltr'>πρὸς</span> <span class='ocrx_word' id='word_1_228' title='bbox 731 3542 910 3613; x_wconf 78' lang='grc' dir='ltr'>ὀλίγον</span> <span class='ocrx_word' id='word_1_229' title='bbox 931 3542 1041 3596; x_wconf 88' lang='grc' dir='ltr'><strong>τῶν</strong></span> <span class='ocrx_word' id='word_1_230' title='bbox 1066 3540 1258 3595; x_wconf 89' lang='grc' dir='ltr'>παθῶν</span> <span class='ocrx_word' id='word_1_231' title='bbox 1283 3539 1383 3602; x_wconf 83' lang='grc' dir='ltr'><strong>τὰς</strong></span> <span class='ocrx_word' id='word_1_232' title='bbox 1422 3536 1601 3602; x_wconf 87' lang='grc' dir='ltr'>αίτίας</span> <span class='ocrx_word' id='word_1_233' title='bbox 1636 3537 1809 3592; x_wconf 85' lang='grc' dir='ltr'>ἐκκό-</span> 
     </span>
    </p>
   </div>
   <div class='ocr_carea' id='block_1_36' title="bbox 226 3630 1805 3707">
    <p class='ocr_par' dir='ltr' id='par_1_36' title="bbox 226 3630 1805 3707">
     <span class='ocr_line' id='line_1_36' title="bbox 226 3630 1805 3707; baseline -0.005 -16"><span class='ocrx_word' id='word_1_234' title='bbox 226 3638 439 3707; x_wconf 75' lang='grc' dir='ltr'>ψαντες</span> <span class='ocrx_word' id='word_1_235' title='bbox 460 3637 573 3699; x_wconf 82' lang='grc' dir='ltr'>τοῖς</span> <span class='ocrx_word' id='word_1_236' title='bbox 591 3636 978 3706; x_wconf 78' lang='grc' dir='ltr'>πνευματικοῖς</span> <span class='ocrx_word' id='word_1_237' title='bbox 991 3630 1444 3703; x_wconf 80' lang='grc' dir='ltr'>ἐνασχοληθῶμεν</span> <span class='ocrx_word' id='word_1_238' title='bbox 1463 3630 1805 3701; x_wconf 87' lang='grc' dir='ltr'>θεωρήμασι,</span> 
     </span>
    </p>
   </div>
   <div class='ocr_carea' id='block_1_37' title="bbox 231 3720 1808 3799">
    <p class='ocr_par' dir='ltr' id='par_1_37' title="bbox 231 3720 1808 3799">
     <span class='ocr_line' id='line_1_37' title="bbox 231 3720 1808 3799; baseline -0.004 -19"><span class='ocrx_word' id='word_1_239' title='bbox 231 3728 313 3799; x_wconf 83' lang='grc' dir='ltr'>μὴ</span> <span class='ocrx_word' id='word_1_240' title='bbox 346 3728 406 3781; x_wconf 86' lang='grc' dir='ltr'><strong>ἐν</strong></span> <span class='ocrx_word' id='word_1_241' title='bbox 430 3726 611 3791; x_wconf 78' lang='grc' dir='ltr'>αὐτοῖς</span> <span class='ocrx_word' id='word_1_242' title='bbox 630 3726 687 3779; x_wconf 73' lang='grc' dir='ltr'>δὲ</span> <span class='ocrx_word' id='word_1_243' title='bbox 715 3727 802 3780; x_wconf 72' lang='grc' dir='ltr'>ἀεὶ</span> <span class='ocrx_word' id='word_1_244' title='bbox 816 3725 1208 3797; x_wconf 78' lang='grc' dir='ltr'>διατρίψωμεν,</span> <span class='ocrx_word' id='word_1_245' title='bbox 1241 3721 1377 3777; x_wconf 79' lang='grc' dir='ltr'>αὐτὸ</span> <span class='ocrx_word' id='word_1_246' title='bbox 1403 3720 1562 3775; x_wconf 85' lang='grc' dir='ltr'>τοῦτο</span> <span class='ocrx_word' id='word_1_247' title='bbox 1594 3720 1808 3791; x_wconf 80' lang='grc' dir='ltr'>ἔχοντες</span> 
     </span>
    </p>
   </div>
   <div class='ocr_carea' id='block_1_38' title="bbox 227 3815 1806 3895">
    <p class='ocr_par' dir='ltr' id='par_1_38' title="bbox 227 3815 1806 3895">
     <span class='ocr_line' id='line_1_38' title="bbox 227 3815 1806 3895; baseline -0.004 -21"><span class='ocrx_word' id='word_1_248' title='bbox 227 3823 417 3893; x_wconf 81' lang='grc' dir='ltr'>ἔργον,</span> <span class='ocrx_word' id='word_1_249' title='bbox 454 3822 696 3895; x_wconf 80' lang='grc' dir='ltr'>εὐχερῶς</span> <span class='ocrx_word' id='word_1_250' title='bbox 719 3821 883 3876; x_wconf 89' lang='grc' dir='ltr'>πάλιν</span> <span class='ocrx_word' id='word_1_251' title='bbox 903 3821 995 3873; x_wconf 78' lang='grc' dir='ltr'>ἐπὶ</span> <span class='ocrx_word' id='word_1_252' title='bbox 1022 3819 1095 3873; x_wconf 83' lang='grc' dir='ltr'><strong>τὰ</strong></span> <span class='ocrx_word' id='word_1_253' title='bbox 1120 3818 1223 3889; x_wconf 81' lang='grc' dir='ltr'>τῆς</span> <span class='ocrx_word' id='word_1_254' title='bbox 1252 3816 1454 3887; x_wconf 83' lang='grc' dir='ltr'>σαρκὸς</span> <span class='ocrx_word' id='word_1_255' title='bbox 1475 3815 1625 3885; x_wconf 86' lang='grc' dir='ltr'>πάθη</span> <span class='ocrx_word' id='word_1_256' title='bbox 1647 3832 1806 3886; x_wconf 82' lang='grc' dir='ltr'>περιο</span> 
     </span>
    </p>
   </div>
   <div class='ocr_carea' id='block_1_39' title="bbox 226 3906 1805 3982">
    <p class='ocr_par' dir='ltr' id='par_1_39' title="bbox 226 3906 1805 3982">
     <span class='ocr_line' id='line_1_39' title="bbox 226 3906 1805 3982; baseline -0.003 -19"><span class='ocrx_word' id='word_1_257' title='bbox 226 3910 552 3982; x_wconf 83' lang='grc' dir='ltr'>τρεπόμεθα</span> <span class='ocrx_word' id='word_1_258' title='bbox 581 3912 694 3981; x_wconf 72' lang='lat'><strong>(‘52)</strong></span> <span class='ocrx_word' id='word_1_259' title='bbox 712 3927 727 3941; x_wconf 78' lang='lat'><strong><em>°</em></strong></span> <span class='ocrx_word' id='word_1_260' title='bbox 766 3910 936 3982; x_wconf 83' lang='grc' dir='ltr'>μηδὲν</span> <span class='ocrx_word' id='word_1_261' title='bbox 962 3909 1092 3965; x_wconf 78' lang='grc' dir='ltr'>ἄλλο</span> <span class='ocrx_word' id='word_1_262' title='bbox 1120 3907 1332 3962; x_wconf 80' lang='grc' dir='ltr'>ἐκεῖθεν</span> <span class='ocrx_word' id='word_1_263' title='bbox 1354 3906 1805 3978; x_wconf 82' lang='grc' dir='ltr'>καρπωσάμενοι,</span> 
     </span>
    </p>
   </div>
   <div class='ocr_carea' id='block_1_40' title="bbox 227 3994 1804 4074">
    <p class='ocr_par' dir='ltr' id='par_1_40' title="bbox 227 3994 1804 4074">
     <span class='ocr_line' id='line_1_40' title="bbox 227 3994 1804 4074; baseline -0.001 -20"><span class='ocrx_word' id='word_1_264' title='bbox 227 4002 265 4074; x_wconf 74' lang='grc' dir='ltr'>ἢ</span> <span class='ocrx_word' id='word_1_265' title='bbox 307 4000 473 4074; x_wconf 72' lang='grc' dir='ltr'>ψιλὴν</span> <span class='ocrx_word' id='word_1_266' title='bbox 524 4002 725 4072; x_wconf 84' lang='grc' dir='ltr'>γνῶσιν</span> <span class='ocrx_word' id='word_1_267' title='bbox 765 4003 904 4074; x_wconf 85' lang='grc' dir='ltr'>μετὰ</span> <span class='ocrx_word' id='word_1_268' title='bbox 944 4003 1213 4073; x_wconf 74' lang='grc' dir='ltr'>οἰήσεως⁶</span> <span class='ocrx_word' id='word_1_269' title='bbox 1267 3994 1336 4073; x_wconf 81' lang='grc' dir='ltr'>ἦς</span> <span class='ocrx_word' id='word_1_270' title='bbox 1376 3998 1636 4064; x_wconf 80' lang='grc' dir='ltr'>τὸτέλος,</span> <span class='ocrx_word' id='word_1_271' title='bbox 1681 4000 1718 4069; x_wconf 74' lang='grc' dir='ltr'>ἦ</span> <span class='ocrx_word' id='word_1_272' title='bbox 1742 4016 1804 4053; x_wconf 87' lang='grc' dir='ltr'><strong>τε</strong></span> 
     </span>
    </p>
   </div>
   <div class='ocr_carea' id='block_1_41' title="bbox 230 4090 1808 4165">
    <p class='ocr_par' dir='ltr' id='par_1_41' title="bbox 230 4090 1808 4165">
     <span class='ocr_line' id='line_1_41' title="bbox 230 4090 1808 4165; baseline -0.001 -19"><span class='ocrx_word' id='word_1_273' title='bbox 230 4094 408 4164; x_wconf 80' lang='grc' dir='ltr'>αὐτῆς</span> <span class='ocrx_word' id='word_1_274' title='bbox 440 4094 581 4149; x_wconf 85' lang='grc' dir='ltr'><strong>κατά</strong></span> <span class='ocrx_word' id='word_1_275' title='bbox 610 4094 805 4165; x_wconf 81' lang='grc' dir='ltr'>μικρὸν</span> <span class='ocrx_word' id='word_1_276' title='bbox 852 4094 953 4165; x_wconf 80' lang='grc' dir='ltr'><strong>τῆς</strong></span> <span class='ocrx_word' id='word_1_277' title='bbox 1001 4092 1253 4164; x_wconf 81' lang='grc' dir='ltr'>γνώσεως</span> <span class='ocrx_word' id='word_1_278' title='bbox 1299 4090 1588 4155; x_wconf 84' lang='grc' dir='ltr'>σκότωσις,</span> <span class='ocrx_word' id='word_1_279' title='bbox 1641 4090 1738 4145; x_wconf 77' lang='grc' dir='ltr'>καὶ</span> <span class='ocrx_word' id='word_1_280' title='bbox 1772 4091 1808 4162; x_wconf 78' lang='grc' dir='ltr'><strong>ἠ</strong></span> 
     </span>
    </p>
   </div>
   <div class='ocr_carea' id='block_1_42' title="bbox 232 4184 1453 4256">
    <p class='ocr_par' dir='ltr' id='par_1_42' title="bbox 232 4184 1453 4256">
     <span class='ocr_line' id='line_1_42' title="bbox 232 4184 1453 4256; baseline 0 -20"><span class='ocrx_word' id='word_1_281' title='bbox 232 4185 505 4256; x_wconf 79' lang='grc' dir='ltr'>παντελὴς</span> <span class='ocrx_word' id='word_1_282' title='bbox 535 4185 629 4239; x_wconf 87' lang='grc' dir='ltr'><strong>τοῦ</strong></span> <span class='ocrx_word' id='word_1_283' title='bbox 658 4185 752 4240; x_wconf 90' lang='grc' dir='ltr'><strong>νοῦ</strong></span> <span class='ocrx_word' id='word_1_284' title='bbox 779 4186 874 4239; x_wconf 74' lang='grc' dir='ltr'><strong>ἐπὶ</strong></span> <span class='ocrx_word' id='word_1_285' title='bbox 906 4185 974 4240; x_wconf 82' lang='grc' dir='ltr'><strong>τά</strong></span> <span class='ocrx_word' id='word_1_286' title='bbox 1000 4185 1163 4240; x_wconf 82' lang='grc' dir='ltr'>ὑλικά</span> <span class='ocrx_word' id='word_1_287' title='bbox 1187 4184 1453 4254; x_wconf 85' lang='grc' dir='ltr'>ἐκτροπή.</span> 
     </span>
    </p>
   </div>
   <div class='ocr_carea' id='block_1_43' title="bbox 1920 617 3493 692">
    <p class='ocr_par' dir='ltr' id='par_1_43' title="bbox 1920 617 3493 692">
     <span class='ocr_line' id='line_1_43' title="bbox 1920 617 3493 692; baseline 0.008 -21"><span class='ocrx_word' id='word_1_288' title='bbox 1920 617 2070 672; x_wconf 88' lang='lat' dir='ltr'><strong>circo</strong></span> <span class='ocrx_word' id='word_1_289' title='bbox 2102 633 2216 674; x_wconf 89' lang='lat' dir='ltr'><strong>non</strong></span> <span class='ocrx_word' id='word_1_290' title='bbox 2280 634 2487 688; x_wconf 91' lang='lat' dir='ltr'><strong>paucos</strong></span> <span class='ocrx_word' id='word_1_291' title='bbox 2532 621 2820 686; x_wconf 77' lang='lat' dir='ltr'><strong>invenias,</strong></span> <span class='ocrx_word' id='word_1_292' title='bbox 2874 622 2968 691; x_wconf 88' lang='lat' dir='ltr'><strong>qui</strong></span> <span class='ocrx_word' id='word_1_293' title='bbox 3001 623 3208 692; x_wconf 81' lang='lat' dir='ltr'><strong>ingenti</strong></span> <span class='ocrx_word' id='word_1_294' title='bbox 3262 627 3493 683; x_wconf 81' lang='lat' dir='ltr'><strong>scientia</strong></span> 
     </span>
    </p>
   </div>
   <div class='ocr_carea' id='block_1_44' title="bbox 1918 711 3494 781">
    <p class='ocr_par' dir='ltr' id='par_1_44' title="bbox 1918 711 3494 781">
     <span class='ocr_line' id='line_1_44' title="bbox 1918 711 3494 781; baseline 0.008 -17"><span class='ocrx_word' id='word_1_295' title='bbox 1918 711 2160 781; x_wconf 67' lang='lat' dir='ltr'><strong>praediti,</strong></span> <span class='ocrx_word' id='word_1_296' title='bbox 2222 727 2385 767; x_wconf 91' lang='lat' dir='ltr'><strong>suum</strong></span> <span class='ocrx_word' id='word_1_297' title='bbox 2416 728 2570 769; x_wconf 86' lang='lat' dir='ltr'><strong>more</strong></span> <span class='ocrx_word' id='word_1_298' title='bbox 2596 714 2651 768; x_wconf 92' lang='lat' dir='ltr'><strong>in</strong></span> <span class='ocrx_word' id='word_1_299' title='bbox 2679 730 2859 781; x_wconf 64' lang='lat' dir='ltr'><strong>caeno,</strong></span> <span class='ocrx_word' id='word_1_300' title='bbox 2912 716 2968 769; x_wconf 92' lang='lat' dir='ltr'><strong>in</strong></span> <span class='ocrx_word' id='word_1_301' title='bbox 2996 718 3179 772; x_wconf 88' lang='lat' dir='ltr'><strong>carnis</strong></span> <span class='ocrx_word' id='word_1_302' title='bbox 3205 719 3494 777; x_wconf 70' lang='lat' dir='ltr'><strong>affectibus</strong></span> 
     </span>
    </p>
   </div>
   <div class='ocr_carea' id='block_1_45' title="bbox 1918 803 3492 880">
    <p class='ocr_par' dir='ltr' id='par_1_45' title="bbox 1918 803 3492 880">
     <span class='ocr_line' id='line_1_45' title="bbox 1918 803 3492 880; baseline 0.007 -23"><span class='ocrx_word' id='word_1_303' title='bbox 1918 816 1985 859; x_wconf 85' lang='lat' dir='ltr'><strong>ac</strong></span> <span class='ocrx_word' id='word_1_304' title='bbox 2038 803 2365 860; x_wconf 81' lang='lat' dir='ltr'><strong>libidinibus</strong></span> <span class='ocrx_word' id='word_1_305' title='bbox 2404 806 2806 861; x_wconf 74' lang='lat' dir='ltr'><strong>volutentur”.</strong></span> <span class='ocrx_word' id='word_1_306' title='bbox 2864 808 3156 880; x_wconf 85' lang='lat' dir='ltr'><strong>Tantisper</strong></span> <span class='ocrx_word' id='word_1_307' title='bbox 3190 812 3360 879; x_wconf 84' lang='lat' dir='ltr'><strong>enim,</strong></span> <span class='ocrx_word' id='word_1_308' title='bbox 3406 830 3492 878; x_wconf 86' lang='lat' dir='ltr'><strong>ea,</strong></span> 
     </span>
    </p>
   </div>
   <div class='ocr_carea' id='block_1_46' title="bbox 1919 895 3494 972">
    <p class='ocr_par' dir='ltr' id='par_1_46' title="bbox 1919 895 3494 972">
     <span class='ocr_line' id='line_1_46' title="bbox 1919 895 3494 972; baseline 0.006 -25"><span class='ocrx_word' id='word_1_309' title='bbox 1919 909 2085 962; x_wconf 90' lang='lat' dir='ltr'><strong>quam</strong></span> <span class='ocrx_word' id='word_1_310' title='bbox 2148 895 2561 963; x_wconf 89' lang='lat' dir='ltr'><strong>adhibuerunt,</strong></span> <span class='ocrx_word' id='word_1_311' title='bbox 2619 896 2903 967; x_wconf 75' lang='lat' dir='ltr'><strong>diligentia</strong></span> <span class='ocrx_word' id='word_1_312' title='bbox 2960 901 3175 970; x_wconf 80' lang='lat' dir='ltr'><strong>purgati</strong></span> <span class='ocrx_word' id='word_1_313' title='bbox 3233 910 3494 972; x_wconf 78' lang='lat' dir='ltr'><strong>nactique</strong></span> 
     </span>
    </p>
   </div>
   <div class='ocr_carea' id='block_1_47' title="bbox 1919 984 3493 1059">
    <p class='ocr_par' dir='ltr' id='par_1_47' title="bbox 1919 984 3493 1059">
     <span class='ocr_line' id='line_1_47' title="bbox 1919 984 3493 1059; baseline 0.007 -22"><span class='ocrx_word' id='word_1_314' title='bbox 1919 984 2228 1050; x_wconf 87' lang='lat' dir='ltr'><strong>scientiam,</strong></span> <span class='ocrx_word' id='word_1_315' title='bbox 2256 987 2608 1056; x_wconf 88' lang='lat' dir='ltr'><strong>postmodum</strong></span> <span class='ocrx_word' id='word_1_316' title='bbox 2644 988 3069 1059; x_wconf 89' lang='lat' dir='ltr'><strong>negligentiores</strong></span> <span class='ocrx_word' id='word_1_317' title='bbox 3097 992 3301 1058; x_wconf 80' lang='lat' dir='ltr'><strong>ell‘ecti,</strong></span> <span class='ocrx_word' id='word_1_318' title='bbox 3342 993 3493 1048; x_wconf 86' lang='lat' dir='ltr'><strong>Sauli</strong></span> 
     </span>
    </p>
   </div>
   <div class='ocr_carea' id='block_1_48' title="bbox 1923 1076 3493 1152">
    <p class='ocr_par' dir='ltr' id='par_1_48' title="bbox 1923 1076 3493 1152">
     <span class='ocr_line' id='line_1_48' title="bbox 1923 1076 3493 1152; baseline 0.008 -23"><span class='ocrx_word' id='word_1_319' title='bbox 1923 1076 2131 1131; x_wconf 85' lang='lat' dir='ltr'><strong>similes</strong></span> <span class='ocrx_word' id='word_1_320' title='bbox 2161 1077 2515 1133; x_wconf 88' lang='lat' dir='ltr'><strong>exstiterunt.</strong></span> <span class='ocrx_word' id='word_1_321' title='bbox 2543 1079 2594 1133; x_wconf 91' lang='lat' dir='ltr'><strong>ls</strong></span> <span class='ocrx_word' id='word_1_322' title='bbox 2633 1094 2872 1149; x_wconf 89' lang='lat' dir='ltr'><strong>namque</strong></span> <span class='ocrx_word' id='word_1_323' title='bbox 2903 1096 3074 1152; x_wconf 84' lang='lat' dir='ltr'><strong>regno</strong></span> <span class='ocrx_word' id='word_1_324' title='bbox 3106 1083 3337 1151; x_wconf 84' lang='lat' dir='ltr'><strong>potitus,</strong></span> <span class='ocrx_word' id='word_1_325' title='bbox 3388 1100 3493 1141; x_wconf 89' lang='lat' dir='ltr'><strong>nec</strong></span> 
     </span>
    </p>
   </div>
   <div class='ocr_carea' id='block_1_49' title="bbox 1918 1167 3489 1244">
    <p class='ocr_par' dir='ltr' id='par_1_49' title="bbox 1918 1167 3489 1244">
     <span class='ocr_line' id='line_1_49' title="bbox 1918 1167 3489 1244; baseline 0.008 -22"><span class='ocrx_word' id='word_1_326' title='bbox 1918 1168 2015 1223; x_wconf 90' lang='lat' dir='ltr'><strong>illo</strong></span> <span class='ocrx_word' id='word_1_327' title='bbox 2040 1177 2102 1221; x_wconf 90' lang='lat' dir='ltr'><strong>ut</strong></span> <span class='ocrx_word' id='word_1_328' title='bbox 2125 1167 2351 1240; x_wconf 89' lang='lat' dir='ltr'><strong>dignum</strong></span> <span class='ocrx_word' id='word_1_329' title='bbox 2388 1170 2703 1242; x_wconf 61' lang='lat' dir='ltr'><strong>a38‘erat</strong></span> <span class='ocrx_word' id='word_1_330' title='bbox 2731 1188 2795 1227; x_wconf 86' lang='lat' dir='ltr'><strong>ac</strong></span> <span class='ocrx_word' id='word_1_331' title='bbox 2822 1188 2910 1228; x_wconf 89' lang='lat' dir='ltr'><strong>res</strong></span> <span class='ocrx_word' id='word_1_332' title='bbox 2947 1176 3209 1244; x_wconf 88' lang='lat' dir='ltr'><strong>poscebat</strong></span> <span class='ocrx_word' id='word_1_333' title='bbox 3251 1178 3489 1234; x_wconf 87' lang='lat' dir='ltr'><strong>admini-</strong></span> 
     </span>
    </p>
   </div>
   <div class='ocr_carea' id='block_1_50' title="bbox 1918 1256 3419 1336">
    <p class='ocr_par' dir='ltr' id='par_1_50' title="bbox 1918 1256 3419 1336">
     <span class='ocr_line' id='line_1_50' title="bbox 1918 1256 3419 1336; baseline 0.008 -26"><span class='ocrx_word' id='word_1_334' title='bbox 1918 1263 2112 1320; x_wconf 84' lang='lat' dir='ltr'><strong>strato,</strong></span> <span class='ocrx_word' id='word_1_335' title='bbox 2148 1256 2486 1313; x_wconf 79' lang='lat' dir='ltr'><strong>formidabili</strong></span> <span class='ocrx_word' id='word_1_336' title='bbox 2519 1260 2614 1315; x_wconf 65' lang='lat' dir='ltr'><strong>ira:</strong></span> <span class='ocrx_word' id='word_1_337' title='bbox 2634 1262 2904 1331; x_wconf 88' lang='lat' dir='ltr'><strong>exemplo,</strong></span> <span class='ocrx_word' id='word_1_338' title='bbox 2930 1278 2998 1317; x_wconf 89' lang='lat' dir='ltr'><strong>eo</strong></span> <span class='ocrx_word' id='word_1_339' title='bbox 3032 1264 3279 1336; x_wconf 86' lang='lat' dir='ltr'><strong>dejectus</strong></span> <span class='ocrx_word' id='word_1_340' title='bbox 3311 1277 3419 1324; x_wconf 88' lang='grc' dir='ltr'>εει.</span> 
     </span>
    </p>
   </div>
   <div class='ocr_carea' id='block_1_51' title="bbox 1987 1348 3493 1425">
    <p class='ocr_par' dir='ltr' id='par_1_51' title="bbox 1987 1348 3493 1425">
     <span class='ocr_line' id='line_1_51' title="bbox 1987 1348 3493 1425; baseline 0.007 -21"><span class='ocrx_word' id='word_1_341' title='bbox 1987 1348 2075 1404; x_wconf 87' lang='grc'><strong>67.</strong></span> <span class='ocrx_word' id='word_1_342' title='bbox 2111 1350 2582 1417; x_wconf 81' lang='lat' dir='ltr'><strong>Quemadmodum</strong></span> <span class='ocrx_word' id='word_1_343' title='bbox 2627 1353 2858 1423; x_wconf 83' lang='lat' dir='ltr'><strong>simplex</strong></span> <span class='ocrx_word' id='word_1_344' title='bbox 2891 1355 3147 1425; x_wconf 89' lang='lat' dir='ltr'><strong>nudaque</strong></span> <span class='ocrx_word' id='word_1_345' title='bbox 3174 1373 3357 1412; x_wconf 90' lang='lat' dir='ltr'><strong>rerum</strong></span> <span class='ocrx_word' id='word_1_346' title='bbox 3390 1360 3493 1413; x_wconf 90' lang='lat' dir='ltr'><strong>hu-</strong></span> 
     </span>
    </p>
   </div>
   <div class='ocr_carea' id='block_1_52' title="bbox 1916 1441 3492 1513">
    <p class='ocr_par' dir='ltr' id='par_1_52' title="bbox 1916 1441 3492 1513">
     <span class='ocr_line' id='line_1_52' title="bbox 1916 1441 3492 1513; baseline 0.007 -21"><span class='ocrx_word' id='word_1_347' title='bbox 1916 1453 2203 1494; x_wconf 87' lang='lat' dir='ltr'><strong>manarum</strong></span> <span class='ocrx_word' id='word_1_348' title='bbox 2247 1441 2530 1511; x_wconf 79' lang='lat' dir='ltr'><strong>cogitatio,</strong></span> <span class='ocrx_word' id='word_1_349' title='bbox 2560 1458 2673 1498; x_wconf 87' lang='lat' dir='ltr'><strong>non</strong></span> <span class='ocrx_word' id='word_1_350' title='bbox 2705 1443 2852 1513; x_wconf 79' lang='lat' dir='ltr'><strong>cogit</strong></span> <span class='ocrx_word' id='word_1_351' title='bbox 2884 1442 3125 1498; x_wconf 89' lang='lat' dir='ltr'><strong>animum</strong></span> <span class='ocrx_word' id='word_1_352' title='bbox 3162 1461 3250 1501; x_wconf 88' lang='lat' dir='ltr'><strong>res</strong></span> <span class='ocrx_word' id='word_1_353' title='bbox 3278 1447 3492 1503; x_wconf 89' lang='lat' dir='ltr'><strong>divinas</strong></span> 
     </span>
    </p>
   </div>
   <div class='ocr_carea' id='block_1_53' title="bbox 1915 1532 3501 1608">
    <p class='ocr_par' dir='ltr' id='par_1_53' title="bbox 1915 1532 3501 1608">
     <span class='ocr_line' id='line_1_53' title="bbox 1915 1532 3501 1608; baseline 0.009 -23"><span class='ocrx_word' id='word_1_354' title='bbox 1915 1532 2252 1600; x_wconf 83' lang='lat' dir='ltr'><strong>contemptui</strong></span> <span class='ocrx_word' id='word_1_355' title='bbox 2290 1532 2516 1599; x_wconf 87' lang='lat' dir='ltr'><strong>habere,</strong></span> <span class='ocrx_word' id='word_1_356' title='bbox 2551 1535 2632 1590; x_wconf 89' lang='lat' dir='ltr'><strong>sic</strong></span> <span class='ocrx_word' id='word_1_357' title='bbox 2653 1551 2756 1592; x_wconf 92' lang='lat' dir='ltr'><strong>nec</strong></span> <span class='ocrx_word' id='word_1_358' title='bbox 2790 1538 3023 1608; x_wconf 83' lang='lat' dir='ltr'><strong>simplex</strong></span> <span class='ocrx_word' id='word_1_359' title='bbox 3052 1539 3372 1598; x_wconf 87' lang='lat' dir='ltr'><strong>divinarum</strong></span> <span class='ocrx_word' id='word_1_360' title='bbox 3397 1559 3501 1600; x_wconf 84' lang='lat' dir='ltr'><strong>co--</strong></span> 
     </span>
    </p>
   </div>
   <div class='ocr_carea' id='block_1_54' title="bbox 1914 1621 3490 1704">
    <p class='ocr_par' dir='ltr' id='par_1_54' title="bbox 1914 1621 3490 1704">
     <span class='ocr_line' id='line_1_54' title="bbox 1914 1621 3490 1704; baseline 0.011 -32"><span class='ocrx_word' id='word_1_361' title='bbox 1914 1621 2086 1689; x_wconf 86' lang='lat' dir='ltr'><strong>gnitio</strong></span> <span class='ocrx_word' id='word_1_362' title='bbox 2113 1621 2569 1689; x_wconf 61' lang='lat' dir='ltr'><strong>ad,humanarum</strong></span> <span class='ocrx_word' id='word_1_363' title='bbox 2600 1642 2826 1695; x_wconf 87' lang='lat' dir='ltr'><strong>prorsus</strong></span> <span class='ocrx_word' id='word_1_364' title='bbox 2850 1636 3225 1699; x_wconf 88' lang='lat' dir='ltr'><strong>contemptum</strong></span> <span class='ocrx_word' id='word_1_365' title='bbox 3268 1634 3438 1704; x_wconf 81' lang='lat' dir='ltr'><strong>adigit</strong></span> <span class='ocrx_word' id='word_1_366' title='bbox 3474 1653 3490 1690; x_wconf 91' lang='lat'><strong>:</strong></span> 
     </span>
    </p>
   </div>
   <div class='ocr_carea' id='block_1_55' title="bbox 1914 1712 3493 1783">
    <p class='ocr_par' dir='ltr' id='par_1_55' title="bbox 1914 1712 3493 1783">
     <span class='ocr_line' id='line_1_55' title="bbox 1914 1712 3493 1783; baseline 0.011 -18"><span class='ocrx_word' id='word_1_367' title='bbox 1914 1712 2061 1781; x_wconf 91' lang='lat' dir='ltr'><strong>quod</strong></span> <span class='ocrx_word' id='word_1_368' title='bbox 2100 1728 2299 1783; x_wconf 88' lang='lat' dir='ltr'><strong>nempe</strong></span> <span class='ocrx_word' id='word_1_369' title='bbox 2331 1715 2558 1781; x_wconf 86' lang='lat' dir='ltr'><strong>veritas,</strong></span> <span class='ocrx_word' id='word_1_370' title='bbox 2591 1717 2861 1774; x_wconf 84' lang='lat' dir='ltr'><strong>hactenus</strong></span> <span class='ocrx_word' id='word_1_371' title='bbox 2893 1721 3056 1777; x_wconf 85' lang='lat' dir='ltr'><strong>nobis</strong></span> <span class='ocrx_word' id='word_1_372' title='bbox 3091 1723 3146 1777; x_wconf 90' lang='lat' dir='ltr'><strong>in</strong></span> <span class='ocrx_word' id='word_1_373' title='bbox 3185 1726 3394 1780; x_wconf 86' lang='lat' dir='ltr'><strong>umbris</strong></span> <span class='ocrx_word' id='word_1_374' title='bbox 3428 1742 3493 1783; x_wconf 87' lang='lat' dir='ltr'><strong>ac</strong></span> 
     </span>
    </p>
   </div>
   <div class='ocr_carea' id='block_1_56' title="bbox 1914 1802 3494 1879">
    <p class='ocr_par' dir='ltr' id='par_1_56' title="bbox 1914 1802 3494 1879">
     <span class='ocr_line' id='line_1_56' title="bbox 1914 1802 3494 1879; baseline 0.008 -21"><span class='ocrx_word' id='word_1_375' title='bbox 1914 1802 2227 1859; x_wconf 87' lang='lat' dir='ltr'><strong>simulacris</strong></span> <span class='ocrx_word' id='word_1_376' title='bbox 2270 1808 2553 1860; x_wconf 87' lang='lat' dir='ltr'><strong>consistat.</strong></span> <span class='ocrx_word' id='word_1_377' title='bbox 2604 1808 2855 1879; x_wconf 86' lang='lat' dir='ltr'><strong>Hincque</strong></span> <span class='ocrx_word' id='word_1_378' title='bbox 2888 1811 3027 1867; x_wconf 90' lang='lat' dir='ltr'><strong>adeo</strong></span> <span class='ocrx_word' id='word_1_379' title='bbox 3065 1823 3187 1879; x_wconf 91' lang='lat' dir='ltr'><strong>est,</strong></span> <span class='ocrx_word' id='word_1_380' title='bbox 3220 1826 3282 1870; x_wconf 89' lang='lat' dir='ltr'><strong>ut</strong></span> <span class='ocrx_word' id='word_1_381' title='bbox 3329 1817 3494 1872; x_wconf 89' lang='lat' dir='ltr'><strong>beato</strong></span> 
     </span>
    </p>
   </div>
   <div class='ocr_carea' id='block_1_57' title="bbox 1916 1894 3494 1972">
    <p class='ocr_par' dir='ltr' id='par_1_57' title="bbox 1916 1894 3494 1972">
     <span class='ocr_line' id='line_1_57' title="bbox 1916 1894 3494 1972; baseline 0.009 -24"><span class='ocrx_word' id='word_1_382' title='bbox 1916 1894 2206 1949; x_wconf 88' lang='lat' dir='ltr'><strong>cbaritatis</strong></span> <span class='ocrx_word' id='word_1_383' title='bbox 2234 1896 2433 1951; x_wconf 82' lang='lat' dir='ltr'><strong>ail&#39;ectu</strong></span> <span class='ocrx_word' id='word_1_384' title='bbox 2473 1914 2537 1952; x_wconf 88' lang='lat' dir='ltr'><strong>ac</strong></span> <span class='ocrx_word' id='word_1_385' title='bbox 2562 1900 2818 1968; x_wconf 86' lang='lat' dir='ltr'><strong>passione</strong></span> <span class='ocrx_word' id='word_1_386' title='bbox 2860 1902 3205 1972; x_wconf 87' lang='lat' dir='ltr'><strong>spiritalibus</strong></span> <span class='ocrx_word' id='word_1_387' title='bbox 3240 1917 3494 1963; x_wconf 63' lang='lat' dir='ltr'><strong>contenh</strong></span> 
     </span>
    </p>
   </div>
   <div class='ocr_carea' id='block_1_58' title="bbox 1913 1984 3489 2070">
    <p class='ocr_par' dir='ltr' id='par_1_58' title="bbox 1913 1984 3489 2070">
     <span class='ocr_line' id='line_1_58' title="bbox 1913 1984 3489 2070; baseline 0.011 -34"><span class='ocrx_word' id='word_1_388' title='bbox 1913 1984 2255 2054; x_wconf 87' lang='lat' dir='ltr'><strong>plationibus</strong></span> <span class='ocrx_word' id='word_1_389' title='bbox 2290 2002 2353 2041; x_wconf 89' lang='lat' dir='ltr'><strong>ac</strong></span> <span class='ocrx_word' id='word_1_390' title='bbox 2384 1989 2563 2043; x_wconf 88' lang='lat' dir='ltr'><strong>scnsis</strong></span> <span class='ocrx_word' id='word_1_391' title='bbox 2594 1998 2834 2047; x_wconf 88' lang='lat' dir='ltr'><strong>mentem</strong></span> <span class='ocrx_word' id='word_1_392' title='bbox 2866 1993 3175 2060; x_wconf 89' lang='lat' dir='ltr'><strong>addicente,</strong></span> <span class='ocrx_word' id='word_1_393' title='bbox 3215 1998 3489 2070; x_wconf 80' lang='lat' dir='ltr'><strong>indigeat;</strong></span> 
     </span>
    </p>
   </div>
   <div class='ocr_carea' id='block_1_59' title="bbox 1913 2081 3492 2155">
    <p class='ocr_par' dir='ltr' id='par_1_59' title="bbox 1913 2081 3492 2155">
     <span class='ocr_line' id='line_1_59' title="bbox 1913 2081 3492 2155; baseline 0.011 -25"><span class='ocrx_word' id='word_1_394' title='bbox 1913 2092 2141 2147; x_wconf 68' lang='lat' dir='ltr'><strong>quaeque</strong></span> <span class='ocrx_word' id='word_1_395' title='bbox 2180 2081 2449 2146; x_wconf 87' lang='lat' dir='ltr'><strong>terrenis,</strong></span> <span class='ocrx_word' id='word_1_396' title='bbox 2489 2096 2554 2135; x_wconf 90' lang='lat' dir='ltr'><strong>ea</strong></span> <span class='ocrx_word' id='word_1_397' title='bbox 2577 2098 2700 2151; x_wconf 70' lang='lat' dir='ltr'><strong>quae</strong></span> <span class='ocrx_word' id='word_1_398' title='bbox 2739 2095 2935 2142; x_wconf 90' lang='lat' dir='ltr'><strong>vacant</strong></span> <span class='ocrx_word' id='word_1_399' title='bbox 2966 2090 3231 2155; x_wconf 86' lang='lat' dir='ltr'><strong>materia,</strong></span> <span class='ocrx_word' id='word_1_400' title='bbox 3276 2093 3492 2147; x_wconf 77' lang='lat' dir='ltr'><strong>sensili-</strong></span> 
     </span>
    </p>
   </div>
   <div class='ocr_carea' id='block_1_60' title="bbox 1914 2165 3357 2239">
    <p class='ocr_par' dir='ltr' id='par_1_60' title="bbox 1914 2165 3357 2239">
     <span class='ocr_line' id='line_1_60' title="bbox 1914 2165 3357 2239; baseline 0.009 -18"><span class='ocrx_word' id='word_1_401' title='bbox 1914 2165 2151 2236; x_wconf 88' lang='lat' dir='ltr'><strong>busque,</strong></span> <span class='ocrx_word' id='word_1_402' title='bbox 2184 2169 2457 2239; x_wconf 89' lang='lat' dir='ltr'><strong>spiritalia</strong></span> <span class='ocrx_word' id='word_1_403' title='bbox 2496 2185 2563 2226; x_wconf 90' lang='lat' dir='ltr'><strong>ac</strong></span> <span class='ocrx_word' id='word_1_404' title='bbox 2587 2172 2773 2227; x_wconf 89' lang='lat' dir='ltr'><strong>divina</strong></span> <span class='ocrx_word' id='word_1_405' title='bbox 2802 2175 3077 2232; x_wconf 84' lang='lat' dir='ltr'><strong>anteferre</strong></span> <span class='ocrx_word' id='word_1_406' title='bbox 3108 2178 3357 2235; x_wconf 86' lang='lat' dir='ltr'><strong>suadeat.</strong></span> 
     </span>
    </p>
   </div>
   <div class='ocr_carea' id='block_1_61' title="bbox 1982 2259 3493 2343">
    <p class='ocr_par' dir='ltr' id='par_1_61' title="bbox 1982 2259 3493 2343">
     <span class='ocr_line' id='line_1_61' title="bbox 1982 2259 3493 2343; baseline 0.009 -28"><span class='ocrx_word' id='word_1_407' title='bbox 1982 2259 2071 2315; x_wconf 88' lang='lat'><strong>68.</strong></span> <span class='ocrx_word' id='word_1_408' title='bbox 2100 2261 2221 2315; x_wconf 89' lang='lat' dir='ltr'><strong>Non</strong></span> <span class='ocrx_word' id='word_1_409' title='bbox 2258 2261 2483 2317; x_wconf 88' lang='lat' dir='ltr'><strong>omnino</strong></span> <span class='ocrx_word' id='word_1_410' title='bbox 2506 2263 2603 2332; x_wconf 89' lang='lat' dir='ltr'><strong>qui</strong></span> <span class='ocrx_word' id='word_1_411' title='bbox 2624 2264 2875 2322; x_wconf 75' lang='lat' dir='ltr'><strong>affectus</strong></span> <span class='ocrx_word' id='word_1_412' title='bbox 2905 2283 2973 2323; x_wconf 89' lang='lat' dir='ltr'><strong>ac</strong></span> <span class='ocrx_word' id='word_1_413' title='bbox 2994 2268 3259 2325; x_wconf 89' lang='lat' dir='ltr'><strong>libidines</strong></span> <span class='ocrx_word' id='word_1_414' title='bbox 3296 2287 3493 2343; x_wconf 85' lang='lat' dir='ltr'><strong>ampu-</strong></span> 
     </span>
    </p>
   </div>
   <div class='ocr_carea' id='block_1_62' title="bbox 1913 2353 3489 2435">
    <p class='ocr_par' dir='ltr' id='par_1_62' title="bbox 1913 2353 3489 2435">
     <span class='ocr_line' id='line_1_62' title="bbox 1913 2353 3489 2435; baseline 0.006 -26"><span class='ocrx_word' id='word_1_415' title='bbox 1913 2353 2068 2419; x_wconf 82' lang='lat' dir='ltr'><strong>tavit,</strong></span> <span class='ocrx_word' id='word_1_416' title='bbox 2112 2354 2395 2425; x_wconf 86' lang='lat' dir='ltr'><strong>auimique</strong></span> <span class='ocrx_word' id='word_1_417' title='bbox 2446 2356 2690 2412; x_wconf 89' lang='lat' dir='ltr'><strong>rationes</strong></span> <span class='ocrx_word' id='word_1_418' title='bbox 2748 2357 3030 2429; x_wconf 89' lang='lat' dir='ltr'><strong>simplices</strong></span> <span class='ocrx_word' id='word_1_419' title='bbox 3070 2362 3331 2429; x_wconf 87' lang='lat' dir='ltr'><strong>reddidit,</strong></span> <span class='ocrx_word' id='word_1_420' title='bbox 3374 2365 3489 2435; x_wconf 88' lang='lat' dir='ltr'><strong>jam</strong></span> 
     </span>
    </p>
   </div>
   <div class='ocr_carea' id='block_1_63' title="bbox 1912 2446 3489 2527">
    <p class='ocr_par' dir='ltr' id='par_1_63' title="bbox 1912 2446 3489 2527">
     <span class='ocr_line' id='line_1_63' title="bbox 1912 2446 3489 2527; baseline 0.008 -28"><span class='ocrx_word' id='word_1_421' title='bbox 1912 2461 2132 2517; x_wconf 91' lang='lat' dir='ltr'><strong>quoque</strong></span> <span class='ocrx_word' id='word_1_422' title='bbox 2150 2446 2384 2502; x_wconf 72' lang='lat' dir='ltr'><strong>affectus</strong></span> <span class='ocrx_word' id='word_1_423' title='bbox 2405 2447 2475 2502; x_wconf 91' lang='lat' dir='ltr'><strong>ad</strong></span> <span class='ocrx_word' id='word_1_424' title='bbox 2504 2448 2691 2503; x_wconf 89' lang='lat' dir='ltr'><strong>divina</strong></span> <span class='ocrx_word' id='word_1_425' title='bbox 2722 2452 3028 2505; x_wconf 84' lang='lat' dir='ltr'><strong>convertit:</strong></span> <span class='ocrx_word' id='word_1_426' title='bbox 3068 2453 3165 2509; x_wconf 88' lang='lat' dir='ltr'><strong>sed</strong></span> <span class='ocrx_word' id='word_1_427' title='bbox 3208 2455 3327 2509; x_wconf 80' lang='lat' dir='ltr'><strong>ﬁeri</strong></span> <span class='ocrx_word' id='word_1_428' title='bbox 3385 2472 3489 2527; x_wconf 75' lang='lat' dir='ltr'><strong>po~</strong></span> 
     </span>
    </p>
   </div>
   <div class='ocr_carea' id='block_1_64' title="bbox 1911 2538 3487 2607">
    <p class='ocr_par' dir='ltr' id='par_1_64' title="bbox 1911 2538 3487 2607">
     <span class='ocr_line' id='line_1_64' title="bbox 1911 2538 3487 2607; baseline 0.008 -17"><span class='ocrx_word' id='word_1_429' title='bbox 1911 2543 2037 2601; x_wconf 83' lang='lat' dir='ltr'><strong>test,</strong></span> <span class='ocrx_word' id='word_1_430' title='bbox 2063 2543 2126 2591; x_wconf 92' lang='lat' dir='ltr'><strong>ut</strong></span> <span class='ocrx_word' id='word_1_431' title='bbox 2164 2552 2344 2607; x_wconf 88' lang='lat' dir='ltr'><strong>neque</strong></span> <span class='ocrx_word' id='word_1_432' title='bbox 2377 2538 2767 2605; x_wconf 88' lang='lat' dir='ltr'><strong>humanarum,</strong></span> <span class='ocrx_word' id='word_1_433' title='bbox 2796 2556 2901 2596; x_wconf 87' lang='lat' dir='ltr'><strong>nec</strong></span> <span class='ocrx_word' id='word_1_434' title='bbox 2930 2542 3242 2599; x_wconf 90' lang='lat' dir='ltr'><strong>divinarum</strong></span> <span class='ocrx_word' id='word_1_435' title='bbox 3299 2561 3487 2602; x_wconf 86' lang='lat' dir='ltr'><strong>rerum</strong></span> 
     </span>
    </p>
   </div>
   <div class='ocr_carea' id='block_1_65' title="bbox 1908 2625 3483 2706">
    <p class='ocr_par' dir='ltr' id='par_1_65' title="bbox 1908 2625 3483 2706">
     <span class='ocr_line' id='line_1_65' title="bbox 1908 2625 3483 2706; baseline 0.008 -26"><span class='ocrx_word' id='word_1_436' title='bbox 1908 2640 2077 2681; x_wconf 89' lang='lat' dir='ltr'><strong>sensu</strong></span> <span class='ocrx_word' id='word_1_437' title='bbox 2102 2625 2404 2693; x_wconf 73' lang='lat' dir='ltr'><strong>adiciatur;</strong></span> <span class='ocrx_word' id='word_1_438' title='bbox 2443 2628 2523 2682; x_wconf 88' lang='lat' dir='ltr'><strong>uti</strong></span> <span class='ocrx_word' id='word_1_439' title='bbox 2551 2629 2607 2682; x_wconf 91' lang='lat' dir='ltr'><strong>in</strong></span> <span class='ocrx_word' id='word_1_440' title='bbox 2635 2629 2746 2685; x_wconf 87' lang='lat' dir='ltr'><strong>illis</strong></span> <span class='ocrx_word' id='word_1_441' title='bbox 2775 2632 3022 2700; x_wconf 90' lang='lat' dir='ltr'><strong>proclive</strong></span> <span class='ocrx_word' id='word_1_442' title='bbox 3052 2642 3158 2698; x_wconf 88' lang='lat' dir='ltr'><strong>est,</strong></span> <span class='ocrx_word' id='word_1_443' title='bbox 3185 2635 3276 2706; x_wconf 91' lang='lat' dir='ltr'><strong>qui</strong></span> <span class='ocrx_word' id='word_1_444' title='bbox 3306 2638 3483 2693; x_wconf 87' lang='lat' dir='ltr'><strong>actio-</strong></span> 
     </span>
    </p>
   </div>
   <div class='ocr_carea' id='block_1_66' title="bbox 1908 2716 3479 2783">
    <p class='ocr_par' dir='ltr' id='par_1_66' title="bbox 1908 2716 3479 2783">
     <span class='ocr_line' id='line_1_66' title="bbox 1908 2716 3479 2783; baseline 0.008 -13"><span class='ocrx_word' id='word_1_445' title='bbox 1908 2730 2036 2770; x_wconf 86' lang='lat' dir='ltr'><strong>nem</strong></span> <span class='ocrx_word' id='word_1_446' title='bbox 2080 2716 2291 2782; x_wconf 90' lang='lat' dir='ltr'><strong>colunt,</strong></span> <span class='ocrx_word' id='word_1_447' title='bbox 2334 2731 2399 2773; x_wconf 90' lang='lat' dir='ltr'><strong>ac</strong></span> <span class='ocrx_word' id='word_1_448' title='bbox 2452 2717 2690 2773; x_wconf 89' lang='lat' dir='ltr'><strong>necdum</strong></span> <span class='ocrx_word' id='word_1_449' title='bbox 2749 2721 2977 2777; x_wconf 86' lang='lat' dir='ltr'><strong>scientia</strong></span> <span class='ocrx_word' id='word_1_450' title='bbox 3014 2723 3207 2779; x_wconf 90' lang='lat' dir='ltr'><strong>donari</strong></span> <span class='ocrx_word' id='word_1_451' title='bbox 3260 2741 3479 2783; x_wconf 82' lang='lat' dir='ltr'><strong>merue-</strong></span> 
     </span>
    </p>
   </div>
   <div class='ocr_carea' id='block_1_67' title="bbox 1908 2807 3488 2888">
    <p class='ocr_par' dir='ltr' id='par_1_67' title="bbox 1908 2807 3488 2888">
     <span class='ocr_line' id='line_1_67' title="bbox 1908 2807 3488 2888; baseline 0.009 -29"><span class='ocrx_word' id='word_1_452' title='bbox 1908 2814 2062 2873; x_wconf 90' lang='lat' dir='ltr'><strong>runt,</strong></span> <span class='ocrx_word' id='word_1_453' title='bbox 2088 2807 2181 2878; x_wconf 86' lang='lat' dir='ltr'><strong>qui</strong></span> <span class='ocrx_word' id='word_1_454' title='bbox 2206 2824 2403 2878; x_wconf 83' lang='lat' dir='ltr'><strong>nempe</strong></span> <span class='ocrx_word' id='word_1_455' title='bbox 2432 2809 2687 2880; x_wconf 84' lang='lat' dir='ltr'><strong>supplicii</strong></span> <span class='ocrx_word' id='word_1_456' title='bbox 2722 2818 2874 2866; x_wconf 87' lang='lat' dir='ltr'><strong>metu</strong></span> <span class='ocrx_word' id='word_1_457' title='bbox 2898 2821 2993 2867; x_wconf 89' lang='lat' dir='ltr'><strong>aut</strong></span> <span class='ocrx_word' id='word_1_458' title='bbox 3022 2816 3177 2886; x_wconf 84' lang='lat' dir='ltr'><strong>regni</strong></span> <span class='ocrx_word' id='word_1_459' title='bbox 3206 2829 3488 2888; x_wconf 85' lang='lat' dir='ltr'><strong>exspecta-</strong></span> 
     </span>
    </p>
   </div>
   <div class='ocr_carea' id='block_1_68' title="bbox 1909 2896 3355 2970">
    <p class='ocr_par' dir='ltr' id='par_1_68' title="bbox 1909 2896 3355 2970">
     <span class='ocr_line' id='line_1_68' title="bbox 1909 2896 3355 2970; baseline 0.008 -18"><span class='ocrx_word' id='word_1_460' title='bbox 1909 2896 2081 2964; x_wconf 89' lang='lat' dir='ltr'><strong>tione,</strong></span> <span class='ocrx_word' id='word_1_461' title='bbox 2122 2899 2192 2953; x_wconf 89' lang='lat' dir='ltr'><strong>ab</strong></span> <span class='ocrx_word' id='word_1_462' title='bbox 2218 2899 2509 2955; x_wconf 87' lang='lat' dir='ltr'><strong>all&#39;ectibus</strong></span> <span class='ocrx_word' id='word_1_463' title='bbox 2539 2912 2706 2970; x_wconf 87' lang='lat' dir='ltr'><strong>atque</strong></span> <span class='ocrx_word' id='word_1_464' title='bbox 2732 2901 2882 2959; x_wconf 81' lang='lat' dir='ltr'><strong>vitiis</strong></span> <span class='ocrx_word' id='word_1_465' title='bbox 2910 2920 3031 2961; x_wconf 85' lang='lat' dir='ltr'><strong>sese</strong></span> <span class='ocrx_word' id='word_1_466' title='bbox 3054 2905 3355 2963; x_wconf 88' lang='lat' dir='ltr'><strong>abstinent.</strong></span> 
     </span>
    </p>
   </div>
   <div class='ocr_carea' id='block_1_69' title="bbox 1978 2989 3482 3069">
    <p class='ocr_par' dir='ltr' id='par_1_69' title="bbox 1978 2989 3482 3069">
     <span class='ocr_line' id='line_1_69' title="bbox 1978 2989 3482 3069; baseline 0.007 -26"><span class='ocrx_word' id='word_1_467' title='bbox 1978 2989 2069 3043; x_wconf 87' lang='lat'><strong>69.</strong></span> <span class='ocrx_word' id='word_1_468' title='bbox 2125 2989 2231 3043; x_wconf 88' lang='lat' dir='ltr'><strong>Per</strong></span> <span class='ocrx_word' id='word_1_469' title='bbox 2263 2989 2423 3057; x_wconf 82' lang='lat' dir='ltr'><strong>ﬁdem</strong></span> <span class='ocrx_word' id='word_1_470' title='bbox 2460 2990 2819 3058; x_wconf 81' lang='lat' dir='ltr'><strong>ambulamus,</strong></span> <span class='ocrx_word' id='word_1_471' title='bbox 2866 3011 2973 3049; x_wconf 84' lang='lat' dir='ltr'><strong>non</strong></span> <span class='ocrx_word' id='word_1_472' title='bbox 3017 3012 3112 3067; x_wconf 84' lang='lat' dir='ltr'><strong>per</strong></span> <span class='ocrx_word' id='word_1_473' title='bbox 3159 3001 3383 3069; x_wconf 75' lang='lat' dir='ltr'><strong>speciem</strong></span> <span class='ocrx_word' id='word_1_474' title='bbox 3403 3001 3482 3068; x_wconf 80' lang='lat'><strong>&quot;;</strong></span> 
     </span>
    </p>
   </div>
   <div class='ocr_carea' id='block_1_70' title="bbox 1907 3080 3483 3161">
    <p class='ocr_par' dir='ltr' id='par_1_70' title="bbox 1907 3080 3483 3161">
     <span class='ocr_line' id='line_1_70' title="bbox 1907 3080 3483 3161; baseline 0.009 -27"><span class='ocrx_word' id='word_1_475' title='bbox 1907 3080 2285 3151; x_wconf 88' lang='lat' dir='ltr'><strong>habemusque</strong></span> <span class='ocrx_word' id='word_1_476' title='bbox 2309 3082 2595 3139; x_wconf 84' lang='lat' dir='ltr'><strong>scientiam</strong></span> <span class='ocrx_word' id='word_1_477' title='bbox 2630 3085 2687 3139; x_wconf 92' lang='lat' dir='ltr'><strong>in</strong></span> <span class='ocrx_word' id='word_1_478' title='bbox 2711 3087 2955 3156; x_wconf 88' lang='lat' dir='ltr'><strong>speculis</strong></span> <span class='ocrx_word' id='word_1_479' title='bbox 2985 3103 3050 3143; x_wconf 89' lang='lat' dir='ltr'><strong>ac</strong></span> <span class='ocrx_word' id='word_1_480' title='bbox 3075 3089 3483 3161; x_wconf 73' lang='lat' dir='ltr'><strong>tenigmatibus.</strong></span> 
     </span>
    </p>
   </div>
   <div class='ocr_carea' id='block_1_71' title="bbox 1908 3172 3487 3247">
    <p class='ocr_par' dir='ltr' id='par_1_71' title="bbox 1908 3172 3487 3247">
     <span class='ocr_line' id='line_1_71' title="bbox 1908 3172 3487 3247; baseline 0.008 -20"><span class='ocrx_word' id='word_1_481' title='bbox 1908 3172 2119 3228; x_wconf 83' lang='lat' dir='ltr'><strong>idcirco</strong></span> <span class='ocrx_word' id='word_1_482' title='bbox 2142 3173 2305 3228; x_wconf 89' lang='lat' dir='ltr'><strong>etiam</strong></span> <span class='ocrx_word' id='word_1_483' title='bbox 2342 3174 2569 3229; x_wconf 87' lang='lat' dir='ltr'><strong>multam</strong></span> <span class='ocrx_word' id='word_1_484' title='bbox 2601 3175 2682 3231; x_wconf 88' lang='lat' dir='ltr'><strong>eis</strong></span> <span class='ocrx_word' id='word_1_485' title='bbox 2709 3191 2935 3247; x_wconf 77' lang='lat' dir='ltr'><strong>Operam</strong></span> <span class='ocrx_word' id='word_1_486' title='bbox 2966 3195 3235 3235; x_wconf 85' lang='lat' dir='ltr'><strong>navemus</strong></span> <span class='ocrx_word' id='word_1_487' title='bbox 3258 3198 3487 3239; x_wconf 88' lang='lat' dir='ltr'><strong>necesse</strong></span> 
     </span>
    </p>
   </div>
   <div class='ocr_carea' id='block_1_72' title="bbox 1913 3263 3487 3334">
    <p class='ocr_par' dir='ltr' id='par_1_72' title="bbox 1913 3263 3487 3334">
     <span class='ocr_line' id='line_1_72' title="bbox 1913 3263 3487 3334; baseline 0.008 -17"><span class='ocrx_word' id='word_1_488' title='bbox 1913 3270 2019 3327; x_wconf 90' lang='lat' dir='ltr'><strong>est,</strong></span> <span class='ocrx_word' id='word_1_489' title='bbox 2046 3271 2109 3317; x_wconf 93' lang='lat' dir='ltr'><strong>ut</strong></span> <span class='ocrx_word' id='word_1_490' title='bbox 2135 3263 2297 3334; x_wconf 84' lang='lat' dir='ltr'><strong>longa</strong></span> <span class='ocrx_word' id='word_1_491' title='bbox 2337 3279 2530 3319; x_wconf 90' lang='lat' dir='ltr'><strong>eorum</strong></span> <span class='ocrx_word' id='word_1_492' title='bbox 2555 3266 2919 3323; x_wconf 84' lang='lat' dir='ltr'><strong>meditatione</strong></span> <span class='ocrx_word' id='word_1_493' title='bbox 2953 3277 3011 3325; x_wconf 89' lang='lat' dir='ltr'><strong>et</strong></span> <span class='ocrx_word' id='word_1_494' title='bbox 3050 3279 3258 3327; x_wconf 90' lang='lat' dir='ltr'><strong>attenta</strong></span> <span class='ocrx_word' id='word_1_495' title='bbox 3299 3276 3487 3329; x_wconf 81' lang='lat' dir='ltr'><strong>consi-</strong></span> 
     </span>
    </p>
   </div>
   <div class='ocr_carea' id='block_1_73' title="bbox 1914 3354 3490 3435">
    <p class='ocr_par' dir='ltr' id='par_1_73' title="bbox 1914 3354 3490 3435">
     <span class='ocr_line' id='line_1_73' title="bbox 1914 3354 3490 3435; baseline 0.01 -27"><span class='ocrx_word' id='word_1_496' title='bbox 1914 3354 2221 3417; x_wconf 76' lang='lat' dir='ltr'><strong>deratione,</strong></span> <span class='ocrx_word' id='word_1_497' title='bbox 2260 3354 2478 3411; x_wconf 81' lang='lat' dir='ltr'><strong>ﬁrmum</strong></span> <span class='ocrx_word' id='word_1_498' title='bbox 2503 3358 2747 3428; x_wconf 87' lang='lat' dir='ltr'><strong>satisque</strong></span> <span class='ocrx_word' id='word_1_499' title='bbox 2788 3370 3035 3417; x_wconf 88' lang='lat' dir='ltr'><strong>tenacem</strong></span> <span class='ocrx_word' id='word_1_500' title='bbox 3070 3355 3490 3435; x_wconf 78' lang='lat' dir='ltr'><strong>con&#39;lemplatlo-</strong></span> 
     </span>
    </p>
   </div>
   <div class='ocr_carea' id='block_1_74' title="bbox 1914 3446 2748 3505">
    <p class='ocr_par' dir='ltr' id='par_1_74' title="bbox 1914 3446 2748 3505">
     <span class='ocr_line' id='line_1_74' title="bbox 1914 3446 2748 3505; baseline 0.005 -5"><span class='ocrx_word' id='word_1_501' title='bbox 1914 3461 2048 3501; x_wconf 87' lang='lat' dir='ltr'><strong>num</strong></span> <span class='ocrx_word' id='word_1_502' title='bbox 2073 3446 2323 3502; x_wconf 87' lang='lat' dir='ltr'><strong>habitum</strong></span> <span class='ocrx_word' id='word_1_503' title='bbox 2343 3448 2748 3505; x_wconf 88' lang='lat' dir='ltr'><strong>nanciscamur.</strong></span> 
     </span>
    </p>
   </div>
   <div class='ocr_carea' id='block_1_75' title="bbox 1988 3536 3488 3604">
    <p class='ocr_par' dir='ltr' id='par_1_75' title="bbox 1988 3536 3488 3604">
     <span class='ocr_line' id='line_1_75' title="bbox 1988 3536 3488 3604; baseline 0.01 -14"><span class='ocrx_word' id='word_1_504' title='bbox 1988 3536 2073 3591; x_wconf 85' lang='lat'><strong>70.</strong></span> <span class='ocrx_word' id='word_1_505' title='bbox 2103 3537 2159 3592; x_wconf 89' lang='lat' dir='ltr'><strong>Si</strong></span> <span class='ocrx_word' id='word_1_506' title='bbox 2186 3537 2254 3593; x_wconf 92' lang='lat' dir='ltr'><strong>ad</strong></span> <span class='ocrx_word' id='word_1_507' title='bbox 2288 3539 2565 3595; x_wconf 90' lang='lat' dir='ltr'><strong>modicum</strong></span> <span class='ocrx_word' id='word_1_508' title='bbox 2593 3542 2825 3598; x_wconf 76' lang='lat' dir='ltr'><strong>excissis</strong></span> <span class='ocrx_word' id='word_1_509' title='bbox 2848 3543 3488 3604; x_wconf 79' lang='lat' dir='ltr'><strong>ali‘ectuumlibidinum-</strong></span> 
     </span>
    </p>
   </div>
   <div class='ocr_carea' id='block_1_76' title="bbox 1914 3627 3489 3706">
    <p class='ocr_par' dir='ltr' id='par_1_76' title="bbox 1914 3627 3489 3706">
     <span class='ocr_line' id='line_1_76' title="bbox 1914 3627 3489 3706; baseline 0.007 -24"><span class='ocrx_word' id='word_1_510' title='bbox 1914 3643 2022 3699; x_wconf 89' lang='lat' dir='ltr'><strong>que</strong></span> <span class='ocrx_word' id='word_1_511' title='bbox 2048 3627 2248 3695; x_wconf 85' lang='lat' dir='ltr'><strong>causis,</strong></span> <span class='ocrx_word' id='word_1_512' title='bbox 2281 3630 2628 3700; x_wconf 88' lang='lat' dir='ltr'><strong>spiritalibus</strong></span> <span class='ocrx_word' id='word_1_513' title='bbox 2664 3640 2907 3688; x_wconf 89' lang='lat' dir='ltr'><strong>mentem</strong></span> <span class='ocrx_word' id='word_1_514' title='bbox 2930 3636 3489 3706; x_wconf 85' lang='lat' dir='ltr'><strong>contemplationibus</strong></span> 
     </span>
    </p>
   </div>
   <div class='ocr_carea' id='block_1_77' title="bbox 1912 3719 3486 3794">
    <p class='ocr_par' dir='ltr' id='par_1_77' title="bbox 1912 3719 3486 3794">
     <span class='ocr_line' id='line_1_77' title="bbox 1912 3719 3486 3794; baseline 0.006 -20"><span class='ocrx_word' id='word_1_515' title='bbox 1912 3719 2318 3785; x_wconf 82' lang='lat' dir='ltr'><strong>addixerimus,</strong></span> <span class='ocrx_word' id='word_1_516' title='bbox 2351 3736 2453 3777; x_wconf 91' lang='lat' dir='ltr'><strong>nec</strong></span> <span class='ocrx_word' id='word_1_517' title='bbox 2487 3721 2545 3776; x_wconf 91' lang='lat' dir='ltr'><strong>in</strong></span> <span class='ocrx_word' id='word_1_518' title='bbox 2587 3722 2670 3777; x_wconf 88' lang='lat' dir='ltr'><strong>eis</strong></span> <span class='ocrx_word' id='word_1_519' title='bbox 2719 3738 2940 3794; x_wconf 89' lang='lat' dir='ltr'><strong>semper</strong></span> <span class='ocrx_word' id='word_1_520' title='bbox 2967 3728 3165 3782; x_wconf 86' lang='lat' dir='ltr'><strong>morati</strong></span> <span class='ocrx_word' id='word_1_521' title='bbox 3198 3727 3486 3793; x_wconf 83' lang='lat' dir='ltr'><strong>fuerimus,</strong></span> 
     </span>
    </p>
   </div>
   <div class='ocr_carea' id='block_1_78' title="bbox 1911 3812 3486 3890">
    <p class='ocr_par' dir='ltr' id='par_1_78' title="bbox 1911 3812 3486 3890">
     <span class='ocr_line' id='line_1_78' title="bbox 1911 3812 3486 3890; baseline 0.006 -23"><span class='ocrx_word' id='word_1_522' title='bbox 1911 3812 1971 3867; x_wconf 88' lang='lat' dir='ltr'><strong>in</strong></span> <span class='ocrx_word' id='word_1_523' title='bbox 2004 3812 2109 3867; x_wconf 89' lang='lat' dir='ltr'><strong>hoc</strong></span> <span class='ocrx_word' id='word_1_524' title='bbox 2129 3812 2306 3882; x_wconf 89' lang='lat' dir='ltr'><strong>ipsum</strong></span> <span class='ocrx_word' id='word_1_525' title='bbox 2338 3812 2741 3880; x_wconf 87' lang='lat' dir='ltr'><strong>incumbentes,</strong></span> <span class='ocrx_word' id='word_1_526' title='bbox 2771 3816 2962 3887; x_wconf 89' lang='lat' dir='ltr'><strong>reique</strong></span> <span class='ocrx_word' id='word_1_527' title='bbox 3000 3817 3054 3873; x_wconf 91' lang='lat' dir='ltr'><strong>id</strong></span> <span class='ocrx_word' id='word_1_528' title='bbox 3094 3829 3260 3890; x_wconf 86' lang='lat' dir='ltr'><strong>caput</strong></span> <span class='ocrx_word' id='word_1_529' title='bbox 3280 3820 3486 3875; x_wconf 87' lang='lat' dir='ltr'><strong>haben-</strong></span> 
     </span>
    </p>
   </div>
   <div class='ocr_carea' id='block_1_79' title="bbox 1914 3903 3487 3983">
    <p class='ocr_par' dir='ltr' id='par_1_79' title="bbox 1914 3903 3487 3983">
     <span class='ocr_line' id='line_1_79' title="bbox 1914 3903 3487 3983; baseline 0.006 -24"><span class='ocrx_word' id='word_1_530' title='bbox 1914 3910 2018 3969; x_wconf 83' lang='lat' dir='ltr'><strong>tes,</strong></span> <span class='ocrx_word' id='word_1_531' title='bbox 2046 3903 2206 3960; x_wconf 79' lang='lat' dir='ltr'><strong>facile</strong></span> <span class='ocrx_word' id='word_1_532' title='bbox 2240 3904 2441 3960; x_wconf 88' lang='lat' dir='ltr'><strong>iterum</strong></span> <span class='ocrx_word' id='word_1_533' title='bbox 2470 3905 2540 3960; x_wconf 91' lang='lat' dir='ltr'><strong>ad</strong></span> <span class='ocrx_word' id='word_1_534' title='bbox 2581 3908 2831 3963; x_wconf 84' lang='lat' dir='ltr'><strong>carnales</strong></span> <span class='ocrx_word' id='word_1_535' title='bbox 2868 3909 3098 3965; x_wconf 74' lang='lat' dir='ltr'><strong>allectus</strong></span> <span class='ocrx_word' id='word_1_536' title='bbox 3120 3911 3487 3983; x_wconf 86' lang='lat' dir='ltr'><strong>libidinesque</strong></span> 
     </span>
    </p>
   </div>
   <div class='ocr_carea' id='block_1_80' title="bbox 1911 3997 3488 4073">
    <p class='ocr_par' dir='ltr' id='par_1_80' title="bbox 1911 3997 3488 4073">
     <span class='ocr_line' id='line_1_80' title="bbox 1911 3997 3488 4073; baseline 0.006 -22"><span class='ocrx_word' id='word_1_537' title='bbox 1911 4003 2333 4063; x_wconf 89' lang='lat' dir='ltr'><strong>convertemur;</strong></span> <span class='ocrx_word' id='word_1_538' title='bbox 2363 3998 2577 4052; x_wconf 90' lang='lat' dir='ltr'><strong>nullum</strong></span> <span class='ocrx_word' id='word_1_539' title='bbox 2601 3997 2729 4055; x_wconf 89' lang='lat' dir='ltr'><strong>inde</strong></span> <span class='ocrx_word' id='word_1_540' title='bbox 2751 4002 3101 4056; x_wconf 88' lang='lat' dir='ltr'><strong>commodum</strong></span> <span class='ocrx_word' id='word_1_541' title='bbox 3118 4012 3488 4073; x_wconf 87' lang='lat' dir='ltr'><strong>reportantes.</strong></span> 
     </span>
    </p>
   </div>
   <div class='ocr_carea' id='block_1_81' title="bbox 1912 4089 3484 4162">
    <p class='ocr_par' dir='ltr' id='par_1_81' title="bbox 1912 4089 3484 4162">
     <span class='ocr_line' id='line_1_81' title="bbox 1912 4089 3484 4162; baseline 0.004 -18"><span class='ocrx_word' id='word_1_542' title='bbox 1912 4089 2021 4145; x_wconf 90' lang='lat' dir='ltr'><strong>nisi</strong></span> <span class='ocrx_word' id='word_1_543' title='bbox 2079 4089 2425 4144; x_wconf 89' lang='lat' dir='ltr'><strong>solummodo</strong></span> <span class='ocrx_word' id='word_1_544' title='bbox 2471 4090 2675 4145; x_wconf 88' lang='lat' dir='ltr'><strong>nudam</strong></span> <span class='ocrx_word' id='word_1_545' title='bbox 2708 4107 2773 4145; x_wconf 89' lang='lat' dir='ltr'><strong>ac</strong></span> <span class='ocrx_word' id='word_1_546' title='bbox 2818 4092 3124 4162; x_wconf 90' lang='lat' dir='ltr'><strong>simplicem</strong></span> <span class='ocrx_word' id='word_1_547' title='bbox 3176 4095 3484 4160; x_wconf 84' lang='lat' dir='ltr'><strong>scientiam,</strong></span> 
     </span>
    </p>
   </div>
   <div class='ocr_carea' id='block_1_82' title="bbox 1914 4186 3486 4262">
    <p class='ocr_par' dir='ltr' id='par_1_82' title="bbox 1914 4186 3486 4262">
     <span class='ocr_line' id='line_1_82' title="bbox 1914 4186 3486 4262; baseline 0.005 -24"><span class='ocrx_word' id='word_1_548' title='bbox 1914 4198 2041 4238; x_wconf 90' lang='lat' dir='ltr'><strong>cum</strong></span> <span class='ocrx_word' id='word_1_549' title='bbox 2071 4186 2241 4241; x_wconf 89' lang='lat' dir='ltr'><strong>animi</strong></span> <span class='ocrx_word' id='word_1_550' title='bbox 2270 4186 2480 4242; x_wconf 85' lang='lat' dir='ltr'><strong>scilicet</strong></span> <span class='ocrx_word' id='word_1_551' title='bbox 2508 4186 2615 4242; x_wconf 89' lang='lat' dir='ltr'><strong>sibi</strong></span> <span class='ocrx_word' id='word_1_552' title='bbox 2660 4187 2932 4257; x_wconf 88' lang='lat' dir='ltr'><strong>placentis</strong></span> <span class='ocrx_word' id='word_1_553' title='bbox 2974 4189 3213 4245; x_wconf 85' lang='lat' dir='ltr'><strong>elatione</strong></span> <span class='ocrx_word' id='word_1_554' title='bbox 3253 4193 3486 4262; x_wconf 86' lang='lat' dir='ltr'><strong>conjun-</strong></span> 
     </span>
    </p>
   </div>
   <div class='ocr_carea' id='block_1_83' title="bbox 227 4273 3486 4351">
    <p class='ocr_par' dir='ltr' id='par_1_83' title="bbox 227 4273 3486 4351">
     <span class='ocr_line' id='line_1_83' title="bbox 227 4273 3486 4351; baseline 0.002 -18"><span class='ocrx_word' id='word_1_555' title='bbox 227 4286 410 4345; x_wconf 79' lang='lat' dir='ltr'><strong>ctam;</strong></span> <span class='ocrx_word' id='word_1_556' title='bbox 439 4279 597 4349; x_wconf 87' lang='lat' dir='ltr'><strong>cujus</strong></span> <span class='ocrx_word' id='word_1_557' title='bbox 620 4278 668 4334; x_wconf 89' lang='lat' dir='ltr'><strong>is</strong></span> <span class='ocrx_word' id='word_1_558' title='bbox 696 4278 842 4343; x_wconf 85' lang='lat' dir='ltr'><strong>linis,</strong></span> <span class='ocrx_word' id='word_1_559' title='bbox 869 4285 933 4333; x_wconf 92' lang='lat' dir='ltr'><strong>ut</strong></span> <span class='ocrx_word' id='word_1_560' title='bbox 962 4285 1079 4333; x_wconf 74' lang='lat' dir='ltr'><strong>“um</strong></span> <span class='ocrx_word' id='word_1_561' title='bbox 1124 4276 1243 4346; x_wconf 89' lang='lat' dir='ltr'><strong>ipsa</strong></span> <span class='ocrx_word' id='word_1_562' title='bbox 1284 4273 1549 4345; x_wconf 87' lang='lat' dir='ltr'><strong>paulatim</strong></span> <span class='ocrx_word' id='word_1_563' title='bbox 1581 4273 1813 4331; x_wconf 87' lang='lat' dir='ltr'><strong>scientia</strong></span> <span class='ocrx_word' id='word_1_564' title='bbox 1844 4274 2204 4343; x_wconf 89' lang='lat' dir='ltr'><strong>obnubescat,</strong></span> <span class='ocrx_word' id='word_1_565' title='bbox 2257 4286 2373 4333; x_wconf 90' lang='lat' dir='ltr'><strong>tum</strong></span> <span class='ocrx_word' id='word_1_566' title='bbox 2426 4294 2584 4335; x_wconf 88' lang='lat' dir='ltr'><strong>mens</strong></span> <span class='ocrx_word' id='word_1_567' title='bbox 2651 4279 2719 4334; x_wconf 87' lang='lat' dir='ltr'><strong>ad</strong></span> <span class='ocrx_word' id='word_1_568' title='bbox 2786 4288 3008 4335; x_wconf 87' lang='lat' dir='ltr'><strong>terrena</strong></span> <span class='ocrx_word' id='word_1_569' title='bbox 3052 4281 3275 4351; x_wconf 88' lang='lat' dir='ltr'><strong>penitus</strong></span> <span class='ocrx_word' id='word_1_570' title='bbox 3302 4283 3486 4339; x_wconf 91' lang='lat' dir='ltr'><strong>desci-</strong></span> 
     </span>
    </p>
   </div>
   <div class='ocr_carea' id='block_1_84' title="bbox 226 4378 1807 4533">
    <p class='ocr_par' dir='ltr' id='par_1_84' title="bbox 226 4378 1807 4533">
     <span class='ocr_line' id='line_1_84' title="bbox 226 4378 1807 4533; baseline -0.003 -17"><span class='ocrx_word' id='word_1_571' title='bbox 445 4461 625 4524; x_wconf 85' lang='grc' dir='ltr'>Πάθος</span> <span class='ocrx_word' id='word_1_572' title='bbox 653 4462 875 4533; x_wconf 84' lang='grc' dir='ltr'>ἀγάπης</span> <span class='ocrx_word' id='word_1_573' title='bbox 897 4461 1119 4533; x_wconf 79' lang='grc' dir='ltr'>ψεκτὸν,</span> <span class='ocrx_word' id='word_1_574' title='bbox 1151 4463 1266 4526; x_wconf 82' lang='grc' dir='ltr'>τοῖς</span> <span class='ocrx_word' id='word_1_575' title='bbox 1288 4461 1493 4527; x_wconf 78' lang='grc' dir='ltr'>ὗλικοϊς</span> <span class='ocrx_word' id='word_1_576' title='bbox 1515 4460 1807 4533; x_wconf 85' lang='grc' dir='ltr'>πράγμασι</span> 
     </span>
    </p>
   </div>
   <div class='ocr_carea' id='block_1_85' title="bbox 225 4549 1805 4625">
    <p class='ocr_par' dir='ltr' id='par_1_85' title="bbox 225 4549 1805 4625">
     <span class='ocr_line' id='line_1_85' title="bbox 225 4549 1805 4625; baseline -0.003 -17"><span class='ocrx_word' id='word_1_577' title='bbox 225 4554 328 4608; x_wconf 77' lang='grc' dir='ltr'><strong>τὸν</strong></span> <span class='ocrx_word' id='word_1_578' title='bbox 364 4553 492 4608; x_wconf 87' lang='grc' dir='ltr'>νοῦν</span> <span class='ocrx_word' id='word_1_579' title='bbox 524 4553 836 4624; x_wconf 85' lang='grc' dir='ltr'>ἐνασχολεί·</span> <span class='ocrx_word' id='word_1_580' title='bbox 889 4552 1064 4618; x_wconf 88' lang='grc' dir='ltr'>πάθος</span> <span class='ocrx_word' id='word_1_581' title='bbox 1103 4553 1327 4625; x_wconf 88' lang='grc' dir='ltr'>ἀγάπης</span> <span class='ocrx_word' id='word_1_582' title='bbox 1365 4554 1673 4615; x_wconf 85' lang='grc' dir='ltr'>ἐπαινετὸν,</span> <span class='ocrx_word' id='word_1_583' title='bbox 1710 4549 1805 4605; x_wconf 80' lang='grc' dir='ltr'>καὶ</span> 
     </span>
    </p>
   </div>
   <div class='ocr_carea' id='block_1_86' title="bbox 1985 4457 3485 4532">
    <p class='ocr_par' dir='ltr' id='par_1_86' title="bbox 1985 4457 3485 4532">
     <span class='ocr_line' id='line_1_86' title="bbox 1985 4457 3485 4532; baseline 0.005 -19"><span class='ocrx_word' id='word_1_584' title='bbox 1985 4457 2073 4513; x_wconf 87' lang='lat' dir='ltr'><strong>7l.</strong></span> <span class='ocrx_word' id='word_1_585' title='bbox 2114 4458 2437 4513; x_wconf 90' lang='lat' dir='ltr'><strong>Dilectionis</strong></span> <span class='ocrx_word' id='word_1_586' title='bbox 2465 4458 2804 4529; x_wconf 90' lang='lat' dir='ltr'><strong>vituperium</strong></span> <span class='ocrx_word' id='word_1_587' title='bbox 2835 4461 3129 4532; x_wconf 87' lang='lat' dir='ltr'><strong>labemque</strong></span> <span class='ocrx_word' id='word_1_588' title='bbox 3164 4462 3373 4519; x_wconf 83' lang='lat' dir='ltr'><strong>habens</strong></span> <span class='ocrx_word' id='word_1_589' title='bbox 3402 4466 3485 4520; x_wconf 80' lang='lat' dir='ltr'><strong>af-</strong></span> 
     </span>
    </p>
   </div>
   <div class='ocr_carea' id='block_1_87' title="bbox 1911 4548 3484 4615">
    <p class='ocr_par' dir='ltr' id='par_1_87' title="bbox 1911 4548 3484 4615">
     <span class='ocr_line' id='line_1_87' title="bbox 1911 4548 3484 4615; baseline 0.004 -11"><span class='ocrx_word' id='word_1_590' title='bbox 1911 4548 2111 4615; x_wconf 79' lang='lat' dir='ltr'><strong>fectus,</strong></span> <span class='ocrx_word' id='word_1_591' title='bbox 2131 4550 2367 4605; x_wconf 88' lang='lat' dir='ltr'><strong>terrenis</strong></span> <span class='ocrx_word' id='word_1_592' title='bbox 2388 4550 2554 4605; x_wconf 91' lang='lat' dir='ltr'><strong>rebus</strong></span> <span class='ocrx_word' id='word_1_593' title='bbox 2573 4551 2816 4606; x_wconf 91' lang='lat' dir='ltr'><strong>animum</strong></span> <span class='ocrx_word' id='word_1_594' title='bbox 2839 4552 3045 4608; x_wconf 87' lang='lat' dir='ltr'><strong>addicit</strong></span> <span class='ocrx_word' id='word_1_595' title='bbox 3071 4570 3084 4607; x_wconf 91' lang='lat'><strong>:</strong></span> <span class='ocrx_word' id='word_1_596' title='bbox 3119 4554 3336 4610; x_wconf 89' lang='lat' dir='ltr'><strong>laudem</strong></span> <span class='ocrx_word' id='word_1_597' title='bbox 3351 4572 3484 4611; x_wconf 87' lang='lat' dir='ltr'><strong>vero</strong></span> 
     </span>
    </p>
   </div>
   <div class='ocr_carea' id='block_1_88' title="bbox 226 4642 1810 4728">
    <p class='ocr_par' dir='ltr' id='par_1_88' title="bbox 226 4643 1805 4718">
     <span class='ocr_line' id='line_1_88' title="bbox 226 4643 1805 4718; baseline -0.001 -19"><span class='ocrx_word' id='word_1_598' title='bbox 226 4647 351 4710; x_wconf 78' lang='grc' dir='ltr'>τοτς</span> <span class='ocrx_word' id='word_1_599' title='bbox 388 4644 554 4710; x_wconf 87' lang='grc' dir='ltr'>θείοις</span> <span class='ocrx_word' id='word_1_600' title='bbox 581 4645 745 4700; x_wconf 83' lang='grc' dir='ltr'>αὑτὸν</span> <span class='ocrx_word' id='word_1_601' title='bbox 775 4645 1083 4716; x_wconf 80' lang='grc' dir='ltr'>συνδεσμετ.</span> <span class='ocrx_word' id='word_1_602' title='bbox 1137 4645 1309 4699; x_wconf 78' lang='grc' dir='ltr'>Εἴωθε</span> <span class='ocrx_word' id='word_1_603' title='bbox 1347 4646 1456 4718; x_wconf 81' lang='grc' dir='ltr'><strong>γάρ</strong></span> <span class='ocrx_word' id='word_1_604' title='bbox 1504 4648 1533 4699; x_wconf 88' lang='grc' dir='ltr'><strong>ό</strong></span> <span class='ocrx_word' id='word_1_605' title='bbox 1576 4644 1700 4707; x_wconf 90' lang='grc' dir='ltr'>νοῦς</span> <span class='ocrx_word' id='word_1_606' title='bbox 1745 4643 1805 4697; x_wconf 87' lang='grc' dir='ltr'><strong>ἐν</strong></span> 
     </span>
    </p>
   </div>
   <div class='ocr_carea' id='block_1_89' title="bbox 1911 4642 3493 4728">
    <p class='ocr_par' dir='ltr' id='par_1_89' title="bbox 1911 4642 3493 4709">
     <span class='ocr_line' id='line_1_89' title="bbox 1911 4642 3493 4709; baseline 0.004 -12"><span class='ocrx_word' id='word_1_607' title='bbox 1911 4642 2140 4709; x_wconf 87' lang='lat' dir='ltr'><strong>habens,</strong></span> <span class='ocrx_word' id='word_1_608' title='bbox 2170 4643 2335 4699; x_wconf 89' lang='lat' dir='ltr'><strong>etiam</strong></span> <span class='ocrx_word' id='word_1_609' title='bbox 2361 4642 2565 4698; x_wconf 89' lang='lat' dir='ltr'><strong>divinis</strong></span> <span class='ocrx_word' id='word_1_610' title='bbox 2588 4644 2852 4700; x_wconf 81' lang='lat' dir='ltr'><strong>devincit.</strong></span> <span class='ocrx_word' id='word_1_611' title='bbox 2877 4643 2970 4700; x_wconf 85' lang='lat' dir='ltr'><strong>Sic</strong></span> <span class='ocrx_word' id='word_1_612' title='bbox 2997 4647 3144 4703; x_wconf 89' lang='lat' dir='ltr'><strong>enim</strong></span> <span class='ocrx_word' id='word_1_613' title='bbox 3188 4648 3360 4703; x_wconf 90' lang='lat' dir='ltr'><strong>menti</strong></span> <span class='ocrx_word' id='word_1_614' title='bbox 3400 4650 3493 4704; x_wconf 72' lang='lat' dir='ltr'><strong>in-‘</strong></span> 
     </span>
    </p>
   </div>
   <div class='ocr_carea' id='block_1_90' title="bbox 226 4731 1803 4810">
    <p class='ocr_par' dir='ltr' id='par_1_90' title="bbox 226 4731 1803 4810">
     <span class='ocr_line' id='line_1_90' title="bbox 226 4731 1803 4810; baseline -0.002 -18"><span class='ocrx_word' id='word_1_615' title='bbox 226 4731 314 4801; x_wconf 73' lang='grc' dir='ltr'>οἷς</span> <span class='ocrx_word' id='word_1_616' title='bbox 341 4738 579 4809; x_wconf 77' lang='grc' dir='ltr'>χρονίζει</span> <span class='ocrx_word' id='word_1_617' title='bbox 620 4739 928 4810; x_wconf 84' lang='grc' dir='ltr'>πράγμασι,</span> <span class='ocrx_word' id='word_1_618' title='bbox 966 4738 1025 4791; x_wconf 87' lang='grc' dir='ltr'><strong>ἐν</strong></span> <span class='ocrx_word' id='word_1_619' title='bbox 1055 4738 1237 4802; x_wconf 78' lang='grc' dir='ltr'>αὐτοῖς</span> <span class='ocrx_word' id='word_1_620' title='bbox 1266 4739 1362 4793; x_wconf 77' lang='grc' dir='ltr'><strong>καὶ</strong></span> <span class='ocrx_word' id='word_1_621' title='bbox 1406 4735 1803 4792; x_wconf 75' lang='grc' dir='ltr'>πλατύνεσθαιο</span> 
     </span>
    </p>
   </div>
   <div class='ocr_carea' id='block_1_91' title="bbox 228 4816 1813 4899">
    <p class='ocr_par' dir='ltr' id='par_1_91' title="bbox 228 4816 1813 4899">
     <span class='ocr_line' id='line_1_91' title="bbox 228 4816 1813 4899; baseline -0.003 -18"><span class='ocrx_word' id='word_1_622' title='bbox 228 4829 292 4882; x_wconf 86' lang='grc' dir='ltr'><strong>ἐν</strong></span> <span class='ocrx_word' id='word_1_623' title='bbox 321 4823 407 4891; x_wconf 78' lang='grc' dir='ltr'>οἷς</span> <span class='ocrx_word' id='word_1_624' title='bbox 428 4828 487 4882; x_wconf 75' lang='grc' dir='ltr'><strong>δέ</strong></span> <span class='ocrx_word' id='word_1_625' title='bbox 520 4828 871 4891; x_wconf 85' lang='grc' dir='ltr'>πλατύνεται,</span> <span class='ocrx_word' id='word_1_626' title='bbox 921 4829 980 4882; x_wconf 81' lang='grc' dir='ltr'><strong>ἐν</strong></span> <span class='ocrx_word' id='word_1_627' title='bbox 1024 4827 1208 4891; x_wconf 81' lang='grc' dir='ltr'>αὐτοῖς</span> <span class='ocrx_word' id='word_1_628' title='bbox 1238 4829 1335 4882; x_wconf 79' lang='grc' dir='ltr'>καὶ</span> <span class='ocrx_word' id='word_1_629' title='bbox 1377 4816 1477 4899; x_wconf 81' lang='grc' dir='ltr'>τὴν</span> <span class='ocrx_word' id='word_1_630' title='bbox 1512 4824 1813 4897; x_wconf 76' lang='grc' dir='ltr'>ἐπιθυμίαν</span> 
     </span>
    </p>
   </div>
   <div class='ocr_carea' id='block_1_92' title="bbox 226 4916 1814 4993">
    <p class='ocr_par' dir='ltr' id='par_1_92' title="bbox 226 4916 1814 4993">
     <span class='ocr_line' id='line_1_92' title="bbox 226 4916 1814 4993; baseline -0.003 -20"><span class='ocrx_word' id='word_1_631' title='bbox 226 4918 331 4974; x_wconf 76' lang='grc' dir='ltr'>καὶ</span> <span class='ocrx_word' id='word_1_632' title='bbox 379 4920 478 4993; x_wconf 79' lang='grc' dir='ltr'>τὴν</span> <span class='ocrx_word' id='word_1_633' title='bbox 533 4921 754 4993; x_wconf 81' lang='grc' dir='ltr'>ἀγάπην</span> <span class='ocrx_word' id='word_1_634' title='bbox 800 4921 1017 4993; x_wconf 77' lang='grc' dir='ltr'>τρέψαι,</span> <span class='ocrx_word' id='word_1_635' title='bbox 1074 4918 1183 4973; x_wconf 77' lang='grc' dir='ltr'>εἴτε</span> <span class='ocrx_word' id='word_1_636' title='bbox 1252 4920 1310 4973; x_wconf 77' lang='grc' dir='ltr'><strong>ἐν</strong></span> <span class='ocrx_word' id='word_1_637' title='bbox 1346 4924 1460 4983; x_wconf 82' lang='grc' dir='ltr'>τοῖς</span> <span class='ocrx_word' id='word_1_638' title='bbox 1505 4918 1669 4981; x_wconf 83' lang='grc' dir='ltr'>θείοις</span> <span class='ocrx_word' id='word_1_639' title='bbox 1718 4916 1814 4969; x_wconf 78' lang='grc' dir='ltr'>καὶ</span> 
     </span>
    </p>
   </div>
   <div class='ocr_carea' id='block_1_93' title="bbox 227 5010 1813 5083">
    <p class='ocr_par' dir='ltr' id='par_1_93' title="bbox 227 5010 1813 5083">
     <span class='ocr_line' id='line_1_93' title="bbox 227 5010 1813 5083; baseline 0 -18"><span class='ocrx_word' id='word_1_640' title='bbox 227 5010 462 5076; x_wconf 72' lang='grc' dir='ltr'>οἰκείοις</span> <span class='ocrx_word' id='word_1_641' title='bbox 520 5012 618 5066; x_wconf 74' lang='grc' dir='ltr'>καὶ</span> <span class='ocrx_word' id='word_1_642' title='bbox 675 5015 904 5083; x_wconf 80' lang='grc' dir='ltr'>νοητοῖς,</span> <span class='ocrx_word' id='word_1_643' title='bbox 975 5013 1087 5066; x_wconf 84' lang='grc' dir='ltr'>εῐτε</span> <span class='ocrx_word' id='word_1_644' title='bbox 1150 5012 1210 5065; x_wconf 83' lang='grc' dir='ltr'><strong>ἐν</strong></span> <span class='ocrx_word' id='word_1_645' title='bbox 1263 5013 1380 5075; x_wconf 74' lang='grc' dir='ltr'>τοῖς</span> <span class='ocrx_word' id='word_1_646' title='bbox 1436 5010 1535 5083; x_wconf 82' lang='grc' dir='ltr'>τῆς</span> <span class='ocrx_word' id='word_1_647' title='bbox 1611 5010 1813 5082; x_wconf 81' lang='grc' dir='ltr'>σαρκὸς</span> 
     </span>
    </p>
   </div>
   <div class='ocr_carea' id='block_1_94' title="bbox 226 5102 994 5176">
    <p class='ocr_par' dir='ltr' id='par_1_94' title="bbox 226 5102 994 5176">
     <span class='ocr_line' id='line_1_94' title="bbox 226 5102 994 5176; baseline -0.001 -20"><span class='ocrx_word' id='word_1_648' title='bbox 226 5102 532 5176; x_wconf 78' lang='grc' dir='ltr'>πράγμασι</span> <span class='ocrx_word' id='word_1_649' title='bbox 556 5120 617 5158; x_wconf 88' lang='grc' dir='ltr'><strong>τε</strong></span> <span class='ocrx_word' id='word_1_650' title='bbox 649 5103 744 5159; x_wconf 79' lang='grc' dir='ltr'>καὶ</span> <span class='ocrx_word' id='word_1_651' title='bbox 776 5102 994 5158; x_wconf 85' lang='grc' dir='ltr'>πάθεσι.</span> 
     </span>
    </p>
   </div>
   <div class='ocr_carea' id='block_1_95' title="bbox 309 5264 1296 5333">
    <p class='ocr_par' dir='ltr' id='par_1_95' title="bbox 309 5264 1296 5333">
     <span class='ocr_line' id='line_1_95' title="bbox 309 5264 1296 5333; baseline -0.004 -10"><span class='ocrx_word' id='word_1_652' title='bbox 309 5266 356 5300; x_wconf 62' lang='grc'><strong>³*</strong></span> <span class='ocrx_word' id='word_1_653' title='bbox 382 5267 429 5323; x_wconf 86' lang='lat' dir='ltr'><strong>ll</strong></span> <span class='ocrx_word' id='word_1_654' title='bbox 456 5268 603 5325; x_wconf 88' lang='lat' dir='ltr'><strong>Petr.</strong></span> <span class='ocrx_word' id='word_1_655' title='bbox 634 5281 693 5333; x_wconf 90' lang='grc' dir='ltr'><strong>ιι,</strong></span> <span class='ocrx_word' id='word_1_656' title='bbox 722 5266 816 5321; x_wconf 72' lang='grc'>22.</span> <span class='ocrx_word' id='word_1_657' title='bbox 891 5267 937 5299; x_wconf 76' lang='grc'><strong><em>⁵⁵</em></strong></span> <span class='ocrx_word' id='word_1_658' title='bbox 965 5265 1010 5321; x_wconf 89' lang='lat' dir='ltr'><strong>ll</strong></span> <span class='ocrx_word' id='word_1_659' title='bbox 1031 5264 1155 5321; x_wconf 88' lang='lat' dir='ltr'><strong>Cor.</strong></span> <span class='ocrx_word' id='word_1_660' title='bbox 1184 5282 1239 5329; x_wconf 94' lang='lat' dir='ltr'><strong>v,</strong></span> <span class='ocrx_word' id='word_1_661' title='bbox 1264 5265 1296 5319; x_wconf 90' lang='lat'><strong>7</strong></span> 
     </span>
    </p>
   </div>
   <div class='ocr_carea' id='block_1_96' title="bbox 309 5419 1806 5504">
    <p class='ocr_par' dir='ltr' id='par_1_96' title="bbox 309 5419 1806 5504">
     <span class='ocr_line' id='line_1_96' title="bbox 309 5419 1806 5504; baseline -0.004 -22"><span class='ocrx_word' id='word_1_662' title='bbox 309 5426 395 5504; x_wconf 80' lang='lat' dir='ltr'><strong>(u)_</strong></span> <span class='ocrx_word' id='word_1_663' title='bbox 420 5426 526 5480; x_wconf 77' lang='grc' dir='ltr'><strong>Ἐν</strong></span> <span class='ocrx_word' id='word_1_664' title='bbox 553 5423 871 5504; x_wconf 57' lang='grc' dir='ltr'>ἐρ’όπτροις</span> <span class='ocrx_word' id='word_1_665' title='bbox 920 5420 1058 5504; x_wconf 62' lang='grc' dir='ltr'><strong>τὴν·⁸</strong></span> <span class='ocrx_word' id='word_1_666' title='bbox 1092 5419 1347 5504; x_wconf 48' lang='grc' dir='ltr'>γνῶσιν-</span> <span class='ocrx_word' id='word_1_667' title='bbox 1376 5420 1616 5504; x_wconf 57' lang='grc' dir='ltr'>ἕχομενξ.</span> <span class='ocrx_word' id='word_1_668' title='bbox 1651 5422 1806 5504; x_wconf 30' lang='lat' dir='ltr'><strong>“Erat</strong></span> 
     </span>
    </p>
   </div>
   <div class='ocr_carea' id='block_1_97' title="bbox 225 5486 1801 5565">
    <p class='ocr_par' dir='ltr' id='par_1_97' title="bbox 225 5486 1801 5565">
     <span class='ocr_line' id='line_1_97' title="bbox 225 5486 1801 5565; baseline -0.006 -10"><span class='ocrx_word' id='word_1_669' title='bbox 225 5486 518 5565; x_wconf 76' lang='lat' dir='ltr'><strong>mendose,</strong></span> <span class='ocrx_word' id='word_1_670' title='bbox 547 5493 644 5563; x_wconf 76' lang='grc' dir='ltr'>τὴν</span> <span class='ocrx_word' id='word_1_671' title='bbox 666 5486 1061 5565; x_wconf 51' lang='grc' dir='ltr'>ἀρετήνηῳιοςί</span> <span class='ocrx_word' id='word_1_672' title='bbox 1094 5486 1278 5565; x_wconf 65' lang='grc' dir='ltr'>ἱρειιιι]</span> <span class='ocrx_word' id='word_1_673' title='bbox 1332 5486 1598 5546; x_wconf 84' lang='lat' dir='ltr'><strong>habuerat</strong></span> <span class='ocrx_word' id='word_1_674' title='bbox 1648 5486 1801 5545; x_wconf 83' lang='lat' dir='ltr'><strong>Dufr.</strong></span> 
     </span>
    </p>
   </div>
   <div class='ocr_carea' id='block_1_98' title="bbox 226 5560 1801 5629">
    <p class='ocr_par' dir='ltr' id='par_1_98' title="bbox 226 5560 1801 5629">
     <span class='ocr_line' id='line_1_98' title="bbox 226 5560 1801 5629; baseline -0.004 -7"><span class='ocrx_word' id='word_1_675' title='bbox 226 5568 382 5629; x_wconf 60' lang='grc' dir='ltr'>θοὰ..</span> <span class='ocrx_word' id='word_1_676' title='bbox 411 5564 509 5621; x_wconf 91' lang='lat' dir='ltr'><strong>sed</strong></span> <span class='ocrx_word' id='word_1_677' title='bbox 532 5560 651 5618; x_wconf 81' lang='lat' dir='ltr'><strong>erat</strong></span> <span class='ocrx_word' id='word_1_678' title='bbox 678 5560 732 5615; x_wconf 85' lang='lat' dir='ltr'><strong>in</strong></span> <span class='ocrx_word' id='word_1_679' title='bbox 747 5560 1214 5616; x_wconf 53' lang='lat' dir='ltr'><strong>eo&#39;emendatum.</strong></span> <span class='ocrx_word' id='word_1_680' title='bbox 1247 5562 1590 5616; x_wconf 86' lang='lat' dir='ltr'><strong>Decoxerunt</strong></span> <span class='ocrx_word' id='word_1_681' title='bbox 1621 5572 1801 5616; x_wconf 88' lang='lat' dir='ltr'><strong>tamen</strong></span> 
     </span>
    </p>
   </div>
   <div class='ocr_carea' id='block_1_99' title="bbox 226 5630 1802 5707">
    <p class='ocr_par' dir='ltr' id='par_1_99' title="bbox 226 5630 1802 5707">
     <span class='ocr_line' id='line_1_99' title="bbox 226 5630 1802 5707; baseline -0.006 -13"><span class='ocrx_word' id='word_1_682' title='bbox 226 5640 440 5707; x_wconf 85' lang='lat' dir='ltr'><strong>Obsop.</strong></span> <span class='ocrx_word' id='word_1_683' title='bbox 497 5632 749 5707; x_wconf 84' lang='lat' dir='ltr'><strong>et_Ge_sn.</strong></span> <span class='ocrx_word' id='word_1_684' title='bbox 815 5630 1200 5707; x_wconf 49' lang='lat' dir='ltr'><strong>Locnsmlfauli</strong></span> <span class='ocrx_word' id='word_1_685' title='bbox 1233 5640 1336 5707; x_wconf 80' lang='lat' dir='ltr'><strong>est,</strong></span> <span class='ocrx_word' id='word_1_686' title='bbox 1400 5630 1802 5707; x_wconf 77' lang='lat' dir='ltr'><strong>quo_respicit</strong></span> 
     </span>
    </p>
   </div>
   <div class='ocr_carea' id='block_1_100' title="bbox 226 5699 1800 5779">
    <p class='ocr_par' dir='ltr' id='par_1_100' title="bbox 226 5699 1800 5779">
     <span class='ocr_line' id='line_1_100' title="bbox 226 5699 1800 5779; baseline -0.009 -13"><span class='ocrx_word' id='word_1_687' title='bbox 226 5699 521 5779; x_wconf 77' lang='lat' dir='ltr'><strong>Maximus,</strong></span> <span class='ocrx_word' id='word_1_688' title='bbox 554 5703 576 5757; x_wconf 89' lang='grc'><strong>1</strong></span> <span class='ocrx_word' id='word_1_689' title='bbox 633 5702 760 5779; x_wconf 53' lang='lat' dir='ltr'><strong>(Enr.</strong></span> <span class='ocrx_word' id='word_1_690' title='bbox 788 5717 879 5755; x_wconf 81' lang='lat' dir='ltr'><strong>xm</strong></span> <span class='ocrx_word' id='word_1_691' title='bbox 921 5716 935 5754; x_wconf 90' lang='lat'><strong>:</strong></span> <span class='ocrx_word' id='word_1_692' title='bbox 972 5699 1249 5769; x_wconf 80' lang='grc' dir='ltr'>Βλέπομεν</span> <span class='ocrx_word' id='word_1_693' title='bbox 1276 5699 1501 5779; x_wconf 50' lang='grc' dir='ltr'>ᾷρτιςδϋ</span> <span class='ocrx_word' id='word_1_694' title='bbox 1533 5700 1800 5779; x_wconf 70' lang='grc' dir='ltr'>ἐσόπτρου</span> 
     </span>
    </p>
   </div>
   <div class='ocr_carea' id='block_1_101' title="bbox 228 5770 1804 5845">
    <p class='ocr_par' dir='ltr' id='par_1_101' title="bbox 228 5770 1804 5845">
     <span class='ocr_line' id='line_1_101' title="bbox 228 5770 1804 5845; baseline -0.006 -11"><span class='ocrx_word' id='word_1_695' title='bbox 228 5783 295 5834; x_wconf 69' lang='grc' dir='ltr'><strong>ἐν</strong></span> <span class='ocrx_word' id='word_1_696' title='bbox 318 5776 619 5845; x_wconf 82' lang='grc' dir='ltr'>αἰνίγματι.</span> <span class='ocrx_word' id='word_1_697' title='bbox 654 5772 851 5845; x_wconf 68' lang='lat' dir='ltr'><strong>Videre</strong></span> <span class='ocrx_word' id='word_1_698' title='bbox 872 5779 1075 5833; x_wconf 87' lang='lat' dir='ltr'><strong>autem,</strong></span> <span class='ocrx_word' id='word_1_699' title='bbox 1108 5786 1217 5845; x_wconf 83' lang='lat' dir='ltr'><strong>non</strong></span> <span class='ocrx_word' id='word_1_700' title='bbox 1237 5770 1479 5845; x_wconf 78' lang='lat' dir='ltr'><strong>virtutis,</strong></span> <span class='ocrx_word' id='word_1_701' title='bbox 1508 5770 1603 5845; x_wconf 79' lang='lat' dir='ltr'><strong>sed</strong></span> <span class='ocrx_word' id='word_1_702' title='bbox 1625 5770 1804 5845; x_wconf 79' lang='lat' dir='ltr'><strong>scien-</strong></span> 
     </span>
    </p>
   </div>
   <div class='ocr_carea' id='block_1_102' title="bbox 229 5840 1798 5916">
    <p class='ocr_par' dir='ltr' id='par_1_102' title="bbox 229 5840 1798 5916">
     <span class='ocr_line' id='line_1_102' title="bbox 229 5840 1798 5916; baseline -0.01 -10"><span class='ocrx_word' id='word_1_703' title='bbox 229 5850 325 5905; x_wconf 69' lang='lat' dir='ltr'><strong>tiae</strong></span> <span class='ocrx_word' id='word_1_704' title='bbox 356 5840 452 5904; x_wconf 77' lang='lat' dir='ltr'><strong>est</strong></span> <span class='ocrx_word' id='word_1_705' title='bbox 472 5840 637 5916; x_wconf 79' lang='lat' dir='ltr'><strong>atque</strong></span> <span class='ocrx_word' id='word_1_706' title='bbox 684 5840 831 5909; x_wconf 82' lang='lat' dir='ltr'><strong>ﬁdei,</strong></span> <span class='ocrx_word' id='word_1_707' title='bbox 893 5856 1012 5915; x_wconf 39' lang='lat' dir='ltr'><strong>seu.</strong></span> <span class='ocrx_word' id='word_1_708' title='bbox 1046 5841 1373 5913; x_wconf 87' lang='lat' dir='ltr'><strong>cognitionis</strong></span> <span class='ocrx_word' id='word_1_709' title='bbox 1426 5857 1440 5896; x_wconf 89' lang='lat'><strong>:</strong></span> <span class='ocrx_word' id='word_1_710' title='bbox 1495 5840 1798 5911; x_wconf 80' lang='grc' dir='ltr'>ἀδολεσχίᾳ,</span> 
     </span>
    </p>
   </div>
   <div class='ocr_carea' id='block_1_103' title="bbox 1908 4736 3485 4805">
    <p class='ocr_par' dir='ltr' id='par_1_103' title="bbox 1908 4736 3485 4805">
     <span class='ocr_line' id='line_1_103' title="bbox 1908 4736 3485 4805; baseline 0.003 -14"><span class='ocrx_word' id='word_1_711' title='bbox 1908 4736 2126 4801; x_wconf 90' lang='lat' dir='ltr'><strong>olitum,</strong></span> <span class='ocrx_word' id='word_1_712' title='bbox 2159 4745 2219 4790; x_wconf 90' lang='lat' dir='ltr'><strong>ut</strong></span> <span class='ocrx_word' id='word_1_713' title='bbox 2241 4736 2445 4805; x_wconf 89' lang='lat' dir='ltr'><strong>quibus</strong></span> <span class='ocrx_word' id='word_1_714' title='bbox 2467 4736 2520 4791; x_wconf 92' lang='lat' dir='ltr'><strong>in</strong></span> <span class='ocrx_word' id='word_1_715' title='bbox 2551 4736 2719 4791; x_wconf 91' lang='lat' dir='ltr'><strong>rebus</strong></span> <span class='ocrx_word' id='word_1_716' title='bbox 2746 4746 3014 4802; x_wconf 87' lang='lat' dir='ltr'><strong>moratur,</strong></span> <span class='ocrx_word' id='word_1_717' title='bbox 3045 4739 3100 4793; x_wconf 93' lang='lat' dir='ltr'><strong>in</strong></span> <span class='ocrx_word' id='word_1_718' title='bbox 3132 4740 3240 4796; x_wconf 91' lang='lat' dir='ltr'><strong>illis</strong></span> <span class='ocrx_word' id='word_1_719' title='bbox 3258 4749 3315 4796; x_wconf 89' lang='lat' dir='ltr'><strong>et</strong></span> <span class='ocrx_word' id='word_1_720' title='bbox 3347 4742 3485 4797; x_wconf 82' lang='lat' dir='ltr'><strong>dila-</strong></span> 
     </span>
    </p>
   </div>
   <div class='ocr_carea' id='block_1_104' title="bbox 1910 4825 3482 4902">
    <p class='ocr_par' dir='ltr' id='par_1_104' title="bbox 1910 4825 3482 4902">
     <span class='ocr_line' id='line_1_104' title="bbox 1910 4825 3482 4902; baseline 0.004 -22"><span class='ocrx_word' id='word_1_721' title='bbox 1910 4834 2089 4892; x_wconf 89' lang='lat' dir='ltr'><strong>tetur;</strong></span> <span class='ocrx_word' id='word_1_722' title='bbox 2139 4825 2193 4880; x_wconf 92' lang='lat' dir='ltr'><strong>in</strong></span> <span class='ocrx_word' id='word_1_723' title='bbox 2227 4825 2428 4895; x_wconf 88' lang='lat' dir='ltr'><strong>quibus</strong></span> <span class='ocrx_word' id='word_1_724' title='bbox 2454 4834 2639 4880; x_wconf 88' lang='lat' dir='ltr'><strong>autem</strong></span> <span class='ocrx_word' id='word_1_725' title='bbox 2673 4826 2957 4891; x_wconf 84' lang='lat' dir='ltr'><strong>dilatatur.</strong></span> <span class='ocrx_word' id='word_1_726' title='bbox 3000 4830 3067 4884; x_wconf 89' lang='lat' dir='ltr'><strong>ad</strong></span> <span class='ocrx_word' id='word_1_727' title='bbox 3094 4831 3211 4886; x_wconf 73' lang='lat' dir='ltr'><strong>haec</strong></span> <span class='ocrx_word' id='word_1_728' title='bbox 3239 4839 3296 4886; x_wconf 88' lang='lat' dir='ltr'><strong>et</strong></span> <span class='ocrx_word' id='word_1_729' title='bbox 3322 4832 3482 4902; x_wconf 87' lang='lat' dir='ltr'><strong>cupi-</strong></span> 
     </span>
    </p>
   </div>
   <div class='ocr_carea' id='block_1_105' title="bbox 1909 4917 3483 4994">
    <p class='ocr_par' dir='ltr' id='par_1_105' title="bbox 1909 4917 3483 4994">
     <span class='ocr_line' id='line_1_105' title="bbox 1909 4917 3483 4994; baseline 0.003 -21"><span class='ocrx_word' id='word_1_730' title='bbox 1909 4918 2137 4973; x_wconf 87' lang='lat' dir='ltr'><strong>ditatem</strong></span> <span class='ocrx_word' id='word_1_731' title='bbox 2165 4917 2628 4988; x_wconf 85' lang='lat' dir='ltr'><strong>dilectionemque</strong></span> <span class='ocrx_word' id='word_1_732' title='bbox 2656 4928 2957 4985; x_wconf 75' lang='lat' dir='ltr'><strong>convertat,</strong></span> <span class='ocrx_word' id='word_1_733' title='bbox 2993 4921 3109 4977; x_wconf 86' lang='lat' dir='ltr'><strong>sive</strong></span> <span class='ocrx_word' id='word_1_734' title='bbox 3140 4922 3328 4977; x_wconf 89' lang='lat' dir='ltr'><strong>divina</strong></span> <span class='ocrx_word' id='word_1_735' title='bbox 3354 4938 3483 4994; x_wconf 78' lang='lat' dir='ltr'><strong>pro-</strong></span> 
     </span>
    </p>
   </div>
   <div class='ocr_carea' id='block_1_106' title="bbox 1908 5009 3479 5084">
    <p class='ocr_par' dir='ltr' id='par_1_106' title="bbox 1908 5009 3479 5084">
     <span class='ocr_line' id='line_1_106' title="bbox 1908 5009 3479 5084; baseline 0.006 -22"><span class='ocrx_word' id='word_1_736' title='bbox 1908 5009 2139 5079; x_wconf 89' lang='lat' dir='ltr'><strong>priaque</strong></span> <span class='ocrx_word' id='word_1_737' title='bbox 2164 5017 2220 5064; x_wconf 90' lang='lat' dir='ltr'><strong>et</strong></span> <span class='ocrx_word' id='word_1_738' title='bbox 2242 5010 2537 5078; x_wconf 76' lang='lat' dir='ltr'><strong>Spiritalia,</strong></span> <span class='ocrx_word' id='word_1_739' title='bbox 2585 5010 2701 5065; x_wconf 90' lang='lat' dir='ltr'><strong>sive</strong></span> <span class='ocrx_word' id='word_1_740' title='bbox 2734 5010 2973 5066; x_wconf 84' lang='lat' dir='ltr'><strong>carnalia</strong></span> <span class='ocrx_word' id='word_1_741' title='bbox 3003 5028 3203 5084; x_wconf 90' lang='lat' dir='ltr'><strong>resque</strong></span> <span class='ocrx_word' id='word_1_742' title='bbox 3242 5022 3299 5070; x_wconf 85' lang='lat' dir='ltr'><strong>et</strong></span> <span class='ocrx_word' id='word_1_743' title='bbox 3340 5014 3479 5071; x_wconf 65' lang='lat' dir='ltr'><strong>alie-</strong></span> 
     </span>
    </p>
   </div>
   <div class='ocr_carea' id='block_1_107' title="bbox 1910 5099 2347 5156">
    <p class='ocr_par' dir='ltr' id='par_1_107' title="bbox 1910 5099 2347 5156">
     <span class='ocr_line' id='line_1_107' title="bbox 1910 5099 2347 5156; baseline -0.002 0"><span class='ocrx_word' id='word_1_744' title='bbox 1910 5109 2033 5156; x_wconf 92' lang='lat' dir='ltr'><strong>ctus</strong></span> <span class='ocrx_word' id='word_1_745' title='bbox 2067 5115 2165 5156; x_wconf 90' lang='lat' dir='ltr'><strong>seu</strong></span> <span class='ocrx_word' id='word_1_746' title='bbox 2193 5099 2347 5155; x_wconf 87' lang='lat' dir='ltr'><strong>vitia.</strong></span> 
     </span>
    </p>
   </div>
   <div class='ocr_carea' id='block_1_108' title="bbox 1901 5421 3478 5509">
    <p class='ocr_par' dir='ltr' id='par_1_108' title="bbox 1901 5421 3478 5509">
     <span class='ocr_line' id='line_1_108' title="bbox 1901 5421 3478 5509; baseline 0.006 -33"><span class='ocrx_word' id='word_1_747' title='bbox 1901 5421 2049 5509; x_wconf 56' lang='lat' dir='ltr'><strong>quod</strong></span> <span class='ocrx_word' id='word_1_748' title='bbox 2106 5422 2766 5509; x_wconf 42' lang='lat' dir='ltr'><strong>§y6slsxetqt‘mutandum</strong></span> <span class='ocrx_word' id='word_1_749' title='bbox 2819 5425 3232 5509; x_wconf 48' lang='lat' dir='ltr'><strong>conjicithGesn.</strong></span> <span class='ocrx_word' id='word_1_750' title='bbox 3281 5429 3478 5509; x_wconf 68' lang='lat' dir='ltr'><strong>merito</strong></span> 
     </span>
    </p>
   </div>
   <div class='ocr_carea' id='block_1_109' title="bbox 1899 5492 3477 5567">
    <p class='ocr_par' dir='ltr' id='par_1_109' title="bbox 1899 5492 3477 5567">
     <span class='ocr_line' id='line_1_109' title="bbox 1899 5492 3477 5567; baseline 0.006 -22"><span class='ocrx_word' id='word_1_751' title='bbox 1899 5492 2060 5546; x_wconf 88' lang='lat' dir='ltr'><strong>Billio</strong></span> <span class='ocrx_word' id='word_1_752' title='bbox 2092 5492 2363 5567; x_wconf 69' lang='lat' dir='ltr'><strong>displicet.</strong></span> <span class='ocrx_word' id='word_1_753' title='bbox 2390 5492 2484 5549; x_wconf 56' lang='lat' dir='ltr'><strong>&#39;Ac</strong></span> <span class='ocrx_word' id='word_1_754' title='bbox 2498 5511 2641 5567; x_wconf 84' lang='lat' dir='ltr'><strong>sane</strong></span> <span class='ocrx_word' id='word_1_755' title='bbox 2667 5512 2771 5549; x_wconf 90' lang='lat' dir='ltr'><strong>vox</strong></span> <span class='ocrx_word' id='word_1_756' title='bbox 2809 5504 2893 5550; x_wconf 87' lang='lat' dir='ltr'><strong>est</strong></span> <span class='ocrx_word' id='word_1_757' title='bbox 2923 5492 2995 5567; x_wconf 5' lang='lat' dir='ltr'><strong>in,</strong></span> <span class='ocrx_word' id='word_1_758' title='bbox 3032 5495 3332 5567; x_wconf 89' lang='lat' dir='ltr'><strong>Scripturis</strong></span> <span class='ocrx_word' id='word_1_759' title='bbox 3362 5499 3477 5555; x_wconf 78' lang='lat' dir='ltr'><strong>fre-</strong></span> 
     </span>
    </p>
   </div>
   <div class='ocr_carea' id='block_1_110' title="bbox 1898 5564 3475 5634">
    <p class='ocr_par' dir='ltr' id='par_1_110' title="bbox 1898 5564 3475 5634">
     <span class='ocr_line' id='line_1_110' title="bbox 1898 5564 3475 5634; baseline 0.006 -20"><span class='ocrx_word' id='word_1_760' title='bbox 1898 5577 2097 5634; x_wconf 73' lang='lat' dir='ltr'><strong>quens,</strong></span> <span class='ocrx_word' id='word_1_761' title='bbox 2132 5577 2232 5631; x_wconf 94' lang='lat' dir='ltr'><strong>pro</strong></span> <span class='ocrx_word' id='word_1_762' title='bbox 2264 5564 2511 5634; x_wconf 87' lang='lat' dir='ltr'><strong>diligenti</strong></span> <span class='ocrx_word' id='word_1_763' title='bbox 2544 5580 2720 5634; x_wconf 83' lang='lat' dir='ltr'><strong>exque</strong></span> <span class='ocrx_word' id='word_1_764' title='bbox 2741 5567 2925 5620; x_wconf 89' lang='lat' dir='ltr'><strong>animo</strong></span> <span class='ocrx_word' id='word_1_765' title='bbox 2947 5564 3255 5621; x_wconf 76' lang='lat' dir='ltr'><strong>divinarum</strong></span> <span class='ocrx_word' id='word_1_766' title='bbox 3289 5583 3475 5625; x_wconf 87' lang='lat' dir='ltr'><strong>rerum</strong></span> 
     </span>
    </p>
   </div>
   <div class='ocr_carea' id='block_1_111' title="bbox 1898 5632 3480 5700">
    <p class='ocr_par' dir='ltr' id='par_1_111' title="bbox 1898 5632 3480 5700">
     <span class='ocr_line' id='line_1_111' title="bbox 1898 5632 3480 5700; baseline 0.006 -15"><span class='ocrx_word' id='word_1_767' title='bbox 1898 5632 2341 5687; x_wconf 85' lang='lat' dir='ltr'><strong>consideratione</strong></span> <span class='ocrx_word' id='word_1_768' title='bbox 2370 5632 2460 5688; x_wconf 30' lang='lat' dir='ltr'><strong>‘ac</strong></span> <span class='ocrx_word' id='word_1_769' title='bbox 2516 5632 2876 5691; x_wconf 82' lang='lat' dir='ltr'><strong>meditatione</strong></span> <span class='ocrx_word' id='word_1_770' title='bbox 2899 5637 3011 5700; x_wconf 88' lang='lat' dir='ltr'><strong>;sic</strong></span> <span class='ocrx_word' id='word_1_771' title='bbox 3038 5637 3185 5692; x_wconf 86' lang='lat' dir='ltr'><strong>Isaac</strong></span> <span class='ocrx_word' id='word_1_772' title='bbox 3210 5647 3328 5692; x_wconf 90' lang='lat' dir='ltr'><strong>erat</strong></span> <span class='ocrx_word' id='word_1_773' title='bbox 3355 5639 3480 5694; x_wconf 90' lang='grc' dir='ltr'>ἀδο-</span> 
     </span>
    </p>
   </div>
   <div class='ocr_carea' id='block_1_112' title="bbox 1897 5700 3472 5773">
    <p class='ocr_par' dir='ltr' id='par_1_112' title="bbox 1897 5700 3472 5773">
     <span class='ocr_line' id='line_1_112' title="bbox 1897 5700 3472 5773; baseline 0.008 -21"><span class='ocrx_word' id='word_1_774' title='bbox 1897 5700 2107 5773; x_wconf 74' lang='grc' dir='ltr'>λεσχῶν</span> <span class='ocrx_word' id='word_1_775' title='bbox 2130 5702 2185 5773; x_wconf 89' lang='lat' dir='ltr'><strong>in</strong></span> <span class='ocrx_word' id='word_1_776' title='bbox 2226 5718 2355 5773; x_wconf 84' lang='lat' dir='ltr'><strong>agro</strong></span> <span class='ocrx_word' id='word_1_777' title='bbox 2384 5718 2506 5758; x_wconf 80' lang='lat' dir='ltr'><strong>eum</strong></span> <span class='ocrx_word' id='word_1_778' title='bbox 2543 5705 2792 5761; x_wconf 85' lang='lat' dir='ltr'><strong>Rebecca</strong></span> <span class='ocrx_word' id='word_1_779' title='bbox 2829 5707 2877 5760; x_wconf 89' lang='lat' dir='ltr'><strong>ei</strong></span> <span class='ocrx_word' id='word_1_780' title='bbox 2907 5707 3123 5762; x_wconf 87' lang='lat' dir='ltr'><strong>obviam</strong></span> <span class='ocrx_word' id='word_1_781' title='bbox 3152 5708 3293 5763; x_wconf 84' lang='lat' dir='ltr'><strong>facta</strong></span> <span class='ocrx_word' id='word_1_782' title='bbox 3326 5718 3412 5764; x_wconf 89' lang='lat' dir='ltr'><strong>est</strong></span> <span class='ocrx_word' id='word_1_783' title='bbox 3457 5728 3472 5764; x_wconf 83' lang='lat'><strong>:</strong></span> 
     </span>
    </p>
   </div>
   <div class='ocr_carea' id='block_1_113' title="bbox 1895 5771 3472 5849">
    <p class='ocr_par' dir='ltr' id='par_1_113' title="bbox 1895 5771 3472 5849">
     <span class='ocr_line' id='line_1_113' title="bbox 1895 5771 3472 5849; baseline 0.006 -24"><span class='ocrx_word' id='word_1_784' title='bbox 1895 5771 1976 5825; x_wconf 90' lang='lat' dir='ltr'><strong>sic</strong></span> <span class='ocrx_word' id='word_1_785' title='bbox 2026 5772 2169 5841; x_wconf 90' lang='lat' dir='ltr'><strong>apud</strong></span> <span class='ocrx_word' id='word_1_786' title='bbox 2223 5771 2481 5849; x_wconf 72' lang='lat' dir='ltr'><strong>Davidem</strong></span> <span class='ocrx_word' id='word_1_787' title='bbox 2500 5776 2726 5844; x_wconf 85' lang='lat' dir='ltr'><strong>passim,</strong></span> <span class='ocrx_word' id='word_1_788' title='bbox 2752 5776 3058 5849; x_wconf 75' lang='grc' dir='ltr'>ἐνδελέχεια</span> <span class='ocrx_word' id='word_1_789' title='bbox 3080 5794 3205 5845; x_wconf 83' lang='lat' dir='ltr'><strong>vox,</strong></span> <span class='ocrx_word' id='word_1_790' title='bbox 3226 5779 3374 5835; x_wconf 84' lang='lat' dir='ltr'><strong>nulla</strong></span> <span class='ocrx_word' id='word_1_791' title='bbox 3401 5795 3472 5835; x_wconf 84' lang='lat' dir='ltr'><strong>eo</strong></span> 
     </span>
    </p>
   </div>
   <div class='ocr_carea' id='block_1_114' title="bbox 1894 5843 2657 5915">
    <p class='ocr_par' dir='ltr' id='par_1_114' title="bbox 1894 5843 2657 5915">
     <span class='ocr_line' id='line_1_114' title="bbox 1894 5843 2657 5915; baseline 0.004 -17"><span class='ocrx_word' id='word_1_792' title='bbox 1894 5856 2060 5898; x_wconf 85' lang='lat' dir='ltr'><strong>sensu</strong></span> <span class='ocrx_word' id='word_1_793' title='bbox 2086 5852 2262 5900; x_wconf 78' lang='lat' dir='ltr'><strong>exstat</strong></span> <span class='ocrx_word' id='word_1_794' title='bbox 2283 5843 2338 5898; x_wconf 91' lang='lat' dir='ltr'><strong>in</strong></span> <span class='ocrx_word' id='word_1_795' title='bbox 2354 5843 2657 5915; x_wconf 88' lang='lat' dir='ltr'><strong>Scriptura.</strong></span> 
     </span>
    </p>
   </div>
  </div>
