3898 6432
519 387 651 455 1M3

1750 392 1808 452 S.
1851 393 2136 452 ΜΑΧΙΜΙ
2177 393 2685 456 CONFESSORIS

3635 397 3764 461 1οΗ

511 511 618 568 est,
655 508 718 556 ut
760 501 832 557 ob
875 517 1043 572 opera
1073 510 1335 573 gestaque
1382 498 1725 568 extollatur,‘
1751 517 1816 558 ac
1853 502 2091 572 reliquos

2204 505 2548 578 ὲπαίρεσθαι.
2599 509 2696 562 καὶ
2749 508 3052 574 ὲξουοενιϊν
3087 509 3215 572 τοὺς
3267 510 3494 574 ἄλλους’
3560 512 3659 567 καὶ
3710 515 3768 566 τὸ

512 603 770 666 spernat.
798 603 856 651 et
888 603 948 650 ut
976 594 1082 650 sibi
1116 595 1253 662 haec,
1293 609 1405 650 non
1433 595 1544 650 Deo
1571 594 1830 651 ascribat.
1857 594 2097 660 Saecula-

514 688 593 743 ris
614 697 802 744 autem
835 688 1013 744 inanis
1041 688 1227 759 gloriae
1256 703 1322 743 ac
1371 687 1644 758 superbiae
1685 687 1994 758 proprium,
2033 693 2096 740 ut

511 790 570 833 et
610 778 1042 848 pulchritudinis
1067 789 1124 832 et
1153 777 1472 835 divitiarum
1498 783 1555 831 et
1583 777 1841 846 potentia:
1865 785 1921 830 et
1959 791 2094 846 pru-

515 871 722 926 dentia;
771 874 995 927 nomine
1048 872 1291 926 inaniter
1317 871 1586 942 glorietur
1631 885 1698 925 ac
1748 869 1895 925 fastu
1945 869 2096 924 intu-

498 957 742 1016 mescat.
2056 1023 2060 1027 .

584 1052 1057 1109 85.8mcularium
1115 1055 1350 1112 virtutes
1401 1071 1468 1112 ac
1517 1063 1860 1120 ornamenta,
1906 1069 2094 1110 mona-

518 1144 752 1201 chorum
791 1146 926 1200 vitia
953 1155 1081 1202 sunt
1099 1163 1166 1202 ac
1191 1147 1556 1214 detrimenta;
1591 1147 1950 1217 vicissimque
1971 1161 2093 1200 mo-

515 1236 822 1291 nachorum
846 1236 1081 1293 virtutes
1111 1246 1168 1293 et
1197 1247 1538 1302 ornamenta,
1572 1237 1921 1294 saecularium
1964 1246 2096 1292 sunt

514 1326 646 1382 vitia
676 1334 733 1382 et
771 1325 1128 1384 detrimenta.
1177 1329 1338 1394 Puta,
1381 1329 1723 1386 saecularium
1769 1336 2094 1384 ornamenta

514 1427 665 1483 sunt,
695 1419 922 1485 divitiae,
955 1420 1151 1492 gloria,
1185 1421 1435 1491 potentia
1460 1461 1476 1486 ,
1499 1421 1733 1485 deliciae,
1786 1420 1931 1492 bona
1965 1435 2093 1475 eor-

513 1511 664 1580 poris
691 1511 980 1576 habitudo,
1015 1513 1246 1568 honesta
1271 1514 1489 1568 soboles
1529 1522 1586 1568 et
1612 1513 1857 1583 copiosa,
1883 1519 1940 1567 et
1970 1526 2094 1581 qua:

515 1614 646 1660 sunt
673 1606 945 1677 ejusmodi
971 1624 984 1662 :
1008 1607 1076 1662 ad
1111 1622 1236 1677 quas
1268 1607 1313 1664 si
1342 1607 1526 1662 veniat
1546 1606 1872 1668 monachus,
1904 1613 2091 1659 actum

517 1699 617 1760 illo
675 1708 778 1758 est.
812 1700 1062 1757 Monachi
1087 1711 1273 1756 autem
1305 1708 1626 1756 ornamenta
1652 1708 1817 1769 atque
1833 1698 2090 1761 virtutes,

517 1801 848 1862 paupertas,
910 1791 1243 1862 ignominia,
1286 1790 1664 1855 imbecillitas,
1727 1787 2089 1851 continentia,

516 1881 772 1952 corporis
791 1881 950 1936 labor
989 1881 1221 1952 ejusque
1251 1881 1569 1946 aﬂlictatio,
1607 1891 1665 1936 et
1697 1889 1895 1937 caatera
1924 1877 2088 1944 talia;

515 1969 586 2026 ad
625 1985 748 2041 quae
778 1971 1061 2028 saecularis
1103 1970 1310 2026 invitus
1358 1971 1623 2036 veniens,
1665 1969 1942 2040 ingentem
1974 1968 2091 2024 rui-

514 2078 641 2117 nam
661 2077 726 2118 ac
746 2061 1139 2117 detrimentum
1167 2060 1348 2128 ducit;
1382 2077 1486 2117 nec
1507 2076 1634 2116 raro
1657 2060 1964 2132 periculum
1985 2066 2090 2124 est,

515 2169 586 2213 ue
617 2161 677 2210 et
699 2153 805 2212 sibi
836 2155 1032 2224 laqueo
1061 2162 1253 2224 guttur
1279 2154 1560 2225 frangant;
1599 2167 1702 2209 nec
1725 2151 1925 2208 desunt
1951 2165 2093 2222 quos

513 2246 745 2318 fregisse
772 2256 830 2303 et
851 2255 1091 2303 constat.

584 2341 672 2396 86.
699 2339 846 2405 Cibi,
875 2340 1081 2410 duplici
1120 2355 1188 2396 ex
1209 2355 1374 2394 causa
1404 2339 1610 2394 conditi
1639 2347 1769 2394 sunt
1795 2355 1810 2392 :
1842 2337 2090 2393 alimenti

512 2433 742 2499 scilicet,
773 2443 832 2489 et
858 2433 1180 2490 curationis.
1210 2432 1315 2499 Qui
1344 2431 1511 2502 igitur
1545 2440 1746 2501 praater
1768 2431 1869 2486 has
1895 2446 2093 2486 causas

512 2533 742 2580 sumunt
811 2534 872 2580 ut
923 2525 1019 2595 qui
1065 2525 1233 2580 rebus
1276 2541 1306 2578 a
1352 2526 1468 2579 Deo
1519 2524 1576 2578 in
1604 2539 1765 2578 usum
1817 2523 2093 2578 concessis

513 2615 836 2680 abutantur,
863 2624 1122 2685 tanquam
1149 2615 1444 2685 voluptarii
1475 2615 1878 2670 condemnandi
1919 2623 2050 2669 sunt
2077 2631 2090 2667 :

512 2706 610 2763 sed
629 2715 686 2764 et
712 2705 770 2762 in
797 2707 1058 2762 omnibus
1079 2707 1267 2772 rebus,
1296 2714 1584 2778 peccatum
1605 2706 1813 2762 abusus
1848 2705 2090 2762 exsistit.

584 2881 676 2939 87.
721 2879 955 2937 Modesti
1005 2880 1175 2935 animi
1219 2894 1414 2936 sensus
1440 2879 1563 2958 (seu
1598 2849 1925 2951 humilitas).
1947 2878 2096 2951 jngis

511 2975 692 3032 oratio
733 2983 839 3039 est,
875 2975 1168 3045 conjuncta
1207 2974 1466 3045 lacrymis
1515 2981 1571 3029 et
1619 2973 1925 3028 laboribus.
1969 2973 2095 3028 [hec

511 3068 660 3124 enim
701 3067 874 3122 Deum
902 3081 1121 3136 semper
1171 3066 1227 3122 in
1257 3065 1522 3120 auxilium
1553 3065 1837 3129 invocans,
1869 3064 1924 3118 in
1961 3080 2092 3134 pro-

510 3159 633 3231 pria
658 3157 864 3215 virtute
892 3166 951 3213 et
981 3156 1250 3228 sapientia
1293 3156 1620 3227 insipienter
1646 3155 1930 3212 conlidere
1974 3173 2086 3211 non
2119 3184 2164 3245 ρ

511 3250 666 3314 sinit,
700 3265 803 3306 nec
833 3248 1024 3305 cﬂ‘erri
1057 3248 1324 3303 adversus
1365 3249 1537 3314 alios;
1577 3263 1702 3318 qua:
1733 3246 1858 3302 vitii
1895 3263 2091 3318 super-

511 3341 618 3399 bia:
642 3356 839 3412 graves
865 3341 1223 3411 egritudines
1247 3349 1377 3396 sunt
1397 3356 1462 3396 ac
1493 3357 1670 3396 none.

557 3432 750 3506 ,ω
790 3432 878 3486 88.
917 3431 1082 3486 Aliud
1114 3441 1200 3487 est
1247 3431 1515 3487 adversus
1542 3431 1852 3502 simplicem
1886 3429 2095 3499 cogita-

513 3527 722 3581 tionem
743 3539 1008 3596 pugnare,
1038 3538 1110 3579 ne
1132 3524 1391 3578 allectum
1433 3540 1497 3578 ac
1523 3524 1812 3580 libidinem
1839 3531 2090 3588 moveat;

514 3614 664 3672 aliud
696 3629 941 3686 pugnare
969 3613 1237 3668 adversus
1273 3629 1395 3668 eam
1433 3629 1556 3684 quae
1591 3615 1663 3670 sit
1701 3615 1996 3670 libidinosa
2038 3621 2095 3669 et

515 3719 638 3760 cum
665 3703 892 3769 aliectu,
911 3719 983 3758 nc
1008 3703 1062 3758 in
1086 3718 1420 3758 consensum
1451 3705 1648 3759 trahat.
1675 3706 1883 3760 Neuter
1905 3713 2092 3760 autem

514 3797 712 3856 modus
737 3795 1098 3867 cogitationes
1134 3795 1191 3850 in
1215 3795 1401 3850 animo
1431 3797 1637 3849 morari
1660 3795 1814 3851 sinit.

581 3885 671 3942 89.
695 3884 893 3940 Vultus
913 3883 1171 3940 mcestitia
1191 3924 1206 3948 ,
1237 3883 1562 3953 injuriarum
1590 3886 1871 3940 memoria:
1909 3899 2094 3940 comes

515 3987 620 4035 est.
646 3977 784 4034 Cum
813 3977 982 4049 igitur
1007 3976 1225 4032 animus
1263 3977 1475 4030 vultum
1505 3976 1690 4031 fratris
1709 3977 1864 4046 quasi
1893 3977 1947 4031 in
1971 3993 2095 4046 spe-

515 4071 640 4126 culo
659 4079 888 4126 mmstus
921 4068 1291 4140 conspexerit,
1321 4069 1496 4138 palam
1514 4075 1600 4123 est
1638 4068 1852 4137 injurizn
1881 4084 2094 4123 mento»

516 4179 655 4228 rem,
683 4163 864 4234 ipsum
911 4162 1042 4218 odio
1083 4161 1342 4231 prosequi
1376 4179 1390 4215 :
1431 4160 1536 4216 Via:
1563 4169 1737 4214 autem
1782 4177 1964 4214 eorum
2001 4161 2093 4230 qui

518 4257 844 4328 injuriarum
875 4270 1130 4310 memores
1157 4262 1282 4308 sunt
1301 4293 1317 4318 ,
1352 4255 1408 4308 in
1435 4261 1693 4317 mortem;
1717 4253 1920 4324 quippe
1941 4267 2089 4319 cum,

515 4349 685 4403 omnia
714 4349 1040 4418 injuriarum
1073 4361 1292 4410 memor,
1308 4346 1520 4413 iniquus
1556 4345 1626 4398 sit
1670 4344 1737 4397 ".

585 4439 675 4494 90.
711 4439 808 4494 Sin
847 4449 1031 4493 autem
1058 4446 1117 4493 tu
1155 4454 1284 4508 erga
1324 4437 1564 4506 aliquem
1606 4435 1935 4506 injuriarum
1971 4449 2089 4489 mc-

2195 597 2376 670 ἑαυτῷ
2422 598 2618 663 ταῦτα,
2647 600 2742 654 καὶ
2791 599 2867 670 μὴ
2901 600 2980 671 τῷ
3019 600 3139 671 Θεῷ
3179 603 3529 673 ἐπιγράφειν.
3557 602 3671 672 Τῆς
3713 603 3771 655 δὲ

2194 687 2292 742 τοῦ
2321 689 2592 760 κοσμικοῦ
2619 690 2924 756 κενοδοξίας
2953 692 3053 746 καὶ⁵
3091 693 3475 764 ὑπερηφανίας
3524 691 3679 760 ῐδιον,
3709 697 3770 747 τὸ

2195 782 2292 836 ἐπὶ
2325 782 2516 837 κάλλει
2549 784 2646 838 καὶ
2674 783 2894 854 πλούτῳ
2931 785 3024 838 καὶ
3050 785 3344 857 δυναστείᾳ
3378 786 3478 838 καλ⁵
3510 785 3768 855 φρονήσει

2194 873 2494 942 κενοδοξεῖν
2525 876 2622 930 καὶ
2651 875 3004 948 ἐπαίρεσθαι.

2262 1051 2370 1106 πε’.
2402 1052 2484 1106 Τὰ
2504 1051 2612 1106 τῶν
2633 1051 2919 1124 κοσμικῶν
2939 1051 3345 1124 κατορθώματα
3375 1052 3473 1122 (z),
3501 1050 3767 1122 πτώματα

2193 1141 2304 1196 είσι
2327 1140 2438 1195 τῶν
2471 1143 2722 1214 μοναχῶν
2741 1160 2757 1174 ο
2798 1143 2896 1198 καὶ
2925 1143 3035 1198 τῶν
3065 1143 3318 1214 μοναχῶν
3342 1142 3762 1214 κατορθώματι,

2194 1233 2470 1306 πτώματα
2495 1237 2602 1289 εἱσι
2635 1235 2746 1290 τῶν
2776 1235 3082 1307 κοσμικῶν.
3130 1231 3280 1301 υἶον,
3310 1234 3380 1287 τά
3426 1234 3541 1289 τῶν
3571 1251 3763 1306 κοσμι-

2193 1327 2306 1381 κῶν
2339 1325 2768 1398 κατορθώματα,
2802 1327 3035 1391 πλοῦτός
3064 1328 3181 1382 ἐστι
3213 1329 3308 1382 καὶ
3331 1328 3462 1395 δόξα
3497 1328 3594 1380 καὶ
3611 1327 3763 1382 δυνα-

2194 1418 2348 1473 στεία
2375 1419 2472 1472 καὶ⁵
2499 1420 2682 1491 τρυφὴ
2714 1419 2809 1474 καὶ
2837 1419 3109 1488 εύσαρκία
3138 1419 3236 1474 καὶ
3266 1419 3546 1484 εὐτεκνία,
3580 1419 3677 1474 καὶ
3699 1420 3764 1473 τά

2190 1509 2398 1564 τούτων
2416 1509 2684 1565 ἀκόλουθα
2707 1528 2722 1543 ο
2763 1511 2844 1574 είς
2884 1511 3030 1580 ἅπερ
3052 1510 3224 1564 ἐλθὼν
3253 1513 3284 1566 6
3309 1511 3571 1583 μοναχδς,
3605 1510 3764 1565 ἀπόλ-

2190 1601 2368 1656 λυται.
2409 1600 2492 1655 Τά
2536 1601 2594 1657 δὲ
2624 1601 2720 1655 τοῦ
2773 1601 3014 1673 μοναχοῦ
3047 1600 3476 1675 κατορθώματα,
3518 1605 3766 1673 ἀκτημο-

2193 1695 2348 1767 σύνη.
2373 1695 2578 1761 ἀδοξία,
2619 1694 2914 1766 ἀδυναμία,
2939 1695 3261 1767 ἐγκράτεια,
3289 1693 3656 1756 κακοπάθεια,
3674 1709 3763 1748 και

2191 1788 2260 1842 τά
2289 1786 2492 1841 τούτων
2522 1786 2821 1840 ἀκόλουθαο
2858 1788 2939 1851 είς
2982 1785 3126 1858 άπερ
3175 1784 3348 1840 ἐλθὼν
3377 1787 3408 1838 6
3437 1785 3764 1856 φιλόκοσμος

2193 1880 2344 1952 παρά
2365 1879 2645 1952 πρόθεσιν,
2663 1879 2867 1950 πτῶμα
2892 1880 3111 1949 ἡγεῖται
3136 1878 3310 1950 μέγαο
3345 1877 3442 1931 καὶ
3468 1874 3764 1930 κινδυνεύει

2192 1973 2454 2036 πολλάκις
2481 1972 2576 2026 καὶ
2598 1972 2803 2044 ἀγχόνῃ
2831 1970 3145 2044 χρήσασθαι
3165 1985 3181 2004 ο
3212 1971 3358 2036 τινὲς
3381 1970 3443 2024 δὲ
3475 1970 3576 2026 καὶ
3604 1969 3763 2041 ἑχρή·

2195 2083 2383 2121 σαντο.

2267 2336 2388 2402 πς’.
2419 2336 2500 2390 Τά
2528 2334 2795 2407 βρώματα
2820 2335 2910 2390 διά
2942 2338 3036 2390 δυο
3064 2335 3243 2398 αἰτίας
3268 2349 3496 2408 εκτ.σση
3523 2352 3541 2368 ⁸
3571 2340 3764 2409 τροφῆς

2193 2427 2380 2493 ἕνεκα,
2417 2429 2514 2482 καὶ
2547 2427 2870 2496 θεραπείας.
2917 2428 2982 2481 Ol
3010 2423 3106 2482 οὖν
3148 2426 3326 2498 πάρεξ
3351 2427 3569 2483 τούτων
3606 2445 3766 2499 μετα-

2195 2520 2593 2591 λαμϐάνοντες,
2646 2519 2723 2583 ώς
2783 2518 3215 2591 παραχρώμενοι
3257 2522 3373 2585 τοῖς
3434 2521 3521 2584 εἰς
3580 2522 3763 2592 χρῆσιν

2195 2614 2349 2684 παρά
2381 2611 2518 2666 Θεοῦ
2564 2611 2820 2673 δοθεῖσιν,
2877 2611 2956 2674 ὡς
2988 2628 3262 2682 τρυφηται
3316 2611 3759 2685 κατακρίνονται.

2194 2705 2306 2758 Καὶ
2333 2704 2426 2757 ἐπὶ
2460 2703 2678 2757 πάντων
2719 2703 2778 2756 δὲ
2826 2702 2938 2757 τῶν
2975 2703 3339 2774 πραγμάτων,
3382 2706 3420 2776 ἡ
3480 2703 3762 2776 παράχρηο

2196 2796 2280 2860 σίς
2311 2796 2458 2848 ἐστιν
2485 2799 2518 2864 ή
2555 2795 2822 2866 ἁμαρτία.

2263 2884 2374 2966 πζ’.
2426 2885 2911 2958 Ταπεινοφροσύνη
2969 2886 3106 2952 ἐστὶ,
3183 2885 3474 2958 προσευχὴ
3548 2885 3758 2957 συνεχὴς

2198 2978 2337 3050 μετά
2364 2979 2618 3051 δακρύων
2644 2980 2741 3033 καὶ
2787 2981 2988 3034 πόνων.
3021 2978 3170 3050 Δῦτη
3217 2979 3327 3051 γὰρ
3369 2981 3461 3032 ἀεὶ
3509 2981 3608 3033 τδν
3639 2980 3754 3031 Θεὸν

2195 3069 2274 3132 εἰς
2310 3067 2564 3139 βοήθειαν
2599 3067 3030 3138 ἐπικαλουμένη,
3083 3069 3164 3131 είς
3209 3066 3310 3138 τὴν
3351 3067 3498 3120 ίδίαν
3544 3067 3752 3137 δύναμιν

2195 3161 2288 3213 καὶ
2311 3158 2503 3229 σοφίαν
2526 3157 2774 3229 ἀφρόνως
2793 3157 3020 3229 θαρρεῖν
3049 3157 3151 3210 οὐκ
3174 3156 3258 3227 ἑᾷ,
3285 3155 3410 3209 οὐδὲ
3437 3155 3618 3209 ἄλλων
3644 3171 3758 3208 κατ-

2195 3251 2545 3323 επαίρεσθαι,
2591 3250 2752 3305 ἀτινά
2805 3251 2910 3304 είσι
2956 3247 3172 3320 χαλεπά
3211 3249 3500 3319 νοσήματα
3528 3247 3626 3301 τοῦ
3667 3247 3754 3316 τῆς

2195 3342 2576 3413 ὑπερηφανίας
2611 3342 2838 3406 πάθους.
3731 3380 3748 3393 .

2265 3441 2378 3506 mf.
2417 3435 2580 3488 ’Δλλο
2616 3433 2735 3487 ἐστὶ
2769 3433 3038 3505 μάχεσθαι
3079 3431 3160 3496 τῷ
3189 3431 3330 3502 ψιλῷ
3353 3430 3610 3500 λογισμῷ
3636 3429 3754 3500 (δελ

2195 3529 2282 3581 ἵνα
2309 3527 2386 3599 μὴ
2417 3527 2613 3599 κινήσῃ
2638 3526 2700 3580 τὸ
2729 3526 2931 3589 πάθος⁹
2963 3524 3059 3578 καὶ
3089 3524 3218 3579 ἄλλο
3250 3523 3392 3588 ἐστὶ,
3418 3524 3505 3586 τὸ,
3536 3521 3756 3593 ἐμπαθεί

2197 3620 2487 3691 μάχεσθαι,
2514 3621 2603 3673 ἵνα
2639 3619 2720 3690 μὴ
2754 3619 2985 3689 γένηται
3009 3615 3435 3686 συγκατάθεσις.
3487 3613 3556 3670 Οἱ
3588 3614 3755 3685 ἀμφό-

2190 3729 2342 3785 τεροι
2369 3711 2428 3766 δὲ
2463 3713 2682 3784 τρόποι,
2710 3712 2811 3766 οὐκ
2842 3711 2975 3765 ὲῶσι
3007 3711 3257 3783 χρονίσαι
3287 3710 3418 3773 τοὺς
3450 3705 3750 3778 λογισμούς.

2263 3892 2372 3946 πθ’.
2417 3893 2482 3947 Ἦ
2520 3891 2668 3961 λύπη
2700 3893 2764 3962 τῇ
2813 3890 3154 3963 μνησικακίᾳ
3195 3889 3574 3954 συνέζευκται.
3597 3888 3751 3940 ὀταν

2193 3982 2286 4040 οὖν
2310 3988 2340 4039 6
2365 3985 2489 4050 νοῦς
2533 3985 2596 4038 τὸ
2647 3985 2940 4056 πρόσωπον
2971 3983 3066 4037 τοῦ
3116 3981 3349 4052 ἀδελφοῦ
3407 3982 3550 4052 μετά
3590 3981 3751 4047 λύπης

2193 4079 2608 4149 ὲσοπτρίζηται,
2633 4077 2793 4144 δῆλον
2833 4077 2917 4130 ὅτι
2950 4076 3318 4149 μνησικακίαν
3355 4076 3470 4146 ἔχει
3503 4073 3639 4144 πρὸς
3669 4074 3750 4126 αύ-

2191 4173 2314 4225 τόνο
2331 4170 2488 4224 ὀδοὶ
2519 4170 2590 4224 δὲ
2611 4169 3010 4238 μνησικακίαν
3036 4172 3126 4238 είς
3158 4171 3438 4233 θάνατον,
3466 4168 3623 4231 διότι,
3647 4164 3752 4232 πᾶς

2187 4262 2589 4332 μνησίκακος,
2623 4261 2990 4333 παράνομος.

2265 4466 2301 4504 η,
2319 4477 2334 4493 .
2400 4437 2510 4493 Εάν
2533 4437 2634 4508 μὲν
2655 4436 2720 4492 σὺ
2753 4441 3101 4509 μνησικακῇς
3127 4453 3257 4505 τινι,
3286 4437 3596 4508 προσεύχου
3627 4435 3751 4504 ὑπὲρ

515 4543 638 4582 mor
655 4541 938 4581 ranoorem
972 4526 1255 4590 habueris,
1289 4541 1385 4579 ora
1412 4541 1510 4594 pro
1539 4540 1626 4587 eo,
1659 4525 1847 4593 sicque
1881 4523 2086 4593 passio-

2204 4531 2383 4594 ιύτου,
2416 4531 2512 4584 καὶ
2550 4532 2704 4602 ίστᾷς
2732 4531 2795 4586 τὸ
2830 4531 3004 4595 πάθος
3049 4531 3149 4602 τῆς
3187 4531 3480 4601 κινήσεως,
3521 4529 3752 4601 χωρίζων

515 4620 604 4676 nis
645 4629 822 4690 atque
877 4619 1109 4675 all‘eetus
1143 4628 1352 4673 motum
1388 4617 1677 4673 cohibebis
1714 4635 1728 4672 :
1772 4633 1838 4672 ea
1895 4631 2095 4687 nempe

515 4709 751 4774 ratione,
783 4718 846 4762 ut
872 4709 1104 4772 orando,
1145 4725 1215 4764 ex
1247 4707 1396 4771 mali,
1428 4724 1539 4778 quo
1572 4707 1619 4762 is
1639 4708 1847 4771 ali‘eeit,
1881 4722 2094 4762 memo-

516 4801 620 4868 ria,
667 4801 947 4856 tristitiam
975 4816 1202 4870 separes
1233 4817 1298 4856 ac
1325 4801 1592 4855 dolorem.
1615 4801 1721 4856 Ubi
1752 4811 1935 4856 autem
1959 4801 2094 4855 cha-

517 4895 684 4952 ritate
728 4893 964 4950 diﬂusus
995 4901 1161 4962 atque
1203 4891 1548 4946 humanitate
1589 4906 1799 4961 pronus
1830 4891 2093 4953 evaseris,

515 4986 744 5044 omnino
779 5003 848 5044 ex
899 4985 1084 5040 animo
1132 4983 1442 5054 passionem
1496 4983 1864 5053 effectumque
1898 4981 2088 5052 proﬂi-

515 5079 673 5151 gabis
730 5077 829 5134 Sin
856 5087 1040 5131 autem
1064 5091 1132 5131 ex
1161 5085 1385 5146 accepta
1420 5075 1619 5146 injuria
1651 5074 1793 5129 alius
1821 5075 1876 5128 in
1912 5083 1966 5129 te
2005 5073 2091 5128 in-

2190 4623 2291 4691 τὴν
2317 4621 2518 4690 λύπην,
2551 4622 2640 4676 διὰ
2668 4623 2772 4693 τῆς
2805 4623 3138 4694 προσευχῆς,
3179 4624 3244 4676 ὲκ
3273 4623 3378 4693 τῆς
3415 4623 3640 4693 μνήμης
3668 4619 3748 4673 τοῦ

2192 4716 2391 4776 κακοῦ,
2419 4710 2589 4786 οὗπέρ
2623 4731 2709 4768 σοι
2745 4715 3002 4786 ἐποίησεν
3023 4733 3037 4748 ·
3083 4713 3426 4786 ἀγαπητικδς
3452 4715 3512 4768 δὲ
3545 4713 3750 4784 γενόμ-ε

2189 4820 2281 4865 νος
2313 4805 2408 4857 καὶ
2446 4803 2857 4875 φιλάνθρωπος,
2915 4804 3195 4868 παντελῶς
3224 4805 3289 4858 ὲκ
3338 4803 3445 4874 τῆς
3485 4803 3666 4874 ψυχῆς
3702 4805 3753 4853 τδ

2191 4893 2364 4957 πάθος
2409 4894 2778 4965 ὲξαφανίζεις.
2819 4897 2947 4950 Ἐὰν
2985 4896 3041 4949 δὲ
3088 4897 3247 4960 ἄλλος
3289 4913 3374 4949 σοι
3429 4896 3747 4966 μνηπκακῇ,

2193 4988 2513 5058 χαριστικδς
2543 4987 2705 5055 γενοῦ
2736 4988 2875 5060 πρὸς
2912 4990 3076 5043 αὐτὸν
3102 4989 3198 5043 καὶ
3235 4989 3514 5051 ταπεινὸς,
3542 4989 3639 5041 καὶ
3668 5002 3750 5038 κα-

2198 5077 2304 5141 λῶς
2335 5077 2682 5144 συναυλίζου,
2711 5080 2806 5134 καὶ
2829 5080 3192 5145 ἀπαλλάττεις
3222 5079 3386 5133 αὑτὸν
3411 5079 3509 5133 τοῦ
3544 5079 3747 5138 πάθους.

517 5174 675 5231 tenso
697 5175 883 5229 animo
902 5183 1008 5238 est,
1032 5182 1151 5229 esto
1177 5172 1247 5228 ad
1279 5188 1405 5228 eum
1447 5171 1722 5244 gratiosus
1743 5180 1801 5225 et
1842 5171 2091 5236 humilis,
2134 5175 2478 5246 comiterque
2501 5186 2560 5233 et
2615 5185 2867 5234 amanter
2894 5177 2990 5233 illo
3011 5187 3190 5244 utere,
3256 5177 3550 5249 ipsumque
3582 5175 3750 5231 morbo

543 5270 806 5327 iberabis.

543 5270 664 5326 iber
699 5270 754 5324 bi
791 5309 806 5327 .

517 5270 536 5329 1
593 5287 695 5418 9:
717 5287 784 5418 Ui
806 5363 926 5435 ejus
954 5361 1047 5432 qui
1082 5361 1294 5418 invidet
1319 5361 1566 5417 dolorem
1609 5362 1787 5427 sedes,
1818 5362 1924 5416 hoc
1952 5374 2092 5431 opus

521 5454 614 5513 hic
641 5454 799 5510 labor
833 5463 938 5509 est.
977 5455 1180 5509 Malum
1201 5453 1351 5508 enim
1378 5463 1437 5509 et
1475 5469 1671 5508 noxam
1702 5453 1807 5509 sibi
1833 5453 2007 5518 ducit,
2039 5452 2094 5510 id

593 5575 641 5608 ”
665 5576 827 5630 Prov.
853 5592 949 5642 xu,
977 5575 1080 5642 28;
1116 5593 1224 5641 ut,
1249 5577 1339 5631 24.

601 5687 674 5760 (z)
723 5690 800 5744 Τὰ
838 5691 956 5744 τῶν
992 5691 1301 5760 κοσμικῶν
1337 5691 1778 5759 κατορθώματα.
1808 5691 2087 5748 Praeclara:

529 5760 818 5832 utriusque
851 5769 1026 5832 status
1051 5771 1212 5832 noue,
1239 5777 1350 5832 quo
1387 5762 1500 5816 Deo
1530 5761 1847 5824 militamus.
1883 5770 1940 5816 ct
1975 5777 2087 5830 quo

528 5830 765 5891 militant
810 5831 1027 5886 saeculo.
1085 5830 1206 5901 Ipsa
1259 5830 1454 5918 aperta.
1498 5849 1560 5888 ac
1607 5833 1768 5902 plana
1813 5833 2082 5899 doctrina,

2271 5357 2494 5428 ha'.Toi5
2522 5357 2843 5429 φθονοῦντος
2858 5361 2955 5435 τὴν
2974 5361 3174 5434 λύπην,
3193 5364 3347 5433 κόπῳ
3368 5374 3610 5434 σιτήσεις⁹
3637 5378 3749 5429 συμ-

2201 5453 2372 5524 φορὰν
2398 5449 2509 5522 γὰρ
2539 5453 2778 5524 ἡγεῖται,
2822 5451 2884 5505 τὸ
2926 5453 2985 5505 ἐν
3026 5453 3111 5507 σοὶ
3142 5452 3510 5525 φθονούμενον
3530 5471 3547 5485 °
3586 5451 3774 5530 καὶ

2193 5690 2452 5758 serieque
2476 5689 2576 5755 illi,
2602 5688 2697 5758 qui
2725 5696 2904 5743 status
2931 5685 3184 5740 monachi
3219 5684 3614 5758 perfectionem
3639 5698 3744 5758 nan-

2192 5760 2337 5886 giae:1
2364 5754 2519 5827 velit,
2565 5754 2635 5816 ad
2678 5758 2961 5830 Evangelii
2997 5754 3271 5824 normam,
3301 5769 3420 5828 pra:
3448 5755 3622 5811 oculis
3660 5754 3741 5808 hac

2232 5845 2301 5886 en
2343 5846 2392 5885 a.
