3898 6450
112 380 228 446 tots
941 374 1277 437 CAPITUM
1314 374 1413 435 DE
1447 372 1877 434 CHARITATE
1914 370 2301 433 CENTURIA
2341 372 2455 433 III.
3186 370 3319 437 tota

106 495 305 554 δυνατὸν
328 490 500 556 ἄλλως
523 492 741 562 στῆσαι,
774 492 825 545 ει
862 493 938 563 μή
980 509 1034 547 τι
1062 492 1293 564 κρύψεις
1334 491 1519 546 αὐτόν.
1570 490 1634 542 Εἰ
1665 500 1677 545 Α

1786 506 1791 541 ι
1817 497 1868 544 te
1895 488 2050 555 boni,
2102 485 2261 563 cujus
2291 491 2389 546 tibi
2420 504 2586 546 causa
2617 489 2859 559 invidet;
2907 508 3006 547 nec
3035 492 3188 548 aliter
3228 494 3321 550 fiat

104 590 152 643 δὲ
178 585 391 650 πολλοὺς
428 584 525 656 μὲν
550 583 772 653 ὠφελεῖ,
810 585 1021 639 ἐκεῖνον
1044 585 1313 651 δὲ-λυπεῖ,
1344 582 1501 637 ποίου
1537 582 1636 654 μέ-

1787 588 1807 634 t
1833 581 1955 651 ejus
1985 580 2151 636 sistas
2179 582 2433 649 livorem,
2459 582 2597 653 quin
2626 581 2833 652 aliquid
2873 598 3000 637 eum
3026 585 3316 640 celaveris.

106 695 216 751 ρους
238 676 529 749 περιφρονή
538 692 648 740 σεις
666 692 683 743 ;
700 671 1151 745 ‘Avayxaiovoﬁv
1170 676 1271 745 τῆς
1290 674 1397 731 τῶν
1426 674 1640 727 πολλῶν

1787 671 1841 725 in
1863 680 2049 726 autem
2084 671 2234 727 illud
2254 672 2647 745 ejusmodisit,
2678 673 2826 744 quod
2858 675 3061 730 multos
3092 674 3317 745 quidem

107 766 330 836 γενέσθαι
360 765 655 836 ὠφελείας,
702 765 960 820 κάκείνου
999 764 1058 819 δὲ
1105 764 1247 821 κατὰ
1281 764 1512 835 δύναμιν
1564 765 1639 835 μὴ

1786 771 1914 829 wet,
1946 763 2027 818 illi
2066 772 2248 818 autem
2276 763 2484 819 doloris
2525 773 2764 837 segetem
2810 764 3104 829 ministret,
3134 773 3318 819 utram

107 859 300 930 ἀμελεῖν
321 873 335 889 ·
405 858 549 930 μηδὲ
569 862 639 930 τῇ
672 858 768 912 τοῦ
793 858 1000 922 πάθους
1028 856 1263 930 πονηρίᾳ
1290 856 1636 927 ωναπαχθῆο

1786 866 1956 912 artem
1981 863 2304 912 contemnes
2320 857 2351 910 ?
2371 856 2544 928 Igitur
2561 873 2785 913 necesse
2808 865 2913 923 est,
2940 866 3001 912 ut
3026 875 3056 911 a
3073 857 3319 928 plurium

108 969 182 1005 v1:
199 968 212 983 ο
240 950 313 1013 ὡς
337 950 456 1021 οὐχὶ
479 949 560 1021 τῷ
590 949 775 1015 πάθει,
805 950 944 1005 ἀλλὰ
966 949 1046 1021 τῷ
1070 950 1333 1021 πάσχοντι
1356 950 1637 1021 ἀμυνόμε-

1786 946 2005 1019 ulgique
2030 947 2267 1002 utilitate
2293 954 2426 1013 stes,
2456 963 2559 1003 nec
2583 957 2789 1013 tamen,
2818 956 3022 1018 quanta
3066 946 3317 1010 facultas,

108 1063 182 1097 νον
204 1059 218 1073 ·
254 1042 384 1097 ἀλλὰ
408 1045 476 1114 τῇ
514 1043 982 1116 ταπεινοφροσύνῃ
1008 1042 1261 1114 ἡγεῖσθαι
1292 1042 1453 1097 αὑτὸν
1479 1042 1647 1114 ὑπερ-

1790 1039 1901 1093 lum
1932 1039 2197 1109 negligas,
2231 1054 2403 1094 necve
2430 1046 2483 1094 te
2506 1039 2626 1093 vitii
2646 1041 2917 1111 pravitate
2940 1040 3149 1110 pariter.
3174 1040 3320 1095 trahi

111 1136 279 1206 έχοντα
303 1134 549 1200 σεαυτοῦ,
584 1136 676 1189 καὶ
728 1136 787 1189 ὲν
829 1136 993 1190 παντὶ
1021 1135 1198 1208 καιρῷ
1230 1136 1323 1189 καὶ
1360 1135 1510 1205 τόπῳ
1548 1135 1645 1188 καὶ

1786 1132 1916 1196 inas,
1956 1139 2017 1185 ut
2037 1131 2131 1200 qui
2158 1146 2268 1185 non
2298 1129 2511 1197 morbo,
2543 1132 2639 1187 sed
2666 1147 2732 1186 eo
2752 1131 3021 1193 laboranti
3049 1145 3208 1200 opem
3238 1132 3322 1185 fe-

111 1228 386 1297 πράγματι,
417 1230 691 1300 προτιμᾷν
720 1228 905 1283 αὐτόν.
936 1228 1040 1282 Τὸν
1062 1227 1121 1282 δὲ
1146 1227 1237 1280 σὺν
1264 1226 1457 1297 φθόνον
1486 1226 1648 1280 δύνα-

111 1334 187 1370 σαι
213 1320 417 1389 στῆσαι,
442 1318 538 1373 ὲάν
564 1322 621 1373 ὲν
645 1314 727 1382 οἷς
750 1318 935 1391 χαίρει
956 1320 985 1373 6
1009 1318 1115 1373 ὑπὸ
1144 1318 1237 1374 σοῦ
1256 1318 1646 1390 φθονούμενος,

111 1408 414 1479 συγχαίρηῳ
458 1410 555 1463 καὶ
582 1410 642 1465 ὲν
675 1404 757 1475 οἷς
785 1410 1059 1475 λυπεῖται,
1090 1410 1189 1465 καὶ
1217 1410 1386 1475 αὐτὸς
1418 1410 1482 1464 σὺ
1516 1409 1645 1463 συλ-

110 1496 261 1567 λνπῇο
317 1498 539 1569 πληρῶν
590 1499 652 1553 τὸ
702 1500 799 1553 τοῦ
865 1501 1219 1567 Ἀποστόλου,
1271 1500 1355 1565 τὸ,
1408 1504 1648 1569 Χαίρειν

107 1588 234 1657 μετὰ
260 1589 608 1658 χαιρόντων,
639 1590 738 1643 καὶ
766 1591 1000 1645 κλαίειν
1021 1591 1173 1662 μετὰ
1203 1595 1537 1647 κλαιόντων

1746 1238 1875 1277 ras:
1911 1221 2008 1277 sed
2057 1237 2253 1277 sensus
2295 1222 2581 1288 modestia,
2618 1238 2746 1278 eum
2790 1238 3007 1294 semper
3036 1223 3141 1278 tibi
3158 1239 3323 1294 supe~

1745 1313 1950 1367 riorem
1970 1310 2274 1375 existimes,
2304 1311 2566 1381 omnique
2599 1321 2846 1382 tempore
2879 1322 2933 1367 et
2966 1314 3087 1368 loco
3131 1329 3195 1370 ac
3222 1328 3322 1367 ne-

1747 1404 1895 1476 gotio
1936 1404 2145 1475 primas
2178 1403 2257 1458 illi
2297 1403 2482 1458 cedas.
2515 1403 2688 1458 Tuam
2733 1420 2868 1459 vero
2896 1404 3015 1475 ipse
3056 1406 3322 1460 invidiam

1748 1495 1941 1550 sedare
1969 1503 2146 1564 potes,
2201 1493 2247 1549 si
2277 1494 2479 1564 quibus
2526 1494 2750 1567 gaudet,
2804 1496 2861 1550 in
2905 1512 3068 1566 quem
3118 1497 3325 1553 invidia

1748 1586 2067 1651 concitaris,
2106 1587 2313 1657 pariter
2357 1587 2617 1658 gaudeas,
2650 1602 2712 1642 ac
2736 1588 2943 1658 quibus
2981 1588 3157 1656 dolet,
3208 1591 3326 1661 ipse

1749 1677 1916 1732 etiam
1938 1677 2144 1747 pariter
2171 1678 2380 1743 doleas,
2416 1677 2650 1748 implens
2688 1678 2823 1734 illud
2848 1680 3095 1750 Apostoli
3124 1700 3137 1736 :
3180 1682 3325 1737 Gau-

1752 1768 1875 1822 dere
1904 1786 2022 1823 cum
2063 1769 2430 1840 gaudentibus,
2470 1778 2521 1823 et
2553 1773 2681 1841 ﬂere
2709 1788 2829 1825 cum
2856 1771 3101 1842 ﬂentibus
3120 1772 3189 1826 ’⁷.

168 1852 265 1924 ιβ’.
301 1852 357 1907 '0
382 1851 507 1920 νοῦς
536 1854 698 1927 ἡμῶν
729 1855 898 1927 μέσος
924 1856 1073 1930 [Reg.
1099 1860 1151 1925 1,
1190 1859 1377 1935 μέσον]
1414 1862 1532 1916 ἐστὶ
1559 1863 1652 1917 δύο

1819 1858 1906 1913 92.
1934 1859 2085 1913 Mens
2129 1868 2317 1913 nostra
2346 1860 2581 1914 duorum
2616 1861 2981 1931 quorumdam
3008 1863 3189 1919 media
3218 1874 3323 1929 est,

118 1942 272 2006 τινῶν,
301 1943 532 1998 ἑκάστου
576 1944 648 1998 τὰ
681 1945 790 1999 ἴδια
837 1947 1220 2018 ἐνεργοῦντος*
1260 1948 1355 2002 τοῦ
1404 1948 1522 2019 μὲν,
1551 1949 1651 2020 τὴν

1786 1968 1991 2020 ςιιοτυηι
2031 1960 2263 2021 uterque
2292 1964 2574 2022 operatur,
2608 1969 2730 2023 qua:
2751 1954 2857 2009 sibi
2887 1956 3110 2026 propria
3134 1958 3324 2022 habet;

116 2034 315 2102 ἀρετήν·
374 2033 468 2088 τοῦ
494 2034 575 2098 δὲ,
612 2037 712 2107 τὴν
742 2038 970 2093 κακίανο
1032 2040 1277 2095 τουτέστι
1300 2042 1531 2110 ἀγγέλου
1562 2043 1655 2096 καὶ

1790 2042 1915 2105 lter,
1946 2043 2246 2107 virtutem;
2283 2044 2444 2104 alter,
2488 2043 2715 2110 vitium;
2750 2044 2894 2099 inter
2916 2046 3131 2102 scilicet
3165 2064 3331 2118 ange-

119 2122 360 2192 διίμονος.
401 2124 685 2191 Ἐξουσεαν
714 2128 770 2182 δὲ
801 2127 915 2200 ἔχει
948 2131 976 2184 6
1004 2131 1150 2199 νοῦς,
1195 2132 1291 2187 καὶ
1327 2132 1557 2188 δύναμιν
1612 2128 1657 2189 ὧ

1786 2150 1869 2188 nm
1895 2142 2059 2203 atque
2090 2135 2417 2189 danuonem.
2453 2134 2654 2190 Libera
2690 2151 2823 2191 vero
2857 2137 2935 2191 illi
2958 2137 3188 2194 facultas
3221 2149 3326 2207 est,

120 2213 242 2268 θέλει
260 2216 363 2270 εἴτε
387 2217 642 2286 ἕπεσθαι,
673 2220 784 2274 εἴτε
812 2222 1151 2294 ἀντιστῆναι.

1786 2235 1922 2295 tque
1947 2235 2210 2295 potestas,
2244 2237 2428 2282 utrum
2458 2228 2590 2282 velit
2616 2228 2796 2298 sequi,
2830 2236 2925 2283 aut
2954 2230 3044 2284 cui
3076 2231 3347 2288 resistere.

1761 2318 1936 2372 malit.

176 2390 266 2459 ῐςγθ.
313 2394 378 2446 AZ
417 2394 519 2464 μὲν
567 2395 718 2466 ἅγιαι
750 2398 1019 2469 Δυνάμεις
1073 2418 1467 2473 προτρεπονται
1516 2405 1662 2475 ἡμᾶς

122 2482 197 2533 ἐπὶ
222 2482 281 2534 τὰ
308 2482 445 2539 καλά
464 2501 479 2517 ο
541 2486 612 2539 τὰ
646 2487 703 2540 δὲ
745 2489 949 2558 φυσικά
976 2491 1269 2560 σπέρματα
1300 2494 1392 2546 καὶ
1422 2495 1454 2564 ἡ
1485 2494 1663 2564 ἀγαθὴ

123 2573 425 2643 προαίρεσις,
480 2574 773 2647 βοηθοῦσιν
813 2580 944 2650 ἡμῖν
968 2595 983 2611 ·
1041 2581 1141 2645 τὰς
1168 2582 1224 2636 δὲ
1256 2582 1366 2638 τῶν
1394 2585 1665 2656 δαιμόνων

124 2664 419 2733 προσϐολὰς,
476 2667 550 2720 τὰ
580 2667 727 2740 πάθη
760 2671 851 2723 καὶ
882 2672 1155 2743 ηπονηρὰ
1187 2676 1506 2747 προαίρεσις
1539 2695 1665 2733 συν-

128 2770 263 2808 ιστωσ
266 2774 299 2811 ι.

181 2851 265 2917 ιδ’.
315 2854 415 2909 Τὸν
461 2855 709 2928 καθαρὸν
757 2853 914 2919 νοῦν,
972 2858 1102 2912 ποτὲ
1130 2858 1249 2930 μὲν,
1292 2860 1455 2924 αὐτὸς
1481 2862 1510 2914 6
1540 2861 1671 2925 Θεὸς

129 2942 248 3015 αὐτῷ
272 2947 561 3003 ἐπιϐαίνων
587 2950 854 3007 διδάσκειο
889 2951 1018 3004 ποτὲ
1041 2951 1116 3016 δὲ,
1140 2952 1197 3005 αἱ
1222 2952 1375 3019 ἅγιαι
1402 2954 1671 3024 Δυνάμεις

128 3036 183 3089 τὰ
216 3038 342 3094 καλὰ
388 3041 769 3097 ὑποτίθενταιο
836 3044 967 3099 ποτὲ
1004 3044 1095 3110 δὲ,
1141 3046 1175 3117 ἠ
1207 3043 1367 3114 φύσις
1393 3046 1502 3100 τῶν
1530 3064 1675 3119 πρα-

131 3128 320 3197 γμάτων
347 3131 726 3207 θεωρουμένη.

184 3309 272 3375 ιιεξ
324 3310 438 3384 Χρὴ
470 3312 569 3365 τὸν
596 3313 1001 3380 καταξιωθέντα
1029 3314 1285 3385 γνώσεως
1308 3314 1433 3369 νοῦν
1451 3353 1466 3379 ,
1515 3315 1585 3369 τά
1610 3332 1669 3369 τε

132 3397 342 3467 νδήματιιι
369 3405 560 3474 τηρεῖν
587 3404 774 3475 ἀπαθῆ
803 3405 911 3458 τῶν
931 3407 1294 3479 πραγμάτων
1332 3408 1423 3462 καὶ
1449 3407 1518 3460 τὰ
1540 3407 1673 3460 θεω·

136 3490 335 3560 ρήματα,
355 3494 596 3566 άσφαλῆο
626 3497 721 3550 καὶ
748 3497 847 3569 τὴν
872 3499 973 3568 τῆς
997 3500 1309 3572 προσευχῆς
1334 3503 1673 3556 κατάστασιν

134 3579 383 3641 ἀθόλωτον.
448 3586 523 3639 Ού
574 3586 795 3643 δύναται
841 3590 898 3643 δὲ
947 3590 1119 3645 ταῦτα
1150 3592 1237 3644 ἀεὶ
1262 3594 1449 3664 τηρεῖν
1478 3593 1543 3647 ὲκ
1565 3592 1674 3645 τῶν

136 3670 216 3740 τῆς
242 3678 425 3747 σαρκὸς
451 3678 761 3735 άναδόσεων
779 3720 795 3746 ,
848 3681 939 3736 διά
968 3682 1069 3753 τῆς
1112 3683 1221 3738 τῶν
1251 3684 1524 3757 δαιμόνων
1552 3687 1676 3739 ἐπι-

140 3758 303 3833 ϐουλῆς
329 3769 745 3842 καπνιξόμενος.

199 3957 297 4021 (ις’.
342 3961 413 4014 Οὐ
442 3962 510 4016 δι’
530 3963 632 4017 ὅσα
658 3963 995 4037 λυπούμεθα,
1024 3967 1112 4021 διὰ
1135 3968 1310 4024 ταῦτα
1338 3972 1433 4024 καὶ
1462 3970 1681 4041 ὀργιζό-

151 4044 279 4112 μεθα.
335 4052 627 4118 Πλεονάζει
675 4056 783 4125 γάρ
842 4057 910 4109 τὰ
959 4057 1057 4128 τὴν
1102 4057 1280 4130 λύπην
1325 4061 1679 4131 ἐμποιοῦντα,

153 4137 271 4205 παρὰ
295 4141 387 4212 τὴν
415 4144 608 4216 ὀργήν.
668 4141 814 4211 Οἷον,
866 4148 1104 4220 ἐκλάσθη
1134 4150 1251 4203 τόδε
1281 4150 1382 4221 (ιι)⁶
1432 4151 1683 4206 ἀπώλετο

152 4224 270 4280 τάδε’
310 4233 573 4313 άπέθανεν
602 4235 824 4292 δ’δεῖνα.
856 4238 956 4291 Διὰ
979 4238 1187 4309 γὰρτὸ.
1203 4239 1684 4305 τοιαῦτα,.λυπού-

153 4319 267 4385 μεθα
307 4326 490 4393 μόνον·
556 4327 644 4381 διὰ
680 4328 737 4381 δὲ
783 4329 853 4383 τά
889 4328 1073 4393 λοιπὰ,
1125 4330 1219 4384 καὶ
1247 4330 1563 4404 λυπούμεθα
1589 4334 1689 4390 καλ⁸

151 4408 474 4488 ὀργιζόμεθα,
489 4420 834 4491 ἀφιλοσόφως
861 4421 1210 4493 διακείμενοι.
1516 4438 1519 4441 ·

208 4604 298 4672 ιιςν.
328 4610 621 4683 Δεχόμενος
644 4612 672 4665 6
697 4611 823 4676 νοῦς
843 4610 913 4666 τὰ
933 4609 1041 4665 τῶν
1063 4612 1401 4683 πραγμάτων
1420 4615 1688 4687 νοήματα,

153 4713 263 4768 προς
312 4702 536 4757 ἕκαστον
591 4704 770 4776 νόημα
828 4704 1401 4775 μετασχηματίζεσθαι
1453 4707 1687 4778 πέφυκε.

153 4787 351 4863 Θεωρῶν
375 4795 429 4848 δὲ
457 4795 631 4850 ταῦτα
658 4795 1042 4866 πνευματικῶς
1064 4838 1081 4862 ,
1130 4796 1267 4868 πρὸς
1295 4796 1521 4854 ἕκαστον
1551 4798 1687 4852 θεῶ-

155 4898 285 4954 ρημα
328 4889 582 4955 ποικίλως
637 4889 1135 4961 μεταμορφοῦσθαι.
1178 4888 1267 4943 Ἐν
1295 4890 1353 4944 δὲ
1394 4891 1509 4962 Θεῷ
1532 4893 1703 4960 γενόι

157 4990 331 5045 μενος,
375 4981 619 5053 ἄμορφος
665 4982 840 5053 πάντη
893 4981 986 5036 καὶ
1026 4982 1431 5054 ἀσχημάτιστος
1458 4985 1703 5053 γίνεται,

155 5065 244 5121 Τὸν
282 5073 385 5143 γὰρ
440 5074 686 5147 μονοειδῆ
734 5074 952 5147 θεωρῶν
975 5114 992 5141 ,
1050 5073 1327 5149 μονοειδὴς
1356 5076 1567 5145 γίνεται
1597 5078 1693 5133 καὶ

156 5154 259 5221 ὅλος
282 5165 581 5237 φωτοειδης.

218 5316 257 5350 ⁸⁷
281 5319 430 5376 Rom.
466 5342 558 5391 ιιι,
588 5325 679 5381 15.

202 5457 291 5579 .Sa)
337 5459 634 5541 Ἐκλὰσθη
672 5461 826 5515 τόδε.
858 5460 979 5515 Non
1021 5458 1156 5515 satis
1194 5457 1339 5539 felici
1377 5467 1694 5538 conjectura

163 5523 269 5579 Bal.
306 5529 526 5596 perinde
568 5532 779 5601 ὲκλὰπη
810 5530 916 5600 legi
956 5545 1134 5601 posse
1155 5536 1505 5601 existimavit,
1534 5527 1696 5601 _quod

165 5608 286 5662 puro
315 5606 558 5668 typorum
600 5597 802 5655 mendo
836 5597 1202 5667 εἱιιῐὲκλάθη.
1234 5598 1346 5652 Nec
1376 5606 1483 5668 tam
1525 5597 1691 5651 Gesn.

166 5666 543 5742 emendaverat,
572 5687 734 5742 quam
758 5672 952 5742 legisse
981 5666 1306 5742 Obsopaenm
1344 5667 1690 5742 adverterat:

172 5741 378 5808 uterque
417 5736 878 5805 enimfFr’actu'm
936 5749 1011 5793 est
1067 5736 1269 5808 aliquid
1308 5754 1326 5790 :
1372 5752 1497 5791 cum
1548 5736 1697 5808 furto

174 5803 414 5877 ablatum,
456 5803 628 5880 ipsum
658 5827 797 5883 pene
832 5810 904 5867 sit
933 5809 1079 5881 quod
1118 5803 1430 5876 amissum;
1454 5822 1554 5862 nec
1596 5805 1697 5862 dc~

672 5461 826 5515 τόδε.
858 5460 979 5515 Non
1021 5458 1156 5515 satis
1194 5457 1339 5514 felici
1377 5467 1715 5527 conjectura.

1829 2406 1989 2479 [‘53
2015 2408 2103 2463 95.
2141 2408 2356 2463 Sanctae
2388 2408 2655 2475 Virtutes,
2681 2424 2782 2464 nos
2814 2408 2881 2465 ad
2918 2425 2983 2465 ea
3009 2420 3335 2482 provocant,

1764 2513 1886 2567 qua:
1910 2499 2139 2553 honesta
2163 2515 2226 2553 ac
2251 2498 2415 2553 olIicii
2441 2508 2572 2554 sunt
2600 2517 2615 2553 :
2651 2500 2926 2555 naturalia
2962 2516 3096 2556 vero
3126 2505 3337 2560 semina

1765 2602 1830 2642 ac
1863 2588 2013 2642 bona
2045 2589 2329 2655 voluntas,
2363 2605 2469 2659 ope
2516 2591 2712 2661 juvant
2748 2607 2761 2644 :
2801 2589 3112 2647 daemonum
3152 2602 3343 2649 autem

1767 2679 2045 2744 incursus,
2076 2679 2308 2736 allectus
2335 2696 2401 2736 ac
2418 2682 2552 2736 vitia
2581 2682 2839 2753 malaque
2868 2684 3122 2738 voluntas
3151 2699 3342 2740 corro-

1769 2770 1987 2828 borant.

1840 2864 1927 2920 94.
1989 2866 2189 2921 Puram
2241 2876 2505 2935 mentem,
2548 2868 2884 2940 quandoque
2926 2869 3148 2941 quidem
3196 2869 3344 2924 Deus

1772 2956 1890 3025 ipse
1921 2956 1997 3012 illi
2030 2958 2318 3026 immeans,
2350 2960 2543 3027 docet;
2588 2961 2920 3032 quandoque
2966 2978 3099 3017 vero
3142 2968 3344 3017 sancta:

1772 3048 2040 3113 Virtutes,
2073 3066 2194 3119 qum
2221 3058 2352 3105 sunt
2381 3052 2615 3107 honesta
2644 3061 2946 3122 suggerunt
2970 3068 2984 3106 :
3012 3052 3343 3121 quandoque

1776 3140 1892 3210 ipsa
1935 3157 2120 3196 rerum
2166 3142 2378 3199 indoles
2414 3144 2735 3216 diligentius
2770 3144 2955 3200 animo
3003 3145 3248 3215 inspecta
3279 3160 3346 3200 ac

1772 3232 2138 3288 considerata.

1843 3320 1931 3375 95.
1986 3320 2145 3384 Eum,
2202 3321 2299 3391 qui
2360 3321 2609 3378 scientiae
2667 3338 2896 3393 compos
2950 3324 3183 3379 eﬂ’ectus
3235 3331 3347 3387 est,

1773 3427 2000 3467 necesse
2030 3420 2137 3479 est,
2168 3422 2284 3468 tum
2320 3429 2508 3468 rerum
2551 3424 2855 3485 conceptus
2892 3430 3113 3471 servare
3150 3431 3182 3470 a
3219 3414 3347 3468 libi-

1776 3503 1906 3558 dine
1950 3519 2152 3574 puros;
2212 3514 2328 3560 tum
2379 3520 2576 3561 sensus
2626 3505 2926 3576 spiritales,
2973 3516 3123 3562 tutos
3166 3524 3179 3560 :
3231 3516 3346 3560 tum

1777 3593 2015 3665 denique
2040 3595 2397 3665 tranquillum
2422 3597 2691 3653 orationis
2721 3605 2945 3653 statum.
2981 3596 3137 3651 Haud
3167 3607 3349 3652 tamen

1777 3687 1896 3743 ﬁeri
1917 3694 2099 3757 potest
2126 3696 2187 3742 ut
2212 3687 2330 3743 haec
2355 3703 2574 3759 semper
2607 3705 2721 3760 pra:
2755 3690 2940 3746 carnis
2967 3689 3354 3759 eruptionibus

1779 3788 2005 3846 servet;
2033 3779 2185 3835 fumo
2213 3779 2424 3837 scilicet
2448 3795 2548 3851 per
2576 3779 2804 3836 insidias
2824 3780 3137 3836 daemonum
3168 3780 3219 3835 ei
3248 3780 3351 3835 ob-

1777 3872 2055 3928 turbante.

1854 3966 1942 4022 96.
1973 3965 2093 4020 Non
2132 3963 2393 4019 omnibus
2426 3962 2633 4033 quibus
2671 3961 2942 4027 dolemus,
2966 3961 3055 4016 his
3078 3971 3136 4018 et
3161 3962 3353 4017 irasci-

1782 4066 1929 4110 mur.
1969 4054 2131 4109 Plura
2159 4054 2310 4108 enim
2350 4060 2482 4107 sunt
2509 4067 2635 4121 qua:
2677 4050 2961 4106 tristitiam
2995 4050 3357 4119 doloremque

1787 4148 1965 4210 cient,
1997 4160 2163 4215 quam
2189 4160 2311 4214 quae
2334 4144 2491 4200 iram.
2511 4143 2675 4207 Puta,
2706 4158 2801 4197 vas
2829 4141 3063 4196 fractum
3084 4150 3202 4205 est;
3227 4156 3355 4210 per-

1789 4241 1877 4306 iit,
1905 4256 2001 4295 seu
2042 4239 2307 4293 amissum
2346 4246 2465 4302 est;
2510 4236 2604 4291 hic
2645 4234 2870 4305 quidam
2902 4234 3050 4288 diem
3079 4233 3237 4287 obiit.
3275 4231 3362 4287 Ob

1786 4335 1905 4390 haec
1928 4332 2075 4388 enim
2099 4338 2157 4385 et
2191 4328 2413 4392 similia,
2441 4327 2694 4382 dolemus
2714 4333 2927 4380 tantum
2947 4341 2962 4391 ;
2988 4324 3058 4380 ob
3079 4324 3185 4378 alia
3203 4339 3358 4387 vero,

1790 4428 2042 4484 dolemus
2062 4423 2225 4480 simul
2246 4429 2305 4478 et
2328 4420 2619 4475 irascimur
2640 4434 2739 4475 seu
2769 4418 3139 4487 indignamur,
3162 4417 3363 4473 animis

1717 4529 1764 4586 ι)
1790 4534 1903 4574 non
1936 4516 2071 4570 satis
2104 4529 2171 4567 ex
2193 4510 2417 4569 virtutis
2456 4508 2669 4565 ratione
2697 4506 3042 4578 compositis.

1863 4610 1952 4665 97.
2008 4605 2241 4662 Animus
2293 4617 2480 4657 rerum
2522 4608 2826 4670 conceptus
2868 4599 3208 4669 suscipiens,
3262 4613 3362 4669 pro

1795 4700 2225 4769 uniuscujusque
2252 4696 2464 4750 ratione
2496 4693 2604 4749 alio
2636 4692 2855 4762 alioque
2890 4692 3058 4747 modo
3083 4692 3366 4761 componi-

1793 4806 1903 4852 tur.
1932 4795 2071 4849 Dum
2102 4799 2287 4845 autem
2314 4787 2638 4858 spiritaliter
2660 4785 2994 4851 considerat,
3028 4784 3096 4840 ad
3120 4784 3365 4854 singulos

1794 4885 2075 4959 spiritales
2117 4896 2332 4938 sensus-
2362 4880 2515 4935 varie
2557 4879 3006 4935 transformatur.
3047 4878 3118 4932 At
3157 4876 3214 4930 in
3252 4877 3365 4929 Deo

1795 4994 2044 5041 versans,
2072 4976 2257 5032 omnis
2281 4975 2470 5029 forma:
2499 4981 2667 5043 atque
2702 4970 2889 5043 ﬁgurae
2914 4985 3141 5042 prorsus
3170 4982 3367 5037 expers

1795 5072 2053 5132 elﬁcitur.
2096 5068 2229 5140 Ejus
2266 5067 2417 5122 enim
2464 5065 2561 5135 qui
2596 5064 2886 5120 uniformis
2927 5070 3012 5118 est
3053 5060 3367 5116 considera-

1799 5167 1972 5228 tione,
1989 5160 2301 5217 uniformis
2324 5159 2441 5229 ipse
2466 5167 2725 5227 totusque
2753 5154 2969 5210 lucidus
2998 5152 3249 5208 redditur

1801 5458 2013 5531 buerit_
2038 5456 2305 5531 Maximus
2343 5468 2591 5531 ejusdem
2641 5463 2781 5531 pene
2821 5445 3041 5531 generis
3064 5458 3370 5531 gena-{nar}?

1802 5527 2072 5597 exempla,
2099 5527 2304 5580 omisso
2338 5514 2485 5597 quod
2521 5523 2601 5576 sic
2643 5514 2698 5597 in
2728 5514 2985 5588 promptu
3024 5523 3127 5569 est.
3159 5514 3371 5597 Quotus

1799 5583 2211 5667 enim‘quisque
2241 5583 2476 5667 cst,’q_ui
2508 5607 2616 5645 non
2648 5583 2975 5667 εἴπεο-νεὶξο
3015 5598 3147 5664 casu
3185 5583 3393 5651 aliquo

1801 5654 2010 5726 doleat:
2023 5654 2249 5791 pcrjlnldc
2272 5654 2342 5719 ac
2357 5654 2540 5733 aliquo
2561 5659 2794 5715 amisso?
2817 5657 2894 5712 lla
2910 5654 3148 5725 denique
3173 5668 3373 5722 reprae-

1801 5746 2023 5791 sentant
2048 5752 2111 5791 co
2197 5777 2208 5789 .

1801 5746 2023 5795 sontant
2048 5746 2208 5792 οοιιιι.
