3898 6428
524 327 661 394 1047

1754 338 1815 396 S.
1857 335 2144 399 ΜΑΧΙΜΙ
2183 338 2693 405 CONF‘ESSORIS

3632 338 3760 405 tota

590 440 680 496 98.
731 440 928 495 Anima
967 449 1213 511 perrecta
1252 452 1359 507 est,
1398 443 1559 514 cujus
1600 460 1729 515 pars
1773 445 2020 516 patibilis
2047 462 2078 501 v

2272 453 2383 521 ιιηο.
2435 451 2595 523 Ψυχή
2644 452 2763 505 ἐστι
2803 451 2982 506 τελεία
3006 492 3023 517 ,
3081 448 3151 525 ἧς
3181 452 3214 523 ἠ
3244 448 3524 522 παθητικὴ
3550 446 3765 520 δύναμις

522 538 639 585 tota
660 531 842 601 vergit
868 531 922 585 in
950 533 1145 588 Deum.

586 624 674 678 99.
701 622 853 677 Mens
876 624 1114 693 perfecta
1140 632 1245 690 est,
1271 640 1395 697 qua
1422 640 1522 696 per
1559 640 1748 682 veram
1789 627 1976 689 ﬁdem,
2014 627 2098 698 ip-

514 727 639 767 sum
657 713 1015 769 excedentem
1054 730 1273 773 omnem
1297 716 1585 771 scientiam
1620 717 1784 774 modo
1807 718 2094 777 scientiam

515 819 736 859 omnem
766 805 1088 871 excedente,
1123 822 1290 877 supra
1321 822 1543 864 omnem
1575 808 1822 866 scientiae
1859 810 2085 865 modum

514 897 796 967 cognovit,
840 897 1072 967 ejusque
1123 915 1378 969 operum,
1424 902 1685 960 universa
1728 902 2095 973 contemplata

515 997 622 1053 est,
662 988 829 1059 inque
862 990 945 1045 eis
981 990 1354 1047 Providentia:
1387 1008 1452 1049 ac
1485 993 1681 1066 judicii
1722 994 2094 1051 universalem

511 1081 798 1135 scientiam
837 1080 1125 1153 (quantum
1171 1083 1385 1140 scilicet
1416 1100 1740 1140 concessum
1770 1085 2093 1143 hominibus

509 1170 618 1243 est)
648 1172 885 1242 accepit.
1489 1238 1501 1255 ί

579 1262 701 1316 100.
754 1262 999 1333 Tempus
1027 1263 1292 1324 trifariam
1325 1266 1623 1333 dividitur;
1659 1281 1725 1321 ac
1762 1264 1986 1336 quidem
2025 1264 2091 1320 ﬁ-

505 1353 622 1418 des,
652 1354 830 1410 tribus
865 1358 987 1427 ejus
1008 1358 1259 1426 partibus
1293 1358 1708 1417 coextenditur:
1735 1374 1861 1429 spes
1880 1366 2089 1423 autem,

507 1445 605 1501 uni
630 1446 937 1503 duntaxat:
970 1449 1234 1515 charitas,
1275 1449 1512 1506 duabus.
1561 1452 1639 1508 Ac
1677 1451 1902 1521 quidem
1949 1450 2089 1506 ﬁdes

505 1548 670 1609 atque
718 1555 866 1610 spes,
908 1540 977 1595 ad
1019 1550 1228 1596 certam
1270 1558 1447 1613 usque
1492 1543 1812 1614 periodum;
1847 1542 2091 1599 charitas

504 1647 639 1687 vero
685 1632 741 1687 in
786 1632 998 1689 inﬁnita
1043 1634 1244 1691 saacula
1286 1635 1338 1690 ei
1386 1634 1563 1700 unita,
1594 1635 1690 1705 qui
1730 1650 1898 1705 super
1922 1650 2088 1705 quam

505 1722 759 1780 inﬁnitus
779 1732 884 1791 est,
913 1740 1243 1795 semperque
1280 1726 1399 1798 ipsa
1433 1726 1615 1797 seipsa
1656 1726 1872 1781 auctior
1898 1740 2088 1796 perse-

504 1824 676 1873 verat.
707 1815 787 1873 Ac
807 1816 933 1870 ideo
961 1834 974 1869 :
1012 1816 1263 1873 Omnibus
1289 1819 1464 1891 major
1499 1829 1574 1876 est
1602 1819 1834 1876 that-itas
1874 1816 1941 1876 ".

1028 2031 1192 2105 ω
1222 2033 1547 2090 EIUSDEM

755 2121 957 2187 Quale:
981 2134 1203 2183 centena
1236 2128 1415 2197 capita
1449 2129 1515 2181 de
1554 2130 1834 2187 charitate.

576 2216 629 2269 ι.
658 2215 846 2277 Primo
875 2216 1186 2285 admiratur
1226 2218 1448 2275 animus
1487 2220 1730 2277 divinam
1770 2239 1871 2293 per
1899 2224 2083 2279 omnia

504 2311 834 2369 inﬁnitatem
902 2314 1172 2385 cogitans,
1239 2315 1487 2386 illudque
1548 2315 1963 2386 impermeabile
2020 2330 2085 2371 ac

504 2405 696 2460 multis
723 2405 1045 2461 nominibus
1058 2407 1364 2477 expetitum
1386 2407 1614 2478 pelagus
1636 2415 1917 2477 reputans.
1942 2407 2083 2461 Tum

504 2505 710 2566 stupet.
744 2497 1024 2567 quomodo
1067 2513 1137 2553 ex
1164 2498 1362 2563 nihilo,
1393 2514 1581 2555 rerum
1610 2508 1672 2553 ut
1711 2507 1915 2563 essent,
1953 2515 2091 2569 pro-7

502 2586 724 2643 duxerit
766 2597 1042 2647 naturam.
1073 2589 1549 2656 Quemadmodum
1577 2606 1711 2645 vero
1755 2591 2086 2661 magnitudi-

504 2677 593 2733 nis
632 2679 753 2749 ejus
793 2696 905 2734 non
945 2688 1034 2735 est
1068 2682 1195 2741 ﬁnis
1225 2683 1295 2748 ”,
1324 2680 1406 2736 sic
1434 2696 1615 2751 neque
1654 2682 1775 2753 ejus
1802 2682 2087 2753 sapientia:

503 2771 756 2829 inventio
788 2773 1067 2830 exsistit‘.

570 2861 627 2918 2.
659 2864 947 2930 Quomodo
972 2865 1119 2920 enim
1156 2881 1268 2920 non
1306 2874 1545 2939 stupeat,
1590 2866 1917 2921 immensum
1949 2866 2084 2922 illud

502 2974 834 3029 omnemque
877 2958 1152 3015 excedens
1199 2967 1504 3029 stuporem,
1545 2959 1810 3013 bonitatis
1862 2959 2086 3029 pelagus

501 3048 897 3115 considerans?
942 3049 1053 3106 Aut
1098 3048 1376 3118 quomodo
1426 3063 1539 3104 non
1592 3057 1777 3103 mente
1830 3049 2082 3114 excedat,

501 3155 688 3199 Secum
723 3140 842 3211 ipse
867 3139 1142 3210 cogitans,
1168 3156 1277 3209 qua
1310 3139 1526 3198 ratione
1564 3154 1631 3194 ac
1656 3139 1803 3194 unde
1835 3148 1957 3194 orta
1988 3141 2081 3203 sit,

501 3233 790 3289 rationalis
822 3233 1247 3303 intelligensque
1281 3232 1614 3298 substantia,
1659 3247 1877 3288 necnon
1942 3248 2082 3302 qua-

2199 538 2450 593 νένευκεν
2482 540 2743 605 ὁλοτελῶς
2774 541 2912 612 πρὸς
2936 541 3088 595 Θεόν.

2266 627 2372 697 ιιθν.
2425 629 2571 693 Νοῦς
2612 632 2729 684 ἐστι
2781 631 3018 695 τέλειος,
3068 630 3098 682 6
3142 629 3230 684 διὰ
3255 629 3492 693 πίστεως
3521 628 3762 699 ἁληθῦῦςο

2195 718 2287 774 τὸν
2311 719 2411 773 ύπε
2423 720 2730 789 ράγνωστον
2756 719 3194 794 ύπεραγνώστως
3224 719 3655 793 ύπερεγνωκὼς·
3684 722 3763 775 καὶ

2195 810 2305 864 τῶν
2332 811 2493 865 αὐτοῦ
2522 813 3043 885 δημιουργημάτων,
3069 814 3140 868 τὰ
3167 813 3399 867 καθόλου
3423 813 3760 883 θεασάμενος

2196 903 2293 956 καὶ
2321 903 2419 972 τῆς
2448 905 2504 958 ὲν
2531 905 2715 969 αὐτοῖς
2747 905 3014 977 Προνοίας
3047 904 3140 958 καὶ
3169 905 3443 976 κρίσεως,
3502 902 3602 973 τὴν
3625 921 3762 974 περι-η

2194 994 2464 1068 ληπτικὴν
2490 995 2692 1065 γνῶσιν
2722 998 2875 1068 παρά
2894 997 3036 1052 θεοῦ
3063 996 3299 1069 εἰληφώς
3323 1014 3339 1029 ·
3375 996 3452 1060 ὡς
3482 997 3545 1049 ὲν
3571 994 3761 1066 ἀνθρώ-

2196 1105 2320 1153 ποις
2345 1089 2401 1143 δέ
2432 1107 2505 1162 φη
2515 1107 2596 1160 μι.

2263 1272 2334 1338 ρ’.
2385 1266 2601 1339 Τριχῶς
2627 1268 2882 1338 τέμνεται
2910 1269 2938 1323 6
2964 1267 3156 1341 χρόνος
3178 1282 3193 1297 ο
3249 1270 3344 1322 καὶ
3372 1270 3407 1339 ἡ
3438 1266 3545 1339 μὲν
3574 1266 3761 1331 πίστις,

2189 1360 2304 1421 τοῖς
2345 1357 2497 1428 τρισὶ
2540 1358 3040 1430 συμπαρατείνεται
3083 1359 3333 1429 τμήμασι
3359 1373 3375 1388 ·
3434 1358 3469 1427 ἠ
3501 1357 3559 1409 δὲ
3602 1356 3761 1420 ἐλπὶς,

2189 1448 2268 1520 τῷ
2316 1448 2432 1502 ἐνί⁸
2491 1451 2526 1522 ἡ
2566 1450 2623 1504 δὲ
2660 1450 2874 1521 ἀγάπη,
2917 1452 3030 1514 τοῖς
3059 1451 3199 1505 δυσί.
3261 1451 3373 1505 Καὶ
3402 1452 3434 1521 ἡ
3466 1451 3568 1519 μὲν
3600 1449 3764 1510 πίστις

2189 1542 2285 1597 καὶ
2313 1543 2465 1607 ἐλπὶς
2495 1543 2654 1616 μέχρι
2680 1544 2845 1608 τινός·
2873 1546 2905 1615 ἠ
2930 1543 2990 1597 δὲ
3016 1544 3225 1614 ἀγάπη,
3259 1544 3339 1608 είς
3363 1544 3629 1615 ἀπείρους
3647 1540 3763 1596 ait?»-

2189 1652 2288 1699 νας
2342 1634 2419 1707 τῷ
2470 1635 2824 1707 ύπεραπείρῳ
2854 1636 3250 1707 ὑπερηνωμένη
3277 1677 3293 1700 ,
3346 1634 3443 1689 καὶ
3490 1636 3580 1687 ἀεὶ
3608 1635 3762 1702 ὑπερ-

2188 1726 2428 1793 αύξουσα
2456 1726 2722 1798 διαμένει.
2777 1727 2889 1781 Καὶ
2918 1725 3008 1781 διὰ
3032 1724 3190 1780 τοῦτο
3214 1765 3230 1792 ,
3280 1721 3511 1786 Μείζων
3534 1722 3763 1777 πάντων

2117 1800 2157 1855 ¹³
2186 1816 2224 1885 ἢ
2246 1814 2467 1885 ἀγάπηο

2776 2042 2926 2096 ΤΟΥ
2961 2039 3199 2096 ΑΥΤΟΥ

2254 2133 2396 2202 Περὶ
2430 2134 2677 2202 ἀγάπης
2711 2133 2960 2202 τετάρτη
2990 2134 3329 2202 κεφαλαίων
3354 2132 3700 2201 ἐκατοντὰς.

2253 2232 2321 2281 α’.
2359 2225 2579 2297 Πρῶτον
2614 2225 2714 2297 μὲν
2744 2224 3017 2296 θαυμάζει
3044 2227 3074 2278 6
3104 2225 3229 2289 νοῦς
3252 2224 3352 2297 τὴν
3382 2225 3540 2279 θείαν
3569 2225 3761 2279 ἐννοού-

2187 2335 2346 2392 μενος
2375 2316 2518 2370 κατὰ
2542 2317 2721 2370 πάντα
2746 2317 3020 2387 ἀπειρίαν,
3051 2316 3148 2381 καὶ
3175 2316 3237 2369 τὸ
3264 2315 3573 2374 ἀνέκὸατσν
3601 2318 3762 2370 ὲκείνο

2183 2412 2278 2466 καὶ
2308 2409 2684 2480 πολυπόθητον
2712 2410 2970 2479 πέλαγος.
3007 2409 3270 2481 Δεύτερον
3293 2409 3350 2462 δὲ
3379 2408 3760 2480 ἐκπλήττεται,

2186 2503 2304 2569 πῶς
2328 2505 2391 2556 ἐκ
2420 2501 2515 2556 τοῦ
2541 2502 2770 2573 μηδενὸς
2802 2502 2903 2573 τὴν
2935 2502 3045 2554 τῶν
3064 2501 3231 2556 ὄντων
3260 2503 3339 2566 είς
3374 2501 3435 2554 τὸ
3460 2498 3607 2556 εἶναι
3633 2519 3762 2570 παρα

2184 2596 2390 2665 ήγαγεν
2420 2594 2675 2665 ὓπαρξιν.
2719 2592 2860 2647 Ἀλλ’
2916 2592 3105 2662 ὥσπερ
3142 2594 3239 2665 τῆς
3281 2593 3662 2664 μεγαλοσύνης
3681 2593 3761 2646 αὖ·

2186 2686 2281 2742 τοῦ
2309 2687 2407 2740 οὐκ
2436 2686 2551 2739 ἐστι
2576 2686 2772 2757 πέρας,
2802 2682 2977 2748 οὕτως
3004 2684 3125 2738 οὐδὲ
3146 2685 3244 2755 τῆς
3268 2685 3594 2757 φρονήσεως
3616 2682 3759 2737 αὐτοῦ

2186 2778 2333 2831 ἐστιν
2367 2777 2604 2848 εὒρεσις.

2258 2871 2322 2941 β’.
2380 2870 2504 2935 Πῶς
2539 2872 2649 2941 γὰρ
2704 2871 2765 2924 ού
2800 2868 3066 2940 θαυμάζει
3095 2868 3155 2922 τὸ
3181 2867 3417 2922 ἄπλετον
3441 2870 3623 2922 ὲκεῐνο
3645 2868 3759 2921 eam.

2188 2965 2320 3036 ρῶν,
2374 2968 2467 3019 καὶ
2518 2966 2658 3034 ὑπὲρ
2686 2963 2951 3034 ἔκπληξιν
2997 2962 3097 3033 τῆς
3126 2961 3465 3033 ἀγαθότητος
3496 2960 3755 3027 «eum;

2185 3059 2255 3110 Ἦ
2289 3058 2407 3121 πῶς
2440 3059 2539 3110 οὐκ
2565 3056 2862 3125 ἐξίσταται,
2917 3054 3287 3125 ἐννοούμενος,
3341 3052 3466 3127 πῶς
3495 3054 3595 3105 καὶ
3617 3052 3756 3105 πόθεν

2185 3151 2218 3221 ἦ
2246 3167 2304 3205 τε
2330 3149 2521 3221 λογικὴ
2553 3150 2647 3204 καὶ
2670 3148 2832 3219 νοερά
2858 3147 3081 3217 γέγονεν
3104 3145 3279 3211 οὐσία,
3312 3145 3410 3198 καὶ
3436 3144 3511 3197 τὰ
3536 3144 3757 3209 τέσσαρα

2188 3243 2426 3312 στοιχεῖα
2446 3283 2461 3304 ,
2498 3241 2556 3306 ἐξ
2586 3234 2661 3293 ὧν
2689 3240 2759 3301 τὰ
2786 3239 3037 3313 σώματα,
3070 3237 3335 3309 μηδεμιᾶς
3362 3234 3505 3306 ὕλης
3529 3235 3629 3304 τῆς
3649 3232 3754 3285 τού-

502 3335 631 3380 tuor
659 3326 956 3387 elementa,
987 3340 1056 3379 ex
1088 3324 1296 3394 quibus
1336 3333 1466 3379 sunt
1493 3339 1750 3395 corpora,
1778 3340 1903 3379 cum
1935 3325 2083 3379 nulla

2197 3304 2772 3407 rwvunpoﬁrzdpﬁdarj;
2816 3304 3303 3399 yevéaemc-{Ilcia
3343 3343 3409 3379 τε
3455 3304 3503 3397 ἡὴ
3545 3326 3756 3393 δύναμις

500 3415 730 3473 materia
776 3416 1079 3486 praeiverit,
1121 3415 1269 3474 unde
1313 3415 1432 3474 hate
1474 3415 1757 3471 orirentur
1789 3425 2087 3486 essentque

500 3509 879 3579 procreanda?
928 3507 1127 3575 Quaeve
1164 3508 1257 3563 illa
1294 3509 1543 3578 potentia
1587 3508 1645 3562 in
1686 3518 1870 3564 actum
1909 3517 2080 3573 mota,

501 3598 620 3654 haec
646 3597 701 3651 in
727 3613 916 3653 rerum
959 3606 1217 3653 naturam
1254 3598 1550 3667 produxit?
1587 3598 1789 3654 Verum
1826 3598 2002 3655 (ὶηοί
2030 3596 2085 3653 id

502 3704 615 3747 non
638 3689 963 3753 admittunt,
990 3688 1086 3758 qui
1110 3688 1547 3759 omnipotentem
1578 3687 1903 3753 bonitatem,
1934 3688 2085 3759 ejus-

500 3795 609 3851 que
631 3780 741 3836 vim
764 3779 1068 3843 efﬁcacem,
1103 3793 1435 3849 omnemque
1473 3794 1697 3834 sensum
1724 3779 2083 3835 excedean

501 3870 825 3943 sapientiam
854 3878 911 3925 et
935 3868 1245 3936 scientiam,
1270 3869 1498 3927 minime
1524 3869 1802 3927 noverint.

570 3962 624 4018 5.
677 3963 821 4017 Deus
872 3961 991 4032 ipse
1039 3960 1110 4016 ab
1156 3971 1363 4019 aeterno
1400 3961 1695 4028 conditor,
1752 3976 1877 4017 cum
1924 3962 2082 4027 libet,

500 4054 686 4112 Verbo
711 4054 817 4113 sibi
839 4053 1298 4116 consubstantiali
1324 4070 1388 4110 ac
1411 4054 1619 4125 Spiritu
1651 4056 1795 4127 (quae
1813 4056 1933 4125 ejus
1954 4055 2082 4110 inii-

501 4146 618 4202 nita
644 4145 865 4201 bonitas
894 4145 1038 4214 est!)
1070 4160 1161 4201 res
1188 4146 1378 4201 condit
1405 4161 1471 4201 ac
1504 4145 1657 4201 facit.
1700 4146 1889 4217 Neque
1925 4145 2084 4203 dixe-

499 4238 579 4297 ris
604 4257 618 4294 :
646 4237 767 4306 Qua
787 4254 939 4294 nunc
980 4240 1195 4295 ratione
1219 4238 1505 4307 Condidit,
1535 4238 1631 4309 qui
1665 4254 1884 4309 semper
1906 4239 2088 4296 bonus

497 4331 686 4387 esset?
721 4330 859 4387 Nam
900 4339 959 4387 et
1004 4346 1107 4403 ego
1152 4331 1518 4402 respondebo,
1560 4331 1789 4386 infinita:
1831 4332 2087 4388 essentia

501 4423 1038 4495 imperscrutabilem
1066 4423 1415 4496 sapientiam,
1447 4423 1552 4479 sub
1581 4423 1868 4481 scientiam
1889 4422 2084 4478 huma-

500 4530 630 4571 nam
657 4532 770 4570 nou
811 4515 1033 4571 cadere.

570 4606 626 4661 4.
678 4605 763 4660 Ab
812 4614 1021 4662 aeterno
1081 4606 1139 4663 in
1190 4607 1311 4677 ipso
1368 4606 1838 4683 prmexsistentem
1889 4623 2077 4663 rerum

497 4698 809 4765 scientiam,
838 4709 979 4764 tum,
1004 4713 1129 4753 cum
1167 4698 1396 4770 placuit,
1421 4698 1679 4754 cenditor
1701 4700 1944 4755 essentia
1970 4700 2074 4756 do-

495 4790 651 4847 navit
675 4798 841 4860 atque
874 4789 1156 4860 produxit.
1194 4790 1511 4845 Absurdum
1540 4790 1689 4845 enim
1731 4799 1817 4845 est
1850 4791 1902 4845 in
1938 4792 2071 4857 Deo,

494 4880 593 4951 qui
645 4882 718 4936 sit
766 4882 1134 4951 omnipotens,
1178 4882 1454 4949 dubitare,
1513 4896 1585 4937 an
1634 4884 1811 4951 possit
1862 4881 2072 4953 aliquid

493 4973 732 5031 essentia
757 4972 968 5031 donare
1000 4987 1064 5028 ac
1086 4973 1417 5044 producere,
1440 4988 1566 5031 eum
1584 4973 1835 5034 libuerit.

563 5087 618 5142 5.
644 5087 1015 5154 Quamobrem
1053 5088 1201 5142 Deus
1232 5102 1324 5142 res
1355 5085 1705 5150 Condiderit,
1741 5102 1959 5157 quaere;
1985 5096 2071 5143 est

489 5178 639 5233 enim
669 5194 761 5234 res
790 5179 1063 5250 ejusmodi
1101 5194 1224 5249 quas
1265 5178 1395 5234 sciri
1440 5185 1626 5250 queat.
1657 5178 1943 5245 Quomodo
1973 5194 2073 5232 au-

491 5278 602 5327 tem
644 5285 711 5326 ac
750 5287 916 5341 quam
957 5271 1029 5326 ob
1082 5285 1306 5326 causam
1347 5270 1588 5335 naviter,
1630 5270 1745 5325 noli
1784 5287 2066 5340 quaerere;

2186 3423 2392 3492 ἐκείνη,
2424 3422 2459 3491 ἡ
2484 3422 2564 3484 είς
2591 3420 2871 3492 ἐνέργειαν
2896 3418 3202 3487 κινηθεῖσα,
3231 3415 3408 3472 ταῦτα
3437 3416 3526 3479 εις
3552 3415 3613 3467 τὸ
3634 3409 3753 3466 εἶναι

2187 3515 2549 3585 παρήγαγενς
2595 3513 2758 3566 Ἀλλά
2784 3510 2941 3570 τοῦτο
2971 3511 3241 3581 Ἐλλήνων
3270 3509 3461 3572 παῖδες
3498 3509 3561 3561 ού
3592 3522 3727 3578 παρα

2182 3608 2427 3677 δέχονται
2447 3643 2467 3672 ,
2525 3604 2848 3674 ἀγνοοῦντες
2876 3603 2972 3676 τὴν
2999 3601 3411 3672 παντοδύναμον
3433 3601 3748 3670 ἀγαθότητα,

2184 3698 2279 3749 καὶ
2320 3694 2418 3765 τὴν
2457 3693 2782 3765 δραστήριον
2815 3692 2984 3765 αὐτῆς
3015 3691 3111 3747 καὶ
3138 3691 3277 3765 ὑπὲρ
3303 3690 3430 3749 νοῦν
3454 3692 3647 3762 σοφίαν
3671 3689 3752 3742 καὶ

2185 3791 2405 3859 γνῶσιν.

2255 3972 2327 4037 γ’.
2377 3966 2466 4033 Ἐξ
2512 3964 2684 4019 ἀϊδίου
2727 3960 3057 4033 δημιουργὸς
3101 3958 3364 4031 ὑπάρχων
3403 3958 3434 4010 6
3472 3957 3629 4021 Θεὸς,
3672 3956 3748 4011 ὅτι

2188 4060 2438 4131 βούλεται
2482 4058 2807 4129 δημιουργεῖ
2850 4055 3011 4127 Λόγῳ
3055 4051 3323 4124 ὁμοουσίῳ
3364 4052 3461 4104 καὶ
3484 4049 3754 4120 Πνεύματι

2183 4154 2251 4207 δι’
2271 4154 2497 4221 ἄπειρον
2523 4147 2856 4219 ἀγαθότητα.
2894 4147 3005 4201 Καὶ
3036 4144 3111 4217 μὴ
3136 4144 3328 4217 εἴπῃς,
3376 4143 3503 4197 Τίνι
3528 4142 3607 4213 τῷ
3626 4142 3759 4212 λόγῳ

2183 4245 2279 4299 νῦν
2307 4242 2739 4315 ἐδημιούργησεν
2765 4239 2852 4294 ἀεὶ
2871 4237 3071 4307 ἀγαθὸς
3091 4235 3351 4308 ὑπάρχων
3373 4234 3587 4302 flint,
3612 4231 3759 4301 κάγὼ

2184 4353 2268 4390 σοι
2317 4334 2490 4405 λέγω,
2545 4335 2627 4389 ὅτι
2674 4334 2710 4404 ἡ
2757 4333 2857 4403 τῆς
2879 4330 3108 4401 ἀπείρου
3146 4327 3334 4390 οὐσίας
3361 4325 3759 4399 ἀνεξιχνίαστος

2183 4428 2368 4497 σοφία,
2404 4428 2474 4499 τῇ
2498 4424 2816 4499 ἀνθρωπίνῃ
2840 4422 2941 4494 οὺχ
2966 4420 3263 4476 ὑποπίπτει
3284 4417 3506 4489 γνώσει.

2249 4607 2313 4663 δ’.
2357 4604 2471 4678 Τὴν
2499 4605 2558 4672 ἑξ
2590 4603 2759 4659 ἀϊδίου
2792 4602 2851 4656 ἐν
2879 4600 3029 4672 αύτῷ
3047 4600 3077 4654 6
3094 4596 3441 4670 Δημιουργὸς
3467 4594 3579 4649 τῶν
3600 4594 3760 4648 ὄντων

2182 4699 2644 4771 προῠπάρχουσαν
2684 4696 2904 4764 γνῶσιν,
2954 4694 3042 4746 ὅτε
3076 4690 3362 4761 ἐϐουλήθη,
3409 4688 3645 4741 ούσίωσε
3676 4687 3761 4739 καὶ

2179 4790 2533 4862 προεϐάλετο.
2584 4789 2821 4841 Ἀτοπον
2844 4786 2955 4857 γάρ
2985 4787 3133 4839 ἔστιν
3158 4784 3252 4839 ἐπὶ
3274 4780 3413 4835 Θεοῦ
3440 4780 3541 4833 τοῦ
3566 4793 3757 4833 πανςοο

2177 4884 2415 4953 δυνάμου
2445 4879 2717 4948 διστάσαι,
2773 4878 2823 4931 εί
2847 4876 3073 4933 δύναταί
3100 4893 3156 4929 τι
3184 4873 3474 4937 ούσιῶσαι,
3524 4872 3616 4926 ὅτε
3644 4870 3760 4942 βού-

2094 4990 2099 4993 ‘
2176 4975 2350 5033 λεται.

2246 5090 2307 5141 ε’.
2341 5082 2422 5137 Δι’
2441 5082 2511 5155 ἣν
2542 5083 2642 5154 μὲν
2673 5081 2854 5139 αἰτίαν
2884 5083 2914 5136 6
2939 5080 3069 5143 Θεὸς
3096 5077 3521 5159 ἐδημιούργησε,
3568 5078 3718 5149 ζήτει
3738 5095 3753 5111 ο

2165 5179 2283 5235 ἐστὶ
2306 5178 2415 5250 γὰρ
2443 5179 2667 5247 γνῶσις.
2715 5179 2791 5232 Τὸ
2816 5177 2875 5231 δὲ
2905 5175 3045 5239 πῶς,
3077 5174 3173 5229 καὶ
3199 5174 3288 5228 διὰ
3313 5173 3368 5227 τί
3398 5175 3752 5245 προσφάτως.

2168 5268 2245 5341 μὴ
2289 5267 2477 5340 ζήτει*
2534 5270 2635 5324 οὐκ
2679 5268 2795 5325 ἔστι
2838 5267 2948 5339 γὰρ
2994 5266 3076 5337 τῷ
3127 5265 3204 5336 σῷ
3244 5264 3627 5319 ὑποπίπτουσα
3657 5263 3749 5332 νῷ.

492 5380 671 5434 neque
703 5366 852 5421 enim
886 5362 1037 5421 istud
1069 5365 1179 5425 tale
1219 5372 1328 5431 est,
1368 5364 1519 5435 quod
1560 5365 1617 5418 in
1648 5372 1888 5420 mentem
1915 5373 2067 5418 tuam

2197 5362 2311 5417 διότι
2342 5362 2453 5415 τῶν
2482 5361 2663 5427 θείων,
2698 5361 2769 5415 τὰ
2799 5360 2899 5431 μὲν
2924 5358 3135 5430 ληπτὰ,
3189 5358 3260 5411 τὰ
3282 5357 3615 5427 δὲ,“ᾰληπτα
3646 5358 3753 5417 τοῖς

492 5457 672 5518 cadat.
712 5458 1038 5514 Divinarum
1084 5457 1256 5524 enim,
1301 5456 1406 5511 alia
1449 5455 1777 5511 mortalibus
1816 5469 2069 5525 compre.

496 5550 663 5619 [tendi
705 5559 955 5622 possunt,
980 5550 1087 5615 alia
1122 5550 1202 5607 eis
1236 5548 1702 5619 incomprehensa
1743 5546 2058 5603 exsistunt:

564 5731 610 5765 "
641 5730 809 5789 iCor.
841 5734 963 5799 xm,
988 5731 1053 5788 l3
1107 5802 1111 5806 ‘
1151 5732 1198 5765 ⁹⁹
1231 5731 1371 5789 Psal.
1408 5747 1583 5798 estw,
1606 5731 1660 5787 5.

2165 5452 2495 5526 ἀνθρώποις.
2553 5454 2773 5523 Θεωρία
2800 5453 2910 5525 γὰρ
2936 5451 3332 5523 ἀχαλίνωτος,
3364 5448 3523 5520 τάχα
3552 5450 3627 5504 ἂν
3653 5448 3749 5501 καὶ

2170 5545 2321 5600 κατὰ
2350 5544 2632 5618 κρημνῶν
2658 5544 2892 5619 beaten
2923 5545 2998 5619 ὡς
3023 5544 3129 5619 ἔφη
3154 5561 3240 5611 τις
3267 5543 3380 5601 τῶν
3400 5540 3593 5615 ἁγίων.

1797 5726 2007 5784 Barucb
2066 5742 2145 5795 ιιι,
2180 5728 2273 5783 18.
