4048 6446
169 326 359 431 ’ποις

1086 364 1417 427 CAPITUM
1457 362 1557 426 DE
1592 361 2022 425 CHARITATE
2057 363 2441 426 CENTURIA
2483 367 2583 429 IV.

3329 370 3469 440 1050

215 476 604 549 Contemplatio
651 476 801 541 enim
844 493 951 533 non
993 480 1217 533 coercita
1270 495 1331 531 ac
1375 476 1608 544 liberior,
1644 476 1780 547 forte
1817 475 1976 529 etiam
2015 475 2071 529 in
2113 493 2344 548 ρηεεερε
2415 486 2563 551 agat,
2599 488 2662 535 ut
2732 488 2820 538 est
2858 483 3035 540 sancti
3073 483 3361 555 cujusdam
3388 486 3461 559 (b)

175 634 185 647 _
214 571 521 645 sententia.

286 663 365 729 ς’.
430 662 589 727 Τινὲς
643 678 776 733 φασι
827 661 1193 734 συνυπάρχειν
1244 659 1305 726 ἐξ
1349 659 1519 715 ἀϊδίου
1559 658 1640 729 τῷ
1680 658 1781 727 Θεᾷ

1967 659 2129 732 445
2161 661 2215 716 ϐ.
2259 660 2399 718 Sunt
2429 664 2524 734 qui
2561 664 2749 721 dicant
2783 680 2873 721 res
2917 675 3130 722 creatas
3161 667 3230 721 ab
3261 676 3468 724 aeterno

216 757 281 810 τὰ
324 755 807 827 δημιουργήματα,
853 754 992 825 ὅπερ
1035 754 1335 825 ἀμήχανον.
1394 752 1517 819 Πῶς
1560 752 1668 823 γὰρ
1716 752 1794 823 τῷ

178 848 389 916 »πάντη
420 844 661 916 ἀπείρῳ,
714 845 783 898 τὰ
813 845 952 898 κατὰ
986 844 1161 898 πάντα
1191 843 1611 913 πεπερασμένα,
1666 860 1792 896 συν-

206 938 479 1009 υπάρχειν
510 938 728 997 δύναται
748 937 1044 1003 ιέξὰῖόίου;
1100 937 1133 1008 ἦ
1165 935 1284 1000 πῶς
1312 936 1516 1006 κυρίως
1539 934 1792 1006 δημιουρο

205 1032 472 1103 γήματα,
531 1032 581 1085 εί
635 1031 879 1085 συναῒδια
919 1030 998 1101 τῷ
1042 1027 1409 1100 Δημιουργῷ;
1452 1027 1591 1081 Ἀλλ’
1638 1022 1792 1091 οὗτος

203 1120 236 1173 ὁ
294 1120 451 1189 λόγος
498 1120 606 1176 τῶν
655 1120 921 1191 Ἐλλήνων
968 1118 1148 1173 ἐστίν’
1206 1120 1401 1181 οἵτινες
1444 1117 1641 1172 οὐσιῶν
1690 1118 1791 1189 μὲν

201 1211 461 1282 οὐδαμῶς
484 1248 501 1276 ,
560 1212 862 1281 ποιοτήτων
901 1210 960 1265 δὲ
1002 1209 1160 1280 μόνον
1187 1207 1516 1280 δημιουργὸν
1543 1208 1635 1261 τὸν
1658 1207 1789 1262 Θεὸν

198 1302 544 1371 εἰσάγουσιν.
590 1300 783 1372 Ἡμεῖς
818 1300 876 1354 δὲ
923 1300 1015 1354 τὸν
1058 1300 1461 1369 παποδύναμον
1489 1300 1790 1369 ἐγνωκότες

197 1393 374 1458 Θεὸν,
424 1393 487 1447 οὐ
516 1394 835 1463 ποιοτήτων,
887 1392 1001 1446 ἀλλ’
1016 1390 1220 1444 ,οὐσιῶν
1248 1390 1658 1461 πεποιωμένων,
1689 1390 1787 1463 δη-

200 1489 473 1560 μιουργὸν
504 1486 668 1541 αὐτὸν
694 1482 837 1540 εἶναί
862 1504 1068 1557 φαμεν.
1105 1487 1166 1540 El
1196 1485 1253 1539 δὲ
1281 1485 1459 1551 τοῦτο,
1492 1485 1591 1539 οὐκ
1621 1485 1678 1552 ὲξ
1702 1485 1788 1538 αῖ-

195 1580 319 1635 δίου
355 1580 713 1650 συνύπαρκτα
738 1579 816 1650 τῷ
841 1577 959 1649 Θεῷ
986 1579 1054 1633 τὰ
1080 1578 1562 1651 δημιουργήματα.

269 1863 347 1929 ζ’.
401 1862 563 1919 Κατὰ
608 1882 661 1919 τι
711 1862 810 1935 μὲν
841 1862 1080 1932 γνωστὸν
1127 1862 1188 1916 τὺ
1224 1862 1377 1917 Θεὶον
1408 1862 1507 1917 καὶ
1532 1864 1603 1917 τὰ
1627 1863 1781 1919 θεῖα·

191 1956 350 2011 κατά
389 1974 445 2010 τι
483 1957 561 2023 δὲ,
600 1956 900 2024 ἄγνωστον.
962 1956 1071 2009 Καὶ
1097 1956 1337 2025 γνωστὸν
1363 1956 1480 2027 μὲν,
1515 1958 1628 2021 τοῖς
1654 1958 1784 2030 περὶ

190 2052 338 2105 αὐτὸ
366 2050 548 2122 θεωρή
558 2065 742 2121 μασιν
778 2050 1055 2119 ἄγνωστον
1076 2048 1154 2115 δὲ,
1184 2049 1299 2112 τοῖς
1324 2048 1443 2102 κατ’
1466 2049 1619 2103 αὐτό.

258 2238 344 2311 η’.
394 2238 489 2310 Μὴ
521 2238 664 2304 ἔξεις
705 2237 800 2292 καὶ
823 2236 1268 2308 ιπιτηδειότητας
1297 2236 1539 2309 ζητήσῃς
1566 2236 1660 2290 ἐπὶ
1683 2236 1785 2308 τῆς

187 2332 379 2400 ἁπλῆς
430 2330 525 2387 καὶ
572 2329 800 2400 ἀπείρου
844 2329 1030 2393 οὐσίας
1059 2328 1162 2400 τῆς
1191 2329 1353 2397 ἁγίας
1379 2329 1605 2402 Τριάδος
1626 2372 1642 2397 ,
1697 2331 1786 2386 ἵνα

190 2424 269 2494 μὴ
332 2421 587 2476 σύνθετον
636 2420 803 2493 αὐτὴν
853 2422 1121 2492 ποιήσῃς,
1175 2420 1364 2492 ὥσπερ
1389 2422 1459 2475 τὰ
1488 2423 1781 2494 κτίσματα’

184 2516 336 2588 ὅπερ
365 2516 567 2570 ἄτοπον
593 2515 688 2567 καὶ
716 2513 974 2585 ἀθέμιτον
1000 2514 1095 2567 ἐπὶ
1122 2512 1257 2567 Θεοῦ
1288 2515 1563 2585 ἐννοῆσαι.

257 2608 337 2661 Θ¹.
393 2606 549 2677 Μόνη
584 2588 731 2675 ἁπλῆ
780 2605 875 2663 καὶ
907 2604 1184 2677 μονοειδὴς
1234 2606 1331 2660 καὶ
1359 2606 1551 2671 ἄποιος
1571 2607 1641 2677 (ο)
1690 2608 1785 2663 καὶ

184 2699 479 2770 εἰρηναῖος
534 2698 633 2752 καὶ
678 2696 1077 2765 ἀστασίαστος,
1132 2699 1166 2770 ή
1218 2698 1447 2770 ἄπειρος
1485 2699 1641 2757 οὐσία
1689 2700 1784 2755 καὶ

186 2791 613 2862 παποδύναμος
665 2790 760 2844 καὶ
791 2790 1159 2862 δημιουργικὴ
1187 2791 1296 2844 τῶν
1324 2792 1462 2846 ὅλων
1539 2793 1696 2845 Πᾶσα
1723 2793 1783 2847 δὲ

188 2882 224 2954 ή
254 2882 449 2946 κτίσις
469 2920 487 2945 ,
545 2881 798 2941 σύνθετος
814 2881 1058 2952 ὑπάρχει
1082 2881 1145 2946 ἐξ
1170 2881 1357 2945 οὐσίας
1384 2883 1478 2937 καὶ
1505 2882 1782 2954 συμὸεὸη-

186 2974 358 3037 κότος
379 2988 395 3003 ο
451 2970 547 3027 καὶ
573 2969 793 3042 ἐπιδεὴς
821 2970 909 3025 ἀεὶ
938 2973 1037 3044 τῆς
1063 2971 1211 3038 Θείας
1238 2973 1517 3045 προνοίας,
1551 2974 1628 3038 ὡς
1655 2991 1782 3047 τρο-

184 3061 303 3132 πῆς
339 3060 442 3116 οὐκ
470 3061 753 3132 ἐλευθέρα.
856 3096 886 3121 .

254 3161 321 3209 ι’.
377 3155 537 3209 Πᾶσα
582 3158 616 3227 ή
663 3156 826 3229 νοερὰ
856 3155 1013 3211 οὐσία
1036 3196 1053 3222 ,
1113 3155 1208 3210 καὶ
1233 3155 1557 3227 αἰσθητικὴ,
1588 3156 1781 3212 ἐλαϐεν

183 3243 456 3314 δυνάμεις
503 3246 657 3317 παρὰ
698 3247 834 3301 Θεοῦ
884 3248 969 3311 είς
1006 3246 1069 3300 τὸ
1091 3242 1231 3301 εἶναι
1261 3246 1605 3318 παραχθεῖσα
1631 3248 1781 3301 ἀντι-

182 3336 468 3407 ληπτικὰς
495 3339 602 3393 τῶν
628 3339 817 3394 ὖντωψ
855 3340 888 3410 ή
921 3340 1021 3411 μὲν
1049 3338 1214 3409 νοερὰ
1266 3339 1367 3402 τὰς
1397 3340 1628 3411 νοήσεις
1664 3340 1699 3411 ή
1720 3339 1777 3393 δὲ
1802 3359 1845 3417 c

185 3429 512 3503 αἰσθητικὴ,
548 3430 647 3497 τὰς
679 3433 984 3496 αἰσθήσεις.

248 3597 361 3654 ια’.
405 3599 467 3652 '0
495 3599 591 3670 μὲν
617 3601 750 3664 Θιος
774 3637 791 3665 ,
847 3613 1137 3672 μετεχεται
1170 3600 1330 3671 μόνον
1352 3616 1368 3630 ο
1425 3600 1461 3672 ή
1492 3599 1551 3654 δὲ
1578 3599 1774 3665 κτίσις,

180 3690 284 3746 καὶ
344 3690 562 3762 μετέχει
621 3691 717 3745 καὶ⁵
758 3692 1102 3763 μεταδίδωσι.
1163 3693 1271 3746 Καὶ
1307 3691 1528 3762 μετέχει
1557 3690 1656 3763 μὲν
1680 3688 1775 3744 τοῦ

1882 3678 2011 3735 nihil
2076 3696 2239 3751 quam
2295 3681 2539 3751 impertit
2599 3698 2613 3734 :

180 3781 335 3845 εἶναι
354 3822 373 3847 ,
429 3782 523 3845 καὶ
547 3782 643 3838 τοῦ
670 3781 732 3837 εὖ
757 3780 895 3838 εἶναι
914 3800 929 3815 ⁸
968 3784 1288 3854 μεταδίδωσι
1310 3784 1390 3849 δὲ,
1420 3783 1515 3837 τοῦ
1547 3778 1605 3837 εὖ
1636 3778 1775 3837 εἶναι

183 3876 381 3947 μόνον’
408 3875 523 3928 ἀλλ’
544 3875 746 3947 ἑτέρως
772 3876 870 3948 μὲν
892 3878 927 3949 ή
953 3878 1261 3943 σωματικὴ,
1284 3876 1485 3949 ἑτέρως
1508 3876 1566 3931 δὲ
1585 3878 1621 3951 ή
1642 3875 1781 3931 ἀσώ-

184 3988 369 4044 ματος
394 3971 575 4027 οὐσία.

259 4151 358 4223 ιβ’.
405 4150 471 4206 Ἦ
520 4153 619 4223 μὲν
670 4152 959 4225 ἀσώματος
1012 4152 1187 4217 οὐσία,
1252 4151 1348 4208 καὶ
1391 4151 1625 4222 λέγουσα
1676 4153 1772 4208 καὶ

183 4245 513 4314 πράττουσα
540 4245 635 4299 καὶ
663 4245 1014 4317 Θεωρουμένη
1042 4245 1143 4314 (Δ),
1175 4244 1270 4298 τοῦ
1298 4239 1357 4298 εὖ
1388 4240 1527 4299 εἶναι
1560 4245 1774 4316 μεταδί-

182 4334 376 4390 δωσινο
416 4338 450 4407 ή
480 4336 538 4390 δὲ
569 4336 878 4410 σωματικὴ,
910 4336 1258 4410 θεωρουμένη
1288 4337 1471 4408 μόνον.

269 4534 466 4592 ’Cant.
501 4551 581 4601 ιιι,
606 4535 695 4590 20.

1894 753 2007 807 Deo
2062 755 2418 820 coexsistere,
2457 758 2605 827 quod
2657 767 2742 814 est
2782 760 3141 831 impossibile.
3181 760 3468 826 Quomodo

1892 845 2037 899 enim
2088 847 2269 915 possit
2317 847 2456 913 fieri,
2500 858 2561 903 ut
2606 868 2728 921 qua:
2772 853 2952 907 modis
3002 851 3262 907 omnibus
3313 854 3483 908 finita‘

1892 936 2127 1005 suut,{ab
2155 949 2360 993 aeterno
2387 939 2464 992 illi
2484 942 2835 1005 coexsistant,
2865 943 2957 1011 qui
2998 958 3098 1012 per
3124 942 3304 996 omnia
3344 942 3467 996 infi-

1890 1024 2042 1079 nitus
2084 1028 2202 1081 est?
2241 1038 2334 1083 aut
2357 1030 2635 1099 quomodo
2659 1041 2928 1088 creaturae
2951 1049 3079 1088 vere
3121 1050 3184 1088 ac
3219 1034 3462 1104 proprie,

1890 1131 2012 1185 qua:
2049 1114 2299 1171 Creatori
2344 1128 2507 1189 atque
2546 1121 2754 1175 auctori
2798 1130 3086 1178 cozeternae
3117 1125 3384 1178 exsistant
3408 1126 3467 1178 ’Υ

1889 1208 2093 1265 Verum
2117 1209 2372 1266 doctrina
2404 1212 2520 1267 haec
2544 1211 2859 1269 Grazcorum
2883 1223 2986 1278 est,
3016 1216 3111 1284 qui
3150 1216 3322 1269 Deum
3354 1232 3465 1270 non

1888 1301 2114 1371 quidem
2138 1302 2600 1369 substantiarum,
2627 1304 2722 1359 sed
2764 1305 3109 1359 solummodo
3137 1307 3465 1375 qualitatum

1889 1394 2234 1450 conditorem
2260 1411 2382 1451 esse
2412 1396 2648 1451 tradant.
2681 1397 2791 1451 Nos
2814 1412 2946 1451 vero
2971 1398 3065 1466 qui
3092 1398 3262 1452 Deum
3288 1399 3467 1452 omni-

1886 1494 2169 1554 potentem
2198 1487 2539 1553 noverimus,
2568 1503 2678 1542 non
2700 1488 3048 1557 qualitatum,
3084 1488 3180 1543 sed
3206 1490 3465 1545 substan-

1885 1578 2090 1632 tiarum
2145 1579 2254 1635 illis
2298 1580 2670 1647 imbutarum,
2717 1580 2899 1650 ipsum
2949 1580 3292 1636 conditorem
3342 1598 3466 1637 esse

1885 1665 2140 1723 dicimus.
2173 1668 2328 1735 Quod
2368 1669 2413 1724 si
2448 1671 2523 1724 ita
2567 1681 2673 1736 est,
2719 1687 2841 1742 quae
2870 1680 2999 1726 sunt
3037 1681 3222 1727 creata
3251 1689 3363 1727 non
3390 1672 3464 1728 ab

1883 1771 2112 1826 aeterno,
2140 1762 2253 1818 Deo
2272 1764 2638 1819 coexsistunt.

1957 1858 2008 1911 7.
2040 1856 2244 1912 Partim
2269 1859 2415 1915 Deus
2434 1859 2688 1931 cognosci
2715 1867 2897 1929 potest
2922 1875 2986 1915 ac
3012 1859 3230 1927 divina;
3258 1860 3461 1931 partim

1882 1948 2046 2004 nobis
2104 1949 2323 2021 ignotus
2376 1960 2482 2009 est.
2543 1951 2623 2006 Ac
2671 1952 2897 2021 quidem
2946 1940 3219 2022 cognosci
3255 1960 3458 2021 potest,

1883 2049 2150 2109 quantum
2183 2040 2253 2096 ad
2294 2056 2381 2106 ea,
2403 2057 2526 2111 quas
2551 2050 2683 2096 sunt
2716 2043 2864 2097 circa
2908 2041 3087 2111 ipsum
3116 2041 3459 2096 theoremata

1882 2139 1939 2187 et
1958 2146 2148 2198 sensa;
2185 2130 2333 2201 quod
2370 2145 2505 2185 vero
2538 2130 2655 2201 ipse
2678 2130 2915 2195 exsistit,
2948 2130 3169 2200 ignotus
3191 2137 3296 2183 est.

1954 2219 2005 2275 8.
2050 2218 2176 2275 Noli
2208 2220 2264 2273 in
2303 2218 2539 2289 simplici
2578 2234 2642 2273 ac
2681 2218 2895 2273 infinita
2930 2228 3133 2274 sanctae
3168 2218 3458 2273 Trinitatis

1882 2312 2188 2367 substantia
2217 2311 2443 2365 habitus
2464 2318 2521 2365 et
2556 2310 2869 2365 habilitates
2902 2325 3176 2380 quaerere,
3206 2324 3275 2363 ne
3303 2323 3457 2362 com-

1881 2404 2115 2473 positam
2139 2419 2259 2459 eam
2292 2404 2515 2469 feceris,
2542 2402 2776 2473 perinde
2816 2417 2881 2457 ac
2910 2411 3137 2458 creata:
3170 2400 3319 2472 quod
3355 2400 3458 2455 ab-

1880 2496 2111 2551 surdum
2137 2502 2192 2551 et
2212 2494 2367 2550 nefas
2406 2495 2461 2549 in
2492 2496 2605 2550 Deo
2632 2494 2895 2565 cogitare.

1951 2586 2004 2641 9.
2039 2585 2165 2640 Sola
2207 2584 2442 2656 simplex
2481 2595 2538 2641 et
2582 2587 2898 2652 uniformis,
2945 2584 3207 2654 nullaque
3246 2584 3459 2639 imbuta

1881 2675 2166 2746 qualitate,
2184 2685 2240 2731 et
2264 2686 2455 2747 pacata
2484 2684 2542 2741 et
2579 2677 2895 2747 tranquilla,
2930 2674 3145 2730 infinita
3180 2684 3238 2729 et
3271 2673 3454 2729 omni-

1880 2776 2096 2836 potens,
2116 2768 2471 2837 omniumque
2487 2768 2737 2823 effectrix
2765 2766 3023 2823 essentia.
3056 2764 3246 2821 Omnis
3274 2773 3454 2821 autem

1881 2866 2133 2912 creatura
2162 2859 2467 2928 composita
2501 2867 2678 2914 estex
2721 2859 3031 2915 substantia
3074 2866 3131 2913 et
3171 2857 3455 2913 accidente

1878 2958 2111 3019 egetque
2139 2948 2324 3004 divina
2365 2948 2742 3016 Providentia,
2781 2958 2843 3004 ut
2873 2966 2995 3021 qua:
3030 2948 3258 3003 minime
3280 2948 3457 3005 libera

1879 3041 1951 3096 sit
1974 3057 2003 3095 a
2028 3042 2353 3097 mutatione.
3216 3022 3223 3029 ⁸

1950 3133 2036 3187 10.
2091 3133 2282 3189 Omnis
2340 3133 2655 3205 intelligens
2705 3134 3059 3203 sentiensque
3111 3131 3454 3197 substantia,

1878 3223 2027 3278 vires
2061 3239 2091 3277 a
2120 3225 2230 3279 Deo
2269 3224 2612 3294 percipiendi
2632 3223 2864 3293 accepit.
2900 3223 2953 3277 in
2983 3237 3167 3276 rerum
3198 3228 3453 3274 naturam

1878 3313 2149 3381 producta
2192 3330 2206 3367 :
2256 3314 2416 3383 cujus
2462 3313 2687 3382 quidem
2740 3313 2977 3382 partium
3040 3320 3101 3365 ut
3163 3311 3453 3379 intelligat,

1877 3404 2024 3460 vires
2062 3405 2433 3478 intelligendi;
2468 3406 2629 3476 cujus
2659 3420 2792 3462 vero
2818 3413 2879 3460 ut
2900 3404 3125 3468 sentiat,
3149 3403 3297 3457 vires
3332 3417 3455 3456 sen-

1875 3495 2072 3551 tiendi.

1947 3589 2033 3643 lt.
2092 3588 2238 3646 Deus
2287 3588 2512 3659 quidem
2565 3587 2721 3645 solus
2769 3586 2978 3642 nullius
3032 3584 3115 3643 rei
3154 3583 3453 3654 particeps,

2677 3691 2734 3736 at
2810 3687 3060 3736 creatura
3089 3716 3104 3743 ,
3180 3685 3238 3732 et
3320 3691 3452 3747 par-

1874 3770 2046 3841 ticeps
2076 3779 2161 3826 est
2184 3779 2241 3826 et
2285 3772 2535 3842 impertit
2561 3789 2575 3826 :
2600 3771 2876 3842 particeps
2916 3769 2972 3824 in
3002 3770 3128 3833 hoc,
3158 3776 3220 3823 ut
3260 3766 3354 3831 sit,
3398 3774 3461 3823 ct

1878 3860 2020 3917 bene
2052 3863 2154 3929 sit;
2199 3863 2445 3935 impertit
2483 3870 2666 3918 autem
2699 3863 2876 3917 solum
2918 3861 3061 3916 bene
3100 3875 3219 3914 esse
3250 3876 3264 3912 :
3293 3858 3459 3913 aliter

1879 3962 2063 4010 tamen
2093 3955 2402 4013 substantia
2426 3970 2715 4028 corporea,
2752 3954 2917 4009 aliter
2962 3966 3097 4008 vero
3131 3950 3457 4020 incorporea

1879 4051 1938 4100 et
1967 4045 2251 4115 spiritalis.

1957 4137 2044 4191 12.
2080 4140 2410 4209 lncorporea
2456 4136 2682 4209 quidem
2721 4142 2778 4191 et
2822 4134 3088 4206 spiritalis
3127 4131 3458 4201 substantia,

1876 4242 1995 4289 tum
2048 4231 2348 4302 loquendo,
2412 4239 2527 4284 tum
2582 4227 2815 4300 agendo,
2866 4235 3093 4296 tumque
3147 4225 3314 4280 etiam
3366 4225 3455 4280 sui

1876 4326 2339 4391 consideratione,
2369 4333 2433 4379 ut
2461 4325 2534 4379 sit
2571 4323 2713 4378 bene
2748 4320 2993 4390 impertit
3022 4336 3036 4372 :
3075 4334 3139 4374 ac
3168 4334 3459 4390 corporea,

1881 4417 1966 4473 sui
1992 4415 2259 4471 duntaxat
2280 4421 2579 4487 conspectu
2605 4420 2661 4466 et
2684 4406 3148 4465 consideratione.

258 4666 727 4748 (br)G_reg.,Orat.
750 4665 974 4748 Iri-diem
988 4665 1251 4748 natalem,
1279 4665 1389 4748 et?
1418 4665 1486 4748 _In
1536 4665 1767 4748 Pascha.
1799 4670 1847 4730 ι)
1873 4681 2098 4748 semper
2106 4680 2256 4748 esse,
2291 4663 2858 4748 quae-habemussine
2888 4663 3069 4728 nobis,
3106 4678 3135 4716 a
3165 4661 3280 4748 Deo
3304 4664 3459 4748 asci-

264 4736 342 4816 (cj
386 4736 500 4816 καῖ
521 4740 750 4803 ἄποιος.
794 4737 912 4816 Hoc
945 4737 1529 4816 nimirumtsingulare
1570 4736 1771 4816 divinae

185 4806 542 4871 substantia.
578 4816 640 4863 ut
677 4815 791 4861 tota
829 4807 1136 4862 substantia
1173 4807 1266 4873 sit,
1312 4806 1463 4861 nulla
1503 4807 1770 4875 qualitate

186 4885 433 4947 imbuta,
478 4879 627 4950 quod
656 4878 866 4950 creatis
893 4877 1153 4950 omnibus
1178 4876 1565 4950 itaconvenit,
1608 4886 1668 4931 ut
1700 4878 1772 4933 ab

185 4969 252 5008 ea
275 4945 513 5009 absolvi'
530 4949 846 5006 conditione
870 4963 982 5001 non
1010 4947 1241 5016 possint.
1272 4947 1392 5001 Non
1430 4945 1569 5001 bene
1595 4963 1773 5002 novus

185 5038 400 5078 vocum
434 5035 597 5075 cusor
624 5028 789 5089 atque
833 5018 1067 5089 interpr.
1107 5016 1312 5089 Obsop.
1354 5016 1424 5070 Et
1462 5033 1566 5069 non
1604 5016 1769 5089 facta,

186 5093 364 5172 Gesn.
388 5099 451 5172 oet
482 5086 735 5172 aequalis,
760 5086 1071 5172 quodnm'ihi
1105 5086 1364 5168 licentius
1384 5101 1484 5172 pro
1507 5087 1661 5172 vocis
1685 5087 1774 5172 in-

191 5156 710 5229 solentia;etiamsi_
736 5156 848 5212 vim
890 5156 1095 5229 Graecae
1114 5157 1267 5211 vocis
1303 5156 1538 5229 reddere
1576 5158 1773 5229 voluit.

190 5231 355 5301 Quod
371 5225 594 5285 demum
608 5230 663 5285 in
684 5227 928 5301 ﬁne‘cap.
946 5236 1053 5301 est,
1068 5225 1141 5289 ὡς
1157 5227 1368 5295 τροπῆς
1380 5227 1477 5278 οὐκ
1498 5226 1775 5297 ἐλευθέρα,

194 5297 324 5374 qua:
362 5316 495 5374 vera
526 5301 669 5374 ratio
700 5297 902 5374 divina:
925 5297 999 5374 _in
1041 5310 1259 5374 omnem
1299 5307 1771 5374 creaturam_pro-

192 5365 486 5431 v’identiaa,
509 5369 657 5439 quod
680 5383 793 5422 non
820 5367 894 5421 sit
915 5366 1188 5439 immunis
1207 5381 1236 5419 a
1263 5366 1590 5420 mutatione.
1610 5365 1779 5439 Lepi-

194 5443 307 5497 dus
362 5434 574 5495 scilicet
616 5440 845 5507 interpr.
901 5436 1104 5506 Obsop.
1150 5445 1406 5507 tanquam
1447 5452 1553 5490 non
1603 5434 1777 5491 liberm

197 5510 579 5567 conversionis.
614 5507 658 5562 Ο
693 5508 913 5577 stupor!

168 5606 171 5609 λ
277 5582 357 5651 (d)
410 5580 532 5651 Kal
570 5573 961 5651 θιεωρουςιιένη2
1011 5573 1204 5631 Sermo
1247 5584 1333 5631 est
1362 5574 1452 5651 _de
1509 5574 1751 5629 creaturi

202 5644 623 5707 conferentibus
653 5644 720 5702 ad
748 5647 917 5701 vitam
946 5646 1087 5717 bene
1112 5661 1289 5717 exque
1323 5644 1768 5717 virtute_compo~

206 5721 473 5783 nendum,
521 5717 667 5790 quod
728 5718 933 5786 ubique
977 5711 1216 5790 Maximo
1250 5715 1445 5790 est_1b
1497 5711 1557 5769 εὐ
1613 5711 1773 5777 εἶναι,

207 5790 360 5862 quod
405 5784 577 5846 unum
626 5784 876 5846 nostrum
916 5793 1023 5848 est,
1070 5786 1310 5842 medium
1356 5784 1503 5841 inter
1536 5799 1679 5848 esse,
1722 5794 1775 5841 et

1875 4733 2040 4808 teque
2067 4733 2357 4808 distinguit
2396 4734 2464 4808 de
2499 4734 2812 4808 spiritaliet
2844 4736 3168 4808 incorporea
3198 4733 3454 4788 substan-

1877 4804 1975 4873 tia,
2000 4814 2057 4860 et
2081 4806 2152 4860 de
2182 4804 2454 4875 corporali
2481 4821 2496 4869 ;
2522 4804 2668 4873 quod
2700 4806 2793 4859 illa
2829 4805 3046 4860 confert
3070 4818 3325 4875 sermone
3355 4820 3453 4858 seu

1877 4876 2158 4932 locutione
2184 4874 2420 4945 vitaeque
2456 4875 2729 4943 exemplo,
2772 4883 2833 4931 ut
2859 4875 2917 4930 in
2946 4874 3153 4945 angelis
3182 4880 3239 4927 et
3258 4874 3455 4945 Abomi—

1878 4948 2063 5010 nibus,
2109 4943 2380 5016 quatenus
2415 4954 2471 5000 et
2517 4945 2621 5016 ipsi
2663 4958 2915 4999 sermone
2952 4943 3176 5016 docent,
3217 4943 3454 5016 vitaeque

1879 5013 2143 5085 exempla
2165 5016 2373 5081 edunt;
2407 5014 2621 5069 confert
2653 5016 2841 5085 etiam,
2869 5014 3001 5084 quia
3032 5020 3215 5085 potest
3244 5013 3359 5085 ipsa
3398 5015 3453 5068 in

1876 5102 1936 5142 se
1965 5084 2327 5151 considerari,
2360 5092 2421 5140 ut
2453 5084 2549 5139 Dei
2589 5084 2799 5139 scilicet
2829 5100 2985 5154 Opus,
3017 5084 3074 5138 in
3097 5096 3208 5152 quo
3240 5084 3453 5154 eluceat

1876 5157 2147 5227 sapientia
2206 5156 2563 5227 potentiaque
2606 5154 2833 5227 artiﬁcis
2865 5151 2891 5208 Ξ
2946 5170 3059 5227 quo
3113 5151 3453 5227 uno_modo,

1875 5223 2128 5283 conferre
2199 5223 2276 5281 ait
2349 5223 2711 5280 substantiam
2793 5224 3157 5293 corporalem.
3230 5223 3451 5293 Resque

1875 5297 2081 5358 notior,
2118 5312 2283 5365 quam
2312 5304 2375 5351 ut
2401 5294 2580 5349 notari
2617 5294 2826 5365 aliquid
2861 5291 3093 5365 necesse
3128 5292 3315 5365 fuerit,
3344 5291 3453 5346 nisi

1877 5374 2098 5437 cogeret
2130 5363 2333 5435 Obsop.
2368 5374 2561 5437 stupor
2580 5363 2745 5432 atque
2781 5364 2946 5437 Gesn.
2983 5364 3186 5437 quibus
3219 5363 3454 5437 θεωρου-

1879 5432 2015 5506 μὲ)η
2044 5444 2129 5490 est
2150 5432 2535 5506 contemplans,
2573 5441 2624 5506 et
2647 5432 3053 5506 contemplanda
3081 5432 3453 5506 :qquasicon-

1885 5501 2168 5574 templatio
2199 5506 2317 5574 ipsa
2356 5501 2534 5559 active
2582 5503 2653 5556 sit
2694 5501 3033 5574 perfiCiendo
3073 5501 3244 5574 alios,
3270 5501 3453 5574 sitque

1882 5572 2107 5699 Bropria
2133 5572 2453 5630 substantiae
2485 5572 2814 5642 corporalis;
2840 5582 2896 5628 et
2928 5574 3018 5628 illa
3043 5590 3151 5628 una
3181 5573 3250 5629 ad
3279 5572 3451 5626 vitam

1921 5661 2023 5699 cne
2066 5643 2521 5699 componendam.
2561 5642 2679 5697 haec
2730 5644 2891 5698 nobis
2922 5643 3188 5699 conferat.
3220 5657 3347 5699 cum
3397 5648 3451 5696 et

1921 5642 2023 5699 ene
2066 5643 2521 5713 componendam,
2561 5642 2679 5713 haec
2730 5644 2891 5713 nobis
2922 5643 3188 5707 conferat,
3220 5657 3347 5700 cum
3397 5648 3451 5696 et

1882 5727 2033 5782 muta
2058 5714 2149 5779 sit,
2184 5711 2395 5782 ἄλογος,
2423 5729 2528 5767 nec
2561 5711 2797 5783 actionis
2822 5711 2888 5767 ad
2919 5713 3227 5783 exemplum
3258 5725 3450 5782 capax.

1880 5784 1925 5838 0
1948 5785 2074 5839 novi
2106 5784 2315 5841 scilicet
2336 5781 2625 5838 commatis
2640 5782 2708 5838 de
2729 5783 2943 5839 Calvini
2969 5781 3102 5840 hara
3134 5783 3439 5852 theologos,
