  <div class='ocr_page' id='page_1' title='image "/cluster/home/n/w/nwhite01/storage/ocr_20150623/90/hvd.32044019208016/533.png"; bbox 0 0 4048 6434; ppageno 0'>
   <div class='ocr_carea' id='block_1_1' title="bbox 641 358 777 429">
    <p class='ocr_par' dir='ltr' id='par_1_1' title="bbox 641 358 777 429">
     <span class='ocr_line' id='line_1_1' title="bbox 641 358 777 429; baseline -0.022 0"><span class='ocrx_word' id='word_1_1' title='bbox 641 358 777 429; x_wconf 78' lang='grc'><strong>1051</strong></span> 
     </span>
    </p>
   </div>
   <div class='ocr_carea' id='block_1_2' title="bbox 1769 350 2706 420">
    <p class='ocr_par' dir='ltr' id='par_1_2' title="bbox 1769 350 2706 420">
     <span class='ocr_line' id='line_1_2' title="bbox 1769 350 2706 420; baseline -0.005 0"><span class='ocrx_word' id='word_1_2' title='bbox 1769 360 1830 420; x_wconf 94' lang='lat' dir='ltr'><strong>S.</strong></span> <span class='ocrx_word' id='word_1_3' title='bbox 1870 353 2156 418; x_wconf 78' lang='grc' dir='ltr'><strong>ΜΑΧΙΜῙ</strong></span> <span class='ocrx_word' id='word_1_4' title='bbox 2195 350 2706 416; x_wconf 84' lang='lat' dir='ltr'><strong>CONFESSORIS</strong></span> 
     </span>
    </p>
   </div>
   <div class='ocr_carea' id='block_1_3' title="bbox 3727 356 3838 426">
    <p class='ocr_par' dir='ltr' id='par_1_3' title="bbox 3727 356 3838 426">
     <span class='ocr_line' id='line_1_3' title="bbox 3727 356 3838 426; baseline 0.018 -2"><span class='ocrx_word' id='word_1_5' title='bbox 3727 356 3838 426; x_wconf 74' lang='lat'><strong>1052</strong></span> 
     </span>
    </p>
   </div>
   <div class='ocr_carea' id='block_1_4' title="bbox 711 465 2213 542">
    <p class='ocr_par' dir='ltr' id='par_1_4' title="bbox 711 466 2208 541">
     <span class='ocr_line' id='line_1_4' title="bbox 711 466 2208 541; baseline -0.003 -17"><span class='ocrx_word' id='word_1_6' title='bbox 711 470 798 525; x_wconf 79' lang='grc'><strong>15.</strong></span> <span class='ocrx_word' id='word_1_7' title='bbox 831 469 902 527; x_wconf 92' lang='lat' dir='ltr'><strong>Ut</strong></span> <span class='ocrx_word' id='word_1_8' title='bbox 931 468 1154 540; x_wconf 85' lang='lat' dir='ltr'><strong>quidem</strong></span> <span class='ocrx_word' id='word_1_9' title='bbox 1192 468 1404 524; x_wconf 79' lang='lat' dir='ltr'><strong>ratione</strong></span> <span class='ocrx_word' id='word_1_10' title='bbox 1443 476 1605 526; x_wconf 90' lang='lat' dir='ltr'><strong>utens</strong></span> <span class='ocrx_word' id='word_1_11' title='bbox 1641 485 1706 526; x_wconf 87' lang='lat' dir='ltr'><strong>ac</strong></span> <span class='ocrx_word' id='word_1_12' title='bbox 1731 471 2042 541; x_wconf 74' lang='lat' dir='ltr'><strong>intelligens</strong></span> <span class='ocrx_word' id='word_1_13' title='bbox 2077 466 2208 523; x_wconf 86' lang='lat' dir='ltr'><strong>sub-</strong></span> 
     </span>
    </p>
   </div>
   <div class='ocr_carea' id='block_1_5' title="bbox 2312 465 3840 542">
    <p class='ocr_par' dir='ltr' id='par_1_5' title="bbox 2381 465 3840 542">
     <span class='ocr_line' id='line_1_5' title="bbox 2381 465 3840 542; baseline 0.007 -23"><span class='ocrx_word' id='word_1_14' title='bbox 2381 473 2469 532; x_wconf 86' lang='grc' dir='ltr'><strong>ιγ’.</strong></span> <span class='ocrx_word' id='word_1_15' title='bbox 2508 469 2582 520; x_wconf 80' lang='grc' dir='ltr'>Τὸ</span> <span class='ocrx_word' id='word_1_16' title='bbox 2610 469 2711 539; x_wconf 80' lang='grc' dir='ltr'><strong>μὲν</strong></span> <span class='ocrx_word' id='word_1_17' title='bbox 2740 469 2827 524; x_wconf 79' lang='grc' dir='ltr'><strong>ἀεὶ</strong></span> <span class='ocrx_word' id='word_1_18' title='bbox 2852 467 2990 524; x_wconf 76' lang='grc' dir='ltr'>εἶναι</span> <span class='ocrx_word' id='word_1_19' title='bbox 3008 508 3027 536; x_wconf 92' lang='grc'><strong>,</strong></span> <span class='ocrx_word' id='word_1_20' title='bbox 3077 467 3114 539; x_wconf 77' lang='grc' dir='ltr'>ἢ</span> <span class='ocrx_word' id='word_1_21' title='bbox 3147 467 3227 541; x_wconf 77' lang='grc' dir='ltr'><strong>μὴ</strong></span> <span class='ocrx_word' id='word_1_22' title='bbox 3249 465 3391 524; x_wconf 71' lang='grc' dir='ltr'><strong>εῖναι</strong></span> <span class='ocrx_word' id='word_1_23' title='bbox 3415 467 3514 541; x_wconf 75' lang='grc' dir='ltr'><strong>τὴν</strong></span> <span class='ocrx_word' id='word_1_24' title='bbox 3535 468 3740 542; x_wconf 74' lang='grc' dir='ltr'><strong>λογικὴν</strong></span> <span class='ocrx_word' id='word_1_25' title='bbox 3764 479 3840 529; x_wconf 77' lang='grc' dir='ltr'><strong>καὶ</strong></span> 
     </span>
    </p>
   </div>
   <div class='ocr_carea' id='block_1_6' title="bbox 639 559 2209 631">
    <p class='ocr_par' dir='ltr' id='par_1_6' title="bbox 639 559 2209 631">
     <span class='ocr_line' id='line_1_6' title="bbox 639 559 2209 631; baseline -0.003 -14"><span class='ocrx_word' id='word_1_26' title='bbox 639 562 843 617; x_wconf 77' lang='lat' dir='ltr'><strong>stantia</strong></span> <span class='ocrx_word' id='word_1_27' title='bbox 891 577 1105 631; x_wconf 86' lang='lat' dir='ltr'><strong>semper</strong></span> <span class='ocrx_word' id='word_1_28' title='bbox 1141 562 1391 626; x_wconf 73' lang='lat' dir='ltr'><strong>exsistat,</strong></span> <span class='ocrx_word' id='word_1_29' title='bbox 1433 573 1529 617; x_wconf 91' lang='lat' dir='ltr'><strong>aut</strong></span> <span class='ocrx_word' id='word_1_30' title='bbox 1569 577 1679 616; x_wconf 93' lang='lat' dir='ltr'><strong>non</strong></span> <span class='ocrx_word' id='word_1_31' title='bbox 1716 562 1962 627; x_wconf 80' lang='lat' dir='ltr'><strong>exsistat,</strong></span> <span class='ocrx_word' id='word_1_32' title='bbox 2003 561 2060 615; x_wconf 90' lang='lat' dir='ltr'><strong>in</strong></span> <span class='ocrx_word' id='word_1_33' title='bbox 2089 559 2209 629; x_wconf 90' lang='lat' dir='ltr'><strong>ejus</strong></span> 
     </span>
    </p>
   </div>
   <div class='ocr_carea' id='block_1_7' title="bbox 641 651 2208 725">
    <p class='ocr_par' dir='ltr' id='par_1_7' title="bbox 641 651 2208 725">
     <span class='ocr_line' id='line_1_7' title="bbox 641 651 2208 725; baseline -0.003 -17"><span class='ocrx_word' id='word_1_34' title='bbox 641 655 886 724; x_wconf 90' lang='lat' dir='ltr'><strong>positum</strong></span> <span class='ocrx_word' id='word_1_35' title='bbox 912 654 1191 708; x_wconf 78' lang='lat' dir='ltr'><strong>voluntate</strong></span> <span class='ocrx_word' id='word_1_36' title='bbox 1235 662 1317 709; x_wconf 88' lang='lat' dir='ltr'><strong>est</strong></span> <span class='ocrx_word' id='word_1_37' title='bbox 1364 654 1458 725; x_wconf 87' lang='lat' dir='ltr'><strong>qui</strong></span> <span class='ocrx_word' id='word_1_38' title='bbox 1502 655 1688 709; x_wconf 85' lang='lat' dir='ltr'><strong>omnia</strong></span> <span class='ocrx_word' id='word_1_39' title='bbox 1720 655 1864 709; x_wconf 91' lang='lat' dir='ltr'><strong>bona</strong></span> <span class='ocrx_word' id='word_1_40' title='bbox 1902 651 2148 708; x_wconf 89' lang='lat' dir='ltr'><strong>condidit</strong></span> <span class='ocrx_word' id='word_1_41' title='bbox 2192 667 2208 705; x_wconf 91' lang='lat'><strong>:</strong></span> 
     </span>
    </p>
   </div>
   <div class='ocr_carea' id='block_1_8' title="bbox 643 743 2212 815">
    <p class='ocr_par' dir='ltr' id='par_1_8' title="bbox 643 743 2212 815">
     <span class='ocr_line' id='line_1_8' title="bbox 643 743 2212 815; baseline -0.002 -16"><span class='ocrx_word' id='word_1_42' title='bbox 643 752 708 799; x_wconf 88' lang='lat' dir='ltr'><strong>ut</strong></span> <span class='ocrx_word' id='word_1_43' title='bbox 769 754 955 799; x_wconf 91' lang='lat' dir='ltr'><strong>autem</strong></span> <span class='ocrx_word' id='word_1_44' title='bbox 1012 745 1128 800; x_wconf 88' lang='lat' dir='ltr'><strong>hac</strong></span> <span class='ocrx_word' id='word_1_45' title='bbox 1190 745 1356 800; x_wconf 88' lang='lat' dir='ltr'><strong>animi</strong></span> <span class='ocrx_word' id='word_1_46' title='bbox 1411 747 1695 815; x_wconf 88' lang='lat' dir='ltr'><strong>proposito</strong></span> <span class='ocrx_word' id='word_1_47' title='bbox 1751 745 1894 799; x_wconf 88' lang='lat' dir='ltr'><strong>bona</strong></span> <span class='ocrx_word' id='word_1_48' title='bbox 1944 743 2054 799; x_wconf 90' lang='lat' dir='ltr'><strong>sint</strong></span> <span class='ocrx_word' id='word_1_49' title='bbox 2117 750 2212 796; x_wconf 88' lang='lat' dir='ltr'><strong>aut</strong></span> 
     </span>
    </p>
   </div>
   <div class='ocr_carea' id='block_1_9' title="bbox 642 839 2034 908">
    <p class='ocr_par' dir='ltr' id='par_1_9' title="bbox 642 839 2034 908">
     <span class='ocr_line' id='line_1_9' title="bbox 642 839 2034 908; baseline -0.001 -16"><span class='ocrx_word' id='word_1_50' title='bbox 642 839 805 903; x_wconf 88' lang='lat' dir='ltr'><strong>mala,</strong></span> <span class='ocrx_word' id='word_1_51' title='bbox 830 854 1022 892; x_wconf 89' lang='lat' dir='ltr'><strong>eorum</strong></span> <span class='ocrx_word' id='word_1_52' title='bbox 1052 854 1173 908; x_wconf 79' lang='lat' dir='ltr'><strong>qua:</strong></span> <span class='ocrx_word' id='word_1_53' title='bbox 1208 848 1334 893; x_wconf 90' lang='lat' dir='ltr'><strong>sunt</strong></span> <span class='ocrx_word' id='word_1_54' title='bbox 1355 839 1576 894; x_wconf 89' lang='lat' dir='ltr'><strong>condita</strong></span> <span class='ocrx_word' id='word_1_55' title='bbox 1606 839 1903 893; x_wconf 75' lang='lat' dir='ltr'><strong>voluntatis</strong></span> <span class='ocrx_word' id='word_1_56' title='bbox 1931 846 2034 892; x_wconf 91' lang='lat' dir='ltr'><strong>est.</strong></span> 
     </span>
    </p>
   </div>
   <div class='ocr_carea' id='block_1_10' title="bbox 712 924 2214 996">
    <p class='ocr_par' dir='ltr' id='par_1_10' title="bbox 712 924 2214 996">
     <span class='ocr_line' id='line_1_10' title="bbox 712 924 2214 996; baseline -0.001 -18"><span class='ocrx_word' id='word_1_57' title='bbox 712 924 877 996; x_wconf 68' lang='lat' dir='ltr'><strong><em>m</em></strong></span> <span class='ocrx_word' id='word_1_58' title='bbox 909 925 996 978; x_wconf 73' lang='lat' dir='ltr'><strong>M.</strong></span> <span class='ocrx_word' id='word_1_59' title='bbox 1033 924 1154 978; x_wconf 86' lang='lat' dir='ltr'><strong>Non</strong></span> <span class='ocrx_word' id='word_1_60' title='bbox 1179 925 1325 979; x_wconf 87' lang='lat' dir='ltr'><strong>circa</strong></span> <span class='ocrx_word' id='word_1_61' title='bbox 1353 925 1646 979; x_wconf 88' lang='lat' dir='ltr'><strong>essentiam</strong></span> <span class='ocrx_word' id='word_1_62' title='bbox 1676 938 1889 988; x_wconf 89' lang='lat' dir='ltr'><strong>eorum,</strong></span> <span class='ocrx_word' id='word_1_63' title='bbox 1929 937 2052 992; x_wconf 82' lang='lat' dir='ltr'><strong>qua</strong></span> <span class='ocrx_word' id='word_1_64' title='bbox 2083 937 2214 976; x_wconf 89' lang='lat' dir='ltr'><strong>con-</strong></span> 
     </span>
    </p>
   </div>
   <div class='ocr_carea' id='block_1_11' title="bbox 643 1013 2211 1080">
    <p class='ocr_par' dir='ltr' id='par_1_11' title="bbox 643 1013 2211 1080">
     <span class='ocr_line' id='line_1_11' title="bbox 643 1013 2211 1080; baseline -0.001 -10"><span class='ocrx_word' id='word_1_65' title='bbox 643 1015 757 1070; x_wconf 88' lang='lat' dir='ltr'><strong>dita</strong></span> <span class='ocrx_word' id='word_1_66' title='bbox 792 1024 940 1080; x_wconf 93' lang='lat' dir='ltr'><strong>sunt,</strong></span> <span class='ocrx_word' id='word_1_67' title='bbox 973 1017 1174 1070; x_wconf 91' lang='lat' dir='ltr'><strong>malum</strong></span> <span class='ocrx_word' id='word_1_68' title='bbox 1201 1015 1604 1080; x_wconf 82' lang='lat' dir='ltr'><strong>consideratur,</strong></span> <span class='ocrx_word' id='word_1_69' title='bbox 1627 1013 1725 1070; x_wconf 91' lang='lat' dir='ltr'><strong>sed</strong></span> <span class='ocrx_word' id='word_1_70' title='bbox 1761 1014 1907 1069; x_wconf 92' lang='lat' dir='ltr'><strong>circa</strong></span> <span class='ocrx_word' id='word_1_71' title='bbox 1931 1021 2211 1069; x_wconf 84' lang='lat' dir='ltr'><strong>errantem</strong></span> 
     </span>
    </p>
   </div>
   <div class='ocr_carea' id='block_1_12' title="bbox 641 1109 1350 1164">
    <p class='ocr_par' dir='ltr' id='par_1_12' title="bbox 641 1109 1350 1164">
     <span class='ocr_line' id='line_1_12' title="bbox 641 1109 1350 1164; baseline -0.001 0"><span class='ocrx_word' id='word_1_72' title='bbox 641 1117 698 1164; x_wconf 87' lang='lat' dir='ltr'><strong>et</strong></span> <span class='ocrx_word' id='word_1_73' title='bbox 721 1109 1092 1164; x_wconf 90' lang='lat' dir='ltr'><strong>inconsultum</strong></span> <span class='ocrx_word' id='word_1_74' title='bbox 1121 1118 1350 1163; x_wconf 91' lang='lat' dir='ltr'><strong>motum.</strong></span> 
     </span>
    </p>
   </div>
   <div class='ocr_carea' id='block_1_13' title="bbox 715 1200 2213 1272">
    <p class='ocr_par' dir='ltr' id='par_1_13' title="bbox 715 1200 2213 1272">
     <span class='ocr_line' id='line_1_13' title="bbox 715 1200 2213 1272; baseline 0.001 -18"><span class='ocrx_word' id='word_1_75' title='bbox 715 1200 803 1256; x_wconf 85' lang='grc'><strong>15.</strong></span> <span class='ocrx_word' id='word_1_76' title='bbox 847 1200 1078 1256; x_wconf 86' lang='lat' dir='ltr'><strong>Animus</strong></span> <span class='ocrx_word' id='word_1_77' title='bbox 1114 1207 1246 1256; x_wconf 90' lang='lat' dir='ltr'><strong>tunc</strong></span> <span class='ocrx_word' id='word_1_78' title='bbox 1273 1217 1341 1255; x_wconf 79' lang='lat' dir='ltr'><strong>ex</strong></span> <span class='ocrx_word' id='word_1_79' title='bbox 1368 1200 1581 1257; x_wconf 89' lang='lat' dir='ltr'><strong>ratione</strong></span> <span class='ocrx_word' id='word_1_80' title='bbox 1615 1208 1889 1266; x_wconf 80' lang='lat' dir='ltr'><strong>movetur,</strong></span> <span class='ocrx_word' id='word_1_81' title='bbox 1927 1217 2050 1256; x_wconf 90' lang='lat' dir='ltr'><strong>cum</strong></span> <span class='ocrx_word' id='word_1_82' title='bbox 2093 1202 2213 1272; x_wconf 88' lang='lat' dir='ltr'><strong>ejus</strong></span> 
     </span>
    </p>
   </div>
   <div class='ocr_carea' id='block_1_14' title="bbox 640 1293 2209 1364">
    <p class='ocr_par' dir='ltr' id='par_1_14' title="bbox 640 1293 2209 1364">
     <span class='ocr_line' id='line_1_14' title="bbox 640 1293 2209 1364; baseline 0.001 -18"><span class='ocrx_word' id='word_1_83' title='bbox 640 1307 769 1362; x_wconf 85' lang='lat' dir='ltr'><strong>pars</strong></span> <span class='ocrx_word' id='word_1_84' title='bbox 793 1293 1193 1363; x_wconf 84' lang='lat' dir='ltr'><strong>concupiscens</strong></span> <span class='ocrx_word' id='word_1_85' title='bbox 1238 1293 1574 1348; x_wconf 88' lang='lat' dir='ltr'><strong>continentia</strong></span> <span class='ocrx_word' id='word_1_86' title='bbox 1619 1293 1777 1356; x_wconf 86' lang='lat' dir='ltr'><strong>nitet,</strong></span> <span class='ocrx_word' id='word_1_87' title='bbox 1827 1309 2058 1364; x_wconf 91' lang='lat' dir='ltr'><strong>parsque</strong></span> <span class='ocrx_word' id='word_1_88' title='bbox 2102 1293 2209 1348; x_wconf 83' lang='lat' dir='ltr'><strong>ira-</strong></span> 
     </span>
    </p>
   </div>
   <div class='ocr_carea' id='block_1_15' title="bbox 641 1383 2210 1447">
    <p class='ocr_par' dir='ltr' id='par_1_15' title="bbox 641 1383 2210 1447">
     <span class='ocr_line' id='line_1_15' title="bbox 641 1383 2210 1447; baseline 0 -11"><span class='ocrx_word' id='word_1_89' title='bbox 641 1397 806 1437; x_wconf 88' lang='lat' dir='ltr'><strong>scens</strong></span> <span class='ocrx_word' id='word_1_90' title='bbox 835 1383 1019 1437; x_wconf 92' lang='lat' dir='ltr'><strong>odium</strong></span> <span class='ocrx_word' id='word_1_91' title='bbox 1045 1393 1311 1447; x_wconf 85' lang='lat' dir='ltr'><strong>aversata,</strong></span> <span class='ocrx_word' id='word_1_92' title='bbox 1335 1383 1615 1438; x_wconf 85' lang='lat' dir='ltr'><strong>dilectioni</strong></span> <span class='ocrx_word' id='word_1_93' title='bbox 1637 1383 1820 1438; x_wconf 89' lang='lat' dir='ltr'><strong>studet</strong></span> <span class='ocrx_word' id='word_1_94' title='bbox 1847 1401 1861 1437; x_wconf 89' lang='lat'><strong>:</strong></span> <span class='ocrx_word' id='word_1_95' title='bbox 1898 1398 1961 1438; x_wconf 90' lang='lat' dir='ltr'><strong>ac</strong></span> <span class='ocrx_word' id='word_1_96' title='bbox 1991 1384 2210 1438; x_wconf 92' lang='lat' dir='ltr'><strong>demum</strong></span> 
     </span>
    </p>
   </div>
   <div class='ocr_carea' id='block_1_16' title="bbox 641 1473 2212 1546">
    <p class='ocr_par' dir='ltr' id='par_1_16' title="bbox 641 1473 2212 1546">
     <span class='ocr_line' id='line_1_16' title="bbox 641 1473 2212 1546; baseline 0 -18"><span class='ocrx_word' id='word_1_97' title='bbox 641 1475 875 1530; x_wconf 88' lang='lat' dir='ltr'><strong>rationis</strong></span> <span class='ocrx_word' id='word_1_98' title='bbox 933 1475 1186 1541; x_wconf 83' lang='lat' dir='ltr'><strong>facultas,</strong></span> <span class='ocrx_word' id='word_1_99' title='bbox 1244 1475 1437 1530; x_wconf 91' lang='lat' dir='ltr'><strong>orandi</strong></span> <span class='ocrx_word' id='word_1_100' title='bbox 1489 1474 1811 1530; x_wconf 88' lang='lat' dir='ltr'><strong>assiduitate</strong></span> <span class='ocrx_word' id='word_1_101' title='bbox 1866 1491 1930 1530; x_wconf 89' lang='lat' dir='ltr'><strong>ac</strong></span> <span class='ocrx_word' id='word_1_102' title='bbox 1981 1473 2212 1546; x_wconf 81' lang='lat' dir='ltr'><strong>spiritali</strong></span> 
     </span>
    </p>
   </div>
   <div class='ocr_carea' id='block_1_17' title="bbox 642 1565 2216 1636">
    <p class='ocr_par' dir='ltr' id='par_1_17' title="bbox 642 1565 2216 1636">
     <span class='ocr_line' id='line_1_17' title="bbox 642 1565 2216 1636; baseline 0.001 -17"><span class='ocrx_word' id='word_1_103' title='bbox 642 1565 1128 1635; x_wconf 85' lang='lat' dir='ltr'><strong>contemplatione,</strong></span> <span class='ocrx_word' id='word_1_104' title='bbox 1187 1565 1332 1636; x_wconf 90' lang='lat' dir='ltr'><strong>apud</strong></span> <span class='ocrx_word' id='word_1_105' title='bbox 1400 1565 1576 1619; x_wconf 89' lang='lat' dir='ltr'><strong>Deum</strong></span> <span class='ocrx_word' id='word_1_106' title='bbox 1634 1581 1882 1632; x_wconf 89' lang='lat' dir='ltr'><strong>versans,</strong></span> <span class='ocrx_word' id='word_1_107' title='bbox 1948 1565 2027 1620; x_wconf 92' lang='lat' dir='ltr'><strong>illi</strong></span> <span class='ocrx_word' id='word_1_108' title='bbox 2083 1581 2216 1621; x_wconf 89' lang='lat' dir='ltr'><strong>con-</strong></span> 
     </span>
    </p>
   </div>
   <div class='ocr_carea' id='block_1_18' title="bbox 642 1657 869 1712">
    <p class='ocr_par' dir='ltr' id='par_1_18' title="bbox 642 1657 869 1712">
     <span class='ocr_line' id='line_1_18' title="bbox 642 1657 869 1712; baseline -0.009 0"><span class='ocrx_word' id='word_1_109' title='bbox 642 1657 869 1712; x_wconf 86' lang='lat' dir='ltr'><strong>suescit.</strong></span> 
     </span>
    </p>
   </div>
   <div class='ocr_carea' id='block_1_19' title="bbox 711 1749 2214 1818">
    <p class='ocr_par' dir='ltr' id='par_1_19' title="bbox 711 1749 2214 1818">
     <span class='ocr_line' id='line_1_19' title="bbox 711 1749 2214 1818; baseline 0.001 -14"><span class='ocrx_word' id='word_1_110' title='bbox 711 1749 794 1804; x_wconf 85' lang='grc'><strong>16.</strong></span> <span class='ocrx_word' id='word_1_111' title='bbox 826 1749 1070 1804; x_wconf 85' lang='lat' dir='ltr'><strong>Necdum</strong></span> <span class='ocrx_word' id='word_1_112' title='bbox 1103 1749 1396 1818; x_wconf 83' lang='lat' dir='ltr'><strong>perfectam</strong></span> <span class='ocrx_word' id='word_1_113' title='bbox 1419 1757 1614 1804; x_wconf 90' lang='lat' dir='ltr'><strong>nactus</strong></span> <span class='ocrx_word' id='word_1_114' title='bbox 1635 1758 1720 1804; x_wconf 90' lang='lat' dir='ltr'><strong>est</strong></span> <span class='ocrx_word' id='word_1_115' title='bbox 1745 1749 2086 1817; x_wconf 85' lang='lat' dir='ltr'><strong>charitatem,</strong></span> <span class='ocrx_word' id='word_1_116' title='bbox 2112 1766 2214 1806; x_wconf 91' lang='lat' dir='ltr'><strong>nec</strong></span> 
     </span>
    </p>
   </div>
   <div class='ocr_carea' id='block_1_20' title="bbox 645 1838 2212 1912">
    <p class='ocr_par' dir='ltr' id='par_1_20' title="bbox 645 1838 2212 1912">
     <span class='ocr_line' id='line_1_20' title="bbox 645 1838 2212 1912; baseline 0.001 -18"><span class='ocrx_word' id='word_1_117' title='bbox 645 1838 846 1895; x_wconf 81' lang='lat' dir='ltr'><strong>divina</strong></span> <span class='ocrx_word' id='word_1_118' title='bbox 871 1840 1238 1896; x_wconf 85' lang='lat' dir='ltr'><strong>Providentia</strong></span> <span class='ocrx_word' id='word_1_119' title='bbox 1263 1840 1426 1895; x_wconf 89' lang='lat' dir='ltr'><strong>altam</strong></span> <span class='ocrx_word' id='word_1_120' title='bbox 1462 1850 1749 1896; x_wconf 90' lang='lat' dir='ltr'><strong>assecutus</strong></span> <span class='ocrx_word' id='word_1_121' title='bbox 1783 1840 2090 1907; x_wconf 90' lang='lat' dir='ltr'><strong>scientiam,</strong></span> <span class='ocrx_word' id='word_1_122' title='bbox 2119 1842 2212 1912; x_wconf 88' lang='lat' dir='ltr'><strong>qui</strong></span> 
     </span>
    </p>
   </div>
   <div class='ocr_carea' id='block_1_21' title="bbox 645 1931 2211 2004">
    <p class='ocr_par' dir='ltr' id='par_1_21' title="bbox 645 1931 2211 2004">
     <span class='ocr_line' id='line_1_21' title="bbox 645 1931 2211 2004; baseline 0.003 -18"><span class='ocrx_word' id='word_1_123' title='bbox 645 1931 703 1986; x_wconf 89' lang='lat' dir='ltr'><strong>in</strong></span> <span class='ocrx_word' id='word_1_124' title='bbox 754 1939 997 2002; x_wconf 88' lang='lat' dir='ltr'><strong>tempore</strong></span> <span class='ocrx_word' id='word_1_125' title='bbox 1043 1932 1382 1999; x_wconf 88' lang='lat' dir='ltr'><strong>tentationis,</strong></span> <span class='ocrx_word' id='word_1_126' title='bbox 1436 1932 1493 1988; x_wconf 90' lang='lat' dir='ltr'><strong>in</strong></span> <span class='ocrx_word' id='word_1_127' title='bbox 1547 1934 1707 1988; x_wconf 90' lang='lat' dir='ltr'><strong>malis</strong></span> <span class='ocrx_word' id='word_1_128' title='bbox 1756 1949 1878 2004; x_wconf 85' lang='lat' dir='ltr'><strong>qua</strong></span> <span class='ocrx_word' id='word_1_129' title='bbox 1929 1935 2211 2000; x_wconf 89' lang='lat' dir='ltr'><strong>eveniunt,</strong></span> 
     </span>
    </p>
   </div>
   <div class='ocr_carea' id='block_1_22' title="bbox 642 2019 2214 2097">
    <p class='ocr_par' dir='ltr' id='par_1_22' title="bbox 642 2019 2214 2097">
     <span class='ocr_line' id='line_1_22' title="bbox 642 2019 2214 2097; baseline 0.004 -20"><span class='ocrx_word' id='word_1_130' title='bbox 642 2038 754 2078; x_wconf 92' lang='lat' dir='ltr'><strong>non</strong></span> <span class='ocrx_word' id='word_1_131' title='bbox 793 2023 1124 2095; x_wconf 80' lang='lat' dir='ltr'><strong>longanimis</strong></span> <span class='ocrx_word' id='word_1_132' title='bbox 1161 2039 1225 2081; x_wconf 85' lang='lat' dir='ltr'><strong>ac</strong></span> <span class='ocrx_word' id='word_1_133' title='bbox 1261 2025 1490 2096; x_wconf 82' lang='lat' dir='ltr'><strong>prolixa</strong></span> <span class='ocrx_word' id='word_1_134' title='bbox 1514 2025 1794 2097; x_wconf 89' lang='lat' dir='ltr'><strong>patientia</strong></span> <span class='ocrx_word' id='word_1_135' title='bbox 1831 2027 2082 2095; x_wconf 84' lang='lat' dir='ltr'><strong>exsistit;</strong></span> <span class='ocrx_word' id='word_1_136' title='bbox 2118 2019 2214 2084; x_wconf 81' lang='lat' dir='ltr'><strong>sed</strong></span> 
     </span>
    </p>
   </div>
   <div class='ocr_carea' id='block_1_23' title="bbox 644 2115 2104 2190">
    <p class='ocr_par' dir='ltr' id='par_1_23' title="bbox 644 2115 2104 2190">
     <span class='ocr_line' id='line_1_23' title="bbox 644 2115 2104 2190; baseline 0.002 -21"><span class='ocrx_word' id='word_1_137' title='bbox 644 2130 678 2170; x_wconf 89' lang='lat' dir='ltr'><strong>a</strong></span> <span class='ocrx_word' id='word_1_138' title='bbox 699 2115 929 2185; x_wconf 85' lang='lat' dir='ltr'><strong>spiritali</strong></span> <span class='ocrx_word' id='word_1_139' title='bbox 957 2116 1187 2172; x_wconf 84' lang='lat' dir='ltr'><strong>fratrum</strong></span> <span class='ocrx_word' id='word_1_140' title='bbox 1214 2117 1510 2174; x_wconf 89' lang='lat' dir='ltr'><strong>dilectione</strong></span> <span class='ocrx_word' id='word_1_141' title='bbox 1545 2119 1786 2190; x_wconf 91' lang='lat' dir='ltr'><strong>seipsum</strong></span> <span class='ocrx_word' id='word_1_142' title='bbox 1809 2118 2104 2173; x_wconf 86' lang='lat' dir='ltr'><strong>abscindit.</strong></span> 
     </span>
    </p>
   </div>
   <div class='ocr_carea' id='block_1_24' title="bbox 718 2208 2215 2275">
    <p class='ocr_par' dir='ltr' id='par_1_24' title="bbox 718 2208 2215 2275">
     <span class='ocr_line' id='line_1_24' title="bbox 718 2208 2215 2275; baseline 0.002 -13"><span class='ocrx_word' id='word_1_143' title='bbox 718 2208 806 2262; x_wconf 84' lang='grc'><strong>17.</strong></span> <span class='ocrx_word' id='word_1_144' title='bbox 850 2209 1057 2264; x_wconf 87' lang='lat' dir='ltr'><strong>Divina</strong></span> <span class='ocrx_word' id='word_1_145' title='bbox 1093 2209 1459 2266; x_wconf 88' lang='lat' dir='ltr'><strong>Providentia</strong></span> <span class='ocrx_word' id='word_1_146' title='bbox 1500 2208 1624 2264; x_wconf 83' lang='lat' dir='ltr'><strong>finis</strong></span> <span class='ocrx_word' id='word_1_147' title='bbox 1661 2218 1768 2275; x_wconf 88' lang='lat' dir='ltr'><strong>est,</strong></span> <span class='ocrx_word' id='word_1_148' title='bbox 1809 2219 1869 2264; x_wconf 90' lang='lat' dir='ltr'><strong>ut</strong></span> <span class='ocrx_word' id='word_1_149' title='bbox 1901 2226 1968 2265; x_wconf 76' lang='lat' dir='ltr'><strong>ex</strong></span> <span class='ocrx_word' id='word_1_150' title='bbox 2009 2209 2215 2265; x_wconf 90' lang='lat' dir='ltr'><strong>malitia</strong></span> 
     </span>
    </p>
   </div>
   <div class='ocr_carea' id='block_1_25' title="bbox 646 2299 2215 2374">
    <p class='ocr_par' dir='ltr' id='par_1_25' title="bbox 646 2299 2215 2374">
     <span class='ocr_line' id='line_1_25' title="bbox 646 2299 2215 2374; baseline 0.003 -21"><span class='ocrx_word' id='word_1_151' title='bbox 646 2307 811 2370; x_wconf 87' lang='lat' dir='ltr'><strong>atque</strong></span> <span class='ocrx_word' id='word_1_152' title='bbox 833 2299 968 2355; x_wconf 91' lang='lat' dir='ltr'><strong>vitio</strong></span> <span class='ocrx_word' id='word_1_153' title='bbox 991 2300 1045 2355; x_wconf 92' lang='lat' dir='ltr'><strong>in</strong></span> <span class='ocrx_word' id='word_1_154' title='bbox 1068 2300 1222 2355; x_wconf 87' lang='lat' dir='ltr'><strong>varia</strong></span> <span class='ocrx_word' id='word_1_155' title='bbox 1244 2301 1465 2365; x_wconf 87' lang='lat' dir='ltr'><strong>scissos,</strong></span> <span class='ocrx_word' id='word_1_156' title='bbox 1486 2317 1585 2372; x_wconf 90' lang='lat' dir='ltr'><strong>per</strong></span> <span class='ocrx_word' id='word_1_157' title='bbox 1607 2312 1812 2357; x_wconf 89' lang='lat' dir='ltr'><strong>rectam</strong></span> <span class='ocrx_word' id='word_1_158' title='bbox 1837 2303 1996 2358; x_wconf 86' lang='lat' dir='ltr'><strong>ﬁdem</strong></span> <span class='ocrx_word' id='word_1_159' title='bbox 2027 2320 2090 2358; x_wconf 91' lang='lat' dir='ltr'><strong>ac</strong></span> <span class='ocrx_word' id='word_1_160' title='bbox 2107 2304 2215 2374; x_wconf 90' lang='lat' dir='ltr'><strong>spi-</strong></span> 
     </span>
    </p>
   </div>
   <div class='ocr_carea' id='block_1_26' title="bbox 645 2390 2210 2468">
    <p class='ocr_par' dir='ltr' id='par_1_26' title="bbox 645 2390 2210 2468">
     <span class='ocr_line' id='line_1_26' title="bbox 645 2390 2210 2468; baseline 0.005 -25"><span class='ocrx_word' id='word_1_161' title='bbox 645 2390 862 2445; x_wconf 87' lang='lat' dir='ltr'><strong>ritalem</strong></span> <span class='ocrx_word' id='word_1_162' title='bbox 907 2390 1263 2447; x_wconf 84' lang='lat' dir='ltr'><strong>dilectionem</strong></span> <span class='ocrx_word' id='word_1_163' title='bbox 1321 2394 1550 2448; x_wconf 86' lang='lat' dir='ltr'><strong>unitatis</strong></span> <span class='ocrx_word' id='word_1_164' title='bbox 1594 2394 1817 2448; x_wconf 89' lang='lat' dir='ltr'><strong>vinculo</strong></span> <span class='ocrx_word' id='word_1_165' title='bbox 1852 2397 2210 2468; x_wconf 83' lang='lat' dir='ltr'><strong>constringat.</strong></span> 
     </span>
    </p>
   </div>
   <div class='ocr_carea' id='block_1_27' title="bbox 644 2481 2216 2544">
    <p class='ocr_par' dir='ltr' id='par_1_27' title="bbox 644 2481 2216 2544">
     <span class='ocr_line' id='line_1_27' title="bbox 644 2481 2216 2544; baseline 0.004 -7"><span class='ocrx_word' id='word_1_166' title='bbox 644 2481 770 2538; x_wconf 84' lang='lat' dir='ltr'><strong>Hac</strong></span> <span class='ocrx_word' id='word_1_167' title='bbox 789 2482 934 2537; x_wconf 90' lang='lat' dir='ltr'><strong>enim</strong></span> <span class='ocrx_word' id='word_1_168' title='bbox 958 2499 1120 2538; x_wconf 83' lang='lat' dir='ltr'><strong>causa</strong></span> <span class='ocrx_word' id='word_1_169' title='bbox 1156 2493 1242 2538; x_wconf 91' lang='lat' dir='ltr'><strong>est</strong></span> <span class='ocrx_word' id='word_1_170' title='bbox 1277 2499 1377 2540; x_wconf 87' lang='lat' dir='ltr'><strong>cur</strong></span> <span class='ocrx_word' id='word_1_171' title='bbox 1407 2484 1657 2540; x_wconf 89' lang='lat' dir='ltr'><strong>Salvator</strong></span> <span class='ocrx_word' id='word_1_172' title='bbox 1686 2494 1861 2541; x_wconf 89' lang='lat' dir='ltr'><strong>morte</strong></span> <span class='ocrx_word' id='word_1_173' title='bbox 1894 2487 2112 2543; x_wconf 88' lang='lat' dir='ltr'><strong>functus</strong></span> <span class='ocrx_word' id='word_1_174' title='bbox 2144 2489 2216 2544; x_wconf 91' lang='lat' dir='ltr'><strong>sit</strong></span> 
     </span>
    </p>
   </div>
   <div class='ocr_carea' id='block_1_28' title="bbox 644 2574 2213 2652">
    <p class='ocr_par' dir='ltr' id='par_1_28' title="bbox 644 2574 2213 2652">
     <span class='ocr_line' id='line_1_28' title="bbox 644 2574 2213 2652; baseline 0.005 -25"><span class='ocrx_word' id='word_1_175' title='bbox 644 2588 709 2628; x_wconf 90' lang='lat' dir='ltr'><strong>ac</strong></span> <span class='ocrx_word' id='word_1_176' title='bbox 732 2589 922 2642; x_wconf 90' lang='lat' dir='ltr'><strong>passus</strong></span> <span class='ocrx_word' id='word_1_177' title='bbox 953 2591 968 2629; x_wconf 89' lang='lat'><strong>:</strong></span> <span class='ocrx_word' id='word_1_178' title='bbox 1005 2574 1070 2630; x_wconf 86' lang='lat' dir='ltr'><strong>Ut</strong></span> <span class='ocrx_word' id='word_1_179' title='bbox 1091 2574 1187 2630; x_wconf 86' lang='lat' dir='ltr'><strong>Dei</strong></span> <span class='ocrx_word' id='word_1_180' title='bbox 1211 2575 1371 2645; x_wconf 75' lang='lat' dir='ltr'><strong>ﬁlios,</strong></span> <span class='ocrx_word' id='word_1_181' title='bbox 1406 2578 1496 2648; x_wconf 84' lang='lat' dir='ltr'><strong>qui</strong></span> <span class='ocrx_word' id='word_1_182' title='bbox 1529 2577 1750 2649; x_wconf 75' lang='lat' dir='ltr'><strong>dispersi</strong></span> <span class='ocrx_word' id='word_1_183' title='bbox 1783 2587 1956 2644; x_wconf 85' lang='lat' dir='ltr'><strong>erant,</strong></span> <span class='ocrx_word' id='word_1_184' title='bbox 1992 2597 2213 2652; x_wconf 83' lang='lat' dir='ltr'><strong>congre-</strong></span> 
     </span>
    </p>
   </div>
   <div class='ocr_carea' id='block_1_29' title="bbox 643 2667 2216 2740">
    <p class='ocr_par' dir='ltr' id='par_1_29' title="bbox 643 2667 2216 2740">
     <span class='ocr_line' id='line_1_29' title="bbox 643 2667 2216 2740; baseline 0.007 -23"><span class='ocrx_word' id='word_1_185' title='bbox 643 2675 794 2735; x_wconf 71' lang='grc' dir='ltr'><strong>ραι-ει</strong></span> <span class='ocrx_word' id='word_1_186' title='bbox 815 2667 870 2719; x_wconf 84' lang='lat' dir='ltr'><strong>in</strong></span> <span class='ocrx_word' id='word_1_187' title='bbox 899 2683 1064 2722; x_wconf 84' lang='lat' dir='ltr'><strong>unum</strong></span> <span class='ocrx_word' id='word_1_188' title='bbox 1090 2668 1130 2723; x_wconf 86' lang='grc'><strong>³.</strong></span> <span class='ocrx_word' id='word_1_189' title='bbox 1162 2667 1267 2735; x_wconf 84' lang='lat' dir='ltr'><strong>Qui</strong></span> <span class='ocrx_word' id='word_1_190' title='bbox 1292 2684 1423 2740; x_wconf 84' lang='lat' dir='ltr'><strong>ergo</strong></span> <span class='ocrx_word' id='word_1_191' title='bbox 1456 2671 1686 2726; x_wconf 86' lang='lat' dir='ltr'><strong>molesta</strong></span> <span class='ocrx_word' id='word_1_192' title='bbox 1707 2686 1819 2725; x_wconf 90' lang='lat' dir='ltr'><strong>non</strong></span> <span class='ocrx_word' id='word_1_193' title='bbox 1852 2672 2086 2727; x_wconf 88' lang='lat' dir='ltr'><strong>sustinet</strong></span> <span class='ocrx_word' id='word_1_194' title='bbox 2110 2689 2216 2728; x_wconf 90' lang='lat' dir='ltr'><strong>nec</strong></span> 
     </span>
    </p>
   </div>
   <div class='ocr_carea' id='block_1_30' title="bbox 644 2755 2212 2834">
    <p class='ocr_par' dir='ltr' id='par_1_30' title="bbox 644 2755 2212 2834">
     <span class='ocr_line' id='line_1_30' title="bbox 644 2755 2212 2834; baseline 0.006 -24"><span class='ocrx_word' id='word_1_195' title='bbox 644 2755 842 2812; x_wconf 90' lang='lat' dir='ltr'><strong>tolerat</strong></span> <span class='ocrx_word' id='word_1_196' title='bbox 867 2757 1064 2824; x_wconf 88' lang='lat' dir='ltr'><strong>tristia,</strong></span> <span class='ocrx_word' id='word_1_197' title='bbox 1101 2774 1204 2814; x_wconf 90' lang='lat' dir='ltr'><strong>nec</strong></span> <span class='ocrx_word' id='word_1_198' title='bbox 1244 2759 1299 2814; x_wconf 94' lang='lat' dir='ltr'><strong>in</strong></span> <span class='ocrx_word' id='word_1_199' title='bbox 1334 2760 1402 2816; x_wconf 93' lang='lat' dir='ltr'><strong>iis</strong></span> <span class='ocrx_word' id='word_1_200' title='bbox 1447 2777 1569 2830; x_wconf 88' lang='lat' dir='ltr'><strong>qua</strong></span> <span class='ocrx_word' id='word_1_201' title='bbox 1595 2762 1840 2817; x_wconf 87' lang='lat' dir='ltr'><strong>laborem</strong></span> <span class='ocrx_word' id='word_1_202' title='bbox 1877 2762 2079 2819; x_wconf 85' lang='lat' dir='ltr'><strong>habent</strong></span> <span class='ocrx_word' id='word_1_203' title='bbox 2114 2780 2212 2834; x_wconf 88' lang='lat' dir='ltr'><strong>pa-</strong></span> 
     </span>
    </p>
   </div>
   <div class='ocr_carea' id='block_1_31' title="bbox 643 2847 2214 2916">
    <p class='ocr_par' dir='ltr' id='par_1_31' title="bbox 643 2847 2214 2916">
     <span class='ocr_line' id='line_1_31' title="bbox 643 2847 2214 2916; baseline 0.008 -16"><span class='ocrx_word' id='word_1_204' title='bbox 643 2847 893 2903; x_wconf 86' lang='lat' dir='ltr'><strong>tientiam</strong></span> <span class='ocrx_word' id='word_1_205' title='bbox 927 2861 1132 2916; x_wconf 89' lang='lat' dir='ltr'><strong>servat,</strong></span> <span class='ocrx_word' id='word_1_206' title='bbox 1165 2862 1319 2907; x_wconf 81' lang='lat' dir='ltr'><strong>extra</strong></span> <span class='ocrx_word' id='word_1_207' title='bbox 1355 2852 1596 2908; x_wconf 90' lang='lat' dir='ltr'><strong>divinam</strong></span> <span class='ocrx_word' id='word_1_208' title='bbox 1633 2853 1954 2910; x_wconf 88' lang='lat' dir='ltr'><strong>charitatem</strong></span> <span class='ocrx_word' id='word_1_209' title='bbox 1993 2871 2058 2912; x_wconf 93' lang='lat' dir='ltr'><strong>ac</strong></span> <span class='ocrx_word' id='word_1_210' title='bbox 2082 2857 2214 2912; x_wconf 86' lang='lat' dir='ltr'><strong>Pro-</strong></span> 
     </span>
    </p>
   </div>
   <div class='ocr_carea' id='block_1_32' title="bbox 642 2937 1381 2999">
    <p class='ocr_par' dir='ltr' id='par_1_32' title="bbox 642 2937 1381 2999">
     <span class='ocr_line' id='line_1_32' title="bbox 642 2937 1381 2999; baseline 0.008 -6"><span class='ocrx_word' id='word_1_211' title='bbox 642 2937 900 2998; x_wconf 81' lang='lat' dir='ltr'><strong>videntia</strong></span> <span class='ocrx_word' id='word_1_212' title='bbox 925 2939 1088 2997; x_wconf 83' lang='lat' dir='ltr'><strong>tinem</strong></span> <span class='ocrx_word' id='word_1_213' title='bbox 1116 2943 1381 2999; x_wconf 91' lang='lat' dir='ltr'><strong>ambulat.</strong></span> 
     </span>
    </p>
   </div>
   <div class='ocr_carea' id='block_1_33' title="bbox 715 3031 2213 3113">
    <p class='ocr_par' dir='ltr' id='par_1_33' title="bbox 715 3031 2213 3113">
     <span class='ocr_line' id='line_1_33' title="bbox 715 3031 2213 3113; baseline 0.007 -27"><span class='ocrx_word' id='word_1_214' title='bbox 715 3031 802 3087; x_wconf 82' lang='grc'><strong>18.</strong></span> <span class='ocrx_word' id='word_1_215' title='bbox 827 3033 964 3088; x_wconf 89' lang='lat' dir='ltr'><strong>Cum</strong></span> <span class='ocrx_word' id='word_1_216' title='bbox 991 3035 1223 3090; x_wconf 75' lang='lat' dir='ltr'><strong>Charitas</strong></span> <span class='ocrx_word' id='word_1_217' title='bbox 1256 3036 1594 3108; x_wconf 78' lang='lat' dir='ltr'><strong>longanimis,</strong></span> <span class='ocrx_word' id='word_1_218' title='bbox 1628 3039 1954 3113; x_wconf 78' lang='lat' dir='ltr'><strong>benignaque</strong></span> <span class='ocrx_word' id='word_1_219' title='bbox 1993 3059 2059 3096; x_wconf 83' lang='lat' dir='ltr'><strong>ac</strong></span> <span class='ocrx_word' id='word_1_220' title='bbox 2086 3059 2213 3105; x_wconf 67' lang='lat' dir='ltr'><strong>sua,-</strong></span> 
     </span>
    </p>
   </div>
   <div class='ocr_carea' id='block_1_34' title="bbox 2310 559 3839 632">
    <p class='ocr_par' dir='ltr' id='par_1_34' title="bbox 2310 559 3839 632">
     <span class='ocr_line' id='line_1_34' title="bbox 2310 559 3839 632; baseline 0.003 -19"><span class='ocrx_word' id='word_1_221' title='bbox 2310 559 2502 630; x_wconf 86' lang='grc' dir='ltr'><strong>νοεράν</strong></span> <span class='ocrx_word' id='word_1_222' title='bbox 2543 561 2771 627; x_wconf 85' lang='grc' dir='ltr'><strong>οὐσίαν,</strong></span> <span class='ocrx_word' id='word_1_223' title='bbox 2832 560 2892 615; x_wconf 83' lang='grc' dir='ltr'><strong>ὲν</strong></span> <span class='ocrx_word' id='word_1_224' title='bbox 2933 563 3001 632; x_wconf 84' lang='grc' dir='ltr'><strong>τῇ</strong></span> <span class='ocrx_word' id='word_1_225' title='bbox 3050 559 3304 632; x_wconf 83' lang='grc' dir='ltr'><strong>βουλήσει</strong></span> <span class='ocrx_word' id='word_1_226' title='bbox 3331 561 3452 614; x_wconf 69' lang='grc' dir='ltr'><strong>ἐστὶ</strong></span> <span class='ocrx_word' id='word_1_227' title='bbox 3493 560 3585 614; x_wconf 86' lang='grc' dir='ltr'><strong>τοῦ</strong></span> <span class='ocrx_word' id='word_1_228' title='bbox 3610 561 3839 622; x_wconf 50' lang='lat' dir='ltr'><strong>eam</strong></span> 
     </span>
    </p>
   </div>
   <div class='ocr_carea' id='block_1_35' title="bbox 2310 651 3842 726">
    <p class='ocr_par' dir='ltr' id='par_1_35' title="bbox 2310 651 3842 726">
     <span class='ocr_line' id='line_1_35' title="bbox 2310 651 3842 726; baseline 0.006 -22"><span class='ocrx_word' id='word_1_229' title='bbox 2310 651 2448 704; x_wconf 88' lang='grc' dir='ltr'><strong>καλά</strong></span> <span class='ocrx_word' id='word_1_230' title='bbox 2472 651 2988 726; x_wconf 79' lang='grc' dir='ltr'><strong>δημιουργήσαντος·</strong></span> <span class='ocrx_word' id='word_1_231' title='bbox 3021 652 3085 706; x_wconf 83' lang='grc' dir='ltr'><strong>τδ</strong></span> <span class='ocrx_word' id='word_1_232' title='bbox 3107 653 3166 707; x_wconf 81' lang='grc' dir='ltr'><strong>δὲ</strong></span> <span class='ocrx_word' id='word_1_233' title='bbox 3191 651 3370 721; x_wconf 86' lang='grc' dir='ltr'><strong>ἀγαθά</strong></span> <span class='ocrx_word' id='word_1_234' title='bbox 3393 651 3562 707; x_wconf 85' lang='grc' dir='ltr'><strong>ταῦτα</strong></span> <span class='ocrx_word' id='word_1_235' title='bbox 3583 651 3705 708; x_wconf 73' lang='grc' dir='ltr'><strong>εἶναι</strong></span> <span class='ocrx_word' id='word_1_236' title='bbox 3729 661 3842 714; x_wconf 77' lang='grc' dir='ltr'><strong>κατὰ</strong></span> 
     </span>
    </p>
   </div>
   <div class='ocr_carea' id='block_1_36' title="bbox 2266 744 3842 820">
    <p class='ocr_par' dir='ltr' id='par_1_36' title="bbox 2266 744 3842 820">
     <span class='ocr_line' id='line_1_36' title="bbox 2266 744 3842 820; baseline 0.004 -23"><span class='ocrx_word' id='word_1_237' title='bbox 2266 805 2276 814; x_wconf 49' lang='grc'><em>,</em></span> <span class='ocrx_word' id='word_1_238' title='bbox 2311 744 2630 816; x_wconf 85' lang='grc' dir='ltr'><strong>προαίρεσιν</strong></span> <span class='ocrx_word' id='word_1_239' title='bbox 2657 746 2691 817; x_wconf 80' lang='grc' dir='ltr'><strong>ἥ</strong></span> <span class='ocrx_word' id='word_1_240' title='bbox 2723 747 2922 817; x_wconf 85' lang='grc' dir='ltr'><strong>φαῦλα,</strong></span> <span class='ocrx_word' id='word_1_241' title='bbox 2974 748 3035 802; x_wconf 84' lang='grc' dir='ltr'><strong>ὲν</strong></span> <span class='ocrx_word' id='word_1_242' title='bbox 3056 746 3137 819; x_wconf 81' lang='grc' dir='ltr'><strong>τῷ</strong></span> <span class='ocrx_word' id='word_1_243' title='bbox 3157 746 3426 820; x_wconf 78' lang='grc' dir='ltr'><strong>θελήματι</strong></span> <span class='ocrx_word' id='word_1_244' title='bbox 3449 745 3556 800; x_wconf 84' lang='grc' dir='ltr'><strong>τῶν</strong></span> <span class='ocrx_word' id='word_1_245' title='bbox 3587 749 3842 816; x_wconf 69' lang='grc' dir='ltr'><strong>γεγονότοιν</strong></span> 
     </span>
    </p>
   </div>
   <div class='ocr_carea' id='block_1_37' title="bbox 2312 836 2569 907">
    <p class='ocr_par' dir='ltr' id='par_1_37' title="bbox 2312 836 2569 907">
     <span class='ocr_line' id='line_1_37' title="bbox 2312 836 2569 907; baseline -0.004 -17"><span class='ocrx_word' id='word_1_246' title='bbox 2312 836 2569 907; x_wconf 82' lang='grc' dir='ltr'><strong>ὑπάρχει.</strong></span> 
     </span>
    </p>
   </div>
   <div class='ocr_carea' id='block_1_38' title="bbox 2383 928 3842 1000">
    <p class='ocr_par' dir='ltr' id='par_1_38' title="bbox 2383 928 3842 1000">
     <span class='ocr_line' id='line_1_38' title="bbox 2383 928 3842 1000; baseline 0.001 -18"><span class='ocrx_word' id='word_1_247' title='bbox 2383 929 2462 984; x_wconf 86' lang='grc' dir='ltr'><strong>ιδ’.</strong></span> <span class='ocrx_word' id='word_1_248' title='bbox 2521 929 2596 983; x_wconf 81' lang='grc' dir='ltr'><strong>Οὐ</strong></span> <span class='ocrx_word' id='word_1_249' title='bbox 2630 928 2762 1000; x_wconf 71' lang='grc' dir='ltr'><strong>περὶ</strong></span> <span class='ocrx_word' id='word_1_250' title='bbox 2788 929 2889 1000; x_wconf 80' lang='grc' dir='ltr'><strong>τὴν</strong></span> <span class='ocrx_word' id='word_1_251' title='bbox 2917 929 3108 984; x_wconf 79' lang='grc' dir='ltr'>οὐσίαν</span> <span class='ocrx_word' id='word_1_252' title='bbox 3136 928 3246 983; x_wconf 84' lang='grc' dir='ltr'><strong>τῶν</strong></span> <span class='ocrx_word' id='word_1_253' title='bbox 3271 944 3594 998; x_wconf 88' lang='grc' dir='ltr'><strong>γεγονοτων,</strong></span> <span class='ocrx_word' id='word_1_254' title='bbox 3623 930 3679 982; x_wconf 80' lang='grc' dir='ltr'><strong>τὸ</strong></span> <span class='ocrx_word' id='word_1_255' title='bbox 3705 931 3842 986; x_wconf 68' lang='grc' dir='ltr'><strong>κακδν</strong></span> 
     </span>
    </p>
   </div>
   <div class='ocr_carea' id='block_1_39' title="bbox 2312 1018 3842 1092">
    <p class='ocr_par' dir='ltr' id='par_1_39' title="bbox 2312 1018 3842 1092">
     <span class='ocr_line' id='line_1_39' title="bbox 2312 1018 3842 1092; baseline 0.002 -19"><span class='ocrx_word' id='word_1_256' title='bbox 2312 1018 2600 1090; x_wconf 80' lang='grc' dir='ltr'>θεωρεῖται</span> <span class='ocrx_word' id='word_1_257' title='bbox 2626 1038 2640 1052; x_wconf 72' lang='grc' dir='ltr'><strong>ο</strong></span> <span class='ocrx_word' id='word_1_258' title='bbox 2675 1021 2811 1075; x_wconf 89' lang='grc' dir='ltr'><strong>ἀλλά</strong></span> <span class='ocrx_word' id='word_1_259' title='bbox 2838 1021 2969 1075; x_wconf 72' lang='grc' dir='ltr'><strong>πεοὶ</strong></span> <span class='ocrx_word' id='word_1_260' title='bbox 2993 1020 3094 1092; x_wconf 79' lang='grc' dir='ltr'><strong>τὴν</strong></span> <span class='ocrx_word' id='word_1_261' title='bbox 3118 1019 3465 1092; x_wconf 79' lang='grc' dir='ltr'><strong>ὲσφαλμένην</strong></span> <span class='ocrx_word' id='word_1_262' title='bbox 3494 1021 3586 1074; x_wconf 73' lang='grc' dir='ltr'><strong>καί</strong></span> <span class='ocrx_word' id='word_1_263' title='bbox 3606 1021 3842 1090; x_wconf 82' lang='grc' dir='ltr'><strong>ἀλόγιστον</strong></span> 
     </span>
    </p>
   </div>
   <div class='ocr_carea' id='block_1_40' title="bbox 2312 1111 2548 1184">
    <p class='ocr_par' dir='ltr' id='par_1_40' title="bbox 2312 1111 2548 1184">
     <span class='ocr_line' id='line_1_40' title="bbox 2312 1111 2548 1184; baseline 0 -18"><span class='ocrx_word' id='word_1_264' title='bbox 2312 1111 2548 1184; x_wconf 86' lang='grc' dir='ltr'><strong>κίνησιν.</strong></span> 
     </span>
    </p>
   </div>
   <div class='ocr_carea' id='block_1_41' title="bbox 2385 1205 3840 1280">
    <p class='ocr_par' dir='ltr' id='par_1_41' title="bbox 2385 1205 3840 1280">
     <span class='ocr_line' id='line_1_41' title="bbox 2385 1205 3840 1280; baseline 0.001 -21"><span class='ocrx_word' id='word_1_265' title='bbox 2385 1211 2466 1260; x_wconf 85' lang='grc' dir='ltr'><strong>ιε’.</strong></span> <span class='ocrx_word' id='word_1_266' title='bbox 2527 1205 2781 1276; x_wconf 81' lang='grc' dir='ltr'><strong>Εύλόγως</strong></span> <span class='ocrx_word' id='word_1_267' title='bbox 2811 1210 3041 1263; x_wconf 82' lang='grc' dir='ltr'><strong>κινεῖται</strong></span> <span class='ocrx_word' id='word_1_268' title='bbox 3071 1208 3106 1280; x_wconf 78' lang='grc' dir='ltr'><strong>ἡ</strong></span> <span class='ocrx_word' id='word_1_269' title='bbox 3136 1205 3321 1279; x_wconf 77' lang='grc' dir='ltr'><strong>ψυχὴ,</strong></span> <span class='ocrx_word' id='word_1_270' title='bbox 3379 1206 3510 1260; x_wconf 82' lang='grc' dir='ltr'><strong>ὅταν</strong></span> <span class='ocrx_word' id='word_1_271' title='bbox 3545 1205 3604 1260; x_wconf 75' lang='grc' dir='ltr'><strong>τὸ</strong></span> <span class='ocrx_word' id='word_1_272' title='bbox 3629 1206 3721 1276; x_wconf 75' lang='grc' dir='ltr'><strong>μὲν</strong></span> <span class='ocrx_word' id='word_1_273' title='bbox 3743 1208 3840 1260; x_wconf 72' lang='grc' dir='ltr'><strong>ἑπι-</strong></span> 
     </span>
    </p>
   </div>
   <div class='ocr_carea' id='block_1_42' title="bbox 2313 1295 3842 1372">
    <p class='ocr_par' dir='ltr' id='par_1_42' title="bbox 2313 1295 3842 1372">
     <span class='ocr_line' id='line_1_42' title="bbox 2313 1295 3842 1372; baseline 0.002 -23"><span class='ocrx_word' id='word_1_274' title='bbox 2313 1295 2614 1368; x_wconf 77' lang='grc' dir='ltr'><strong>θυμητικδν</strong></span> <span class='ocrx_word' id='word_1_275' title='bbox 2641 1299 2812 1369; x_wconf 81' lang='grc' dir='ltr'><strong>αὐτῆς</strong></span> <span class='ocrx_word' id='word_1_276' title='bbox 2843 1301 2909 1370; x_wconf 82' lang='grc' dir='ltr'><strong>τῇ</strong></span> <span class='ocrx_word' id='word_1_277' title='bbox 2941 1298 3240 1372; x_wconf 77' lang='grc' dir='ltr'>ἐγκρατείᾳ</span> <span class='ocrx_word' id='word_1_278' title='bbox 3262 1299 3592 1352; x_wconf 76' lang='grc' dir='ltr'><strong>πεποίωταιο</strong></span> <span class='ocrx_word' id='word_1_279' title='bbox 3620 1297 3676 1352; x_wconf 77' lang='grc' dir='ltr'><strong>τὸ</strong></span> <span class='ocrx_word' id='word_1_280' title='bbox 3699 1299 3750 1352; x_wconf 77' lang='grc' dir='ltr'><strong>δὲ</strong></span> <span class='ocrx_word' id='word_1_281' title='bbox 3770 1299 3842 1352; x_wconf 77' lang='lat' dir='ltr'><strong>Ou-</strong></span> 
     </span>
    </p>
   </div>
   <div class='ocr_carea' id='block_1_43' title="bbox 2317 1383 3842 1462">
    <p class='ocr_par' dir='ltr' id='par_1_43' title="bbox 2317 1383 3842 1462">
     <span class='ocr_line' id='line_1_43' title="bbox 2317 1383 3842 1462; baseline 0.003 -23"><span class='ocrx_word' id='word_1_282' title='bbox 2317 1386 2496 1458; x_wconf 80' lang='grc' dir='ltr'><strong>μικδν,</strong></span> <span class='ocrx_word' id='word_1_283' title='bbox 2549 1387 2652 1458; x_wconf 89' lang='grc' dir='ltr'><strong>τῆς</strong></span> <span class='ocrx_word' id='word_1_284' title='bbox 2671 1389 2892 1457; x_wconf 82' lang='grc' dir='ltr'><strong>ἀγάπης</strong></span> <span class='ocrx_word' id='word_1_285' title='bbox 2918 1390 3226 1461; x_wconf 77' lang='grc' dir='ltr'><strong>ἀντέχεται,</strong></span> <span class='ocrx_word' id='word_1_286' title='bbox 3271 1383 3332 1444; x_wconf 80' lang='grc' dir='ltr'><strong>τδ</strong></span> <span class='ocrx_word' id='word_1_287' title='bbox 3357 1393 3518 1462; x_wconf 84' lang='grc' dir='ltr'><strong>μῖσος</strong></span> <span class='ocrx_word' id='word_1_288' title='bbox 3545 1391 3842 1462; x_wconf 76' lang='grc' dir='ltr'><strong>ἀποστρεφό-</strong></span> 
     </span>
    </p>
   </div>
   <div class='ocr_carea' id='block_1_44' title="bbox 2317 1479 3848 1552">
    <p class='ocr_par' dir='ltr' id='par_1_44' title="bbox 2317 1479 3848 1552">
     <span class='ocr_line' id='line_1_44' title="bbox 2317 1479 3848 1552; baseline 0.003 -20"><span class='ocrx_word' id='word_1_289' title='bbox 2317 1495 2477 1549; x_wconf 85' lang='grc' dir='ltr'>μενον</span> <span class='ocrx_word' id='word_1_290' title='bbox 2498 1494 2514 1509; x_wconf 81' lang='grc'>⁶</span> <span class='ocrx_word' id='word_1_291' title='bbox 2565 1480 2627 1533; x_wconf 79' lang='grc' dir='ltr'><strong>τὸ</strong></span> <span class='ocrx_word' id='word_1_292' title='bbox 2651 1479 2708 1533; x_wconf 79' lang='grc' dir='ltr'><strong>δὲ</strong></span> <span class='ocrx_word' id='word_1_293' title='bbox 2735 1480 3042 1550; x_wconf 82' lang='grc' dir='ltr'><strong>λογιστικὸν</strong></span> <span class='ocrx_word' id='word_1_294' title='bbox 3060 1521 3076 1546; x_wconf 94' lang='grc'><strong>,</strong></span> <span class='ocrx_word' id='word_1_295' title='bbox 3123 1481 3262 1552; x_wconf 80' lang='grc' dir='ltr'><strong>πρὸς</strong></span> <span class='ocrx_word' id='word_1_296' title='bbox 3287 1482 3381 1534; x_wconf 80' lang='grc' dir='ltr'><strong>τὸν</strong></span> <span class='ocrx_word' id='word_1_297' title='bbox 3406 1479 3541 1533; x_wconf 84' lang='grc' dir='ltr'><strong>Θεὸν</strong></span> <span class='ocrx_word' id='word_1_298' title='bbox 3570 1479 3748 1549; x_wconf 78' lang='grc' dir='ltr'><strong>διάγει,</strong></span> <span class='ocrx_word' id='word_1_299' title='bbox 3776 1483 3848 1536; x_wconf 67' lang='grc' dir='ltr'><strong>διὰ</strong></span> 
     </span>
    </p>
   </div>
   <div class='ocr_carea' id='block_1_45' title="bbox 2314 1573 3440 1646">
    <p class='ocr_par' dir='ltr' id='par_1_45' title="bbox 2314 1573 3440 1646">
     <span class='ocr_line' id='line_1_45' title="bbox 2314 1573 3440 1646; baseline 0.004 -21"><span class='ocrx_word' id='word_1_300' title='bbox 2314 1573 2622 1644; x_wconf 81' lang='grc' dir='ltr'><strong>προσευχῆς</strong></span> <span class='ocrx_word' id='word_1_301' title='bbox 2655 1573 2751 1627; x_wconf 73' lang='grc' dir='ltr'><strong>καὶ</strong></span> <span class='ocrx_word' id='word_1_302' title='bbox 2777 1573 3012 1646; x_wconf 81' lang='grc' dir='ltr'>θεωρίας</span> <span class='ocrx_word' id='word_1_303' title='bbox 3038 1575 3440 1646; x_wconf 82' lang='grc' dir='ltr'><strong>πνευματικῆς.</strong></span> 
     </span>
    </p>
   </div>
   <div class='ocr_carea' id='block_1_46' title="bbox 2389 1747 3846 1819">
    <p class='ocr_par' dir='ltr' id='par_1_46' title="bbox 2389 1747 3846 1819">
     <span class='ocr_line' id='line_1_46' title="bbox 2389 1747 3846 1819; baseline 0.001 -19"><span class='ocrx_word' id='word_1_304' title='bbox 2389 1753 2483 1812; x_wconf 79' lang='grc' dir='ltr'><strong>ις’.</strong></span> <span class='ocrx_word' id='word_1_305' title='bbox 2543 1747 2708 1801; x_wconf 77' lang='grc' dir='ltr'><strong>Οὔπω</strong></span> <span class='ocrx_word' id='word_1_306' title='bbox 2749 1747 2864 1818; x_wconf 74' lang='grc' dir='ltr'><strong>ἔχει</strong></span> <span class='ocrx_word' id='word_1_307' title='bbox 2905 1748 3115 1802; x_wconf 90' lang='grc' dir='ltr'><strong>τελείαν</strong></span> <span class='ocrx_word' id='word_1_308' title='bbox 3142 1748 3364 1819; x_wconf 77' lang='grc' dir='ltr'><strong>ἀγάπην</strong></span> <span class='ocrx_word' id='word_1_309' title='bbox 3389 1787 3404 1810; x_wconf 93' lang='grc'><strong>,</strong></span> <span class='ocrx_word' id='word_1_310' title='bbox 3459 1748 3579 1802; x_wconf 77' lang='grc' dir='ltr'><strong>οὐδὲ</strong></span> <span class='ocrx_word' id='word_1_311' title='bbox 3608 1748 3699 1818; x_wconf 88' lang='grc' dir='ltr'><strong>τῆς</strong></span> <span class='ocrx_word' id='word_1_312' title='bbox 3725 1748 3846 1814; x_wconf 86' lang='grc' dir='ltr'>θείας</span> 
     </span>
    </p>
   </div>
   <div class='ocr_carea' id='block_1_47' title="bbox 2318 1835 3846 1912">
    <p class='ocr_par' dir='ltr' id='par_1_47' title="bbox 2318 1835 3846 1912">
     <span class='ocr_line' id='line_1_47' title="bbox 2318 1835 3846 1912; baseline 0 -20"><span class='ocrx_word' id='word_1_313' title='bbox 2318 1835 2580 1912; x_wconf 77' lang='grc' dir='ltr'>Προνοίας</span> <span class='ocrx_word' id='word_1_314' title='bbox 2625 1840 2765 1894; x_wconf 84' lang='grc' dir='ltr'><strong>κατά</strong></span> <span class='ocrx_word' id='word_1_315' title='bbox 2809 1839 2970 1909; x_wconf 80' lang='grc' dir='ltr'>βάθος</span> <span class='ocrx_word' id='word_1_316' title='bbox 3001 1840 3100 1911; x_wconf 82' lang='grc' dir='ltr'><strong>τὴν</strong></span> <span class='ocrx_word' id='word_1_317' title='bbox 3127 1840 3328 1908; x_wconf 85' lang='grc' dir='ltr'><strong>γνῶσιν</strong></span> <span class='ocrx_word' id='word_1_318' title='bbox 3351 1879 3367 1901; x_wconf 93' lang='grc'><strong>,</strong></span> <span class='ocrx_word' id='word_1_319' title='bbox 3422 1841 3451 1892; x_wconf 88' lang='grc' dir='ltr'><strong>ὁ</strong></span> <span class='ocrx_word' id='word_1_320' title='bbox 3491 1841 3548 1892; x_wconf 84' lang='grc' dir='ltr'><strong>ὲν</strong></span> <span class='ocrx_word' id='word_1_321' title='bbox 3573 1838 3732 1909; x_wconf 82' lang='grc' dir='ltr'><strong>καιρῷ</strong></span> <span class='ocrx_word' id='word_1_322' title='bbox 3752 1857 3846 1892; x_wconf 86' lang='grc' dir='ltr'><strong>πει-</strong></span> 
     </span>
    </p>
   </div>
   <div class='ocr_carea' id='block_1_48' title="bbox 2316 1930 3844 2003">
    <p class='ocr_par' dir='ltr' id='par_1_48' title="bbox 2316 1930 3844 2003">
     <span class='ocr_line' id='line_1_48' title="bbox 2316 1930 3844 2003; baseline -0.001 -17"><span class='ocrx_word' id='word_1_323' title='bbox 2316 1931 2527 2003; x_wconf 88' lang='grc' dir='ltr'><strong>ρασμοῦ</strong></span> <span class='ocrx_word' id='word_1_324' title='bbox 2564 1931 2639 2002; x_wconf 83' lang='grc' dir='ltr'><strong>μὴ</strong></span> <span class='ocrx_word' id='word_1_325' title='bbox 2672 1930 3038 2001; x_wconf 78' lang='grc' dir='ltr'><strong>μακροθυμῶν</strong></span> <span class='ocrx_word' id='word_1_326' title='bbox 3075 1933 3167 1985; x_wconf 67' lang='grc' dir='ltr'><strong>ἐπὶ</strong></span> <span class='ocrx_word' id='word_1_327' title='bbox 3189 1935 3305 1995; x_wconf 76' lang='grc' dir='ltr'>τοῖς</span> <span class='ocrx_word' id='word_1_328' title='bbox 3325 1931 3679 2002; x_wconf 84' lang='grc' dir='ltr'><strong>συμϐαίνουσι</strong></span> <span class='ocrx_word' id='word_1_329' title='bbox 3700 1931 3844 2000; x_wconf 75' lang='grc' dir='ltr'><strong>λυπηο</strong></span> 
     </span>
    </p>
   </div>
   <div class='ocr_carea' id='block_1_49' title="bbox 2318 2022 3853 2096">
    <p class='ocr_par' dir='ltr' id='par_1_49' title="bbox 2318 2022 3853 2096">
     <span class='ocr_line' id='line_1_49' title="bbox 2318 2022 3853 2096; baseline 0.001 -20"><span class='ocrx_word' id='word_1_330' title='bbox 2318 2028 2430 2096; x_wconf 83' lang='grc' dir='ltr'><strong>ροῖς</strong></span> <span class='ocrx_word' id='word_1_331' title='bbox 2457 2039 2470 2053; x_wconf 72' lang='grc' dir='ltr'><strong>ο</strong></span> <span class='ocrx_word' id='word_1_332' title='bbox 2527 2023 2640 2076; x_wconf 88' lang='grc' dir='ltr'><strong>ἀλλ’</strong></span> <span class='ocrx_word' id='word_1_333' title='bbox 2662 2023 2988 2078; x_wconf 81' lang='grc' dir='ltr'><strong>ἀποκόπτων</strong></span> <span class='ocrx_word' id='word_1_334' title='bbox 3017 2022 3208 2077; x_wconf 77' lang='grc' dir='ltr'><strong>ἑαυτὸν</strong></span> <span class='ocrx_word' id='word_1_335' title='bbox 3239 2023 3339 2094; x_wconf 85' lang='grc' dir='ltr'><strong>τῆς</strong></span> <span class='ocrx_word' id='word_1_336' title='bbox 3367 2023 3479 2080; x_wconf 84' lang='grc' dir='ltr'><strong>τῶν</strong></span> <span class='ocrx_word' id='word_1_337' title='bbox 3507 2022 3853 2094; x_wconf 78' lang='grc' dir='ltr'><strong>πνευματικῶν</strong></span> 
     </span>
    </p>
   </div>
   <div class='ocr_carea' id='block_1_50' title="bbox 2312 2117 2826 2188">
    <p class='ocr_par' dir='ltr' id='par_1_50' title="bbox 2312 2117 2826 2188">
     <span class='ocr_line' id='line_1_50' title="bbox 2312 2117 2826 2188; baseline -0.002 -16"><span class='ocrx_word' id='word_1_338' title='bbox 2312 2117 2557 2186; x_wconf 76' lang='grc' dir='ltr'>ἀδελφῶν</span> <span class='ocrx_word' id='word_1_339' title='bbox 2582 2118 2826 2188; x_wconf 80' lang='grc' dir='ltr'><strong>ἀγάπης.</strong></span> 
     </span>
    </p>
   </div>
   <div class='ocr_carea' id='block_1_51' title="bbox 2386 2205 3844 2280">
    <p class='ocr_par' dir='ltr' id='par_1_51' title="bbox 2386 2205 3844 2280">
     <span class='ocr_line' id='line_1_51' title="bbox 2386 2205 3844 2280; baseline 0.006 -18"><span class='ocrx_word' id='word_1_340' title='bbox 2386 2210 2471 2275; x_wconf 84' lang='grc' dir='ltr'><strong>ιζ’.</strong></span> <span class='ocrx_word' id='word_1_341' title='bbox 2508 2210 2716 2273; x_wconf 78' lang='grc' dir='ltr'>Σκοπὸς</span> <span class='ocrx_word' id='word_1_342' title='bbox 2748 2209 2850 2280; x_wconf 89' lang='grc' dir='ltr'><strong>τῆς</strong></span> <span class='ocrx_word' id='word_1_343' title='bbox 2878 2207 3030 2272; x_wconf 81' lang='grc' dir='ltr'>θείας</span> <span class='ocrx_word' id='word_1_344' title='bbox 3054 2205 3352 2278; x_wconf 74' lang='grc' dir='ltr'>Προνοίας,</span> <span class='ocrx_word' id='word_1_345' title='bbox 3400 2221 3483 2272; x_wconf 85' lang='grc' dir='ltr'><strong>το,</strong></span> <span class='ocrx_word' id='word_1_346' title='bbox 3510 2207 3844 2276; x_wconf 35' lang='grc' dir='ltr'><strong>τοῦςῠπδντῆς</strong></span> 
     </span>
    </p>
   </div>
   <div class='ocr_carea' id='block_1_52' title="bbox 2314 2296 3844 2369">
    <p class='ocr_par' dir='ltr' id='par_1_52' title="bbox 2314 2296 3844 2369">
     <span class='ocr_line' id='line_1_52' title="bbox 2314 2296 3844 2369; baseline -0.004 -15"><span class='ocrx_word' id='word_1_347' title='bbox 2314 2301 2516 2364; x_wconf 77' lang='grc' dir='ltr'><strong>κακίας</strong></span> <span class='ocrx_word' id='word_1_348' title='bbox 2560 2299 2823 2362; x_wconf 81' lang='grc' dir='ltr'><strong>ποικίλως</strong></span> <span class='ocrx_word' id='word_1_349' title='bbox 2861 2298 3271 2369; x_wconf 83' lang='grc' dir='ltr'><strong>διεσχισμένους</strong></span> <span class='ocrx_word' id='word_1_350' title='bbox 3291 2337 3308 2362; x_wconf 90' lang='grc'><strong>,</strong></span> <span class='ocrx_word' id='word_1_351' title='bbox 3363 2297 3455 2350; x_wconf 82' lang='grc' dir='ltr'><strong>διά</strong></span> <span class='ocrx_word' id='word_1_352' title='bbox 3484 2297 3581 2366; x_wconf 86' lang='grc' dir='ltr'><strong>τῆς</strong></span> <span class='ocrx_word' id='word_1_353' title='bbox 3602 2296 3750 2367; x_wconf 88' lang='grc' dir='ltr'><strong>όρθῆς</strong></span> <span class='ocrx_word' id='word_1_354' title='bbox 3773 2297 3844 2349; x_wconf 78' lang='grc' dir='ltr'><strong>πί-</strong></span> 
     </span>
    </p>
   </div>
   <div class='ocr_carea' id='block_1_53' title="bbox 2315 2389 3844 2461">
    <p class='ocr_par' dir='ltr' id='par_1_53' title="bbox 2315 2389 3844 2461">
     <span class='ocr_line' id='line_1_53' title="bbox 2315 2389 3844 2461; baseline -0.003 -17"><span class='ocrx_word' id='word_1_355' title='bbox 2315 2407 2485 2454; x_wconf 85' lang='grc' dir='ltr'><strong>στεως</strong></span> <span class='ocrx_word' id='word_1_356' title='bbox 2537 2390 2631 2444; x_wconf 72' lang='grc' dir='ltr'><strong>καὶ</strong></span> <span class='ocrx_word' id='word_1_357' title='bbox 2682 2391 3059 2460; x_wconf 81' lang='grc' dir='ltr'><strong>πνευματικῆς</strong></span> <span class='ocrx_word' id='word_1_358' title='bbox 3097 2390 3318 2461; x_wconf 81' lang='grc' dir='ltr'><strong>ἀγάπης</strong></span> <span class='ocrx_word' id='word_1_359' title='bbox 3358 2389 3640 2442; x_wconf 76' lang='grc' dir='ltr'><strong>ἑνοποιεῖν.</strong></span> <span class='ocrx_word' id='word_1_360' title='bbox 3705 2389 3844 2456; x_wconf 76' lang='grc' dir='ltr'><strong>Εἴπερ</strong></span> 
     </span>
    </p>
   </div>
   <div class='ocr_carea' id='block_1_54' title="bbox 2311 2480 3843 2554">
    <p class='ocr_par' dir='ltr' id='par_1_54' title="bbox 2311 2480 3843 2554">
     <span class='ocr_line' id='line_1_54' title="bbox 2311 2480 3843 2554; baseline -0.003 -16"><span class='ocrx_word' id='word_1_361' title='bbox 2311 2484 2398 2539; x_wconf 86' lang='grc' dir='ltr'><strong>διά</strong></span> <span class='ocrx_word' id='word_1_362' title='bbox 2439 2483 2598 2539; x_wconf 87' lang='grc' dir='ltr'><strong>τοῦτο</strong></span> <span class='ocrx_word' id='word_1_363' title='bbox 2639 2483 2908 2537; x_wconf 83' lang='grc' dir='ltr'><strong>πέπονθεν</strong></span> <span class='ocrx_word' id='word_1_364' title='bbox 2953 2485 2982 2538; x_wconf 82' lang='grc' dir='ltr'>ὁ</span> <span class='ocrx_word' id='word_1_365' title='bbox 3023 2481 3256 2554; x_wconf 80' lang='grc' dir='ltr'><strong>Σωτὴρ.</strong></span> <span class='ocrx_word' id='word_1_366' title='bbox 3312 2482 3443 2537; x_wconf 77' lang='grc' dir='ltr'><strong>Ἵνα</strong></span> <span class='ocrx_word' id='word_1_367' title='bbox 3476 2481 3548 2534; x_wconf 71' lang='grc' dir='ltr'><strong>τιὰ</strong></span> <span class='ocrx_word' id='word_1_368' title='bbox 3573 2480 3737 2534; x_wconf 78' lang='grc' dir='ltr'><strong>τέκνα</strong></span> <span class='ocrx_word' id='word_1_369' title='bbox 3762 2480 3843 2534; x_wconf 85' lang='grc' dir='ltr'><strong>τοῦ</strong></span> 
     </span>
    </p>
   </div>
   <div class='ocr_carea' id='block_1_55' title="bbox 2315 2566 3842 2644">
    <p class='ocr_par' dir='ltr' id='par_1_55' title="bbox 2315 2566 3842 2644">
     <span class='ocr_line' id='line_1_55' title="bbox 2315 2566 3842 2644; baseline -0.006 -15"><span class='ocrx_word' id='word_1_370' title='bbox 2315 2575 2462 2630; x_wconf 81' lang='grc' dir='ltr'><strong>Θεοῦ</strong></span> <span class='ocrx_word' id='word_1_371' title='bbox 2489 2575 2562 2629; x_wconf 84' lang='grc' dir='ltr'><strong>τὰ</strong></span> <span class='ocrx_word' id='word_1_372' title='bbox 2586 2573 3110 2644; x_wconf 72' lang='grc' dir='ltr'><strong>διεσκορπισμένα,</strong></span> <span class='ocrx_word' id='word_1_373' title='bbox 3134 2572 3452 2643; x_wconf 73' lang='grc' dir='ltr'><strong>συναγάγῃ</strong></span> <span class='ocrx_word' id='word_1_374' title='bbox 3479 2573 3564 2638; x_wconf 77' lang='grc' dir='ltr'><strong>εις</strong></span> <span class='ocrx_word' id='word_1_375' title='bbox 3587 2571 3681 2625; x_wconf 80' lang='grc' dir='ltr'><strong>ἓν..</strong></span> <span class='ocrx_word' id='word_1_376' title='bbox 3705 2570 3752 2624; x_wconf 92' lang='lat'><strong>&#39;0</strong></span> <span class='ocrx_word' id='word_1_377' title='bbox 3772 2566 3842 2624; x_wconf 78' lang='grc' dir='ltr'><strong>οὖν</strong></span> 
     </span>
    </p>
   </div>
   <div class='ocr_carea' id='block_1_56' title="bbox 2316 2663 3851 2739">
    <p class='ocr_par' dir='ltr' id='par_1_56' title="bbox 2316 2663 3851 2739">
     <span class='ocr_line' id='line_1_56' title="bbox 2316 2663 3851 2739; baseline -0.003 -19"><span class='ocrx_word' id='word_1_378' title='bbox 2316 2669 2391 2739; x_wconf 84' lang='grc' dir='ltr'><strong>μὴ</strong></span> <span class='ocrx_word' id='word_1_379' title='bbox 2417 2668 2626 2736; x_wconf 84' lang='grc' dir='ltr'><strong>στέγων</strong></span> <span class='ocrx_word' id='word_1_380' title='bbox 2651 2666 2720 2722; x_wconf 85' lang='grc' dir='ltr'><strong>τὰ</strong></span> <span class='ocrx_word' id='word_1_381' title='bbox 2743 2667 2977 2739; x_wconf 83' lang='grc' dir='ltr'><strong>όχληρά,</strong></span> <span class='ocrx_word' id='word_1_382' title='bbox 3013 2665 3150 2738; x_wconf 69' lang='grc' dir='ltr'><strong>μηδὲ</strong></span> <span class='ocrx_word' id='word_1_383' title='bbox 3177 2665 3359 2738; x_wconf 83' lang='grc' dir='ltr'>φέρων</span> <span class='ocrx_word' id='word_1_384' title='bbox 3387 2665 3458 2718; x_wconf 80' lang='grc' dir='ltr'><strong>τὰ</strong></span> <span class='ocrx_word' id='word_1_385' title='bbox 3482 2663 3708 2734; x_wconf 72' lang='grc' dir='ltr'><strong>λυπηρὰ,</strong></span> <span class='ocrx_word' id='word_1_386' title='bbox 3738 2663 3851 2734; x_wconf 61' lang='grc' dir='ltr'><strong>μηδὲ</strong></span> 
     </span>
    </p>
   </div>
   <div class='ocr_carea' id='block_1_57' title="bbox 2314 2753 3843 2830">
    <p class='ocr_par' dir='ltr' id='par_1_57' title="bbox 2314 2753 3843 2830">
     <span class='ocr_line' id='line_1_57' title="bbox 2314 2753 3843 2830; baseline -0.006 -17"><span class='ocrx_word' id='word_1_387' title='bbox 2314 2758 2598 2830; x_wconf 82' lang='grc' dir='ltr'><strong>ὑπομένων</strong></span> <span class='ocrx_word' id='word_1_388' title='bbox 2646 2757 2716 2812; x_wconf 87' lang='grc' dir='ltr'><strong>τά</strong></span> <span class='ocrx_word' id='word_1_389' title='bbox 2758 2757 3020 2825; x_wconf 73' lang='grc' dir='ltr'><strong>ἐπίπονα,</strong></span> <span class='ocrx_word' id='word_1_390' title='bbox 3067 2755 3225 2821; x_wconf 71' lang='grc' dir='ltr'><strong>ἐκτὸς</strong></span> <span class='ocrx_word' id='word_1_391' title='bbox 3253 2755 3354 2823; x_wconf 90' lang='grc' dir='ltr'><strong>τῆς</strong></span> <span class='ocrx_word' id='word_1_392' title='bbox 3385 2754 3536 2818; x_wconf 81' lang='grc' dir='ltr'>θείας</span> <span class='ocrx_word' id='word_1_393' title='bbox 3558 2753 3751 2824; x_wconf 82' lang='grc' dir='ltr'><strong>ἀγάπης</strong></span> <span class='ocrx_word' id='word_1_394' title='bbox 3769 2753 3843 2805; x_wconf 78' lang='grc' dir='ltr'><strong>καὶ</strong></span> 
     </span>
    </p>
   </div>
   <div class='ocr_carea' id='block_1_58' title="bbox 2311 2849 3401 2922">
    <p class='ocr_par' dir='ltr' id='par_1_58' title="bbox 2311 2849 3401 2922">
     <span class='ocr_line' id='line_1_58' title="bbox 2311 2849 3401 2922; baseline -0.006 -16"><span class='ocrx_word' id='word_1_395' title='bbox 2311 2851 2406 2907; x_wconf 88' lang='grc' dir='ltr'><strong>τοῦ</strong></span> <span class='ocrx_word' id='word_1_396' title='bbox 2437 2849 2639 2906; x_wconf 79' lang='grc' dir='ltr'><strong>σκοποῦ</strong></span> <span class='ocrx_word' id='word_1_397' title='bbox 2663 2851 2763 2922; x_wconf 89' lang='grc' dir='ltr'><strong>τῆς</strong></span> <span class='ocrx_word' id='word_1_398' title='bbox 2787 2849 3050 2922; x_wconf 75' lang='grc' dir='ltr'><strong>Προνοίας</strong></span> <span class='ocrx_word' id='word_1_399' title='bbox 3069 2849 3401 2921; x_wconf 80' lang='grc' dir='ltr'><strong>περιπατεϊ;</strong></span> 
     </span>
    </p>
   </div>
   <div class='ocr_carea' id='block_1_59' title="bbox 2383 3024 3846 3106">
    <p class='ocr_par' dir='ltr' id='par_1_59' title="bbox 2383 3024 3846 3106">
     <span class='ocr_line' id='line_1_59' title="bbox 2383 3024 3846 3106; baseline -0.007 -18"><span class='ocrx_word' id='word_1_400' title='bbox 2383 3040 2474 3106; x_wconf 80' lang='grc' dir='ltr'><strong>ιη’.</strong></span> <span class='ocrx_word' id='word_1_401' title='bbox 2526 3034 2589 3088; x_wconf 81' lang='lat' dir='ltr'><strong>Ei</strong></span> <span class='ocrx_word' id='word_1_402' title='bbox 2635 3033 2675 3104; x_wconf 81' lang='grc' dir='ltr'>ἡ</span> <span class='ocrx_word' id='word_1_403' title='bbox 2717 3031 2919 3102; x_wconf 70' lang='grc' dir='ltr'><strong>ἀγάπη</strong></span> <span class='ocrx_word' id='word_1_404' title='bbox 2951 3026 3324 3100; x_wconf 76' lang='grc' dir='ltr'><strong>μακροθυμεῖ</strong></span> <span class='ocrx_word' id='word_1_405' title='bbox 3359 3027 3460 3082; x_wconf 76' lang='grc' dir='ltr'>καί</span> <span class='ocrx_word' id='word_1_406' title='bbox 3485 3024 3846 3096; x_wconf 71' lang='grc' dir='ltr'><strong>χρηστεύεται,</strong></span> 
     </span>
    </p>
   </div>
   <div class='ocr_carea' id='block_1_60' title="bbox 641 3117 2213 3200">
    <p class='ocr_par' dir='ltr' id='par_1_60' title="bbox 641 3123 2208 3200">
     <span class='ocr_line' id='line_1_60' title="bbox 641 3123 2208 3200; baseline 0.008 -23"><span class='ocrx_word' id='word_1_407' title='bbox 641 3123 718 3177; x_wconf 77' lang='lat' dir='ltr'><strong>vis</strong></span> <span class='ocrx_word' id='word_1_408' title='bbox 745 3125 815 3178; x_wconf 79' lang='lat' dir='ltr'><strong>sit</strong></span> <span class='ocrx_word' id='word_1_409' title='bbox 853 3123 896 3189; x_wconf 73' lang='grc'><strong>⁸,</strong></span> <span class='ocrx_word' id='word_1_410' title='bbox 925 3126 1018 3196; x_wconf 88' lang='lat' dir='ltr'><strong>qui</strong></span> <span class='ocrx_word' id='word_1_411' title='bbox 1045 3142 1215 3197; x_wconf 90' lang='lat' dir='ltr'><strong>parvo</strong></span> <span class='ocrx_word' id='word_1_412' title='bbox 1248 3143 1312 3184; x_wconf 89' lang='lat' dir='ltr'><strong>ac</strong></span> <span class='ocrx_word' id='word_1_413' title='bbox 1351 3129 1564 3200; x_wconf 90' lang='lat' dir='ltr'><strong>dejecto</strong></span> <span class='ocrx_word' id='word_1_414' title='bbox 1603 3133 1789 3187; x_wconf 90' lang='lat' dir='ltr'><strong>animo</strong></span> <span class='ocrx_word' id='word_1_415' title='bbox 1831 3142 1916 3188; x_wconf 91' lang='lat' dir='ltr'><strong>est</strong></span> <span class='ocrx_word' id='word_1_416' title='bbox 1955 3133 2013 3189; x_wconf 93' lang='lat' dir='ltr'><strong>in</strong></span> <span class='ocrx_word' id='word_1_417' title='bbox 2053 3136 2208 3192; x_wconf 89' lang='lat' dir='ltr'><strong>malis</strong></span> 
     </span>
    </p>
   </div>
   <div class='ocr_carea' id='block_1_61' title="bbox 2312 3117 3840 3200">
    <p class='ocr_par' dir='ltr' id='par_1_61' title="bbox 2312 3117 3840 3197">
     <span class='ocr_line' id='line_1_61' title="bbox 2312 3117 3840 3197; baseline -0.006 -17"><span class='ocrx_word' id='word_1_418' title='bbox 2312 3127 2342 3180; x_wconf 85' lang='grc' dir='ltr'><strong>ό</strong></span> <span class='ocrx_word' id='word_1_419' title='bbox 2387 3125 2723 3197; x_wconf 83' lang='grc' dir='ltr'><strong>ὀλιγοψυχῶν</strong></span> <span class='ocrx_word' id='word_1_420' title='bbox 2775 3123 2868 3177; x_wconf 79' lang='grc' dir='ltr'><strong>ἐπὶ</strong></span> <span class='ocrx_word' id='word_1_421' title='bbox 2910 3124 3024 3186; x_wconf 74' lang='grc' dir='ltr'><strong>τοῖς</strong></span> <span class='ocrx_word' id='word_1_422' title='bbox 3066 3120 3428 3193; x_wconf 89' lang='grc' dir='ltr'><strong>συμϐαίνουσι</strong></span> <span class='ocrx_word' id='word_1_423' title='bbox 3459 3120 3733 3191; x_wconf 83' lang='grc' dir='ltr'><strong>λυπηροῖς,</strong></span> <span class='ocrx_word' id='word_1_424' title='bbox 3769 3117 3840 3171; x_wconf 78' lang='grc' dir='ltr'><strong>καὶ</strong></span> 
     </span>
    </p>
   </div>
   <div class='ocr_carea' id='block_1_62' title="bbox 645 3217 2214 3298">
    <p class='ocr_par' dir='ltr' id='par_1_62' title="bbox 645 3217 2214 3298">
     <span class='ocr_line' id='line_1_62' title="bbox 645 3217 2214 3298; baseline 0.01 -29"><span class='ocrx_word' id='word_1_425' title='bbox 645 3230 767 3284; x_wconf 82' lang='lat' dir='ltr'><strong>qua</strong></span> <span class='ocrx_word' id='word_1_426' title='bbox 796 3217 1077 3284; x_wconf 91' lang='lat' dir='ltr'><strong>accidunt,</strong></span> <span class='ocrx_word' id='word_1_427' title='bbox 1109 3235 1342 3290; x_wconf 88' lang='lat' dir='ltr'><strong>eamque</strong></span> <span class='ocrx_word' id='word_1_428' title='bbox 1366 3221 1438 3276; x_wconf 92' lang='lat' dir='ltr'><strong>ob</strong></span> <span class='ocrx_word' id='word_1_429' title='bbox 1476 3239 1592 3278; x_wconf 86' lang='lat' dir='ltr'><strong>rem</strong></span> <span class='ocrx_word' id='word_1_430' title='bbox 1629 3226 1864 3297; x_wconf 77' lang='lat' dir='ltr'><strong>maligne</strong></span> <span class='ocrx_word' id='word_1_431' title='bbox 1895 3228 2006 3298; x_wconf 82' lang='lat' dir='ltr'><strong>agit</strong></span> <span class='ocrx_word' id='word_1_432' title='bbox 2033 3228 2089 3282; x_wconf 92' lang='lat' dir='ltr'><strong>in</strong></span> <span class='ocrx_word' id='word_1_433' title='bbox 2117 3245 2214 3284; x_wconf 89' lang='lat' dir='ltr'><strong>eos</strong></span> 
     </span>
    </p>
   </div>
   <div class='ocr_carea' id='block_1_63' title="bbox 643 3306 2217 3390">
    <p class='ocr_par' dir='ltr' id='par_1_63' title="bbox 643 3306 2217 3390">
     <span class='ocr_line' id='line_1_63' title="bbox 643 3306 2217 3390; baseline 0.01 -30"><span class='ocrx_word' id='word_1_434' title='bbox 643 3306 736 3376; x_wconf 86' lang='lat' dir='ltr'><strong>qui</strong></span> <span class='ocrx_word' id='word_1_435' title='bbox 767 3307 974 3378; x_wconf 83' lang='lat' dir='ltr'><strong>aliquid</strong></span> <span class='ocrx_word' id='word_1_436' title='bbox 999 3310 1279 3377; x_wconf 79' lang='lat' dir='ltr'><strong>laserunt,</strong></span> <span class='ocrx_word' id='word_1_437' title='bbox 1303 3328 1368 3368; x_wconf 91' lang='lat' dir='ltr'><strong>ac</strong></span> <span class='ocrx_word' id='word_1_438' title='bbox 1387 3329 1446 3370; x_wconf 89' lang='lat' dir='ltr'><strong>se</strong></span> <span class='ocrx_word' id='word_1_439' title='bbox 1470 3330 1502 3370; x_wconf 92' lang='lat' dir='ltr'><strong>a</strong></span> <span class='ocrx_word' id='word_1_440' title='bbox 1527 3316 1815 3383; x_wconf 87' lang='lat' dir='ltr'><strong>charitate,</strong></span> <span class='ocrx_word' id='word_1_441' title='bbox 1837 3334 1958 3388; x_wconf 87' lang='lat' dir='ltr'><strong>qua</strong></span> <span class='ocrx_word' id='word_1_442' title='bbox 1979 3328 2065 3374; x_wconf 93' lang='lat' dir='ltr'><strong>est</strong></span> <span class='ocrx_word' id='word_1_443' title='bbox 2087 3335 2217 3390; x_wconf 83' lang='lat' dir='ltr'><strong>erga</strong></span> 
     </span>
    </p>
   </div>
   <div class='ocr_carea' id='block_1_64' title="bbox 645 3398 2220 3474">
    <p class='ocr_par' dir='ltr' id='par_1_64' title="bbox 645 3398 2220 3474">
     <span class='ocr_line' id='line_1_64' title="bbox 645 3398 2220 3474; baseline 0.01 -23"><span class='ocrx_word' id='word_1_444' title='bbox 645 3398 786 3471; x_wconf 78' lang='lat' dir='ltr'><strong>illos,</strong></span> <span class='ocrx_word' id='word_1_445' title='bbox 841 3401 1146 3469; x_wconf 86' lang='lat' dir='ltr'><strong>abscindit;</strong></span> <span class='ocrx_word' id='word_1_446' title='bbox 1203 3404 1478 3474; x_wconf 91' lang='lat' dir='ltr'><strong>quomodo</strong></span> <span class='ocrx_word' id='word_1_447' title='bbox 1524 3422 1556 3462; x_wconf 92' lang='lat' dir='ltr'><strong>a</strong></span> <span class='ocrx_word' id='word_1_448' title='bbox 1601 3407 1800 3464; x_wconf 87' lang='lat' dir='ltr'><strong>divina</strong></span> <span class='ocrx_word' id='word_1_449' title='bbox 1852 3409 2220 3466; x_wconf 86' lang='lat' dir='ltr'><strong>Providentia</strong></span> 
     </span>
    </p>
   </div>
   <div class='ocr_carea' id='block_1_65' title="bbox 645 3489 1154 3549">
    <p class='ocr_par' dir='ltr' id='par_1_65' title="bbox 645 3489 1154 3549">
     <span class='ocr_line' id='line_1_65' title="bbox 645 3489 1154 3549; baseline 0.01 -5"><span class='ocrx_word' id='word_1_450' title='bbox 645 3489 753 3545; x_wconf 87' lang='lat' dir='ltr'><strong>flne</strong></span> <span class='ocrx_word' id='word_1_451' title='bbox 781 3507 887 3546; x_wconf 89' lang='lat' dir='ltr'><strong>non</strong></span> <span class='ocrx_word' id='word_1_452' title='bbox 917 3493 1154 3549; x_wconf 80' lang='lat' dir='ltr'><strong>excidit?</strong></span> 
     </span>
    </p>
   </div>
   <div class='ocr_carea' id='block_1_66' title="bbox 718 3583 2213 3663">
    <p class='ocr_par' dir='ltr' id='par_1_66' title="bbox 718 3583 2213 3663">
     <span class='ocr_line' id='line_1_66' title="bbox 718 3583 2213 3663; baseline 0.009 -27"><span class='ocrx_word' id='word_1_453' title='bbox 718 3583 806 3638; x_wconf 88' lang='grc'><strong>19.</strong></span> <span class='ocrx_word' id='word_1_454' title='bbox 840 3585 1074 3641; x_wconf 84' lang='lat' dir='ltr'><strong>Attende</strong></span> <span class='ocrx_word' id='word_1_455' title='bbox 1100 3586 1223 3652; x_wconf 88' lang='lat' dir='ltr'><strong>tibi,</strong></span> <span class='ocrx_word' id='word_1_456' title='bbox 1258 3603 1320 3643; x_wconf 91' lang='lat' dir='ltr'><strong>ac</strong></span> <span class='ocrx_word' id='word_1_457' title='bbox 1349 3605 1500 3654; x_wconf 88' lang='lat' dir='ltr'><strong>cave,</strong></span> <span class='ocrx_word' id='word_1_458' title='bbox 1535 3606 1606 3646; x_wconf 90' lang='lat' dir='ltr'><strong>ne</strong></span> <span class='ocrx_word' id='word_1_459' title='bbox 1634 3590 1776 3648; x_wconf 85' lang='lat' dir='ltr'><strong>forte</strong></span> <span class='ocrx_word' id='word_1_460' title='bbox 1811 3593 1958 3663; x_wconf 89' lang='lat' dir='ltr'><strong>quod</strong></span> <span class='ocrx_word' id='word_1_461' title='bbox 1990 3602 2045 3649; x_wconf 91' lang='lat' dir='ltr'><strong>te</strong></span> <span class='ocrx_word' id='word_1_462' title='bbox 2076 3594 2213 3649; x_wconf 82' lang='lat' dir='ltr'><strong>diri-</strong></span> 
     </span>
    </p>
   </div>
   <div class='ocr_carea' id='block_1_67' title="bbox 646 3669 2215 3743">
    <p class='ocr_par' dir='ltr' id='par_1_67' title="bbox 646 3669 2215 3743">
     <span class='ocr_line' id='line_1_67' title="bbox 646 3669 2215 3743; baseline 0.012 -20"><span class='ocrx_word' id='word_1_463' title='bbox 646 3669 748 3724; x_wconf 91' lang='lat' dir='ltr'><strong>mit</strong></span> <span class='ocrx_word' id='word_1_464' title='bbox 771 3685 803 3725; x_wconf 89' lang='lat' dir='ltr'><strong>a</strong></span> <span class='ocrx_word' id='word_1_465' title='bbox 832 3670 998 3728; x_wconf 89' lang='lat' dir='ltr'><strong>fratre</strong></span> <span class='ocrx_word' id='word_1_466' title='bbox 1030 3674 1254 3739; x_wconf 88' lang='lat' dir='ltr'><strong>malum,</strong></span> <span class='ocrx_word' id='word_1_467' title='bbox 1285 3692 1397 3731; x_wconf 91' lang='lat' dir='ltr'><strong>non</strong></span> <span class='ocrx_word' id='word_1_468' title='bbox 1425 3678 1480 3732; x_wconf 93' lang='lat' dir='ltr'><strong>in</strong></span> <span class='ocrx_word' id='word_1_469' title='bbox 1516 3678 1630 3743; x_wconf 90' lang='lat' dir='ltr'><strong>illo,</strong></span> <span class='ocrx_word' id='word_1_470' title='bbox 1659 3681 1755 3736; x_wconf 91' lang='lat' dir='ltr'><strong>sed</strong></span> <span class='ocrx_word' id='word_1_471' title='bbox 1789 3681 1846 3737; x_wconf 93' lang='lat' dir='ltr'><strong>in</strong></span> <span class='ocrx_word' id='word_1_472' title='bbox 1877 3691 1930 3739; x_wconf 92' lang='lat' dir='ltr'><strong>te</strong></span> <span class='ocrx_word' id='word_1_473' title='bbox 1966 3683 2215 3741; x_wconf 90' lang='lat' dir='ltr'><strong>invenia-</strong></span> 
     </span>
    </p>
   </div>
   <div class='ocr_carea' id='block_1_68' title="bbox 646 3765 2216 3836">
    <p class='ocr_par' dir='ltr' id='par_1_68' title="bbox 646 3765 2216 3836">
     <span class='ocr_line' id='line_1_68' title="bbox 646 3765 2216 3836; baseline 0.01 -21"><span class='ocrx_word' id='word_1_474' title='bbox 646 3770 766 3828; x_wconf 87' lang='lat' dir='ltr'><strong>tur;</strong></span> <span class='ocrx_word' id='word_1_475' title='bbox 806 3778 871 3818; x_wconf 87' lang='lat' dir='ltr'><strong>ae</strong></span> <span class='ocrx_word' id='word_1_476' title='bbox 901 3765 1061 3820; x_wconf 88' lang='lat' dir='ltr'><strong>stude</strong></span> <span class='ocrx_word' id='word_1_477' title='bbox 1105 3766 1215 3822; x_wconf 90' lang='lat' dir='ltr'><strong>cito</strong></span> <span class='ocrx_word' id='word_1_478' title='bbox 1260 3767 1339 3822; x_wconf 92' lang='lat' dir='ltr'><strong>illi</strong></span> <span class='ocrx_word' id='word_1_479' title='bbox 1381 3770 1747 3836; x_wconf 89' lang='lat' dir='ltr'><strong>reconciliari,</strong></span> <span class='ocrx_word' id='word_1_480' title='bbox 1778 3788 1848 3828; x_wconf 90' lang='lat' dir='ltr'><strong>ne</strong></span> <span class='ocrx_word' id='word_1_481' title='bbox 1885 3790 1918 3829; x_wconf 90' lang='lat' dir='ltr'><strong>a</strong></span> <span class='ocrx_word' id='word_1_482' title='bbox 1959 3775 2216 3832; x_wconf 85' lang='lat' dir='ltr'><strong>mandato</strong></span> 
     </span>
    </p>
   </div>
   <div class='ocr_carea' id='block_1_69' title="bbox 646 3853 1197 3912">
    <p class='ocr_par' dir='ltr' id='par_1_69' title="bbox 646 3853 1197 3912">
     <span class='ocr_line' id='line_1_69' title="bbox 646 3853 1197 3912; baseline 0.007 -4"><span class='ocrx_word' id='word_1_483' title='bbox 646 3853 868 3909; x_wconf 81' lang='lat' dir='ltr'><strong>excidas</strong></span> <span class='ocrx_word' id='word_1_484' title='bbox 891 3857 1197 3912; x_wconf 88' lang='lat' dir='ltr'><strong>charitatis.</strong></span> 
     </span>
    </p>
   </div>
   <div class='ocr_carea' id='block_1_70' title="bbox 715 3943 2216 4028">
    <p class='ocr_par' dir='ltr' id='par_1_70' title="bbox 715 3943 2216 4028">
     <span class='ocr_line' id='line_1_70' title="bbox 715 3943 2216 4028; baseline 0.011 -30"><span class='ocrx_word' id='word_1_485' title='bbox 715 3943 807 3998; x_wconf 90' lang='grc'><strong>20.</strong></span> <span class='ocrx_word' id='word_1_486' title='bbox 841 3943 985 4001; x_wconf 85' lang='lat' dir='ltr'><strong>Cave</strong></span> <span class='ocrx_word' id='word_1_487' title='bbox 1033 3958 1368 4018; x_wconf 87' lang='lat' dir='ltr'><strong>praceptum</strong></span> <span class='ocrx_word' id='word_1_488' title='bbox 1418 3951 1700 4009; x_wconf 88' lang='lat' dir='ltr'><strong>charitatis</strong></span> <span class='ocrx_word' id='word_1_489' title='bbox 1745 3953 2035 4024; x_wconf 84' lang='lat' dir='ltr'><strong>despicias,</strong></span> <span class='ocrx_word' id='word_1_490' title='bbox 2073 3973 2216 4028; x_wconf 88' lang='lat' dir='ltr'><strong>quo-</strong></span> 
     </span>
    </p>
   </div>
   <div class='ocr_carea' id='block_1_71' title="bbox 643 4035 2215 4119">
    <p class='ocr_par' dir='ltr' id='par_1_71' title="bbox 643 4035 2215 4119">
     <span class='ocr_line' id='line_1_71' title="bbox 643 4035 2215 4119; baseline 0.01 -29"><span class='ocrx_word' id='word_1_491' title='bbox 643 4035 793 4090; x_wconf 85' lang='lat' dir='ltr'><strong>niam</strong></span> <span class='ocrx_word' id='word_1_492' title='bbox 835 4051 935 4105; x_wconf 87' lang='lat' dir='ltr'><strong>per</strong></span> <span class='ocrx_word' id='word_1_493' title='bbox 979 4037 1159 4107; x_wconf 90' lang='lat' dir='ltr'><strong>ipsum</strong></span> <span class='ocrx_word' id='word_1_494' title='bbox 1208 4040 1306 4095; x_wconf 92' lang='lat' dir='ltr'><strong>Dei</strong></span> <span class='ocrx_word' id='word_1_495' title='bbox 1352 4040 1498 4098; x_wconf 83' lang='lat' dir='ltr'><strong>ﬁlius</strong></span> <span class='ocrx_word' id='word_1_496' title='bbox 1541 4045 1702 4100; x_wconf 89' lang='lat' dir='ltr'><strong>eris:</strong></span> <span class='ocrx_word' id='word_1_497' title='bbox 1752 4048 1979 4119; x_wconf 85' lang='lat' dir='ltr'><strong>ejusque</strong></span> <span class='ocrx_word' id='word_1_498' title='bbox 2027 4049 2215 4106; x_wconf 89' lang='lat' dir='ltr'><strong>violati</strong></span> 
     </span>
    </p>
   </div>
   <div class='ocr_carea' id='block_1_72' title="bbox 647 4126 1612 4200">
    <p class='ocr_par' dir='ltr' id='par_1_72' title="bbox 647 4126 1612 4200">
     <span class='ocr_line' id='line_1_72' title="bbox 647 4126 1612 4200; baseline 0.011 -20"><span class='ocrx_word' id='word_1_499' title='bbox 647 4141 797 4191; x_wconf 91' lang='lat' dir='ltr'><strong>reus,</strong></span> <span class='ocrx_word' id='word_1_500' title='bbox 827 4127 969 4184; x_wconf 86' lang='lat' dir='ltr'><strong>filius</strong></span> <span class='ocrx_word' id='word_1_501' title='bbox 996 4130 1258 4200; x_wconf 76' lang='lat' dir='ltr'><strong>gehenna</strong></span> <span class='ocrx_word' id='word_1_502' title='bbox 1292 4126 1612 4192; x_wconf 84' lang='lat' dir='ltr'><strong>invenieris.</strong></span> 
     </span>
    </p>
   </div>
   <div class='ocr_carea' id='block_1_73' title="bbox 711 4218 2215 4294">
    <p class='ocr_par' dir='ltr' id='par_1_73' title="bbox 711 4218 2215 4294">
     <span class='ocr_line' id='line_1_73' title="bbox 711 4218 2215 4294; baseline 0.009 -20"><span class='ocrx_word' id='word_1_503' title='bbox 711 4219 802 4275; x_wconf 87' lang='grc'><strong>21.</strong></span> <span class='ocrx_word' id='word_1_504' title='bbox 850 4218 976 4276; x_wconf 81' lang='lat' dir='ltr'><strong>Hac</strong></span> <span class='ocrx_word' id='word_1_505' title='bbox 1018 4221 1132 4278; x_wconf 82' lang='lat' dir='ltr'><strong>fere</strong></span> <span class='ocrx_word' id='word_1_506' title='bbox 1167 4233 1447 4294; x_wconf 83' lang='lat' dir='ltr'><strong>suntquae</strong></span> <span class='ocrx_word' id='word_1_507' title='bbox 1476 4226 1545 4280; x_wconf 90' lang='lat' dir='ltr'><strong>ab</strong></span> <span class='ocrx_word' id='word_1_508' title='bbox 1584 4227 1887 4283; x_wconf 89' lang='lat' dir='ltr'><strong>amicorum</strong></span> <span class='ocrx_word' id='word_1_509' title='bbox 1917 4229 2215 4287; x_wconf 87' lang='lat' dir='ltr'><strong>dilectione</strong></span> 
     </span>
    </p>
   </div>
   <div class='ocr_carea' id='block_1_74' title="bbox 645 4305 2214 4387">
    <p class='ocr_par' dir='ltr' id='par_1_74' title="bbox 645 4305 2214 4387">
     <span class='ocr_line' id='line_1_74' title="bbox 645 4305 2214 4387; baseline 0.008 -22"><span class='ocrx_word' id='word_1_510' title='bbox 645 4305 1277 4382; x_wconf 80' lang='lat' dir='ltr'><strong>disjungunt;&#39;invidere</strong></span> <span class='ocrx_word' id='word_1_511' title='bbox 1313 4323 1410 4371; x_wconf 88' lang='lat' dir='ltr'><strong>aut</strong></span> <span class='ocrx_word' id='word_1_512' title='bbox 1441 4318 1714 4374; x_wconf 88' lang='lat' dir='ltr'><strong>sustinere</strong></span> <span class='ocrx_word' id='word_1_513' title='bbox 1743 4321 2026 4387; x_wconf 86' lang='lat' dir='ltr'><strong>invidiam,</strong></span> <span class='ocrx_word' id='word_1_514' title='bbox 2053 4322 2214 4377; x_wconf 89' lang='lat' dir='ltr'><strong>dam-</strong></span> 
     </span>
    </p>
   </div>
   <div class='ocr_carea' id='block_1_75' title="bbox 644 4401 2212 4480">
    <p class='ocr_par' dir='ltr' id='par_1_75' title="bbox 644 4401 2212 4480">
     <span class='ocr_line' id='line_1_75' title="bbox 644 4401 2212 4480; baseline 0.01 -25"><span class='ocrx_word' id='word_1_515' title='bbox 644 4416 778 4456; x_wconf 91' lang='lat' dir='ltr'><strong>num</strong></span> <span class='ocrx_word' id='word_1_516' title='bbox 807 4401 985 4458; x_wconf 88' lang='lat' dir='ltr'><strong>facere</strong></span> <span class='ocrx_word' id='word_1_517' title='bbox 1017 4412 1113 4458; x_wconf 91' lang='lat' dir='ltr'><strong>aut</strong></span> <span class='ocrx_word' id='word_1_518' title='bbox 1140 4405 1271 4474; x_wconf 90' lang='lat' dir='ltr'><strong>pati,</strong></span> <span class='ocrx_word' id='word_1_519' title='bbox 1303 4406 1506 4475; x_wconf 89' lang='lat' dir='ltr'><strong>probro</strong></span> <span class='ocrx_word' id='word_1_520' title='bbox 1538 4407 1740 4466; x_wconf 88' lang='lat' dir='ltr'><strong>habere</strong></span> <span class='ocrx_word' id='word_1_521' title='bbox 1774 4420 1869 4465; x_wconf 89' lang='lat' dir='ltr'><strong>aut</strong></span> <span class='ocrx_word' id='word_1_522' title='bbox 1899 4411 2122 4480; x_wconf 88' lang='lat' dir='ltr'><strong>haberi;</strong></span> <span class='ocrx_word' id='word_1_523' title='bbox 2148 4429 2212 4470; x_wconf 91' lang='lat' dir='ltr'><strong>ac</strong></span> 
     </span>
    </p>
   </div>
   <div class='ocr_carea' id='block_1_76' title="bbox 2314 3210 3847 3288">
    <p class='ocr_par' dir='ltr' id='par_1_76' title="bbox 2314 3210 3847 3288">
     <span class='ocr_line' id='line_1_76' title="bbox 2314 3210 3847 3288; baseline -0.007 -14"><span class='ocrx_word' id='word_1_524' title='bbox 2314 3219 2403 3274; x_wconf 78' lang='grc' dir='ltr'><strong>διὰ</strong></span> <span class='ocrx_word' id='word_1_525' title='bbox 2425 3218 2584 3274; x_wconf 85' lang='grc' dir='ltr'><strong>τοῦτο</strong></span> <span class='ocrx_word' id='word_1_526' title='bbox 2607 3215 3039 3288; x_wconf 80' lang='grc' dir='ltr'><strong>πονηρευόμενος</strong></span> <span class='ocrx_word' id='word_1_527' title='bbox 3062 3215 3156 3268; x_wconf 68' lang='grc' dir='ltr'><strong>ἐπὶ</strong></span> <span class='ocrx_word' id='word_1_528' title='bbox 3177 3215 3291 3277; x_wconf 84' lang='grc' dir='ltr'>τοῖς</span> <span class='ocrx_word' id='word_1_529' title='bbox 3316 3213 3598 3284; x_wconf 83' lang='grc' dir='ltr'><strong>λυπήσασι</strong></span> <span class='ocrx_word' id='word_1_530' title='bbox 3613 3251 3628 3276; x_wconf 93' lang='grc'><strong>,</strong></span> <span class='ocrx_word' id='word_1_531' title='bbox 3667 3210 3847 3279; x_wconf 76' lang='grc' dir='ltr'><strong>καὶτῆς</strong></span> 
     </span>
    </p>
   </div>
   <div class='ocr_carea' id='block_1_77' title="bbox 2315 3298 3838 3383">
    <p class='ocr_par' dir='ltr' id='par_1_77' title="bbox 2315 3298 3838 3383">
     <span class='ocr_line' id='line_1_77' title="bbox 2315 3298 3838 3383; baseline -0.008 -18"><span class='ocrx_word' id='word_1_532' title='bbox 2315 3312 2452 3383; x_wconf 69' lang='grc' dir='ltr'><strong>πρὸς</strong></span> <span class='ocrx_word' id='word_1_533' title='bbox 2497 3310 2692 3374; x_wconf 77' lang='grc' dir='ltr'><strong>αὐτοὺς</strong></span> <span class='ocrx_word' id='word_1_534' title='bbox 2735 3307 2958 3377; x_wconf 85' lang='grc' dir='ltr'><strong>ἀγάπης</strong></span> <span class='ocrx_word' id='word_1_535' title='bbox 2996 3305 3190 3361; x_wconf 79' lang='grc' dir='ltr'><strong>ἑαυτὸν</strong></span> <span class='ocrx_word' id='word_1_536' title='bbox 3221 3304 3591 3371; x_wconf 79' lang='grc' dir='ltr'><strong>ἀποκόπτων,</strong></span> <span class='ocrx_word' id='word_1_537' title='bbox 3643 3301 3744 3367; x_wconf 82' lang='grc' dir='ltr'><strong>πῶς</strong></span> <span class='ocrx_word' id='word_1_538' title='bbox 3767 3298 3838 3355; x_wconf 82' lang='grc' dir='ltr'><strong>τοῦ</strong></span> 
     </span>
    </p>
   </div>
   <div class='ocr_carea' id='block_1_78' title="bbox 2315 3397 3559 3470">
    <p class='ocr_par' dir='ltr' id='par_1_78' title="bbox 2315 3397 3559 3470">
     <span class='ocr_line' id='line_1_78' title="bbox 2315 3397 3559 3470; baseline -0.004 -14"><span class='ocrx_word' id='word_1_539' title='bbox 2315 3401 2520 3456; x_wconf 80' lang='grc' dir='ltr'><strong>σκοποῦ</strong></span> <span class='ocrx_word' id='word_1_540' title='bbox 2549 3400 2651 3470; x_wconf 89' lang='grc' dir='ltr'><strong>τῆς</strong></span> <span class='ocrx_word' id='word_1_541' title='bbox 2679 3399 2828 3463; x_wconf 82' lang='grc' dir='ltr'><strong>θείας</strong></span> <span class='ocrx_word' id='word_1_542' title='bbox 2860 3397 3122 3467; x_wconf 86' lang='grc' dir='ltr'>Προνοίας</span> <span class='ocrx_word' id='word_1_543' title='bbox 3147 3397 3250 3451; x_wconf 85' lang='grc' dir='ltr'><strong>οὐκ</strong></span> <span class='ocrx_word' id='word_1_544' title='bbox 3273 3397 3559 3452; x_wconf 75' lang='grc' dir='ltr'><strong>ἐκπίπτει.</strong></span> 
     </span>
    </p>
   </div>
   <div class='ocr_carea' id='block_1_79' title="bbox 2385 3571 3840 3648">
    <p class='ocr_par' dir='ltr' id='par_1_79' title="bbox 2385 3571 3840 3648">
     <span class='ocr_line' id='line_1_79' title="bbox 2385 3571 3840 3648; baseline -0.005 -19"><span class='ocrx_word' id='word_1_545' title='bbox 2385 3575 2473 3632; x_wconf 84' lang='grc' dir='ltr'><strong>ιθ’.</strong></span> <span class='ocrx_word' id='word_1_546' title='bbox 2532 3574 2776 3645; x_wconf 90' lang='grc' dir='ltr'><strong>Πρόσεχε</strong></span> <span class='ocrx_word' id='word_1_547' title='bbox 2831 3574 3072 3646; x_wconf 84' lang='grc' dir='ltr'><strong>σεαυτῷ,</strong></span> <span class='ocrx_word' id='word_1_548' title='bbox 3127 3575 3339 3648; x_wconf 85' lang='grc' dir='ltr'><strong>μήποτε</strong></span> <span class='ocrx_word' id='word_1_549' title='bbox 3389 3575 3424 3642; x_wconf 84' lang='grc' dir='ltr'>ὴ</span> <span class='ocrx_word' id='word_1_550' title='bbox 3477 3571 3755 3645; x_wconf 80' lang='grc' dir='ltr'><strong>χωρίζουσά</strong></span> <span class='ocrx_word' id='word_1_551' title='bbox 3796 3586 3840 3622; x_wconf 86' lang='grc' dir='ltr'><strong>σε</strong></span> 
     </span>
    </p>
   </div>
   <div class='ocr_carea' id='block_1_80' title="bbox 2313 3659 3840 3737">
    <p class='ocr_par' dir='ltr' id='par_1_80' title="bbox 2313 3659 3840 3737">
     <span class='ocr_line' id='line_1_80' title="bbox 2313 3659 3840 3737; baseline -0.005 -17"><span class='ocrx_word' id='word_1_552' title='bbox 2313 3667 2377 3720; x_wconf 81' lang='grc' dir='ltr'><strong>ὲκ</strong></span> <span class='ocrx_word' id='word_1_553' title='bbox 2402 3665 2497 3720; x_wconf 90' lang='grc' dir='ltr'><strong>τοῦ</strong></span> <span class='ocrx_word' id='word_1_554' title='bbox 2523 3666 2752 3736; x_wconf 87' lang='grc' dir='ltr'><strong>ἀδελφοῦ</strong></span> <span class='ocrx_word' id='word_1_555' title='bbox 2782 3666 2972 3733; x_wconf 86' lang='grc' dir='ltr'><strong>κακία,</strong></span> <span class='ocrx_word' id='word_1_556' title='bbox 3007 3666 3106 3720; x_wconf 77' lang='grc' dir='ltr'><strong>οὐκ</strong></span> <span class='ocrx_word' id='word_1_557' title='bbox 3137 3668 3196 3720; x_wconf 83' lang='grc' dir='ltr'><strong>ὲν</strong></span> <span class='ocrx_word' id='word_1_558' title='bbox 3223 3665 3300 3737; x_wconf 82' lang='grc' dir='ltr'><strong>τῷ</strong></span> <span class='ocrx_word' id='word_1_559' title='bbox 3326 3665 3565 3735; x_wconf 82' lang='grc' dir='ltr'><strong>ἀδελφῷ·</strong></span> <span class='ocrx_word' id='word_1_560' title='bbox 3592 3663 3695 3719; x_wconf 83' lang='grc' dir='ltr'><strong>ἀλλ’</strong></span> <span class='ocrx_word' id='word_1_561' title='bbox 3714 3663 3762 3717; x_wconf 85' lang='grc' dir='ltr'><strong>ὲν</strong></span> <span class='ocrx_word' id='word_1_562' title='bbox 3779 3659 3840 3714; x_wconf 69' lang='grc' dir='ltr'><strong>σοὶ</strong></span> 
     </span>
    </p>
   </div>
   <div class='ocr_carea' id='block_1_81' title="bbox 2313 3755 3832 3832">
    <p class='ocr_par' dir='ltr' id='par_1_81' title="bbox 2313 3755 3832 3832">
     <span class='ocr_line' id='line_1_81' title="bbox 2313 3755 3832 3832; baseline -0.002 -18"><span class='ocrx_word' id='word_1_563' title='bbox 2313 3761 2638 3832; x_wconf 77' lang='grc' dir='ltr'><strong>εὑρίσκηται</strong></span> <span class='ocrx_word' id='word_1_564' title='bbox 2654 3777 2669 3790; x_wconf 77' lang='grc'><strong><em>⁸</em></strong></span> <span class='ocrx_word' id='word_1_565' title='bbox 2724 3761 2820 3815; x_wconf 75' lang='grc' dir='ltr'><strong>καὶ</strong></span> <span class='ocrx_word' id='word_1_566' title='bbox 2846 3762 3079 3815; x_wconf 79' lang='grc' dir='ltr'><strong>σπεῦσον</strong></span> <span class='ocrx_word' id='word_1_567' title='bbox 3103 3760 3252 3831; x_wconf 85' lang='grc' dir='ltr'><strong>αὐτῷ</strong></span> <span class='ocrx_word' id='word_1_568' title='bbox 3278 3760 3648 3832; x_wconf 87' lang='grc' dir='ltr'><strong>διαλλαγῆναι,</strong></span> <span class='ocrx_word' id='word_1_569' title='bbox 3680 3758 3753 3810; x_wconf 75' lang='grc' dir='ltr'><strong>ἵνα</strong></span> <span class='ocrx_word' id='word_1_570' title='bbox 3776 3755 3832 3826; x_wconf 79' lang='grc' dir='ltr'><strong>μή</strong></span> 
     </span>
    </p>
   </div>
   <div class='ocr_carea' id='block_1_82' title="bbox 2312 3852 3322 3924">
    <p class='ocr_par' dir='ltr' id='par_1_82' title="bbox 2312 3852 3322 3924">
     <span class='ocr_line' id='line_1_82' title="bbox 2312 3852 3322 3924; baseline 0 -17"><span class='ocrx_word' id='word_1_571' title='bbox 2312 3854 2415 3924; x_wconf 89' lang='grc' dir='ltr'><strong>τῆς</strong></span> <span class='ocrx_word' id='word_1_572' title='bbox 2438 3852 2665 3924; x_wconf 80' lang='grc' dir='ltr'><strong>ἐντολῆς</strong></span> <span class='ocrx_word' id='word_1_573' title='bbox 2689 3854 2791 3924; x_wconf 87' lang='grc' dir='ltr'><strong>τῆς</strong></span> <span class='ocrx_word' id='word_1_574' title='bbox 2815 3853 3036 3923; x_wconf 89' lang='grc' dir='ltr'><strong>ἀγάπης</strong></span> <span class='ocrx_word' id='word_1_575' title='bbox 3060 3852 3322 3924; x_wconf 79' lang='grc' dir='ltr'><strong>ὲκπέσῃς.</strong></span> 
     </span>
    </p>
   </div>
   <div class='ocr_carea' id='block_1_83' title="bbox 2385 3941 3840 4016">
    <p class='ocr_par' dir='ltr' id='par_1_83' title="bbox 2385 3941 3840 4016">
     <span class='ocr_line' id='line_1_83' title="bbox 2385 3941 3840 4016; baseline 0.001 -18"><span class='ocrx_word' id='word_1_576' title='bbox 2385 3950 2458 4000; x_wconf 85' lang='grc' dir='ltr'><strong>κ’.</strong></span> <span class='ocrx_word' id='word_1_577' title='bbox 2516 3944 2610 4016; x_wconf 87' lang='grc' dir='ltr'><strong>Μὴ</strong></span> <span class='ocrx_word' id='word_1_578' title='bbox 2651 3945 3064 4016; x_wconf 81' lang='grc' dir='ltr'><strong>καταφρονήσῃς</strong></span> <span class='ocrx_word' id='word_1_579' title='bbox 3114 3945 3215 4014; x_wconf 87' lang='grc' dir='ltr'><strong>τῆς</strong></span> <span class='ocrx_word' id='word_1_580' title='bbox 3253 3942 3475 4013; x_wconf 74' lang='grc' dir='ltr'><strong>ἐντολῆς</strong></span> <span class='ocrx_word' id='word_1_581' title='bbox 3522 3942 3617 4008; x_wconf 88' lang='grc' dir='ltr'><strong>τῆς</strong></span> <span class='ocrx_word' id='word_1_582' title='bbox 3647 3941 3840 4009; x_wconf 74' lang='grc' dir='ltr'><strong>ἀγάπης,</strong></span> 
     </span>
    </p>
   </div>
   <div class='ocr_carea' id='block_1_84' title="bbox 2310 4032 3835 4110">
    <p class='ocr_par' dir='ltr' id='par_1_84' title="bbox 2310 4032 3835 4110">
     <span class='ocr_line' id='line_1_84' title="bbox 2310 4032 3835 4110; baseline -0.006 -18"><span class='ocrx_word' id='word_1_583' title='bbox 2310 4038 2394 4092; x_wconf 85' lang='grc' dir='ltr'><strong>ὅτι</strong></span> <span class='ocrx_word' id='word_1_584' title='bbox 2444 4037 2513 4092; x_wconf 80' lang='grc' dir='ltr'><strong>δι’</strong></span> <span class='ocrx_word' id='word_1_585' title='bbox 2546 4037 2718 4108; x_wconf 83' lang='grc' dir='ltr'><strong>αὐτῆς</strong></span> <span class='ocrx_word' id='word_1_586' title='bbox 2771 4039 2886 4102; x_wconf 80' lang='grc' dir='ltr'><strong>υίὸς</strong></span> <span class='ocrx_word' id='word_1_587' title='bbox 2909 4037 3044 4091; x_wconf 86' lang='grc' dir='ltr'><strong>Θεοῦ</strong></span> <span class='ocrx_word' id='word_1_588' title='bbox 3073 4037 3200 4109; x_wconf 74' lang='grc' dir='ltr'><strong>ἔσῃ’</strong></span> <span class='ocrx_word' id='word_1_589' title='bbox 3267 4039 3334 4110; x_wconf 72' lang='grc' dir='ltr'>ἣν</span> <span class='ocrx_word' id='word_1_590' title='bbox 3360 4036 3720 4109; x_wconf 88' lang='grc' dir='ltr'><strong>παραϐαίνων,</strong></span> <span class='ocrx_word' id='word_1_591' title='bbox 3753 4032 3835 4093; x_wconf 58' lang='lat' dir='ltr'><strong>uti;</strong></span> 
     </span>
    </p>
   </div>
   <div class='ocr_carea' id='block_1_85' title="bbox 2311 4131 2837 4204">
    <p class='ocr_par' dir='ltr' id='par_1_85' title="bbox 2311 4131 2837 4204">
     <span class='ocr_line' id='line_1_85' title="bbox 2311 4131 2837 4204; baseline -0.002 -19"><span class='ocrx_word' id='word_1_592' title='bbox 2311 4131 2539 4202; x_wconf 84' lang='grc' dir='ltr'><strong>γεέννης</strong></span> <span class='ocrx_word' id='word_1_593' title='bbox 2567 4131 2837 4204; x_wconf 79' lang='grc' dir='ltr'><strong>εὑρεθήσῃ</strong></span> 
     </span>
    </p>
   </div>
   <div class='ocr_carea' id='block_1_86' title="bbox 2381 4216 3840 4293">
    <p class='ocr_par' dir='ltr' id='par_1_86' title="bbox 2381 4216 3840 4293">
     <span class='ocr_line' id='line_1_86' title="bbox 2381 4216 3840 4293; baseline -0.005 -17"><span class='ocrx_word' id='word_1_594' title='bbox 2381 4229 2488 4280; x_wconf 80' lang='grc' dir='ltr'><strong>κα’.</strong></span> <span class='ocrx_word' id='word_1_595' title='bbox 2550 4224 2632 4277; x_wconf 88' lang='grc' dir='ltr'><strong>Τά</strong></span> <span class='ocrx_word' id='word_1_596' title='bbox 2680 4222 2982 4293; x_wconf 80' lang='grc' dir='ltr'><strong>χωρίζοντα</strong></span> <span class='ocrx_word' id='word_1_597' title='bbox 3027 4222 3128 4292; x_wconf 87' lang='grc' dir='ltr'><strong>τῆς</strong></span> <span class='ocrx_word' id='word_1_598' title='bbox 3168 4221 3277 4274; x_wconf 79' lang='grc' dir='ltr'><strong>τῶν</strong></span> <span class='ocrx_word' id='word_1_599' title='bbox 3303 4221 3475 4291; x_wconf 87' lang='grc' dir='ltr'><strong>φίλων</strong></span> <span class='ocrx_word' id='word_1_600' title='bbox 3503 4221 3723 4291; x_wconf 73' lang='grc' dir='ltr'><strong>ἀγάπης,</strong></span> <span class='ocrx_word' id='word_1_601' title='bbox 3758 4216 3840 4270; x_wconf 65' lang='grc' dir='ltr'><strong>εἱσι</strong></span> 
     </span>
    </p>
   </div>
   <div class='ocr_carea' id='block_1_87' title="bbox 2310 4311 3840 4384">
    <p class='ocr_par' dir='ltr' id='par_1_87' title="bbox 2310 4311 3840 4384">
     <span class='ocr_line' id='line_1_87' title="bbox 2310 4311 3840 4384; baseline -0.004 -16"><span class='ocrx_word' id='word_1_602' title='bbox 2310 4313 2485 4368; x_wconf 83' lang='grc' dir='ltr'><strong>ταῦτα</strong></span> <span class='ocrx_word' id='word_1_603' title='bbox 2562 4313 2624 4367; x_wconf 84' lang='grc' dir='ltr'><strong>τὸ</strong></span> <span class='ocrx_word' id='word_1_604' title='bbox 2649 4314 2884 4382; x_wconf 86' lang='grc' dir='ltr'><strong>φθονεῖν,</strong></span> <span class='ocrx_word' id='word_1_605' title='bbox 2932 4313 2964 4384; x_wconf 79' lang='grc' dir='ltr'>ἢ</span> <span class='ocrx_word' id='word_1_606' title='bbox 2991 4313 3324 4382; x_wconf 71' lang='grc' dir='ltr'><strong>φθονεῖσθαιο</strong></span> <span class='ocrx_word' id='word_1_607' title='bbox 3358 4314 3423 4366; x_wconf 82' lang='grc' dir='ltr'><strong>τὸ</strong></span> <span class='ocrx_word' id='word_1_608' title='bbox 3448 4312 3686 4384; x_wconf 76' lang='grc' dir='ltr'><strong>ζημιοῦν,</strong></span> <span class='ocrx_word' id='word_1_609' title='bbox 3713 4313 3739 4380; x_wconf 76' lang='grc' dir='ltr'>ἦ</span> <span class='ocrx_word' id='word_1_610' title='bbox 3763 4311 3840 4377; x_wconf 74' lang='grc' dir='ltr'><strong>ζη-</strong></span> 
     </span>
    </p>
   </div>
   <div class='ocr_carea' id='block_1_88' title="bbox 2316 4400 3837 4478">
    <p class='ocr_par' dir='ltr' id='par_1_88' title="bbox 2316 4400 3837 4478">
     <span class='ocr_line' id='line_1_88' title="bbox 2316 4400 3837 4478; baseline -0.005 -18"><span class='ocrx_word' id='word_1_611' title='bbox 2316 4405 2604 4478; x_wconf 77' lang='grc' dir='ltr'><strong>μιοῦσθαιο</strong></span> <span class='ocrx_word' id='word_1_612' title='bbox 2664 4404 2727 4458; x_wconf 75' lang='grc' dir='ltr'><strong>τὸ</strong></span> <span class='ocrx_word' id='word_1_613' title='bbox 2779 4405 3104 4477; x_wconf 75' lang='grc' dir='ltr'><strong>ἀτιμάζειν,</strong></span> <span class='ocrx_word' id='word_1_614' title='bbox 3161 4406 3193 4477; x_wconf 77' lang='grc' dir='ltr'><strong>ἢ</strong></span> <span class='ocrx_word' id='word_1_615' title='bbox 3243 4405 3637 4476; x_wconf 81' lang='grc' dir='ltr'><strong>ἀτιμάζεσθαι,</strong></span> <span class='ocrx_word' id='word_1_616' title='bbox 3691 4403 3763 4455; x_wconf 71' lang='grc' dir='ltr'><strong>καὶ</strong></span> <span class='ocrx_word' id='word_1_617' title='bbox 3800 4400 3837 4452; x_wconf 72' lang='lat' dir='ltr'><strong>oi</strong></span> 
     </span>
    </p>
   </div>
   <div class='ocr_carea' id='block_1_89' title="bbox 642 4485 2213 4570">
    <p class='ocr_par' dir='ltr' id='par_1_89' title="bbox 642 4495 2213 4564">
     <span class='ocr_line' id='line_1_89' title="bbox 642 4495 2213 4564; baseline 0.008 -16"><span class='ocrx_word' id='word_1_618' title='bbox 642 4509 780 4563; x_wconf 88' lang='lat' dir='ltr'><strong>quas</strong></span> <span class='ocrx_word' id='word_1_619' title='bbox 838 4495 1178 4564; x_wconf 89' lang='lat' dir='ltr'><strong>suspiciosus</strong></span> <span class='ocrx_word' id='word_1_620' title='bbox 1234 4497 1451 4553; x_wconf 90' lang='lat' dir='ltr'><strong>animus</strong></span> <span class='ocrx_word' id='word_1_621' title='bbox 1515 4501 1760 4559; x_wconf 87' lang='lat' dir='ltr'><strong>rationes</strong></span> <span class='ocrx_word' id='word_1_622' title='bbox 1807 4503 2074 4560; x_wconf 88' lang='lat' dir='ltr'><strong>obtrudit.</strong></span> <span class='ocrx_word' id='word_1_623' title='bbox 2133 4505 2213 4561; x_wconf 89' lang='lat' dir='ltr'><strong>Ne</strong></span> 
     </span>
    </p>
   </div>
   <div class='ocr_carea' id='block_1_90' title="bbox 2312 4485 3838 4570">
    <p class='ocr_par' dir='ltr' id='par_1_90' title="bbox 2316 4491 3838 4570">
     <span class='ocr_line' id='line_1_90' title="bbox 2316 4491 3838 4570; baseline -0.005 -17"><span class='ocrx_word' id='word_1_624' title='bbox 2316 4500 2376 4566; x_wconf 75' lang='grc' dir='ltr'><strong>ἐξ</strong></span> <span class='ocrx_word' id='word_1_625' title='bbox 2411 4498 2664 4564; x_wconf 85' lang='grc' dir='ltr'><strong>ὑπονοίας</strong></span> <span class='ocrx_word' id='word_1_626' title='bbox 2697 4499 2963 4570; x_wconf 84' lang='grc' dir='ltr'><strong>λογισμοί.</strong></span> <span class='ocrx_word' id='word_1_627' title='bbox 2996 4499 3224 4568; x_wconf 84' lang='grc' dir='ltr'><strong>Μήποτε</strong></span> <span class='ocrx_word' id='word_1_628' title='bbox 3253 4495 3346 4553; x_wconf 83' lang='grc' dir='ltr'>οῦν</span> <span class='ocrx_word' id='word_1_629' title='bbox 3373 4499 3601 4570; x_wconf 77' lang='grc' dir='ltr'><strong>ἐδρασάς</strong></span> <span class='ocrx_word' id='word_1_630' title='bbox 3629 4515 3675 4551; x_wconf 83' lang='grc' dir='ltr'><strong>τι</strong></span> <span class='ocrx_word' id='word_1_631' title='bbox 3701 4491 3838 4549; x_wconf 79' lang='grc' dir='ltr'><strong>τοιοῦ-</strong></span> 
     </span>
    </p>
   </div>
   <div class='ocr_carea' id='block_1_91' title="bbox 642 4583 2214 4663">
    <p class='ocr_par' dir='ltr' id='par_1_91' title="bbox 642 4583 2214 4663">
     <span class='ocr_line' id='line_1_91' title="bbox 642 4583 2214 4663; baseline 0.008 -25"><span class='ocrx_word' id='word_1_632' title='bbox 642 4583 783 4639; x_wconf 85' lang='lat' dir='ltr'><strong>forte</strong></span> <span class='ocrx_word' id='word_1_633' title='bbox 813 4584 978 4656; x_wconf 78' lang='lat' dir='ltr'><strong>igitur</strong></span> <span class='ocrx_word' id='word_1_634' title='bbox 1003 4585 1210 4655; x_wconf 90' lang='lat' dir='ltr'><strong>aliquid</strong></span> <span class='ocrx_word' id='word_1_635' title='bbox 1239 4588 1508 4658; x_wconf 88' lang='lat' dir='ltr'><strong>ejusmodi</strong></span> <span class='ocrx_word' id='word_1_636' title='bbox 1549 4591 1750 4661; x_wconf 80' lang='lat' dir='ltr'><strong>egeris,</strong></span> <span class='ocrx_word' id='word_1_637' title='bbox 1788 4593 1875 4648; x_wconf 91' lang='lat' dir='ltr'><strong>vel</strong></span> <span class='ocrx_word' id='word_1_638' title='bbox 1900 4609 2094 4663; x_wconf 90' lang='lat' dir='ltr'><strong>passus</strong></span> <span class='ocrx_word' id='word_1_639' title='bbox 2117 4597 2214 4662; x_wconf 92' lang='lat' dir='ltr'><strong>sis,</strong></span> 
     </span>
    </p>
   </div>
   <div class='ocr_carea' id='block_1_92' title="bbox 642 4675 2106 4753">
    <p class='ocr_par' dir='ltr' id='par_1_92' title="bbox 642 4675 2106 4753">
     <span class='ocr_line' id='line_1_92' title="bbox 642 4675 2106 4753; baseline 0.005 -22"><span class='ocrx_word' id='word_1_640' title='bbox 642 4691 874 4746; x_wconf 84' lang='lat' dir='ltr'><strong>eamque</strong></span> <span class='ocrx_word' id='word_1_641' title='bbox 907 4675 979 4731; x_wconf 93' lang='lat' dir='ltr'><strong>ob</strong></span> <span class='ocrx_word' id='word_1_642' title='bbox 1003 4691 1121 4731; x_wconf 91' lang='lat' dir='ltr'><strong>rem</strong></span> <span class='ocrx_word' id='word_1_643' title='bbox 1143 4677 1212 4732; x_wconf 89' lang='lat' dir='ltr'><strong>ab</strong></span> <span class='ocrx_word' id='word_1_644' title='bbox 1237 4678 1400 4733; x_wconf 89' lang='lat' dir='ltr'><strong>amici</strong></span> <span class='ocrx_word' id='word_1_645' title='bbox 1439 4680 1736 4737; x_wconf 90' lang='lat' dir='ltr'><strong>dilectione</strong></span> <span class='ocrx_word' id='word_1_646' title='bbox 1767 4682 2106 4753; x_wconf 76' lang='lat' dir='ltr'><strong>abjungeris.</strong></span> 
     </span>
    </p>
   </div>
   <div class='ocr_carea' id='block_1_93' title="bbox 713 4768 2218 4844">
    <p class='ocr_par' dir='ltr' id='par_1_93' title="bbox 713 4768 2218 4844">
     <span class='ocr_line' id='line_1_93' title="bbox 713 4768 2218 4844; baseline 0.005 -20"><span class='ocrx_word' id='word_1_647' title='bbox 713 4769 801 4824; x_wconf 83' lang='grc'><strong>22.</strong></span> <span class='ocrx_word' id='word_1_648' title='bbox 826 4768 1043 4824; x_wconf 79' lang='lat' dir='ltr'><strong>Accidit</strong></span> <span class='ocrx_word' id='word_1_649' title='bbox 1062 4769 1184 4833; x_wconf 89' lang='lat' dir='ltr'><strong>tibi,</strong></span> <span class='ocrx_word' id='word_1_650' title='bbox 1209 4768 1378 4826; x_wconf 88' lang='lat' dir='ltr'><strong>fratre</strong></span> <span class='ocrx_word' id='word_1_651' title='bbox 1405 4780 1649 4837; x_wconf 86' lang='lat' dir='ltr'><strong>auctore,</strong></span> <span class='ocrx_word' id='word_1_652' title='bbox 1675 4774 1941 4830; x_wconf 90' lang='lat' dir='ltr'><strong>nonnulla</strong></span> <span class='ocrx_word' id='word_1_653' title='bbox 1964 4775 2218 4844; x_wconf 86' lang='lat' dir='ltr'><strong>tentatio,</strong></span> 
     </span>
    </p>
   </div>
   <div class='ocr_carea' id='block_1_94' title="bbox 642 4859 2217 4934">
    <p class='ocr_par' dir='ltr' id='par_1_94' title="bbox 642 4859 2217 4934">
     <span class='ocr_line' id='line_1_94' title="bbox 642 4859 2217 4934; baseline 0.004 -17"><span class='ocrx_word' id='word_1_654' title='bbox 642 4869 1052 4931; x_wconf 87' lang='lat' dir='ltr'><strong>conccptusque</strong></span> <span class='ocrx_word' id='word_1_655' title='bbox 1078 4859 1238 4916; x_wconf 90' lang='lat' dir='ltr'><strong>dolor</strong></span> <span class='ocrx_word' id='word_1_656' title='bbox 1269 4861 1324 4916; x_wconf 92' lang='lat' dir='ltr'><strong>in</strong></span> <span class='ocrx_word' id='word_1_657' title='bbox 1362 4862 1551 4918; x_wconf 92' lang='lat' dir='ltr'><strong>odium</strong></span> <span class='ocrx_word' id='word_1_658' title='bbox 1588 4864 1824 4934; x_wconf 88' lang='lat' dir='ltr'><strong>impulit.</strong></span> <span class='ocrx_word' id='word_1_659' title='bbox 1863 4865 2005 4922; x_wconf 90' lang='lat' dir='ltr'><strong>Cave</strong></span> <span class='ocrx_word' id='word_1_660' title='bbox 2033 4883 2104 4923; x_wconf 88' lang='lat' dir='ltr'><strong>ne</strong></span> <span class='ocrx_word' id='word_1_661' title='bbox 2146 4869 2217 4924; x_wconf 89' lang='lat' dir='ltr'><strong>ab</strong></span> 
     </span>
    </p>
   </div>
   <div class='ocr_carea' id='block_1_95' title="bbox 641 4953 2218 5020">
    <p class='ocr_par' dir='ltr' id='par_1_95' title="bbox 641 4953 2218 5020">
     <span class='ocr_line' id='line_1_95' title="bbox 641 4953 2218 5020; baseline 0.005 -10"><span class='ocrx_word' id='word_1_662' title='bbox 641 4955 770 5010; x_wconf 92' lang='lat' dir='ltr'><strong>odio</strong></span> <span class='ocrx_word' id='word_1_663' title='bbox 794 4954 1054 5020; x_wconf 87' lang='lat' dir='ltr'><strong>vincaris,</strong></span> <span class='ocrx_word' id='word_1_664' title='bbox 1095 4953 1192 5010; x_wconf 89' lang='lat' dir='ltr'><strong>sed</strong></span> <span class='ocrx_word' id='word_1_665' title='bbox 1215 4955 1375 5011; x_wconf 90' lang='lat' dir='ltr'><strong>vince</strong></span> <span class='ocrx_word' id='word_1_666' title='bbox 1407 4956 1593 5011; x_wconf 91' lang='lat' dir='ltr'><strong>odium</strong></span> <span class='ocrx_word' id='word_1_667' title='bbox 1622 4957 1674 5012; x_wconf 91' lang='lat' dir='ltr'><strong>in</strong></span> <span class='ocrx_word' id='word_1_668' title='bbox 1703 4958 1991 5016; x_wconf 86' lang='lat' dir='ltr'><strong>charitate.</strong></span> <span class='ocrx_word' id='word_1_669' title='bbox 2027 4962 2098 5019; x_wconf 91' lang='lat' dir='ltr'><strong>Ut</strong></span> <span class='ocrx_word' id='word_1_670' title='bbox 2119 4978 2218 5018; x_wconf 85' lang='lat' dir='ltr'><strong>au-</strong></span> 
     </span>
    </p>
   </div>
   <div class='ocr_carea' id='block_1_96' title="bbox 644 5046 2215 5112">
    <p class='ocr_par' dir='ltr' id='par_1_96' title="bbox 644 5046 2215 5112">
     <span class='ocr_line' id='line_1_96' title="bbox 644 5046 2215 5112; baseline 0.004 -10"><span class='ocrx_word' id='word_1_671' title='bbox 644 5055 754 5102; x_wconf 87' lang='lat' dir='ltr'><strong>tem</strong></span> <span class='ocrx_word' id='word_1_672' title='bbox 780 5048 989 5112; x_wconf 88' lang='lat' dir='ltr'><strong>vincas,</strong></span> <span class='ocrx_word' id='word_1_673' title='bbox 1035 5046 1111 5101; x_wconf 89' lang='lat' dir='ltr'><strong>ita</strong></span> <span class='ocrx_word' id='word_1_674' title='bbox 1151 5047 1372 5102; x_wconf 89' lang='lat' dir='ltr'><strong>demum</strong></span> <span class='ocrx_word' id='word_1_675' title='bbox 1415 5046 1528 5112; x_wconf 82' lang='lat' dir='ltr'><strong>fiet,</strong></span> <span class='ocrx_word' id='word_1_676' title='bbox 1571 5049 1618 5104; x_wconf 92' lang='lat' dir='ltr'><strong>si</strong></span> <span class='ocrx_word' id='word_1_677' title='bbox 1655 5065 1785 5106; x_wconf 89' lang='lat' dir='ltr'><strong>vere</strong></span> <span class='ocrx_word' id='word_1_678' title='bbox 1813 5066 1882 5107; x_wconf 79' lang='lat' dir='ltr'><strong>ex</strong></span> <span class='ocrx_word' id='word_1_679' title='bbox 1921 5053 2106 5108; x_wconf 88' lang='lat' dir='ltr'><strong>animo</strong></span> <span class='ocrx_word' id='word_1_680' title='bbox 2145 5055 2215 5109; x_wconf 91' lang='lat' dir='ltr'><strong>ad</strong></span> 
     </span>
    </p>
   </div>
   <div class='ocr_carea' id='block_1_97' title="bbox 641 5137 2216 5212">
    <p class='ocr_par' dir='ltr' id='par_1_97' title="bbox 641 5137 2216 5212">
     <span class='ocr_line' id='line_1_97' title="bbox 641 5137 2216 5212; baseline 0.004 -20"><span class='ocrx_word' id='word_1_681' title='bbox 641 5137 814 5192; x_wconf 83' lang='lat' dir='ltr'><strong>Deum</strong></span> <span class='ocrx_word' id='word_1_682' title='bbox 842 5152 944 5208; x_wconf 90' lang='lat' dir='ltr'><strong>pro</strong></span> <span class='ocrx_word' id='word_1_683' title='bbox 975 5153 1044 5192; x_wconf 92' lang='lat' dir='ltr'><strong>eo</strong></span> <span class='ocrx_word' id='word_1_684' title='bbox 1075 5137 1342 5205; x_wconf 88' lang='lat' dir='ltr'><strong>oraveris,</strong></span> <span class='ocrx_word' id='word_1_685' title='bbox 1390 5137 1553 5211; x_wconf 70' lang='grc'><strong>447</strong></span> <span class='ocrx_word' id='word_1_686' title='bbox 1595 5141 1824 5212; x_wconf 88' lang='lat' dir='ltr'><strong>ejusque</strong></span> <span class='ocrx_word' id='word_1_687' title='bbox 1861 5141 1978 5212; x_wconf 89' lang='lat' dir='ltr'><strong>ipse</strong></span> <span class='ocrx_word' id='word_1_688' title='bbox 2021 5143 2216 5199; x_wconf 84' lang='lat' dir='ltr'><strong>defen-</strong></span> 
     </span>
    </p>
   </div>
   <div class='ocr_carea' id='block_1_98' title="bbox 641 5229 2215 5300">
    <p class='ocr_par' dir='ltr' id='par_1_98' title="bbox 641 5229 2215 5300">
     <span class='ocr_line' id='line_1_98' title="bbox 641 5229 2215 5300; baseline 0.003 -16"><span class='ocrx_word' id='word_1_689' title='bbox 641 5229 854 5284; x_wconf 88' lang='lat' dir='ltr'><strong>sionem</strong></span> <span class='ocrx_word' id='word_1_690' title='bbox 881 5229 1225 5300; x_wconf 89' lang='lat' dir='ltr'><strong>susceperis;</strong></span> <span class='ocrx_word' id='word_1_691' title='bbox 1258 5245 1322 5284; x_wconf 90' lang='lat' dir='ltr'><strong>ac</strong></span> <span class='ocrx_word' id='word_1_692' title='bbox 1365 5239 1481 5285; x_wconf 89' lang='lat' dir='ltr'><strong>tum</strong></span> <span class='ocrx_word' id='word_1_693' title='bbox 1519 5229 1612 5286; x_wconf 89' lang='lat' dir='ltr'><strong>illa</strong></span> <span class='ocrx_word' id='word_1_694' title='bbox 1644 5248 1770 5286; x_wconf 91' lang='lat' dir='ltr'><strong>eum</strong></span> <span class='ocrx_word' id='word_1_695' title='bbox 1805 5232 2059 5298; x_wconf 90' lang='lat' dir='ltr'><strong>delinias,</strong></span> <span class='ocrx_word' id='word_1_696' title='bbox 2098 5243 2215 5289; x_wconf 92' lang='lat' dir='ltr'><strong>tum</strong></span> 
     </span>
    </p>
   </div>
   <div class='ocr_carea' id='block_1_99' title="bbox 643 5321 2216 5396">
    <p class='ocr_par' dir='ltr' id='par_1_99' title="bbox 643 5321 2216 5396">
     <span class='ocr_line' id='line_1_99' title="bbox 643 5321 2216 5396; baseline 0.002 -19"><span class='ocrx_word' id='word_1_697' title='bbox 643 5321 879 5392; x_wconf 85' lang='lat' dir='ltr'><strong>teipsum</strong></span> <span class='ocrx_word' id='word_1_698' title='bbox 925 5323 1246 5378; x_wconf 89' lang='lat' dir='ltr'><strong>tentationis</strong></span> <span class='ocrx_word' id='word_1_699' title='bbox 1275 5332 1559 5379; x_wconf 87' lang='lat' dir='ltr'><strong>auctorem</strong></span> <span class='ocrx_word' id='word_1_700' title='bbox 1588 5323 1898 5390; x_wconf 87' lang='lat' dir='ltr'><strong>arbitreris,</strong></span> <span class='ocrx_word' id='word_1_701' title='bbox 1925 5325 2088 5396; x_wconf 77' lang='lat' dir='ltr'><strong>longa</strong></span> <span class='ocrx_word' id='word_1_702' title='bbox 2120 5341 2216 5396; x_wconf 89' lang='lat' dir='ltr'><strong>pa-</strong></span> 
     </span>
    </p>
   </div>
   <div class='ocr_carea' id='block_1_100' title="bbox 648 5414 2215 5488">
    <p class='ocr_par' dir='ltr' id='par_1_100' title="bbox 648 5414 2215 5488">
     <span class='ocr_line' id='line_1_100' title="bbox 648 5414 2215 5488; baseline 0.004 -20"><span class='ocrx_word' id='word_1_703' title='bbox 648 5414 838 5470; x_wconf 76' lang='lat' dir='ltr'><strong>tientia</strong></span> <span class='ocrx_word' id='word_1_704' title='bbox 903 5415 1104 5481; x_wconf 86' lang='lat' dir='ltr'><strong>ferens,</strong></span> <span class='ocrx_word' id='word_1_705' title='bbox 1168 5416 1346 5471; x_wconf 85' lang='lat' dir='ltr'><strong>donec</strong></span> <span class='ocrx_word' id='word_1_706' title='bbox 1402 5417 1579 5472; x_wconf 89' lang='lat' dir='ltr'><strong>nubes</strong></span> <span class='ocrx_word' id='word_1_707' title='bbox 1637 5417 1742 5471; x_wconf 92' lang='lat' dir='ltr'><strong>ista</strong></span> <span class='ocrx_word' id='word_1_708' title='bbox 1809 5417 2215 5488; x_wconf 86' lang='lat' dir='ltr'><strong>obscurumque</strong></span> 
     </span>
    </p>
   </div>
   <div class='ocr_carea' id='block_1_101' title="bbox 645 5507 954 5564">
    <p class='ocr_par' dir='ltr' id='par_1_101' title="bbox 645 5507 954 5564">
     <span class='ocr_line' id='line_1_101' title="bbox 645 5507 954 5564; baseline 0 0"><span class='ocrx_word' id='word_1_709' title='bbox 645 5507 954 5564; x_wconf 86' lang='lat' dir='ltr'><strong>transierit.</strong></span> 
     </span>
    </p>
   </div>
   <div class='ocr_carea' id='block_1_102' title="bbox 718 5627 1710 5695">
    <p class='ocr_par' dir='ltr' id='par_1_102' title="bbox 718 5627 1710 5695">
     <span class='ocr_line' id='line_1_102' title="bbox 718 5627 1710 5695; baseline 0.001 -12"><span class='ocrx_word' id='word_1_710' title='bbox 718 5627 742 5658; x_wconf 85' lang='grc'>⁸</span> <span class='ocrx_word' id='word_1_711' title='bbox 780 5628 938 5683; x_wconf 79' lang='lat' dir='ltr'><strong>Joan.</strong></span> <span class='ocrx_word' id='word_1_712' title='bbox 965 5646 1039 5694; x_wconf 78' lang='lat' dir='ltr'><strong>xr,</strong></span> <span class='ocrx_word' id='word_1_713' title='bbox 1068 5630 1154 5684; x_wconf 76' lang='grc'><strong>52.</strong></span> <span class='ocrx_word' id='word_1_714' title='bbox 1232 5628 1300 5683; x_wconf 72' lang='grc'><strong>⁸1</strong></span> <span class='ocrx_word' id='word_1_715' title='bbox 1332 5629 1460 5685; x_wconf 89' lang='lat' dir='ltr'><strong>Cor.</strong></span> <span class='ocrx_word' id='word_1_716' title='bbox 1505 5646 1618 5695; x_wconf 82' lang='lat' dir='ltr'><strong>xm,</strong></span> <span class='ocrx_word' id='word_1_717' title='bbox 1655 5631 1710 5685; x_wconf 68' lang='grc'><strong>4.</strong></span> 
     </span>
    </p>
   </div>
   <div class='ocr_carea' id='block_1_103' title="bbox 2314 4586 3838 4664">
    <p class='ocr_par' dir='ltr' id='par_1_103' title="bbox 2314 4586 3838 4664">
     <span class='ocr_line' id='line_1_103' title="bbox 2314 4586 3838 4664; baseline 0.001 -19"><span class='ocrx_word' id='word_1_718' title='bbox 2314 4609 2408 4647; x_wconf 90' lang='grc' dir='ltr'><strong>τον</strong></span> <span class='ocrx_word' id='word_1_719' title='bbox 2434 4591 2468 4664; x_wconf 83' lang='grc' dir='ltr'>ἢ</span> <span class='ocrx_word' id='word_1_720' title='bbox 2498 4591 2793 4655; x_wconf 86' lang='grc' dir='ltr'><strong>πέπονθας,</strong></span> <span class='ocrx_word' id='word_1_721' title='bbox 2828 4592 2925 4646; x_wconf 75' lang='grc' dir='ltr'><strong>καὶ</strong></span> <span class='ocrx_word' id='word_1_722' title='bbox 2951 4589 3042 4644; x_wconf 87' lang='grc' dir='ltr'><strong>διά</strong></span> <span class='ocrx_word' id='word_1_723' title='bbox 3065 4590 3224 4644; x_wconf 84' lang='grc' dir='ltr'><strong>τοῦτο</strong></span> <span class='ocrx_word' id='word_1_724' title='bbox 3248 4591 3350 4663; x_wconf 88' lang='grc' dir='ltr'><strong>τῆς</strong></span> <span class='ocrx_word' id='word_1_725' title='bbox 3374 4590 3471 4646; x_wconf 89' lang='grc' dir='ltr'><strong>τοῦ</strong></span> <span class='ocrx_word' id='word_1_726' title='bbox 3496 4591 3642 4661; x_wconf 87' lang='grc' dir='ltr'><strong>φίλου</strong></span> <span class='ocrx_word' id='word_1_727' title='bbox 3665 4586 3838 4658; x_wconf 80' lang='grc' dir='ltr'><strong>ἀγάπης</strong></span> 
     </span>
    </p>
   </div>
   <div class='ocr_carea' id='block_1_104' title="bbox 2316 4681 3274 4757">
    <p class='ocr_par' dir='ltr' id='par_1_104' title="bbox 2316 4681 3274 4757">
     <span class='ocr_line' id='line_1_104' title="bbox 2316 4681 3274 4757; baseline 0.001 -18"><span class='ocrx_word' id='word_1_728' title='bbox 2316 4683 2525 4757; x_wconf 80' lang='grc' dir='ltr'><strong>χωρίζῃ</strong></span> <span class='ocrx_word' id='word_1_729' title='bbox 2554 4683 2714 4756; x_wconf 75' lang='lat' dir='ltr'><strong>[unus</strong></span> <span class='ocrx_word' id='word_1_730' title='bbox 2736 4683 2862 4755; x_wconf 86' lang='lat' dir='ltr'><strong>Reg.</strong></span> <span class='ocrx_word' id='word_1_731' title='bbox 2892 4681 3274 4757; x_wconf 75' lang='grc' dir='ltr'><strong>ἀποχωρίζῃ].;</strong></span> 
     </span>
    </p>
   </div>
   <div class='ocr_carea' id='block_1_105' title="bbox 2387 4765 3840 4846">
    <p class='ocr_par' dir='ltr' id='par_1_105' title="bbox 2387 4765 3840 4846">
     <span class='ocr_line' id='line_1_105' title="bbox 2387 4765 3840 4846; baseline -0.005 -17"><span class='ocrx_word' id='word_1_732' title='bbox 2387 4775 2492 4846; x_wconf 71' lang='grc' dir='ltr'><strong>κβθ.</strong></span> <span class='ocrx_word' id='word_1_733' title='bbox 2551 4775 2758 4846; x_wconf 88' lang='grc' dir='ltr'><strong>Συνέϐη</strong></span> <span class='ocrx_word' id='word_1_734' title='bbox 2808 4792 2894 4829; x_wconf 90' lang='grc' dir='ltr'><strong>σοι</strong></span> <span class='ocrx_word' id='word_1_735' title='bbox 2939 4775 3248 4846; x_wconf 74' lang='grc' dir='ltr'><strong>πειρασμὸς</strong></span> <span class='ocrx_word' id='word_1_736' title='bbox 3277 4773 3465 4829; x_wconf 78' lang='grc' dir='ltr'><strong>ὲκτοῦ</strong></span> <span class='ocrx_word' id='word_1_737' title='bbox 3499 4769 3743 4840; x_wconf 75' lang='grc' dir='ltr'><strong>ἀδελφοῦ,</strong></span> <span class='ocrx_word' id='word_1_738' title='bbox 3768 4765 3840 4821; x_wconf 81' lang='grc' dir='ltr'><strong>καὶ</strong></span> 
     </span>
    </p>
   </div>
   <div class='ocr_carea' id='block_1_106' title="bbox 2316 4861 3833 4938">
    <p class='ocr_par' dir='ltr' id='par_1_106' title="bbox 2316 4861 3833 4938">
     <span class='ocr_line' id='line_1_106' title="bbox 2316 4861 3833 4938; baseline -0.001 -19"><span class='ocrx_word' id='word_1_739' title='bbox 2316 4867 2351 4937; x_wconf 81' lang='grc' dir='ltr'><strong>ἡ</strong></span> <span class='ocrx_word' id='word_1_740' title='bbox 2371 4866 2519 4938; x_wconf 90' lang='grc' dir='ltr'><strong>λύπη</strong></span> <span class='ocrx_word' id='word_1_741' title='bbox 2547 4867 2626 4930; x_wconf 88' lang='grc' dir='ltr'>είς</span> <span class='ocrx_word' id='word_1_742' title='bbox 2651 4866 2808 4936; x_wconf 83' lang='grc' dir='ltr'><strong>μῖσός</strong></span> <span class='ocrx_word' id='word_1_743' title='bbox 2837 4882 2896 4919; x_wconf 90' lang='grc' dir='ltr'><strong>σε</strong></span> <span class='ocrx_word' id='word_1_744' title='bbox 2922 4866 3120 4936; x_wconf 70' lang='grc' dir='ltr'><strong>ἤγαγε.</strong></span> <span class='ocrx_word' id='word_1_745' title='bbox 3154 4865 3245 4936; x_wconf 80' lang='grc' dir='ltr'><strong>Μὴ</strong></span> <span class='ocrx_word' id='word_1_746' title='bbox 3278 4865 3415 4920; x_wconf 89' lang='grc' dir='ltr'><strong>νικῶ</strong></span> <span class='ocrx_word' id='word_1_747' title='bbox 3442 4864 3542 4920; x_wconf 77' lang='grc' dir='ltr'><strong>ὁπδ</strong></span> <span class='ocrx_word' id='word_1_748' title='bbox 3558 4863 3646 4918; x_wconf 85' lang='grc' dir='ltr'><strong>τοῦ</strong></span> <span class='ocrx_word' id='word_1_749' title='bbox 3668 4861 3833 4933; x_wconf 72' lang='grc' dir='ltr'><strong>μίσους,</strong></span> 
     </span>
    </p>
   </div>
   <div class='ocr_carea' id='block_1_107' title="bbox 2317 4950 3835 5030">
    <p class='ocr_par' dir='ltr' id='par_1_107' title="bbox 2317 4950 3835 5030">
     <span class='ocr_line' id='line_1_107' title="bbox 2317 4950 3835 5030; baseline -0.003 -18"><span class='ocrx_word' id='word_1_750' title='bbox 2317 4958 2453 5012; x_wconf 88' lang='grc' dir='ltr'><strong>ἀλλά</strong></span> <span class='ocrx_word' id='word_1_751' title='bbox 2482 4958 2608 5014; x_wconf 87' lang='grc' dir='ltr'><strong>νίκα</strong></span> <span class='ocrx_word' id='word_1_752' title='bbox 2637 4959 2695 5012; x_wconf 74' lang='grc' dir='ltr'><strong>ἐν</strong></span> <span class='ocrx_word' id='word_1_753' title='bbox 2726 4961 2792 5030; x_wconf 78' lang='grc' dir='ltr'><strong>τῇ</strong></span> <span class='ocrx_word' id='word_1_754' title='bbox 2817 4958 3003 5030; x_wconf 81' lang='grc' dir='ltr'><strong>ἀγάπῃ</strong></span> <span class='ocrx_word' id='word_1_755' title='bbox 3033 4958 3094 5012; x_wconf 85' lang='grc' dir='ltr'><strong>τὸ</strong></span> <span class='ocrx_word' id='word_1_756' title='bbox 3125 4960 3304 5028; x_wconf 82' lang='grc' dir='ltr'><strong>μῖσος.</strong></span> <span class='ocrx_word' id='word_1_757' title='bbox 3338 4957 3596 5030; x_wconf 73' lang='grc' dir='ltr'><strong>Νικήσεις</strong></span> <span class='ocrx_word' id='word_1_758' title='bbox 3616 4955 3665 5007; x_wconf 89' lang='grc' dir='ltr'><strong>δὲ</strong></span> <span class='ocrx_word' id='word_1_759' title='bbox 3690 4950 3835 5022; x_wconf 67' lang='grc' dir='ltr'><strong>τρόπῳ</strong></span> 
     </span>
    </p>
   </div>
   <div class='ocr_carea' id='block_1_108' title="bbox 2316 5041 3833 5123">
    <p class='ocr_par' dir='ltr' id='par_1_108' title="bbox 2316 5041 3833 5123">
     <span class='ocr_line' id='line_1_108' title="bbox 2316 5041 3833 5123; baseline -0.004 -18"><span class='ocrx_word' id='word_1_760' title='bbox 2316 5051 2572 5122; x_wconf 83' lang='grc' dir='ltr'><strong>τοιούτῳ·</strong></span> <span class='ocrx_word' id='word_1_761' title='bbox 2628 5052 3066 5122; x_wconf 78' lang='grc' dir='ltr'><strong>προσευχόμενος</strong></span> <span class='ocrx_word' id='word_1_762' title='bbox 3107 5051 3248 5123; x_wconf 81' lang='grc' dir='ltr'><strong>ὑπὲρ</strong></span> <span class='ocrx_word' id='word_1_763' title='bbox 3289 5050 3456 5106; x_wconf 81' lang='grc' dir='ltr'><strong>αὐτοῦ</strong></span> <span class='ocrx_word' id='word_1_764' title='bbox 3489 5047 3706 5119; x_wconf 86' lang='grc' dir='ltr'><strong>γνησίως</strong></span> <span class='ocrx_word' id='word_1_765' title='bbox 3731 5041 3833 5113; x_wconf 68' lang='grc' dir='ltr'><strong>πρὸς</strong></span> 
     </span>
    </p>
   </div>
   <div class='ocr_carea' id='block_1_109' title="bbox 2316 5131 3832 5214">
    <p class='ocr_par' dir='ltr' id='par_1_109' title="bbox 2316 5131 3832 5214">
     <span class='ocr_line' id='line_1_109' title="bbox 2316 5131 3832 5214; baseline -0.01 -17"><span class='ocrx_word' id='word_1_766' title='bbox 2316 5143 2408 5197; x_wconf 79' lang='grc' dir='ltr'><strong>τὸν</strong></span> <span class='ocrx_word' id='word_1_767' title='bbox 2432 5143 2565 5197; x_wconf 90' lang='grc' dir='ltr'><strong>Θεόν</strong></span> <span class='ocrx_word' id='word_1_768' title='bbox 2581 5158 2597 5174; x_wconf 89' lang='grc'><strong>·</strong></span> <span class='ocrx_word' id='word_1_769' title='bbox 2647 5143 2749 5214; x_wconf 85' lang='grc' dir='ltr'><strong>τήν</strong></span> <span class='ocrx_word' id='word_1_770' title='bbox 2773 5159 2834 5196; x_wconf 89' lang='grc' dir='ltr'><strong>τε</strong></span> <span class='ocrx_word' id='word_1_771' title='bbox 2865 5142 3160 5211; x_wconf 84' lang='grc' dir='ltr'><strong>ἀπολογίαν</strong></span> <span class='ocrx_word' id='word_1_772' title='bbox 3184 5142 3350 5196; x_wconf 79' lang='grc' dir='ltr'><strong>αὑτοῦ</strong></span> <span class='ocrx_word' id='word_1_773' title='bbox 3376 5141 3651 5213; x_wconf 80' lang='grc' dir='ltr'><strong>δεχόμενος</strong></span> <span class='ocrx_word' id='word_1_774' title='bbox 3669 5153 3681 5166; x_wconf 90' lang='grc'>·</span> <span class='ocrx_word' id='word_1_775' title='bbox 3712 5135 3738 5205; x_wconf 81' lang='grc' dir='ltr'>ἢ</span> <span class='ocrx_word' id='word_1_776' title='bbox 3763 5131 3832 5184; x_wconf 73' lang='grc' dir='ltr'><strong>καὶ</strong></span> 
     </span>
    </p>
   </div>
   <div class='ocr_carea' id='block_1_110' title="bbox 2316 5223 3832 5307">
    <p class='ocr_par' dir='ltr' id='par_1_110' title="bbox 2316 5223 3832 5307">
     <span class='ocr_line' id='line_1_110' title="bbox 2316 5223 3832 5307; baseline -0.011 -15"><span class='ocrx_word' id='word_1_777' title='bbox 2316 5237 2478 5300; x_wconf 76' lang='grc' dir='ltr'><strong>αὐτὸς</strong></span> <span class='ocrx_word' id='word_1_778' title='bbox 2511 5235 2598 5290; x_wconf 81' lang='grc' dir='ltr'><strong>διὰ</strong></span> <span class='ocrx_word' id='word_1_779' title='bbox 2624 5223 2828 5302; x_wconf 76' lang='grc' dir='ltr'><strong>ταύτης</strong></span> <span class='ocrx_word' id='word_1_780' title='bbox 2854 5235 3015 5290; x_wconf 76' lang='grc' dir='ltr'><strong>αὐτὸν</strong></span> <span class='ocrx_word' id='word_1_781' title='bbox 3040 5234 3381 5307; x_wconf 81' lang='grc' dir='ltr'><strong>θεραπεύων,</strong></span> <span class='ocrx_word' id='word_1_782' title='bbox 3432 5235 3525 5289; x_wconf 68' lang='grc' dir='ltr'>καῖ</span> <span class='ocrx_word' id='word_1_783' title='bbox 3554 5229 3750 5285; x_wconf 74' lang='grc' dir='ltr'><strong>σεαυτὸν</strong></span> <span class='ocrx_word' id='word_1_784' title='bbox 3766 5223 3832 5278; x_wconf 70' lang='lat' dir='ltr'><strong>ai-</strong></span> 
     </span>
    </p>
   </div>
   <div class='ocr_carea' id='block_1_111' title="bbox 2321 5315 3833 5398">
    <p class='ocr_par' dir='ltr' id='par_1_111' title="bbox 2321 5315 3833 5398">
     <span class='ocr_line' id='line_1_111' title="bbox 2321 5315 3833 5398; baseline -0.009 -16"><span class='ocrx_word' id='word_1_785' title='bbox 2321 5344 2436 5382; x_wconf 87' lang='grc' dir='ltr'><strong>τιον</strong></span> <span class='ocrx_word' id='word_1_786' title='bbox 2479 5324 2575 5380; x_wconf 89' lang='grc' dir='ltr'><strong>τοῦ</strong></span> <span class='ocrx_word' id='word_1_787' title='bbox 2615 5326 2922 5398; x_wconf 84' lang='grc' dir='ltr'><strong>πειρασμοῦ</strong></span> <span class='ocrx_word' id='word_1_788' title='bbox 2951 5327 3299 5398; x_wconf 77' lang='grc' dir='ltr'><strong>λογιζόμενος</strong></span> <span class='ocrx_word' id='word_1_789' title='bbox 3324 5367 3345 5394; x_wconf 90' lang='grc'><strong>,</strong></span> <span class='ocrx_word' id='word_1_790' title='bbox 3399 5327 3491 5380; x_wconf 77' lang='grc' dir='ltr'><strong>καὶ</strong></span> <span class='ocrx_word' id='word_1_791' title='bbox 3520 5315 3833 5396; x_wconf 81' lang='grc' dir='ltr'><strong>μακροθυμῶν</strong></span> 
     </span>
    </p>
   </div>
   <div class='ocr_carea' id='block_1_112' title="bbox 2327 5413 3184 5493">
    <p class='ocr_par' dir='ltr' id='par_1_112' title="bbox 2327 5413 3184 5493">
     <span class='ocr_line' id='line_1_112' title="bbox 2327 5413 3184 5493; baseline -0.001 -19"><span class='ocrx_word' id='word_1_792' title='bbox 2327 5421 2524 5493; x_wconf 85' lang='grc' dir='ltr'><strong>μέχρις</strong></span> <span class='ocrx_word' id='word_1_793' title='bbox 2549 5413 2612 5475; x_wconf 74' lang='grc' dir='ltr'>οὗ</span> <span class='ocrx_word' id='word_1_794' title='bbox 2643 5419 2892 5492; x_wconf 78' lang='grc' dir='ltr'><strong>παρέλθῃ</strong></span> <span class='ocrx_word' id='word_1_795' title='bbox 2919 5419 2981 5474; x_wconf 84' lang='grc' dir='ltr'><strong>τὺ</strong></span> <span class='ocrx_word' id='word_1_796' title='bbox 3006 5420 3184 5491; x_wconf 79' lang='grc' dir='ltr'><strong>νέφος.</strong></span> 
     </span>
    </p>
   </div>
   <div class='ocr_carea' id='block_1_113' title="bbox 651 5727 3825 5816">
    <p class='ocr_par' dir='ltr' id='par_1_113' title="bbox 651 5727 3825 5816">
     <span class='ocr_line' id='line_1_113' title="bbox 651 5727 3825 5816; baseline -0.001 -16"><span class='ocrx_word' id='word_1_797' title='bbox 651 5745 858 5816; x_wconf 78' lang='lat' dir='ltr'><strong>quisic</strong></span> <span class='ocrx_word' id='word_1_798' title='bbox 891 5747 1060 5800; x_wconf 76' lang='lat' dir='ltr'><strong>sacris</strong></span> <span class='ocrx_word' id='word_1_799' title='bbox 1101 5745 1454 5816; x_wconf 80' lang='lat' dir='ltr'><strong>profanisque</strong></span> <span class='ocrx_word' id='word_1_800' title='bbox 1494 5747 1836 5815; x_wconf 75' lang='lat' dir='ltr'><strong>sapientibus</strong></span> <span class='ocrx_word' id='word_1_801' title='bbox 1883 5745 2126 5802; x_wconf 87' lang='lat' dir='ltr'><strong>inaudita</strong></span> <span class='ocrx_word' id='word_1_802' title='bbox 2157 5762 2222 5802; x_wconf 88' lang='lat' dir='ltr'><strong>ac</strong></span> <span class='ocrx_word' id='word_1_803' title='bbox 2259 5761 2360 5802; x_wconf 86' lang='lat' dir='ltr'><strong>nec</strong></span> <span class='ocrx_word' id='word_1_804' title='bbox 2380 5745 2566 5816; x_wconf 73' lang='lat' dir='ltr'><strong>Stipite</strong></span> <span class='ocrx_word' id='word_1_805' title='bbox 2595 5743 2777 5814; x_wconf 78' lang='lat' dir='ltr'><strong>digna,</strong></span> <span class='ocrx_word' id='word_1_806' title='bbox 2815 5738 3033 5796; x_wconf 77' lang='lat' dir='ltr'><strong>Maximi</strong></span> <span class='ocrx_word' id='word_1_807' title='bbox 3093 5737 3424 5795; x_wconf 77' lang='lat' dir='ltr'><strong>confessuris</strong></span> <span class='ocrx_word' id='word_1_808' title='bbox 3483 5727 3825 5796; x_wconf 64' lang='lat' dir='ltr'><strong>nominclm&quot;l</strong></span> 
     </span>
    </p>
   </div>
   <div class='ocr_carea' id='block_1_114' title="bbox 649 5815 1737 5890">
    <p class='ocr_par' dir='ltr' id='par_1_114' title="bbox 649 5815 1737 5890">
     <span class='ocr_line' id='line_1_114' title="bbox 649 5815 1737 5890; baseline -0.002 -16"><span class='ocrx_word' id='word_1_809' title='bbox 649 5815 865 5874; x_wconf 75' lang='lat' dir='ltr'><strong>scilicet</strong></span> <span class='ocrx_word' id='word_1_810' title='bbox 892 5817 1132 5872; x_wconf 85' lang='lat' dir='ltr'><strong>nominis</strong></span> <span class='ocrx_word' id='word_1_811' title='bbox 1159 5815 1426 5889; x_wconf 76' lang='lat' dir='ltr'><strong>theologi)</strong></span> <span class='ocrx_word' id='word_1_812' title='bbox 1454 5819 1737 5890; x_wconf 75' lang='lat' dir='ltr'><strong>ingerent!</strong></span> 
     </span>
    </p>
   </div>
  </div>
