3898 6432
68 379 234 441 1053

966 382 1301 446 CAPITUM
1337 384 1437 445 DE
1472 383 1901 446 CHARITATE
1937 388 2323 450 CENTURIA
2362 389 2461 450 IV.

3199 377 3333 444 1054

144 499 266 559 κγ’.
299 490 668 566 Μακρόθυμός
732 494 904 559 ἐστιν,
935 497 965 549 ὁ
1010 512 1072 550 το
1115 498 1267 561 τέλος
1312 497 1667 567 ἐκδεχόμενος

1836 504 1927 560 25.
1978 503 2330 575 Longammis
2386 500 2718 570 prolixzeqne
2763 490 3041 566 patientiae
3084 498 3190 556 est,
3241 489 3334 560 qui

64 583 179 726 ἑοῦ
207 583 540 654 πειρασμοῦ,
569 585 663 638 καὶ
688 584 750 640 τὸ
770 586 1034 657 καύχημα
1060 586 1163 658 τῆς
1192 586 1491 659 καρτερίας
1523 586 1665 657 λαμ-

111 691 296 726 τινων.

111 691 296 727 τινων.

148 768 257 821 κδ’.
307 766 490 835 Ἀνὴρ
533 770 919 839 μακρόθυμος
941 809 957 836 ,
990 770 1185 837 πολὺς
1210 770 1282 824 ἐν
1329 770 1620 840 φρονήσει
1646 787 1662 802 ·

64 863 163 913 ὅτι
202 858 386 912 πάντα
435 858 504 911 τὰ
553 859 917 928 συμϐαίνοντα
947 862 1039 915 ἐπὶ
1076 862 1137 915 τὸ
1185 862 1335 927 τέλος
1378 861 1661 935 ἀναφέρειο

65 951 313 1005 κάκεῖνο
359 948 692 1019 περιμένων,
722 949 973 1022 ἀνέχεται
1027 951 1135 1004 τῶν
1168 950 1451 1023 λυπηρῶν.
1496 951 1567 1005 Τὸ
1597 949 1663 1003 δὲ

66 1040 268 1107 τέλος
295 1040 448 1103 ἐστὶ,
482 1039 594 1108 ζωὴ
625 1040 882 1107 αἰώνιος,
912 1041 1054 1095 κατὰ
1098 1042 1192 1095 τὸν
1232 1042 1375 1096 θεῖον
1410 1041 1667 1095 Ἀπόστο-

64 1131 379 1199 λον.Δῦτη
409 1131 477 1185 δέ
498 1132 730 1198 ἐστινὴ
757 1131 992 1199 aldier
1022 1131 1161 1201 ζωὴ,
1183 1133 1288 1189 ἵνα
1322 1131 1665 1202 γινώσκωσι

62 1242 149 1278 σε
186 1225 303 1277 τὸν
325 1225 517 1293 μόνον
543 1222 836 1292 ἀληθινὸν
874 1222 1045 1290 Θεὸν,
1068 1225 1165 1278 καί
1196 1223 1269 1279 ὃν
1298 1223 1452 1280 ἁπέσ
1464 1228 1667 1292 tautae

77 1315 352 1383 Ἰησοῦν
380 1318 658 1383 Χριστόν.

143 1412 257 1458 κε’.
298 1405 390 1476 Μὴ
443 1404 663 1468 εὔκολος
713 1404 943 1459 Eoo-Eni
995 1406 1233 1477 ἀποὸολῇ
1287 1406 1665 1475 πνευματικῆς

63 1499 334 1566 ἀγάπης,
367 1496 500 1550 διότι
531 1495 665 1566 άλλη
719 1495 992 1569 σωτηρίας
1024 1496 1143 1561 ὁδὸς
1162 1497 1260 1568 οὐχ
1285 1495 1668 1550 ὑπολέλειπται

66 1593 197 1653 τοῖς
220 1588 557 1659 ἀνθρώποις.

146 1688 276 1747 κς.
303 1682 396 1751 Μὴ
418 1681 511 1734 τὸν
534 1680 661 1751 χθὲς
692 1678 1062 1751 πνευματικὸν
1093 1677 1321 1749 ἀδελφὸν
1359 1677 1454 1732 καὶ
1479 1677 1668 1749 ἐνάρε-

68 1793 169 1828 τον
203 1774 347 1843 (36),
368 1773 456 1826 διά
483 1772 542 1825 τὸ
567 1775 625 1825 ὲν
650 1772 733 1825 σοὶ
762 1773 1004 1843 σήμερον
1047 1768 1108 1835 ἐξ
1153 1769 1417 1842 ἐπηρείας
1447 1769 1542 1823 τοῦ
1570 1786 1667 1822 πο-

73 1884 146 1934 νη
159 1832 266 1935 ροῦ
294 1832 643 1932 ἐγγινόμενον
672 1832 853 1932 μῖσος,
872 1832 1024 1932 κρῖνε
1052 1832 1257 1929 φαῦλον
1268 1832 1369 1915 ’καὶ
1391 1832 1625 1929 πονηρόν
1648 1876 1661 1889 ·
1695 1832 1743 1893 Β

72 1945 227 2009 ἄλλα
278 1953 367 2007 διὰ
399 1951 499 2022 τῆς
552 1949 1013 2021 μακροθυμούσης
1060 1949 1281 2018 ἀγάπης
1326 1949 1394 2002 τά
1447 1947 1670 2019 χθεσινὰ

72 2046 231 2099 καλὰ
267 2043 634 2115 λογιζόμενος,
658 2043 720 2097 τὸ
750 2044 990 2114 σήμερον
1020 2044 1176 2114 μῖσος
1200 2041 1301 2110 τῆς
1330 2040 1509 2112 ψυχῆς
1530 2040 1670 2093 ἁπό-

74 2140 241 2194 δαλε,
652 2172 657 2175 ,

147 2231 268 2296 κζ’.
308 2228 402 2301 Μὴ
433 2228 493 2283 ὃν
518 2227 741 2299 ἐπῄνεις
772 2240 897 2299 χυες
920 2243 998 2289 ως
1020 2224 1208 2292 καλὸν,
1238 2225 1335 2278 καὶ
1364 2223 1670 2296 ἐνεκωμία-

75 2324 173 2389 ζες
206 2322 296 2384 ὡς
344 2320 623 2390 ἐνάρετον,
656 2319 893 2388 σήμερον
940 2315 1015 2379 ὡς
1049 2314 1252 2385 φαῦλον
1304 2314 1401 2367 καὶ
1433 2312 1669 2383 πονηρὸν

74 2414 497 2483 κακολογήσης,
517 2410 606 2465 διὰ
635 2412 735 2481 τὴν
764 2411 863 2478 σὴν
884 2409 942 2476 ἐξ
970 2409 1191 2479 ἀγάπης
1215 2408 1296 2470 είς
1324 2409 1481 2477 μῖσος
1512 2422 1671 2475 μετα-

74 2506 254 2577 ϐολὴν
287 2504 381 2557 τὸν
408 2503 505 2557 τοῦ
538 2501 767 2573 ἀδελφοῦ
790 2501 957 2571 ψόγον
976 2539 992 2565 ,
1017 2499 1310 2567 ἀπολογίαν
1342 2497 1434 2551 τοῦ
1483 2497 1541 2549 ἐν
1585 2497 1669 2549 σοὶ

75 2597 337 2671 πονηροῦ
395 2598 587 2669 μίσους
621 2596 942 2667 ποιούμενος
963 2610 978 2624 ⁶
1008 2595 1146 2650 ἀλλὰ
1194 2596 1305 2656 τοῖς
1355 2594 1540 2656 αὐτοῖς
1575 2593 1669 2660 ἑγ-

71 2693 326 2764 κωμίοις
355 2691 655 2763 ἐπίμεινον,
686 2689 790 2742 κάν
819 2687 900 2741 ἔτι
933 2687 1036 2741 ὑπὸ
1067 2687 1163 2756 τῆς
1184 2685 1362 2754 λύπης
1388 2683 1663 2753 κεκράτη-

75 2803 193 2848 σαι,
240 2784 341 2839 καὶ
395 2785 476 2848 είς
526 2781 626 2854 τὴν
678 2778 953 2852 σωτηρίαν
1005 2778 1227 2848 ἀγάπην
1280 2774 1522 2847 εὐχερῶς
1563 2775 1665 2827 ὲπ-

73 2878 321 2951 ανὲρχῃ.

146 2979 272 3042 κη’.
300 2970 396 3042 Μὴ
445 2970 537 3023 τὸν
588 2967 790 3038 συνήθη
837 2965 931 3019 τοῦ
982 2963 1213 3032 ἀδελφοῦ
1255 2962 1476 3015 ἔπαινον
1510 2959 1663 3031 (57),

71 3066 165 3121 διὰ
193 3065 305 3137 τὴν
336 3064 416 3117 ἔτι
440 3066 499 3117 ὲν
546 3062 631 3117 σοὶ
679 3060 813 3132 πρὸς
852 3059 1015 3113 αὐτὸν
1044 3057 1394 3127 ὑπάρχουσαν
1424 3070 1668 3123 κεκρυμ-

1764 597 2084 654 tentationis
2102 594 2448 667 praestolatur
2466 591 2648 655 ﬁnem,
2668 604 2733 643 ac
2753 584 3092 642 sustinentia:
3107 582 3334 654 gloriam

1764 692 1953 746 refert.
2556 736 2571 745 .

1832 786 1921 839 24.
1960 784 2051 838 Vir
2086 781 2423 853 longanimis,
2458 776 2652 832 multus
2681 776 2737 829 in
2770 771 3049 844 prudentia
3079 768 3101 799 ⁸
3132 785 3149 833 ;
3186 764 3334 836 quod

1764 879 1976 934 scilicet
2003 875 2188 931 omnia
2217 889 2339 943 qua:
2379 870 2457 926 illi
2489 869 2770 930 eveniunt,
2819 866 2874 919 in
2922 863 3084 917 finem
3131 857 3330 921 refert;

1764 967 2023 1035 illiusque
2062 962 2491 1034 exspectatione,
2515 971 2786 1013 aerumnas
2829 954 3079 1021 malaque
3116 947 3329 1004 suffert.

1765 1055 1909 1109 Finis
1938 1065 2135 1119 autem,
2166 1054 2370 1107 estvita
2399 1059 2617 1113 (eterna,
2653 1053 2714 1100 ut
2744 1044 2913 1098 sentit
2944 1041 3164 1095 divinus
3192 1039 3335 1107 Apo-

1764 1148 1940 1204 stolus
1967 1148 2007 1201 ‘.
2045 1147 2170 1202 Πιεο
2193 1154 2268 1199 est
2290 1150 2467 1197 autem
2485 1142 2593 1195 vita
2624 1146 2846 1198 aeterna,
2866 1145 2923 1187 ut
2947 1137 3261 1203 cognoscant
3285 1138 3335 1182 te

1764 1241 1938 1297 solum
1990 1240 2158 1295 Deum
2200 1253 2403 1303 verum,
2446 1241 2495 1287 et
2538 1247 2690 1303 quem
2730 1228 2917 1283 misisti
2953 1225 3134 1279 Iesum
3182 1219 3334 1276 Clari-

1769 1345 1909 1391 stum
1935 1337 1980 1388 ".

1835 1428 1925 1483 25.
1952 1426 2096 1482 Cave
2122 1422 2384 1495 spiritalis
2415 1415 2725 1475 dilectionis
2756 1413 3023 1483 iacturam
3065 1404 3222 1459 facile
3252 1402 3335 1456 fe-

1766 1519 1913 1575 ceris
1944 1536 1959 1585 ;
1987 1518 2190 1587 quippe
2225 1529 2349 1570 cum
2377 1520 2580 1583 praeter
2610 1508 2778 1569 illam,
2805 1503 2952 1558 nulla
2985 1500 3087 1553 alia
3126 1496 3337 1565 reliqua

1767 1611 1841 1666 sit
1868 1608 2186 1664 hominibus
2209 1620 2334 1676 spes
2357 1602 2570 1658 salutis.

1835 1702 1923 1757 26.
1959 1700 2193 1762 Videsis,
2241 1675 2317 1751 ne
2361 1694 2587 1749 fratrem
2626 1688 2751 1745 heri
2793 1682 3098 1757 Spiritalem
3138 1693 3202 1733 ac
3226 1675 3339 1731 vir-

1769 1804 1885 1851 tute
1913 1794 2131 1856 fultum,
2161 1791 2231 1845 ob
2254 1788 2441 1842 odium
2473 1785 2571 1840 tibi
2598 1782 2763 1838 hodie
2792 1772 3120 1848 nequissimi
3145 1766 3339 1825 fraude

1768 1906 1831 1945 ac
1861 1889 1983 1943 labe
2019 1885 2342 1946 immissum,
2378 1879 2578 1933 malum
2611 1873 2822 1945 judices
2851 1878 2908 1924 et
2943 1878 3170 1938 pravum
3199 1878 3214 1915 :
3241 1859 3338 1915 sed

1768 1977 1952 2049 potius
1976 1971 2260 2031 charitatis
2294 1965 2577 2039 patientia,
2618 1963 2871 2016 hesterna
2905 1956 3054 2009 illius
3074 1954 3217 2006 bona
3251 1962 3340 2003 re-

1767 2078 1988 2140 putans,
2019 2062 2275 2120 hodierni
2309 2059 2420 2115 odii
2446 2057 2598 2111 virus
2624 2068 2693 2108 ex
2723 2050 2909 2106 animo
2937 2045 3134 2101 abiice.

1839 2248 1930 2303 27.
1964 2246 2066 2309 Ne,
2106 2256 2272 2313 quem
2296 2237 2419 2293 heri
2447 2250 2559 2307 pra:
2588 2244 2803 2287 morum
2836 2226 3123 2281 honestate
3150 2216 3341 2273 lauda-

1766 2343 1886 2405 bas,
1911 2355 1974 2397 ac
1996 2336 2218 2393 virtutis
2242 2332 2462 2388 nomine
2480 2324 2836 2399 pmdimbas,
2861 2317 3024 2374 hodie
3049 2322 3111 2369 ut
3134 2313 3338 2367 malum

1767 2399 2106 2499 pravumque
2136 2422 2438 2491 vituperes,
2465 2413 2613 2485 quod
2650 2409 3002 2466 dilectionem
3027 2414 3176 2457 tuam
3210 2399 3339 2454 odio

1765 2518 2095 2583 mutaveris;
2142 2528 2340 2582 nempe
2392 2508 2630 2579 improbi
2672 2504 2751 2559 tui
2800 2500 2914 2555 odii
2963 2493 3339 2551 defensionem

1766 2627 2038 2684 quaerens,
2084 2605 2230 2678 quod
2270 2604 2497 2659 fratrem
2538 2595 2891 2655 criminaris:
2924 2589 3019 2646 sed
3050 2599 3343 2659 persevera

1766 2707 1823 2762 in
1858 2704 2055 2759 iisdem
2089 2700 2369 2763 laudibus,
2408 2693 2627 2751 tametsi
2662 2689 2842 2745 adhuc
2875 2699 3022 2755 aegro
3063 2680 3245 2735 animo
3267 2677 3343 2731 sis

1766 2799 2085 2867 doleasque,
2117 2794 2387 2861 facileque
2422 2789 2490 2845 ad
2529 2786 2808 2843 salubrem
2838 2778 3191 2837 dilectionem
3224 2771 3344 2827 ani-

1766 2889 2031 2960 maequior
2066 2886 2243 2941 factus
2274 2880 2591 2937 reverteris.

1833 2956 1923 3036 28'.
1952 2979 2096 3035 Cave
2139 2992 2209 3031 ne
2241 2974 2459 3029 laudem
2489 2985 2597 3041 qua
2637 2967 2863 3022 fratrem
2906 2956 3169 3033 prosequi
3208 2969 3344 3010 con-

76 3161 265 3234 μένην
295 3158 497 3227 λύπην,
534 3156 593 3207 ὲν
631 3155 699 3225 τῇ
741 3153 849 3205 τῶν
904 3149 1105 3205 λοιπῶν
1135 3147 1378 3217 ἀδελφῶν
1410 3145 1665 3217 συντυχίᾳ

1781 3164 1999 3218 ’ratrum
2028 3158 2372 3228 reliquorum
2412 3160 2557 3209 cmtu
2604 3157 3011 3217 congressuque
3036 3138 3340 3198 adulteres,

73 3255 358 3324 νοθεύσης
392 3267 407 3283 ·
440 3246 921 3320 συμπαραμίσγων
974 3245 1088 3306 τοῖς
1148 3242 1326 3309 λόγοις
1364 3239 1664 3311 λεληθότως

71 3351 163 3405 τὸν
184 3347 369 3419 ψόγον
391 3359 405 3375 ⁸
443 3342 578 3397 ἀλλὰ
608 3338 831 3411 καθαρῷ
880 3336 959 3408 τῷ
992 3334 1197 3406 ἐπαίνῳ
1222 3337 1279 3387 ὲν
1301 3336 1370 3405 τῇ
1405 3332 1666 3403 συντυχία

72 3443 315 3514 χρῆσαι,
346 3436 444 3491 καὶ
479 3434 716 3506 γνησίως
739 3431 882 3502 ὑπὲρ
911 3427 1098 3492 αὐτοῦ,
1126 3426 1202 3489 ὡς
1235 3425 1455 3490 σαυτοῦ,
1492 3441 1663 3496 προσ-

70 3536 249 3606 εύχου
294 3548 311 3563 ·
348 3530 443 3584 καὶ
496 3527 592 3581 τοῦ
654 3523 898 3597 ὀλεθρίου
952 3522 1144 3594 μίσους
1203 3520 1437 3589 τάχιστα
1490 3517 1667 3572 ἁπαλ-

69 3633 282 3702 λάττῃ.

140 3723 261 3780 κΘ’.
292 3720 388 3792 Μὴ
431 3718 593 3792 εἴπῃς
612 3734 627 3748 ο
658 3715 733 3769 Οὐ
768 3712 911 3785 μισῶ
932 3710 1023 3766 τὸν
1044 3709 1293 3779 ἀδελφὸν,
1318 3708 1418 3779 τὴν
1447 3707 1669 3778 μνήμην

69 3818 255 3876 αὑτοῦ
284 3811 780 3885 ἀποστρεφόμενος.
822 3805 983 3860 Ἀλλὰ
1020 3805 1250 3859 ἄκουσον
1289 3802 1563 3864 Μωῦσέως
1582 3800 1670 3852 λέ-

70 3928 275 3984 γοντος
294 3927 310 3942 ο
341 3907 437 3974 Μὴ
465 3903 742 3975 μισήσῃς
764 3901 871 3954 τὸν
899 3898 1168 3966 ἀδελφόν
1194 3912 1309 3949 σου
1334 3893 1408 3962 τῇ
1435 3894 1669 3960 διανοίᾳ

71 4024 199 4062 σου
221 4023 237 4036 ’
272 3998 506 4071 ἐλεγμῷ
533 3995 797 4065 ἐλέγξεις
849 3992 957 4047 τὸν
1008 3989 1273 4059 ἀδελφόν
1298 4002 1415 4042 σου
1447 3986 1545 4041 καὶ
1596 3988 1669 4039 οὐ

77 4099 276 4166 ,λήψῃ
303 4095 380 4147 δι’
410 4090 599 4146 αὐτὸν
634 4086 942 4157 ἁμαρτίαν.

154 4192 221 4243 λ’.
267 4186 395 4240 Ἐάν
452 4180 675 4249 ἁδελφὸς
726 4177 891 4247 τυχὸν
957 4172 1352 4246 πειραζόμενος
1409 4170 1666 4241 ἐπιμείνῃ

73 4278 410 4346 κακολογῶν
442 4294 531 4339 σε,
568 4271 705 4327 ἀλλὰ
742 4269 806 4323 σύ
848 4286 912 4338 γε
950 4267 1025 4338 μὴ
1073 4265 1358 4336 ἐξενεχθῇς
1402 4263 1503 4333 τῆς
1532 4265 1671 4331 ἀγα..

75 4371 332 4444 τεητικῆς
366 4366 785 4427 καταστάσεως,
818 4358 914 4412 τοῦ
944 4356 1107 4411 αὐτοῦ
1138 4353 1376 4425 πονηροῦ
1415 4353 1669 4423 δαίμονος

72 4463 439 4533 ἀνεχόμενος,
467 4452 810 4524 ἐνοχλοῦντος
846 4450 987 4503 κατὰ
1029 4447 1291 4502 διάνοιαν.
1328 4446 1446 4498 Οὐκ
1486 4444 1667 4508 ἐξενε-

76 4558 264 4628 χθήση
303 4549 363 4604 δὲ
387 4548 592 4617 ταύτης
610 4588 625 4613 ,
651 4544 745 4597 ἐὰν
773 4541 1181 4613 λοιδορούμενος
1212 4536 1543 4608 εύλογήσῃς·
1570 4536 1667 4588 ἐὰν

74 4641 604 4711 ἐπιϐουλευόμενος,
636 4637 919 4707 εὐνοήσῃς.
957 4632 1105 4703 Αὕτη
1159 4632 1308 4684 ἐστὶν
1347 4630 1382 4700 ἠ
1422 4629 1540 4691 ὁδὸς
1570 4628 1670 4697 τῆς

73 4741 228 4796 κατὰ
261 4733 500 4809 Χριστὸν
530 4730 852 4800 φιλοσοφίας
885 4743 901 4760 ⁸
933 4728 1028 4781 καὶ
1056 4726 1084 4778 ὁ
1108 4724 1186 4797 μὴ
1211 4722 1417 4794 ταύτην
1448 4720 1646 4775 ὁδεύων

72 4839 135 4890 οὐ
163 4826 557 4893 συναυλίζεται
583 4821 755 4894 αὐτῷ.

142 5009 261 5062 λα’.
295 5002 393 5075 Μὴ
441 5002 519 5065 ὼς
573 4996 895 5061 εὐνοοῦντας
924 4993 1168 5063 λογίζου,
1192 4994 1320 5057 τοὺς
1362 4992 1552 5060 λόγους
1592 5008 1674 5044 σοι

74 5100 360 5172 φέροντας
388 5091 566 5163 λύπην
591 5090 649 5142 ὲν
681 5087 766 5141 σοὶ
810 5086 905 5139 καὶ
959 5088 1114 5155 μῖσος
1149 5084 1240 5137 τὸν
1286 5082 1422 5154 πρός
1449 5082 1674 5149 ἀδελφὸν

72 5170 505 5263 ἐργαζομένους
543 5179 677 5250 (38).
719 5178 823 5231 κᾶν
852 5174 1136 5244 ἀληθεύειν
1162 5172 1393 5226 δοκῶσιν
1414 5188 1428 5202 ο
1456 5171 1569 5225 axx
1599 5170 1674 5234 ὡς

75 5272 461 5333 θανατοῦντας
494 5268 648 5337 δφεις
674 5268 799 5328 τοὺς
847 5263 1121 5325 τοιούτους
1161 5262 1507 5331 ἀποστρέφου
1531 5277 1545 5290 ο
1588 5260 1675 5312 ἵνα

75 5366 380 5427 κάκείνους
411 5359 504 5413 τοῦ
532 5358 847 5426 κακολογεῖν
873 5355 1174 5427 ἀνακόψης,
1195 5355 1289 5408 καὶ
1318 5353 1417 5424 τὴν
1442 5351 1665 5405 σεαυτοῦ

73 5460 269 5531 ψυχὴν
293 5450 562 5524 πονηρίας
590 5448 929 5520 ἀπαλλάξῃς.

152 5633 259 5703 λβ’.
299 5630 397 5702 Μὴ
421 5628 600 5697 λόγοις
622 5626 674 5679 δι
721 5624 1061 5695 αἰνιγμάτων
1088 5623 1181 5677 τὸν
1208 5622 1434 5692 ἀδελφὸν
1480 5622 1670 5689 κεντή-

164 5802 187 5833 ³
210 5801 378 5857 Prov.
405 5813 511 5864 τιν,
536 5799 625 5855 29.
699 5799 723 5831 ⁹
744 5800 901 5856 Rom.
925 5815 999 5864 vi,
1025 5798 1114 5852 ‘22.
1188 5797 1207 5828 τ
1234 5795 1393 5850 Rom.
1422 5807 1546 5857 xm,
1578 5791 1631 5847 5.

1765 3253 1904 3308 clam
1944 3251 2091 3304 inter
2128 3224 2487 3301 fabulandum
2522 3233 2953 3297 commiscendo,
2973 3230 3120 3301 quod
3154 3226 3232 3281 illi
3257 3224 3341 3278 vi-

1766 3344 1982 3415 tuperio
2025 3341 2185 3397 cedat
2228 3356 2242 3393 :
2284 3335 2379 3391 sed
2419 3332 2591 3403 magis
2628 3345 2756 3385 cum
2799 3340 2981 3381 sermo
3019 3317 3334 3375 miscendus

1766 3437 1891 3496 erit,
1926 3446 2120 3502 puram
2151 3427 2354 3484 adhibe
2389 3423 2630 3486 laudem,
2666 3430 2904 3485 vereque
2926 3428 2995 3467 ex
3022 3410 3205 3465 animo
3233 3421 3334 3477 pro

1768 3523 1884 3587 illo,
1915 3496 1979 3576 ac
2010 3534 2111 3590 pro
2135 3518 2334 3586 teipso,
2359 3528 2492 3577 ora;
2528 3509 2733 3579 fietque
2768 3511 2830 3561 ut
2863 3501 3017 3558 brevi
3045 3496 3344 3553 admodum

1768 3614 2000 3669 exitiosa
2028 3610 2141 3665 odii
2167 3608 2291 3664 labe
2322 3602 2597 3660 libereris.

1836 3706 1928 3761 29.
1981 3704 2061 3758 Ne
2119 3700 2271 3756 dicas
2316 3705 2368 3752 te
2413 3712 2524 3750 non
2569 3691 2753 3748 odisse
2797 3675 3184 3752 fratrem,‘qui
3226 3680 3346 3749 ejus

1768 3796 2093 3853 memoriam
2118 3790 2411 3847 averseris.
2430 3788 2636 3842 Verum
2655 3781 2782 3838 audi
2802 3780 3004 3835 Mosem
3030 3775 3303 3830 dicentem
3328 3788 3344 3824 :

1768 3891 1887 3946 Non
1906 3889 2077 3943 oderis
2114 3886 2335 3956 fratrem
2358 3878 2579 3934 tuumin
2603 3875 2757 3930 corde
2786 3882 2876 3926 tuo
2902 3889 2918 3925 :
2947 3866 3347 3940 reprehensione

1770 3979 2113 4052 reprehendes
2154 3977 2378 4045 fratrem
2418 3981 2588 4035 tuum,
2632 3976 2683 4021 et
2716 3982 2821 4021 non
2860 3976 3093 4017 assumes
3135 3964 3348 4029 propter

1770 4073 1923 4129 illum
1956 4078 2227 4141 peccatum
2256 4068 2299 4120 ⁸.

1838 4162 1928 4216 50.
1960 4161 2018 4216 Si
2044 4160 2185 4213 forte
2219 4157 2521 4224 contingat,
2552 4159 2612 4205 ut
2641 4150 2813 4204 frater
2847 4144 3143 4200 tentatione
3166 4142 3349 4211 pulsa-

1771 4261 1880 4319 tus,
1919 4248 2261 4319 detrahendo
2297 4244 2570 4300 morosior
2596 4242 2848 4303 insistat;
2897 4246 2952 4290 tu
2987 4243 3165 4288 tamen
3192 4246 3345 4294 cave,

1768 4360 1839 4400 ne
1893 4343 2089 4399 eodem
2107 4316 2421 4411 proposito,
2454 4333 2836 4404 interpellante
2875 4326 3206 4396 nequissimo
3241 4323 3348 4377 dae-

1771 4453 1954 4501 mone,
1992 4452 2023 4490 a
2060 4431 2346 4489 charitatis
2392 4437 2536 4484 statu
2577 4423 2861 4480 transferri
2891 4430 2943 4475 te
2978 4418 3143 4491 448
3169 4417 3347 4487 patia-

1698 4503 1742 4556 θ
1771 4530 1866 4583 ris.
1904 4528 1974 4583 Ut
2006 4532 2190 4580 autem
2233 4518 2584 4576 transferaris
2632 4528 2913 4584 nunquam
2956 4511 3066 4573 Iiat,
3099 4510 3142 4563 si
3177 4507 3347 4561 malc-

1766 4619 1930 4675 dictis
1954 4617 2261 4678 lacessitus,
2294 4609 2644 4668 benedixeris
2677 4626 2691 4660 :
2724 4606 2767 4661 si
2809 4603 3025 4659 insidiis
3051 4601 3345 4671 appetitus.

1765 4709 2211 4767 benevolentiam
2250 4703 2520 4760 tenueris.
2563 4700 2689 4755 Hmc
2730 4697 3056 4753 Christiana:
3096 4693 3346 4764 philoso—

1767 4805 1911 4876 phia:
1938 4803 2062 4870 via;
2098 4817 2225 4871 qua,
2259 4799 2351 4869 qui
2380 4795 2675 4859 exorbitat,
2698 4793 2846 4848 haud
2881 4805 3123 4861 unquam
3142 4787 3347 4843 Christi

1768 4891 2134 4951 contubernio
2161 4905 2224 4944 ac
2248 4889 2509 4943 societate
2531 4884 2816 4957 gaudebit.

1840 4985 1929 5039 51.
1964 4982 2043 5036 Ne
2068 4979 2223 5050 quasi
2245 4978 2543 5033 benevolos
2573 4975 2762 5045 tuique
2795 4972 3035 5027 cultores
3067 4965 3346 5022 existima-

1768 5074 1935 5138 veris,
1962 5072 2058 5143 qui
2086 5072 2185 5126 tibi
2218 5070 2275 5123 in
2305 5085 2493 5124 aurem
2521 5066 3196 5123 sermonesinsusurrant.
3222 5055 3345 5126 qui-

1771 5165 1874 5219 bus
1897 5164 1952 5217 in
1980 5162 2202 5216 fratrem
2242 5160 2463 5215 tristitia
2504 5168 2669 5227 atque
2707 5154 2835 5210 odio
2880 5148 3211 5212 inccndaris,
3257 5156 3341 5200 ta-

1772 5256 1931 5310 metsi
1961 5268 2093 5308 vera
2112 5267 2338 5307 narrare
2368 5250 2686 5313 videantur;
2719 5246 2814 5301 sed
2838 5254 3093 5313 tanquam
3122 5238 3345 5311 pestife-

1772 5363 1863 5401 ros
1885 5355 2168 5415 serpentes
2202 5345 2321 5415 ejus
2367 5342 2584 5413 generis
2614 5339 2867 5394 homines
2895 5348 3184 5398 aversare;
3227 5340 3343 5385 tum

1772 5447 1835 5493 ut
1865 5438 2083 5493 illorum
2125 5433 2561 5491 maledicentiam
2596 5444 2930 5500 compescas,
2975 5433 3091 5480 tum
3130 5434 3191 5478 ut
3226 5422 3345 5494 ipse

1772 5530 2016 5585 animum
2058 5538 2213 5583 tuum
2243 5543 2274 5582 a
2302 5526 2548 5597 nequitia
2585 5523 2805 5577 liberes.

1843 5622 1934 5678 ‘52.
1969 5622 2047 5677 Ne
2081 5622 2334 5678 obscuris
2379 5634 2442 5674 ac
2467 5614 2744 5689 perplexis
2775 5612 2956 5669 verbis
2984 5610 3208 5665 fratrem
3237 5621 3345 5681 pu-

1706 5790 1728 5823 ⁸
1756 5788 1928 5845 Levit.‘
1958 5803 2066 5850 xix,
2116 5787 2191 5842 17.
