4048 6430
704 390 841 456 1059
1891 394 1951 455 S.
1992 390 2278 453 ΜΑΧῙΜΙ

2273 391 2278 449 ζ
2313 389 2821 455 CONFESSORIS
3761 398 3871 468 1060

701 506 933 573 reliqua.
963 502 1042 558 Ac
1066 502 1291 573 quidem
1322 501 1611 558 mulierem
1643 503 1768 575 quis
1786 515 2140 560 contemnere
2165 519 2266 575 po-
2296 552 2299 564 .

2296 510 2342 564 Α
2368 504 2479 559 Καὶ
2508 504 2609 575 τῆς
2635 506 2733 577 μὲν
2755 503 3034 574 γυναικὸς,
3061 502 3183 557 τότε
3202 501 3421 558 δύναταί
3448 520 3531 568 τις
3561 514 3870 581 περιφρονεῖν,

700 601 852 663 terit,
884 615 1007 654 cum
1046 608 1103 653 et
1148 607 1273 667 post
1316 599 1685 653 secessionem
1716 599 1954 669 vitaeque
2007 599 2268 655 solitariae

2365 597 2453 651 ὅτε
2492 596 2588 650 καὶ
2619 597 2759 667 μετὰ
2778 596 2877 668 τὴν
2904 593 3270 669 ἀναχώρησιν,
3290 596 3381 649 καὶ
3402 596 3463 650 τὺ
3498 597 3728 667 σῶμαὼς
3741 602 3806 655 δεῖ
3820 605 3873 658 δι’

698 700 915 762 captata
934 691 1171 755 silentia,
1198 690 1364 745 etiam
1397 706 1618 760 corpus,
1650 699 1713 745 ut
1735 707 1835 762 par
1862 702 1966 756 est,
2000 708 2103 761 per
2131 707 2267 747 con-

2264 722 2267 731 ι
2365 690 2692 761 ἐγκρατείας
2734 690 2984 763 μαραίνει
3003 705 3019 721 ·
3046 689 3157 743 τῶν
3183 690 3241 743 δὲ
3263 687 3575 760 χρημάτων,
3608 693 3691 746 ὅτι
3720 696 3862 751 πείθει

703 784 991 838 tinentiam
1024 780 1399 851 severiorique
1451 782 1748 853 disciplina
1782 792 2066 838 macerat:
2098 798 2269 853 pecu-

2364 782 2456 835 τὸν
2480 780 2737 853 λογισμὸν
2780 782 2838 834 ἐν
2879 780 3042 833 παντὶ
3067 782 3133 851 τῇ
3159 779 3460 851 αὐταρκείᾳ
3490 782 3750 853 στοιχῆσαι
3768 791 3872 858 ’τῆς

699 876 820 929 nias
849 888 1004 935 vero,
1049 888 1176 927 cum
1209 873 1489 928 induxerit
1515 875 1759 929 animum
1802 884 1865 931 ut
1912 875 1969 928 in
2012 872 2269 930 omnibus

2365 873 2423 927 δὲ
2463 873 2641 944 δόξης,
2671 874 2761 927 ὅτε
2793 872 2893 945 τὴν
2934 873 3182 944 κρυπτὴν
3251 873 3527 943 ἀγαπήσει
3563 874 3666 926 τῶν
3706 878 3875 946 cipe-uin

700 973 994 1020 contentus
1042 964 1115 1018 sit
1172 979 1240 1019 eo
1270 966 1418 1034 quod
1452 966 1685 1022 sutiiciat
1713 984 1727 1021 :
1760 968 2001 1036 itemque
2040 965 2269 1036 gloriam

2368 965 2650 1037 ἐργασίαν,
2691 965 2785 1018 καὶ
2818 963 2935 1035 Θεῷ
2980 964 3313 1035 φαινομένην
3356 964 3526 1035 μόνῳ·
3562 965 3652 1019 καὶ
3685 966 3763 1020 ἐπὶ
3789 969 3874 1024 τῶν

699 1072 827 1111 cum
862 1057 918 1110 in
961 1056 1178 1111 occulto
1209 1056 1389 1112 libens
1417 1057 1689 1112 virtutum
1725 1073 1891 1126 opera
1921 1056 2176 1129 gesserit,
2206 1072 2269 1112 ac

2367 1056 2542 1110 ἄλλων
2579 1055 2841 1118 ὡσαύτως
2861 1072 2874 1085 ·
2913 1056 2942 1108 ὁ
2972 1054 3032 1109 δὲ
3061 1055 3267 1110 τούτων
3299 1056 3657 1127 περιφοονῶν,
3680 1057 3783 1111 οὐδὲ
3813 1063 3873 1123 εἰς

698 1149 803 1203 sub
831 1149 943 1202 Deo
974 1148 1093 1202 solo
1143 1156 1302 1213 teste,
1353 1149 1699 1219 perindeque
1734 1149 1793 1203 in
1826 1149 1972 1204 aliis.
2027 1148 2133 1215 Qui
2166 1164 2268 1203 au~

1512 1150 1699 1219 deque
1734 1149 1793 1203 in
1826 1149 1972 1204 aliis.
2027 1148 2133 1215 Qui
2166 1164 2268 1203 au~
2369 1150 2525 1220 μῖσός
2554 1164 2698 1212 τινος
2725 1147 2940 1219 ἔρχεταί
2979 1163 3110 1200 ποτε

698 1249 811 1295 tem
852 1240 968 1295 haec
988 1241 1313 1303 contemnit,
1348 1241 1396 1295 is
1423 1237 1702 1296 neminem
1732 1256 1976 1311 unquam
2003 1242 2134 1297 odio
2167 1241 2269 1296 ba-

699 1332 905 1388 buerit.

769 1426 859 1481 50.
895 1425 999 1490 Qui
1029 1425 1196 1481 rebus
1242 1425 1502 1479 nuntium
1552 1425 1799 1492 remisit,
1835 1439 2033 1495 nempe
2059 1422 2217 1478 uxori
2249 1462 2265 1489 ,
2342 1488 2347 1493 Α

2342 1488 2347 1493 .
2441 1448 2505 1495 ν’.
2558 1441 2617 1493 '0
2648 1440 2747 1511 μὲν
2764 1440 2877 1502 τοῖς
2900 1437 3219 1510 πράγμασιν
3265 1434 3686 1506 ἀποταξάμενος,
3712 1433 3804 1489 οἷον
3826 1442 3873 1510 τῇ

697 1520 952 1590 pecuniis
976 1534 1040 1573 ac
1065 1517 1312 1588 reliquis,
1342 1533 1491 1583 eum,
1516 1517 1611 1587 qui
1645 1517 1781 1573 foris
1809 1526 1914 1583 est,
1940 1516 2219 1572 hominem
2248 1556 2263 1581 ,

2370 1537 2588 1603 γυναικὶ
2636 1537 2732 1586 καὶ
2773 1535 2885 1595 τοῖς
2931 1531 3199 1601 χρήμασι,
3242 1530 3341 1585 καὶ
3376 1532 3491 1592 τοῖς
3526 1527 3666 1598 ἑξῆς,
3697 1530 3875 1598 τδνέξω

700 1612 1027 1667 monachum
1076 1610 1205 1664 fecit
1240 1628 1253 1663 :
1287 1610 1529 1663 nondum
1580 1627 1712 1665 vero
1746 1610 1912 1665 etiam
1934 1650 1949 1675 ,
1981 1624 2133 1674 eum,
2168 1607 2267 1677 qui

2368 1628 2652 1698 ἄνθρωπον
2682 1625 2903 1696 ἐποίησε
2946 1623 3202 1696 μοναχὸν·
3235 1621 3390 1676 οὔπω
3447 1621 3505 1674 δὲ
3536 1624 3625 1674 καὶ
3663 1620 3743 1673 τὸν
3776 1622 3872 1676 ἔσω.

698 1712 783 1758 est
811 1705 981 1758 intus.
1013 1701 1117 1768 Qui
1150 1711 1333 1756 autem
1370 1702 1584 1756 vitiosis
1621 1717 1686 1756 ac
1724 1700 2039 1755 libidinosis
2069 1699 2267 1753 horum

2381 1718 2438 1771 Ὀ
2481 1718 2537 1770 δὲ
2583 1720 2694 1780 τοῖς
2722 1717 2925 1770 τούτων
2974 1714 3257 1787 ὲμπαθέσι,
3289 1714 3542 1782 νοήμασι,
3576 1712 3663 1764 τὸν
3691 1713 3784 1765 ἔσω
3805 1713 3874 1767 ἀν·

700 1794 1048 1864 COgitatibus,
1086 1794 1264 1862 ipsum
1296 1792 1392 1863 qui
1443 1803 1529 1847 est
1559 1793 1732 1860 intus,
1780 1794 1836 1848 id
1864 1801 1970 1859 est,
2000 1801 2261 1849 mentem.

2300 1876 2327 1879 _
2370 1807 2605 1879 θρωπον,
2647 1810 2675 1862 δ
2713 1809 2861 1861 ἐστιν
2887 1809 2914 1861 ὁ
2944 1806 3087 1869 νοῦς.
3118 1807 3223 1859 Καὶ
3241 1806 3332 1857 τὸν
3370 1805 3471 1874 μὲν
3496 1803 3596 1867 ἔξω
3618 1803 3868 1873 ἄνθρωπον,

696 1887 775 1939 Ac
805 1884 1026 1953 quidem
1062 1884 1389 1939 exteriorem
1418 1884 1697 1940 hominem
1742 1884 1899 1940 facile
1923 1885 2046 1954 quis
2070 1900 2262 1938 mona-

2298 1876 2337 1952 β
2367 1876 2604 1963 εθκόλως
2630 1917 2715 1963 τις
2747 1900 2889 1951 ποιεῖ
2945 1896 3198 1968 μοναχὸν,
3235 1896 3395 1966 μόνον
3438 1895 3533 1947 ὲάν
3565 1894 3775 1965 θελήσῃ·
3798 1896 3868 1948 οὐκ

702 1976 868 2029 chum
922 1975 1074 2040 facit,
1118 1976 1248 2030 dum
1282 1977 1459 2031 solum
1489 1976 1765 2043 voluerit;
1804 1986 1865 2031 ut
1906 1987 2087 2031 autem
2119 1977 2259 2031 inte~

2365 1992 2546 2064 ὀλίγος
2575 1993 2632 2046 δὲ
2654 1991 2824 2062 ἀγὼν,
2860 1992 2950 2046 τὸν
2975 1991 3081 2044 ἔσω
3114 1991 3403 2062 ἄνθρωπον
3423 1989 3638 2057 ποιῆσαι
3670 1988 3866 2057 μοναχόν.

702 2066 905 2120 riorem
936 2066 1266 2121 monachum
1294 2066 1483 2131 facias,
1507 2082 1596 2122 res
1631 2065 1804 2121 ardua
1831 2075 1916 2122 est
1935 2074 1991 2121 et
2015 2066 2070 2119 in
2096 2080 2261 2135 quam
3492 2066 3503 2071 “

698 2159 872 2211 ιιιυΙιο
902 2167 1101 2212 conatu
1134 2157 1384 2213 enitaris.

769 2248 857 2302 51.
891 2247 1023 2314 Quis
1058 2263 1188 2318 ergo
1225 2248 1282 2300 in
1312 2249 1415 2303 hac
1442 2257 1601 2304 aetate
1635 2256 1742 2313 est,
1769 2248 1863 2318 qui
1890 2263 1920 2301 a
1945 2246 2273 2302 libidinosis
2345 2277 2349 2281 -

2270 2282 2273 2285 >
2433 2259 2535 2308 να’.
2575 2253 2671 2317 Τίς
2706 2253 2815 2323 ἄρα
2841 2250 2987 2305 ἐστὶν
3015 2251 3074 2304 ὲν
3091 2251 3158 2320 τῇ
3186 2250 3351 2321 γενεᾷ
3373 2249 3567 2320 ταῦτῃ.
3589 2250 3617 2302 ὁ
3643 2248 3866 2301 παντάπα-

703 2354 769 2393 ac
797 2338 1012 2393 vitiosis
1045 2338 1471 2407 cogitationibus
1500 2356 1729 2409 prorsus
1752 2339 2019 2394 liberatus
2048 2339 2139 2403 sit,
2163 2354 2264 2408 pu-

2329 2357 2452 2395 ww
2479 2341 2813 2408 ἀπαλλαγεὶς
2850 2339 3114 2410 ὲμπαθῶν
3140 2338 3453 2409 νοημάτων,
3497 2335 3589 2390 καὶ
3626 2336 3715 2405 τῆς
3739 2334 3864 2388 mea.

703 2445 931 2500 ramque
963 2430 1109 2484 illam
1152 2446 1255 2485 nec
1296 2430 1452 2501 45],
1483 2432 1684 2485 terreni
1715 2431 2015 2500 quidquam
2055 2430 2265 2484 haben-

2370 2434 2469 2507 ρᾶς
2519 2433 2615 2487 καὶ
2658 2433 2824 2486 ἀΰλου
2866 2430 3223 2496 καταξιωθεὶς
3262 2428 3605 2501 προσευχῆς’
3634 2428 3753 2496 ὅπερ
3781 2424 3864 2479 ἐστὶ

700 2532 812 2577 tem
858 2531 1051 2577 nactus
1101 2523 1406 2577 orationem
1440 2540 1453 2576 :
1487 2524 1635 2593 quod
1687 2523 1967 2578 interioris
2008 2521 2261 2577 monachi

1594 2524 1635 2578 τι
1687 2523 1967 2578 interioris
2008 2521 2261 2577 monachi
2368 2529 2596 2598 σημεῖον
2618 2525 2714 2579 τοῦ
2745 2525 2891 2579 ἔνδον
2920 2522 3192 2596 μοναχοῦς

696 2617 913 2687 signum
936 2616 1190 2671 exsistit?
2252 2664 2255 2667 ,
2334 2648 2341 2657 -

766 2708 855 2763 52.
888 2709 1044 2763 Multi
1071 2708 1305 2764 affectus
1330 2725 1392 2763 ac
1420 2708 1556 2763 vitia
1583 2711 1639 2763 in
1667 2708 1868 2764 animis
1897 2709 2102 2764 nostris
2132 2707 2260 2763 lati-

2433 2709 2532 2773 νβ’.
2573 2701 2751 2754 Πολλα
2803 2700 2948 2770 πάθη
2993 2700 3052 2751 ὲν
3098 2700 3221 2761 ταῖς
3266 2697 3469 2767 ψυχαῖς
3522 2694 3667 2767 ἡμῶν
3713 2692 3862 2763 κέκρυ·

696 2807 834 2865 tant,
861 2808 1102 2871 tuncque
1143 2802 1474 2871 produntur,
1505 2818 1629 2859 cum
1656 2818 1747 2858 res
1774 2810 2073 2873 praesentes
2093 2802 2262 2858 exsti-

2259 2831 2262 2839 ι
2364 2810 2495 2848 πται
2528 2791 2637 2864 (40)
2659 2808 2673 2822 ο
2698 2792 2820 2843 τότε
2870 2789 2926 2843 δὲ
2981 2787 3313 2859 ἐλέγχονται,
3346 2788 3479 2840 ὅταν
3520 2786 3585 2838 τὰ
3627 2784 3857 2855 πράγματα

698 2894 870 2949 terint
892 2908 957 2947 ac
985 2894 1337 2949 emerserint.

1144 2894 1337 2949 serint.
2363 2883 2742 2951 ἀναφαίνωντα

762 2988 850 3043 55.
874 2988 1063 3042 Potest
1096 2989 1239 3057 quis,
1272 2997 1410 3052 tum,
1442 3004 1565 3043 cum
1601 3005 1690 3045 res
1738 2989 1959 3055 absunt,
2003 3006 2115 3044 non
2143 3004 2263 3045 mo-

2258 3020 2263 3032 .
2434 2982 2531 3045 νγ’.
2574 2974 2805 3027 Δύναταί
2837 2990 2920 3036 τις
2954 2972 3030 3044 μὴ
3060 2971 3335 3043 ὀχλεῖσθαι
3368 2970 3479 3025 ὑπὸ
3533 2968 3707 3024 παθῶν
3741 2969 3787 3021 ὲν
3811 2969 3856 3037 τῇ

690 3079 806 3134 veri
842 3079 1132 3134 affectibus
1170 3095 1434 3135 eorumve
1470 3083 1580 3150 pati
1625 3082 1975 3148 molestiam;
2024 3098 2147 3153 qua:
2174 3090 2259 3137 est

2256 3123 2259 3134 ,
2361 3068 2468 3121 τῶν
2496 3066 2836 3139 πραγμάτων
2856 3063 3115 3136 ἀπουσία,
3152 3065 3391 3135 μερικῆς
3418 3060 3593 3133 τυχὼν
3618 3058 3854 3121 ἀπαθείας·

690 3187 818 3241 pars
838 3171 1083 3240 quedam
1116 3170 1643 3240 imperturbationis,
1676 3174 1954 3243 animique
1986 3151 2256 3244 tranquil-
2283 3224 2288 3261 ε

2283 3211 2326 3271 c
2363 3159 2459 3213 ἐὰν
2489 3159 2548 3213 δὲ
2579 3157 2896 3224 ἀναφανῶσι
2920 3156 2991 3212 τὰ
3019 3155 3343 3228 πράγματα,
3381 3154 3544 3219 εὐθὺς
3568 3154 3633 3207 τὰ
3655 3152 3776 3221 πάθη
3794 3151 3857 3203 τὸν

688 3264 845 3319 lioris
876 3270 1054 3318 status
1116 3262 1235 3333 (τῆς
1288 3264 1577 3333 ἀπαθείας)
1624 3280 1750 3319 mox
1806 3275 1988 3321 autem
2037 3282 2103 3321 ac
2150 3248 2286 3322 illae!

1288 3264 1577 3333 ἀπαθείας)
1624 3280 1750 3319 mox
1806 3275 1988 3321 autem
2037 3282 2103 3321 ac
2150 3248 2326 3322 illae"
2360 3250 2489 3306 νοῧν
2520 3248 2855 3324 περισπῶσι·

687 3355 1039 3419 emerserint,
1082 3355 1346 3412 continuo
1380 3351 1611 3412 allectus
1633 3373 1698 3412 ac
1722 3358 1984 3414 libidines
2011 3360 2254 3415 animum

686 3448 1019 3503 distrahunt.

755 3542 844 3598 54.
883 3543 962 3598 Ne
991 3550 1043 3597 te
1075 3541 1372 3613 perfectam
1403 3542 1675 3613 ejusmodi
1705 3543 2253 3614 imperturbationem

2422 3541 2515 3594 νδ’.
2556 3539 2650 3611 Μὴ
2681 3535 2869 3608 νόμιζε
2901 3535 3115 3592 τελείαν
3142 3535 3287 3607 ἔχειν
3310 3535 3603 3599 ἀπάθειαν,
3624 3548 3706 3585 του
3727 3543 3853 3602 πραγ·

684 3644 905 3691 nactum
925 3641 1106 3704 putes,
1145 3634 1392 3704 quandiu
1411 3650 1501 3689 res
1549 3635 1726 3690 abest.
1766 3634 1903 3690 Cum
1934 3645 2115 3689 autem
2161 3636 2253 3691 illa

2356 3641 2524 3701 ματος
2564 3629 2637 3701 μὴ
2691 3629 2979 3701 παρόντος.
3013 3628 3183 3682 Ὅταν
3213 3626 3271 3681 δὲ
3292 3627 3462 3698 φανῇ,
3488 3625 3580 3679 καὶ
3606 3622 3749 3693 μένῃς
3768 3619 3852 3673 ἀκι-

684 3725 970 3780 cmerserit
994 3764 1010 3789 ,
1056 3739 1121 3779 ac
1152 3739 1281 3795 erga
1334 3739 1451 3779 rem
1483 3726 1713 3795 ejusque
1751 3724 2014 3795 deinceps
2040 3742 2251 3781 memo-

2350 3738 2531 3791 νητος,
2560 3721 2699 3792 πρός
2730 3736 2788 3773 τε
2812 3720 2873 3772 τὸ
2902 3720 3158 3790 πρᾶγμα,
3186 3718 3280 3772 καὶ
3298 3718 3402 3789 τὴν
3430 3716 3567 3788 μετά
3583 3713 3733 3768 ταῦτα
3758 3710 3851 3781 μνή-

686 3816 825 3869 riam
874 3815 1134 3868 immotus
1178 3815 1481 3879 manseris,
1518 3823 1652 3870 tunc
1683 3816 1826 3871 scias
1857 3816 1977 3886 ejus
2007 3824 2062 3871 te
2113 3818 2251 3872 ﬁnes

2352 3833 2460 3887 μην
2516 3814 2705 3879 αὐτοῦ,
2758 3814 2878 3868 τότε
2921 3814 3092 3883 γνῶθι
3148 3814 3379 3867 σεαυτὸν
3412 3813 3521 3866 τῶν
3559 3811 3687 3881 ὅρων
3728 3806 3850 3874 αὐτῆς

684 3906 990 3976 ingressum
1019 3919 1162 3960 esse.
1194 3905 1399 3959 Verum
1422 3920 1526 3960 nec
1548 3906 1627 3961 sic
1653 3906 1874 3976 quidem
1908 3914 2252 3976 contempse-

2250 3936 2252 3945 ι
2346 3906 2752 3977 ἐπιϐεϐηκέναι.
2785 3905 2929 3977 Πλὴν
2962 3905 3097 3977 μηδὲ
3146 3904 3288 3960 οὕτω
3315 3904 3733 3976 καταφρονήσῃς,
3755 3900 3848 3952 διότι

683 3997 761 4052 ris
794 4014 808 4049 :
839 4011 963 4051 nam
990 3995 1135 4051 sicut
1166 3996 1344 4051 virtus
1382 3996 1479 4051 diu
1509 4012 1731 4053 morans
1756 3997 1987 4053 affectus
2009 3997 2250 4067 vitiaque

2244 4017 2250 4051 ε
2346 3998 2515 4069 ἀρετὴ
2552 3999 2647 4068 μὲν
2676 3998 3020 4069 χρονίζουσα,
3048 3997 3325 4070 νεκροῖτά
3362 3998 3541 4069 πάθη’
3571 3991 3842 4068 ἀμελουμένη

679 4087 1007 4158 exstinguit;
1058 4088 1140 4143 sic
1176 4103 1372 4144 rursus
1403 4088 1682 4159 neglecta,
1746 4087 1841 4144 illa
1867 4088 2166 4145 exsuscitat
2194 4097 2250 4144 et

1446 4088 1682 4159 eglecta,
1746 4087 1841 4144 illa
1867 4088 2166 4145 exsuscitat
2194 4097 2250 4144 et
2345 4089 2425 4156 δὲ,
2458 4089 2623 4143 πάλιν
2649 4090 2854 4161 ἐγείρει
2886 4091 3044 4146 αὐτὰ.

679 4190 740 4236 ut
761 4181 943 4235 denuo
958 4181 1196 4252 vigeant,
1226 4181 1376 4236 facit.

748 4273 836 4328 55.
889 4271 992 4338 Qui
1033 4270 1316 4327 Christum
1343 4271 1546 4343 diligit,
1583 4271 1810 4328 omnino
1842 4272 2007 4328 etiam
2033 4289 2134 4344 pro
2162 4274 2247 4329 vi-

2415 4279 2509 4328 νε’.
2562 4273 2621 4327 Ὅ
2653 4272 2886 4342 ἀγαπῶν
2934 4273 3026 4327 τὸν
3076 4274 3309 4343 Χριστὸν
3344 4274 3482 4343 (Η),
3549 4273 3741 4332 πάντως
3780 4264 3847 4318 καὶ

675 4364 763 4418 rili
786 4379 913 4418 enm
939 4364 1206 4419 imitatur.
1241 4363 1313 4419 Ut
1341 4365 1445 4419 sub
1467 4366 1718 4434 exemplo
1747 4366 1961 4435 loquar,
1985 4367 2103 4421 Non
2129 4382 2248 4423 ces-

2348 4366 2595 4435 μιμεῖται
2625 4364 2787 4418 αὑτὸν
2825 4362 2966 4417 κατά
3005 4361 3251 4433 δύναμιν.
3287 4359 3435 4427 Οἷον,
3468 4361 3727 4433 ὀΧριστὺς
3757 4358 3848 4416 τοὺς

674 4455 815 4510 savit
840 4454 1123 4511 beneficiis
1153 4456 1406 4510 homines
1436 4455 1712 4511 demereri
1750 4473 1766 4510 :
1813 4472 1877 4512 ac
1908 4473 2032 4512 cum
2063 4458 2246 4529 ingra-

2343 4454 2663 4527 ἀνθρώπους
2683 4456 2984 4528 εὐεργετῶν
3008 4455 3107 4509 οὐκ
3130 4455 3408 4510 ἐπαύσατο
3429 4472 3442 4485 ·
3469 4456 3559 4509 καὶ
3582 4445 3846 4523 ἀχαριστούο

672 4556 761 4602 tos
803 4546 993 4610 ferret,
1038 4562 1103 4601 ac
1151 4548 1246 4616 qui
1278 4548 1385 4616 ipsi
1431 4547 1811 4613 detraherent,
1854 4548 2243 4619 longanimiter

2270 4554 2321 4615 ι)
2348 4564 2505 4619 μενος
2546 4548 2642 4602 καὶ
2692 4547 3197 4618 βλασφημούμενος,
3248 4547 3645 4617 ὲμακροθὺμει·
3677 4545 3753 4596 καὶ
3781 4557 3846 4592 τ)-

673 4636 943 4691 tolerabat
970 4654 983 4689 :
1016 4651 1252 4707 cumque
1283 4638 1590 4692 caederetur
1616 4639 1685 4694 ab
1716 4639 1798 4693 eis
1820 4654 1884 4693 ac
1913 4640 2035 4694 neci
2063 4640 2246 4696 trade-

2350 4640 2614 4710 πτόμενος
2640 4640 2731 4693 ὑπ’
2773 4639 2954 4693 αὐτῶν
2982 4640 3075 4692 καὶ
3112 4639 3492 4710 φονευόμενος,
3520 4637 3749 4707 ὑπέμενε.
3771 4647 3846 4701 μηο

671 4737 846 4791 retur,
882 4727 1213 4790 sustinebat,
1264 4728 1405 4783 nulli
1447 4744 1676 4799 prorsus
1729 4731 1933 4785 malum
1961 4739 2242 4801 reputans.

2343 4731 2453 4785 δενὶ
2488 4731 2773 4786 τοσύνολον
2813 4730 2875 4785 τὸ
2920 4732 3090 4785 κακὸν
3133 4729 3504 4802 λογιζόμενος.
3543 4728 3708 4783 Ταῦτα
3732 4724 3776 4776 δὲ
3796 4720 3843 4771 τὰ

668 4819 809 4874 Sunt
840 4828 1023 4874 autem
1052 4819 1169 4874 haec
1190 4819 1316 4884 tria,
1343 4820 1463 4890 ejus
1484 4836 1649 4891 opera
1672 4822 1977 4888 charitatis,
2004 4838 2125 4893 qua
2153 4839 2244 4879 re-

2341 4822 2490 4893 τρία,
2524 4822 2593 4875 τὰ
2627 4821 2765 4894 ἔργα
2793 4822 2900 4875 eici.
2929 4822 3026 4892 τῆς
3057 4821 3139 4885 είς
3171 4820 3263 4874 τὸν
3296 4820 3524 4893 πλησίον
3564 4804 3841 4885 ἀγάπηςοιῖπ

667 4910 830 4979 spicit
851 4911 1182 4980 proximum,
1215 4911 1334 4966 sine
1359 4911 1563 4981 quibus
1591 4914 1684 4983 qui
1712 4914 1847 4969 dicit
1873 4930 1933 4970 se
1954 4913 2237 4969 Christum

2341 4914 2511 4984 χωρὶς
2547 4914 2577 4967 ὁ
2602 4913 2777 4981 λέγων
2797 4914 3018 4985 ἀγαπᾷν
3046 4913 3135 4966 τὸν
3162 4911 3418 4985 Χριστὸν,
3448 4910 3595 4984 ῆτῆς
3622 4903 3838 4979 βασιλείας

665 5001 1024 5072 diligere,aut
1042 5003 1147 5057 sibi
1174 5019 1403 5071 regnum
1438 5004 1749 5073 pollicetur,
1778 5006 1893 5076 ipse
1913 5021 1971 5061 se
1995 5006 2230 5063 seducit:

2341 5004 2508 5058 αὐτοῦ
2544 5007 2748 5075 τυχεῖν,
2786 5004 2977 5059 ἑαυτὸν
3001 5005 3186 5076 ἀπατᾷ
3205 5020 3221 5036 ⁸
3255 5006 3337 5059 Οὐ
3372 5005 3481 5076 γὰρ
3509 5001 3729 5070 ἀλέγων
3753 5011 3834 5063 μοι.

663 5088 782 5144 Νοη
814 5091 954 5143 enim
971 5093 1061 5161 qui
1086 5090 1211 5145 dicit
1229 5092 1376 5158 mihi,
1396 5091 1633 5158 Domine,
1653 5092 1895 5159 Domine,
1922 5094 2101 5165 inquit
2128 5096 2233 5150 Do-

2338 5096 2497 5165 φησὶ,
2528 5097 2729 5165 Κύριε,
2762 5099 2963 5167 Κύριε,
2990 5092 3169 5162 οὗτος
3209 5098 3607 5151 εἰσελεύσεται
3649 5093 3723 5157 εις
3755 5088 3836 5151 τήν

665 5182 869 5248 minus,
903 5183 1123 5260 intrabit
1136 5186 1195 5238 in
1225 5201 1446 5256 regnum
1479 5185 1749 5252 cmlorum,
1777 5188 1868 5242 sed
1886 5190 1978 5260 qui
1995 5189 2122 5259 facit
2137 5205 2229 5244 vo-

2330 5189 2656 5252 ,Βιεσιλείαν
2681 5188 2800 5243 τῶν
2825 5187 3114 5258 οὐρανῶν,
3149 5189 3287 5243 ἀλλ’
3313 5191 3348 5243 ὁ
3367 5187 3547 5243 ποιῶν
3574 5185 3635 5240 τὸ
3659 5184 3836 5248 θέλημα

664 5272 923 5328 luntatem
961 5258 1142 5330 Patris
1172 5278 1274 5330 mei
1297 5277 1361 5331 “.
1417 5276 1485 5331 Et
1518 5292 1750 5333 rursus:
1781 5258 2096 5351 Quidiligit
2122 5298 2225 5349 me,

2334 5280 2442 5334 τοῦ
2468 5282 2699 5350 Πατρός
2723 5299 2863 5351 μου.
2897 5282 3008 5336 Καὶ
3044 5281 3209 5336 πάλιν
3227 5297 3242 5314 ⁸
3281 5282 3345 5335 '0
3372 5278 3609 5351 ἀγαπῶν
3633 5276 3738 5347 ἐμὲ,
3763 5270 3834 5325 καὶ

660 5361 917 5416 mandata
952 5380 1067 5417 mea
1097 5366 1406 5431 servabit“,
1430 5375 1538 5420 etc.

2263 5353 2305 5409 Β
2334 5373 2441 5439 τὰς
2466 5373 2721 5439 ἐντολάς
2744 5391 2867 5443 μου
2887 5374 3158 5442 τηρήσει,
3180 5374 3274 5428 καὶ
3299 5374 3368 5427 τὰ
3397 5374 3540 5445 ἑξῆς.

723 5451 812 5505 56.
829 5452 1019 5509 Omnis
1034 5456 1625 5525 scopusmandatorum
1644 5456 1944 5514 Salvatoris
1958 5460 2012 5514 in
2032 5476 2098 5516 eo
2121 5471 2225 5525 est,

2404 5471 2513 5529 νς-’.
2534 5464 2715 5527 Ἅπας
2730 5467 2759 5518 ὁ
2781 5464 2980 5527 σκοπὸς
3007 5465 3116 5519 τῶν
3144 5465 3370 5520 ἐντολῶν
3383 5465 3477 5519 τοῦ
3509 5462 3746 5533 Σωτῆρος,
3766 5457 3829 5510 ἵνα

660 5542 722 5628 ut
747 5538 816 5591 ab
847 5540 1170 5628 intemperie
1206 5554 1373 5615 atque
1410 5545 1541 5600 odio
1583 5546 1782 5602 liberet
1814 5548 2077 5615 animum,
2112 5560 2225 5606 tra-

2332 5555 2604 5626 ἀκρασίας
2636 5557 2732 5610 καὶ
2768 5556 2961 5627 μίσους
3002 5557 3096 5611 τδν
3142 5557 3268 5612 νοῦν
3308 5555 3647 5628 ἐλευθερώσῃ,
3674 5546 3830 5607 nisi;

659 5627 861 5699 hatque
888 5632 941 5685 in
969 5649 1121 5689 suam
1150 5622 1229 5693 "ac
1259 5639 1491 5708 proximi
1518 5640 1877 5711 charitatem;
1915 5659 1983 5701 ex
2024 5646 2227 5717 quibus

2332 5622 2431 5720 τὴν
2460 5647 2624 5703 αὐτοῦ
2657 5622 2877 5722 ἀγάπην
2916 5649 3011 5705 καὶ
3053 5649 3147 5705 τοῦ
3188 5649 3433 5721 πλησίον,
3700 5641 3745 5707 ἐξ
3770 5631 3826 5692 ὦν

729 5794 774 5825 ⁸³
806 5796 992 5854 Matth.
1020 5817 1110 5868 vn,
1146 5803 1236 5858 21.
1315 5807 1356 5838 ¹³
1382 5807 1537 5863 Joan.
1577 5827 1683 5877 xw,
1720 5814 1784 5869 15
