4048 6430
246 348 397 416 1065

1135 309 1472 406 CAPITUM
1513 311 1608 403 DE
1646 313 2078 401 CHARITATE
2117 336 2504 398 CENTURIA
2543 337 2641 396 1v.

3339 333 3492 402 1066

259 454 479 533 Ἐπειδὴ
505 461 613 532 γάρ
635 430 736 531 τῆς
766 459 849 523 είς
881 457 1044 512 αὑτὸν
1085 456 1208 510 κατ’
1265 457 1549 525 ἐνέργειαν
1596 454 1816 521 ἀγάπης

1928 447 2145 500 habere.
2167 445 2306 512 Quia
2328 445 2475 499 enim
2499 459 2531 497 a
2560 441 2831 497 charitate
2856 439 2912 496 in
2941 451 3068 496 actu
3093 458 3216 512 quze
3235 443 3289 498 in
3314 443 3493 516 ipsum

246 555 334 608 διὰ
378 553 482 622 τὴν
551 552 756 620 ἀργίαν
809 549 1029 620 μακράν
1083 549 1271 618 ἐσμεν,
1325 549 1426 615 τῆς
1469 543 1819 623 δεικνυούσης

247 646 379 713 ἡμῖν
419 643 546 706 τοὺς
579 643 637 694 ὲν
663 641 794 711 ἡμῖν
821 639 997 702 θείους
1032 637 1360 708 θησαυροὺς,
1399 636 1624 695 είκότως
1663 633 1820 694 ἐκτὸς

245 734 472 795 ἑαυτοὺς
499 728 608 784 τῶν
637 731 796 784 θείων
822 729 1114 799 νομίζομεν
1135 726 1510 798 χαρισμάτων.
1659 799 1663 804 ἡ

325 831 390 877 ο’.
432 825 496 876 Εἰ
522 825 551 875 ὁ
580 821 818 889 Χριστὸς
851 822 910 873 ἐν
936 811 1055 880 ταῖς
1107 819 1359 889 καρδίαις
1391 817 1548 887 ἡμῶν
1575 817 1823 869 κατοικεῖ

243 915 330 969 διὰ
356 917 460 982 τῆς
484 902 743 978 πίστεως.
775 913 918 967 κατὰ
940 914 1031 966 τὸν
1065 911 1208 965 θεῖον
1242 899 1590 966 Ἀπὸστολον·
1621 909 1820 970 πάντες

243 1007 298 1058 δὲ
329 1009 380 1060 oi
411 1007 673 1077 θησαυροὶ
700 1006 800 1075 τῆς
834 1004 1023 1074 σοφίας
1051 1005 1146 1056 καὶ
1183 1003 1284 1071 τῆς
1313 1002 1566 1069 γνώσεως
1593 1000 1651 1051 ὲν
1673 993 1821 1068 αὐτῷ

244 1101 385 1152 εἰσιν
433 1090 767 1169 ἀπόκρυφοι·
803 1098 1006 1160 πάντες
1039 1097 1146 1166 ἄρα
1194 1095 1244 1146 οἱ
1291 1091 1559 1163 θησαυροὶ
1589 1091 1690 1160 τῆς
1733 1107 1822 1142 σο-

242 1192 374 1257 φίας
402 1190 495 1242 καὶ
531 1189 630 1258 τῆς
662 1187 918 1256 γνώσεως
949 1188 1008 1238 ἐν
1048 1189 1170 1248 ταῖς
1194 1183 1448 1255 καρδίαις
1485 1180 1644 1250 ἡμῶν
1683 1179 1823 1232 εἰσιν

240 1279 570 1351 ἀπόκρυφοι.
637 1263 1005 1347 Φανεροῦνται
1048 1274 1103 1326 δὲ
1147 1275 1214 1344 τῇ
1281 1271 1496 1342 καρδίᾳ,
1539 1270 1680 1324 κατά
1721 1268 1822 1340 τὴν

239 1369 538 1437 ἀναλογίαν
561 1369 661 1438 τῆς
691 1366 926 1420 ἑκάστου
962 1364 1054 1416 διὰ
1083 1363 1192 1416 τῶν
1215 1360 1441 1414 ἐντολῶν
1477 1361 1818 1430 καθάρσεως.

310 1558 412 1606 οα’.
453 1542 620 1612 Οὗτός
648 1550 796 1602 ἐστιν
821 1547 852 1600 ὃ
878 1545 1150 1617 θησαυρὸς
1177 1547 1206 1598 ὁ
1227 1545 1286 1598 ὲν
1307 1542 1388 1613 τῷ
1406 1540 1561 1612 ἀγρῷ
1576 1543 1823 1610 κεκρυμο

243 1646 409 1714 μένος
428 1644 523 1707 τῆς
551 1640 778 1712 καρδίας
802 1656 916 1700 σου,
938 1636 996 1692 ὃν
1011 1638 1165 1690 οὔπω
1186 1631 1342 1706 εὗρες
1373 1633 1460 1687 διὰ
1485 1632 1584 1698 τὴν
1604 1631 1819 1703 ἀργίαν.

242 1739 305 1790 lii
331 1736 444 1806 γὰρ
484 1727 662 1805 εὗρες,
700 1731 809 1803 ἄρα
838 1733 904 1785 ἂν
935 1729 1221 1800 πέπρακες
1261 1727 1460 1788 πάντα,
1484 1725 1579 1778 καὶ
1608 1723 1825 1792 ἐκτήσω

1922 547 2028 599 est,
2062 553 2126 591 ac
2157 553 2280 607 quae
2311 537 2472 590 nobis
2507 535 2750 590 ostendit
2792 534 3011 588 divinos
3045 534 3353 601 thesauros,
3387 555 3497 608 quo

1923 639 2206 699 torpemus
2248 627 2383 691 otio,
2426 628 2587 696 longe
2625 625 2754 681 facti
2803 641 3014 690 sumus,
3049 626 3248 681 merito
3274 643 3376 684 nos
3397 645 3497 684 exe

1923 728 2144 774 traneos
2166 735 2194 772 ιι
2217 718 2422 772 divinis
2453 718 2614 774 donis
2638 717 3034 773 existimamus.

1993 811 2080 863 70.
2115 809 2275 880 Cum,
2307 809 2478 864 divini
2519 809 2764 879 Apostoli
2788 809 3082 872 sententia,
3121 808 3377 864 Christus
3401 823 3501 880 per

1924 902 2087 956 ﬁdem
2145 903 2356 956 habitet
2409 902 2464 955 in
2519 901 2779 955 cordibus
2823 900 3030 955 nostris
3071 901 3154 964 ²²,
3197 916 3501 970 omnesque

1923 994 2168 1050 thesauri
2219 993 2502 1064 sapientia:
2543 1001 2598 1046 et
2638 993 2886 1046 scientiae
2927 993 3038 1046 sint
3073 992 3128 1046 in
3169 1009 3234 1047 eo
3271 993 3504 1047 abscon-

1923 1073 2023 1140 diti
2054 1085 2132 1150 ‘3;
2180 1084 2240 1138 ﬁt
2268 1086 2448 1154 plane,
2494 1091 2556 1137 ut
2599 1099 2791 1136 omnes
2841 1083 3081 1137 thesauri
3128 1084 3411 1153 sapientiae
3447 1094 3505 1137 et

1925 1176 2170 1230 scientiae
2213 1175 2520 1229 absconditi
2551 1174 2661 1229 sint
2693 1173 2748 1228 in
2779 1174 3038 1228 cordibus
3074 1175 3297 1229 nostris.
3339 1174 3504 1229 Fiunt

1923 1276 2110 1323 autem
2173 1267 2325 1321 cordi
2389 1266 2701 1329 manifesti,
2751 1255 2879 1336 pro.
2917 1267 3185 1336 cujusque
3247 1267 3504 1337 puritatis

1924 1371 2081 1415 certo
2107 1359 2352 1420 modulo,
2379 1375 2542 1429 quam
2577 1359 2854 1427 implendo
2887 1358 3145 1411 mandata
3172 1367 3505 1413 consecutus

1924 1453 2018 1506 sit.

1997 1539 2085 1594 7i.
2124 1539 2223 1596 Hic
2257 1541 2554 1596 thesaurus
2589 1543 2644 1595 in
2674 1539 2857 1594 cordis
2886 1540 2966 1594 tui
2997 1555 3128 1612 agro
3158 1548 3243 1594 est
3271 1539 3503 1593 abscon-

1924 1629 2093 1695 ditus,
2122 1647 2284 1700 quem
2331 1645 2444 1701 prze
2489 1631 2686 1684 inertia
2731 1629 2976 1684 nondum
3013 1629 3178 1703 454
3220 1627 3500 1683 invenisti.

1925 1721 2059 1776 Nam
2116 1722 2162 1776 si
2214 1722 2551 1788 invenisses,
2598 1732 2748 1778 certe
2794 1722 3139 1778 vendidisscs
3185 1720 3400 1784 omnia,
3450 1726 3506 1772 et

235 1827 330 1880 τὸν
375 1826 545 1896 ἀγρὸν
590 1823 801 1877 τοῦτον.
836 1821 951 1874 Νῦν
983 1821 1040 1874 δὲ
1071 1820 1164 1872 τὸν
1193 1819 1362 1889 ἀγρὸν
1388 1808 1568 1885 ἀφεὶς,
1589 1815 1659 1866 τὰ
1693 1817 1823 1882 περὶ

1928 1827 2052 1865 eum
2095 1827 2287 1882 agrum
2333 1828 2712 1882 comparasses
2737 1812 2802 1866 ”*.
2836 1813 2994 1867 Nunc
3015 1821 3222 1873 autem,
3257 1826 3388 1882 agro
3421 1811 3506 1864 di-

236 1918 330 1968 τὸν
359 1915 529 1985 ἀγρὸν
561 1914 884 1985 περιέπειςο
916 1913 976 1962 ἐν
997 1901 1080 1973 οἷς
1116 1909 1271 1962 οὐδὲν
1315 1907 1444 1961 ἄλλο
1480 1904 1816 1975 εὑρίσκεται,

239 2009 384 2078 πλὴν
415 2005 678 2059 ἀκανθῶν
707 2005 802 2057 καὶ
826 2001 1088 2072 τριϐόλων
1125 1997 1263 2068 (45).

309 2181 413 2250 οβ’.
448 2180 549 2234 Διά
596 2179 754 2232 τοῦτο
792 2177 944 2245 λέγει
979 2177 1009 2228 ὁ
1047 2176 1239 2247 Σωτήρ
1266 2188 1282 2202 '
1311 2173 1606 2240 Μακάριοι
1635 2173 1689 2225 οἱ
1718 2187 1822 2223 και

237 2271 410 2340 θηρσί
450 2269 525 2340 τῇ
568 2269 805 2339 καρδίᾳ,
842 2268 932 2322 ὅτι
980 2268 1152 2322 αὐτοὶ
1197 2265 1304 2318 τὸν
1349 2265 1499 2319 Θεὸν
1549 2265 1820 2332 ὄψονται.

237 2365 377 2417 Τότε
405 2362 462 2415 δὲ
497 2361 715 2432 ὄψονται
741 2360 925 2426 αὑτὸν,
958 2360 1200 2422 καὶτοὺς
1228 2359 1287 2410 ὲν
1312 2357 1461 2427 αὐτῷ
1489 2356 1820 2426 θησαυροὺς,

237 2457 332 2508 ὅτε
358 2457 449 2508 διὰ
488 2454 713 2525 ἀγάπης
734 2457 830 2508 καὶ
861 2452 1190 2521 ἐγκρατείας
1227 2447 1454 2513 ἑαυτοὺς
1473 2447 1821 2518 καθαίρουσι·

240 2549 339 2600 καὶ
377 2546 622 2617 τοσούτῳ
645 2544 831 2610 πλέον,
864 2545 976 2615 ὅσῳ
1013 2543 1111 2614 τὴν
1143 2541 1414 2612 κάθαρσιν
1442 2533 1791 2592 ἐπιτείνουσι.

318 2737 422 2806 ογ’.
460 2737 559 2791 Διά
588 2736 750 2791 τοῦτο
793 2735 957 2790 πάλιν
978 2734 1126 2802 λέγει
1151 2749 1166 2763 °
1188 2732 1516 2800 Πωλήσατε
1541 2729 1614 2782 τὰ
1640 2727 1826 2796 ὑπάρ-

238 2845 435 2899 κοντα
482 2827 670 2897 ὑμῶν,
715 2827 815 2880 καὶ
863 2825 1000 2878 δότε
1049 2823 1494 2890 ἐλεημοσύνην,
1542 2821 1638 2872 καὶ
1699 2818 1827 2902 ἰδοὺ

240 2917 448 2974 πάντα
472 2918 616 2989 ὑμῖν
641 2917 871 2985 καθαρὰ
894 2917 1097 2970 ἔσται’
1127 2914 1203 2976 ὡς
1247 2911 1446 2982 μηκέτι
1469 2911 1582 2972 τοῖς
1608 2925 1675 2961 πε
1687 2909 1738 2978 ρὶ
1767 2907 1828 2957 τὸ

243 3017 413 3085 σῶμα
447 2994 820 3083 σίολαζόντων
869 3009 1212 3080 πράγμασιν,
1253 3005 1388 3057 ἀλλά
1435 3003 1528 3055 τὸν
1559 3001 1684 3052 νοῦν
1731 3015 1828 3051 κα-

1921 1903 2111 1968 misso,
2154 1921 2278 1974 quae
2325 1915 2455 1960 sunt
2503 1905 2650 1961 circa
2697 1905 2874 1966 illum,
2916 1905 3033 1959 haec
3075 1903 3412 1959 consectaris
3450 1913 3508 1957 et

1921 1995 2093 2059 colis;
2145 1996 2203 2050 in
2245 1997 2448 2065 quibus
2495 2006 2694 2068 praeter
2739 1997 2927 2066 spinas
2972 2006 3029 2051 et
3085 1997 3320 2050 tribulos
3365 1995 3504 2048 nihil

1929 2088 2192 2142 occurrit.

1993 2181 2080 2234 72.
2122 2181 2335 2236 Idcirco
2385 2183 2463 2236 ait
2511 2181 2765 2236 Salvator
2812 2199 2825 2232 ι
2873 2176 3026 2235 Beati
3075 2182 3270 2235 mundo
3319 2181 3506 2243 corde,

1923 2271 2173 2336 quoniam
2220 2271 2321 2340 ipsi
2363 2258 2532 2324 Deum
2576 2271 2820 2325 videbunt
2861 2271 2928 2323 “.
2960 2271 3116 2325 Tunc
3153 2279 3337 2326 autem
3379 2286 3508 2325 eum

1923 2368 2054 2415 sunt
2092 2362 2290 2427 visuri,
2335 2371 2392 2416 et
2432 2363 2744 2427 thesauros,
2789 2363 2882 2432 qui
2932 2363 2987 2417 in
3039 2363 3160 2432 ipso
3198 2371 3345 2428 sunt,
3379 2377 3508 2416 cum

1925 2467 2024 2521 per
2059 2453 2414 2508 dilectionem
2453 2463 2511 2509 et
2551 2455 2952 2510 continentiam
2992 2448 3207 2525 seipsos
3246 2454 3512 2510 emunda-

1926 2543 2141 2606 verint;
2194 2553 2457 2612 tantoque
2510 2543 2832 2614 limpidius,
2881 2553 3092 2612 quanto
3152 2543 3349 2615 majori
3407 2559 3508 2596 au-

1927 2643 2150 2702 gmento
2180 2649 2300 2688 eam
2333 2634 2632 2703 puritatem
2664 2635 3090 2690 cumulaverint.

1999 2726 2088 2776 75.
2128 2723 2336 2779 Idcirco
2380 2725 2457 2778 ait
2503 2725 2704 2779 iterum
2747 2743 2760 2778 :
2812 2726 3024 2779 Vendite
3061 2740 3178 2795 quia
3217 2727 3508 2798 possidetis.

1929 2823 1978 2866 et
2020 2815 2143 2867 date
2189 2815 2611 2887 eleemosynam;
2649 2826 2701 2869 et
2741 2832 2855 2869 ecce
2898 2818 3076 2870 omnia
3117 2818 3316 2872 munda
3358 2829 3513 2873 erunt

1929 2905 2069 2957 vobis
2092 2907 2169 2968 ’6;
2199 2915 2459 2974 tanquam
2497 2907 2758 2960 nimirum
2792 2906 2879 2971 iis,
2913 2923 3035 2976 qua:
3060 2907 3126 2961 ad
3154 2895 3358 2978 corpus
3383 2925 3513 2979 spe-

1930 3004 2102 3056 ctant,
2133 3012 2241 3049 non
2269 2997 2504 3067 amplius
2531 2998 2774 3052 animum
2805 2998 3129 3063 adhibeant,
3159 2999 3255 3054 sed
3281 3001 3350 3054 ab
3383 3000 3514 3055 odio

241 3107 462 3178 θαίρειν
500 3103 861 3164 σπευδόντων,
905 3100 1016 3154 ἀπὸ
1063 3099 1253 3169 μίσους
1300 3097 1393 3147 καὶ
1429 3093 1696 3162 ἀκρασίας
1721 3109 1733 3120 ·
1770 3090 1825 3142 ὃν

1931 3103 1995 3139 ac
2025 3088 2241 3140 luxuria
2282 3089 2587 3143 emundare
2617 3105 2745 3144 eum
2781 3099 3059 3166 satagant;
3097 3105 3259 3158 quem
3297 3091 3516 3146 scilicet

241 3165 480 3270 καρδίαν
509 3194 766 3266 ὀνομάζει
794 3197 823 3247 ὁ
854 3165 1078 3262 Κύριος.
1109 3189 1295 3241 Ταῦτα
1323 3187 1430 3255 γὰρ
1450 3186 1539 3236 τὸν
1574 3183 1699 3236 νοῦν
1734 3184 1825 3248 ῥυ-

1930 3177 2196 3232 Dominus
2235 3178 2604 3249 signiﬁcatum
2655 3165 2832 3233 voluit
2871 3179 3056 3234 cordis
3096 3183 3344 3236 nomine.
3389 3181 3516 3236 Haac

240 3291 479 3353 ⁸άτοῦντα,
503 3289 603 3342 οὐκ
645 3288 775 3340 ἐῶσι
819 3285 1038 3356 βλέπειν
1067 3282 1158 3334 τὸν
1194 3281 1251 3332 ἐν
1282 3278 1430 3346 αὐτῷ
1472 3275 1828 3328 κατοικοῦντα

240 3382 510 3454 Χριστὸν,
537 3379 628 3432 διὰ
643 3379 742 3447 τῆς
775 3377 996 3449 χάριτος
1024 3373 1121 3426 τοῦ
1148 3371 1307 3440 ἁγίου
1331 3369 1702 3438 βαπτίσματος
1723 3366 1826 3435 (ιι).

318 3569 417 3622 06'.
468 3565 652 3627 Ὀδοὺς
684 3564 718 3632 ἠ
747 3558 938 3632 Γραφὴ
963 3557 1060 3620 τὰς
1085 3553 1285 3626 ἀρετὰς
1312 3549 1587 3622 ὀνομάζει.
1610 3546 1828 3612 Μείζων

239 3661 307 3716 δὲ
356 3657 550 3712 πασῶν
589 3655 699 3708 τῶν
739 3651 971 3722 ἀρετῶν,
1007 3651 1042 3716 ἡ
1104 3646 1293 3715 ἀγάπη
1347 3642 1674 3712 καθέστηκε.
1731 3639 1828 3691 Διά

239 3751 409 3806 τοῦτο
435 3751 620 3816 ἔλεγεν
651 3749 680 3800 ὁ
720 3743 1045 3804 ’Λπόστολος
1069 3757 1084 3770 ο
1112 3740 1242 3792 Ἔτι
1292 3735 1423 3789 καθ’
1474 3729 1824 3800 ὑπερϐολὴν

244 3839 404 3894 ὁδὸν
451 3837 596 3907 ὑμῖν
655 3834 963 3902 δείκνυμι·
1003 3831 1079 3892 ὼς
1119 3825 1480 3894 καταφρονεῖν
1537 3820 1829 3872 πείθουσαν

243 3932 356 3985 τῶν
421 3927 614 3983 δλικῶν
653 3925 1014 3995 πραγμάτων,
1064 3920 1159 3974 καὶ
1209 3916 1374 3988 μηδὲν
1421 3913 1530 3966 τῶν
1561 3909 1828 3980 προσκαί-

249 4043 367 4096 ρων
398 4022 674 4092 προτιμᾷν
706 4017 813 4072 τῶν
845 4014 1097 4068 αἰωνίων.

325 4121 422 4169 σε’.
475 4114 540 4166 Ἠ
577 4115 659 4174 είς
693 4110 824 4164 Θεὸν
879 4108 1094 4175 ἀγάπη,
1150 4101 1469 4157 ἀνθίσταται
1515 4099 1584 4167 τῇ
1634 4093 1826 4146 ἐπιθυ-

251 4207 360 4278 μία
382 4204 532 4276 (46)·
569 4201 748 4255 πείθει
784 4201 893 4268 γὰρ
940 4197 1032 4249 τὸν
1071 4192 1198 4248 νοῦν
1244 4187 1671 4261 ὲγκρατεύεσθαι
1718 4183 1828 4278 ἀπο

245 4273 364 4351 τῶν
393 4273 621 4367 ηδονῶν.
660 4292 726 4344 Ἠ
765 4289 824 4343 δὲ
861 4289 940 4351 είς
965 4289 1054 4340 τὸν
1104 4282 1354 4355 πλησίον,
1385 4279 1702 4334 ἀνθίσταται
1747 4273 1827 4344 τῷ

249 4389 450 4462 θυμῷ·
489 4388 633 4441 ποιεῖ
659 4385 770 4454 γὰρ
807 4381 1170 4450 καταφρονεῖν
1198 4375 1354 4445 δόξης
1388 4373 1481 4425 καὶ
1503 4369 1822 4462 χρημάτων.

1931 3266 2079 3321 enim
2112 3268 2360 3322 animum
2397 3268 2759 3338 inquinando,
2786 3284 2896 3322 non
2927 3269 3117 3323 sinunt
3142 3278 3202 3324 ut
3226 3269 3510 3324 Christum

1929 3371 2031 3425 per
2055 3358 2286 3427 gratiam
2315 3358 2492 3413 sancti
2527 3359 2876 3428 baptismatis
2908 3360 2961 3412 in
2994 3359 3113 3428 ipso
3144 3359 3508 3424 habitantem,

1930 3449 2174 3504 videant.

2002 3545 2087 3598 74.
2129 3543 2373 3598 Virtutes
2396 3542 2683 3613 Scriptura
2707 3542 2827 3598 vias
2853 3544 3111 3614 appellat.
3138 3543 3308 3615 Major
3329 3552 3512 3599 autem

1928 3634 2189 3689 omnibus
2217 3634 2519 3689 virtutibus
2556 3643 2642 3690 est
2678 3635 2955 3701 Charitas;
2998 3637 3358 3705 quamobrem
3399 3638 3516 3691 aie-

1929 3722 2024 3776 bat
2079 3722 2378 3792 Apostolus
2427 3740 2440 3775 :
2487 3723 2670 3778 Adhuc
2718 3722 3141 3778 excellentiorem
3187 3725 3327 3778 viam
3373 3727 3513 3780 vobis

1928 3814 2229 3867 demonstro
2275 3814 2373 3880 ’7;
2421 3814 2576 3870 velut
2618 3815 2882 3869 nimirum
2935 3831 3057 3884 qua:
3107 3831 3196 3870 res
3245 3816 3515 3872 humanas

1928 3905 2270 3976 contemptui
2315 3906 2552 3969 habere,
2595 3907 2857 3975 nullaque
2902 3915 3259 3976 temporanea
3291 3909 3515 3963 alternis

1928 3999 2228 4063 anteferre,
2265 3999 2516 4053 suadeat.

2000 4089 2088 4143 75.
2121 4088 2252 4154 Qua:
2277 4088 2344 4142 ad
2367 4089 2538 4143 Deum
2562 4097 2648 4141 est
2673 4088 2934 4151 charitas,
2958 4088 3246 4159 cupiditati
3271 4089 3507 4151 resistit;

1932 4179 2126 4232 suadet
2150 4179 2298 4232 enim
2330 4188 2637 4248 auctorque
2672 4179 2859 4236 animo
2887 4189 2992 4243 est,
3027 4189 3088 4232 ut
3116 4196 3174 4234 se
3199 4196 3230 4233 a
3261 4180 3512 4249 volupta-

1929 4271 2079 4324 tibus
2107 4271 2410 4325 contineat.
2442 4270 2574 4336 Quze
2608 4277 2791 4324 autem
2831 4269 2899 4323 ad
2941 4269 3251 4338 proximum
3281 4279 3384 4335 est,
3418 4271 3511 4324 ira:

1927 4363 2290 4428 adversatur;
2319 4363 2545 4432 quippe,
2590 4377 2702 4432 quo
2748 4372 3003 4425 auctore,
3048 4361 3276 4430 gloriam
3320 4377 3386 4416 ac
3428 4359 3514 4415 di-

250 4452 369 4536 καὶ
389 4452 586 4533 ’ταῦτά
632 4452 751 4529 είσι-
778 4474 848 4526 τὰ
879 4471 974 4525 δύο
1017 4469 1274 4540 δηνάρια,
1301 4467 1446 4536 ἅπερ
1473 4465 1501 4516 ὁ
1527 4463 1718 4532 Σωτὴρ
1742 4461 1825 4512 δέ·

1929 4455 2093 4510 vitias
2128 4461 2568 4509 contemnamus.
2610 4452 2789 4523 Atque
2841 4453 2896 4507 lii
2949 4452 3060 4507 duo
3103 4453 3315 4507 denarii
3356 4461 3508 4512 sunt.

253 4577 402 4629 δωκε
457 4572 537 4642 τῷ
583 4569 864 4642 πανδοχεῖ,
896 4565 984 4619 ἴνα
1025 4580 1120 4617 σου
1163 4559 1482 4630 ἐπιμέλειαν
1509 4555 1826 4624 ποιήσηται.

261 4668 430 4722 Ἀλλά
465 4638 541 4737 μὴ
587 4666 763 4734 φανῇς
811 4638 1082 4729 ἀγνώμων
1103 4658 1216 4718 τοῖς
1245 4653 1471 4727 λῃσταῖς
1496 4645 1829 4710 συνδυάζων,

254 4764 331 4833 μή
368 4777 504 4813 ποτε
538 4757 701 4811 πάλιν
732 4754 968 4824 πληγῇς,
1001 4752 1095 4803 καὶ
1129 4749 1230 4800 οὐκ
1256 4746 1338 4798 ἔτι
1371 4740 1664 4813 ἡμιθανὴς,
1693 4737 1830 4790 ἀλλά

259 4850 450 4922 νεκρὸς
479 4845 769 4918 εὑρεθήσῃ.

326 5111 377 5141 ”
405 5110 610 5180 Ephes.
658 5124 743 5180 ιιι,
798 5105 895 5180 17.
931 5167 952 5180 ἡ
985 5102 1030 5132 ’³
1064 5098 1276 5180 Coloss.
1314 5107 1374 5158 ιι,
1431 5095 1485 5148 3.

256 5182 300 5210 ’⁷
332 5182 352 5234 1
391 5167 519 5234 (Σὸισ.
557 5195 652 5244 χιι,
687 5179 774 5232 5‘2.
851 5175 896 5205 ”
931 5167 1064 5226 Luc.
1103 5167 1267 5227 L35.

332 5337 412 5408 (ιι)
469 5336 573 5408 Διά
625 5328 968 5408 τὴνῌχιίριν
1015 5325 1353 5408 τεῆάγίου
1394 5321 1836 5408 βαπτίσέιαᾶος.

258 5388 410 5478 Quin,
436 5388 724 5478 scripserit
738 5388 1025 5478 Maximus,
1052 5388 1386 5478 Πνέυμξατοξ,
1408 5393 1601 5478 nullus
1620 5388 1836 5478 dubito,

263 5463 343 5536 ad
342 5477 478 5535 illud
499 5463 651 5528 Pauli
666 5471 871 5540 Ephes.
889 5486 966 5532 ιιι,
982 5463 1311 5540 ι-εειιειιὶεεε,
1327 5463 1556 5540 δυνάμει
1571 5475 1840 5540 κραταιω-

264 5529 535 5621 διά
561 5543 656 5596 τοῦ
675 5529 817 5621 ῌνερ
826 5529 992 5621 ματος
1006 5529 1171 5621 αἰέξοῦ
1190 5538 1269 5618 είς
1294 5534 1384 5621 τὸν
1399 5529 1836 5621 ptui—tor,

264 5599 590 5689 κατοικῆσαι
621 5612 733 5689 ’τὸν
771 5599 1006 5689 Χριστὸν
1046 5608 1136 5689 δια
1187 5607 1286 5676 τῆς
1321 5604 1580 5689 πίστεως.
1596 5599 1841 5689 ειν-’ταῖς

266 5669 362 5742 il
382 5669 388 5670 ⁷
406 5669 513 5746 ίαιξ
535 5681 716 5754 ὑμῶν’
750 5669 951 5750 quibus
979 5678 1165 5732 verbis
1199 5669 1388 5745 aperte
1417 5669 1844 5751 Apostolus,.in-

269 5689 665 5812 habitationem
697 5749 905 5806 Christi
939 5749 997 5802 in
1039 5746 1303 5801 cordibus
1338 5753 1567 5805 nostris,
1601 5738 1842 5808 Spiritus

269 5738 665 5813 habitationem
697 5738 905 5806 Christi
939 5749 997 5802 in
1039 5738 1303 5801 cordibus
1338 5738 1567 5805 nostris,
1601 5738 1842 5808 Spiritus

579 5848 849 5908 Pamon.
898 5846 1013 5904 Gn.
1072 5841 1197 5901 XC.

1598 5093 1644 5122 "
1669 5090 1859 5145 Matth.
1892 5099 2006 5151 xm,
2064 5088 2153 5142 44.

1932 4559 2073 4616 quos
2123 4545 2375 4600 Salvator
2409 4545 2454 4576 ³⁸
2493 4543 2649 4599 dedit
2703 4544 3040 4608 stabulario,
3090 4552 3147 4598 ut
3193 4543 3272 4597 tui
3321 4559 3507 4598 curam

1931 4644 2078 4707 agat.
2114 4635 2260 4690 Cave
2294 4643 2478 4688 autem
2499 4649 2592 4698 ne,
2624 4638 2678 4688 te
2711 4635 3023 4702 latronibus
3051 4633 3354 4704 adjungens
3412 4632 3512 4687 iis~

1933 4742 2043 4796 que
2071 4726 2506 4786 communicans.
2541 4727 2785 4796 ingratus
2822 4725 3084 4790 videaris,
3119 4740 3189 4779 ne
3213 4725 3376 4785 forte,
3411 4723 3514 4776 ite«

1935 4830 2058 4874 rum
2089 4819 2332 4888 acceptis
2359 4818 2554 4888 plagis,
2578 4834 2688 4871 non
2714 4819 2825 4888 jam
2856 4817 3174 4881 semivivus,
3202 4816 3298 4871 sed
3332 4814 3513 4884 reipsa

1937 4921 2192 4969 mortuus
2223 4913 2544 4968 inveniaris.

2267 5077 2314 5118 "
2343 5086 2534 5141 Matth.
2567 5103 2620 5153 v,
2649 5087 2702 5140 8.
2799 5087 2844 5116 ’⁸
2868 5085 2999 5139 Luc.
3053 5102 3146 5149 χιι,
3179 5085 3280 5151 55;
3313 5101 3386 5149 χι,
3419 5085 3507 5140 41.

1938 5315 2111 5368 sancti
2158 5313 2349 5382 gratia!
2387 5313 2635 5367 ascribit.
2684 5309 2869 5365 Gratia
2908 5320 3096 5382 autem
3122 5307 3510 5382 baptismatis,

1937 5385 2042 5440 etsi
2066 5393 2123 5438 et
2154 5378 2271 5453 ipsa
2300 5382 2540 5452 Spiritus
2570 5382 2746 5453 sancti
2781 5381 2954 5450 gratia
2986 5388 3100 5453 est,
3120 5379 3173 5432 in
3202 5378 3394 5453 paucis
3425 5386 3511 5430 ta-

1937 5470 2063 5510 men
2099 5448 2420 5516 adultisfad
2461 5466 2602 5522 quos
2635 5451 2751 5505 Ιιιεο
2777 5448 3064 5522 spectant,
3087 5448 3378 5522 incolumis
3405 5458 3508 5522 est,

1937 5525 2035 5580 sed
2063 5524 2391 5603 niagisqutp
2413 5517 2496 5603 ei
2520 5517 2844 5603 paenitentia
2879 5520 3113 5603 exsistit.
3142 5519 3261 5574 Non
3287 5517 3512 5603 (περ,ιῴ

1937 5609 2059 5649 eam
2099 5587 2540 5647 debuit'Max-imi
2580 5591 2832 5645 doctrina
2870 5591 3071 5644 arctari
3113 5607 3125 5642 :
3167 5603 3231 5642 ac
3269 5587 3512 5656 proclive

1937 5665 2040 5718 fuit
2067 5680 2136 5718 ex
2166 5663 2316 5717 vocis
2360 5662 2619 5717 aﬂinitate
2636 5661 2716 5715 sic
2749 5661 3006 5730 imperito
3038 5658 3367 5730 antiquaria
3393 5672 3515 5710 mu-

1940 5743 2078 5797 tare,
2115 5749 2182 5787 ex
2220 5749 2331 5801 quo
2362 5747 2518 5787 error
2550 5732 2604 5784 in
2633 5731 2770 5784 alios
2801 5725 2965 5786 codd.
2996 5725 3299 5801 productus
3325 5725 3411 5781 sit.

3122 5824 3199 5882 ει
