4048 6434
608 340 752 412 1067
1790 353 1849 413 s.
1892 351 2177 412 MAXIMI
2215 350 2721 415 CONFESSOBIS
3694 352 3804 424 10m

687 460 775 517 76.
812 459 1063 516 Emnnda
1105 462 1351 517 animum
1394 469 1548 517 tuum
1583 462 1651 516 ab
1694 462 1773 515 ira
1803 469 1858 515 et
1890 460 2189 523 simultate,
2223 464 2266 520 Α

2223 464 2266 520 Α
2371 468 2475 527 ος’.
2520 463 2767 535 Κάθαιρε
2804 463 2900 515 τὸν
2940 463 3064 516 νοῦν
3100 479 3195 515 σου
3227 462 3335 515 ἀπὸ
3363 460 3550 533 ὀργῆς,
3582 462 3668 516 καὶ
3693 480 3805 538 μνη-

615 572 681 613 ac
720 556 973 626 turpibus
1012 558 1460 629 cogitationibus.
1510 558 1680 628 quue
1717 557 1811 611 ubi
1844 554 2191 627 praestiteris,

2296 553 2571 618 σικακίας,
2604 556 2699 608 καὶ
2739 555 2848 608 τῶν
2888 555 3131 625 αἰσχρῶν
3158 553 3447 624 λογισμῶν.
3480 554 3585 607 Καὶ
3609 556 3715 609 τότε
3736 558 3807 612 δυ-

616 648 1016 705 inhabitantem
1044 651 1325 706 Christum
1352 665 1514 706 nosse
1549 650 1775 721 poteris.

2293 648 2433 719 νήσῃ
2457 648 2660 716 γνῶναι
2690 649 2789 719 τὴν
2821 646 2916 701 τοῦ
2942 646 3182 719 Χριστοῦ
3207 646 3496 717 ἐνοίκησιν.

686 744 773 798 77.
811 742 945 810 Quis
982 752 1035 798 te
1074 743 1402 797 illuminavit
1446 743 1501 796 in
1540 741 1701 797 ﬁdem
1738 750 1940 797 sancta:
1969 747 2027 794 et
2064 753 2195 793 con-

2362 739 2457 804 οζθ.
2501 739 2598 805 Τίς
2631 756 2690 793 σε
2720 741 2988 810 ἐφώτισεν
3018 743 3098 806 εἰς
3121 740 3225 810 τὴν
3248 740 3545 811 πίστιν.τῆς
3570 741 3715 808 ἁγίας
3732 744 3810 797 καὶ

613 835 992 891 substantialis
1045 850 1107 889 ac
1168 834 1460 889 adorandae
1524 834 1846 908 Trinitatis;
1910 841 2008 887 aut
2068 829 2193 900 quis

2290 831 2574 901 ὁμοουσίου
2610 832 2703 886 καὶ
2731 835 3113 904 προσκυνητῆς
3142 831 3373 903 Τριάδος
3394 831 3541 901 (47);
3576 832 3608 902 ἢ
3634 833 3707 895 τίς
3743 851 3810 887 σοι

613 927 1041 999 dispensationis
1091 928 1148 981 in
1184 922 1363 983 ‘carne
1412 928 1575 982 unius
1618 943 1649 982 e
1688 935 1876 982 sancta
1923 923 2191 979 Trinitate

2290 922 2556 994 ἐγνώρισε
2584 923 2685 995 τήν
2710 924 2974 996 ἐνσαρκον
2993 923 3305 994 οἰκονομίαν
3324 923 3417 977 τοῦ
3441 924 3557 987 ἐνὸς
3571 925 3660 995 τῆς
3680 926 3811 993 ἁγίας

614 1023 865 1076 notitiam
911 1020 1131 1075 intulit?
1160 1019 1296 1086 Quis
1335 1033 1469 1073 vero
1508 1019 1805 1088 spirituum
1843 1032 1940 1071 seu
1977 1015 2191 1070 animo-

2290 1017 2542 1087 Τριάδος;
2583 1017 2680 1082 Τίς
2729 1016 2787 1070 δέ
2816 1033 2875 1070 σε
2931 1016 3134 1083 ἐδίδαξε
3195 1018 3326 1081 τοὺς
3371 1016 3501 1087 περὶ
3544 1018 3813 1087 ἀσωμάτων

612 1131 735 1168 rum
773 1114 1016 1168 rationes
1054 1113 1263 1175 docuit,
1298 1112 1382 1167 vel
1424 1127 1539 1176 eas,
1575 1127 1695 1180 qum
1735 1109 1802 1164 ad
1841 1116 2025 1163 ortum
2064 1122 2189 1176 spe-

2287 1108 2502 1176 λόγους,
2536 1109 2569 1179 ἢ
2610 1110 2737 1174 τοὺς
2781 1109 2910 1180 περὶ
2961 1109 3229 1178 γενέσεως
3279 1110 3376 1162 καὶ
3424 1108 3714 1173 συντελείας
3736 1111 3811 1163 τοῦ

609 1214 760 1261 ctant
825 1221 889 1260 ac
947 1204 1481 1259 consummationem
1543 1201 1735 1255 mundi
1800 1200 1964 1270 hujus
2014 1197 2188 1253 oculis

2288 1200 2572 1270 ὁρωμένου
2624 1199 2831 1271 κόσμου
2852 1216 2866 1231 ο
2899 1199 2933 1269 ἢ
2979 1200 3107 1271 περὶ
3153 1200 3256 1270 τῆς
3285 1201 3351 1254 ἐκ
3377 1200 3585 1273 νεκρῶν
3613 1202 3813 1256 ἀναστά⁸

608 1296 997 1366 aspectabilis,
1046 1296 1161 1350 sive
1204 1296 1371 1350 etiam
1418 1295 1486 1350 ad
1534 1293 1997 1349 resurrectionem
2039 1306 2188 1345 mor-

2289 1307 2429 1354 σεως
2457 1301 2552 1344 καί⁹
2579 1292 2799 1345 αἰωνίου
2825 1292 2995 1363 ζωῆς,
3024 1293 3058 1363 ἢ
3094 1293 3226 1363 περὶ
3252 1293 3349 1364 τῆς
3382 1290 3539 1362 δόξης
3561 1293 3655 1364 τῆς
3690 1294 3815 1363 βασι-

608 1398 831 1442 tuorum
856 1396 912 1443 et
934 1388 1103 1442 vitam
1125 1396 1409 1451 aeternam,
1428 1388 1512 1442 vel
1537 1387 1601 1440 ad
1625 1386 1856 1455 gloriam
1878 1392 1934 1439 et
1956 1398 2184 1454 regnum

2284 1383 2437 1447 λείας
2467 1383 2577 1438 τῶν
2600 1385 2868 1457 οὐρανῶν,
2905 1385 3001 1439 καὶ
3027 1385 3127 1455 τῆς
3151 1385 3394 1457 φοϐερᾶς
3436 1385 3683 1457 κρίσεως
3704 1389 3817 1459 οὐχὶ

606 1480 873 1536 caelorum
930 1478 1388 1548 tremendumque
1430 1477 1741 1548 judicium?
1782 1474 1945 1547 455
1993 1474 2185 1531 Nonne

2285 1477 2319 1546 ή
2340 1475 2502 1548 χάρις
2526 1476 2620 1530 τοῦ
2645 1475 2882 1547 Χριστοῦ
2912 1478 2946 1546 ή
2972 1478 3259 1530 ἐνοικοῦσα
3302 1479 3362 1530 ἐν
3388 1477 3501 1541 σοί;
3551 1478 3666 1548 ἥτις
3693 1480 3816 1532 ἐστὶν

606 1590 729 1643 quae
772 1573 827 1627 in
859 1581 924 1627 te
968 1572 1181 1627 habitat
1221 1570 1423 1627 Christi
1469 1569 1669 1641 gratia,
1710 1578 1904 1638 estque
1946 1567 2184 1622 arrhabo

2284 1571 2312 1620 ὁ
2339 1568 2596 1641 ἀρῤαϐὼν
2633 1569 2727 1623 τοῦ
2761 1570 2918 1638 ἁγίου
2945 1570 3300 1638 Πνεύματος;
3336 1570 3403 1623 Τί
3438 1570 3616 1640 μεῖζον
3639 1571 3817 1643 ταύτης

605 1666 781 1722 sancti
813 1666 1084 1737 Spiritus?
1117 1663 1258 1731 Quid
1296 1664 1399 1719 hac
1442 1664 1620 1733 majus
1667 1661 1881 1734 gratia?
1912 1669 2007 1715 aut
2048 1659 2182 1730 quid

2283 1662 2383 1731 τῆς
2428 1663 2683 1733 χάριτος;
2728 1663 2761 1734 ἢ
2811 1662 2864 1716 τί
2902 1665 3153 1734 κρεῖττον
3182 1662 3383 1731 ταύτης
3409 1663 3507 1733 τῆς
3538 1663 3717 1731 σοφίας
3742 1664 3818 1717 καὶ

605 1755 711 1811 hac
752 1756 1102 1827 praestantius
1143 1755 1412 1825 sapientia
1446 1763 1505 1809 et
1548 1753 1808 1818 scientia,
1846 1753 2049 1824 quidve
2091 1752 2179 1813 iis,

2217 1815 2254 1827 _
2284 1754 2380 1823 τῆς
2434 1753 2727 1823 γνὼσεως;
2770 1755 2803 1825 ἢ
2842 1753 2896 1807 τί
2943 1753 3050 1808 τῶν
3092 1754 3438 1824 ἐπαγγελιῶν
3488 1753 3815 1827 ὑψηλότερονς

591 1842 730 1917 quae
765 1846 1033 1916 promissa
1066 1855 1218 1912 sunt,
1255 1846 1583 1901 sublimius?
1616 1845 1710 1901 Sin
1753 1853 1937 1900 autem
1974 1844 2182 1898 inertes

2220 1815 2256 1870 Β
2283 1815 2637 1917 Είδέυέσμεν
2670 1815 2847 1918 ἀργοὶ
2876 1845 2971 1899 καὶ
3014 1815 3264 1917 ἀμελεῖς,
3286 1834 3380 1898 καὶ
3412 1845 3488 1916 μὴ
3518 1815 3818 1916 καθαίρομεν

603 1951 909 2006 segnesque
952 1952 1163 2002 sumus,
1198 1952 1301 1991 nec
1334 1953 1363 1991 a
1409 1936 1924 2007 perturbationibus
1951 1951 2014 1991 ac
2045 1934 2181 1990 alie-

2283 1938 2511 2002 ἐαυτοὺς
2541 1935 2649 1990 τῶν
2696 1937 3013 1992 κωλυόντων
3060 1938 3229 2008 ἡμᾶς,
3265 1937 3360 1991 καὶ
3404 1936 3497 1990 τὸν
3545 1936 3663 1991 νοῦν
3690 1938 3817 2009 ήμῶν

603 2025 789 2080 ctibus
849 2026 1282 2095 impedientibus
1338 2038 1688 2097 mentemque
1743 2026 2180 2094 excaecantibus,

2282 2033 2690 2103 ἐκτυφλοῦντων
2724 2032 2930 2097 παθῶν,
2960 2031 3102 2087 ὥστε
3123 2033 3382 2088 δύνασθαι
3412 2032 3506 2086 καὶ
3537 2033 3818 2104 τρανότερον

602 2131 706 2171 nos
750 2116 854 2187 ipsi
895 2117 1279 2182 emundamus,
1321 2126 1383 2170 ut
1419 2118 1504 2172 vel
1551 2119 1670 2188 ipso
1705 2119 1909 2173 clarius
1939 2118 2055 2173 sole
2085 2118 2185 2172 ho-

2283 2126 2436 2197 ήλίου
2465 2126 2595 2189 τοὺς
2622 2126 2753 2198 περὶ
2773 2123 2983 2178 τούτων
3011 2124 3204 2194 λόγους
3224 2124 3380 2197 ὁρᾷν,
3418 2124 3639 2186 ἑαυτοὺς
3666 2125 3816 2176 αἰτια-

601 2223 728 2261 rum
758 2209 1004 2264 rationes
1031 2207 1220 2264 videre
1242 2209 1538 2279 possimus,
1572 2210 1630 2263 in
1663 2226 1765 2266 nos
1791 2211 1939 2280 ipsos
1960 2226 2183 2266 causam

2283 2216 2531 2289 σώμεοα,
2565 2217 2663 2272 καί
2693 2216 2768 2288 μὴ
2794 2215 2894 2289 τὴν
2921 2217 3021 2289 τῆς
3044 2216 3267 2288 χάριτος
3297 2214 3572 2285 ἐνοίκησιν
3603 2214 3817 2286 ἀρνησὼ-

601 2298 952 2365 referamus,
1002 2314 1108 2355 nec
1149 2315 1271 2370 qua:
1323 2299 1379 2353 in
1433 2299 1595 2355 nobis
1650 2300 1862 2356 habitat
1880 2309 1908 2368 ,'
1949 2302 2182 2373 gratiam
2282 2305 2443 2377 μεθα.

602 2390 961 2462 abnegemus.

672 2480 761 2535 78.
796 2480 901 2547 Qui
931 2480 1031 2535 tibi
1078 2489 1282 2536 aeterna
1342 2481 1487 2536 bona
1531 2481 1808 2553 pollicitus
1847 2492 1951 2547 est,
2012 2482 2179 2549 Deus,

2352 2489 2453 2551 οη’.
2523 2481 2582 2534 '0
2646 2480 3118 2552 ἐπαγγειλάμενός
3177 2497 3259 2533 σοι
3327 2477 3468 2542 Θεὸς
3534 2478 3602 2534 τά
3658 2476 3816 2532 αἰώνια

601 2570 770 2639 inque
807 2576 903 2623 tuo
930 2577 1152 2638 pectore
1199 2568 1437 2638 Spiritus
1490 2569 1858 2625 arrhabonem
1902 2571 2072 2645 dedit,
2112 2572 2179 2637 is,

2279 2572 2484 2642 ἀγαθὰ,
2533 2572 2631 2626 καὶ
2675 2573 2769 2626 τὸν
2829 2572 3128 2645 ἀρραϐῶνα
3181 2571 3277 2626 τοῦ
3308 2570 3625 2641 Πνεύματος
3667 2570 3717 2623 ἐν
3743 2572 3812 2640 ’τῇ

602 2676 798 2730 magna
824 2675 954 2715 cura
1004 2676 1069 2714 ac
1100 2660 1385 2731 diligentia
1426 2662 1551 2716 vita
1597 2663 1839 2717 rationes
1884 2644 1987 2717 tibi
2025 2663 2183 2717 insti-

2280 2667 2480 2738 καρδίᾳ
2524 2665 2773 2729 δεδωκὼς
2796 2706 2812 2730 ,
2882 2644 3188 2719 ἐνετείλατό
3236 2681 3317 2719 σοι
3374 2663 3733 2735 ἐπιμελεῖσθαί
3769 2678 3814 2714 σε

597 2752 833 2807 tuendas
863 2753 1154 2822 praecepit;
1194 2761 1255 2807 ut
1285 2753 1448 2809 homo
1494 2754 1723 2811 interior
1772 2757 1841 2810 ab
1894 2756 2181 2813 affectibus

2278 2755 2374 2809 τοῦ
2407 2756 2546 2826 βίου,
2585 2756 2675 2812 ἵνα
2730 2759 2759 2809 ὁ
2808 2757 2917 2810 ἔσω
2970 2755 3259 2827 ἄνθρωπος
3298 2754 3412 2809 τῶν
3462 2754 3645 2809 παθῶν
3692 2752 3814 2807 ἐλευ-

601 2854 768 2914 atque
819 2843 968 2898 vitiis
1019 2843 1302 2911 liberatus,
1350 2846 1461 2915 jam
1505 2855 1621 2899 tum
1670 2845 1831 2900 bonis
1881 2845 1990 2900 frui
2040 2847 2179 2902 inci-

2280 2845 2562 2919 θερωθεὶς,
2589 2847 2821 2919 ἄρξηται
2849 2848 3184 2903 ἀπεντεῦθεν
3206 2849 3305 2919 τῆς
3332 2847 3448 2901 τῶν
3474 2845 3685 2915 ἀγαθῶν
3705 2846 3813 2899 ἀπο·

603 2944 782 3006 peret.

2277 2938 2543 3003 λαύσεως.

673 3028 761 3082 79.
811 3027 1130 3082 Divinorum
1181 3043 1245 3082 ac
1293 3028 1612 3081 sublimium
1653 3029 2181 3099 contemplationum

2349 3033 2447 3088 οϐ’.
2493 3035 2616 3088 Τῶν
2655 3036 2815 3090 θείων
2844 3037 2939 3089 καὶ
2977 3035 3198 3106 ὑψηλῶν
3246 3032 3613 3099 καταξιωθεὶς
3641 3031 3813 3101 θεωρη-

600 3135 826 3192 compos
877 3122 1127 3185 effectus,
1162 3135 1410 3191 magnam
1441 3120 1797 3176 charitati~ac
1828 3121 2181 3177 continentia:

2214 3155 2250 3216 ο
2287 3128 2472 3197 μάτων
2493 3166 2508 3192 ,
2540 3126 2748 3197 σφόδρα
2796 3126 3059 3196 ἐπιμελοῦ
3091 3127 3315 3197 ἀγάπης
3346 3127 3445 3179 καὶ
3488 3124 3812 3216 ἐγκρατείας·

600 3212 943 3284 diligentiam
970 3212 1111 3267 habe
1137 3230 1151 3265 :
1181 3228 1290 3282 quo
1310 3227 1508 3282 nempe
1527 3220 1739 3283 partem
1768 3212 1936 3267 animi
1969 3212 2183 3269 affecti-

2218 3212 2249 3216 ᾗ
2284 3220 2374 3272 ἵνα
2402 3217 2464 3270 τὸ
2503 3217 2809 3288 παθητικὸν
2858 3218 3133 3289 ἀτάραχον
3161 3218 3544 3287 διαφυλάττων
3567 3257 3581 3282 ,
3608 3214 3812 3269 ἀνέκλει-

598 3306 705 3360 bus
724 3306 1043 3369 obnoxiam,
1074 3306 1528 3377 imperturbatam
1580 3320 1826 3371 servans,
1862 3306 2184 3363 indeﬁciens

1650 3320 1826 3371 rvans,
1862 3306 2184 3363 indeﬁciens
2282 3329 2416 3365 πτον
2444 3308 2575 3383 Eia;
2601 3311 2662 3364 τὸ
2689 3311 2789 3381 τῆς
2817 3310 2995 3381 ψυχῆς
3026 3310 3248 3379 φέγγος.

602 3399 774 3453 animi
793 3399 956 3468 jubar
980 3398 1249 3453 obtineas.

671 3486 1123 3543 80.1rascentem
1173 3486 1342 3541 animi
1394 3496 1607 3557 partem
1647 3487 1921 3543 charitate
1981 3486 2179 3555 frena;

2353 3500 2429 3548 π’.
2467 3492 2541 3546 Τὸ
2588 3491 2819 3563 θυμικὸν
2864 3492 2965 3563 τῆς
3013 3491 3226 3562 ψυχῆς,
3282 3491 3477 3561 ἀγάπῃ
3519 3488 3814 3559 χαλίνωσονῆ

600 3578 830 3648 ejusque
860 3585 1068 3648 partem
1095 3577 1575 3648 concupiscentem
1607 3580 1960 3635 continentia“:
1980 3581 2184 3635 labori-

2282 3586 2379 3639 καὶ
2402 3585 2463 3637 τὸ
2484 3583 2883 3654 ἐπιθυμητικὸν
2905 3584 3074 3653 αὐτῆς
3124 3582 3427 3652 ἐγκρατείᾳ
3449 3580 3812 3650 καταμάρανον·

602 3666 708 3721 bus
734 3683 988 3722 macera:
1041 3667 1154 3721 vim
1206 3676 1391 3722 autem
1452 3669 1682 3723 rationis
1727 3669 1994 3724 orationis
2032 3669 2183 3724 cultu

2285 3678 2379 3732 καὶ
2411 3677 2472 3732 τὸ
2514 3677 2733 3746 λογικὸν
2766 3677 2939 3747 αὐτῆς
2977 3677 3254 3746 προσευχῇ
3311 3675 3596 3747 πτέρωσω
3618 3690 3632 3705 ο
3673 3669 3815 3725 καὶτὸ

601 3755 895 3811 sublimem
912 3756 1065 3821 leva;
1094 3770 1196 3811 nec
1223 3755 1361 3812 ullas
1390 3772 1629 3826 unquam
1651 3757 1851 3813 mentis
1871 3766 1977 3813 tua:
1996 3758 2184 3813 lumen

1736 3757 1851 3813 τῐιῑὶε
1871 3766 1977 3813 ωδε
1996 3758 2184 3813 lumen
2285 3770 2401 3840 φῶς
2429 3768 2523 3823 τοῦ
2554 3769 2646 3822 νοῦ
2672 3770 2774 3822 οὐκ
2802 3768 3149 3840 ἀμαυροῦται
3182 3784 3334 3821 ποτε.

604 3846 865 3901 tenebras
896 3846 1163 3900 incurret.

675 3937 766 3993 8i.
804 3936 938 4003 Qum
994 3935 1350 3994 dilectionem
1398 3938 1641 4004 solvunt,
1690 3938 1809 3994 haec
1846 3938 1965 3995 fere
2019 3950 2180 4007 sunt;

2355 3948 2471 4006 πα’.
2525 3949 2607 4003 Τὰ
2634 3948 2733 4022 τὴν
2780 3949 3004 4019 ἀγάπην
3056 3948 3275 4013 λύοντα,
3312 3951 3427 4004 εἰσὶ
3474 3948 3676 4005 ταῦτα·
3707 3939 3808 4008 οἷον,

603 4044 824 4100 nempe,
868 4029 1148 4085 detractus
1181 4029 1379 4096 honor,
1407 4029 1594 4085 damni
1646 4030 1785 4087 illati
1824 4031 2043 4104 injuria,
2095 4048 2185 4087 ca-

2285 4042 2498 4113 ἀτιμία,
2530 4041 2726 4114 ζημία,
2760 4042 3116 4111 συκοφαντία,
3147 4041 3180 4112 ἢ
3212 4042 3294 4106 εἰς
3318 4042 3527 4105 πίστιν,
3552 4042 3582 4113 ἢ
3608 4042 3682 4103 εἰς
3707 4038 3807 4109 βίον·

604 4117 834 4183 Iumnia,
866 4117 980 4172 sive
1008 4116 1065 4171 in
1091 4116 1219 4183 ﬁde,
1252 4117 1367 4174 sive
1389 4118 1446 4172 in
1475 4118 1587 4174 vita
1617 4134 1683 4175 ac
1733 4121 2011 4187 moribus;
2057 4139 2185 4185 ver-

2286 4134 2486 4205 δαρμοί
2512 4176 2527 4200 ,
2578 4133 2785 4204 πληγαὶ
2812 4173 2827 4197 ,
2875 4135 2971 4187 καὶ
3007 4133 3076 4187 τὰ
3107 4134 3235 4204 ἑξῆς
3257 4151 3272 4165 θ
3309 4136 3409 4188 καὶ⁵
3437 4134 3609 4189 ταῦτα
3635 4135 3665 4205 ἢ
3697 4130 3814 4201 αὐτῷ

603 4210 759 4273 bera,
787 4209 1039 4274 vulnera,
1085 4215 1192 4264 etc.
1240 4211 1419 4279 Atque
1463 4209 1581 4265 haec
1613 4210 1700 4266 vel
1736 4227 1858 4282 qua:
1888 4212 1990 4282 ipsi
2048 4229 2183 4268 eon-

2288 4225 2671 4296 συμϐαίνοντα,
2703 4226 2737 4295 ἥ
2771 4244 2879 4280 τινι
2917 4225 3025 4279 τῶν
3058 4226 3223 4280 αὑτοῦ
3270 4227 3556 4296 συγγενῶν
3585 4227 3617 4297 ἢ
3662 4225 3812 4295 φίλων.

605 4300 841 4371 tingant,
872 4300 959 4354 vel
991 4315 1114 4370 quae
1157 4299 1400 4355 afﬁnium
1447 4302 1687 4373 cuipiam
1730 4318 1827 4358 seu
1881 4305 2183 4360 amicorum

2299 4315 2358 4371 Ὀ
2382 4313 2477 4372 οὗν
2501 4317 2592 4371 διά
2623 4335 2675 4372 τι
2711 4317 2916 4372 τούτων
2947 4317 3088 4373 λύων
3114 4318 3214 4391 τὴν
3245 4319 3495 4389 ἀγάπην,
3538 4318 3681 4373 olim
3703 4316 3814 4383 ἔγνω

605 4394 941 4463 irrogentur.
966 4391 1070 4458 Qui
1100 4392 1267 4464 igitur
1298 4394 1498 4448 horum
1553 4395 1787 4466 alicujus
1817 4412 1983 4452 causa
2042 4397 2183 4452 dile-

1874 4412 1983 4452 lusa
2042 4397 2183 4452 duc“
2285 4413 2371 4476 τίς
2396 4415 2425 4468 ὁ
2452 4413 2653 4477 σκοπὸς
2685 4412 2796 4468 τῶν
2827 4412 2924 4467 τοῦ
2952 4410 3189 4485 Χριστοῦ
3218 4412 3472 4469 ἐντολῶν.

610 4482 853 4537 ctionem
873 4482 1036 4538 solvit
1056 4498 1121 4538 ac
1143 4483 1490 4548 charitatem,
1543 4485 1590 4540 is
1636 4485 1874 4540 necdum
1927 4486 2179 4556 quisnam
2214 4495 2259 4549 ι)

616 4575 744 4629 ﬁnis
774 4576 846 4629 sit
867 4575 1251 4630 mandatorum
1283 4575 1486 4632 Christi
1514 4579 1789 4650 cognovit.

685 4664 772 4718 89..
827 4663 997 4719 Stude
1049 4674 1254 4735 quanta
1305 4666 1535 4722 facultas
1590 4670 1840 4737 quemvis
1895 4670 2181 4726 hominum

2358 4671 2468 4743 πβ’.
2521 4673 2831 4728 Σπούδασον
2882 4675 3008 4729 ὅσον
3059 4675 3280 4731 δύνασαι
3340 4678 3524 4731 πάντα
3571 4675 3816 4745 ἄνθρωπον

605 4755 857 4825 diligere.
898 4753 993 4809 Sin
1022 4763 1206 4810 autem
1237 4755 1292 4810 id
1330 4757 1565 4812 necdum
1598 4769 1856 4829 praestare
1880 4763 2051 4829 vales,
2096 4765 2183 4818 vel

2287 4764 2593 4835 ἀγαπῆσαι.
2627 4767 2690 4819 Εἰ
2735 4766 2793 4820 δὲ
2824 4766 2981 4820 τοῦτο
3013 4765 3165 4820 οὔπω
3202 4767 3471 4834 δύνασαι,
3508 4768 3607 4823 κᾶν
3646 4765 3817 4838 μηδένα

605 4856 756 4902 certe
790 4846 1067 4901 neminem
1123 4846 1327 4902 oderis.
1356 4848 1434 4903 Ac
1483 4863 1553 4903 ne
1607 4850 1713 4906 hoc
1763 4854 1987 4922 quidem
2034 4855 2184 4910 vales

2288 4857 2544 4928 μισήσῃς.
2581 4858 2657 4911 Οὐ
2705 4857 2933 4913 δύνασαι
2982 4858 3037 4912 δὲ
3067 4859 3188 4913 οῦδὲ
3215 4859 3372 4914 τοῦτο
3404 4860 3657 4930 ποιῆσαι,
3690 4857 3733 4910 εἰ
3757 4855 3812 4924 μὴ

607 4947 889 5015 praestare,
920 4938 1027 4992 nisi
1053 4953 1175 5008 quae
1194 4948 1322 4994 sunt
1348 4942 1541 4996 mundi
1567 4945 1985 5015 contempseris.

2283 4951 2393 5004 τῶν
2416 4950 2510 5004 τοῦ
2543 4952 2751 5021 κόσμου
2782 4953 3127 5024 πραγμάτων
3152 4956 3590 5026 καταφρονήσῃς.

676 5031 766 5086 85.
804 5030 928 5085 Tibi
957 5030 1160 5101 aliquis
1190 5032 1512 5087 maledixit?
1534 5033 1613 5088 Ne
1666 5034 1818 5089 illum
1847 5035 2053 5103 oderis,
2085 5038 2180 5093 sed

2355 5047 2469 5110 σῖγ’.
2515 5041 2574 5095 Ὀ
2597 5043 2746 5096 δεῖνα
2775 5042 3169 5114 ἐϐλασφήμησε
3193 5059 3207 5073 ο
3252 5042 3326 5114 μὴ
3358 5045 3596 5115 μισήσῃς
3622 5041 3810 5096 ἐκεῖνον.

606 5123 757 5195 quod
791 5123 848 5178 in
881 5132 935 5178 te
978 5121 1240 5195 jactatum
1267 5135 1353 5179 est
1414 5124 1789 5193 maledictum,
1825 5129 2053 5199 ejusque
2102 5131 2183 5201 ja-

2286 5128 2423 5183 ἀλλά
2452 5129 2550 5202 τὴν
2591 5130 2965 5202 βλασφημίαν,
2998 5132 3093 5185 καὶ
3128 5131 3221 5186 τὸν
3251 5131 3637 5202 βλασφημῆσαι
3674 5142 3814 5196 παρα·

608 5215 794 5270 ctandi
824 5222 1128 5276 auctorem.
1164 5215 1468 5270 diabolum.
1500 5216 1594 5272 Sin
1625 5226 1809 5272 autem
1844 5218 2022 5289 ipsum
2048 5222 2179 5277 ode-

2289 5220 2639 5275 σκευάσαντα
2683 5220 2938 5293 δαίμονα.
3002 5223 3066 5277 Εἰ
3121 5222 3179 5276 δὲ
3239 5222 3331 5276 τὸν
3382 5221 3812 5293 βλασφημήσαντα

606 5307 705 5369 ris,
740 5307 835 5377 qui
872 5308 1174 5373 maledixit,
1197 5308 1478 5362 hominem
1502 5308 1688 5372 odisti,
1716 5324 1952 5381 reusque
1975 5330 2036 5367 cs
2061 5313 2180 5368 vio-

2288 5317 2490 5383 μισεῖς,
2520 5315 2808 5386 ἄνθρωπον
2857 5318 3149 5389 ἐμίσησας,
3182 5319 3279 5372 καὶ
3307 5317 3407 5388 τὴν
3453 5315 3662 5384 ἐντολὴν
3693 5326 3810 5378 παρ-

606 5396 702 5450 lati
734 5397 1021 5451 mandati:
1054 5414 1117 5454 ac
1174 5399 1321 5467 quod
1372 5399 1464 5453 ille
1524 5398 1655 5453 fecit
1708 5401 1900 5466 verbo,
1952 5410 2009 5456 tu
2050 5402 2183 5458 facis

2288 5405 2420 5479 ἐδης
2446 5423 2462 5438 ο
2490 5407 2586 5461 καὶ
2610 5408 2747 5479 ὅπερ
2777 5409 2986 5473 ἐκεῖνος
3018 5409 3096 5481 τῷ
3119 5408 3266 5480 λόγῳ
3297 5408 3536 5479 ἐποίησε,
3569 5404 3724 5465 ποιεῖς
3758 5398 3808 5451 σὺ

605 5503 796 5559 opere.
823 5488 918 5544 Sin
943 5499 1125 5544 autem
1158 5506 1343 5546 servas
1365 5489 1705 5556 mandatum,
1730 5508 1851 5563 qua:
1871 5493 2181 5551 dileetioijs

2286 5497 2366 5569 τῷ
2415 5496 2582 5569 ἔργῳ.
2634 5499 2698 5552 Εἰ
2748 5498 2807 5553 δὲ
2856 5500 2954 5571 τὴν
3006 5499 3225 5572 ἐντολὴν
3274 5500 3590 5570 φυλάττεις,
3635 5493 3696 5548 τὰ
3731 5490 3810 5558 τῆς

606 5587 756 5646 sunt,
787 5581 1009 5643 exhibe,
1038 5597 1101 5636 ac
1133 5582 1178 5636 si
1213 5582 1346 5652 quid
1377 5598 1477 5652 per
1510 5584 1827 5640 facultatem
1864 5585 2012 5653 licet,
2039 5586 2180 5642 ferto

2286 5590 2510 5660 ἀγάπης
2533 5588 2796 5656 ἐπίδειξαι
2815 5607 2831 5623 ο
2857 5593 2954 5646 καὶ
2992 5594 3047 5646 εί
3073 5610 3127 5646 τι
3155 5593 3403 5659 δύνασαι,
3440 5588 3709 5662 βοήθησον,
3739 5583 3808 5635 ἵνα

602 5686 792 5741 opem,
819 5681 878 5726 ut
908 5687 937 5725 a
965 5672 1110 5726 malo
1133 5673 1355 5729 liberes.

2286 5679 2381 5734 τοῦ
2412 5682 2583 5736 κακοῦ
2616 5685 2776 5738 αὑτὸν
2815 5685 3147 5759 ἀπαλλάξῃς.

681 5762 769 5819 δι.
804 5763 922 5818 Non
962 5763 1075 5817 vult
1101 5763 1373 5834 Christus,
1433 5776 1492 5821 ut
1555 5767 1814 5825 adversus
1870 5773 2177 5843 quempiam

2362 5772 2462 5829 πεδ’.
2496 5776 2570 5830 Οὐ
2603 5777 2746 5832 ϐέλει
2785 5796 2842 5832 σε
2870 5780 2897 5833 ὁ
2931 5779 3163 5850 Χριστὸς
3212 5781 3365 5850 μῖσος
3405 5777 3546 5849 ἔχειν
3573 5772 3695 5845 πρὸς
3727 5767 3803 5819 ἇν-
