4048 6430
221 371 353 435 1069

1093 358 1430 432 CAPITUM
1471 358 1568 430 DE
1607 368 2040 430 CHAR’ITATE
2063 372 2463 434 'CENTURIA
2499 374 2601 437 Iv.

3327 374 3465 443 1070

217 484 452 554 θρωπον,
491 484 521 551 ἦ
554 482 730 551 λύπην
763 482 990 555 ἢόργὴν
1024 484 1056 551 ἢ
1090 481 1462 553 μνησικακίαν
1494 480 1777 534 τοσύνολον

1887 479 2172 537 hominum
2204 485 2393 539 odium
2420 486 2644 551 habeas,
2666 484 2833 557 556
2857 494 2953 541 aut
2976 486 3107 557 δέει-ἰ
3140 487 3310 541 animi
3337 503 3468 543 sen-

215 574 331 627 καθ⁹
383 574 696 644 οἱονδήποτε
734 575 960 643 τρόπον,
1011 573 1045 642 ἢ
1094 574 1161 626 δι’
1196 574 1511 643 οίονδήποτε
1546 574 1783 641 πρᾶγμα

215 666 569 735 πρόσκαιρον.
622 666 731 720 Καὶ
762 666 919 720 τοῦτο
968 666 1145 737 πάντη
1199 666 1367 737 βοῶσι
1422 666 1494 718 τά
1538 666 1783 734 τέσσαρα

214 758 540 826 Εύαγγέλια.

283 946 388 992 πε’.
417 939 609 992 Πολλοί
640 941 807 1008 ἐσμεν
835 940 884 992 οἱ
918 939 1189 1007 λέγοντες,
1213 938 1384 1007 ὀλίγοι
1412 939 1467 991 δὲ
1497 939 1545 990 οἱ
1570 935 1784 989 ποιοῦν-

211 1050 316 1096 τες.
363 1032 504 1084 Ἀλλ’
551 1029 643 1083 οὖν
686 1034 777 1083 τὸν
813 1032 969 1097 λόγον
1019 1031 1112 1083 τοῦ
1174 1029 1310 1082 Θεοῦ
1355 1029 1531 1091 οὐδεὶς
1582 1027 1783 1095 ὤφειλε

209 1124 448 1178 νοθεύειν
481 1124 568 1176 διὰ
591 1125 689 1192 τὴν
726 1122 861 1175 ἰδίαν
891 1123 1152 1192 ἀμέλειαν
1175 1138 1189 1152 ·
1230 1121 1347 1175 ἀλλ’
1372 1120 1655 1190 ὁμολογεῖν
1684 1120 1783 1189 μὲν

207 1216 307 1284 τὴν
350 1213 546 1269 ἑαυτοῦ
593 1213 900 1275 ἀσθένειαν,
953 1213 1027 1282 μὴ
1063 1210 1438 1281 ἀποκρύπτειν
1464 1210 1520 1262 δὲ
1554 1210 1655 1279 τὴν
1688 1208 1780 1261 τοῦ

206 1305 346 1359 Θεοῦ
386 1304 680 1375 ἀλήθειαν·
733 1305 821 1356 ἵνα
879 1303 952 1373 μὴ
985 1303 1229 1355 ὑπόδικοι
1277 1300 1589 1371 γενώμεθα.
1643 1300 1783 1370 μετά

205 1396 305 1465 τῆς
329 1397 438 1448 τῶν
468 1396 698 1447 ὲντολών
727 1395 1114 1466 παραϐάσεως,
1146 1395 1239 1447 καὶ
1260 1394 1358 1464 τῆς
1380 1393 1475 1445 τοῦ
1502 1391 1661 1460 λόγου
1686 1390 1781 1445 τοῦ

206 1487 342 1541 Θεοῦ
372 1487 828 1559 παρεξηγήσεως-

272 1662 399 1729 πς’.
443 1663 657 1734 Ἀγάπη
701 1665 797 1717 καὶ
822 1664 1162 1733 ἐγκράτεια,
1216 1660 1409 1714 παθῶν
1458 1659 1559 1729 τὴν
1603 1659 1781 1728 ψυχὴν

203 1756 620 1827 ὲλευθεροῦσιν⁸
663 1757 971 1823 ἀνάγνωσις
1014 1756 1108 1808 καὶ
1142 1754 1345 1824 θεωρία
1369 1792 1385 1816 ,
1415 1754 1637 1821 ἀγνοίας
1690 1754 1780 1804 τὸν

1889 589 2031 639 sum,
2060 586 2153 631 aut
2182 577 2341 643 iram,
2367 580 2601 634 ullamve
2622 580 2817 648 quovis
2834 580 3059 633 omnino
3082 580 3264 643 modo,
3290 580 3377 635 vel
3396 581 3471 637 ob

1890 668 2055 721 ullam
2086 685 2315 738 prorsus
2349 685 2465 724 rem
2499 678 2935 740 temporancam,
2992 679 3183 725 teneas
3234 670 3469 740 injuria-

1891 775 2012 812 rum
2040 762 2379 815 memoriam.
2414 761 2595 831 Atque
2635 762 2740 816 hoc
2769 760 2996 815 omnino
3014 769 3255 830 quatuor
3284 759 3470 816 Evan-

1890 852 2031 920 gelia
2064 853 2323 906 clamant.

1898 1004 1903 1009 ,
1959 943 2047 998 85.
2082 946 2236 1000 Multi
2281 961 2472 1001 sumus
2500 947 2596 1016 qui
2647 947 2915 1013 dicamus,
2962 948 3123 1017 pauci
3162 947 3258 1019 qui
3300 945 3471 1001 facia-

1890 1051 2034 1089 mus.
2071 1037 2243 1090 Nemo
2301 1045 2504 1103 tamen,
2554 1039 2697 1107 quod
2734 1040 2850 1109 ipse
2878 1041 3161 1109 negligens
3209 1040 3469 1107 inersque

1890 1138 1997 1190 est,
2025 1130 2120 1183 Dei
2152 1131 2383 1185 verbum
2410 1132 2575 1185 debet
2595 1132 2907 1188 adulterare
2939 1149 2952 1185 :
3014 1133 3110 1187 sed
3158 1148 3315 1186 suam
3347 1130 3471 1199 qui-

1890 1218 2015 1273 dem
2047 1220 2205 1274 fateri
2236 1222 2632 1282 infirmitatem.
2656 1239 2758 1276 nec
2791 1232 2972 1277 tamen
3024 1231 3317 1292 propterea
3371 1220 3471 1276 Dei

1890 1313 2071 1368 celare
2104 1316 2421 1380 veritatem;
2449 1332 2519 1370 ne
2556 1316 2793 1385 duplicis
2819 1316 3070 1369 criminis
3099 1316 3178 1371 rei
3223 1314 3472 1369 invenia-

1892 1422 2039 1469 mur,
2090 1406 2237 1474 quod
2279 1422 2387 1459 non
2442 1408 2618 1461 solum
2660 1406 2917 1460 mandata
2975 1408 3465 1477 transgrediamur,

1890 1513 2081 1550 verum
2106 1498 2273 1552 etiam
2299 1498 2394 1553 Dei
2426 1499 2656 1553 verbum
2677 1515 2740 1553 ac
2763 1499 3100 1569 Scripturam
3130 1500 3274 1555 male
3297 1500 3471 1557 inter-

1889 1596 2189 1655 pretemur.

1960 1674 2046 1729 86.
2076 1677 2307 1731 Dilectio
2328 1687 2383 1731 et
2420 1678 2761 1732 continentia
2790 1680 3027 1733 animam
3062 1679 3131 1734 ab
3177 1680 3469 1736 aﬁ'ectibns

1890 1774 2054 1835 atque
2079 1766 2229 1821 vitiis
2252 1767 2490 1821 liberant
2522 1785 2536 1821 :
2570 1768 2734 1823 lectio
2754 1777 2935 1821 autem
2967 1776 3024 1822 et
3054 1770 3465 1839 contemplatio,

202 1847 330 1901 νοῦν
379 1846 813 1899 ἀπαλλάττουσιν
836 1863 851 1877 ο
888 1846 921 1914 ἡ
955 1846 1013 1897 δὲ
1039 1845 1137 1915 τῆς
1170 1843 1479 1912 προσευχῆς
1508 1843 1782 1893 κατάστα-

1887 1866 2125 1911 tuentem
2176 1860 2246 1913 ab
2274 1858 2583 1929 ignorantia
2616 1860 2891 1925 eximunt;
2926 1870 2983 1914 at
3028 1875 3151 1915 cam
3201 1862 3470 1917 orationis

204 1953 291 2000 σις
316 1938 412 2007 (υ),
442 1936 591 2007 αὐτῷ
619 1936 952 2005 παρίστησιν
981 1934 1146 1987 αὐτὸν
1176 1933 1259 2003 τῷ
1288 1933 1427 2003 Θεῷ.

273 2027 386 2093 πῖ.
414 2029 584 2081 Ὅταν
615 2027 803 2080 ἴδωσιν
836 2028 982 2096 ἡμᾶς
1012 2026 1062 2079 οἱ
1102 2026 1357 2097 δαίμονες
1384 2026 1492 2079 τῶν
1521 2024 1782 2096 πραγμά-

200 2138 312 2173 των
342 2119 437 2172 τοῦ
487 2120 692 2188 κόσμου
747 2114 1225 2186 καταφρονοῦντας
1249 2114 1402 2185 (48),
1457 2115 1543 2166 ἵνα
1590 2117 1665 2183 μὴ
1714 2113 1781 2166 δι’

201 2212 347 2265 αύτά
391 2210 518 2273 τοὺς
560 2208 884 2280 ἀνθρώπους
938 2208 1263 2276 μισήσωμεν
1294 2207 1515 2275 καὶτῆς
1559 2207 1781 2275 ἀγάπης

199 2302 551 2371 ἐκπέσωμεν,
574 2300 697 2352 τότε
730 2298 1096 2367 συκοφαντίας
1121 2296 1243 2349 καθ’
1268 2296 1426 2367 ἡμῶν
1455 2294 1779 2365 ἐγείρουσιν,

201 2393 291 2445 ἶνα
322 2392 423 2458 τὴν
451 2390 629 2461 λύπην
671 2389 747 2459 μὴ
779 2389 1036 2458 φέροντες
1059 2430 1073 2455 ,
1105 2388 1233 2451 τοὺς
1266 2390 1782 2455 συκοφαντήσαντας

202 2486 551 2554 μισήσωμεν.

271 2573 390 2645 σπη’.
427 2576 543 2627 υύκ
572 2574 690 2627 ἐστι
733 2574 893 2636 πόνος
938 2574 1116 2642 ψυχῆς
1170 2571 1471 2643 βαρύτερος
1506 2588 1781 2638 συκοφαν-

197 2667 321 2729 τίας
352 2666 500 2735 (49),
534 2668 633 2719 κᾶν
674 2682 733 2717 τε
784 2667 862 2727 είς
896 2668 1079 2718 πίστιν
1106 2704 1121 2727 ,
1166 2664 1269 2717 κάν
1319 2681 1379 2714 τε
1421 2665 1501 2725 εἰς
1535 2661 1650 2731 βίον
1696 2678 1781 2723 τις

200 2760 664 2825 συκοφαντεῖται·
714 2757 810 2809 καὶ
845 2755 1022 2818 οὐδεὶς
1052 2755 1260 2824 ταύτης
1290 2756 1655 2823 καταφρονεῖν
1687 2752 1779 2804 δύ-

199 2866 381 2911 ναται,
415 2851 463 2901 εἰ
498 2850 573 2919 μὴ
606 2849 763 2919 μόνος
788 2849 818 2900 ὁ
846 2850 923 2910 εὶς
965 2846 1097 2899 Θεὸν
1138 2847 1582 2915 ἀποόλεπόμενος
1635 2846 1711 2907 ὡς
1747 2846 1779 2913 ἡ

200 2943 487 3003 Σωσάννα,
533 2940 625 2995 τὸν
653 2943 814 3011 μόνον
856 2940 1158 3008 δυνάμενον
1186 2939 1278 2990 καὶ
1315 2937 1375 3001 ἐξ
1406 2936 1659 3005 ἀναγκῶν
1689 2936 1781 3005 ρύ-

200 3034 406 3087 σασθαι
435 3033 626 3101 ὥσπερ
660 3032 943 3100 κάκείνην,
987 3030 1082 3083 καὶ
1126 3032 1251 3091 τοὺς
1280 3028 1604 3097 ἀνθρώπους
1640 3027 1781 3095 πλη-

201 3127 531 3199 ροφορῆσαι,
562 3126 636 3187 ὡς
682 3126 775 3177 καὶ
803 3124 931 3193 περὶ
963 3123 1176 3192 ἐκείνης
1201 3137 1215 3150 '
1251 3120 1344 3173 καὶ
1373 3122 1470 3190 τὴν
1503 3119 1681 3189 ψυχὴν
1710 3122 1778 3188 τῇ
1809 3168 1850 3222 C

198 3217 374 3271 ἑλπίδι
409 3212 934 3285 παραμυθήσασθαι.

270 3311 384 3363 7:0’.
416 3310 583 3361 Ὅσον
606 3306 743 3378 εὔχῃ
769 3310 835 3359 ἐκ
863 3309 959 3375 τῆς
1000 3306 1179 3375 ψυχῆς
1211 3304 1349 3372 ὑπὲρ
1379 3304 1473 3357 τοῦ
1511 3321 1781 3371 συκοςςαν-

198 3418 507 3473 τησαντος,
552 3399 806 3451 τοσοῦτον
860 3398 953 3450 καὶ
999 3399 1028 3449 ὁ
1076 3398 1211 3460 θεὸς
1261 3396 1603 3467 πληροφορεῐ
1652 3395 1782 3459 τοὺς

201 3492 713 3554 σκανδαλισοέντας.

267 3676 347 3737 ιη’.
388 3670 553 3723 Φύσει
594 3669 798 3738 ἀγαθὸς
842 3670 1000 3739 μόνος
1028 3670 1056 3721 ό
1088 3668 1221 3732 Θεός
1245 3686 1260 3699 ·
1299 3671 1393 3722 καὶ
1422 3668 1615 3740 γνώμῃ
1648 3670 1785 3738 ἀγα-

200 3762 317 3827 θὸς,
349 3764 509 3833 μόνος
538 3766 566 3815 ό
592 3762 947 3831 θεομίμητος.
994 3762 1201 3825 Σκοπὸς
1227 3762 1337 3832 γάρ
1363 3762 1512 3833 αὐτῷ
1540 3765 1679 3826 ἐστι,
1704 3762 1784 3832 τῷ

201 3856 364 3923 φύσει
400 3852 587 3924 ἀγαθῷ
618 3856 743 3917 τοὺς
783 3855 1055 3923 πονηροὺς
1099 3854 1354 3923 συνάψαι,
1393 3855 1482 3908 ἵνα
1515 3855 1783 3922 γένωνται

202 3946 422 4015 ἀγαθοί.
472 3948 571 4000 Διά
614 3946 770 3999 τοῦτο
816 3946 907 3998 ὑπ’
979 3946 1159 3999 αὐτῶν
1208 3946 1620 4017 λοιδορούμενος
1688 3948 1783 4000 εύ-

203 4041 360 4109 λογῇ·
393 4041 717 4108 διωκόμενος
771 4040 1042 4109 ἀνέχεται·
1102 4038 1589 4109 βλασφημούμενος
1612 4058 1786 4111 παρα-

207 4133 401 4184 καλεῖ·
486 4131 842 4200 φονευόμενος
927 4130 1312 4199 ὑπερεύχεται.
1372 4129 1558 4182 Πάντα
1617 4132 1781 4193 ποιεῖ,

205 4223 289 4277 ἵνα
318 4223 413 4277 τοῦ
446 4222 651 4276 σκοποῦ
680 4225 777 4292 τῆς
812 4223 1038 4293 ἀγάπης
1068 4221 1143 4293 μὴ
1170 4223 1406 4295 ἐκπέσῃ.

269 4396 385 4461 ιμ’.
414 4397 479 4449 Αἱ
512 4397 610 4466 μὲν
639 4396 849 4449 ἐντολαὶ
876 4395 968 4447 τοῦ
1000 4396 1231 4465 Κυρίου,
1263 4396 1605 4449 διδάσκουσιν
1636 4398 1782 4466 ἡμᾶς

1883 1958 2058 2005 status
2085 1950 2188 2018 ipsi
2212 1952 2321 2005 Deo
2349 1951 2518 2005 sistit.

1950 2041 2037 2095 87.
2072 2040 2209 2096 Cum
2270 2057 2373 2096 nos
2423 2042 2668 2098 viderint
2717 2043 2997 2099 dmmones
3047 2060 3113 2100 ea
3160 2061 3283 2116 quae
3336 2053 3470 2102 sunt

1882 2132 2075 2185 nmndi
2099 2148 2386 2201 spernere,
2422 2150 2490 2189 ne
2524 2135 2743 2189 illorum
2777 2152 2942 2191 causa
2984 2138 3300 2208 quempiam
3330 2138 3466 2193 ode-

1882 2223 2057 2276 rimus
2090 2239 2153 2276 ac
2186 2223 2471 2278 charitatis
2498 2225 2766 2294 jacturam
2830 2226 3135 2281 faciamus:
3178 2236 3312 2283 tunc
3370 2244 3465 2283 ca-

1881 2312 2120 2368 lumnias
2147 2314 2203 2367 in
2220 2330 2321 2369 nos
2350 2315 2612 2380 excitant,
2638 2326 2719 2380 ut,
2744 2318 2874 2387 aagri
2898 2318 3068 2372 animi
3088 2318 3335 2374 dolorem
3355 2334 3467 2374 non

1880 2402 2145 2469 ferentes,
2173 2422 2364 2461 earum
2390 2408 2553 2463 nobis
2584 2419 2889 2464 structores
2910 2408 3214 2464 oderimus.

1948 2578 2036 2632 88.
2061 2579 2252 2633 Nullus
2282 2582 2477 2635 anima:
2508 2582 2725 2652 gravior
2749 2582 2925 2647 labor,
2947 2598 3113 2652 quam
3151 2583 3465 2649 calumniae,

1882 2670 1997 2723 sive
2030 2670 2145 2725 inec
2170 2672 2333 2726 fidem
2366 2680 2536 2741 petat,
2586 2673 2701 2727 sive
2734 2674 2905 2727 vitam
2952 2689 3246 2744 moresque
3290 2675 3468 2744 respi-

1882 2761 2023 2825 ciat;
2062 2778 2165 2817 nec
2208 2764 2499 2832 quisquam
2545 2765 2950 2819 contemnendo
2992 2766 3084 2829 sit,
3134 2766 3241 2820 nisi
3290 2767 3467 2820 solum

1882 2853 1975 2920 qui
2014 2854 2186 2908 instar
2211 2854 2474 2910 Susannm
2508 2856 2563 2909 in
2590 2857 2760 2910 Deum
2786 2858 3017 2926 aspiciat
3046 2859 3120 2923 ’9;
3160 2857 3255 2927 qui
3293 2858 3465 2925 solus,

1882 2945 2035 2997 velut
2083 2945 2252 3009 illam,
2298 2961 2331 2998 a
2384 2946 2811 3001 necessitatibus
2856 2955 3039 3016 potest
3077 2947 3346 3013 liberare;
3403 2962 3470 3002 ac

1883 3029 2235 3094 sicntinilla,
2268 3032 2473 3085 malum
2524 3049 2728 3087 nomen
2778 3034 3077 3104 depellere,
3128 3044 3296 3105 atque
3346 3036 3470 3091 ani-

1884 3134 2034 3172 mum
2063 3120 2180 3189 spei
2209 3120 2407 3175 solatio
2442 3121 2649 3176 levare.

1956 3298 2043 3352 89.
2073 3296 2346 3363 Quantum
2377 3314 2443 3351 ex
2466 3298 2649 3352 animo
2677 3312 2776 3366 pro
2809 3314 2877 3353 eo
2900 3316 3046 3364 oras,
3076 3316 3107 3355 a
3133 3316 3244 3370 quo
3272 3317 3466 3373 asper-

1885 3405 1980 3444 sus
2008 3388 2280 3443 calumnia
2306 3403 2388 3453 es,
2417 3396 2625 3441 tantum
2655 3389 2800 3443 Deus
2840 3390 2986 3460 apud
3019 3391 3143 3447 illos
3176 3391 3464 3464 abstersit,

1885 3496 2026 3551 quos
2079 3480 2175 3535 illa
2230 3480 2565 3547 offenderat,
2623 3483 2876 3553 laesazque
2925 3482 3088 3537 fidem
3135 3484 3468 3545 innocentia

1888 3575 2041 3629 facit.

1956 3668 2045 3720 90.
2079 3666 2241 3722 Solus
2271 3668 2416 3721 Deus
2446 3674 2643 3720 natura
2666 3667 2846 3721 bonus
2870 3678 2956 3721 est
2990 3684 3003 3720 :
3035 3668 3317 3724 voluntate
3367 3684 3466 3724 au-

1884 3770 1995 3815 tem
2025 3762 2305 3830 animique
2337 3759 2611 3814 sententia
2648 3759 2799 3814 solus
2830 3759 3009 3815 bonus
3033 3769 3139 3826 est,
3165 3761 3261 3831 qui
3290 3761 3466 3816 Deum

1885 3853 2153 3907 imitatur.
2192 3853 2251 3907 ld
2284 3854 2430 3907 enim
2458 3852 2686 3907 omnino
2740 3852 2957 3922 satagit,
2990 3863 3053 3909 ut
3097 3854 3172 3919 ei,
3226 3853 3321 3923 qui
3364 3868 3465 3910 na-

1887 3958 2009 4002 tura
2040 3946 2218 4001 bonus
2259 3948 2351 4011 sit,
2395 3947 2569 4001 malos
2620 3948 2933 4017 conjungat,
2984 3963 3094 4017 quo
3146 3954 3203 4003 et
3253 3948 3293 4002 ii
3331 3948 3466 4004 boni

1885 4040 2036 4093 fiant.
2061 4040 2269 4093 Idcirco
2294 4039 2404 4093 illis
2431 4039 2887 4093 maledicentibus
2932 4039 3243 4106 benedicit;
3278 4055 3467 4110 perse-

1884 4131 2183 4200 quentibus
2261 4130 2533 4195 sustinet;
2584 4129 3119 4199 blasphemantibus,
3171 4130 3461 4197 obsecrat;

1884 4222 2263 4283 cnecantibus,
2314 4230 2573 4290 precatur
2600 4222 2665 4273 ³ο.
2698 4218 2893 4275 Omnia
2922 4220 3163 4290 denique
3220 4221 3372 4289 facit,
3402 4232 3466 4279 ut

1887 4310 1954 4363 ab
1983 4324 2151 4378 scopo
2174 4307 2486 4361 dilectionis
2516 4322 2625 4360 non
2650 4306 2887 4361 excidat.

1954 4401 2042 4455 9i.
2097 4400 2373 4468 Prmcepta
2438 4398 2721 4453 Dominica
2786 4399 2874 4452 bis
2934 4413 3057 4468 quae
3117 4407 3245 4452 sunt
3295 4400 3464 4457 medii

201 4492 317 4552 τοῖς
376 4491 565 4560 μέσοις
614 4492 849 4560 εὐλόγως
904 4496 1213 4565 χρήσασθαι
1261 4497 1590 4565 πράγμασι·
1652 4500 1684 4565 ή
1720 4497 1777 4549 δὲ

1887 4490 2095 4547 ordinis
2118 4489 2320 4543 docent
2342 4489 2738 4543 convenienter
2766 4505 2835 4543 ex
2873 4488 3085 4543 ratione
3113 4489 3191 4543 uti
3215 4507 3227 4542 :
3264 4505 3464 4546 conve-

203 4581 425 4649 εὔλογος
452 4582 561 4633 τῶν
590 4583 772 4651 μέσων
808 4586 1021 4654 χρῆσις,
1055 4586 1154 4654 τὴν
1193 4588 1291 4655 τῆς
1324 4588 1498 4656 ψυχῆς
1526 4589 1780 4655 καθαίρει

203 4675 576 4726 κατάστασιν·
620 4676 652 4743 η
698 4675 754 4727 δὲ
790 4676 1007 4747 καθαρά
1055 4680 1407 4741 κατάστασις,
1460 4682 1637 4733 τίκτει
1681 4682 1780 4751 τὴν

202 4764 479 4835 διάκρισιν
506 4782 519 4795 ·
552 4770 585 4837 ἡ
612 4767 668 4819 δὲ
695 4768 995 4838 διάκρισις,
1043 4773 1218 4824 τίκτει
1260 4774 1358 4841 τὴν
1385 4774 1654 4828 ἀπάθειαν
1678 4818 1690 4841 ,
1722 4776 1782 4841 ἐξ

203 4853 266 4929 ἧς
298 4860 547 4913 τίκτεται
575 4862 607 4931 ἡ
635 4863 815 4915 τελεία
841 4864 1051 4935 ἀγάπη.

272 5028 382 5097 ιιβκ
419 5027 587 5081 Οὔπω
640 5028 754 5099 ἔχει
802 5029 903 5099 τὴν
955 5030 1226 5083 ἀπάθειαν
1254 5069 1268 5094 ,
1298 5033 1327 5083 ό
1358 5032 1445 5086 διὰ
1506 5034 1778 5104 σύμϐασιν

203 5118 550 5190 πειρασμοῦ,
602 5120 665 5172 τὸ
716 5120 1005 5189 ἐλάττωμα
1059 5120 1151 5173 τοῦ
1195 5122 1350 5188 φίλου
1402 5125 1778 5193 παραϐλέπειν

209 5206 283 5276 μὴ
318 5206 649 5276 δυνάμενος,
684 5208 717 5278 ἢ
755 5206 815 5259 ὃν
860 5207 1041 5276 τυχὸν,
1087 5206 1119 5276 ἢ
1154 5207 1211 5259 δὲ
1261 5205 1404 5261 εἶναι
1451 5210 1660 5268 δοκοῦν.
1695 5217 1777 5270 Τὰ

968 5344 1013 5376 ³ο
1037 5344 1055 5398 1
1082 5342 1209 5397 Cor.
1237 5360 1309 5407 tv,
1339 5344 1423 5396 12.

276 5458 350 5530 (υ)
381 5459 455 5530 ιδ
473 5457 541 5511 δὲ
568 5457 677 5525 τῆς
708 5458 1052 5527 προσευχῆς
1074 5458 1463 5530 κατάστασις.
1496 5460 1600 5513 Pro
1631 5471 1774 5517 statu

209 5543 271 5581 ac
303 5529 487 5583 indole
518 5530 758 5597 accipio;
787 5530 1088 5599 secundum
1135 5529 1280 5597 quod
1316 5530 1549 5599 Hesych.
1582 5540 1639 5584 et
1668 5533 1773 5587 Va-

213 5600 336 5653 rino
358 5601 438 5664 τὸ,
472 5596 821 5661 κατάστασις,
862 5615 997 5653 voce
1022 5596 1165 5666 ἦθος
1186 5596 1453 5653 redditur.
1480 5600 1594 5653 lloc
1625 5603 1776 5655 enim

212 5670 403 5750 volunt
460 5670 592 5750 ipsa:
637 5669 905 5750 orationis
952 5668 1293 5750 definitionis
1336 5670 1669 5750 Damasceno
1707 5682 1779 5750 et

214 5740 333 5793 aliis
362 5740 573 5794 traditae
604 5758 616 5792 :
650 5741 895 5793 Ascensio
934 5742 1120 5793 mentis
1154 5742 1209 5793 in
1250 5740 1440 5805 Deum,
1477 5742 1657 5809 petitio
1683 5743 1774 5795 de-

216 5812 437 5865 centium
479 5830 510 5865 a
559 5810 686 5874 Deo,
725 5821 832 5865 etc.
863 5808 1051 5865 Oratio
1083 5810 1263 5881 itaque
1294 5808 1486 5883 suapte
1518 5810 1698 5867 indole
1723 5823 1778 5867 et

278 5346 322 5376 "
356 5344 493 5398 Dan.
528 5360 643 5408 xm,
673 5345 699 5396 l
738 5360 891 5413 seqq.

1887 4584 2048 4639 niens
2084 4591 2267 4635 autem
2301 4596 2477 4649 exque
2502 4579 2713 4634 ratione
2739 4596 2925 4634 rerum
2951 4580 3257 4635 mediarum
3304 4598 3461 4649 usus,

1888 4676 2056 4730 animi
2089 4683 2288 4728 statum
2314 4680 2541 4741 purgat;
2570 4671 2724 4740 isque
2759 4681 3043 4741 purgatus,
3070 4673 3461 4730 discretionem

1888 4767 2065 4839 parit;
2094 4766 2375 4827 discretio,
2414 4764 2965 4834 imperturbationem
3002 4767 3282 4836 animique
3327 4769 3463 4823 οπε-

1888 4862 2165 4916 ctionibus
2194 4858 2349 4912 vacui
2401 4857 2889 4927 tranquillitatem;
2946 4872 3014 4912 ex
3069 4872 3177 4927 qua
3236 4858 3460 4913 demum

1888 4949 2130 5020 perfecta
2164 4945 2403 5001 Charitas
2436 4944 2707 5014 procedit.

1953 5036 2115 5109 457
2159 5035 2246 5089 92.
2280 5032 2538 5088 Nondum
2584 5032 3135 5102 imperturbationem
3154 5033 3457 5103 animique,

1885 5130 2090 5186 sedatis
2119 5126 2431 5189 aﬁ‘ectibus,
2464 5125 2919 5195 tranquillitatem
2950 5125 3185 5194 adeptus
3231 5136 3335 5192 est,
3359 5129 3459 5196 qui

1885 5239 1952 5278 eo
1974 5216 2123 5291 quod
2146 5218 2376 5273 tentatio
2420 5217 2721 5287 duriusque
2764 5216 2970 5288 aliquid
3012 5216 3233 5283 accidit,
3295 5218 3459 5274 amici
3541 5225 3553 5232 '

1883 5465 2115 5521 ratione.
2165 5471 2410 5532 mentem,
2441 5460 2543 5532 ipsi
2572 5460 2685 5532 Deo
2729 5458 2893 5532 sistit.
2942 5461 3050 5515 Sic.
3096 5478 3217 5532 cap.
3258 5462 3318 5518 9!
3365 5478 3458 5517 ac-

1883 5535 1991 5603 cipi
2021 5533 2261 5592 videtur,
2300 5533 2333 5599 ἡ
2366 5531 2464 5603 τῆς
2494 5529 2669 5598 ψυχῆς
2699 5531 3047 5603 κατάστασις,
3077 5529 3239 5602 quam
3272 5547 3457 5585 rerum

1884 5601 2187 5658 rnediarum
2219 5601 2553 5655 conveniens
2583 5614 2715 5653 usus
2751 5609 2808 5653 et
2832 5615 2897 5654 ex
2930 5601 3163 5663 ratione.
3197 5603 3457 5656 mundam

1884 5671 2137 5743 praestet;
2168 5681 2229 5725 ut
2254 5671 2336 5743 sic
2354 5671 2567 5743 animus
2583 5669 2739 5738 quasi
2766 5670 2871 5743 sibi
2889 5687 3107 5742 suteque
3135 5672 3304 5728 indoli
3332 5672 3459 5728 red-

1885 5740 2067 5810 datur,
2104 5741 2348 5812 depulsis
2389 5741 2649 5795 vitiorum
2683 5740 2961 5797 sordibus.
