4048 6438
599 369 732 437 1071

1757 374 1820 434 S.
1859 371 2148 435 ΜΑΧΙΜΙ
2183 372 2692 436 CONFESSORIS

3714 371 3836 438 1072

599 486 899 554 defectum,
930 488 1049 546 sive
1074 489 1171 561 qui
1205 505 1333 547 vere
1363 491 1546 563 reipsa
1589 492 1681 558 sit,
1720 493 1837 548 sive
1871 496 1966 565 qui
1996 495 2184 549 videa-

2291 493 2393 565 γὰρ
2424 494 2723 565 ὲγκείμενα
2772 494 2840 565 τῇ
2879 492 3026 563 ψυχῇ
3064 489 3211 562 πάοη
3243 489 3692 561 ὲκταρασσόμενα
3715 492 3836 559 (50),

599 588 710 644 tur,
746 579 1097 638 dissimulare
1127 583 1355 638 nescit.
1409 584 1733 655 lngruentes
1782 587 1931 640 enim
1991 586 2177 640 animo

599 673 804 728 turbati
825 689 888 728 ac
903 675 1215 745 exasperati
1233 675 1484 741 affectus,
1501 686 1740 732 mentem
1761 687 2059 744 excaecant,
2074 694 2178 734 nec

600 761 871 832 fulgentes
923 763 1172 820 veritatis
1232 765 1420 820 radios
1463 767 1652 821 videre
1692 767 1902 832 sinunt,
1956 782 2061 823 nec
2117 776 2179 823 ut

601 854 775 910 virtus
801 855 1151 911 discernatur
1179 873 1210 912 ιι
1236 859 1392 913 vitio.
1425 859 1570 930 Ergo
1607 860 1703 930 qui
1748 860 2018 931 ejusmodi
2070 869 2175 924 est,

600 946 834 1000 necdum
882 947 1179 1016 perfectam
1245 951 1586 1020 comparavit
1654 951 2004 1016 eharitatem,
2056 967 2179 1021 qua:

599 1035 748 1090 foras
780 1035 950 1090 mittit
971 1036 1165 1105 judicii
1189 1037 1443 1093 timorem
1467 1039 1534 1094 “.

673 1125 762 1180 95.
791 1126 957 1180 Amici
983 1126 1154 1195 ﬁdelis
1183 1128 1336 1183 nulla
1381 1138 1456 1184 est
1490 1131 1830 1185 commutatio
1871 1129 1915 1161 "
1959 1146 1974 1183 :
2021 1128 2177 1196 Quod

604 1230 673 1280 ts,
712 1217 876 1271 amici
910 1233 1186 1274 aerumnas
1234 1235 1298 1275 ac
1344 1222 1508 1287 mala,
1552 1238 1650 1276 sua
1707 1222 1882 1291 ipsius
1925 1230 2175 1290 reputet;

600 1310 850 1378 duraque
882 1325 946 1364 ac
976 1311 1206 1367 molesta
1253 1313 1332 1367 illi
1381 1315 1569 1369 socius
1617 1316 1686 1369 ad
1719 1326 1954 1370 mortem
2005 1331 2179 1386 usque

601 1403 822 1460 toleret.

666 1495 755 1549 94.
790 1494 1107 1550 Amicorum
1131 1496 1357 1565 quidem
1381 1497 1576 1568 ingens
1601 1514 1890 1564 numerus,
1943 1499 1999 1552 id
2043 1507 2179 1555 vero

603 1585 766 1640 rebus
796 1587 1055 1642 secundis
1076 1602 1141 1641 ac
1167 1589 1446 1657 prosperis
1474 1607 1492 1642 τε
1540 1600 1800 1644 ueterum
1844 1591 2038 1647 iisdem
2076 1608 2180 1647 nu-

603 1678 727 1732 bilis
755 1686 920 1748 atque
949 1679 1207 1745 turbatis,
1237 1680 1328 1733 vix
1358 1697 1528 1736 unum
1557 1681 1859 1738 inveneris.

673 1769 760 1824 95.
814 1769 1020 1825 Omnes
1059 1770 1282 1840 quidem
1339 1787 1406 1826 ex
1455 1775 1643 1828 animo
1698 1775 1961 1846 diligendi
2005 1785 2175 1830 sunt:

2281 587 2542 655 ἐκτυφλοῖ
2565 587 2661 658 τὴν
2689 585 2946 649 διάνοιαν,
2974 584 3070 640 καὶ
3094 585 3196 638 οὐκ
3229 585 3294 655 ἐᾷ
3330 582 3616 648 διαϐλέψαι
3639 584 3716 644 εἰς
3751 583 3839 644 τάξ

2281 678 2383 748 τῆς
2410 677 2670 748 ἀληθείας
2697 677 2895 745 αὐγὰς,
2926 677 3045 730 οὐδὲ
3075 676 3352 746 διακρῖναι
3381 674 3444 726 τὸ
3475 677 3720 743 κρεῖττον
3746 674 3841 726 ἀπὸ

2281 768 2376 822 τοῦ
2409 769 2670 840 χείρονος.
2711 771 2824 823 Οὐκ
2855 769 2962 841 ἄρα
2987 763 3081 822 οὖν
3115 767 3236 821 οὐδὲ
3262 765 3360 834 τὴν
3389 763 3604 817 τελείαν
3638 762 3843 832 ἀγάπην

2278 863 2310 916 6
2338 862 2579 926 τοιοῦτος
2608 864 2877 934 ἐκτήσατο
2895 901 2910 926 ,
2960 862 3063 933 τὴν
3100 859 3206 925 ἔξω
3249 857 3550 929 βάλλουσαν
3578 855 3670 939 τὸν
3694 854 3843 923 φόϐον

2277 956 2379 1027 τῆς
2414 954 2674 1027 κρίσεως.

2353 1131 2462 1203 κγ’.
2522 1129 2710 1186 Φίλου
2777 1127 2998 1184 πιστοῦ
3051 1128 3164 1183 οὐκ
3233 1127 3408 1181 ἐστιν
3440 1121 3842 1191 ἀντάλλαγμα.

2294 1220 2514 1296 Ἐπειδὴ
2585 1225 2688 1287 τὰς
2740 1222 2836 1277 τοῦ
2914 1222 3071 1292 φίλου
3138 1219 3463 1290 συμφορὰς,
3533 1217 3670 1278 ιδίας
3715 1216 3846 1283 λογί-

2282 1308 2435 1374 ζεται
2460 1331 2476 1346 ο
2512 1313 2608 1368 καὶ
2641 1312 3007 1382 συνυποφέρει
3039 1308 3187 1381 αὐτῷ
3223 1308 3384 1380 μέχρι
3426 1306 3664 1360 θανάτου
3691 1320 3845 1358 κακο-

2282 1406 2491 1460 παθῶν.
2891 1431 2893 1433 ι

2353 1495 2457 1564 ιδ’.
2487 1496 2677 1551 Πολλοὶ
2731 1495 2832 1566 μὲν
2867 1494 2920 1548 ot
2954 1494 3135 1562 φίλοι,
3190 1490 3306 1544 ἀλλ’
3339 1491 3400 1542 ὲν
3449 1485 3633 1557 καιρῷ
3664 1487 3850 1555 εὑημε-

2286 1587 2439 1658 ρίας’
2485 1588 2544 1640 ὲν
2587 1585 2646 1639 δὲ
2695 1583 2876 1656 καιρῷ
2919 1583 3284 1654 πειρασμῶν,
3320 1581 3473 1652 μόλις
3507 1579 3574 1632 ἂν
3604 1577 3850 1648 εὑρήσεις

2281 1679 2396 1733 ἕνα.

2355 1774 2455 1836 ιιεη
2488 1769 2672 1824 Πάντα
2709 1768 2809 1839 μὲν
2838 1767 3149 1839 ἄνθρωπον,
3190 1767 3253 1820 ἐκ
3276 1765 3456 1834 ψυχῆς
3500 1758 3811 1830 ἀγαπητέον
3833 1778 3848 1793 ο

603 1873 795 1915 verum
819 1861 877 1916 in
904 1863 1022 1917 solo
1056 1863 1168 1918 Deo
1207 1864 1525 1919 collocanda
1547 1881 1692 1935 spes,
1725 1883 1902 1936 exque
1938 1875 2049 1923 tota
2072 1867 2188 1920 vir-

2291 1863 2384 1914 ὲπὶ
2413 1860 2491 1930 τῷ
2520 1859 2640 1930 Θεῷ
2667 1860 2724 1912 δὲ
2756 1857 2901 1930 μόνῳ
2923 1859 3024 1928 τὴν
3051 1857 3246 1910 ἐλπίδα
3277 1853 3484 1916 θετέον,
3516 1851 3617 1905 καὶ
3652 1851 3710 1916 ἐξ
3736 1849 3850 1917 ὅλης

605 1963 724 2010 tute
749 1954 828 2008 illi
865 1955 1241 2009 serviendum.
1272 1956 1528 2021 Quandiu
1559 1958 1708 2011 enim
1740 1973 1842 2012 nos
1902 1960 2020 2028 ipse
2054 1973 2186 2013 con--

603 2054 804 2109 servat,
832 2054 948 2100 tum
991 2063 1094 2102 nos
1123 2063 1316 2102 omnes
1351 2047 1508 2102 amici
1549 2049 1759 2113 colunt,
1805 2060 1921 2104 tum
1977 2050 2186 2104 inimici

603 2151 796 2191 omnes
823 2152 887 2190 ac
905 2137 1209 2192 adversarii
1236 2139 1374 2192 nihil
1425 2154 1627 2192 nocere
1653 2149 1905 2209 possunt.
1959 2140 2057 2194 illo
2093 2155 2188 2194 au—

605 2236 715 2282 tem
744 2227 1066 2294 deserente,
1102 2236 1219 2284 tum
1277 2245 1385 2284 nos
1424 2230 1586 2284 amici
1624 2245 1817 2286 omnes
1842 2239 2185 2294 aversantur,

608 2327 726 2373 tum
751 2318 963 2374 inimici
989 2336 1185 2376 omnes
1206 2321 1501 2376 adversum
1529 2337 1632 2377 nos
1659 2323 1975 2390 praevalent.

678 2493 766 2548 96.
801 2496 1055 2561 Quatuor
1079 2495 1386 2550 universim
1410 2504 1540 2551 sunt
1568 2497 1949 2553 derelictionis
1991 2497 2138 2552 modi
2169 2516 2184 2552 :

607 2585 823 2656 primus
851 2593 1000 2639 certa
1024 2586 1259 2654 quadam
1291 2586 1705 2656 dispensatione
1734 2601 1799 2642 ac
1844 2588 2062 2642 consilii
2096 2604 2187 2642 ra-

608 2675 783 2733 tione.
816 2674 965 2728 Velut
993 2674 1315 2740 in'Ghristo,
1342 2684 1404 2729 ut
1434 2691 1532 2746 per
1566 2691 1688 2730 eam
1729 2693 1850 2746 quin
1875 2677 2186 2740 Videbatur,

608 2765 1050 2831 derelictionem,
1088 2767 1185 2836 qui
1214 2768 1470 2822 derelicti
1512 2779 1674 2824 erant
1716 2771 1953 2823 salutem
1999 2784 2192 2823 conse-

611 2865 945 2926 querentur;
978 2857 1276 2923 secundus,
1306 2859 1400 2929 qui
1455 2869 1543 2915 est
1592 2861 1940 2930 probationis
1998 2877 2186 2926 causa,

610 2957 676 3004 ut
709 2949 766 3005 in
787 2949 928 3004 Jobo
942 2965 1006 3005 ac
1022 2949 1285 3021 Josepho,
1315 2960 1376 3006 ut
1408 2952 1549 3006 alter
1570 2953 1795 3022 quidem
1824 2952 2187 3018 fortitudinis,

611 3037 752 3092 alter
803 3053 935 3090 vero
1001 3037 1274 3095 castitatis
1340 3048 1540 3094 erecta:
1611 3039 1880 3094 columnae
1935 3039 2191 3108 titulique

609 3128 940 3183 exsisterent
964 3146 978 3194 ;
1006 3130 1224 3194 tertius,
1251 3129 1584 3186 eruditionis
1612 3144 1774 3185 causa
1819 3129 2104 3200 spiritalis,
2133 3137 2193 3183 ut

2290 1952 2472 2023 ἰσχύος
2529 1941 2693 2006 αὑτὸν
2763 1949 3150 2021 θεραπευτέον.
3229 1947 3458 2017 Ἐφόσον
3541 1946 3658 2014 γὰρ
3708 1940 3849 2003 αὐτὸς

2286 2041 2435 2109 ἡμᾶς
2463 2041 2740 2110 συπηρεί,
2771 2039 2826 2090 οἴ
2849 2055 2909 2091 τε
2935 2038 3078 2108 φίλοι
3103 2035 3307 2099 πάντες
3331 2037 3478 2106 ἡμᾶς
3512 2032 3847 2102 περιέπουσι,

2287 2131 2383 2184 καὶ
2447 2133 2495 2184 οἱ
2552 2131 2739 2202 ἐχθροὶ
2805 2131 3010 2193 πάντες
3070 2128 3207 2199 πρὸς
3268 2129 3420 2198 ἡμᾶς
3481 2123 3843 2180 ἀδυνατοῦσιν.

2300 2219 2468 2273 Ἐπὰν
2501 2219 2558 2273 δὲ
2595 2218 2757 2282 αὐτὸς
2785 2221 2934 2289 ἡμᾶς
2963 2217 3332 2287 ἐγκαταλίπῃ,
3369 2233 3400 2268 ο
3431 2217 3506 2267 ire
3541 2214 3692 2281 φίλοι
3726 2211 3847 2263 πᾶν·

2287 2328 2377 2374 τες
2403 2311 2551 2380 ἡμᾶς
2578 2311 3034 2381 ἀποστρέφονται,
3063 2309 3159 2362 καὶ
3188 2310 3236 2362 oi
3277 2307 3462 2378 ἐχθροὶ
3502 2307 3708 2367 πάντες
3738 2301 3846 2355 καθ’

2288 2405 2320 2473 ἡ
2329 2403 2445 2474 μῶν
2479 2402 2744 2472 ἰσχύουσιε

2361 2499 2478 2564 ιτς-⁸.
2529 2495 2805 2566 Τέσσαρὲς
2851 2496 2960 2549 είσι
3006 2494 3219 2563 γενικοὶ
3268 2491 3713 2562 ὲγκαταλείψεως
3735 2490 3847 2561 τρό-

2289 2606 2381 2642 ποι
2407 2606 2422 2621 ⁸
2461 2590 2496 2658 ἡ
2534 2589 2670 2659 μὲν,
2705 2586 3063 2658 οἰκονομικὴ,
3107 2587 3184 2648 ὡς
3232 2587 3326 2639 ἐπὶ
3372 2585 3467 2637 τοῦ
3499 2583 3740 2652 Κυρίου*
3772 2583 3844 2634 ἵνα

2288 2682 2376 2735 διὰ
2398 2681 2501 2752 τῆς
2531 2681 2796 2743 δοκούσης
2828 2678 3294 2748 ὲγκαταλείψεως,
3340 2679 3388 2730 οἱ
3433 2675 3842 2744 ἐγκαταλελειμ-

2293 2772 2444 2843 μένοι
2497 2771 2765 2846 σωθῶσιν.
2813 2771 2878 2824 Ἦ
2907 2771 3001 2833 δὲ,
3049 2770 3187 2840 πρὸς
3213 2769 3477 2837 δοκιμὴν,
3517 2767 3592 2821 ὡς
3630 2764 3725 2817 ἐπὶ
3764 2763 3842 2815 τοῦ

2301 2862 2423 2916 Ἰὼϐ
2451 2863 2547 2916 καὶ
2574 2862 2806 2932 Ἰωσήφ*
2839 2859 2926 2915 ἵνα
2951 2864 2980 2916 6
3007 2861 3127 2932 μὲν,
3157 2858 3408 2930 ἀνδρείας
3439 2864 3455 2889 δ
3479 2859 3511 2911 ό
3541 2856 3621 2923 δὲ,
3653 2870 3844 2924 σωφρο-

2293 2956 2458 3026 σύνης
2498 2955 2692 3026 στῆλαι
2724 2955 3094 3024 ἀναφανῶσιν.
3157 2953 3223 3006 Ἦ
3251 2953 3308 3005 δὲ
3335 2991 3351 3015 ,
3398 2951 3536 3021 πρὸς
3585 2948 3843 3002 παίδευσιν

2292 3048 2690 3118 πνευματικὴν,
2735 3045 2812 3112 ὡς
2841 3047 2933 3100 ἐπὶ
2961 3039 3054 3101 τοῦ
3095 3044 3441 3108 Ἀποστό).ου,
3478 3043 3567 3096 ἴνα
3611 3056 3842 3094 ταπεινο-

2293 3139 2528 3211 φρονῶν,
2560 3140 2659 3210 τὴν
2695 3137 3003 3209 ὑπερϐολὴν
3032 3136 3240 3208 φυλάξῃ
3281 3135 3383 3204 τῆς
3406 3135 3656 3204 ⁸χάριτος.
3705 3131 3763 3184 ἸΙ
3796 3128 3844 3180 δὲ

611 3221 668 3275 in
693 3220 1007 3291 Apostolo,
1028 3235 1140 3290 quo
1162 3222 1274 3288 ille,
1319 3238 1518 3278 sensus
1564 3222 1833 3277 modestia
1868 3238 1934 3277 ac
1963 3221 2189 3276 humili-

2300 3231 2440 3286 κατὰ
2466 3231 2837 3301 ἀποστροφὴν,
2867 3229 2942 3294 ὡς
2970 3230 3062 3282 ἐπὶ
3089 3229 3200 3282 τῶν
3259 3226 3552 3289 Ἰουδαίων,
3585 3224 3668 3276 ἵνα
3701 3221 3844 3274 κολα-

613 3321 745 3376 tate,
789 3313 1193 3382 praecellentem
1234 3315 1468 3384 gratiam
1516 3323 1902 3381 conservaret;
1956 3323 2189 3383 quartus

2292 3324 2512 3394 ζόμενοι
2560 3321 2698 3394 πρὸς
2754 3321 3042 3392 μετάνοιαν
3085 3315 3551 3386 κατακαμφθῶσι.
3598 3313 3842 3380 Σωτήριοι

612 3417 712 3472 per
739 3403 1104 3466 aversionem,
1131 3413 1194 3460 ut
1228 3405 1283 3458 in
1304 3405 1510 3460 Iudaeis
1531 3446 1547 3471 ,
1575 3414 1638 3459 ut
1687 3404 1901 3460 scilicet
1955 3403 2189 3473 castiga-

2291 3415 2346 3470 δὲ
2377 3415 2576 3478 πάντες
2607 3416 2655 3468 οἱ
2683 3414 2876 3485 τρόποι
2907 3412 3243 3482 ὑπάρχουσι,
3286 3409 3378 3462 καὶ
3407 3410 3513 3478 τῆς
3540 3403 3687 3470 θείας
3718 3406 3840 3471 ἀγα-

612 3497 764 3551 tione
817 3495 1046 3560 eruditi,
1091 3495 1159 3549 ad
1206 3498 1587 3566 paenitentiam
1628 3497 2003 3552 flecterentur.
2051 3495 2192 3551 Sunt

610 3603 745 3642 vero
775 3603 970 3642 omnes
989 3587 1046 3640 hi
1065 3587 1213 3640 modi
1250 3589 1538 3653 salutares,
1562 3589 1869 3659 divinreque
1930 3589 2192 3643 bonitatis

612 3675 762 3747 pleni
789 3687 854 3730 ac
880 3675 1273 3730 miserationis.

684 3768 776 3822 97.
811 3768 853 3822 li
898 3768 1163 3822 duntaxat
1187 3767 1283 3836 qui
1327 3768 1583 3822 mandata
1612 3767 1907 3839 diligenter
1949 3776 2190 3832 servant,

614 3869 852 3929 suntque
879 3859 996 3914 veri
1024 3857 1336 3913 divinorum
1361 3859 1696 3930 judiciorum
1733 3869 1940 3930 mystae,
1964 3860 2191 3923 amicos,

614 3950 711 4019 qui
733 3949 918 4004 divina
974 3949 1338 4020 permissione
1388 3959 1691 4015 tententur,
1733 3967 1844 4005 non
1907 3951 2190 4005 deserunt.

615 4041 718 4107 Qui
743 4049 931 4096 autem
957 4040 1214 4094 mandata
1243 4049 1625 4102 contemnunt,
1656 4055 1760 4096 nec
1782 4040 1967 4095 divina
1984 4039 2195 4111 judicia

615 4133 764 4188 docti
789 4142 940 4200 sunt,
969 4144 1087 4188 tum
1112 4133 1334 4204 quidem
1363 4149 1489 4188 cum
1513 4133 1722 4187 amicus
1745 4132 2003 4188 secundis
2031 4133 2196 4188 rebus

619 4226 814 4289 utitur,
849 4227 974 4296 ejus
1002 4224 1140 4280 socii
1189 4225 1474 4280 felicitatis
1507 4223 1778 4278 accedunt
1817 4240 1832 4278 :
1883 4223 1984 4278 ubi
2012 4231 2195 4278 autem

617 4314 673 4368 in
697 4314 999 4368 tentatione
1020 4314 1233 4384 positus
1259 4313 1416 4368 malis
1441 4312 1693 4379 aﬂicitur,
1721 4327 1848 4368 eum
1907 4312 2193 4368 deserunt.

617 4405 760 4472 Quin
785 4414 842 4459 et
866 4405 1196 4475 quandoque
1248 4405 1303 4459 in
1339 4404 1781 4459 adversariorum
1827 4412 2012 4475 partes
2061 4418 2196 4459 con-

619 4497 845 4551 cedunt.

2292 3507 2515 3577 θότητος
2543 3506 2640 3559 καὶ
2667 3503 3076 3575 φιλανθρωπίας
3105 3502 3423 3572 ἀνάμεστοι.

2362 3771 2470 3840 ιιξν.
2499 3771 2667 3825 Μόνοι
2696 3771 2746 3824 οἱ
2793 3768 3043 3839 ἀκριϐεῖς
3066 3766 3176 3822 τῶν
3207 3763 3437 3818 ἐντολῶν
3467 3757 3724 3832 φύλακες,
3757 3757 3837 3810 καὶ

2292 3867 2504 3935 γνήσιοι
2551 3863 2660 3915 τῶν
2703 3861 2861 3914 θείων
2915 3858 3204 3930 χριμάτων
3253 3855 3488 3926 μύσται,
3548 3853 3672 3912 τοὺς
3715 3851 3834 3901 κατὰ

2296 3954 2646 4026 συγχώρησιν
2693 3951 2831 4005 Θεοῦ
2877 3947 3346 4021 πειραζομένους,
3393 3945 3456 3999 οὐ
3514 3939 3834 4009 καταλιμπὼ,

2293 4051 2445 4102 νουσι
2475 4046 2681 4115 φίλους.
2713 4045 2777 4097 Οἱ
2809 4043 2868 4096 δὲ
2900 4043 3010 4096 τῶν
3041 4041 3271 4099 ἐντολῶν
3312 4036 3734 4108 καταῳρονηταὶ,
3757 4031 3829 4085 aut

2292 4141 2403 4194 τῶν
2434 4139 2594 4192 θείων
2623 4136 2906 4210 χριμάτων
2931 4135 3197 4206 ἀμύητοι,
3229 4134 3356 4185 ὅταν
3385 4131 3485 4199 μὲν
3517 4131 3547 4182 ὁ
3592 4127 3736 4198 φίλος
3764 4123 3832 4175 εὖ-

2293 4231 2500 4304 ημερῇ,
2534 4227 2998 4283 συναπολαύουσιν
3021 4225 3188 4296 αὐτῷ·
3219 4223 3360 4276 ἐπάν
3386 4223 3443 4276 δὲ
3471 4218 3830 4290 πειραζόμενος

2294 4319 2618 4391 κακοπαθῇ,
2659 4317 3163 4387 καταλιμπάνουσιν
3202 4314 3389 4368 αὐτόν.
3441 4313 3601 4365 Ἐστι
3637 4309 3690 4363 δὲ
3725 4307 3832 4360 ὅταν

2295 4414 2393 4466 καὶ
2422 4409 2562 4482 μετὰ
2603 4411 2712 4463 τῶν
2741 4407 2999 4462 ἐναντίων
3035 4408 3302 4460 ἵστανται.

689 4587 856 4659 458
880 4589 969 4643 98.
1000 4587 1211 4643 Christi
1231 4587 1414 4652 amici,
1436 4603 1564 4644 vere
1583 4597 1639 4644 et
1659 4604 1726 4644 ex
1752 4589 1938 4644 animo
1968 4596 2189 4644 cunctos

2373 4588 2481 4657 ιη’.
2515 4588 2583 4641 0i
2625 4576 2724 4657 μὲν
2769 4583 2862 4638 τοῦ
2892 4572 3130 4656 Χριστοῦ
3167 4583 3332 4651 φίλοι,
3369 4579 3582 4645 πάντας
3611 4577 3833 4650 ἀγαπῦᾶι

621 4678 860 4749 diligunt
887 4696 902 4732 :
943 4691 1054 4734 non
1085 4689 1268 4734 tamen
1296 4680 1365 4735 ab
1393 4681 1649 4736 omnibus
1664 4681 1987 4752 diliguntur.
2011 4681 2199 4736 Mundi

620 4777 804 4824 autem
855 4769 1042 4834 amici,
1094 4784 1199 4825 nec
1251 4783 1447 4825 omnes
1493 4770 1751 4840 diligunt,
1781 4787 1887 4826 nec
1925 4771 1995 4826 ab
2025 4773 2202 4826 omnis

622 4860 729 4916 bus
753 4859 1077 4931 diliguntur.
1104 4860 1183 4916 Ac
1207 4861 1432 4931 quidem
1462 4860 1664 4917 Christi
1689 4863 1874 4927 amici,
1929 4863 1984 4918 in
2036 4863 2200 4918 finem

621 4967 852 5022 usquam
893 4949 1194 5020 perfectam
1227 4959 1448 5005 servant
1471 4951 1795 5005 eharitatcm
1827 4968 1841 5016 ;
1886 4951 2076 5005 mundi
2101 4966 2170 5004 au

623 5051 756 5108 tem,
781 5043 957 5097 donec
991 5042 1132 5098 alter
1151 5042 1387 5096 alterum
1412 5056 1597 5096 rerum
1625 5042 1810 5097 saeculi
1840 5057 2005 5097 causa
2021 5035 2168 5097 ofl‘en

623 5135 828 5190 derint.

691 5229 782 5284 99.-
837 5228 1031 5283 Fidelis
1099 5229 1324 5293 umidus,
1392 5229 1646 5298 protectio
1711 5226 1872 5295 firma
1919 5228 1986 5282 ⁸³.
2039 5225 2197 5294 Quod

623 5337 818 5391 nempe
849 5323 1047 5387 amico,
1064 5329 1121 5378 et
1141 5321 1272 5376 dum
1290 5320 1549 5376 secundis
1568 5320 1734 5375 rebus
1756 5320 1950 5384 utitur,
1986 5319 2198 5390 probus

622 5415 865 5469 monitor
881 5415 953 5468 sit
968 5429 1034 5469 ac
1052 5413 1402 5470 consiliarius
1426 5412 1809 5482 unanimisque
1830 5412 2060 5483 adiutor;
2080 5421 2196 5466 tum

623 5503 732 5560 illis
757 5502 966 5560 nubilis
989 5513 1154 5572 atque
1179 5503 1449 5565 adversis,
1479 5499 1888 5555 sincerissimus
1936 5499 2195 5553 defensor

620 5609 688 5650 ac
710 5605 1085 5666 propugnator
1109 5595 1559 5650 ofﬁciosissimus.

698 5777 741 5811 ⁸¹
769 5777 925 5833 Joan.
961 5793 1034 5840 tv,
1062 5776 1148 5831 18.
1228 5778 1270 5809 ³’
1297 5774 1464 5830 Eccli.
1498 5790 1570 5839 tv,
1615 5774 1696 5828 15.
1775 5773 1819 5805 ³³
1844 5771 2011 5826 Eecll.
2047 5785 2119 5834 v2,
2159 5770 2238 5824 Η..

2296 4680 2553 4752 γνησίως.
2589 4678 2703 4747 Οὐχ
2735 4666 2840 4729 ὑπὸ
2867 4676 3086 4729 πάντων
3111 4675 3168 4728 δὲ
3199 4674 3546 4743 ἀγαπῶνται.
3578 4674 3640 4727 0i
3681 4673 3730 4724 δὲ
3757 4667 3832 4722 τοῦ

2297 4775 2508 4844 κόσμου
2561 4771 2730 4842 φίλοι,
2785 4761 2909 4824 οὐδὲ
2968 4769 3177 4833 πάντας
3230 4769 3512 4837 ἀγαπῶσι,
3571 4768 3687 4822 οὐδὲ
3746 4764 3831 4819 ὑπὸ

2299 4869 2521 4921 πάντων
2547 4854 2892 4934 ἀγαπῶνται.
2923 4863 3034 4915 Καὶ
3061 4863 3112 4915 ai
3145 4858 3243 4932 μὲν
3271 4861 3363 4916 τοῦ
3405 4860 3663 4932 Χριστοῦ,
3702 4857 3833 4929 μέχρι

2299 4957 2489 5020 τέλους
2533 4955 2632 5027 τὴν
2668 4956 2951 5027 συνέχειαν
2995 4955 3095 5025 τῆς
3135 4954 3357 5024 ἀγάπης
3397 4951 3771 5023 διατηροῦσιν·
3794 4949 3829 4998 οἱ

2299 5049 2357 5102 δὲ
2394 5050 2489 5101 τοῦ
2539 5043 2747 5118 κόσμου
2769 5087 2785 5113 ,
2834 5046 3030 5119 μέχρις
3059 5034 3121 5100 οὗ
3164 5043 3418 5117 ἀλλήλοις
3453 5043 3541 5098 διὰ
3565 5042 3634 5096 τά
3661 5043 3829 5108 κόσμου

2303 5139 2751 5213 προσκρούσωσι.

2371 5233 2476 5300 ιβ’.
2508 5233 2689 5298 Φίλος
2717 5229 2956 5296 πιστὸς,
2991 5225 3194 5296 σκέπη
3222 5225 3490 5295 xparaici.
3535 5222 3734 5292 Ἐπειδὴ
3759 5219 3832 5271 καὶ

2302 5321 2666 5393 εὐημεροῦντι
2699 5321 2776 5391 τῷ
2821 5319 2961 5390 φίλῳ
3008 5316 3312 5388 σύμϐουλός
3345 5317 3496 5369 ἐστιν
3525 5312 3714 5383 ἀγαθὸς
3757 5306 3832 5360 καὶ

2305 5415 2567 5486 συνεργὸς
2594 5413 2878 5485 σύμψυχος
2901 5425 2916 5440 ⁸
2953 5410 3050 5464 καὶ
3087 5407 3490 5463 κακοπαθοῦντι
3523 5405 3832 5474 ἀντιλήπτωρ

2301 5503 2671 5574 γνησιώτατος
2711 5504 2804 5558 καὶ⁵
2835 5501 3155 5575 ύπέρμαχος
3188 5497 3654 5572 συμπαθέστατος.
