4048 6436
227 407 359 485 1073

1098 424 1433 488 CAPITUM
1473 431 1577 490 DE
1609 432 2042 496 CHARITATE
2081 438 2469 503 CENTURIA
2508 447 2604 507 IV.

3331 453 3468 519 10⁸14

287 540 353 595 ρ’.
399 527 591 581 Πολλοὶ⁸
617 530 716 599 μὲν
745 532 915 586 πολλά
948 538 1078 608 περὶ
1117 539 1339 610 ἀγάπης
1366 545 1656 616 εἰρήκασιν
1681 563 1695 577 ⁸
1728 549 1752 600 ἐ

1962 551 2082 607 100.
2115 555 2268 609 Multi
2303 557 2371 612 de
2405 559 2670 616 cbaritate
2712 562 2879 617 locuti
2904 572 3033 618 sunt
3063 582 3077 618 :
3110 534 3253 622 hanc
3296 572 3471 624 enim-

206 620 403 687 μόνοις
439 619 497 673 δὲ
541 624 653 686 τοῖς
683 626 917 695 Χριστοῦ
973 631 1244 702 μαθηταῖς
1277 638 1481 707 ταύτην
1522 639 1786 709 ζητήσας,

1890 659 2021 698 vero
2057 646 2103 700 si
2131 650 2437 717 quzesicris,
2491 652 2546 705 in
2578 654 2711 708 solis
2765 653 3016 711 invenies
3052 656 3256 713 Christi
3312 660 3473 716 disci-

212 712 469 781 εὑρήσεις
492 729 506 741 ·
551 715 674 769 ἐπεὶ
704 718 799 770 καὶ
831 721 981 789 μόνοι
1010 724 1176 779 ἀὐτοὶ
1224 726 1369 798 εἶχον
1397 730 1495 800 τὴν
1527 733 1752 805 ἀληθινὴ

1888 734 2053 803 pulis.
2080 712 2289 793 Na-Inct
2335 739 2390 793 hi
2415 712 2517 794 soli
2568 758 2754 797 veram
2798 744 3124 801 Charitatem
3167 747 3469 816 habebant,

225 801 471 871 ’Λγάπ-ην
504 806 603 875 τῆς
636 808 857 880 ἀγάπης
896 812 1245 881 διδάσκαλον,
1298 820 1425 890 περὶ
1454 817 1522 894 ἧς
1556 801 1781 891 ἕλεγονλ

222 891 369 947 Ἐὰν
397 895 430 948 ἕ
432 915 517 965 χω
539 904 928 969 προφητείαν,
948 906 1047 959 καὶ
1069 908 1204 961 εἰδῶ
1222 911 1294 964 τὰ
1304 891 1609 982 μυστιῖρια
1628 916 1783 970 πάν-

1887 842 2009 895 qua:
2030 828 2253 885 doceret
2276 833 2634 901 eharitatem;
2667 836 2736 889 de
2761 852 2867 906 qua
2907 837 3090 893 aiebat
3112 839 3408 909 Apostolus
3450 859 3465 897 :

1884 916 1945 971 Si
1975 921 2203 975 habuero
2238 926 2567 995 prophetiam
2598 937 2645 981 et
2690 932 2923 984 noverim
2956 934 3205 1002 mysteria
3259 935 3463 999 omnia,

203 986 405 1049 ττι,καὶ
424 987 629 1043 πᾶσαν
641 994 755 1058 τὴν
766 995 1011 1064 γνῶσιν,
1024 1000 1266 1069 ἀγάπην
1278 1003 1346 1056 δὲ
1355 1023 1399 1072 μ
1409 1005 1441 1070 ἡ
1460 1005 1752 1073 ἔχωβὺδὰ

1883 1019 1935 1063 et
1958 1027 2165 1067 omnem
2189 1018 2487 1083 scientiam,
2514 1021 2828 1074 Charitatem
2857 1033 3032 1076 autem
3075 1041 3180 1078 non
3208 1025 3460 1090 habuero,

200 1074 573 1147 ὠφελοῦμαι.
618 1082 679 1136 ’0
706 1081 802 1139 οῦν
834 1091 1177 1159 κτησάμενος
1208 1094 1306 1164 τὴν
1329 1095 1578 1165 ἀγάπην,
1616 1099 1752 1152 αὐτὸ

1882 1101 2171 1159 ηἱΙιὶιιηιὶΙιί
2197 1107 2409 1175 prodest
2431 1108 2494 1163 ³⁸.
2517 1108 2619 1175 Qui
2634 1126 2766 1181 ergo
2790 1121 2983 1183 nactus
3003 1122 3087 1169 est
3111 1115 3457 1181 Charitatem,

198 1168 297 1220 τὸν
331 1171 465 1225 Θεὸν
497 1174 802 1244 ἐκτήσατο·
854 1181 1042 1252 ἐπειδὴ
1097 1186 1126 1237 ὁ
1173 1187 1318 1253 Θεὸς
1353 1187 1554 1260 ἀγάπη
1583 1190 1778 1248 ἐστίν.

196 1261 365 1332 Αὐτῷ
399 1265 431 1335 ή
462 1265 587 1331 δόξα
615 1270 695 1332 εἰς
724 1272 851 1335 τοὺς
879 1273 1100 1339 αἰῶνας.
1138 1278 1332 1350 Ἀμήν.

199 1376 389 1445 Τέλος
415 1380 532 1436 τῶν
559 1384 690 1452 περὶ
719 1386 957 1471 ἀγάπης
987 1395 1332 1471 κεςξαλαίων
1351 1396 1463 1466 τῆς
1494 1400 1779 1471 τετάρτης

763 1458 1179 1529 ἐκατοντάδος.

536 1565 1024 1627 ΑΝΕΠΙΓΡΑΦΟΥ
1063 1578 1314 1631 ΣΧΟΜΑ
1337 1578 1436 1651 (π).

268 1679 343 1727 α’.
388 1674 579 1745 Ἡμεῖς
622 1681 743 1734 οῦδὲ
776 1682 955 1752 λόγοις
994 1687 1115 1740 οὐδὲ
1167 1689 1351 1761 ἔργοις
1399 1696 1769 1772 παιδεύειν,ἥ

192 1762 306 1818 κᾶν
342 1768 698 1825 παιδεύεσθαι
731 1774 1021 1844 δυνάμενοι
1045 1819 1060 1843 ,
1108 1779 1288 1849 λόγοις
1324 1785 1602 1843 παιδεύειν
1644 1796 1767 1845 ἐπι-

1877 1191 2050 1247 Deum
2080 1204 2274 1253 nactus
2305 1208 2409 1263 est,
2453 1216 2520 1256 eo
2543 1202 2689 1271 quod
2716 1203 2855 1259 Deus
2886 1206 3118 1261 charitas
3140 1208 3316 1266 est”.
3350 1208 3473 1289 Ipsi,

1876 1280 2050 1359 gloria
2085 1284 2138 1339 in
2165 1290 2363 1345 saecula
2391 1291 2739 1347 saeculorum.
2767 1293 2961 1349 Amen.

1976 1397 2119 1455 Finis
2151 1410 2342 1469 quater
2370 1415 2706 1460 centenorum
2733 1408 2965 1477 capitum
2990 1407 3053 1461 de
3073 1409 3347 1477 charitate.

2155 1582 2433 1640 INCERTI
2469 1584 2814 1642 AUCTORIS
2848 1586 3163 1643 SFIIOLIA.

1944 1691 1993 1745 i.
2018 1691 2128 1747 Nos
2155 1695 2249 1766 qui
2273 1712 2375 1751 nec
2420 1698 2609 1754 verbis
2653 1715 2757 1755 nec
2794 1700 3056 1770 operibus
3106 1702 3327 1765 docere,
3360 1714 3471 1759 aut

1868 1781 2060 1836 saltem
2091 1783 2278 1841 doceri
2302 1788 2600 1855 valeamus,
2651 1790 2843 1847 verbis
2876 1807 2939 1847 ac
2965 1794 3311 1847 sermonibus
3351 1795 3454 1847 do-

191 1858 496 1928 χειροῦμεν
518 1877 533 1893 ο
566 1863 659 1916 καὶ
681 1863 856 1919 ἄλλων
886 1868 1130 1935 γίνεσθαι
1164 1874 1338 1944 ἰατροὶ
1369 1875 1585 1934 ἕλκεσιν
1609 1883 1752 1937 αὑτοῖ

1868 1885 1993 1926 cere
2010 1882 2304 1941 tentamus,
2328 1888 2493 1948 atque
2522 1879 2753 1934 aliorum
2774 1880 2911 1935 eﬁici
2943 1881 3161 1946 medici,
3189 1883 3282 1952 qui
3306 1885 3453 1937 ulce-

190 1947 480 2017 βρύοντες.
514 1953 655 2025 Ὅρα
695 1954 752 2009 δὲ
798 1956 892 2023 τὸ,
930 1959 1012 2013 ὅτι
1064 1963 1146 2015 Οὐ
1179 1963 1373 2019 πάντα
1399 1968 1525 2035 τοῖς
1550 1971 1752 2035 ,ϐουλο

1874 1962 2031 2019 ribus
2087 1966 2192 2037 ipsi
2239 1970 2835 2041 scateamus.70bserva
2887 1989 3019 2030 vero
3071 1973 3204 2029 illud

3262 1991 3275 2028 :
3330 1975 3450 2028 Non

180 2043 400 2119 μένοις
430 2045 590 2099 εἰσιν
618 2048 907 2116 εὔληπτα,
946 2050 1064 2106 κᾶν
1102 2055 1279 2111 τοῦτο
1323 2057 1495 2129 δοκῇ.
1539 2064 1648 2117 Καὶ
1685 2065 1752 2128 τίς

1872 2057 2048 2110 omnia
2073 2058 2153 2111 his
2184 2058 2273 2129 qui
2293 2061 2474 2127 velint,
2498 2065 2617 2135 capi
2648 2064 2803 2134 facile
2845 2075 3060 2134 possunt
3090 2082 3152 2117 ac
3198 2065 3445 2135 intelligi,

183 2134 251 2191 οὐ
278 2136 621 2208 θαυμάσεται
642 2143 767 2207 τοὺς
794 2145 886 2197 καὶ
912 2150 1179 2214 γυναῖκας
1199 2151 1465 2220 χλιδῶσας
1488 2156 1580 2209 καὶ
1602 2158 1752 2226 νήπια

1870 2148 1966 2201 etsi
1996 2148 2074 2203 ita
2097 2151 2360 2206 videatur.
2393 2153 2614 2223 Ecquis,
2655 2171 2769 2209 non
2808 2157 3042 2210 miretur
3093 2171 3209 2219 eos,
3243 2156 3338 2226 qui
3392 2164 3447 2211 et

182 2226 368 2283 ταῦτα
430 2230 702 2287 διδάσκειν
757 2236 1267 2311 ἐπαγγελλομένους
1330 2245 1472 2314 μετά
1532 2248 1767 2321 σοϐαροῦ

179 2319 280 2372 τοῦ
315 2324 661 2393 φρονήματος
693 2343 709 2391 ;
956 2386 960 2391 .

254 2411 327 2501 β’.
363 2414 557 2501 Λέγων
581 2417 610 2468 ὁ
658 2418 1017 2484 Ἀπόστολοςσ
1063 2426 1135 2478 Ei
1177 2425 1246 2480 δέ
1280 2445 1371 2495 τις
1421 2430 1627 2501 ἀγαπᾷ
1657 2435 1766 2489 τὸν

178 2500 340 2561 Θεὸν
364 2541 379 2562 ,
431 2498 609 2570 οὗτος
674 2506 971 2575 ἔγνωσται
1025 2514 1127 2566 ὑπ’
1174 2517 1360 2570 αὐτοῦ
1386 2534 1401 2549 ο
1440 2498 1763 2592 δῆτα-ἀγα-

174 2590 409 2656 πῶντας
460 2597 605 2665 ἡμᾶς
652 2598 745 2650 τὸν
795 2601 1001 2672 Κύριον
1051 2605 1420 2674 γινώσκεσθαι
1460 2590 1710 2681 βούλεται
1742 2633 1758 2649 ο

184 2681 297 2736 Ἐκ
326 2681 396 2735 δὲ
432 2686 537 2739 τοῦ
575 2688 996 2759 γινώσκεσθαι,
1035 2697 1101 2750 τὸ
1146 2697 1539 2759 διδάσκεσθαι
1565 2745 1579 2769 ,
1612 2707 1760 2763 καθά

171 2792 351 2844 φησιν
380 2778 411 2829 ὁ
463 2778 637 2847 μέγας
683 2782 775 2836 καὶ
823 2784 922 2855 τὴν
956 2786 1161 2860 ἀρετὴν
1206 2793 1301 2845 καὶ
1339 2795 1439 2864 τὴν
1472 2795 1756 2867 θεολογίαν

168 2866 504 2950 Γρηγύριος.
530 2872 747 2943 Ταύτης
776 2872 927 2945 οἶμαι
958 2880 1059 2949 τῆς
1085 2880 1295 2946 ἐννοίας
1320 2883 1436 2939 ἐστὶ
1455 2927 1470 2950 ,
1512 2890 1608 2942 καὶ
1635 2866 1754 2946 τόδε

165 2958 230 3011 τὺ
260 2948 591 3027 κεφάλαων·
638 2964 903 3039 Ἀτάπην
924 2948 1060 3037 per,
1089 2973 1273 3027 τίκτει
1293 2948 1548 3034 ἀπάθεια
1575 2997 1588 3012 ο
1627 2984 1663 3051 ἡ
1686 2983 1755 3037 δὲ

166 3050 405 3120 ἀγάπη,
440 3053 547 3109 τοῦ
576 3058 886 3127 φωτισμοῦ
926 3059 1040 3129 τῆς
1078 3062 1354 3133 γνώσεώς
1378 3069 1510 3123 ἐστι
1541 3089 1753 3142 γεννη-

163 3143 332 3213 τικήο

1867 2236 2180 2296 luxuriosas
2204 2244 2559 2300 mulierculas
2585 2255 2640 2300 et
2667 2246 2922 2318 infantes,
2948 2248 3065 2301 ὴωο
3085 2263 3143 2302 se
3160 2248 3442 2315 docturos,

1866 2339 2031 2381 sensu
2065 2330 2277 2385 tumido
2300 2347 2366 2387 ac
2398 2334 2655 2403 superbo,
2683 2336 3095 2405 proﬁteantur?

1933 2419 1988 2472 2.
2013 2419 2151 2476 Cum
2198 2422 2349 2478 dicat
2372 2424 2672 2496 Apostolus
2723 2444 2738 2483 :
2797 2427 3004 2500 Siquis
3048 2439 3224 2491 autem
3267 2431 3442 2503 diligit

1860 2508 2054 2578 Deum,
2084 2515 2166 2567 hic
2195 2519 2435 2587 cognitus
2471 2529 2545 2573 est
2570 2520 2634 2574 ab
2666 2537 2725 2575 eo
2746 2522 2824 2588 ⁸⁸;
2857 2523 3118 2577 nimirum
3175 2525 3294 2578 vult
3337 2524 3462 2587 nos,

1860 2598 2139 2672 diligendo
2185 2606 2480 2662 Dominum
2517 2612 2774 2680 cognosci
2814 2629 2827 2666 :
2874 2612 2956 2666 Ea:
2988 2628 3047 2667 eo
3094 2621 3271 2668 autem
3300 2613 3441 2685 quod

1858 2695 2245 2761 cognoscimur,
2288 2698 2484 2765 doceri,
2521 2700 2666 2755 sicut
2712 2702 2811 2766 ait,
2867 2712 2982 2757 tum
3029 2704 3255 2758 virtutis
3299 2722 3442 2775 pra:-

1857 2785 2080 2849 stantia,
2111 2795 2225 2840 tum
2275 2789 2437 2850 laude
2497 2791 2788 2864 theologia:
2840 2810 3069 2865 magnus
3115 2795 3434 2867 Gregorius.

1856 2871 2013 2929 Hunc
2042 2886 2176 2945 puto
2197 2893 2420 2934 sensum
2448 2881 2653 2938 habere
2680 2893 2737 2938 et
2760 2884 2864 2939 hoc
2917 2884 3220 2954 capitulum
3252 2903 3265 2939 :
3294 2884 3436 2940 Cha-

1852 2965 2064 3020 ritatem
2097 2970 2307 3038 quidem
2330 2975 2475 3041 parit
2512 2975 2945 3046 imperturbatio;
2979 2978 3212 3032 charitas
3258 2985 3453 3048 autem.

1849 3056 2229 3115 illustrationis
2256 3064 2491 3122 scientia:
2514 3083 2708 3137 parens
2732 3069 2956 3122 exsistit.

233 3238 319 3305 γ’.
374 3239 549 3293 Τίνων
586 3242 682 3323 οὐχ
733 3243 964 3298 ἅπτεται
1025 3245 1163 3320 αῦτη
1213 3248 1435 3316 ἔννοια,
1476 3249 1631 3325 οἶμαι
1690 3255 1747 3310 δέ

1922 3251 1975 3305 5.
1999 3249 2146 3318 Quos
2177 3258 2446 3314 sententia
2481 3259 2600 3315 haec
2623 3277 2734 3315 non
2758 3261 3091 3331 perstringat
3115 3279 3127 3315 :
3151 3261 3451 3332 Praecipue.

164 3331 414 3401 μάλιστα
439 3374 455 3400 ,
502 3334 611 3392 τῶν
662 3335 757 3390 τοῦ
822 3341 1058 3410 μαμωνᾶ
1110 3342 1744 3418 ὑπεραποθνησκόντωνν

160 3424 369 3478 ταυτὸν
402 3425 459 3479 δὲ
492 3428 666 3482 εἰπεῖν
706 3428 802 3484 τοῦ
851 3431 1146 3503 λεγομένου
1191 3435 1457 3509 δημοσίου
1511 3443 1606 3496 καὶ
1647 3443 1747 3498 τοῦ

160 3513 635 3585 κοσμοκράτορος.

230 3603 309 3656 δ’.
351 3605 416 3657 '0
442 3604 576 3670 Θεὸς
609 3608 821 3675 πάντας
841 3611 1163 3686 ἀνθρώπως
1190 3617 1335 3672 ϐέλει
1360 3620 1617 3692 σωθῆναι,
1647 3625 1746 3678 καὶ

156 3696 313 3767 ὑπὲρ
346 3697 566 3753 πάντων
592 3702 889 3770 ἀπέθανεν,
934 3706 1022 3761 ἵνα
1063 3710 1114 3763 οἱ
1145 3711 1346 3778 πάντες
1378 3713 1645 3772 σωθῶσιν.
1680 3717 1744 3773 ὐ

152 3786 254 3848 οὖν
277 3791 514 3859 ἀγαπῶν
538 3794 631 3848 τὸν
659 3796 810 3861 Θεὸν,
840 3798 901 3852 τὸ
931 3800 1154 3872 θελητδν
1177 3804 1272 3858 τοῦ
1295 3807 1431 3861 Θεοῦ
1458 3810 1740 3879 φυλάττει.

151 3884 458 3938 Φυλάττων
496 3886 576 3951 δὲ,
631 3889 751 3953 πῶς
779 3890 881 3944 οὐκ
928 3892 1209 3965 ἀγαπήσει
1260 3899 1472 3964 πάντας
1509 3901 1586 3966 ὡς
1618 3903 1740 3957 ἐαυ-

152 3976 283 4040 τὸν,
324 3977 421 4030 καὶ
458 3979 675 4051 θελήσει
721 3981 935 4048 πάντας
985 3986 1256 4059 σωθῆναι,
1289 3990 1451 4053 τοῦτο
1486 3992 1736 4063 θέλοντος

153 4071 252 4125 τοῦ
282 4069 440 4136 Bac-3;

224 4259 296 4305 ε’.
346 4252 553 4307 Γνῶσιν
602 4254 697 4308 τοῦ
738 4255 873 4309 Θεοῦ
916 4257 1015 4327 τὴν
1047 4259 1231 4314 πίστιν
1274 4261 1460 4330 λέγει⁹
1515 4265 1738 4339 ἀγάπην

150 4343 229 4409 δὲ,
252 4345 370 4414 τὴν
405 4345 636 4415 τήρησιν
674 4345 784 4400 τῶν
818 4348 1048 4408 ἐντολῶν
1070 4367 1083 4379 ·
1124 4351 1190 4421 ἢν
1219 4354 1314 4411 καὶ
1345 4354 1557 4425 θέλημα
1583 4359 1740 4412 καλεῖ

151 4436 253 4489 καὶ
288 4435 639 4508 δικαιώματα
686 4439 783 4491 καὶ
832 4441 1148 4512 ἐντάλματα
1199 4445 1293 4497 καὶ
1330 4448 1735 4520 προστάγματα

151 4528 250 4580 καὶ
312 4525 462 4595 φῶςο
506 4528 648 4581 κατά
689 4529 784 4595 τὸ,
826 4532 981 4585 Διότι
1026 4532 1154 4601 φῶς
1190 4535 1263 4591 τὰ
1311 4538 1737 4609 προστάπιιατά

150 4633 303 4671 σου.
333 4617 445 4688 Τὴν
475 4619 791 4692 ἔμπρακτον
819 4621 876 4676 δὲ
907 4623 1113 4692 γνῶσιν
1148 4626 1446 4699 παρίστησι
1474 4631 1535 4683 τὸ
1564 4633 1733 4700 κεφάο

152 4708 332 4763 λαιον.

223 4806 311 4868 ς’.
364 4802 524 4856 Λὶτία
570 4802 681 4857 τῶν
730 4805 943 4876 ἀρετῶν
974 4807 1125 4863 ἐστιν
1161 4810 1190 4863 ὁ
1224 4811 1380 4876 θεός.
1413 4812 1618 4868 Τούτου
1653 4814 1731 4881 δὲ,

150 4892 279 4945 κατ’
339 4894 622 4964 ἐνέργειαν
654 4895 882 4964 γνῶσις,
934 4900 968 4969 ἡ
1002 4898 1099 4957 τοῦ
1142 4902 1264 4956 κατ’
1323 4903 1583 4976 ἀλήθειαν
1632 4908 1733 4960 ἐπ-

150 4984 465 5051 εγνωκότος
498 4986 589 5039 τὸν
617 4986 784 5052 Θεὸν,
821 4989 957 5060 πρὸς
984 4990 1047 5046 τὸ
1079 4993 1297 5065 πνεῦμα
1324 4998 1467 5052 κατὰ
1492 4998 1591 5070 τὴν
1619 4999 1733 5068 ἐξιν

151 5076 471 5141 ἀλλοίωσις.

218 5170 297 5232 ζ’.
340 5166 640 5235 Ἀνάγνωθι
668 5168 730 5221 τὸ
755 5177 839 5234 ος⁹
879 5174 981 5243 τῆς
1025 5174 1198 5244 αὐτῆς
1235 5184 1300 5248 ρ’,
1349 5180 1443 5232 καὶ
1479 5182 1731 5253 εὑρήσεις

150 5256 346 5327 ὅμοιον
371 5256 570 5329 πάντη,
599 5258 751 5331 παρά
777 5261 837 5331 τὸ
858 5263 977 5341 τῶν
1006 5265 1288 5335 ὀνομάτων
1317 5268 1598 5341 διάφορον.

218 5438 298 5502 η’.
345 5432 409 5485 Εἰ
441 5433 734 5505 φάρμακον
780 5434 881 5505 τῆς
931 5438 1151 5510 ἀγάπης
1177 5442 1214 5512 ἡ
1242 5442 1428 5514 ἐντολὴ
1460 5448 1600 5501 κατὰ
1631 5451 1726 5504 τοῦ

150 5519 330 5593 θυμοῦ
378 5520 555 5594 ἐδόθηο
590 5525 806 5589 πάντως
842 5526 875 5596 ἡ
907 5526 1205 5598 ἐγκράτεια
1237 5532 1380 5586 κατά
1405 5537 1503 5605 τῆς
1535 5538 1727 5592 ἐπιθυ-

155 5610 290 5678 μίας
313 5609 636 5683 δεδώρηται.
676 5612 973 5681 Ἀνάγνωθι
1005 5617 1067 5669 τὸ
1105 5617 1200 5672 οϐ’.

1844 3357 1977 3398 vero
2004 3361 2121 3413 eos,
2160 3350 2255 3419 qui
2284 3366 2607 3407 mammonae
2644 3369 2806 3409 causa
2835 3353 3150 3408 moriuntur
3176 3371 3190 3408 :
3242 3355 3433 3425 perin-

1846 3434 2023 3505 deque
2062 3450 2149 3494 est
2196 3455 2261 3496 ac
2306 3442 2477 3508 dicas,
2528 3446 2652 3513 eius
2699 3445 2846 3516 quod
2900 3445 3189 3515 publicum
3251 3444 3430 3517 (quasi

1842 3526 1985 3584 forte
2015 3531 2289 3605 aerarium)
2313 3543 2533 3600 vocant,
2556 3549 2613 3591 et
2633 3536 2825 3591 mundi
2852 3548 3143 3593 rectorem.
3392 3552 3395 3555 ‘

1913 3620 1968 3676 4.
1999 3621 2148 3678 Deus
2171 3639 2366 3681 omnes
2391 3626 2647 3683 homines
2668 3629 2791 3686 vult
2815 3629 2996 3685 salvos
3042 3629 3184 3697 ﬁeri,
3220 3642 3278 3687 et
3326 3647 3429 3703 pro

1844 3713 2105 3770 omnibus
2136 3724 2393 3773 mortuus
2447 3726 2554 3782 est,
2586 3726 2649 3773 ut
2711 3735 2907 3776 omnes
2952 3720 3186 3776 salutem
3229 3736 3429 3777 conse-

1842 3815 2085 3877 quantur
2115 3808 2182 3863 ³⁷.
2219 3809 2321 3876 Qui
2363 3825 2495 3882 ergo
2543 3811 2715 3867 Deum
2762 3812 2963 3884 diligit,
2998 3815 3106 3870 hoc
3159 3815 3424 3881 custodit,

1841 3898 1993 3968 quod
2036 3914 2103 3954 ex
2132 3900 2229 3956 Dei
2256 3903 2537 3959 voluntate
2568 3905 2804 3962 exsistit.
2830 3906 2935 3973 Qui
2967 3923 3102 3962 vero
3129 3909 3425 3973 custodiat,

1841 3988 2119 4057 quomodo
2148 4005 2261 4045 non
2302 4006 2494 4047 omnes
2527 4001 2590 4047 ut
2641 3994 2887 4064 seipsum
2938 3995 3138 4067 diligit,
3198 3997 3427 4067 vultque

1840 4093 2034 4134 omnes
2067 4079 2248 4135 salvos
2292 4080 2450 4148 ﬁeri,
2505 4098 2631 4138 cum
2674 4083 2792 4139 hanc
2839 4085 2938 4140 Dei
2983 4086 3242 4142 voluntas
3276 4087 3425 4142 exsi-

1839 4171 1989 4225 stat?

1911 4261 1969 4327 5.
2005 4260 2306 4317 Scientiam
2330 4263 2449 4329 Dei,
2479 4263 2644 4320 ﬁdem
2686 4276 2869 4322 vocat.
2899 4266 3235 4324 Charitatem
3267 4284 3419 4335 vero,

1838 4349 2287 4407 observationem
2325 4354 2736 4424 mandatorum,
2765 4373 2931 4428 quam
2979 4367 3037 4414 et
3075 4360 3419 4415 voluntatem

1837 4442 2097 4511 appellat,
2129 4453 2185 4497 et
2208 4444 2634 4514 justiﬁcationcs
2656 4456 2713 4502 et
2754 4449 3008 4504 mandata
3044 4460 3101 4505 et
3149 4460 3421 4520 przeccpta

1838 4540 1894 4586 et
1916 4533 2123 4598 lumen,
2151 4536 2305 4606 juxta
2340 4536 2473 4590 illud
2505 4555 2519 4591 :
2566 4537 2704 4603 Quia
2741 4539 2832 4593 tua:
2863 4540 3124 4596 mandata
3151 4540 3217 4595 ³⁸.
3249 4543 3421 4595 Porro

1842 4634 2007 4694 caput
2038 4625 2143 4681 hoc
2187 4628 2473 4683 scientiam
2508 4630 2733 4687 exhibet
2776 4649 2903 4689 cum
2940 4634 3158 4690 actione
3189 4635 3422 4706 conjun-

1843 4728 1986 4773 otam
2013 4735 2246 4791 eamque
2270 4722 2626 4794 dirigentem.

1911 4809 1964 4865 6.
2007 4810 2264 4867 Scientiae
2297 4822 2492 4869 auctor
2536 4816 2684 4871 Deus
2715 4826 2819 4871 est.
2845 4817 2978 4889 Ejus
3009 4829 3192 4874 autem
3216 4818 3272 4873 in
3291 4827 3414 4874 actu

1837 4901 2090 4965 scientia,
2120 4905 2240 4976 ejus
2265 4914 2351 4962 est
2378 4907 2474 4979 qui
2500 4907 2673 4963 Deum
2700 4908 2823 4976 scit,
2847 4909 2901 4965 in
2941 4910 3198 4982 spiritum
3221 4911 3415 4968 habitu

1835 4991 2166 5051 immutatio.

1902 5169 1953 5222 7.
1987 5167 2131 5240 Lege
2178 5181 2344 5242 caput
2394 5176 2857 5247 septuagesimum
2905 5188 3119 5233 sextum
3161 5179 3409 5251 ejusdem

1830 5260 2157 5324 centenarii,
2210 5261 2571 5336 inveniesque
2618 5282 2849 5338 prorsus
2897 5268 3101 5337 simile,
3126 5270 3234 5326 nisi
3259 5270 3409 5342 quod

1834 5354 1942 5408 alia
1964 5355 2187 5411 nomina
2216 5359 2393 5428 posita
2418 5370 2565 5415 sunt.

1904 5445 2071 5517 459
2093 5447 2144 5501 8.
2173 5448 2229 5504 Si
2253 5450 2542 5507 charitatis
2580 5452 2899 5508 mandatum
2950 5454 3257 5511 remedium
3310 5456 3410 5513 ad-

1830 5552 2024 5595 versus
2055 5541 2188 5595 iram
2216 5542 2402 5597 datum
2431 5552 2546 5608 est,
2583 5545 2741 5615 plane
2767 5547 3107 5602 continentia
3140 5549 3409 5606 adversus

1832 5633 2336 5701 concupiscentiam
2363 5650 2625 5690 concessa
2649 5647 2756 5693 est.
2785 5637 2929 5710 Lege
2953 5654 3074 5711 cap.
3104 5640 3192 5697 79.

221 5717 316 5775 ³³1
344 5720 471 5774 Cor.
503 5738 617 5786 xm,
646 5723 699 5777 2.
778 5725 821 5756 ³³
856 5724 1055 5781 lJoan.
1092 5745 1161 5793 Iv,
1198 5731 1284 5785 46.
1362 5733 1407 5762 ³⁶
1434 5734 1596 5789 lCor.
1629 5756 1739 5808 vm,

1897 5747 1938 5778 ³⁷
1971 5746 1989 5800 l
2026 5745 2167 5800 Tim.
2200 5762 2257 5812 ιι,
2294 5746 2346 5801 4.
2424 5746 2467 5780 ⁸⁸
2501 5747 2604 5804 lsa.
2638 5764 2782 5816 xxvr,
2816 5750 2869 5806 9.

211 5842 295 5916 (τις)
354 5841 433 5903 Ex
470 5843 763 5917 Raphaelis
800 5847 1071 5920 Dufrenii,
1123 5868 1271 5910 nunc
1300 5855 1488 5929 Regio,
1544 5860 1753 5921 codice.
