4048 6454
666 431 806 502 1075

733 549 788 604 9.
810 545 922 602 Nos
950 559 1086 600 vero
1107 544 1201 613 qui
1252 541 1449 596 horum
1474 539 1651 594 trium
1673 539 1818 593 servi
1851 539 2044 601 simus,
2072 554 2246 608 quan-

666 647 784 694 tum
813 635 906 692 alii
959 635 1016 689 in
1048 633 1186 687 alios
1212 631 1400 684 odium
1431 629 1666 693 alimus;
1691 628 1786 698 qui
1829 627 2129 682 insatiabili
2152 641 2247 680 cu-

665 729 899 800 piditate
927 727 1027 781 toti
1062 734 1369 778 teneamur.
1409 721 1558 792 Lege.
1585 704 1704 790 cap.
1730 719 1820 774 64.

738 822 824 876 10.
857 820 961 876 Ubi
1003 818 1238 880 dixerat,
1279 830 1403 885 cap.
1443 817 1532 877 77,,
1564 830 1664 883 per
1703 811 1961 867 mandata
1999 809 2067 865 ab
2110 808 2248 862 alle—

665 915 851 969 ctibus
872 929 936 968 ac
962 910 1115 966 vitiis
1143 909 1420 964 immunes
1446 907 1704 978 praestare
1731 925 1745 960 :
1779 905 1885 960 hoc
1916 919 2065 958 nunc
2096 903 2250 972 capia

667 1007 784 1061 tulo
809 1003 1031 1058 modum
1051 1001 1329 1067 ostendit;
1355 1017 1552 1070 nempe
1570 1001 1626 1055 in
1650 1000 1919 1055 charitate
1942 1007 1999 1052 et
2016 996 2250 1069 jejunio,

666 1095 1118 1164 continentiaque
1149 1103 1205 1148 ct
1231 1093 1508 1147 oratione.

739 1189 829 1244 Η.
858 1187 1036 1241 Etiam
1073 1187 1200 1256 quis
1248 1185 1518 1255 spiritalis
1563 1199 1628 1238 ao
1689 1181 1922 1241 scient-ia
1970 1179 2252 1250 pra-ditus,

671 1296 868 1336 rursus
900 1279 1217 1333 detrahitur
1240 1294 1306 1332 ac
1333 1277 1686 1347 degravatur.
2146 1275 2149 1280 '

739 1370 827 1424 12.
851 1368 963 1424 Nos
994 1383 1128 1424 vero
1153 1368 1251 1438 qui
1279 1366 1571 1422 aﬂ‘ectibus
1595 1373 1760 1434 atque
1785 1361 1937 1416 vitiis
1960 1359 2144 1414 obruti
2184 1359 2257 1413 si-

666 1477 815 1524 mus,
837 1460 1113 1532 quomodo
1137 1458 1640 1529 contemplabimur
1670 1473 1682 1508 :
1713 1462 1809 1509 aut
1840 1451 2116 1523 quomod‘o
2138 1467 2261 1520 quae

667 1555 944 1610 fuerimus
982 1552 1359 1622 contemplati,
1384 1566 1497 1606 non
1528 1565 1632 1605 nos
1657 1564 1725 1604 ex
1748 1545 2260 1603 sanctaafl‘rinitatis

669 1645 904 1703 scientia
930 1645 1269 1701 extrudent?

742 1738 832 1792 15.
861 1737 1030 1792 Vides
1055 1734 1535 1806 contemplationis
1550 1733 1909 1797 ascensiones
1930 1735 1954 1787 ?

744 1829 834 1883 l4.
896 1826 1372 1894 Quemadmodum
1435 1826 1491 1880 in
1547 1824 1677 1886 ﬁde.
1725 1825 1879 1880 nulla
1909 1823 2263 1886 infidelitatis

673 1918 816 1974 ratio
841 1927 966 1984 est;
996 1917 1079 1978 sic
1103 1933 1299 1995 neque,
1318 1917 1375 1972 in
1416 1915 1732 1975 rationibus
1756 1931 1878 1986 quae
1921 1926 2135 1970 suntex
2167 1933 2263 1980 na-
2297 1894 2337 1948 Β

674 2009 822 2076 tui'a,
855 2009 1067 2080 aliquid
1098 2010 1248 2070 inest
1268 2007 1415 2079 quod
1444 2023 1476 2068 a
1509 2008 1724 2060 ratione
1751 2007 2066 2072 abhorreat.
2113 2006 2264 2076 Opus

672 2111 858 2158 autem
887 2101 1299 2164 mandatorum,
1332 2100 1474 2164 ratio
1497 2109 1583 2153 est
1612 2115 1676 2153 ac
1697 2114 1881 2154 sermo
1903 2099 2084 2168 reipsa
2109 2116 2266 2154 exer-

672 2194 839 2250 citus.
865 2193 1010 2264 Lege
1039 2208 1162 2263 cap.
1183 2192 1276 2259 84,
1309 2199 1365 2247 et
1384 2191 1751 2262 conquiesces
1770 2209 1796 2258 ;ε
1818 2192 2021 2252 factum
2050 2193 2264 2248 scilicet

674 2286 777 2342 tibi
802 2285 938 2340 satis
967 2284 1239 2340 invenies.

747 2379 838 2435 15.
869 2378 1170 2442 Naturalis,
1197 2377 1398 2448 inquit,
1426 2378 1827 2448 contemplatio
1854 2378 2264 2444 mandatorum,

675 2468 1010 2539 sinceraque
1031 2484 1161 2539 erga
1191 2468 1508 2538 proximum
1547 2469 1794 2532 dilectio,
1825 2484 1921 2524 eos
1954 2468 2048 2538 qui
2075 2469 2267 2523 obser-

673 2568 829 2626 vent,
855 2577 888 2616 a
910 2576 1170 2632 pravoac
1191 2560 1400 2626 carnali
1417 2576 1605 2616 amore
1623 2569 1680 2615 et
1697 2560 1983 2631 tyrannide
2008 2559 2264 2612 liberant.

674 2653 887 2708 Rerum
911 2665 1048 2706 vero
1077 2649 1332 2713 scientia,
1380 2665 1479 2709 eos
1504 2651 1600 2724 qui
1630 2649 1914 2720 spiritales
1967 2665 2141 2719 eaque
2180 2650 2267 2718 in:

675 2744 876 2800 structi
903 2749 1056 2808 sunt,
1089 2742 1159 2802 ab
1185 2742 1468 2798 oblivione
1491 2751 1547 2797 et
1577 2742 1886 2814 ignorantia
1915 2741 2105 2796 itidem
2128 2741 2267 2795 libe-

675 2846 780 2894 rat.
811 2836 1026 2904 Quibus
1051 2835 1312 2900 omnibus
1335 2836 1588 2900 docetur,
1612 2834 1851 2889 animam
1889 2835 2068 2889 tribus
2097 2833 2269 2904 parti-

674 2930 782 2986 bus
806 2945 872 2984 ac
895 2926 1538 2993 facultatibusdivisam,
1573 2926 1707 2983 dum
1756 2942 1826 2982 ex
1854 2926 2067 2990 ratione
2111 2934 2272 2986 natu;-

675 3037 851 3093 raque
877 3032 1192 3086 moveatur,
1236 3036 1458 3076 omnem
1492 3031 1755 3091 praestare
1789 3019 2058 3073 virtutem
2080 3059 2095 3082 ,
2138 3019 2269 3073 dum

673 3130 809 3170 vero
857 3125 1051 3171 contra
1105 3115 1379 3171 rationem
1423 3125 1482 3170 et
1527 3123 1802 3177 naturam,
1850 3129 2014 3166 omne
2073 3112 2269 3165 vitium

673 3207 892 3264 efﬁcere
918 3223 984 3262 ac
1015 3207 1306 3267 malitiam.
1352 3205 1628 3266 Memento
1680 3205 1785 3259 tria
1828 3205 1945 3258 lucc
1984 3203 2270 3273 originalia

674 3316 822 3367 esse,
850 3316 1182 3371 summaque
1215 3301 1397 3356 omnis
1427 3299 1717 3371 pravitatis
1750 3299 2084 3366 malitia-que
2122 3297 2272 3366 prin;-

674 3391 858 3462 cipia;
891 3391 1258 3464 ignorantiam
1279 3392 1511 3455 scilicet,
1541 3406 1784 3446 amorem
1805 3391 1957 3452 illum
1974 3405 2269 3458 corporum

675 3500 778 3541 seu
817 3485 1122 3549 carnalem,
1165 3499 1231 3542 ac
1279 3483 1648 3556 tyrannidem.
1699 3482 1826 3540 Haec
1868 3482 1924 3535 in
1972 3481 2132 3535 nobis
2170 3496 2270 3536 ne.-

677 3575 986 3646 quissimus
1015 3576 1108 3636 ille
1128 3575 1404 3641 condidit,
1433 3592 1534 3646 per
1568 3574 1740 3630 animi
1768 3575 1825 3630 in
1874 3575 2037 3630 nobis
2066 3574 2270 3642 virium

677 3667 946 3730 abusum.

751 3759 840 3816 16.
874 3759 1130 3824 Mandata
1177 3774 1365 3823 rerum
1410 3759 1983 3830 cogitatussensaque
2020 3775 2051 3813 a
2080 3757 2270 3826 libidi-

678 3850 836 3905 nosis
867 3850 989 3905 istis
1020 3858 1079 3905 et
1111 3865 1238 3904 cum
1288 3850 1488 3914 affectu
1544 3859 1774 3908 tenuant
1817 3850 2268 3921 cogitationibus,

679 3949 745 3997 nt
768 3942 827 3996 in
855 3958 979 4011 cap.
1005 3942 1061 4005 4,
1093 3941 1172 3994 ait
1208 3941 1483 3996 istiusmet
1505 3943 1831 4007 centenarii.

754 4030 844 4091 Π.
874 4031 1008 4100 Qua:
1050 4040 1252 4101 praeter
1305 4031 1403 4094 Dei
1455 4032 1794 4094 voluntatem
1849 4031 1986 4098 fiunt
2051 4033 2273 4104 (bonam

680 4122 832 4178 illam
860 4131 919 4178 et
945 4122 1347 4192 beneplacitam
1374 4131 1431 4178 et
1455 4124 1756 4193 perlectam
1781 4123 1847 4194 ³9)
1886 4140 2010 4193 qua:
2061 4125 2277 4194 scilicet

683 4215 830 4270 bona
860 4215 918 4279 in
952 4214 1266 4285 proximum
1320 4223 1548 4284 propter
1598 4216 1771 4270 Deum
1829 4217 1996 4269 animi
2057 4216 2275 4270 aﬂcctio

679 4315 789 4371 est,
811 4319 1013 4376 printer
1035 4317 1246 4367 rectum
1277 4307 1440 4361 linem
1473 4322 1536 4361 ac
1570 4309 1901 4366 destinatum
1938 4309 2093 4363 ﬁunt.
2119 4309 2277 4374 Quod

680 4413 818 4453 vero
862 4397 961 4453 Dei
1003 4399 1276 4462 voluntati
1331 4399 1673 4462 adversetur,
1722 4417 1833 4455 non
1886 4401 2031 4456 bono
2093 4402 2276 4455 animo

683 4503 818 4558 erga
851 4489 1163 4557 proximum
1193 4504 1334 4555 esse,
1367 4490 1613 4548 ostendit
1657 4491 1924 4558 Dominus
1974 4493 2028 4546 in
2093 4493 2275 4546 Evan-

683 4578 865 4648 geliis,
891 4595 1015 4642 cum
1039 4581 1116 4644 ait
1145 4598 1158 4633 :
1190 4580 1465 4657 Quatenus
1495 4582 1710 4650 fecistis,
1738 4583 1824 4636 vel
1855 4601 1959 4636 non
1990 4584 2180 4654 fecistis
2203 4583 2280 4649 ”⁰;-

682 4685 1018 4725 enumerans
1055 4671 1340 4727 eharitatis
1386 4683 1552 4742 atque
1588 4674 1699 4728 odii
1760 4689 1981 4744 genera.
2033 4673 2276 4728 Observa

682 4774 852 4825 vero,
870 4761 1017 4833 quod
1041 4763 1138 4831 qui
1159 4772 1359 4828 contra,
1385 4773 1597 4819 rectum
1638 4764 1803 4819 finem
1845 4781 1908 4819 ac
1939 4765 2274 4824 destinatum

687 4852 907 4922 (contra
932 4852 1028 4917 Dei
1057 4851 1268 4906 scilicet
1298 4855 1666 4924 mandatum),
1703 4871 1935 4918 excusso
1961 4856 2274 4912 humanita-

684 4942 760 4998 tis
781 4958 969 5006 sensu,
997 4942 1270 5008 fecerunt,
1299 4961 1425 4999 cum
1450 4947 1589 5000 nihil
1626 4946 1693 5001 ad
1748 4948 2122 5004 defensionem
2169 4949 2271 5003 ha-

685 5035 904 5101 herent,
941 5049 1124 5107 neque
1145 5036 1312 5091 etiam
1345 5037 1510 5091 linem
1532 5054 1597 5092 ac
1629 5039 1960 5095 destinatum
1988 5056 2270 5110 opponere

682 5127 948 5193 videntur
989 5146 1004 5183 :
1041 5129 1187 5198 quod
1216 5145 1418 5198 nempe
1459 5130 1690 5195 scirent,
1743 5148 1869 5186 cum
1929 5133 2024 5201 qui
2080 5142 2272 5188 contra

683 5224 900 5283 rectum
925 5219 1021 5283 Dei
1051 5219 1217 5275 ﬁnem
1240 5235 1304 5284 ac
1323 5219 1662 5286 destinatum
1693 5222 1877 5288 faciat,
1930 5224 2146 5294 tametsi
2185 5225 2271 5289 in,-

684 5325 945 5366 numeras
973 5320 1217 5382 opponat
1240 5313 1506 5378 rationes,
1531 5315 1675 5381 haud
1710 5331 1952 5386 unquam
1967 5317 2272 5388 gehennam

683 5416 1002 5462 evasurum.

759 5495 848 5550 l8.
889 5495 1260 5566 Cupiditatem
1305 5495 1454 5560 sistit
1509 5498 1617 5557 Dei.
1671 5499 1910 5561 Charitas
1954 5518 1969 5555 :
2034 5501 2269 5571 proximi

686 5595 872 5641 autem
907 5587 1134 5653 dilectio
1165 5589 1247 5643 ira
1292 5601 1676 5661 exasperatum
1697 5593 1940 5648 animum
1968 5595 2142 5649 sedat.

761 5678 849 5735 19.
884 5678 989 5744 Qui
1036 5680 1336 5752 imaginum
1362 5683 1644 5749 materias,
1679 5685 1896 5741 divinas
1933 5687 2132 5759 ﬁguras
2157 5687 2273 5745 cxi-

758 5853 800 5892 "
833 5854 990 5916 Rom.
1025 5875 1116 5926 xu,
1150 5861 1204 5917 2.
1286 5863 1325 5893 ν’
1353 5863 1540 5918 Matth.
1573 5881 1696 5928 xxv,
1730 5865 1814 5922 49.

1826 433 1887 491 S‘.
1928 429 2222 491 MAXIM'I'
2251 427 2764 489 CONFESSORIS’

3733 433 3834 504 tua

2280 543 2325 597 Α
2423 537 2488 590 θ’.
2539 539 2599 591 Οἱ
2630 537 2686 590 δὲ
2731 537 2840 590 τῶν
2867 540 3034 610 τριῶν
3078 539 3276 603 δοῦλοι,
3319 542 3473 596 πόσον
3499 545 3634 613 μίσος
3651 549 3748 599 κατ’
3768 551 3832 603 ἀλ-

2352 630 2529 700 λήλων
2581 631 2875 701 τρέφομεν·
2916 635 3008 685 τοῦ
3053 634 3259 696 πάθους
3316 635 3422 688 ὅλοι
3467 636 3556 704 τῆς
3603 638 3841 710 ἀπληστίας

2352 723 2655 791 γενόμενοι.
2702 723 2997 791 ’Λνάγνωθι
3022 724 3082 775 τὸ
3115 725 3205 788 ξδ’.

2423 821 2476 867 ι’.
2508 813 2692 867 Εἰπὼν
2736 815 2794 867 ὲν
2842 814 2919 885 τῷ
2972 813 3068 879 οξ,
3115 817 3198 868 ὅτι
3226 817 3315 870 διὰ
3369 819 3460 888 μὲν
3503 819 3602 871 τῶν
3652 822 3843 886 ἐντολεῖιν,

2354 906 2587 968 ἀπαθεῖς
2645 907 2967 976 ἐργάζεταιο
3019 908 3113 960 νῦν
3163 909 3252 962 διὰ
3281 910 3429 963 τοῦδε
3482 911 3568 964 τοῦ
3612 914 3845 982 κειραλαίον

2352 999 2592 1052 δείκνυσι
2615 1001 2750 1062 πῶς’
2775 1003 2858 1055 ὅτι
2882 1005 2938 1055 ὲν
2959 1001 3151 1072 ἀγάπῃ
3168 1004 3264 1055 καὶ
3291 1003 3525 1075 νηστείᾳ,
3545 1007 3604 1075 τῇ
3626 1022 3676 1057 τε
3692 1006 3848 1078 ἐγκρα-

2354 1093 2476 1161 τείᾳ
2505 1093 2598 1143 καὶ
2628 1097 2927 1163 προσευχῇ.

2359 1229 2364 1234 .
2428 1191 2516 1238 ια’.
2550 1187 2662 1238 Καὶ
2689 1189 2988 1254 γνωστικός
3017 1189 3543 1255 τις-ἐγκατασπᾶται
3571 1189 3726 1242 πάλιν.

2434 1357 2520 1428 ιβῖ.
2566 1359 2580 1376 ⁸
2605 1361 2778 1430 Ημεῖς
2825 1360 2892 1414 δὲι
2932 1367 3378 1432 συγκεχωσμένοι
3409 1365 3517 1426 τοῖς
3565 1363 3854 1430 πάθεσι,ταῖ›ς

2361 1447 2724 1521 θεωρήσωμεν
2750 1469 2765 1515 ;
2788 1451 2821 1522 ἢ
2856 1452 2974 1514 πῶς
2998 1454 3032 1505 ἃ
3062 1452 3377 1523 θεωροῦμεν
3402 1455 3495 1506 οὐκ
3519 1454 3858 1525 ὲκὸάλλειήμᾶς

2359 1545 2461 1612 τῆς
2491 1541 2870 1614 γνὼσεωςτῆς
2903 1545 3064 1614 ἁγίας
3085 1546 3343 1614 Τριάδοςξ

2441 1751 2532 1814 ιγ’.
2575 1745 2691 1810 Τὰς
2730 1744 3028 1808 ἀναϐάσεις
3053 1745 3152 1814 τῆς
3188 1744 3420 1814 θεωρίας
3448 1743 3683 1815 βλέπειςς

2441 1836 2520 1890 ιδ’.
2553 1837 2673 1889 Ὅτι
2701 1835 2890 1906 ὥσπερ
2918 1835 3228 1899 ἀπιστιδίας
3261 1837 3317 1888 ἐν
3351 1836 3528 1887 πίστει
3558 1834 3698 1904 λόγος
3717 1835 3860 1898 οὐδείς·

2570 1929 2706 1993 οὐδὲ,

2365 2023 2696 2090 παράλογον.
2753 2023 2955 2092 Ἔργον
3015 2021 3071 2074 δὲ
3115 2021 3222 2073 τῶν
3276 2022 3527 2077 ἐντολῶν,
3577 2020 3717 2087 λόγος
3764 2021 3865 2072 ἐστίν

2297 2181 2306 2188 _
2366 2113 2782 2183 ὲνεργούμενος.
2847 2113 3146 2182 ’Λνάγνωθι
3196 2114 3256 2166 τὸ
3302 2113 3388 2165 πδ⁹
3451 2112 3722 2181 κεεξάλαιον
3751 2151 3765 2174 ,
3799 2110 3864 2162 καί

2365 2205 2578 2259 ἀναπαύ
2587 2223 2686 2276 σῃ..

2363 1928 2538 1992 οὕτως
2570 1929 2706 1993 οὐδὲ,
2744 1930 2802 1981 ἐν
2844 1931 2956 1992 τοῖς
2981 1930 3162 1996 λόγοις
3206 1928 3350 1989 κατὰ
3389 1926 3546 1995 φύσιν
3599 1926 3795 1998 ὑπάρχει
3823 1928 3864 1979 τὸ

2443 2391 2526 2438 ιε’.
2565 2385 2629 2451 Ἡ
2674 2382 2882 2453 φυσική
2924 2399 3058 2451 φησι
3093 2379 3296 2451 θεωρία
3331 2377 3442 2432 τῶν
3473 2375 3702 2436 ἐντολῶν,
3733 2375 3866 2443 ἧτεή

2369 2477 2507 2546 πρὸς
2549 2475 2641 2528 τὸν
2690 2474 2922 2546 πλησίον
2955 2459 3255 2538 ἀνόθευτος,
3284 2470 3498 2538 ἀγάπη,
3529 2467 3781 2536 φιλαυτίας
3807 2467 3869 2517 καὶ

2368 2568 2682 2640 τυραννίδος
2712 2565 2988 2638 ἐλευθεροῖ
3032 2566 3157 2628 τοὺς
3187 2565 3580 2633 φυλάσσοντας.
3619 2560 3678 2613 Ἥ
3708 2558 3753 2612 δὲ
3775 2556 3872 2625 γνῶ-

2372 2679 2457 2725 σις
2504 2660 2612 2713 τῶν
2637 2659 2826 2725 ὄντων,
2873 2658 3044 2728 λήθης
3092 2657 3186 2709 καὶ
3225 2654 3450 2724 ἀγνοίας
3479 2648 3871 2708 ἀπαλλάτπιτοῦς

2369 2751 2723 2824 γνωστικούς.
2786 2751 2882 2818 Δια
2930 2749 3134 2804 τούτων
3184 2747 3240 2801 δὲ
3293 2747 3540 2811 πάντων,
3585 2742 3641 2795 τὸ
3678 2738 3872 2811 τριμερὲς

2369 2849 2468 2918 τῆς
2497 2844 2676 2915 ψυχῆς
2708 2842 3051 2904 ὑποτίθεται,
3107 2839 3248 2892 κατὰ
3296 2837 3460 2904 λόγον
3511 2835 3607 2904 μὲν
3646 2834 3727 2886 καὶ
3758 2829 3872 2897 φύσιν

2371 2938 2714 3006 κινούμενον,
2763 2935 2942 2996 πᾶσαν
2990 2929 3192 3002 ἀρετὴν
3241 2926 3563 2999 κατορθοῦν·
3605 2923 3737 2991 παρᾶ
3761 2919 3874 2986 λόγον

2370 3027 2426 3079 δὲ
2469 3026 2563 3078 καὶ
2590 3023 2771 3094 φύσιν,
2819 3024 2997 3076 πᾶσαν
3041 3020 3246 3073 κακίαν
3273 3017 3623 3088 ἐργάζεσθαι.
3657 3015 3872 3084 Μέμνησο.

2372 3119 2455 3172 ὅτι
2479 3117 2546 3170 τὰ
2574 3115 2846 3188 ἀρχέγονα
2897 3116 2992 3168 καὶ
3022 3114 3201 3184 πάσης
3245 3113 3446 3175 κακίας
3479 3107 3763 3179 γεννητικὰ,
3785 3103 3875 3174 τρία

2298 3237 2340 3295 c
2373 3208 2552 3263 ταῦτά
2601 3211 2774 3274 ἐστιν,
2815 3207 3010 3274 ἄγνοια
3034 3246 3062 3272 ,_
3096 3204 3382 3274 φιλαυτία,
3419 3204 3514 3261 καὶ
3545 3198 3782 3270 τυραννίς·
3811 3193 3875 3246 καὶ

2373 3302 2454 3355 ὅτι
2498 3301 2842 3372 ὑπεστήσατο
2877 3297 3080 3364 ταύτας
3105 3300 3132 3351 ὀ
3159 3297 3401 3368 πονηρὸς
3447 3297 3504 3348 ὲν
3535 3296 3675 3364 ἡμῖν,
3697 3289 3760 3360 τῷ
3777 3285 3877 3340 κατὰ

2373 3393 2721 3470 παράχρησιν
2766 3389 2910 3470 λόγῳ
2936 3387 3044 3442 τῶν
3081 3390 3137 3441 ἐν
3177 3389 3312 3458 ἡμῖν
3359 3385 3636 3455 δυνάμεων
3673 3394 3876 3451 προσχρη-

2374 3483 2626 3554 σάμενος.
2902 3465 2909 3475 ’

2451 3766 2546 3829 ις’.
2581 3758 2801 3814 Τούτων
2833 3757 2942 3818 τῶν
2994 3752 3262 3826 ὲμπαθὼν
3296 3751 3579 3823 λογισμῶν
3615 3746 3818 3818 φιλοῦσιν
3842 3740 3878 3792 αἱ

2374 3852 2609 3916 ἐντολαὶ,
2654 3852 2722 3905 τὰ
2781 3851 2889 3917 τῶν
2933 3849 3278 3919 πραγμάτων
3311 3847 3588 3916 νοήματα·
3620 3837 3742 3893 καθὰ
3765 3835 3807 3886 ὲν
3827 3829 3878 3898 τῷ

2372 3946 2414 4014 δ’
2447 3946 2728 4016 κεφαλαίῳ
2749 3945 2850 4013 τῆς
2892 3942 3062 4012 αὐτῆς
3094 3947 3139 4010 ρ’
3162 3939 3314 4010 φησί.

2450 4015 2536 4103 ιζ’.
2564 4038 2645 4091 Τὰ
2675 4025 2826 4108 παρὰ
2853 4035 2913 4088 τὸ
2951 4034 3163 4104 θέλημα
3200 4031 3560 4102 πραττόμενα
3581 4025 3669 4079 τοῦ
3700 4015 3876 4108 θεοῦ,

2375 4132 2576 4200 ἀγαθὸν
2615 4129 2709 4182 καὶ
2735 4106 3027 4198 εὐάρεστον
3079 4127 3174 4177 καὶ
3201 4123 3435 4183 τέλειον,
3462 4123 3598 4189 ὅπερ
3625 4115 3753 4170 ἐστὶν
3777 4113 3803 4180 ἡ
3823 4106 3881 4200 δὲ

2373 4198 2464 4290 τον
2520 4221 2654 4286 Θεόν
2691 4221 2824 4291 πρὸς
2866 4219 2957 4273 τὸν
2997 4217 3225 4289 πλησίον
3271 4210 3755 4284 ἀγαθὴ·διάοεσις.
3780 4198 3883 4291 πειρᾷ

2373 4288 2465 4368 τὸν
2499 4311 2658 4383 ὀρθόν
2701 4286 2816 4364 ἐστι
2878 4286 3101 4365 σκοπὸν.
3131 4304 3417 4378 γινόμενα,
3453 4303 3580 4356 Ὅτι
3606 4299 3659 4352 δὲ
3693 4293 3815 4364 παρὰ
3846 4286 3887 4340 τὸ

2377 4406 2587 4474 θέλημα
2623 4403 2714 4457 τοῦ
2753 4400 2887 4455 Θεοῦ
2917 4401 2976 4454 τὸ
3007 4400 3141 4474 πρὸς
3170 4400 3260 4452 τὸν
3287 4396 3526 4468 πλησίον
3551 4393 3610 4447 οὐ
3632 4388 3784 4446 καλῶς
3805 4385 3887 4436 δια·

2379 4498 2616 4563 κεῖσθαι,
2653 4495 2925 4560 δείκνυσιν
2959 4493 3018 4545 ὲν
3054 4491 3416 4567 Εὑαγγελίοις
3461 4488 3633 4557 λέγων
3666 4485 3692 4537 ὁ
3719 4477 3886 4549 Κύριος·

2305 4585 2348 4640 D
2389 4589 2497 4656 Ἔφ
2524 4587 2674 4641 ὅσον
2702 4582 3047 4650 ἐποιήσατε,
3079 4581 3174 4637 καὶ
3193 4583 3267 4650 ὲέρ
3288 4580 3450 4634 ὅσον
3479 4582 3590 4633 οὐκ
3613 4570 3886 4634 ἐποιήσατε.

2377 4680 2478 4749 τῆς
2504 4677 2724 4749 ἀγάπης
2752 4676 2821 4730 τὰ
2857 4677 2972 4749 εἴδη
3015 4679 3108 4732 καὶ
3163 4674 3255 4728 τοῦ
3305 4675 3506 4744 μίσους
3546 4660 3887 4739 ἀπαριθμούμε·

2377 4790 2487 4835 νος.
2525 4772 2666 4843 Ὅρα
2695 4771 2752 4823 δὲ
2788 4771 2868 4823 ὅτι
2901 4771 2951 4823 οἱ
2986 4767 3136 4838 παρὰ
3163 4768 3252 4820 τὸν
3283 4766 3449 4837 ὀρθὸν
3483 4764 3782 4834 ποιήσαντες
3803 4764 3885 4843 φο

2380 4863 2504 4926 πὸν,
2538 4865 2708 4934 ἣγουν
2737 4861 2889 4932 παρὰ
2921 4860 3020 4931 τὴν
3061 4858 3279 4929 ἐντολὴν
3325 4858 3425 4911 τοῦ
3460 4855 3617 4920 Θεοῦ,
3658 4839 3887 4906 ἀποσεισά-

2381 4973 2532 5026 μενοι
2560 4955 2620 5021 τὸ
2659 4954 3060 5025 φιλάνθρωπον,
3101 4951 3357 5022 οὐδεμίαν
3386 4951 3622 5020 ἔχοντες
3661 4936 3889 5004 ἀπολογίαν

2378 5051 2574 5112 εἰπεῖν,
2629 5047 2749 5101 οὐδὲ
2803 5047 2897 5100 τὸν
2931 5045 3130 5099 σκοπὸν
3179 5044 3616 5115 προϐαλλόμενοι
3656 5035 3886 5107 φαίνονται·

2378 5140 2604 5204 εἰδότες,
2631 5139 2706 5202 ὡς
2753 5140 2782 5192 ὁ
2831 5139 2982 5208 παρὰ
3032 5137 3124 5189 τὸν
3170 5136 3327 5206 ὀρθὸν
3364 5135 3570 5187 σκοπὸν
3601 5129 3689 5183 τοῦ
3728 5120 3833 5177 Θεοῦ
3855 5133 3891 5167 τι

2380 5232 2658 5303 πράττων,
2692 5230 2794 5283 κᾶν
2827 5228 3274 5302 μυρίουςλὸγους
3319 5224 3638 5297 προϐάλλοι,
3671 5219 3756 5289 τὴν
3781 5212 3890 5283 γέεν-

2381 5340 2478 5376 ναν
2499 5323 2598 5375 οὐκ
2627 5320 2970 5391 ἐκφεύξεται.

2453 5511 2544 5574 ιη’·
2588 5501 2915 5572 Ἐπιουμίαν
2947 5501 3159 5570 ἵστησιν
3198 5501 3232 5571 ἡ
3267 5499 3360 5553 τοῦ
3401 5495 3539 5550 Θεοῦ
3571 5491 3762 5561 ἀγάπη·
3785 5486 3892 5552 ἤτω

2381 5596 2611 5666 πλησίον
2639 5596 2716 5654 δὲ,
2751 5593 2920 5648 παύει
2949 5594 3120 5664 θυμὸν
3164 5589 3534 5664 ἠγριωμένον.
3796 5671 3820 5684 -

2455 5687 2541 5745 ιϐ’.
2588 5689 2652 5742 Ol.
2705 5686 2982 5752 είκονικὰς
3032 5685 3165 5750 ὔλας
3203 5685 3326 5747 τοὺς
3362 5681 3546 5746 θείους
3600 5678 3900 5748 χαρακτῆρας
