  <div class='ocr_page' id='page_1' title='image "/cluster/home/n/w/nwhite01/storage/ocr_20150623/90/hvd.32044019208016/546.png"; bbox 0 0 3898 6490; ppageno 0'>
   <div class='ocr_carea' id='block_1_1' title="bbox 110 429 247 495">
    <p class='ocr_par' dir='ltr' id='par_1_1' title="bbox 110 429 247 495">
     <span class='ocr_line' id='line_1_1' title="bbox 110 429 247 495; baseline 0 -1"><span class='ocrx_word' id='word_1_1' title='bbox 110 429 247 495; x_wconf 73' lang='grc'><strong>1077</strong></span> 
     </span>
    </p>
   </div>
   <div class='ocr_carea' id='block_1_2' title="bbox 991 427 2496 492">
    <p class='ocr_par' dir='ltr' id='par_1_2' title="bbox 991 427 2496 492">
     <span class='ocr_line' id='line_1_2' title="bbox 991 427 2496 492; baseline 0.003 -5"><span class='ocrx_word' id='word_1_2' title='bbox 991 427 1327 489; x_wconf 79' lang='lat' dir='ltr'><strong>CAPITUM</strong></span> <span class='ocrx_word' id='word_1_3' title='bbox 1365 427 1464 488; x_wconf 90' lang='lat' dir='ltr'><strong>DE</strong></span> <span class='ocrx_word' id='word_1_4' title='bbox 1499 427 1931 488; x_wconf 80' lang='lat' dir='ltr'><strong>CIIARITATE</strong></span> <span class='ocrx_word' id='word_1_5' title='bbox 1970 430 2361 492; x_wconf 69' lang='lat' dir='ltr'><strong>CE‘NTURIA</strong></span> <span class='ocrx_word' id='word_1_6' title='bbox 2401 432 2496 491; x_wconf 81' lang='lat' dir='ltr'><strong>IV.</strong></span> 
     </span>
    </p>
   </div>
   <div class='ocr_carea' id='block_1_3' title="bbox 3213 432 3348 499">
    <p class='ocr_par' dir='ltr' id='par_1_3' title="bbox 3213 432 3348 499">
     <span class='ocr_line' id='line_1_3' title="bbox 3213 432 3348 499; baseline -0.022 -1"><span class='ocrx_word' id='word_1_7' title='bbox 3213 432 3348 499; x_wconf 80' lang='lat'><strong>1078</strong></span> 
     </span>
    </p>
   </div>
   <div class='ocr_carea' id='block_1_4' title="bbox 99 545 1700 620">
    <p class='ocr_par' dir='ltr' id='par_1_4' title="bbox 99 546 1700 620">
     <span class='ocr_line' id='line_1_4' title="bbox 99 546 1700 620; baseline -0.002 -18"><span class='ocrx_word' id='word_1_8' title='bbox 99 548 596 620; x_wconf 74' lang='grc' dir='ltr'>ὑπολαμϐάνοντες,</span> <span class='ocrx_word' id='word_1_9' title='bbox 624 547 1014 619; x_wconf 60' lang='grc' dir='ltr'>παραχρῶνται</span> <span class='ocrx_word' id='word_1_10' title='bbox 1045 549 1158 610; x_wconf 73' lang='grc' dir='ltr'>τοῖς</span> <span class='ocrx_word' id='word_1_11' title='bbox 1173 547 1282 600; x_wconf 87' lang='grc' dir='ltr'><strong>τῶν</strong></span> <span class='ocrx_word' id='word_1_12' title='bbox 1311 546 1669 616; x_wconf 69' lang='grc' dir='ltr'>χαρακτήρων</span> <span class='ocrx_word' id='word_1_13' title='bbox 1699 594 1700 599; x_wconf 47' lang='grc' dir='ltr'><strong>η</strong></span> 
     </span>
    </p>
   </div>
   <div class='ocr_carea' id='block_1_5' title="bbox 1805 545 3350 620">
    <p class='ocr_par' dir='ltr' id='par_1_5' title="bbox 1805 546 3350 618">
     <span class='ocr_line' id='line_1_5' title="bbox 1805 546 3350 618; baseline 0.002 -19"><span class='ocrx_word' id='word_1_14' title='bbox 1805 547 2017 613; x_wconf 91' lang='lat' dir='ltr'><strong>timant,</strong></span> <span class='ocrx_word' id='word_1_15' title='bbox 2065 548 2358 618; x_wconf 91' lang='lat' dir='ltr'><strong>ﬁgurarum</strong></span> <span class='ocrx_word' id='word_1_16' title='bbox 2425 546 2783 616; x_wconf 81' lang='lat' dir='ltr'><strong>conceptibns</strong></span> <span class='ocrx_word' id='word_1_17' title='bbox 2840 547 3159 603; x_wconf 87' lang='lat' dir='ltr'><strong>abutuntur.</strong></span> <span class='ocrx_word' id='word_1_18' title='bbox 3216 548 3350 604; x_wconf 85' lang='lat' dir='ltr'><strong>Nam</strong></span> 
     </span>
    </p>
   </div>
   <div class='ocr_carea' id='block_1_6' title="bbox 97 636 1666 717">
    <p class='ocr_par' dir='ltr' id='par_1_6' title="bbox 97 636 1666 717">
     <span class='ocr_line' id='line_1_6' title="bbox 97 636 1666 717; baseline -0.003 -25"><span class='ocrx_word' id='word_1_19' title='bbox 97 644 356 712; x_wconf 82' lang='grc' dir='ltr'><strong>νοήμασι.</strong></span> <span class='ocrx_word' id='word_1_20' title='bbox 405 639 512 693; x_wconf 90' lang='grc' dir='ltr'><strong>Τοῦ</strong></span> <span class='ocrx_word' id='word_1_21' title='bbox 543 639 651 717; x_wconf 66' lang='grc' dir='ltr'>γάρ</span> <span class='ocrx_word' id='word_1_22' title='bbox 699 639 1043 710; x_wconf 84' lang='grc' dir='ltr'>χαρακτῆρος</span> <span class='ocrx_word' id='word_1_23' title='bbox 1092 639 1190 706; x_wconf 80' lang='grc' dir='ltr'><strong>τὴν</strong></span> <span class='ocrx_word' id='word_1_24' title='bbox 1235 637 1530 689; x_wconf 80' lang='grc' dir='ltr'><strong>ὑπόστασιν</strong></span> <span class='ocrx_word' id='word_1_25' title='bbox 1575 636 1666 704; x_wconf 80' lang='grc' dir='ltr'>δη-</span> 
     </span>
    </p>
   </div>
   <div class='ocr_carea' id='block_1_7' title="bbox 97 723 1668 805">
    <p class='ocr_par' dir='ltr' id='par_1_7' title="bbox 97 723 1668 805">
     <span class='ocr_line' id='line_1_7' title="bbox 97 723 1668 805; baseline -0.004 -17"><span class='ocrx_word' id='word_1_26' title='bbox 97 736 338 798; x_wconf 73' lang='grc' dir='ltr'>λοῦντοςο</span> <span class='ocrx_word' id='word_1_27' title='bbox 377 734 531 789; x_wconf 80' lang='grc' dir='ltr'>αὐτοὶ</span> <span class='ocrx_word' id='word_1_28' title='bbox 578 734 678 805; x_wconf 78' lang='grc' dir='ltr'>τὴν</span> <span class='ocrx_word' id='word_1_29' title='bbox 731 733 940 798; x_wconf 87' lang='grc' dir='ltr'>οὐσίαν,</span> <span class='ocrx_word' id='word_1_30' title='bbox 972 733 1090 802; x_wconf 82' lang='grc' dir='ltr'>ἦτοι</span> <span class='ocrx_word' id='word_1_31' title='bbox 1130 731 1230 800; x_wconf 81' lang='grc' dir='ltr'>τὴν</span> <span class='ocrx_word' id='word_1_32' title='bbox 1271 729 1433 800; x_wconf 84' lang='grc' dir='ltr'>ὓλην,</span> <span class='ocrx_word' id='word_1_33' title='bbox 1476 731 1533 780; x_wconf 82' lang='grc' dir='ltr'><strong>ὲν</strong></span> <span class='ocrx_word' id='word_1_34' title='bbox 1641 731 1668 781; x_wconf 88' lang='lat'><strong>6</strong></span> 
     </span>
    </p>
   </div>
   <div class='ocr_carea' id='block_1_8' title="bbox 95 820 1667 899">
    <p class='ocr_par' dir='ltr' id='par_1_8' title="bbox 95 820 1667 899">
     <span class='ocr_line' id='line_1_8' title="bbox 95 820 1667 899; baseline -0.006 -17"><span class='ocrx_word' id='word_1_35' title='bbox 95 827 390 899; x_wconf 76' lang='grc' dir='ltr'>χαρακτὴρ</span> <span class='ocrx_word' id='word_1_36' title='bbox 417 827 827 898; x_wconf 80' lang='grc' dir='ltr'><strong>προσκυνεῖται,</strong></span> <span class='ocrx_word' id='word_1_37' title='bbox 856 824 1181 895; x_wconf 81' lang='grc' dir='ltr'><strong>χαρακτῆρα</strong></span> <span class='ocrx_word' id='word_1_38' title='bbox 1213 820 1499 875; x_wconf 80' lang='grc' dir='ltr'>ὑπέλαϐον.</span> <span class='ocrx_word' id='word_1_39' title='bbox 1539 821 1667 873; x_wconf 82' lang='grc' dir='ltr'><strong>Ἔν-</strong></span> 
     </span>
    </p>
   </div>
   <div class='ocr_carea' id='block_1_9' title="bbox 99 915 1669 992">
    <p class='ocr_par' dir='ltr' id='par_1_9' title="bbox 99 915 1669 992">
     <span class='ocr_line' id='line_1_9' title="bbox 99 915 1669 992; baseline -0.005 -18"><span class='ocrx_word' id='word_1_40' title='bbox 99 922 285 974; x_wconf 87' lang='grc' dir='ltr'>θεντοι</span> <span class='ocrx_word' id='word_1_41' title='bbox 314 921 408 973; x_wconf 64' lang='grc' dir='ltr'><strong>καὶ⁸</strong></span> <span class='ocrx_word' id='word_1_42' title='bbox 439 918 931 992; x_wconf 85' lang='grc' dir='ltr'><strong>παραχρησάμενοι</strong></span> <span class='ocrx_word' id='word_1_43' title='bbox 961 917 1036 986; x_wconf 82' lang='grc' dir='ltr'><strong>τῷ</strong></span> <span class='ocrx_word' id='word_1_44' title='bbox 1061 917 1314 986; x_wconf 81' lang='grc' dir='ltr'>νοήματι,</span> <span class='ocrx_word' id='word_1_45' title='bbox 1339 915 1396 981; x_wconf 75' lang='grc' dir='ltr'>ἐξ</span> <span class='ocrx_word' id='word_1_46' title='bbox 1426 915 1669 982; x_wconf 76' lang='grc' dir='ltr'><strong>ἀνάγκης</strong></span> 
     </span>
    </p>
   </div>
   <div class='ocr_carea' id='block_1_10' title="bbox 94 1004 1669 1083">
    <p class='ocr_par' dir='ltr' id='par_1_10' title="bbox 94 1004 1669 1083">
     <span class='ocr_line' id='line_1_10' title="bbox 94 1004 1669 1083; baseline -0.007 -17"><span class='ocrx_word' id='word_1_47' title='bbox 94 1014 194 1069; x_wconf 73' lang='grc' dir='ltr'><strong>καὶ</strong></span> <span class='ocrx_word' id='word_1_48' title='bbox 220 1013 301 1083; x_wconf 83' lang='grc' dir='ltr'>τῷ</span> <span class='ocrx_word' id='word_1_49' title='bbox 327 1012 612 1083; x_wconf 80' lang='grc' dir='ltr'><strong>πράγματι</strong></span> <span class='ocrx_word' id='word_1_50' title='bbox 640 1012 1076 1081; x_wconf 79' lang='grc' dir='ltr'>παρεχρήσαντο·</span> <span class='ocrx_word' id='word_1_51' title='bbox 1109 1008 1184 1070; x_wconf 85' lang='grc' dir='ltr'>ὡς</span> <span class='ocrx_word' id='word_1_52' title='bbox 1219 1007 1348 1078; x_wconf 82' lang='grc' dir='ltr'>ὓλην</span> <span class='ocrx_word' id='word_1_53' title='bbox 1384 1004 1546 1075; x_wconf 74' lang='grc' dir='ltr'>ψιλὴν</span> <span class='ocrx_word' id='word_1_54' title='bbox 1574 1004 1669 1056; x_wconf 75' lang='grc' dir='ltr'>καὶ</span> 
     </span>
    </p>
   </div>
   <div class='ocr_carea' id='block_1_11' title="bbox 93 1097 1668 1176">
    <p class='ocr_par' dir='ltr' id='par_1_11' title="bbox 93 1097 1668 1176">
     <span class='ocr_line' id='line_1_11' title="bbox 93 1097 1668 1176; baseline -0.007 -17"><span class='ocrx_word' id='word_1_55' title='bbox 93 1106 289 1176; x_wconf 76' lang='grc' dir='ltr'>κωφὴν</span> <span class='ocrx_word' id='word_1_56' title='bbox 316 1107 443 1168; x_wconf 78' lang='grc' dir='ltr'>τοὺς</span> <span class='ocrx_word' id='word_1_57' title='bbox 489 1105 668 1175; x_wconf 78' lang='grc' dir='ltr'>ἱεροὺς</span> <span class='ocrx_word' id='word_1_58' title='bbox 715 1103 1072 1172; x_wconf 83' lang='grc' dir='ltr'><strong>χαρακτῆρας</strong></span> <span class='ocrx_word' id='word_1_59' title='bbox 1114 1099 1345 1161; x_wconf 83' lang='grc' dir='ltr'><strong>ἀναιδῶς</strong></span> <span class='ocrx_word' id='word_1_60' title='bbox 1389 1097 1668 1150; x_wconf 78' lang='grc' dir='ltr'>κατακαύ-</span> 
     </span>
    </p>
   </div>
   <div class='ocr_carea' id='block_1_12' title="bbox 95 1214 311 1259">
    <p class='ocr_par' dir='ltr' id='par_1_12' title="bbox 95 1214 311 1259">
     <span class='ocr_line' id='line_1_12' title="bbox 95 1214 311 1259; baseline -0.005 -9"><span class='ocrx_word' id='word_1_61' title='bbox 95 1214 311 1259; x_wconf 85' lang='grc' dir='ltr'>σαντες.</span> 
     </span>
    </p>
   </div>
   <div class='ocr_carea' id='block_1_13' title="bbox 163 1279 1664 1354">
    <p class='ocr_par' dir='ltr' id='par_1_13' title="bbox 163 1279 1664 1354">
     <span class='ocr_line' id='line_1_13' title="bbox 163 1279 1664 1354; baseline -0.006 -12"><span class='ocrx_word' id='word_1_62' title='bbox 163 1295 236 1342; x_wconf 85' lang='grc' dir='ltr'>κ’.</span> <span class='ocrx_word' id='word_1_63' title='bbox 269 1287 442 1341; x_wconf 85' lang='grc' dir='ltr'>Βλέπε</span> <span class='ocrx_word' id='word_1_64' title='bbox 478 1279 551 1339; x_wconf 76' lang='grc' dir='ltr'><strong>τδ</strong></span> <span class='ocrx_word' id='word_1_65' title='bbox 583 1285 841 1354; x_wconf 81' lang='grc' dir='ltr'>διάφορον</span> <span class='ocrx_word' id='word_1_66' title='bbox 868 1285 966 1354; x_wconf 80' lang='grc' dir='ltr'>τῆς</span> <span class='ocrx_word' id='word_1_67' title='bbox 1000 1282 1178 1352; x_wconf 85' lang='grc' dir='ltr'>λύπης</span> <span class='ocrx_word' id='word_1_68' title='bbox 1205 1284 1300 1336; x_wconf 79' lang='grc' dir='ltr'><strong>καὶ</strong></span> <span class='ocrx_word' id='word_1_69' title='bbox 1328 1282 1425 1351; x_wconf 80' lang='grc' dir='ltr'>τῆς</span> <span class='ocrx_word' id='word_1_70' title='bbox 1452 1281 1664 1349; x_wconf 80' lang='grc' dir='ltr'><strong>ὀδύνης·</strong></span> 
     </span>
    </p>
   </div>
   <div class='ocr_carea' id='block_1_14' title="bbox 90 1373 1664 1449">
    <p class='ocr_par' dir='ltr' id='par_1_14' title="bbox 90 1373 1664 1449">
     <span class='ocr_line' id='line_1_14' title="bbox 90 1373 1664 1449; baseline -0.006 -16"><span class='ocrx_word' id='word_1_71' title='bbox 90 1379 194 1433; x_wconf 67' lang='grc' dir='ltr'><strong>καὶ</strong></span> <span class='ocrx_word' id='word_1_72' title='bbox 227 1380 314 1433; x_wconf 86' lang='grc' dir='ltr'>ὃτι</span> <span class='ocrx_word' id='word_1_73' title='bbox 344 1376 886 1449; x_wconf 80' lang='grc' dir='ltr'>παρακολουθήματά</span> <span class='ocrx_word' id='word_1_74' title='bbox 921 1377 1077 1429; x_wconf 75' lang='grc' dir='ltr'>εἰσιν·</span> <span class='ocrx_word' id='word_1_75' title='bbox 1109 1376 1283 1446; x_wconf 80' lang='grc' dir='ltr'>ἠμὲν,</span> <span class='ocrx_word' id='word_1_76' title='bbox 1325 1374 1426 1442; x_wconf 76' lang='grc' dir='ltr'>τῆς</span> <span class='ocrx_word' id='word_1_77' title='bbox 1456 1373 1664 1444; x_wconf 68' lang='grc' dir='ltr'><strong>ἡδονῆς⁸</strong></span> 
     </span>
    </p>
   </div>
   <div class='ocr_carea' id='block_1_15' title="bbox 86 1469 745 1542">
    <p class='ocr_par' dir='ltr' id='par_1_15' title="bbox 86 1469 745 1542">
     <span class='ocr_line' id='line_1_15' title="bbox 86 1469 745 1542; baseline 0 -18"><span class='ocrx_word' id='word_1_78' title='bbox 86 1474 123 1542; x_wconf 78' lang='grc' dir='ltr'><strong>ἡ</strong></span> <span class='ocrx_word' id='word_1_79' title='bbox 155 1471 238 1536; x_wconf 87' lang='grc' dir='ltr'>δὲ,</span> <span class='ocrx_word' id='word_1_80' title='bbox 279 1472 378 1539; x_wconf 85' lang='grc' dir='ltr'><strong>τῆς</strong></span> <span class='ocrx_word' id='word_1_81' title='bbox 415 1469 745 1536; x_wconf 79' lang='grc' dir='ltr'>κενοδοξίας.</span> 
     </span>
    </p>
   </div>
   <div class='ocr_carea' id='block_1_16' title="bbox 163 1557 1669 1633">
    <p class='ocr_par' dir='ltr' id='par_1_16' title="bbox 163 1557 1669 1633">
     <span class='ocr_line' id='line_1_16' title="bbox 163 1557 1669 1633; baseline -0.005 -15"><span class='ocrx_word' id='word_1_82' title='bbox 163 1571 278 1618; x_wconf 86' lang='grc' dir='ltr'>κα’.</span> <span class='ocrx_word' id='word_1_83' title='bbox 307 1565 494 1632; x_wconf 84' lang='grc' dir='ltr'>Πάσης</span> <span class='ocrx_word' id='word_1_84' title='bbox 533 1564 683 1633; x_wconf 78' lang='grc' dir='ltr'>ἡμᾶς</span> <span class='ocrx_word' id='word_1_85' title='bbox 713 1561 1005 1629; x_wconf 76' lang='grc' dir='ltr'>ἀπολογίας</span> <span class='ocrx_word' id='word_1_86' title='bbox 1053 1559 1324 1614; x_wconf 86' lang='grc' dir='ltr'>ἀποπαύει</span> <span class='ocrx_word' id='word_1_87' title='bbox 1353 1557 1449 1614; x_wconf 88' lang='grc' dir='ltr'><strong>τοῦ</strong></span> <span class='ocrx_word' id='word_1_88' title='bbox 1467 1559 1669 1622; x_wconf 76' lang='grc' dir='ltr'>,ἀποτι-</span> 
     </span>
    </p>
   </div>
   <div class='ocr_carea' id='block_1_17' title="bbox 90 1650 1667 1725">
    <p class='ocr_par' dir='ltr' id='par_1_17' title="bbox 90 1650 1667 1725">
     <span class='ocr_line' id='line_1_17' title="bbox 90 1650 1667 1725; baseline -0.005 -16"><span class='ocrx_word' id='word_1_89' title='bbox 90 1656 247 1710; x_wconf 81' lang='grc' dir='ltr'>θέναι</span> <span class='ocrx_word' id='word_1_90' title='bbox 270 1656 337 1709; x_wconf 85' lang='grc' dir='ltr'><strong>τά</strong></span> <span class='ocrx_word' id='word_1_91' title='bbox 363 1655 642 1725; x_wconf 81' lang='grc' dir='ltr'>χρήματα,</span> <span class='ocrx_word' id='word_1_92' title='bbox 665 1652 733 1706; x_wconf 79' lang='grc' dir='ltr'><strong>τά</strong></span> <span class='ocrx_word' id='word_1_93' title='bbox 762 1652 996 1721; x_wconf 80' lang='grc' dir='ltr'><strong>καθεξῆς</strong></span> <span class='ocrx_word' id='word_1_94' title='bbox 1020 1652 1146 1721; x_wconf 85' lang='grc' dir='ltr'>τρία</span> <span class='ocrx_word' id='word_1_95' title='bbox 1174 1650 1346 1704; x_wconf 87' lang='grc' dir='ltr'>ταῦτα</span> <span class='ocrx_word' id='word_1_96' title='bbox 1373 1650 1667 1718; x_wconf 80' lang='grc' dir='ltr'>κεφάλαια.</span> 
     </span>
    </p>
   </div>
   <div class='ocr_carea' id='block_1_18' title="bbox 163 1827 1664 1905">
    <p class='ocr_par' dir='ltr' id='par_1_18' title="bbox 163 1827 1664 1905">
     <span class='ocr_line' id='line_1_18' title="bbox 163 1827 1664 1905; baseline -0.007 -17"><span class='ocrx_word' id='word_1_97' title='bbox 163 1836 271 1904; x_wconf 78' lang='grc' dir='ltr'>κβ’.</span> <span class='ocrx_word' id='word_1_98' title='bbox 317 1833 586 1905; x_wconf 76' lang='grc' dir='ltr'>Τεχνικὴν</span> <span class='ocrx_word' id='word_1_99' title='bbox 618 1833 829 1901; x_wconf 79' lang='grc' dir='ltr'>σοφίαν,</span> <span class='ocrx_word' id='word_1_100' title='bbox 865 1832 927 1885; x_wconf 84' lang='grc' dir='ltr'><strong>ού</strong></span> <span class='ocrx_word' id='word_1_101' title='bbox 958 1830 1056 1900; x_wconf 80' lang='grc' dir='ltr'><strong>τὴν</strong></span> <span class='ocrx_word' id='word_1_102' title='bbox 1081 1833 1144 1883; x_wconf 79' lang='grc' dir='ltr'><strong>ἐκ</strong></span> <span class='ocrx_word' id='word_1_103' title='bbox 1177 1829 1462 1898; x_wconf 77' lang='grc' dir='ltr'>μαθήσεως</span> <span class='ocrx_word' id='word_1_104' title='bbox 1497 1827 1664 1890; x_wconf 79' lang='grc' dir='ltr'>λέγει,</span> 
     </span>
    </p>
   </div>
   <div class='ocr_carea' id='block_1_19' title="bbox 90 1921 1384 1996">
    <p class='ocr_par' dir='ltr' id='par_1_19' title="bbox 90 1921 1384 1996">
     <span class='ocr_line' id='line_1_19' title="bbox 90 1921 1384 1996; baseline -0.006 -16"><span class='ocrx_word' id='word_1_105' title='bbox 90 1927 234 1981; x_wconf 87' lang='grc' dir='ltr'><strong>ἀλλά</strong></span> <span class='ocrx_word' id='word_1_106' title='bbox 273 1926 373 1996; x_wconf 81' lang='grc' dir='ltr'>τὴν</span> <span class='ocrx_word' id='word_1_107' title='bbox 403 1926 470 1979; x_wconf 73' lang='grc' dir='ltr'>δι’</span> <span class='ocrx_word' id='word_1_108' title='bbox 498 1921 567 1996; x_wconf 83' lang='grc' dir='ltr'>ἦς</span> <span class='ocrx_word' id='word_1_109' title='bbox 592 1926 621 1978; x_wconf 98' lang='lat'><strong>6</strong></span> <span class='ocrx_word' id='word_1_110' title='bbox 645 1924 776 1987; x_wconf 85' lang='grc' dir='ltr'>Θεὸς</span> <span class='ocrx_word' id='word_1_111' title='bbox 817 1924 887 1976; x_wconf 84' lang='grc' dir='ltr'><strong>τά</strong></span> <span class='ocrx_word' id='word_1_112' title='bbox 921 1924 1096 1976; x_wconf 88' lang='grc' dir='ltr'>πάντα</span> <span class='ocrx_word' id='word_1_113' title='bbox 1142 1923 1384 1991; x_wconf 75' lang='grc' dir='ltr'>ἐποίησε.</span> 
     </span>
    </p>
   </div>
   <div class='ocr_carea' id='block_1_20' title="bbox 161 2008 1668 2086">
    <p class='ocr_par' dir='ltr' id='par_1_20' title="bbox 161 2008 1668 2086">
     <span class='ocr_line' id='line_1_20' title="bbox 161 2008 1668 2086; baseline -0.007 -15"><span class='ocrx_word' id='word_1_114' title='bbox 161 2016 272 2086; x_wconf 85' lang='grc' dir='ltr'>κγ’.</span> <span class='ocrx_word' id='word_1_115' title='bbox 306 2018 431 2078; x_wconf 86' lang='grc' dir='ltr'>Τοῖς</span> <span class='ocrx_word' id='word_1_116' title='bbox 457 2015 748 2084; x_wconf 84' lang='grc' dir='ltr'>τέσσαρσιν</span> <span class='ocrx_word' id='word_1_117' title='bbox 771 2014 799 2065; x_wconf 91' lang='lat'><strong>6</strong></span> <span class='ocrx_word' id='word_1_118' title='bbox 850 2011 975 2076; x_wconf 89' lang='grc' dir='ltr'>νοῦς</span> <span class='ocrx_word' id='word_1_119' title='bbox 1011 2029 1110 2082; x_wconf 90' lang='grc' dir='ltr'><strong>μου</strong></span> <span class='ocrx_word' id='word_1_120' title='bbox 1139 2011 1467 2078; x_wconf 84' lang='grc' dir='ltr'>ἀκάθαρτος.</span> <span class='ocrx_word' id='word_1_121' title='bbox 1515 2008 1668 2078; x_wconf 81' lang='grc' dir='ltr'>Ἔχει</span> 
     </span>
    </p>
   </div>
   <div class='ocr_carea' id='block_1_21' title="bbox 84 2102 1669 2173">
    <p class='ocr_par' dir='ltr' id='par_1_21' title="bbox 84 2102 1669 2173">
     <span class='ocr_line' id='line_1_21' title="bbox 84 2102 1669 2173; baseline -0.007 -10"><span class='ocrx_word' id='word_1_122' title='bbox 84 2111 147 2164; x_wconf 76' lang='grc' dir='ltr'><strong>δέ</strong></span> <span class='ocrx_word' id='word_1_123' title='bbox 175 2127 231 2162; x_wconf 87' lang='grc' dir='ltr'>τι</span> <span class='ocrx_word' id='word_1_124' title='bbox 259 2111 355 2162; x_wconf 81' lang='grc' dir='ltr'><strong>καί</strong></span> <span class='ocrx_word' id='word_1_125' title='bbox 377 2108 559 2173; x_wconf 84' lang='grc' dir='ltr'>πλέον,</span> <span class='ocrx_word' id='word_1_126' title='bbox 584 2108 666 2160; x_wconf 84' lang='grc' dir='ltr'>ὃτι</span> <span class='ocrx_word' id='word_1_127' title='bbox 693 2107 787 2159; x_wconf 83' lang='grc' dir='ltr'><strong>καὶ</strong></span> <span class='ocrx_word' id='word_1_128' title='bbox 811 2106 920 2158; x_wconf 87' lang='grc' dir='ltr'><strong>τῶν</strong></span> <span class='ocrx_word' id='word_1_129' title='bbox 946 2104 1123 2159; x_wconf 83' lang='grc' dir='ltr'>ἀλλων</span> <span class='ocrx_word' id='word_1_130' title='bbox 1146 2103 1335 2157; x_wconf 74' lang='grc' dir='ltr'>ἑαυτὸν</span> <span class='ocrx_word' id='word_1_131' title='bbox 1365 2102 1669 2173; x_wconf 77' lang='grc' dir='ltr'>σοφώτερον</span> 
     </span>
    </p>
   </div>
   <div class='ocr_carea' id='block_1_22' title="bbox 83 2201 316 2269">
    <p class='ocr_par' dir='ltr' id='par_1_22' title="bbox 83 2201 316 2269">
     <span class='ocr_line' id='line_1_22' title="bbox 83 2201 316 2269; baseline 0.004 -18"><span class='ocrx_word' id='word_1_132' title='bbox 83 2201 316 2269; x_wconf 68' lang='grc' dir='ltr'>ἥγηται.</span> 
     </span>
    </p>
   </div>
   <div class='ocr_carea' id='block_1_23' title="bbox 169 2303 1668 2375">
    <p class='ocr_par' dir='ltr' id='par_1_23' title="bbox 169 2303 1668 2375">
     <span class='ocr_line' id='line_1_23' title="bbox 169 2303 1668 2375; baseline -0.005 -14"><span class='ocrx_word' id='word_1_133' title='bbox 169 2307 274 2362; x_wconf 85' lang='grc' dir='ltr'>κδ’.</span> <span class='ocrx_word' id='word_1_134' title='bbox 315 2306 581 2361; x_wconf 79' lang='grc' dir='ltr'>Οὐδέποτε</span> <span class='ocrx_word' id='word_1_135' title='bbox 611 2305 646 2375; x_wconf 82' lang='grc' dir='ltr'><strong>ἡ</strong></span> <span class='ocrx_word' id='word_1_136' title='bbox 671 2303 818 2375; x_wconf 80' lang='grc' dir='ltr'>ψυχή</span> <span class='ocrx_word' id='word_1_137' title='bbox 851 2321 954 2374; x_wconf 90' lang='grc' dir='ltr'><strong>μου</strong></span> <span class='ocrx_word' id='word_1_138' title='bbox 978 2303 1124 2358; x_wconf 87' lang='grc' dir='ltr'><strong>κατά</strong></span> <span class='ocrx_word' id='word_1_139' title='bbox 1157 2303 1317 2371; x_wconf 81' lang='grc' dir='ltr'>φύσιν</span> <span class='ocrx_word' id='word_1_140' title='bbox 1349 2304 1668 2373; x_wconf 69' lang='grc' dir='ltr'>ἐνήργησενυ</span> 
     </span>
    </p>
   </div>
   <div class='ocr_carea' id='block_1_24' title="bbox 87 2395 1670 2468">
    <p class='ocr_par' dir='ltr' id='par_1_24' title="bbox 87 2395 1670 2468">
     <span class='ocr_line' id='line_1_24' title="bbox 87 2395 1670 2468; baseline -0.005 -14"><span class='ocrx_word' id='word_1_141' title='bbox 87 2396 262 2467; x_wconf 79' lang='grc' dir='ltr'>οἶδεν,</span> <span class='ocrx_word' id='word_1_142' title='bbox 294 2400 322 2453; x_wconf 91' lang='lat'><strong>6</strong></span> <span class='ocrx_word' id='word_1_143' title='bbox 357 2397 526 2468; x_wconf 83' lang='grc' dir='ltr'>μηδὲν</span> <span class='ocrx_word' id='word_1_144' title='bbox 550 2396 781 2464; x_wconf 82' lang='grc' dir='ltr'>ἀγνοῶν·</span> <span class='ocrx_word' id='word_1_145' title='bbox 821 2396 916 2449; x_wconf 75' lang='grc' dir='ltr'>καὶ</span> <span class='ocrx_word' id='word_1_146' title='bbox 945 2395 1202 2449; x_wconf 75' lang='grc' dir='ltr'>οὐδέποτε</span> <span class='ocrx_word' id='word_1_147' title='bbox 1234 2396 1333 2465; x_wconf 83' lang='grc' dir='ltr'>τῆς</span> <span class='ocrx_word' id='word_1_148' title='bbox 1369 2396 1492 2448; x_wconf 85' lang='grc' dir='ltr'>κατ’</span> <span class='ocrx_word' id='word_1_149' title='bbox 1523 2395 1670 2464; x_wconf 75' lang='grc' dir='ltr'>ἐνέρ-</span> 
     </span>
    </p>
   </div>
   <div class='ocr_carea' id='block_1_25' title="bbox 89 2487 916 2560">
    <p class='ocr_par' dir='ltr' id='par_1_25' title="bbox 89 2487 916 2560">
     <span class='ocr_line' id='line_1_25' title="bbox 89 2487 916 2560; baseline -0.007 -15"><span class='ocrx_word' id='word_1_150' title='bbox 89 2507 254 2560; x_wconf 86' lang='grc' dir='ltr'>γειαν</span> <span class='ocrx_word' id='word_1_151' title='bbox 296 2489 574 2559; x_wconf 86' lang='grc' dir='ltr'>ἁμαρτίας</span> <span class='ocrx_word' id='word_1_152' title='bbox 612 2487 916 2558; x_wconf 77' lang='grc' dir='ltr'>ἠρέμησεν.</span> 
     </span>
    </p>
   </div>
   <div class='ocr_carea' id='block_1_26' title="bbox 167 2666 1675 2738">
    <p class='ocr_par' dir='ltr' id='par_1_26' title="bbox 167 2666 1675 2738">
     <span class='ocr_line' id='line_1_26' title="bbox 167 2666 1675 2738; baseline -0.003 -15"><span class='ocrx_word' id='word_1_153' title='bbox 167 2669 272 2723; x_wconf 85' lang='grc' dir='ltr'>κε’.</span> <span class='ocrx_word' id='word_1_154' title='bbox 306 2668 473 2722; x_wconf 81' lang='grc' dir='ltr'>Ὥστε</span> <span class='ocrx_word' id='word_1_155' title='bbox 505 2667 581 2738; x_wconf 84' lang='grc' dir='ltr'>μὴ</span> <span class='ocrx_word' id='word_1_156' title='bbox 627 2666 717 2720; x_wconf 78' lang='grc' dir='ltr'>διὰ</span> <span class='ocrx_word' id='word_1_157' title='bbox 759 2667 852 2720; x_wconf 82' lang='grc' dir='ltr'><strong>τὸν</strong></span> <span class='ocrx_word' id='word_1_158' title='bbox 899 2667 1133 2738; x_wconf 88' lang='grc' dir='ltr'>Χριστόν</span> <span class='ocrx_word' id='word_1_159' title='bbox 1171 2685 1226 2719; x_wconf 89' lang='grc' dir='ltr'><strong>τι</strong></span> <span class='ocrx_word' id='word_1_160' title='bbox 1273 2666 1574 2728; x_wconf 82' lang='grc' dir='ltr'>ποιοῦντες·</span> <span class='ocrx_word' id='word_1_161' title='bbox 1606 2667 1675 2718; x_wconf 76' lang='grc' dir='ltr'>δι’</span> 
     </span>
    </p>
   </div>
   <div class='ocr_carea' id='block_1_27' title="bbox 90 2759 1669 2830">
    <p class='ocr_par' dir='ltr' id='par_1_27' title="bbox 90 2759 1669 2830">
     <span class='ocr_line' id='line_1_27' title="bbox 90 2759 1669 2830; baseline -0.006 -11"><span class='ocrx_word' id='word_1_162' title='bbox 90 2763 229 2819; x_wconf 71' lang='grc' dir='ltr'>ἄλλο</span> <span class='ocrx_word' id='word_1_163' title='bbox 261 2762 322 2817; x_wconf 81' lang='grc' dir='ltr'><strong>δέ</strong></span> <span class='ocrx_word' id='word_1_164' title='bbox 361 2780 436 2826; x_wconf 91' lang='grc' dir='ltr'><strong>τι,</strong></span> <span class='ocrx_word' id='word_1_165' title='bbox 472 2762 532 2815; x_wconf 85' lang='grc' dir='ltr'><strong>ού</strong></span> <span class='ocrx_word' id='word_1_166' title='bbox 573 2760 850 2830; x_wconf 86' lang='grc' dir='ltr'>δυνάμεθα</span> <span class='ocrx_word' id='word_1_167' title='bbox 889 2759 1290 2830; x_wconf 88' lang='grc' dir='ltr'>προϐάλλεσθαι</span> <span class='ocrx_word' id='word_1_168' title='bbox 1332 2759 1422 2811; x_wconf 74' lang='grc' dir='ltr'>τὸν</span> <span class='ocrx_word' id='word_1_169' title='bbox 1450 2759 1669 2812; x_wconf 85' lang='grc' dir='ltr'>σκοπόν·</span> 
     </span>
    </p>
   </div>
   <div class='ocr_carea' id='block_1_28' title="bbox 92 2851 1672 2924">
    <p class='ocr_par' dir='ltr' id='par_1_28' title="bbox 92 2851 1672 2924">
     <span class='ocr_line' id='line_1_28' title="bbox 92 2851 1672 2924; baseline -0.004 -16"><span class='ocrx_word' id='word_1_170' title='bbox 92 2855 226 2909; x_wconf 74' lang='grc' dir='ltr'>ἐπεὶ</span> <span class='ocrx_word' id='word_1_171' title='bbox 259 2853 416 2924; x_wconf 85' lang='grc' dir='ltr'><strong>παρά</strong></span> <span class='ocrx_word' id='word_1_172' title='bbox 445 2853 537 2907; x_wconf 81' lang='grc' dir='ltr'><strong>τὸν</strong></span> <span class='ocrx_word' id='word_1_173' title='bbox 561 2853 764 2906; x_wconf 85' lang='grc' dir='ltr'>σκοπὸν</span> <span class='ocrx_word' id='word_1_174' title='bbox 781 2851 876 2906; x_wconf 87' lang='grc' dir='ltr'><strong>τοῦ</strong></span> <span class='ocrx_word' id='word_1_175' title='bbox 905 2852 1062 2918; x_wconf 86' lang='grc' dir='ltr'>Θεοῦ,</span> <span class='ocrx_word' id='word_1_176' title='bbox 1090 2854 1184 2905; x_wconf 81' lang='grc' dir='ltr'><strong>καὶ</strong></span> <span class='ocrx_word' id='word_1_177' title='bbox 1223 2851 1364 2905; x_wconf 89' lang='grc' dir='ltr'><strong>κατά</strong></span> <span class='ocrx_word' id='word_1_178' title='bbox 1391 2853 1451 2903; x_wconf 78' lang='grc' dir='ltr'>τὸ</span> <span class='ocrx_word' id='word_1_179' title='bbox 1472 2852 1672 2922; x_wconf 78' lang='grc' dir='ltr'>ἡμέτε-</span> 
     </span>
    </p>
   </div>
   <div class='ocr_carea' id='block_1_29' title="bbox 97 2945 596 3017">
    <p class='ocr_par' dir='ltr' id='par_1_29' title="bbox 97 2945 596 3017">
     <span class='ocr_line' id='line_1_29' title="bbox 97 2945 596 3017; baseline -0.004 -18"><span class='ocrx_word' id='word_1_180' title='bbox 97 2963 198 3016; x_wconf 86' lang='grc' dir='ltr'><strong>ρον</strong></span> <span class='ocrx_word' id='word_1_181' title='bbox 223 2945 596 3017; x_wconf 73' lang='grc' dir='ltr'>ἐργαζόμεθα.</span> 
     </span>
    </p>
   </div>
   <div class='ocr_carea' id='block_1_30' title="bbox 171 3051 1673 3125">
    <p class='ocr_par' dir='ltr' id='par_1_30' title="bbox 171 3051 1673 3125">
     <span class='ocr_line' id='line_1_30' title="bbox 171 3051 1673 3125; baseline -0.001 -17"><span class='ocrx_word' id='word_1_182' title='bbox 171 3063 290 3120; x_wconf 72' lang='grc' dir='ltr'>κςν.</span> <span class='ocrx_word' id='word_1_183' title='bbox 322 3055 388 3108; x_wconf 83' lang='grc' dir='ltr'>Εἰ</span> <span class='ocrx_word' id='word_1_184' title='bbox 433 3053 567 3125; x_wconf 79' lang='grc' dir='ltr'>διψᾷ</span> <span class='ocrx_word' id='word_1_185' title='bbox 587 3070 673 3118; x_wconf 89' lang='grc' dir='ltr'><strong>τις</strong></span> <span class='ocrx_word' id='word_1_186' title='bbox 707 3053 948 3106; x_wconf 85' lang='grc' dir='ltr'>ἀλίσκειν</span> <span class='ocrx_word' id='word_1_187' title='bbox 976 3053 1070 3105; x_wconf 71' lang='grc' dir='ltr'><strong>καὶ</strong></span> <span class='ocrx_word' id='word_1_188' title='bbox 1101 3051 1372 3124; x_wconf 81' lang='grc' dir='ltr'>ἁρπάζειν</span> <span class='ocrx_word' id='word_1_189' title='bbox 1399 3053 1673 3123; x_wconf 77' lang='grc' dir='ltr'>ἀλλότρια,</span> 
     </span>
    </p>
   </div>
   <div class='ocr_carea' id='block_1_31' title="bbox 91 3143 1678 3217">
    <p class='ocr_par' dir='ltr' id='par_1_31' title="bbox 91 3143 1678 3217">
     <span class='ocr_line' id='line_1_31' title="bbox 91 3143 1678 3217; baseline -0.002 -17"><span class='ocrx_word' id='word_1_190' title='bbox 91 3145 127 3201; x_wconf 73' lang='grc' dir='ltr'><strong>ὃ</strong></span> <span class='ocrx_word' id='word_1_191' title='bbox 158 3147 235 3217; x_wconf 86' lang='grc' dir='ltr'>μή</span> <span class='ocrx_word' id='word_1_192' title='bbox 269 3146 392 3199; x_wconf 77' lang='grc' dir='ltr'>ἐστι</span> <span class='ocrx_word' id='word_1_193' title='bbox 422 3144 636 3216; x_wconf 85' lang='grc' dir='ltr'>θέλημα</span> <span class='ocrx_word' id='word_1_194' title='bbox 668 3145 765 3198; x_wconf 87' lang='grc' dir='ltr'><strong>τοῦ</strong></span> <span class='ocrx_word' id='word_1_195' title='bbox 814 3144 971 3212; x_wconf 87' lang='grc' dir='ltr'>Θεοῦ,</span> <span class='ocrx_word' id='word_1_196' title='bbox 1021 3143 1138 3206; x_wconf 91' lang='grc' dir='ltr'><strong>πῶς</strong></span> <span class='ocrx_word' id='word_1_197' title='bbox 1189 3144 1542 3214; x_wconf 78' lang='grc' dir='ltr'>προϐαλείται</span> <span class='ocrx_word' id='word_1_198' title='bbox 1586 3145 1678 3197; x_wconf 82' lang='grc' dir='ltr'><strong>τὸν</strong></span> 
     </span>
    </p>
   </div>
   <div class='ocr_carea' id='block_1_32' title="bbox 1768 639 3352 710">
    <p class='ocr_par' dir='ltr' id='par_1_32' title="bbox 1768 639 3352 710">
     <span class='ocr_line' id='line_1_32' title="bbox 1768 639 3352 710; baseline -0.001 -17"><span class='ocrx_word' id='word_1_199' title='bbox 1768 654 1894 693; x_wconf 91' lang='lat' dir='ltr'><strong>cum</strong></span> <span class='ocrx_word' id='word_1_200' title='bbox 1923 639 2096 710; x_wconf 88' lang='lat' dir='ltr'><strong>ﬁgura</strong></span> <span class='ocrx_word' id='word_1_201' title='bbox 2133 656 2227 694; x_wconf 90' lang='lat' dir='ltr'><strong>seu</strong></span> <span class='ocrx_word' id='word_1_202' title='bbox 2259 641 2543 694; x_wconf 88' lang='lat' dir='ltr'><strong>character</strong></span> <span class='ocrx_word' id='word_1_203' title='bbox 2587 654 2879 708; x_wconf 83' lang='lat' dir='ltr'><strong>personam</strong></span> <span class='ocrx_word' id='word_1_204' title='bbox 2909 640 3212 710; x_wconf 88' lang='lat' dir='ltr'><strong>signiﬁcet,</strong></span> <span class='ocrx_word' id='word_1_205' title='bbox 3246 639 3352 709; x_wconf 84' lang='lat' dir='ltr'><strong>ipsi</strong></span> 
     </span>
    </p>
   </div>
   <div class='ocr_carea' id='block_1_33' title="bbox 1769 730 3345 802">
    <p class='ocr_par' dir='ltr' id='par_1_33' title="bbox 1769 730 3345 802">
     <span class='ocr_line' id='line_1_33' title="bbox 1769 730 3345 802; baseline -0.001 -19"><span class='ocrx_word' id='word_1_206' title='bbox 1769 730 2127 784; x_wconf 89' lang='lat' dir='ltr'><strong>substantiam</strong></span> <span class='ocrx_word' id='word_1_207' title='bbox 2192 731 2282 801; x_wconf 91' lang='lat' dir='ltr'><strong>(id</strong></span> <span class='ocrx_word' id='word_1_208' title='bbox 2338 739 2458 795; x_wconf 90' lang='lat' dir='ltr'><strong>est,</strong></span> <span class='ocrx_word' id='word_1_209' title='bbox 2517 733 2844 800; x_wconf 90' lang='lat' dir='ltr'><strong>materiam)</strong></span> <span class='ocrx_word' id='word_1_210' title='bbox 2895 732 2949 786; x_wconf 93' lang='lat' dir='ltr'><strong>in</strong></span> <span class='ocrx_word' id='word_1_211' title='bbox 3005 747 3114 800; x_wconf 88' lang='lat' dir='ltr'><strong>qua</strong></span> <span class='ocrx_word' id='word_1_212' title='bbox 3171 730 3345 802; x_wconf 81' lang='lat' dir='ltr'><strong>ﬁgura</strong></span> 
     </span>
    </p>
   </div>
   <div class='ocr_carea' id='block_1_34' title="bbox 1771 820 3352 892">
    <p class='ocr_par' dir='ltr' id='par_1_34' title="bbox 1771 820 3352 892">
     <span class='ocr_line' id='line_1_34' title="bbox 1771 820 3352 892; baseline 0 -18"><span class='ocrx_word' id='word_1_213' title='bbox 1771 820 2051 887; x_wconf 89' lang='lat' dir='ltr'><strong>adoratur,</strong></span> <span class='ocrx_word' id='word_1_214' title='bbox 2110 822 2338 892; x_wconf 91' lang='lat' dir='ltr'><strong>ﬁguram</strong></span> <span class='ocrx_word' id='word_1_215' title='bbox 2393 822 2870 878; x_wconf 90' lang='lat' dir='ltr'><strong>existimaverunt.</strong></span> <span class='ocrx_word' id='word_1_216' title='bbox 2923 823 3173 891; x_wconf 81' lang='lat' dir='ltr'><strong>Ilincquc</strong></span> <span class='ocrx_word' id='word_1_217' title='bbox 3213 821 3352 875; x_wconf 90' lang='lat' dir='ltr'><strong>adeo</strong></span> 
     </span>
    </p>
   </div>
   <div class='ocr_carea' id='block_1_35' title="bbox 1769 914 3352 984">
    <p class='ocr_par' dir='ltr' id='par_1_35' title="bbox 1769 914 3352 984">
     <span class='ocr_line' id='line_1_35' title="bbox 1769 914 3352 984; baseline -0.003 -16"><span class='ocrx_word' id='word_1_218' title='bbox 1769 922 2064 984; x_wconf 88' lang='lat' dir='ltr'><strong>conceptu,</strong></span> <span class='ocrx_word' id='word_1_219' title='bbox 2113 914 2304 984; x_wconf 86' lang='lat' dir='ltr'><strong>reique</strong></span> <span class='ocrx_word' id='word_1_220' title='bbox 2371 915 2598 970; x_wconf 87' lang='lat' dir='ltr'><strong>notione</strong></span> <span class='ocrx_word' id='word_1_221' title='bbox 2649 914 2963 979; x_wconf 85' lang='lat' dir='ltr'><strong>abutentes,</strong></span> <span class='ocrx_word' id='word_1_222' title='bbox 3039 914 3352 969; x_wconf 88' lang='lat' dir='ltr'><strong>necessario</strong></span> 
     </span>
    </p>
   </div>
   <div class='ocr_carea' id='block_1_36' title="bbox 1768 1005 3350 1077">
    <p class='ocr_par' dir='ltr' id='par_1_36' title="bbox 1768 1005 3350 1077">
     <span class='ocr_line' id='line_1_36' title="bbox 1768 1005 3350 1077; baseline -0.002 -17"><span class='ocrx_word' id='word_1_223' title='bbox 1768 1005 1933 1060; x_wconf 86' lang='lat' dir='ltr'><strong>etiam</strong></span> <span class='ocrx_word' id='word_1_224' title='bbox 1967 1007 2150 1077; x_wconf 84' lang='lat' dir='ltr'><strong>reipsa</strong></span> <span class='ocrx_word' id='word_1_225' title='bbox 2190 1005 2347 1060; x_wconf 80' lang='lat' dir='ltr'><strong>abusi</strong></span> <span class='ocrx_word' id='word_1_226' title='bbox 2406 1015 2572 1070; x_wconf 89' lang='lat' dir='ltr'><strong>sunt;</strong></span> <span class='ocrx_word' id='word_1_227' title='bbox 2605 1006 2680 1060; x_wconf 90' lang='lat' dir='ltr'><strong>ita</strong></span> <span class='ocrx_word' id='word_1_228' title='bbox 2734 1006 2996 1060; x_wconf 89' lang='lat' dir='ltr'><strong>nimirum</strong></span> <span class='ocrx_word' id='word_1_229' title='bbox 3055 1015 3114 1058; x_wconf 92' lang='lat' dir='ltr'><strong>ut</strong></span> <span class='ocrx_word' id='word_1_230' title='bbox 3151 1005 3350 1058; x_wconf 89' lang='lat' dir='ltr'><strong>nudam</strong></span> 
     </span>
    </p>
   </div>
   <div class='ocr_carea' id='block_1_37' title="bbox 1772 1097 3409 1169">
    <p class='ocr_par' dir='ltr' id='par_1_37' title="bbox 1772 1097 3409 1169">
     <span class='ocr_line' id='line_1_37' title="bbox 1772 1097 3409 1169; baseline -0.001 -19"><span class='ocrx_word' id='word_1_231' title='bbox 1772 1109 2087 1168; x_wconf 88' lang='lat' dir='ltr'><strong>mutamque</strong></span> <span class='ocrx_word' id='word_1_232' title='bbox 2151 1099 2438 1153; x_wconf 83' lang='lat' dir='ltr'><strong>materiam</strong></span> <span class='ocrx_word' id='word_1_233' title='bbox 2474 1114 2655 1152; x_wconf 87' lang='lat' dir='ltr'><strong>sacras</strong></span> <span class='ocrx_word' id='word_1_234' title='bbox 2708 1099 2907 1169; x_wconf 88' lang='lat' dir='ltr'><strong>ﬁguras</strong></span> <span class='ocrx_word' id='word_1_235' title='bbox 2954 1116 3016 1153; x_wconf 89' lang='lat' dir='ltr'><strong>ac</strong></span> <span class='ocrx_word' id='word_1_236' title='bbox 3085 1097 3361 1166; x_wconf 56' lang='lat' dir='ltr'><strong>imagines,</strong></span> <span class='ocrx_word' id='word_1_237' title='bbox 3406 1145 3409 1147; x_wconf 92' lang='lat'><em>_</em></span> 
     </span>
    </p>
   </div>
   <div class='ocr_carea' id='block_1_38' title="bbox 1771 1193 2945 1265">
    <p class='ocr_par' dir='ltr' id='par_1_38' title="bbox 1771 1193 2945 1265">
     <span class='ocr_line' id='line_1_38' title="bbox 1771 1193 2945 1265; baseline 0.004 -20"><span class='ocrx_word' id='word_1_238' title='bbox 1771 1193 2119 1262; x_wconf 87' lang='lat' dir='ltr'><strong>impudenter</strong></span> <span class='ocrx_word' id='word_1_239' title='bbox 2149 1195 2258 1264; x_wconf 86' lang='lat' dir='ltr'><strong>igni</strong></span> <span class='ocrx_word' id='word_1_240' title='bbox 2281 1195 2580 1250; x_wconf 85' lang='lat' dir='ltr'><strong>abolendas</strong></span> <span class='ocrx_word' id='word_1_241' title='bbox 2611 1197 2945 1265; x_wconf 74' lang='lat' dir='ltr'><strong>putaverint.</strong></span> 
     </span>
    </p>
   </div>
   <div class='ocr_carea' id='block_1_39' title="bbox 1840 1285 3353 1354">
    <p class='ocr_par' dir='ltr' id='par_1_39' title="bbox 1840 1285 3353 1354">
     <span class='ocr_line' id='line_1_39' title="bbox 1840 1285 3353 1354; baseline 0.003 -16"><span class='ocrx_word' id='word_1_242' title='bbox 1840 1285 1930 1338; x_wconf 90' lang='grc'><strong>20.</strong></span> <span class='ocrx_word' id='word_1_243' title='bbox 1965 1286 2099 1340; x_wconf 81' lang='lat' dir='ltr'><strong>Vide</strong></span> <span class='ocrx_word' id='word_1_244' title='bbox 2132 1285 2428 1340; x_wconf 87' lang='lat' dir='ltr'><strong>discrimen</strong></span> <span class='ocrx_word' id='word_1_245' title='bbox 2459 1288 2604 1340; x_wconf 91' lang='lat' dir='ltr'><strong>inter</strong></span> <span class='ocrx_word' id='word_1_246' title='bbox 2634 1289 2914 1342; x_wconf 75' lang='lat' dir='ltr'><strong>tristitiam</strong></span> <span class='ocrx_word' id='word_1_247' title='bbox 2954 1299 3011 1342; x_wconf 87' lang='lat' dir='ltr'><strong>et</strong></span> <span class='ocrx_word' id='word_1_248' title='bbox 3061 1290 3306 1344; x_wconf 83' lang='lat' dir='ltr'><strong>dolorem</strong></span> <span class='ocrx_word' id='word_1_249' title='bbox 3336 1306 3353 1354; x_wconf 91' lang='lat'><strong>;</strong></span> 
     </span>
    </p>
   </div>
   <div class='ocr_carea' id='block_1_40' title="bbox 1771 1376 3357 1448">
    <p class='ocr_par' dir='ltr' id='par_1_40' title="bbox 1771 1376 3357 1448">
     <span class='ocr_line' id='line_1_40' title="bbox 1771 1376 3357 1448; baseline 0.003 -20"><span class='ocrx_word' id='word_1_250' title='bbox 1771 1376 2031 1445; x_wconf 88' lang='lat' dir='ltr'><strong>quodque</strong></span> <span class='ocrx_word' id='word_1_251' title='bbox 2059 1376 2210 1430; x_wconf 87' lang='lat' dir='ltr'><strong>velut</strong></span> <span class='ocrx_word' id='word_1_252' title='bbox 2259 1377 2612 1447; x_wconf 83' lang='lat' dir='ltr'><strong>appendices,</strong></span> <span class='ocrx_word' id='word_1_253' title='bbox 2639 1379 2807 1435; x_wconf 84' lang='lat' dir='ltr'><strong>altera</strong></span> <span class='ocrx_word' id='word_1_254' title='bbox 2842 1379 3161 1448; x_wconf 80' lang='lat' dir='ltr'><strong>voluptatis,</strong></span> <span class='ocrx_word' id='word_1_255' title='bbox 3217 1379 3357 1434; x_wconf 88' lang='lat' dir='ltr'><strong>alter</strong></span> 
     </span>
    </p>
   </div>
   <div class='ocr_carea' id='block_1_41' title="bbox 1769 1466 2327 1533">
    <p class='ocr_par' dir='ltr' id='par_1_41' title="bbox 1769 1466 2327 1533">
     <span class='ocr_line' id='line_1_41' title="bbox 1769 1466 2327 1533; baseline 0 -14"><span class='ocrx_word' id='word_1_256' title='bbox 1769 1467 1949 1521; x_wconf 84' lang='lat' dir='ltr'><strong>inanis</strong></span> <span class='ocrx_word' id='word_1_257' title='bbox 1974 1466 2160 1533; x_wconf 68' lang='lat' dir='ltr'><strong>gloria:</strong></span> <span class='ocrx_word' id='word_1_258' title='bbox 2195 1467 2327 1521; x_wconf 87' lang='lat' dir='ltr'><strong>sint.</strong></span> 
     </span>
    </p>
   </div>
   <div class='ocr_carea' id='block_1_42' title="bbox 1837 1557 3357 1630">
    <p class='ocr_par' dir='ltr' id='par_1_42' title="bbox 1837 1557 3357 1630">
     <span class='ocr_line' id='line_1_42' title="bbox 1837 1557 3357 1630; baseline 0.001 -18"><span class='ocrx_word' id='word_1_259' title='bbox 1837 1559 1927 1612; x_wconf 84' lang='grc'><strong>21.</strong></span> <span class='ocrx_word' id='word_1_260' title='bbox 1971 1557 2201 1613; x_wconf 89' lang='lat' dir='ltr'><strong>Omnem</strong></span> <span class='ocrx_word' id='word_1_261' title='bbox 2237 1559 2400 1614; x_wconf 90' lang='lat' dir='ltr'><strong>nobis</strong></span> <span class='ocrx_word' id='word_1_262' title='bbox 2423 1559 2696 1617; x_wconf 71' lang='lat' dir='ltr'><strong>adimunt.</strong></span> <span class='ocrx_word' id='word_1_263' title='bbox 2742 1561 3156 1614; x_wconf 82' lang='lat' dir='ltr'><strong>excusationem</strong></span> <span class='ocrx_word' id='word_1_264' title='bbox 3222 1562 3357 1630; x_wconf 85' lang='lat' dir='ltr'><strong>quin</strong></span> 
     </span>
    </p>
   </div>
   <div class='ocr_carea' id='block_1_43' title="bbox 1769 1650 3360 1720">
    <p class='ocr_par' dir='ltr' id='par_1_43' title="bbox 1769 1650 3360 1720">
     <span class='ocr_line' id='line_1_43' title="bbox 1769 1650 3360 1720; baseline 0.001 -16"><span class='ocrx_word' id='word_1_265' title='bbox 1769 1650 2031 1719; x_wconf 88' lang='lat' dir='ltr'><strong>pecunias</strong></span> <span class='ocrx_word' id='word_1_266' title='bbox 2085 1650 2433 1720; x_wconf 88' lang='lat' dir='ltr'><strong>abjiciamus,</strong></span> <span class='ocrx_word' id='word_1_267' title='bbox 2494 1667 2615 1720; x_wconf 82' lang='lat' dir='ltr'><strong>quae</strong></span> <span class='ocrx_word' id='word_1_268' title='bbox 2699 1660 3010 1720; x_wconf 87' lang='lat' dir='ltr'><strong>sequuntur</strong></span> <span class='ocrx_word' id='word_1_269' title='bbox 3081 1652 3181 1705; x_wconf 88' lang='lat' dir='ltr'><strong>tria</strong></span> <span class='ocrx_word' id='word_1_270' title='bbox 3246 1652 3360 1706; x_wconf 70' lang='lat' dir='ltr'><strong>haec</strong></span> 
     </span>
    </p>
   </div>
   <div class='ocr_carea' id='block_1_44' title="bbox 1785 1741 1979 1810">
    <p class='ocr_par' dir='ltr' id='par_1_44' title="bbox 1785 1741 1979 1810">
     <span class='ocr_line' id='line_1_44' title="bbox 1785 1741 1979 1810; baseline 0.005 -16"><span class='ocrx_word' id='word_1_271' title='bbox 1785 1741 1979 1810; x_wconf 87' lang='lat' dir='ltr'><strong>capita.</strong></span> 
     </span>
    </p>
   </div>
   <div class='ocr_carea' id='block_1_45' title="bbox 1839 1832 3360 1902">
    <p class='ocr_par' dir='ltr' id='par_1_45' title="bbox 1839 1832 3360 1902">
     <span class='ocr_line' id='line_1_45' title="bbox 1839 1832 3360 1902; baseline -0.003 -16"><span class='ocrx_word' id='word_1_272' title='bbox 1839 1835 1930 1887; x_wconf 82' lang='grc'><strong>22.</strong></span> <span class='ocrx_word' id='word_1_273' title='bbox 1985 1832 2340 1888; x_wconf 88' lang='lat' dir='ltr'><strong>Artiﬁcialem</strong></span> <span class='ocrx_word' id='word_1_274' title='bbox 2374 1832 2696 1902; x_wconf 78' lang='lat' dir='ltr'><strong>sapientiam</strong></span> <span class='ocrx_word' id='word_1_275' title='bbox 2729 1841 2908 1894; x_wconf 84' lang='lat' dir='ltr'><strong>vocat,</strong></span> <span class='ocrx_word' id='word_1_276' title='bbox 2959 1848 3070 1886; x_wconf 89' lang='lat' dir='ltr'><strong>non</strong></span> <span class='ocrx_word' id='word_1_277' title='bbox 3121 1848 3242 1902; x_wconf 86' lang='lat' dir='ltr'><strong>quae</strong></span> <span class='ocrx_word' id='word_1_278' title='bbox 3293 1846 3360 1884; x_wconf 87' lang='lat' dir='ltr'><strong>cx</strong></span> 
     </span>
    </p>
   </div>
   <div class='ocr_carea' id='block_1_46' title="bbox 1775 1922 3282 1994">
    <p class='ocr_par' dir='ltr' id='par_1_46' title="bbox 1775 1922 3282 1994">
     <span class='ocr_line' id='line_1_46' title="bbox 1775 1922 3282 1994; baseline -0.001 -16"><span class='ocrx_word' id='word_1_279' title='bbox 1775 1925 2059 1994; x_wconf 84' lang='lat' dir='ltr'><strong>disciplina</strong></span> <span class='ocrx_word' id='word_1_280' title='bbox 2089 1925 2344 1987; x_wconf 88' lang='lat' dir='ltr'><strong>habetur,</strong></span> <span class='ocrx_word' id='word_1_281' title='bbox 2374 1924 2470 1976; x_wconf 88' lang='lat' dir='ltr'><strong>sed</strong></span> <span class='ocrx_word' id='word_1_282' title='bbox 2498 1939 2603 1992; x_wconf 90' lang='lat' dir='ltr'><strong>qua</strong></span> <span class='ocrx_word' id='word_1_283' title='bbox 2642 1924 2784 1976; x_wconf 83' lang='lat' dir='ltr'><strong>Deus</strong></span> <span class='ocrx_word' id='word_1_284' title='bbox 2806 1922 3054 1978; x_wconf 88' lang='lat' dir='ltr'><strong>condidit</strong></span> <span class='ocrx_word' id='word_1_285' title='bbox 3079 1925 3282 1978; x_wconf 88' lang='lat' dir='ltr'><strong>omnia.</strong></span> 
     </span>
    </p>
   </div>
   <div class='ocr_carea' id='block_1_47' title="bbox 1843 2015 3355 2087">
    <p class='ocr_par' dir='ltr' id='par_1_47' title="bbox 1843 2015 3355 2087">
     <span class='ocr_line' id='line_1_47' title="bbox 1843 2015 3355 2087; baseline -0.003 -13"><span class='ocrx_word' id='word_1_286' title='bbox 1843 2021 1933 2074; x_wconf 83' lang='grc'><strong>25.</strong></span> <span class='ocrx_word' id='word_1_287' title='bbox 1967 2017 2320 2087; x_wconf 87' lang='lat' dir='ltr'><strong>Quadruplici</strong></span> <span class='ocrx_word' id='word_1_288' title='bbox 2369 2032 2432 2071; x_wconf 88' lang='lat' dir='ltr'><strong>ea</strong></span> <span class='ocrx_word' id='word_1_289' title='bbox 2486 2017 2606 2070; x_wconf 88' lang='lat' dir='ltr'><strong>labe</strong></span> <span class='ocrx_word' id='word_1_290' title='bbox 2643 2031 2798 2070; x_wconf 91' lang='lat' dir='ltr'><strong>mens</strong></span> <span class='ocrx_word' id='word_1_291' title='bbox 2843 2031 2960 2069; x_wconf 91' lang='lat' dir='ltr'><strong>mea</strong></span> <span class='ocrx_word' id='word_1_292' title='bbox 3010 2015 3222 2084; x_wconf 86' lang='lat' dir='ltr'><strong>impura</strong></span> <span class='ocrx_word' id='word_1_293' title='bbox 3253 2025 3355 2070; x_wconf 81' lang='lat' dir='ltr'><strong>est.</strong></span> 
     </span>
    </p>
   </div>
   <div class='ocr_carea' id='block_1_48' title="bbox 1775 2107 3359 2180">
    <p class='ocr_par' dir='ltr' id='par_1_48' title="bbox 1775 2107 3359 2180">
     <span class='ocr_line' id='line_1_48' title="bbox 1775 2107 3359 2180; baseline -0.005 -12"><span class='ocrx_word' id='word_1_294' title='bbox 1775 2113 1917 2180; x_wconf 87' lang='lat' dir='ltr'><strong>Quin</strong></span> <span class='ocrx_word' id='word_1_295' title='bbox 1943 2121 1998 2165; x_wconf 92' lang='lat' dir='ltr'><strong>et</strong></span> <span class='ocrx_word' id='word_1_296' title='bbox 2027 2111 2175 2164; x_wconf 84' lang='lat' dir='ltr'><strong>aliud</strong></span> <span class='ocrx_word' id='word_1_297' title='bbox 2208 2109 2340 2179; x_wconf 89' lang='lat' dir='ltr'><strong>quid</strong></span> <span class='ocrx_word' id='word_1_298' title='bbox 2363 2110 2599 2178; x_wconf 89' lang='lat' dir='ltr'><strong>amplius</strong></span> <span class='ocrx_word' id='word_1_299' title='bbox 2619 2109 2804 2166; x_wconf 82' lang='lat' dir='ltr'><strong>habet,</strong></span> <span class='ocrx_word' id='word_1_300' title='bbox 2835 2107 2981 2178; x_wconf 91' lang='lat' dir='ltr'><strong>quod</strong></span> <span class='ocrx_word' id='word_1_301' title='bbox 3033 2116 3091 2162; x_wconf 89' lang='lat' dir='ltr'><strong>et</strong></span> <span class='ocrx_word' id='word_1_302' title='bbox 3131 2107 3359 2176; x_wconf 86' lang='lat' dir='ltr'><strong>reliquis</strong></span> 
     </span>
    </p>
   </div>
   <div class='ocr_carea' id='block_1_49' title="bbox 1778 2200 2862 2276">
    <p class='ocr_par' dir='ltr' id='par_1_49' title="bbox 1778 2200 2862 2276">
     <span class='ocr_line' id='line_1_49' title="bbox 1778 2200 2862 2276; baseline -0.007 -17"><span class='ocrx_word' id='word_1_303' title='bbox 1778 2207 2043 2276; x_wconf 87' lang='lat' dir='ltr'><strong>majorem</strong></span> <span class='ocrx_word' id='word_1_304' title='bbox 2075 2202 2179 2258; x_wconf 89' lang='lat' dir='ltr'><strong>sibi</strong></span> <span class='ocrx_word' id='word_1_305' title='bbox 2208 2201 2532 2271; x_wconf 88' lang='lat' dir='ltr'><strong>sapientiam</strong></span> <span class='ocrx_word' id='word_1_306' title='bbox 2564 2200 2862 2270; x_wconf 86' lang='lat' dir='ltr'><strong>arrogavit.</strong></span> 
     </span>
    </p>
   </div>
   <div class='ocr_carea' id='block_1_50' title="bbox 1847 2309 3361 2384">
    <p class='ocr_par' dir='ltr' id='par_1_50' title="bbox 1847 2309 3361 2384">
     <span class='ocr_line' id='line_1_50' title="bbox 1847 2309 3361 2384; baseline -0.003 -15"><span class='ocrx_word' id='word_1_307' title='bbox 1847 2316 1937 2370; x_wconf 60' lang='grc'><strong>24.</strong></span> <span class='ocrx_word' id='word_1_308' title='bbox 1985 2316 2276 2384; x_wconf 81' lang='lat' dir='ltr'><strong>Nunquam</strong></span> <span class='ocrx_word' id='word_1_309' title='bbox 2323 2313 2504 2367; x_wconf 92' lang='lat' dir='ltr'><strong>anima</strong></span> <span class='ocrx_word' id='word_1_310' title='bbox 2546 2327 2667 2366; x_wconf 88' lang='lat' dir='ltr'><strong>mea</strong></span> <span class='ocrx_word' id='word_1_311' title='bbox 2713 2319 2936 2381; x_wconf 87' lang='lat' dir='ltr'><strong>operata</strong></span> <span class='ocrx_word' id='word_1_312' title='bbox 2984 2319 3103 2374; x_wconf 91' lang='lat' dir='ltr'><strong>est,</strong></span> <span class='ocrx_word' id='word_1_313' title='bbox 3165 2317 3227 2364; x_wconf 91' lang='lat' dir='ltr'><strong>ut</strong></span> <span class='ocrx_word' id='word_1_314' title='bbox 3280 2309 3361 2364; x_wconf 90' lang='lat' dir='ltr'><strong>illi</strong></span> 
     </span>
    </p>
   </div>
   <div class='ocr_carea' id='block_1_51' title="bbox 1778 2399 3374 2473">
    <p class='ocr_par' dir='ltr' id='par_1_51' title="bbox 1778 2399 3374 2473">
     <span class='ocr_line' id='line_1_51' title="bbox 1778 2399 3374 2473; baseline -0.004 -13"><span class='ocrx_word' id='word_1_315' title='bbox 1778 2423 1844 2460; x_wconf 83' lang='lat' dir='ltr'><strong>ex</strong></span> <span class='ocrx_word' id='word_1_316' title='bbox 1868 2415 2060 2459; x_wconf 89' lang='lat' dir='ltr'><strong>natura</strong></span> <span class='ocrx_word' id='word_1_317' title='bbox 2083 2413 2462 2473; x_wconf 90' lang='lat' dir='ltr'><strong>comparatum</strong></span> <span class='ocrx_word' id='word_1_318' title='bbox 2491 2411 2575 2456; x_wconf 89' lang='lat' dir='ltr'><strong>est</strong></span> <span class='ocrx_word' id='word_1_319' title='bbox 2606 2420 2619 2454; x_wconf 93' lang='lat'>:</span> <span class='ocrx_word' id='word_1_320' title='bbox 2673 2401 2956 2470; x_wconf 88' lang='lat' dir='ltr'><strong>novitque,</strong></span> <span class='ocrx_word' id='word_1_321' title='bbox 3004 2413 3168 2469; x_wconf 90' lang='lat' dir='ltr'><strong>quem</strong></span> <span class='ocrx_word' id='word_1_322' title='bbox 3207 2399 3374 2453; x_wconf 54' lang='lat' dir='ltr'><strong>nulla;</strong></span> 
     </span>
    </p>
   </div>
   <div class='ocr_carea' id='block_1_52' title="bbox 1783 2487 3363 2559">
    <p class='ocr_par' dir='ltr' id='par_1_52' title="bbox 1783 2487 3363 2559">
     <span class='ocr_line' id='line_1_52' title="bbox 1783 2487 3363 2559; baseline -0.002 -14"><span class='ocrx_word' id='word_1_323' title='bbox 1783 2509 1870 2547; x_wconf 83' lang='lat' dir='ltr'><strong>res</strong></span> <span class='ocrx_word' id='word_1_324' title='bbox 1901 2493 2030 2547; x_wconf 86' lang='lat' dir='ltr'><strong>latet</strong></span> <span class='ocrx_word' id='word_1_325' title='bbox 2066 2510 2078 2544; x_wconf 93' lang='lat'>:</span> <span class='ocrx_word' id='word_1_326' title='bbox 2132 2507 2197 2545; x_wconf 92' lang='lat' dir='ltr'><strong>ac</strong></span> <span class='ocrx_word' id='word_1_327' title='bbox 2236 2492 2446 2546; x_wconf 87' lang='lat' dir='ltr'><strong>nullum</strong></span> <span class='ocrx_word' id='word_1_328' title='bbox 2478 2499 2601 2544; x_wconf 89' lang='lat' dir='ltr'><strong>actu</strong></span> <span class='ocrx_word' id='word_1_329' title='bbox 2650 2488 2912 2559; x_wconf 87' lang='lat' dir='ltr'><strong>peccandi</strong></span> <span class='ocrx_word' id='word_1_330' title='bbox 2947 2503 3186 2557; x_wconf 86' lang='lat' dir='ltr'><strong>unquam</strong></span> <span class='ocrx_word' id='word_1_331' title='bbox 3227 2487 3363 2542; x_wconf 82' lang='lat' dir='ltr'><strong>fecit</strong></span> 
     </span>
    </p>
   </div>
   <div class='ocr_carea' id='block_1_53' title="bbox 1782 2588 1965 2640">
    <p class='ocr_par' dir='ltr' id='par_1_53' title="bbox 1782 2588 1965 2640">
     <span class='ocr_line' id='line_1_53' title="bbox 1782 2588 1965 2640; baseline -0.011 -1"><span class='ocrx_word' id='word_1_332' title='bbox 1782 2588 1813 2640; x_wconf 88' lang='lat' dir='ltr'><strong>ﬁ</strong></span> <span class='ocrx_word' id='word_1_333' title='bbox 1822 2603 1941 2640; x_wconf 90' lang='lat' dir='ltr'><strong>nem</strong></span> <span class='ocrx_word' id='word_1_334' title='bbox 1953 2626 1965 2637; x_wconf 94' lang='lat'><strong>.</strong></span> 
     </span>
    </p>
   </div>
   <div class='ocr_carea' id='block_1_54' title="bbox 1852 2671 3361 2745">
    <p class='ocr_par' dir='ltr' id='par_1_54' title="bbox 1852 2671 3361 2745">
     <span class='ocr_line' id='line_1_54' title="bbox 1852 2671 3361 2745; baseline -0.005 -13"><span class='ocrx_word' id='word_1_335' title='bbox 1852 2679 1944 2732; x_wconf 78' lang='grc'><strong>25.</strong></span> <span class='ocrx_word' id='word_1_336' title='bbox 1978 2677 2186 2732; x_wconf 79' lang='lat' dir='ltr'><strong>Idcirco</strong></span> <span class='ocrx_word' id='word_1_337' title='bbox 2212 2691 2321 2730; x_wconf 90' lang='lat' dir='ltr'><strong>non</strong></span> <span class='ocrx_word' id='word_1_338' title='bbox 2345 2683 2570 2745; x_wconf 90' lang='lat' dir='ltr'><strong>propter</strong></span> <span class='ocrx_word' id='word_1_339' title='bbox 2593 2674 2878 2730; x_wconf 89' lang='lat' dir='ltr'><strong>Christum</strong></span> <span class='ocrx_word' id='word_1_340' title='bbox 2915 2671 3121 2742; x_wconf 89' lang='lat' dir='ltr'><strong>aliquid</strong></span> <span class='ocrx_word' id='word_1_341' title='bbox 3151 2671 3361 2726; x_wconf 78' lang='lat' dir='ltr'><strong>facien-</strong></span> 
     </span>
    </p>
   </div>
   <div class='ocr_carea' id='block_1_55' title="bbox 1784 2763 3365 2838">
    <p class='ocr_par' dir='ltr' id='par_1_55' title="bbox 1784 2763 3365 2838">
     <span class='ocr_line' id='line_1_55' title="bbox 1784 2763 3365 2838; baseline -0.004 -14"><span class='ocrx_word' id='word_1_342' title='bbox 1784 2781 1884 2832; x_wconf 89' lang='lat' dir='ltr'><strong>tes,</strong></span> <span class='ocrx_word' id='word_1_343' title='bbox 1927 2769 2024 2824; x_wconf 83' lang='lat' dir='ltr'><strong>sed</strong></span> <span class='ocrx_word' id='word_1_344' title='bbox 2056 2770 2126 2822; x_wconf 88' lang='lat' dir='ltr'><strong>ob</strong></span> <span class='ocrx_word' id='word_1_345' title='bbox 2155 2768 2364 2838; x_wconf 77' lang='lat' dir='ltr'><strong>aliquid</strong></span> <span class='ocrx_word' id='word_1_346' title='bbox 2400 2768 2572 2832; x_wconf 85' lang='lat' dir='ltr'><strong>aliud,</strong></span> <span class='ocrx_word' id='word_1_347' title='bbox 2611 2782 2720 2821; x_wconf 89' lang='lat' dir='ltr'><strong>non</strong></span> <span class='ocrx_word' id='word_1_348' title='bbox 2749 2781 3044 2835; x_wconf 90' lang='lat' dir='ltr'><strong>possumus</strong></span> <span class='ocrx_word' id='word_1_349' title='bbox 3063 2765 3230 2820; x_wconf 81' lang='lat' dir='ltr'><strong>ﬁnem</strong></span> <span class='ocrx_word' id='word_1_350' title='bbox 3265 2763 3365 2818; x_wconf 89' lang='lat' dir='ltr'><strong>ob-</strong></span> 
     </span>
    </p>
   </div>
   <div class='ocr_carea' id='block_1_56' title="bbox 1778 2856 3364 2932">
    <p class='ocr_par' dir='ltr' id='par_1_56' title="bbox 1778 2856 3364 2932">
     <span class='ocr_line' id='line_1_56' title="bbox 1778 2856 3364 2932; baseline -0.004 -16"><span class='ocrx_word' id='word_1_351' title='bbox 1778 2863 1946 2931; x_wconf 86' lang='lat' dir='ltr'><strong>jicere</strong></span> <span class='ocrx_word' id='word_1_352' title='bbox 1968 2878 2033 2917; x_wconf 88' lang='lat' dir='ltr'><strong>ac</strong></span> <span class='ocrx_word' id='word_1_353' title='bbox 2062 2862 2406 2932; x_wconf 79' lang='lat' dir='ltr'><strong>propositum</strong></span> <span class='ocrx_word' id='word_1_354' title='bbox 2445 2878 2458 2912; x_wconf 89' lang='lat'>:</span> <span class='ocrx_word' id='word_1_355' title='bbox 2490 2861 2695 2930; x_wconf 78' lang='lat' dir='ltr'><strong>quippe</strong></span> <span class='ocrx_word' id='word_1_356' title='bbox 2744 2859 2838 2929; x_wconf 92' lang='lat' dir='ltr'><strong>qui</strong></span> <span class='ocrx_word' id='word_1_357' title='bbox 2891 2867 3091 2928; x_wconf 62' lang='lat' dir='ltr'><strong>praeter</strong></span> <span class='ocrx_word' id='word_1_358' title='bbox 3131 2856 3228 2911; x_wconf 90' lang='lat' dir='ltr'><strong>Dei</strong></span> <span class='ocrx_word' id='word_1_359' title='bbox 3263 2870 3364 2910; x_wconf 84' lang='lat' dir='ltr'><strong>vo-</strong></span> 
     </span>
    </p>
   </div>
   <div class='ocr_carea' id='block_1_57' title="bbox 1784 2959 3061 3024">
    <p class='ocr_par' dir='ltr' id='par_1_57' title="bbox 1784 2959 3061 3024">
     <span class='ocr_line' id='line_1_57' title="bbox 1784 2959 3061 3024; baseline -0.005 -14"><span class='ocrx_word' id='word_1_360' title='bbox 1784 2959 2071 3019; x_wconf 88' lang='lat' dir='ltr'><strong>luntatem,</strong></span> <span class='ocrx_word' id='word_1_361' title='bbox 2109 2971 2285 3024; x_wconf 82' lang='lat' dir='ltr'><strong>exque</strong></span> <span class='ocrx_word' id='word_1_362' title='bbox 2309 2963 2494 3007; x_wconf 90' lang='lat' dir='ltr'><strong>nostra</strong></span> <span class='ocrx_word' id='word_1_363' title='bbox 2530 2969 2695 3023; x_wconf 89' lang='lat' dir='ltr'><strong>opera</strong></span> <span class='ocrx_word' id='word_1_364' title='bbox 2719 2960 3061 3022; x_wconf 72' lang='lat' dir='ltr'><strong>praestemus.</strong></span> 
     </span>
    </p>
   </div>
   <div class='ocr_carea' id='block_1_58' title="bbox 1849 3059 3366 3138">
    <p class='ocr_par' dir='ltr' id='par_1_58' title="bbox 1849 3059 3366 3138">
     <span class='ocr_line' id='line_1_58' title="bbox 1849 3059 3366 3138; baseline -0.006 -18"><span class='ocrx_word' id='word_1_365' title='bbox 1849 3066 2014 3138; x_wconf 60' lang='lat'><strong>560</strong></span> <span class='ocrx_word' id='word_1_366' title='bbox 2047 3065 2136 3119; x_wconf 84' lang='grc'><strong>26.</strong></span> <span class='ocrx_word' id='word_1_367' title='bbox 2175 3065 2231 3119; x_wconf 91' lang='lat' dir='ltr'><strong>Si</strong></span> <span class='ocrx_word' id='word_1_368' title='bbox 2284 3064 2410 3133; x_wconf 89' lang='lat' dir='ltr'><strong>quis</strong></span> <span class='ocrx_word' id='word_1_369' title='bbox 2467 3063 2595 3117; x_wconf 82' lang='lat' dir='ltr'><strong>sitit&#39;</strong></span> <span class='ocrx_word' id='word_1_370' title='bbox 2631 3073 2691 3118; x_wconf 90' lang='lat' dir='ltr'><strong>ut</strong></span> <span class='ocrx_word' id='word_1_371' title='bbox 2740 3063 2920 3116; x_wconf 87' lang='lat' dir='ltr'><strong>aliena</strong></span> <span class='ocrx_word' id='word_1_372' title='bbox 2947 3059 3161 3115; x_wconf 81' lang='lat' dir='ltr'><strong>auferat</strong></span> <span class='ocrx_word' id='word_1_373' title='bbox 3197 3066 3366 3127; x_wconf 87' lang='lat' dir='ltr'><strong>atque</strong></span> 
     </span>
    </p>
   </div>
   <div class='ocr_carea' id='block_1_59' title="bbox 1787 3149 3379 3226">
    <p class='ocr_par' dir='ltr' id='par_1_59' title="bbox 1787 3149 3379 3226">
     <span class='ocr_line' id='line_1_59' title="bbox 1787 3149 3379 3226; baseline -0.006 -16"><span class='ocrx_word' id='word_1_374' title='bbox 1787 3157 1962 3225; x_wconf 87' lang='lat' dir='ltr'><strong>rapiat</strong></span> <span class='ocrx_word' id='word_1_375' title='bbox 2013 3155 2179 3226; x_wconf 92' lang='lat' dir='ltr'><strong>(quod</strong></span> <span class='ocrx_word' id='word_1_376' title='bbox 2232 3170 2344 3209; x_wconf 91' lang='lat' dir='ltr'><strong>non</strong></span> <span class='ocrx_word' id='word_1_377' title='bbox 2392 3162 2477 3208; x_wconf 89' lang='lat' dir='ltr'><strong>est</strong></span> <span class='ocrx_word' id='word_1_378' title='bbox 2519 3153 2615 3206; x_wconf 91' lang='lat' dir='ltr'><strong>Dei</strong></span> <span class='ocrx_word' id='word_1_379' title='bbox 2663 3151 3009 3222; x_wconf 84' lang='lat' dir='ltr'><strong>voluntatis),</strong></span> <span class='ocrx_word' id='word_1_380' title='bbox 3033 3163 3276 3220; x_wconf 88' lang='lat' dir='ltr'><strong>quonam</strong></span> <span class='ocrx_word' id='word_1_381' title='bbox 3317 3149 3379 3202; x_wconf 67' lang='grc' dir='ltr'>ἱεε</span> 
     </span>
    </p>
   </div>
   <div class='ocr_carea' id='block_1_60' title="bbox 94 3232 1700 3316">
    <p class='ocr_par' dir='ltr' id='par_1_60' title="bbox 94 3232 1677 3306">
     <span class='ocr_line' id='line_1_60' title="bbox 94 3232 1677 3306; baseline -0.004 -10"><span class='ocrx_word' id='word_1_382' title='bbox 94 3239 330 3304; x_wconf 80' lang='grc' dir='ltr'>σκοπὸν,</span> <span class='ocrx_word' id='word_1_383' title='bbox 362 3232 426 3292; x_wconf 77' lang='grc' dir='ltr'>οὗ</span> <span class='ocrx_word' id='word_1_384' title='bbox 484 3237 683 3301; x_wconf 82' lang='grc' dir='ltr'>σκοπὸς</span> <span class='ocrx_word' id='word_1_385' title='bbox 740 3236 804 3290; x_wconf 85' lang='grc' dir='ltr'>τὺ</span> <span class='ocrx_word' id='word_1_386' title='bbox 853 3237 1026 3290; x_wconf 80' lang='grc' dir='ltr'>ἐλεεῖν</span> <span class='ocrx_word' id='word_1_387' title='bbox 1079 3238 1226 3306; x_wconf 79' lang='grc' dir='ltr'>ἡμᾶς</span> <span class='ocrx_word' id='word_1_388' title='bbox 1288 3237 1384 3289; x_wconf 77' lang='grc' dir='ltr'>καὶ</span> <span class='ocrx_word' id='word_1_389' title='bbox 1413 3235 1677 3298; x_wconf 75' lang='grc' dir='ltr'>δανείζειν</span> 
     </span>
    </p>
   </div>
   <div class='ocr_carea' id='block_1_61' title="bbox 1805 3232 3366 3316">
    <p class='ocr_par' dir='ltr' id='par_1_61' title="bbox 1805 3240 3366 3316">
     <span class='ocr_line' id='line_1_61' title="bbox 1805 3240 3366 3316; baseline -0.006 -15"><span class='ocrx_word' id='word_1_390' title='bbox 1805 3247 1944 3301; x_wconf 88' lang='lat' dir='ltr'><strong>nodo</strong></span> <span class='ocrx_word' id='word_1_391' title='bbox 2010 3248 2357 3316; x_wconf 86' lang='lat' dir='ltr'><strong>propositum</strong></span> <span class='ocrx_word' id='word_1_392' title='bbox 2410 3245 2689 3313; x_wconf 83' lang='lat' dir='ltr'><strong>ﬁnemque</strong></span> <span class='ocrx_word' id='word_1_393' title='bbox 2743 3243 2970 3313; x_wconf 84' lang='lat' dir='ltr'><strong>objiciet</strong></span> <span class='ocrx_word' id='word_1_394' title='bbox 3015 3243 3138 3310; x_wconf 87' lang='lat' dir='ltr'><strong>ejus</strong></span> <span class='ocrx_word' id='word_1_395' title='bbox 3207 3240 3366 3309; x_wconf 84' lang='lat' dir='ltr'><strong>cujus</strong></span> 
     </span>
    </p>
   </div>
   <div class='ocr_carea' id='block_1_62' title="bbox 91 3333 272 3399">
    <p class='ocr_par' dir='ltr' id='par_1_62' title="bbox 91 3333 272 3399">
     <span class='ocr_line' id='line_1_62' title="bbox 91 3333 272 3399; baseline 0 -12"><span class='ocrx_word' id='word_1_396' title='bbox 91 3333 272 3399; x_wconf 69' lang='grc' dir='ltr'>ὲστίνς</span> 
     </span>
    </p>
   </div>
   <div class='ocr_carea' id='block_1_63' title="bbox 171 3439 1682 3513">
    <p class='ocr_par' dir='ltr' id='par_1_63' title="bbox 171 3439 1682 3513">
     <span class='ocr_line' id='line_1_63' title="bbox 171 3439 1682 3513; baseline -0.003 -17"><span class='ocrx_word' id='word_1_397' title='bbox 171 3443 282 3507; x_wconf 80' lang='grc' dir='ltr'>κζ’.</span> <span class='ocrx_word' id='word_1_398' title='bbox 317 3441 445 3496; x_wconf 84' lang='grc' dir='ltr'>’Ὂτι</span> <span class='ocrx_word' id='word_1_399' title='bbox 473 3443 502 3496; x_wconf 91' lang='lat'><strong>6</strong></span> <span class='ocrx_word' id='word_1_400' title='bbox 529 3441 789 3513; x_wconf 71' lang='grc' dir='ltr'>φιλαυτία</span> <span class='ocrx_word' id='word_1_401' title='bbox 815 3439 1103 3506; x_wconf 81' lang='grc' dir='ltr'>δουλεύων,</span> <span class='ocrx_word' id='word_1_402' title='bbox 1148 3441 1511 3513; x_wconf 83' lang='grc' dir='ltr'>βαρυκάρδιός</span> <span class='ocrx_word' id='word_1_403' title='bbox 1544 3443 1682 3504; x_wconf 82' lang='grc' dir='ltr'>ἐστι,</span> 
     </span>
    </p>
   </div>
   <div class='ocr_carea' id='block_1_64' title="bbox 97 3530 1684 3604">
    <p class='ocr_par' dir='ltr' id='par_1_64' title="bbox 97 3530 1684 3604">
     <span class='ocr_line' id='line_1_64' title="bbox 97 3530 1684 3604; baseline -0.001 -19"><span class='ocrx_word' id='word_1_404' title='bbox 97 3530 456 3604; x_wconf 83' lang='grc' dir='ltr'>ματαιότητα</span> <span class='ocrx_word' id='word_1_405' title='bbox 504 3532 598 3585; x_wconf 78' lang='grc' dir='ltr'><strong>καὶ</strong></span> <span class='ocrx_word' id='word_1_406' title='bbox 625 3531 821 3602; x_wconf 81' lang='grc' dir='ltr'>ψεῦδος</span> <span class='ocrx_word' id='word_1_407' title='bbox 855 3532 1087 3601; x_wconf 82' lang='grc' dir='ltr'>ἀγαπῶν</span> <span class='ocrx_word' id='word_1_408' title='bbox 1140 3533 1235 3586; x_wconf 73' lang='grc' dir='ltr'><strong>καὶ</strong></span> <span class='ocrx_word' id='word_1_409' title='bbox 1285 3532 1464 3604; x_wconf 81' lang='grc' dir='ltr'>ζητῶν</span> <span class='ocrx_word' id='word_1_410' title='bbox 1493 3549 1504 3562; x_wconf 91' lang='grc'><strong>·</strong></span> <span class='ocrx_word' id='word_1_411' title='bbox 1548 3533 1684 3600; x_wconf 83' lang='grc' dir='ltr'>ὅπερ</span> 
     </span>
    </p>
   </div>
   <div class='ocr_carea' id='block_1_65' title="bbox 94 3621 1686 3694">
    <p class='ocr_par' dir='ltr' id='par_1_65' title="bbox 94 3621 1686 3694">
     <span class='ocr_line' id='line_1_65' title="bbox 94 3621 1686 3694; baseline -0.004 -16"><span class='ocrx_word' id='word_1_412' title='bbox 94 3623 222 3678; x_wconf 70' lang='grc' dir='ltr'>ἐστὶ</span> <span class='ocrx_word' id='word_1_413' title='bbox 278 3622 342 3676; x_wconf 81' lang='grc' dir='ltr'>τὸ</span> <span class='ocrx_word' id='word_1_414' title='bbox 389 3622 652 3692; x_wconf 84' lang='grc' dir='ltr'>σαρκικὸν</span> <span class='ocrx_word' id='word_1_415' title='bbox 695 3621 974 3692; x_wconf 81' lang='grc' dir='ltr'>φρόνημα⁶</span> <span class='ocrx_word' id='word_1_416' title='bbox 1010 3624 1131 3694; x_wconf 76' lang='grc' dir='ltr'>ἦτοι</span> <span class='ocrx_word' id='word_1_417' title='bbox 1162 3624 1263 3692; x_wconf 81' lang='grc' dir='ltr'>τῆς</span> <span class='ocrx_word' id='word_1_418' title='bbox 1301 3622 1501 3693; x_wconf 82' lang='grc' dir='ltr'>σαρκὸς</span> <span class='ocrx_word' id='word_1_419' title='bbox 1530 3624 1562 3690; x_wconf 84' lang='grc' dir='ltr'>ὴ</span> <span class='ocrx_word' id='word_1_420' title='bbox 1596 3621 1686 3672; x_wconf 85' lang='grc' dir='ltr'>εύ-</span> 
     </span>
    </p>
   </div>
   <div class='ocr_carea' id='block_1_66' title="bbox 92 3715 333 3769">
    <p class='ocr_par' dir='ltr' id='par_1_66' title="bbox 92 3715 333 3769">
     <span class='ocr_line' id='line_1_66' title="bbox 92 3715 333 3769; baseline -0.004 -1"><span class='ocrx_word' id='word_1_421' title='bbox 92 3715 333 3769; x_wconf 86' lang='grc' dir='ltr'>πάθεια.</span> 
     </span>
    </p>
   </div>
   <div class='ocr_carea' id='block_1_67' title="bbox 174 3823 1685 3896">
    <p class='ocr_par' dir='ltr' id='par_1_67' title="bbox 174 3823 1685 3896">
     <span class='ocr_line' id='line_1_67' title="bbox 174 3823 1685 3896; baseline 0.001 -18"><span class='ocrx_word' id='word_1_422' title='bbox 174 3823 291 3894; x_wconf 89' lang='grc' dir='ltr'>κη’.</span> <span class='ocrx_word' id='word_1_423' title='bbox 323 3823 446 3876; x_wconf 88' lang='grc' dir='ltr'><strong>Τῶν</strong></span> <span class='ocrx_word' id='word_1_424' title='bbox 470 3825 912 3896; x_wconf 85' lang='grc' dir='ltr'>προειρημένων,</span> <span class='ocrx_word' id='word_1_425' title='bbox 941 3824 1099 3895; x_wconf 80' lang='grc' dir='ltr'>δῆλον</span> <span class='ocrx_word' id='word_1_426' title='bbox 1137 3825 1446 3895; x_wconf 84' lang='grc' dir='ltr'>φιληδονιας</span> <span class='ocrx_word' id='word_1_427' title='bbox 1479 3828 1572 3880; x_wconf 74' lang='grc' dir='ltr'>καὶ</span> <span class='ocrx_word' id='word_1_428' title='bbox 1599 3845 1685 3895; x_wconf 79' lang='grc' dir='ltr'><strong>φι-</strong></span> 
     </span>
    </p>
   </div>
   <div class='ocr_carea' id='block_1_68' title="bbox 97 3914 1686 3989">
    <p class='ocr_par' dir='ltr' id='par_1_68' title="bbox 97 3914 1686 3989">
     <span class='ocr_line' id='line_1_68' title="bbox 97 3914 1686 3989; baseline 0.001 -20"><span class='ocrx_word' id='word_1_429' title='bbox 97 3914 354 3980; x_wconf 69' lang='grc' dir='ltr'>λοδοξίας</span> <span class='ocrx_word' id='word_1_430' title='bbox 383 3914 478 3968; x_wconf 77' lang='grc' dir='ltr'>καὶ</span> <span class='ocrx_word' id='word_1_431' title='bbox 509 3915 895 3987; x_wconf 80' lang='grc' dir='ltr'>φιλαργυρίας.</span> <span class='ocrx_word' id='word_1_432' title='bbox 934 3918 997 3969; x_wconf 80' lang='grc' dir='ltr'><strong>Εἰ</strong></span> <span class='ocrx_word' id='word_1_433' title='bbox 1055 3915 1114 3970; x_wconf 92' lang='grc' dir='ltr'><strong>δέ</strong></span> <span class='ocrx_word' id='word_1_434' title='bbox 1142 3934 1227 3981; x_wconf 86' lang='grc' dir='ltr'><strong>τις</strong></span> <span class='ocrx_word' id='word_1_435' title='bbox 1263 3918 1474 3982; x_wconf 87' lang='grc' dir='ltr'>τούτοις</span> <span class='ocrx_word' id='word_1_436' title='bbox 1515 3919 1686 3989; x_wconf 75' lang='grc' dir='ltr'>ἀπρὶξ</span> 
     </span>
    </p>
   </div>
   <div class='ocr_carea' id='block_1_69' title="bbox 101 4009 1686 4085">
    <p class='ocr_par' dir='ltr' id='par_1_69' title="bbox 101 4009 1686 4085">
     <span class='ocr_line' id='line_1_69' title="bbox 101 4009 1686 4085; baseline 0.004 -24"><span class='ocrx_word' id='word_1_437' title='bbox 101 4009 387 4080; x_wconf 74' lang='grc' dir='ltr'>ἐνίσχεται</span> <span class='ocrx_word' id='word_1_438' title='bbox 428 4009 506 4074; x_wconf 84' lang='grc' dir='ltr'>ὡς</span> <span class='ocrx_word' id='word_1_439' title='bbox 541 4010 672 4080; x_wconf 79' lang='grc' dir='ltr'>ἐγὼ,</span> <span class='ocrx_word' id='word_1_440' title='bbox 714 4011 831 4076; x_wconf 87' lang='grc' dir='ltr'><strong>πῶς</strong></span> <span class='ocrx_word' id='word_1_441' title='bbox 868 4012 1002 4066; x_wconf 83' lang='grc' dir='ltr'>Θεοῦ</span> <span class='ocrx_word' id='word_1_442' title='bbox 1046 4013 1520 4085; x_wconf 80' lang='grc' dir='ltr'>καταξιωθήσεται</span> <span class='ocrx_word' id='word_1_443' title='bbox 1547 4014 1686 4082; x_wconf 85' lang='grc' dir='ltr'><strong>γνώ-</strong></span> 
     </span>
    </p>
   </div>
   <div class='ocr_carea' id='block_1_70' title="bbox 110 4101 839 4176">
    <p class='ocr_par' dir='ltr' id='par_1_70' title="bbox 110 4101 839 4176">
     <span class='ocr_line' id='line_1_70' title="bbox 110 4101 839 4176; baseline 0.008 -23"><span class='ocrx_word' id='word_1_444' title='bbox 110 4118 280 4166; x_wconf 79' lang='grc' dir='ltr'>σεως,</span> <span class='ocrx_word' id='word_1_445' title='bbox 316 4101 549 4157; x_wconf 85' lang='grc' dir='ltr'>συνιδεῖν</span> <span class='ocrx_word' id='word_1_446' title='bbox 582 4106 682 4157; x_wconf 84' lang='grc' dir='ltr'><strong>οὐκ</strong></span> <span class='ocrx_word' id='word_1_447' title='bbox 710 4106 839 4176; x_wconf 74' lang='grc' dir='ltr'>ἔχω.</span> 
     </span>
    </p>
   </div>
   <div class='ocr_carea' id='block_1_71' title="bbox 188 4208 1684 4285">
    <p class='ocr_par' dir='ltr' id='par_1_71' title="bbox 188 4208 1684 4285">
     <span class='ocr_line' id='line_1_71' title="bbox 188 4208 1684 4285; baseline 0.004 -23"><span class='ocrx_word' id='word_1_448' title='bbox 188 4208 293 4263; x_wconf 84' lang='grc' dir='ltr'>κθ’.</span> <span class='ocrx_word' id='word_1_449' title='bbox 326 4210 397 4263; x_wconf 88' lang='grc' dir='ltr'><strong>Ἦ</strong></span> <span class='ocrx_word' id='word_1_450' title='bbox 428 4211 536 4282; x_wconf 80' lang='grc' dir='ltr'><strong>γὰρ</strong></span> <span class='ocrx_word' id='word_1_451' title='bbox 579 4212 655 4275; x_wconf 82' lang='grc' dir='ltr'><strong>ὡς</strong></span> <span class='ocrx_word' id='word_1_452' title='bbox 701 4213 873 4266; x_wconf 88' lang='grc' dir='ltr'>δοῦλοι</span> <span class='ocrx_word' id='word_1_453' title='bbox 906 4214 940 4282; x_wconf 81' lang='grc' dir='ltr'>ἢ</span> <span class='ocrx_word' id='word_1_454' title='bbox 974 4214 1069 4268; x_wconf 75' lang='grc' dir='ltr'>καὶ</span> <span class='ocrx_word' id='word_1_455' title='bbox 1119 4213 1404 4285; x_wconf 78' lang='grc' dir='ltr'>μίσθιοι,ἢ</span> <span class='ocrx_word' id='word_1_456' title='bbox 1443 4215 1518 4278; x_wconf 84' lang='grc' dir='ltr'>ὡς</span> <span class='ocrx_word' id='word_1_457' title='bbox 1562 4217 1684 4268; x_wconf 60' lang='grc' dir='ltr'>υἱοί</span> 
     </span>
    </p>
   </div>
   <div class='ocr_carea' id='block_1_72' title="bbox 106 4300 1687 4378">
    <p class='ocr_par' dir='ltr' id='par_1_72' title="bbox 106 4300 1687 4378">
     <span class='ocr_line' id='line_1_72' title="bbox 106 4300 1687 4378; baseline 0.005 -25"><span class='ocrx_word' id='word_1_458' title='bbox 106 4300 416 4366; x_wconf 81' lang='grc' dir='ltr'>τουτέστιν,</span> <span class='ocrx_word' id='word_1_459' title='bbox 475 4302 508 4372; x_wconf 75' lang='grc' dir='ltr'>ἢ</span> <span class='ocrx_word' id='word_1_460' title='bbox 556 4303 632 4366; x_wconf 85' lang='grc' dir='ltr'>ὡς</span> <span class='ocrx_word' id='word_1_461' title='bbox 669 4307 960 4375; x_wconf 72' lang='grc' dir='ltr'>πρακτικοὶ</span> <span class='ocrx_word' id='word_1_462' title='bbox 1005 4306 1185 4376; x_wconf 84' lang='grc' dir='ltr'>μόνον,</span> <span class='ocrx_word' id='word_1_463' title='bbox 1227 4305 1388 4378; x_wconf 79' lang='grc' dir='ltr'>ἥκαὶ</span> <span class='ocrx_word' id='word_1_464' title='bbox 1430 4307 1503 4370; x_wconf 86' lang='grc' dir='ltr'>ὡς</span> <span class='ocrx_word' id='word_1_465' title='bbox 1547 4309 1687 4375; x_wconf 81' lang='grc' dir='ltr'><strong>γνὼ-</strong></span> 
     </span>
    </p>
   </div>
   <div class='ocr_carea' id='block_1_73' title="bbox 107 4391 734 4456">
    <p class='ocr_par' dir='ltr' id='par_1_73' title="bbox 107 4391 734 4456">
     <span class='ocr_line' id='line_1_73' title="bbox 107 4391 734 4456; baseline 0.003 -12"><span class='ocrx_word' id='word_1_466' title='bbox 107 4407 256 4450; x_wconf 80' lang='grc' dir='ltr'>σιως</span> <span class='ocrx_word' id='word_1_467' title='bbox 283 4391 734 4456; x_wconf 77' lang='grc' dir='ltr'>καταξιωθέντες.</span> 
     </span>
    </p>
   </div>
   <div class='ocr_carea' id='block_1_74' title="bbox 1783 3331 3118 3398">
    <p class='ocr_par' dir='ltr' id='par_1_74' title="bbox 1783 3331 3118 3398">
     <span class='ocr_line' id='line_1_74' title="bbox 1783 3331 3118 3398; baseline -0.002 -10"><span class='ocrx_word' id='word_1_468' title='bbox 1783 3336 1908 3389; x_wconf 89' lang='lat' dir='ltr'><strong>ﬁnis</strong></span> <span class='ocrx_word' id='word_1_469' title='bbox 1926 3342 2031 3398; x_wconf 89' lang='lat' dir='ltr'><strong>est,</strong></span> <span class='ocrx_word' id='word_1_470' title='bbox 2047 3345 2107 3388; x_wconf 89' lang='lat' dir='ltr'><strong>ut</strong></span> <span class='ocrx_word' id='word_1_471' title='bbox 2130 3334 2457 3388; x_wconf 90' lang='lat' dir='ltr'><strong>misereatur</strong></span> <span class='ocrx_word' id='word_1_472' title='bbox 2476 3333 2650 3387; x_wconf 91' lang='lat' dir='ltr'><strong>nostri</strong></span> <span class='ocrx_word' id='word_1_473' title='bbox 2679 3347 2743 3386; x_wconf 89' lang='lat' dir='ltr'><strong>ac</strong></span> <span class='ocrx_word' id='word_1_474' title='bbox 2768 3331 3118 3386; x_wconf 87' lang='lat' dir='ltr'><strong>commodet?</strong></span> 
     </span>
    </p>
   </div>
   <div class='ocr_carea' id='block_1_75' title="bbox 1852 3439 3363 3510">
    <p class='ocr_par' dir='ltr' id='par_1_75' title="bbox 1852 3439 3363 3510">
     <span class='ocr_line' id='line_1_75' title="bbox 1852 3439 3363 3510; baseline -0.003 -13"><span class='ocrx_word' id='word_1_475' title='bbox 1852 3445 1941 3497; x_wconf 88' lang='grc'><strong>27.</strong></span> <span class='ocrx_word' id='word_1_476' title='bbox 1967 3442 2069 3508; x_wconf 83' lang='lat' dir='ltr'><strong>Qui</strong></span> <span class='ocrx_word' id='word_1_477' title='bbox 2101 3441 2307 3496; x_wconf 89' lang='lat' dir='ltr'><strong>carnali</strong></span> <span class='ocrx_word' id='word_1_478' title='bbox 2333 3441 2506 3496; x_wconf 90' lang='lat' dir='ltr'><strong>amori</strong></span> <span class='ocrx_word' id='word_1_479' title='bbox 2528 3440 2720 3504; x_wconf 82' lang='lat' dir='ltr'><strong>servit,</strong></span> <span class='ocrx_word' id='word_1_480' title='bbox 2741 3441 2892 3510; x_wconf 84' lang='lat' dir='ltr'><strong>gravi</strong></span> <span class='ocrx_word' id='word_1_481' title='bbox 2918 3439 3086 3495; x_wconf 87' lang='lat' dir='ltr'><strong>corde</strong></span> <span class='ocrx_word' id='word_1_482' title='bbox 3115 3449 3232 3507; x_wconf 86' lang='lat' dir='ltr'><strong>est;</strong></span> <span class='ocrx_word' id='word_1_483' title='bbox 3267 3439 3363 3510; x_wconf 68' lang='lat' dir='ltr'><strong>Qui</strong></span> 
     </span>
    </p>
   </div>
   <div class='ocr_carea' id='block_1_76' title="bbox 1782 3532 3362 3604">
    <p class='ocr_par' dir='ltr' id='par_1_76' title="bbox 1782 3532 3362 3604">
     <span class='ocr_line' id='line_1_76' title="bbox 1782 3532 3362 3604; baseline -0.003 -16"><span class='ocrx_word' id='word_1_484' title='bbox 1782 3551 1979 3604; x_wconf 89' lang='lat' dir='ltr'><strong>nempe</strong></span> <span class='ocrx_word' id='word_1_485' title='bbox 2017 3535 2312 3588; x_wconf 81' lang='lat' dir='ltr'><strong>vanitatem</strong></span> <span class='ocrx_word' id='word_1_486' title='bbox 2345 3541 2403 3587; x_wconf 88' lang='lat' dir='ltr'><strong>et</strong></span> <span class='ocrx_word' id='word_1_487' title='bbox 2430 3532 2776 3587; x_wconf 89' lang='lat' dir='ltr'><strong>mendacium</strong></span> <span class='ocrx_word' id='word_1_488' title='bbox 2819 3532 3013 3602; x_wconf 84' lang='lat' dir='ltr'><strong>diligat</strong></span> <span class='ocrx_word' id='word_1_489' title='bbox 3042 3547 3107 3586; x_wconf 92' lang='lat' dir='ltr'><strong>ac</strong></span> <span class='ocrx_word' id='word_1_490' title='bbox 3131 3539 3362 3602; x_wconf 65' lang='lat' dir='ltr'><strong>quaerat,</strong></span> 
     </span>
    </p>
   </div>
   <div class='ocr_carea' id='block_1_77' title="bbox 1782 3622 3368 3695">
    <p class='ocr_par' dir='ltr' id='par_1_77' title="bbox 1782 3622 3368 3695">
     <span class='ocr_line' id='line_1_77' title="bbox 1782 3622 3368 3695; baseline -0.003 -16"><span class='ocrx_word' id='word_1_491' title='bbox 1782 3627 1928 3695; x_wconf 88' lang='lat' dir='ltr'><strong>quod</strong></span> <span class='ocrx_word' id='word_1_492' title='bbox 1970 3633 2055 3680; x_wconf 88' lang='lat' dir='ltr'><strong>est</strong></span> <span class='ocrx_word' id='word_1_493' title='bbox 2079 3625 2261 3679; x_wconf 89' lang='lat' dir='ltr'><strong>carnis</strong></span> <span class='ocrx_word' id='word_1_494' title='bbox 2300 3639 2500 3679; x_wconf 87' lang='lat' dir='ltr'><strong>sensus</strong></span> <span class='ocrx_word' id='word_1_495' title='bbox 2523 3639 2586 3678; x_wconf 89' lang='lat' dir='ltr'><strong>ac</strong></span> <span class='ocrx_word' id='word_1_496' title='bbox 2611 3623 2905 3693; x_wconf 90' lang='lat' dir='ltr'><strong>prudentia</strong></span> <span class='ocrx_word' id='word_1_497' title='bbox 2941 3641 2955 3676; x_wconf 89' lang='lat'>:</span> <span class='ocrx_word' id='word_1_498' title='bbox 2996 3625 3116 3693; x_wconf 90' lang='lat' dir='ltr'><strong>ejus</strong></span> <span class='ocrx_word' id='word_1_499' title='bbox 3156 3622 3368 3678; x_wconf 86' lang='lat' dir='ltr'><strong>scilicet</strong></span> 
     </span>
    </p>
   </div>
   <div class='ocr_carea' id='block_1_78' title="bbox 1782 3713 2634 3784">
    <p class='ocr_par' dir='ltr' id='par_1_78' title="bbox 1782 3713 2634 3784">
     <span class='ocr_line' id='line_1_78' title="bbox 1782 3713 2634 3784; baseline -0.004 -14"><span class='ocrx_word' id='word_1_500' title='bbox 1782 3716 2030 3771; x_wconf 78' lang='lat' dir='ltr'><strong>luxuries</strong></span> <span class='ocrx_word' id='word_1_501' title='bbox 2057 3716 2312 3784; x_wconf 88' lang='lat' dir='ltr'><strong>bonaque</strong></span> <span class='ocrx_word' id='word_1_502' title='bbox 2348 3713 2634 3768; x_wconf 89' lang='lat' dir='ltr'><strong>habitudo.</strong></span> 
     </span>
    </p>
   </div>
   <div class='ocr_carea' id='block_1_79' title="bbox 1852 3819 3364 3889">
    <p class='ocr_par' dir='ltr' id='par_1_79' title="bbox 1852 3819 3364 3889">
     <span class='ocr_line' id='line_1_79' title="bbox 1852 3819 3364 3889; baseline -0.003 -15"><span class='ocrx_word' id='word_1_503' title='bbox 1852 3822 1944 3874; x_wconf 85' lang='grc'><strong>28.</strong></span> <span class='ocrx_word' id='word_1_504' title='bbox 1976 3821 2106 3888; x_wconf 84' lang='lat' dir='ltr'><strong>Quae</strong></span> <span class='ocrx_word' id='word_1_505' title='bbox 2140 3821 2286 3876; x_wconf 88' lang='lat' dir='ltr'><strong>dicta</strong></span> <span class='ocrx_word' id='word_1_506' title='bbox 2331 3829 2481 3883; x_wconf 90' lang='lat' dir='ltr'><strong>sunt,</strong></span> <span class='ocrx_word' id='word_1_507' title='bbox 2517 3836 2716 3889; x_wconf 89' lang='lat' dir='ltr'><strong>nempe</strong></span> <span class='ocrx_word' id='word_1_508' title='bbox 2751 3820 2956 3874; x_wconf 91' lang='lat' dir='ltr'><strong>amoris</strong></span> <span class='ocrx_word' id='word_1_509' title='bbox 2999 3819 3364 3888; x_wconf 85' lang='lat' dir='ltr'><strong>voluptatum.</strong></span> 
     </span>
    </p>
   </div>
   <div class='ocr_carea' id='block_1_80' title="bbox 1782 3911 3364 3984">
    <p class='ocr_par' dir='ltr' id='par_1_80' title="bbox 1782 3911 3364 3984">
     <span class='ocr_line' id='line_1_80' title="bbox 1782 3911 3364 3984; baseline -0.002 -18"><span class='ocrx_word' id='word_1_510' title='bbox 1782 3913 1970 3984; x_wconf 69' lang='lat' dir='ltr'><strong>gloriae</strong></span> <span class='ocrx_word' id='word_1_511' title='bbox 1993 3928 2055 3966; x_wconf 92' lang='lat' dir='ltr'><strong>ac</strong></span> <span class='ocrx_word' id='word_1_512' title='bbox 2083 3913 2351 3981; x_wconf 75' lang='lat' dir='ltr'><strong>pecunize.</strong></span> <span class='ocrx_word' id='word_1_513' title='bbox 2377 3911 2435 3967; x_wconf 89' lang='lat' dir='ltr'><strong>Si</strong></span> <span class='ocrx_word' id='word_1_514' title='bbox 2474 3913 2598 3982; x_wconf 90' lang='lat' dir='ltr'><strong>quis</strong></span> <span class='ocrx_word' id='word_1_515' title='bbox 2626 3922 2809 3966; x_wconf 90' lang='lat' dir='ltr'><strong>autem</strong></span> <span class='ocrx_word' id='word_1_516' title='bbox 2859 3912 2913 3965; x_wconf 91' lang='lat' dir='ltr'><strong>in</strong></span> <span class='ocrx_word' id='word_1_517' title='bbox 2959 3912 3064 3965; x_wconf 91' lang='lat' dir='ltr'><strong>mei</strong></span> <span class='ocrx_word' id='word_1_518' title='bbox 3133 3926 3364 3973; x_wconf 90' lang='lat' dir='ltr'><strong>morem,</strong></span> 
     </span>
    </p>
   </div>
   <div class='ocr_carea' id='block_1_81' title="bbox 1784 3990 3371 4076">
    <p class='ocr_par' dir='ltr' id='par_1_81' title="bbox 1784 3990 3371 4076">
     <span class='ocr_line' id='line_1_81' title="bbox 1784 3990 3371 4076; baseline -0.002 -17"><span class='ocrx_word' id='word_1_519' title='bbox 1784 4005 1873 4060; x_wconf 87' lang='lat' dir='ltr'><strong>his</strong></span> <span class='ocrx_word' id='word_1_520' title='bbox 1903 4006 2183 4059; x_wconf 89' lang='lat' dir='ltr'><strong>mordicus</strong></span> <span class='ocrx_word' id='word_1_521' title='bbox 2208 3990 2400 4070; x_wconf 73' lang='lat' dir='ltr'><strong>lueret,</strong></span> <span class='ocrx_word' id='word_1_522' title='bbox 2428 4007 2707 4076; x_wconf 85' lang='lat' dir='ltr'><strong>quomodo</strong></span> <span class='ocrx_word' id='word_1_523' title='bbox 2764 4006 2858 4059; x_wconf 86' lang='lat' dir='ltr'><strong>Dei</strong></span> <span class='ocrx_word' id='word_1_524' title='bbox 2887 4005 3113 4060; x_wconf 87' lang='lat' dir='ltr'><strong>scientia</strong></span> <span class='ocrx_word' id='word_1_525' title='bbox 3141 4004 3371 4074; x_wconf 85' lang='lat' dir='ltr'><strong>dignan-</strong></span> 
     </span>
    </p>
   </div>
   <div class='ocr_carea' id='block_1_82' title="bbox 1787 4097 2760 4167">
    <p class='ocr_par' dir='ltr' id='par_1_82' title="bbox 1787 4097 2760 4167">
     <span class='ocr_line' id='line_1_82' title="bbox 1787 4097 2760 4167; baseline -0.003 -17"><span class='ocrx_word' id='word_1_526' title='bbox 1787 4097 1892 4151; x_wconf 90' lang='lat' dir='ltr'><strong>dus</strong></span> <span class='ocrx_word' id='word_1_527' title='bbox 1913 4097 2006 4160; x_wconf 84' lang='lat' dir='ltr'><strong>sit,</strong></span> <span class='ocrx_word' id='word_1_528' title='bbox 2030 4097 2215 4150; x_wconf 86' lang='lat' dir='ltr'><strong>nullus</strong></span> <span class='ocrx_word' id='word_1_529' title='bbox 2244 4097 2550 4167; x_wconf 87' lang='lat' dir='ltr'><strong>intelligere</strong></span> <span class='ocrx_word' id='word_1_530' title='bbox 2585 4098 2760 4150; x_wconf 89' lang='lat' dir='ltr'><strong>valeo.</strong></span> 
     </span>
    </p>
   </div>
   <div class='ocr_carea' id='block_1_83' title="bbox 1851 4203 3370 4274">
    <p class='ocr_par' dir='ltr' id='par_1_83' title="bbox 1851 4203 3370 4274">
     <span class='ocr_line' id='line_1_83' title="bbox 1851 4203 3370 4274; baseline -0.004 -16"><span class='ocrx_word' id='word_1_531' title='bbox 1851 4206 1942 4258; x_wconf 80' lang='grc'><strong>29.</strong></span> <span class='ocrx_word' id='word_1_532' title='bbox 1977 4205 2082 4258; x_wconf 78' lang='lat' dir='ltr'><strong>Aut</strong></span> <span class='ocrx_word' id='word_1_533' title='bbox 2128 4205 2275 4258; x_wconf 89' lang='lat' dir='ltr'><strong>enim</strong></span> <span class='ocrx_word' id='word_1_534' title='bbox 2323 4212 2584 4274; x_wconf 87' lang='lat' dir='ltr'><strong>tanquam</strong></span> <span class='ocrx_word' id='word_1_535' title='bbox 2645 4207 2811 4265; x_wconf 83' lang='lat' dir='ltr'><strong>servi,</strong></span> <span class='ocrx_word' id='word_1_536' title='bbox 2865 4220 2962 4257; x_wconf 85' lang='lat' dir='ltr'><strong>seu</strong></span> <span class='ocrx_word' id='word_1_537' title='bbox 3009 4203 3173 4256; x_wconf 92' lang='lat' dir='ltr'><strong>etiam</strong></span> <span class='ocrx_word' id='word_1_538' title='bbox 3223 4217 3370 4256; x_wconf 89' lang='lat' dir='ltr'><strong>mer-</strong></span> 
     </span>
    </p>
   </div>
   <div class='ocr_carea' id='block_1_84' title="bbox 1787 4293 3368 4368">
    <p class='ocr_par' dir='ltr' id='par_1_84' title="bbox 1787 4293 3368 4368">
     <span class='ocr_line' id='line_1_84' title="bbox 1787 4293 3368 4368; baseline -0.002 -18"><span class='ocrx_word' id='word_1_539' title='bbox 1787 4295 2014 4359; x_wconf 85' lang='lat' dir='ltr'><strong>cenarii,</strong></span> <span class='ocrx_word' id='word_1_540' title='bbox 2047 4295 2131 4349; x_wconf 89' lang='lat' dir='ltr'><strong>vel</strong></span> <span class='ocrx_word' id='word_1_541' title='bbox 2156 4295 2353 4358; x_wconf 88' lang='lat' dir='ltr'><strong>utﬁlii,</strong></span> <span class='ocrx_word' id='word_1_542' title='bbox 2416 4296 2523 4350; x_wconf 89' lang='lat' dir='ltr'><strong>hoc</strong></span> <span class='ocrx_word' id='word_1_543' title='bbox 2549 4305 2655 4360; x_wconf 90' lang='lat' dir='ltr'><strong>est,</strong></span> <span class='ocrx_word' id='word_1_544' title='bbox 2688 4298 2771 4347; x_wconf 88' lang='lat' dir='ltr'><strong>vel</strong></span> <span class='ocrx_word' id='word_1_545' title='bbox 2803 4304 2860 4346; x_wconf 91' lang='lat' dir='ltr'><strong>nt</strong></span> <span class='ocrx_word' id='word_1_546' title='bbox 2889 4293 2983 4368; x_wconf 84' lang='lat' dir='ltr'><strong>qui</strong></span> <span class='ocrx_word' id='word_1_547' title='bbox 3028 4294 3204 4347; x_wconf 89' lang='lat' dir='ltr'><strong>solum</strong></span> <span class='ocrx_word' id='word_1_548' title='bbox 3247 4302 3368 4347; x_wconf 89' lang='lat' dir='ltr'><strong>stu-</strong></span> 
     </span>
    </p>
   </div>
   <div class='ocr_carea' id='block_1_85' title="bbox 1790 4385 3370 4455">
    <p class='ocr_par' dir='ltr' id='par_1_85' title="bbox 1790 4385 3370 4455">
     <span class='ocr_line' id='line_1_85' title="bbox 1790 4385 3370 4455; baseline -0.001 -15"><span class='ocrx_word' id='word_1_549' title='bbox 1790 4388 1956 4441; x_wconf 86' lang='lat' dir='ltr'><strong>deant</strong></span> <span class='ocrx_word' id='word_1_550' title='bbox 1997 4385 2223 4448; x_wconf 87' lang='lat' dir='ltr'><strong>actioni,</strong></span> <span class='ocrx_word' id='word_1_551' title='bbox 2256 4387 2342 4439; x_wconf 90' lang='lat' dir='ltr'><strong>vcl</strong></span> <span class='ocrx_word' id='word_1_552' title='bbox 2373 4386 2468 4455; x_wconf 89' lang='lat' dir='ltr'><strong>qui</strong></span> <span class='ocrx_word' id='word_1_553' title='bbox 2508 4387 2675 4440; x_wconf 88' lang='lat' dir='ltr'><strong>etiam</strong></span> <span class='ocrx_word' id='word_1_554' title='bbox 2717 4385 2963 4440; x_wconf 65' lang='lat' dir='ltr'><strong>scientiae</strong></span> <span class='ocrx_word' id='word_1_555' title='bbox 3007 4385 3212 4439; x_wconf 91' lang='lat' dir='ltr'><strong>donum</strong></span> <span class='ocrx_word' id='word_1_556' title='bbox 3258 4385 3370 4450; x_wconf 86' lang='lat' dir='ltr'><strong>sint</strong></span> 
     </span>
    </p>
   </div>
   <div class='ocr_carea' id='block_1_86' title="bbox 1787 4481 2093 4541">
    <p class='ocr_par' dir='ltr' id='par_1_86' title="bbox 1787 4481 2093 4541">
     <span class='ocr_line' id='line_1_86' title="bbox 1787 4481 2093 4541; baseline -0.016 -3"><span class='ocrx_word' id='word_1_557' title='bbox 1787 4481 2093 4541; x_wconf 89' lang='lat' dir='ltr'><strong>consecuti.</strong></span> 
     </span>
    </p>
   </div>
   <div class='ocr_carea' id='block_1_87' title="bbox 182 4527 1700 4646">
    <p class='ocr_par' dir='ltr' id='par_1_87' title="bbox 182 4569 1689 4646">
     <span class='ocr_line' id='line_1_87' title="bbox 182 4569 1689 4646; baseline 0.007 -24"><span class='ocrx_word' id='word_1_558' title='bbox 182 4569 251 4624; x_wconf 80' lang='grc' dir='ltr'>λ’.</span> <span class='ocrx_word' id='word_1_559' title='bbox 286 4569 458 4634; x_wconf 77' lang='grc' dir='ltr'>Ψιλδς</span> <span class='ocrx_word' id='word_1_560' title='bbox 495 4570 774 4643; x_wconf 81' lang='grc' dir='ltr'>λογισμὸς,</span> <span class='ocrx_word' id='word_1_561' title='bbox 829 4577 858 4626; x_wconf 84' lang='grc' dir='ltr'><strong>ὁ</strong></span> <span class='ocrx_word' id='word_1_562' title='bbox 892 4576 1014 4646; x_wconf 80' lang='grc' dir='ltr'>δίχα</span> <span class='ocrx_word' id='word_1_563' title='bbox 1058 4577 1295 4645; x_wconf 77' lang='grc' dir='ltr'>πάθους,</span> <span class='ocrx_word' id='word_1_564' title='bbox 1333 4580 1362 4632; x_wconf 92' lang='lat'><strong>6</strong></span> <span class='ocrx_word' id='word_1_565' title='bbox 1397 4579 1620 4644; x_wconf 65' lang='grc' dir='ltr'>ἀπλοῦςυ</span> <span class='ocrx_word' id='word_1_566' title='bbox 1661 4583 1689 4633; x_wconf 89' lang='lat'><strong>6</strong></span> 
     </span>
    </p>
   </div>
   <div class='ocr_carea' id='block_1_88' title="bbox 1805 4527 3372 4646">
    <p class='ocr_par' dir='ltr' id='par_1_88' title="bbox 1860 4527 3372 4641">
     <span class='ocr_line' id='line_1_88' title="bbox 1860 4527 3372 4641; baseline -0.004 -15"><span class='ocrx_word' id='word_1_567' title='bbox 1860 4573 1948 4626; x_wconf 81' lang='lat'><strong>50.</strong></span> <span class='ocrx_word' id='word_1_568' title='bbox 1983 4571 2140 4627; x_wconf 85' lang='lat' dir='ltr'><strong>Nuda</strong></span> <span class='ocrx_word' id='word_1_569' title='bbox 2167 4570 2425 4641; x_wconf 87' lang='lat' dir='ltr'><strong>cogitatio</strong></span> <span class='ocrx_word' id='word_1_570' title='bbox 2442 4577 2549 4633; x_wconf 87' lang='lat' dir='ltr'><strong>est,</strong></span> <span class='ocrx_word' id='word_1_571' title='bbox 2575 4584 2696 4638; x_wconf 70' lang='lat' dir='ltr'><strong>qua!</strong></span> <span class='ocrx_word' id='word_1_572' title='bbox 2726 4527 2984 4625; x_wconf 53' lang='lat' dir='ltr'><strong>atiectum</strong></span> <span class='ocrx_word' id='word_1_573' title='bbox 3014 4567 3372 4639; x_wconf 90' lang='lat' dir='ltr'><strong>conjunctum</strong></span> 
     </span>
    </p>
   </div>
   <div class='ocr_carea' id='block_1_89' title="bbox 105 4667 1687 4747">
    <p class='ocr_par' dir='ltr' id='par_1_89' title="bbox 105 4667 1687 4747">
     <span class='ocr_line' id='line_1_89' title="bbox 105 4667 1687 4747; baseline 0.007 -28"><span class='ocrx_word' id='word_1_574' title='bbox 105 4669 222 4739; x_wconf 79' lang='grc' dir='ltr'><strong>γὰρ</strong></span> <span class='ocrx_word' id='word_1_575' title='bbox 260 4667 537 4740; x_wconf 77' lang='grc' dir='ltr'>ἐμπαθὴς,</span> <span class='ocrx_word' id='word_1_576' title='bbox 561 4670 764 4738; x_wconf 85' lang='grc' dir='ltr'>ἀπάγει</span> <span class='ocrx_word' id='word_1_577' title='bbox 792 4671 948 4725; x_wconf 85' lang='grc' dir='ltr'>Θεοῦ.</span> <span class='ocrx_word' id='word_1_578' title='bbox 973 4671 1161 4737; x_wconf 76' lang='grc' dir='ltr'>Οὕτως</span> <span class='ocrx_word' id='word_1_579' title='bbox 1184 4675 1304 4728; x_wconf 78' lang='grc' dir='ltr'>οὐδὲ</span> <span class='ocrx_word' id='word_1_580' title='bbox 1335 4676 1366 4746; x_wconf 85' lang='grc' dir='ltr'><strong>ἡ</strong></span> <span class='ocrx_word' id='word_1_581' title='bbox 1396 4675 1525 4747; x_wconf 80' lang='grc' dir='ltr'>ψιλὴ</span> <span class='ocrx_word' id='word_1_582' title='bbox 1546 4679 1687 4744; x_wconf 77' lang='grc' dir='ltr'>γνῶ-</span> 
     </span>
    </p>
   </div>
   <div class='ocr_carea' id='block_1_90' title="bbox 107 4761 1690 4840">
    <p class='ocr_par' dir='ltr' id='par_1_90' title="bbox 107 4761 1690 4840">
     <span class='ocr_line' id='line_1_90' title="bbox 107 4761 1690 4840; baseline 0.005 -26"><span class='ocrx_word' id='word_1_583' title='bbox 107 4779 203 4825; x_wconf 82' lang='grc' dir='ltr'><strong>σις</strong></span> <span class='ocrx_word' id='word_1_584' title='bbox 234 4761 437 4829; x_wconf 82' lang='grc' dir='ltr'>ἀπάγει</span> <span class='ocrx_word' id='word_1_585' title='bbox 480 4763 590 4816; x_wconf 88' lang='grc' dir='ltr'><strong>τῶν</strong></span> <span class='ocrx_word' id='word_1_586' title='bbox 661 4765 1037 4836; x_wconf 84' lang='grc' dir='ltr'>ἀνθρωπίνων·</span> <span class='ocrx_word' id='word_1_587' title='bbox 1081 4767 1198 4821; x_wconf 78' lang='grc' dir='ltr'>ἀλλ’</span> <span class='ocrx_word' id='word_1_588' title='bbox 1227 4769 1261 4838; x_wconf 85' lang='grc' dir='ltr'>ὴ</span> <span class='ocrx_word' id='word_1_589' title='bbox 1310 4769 1559 4822; x_wconf 87' lang='grc' dir='ltr'>παθοῦσα</span> <span class='ocrx_word' id='word_1_590' title='bbox 1593 4771 1690 4840; x_wconf 82' lang='grc' dir='ltr'><strong>τὴν</strong></span> 
     </span>
    </p>
   </div>
   <div class='ocr_carea' id='block_1_91' title="bbox 104 4853 1691 4934">
    <p class='ocr_par' dir='ltr' id='par_1_91' title="bbox 104 4853 1691 4934">
     <span class='ocr_line' id='line_1_91' title="bbox 104 4853 1691 4934; baseline 0.006 -27"><span class='ocrx_word' id='word_1_591' title='bbox 104 4853 365 4922; x_wconf 75' lang='grc' dir='ltr'>ἀγάπηνσ</span> <span class='ocrx_word' id='word_1_592' title='bbox 395 4855 532 4925; x_wconf 83' lang='grc' dir='ltr'>ὅπερ</span> <span class='ocrx_word' id='word_1_593' title='bbox 576 4856 724 4912; x_wconf 79' lang='grc' dir='ltr'>ἐστὶν</span> <span class='ocrx_word' id='word_1_594' title='bbox 760 4860 792 4929; x_wconf 83' lang='grc' dir='ltr'><strong>ἡ</strong></span> <span class='ocrx_word' id='word_1_595' title='bbox 828 4859 964 4931; x_wconf 72' lang='grc' dir='ltr'>πρὸς</span> <span class='ocrx_word' id='word_1_596' title='bbox 1010 4859 1070 4914; x_wconf 82' lang='grc' dir='ltr'>τὸ</span> <span class='ocrx_word' id='word_1_597' title='bbox 1127 4860 1346 4931; x_wconf 78' lang='grc' dir='ltr'>πνεῦμα</span> <span class='ocrx_word' id='word_1_598' title='bbox 1400 4861 1541 4916; x_wconf 84' lang='grc' dir='ltr'><strong>κατά</strong></span> <span class='ocrx_word' id='word_1_599' title='bbox 1591 4863 1691 4934; x_wconf 75' lang='grc' dir='ltr'>τὴν</span> 
     </span>
    </p>
   </div>
   <div class='ocr_carea' id='block_1_92' title="bbox 105 4940 573 5008">
    <p class='ocr_par' dir='ltr' id='par_1_92' title="bbox 105 4940 573 5008">
     <span class='ocr_line' id='line_1_92' title="bbox 105 4940 573 5008; baseline 0.002 -14"><span class='ocrx_word' id='word_1_600' title='bbox 105 4941 236 5008; x_wconf 75' lang='grc' dir='ltr'>ἕξιν</span> <span class='ocrx_word' id='word_1_601' title='bbox 265 4940 573 5005; x_wconf 81' lang='grc' dir='ltr'>ἀλλοίωσις.</span> 
     </span>
    </p>
   </div>
   <div class='ocr_carea' id='block_1_93' title="bbox 191 5112 1701 5187">
    <p class='ocr_par' dir='ltr' id='par_1_93' title="bbox 191 5112 1701 5187">
     <span class='ocr_line' id='line_1_93' title="bbox 191 5112 1701 5187; baseline 0.003 -23"><span class='ocrx_word' id='word_1_602' title='bbox 191 5112 302 5165; x_wconf 72' lang='grc' dir='ltr'>λα’;</span> <span class='ocrx_word' id='word_1_603' title='bbox 332 5113 457 5165; x_wconf 87' lang='grc' dir='ltr'>Ὅτι</span> <span class='ocrx_word' id='word_1_604' title='bbox 489 5112 539 5165; x_wconf 77' lang='grc' dir='ltr'>οἱ</span> <span class='ocrx_word' id='word_1_605' title='bbox 580 5113 707 5177; x_wconf 72' lang='grc' dir='ltr'>υἱοὶ,</span> <span class='ocrx_word' id='word_1_606' title='bbox 735 5112 935 5180; x_wconf 83' lang='grc' dir='ltr'>γνώσει</span> <span class='ocrx_word' id='word_1_607' title='bbox 990 5113 1084 5166; x_wconf 77' lang='grc' dir='ltr'>καὶ</span> <span class='ocrx_word' id='word_1_608' title='bbox 1136 5115 1324 5187; x_wconf 80' lang='grc' dir='ltr'>ἀγάπῃ</span> <span class='ocrx_word' id='word_1_609' title='bbox 1366 5117 1474 5169; x_wconf 90' lang='grc' dir='ltr'><strong>τῶν</strong></span> <span class='ocrx_word' id='word_1_610' title='bbox 1509 5117 1701 5172; x_wconf 83' lang='grc' dir='ltr'>παθῶν.</span> 
     </span>
    </p>
   </div>
   <div class='ocr_carea' id='block_1_94' title="bbox 104 5203 1696 5278">
    <p class='ocr_par' dir='ltr' id='par_1_94' title="bbox 104 5203 1696 5278">
     <span class='ocr_line' id='line_1_94' title="bbox 104 5203 1696 5278; baseline 0.001 -18"><span class='ocrx_word' id='word_1_611' title='bbox 104 5205 442 5275; x_wconf 66' lang='grc' dir='ltr'>ἀπέχουσινε</span> <span class='ocrx_word' id='word_1_612' title='bbox 469 5205 519 5256; x_wconf 83' lang='grc' dir='ltr'>οἱ</span> <span class='ocrx_word' id='word_1_613' title='bbox 553 5203 609 5260; x_wconf 83' lang='grc' dir='ltr'>δὲ</span> <span class='ocrx_word' id='word_1_614' title='bbox 636 5204 813 5258; x_wconf 86' lang='grc' dir='ltr'>δοῦλοι</span> <span class='ocrx_word' id='word_1_615' title='bbox 858 5206 952 5258; x_wconf 70' lang='grc' dir='ltr'>καὶ</span> <span class='ocrx_word' id='word_1_616' title='bbox 980 5205 1203 5276; x_wconf 87' lang='grc' dir='ltr'>μίσθιοι,</span> <span class='ocrx_word' id='word_1_617' title='bbox 1232 5208 1352 5277; x_wconf 67' lang='grc' dir='ltr'>ἦτοι</span> <span class='ocrx_word' id='word_1_618' title='bbox 1379 5209 1428 5260; x_wconf 77' lang='grc' dir='ltr'><strong>οἱ</strong></span> <span class='ocrx_word' id='word_1_619' title='bbox 1469 5225 1696 5278; x_wconf 66' lang='grc' dir='ltr'>πρακτι-</span> 
     </span>
    </p>
   </div>
   <div class='ocr_carea' id='block_1_95' title="bbox 109 5293 829 5364">
    <p class='ocr_par' dir='ltr' id='par_1_95' title="bbox 109 5293 829 5364">
     <span class='ocr_line' id='line_1_95' title="bbox 109 5293 829 5364; baseline 0.003 -16"><span class='ocrx_word' id='word_1_620' title='bbox 109 5295 231 5358; x_wconf 80' lang='grc' dir='ltr'>κοὶ,</span> <span class='ocrx_word' id='word_1_621' title='bbox 270 5294 304 5363; x_wconf 85' lang='grc' dir='ltr'><strong>ἢ</strong></span> <span class='ocrx_word' id='word_1_622' title='bbox 343 5293 517 5364; x_wconf 77' lang='grc' dir='ltr'>φόϐῳ,</span> <span class='ocrx_word' id='word_1_623' title='bbox 557 5295 590 5364; x_wconf 83' lang='grc' dir='ltr'>ἢ</span> <span class='ocrx_word' id='word_1_624' title='bbox 629 5295 829 5350; x_wconf 84' lang='grc' dir='ltr'>ἐλπίδι.</span> 
     </span>
    </p>
   </div>
   <div class='ocr_carea' id='block_1_96' title="bbox 191 5384 1692 5463">
    <p class='ocr_par' dir='ltr' id='par_1_96' title="bbox 191 5384 1692 5463">
     <span class='ocr_line' id='line_1_96' title="bbox 191 5384 1692 5463; baseline 0.005 -27"><span class='ocrx_word' id='word_1_625' title='bbox 191 5384 298 5456; x_wconf 70' lang='grc' dir='ltr'>λβν.</span> <span class='ocrx_word' id='word_1_626' title='bbox 329 5385 442 5438; x_wconf 73' lang='grc' dir='ltr'><strong>Καὶ</strong></span> <span class='ocrx_word' id='word_1_627' title='bbox 474 5384 649 5438; x_wconf 88' lang='grc' dir='ltr'>ταῦτα</span> <span class='ocrx_word' id='word_1_628' title='bbox 677 5387 930 5457; x_wconf 83' lang='grc' dir='ltr'>ἀπείργει</span> <span class='ocrx_word' id='word_1_629' title='bbox 961 5389 1084 5452; x_wconf 83' lang='grc' dir='ltr'>τοὺς</span> <span class='ocrx_word' id='word_1_630' title='bbox 1107 5390 1340 5460; x_wconf 66' lang='grc' dir='ltr'>γράφειν</span> <span class='ocrx_word' id='word_1_631' title='bbox 1368 5392 1692 5463; x_wconf 77' lang='grc' dir='ltr'>ᾑρημένους·</span> 
     </span>
    </p>
   </div>
   <div class='ocr_carea' id='block_1_97' title="bbox 109 5476 1460 5550">
    <p class='ocr_par' dir='ltr' id='par_1_97' title="bbox 109 5476 1460 5550">
     <span class='ocr_line' id='line_1_97' title="bbox 109 5476 1460 5550; baseline 0.002 -18"><span class='ocrx_word' id='word_1_632' title='bbox 109 5476 411 5532; x_wconf 82' lang='grc' dir='ltr'>δεικνύντα</span> <span class='ocrx_word' id='word_1_633' title='bbox 438 5479 620 5546; x_wconf 81' lang='grc' dir='ltr'>σαφῶς</span> <span class='ocrx_word' id='word_1_634' title='bbox 643 5479 741 5550; x_wconf 83' lang='grc' dir='ltr'>τὴν</span> <span class='ocrx_word' id='word_1_635' title='bbox 776 5480 980 5550; x_wconf 83' lang='grc' dir='ltr'>βλάϐην</span> <span class='ocrx_word' id='word_1_636' title='bbox 1023 5483 1086 5534; x_wconf 82' lang='grc' dir='ltr'><strong>ἐκ</strong></span> <span class='ocrx_word' id='word_1_637' title='bbox 1125 5481 1218 5534; x_wconf 84' lang='grc' dir='ltr'><strong>τοῦ</strong></span> <span class='ocrx_word' id='word_1_638' title='bbox 1257 5482 1460 5545; x_wconf 87' lang='grc' dir='ltr'>τέλους.</span> 
     </span>
    </p>
   </div>
   <div class='ocr_carea' id='block_1_98' title="bbox 195 5653 1555 5736">
    <p class='ocr_par' dir='ltr' id='par_1_98' title="bbox 195 5653 1555 5736">
     <span class='ocr_line' id='line_1_98' title="bbox 195 5653 1555 5736; baseline 0.006 -24"><span class='ocrx_word' id='word_1_639' title='bbox 195 5659 303 5726; x_wconf 84' lang='grc' dir='ltr'>λγ¹.</span> <span class='ocrx_word' id='word_1_640' title='bbox 345 5653 516 5729; x_wconf 81' lang='grc' dir='ltr'>Οἶμαι</span> <span class='ocrx_word' id='word_1_641' title='bbox 545 5660 680 5731; x_wconf 69' lang='grc' dir='ltr'>πρὸς</span> <span class='ocrx_word' id='word_1_642' title='bbox 704 5662 850 5732; x_wconf 76' lang='grc' dir='ltr'>ἡμᾶς</span> <span class='ocrx_word' id='word_1_643' title='bbox 883 5662 1078 5717; x_wconf 78' lang='grc' dir='ltr'>ἕϐλεπε</span> <span class='ocrx_word' id='word_1_644' title='bbox 1108 5663 1284 5718; x_wconf 83' lang='grc' dir='ltr'>ταῦτα</span> <span class='ocrx_word' id='word_1_645' title='bbox 1310 5668 1555 5736; x_wconf 80' lang='grc' dir='ltr'>γράφων.</span> 
     </span>
    </p>
   </div>
   <div class='ocr_carea' id='block_1_99' title="bbox 201 5842 1703 5925">
    <p class='ocr_par' dir='ltr' id='par_1_99' title="bbox 201 5842 1703 5925">
     <span class='ocr_line' id='line_1_99' title="bbox 201 5842 1703 5925; baseline 0.004 -24"><span class='ocrx_word' id='word_1_646' title='bbox 201 5842 299 5901; x_wconf 69' lang='grc' dir='ltr'>λᾶ.</span> <span class='ocrx_word' id='word_1_647' title='bbox 327 5845 443 5899; x_wconf 69' lang='grc' dir='ltr'>Οὐκ</span> <span class='ocrx_word' id='word_1_648' title='bbox 471 5845 699 5916; x_wconf 67' lang='grc' dir='ltr'>ἐνόησαν</span> <span class='ocrx_word' id='word_1_649' title='bbox 734 5849 788 5901; x_wconf 67' lang='grc' dir='ltr'>τὸ</span> <span class='ocrx_word' id='word_1_650' title='bbox 822 5852 882 5901; x_wconf 75' lang='grc' dir='ltr'>ἐκ</span> <span class='ocrx_word' id='word_1_651' title='bbox 918 5851 1011 5921; x_wconf 80' lang='grc' dir='ltr'><strong>τῆς</strong></span> <span class='ocrx_word' id='word_1_652' title='bbox 1043 5851 1264 5920; x_wconf 70' lang='grc' dir='ltr'>μεθόδου</span> <span class='ocrx_word' id='word_1_653' title='bbox 1292 5853 1492 5922; x_wconf 74' lang='grc' dir='ltr'>ταύτης</span> <span class='ocrx_word' id='word_1_654' title='bbox 1519 5854 1703 5925; x_wconf 75' lang='grc' dir='ltr'>κέρδος</span> 
     </span>
    </p>
   </div>
   <div class='ocr_carea' id='block_1_100' title="bbox 1788 4659 3368 4732">
    <p class='ocr_par' dir='ltr' id='par_1_100' title="bbox 1788 4659 3368 4732">
     <span class='ocr_line' id='line_1_100' title="bbox 1788 4659 3368 4732; baseline -0.004 -15"><span class='ocrx_word' id='word_1_655' title='bbox 1788 4679 1898 4718; x_wconf 90' lang='lat' dir='ltr'><strong>non</strong></span> <span class='ocrx_word' id='word_1_656' title='bbox 1931 4665 2114 4726; x_wconf 86' lang='lat' dir='ltr'><strong>habet,</strong></span> <span class='ocrx_word' id='word_1_657' title='bbox 2141 4678 2262 4732; x_wconf 64' lang='lat' dir='ltr'><strong>quae</strong></span> <span class='ocrx_word' id='word_1_658' title='bbox 2290 4671 2375 4717; x_wconf 90' lang='lat' dir='ltr'><strong>est</strong></span> <span class='ocrx_word' id='word_1_659' title='bbox 2405 4661 2634 4731; x_wconf 83' lang='lat' dir='ltr'><strong>simplex</strong></span> <span class='ocrx_word' id='word_1_660' title='bbox 2664 4678 2677 4712; x_wconf 90' lang='lat'><strong>:</strong></span> <span class='ocrx_word' id='word_1_661' title='bbox 2710 4676 2832 4729; x_wconf 84' lang='lat' dir='ltr'><strong>quae</strong></span> <span class='ocrx_word' id='word_1_662' title='bbox 2853 4660 2999 4714; x_wconf 90' lang='lat' dir='ltr'><strong>enim</strong></span> <span class='ocrx_word' id='word_1_663' title='bbox 3021 4675 3146 4714; x_wconf 90' lang='lat' dir='ltr'><strong>cum</strong></span> <span class='ocrx_word' id='word_1_664' title='bbox 3170 4659 3368 4714; x_wconf 73' lang='lat' dir='ltr'><strong>affectu</strong></span> 
     </span>
    </p>
   </div>
   <div class='ocr_carea' id='block_1_101' title="bbox 1789 4752 3369 4823">
    <p class='ocr_par' dir='ltr' id='par_1_101' title="bbox 1789 4752 3369 4823">
     <span class='ocr_line' id='line_1_101' title="bbox 1789 4752 3369 4823; baseline -0.005 -10"><span class='ocrx_word' id='word_1_665' title='bbox 1789 4764 1874 4813; x_wconf 89' lang='lat' dir='ltr'><strong>est</strong></span> <span class='ocrx_word' id='word_1_666' title='bbox 1921 4773 1984 4812; x_wconf 88' lang='lat' dir='ltr'><strong>ac</strong></span> <span class='ocrx_word' id='word_1_667' title='bbox 2032 4757 2349 4820; x_wconf 86' lang='lat' dir='ltr'><strong>libidinosa,</strong></span> <span class='ocrx_word' id='word_1_668' title='bbox 2376 4755 2600 4810; x_wconf 87' lang='lat' dir='ltr'><strong>abducit</strong></span> <span class='ocrx_word' id='word_1_669' title='bbox 2627 4771 2655 4807; x_wconf 90' lang='lat' dir='ltr'><strong>a</strong></span> <span class='ocrx_word' id='word_1_670' title='bbox 2690 4755 2821 4807; x_wconf 92' lang='lat' dir='ltr'><strong>Deo.</strong></span> <span class='ocrx_word' id='word_1_671' title='bbox 2847 4753 2938 4808; x_wconf 89' lang='lat' dir='ltr'><strong>Sic</strong></span> <span class='ocrx_word' id='word_1_672' title='bbox 2962 4769 3183 4823; x_wconf 89' lang='lat' dir='ltr'><strong>quoque</strong></span> <span class='ocrx_word' id='word_1_673' title='bbox 3223 4752 3369 4806; x_wconf 91' lang='lat' dir='ltr'><strong>nuda</strong></span> 
     </span>
    </p>
   </div>
   <div class='ocr_carea' id='block_1_102' title="bbox 1790 4825 3388 4917">
    <p class='ocr_par' dir='ltr' id='par_1_102' title="bbox 1790 4825 3388 4917">
     <span class='ocr_line' id='line_1_102' title="bbox 1790 4825 3388 4917; baseline -0.004 -14"><span class='ocrx_word' id='word_1_674' title='bbox 1790 4864 1853 4903; x_wconf 87' lang='lat' dir='ltr'><strong>ac</strong></span> <span class='ocrx_word' id='word_1_675' title='bbox 1877 4848 2108 4917; x_wconf 76' lang='lat' dir='ltr'><strong>simplex</strong></span> <span class='ocrx_word' id='word_1_676' title='bbox 2138 4848 2387 4911; x_wconf 90' lang='lat' dir='ltr'><strong>scientia,</strong></span> <span class='ocrx_word' id='word_1_677' title='bbox 2412 4862 2522 4900; x_wconf 94' lang='lat' dir='ltr'><strong>non</strong></span> <span class='ocrx_word' id='word_1_678' title='bbox 2567 4847 2635 4899; x_wconf 88' lang='lat' dir='ltr'><strong>ah</strong></span> <span class='ocrx_word' id='word_1_679' title='bbox 2676 4847 2930 4899; x_wconf 78' lang='lat' dir='ltr'><strong>humanis</strong></span> <span class='ocrx_word' id='word_1_680' title='bbox 2974 4845 3219 4907; x_wconf 91' lang='lat' dir='ltr'><strong>abducit,</strong></span> <span class='ocrx_word' id='word_1_681' title='bbox 3273 4825 3388 4896; x_wconf 50' lang='lat' dir='ltr'><strong>scf</strong></span> 
     </span>
    </p>
   </div>
   <div class='ocr_carea' id='block_1_103' title="bbox 1790 4935 3370 5011">
    <p class='ocr_par' dir='ltr' id='par_1_103' title="bbox 1790 4935 3370 5011">
     <span class='ocr_line' id='line_1_103' title="bbox 1790 4935 3370 5011; baseline -0.004 -16"><span class='ocrx_word' id='word_1_682' title='bbox 1790 4957 1911 5011; x_wconf 75' lang='lat' dir='ltr'><strong>qua:</strong></span> <span class='ocrx_word' id='word_1_683' title='bbox 1933 4941 2283 4996; x_wconf 88' lang='lat' dir='ltr'><strong>dilectionem</strong></span> <span class='ocrx_word' id='word_1_684' title='bbox 2316 4940 2552 5009; x_wconf 83' lang='lat' dir='ltr'><strong>patitur;</strong></span> <span class='ocrx_word' id='word_1_685' title='bbox 2601 4939 2748 5008; x_wconf 92' lang='lat' dir='ltr'><strong>quod</strong></span> <span class='ocrx_word' id='word_1_686' title='bbox 2805 4948 2889 4994; x_wconf 90' lang='lat' dir='ltr'><strong>est</strong></span> <span class='ocrx_word' id='word_1_687' title='bbox 2949 4935 3258 4992; x_wconf 89' lang='lat' dir='ltr'><strong>immutatio</strong></span> <span class='ocrx_word' id='word_1_688' title='bbox 3311 4935 3370 4989; x_wconf 90' lang='lat' dir='ltr'><strong>in</strong></span> 
     </span>
    </p>
   </div>
   <div class='ocr_carea' id='block_1_104' title="bbox 1792 5030 2549 5100">
    <p class='ocr_par' dir='ltr' id='par_1_104' title="bbox 1792 5030 2549 5100">
     <span class='ocr_line' id='line_1_104' title="bbox 1792 5030 2549 5100; baseline -0.007 -15"><span class='ocrx_word' id='word_1_689' title='bbox 1792 5030 2045 5100; x_wconf 87' lang='lat' dir='ltr'><strong>spiritum</strong></span> <span class='ocrx_word' id='word_1_690' title='bbox 2082 5046 2203 5100; x_wconf 81' lang='lat' dir='ltr'><strong>quae</strong></span> <span class='ocrx_word' id='word_1_691' title='bbox 2231 5030 2421 5084; x_wconf 88' lang='lat' dir='ltr'><strong>habitu</strong></span> <span class='ocrx_word' id='word_1_692' title='bbox 2447 5040 2549 5084; x_wconf 87' lang='lat' dir='ltr'><strong>est.</strong></span> 
     </span>
    </p>
   </div>
   <div class='ocr_carea' id='block_1_105' title="bbox 1861 5117 3371 5192">
    <p class='ocr_par' dir='ltr' id='par_1_105' title="bbox 1861 5117 3371 5192">
     <span class='ocr_line' id='line_1_105' title="bbox 1861 5117 3371 5192; baseline -0.003 -17"><span class='ocrx_word' id='word_1_693' title='bbox 1861 5122 1949 5175; x_wconf 80' lang='grc'><strong>51.</strong></span> <span class='ocrx_word' id='word_1_694' title='bbox 1979 5121 2081 5188; x_wconf 83' lang='lat' dir='ltr'><strong>Qui</strong></span> <span class='ocrx_word' id='word_1_695' title='bbox 2122 5121 2221 5175; x_wconf 91' lang='lat' dir='ltr'><strong>ﬁlii</strong></span> <span class='ocrx_word' id='word_1_696' title='bbox 2265 5130 2417 5192; x_wconf 89' lang='lat' dir='ltr'><strong>sunt,</strong></span> <span class='ocrx_word' id='word_1_697' title='bbox 2452 5121 2682 5175; x_wconf 87' lang='lat' dir='ltr'><strong>scicntia</strong></span> <span class='ocrx_word' id='word_1_698' title='bbox 2715 5131 2771 5175; x_wconf 88' lang='lat' dir='ltr'><strong>et</strong></span> <span class='ocrx_word' id='word_1_699' title='bbox 2797 5121 3065 5175; x_wconf 89' lang='lat' dir='ltr'><strong>eharitate</strong></span> <span class='ocrx_word' id='word_1_700' title='bbox 3097 5117 3371 5173; x_wconf 88' lang='lat' dir='ltr'><strong>seavitiis</strong></span> 
     </span>
    </p>
   </div>
   <div class='ocr_carea' id='block_1_106' title="bbox 1795 5201 3371 5284">
    <p class='ocr_par' dir='ltr' id='par_1_106' title="bbox 1795 5201 3371 5284">
     <span class='ocr_line' id='line_1_106' title="bbox 1795 5201 3371 5284; baseline -0.003 -15"><span class='ocrx_word' id='word_1_701' title='bbox 1795 5213 2076 5269; x_wconf 89' lang='lat' dir='ltr'><strong>abstinent</strong></span> <span class='ocrx_word' id='word_1_702' title='bbox 2101 5219 2122 5267; x_wconf 78' lang='grc' dir='ltr'><strong>ε’</strong></span> <span class='ocrx_word' id='word_1_703' title='bbox 2144 5214 2292 5269; x_wconf 89' lang='lat' dir='ltr'><strong>servi</strong></span> <span class='ocrx_word' id='word_1_704' title='bbox 2317 5223 2499 5268; x_wconf 90' lang='lat' dir='ltr'><strong>autem</strong></span> <span class='ocrx_word' id='word_1_705' title='bbox 2525 5223 2578 5268; x_wconf 90' lang='lat' dir='ltr'><strong>et</strong></span> <span class='ocrx_word' id='word_1_706' title='bbox 2633 5212 2959 5268; x_wconf 88' lang='lat' dir='ltr'><strong>mercenarii</strong></span> <span class='ocrx_word' id='word_1_707' title='bbox 3000 5211 3079 5284; x_wconf 87' lang='lat' dir='ltr'><strong>(id</strong></span> <span class='ocrx_word' id='word_1_708' title='bbox 3126 5201 3230 5278; x_wconf 86' lang='lat' dir='ltr'><strong>est,</strong></span> <span class='ocrx_word' id='word_1_709' title='bbox 3277 5211 3371 5281; x_wconf 92' lang='lat' dir='ltr'><strong>qui</strong></span> 
     </span>
    </p>
   </div>
   <div class='ocr_carea' id='block_1_107' title="bbox 1794 5303 2928 5371">
    <p class='ocr_par' dir='ltr' id='par_1_107' title="bbox 1794 5303 2928 5371">
     <span class='ocr_line' id='line_1_107' title="bbox 1794 5303 2928 5371; baseline -0.001 -17"><span class='ocrx_word' id='word_1_710' title='bbox 1794 5303 2067 5356; x_wconf 88' lang='lat' dir='ltr'><strong>actionem</strong></span> <span class='ocrx_word' id='word_1_711' title='bbox 2091 5303 2303 5365; x_wconf 92' lang='lat' dir='ltr'><strong>colunt)</strong></span> <span class='ocrx_word' id='word_1_712' title='bbox 2334 5311 2433 5356; x_wconf 90' lang='lat' dir='ltr'><strong>aut</strong></span> <span class='ocrx_word' id='word_1_713' title='bbox 2465 5303 2664 5357; x_wconf 90' lang='lat' dir='ltr'><strong>timore</strong></span> <span class='ocrx_word' id='word_1_714' title='bbox 2688 5311 2783 5355; x_wconf 88' lang='lat' dir='ltr'><strong>aut</strong></span> <span class='ocrx_word' id='word_1_715' title='bbox 2810 5317 2928 5371; x_wconf 87' lang='lat' dir='ltr'><strong>spe.</strong></span> 
     </span>
    </p>
   </div>
   <div class='ocr_carea' id='block_1_108' title="bbox 1868 5391 3374 5464">
    <p class='ocr_par' dir='ltr' id='par_1_108' title="bbox 1868 5391 3374 5464">
     <span class='ocr_line' id='line_1_108' title="bbox 1868 5391 3374 5464; baseline -0.001 -19"><span class='ocrx_word' id='word_1_716' title='bbox 1868 5393 2106 5447; x_wconf 63' lang='lat' dir='ltr'><strong>59.71am</strong></span> <span class='ocrx_word' id='word_1_717' title='bbox 2127 5409 2348 5464; x_wconf 89' lang='lat' dir='ltr'><strong>quoque</strong></span> <span class='ocrx_word' id='word_1_718' title='bbox 2403 5393 2705 5456; x_wconf 88' lang='lat' dir='ltr'><strong>deterrent,</strong></span> <span class='ocrx_word' id='word_1_719' title='bbox 2754 5393 2958 5461; x_wconf 86' lang='lat' dir='ltr'><strong>quibus</strong></span> <span class='ocrx_word' id='word_1_720' title='bbox 3015 5400 3077 5464; x_wconf 72' lang='lat' dir='ltr'><strong>ut</strong></span> <span class='ocrx_word' id='word_1_721' title='bbox 3127 5391 3374 5446; x_wconf 88' lang='lat' dir='ltr'><strong>scribant</strong></span> 
     </span>
    </p>
   </div>
   <div class='ocr_carea' id='block_1_109' title="bbox 1798 5481 3373 5551">
    <p class='ocr_par' dir='ltr' id='par_1_109' title="bbox 1798 5481 3373 5551">
     <span class='ocr_line' id='line_1_109' title="bbox 1798 5481 3373 5551; baseline -0.003 -13"><span class='ocrx_word' id='word_1_722' title='bbox 1798 5487 1980 5539; x_wconf 88' lang='lat' dir='ltr'><strong>animo</strong></span> <span class='ocrx_word' id='word_1_723' title='bbox 2009 5486 2366 5538; x_wconf 85' lang='lat' dir='ltr'><strong>constitutum</strong></span> <span class='ocrx_word' id='word_1_724' title='bbox 2394 5484 2465 5538; x_wconf 88' lang='lat' dir='ltr'><strong>sit</strong></span> <span class='ocrx_word' id='word_1_725' title='bbox 2497 5501 2510 5537; x_wconf 87' lang='lat'><strong>:</strong></span> <span class='ocrx_word' id='word_1_726' title='bbox 2543 5500 2662 5551; x_wconf 78' lang='lat' dir='ltr'><strong>quze</strong></span> <span class='ocrx_word' id='word_1_727' title='bbox 2693 5497 2886 5551; x_wconf 87' lang='lat' dir='ltr'><strong>nempe</strong></span> <span class='ocrx_word' id='word_1_728' title='bbox 2914 5481 3173 5536; x_wconf 88' lang='lat' dir='ltr'><strong>damnum</strong></span> <span class='ocrx_word' id='word_1_729' title='bbox 3197 5482 3373 5551; x_wconf 87' lang='lat' dir='ltr'><strong>palam</strong></span> 
     </span>
    </p>
   </div>
   <div class='ocr_carea' id='block_1_110' title="bbox 1799 5577 2327 5632">
    <p class='ocr_par' dir='ltr' id='par_1_110' title="bbox 1799 5577 2327 5632">
     <span class='ocr_line' id='line_1_110' title="bbox 1799 5577 2327 5632; baseline -0.006 0"><span class='ocrx_word' id='word_1_730' title='bbox 1799 5595 1865 5632; x_wconf 87' lang='lat' dir='ltr'><strong>ex</strong></span> <span class='ocrx_word' id='word_1_731' title='bbox 1893 5580 1998 5632; x_wconf 89' lang='lat' dir='ltr'><strong>ﬁne</strong></span> <span class='ocrx_word' id='word_1_732' title='bbox 2014 5577 2327 5632; x_wconf 86' lang='lat' dir='ltr'><strong>ostendant.</strong></span> 
     </span>
    </p>
   </div>
   <div class='ocr_carea' id='block_1_111' title="bbox 1873 5664 3373 5736">
    <p class='ocr_par' dir='ltr' id='par_1_111' title="bbox 1873 5664 3373 5736">
     <span class='ocr_line' id='line_1_111' title="bbox 1873 5664 3373 5736; baseline -0.005 -14"><span class='ocrx_word' id='word_1_733' title='bbox 1873 5669 1962 5722; x_wconf 77' lang='lat'><strong>&#39;55.</strong></span> <span class='ocrx_word' id='word_1_734' title='bbox 1998 5669 2066 5722; x_wconf 89' lang='lat' dir='ltr'><strong>Et</strong></span> <span class='ocrx_word' id='word_1_735' title='bbox 2097 5668 2211 5721; x_wconf 64' lang='lat' dir='ltr'><strong>haec</strong></span> <span class='ocrx_word' id='word_1_736' title='bbox 2239 5675 2370 5736; x_wconf 90' lang='lat' dir='ltr'><strong>puto</strong></span> <span class='ocrx_word' id='word_1_737' title='bbox 2395 5667 2525 5720; x_wconf 90' lang='lat' dir='ltr'><strong>dum</strong></span> <span class='ocrx_word' id='word_1_738' title='bbox 2567 5664 2853 5726; x_wconf 85' lang='lat' dir='ltr'><strong>scriberet,</strong></span> <span class='ocrx_word' id='word_1_739' title='bbox 2886 5665 2952 5718; x_wconf 90' lang='lat' dir='ltr'><strong>ad</strong></span> <span class='ocrx_word' id='word_1_740' title='bbox 2990 5682 3088 5718; x_wconf 88' lang='lat' dir='ltr'><strong>nos</strong></span> <span class='ocrx_word' id='word_1_741' title='bbox 3133 5665 3373 5719; x_wconf 90' lang='lat' dir='ltr'><strong>animum</strong></span> 
     </span>
    </p>
   </div>
   <div class='ocr_carea' id='block_1_112' title="bbox 1806 5759 2142 5814">
    <p class='ocr_par' dir='ltr' id='par_1_112' title="bbox 1806 5759 2142 5814">
     <span class='ocr_line' id='line_1_112' title="bbox 1806 5759 2142 5814; baseline -0.012 0"><span class='ocrx_word' id='word_1_742' title='bbox 1806 5759 2142 5814; x_wconf 86' lang='lat' dir='ltr'><strong>intendebat.</strong></span> 
     </span>
    </p>
   </div>
   <div class='ocr_carea' id='block_1_113' title="bbox 1873 5847 3378 5917">
    <p class='ocr_par' dir='ltr' id='par_1_113' title="bbox 1873 5847 3378 5917">
     <span class='ocr_line' id='line_1_113' title="bbox 1873 5847 3378 5917; baseline -0.003 -11"><span class='ocrx_word' id='word_1_743' title='bbox 1873 5852 1958 5906; x_wconf 63' lang='grc'><strong>51.</strong></span> <span class='ocrx_word' id='word_1_744' title='bbox 1995 5850 2110 5904; x_wconf 85' lang='lat' dir='ltr'><strong>Non</strong></span> <span class='ocrx_word' id='word_1_745' title='bbox 2151 5848 2555 5915; x_wconf 78' lang='lat' dir='ltr'><strong>intellexerunt,</strong></span> <span class='ocrx_word' id='word_1_746' title='bbox 2604 5847 2748 5917; x_wconf 85' lang='lat' dir='ltr'><strong>quod</strong></span> <span class='ocrx_word' id='word_1_747' title='bbox 2780 5864 2842 5902; x_wconf 79' lang='lat' dir='ltr'><strong>ex</strong></span> <span class='ocrx_word' id='word_1_748' title='bbox 2875 5847 2971 5901; x_wconf 81' lang='lat' dir='ltr'><strong>hac</strong></span> <span class='ocrx_word' id='word_1_749' title='bbox 3011 5847 3266 5902; x_wconf 84' lang='lat' dir='ltr'><strong>methodo</strong></span> <span class='ocrx_word' id='word_1_750' title='bbox 3291 5862 3378 5901; x_wconf 85' lang='lat' dir='ltr'><strong>se-</strong></span> 
     </span>
    </p>
   </div>
  </div>
