4048 6432
607 363 742 431 1c79
1765 369 1826 429 s.
1868 369 2153 462 MAXIMI
2188 368 2698 450 CONFESSORIS
3711 392 3830 462 1080

598 474 788 545 quitur
810 474 1045 537 lucrum,
1072 471 1166 542 qui
1205 486 1266 526 se
1297 471 1438 526 seire
1468 471 1783 528 existimant
1809 491 1822 526 :
1857 489 1982 530 nam
2009 461 2063 528 si
2080 473 2188 528 sci-

2292 481 2342 533 οί
2393 465 2705 558 νομίζοντες
2756 494 2977 549 εἰδέναι.
3022 497 3084 550 Εἰ
3123 496 3234 569 γὰρ
3266 496 3527 568 ιγνωσαν,
3558 499 3832 574 ἐκέρδησαν

596 565 826 630 vissent,
856 563 1204 619 commodum
1238 563 1344 619 hoc
1369 571 1764 638 reportassent,
1784 572 1846 619 ut
1875 564 1930 620 in
1954 564 2186 622 scientia

2291 577 2354 634 ἀν
2383 581 2443 635 τὸ
2472 584 2802 655 προκόπτειν
2825 589 2905 652 εἰς
2931 588 2993 642 τὸ
3025 590 3249 646 εἰδέναι.

598 654 959 724 proﬁcerent.
2356 657 2360 664 '

668 747 759 803 35.
791 746 1038 801 Morante
1086 742 1322 814 simplici
1356 742 1615 814 nudaque
1643 745 2001 815 cogitatione,
2031 743 2183 800 exei-

2357 761 2450 816 λε’.
2494 763 2619 818 Ὀτι
2651 764 2994 836 χρονίζοντος
3035 766 3133 822 τοῦ
3179 768 3338 839 ψιλοῦ
3377 769 3662 842 λογισμοῦ,
3689 779 3835 825 κινεῖ-

602 850 754 894 tatur
783 838 1016 896 aﬁ‘ectus
1048 855 1062 890 :
1094 837 1172 892 uti
1201 837 1366 891 etiam
1395 853 1459 892 ea
1485 853 1611 908 quae
1638 838 1862 894 aﬁ‘ectui
1890 840 2191 918 coniuncta!

2291 869 2379 907 ται
2401 853 2462 926 τὸ
2485 854 2674 921 πάθος’
2704 857 2894 930 ὥσπερ
2922 860 3016 925 καὶ
3041 859 3148 934 τοῦ,
3167 837 3468 933 ὲὴμπαθοῦς,
3497 837 3700 931 γίνεται
3727 881 3835 932 cn»;-

599 947 664 986 ac
686 930 984 985 libidinosa
1005 938 1112 993 est,
1145 939 1438 999 praestatur
1459 946 1781 987 consensus.

2291 943 2606 1011 κατάθεσις.

665 1023 753 1078 36.
781 1021 920 1086 Seis,
942 1020 1190 1085 Domine,
1210 1022 1486 1092 quomodo
1497 1023 1714 1093 judicer
1735 1021 1921 1108 hodie,
1943 1031 1997 1077 et
2021 1039 2184 1093 quam

2356 1036 2465 1102 λς’.
2491 1034 2671 1105 Οἶδας,
2693 1041 2890 1120 Κύριε,
2913 1042 3062 1107 ὅπως
3096 1043 3358 1116 κρίνομαι
3379 1043 3520 1115 ciuis
3531 1059 3642 1114 ρον,
3670 1044 3756 1097 καὶ
3778 1045 3835 1098 δι’
3887 1097 3890 1099 .

596 1113 669 1170 ob
708 1128 928 1168 causam
962 1127 1032 1168 ne
1062 1112 1414 1182 derelinquas
1441 1129 1550 1168 me.

2291 1127 2353 1197 ἣν
2387 1129 2589 1184 αἰτίαν·
2625 1131 2701 1203 μὴ
2733 1112 3104 1206 ἐγκαταλίπῃς
3433 1112 3444 1115 τ
3533 1112 3542 1114 ί
3573 1175 3582 1182 .

666 1206 754 1261 57.
779 1205 900 1259 Non
927 1214 1107 1276 potest
1142 1205 1260 1260 haec
1293 1213 1576 1276 praastare,
1603 1205 1696 1276 qui
1732 1208 1849 1262 suis
1876 1208 1990 1264 ﬁdit
2011 1208 2183 1288 ratio-

2353 1219 2454 1285 λζ’.
2482 1220 2558 1274 υύ
2588 1221 2813 1294 δύναται
2853 1205 3057 1298 ταῦτα
3091 1205 3338 1296 ποιῆσαι,
3402 1226 3432 1278 ὁ
3493 1226 3603 1290 τοῖς
3640 1227 3836 1292 οἰκείοις

547 1355 549 1358 ς
599 1295 787 1361 nibus,
819 1310 883 1350 ac
923 1311 983 1350 se
1004 1296 1116 1366 jam
1173 1295 1660 1366 comprehendisse
1706 1298 2002 1362 existimat,
2038 1315 2181 1369 quae.

2291 1311 2589 1379 πιστεύσας
2635 1295 2942 1386 λογισμοῖς,
2979 1316 3076 1380 καὶ
3118 1295 3278 1378 δόξας
3319 1315 3419 1387 ἤδη
3450 1315 3838 1386 κατειληφέναι,

598 1397 952 1462 posteaquam
980 1387 1147 1442 etiam
1165 1385 1564 1456 comprehensa
1595 1396 1746 1454 sunt,
1764 1397 1960 1444 natura
1980 1390 2186 1464 incom-

2291 1403 2354 1468 τά
2386 1404 2485 1457 καὶ
2523 1404 2663 1475 μετά
2695 1405 2757 1459 τὸ
2793 1405 3160 1476 κατειλῆφθαι
3199 1385 3568 1476 ἀκατάληπτα
3598 1385 3732 1462 κατά
3755 1409 3842 1478 φύο

599 1477 879 1547 prehensa
908 1483 1160 1532 manent.
2062 1477 2064 1479 ’

2291 1512 2372 1548 σιν
2402 1497 2739 1567 ὑπάρχοντα.

669 1567 758 1624 58.
827 1567 1079 1624 Tristitia
1135 1567 1287 1640 (πετὶ
1344 1567 1558 1624 scilicet
1611 1567 1782 1622 animi
1827 1567 2072 1638 aﬁ’ectio)
2127 1577 2184 1625 et

2354 1588 2458 1658 λη’.
2494 1571 2655 1662 Ᾰύπη
2696 1591 2792 1644 καὶ
2837 1592 3012 1662 μῖσος,
3039 1590 3136 1654 τοῦ
3165 1589 3364 1660 ἀλόγου
3401 1589 3608 1662 μέρους
3633 1589 3727 1660 τῆς
3752 1588 3844 1660 ψυο

599 1661 813 1727 odium,
848 1663 986 1718 vitia
1007 1671 1139 1720 sunt
1157 1662 1331 1733 partis
1353 1662 1524 1716 animi
1553 1663 1800 1732 expertis
1824 1663 2075 1718 rationis.

2291 1678 2388 1751 χῆς
2421 1679 2800 1752 ἐλαττώματα.

671 1755 761 1812 59.
797 1755 935 1810 Vide
957 1754 1235 1826 quomodo
1264 1754 1630 1824 deeipiamur,
1664 1754 1761 1827 qui
1794 1756 2073 1812 contraria
2101 1754 2184 1843 fa-

2358 1773 2457 1828 λον.
2501 1775 2674 1829 Βλέπε
2722 1777 2795 1840 ὡς
2841 1775 3206 1848 ἀπατώμεοα,
3238 1774 3501 1830 τάναντία
3563 1772 3839 1837 ποιοῦντες,

600 1847 834 1911 ciamus,
863 1858 919 1902 et
945 1846 1257 1902 Christiana
1287 1861 1390 1901 nos
1429 1845 1635 1916 pietate
1675 1846 1866 1934 vivere
1907 1839 2188 1904 existime-

2360 1821 2457 1828 --ν-
2502 1821 2674 1829 ν---η-
2724 1821 2795 1840 -ν
2841 1821 3206 1848 ..αντη-τη,
3249 1821 3501 1830 -.ην-γη-

2291 1867 2386 1935 m).
2413 1868 2728 1938 νομίζοντες
2767 1869 2910 1923 κατά
2959 1869 3197 1940 Χριστὸν
3226 1865 3627 1921 πολιτεύεσθαιο
3667 1865 3724 1918 τὸ
3760 1864 3842 1934 βα-

600 1955 747 2005 mus,
784 1939 1044 2010 quodque
1080 1938 1304 2010 gravius
1331 1946 1437 2001 est,
1473 1939 1584 2009 jam
1613 1954 1837 2008 quoque
1881 1937 2198 2012 spiritalem.

601 2027 715 2099 pati
751 2026 1105 2082 dilectionem
1139 2025 1499 2082 arbitremur.

671 2119 762 2174 40.
798 2118 978 2178 Habet
1003 2118 1130 2190 quis
1148 2117 1349 2172 vitium
1401 2117 1647 2172 avaritia:
1684 2135 1698 2171 :
1733 2133 1846 2172 non
1871 2116 2082 2188 indiget
2129 2124 2192 2170 ut

599 2226 702 2282 per
736 2210 1027 2268 avaritiam
1066 2209 1172 2264 sibi
1215 2208 1425 2279 aliquid
1455 2218 1696 2280 arroget,
1727 2218 1825 2264 aut
1876 2218 1940 2263 ut
1988 2199 2190 2286 injuste

601 2301 846 2371 aliquem
899 2301 1320 2356 eireumveniat.
1346 2300 1480 2372 Ejus
1506 2301 1587 2355 rei
1628 2310 1823 2356 nactus
1848 2300 2186 2366 facultatem,

601 2395 787 2450 statim
811 2393 1272 2466 deprehenditur.
1298 2391 1478 2463 Atque
1506 2391 1560 2447 id
1585 2400 1776 2447 notum
1795 2400 1899 2446 est.
2001 2389 2003 2391 ’
2191 2383 2199 2391 ’λ

672 2487 762 2542 41.
797 2485 932 2542 Vide
973 2485 1030 2544 in
1067 2485 1274 2556 quibus
1304 2484 1723 2556 longanimitate
1773 2492 1830 2540 et
1880 2484 1934 2538 in
1985 2485 2190 2557 quibus

2364 2511 2473 2576 μα’.
2505 2504 2648 2576 Ὅρα
2697 2502 2801 2558 ποῦ
2827 2501 2905 2572 τῷ
2942 2503 3316 2577 μακροθυμεῖν
3362 2500 3598 2568 καὶ-ποῦ
3635 2499 3709 2572 τῷ
3736 2499 3842 2554 ὕπο-

599 2577 864 2650 patientia
892 2576 1181 2634 utendum.
1213 2576 1453 2631 Tametsi
1477 2576 1626 2631 enim
1651 2587 1952 2647 utrumque
1979 2577 2033 2631 in
2065 2586 2188 2633 ten-

2294 2597 2478 2666 μένειν
2502 2597 2793 2667 χρηστέον.
2833 2596 2955 2650 Κᾶν
2987 2596 3097 2667 γὰρ
3136 2597 3306 2668 ἀμφω
3340 2596 3434 2648 ἐπὶ
3462 2595 3573 2650 τῶν
3601 2593 3839 2658 ἀκουσίων

602 2669 910 2725 tatiouibus
957 2668 1198 2728 dicatur,
1250 2681 1373 2736 quae
1415 2666 1605 2721 invitis
1651 2667 2007 2739 exteriusque
2063 2684 2192 2722 eve-

2291 2666 2518 2759 λέγηται
2547 2666 2911 2759 έπειρασμῶνο
2963 2666 3078 2741 m‘
3138 2666 3190 2742 οί
3247 2686 3499 2741 ἀκούσιοι
3551 2686 3634 2749 είς
3681 2684 3838 2753 λόγους

600 2762 768 2818 niunt
793 2778 807 2815 :
838 2760 988 2831 quod
1014 2770 1198 2815 tamen
1225 2760 1332 2814 illa:
1355 2759 1411 2814 in
1438 2774 1724 2815 sermones
1750 2770 1916 2831 atque
1955 2760 2189 2815 verbera

2291 2779 2658 2852 διαιρούμενοι
2702 2762 2799 2836 καὶ
2854 2781 3088 2853 πληγάς,
3135 2780 3502 2851 συνδιαιοοῦσι
3557 2779 3668 2852 καὶ,
3699 2776 3839 2832 ταῦτα

602 2871 702 2913 seu
730 2856 916 2926 plagas
947 2853 1296 2916 dividuntur,
1341 2867 1453 2909 una
1484 2869 1705 2924 quoque
1740 2853 1856 2910 haec
1881 2869 2067 2910 secum
2102 2853 2189 2908 vi-

2291 2849 2415 2934 τοῖς
2443 2849 2728 2940 βλέπουσι.
2779 2858 2782 2861 ’
3097 2865 3100 2868 ’
3293 2849 3296 2851 Δ

603 2949 870 3009 dentibus
894 2947 1172 3004 dividunt.

2294 1961 2542 2033 ρύτερον.
2584 1963 2682 2017 καὶ
2726 1963 2828 2036 ήδη
2875 1961 3068 2016 παθεῖν
3095 1961 3195 2033 τὴν
3239 1959 3624 2032 aucupari.th
3651 1959 3842 2027 ἀγάπην

2290 2049 2787 2121 ὑπολαμϐάνοντες.

2365 2151 2439 2215 μ’.
2477 2146 2630 2216 Ἔχει
2663 2163 2746 2208 τις
2772 2145 2943 2209 πάθος
2973 2143 3338 2211 πολεονεξίας³
3367 2143 3428 2196 ού
3451 2141 3698 2196 δεῖταιδὲ
3716 2140 3844 2194 πλεο-

2289 2237 2531 2299 νεκτεϊν;
2562 2237 2610 2290 εἰ
2637 2237 2793 2291 λάϐοι
2813 2235 3044 2308 δύναμιν
3071 2236 3436 2308 πλεονεκτεῖν,
3465 2234 3632 2299 εὐθὺς
3658 2231 3842 2301 ἐξελέγ-

2290 2345 2479 2405 χεταιολ
2505 2329 2601 2383 καὶ
2638 2328 2800 2406 τοῦτο
2839 2327 3018 2400 δῆλον.

673 3042 765 3097 42.
794 3043 899 3096 Per
928 3038 1332 3096 continentiam
1351 3049 1409 3098 et
1431 3040 1781 3105 charitatem,
1802 3037 1948 3119 bona
1977 3038 2032 3092 in
2061 3046 2190 3094 actu

2369 3047 2479 3119 μβ⁹.
2515 3049 2639 3102 Ὀτι
2663 3047 2731 3101 δι’
2760 3046 3091 3118 ἐγκρατείας
3119 3047 3214 3101 καὶ
3237 3045 3481 3117 ἀγάπης,
3506 3046 3541 3116 ἡ
3565 3045 3686 3099 κατ’
3713 3039 3834 3112 ἐνέρ-

603 3131 837 3189 scientia
871 3139 1167 3202 ιιι-πείθων
2221 3162 2264 3220 c
2296 3156 2454 3209 γειαν
2479 3134 2659 3211 ἀγαθὴ
2684 3140 2885 3209 γνῶσις
2915 3140 3209 3207 ἐγγίνεται.

675 3225 768 3280 45.
809 3223 950 3292 Quid
981 3238 1114 3278 vero
1151 3223 1393 3278 delirant
1428 3221 1581 3276 vitiis
1631 3231 1906 3277 scatentes
1965 3221 2190 3292 quidem

2372 3229 2481 3302 pf.
2509 3233 2620 3285 Καὶ
2644 3231 2698 3284 τί
2727 3230 2988 3302 ληροῦσιν
3016 3231 3283 3302 ἐμπαθεῖς
3307 3247 3452 3294 τινες
3481 3227 3748 3298 ἄνθρωποι
3770 3225 3843 3278 καὶ

605 3328 774 3388 atque
793 3317 1042 3387 superbi,
1063 3316 1449 3372 existimantes
1478 3316 1605 3387 (qua
1639 3324 1853 3370 tument
1881 3315 2193 3386 arrogantia

2298 3323 2602 3394 ύψαύχενες
2631 3323 2834 3392 γνῶσιν
2867 3323 3010 3394 ἔχειν
3063 3323 3515 3394 ἀλαζονευόμενοι
3544 3321 3731 3387 θείαν;
3770 3316 3843 3380 ἘΞ

605 3423 674 3464 ac
697 3406 864 3477 fastu)
897 3407 1083 3462 divina
1109 3407 1342 3465 scientia
1360 3423 1419 3463 se
1450 3407 1712 3478 praeditos
1736 3407 1902 3468 esse?
1926 3407 2006 3462 lta
2045 3408 2193 3463 enim

2297 3415 2602 3487 ὲμπαθείας
2625 3415 2736 3487 γὰρ
2759 3415 2856 3470 καὶ
2886 3415 3190 3486 ὲπάρσεως.

608 3501 689 3556 illi
717 3516 784 3555 ex
815 3500 1026 3569 ingenti
1055 3499 1226 3554 animi
1258 3500 1529 3569 pravitate
1552 3507 1609 3553 et
1641 3499 1904 3554 elatione.

679 3591 772 3646 44.
801 3590 906 3656 Qui
933 3597 1117 3644 autem
1142 3590 1425 3646 existimat
1457 3605 1516 3644 se
1545 3590 1656 3660 jam
1685 3590 2193 3660 comprehendisse,

2374 3602 2480 3674 μδν.
2529 3599 2588 3654 '0
2636 3599 2700 3654 δὲ
2745 3599 2922 3654 δοκῶν
2977 3599 3080 3671 ἤδη
3135 3597 3526 3669 κατειληφέναι
3578 3599 3666 3652 καὶ
3707 3594 3843 3666 μηδὲν

608 3694 676 3736 ac
707 3679 849 3734 nihil
886 3679 1163 3750 ignorare.
1198 3680 1371 3762 liquet
1424 3695 1549 3737 eum
1586 3680 1856 3735 charitate
1905 3681 2193 3749 praeditum

2299 3688 2540 3764 ἀγνοεῖν,
2592 3693 2750 3760 δῆλον
2779 3693 2854 3757 ὡς
2881 3693 3108 3765 ἀγάπην
3142 3692 3245 3746 ούκ
3298 3693 3433 3765 ἔχει.
3485 3690 3577 3764 Μὴ
3611 3690 3744 3762 ἔχων
3779 3687 3840 3752 δὲ,

607 3788 723 3830 non
749 3787 893 3828 esse.
925 3771 1029 3838 Qui
1067 3781 1252 3827 autem
1280 3787 1390 3826 non
1417 3788 1481 3827 ea
1505 3772 1770 3848 praeditus
1793 3772 1888 3840 sit,
1919 3774 2193 3846 quomodo

2302 3773 2422 3859 πῶς
2451 3786 2720 3860 προκόψει
2749 3787 2830 3851 εἰς
2853 3785 3058 3860 γνῶσιν
3088 3803 3104 3853 ;
3364 3773 3368 3779 ’

613 3863 671 3919 in
697 3862 930 3918 scientia
958 3861 1254 3932 proﬁciet?
2330 3857 2337 3859 -
2497 3857 2507 3860 -
2948 3857 2952 3864 ι

678 3955 768 4010 45.
795 3953 899 4020 Qui
922 3955 1045 4009 vitii
1092 3963 1150 4010 et
1185 3954 1507 4018 ignorantia:
1531 3955 1707 4034 spinis
1730 3972 1795 4012 ac
1816 3957 2037 4016 tribulis
2064 3973 2193 4014 con-

2377 3967 2480 4032 με’.
2520 3959 2790 4030 Ἀκάνθας
2838 3957 3054 4033 ἔχοντες
3091 3960 3187 4013 καὶ
3229 3958 3513 4032 τριϐύλους
3558 3956 3745 4018 κακίας
3766 3953 3834 4006 καὶ

611 4046 740 4105 ferti
772 4047 966 4112 simus,
1009 4047 1269 4102 virtutem
1315 4062 1384 4103 ac
1427 4047 1732 4118 spiritalem
1763 4037 2049 4107 scientiam
2098 4067 2193 4106 nos

2301 4047 2600 4122 ἀγνῳσίας·
2628 4054 2832 4124 ἀρετὴν
2867 4054 3160 4125 ἐλπίζομεν
3187 4051 3333 4125 ἔχειν
3357 4053 3453 4107 καὶ
3481 4050 3676 4121 γνῶσιν
3707 4063 3832 4102 πνευ-

611 4137 821 4198 babere
851 4139 1206 4198 conﬁdimus.

2303 4143 2560 4215 ματικήν.

683 4232 772 4287 46.
801 4229 902 4286 ilic
937 4230 1237 4301 perfectius
1261 4231 1594 4292 charitatem
1627 4233 1922 4306 descripsit
1978 4251 1992 4290 :
2033 4236 2193 4291 duos-

2371 4233 2488 4305 μς’.
2525 4232 2889 4303 Τελειώτερον
2919 4225 3022 4286 ὧδε
3069 4231 3168 4304 τὴν
3220 4232 3443 4302 ἀγάπην
3480 4229 3834 4298 ύπεζωγράφη-

613 4339 720 4395 que
757 4323 1034 4389 denarios,
1063 4321 1395 4378 charitatem
1441 4325 1497 4378 in
1556 4325 1728 4386 Deum
1789 4336 1845 4381 et
1886 4327 2193 4398 proximum

2303 4342 2384 4378 σε·
2423 4323 2517 4377 καὶ
2554 4325 2622 4378 τά
2677 4324 2772 4377 δύο
2821 4325 3072 4396 δηνάρια,
3104 4324 3203 4395 τὴν
3235 4326 3315 4388 είς
3361 4323 3453 4377 τὸν
3479 4323 3611 4376 Θεὸν
3643 4323 3726 4375 καὶ
3763 4318 3838 4372 τὸν

613 4414 830 4471 statuit.
1903 4401 1905 4405 ’

2302 4415 2530 4486 πλησίον
2571 4415 2794 4484 ἀγάπην
2828 4414 3094 4483 ὑπέφηνε.

681 4505 773 4560 47.
801 4505 863 4560 In
889 4507 1284 4563 emundatione
1312 4508 1490 4564 tribus
1513 4509 1766 4580 partibus
1786 4511 1975 4567 divisa:
2005 4505 2193 4581 anima:

2381 4503 2490 4575 μζ.
2525 4505 2650 4558 Ὅτι
2685 4507 2745 4558 ἐν
2781 4508 2846 4575 τῇ
2881 4505 3147 4576 καθάρσει
3175 4505 3274 4573 τῆς
3312 4502 3605 4575 τριμεροῦς
3637 4501 3722 4571 τῆς
3749 4499 3833 4569 ψυ-

615 4596 917 4658 facultatis.
948 4597 1152 4655 Christi
1183 4599 1464 4654 scientiam
1489 4602 1754 4670 praestari.
1942 4588 1944 4590 V

2302 4597 2400 4667 χῆς
2433 4596 2737 4666 δυνάμεως.
2775 4597 2809 4668 ἡ
2841 4597 3043 4664 γνῶσις
3071 4596 3162 4650 τοῦ
3208 4596 3447 4665 Χριστοῦ
3479 4595 3774 4663 ἐπιγίνεται.

687 4688 776 4742 48.
805 4688 1128 4743 Necessario
1146 4689 1238 4758 qui
1265 4690 1456 4747 mundi
1482 4707 1570 4746 res
1595 4693 1782 4747 colunt
1799 4693 1989 4764 eisque
2016 4694 2193 4749 animo

2375 4696 2484 4760 μηι.
2517 4689 2640 4743 Ὅτι
2671 4689 2732 4754 ἐξ
2767 4691 3015 4760 ἀνάγκης
3045 4691 3094 4743 oi
3123 4689 3188 4742 τά
3212 4690 3305 4742 τοῦ
3339 4689 3546 4759 κόσμου
3582 4684 3830 4758 περιέπον-

616 4777 823 4852 addicti
869 4786 1018 4844 sunt,
1055 4790 1300 4836 sanctam
1351 4781 1685 4838 ‘eharitatem
1751 4784 2044 4850 amittunt;
2097 4787 2193 4840 im-

2299 4799 2389 4844 τες
2423 4781 2745 4852 πράγματα,
2803 4783 2903 4853 τῆς
2950 4783 3113 4850 ἁγίας
3148 4781 3372 4850 ἀγάπης
3414 4772 3833 4850 ἐκπίπτουσιοκαὶ

616 4871 996 4942 placabileque
1024 4872 1212 4928 odium
1242 4889 1370 4944 erga
1399 4875 1760 4942 eontribules,
1795 4892 1985 4932 earum
2009 4894 2193 4943 causa,

2303 4875 2462 4942 μῖσος
2491 4871 2562 4925 δι’
2609 4871 2752 4926 αύτά
2787 4872 2923 4945 πρὸς
2966 4875 3094 4938 τοὺς
3134 4869 3832 4944 6μοφύλους.ἀκατάλλακτον

617 4963 844 5020 habent.

2302 4965 2507 5036 ἔχουσι.

621 5041 627 5048 ’
675 5055 860 5112 .49.1η
892 5057 1140 5128 utrisque
1179 5067 1403 5114 sanctus
1451 5061 1759 5116 monachus
1798 5061 2074 5120 Ccdonins
2109 5081 2193 5121 ca-

2382 5057 2489 5126 μθ’.
2532 5057 2622 5110 Ἐν
2673 5057 3008 5128 ἀμςςοτὲροις
3055 5059 3084 5111 ὁ
3123 5057 3278 5124 ἅγιος
3331 5055 3564 5127 μοναχὸς
3617 5050 3830 5122 Κηδόνιος

617 5144 885 5202 lumniam
907 5162 1101 5218 passus
1129 5155 1248 5202 est:
1278 5149 1377 5218 qui
1408 5157 1590 5203 tamen
1613 5149 1681 5203 ad
1721 5150 1892 5204 Deum
1933 5151 2193 5208 Susanna!

2307 5150 2728 5222 σεσυκύςρανται⁹
2776 5153 2856 5217 εἰς
2889 5152 2981 5204 τὸν
3031 5152 3131 5221 τῆς
3176 5151 3467 5222 Σωσάννης
3490 5150 3619 5205 Θεὸν
3643 5141 3832 5202 ἀποόλέο

620 5237 900 5308 respiciat,
932 5240 1119 5298 divina
1149 5241 1547 5296 corroboratur
1571 5257 1687 5311 spe.

2307 5259 2445 5307 πων,
2478 5246 2600 5306 ταῖς
2645 5243 2820 5307 θείαις
2847 5243 3028 5296 ἐλπίσι
3059 5242 3379 5312 ρωννύεται.

692 5326 782 5382 50.
809 5327 1102 5394 Quiservit
1139 5330 1361 5384 aﬁ'ectui
1413 5345 1478 5384 ac
1521 5330 1759 5394 libidini,
1802 5348 1979 5389 aecus
2015 5333 2193 5391 animo

2371 5339 2434 5388 v'.
2460 5333 2586 5387 Ὀτι
2615 5335 2643 5387 ὁ
2661 5333 2824 5388 πάθει
2849 5331 3134 5398 δουλεύων,
3154 5331 3295 5404 πελῆ
3300 5348 3470 5404 ρωται
3494 5330 3589 5402 τὴν
3610 5327 3827 5382 διάνοιανι

613 5425 740 5475 est:
782 5419 1100 5491 habensque
1144 5421 1482 5476 obcaecatum
1517 5422 1808 5494 judicium,
1862 5424 2123 5481 virtutem
2169 5443 2193 5482 a

2305 5425 2401 5478 καὶ
2427 5425 2628 5496 τυφλὸν
2659 5427 2974 5500 περιφέρων
3006 5426 3298 5497 διάκρισιν,
3331 5425 3399 5480 ού
3423 5425 3636 5480 δύναται
3659 5412 3829 5486 διακρῖο

625 5510 765 5572 Vitio
785 5511 1102 5575 discernere
1127 5529 1234 5568 non
1259 5522 1456 5584 potest.

2306 5535 2395 5572 ναι
2427 5518 2487 5575 τὺ
2516 5522 2765 5593 κρεῖττον
2813 5521 2922 5574 ἀπὸ
2949 5517 3044 5573 τοῦ
3088 5520 3348 5592 χείρονος.
