4048 6434
245 414 378 482 1085

243 527 474 586 habitus
505 523 743 593 denique
800 521 985 576 omnis
1030 522 1366 592 operationis
1443 537 1540 575 seu
1607 519 1839 575 actionis

1079 409 1421 471 CAPITUM‘
1449 405 1717 467 THEOL.
1767 405 1862 466 ET
1899 404 2135 465 (ECON.
2176 405 2564 468 CENTURIA
2593 409 2645 469 I.

3351 397 3506 464 1086.

1911 517 2100 572 ellicax
2150 533 2213 572 ac
2266 518 2614 575 immortalis.
2663 520 2863 590 Atque,
2913 524 2975 571 ut
3019 530 3232 569 summa
3289 513 3492 575 dicam,

242 622 421 677 omnis
450 617 768 675 substantiae
797 631 893 670 seu
915 617 1186 682 essentite,
1211 624 1267 672 ct
1311 614 1569 686 potentiae
1600 622 1656 667 et
1684 610 2042 682 Operationis,
2094 607 2468 680 principiique
2509 620 2567 665 et
2627 611 2796 665 medii
2853 617 2907 664 et
2970 607 3093 662 ﬁnis
3123 623 3219 660 seu
3274 604 3500 660 termini

242 731 404 770 causa
447 713 714 768 eﬂeetrix.

309 812 371 859 ε’.
412 804 478 857 Ἢ
513 805 657 874 ἀρχὴ
683 805 774 858 καὶ
803 807 836 874 ἡ
855 804 1101 890 ’μεσότης
1126 802 1221 856 καὶ
1253 800 1314 854 τὺ
1337 800 1510 864 τέλος,
1542 797 1650 852 τῶν
1685 795 1808 868 χρό-
1835 803 1852 857 Α

1978 794 2031 848 5.
2067 793 2426 863 Principium,
2450 791 2692 846 medium
2712 801 2768 847 et
2789 790 2934 856 ﬁnis,
2962 797 3110 844 notae
3127 795 3256 841 sunt
3273 799 3492 840 eorum;

240 914 315 966 νῳ
337 897 623 967 διαιρετῶν
654 898 764 948 είσι
799 896 1173 966 γνωρίσματα’
1206 894 1349 947 εἴποι
1378 892 1423 946 δ’
1472 892 1538 945 ἄν
1569 908 1652 953 τις
1683 889 1813 959 ἀλη-

242 981 433 1042 Θεύων,
476 981 572 1034 καὶ
600 980 708 1033 τῶν
735 984 791 1033 ὲν
827 981 982 1034 αἰῶνι
1013 978 1428 1050 συνορωμένων.
1478 977 1536 1030 'U
1573 975 1671 1047 μὲν
1703 975 1812 1046 γὰρ

238 1073 453 1143 χρόνος,
493 1073 867 1144 μετρουμένην
901 1072 1038 1142 ἔχων
1062 1071 1159 1142 τὴν
1189 1071 1424 1139 κίνησιν,
1465 1067 1685 1139 ἀριθμῷ
1715 1084 1812 1122 πε-

241 1163 593 1234 ριγράφεταιο
632 1164 662 1215 ό
708 1162 845 1215 αἰὼν
894 1163 970 1230 δὲ⁴
1013 1161 1503 1232 συνεπινοουμένην
1555 1159 1695 1230 ἔχων
1743 1159 1807 1228 τῇ

237 1253 473 1324 ὑπάρξει
515 1253 612 1324 τὴν
641 1253 771 1306 πότε
800 1254 1156 1324 κατηγορίαν,
1184 1253 1380 1322 πάσχει
1407 1251 1706 1317 διάστασιν,
1734 1251 1810 1314 ῶς

235 1343 416 1415 ἀρχὴν
460 1343 556 1396 τοῦ
589 1339 729 1397 εἶναι
773 1344 971 1398 λαϐὼν.
1011 1346 1075 1398 Εἰ
1099 1345 1156 1398 δὲ
1195 1344 1386 1414 χρόνος
1412 1345 1508 1397 καὶ
1542 1344 1677 1397 αἰὼν
1708 1345 1808 1398 οὐκ

235 1437 474 1507 ἄναρχα,
512 1436 695 1507 πολλῷ
728 1437 927 1508 μᾶλλον
965 1438 1034 1490 τὰ
1076 1439 1136 1490 ὲν
1173 1436 1383 1500 τούτοις
1413 1438 1803 1507 περιεχόμενα.

1918 900 2041 955 qua:
2069 895 2315 955 tempore
2347 884 2571 939 dividua
2595 893 2759 950 sunt;
2789 898 2896 939 nec
2938 897 2970 936 a
3000 895 3133 936 vero
3153 875 3497 933 aberraverit-

1918 975 2013 1044 qui
2038 975 2204 1039 dicat,
2230 976 2396 1030 etiam
2422 989 2613 1028 eorum
2659 991 2781 1044 quae
2817 975 2872 1028 in
2900 989 3017 1028 τενο
3049 987 3112 1026 ac
3145 969 3343 1024 saeculo
3371 979 3494 1021 esse

1917 1068 2324 1138 intelliguntur.
2381 1068 2518 1122 Nam
2560 1074 2776 1136 tempus
2817 1065 3062 1136 quidem,
3107 1065 3265 1134 cujus
3312 1067 3499 1114 motus

1915 1171 2147 1210 numero
2202 1165 2576 1218 mensuretur,
2629 1154 2744 1208 suis
2798 1153 3052 1208 terminis
3079 1146 3492 1207 circumscribi-

1916 1262 2027 1307 tur.
2085 1250 2282 1306 }Evum
2327 1258 2508 1303 autem
2555 1264 2649 1303 seu
2676 1247 2954 1309 smeulum,
2987 1247 3142 1316 cujus
3162 1240 3494 1300 cxsistentize

1914 1345 2403 1417 przedicamentum
2440 1341 2660 1412 quando
2685 1355 2867 1394 comes
2903 1339 3260 1410 intelligatur,
3285 1336 3492 1390 distan-

1913 1439 2046 1492 tiam
2099 1437 2359 1499 admittit,
2394 1451 2491 1489 seu
2532 1449 2622 1487 res
2661 1431 2952 1503 ejusmodi,
2989 1447 3111 1501 qua:
3156 1445 3277 1484 esse
3313 1429 3489 1482 inca:—

234 1533 406 1602 perit.
438 1531 535 1586 Sin
563 1541 752 1587 autem
777 1548 847 1587 ne
873 1541 1088 1604 tempus
1118 1533 1342 1603 quidem
1363 1547 1428 1586 ac
1462 1548 1636 1587 aevum
1669 1532 1941 1603 principio
1979 1541 2199 1598 vacant,
2252 1531 2456 1602 potiori
2519 1532 2680 1600 longe
2749 1528 2960 1583 ratione
2997 1540 3100 1579 nec
3125 1539 3188 1578 ea
3241 1536 3362 1592 quae
3386 1519 3492 1574 illis

234 1621 810 1690 comprehenduntur.

313 1721 388 1780 ς’.
426 1710 522 1778 Εἷς
566 1716 661 1768 καὶ
702 1717 863 1786 μόνος
891 1716 1033 1770 κατὰ
1062 1715 1222 1784 φύσιν
1252 1717 1339 1769 ἀεὶ
1367 1715 1573 1787 κυρίως
1609 1716 1755 1768 ἐστὶν
1781 1716 1810 1768 ό

233 1805 394 1870 Θεὸς.
422 1806 544 1860 ὅλον
569 1807 631 1860 τὸ
659 1808 863 1876 κυρίως
892 1804 1031 1861 εἶναι
1055 1808 1198 1860 κατὰ
1231 1809 1407 1861 πάντα
1448 1808 1647 1879 τρόπον
1679 1809 1808 1860 ἐαυ-

233 1898 320 1968 τῷ
353 1897 700 1969 περικλείων,
725 1899 801 1961 ὡς
831 1900 924 1953 καὶ
950 1899 1114 1954 αὐτοῦ
1131 1899 1222 1952 τοῦ
1250 1895 1387 1953 εἶναι
1410 1900 1615 1969 κυρίως
1641 1900 1810 1969 ὺπέρ-

233 2007 420 2061 τερος.
475 1991 536 2043 El
565 1989 622 2043 δὲ
646 1989 827 2053 τοῦτο⁹
860 1990 1114 2061 οὐδαμῶς
1140 1991 1290 2044 οὐδὲν
1323 1989 1558 2060 οὐδαμοῦ
1593 1990 1667 2060 (α)
1705 1990 1811 2043 τῶν

234 2079 385 2135 εἶναι
413 2081 722 2149 λεγομένων
764 2081 825 2133 τὸ
880 2081 1098 2134 σύνολον
1131 2082 1243 2150 ἔχει
1295 2080 1376 2142 τὸ,
1412 2083 1618 2152 κυρίως
1655 2077 1814 2134 εἶναι.

237 2171 458 2224 Οὐκοῦν
483 2171 637 2224 οὐδὲν
661 2170 809 2241 αὑτῷ
829 2171 891 2223 τὸ
921 2171 1182 2240 παράπαν
1208 2169 1267 2234 ἐξ
1297 2171 1468 2222 ἀϊδίου
1495 2170 1816 2240 συνθεωρεῖ-

235 2280 336 2316 ται
369 2265 493 2318 κατ’
519 2264 709 2316 οὐσίαν
738 2264 1015 2332 διάφορον·
1050 2263 1150 2316 οὐκ
1179 2261 1332 2322 αἰὼν,
1368 2263 1428 2314 οὺ
1460 2262 1670 2332 χρόνος,
1699 2261 1820 2314 οὐδέ

237 2374 298 2410 τι
335 2357 446 2410 τῶν
485 2355 696 2419 τούτοις
738 2355 1191 2426 ὲνδιαιτωμένων.
1225 2355 1299 2406 Οὐ
1349 2352 1460 2424 γὰρ
1494 2353 1822 2424 συμϐαίνου-

239 2468 336 2504 σιν
387 2450 641 2521 ἁλλήλοις
688 2449 930 2512 πώποτε,
965 2448 1026 2501 τὸ
1075 2447 1280 2518 κυρίως
1328 2441 1469 2499 εἶναι
1512 2446 1606 2499 καὶ
1631 2445 1691 2504 οὐ
1722 2463 1822 2498 κυ-

241 2543 406 2615 ρεως.

321 2811 390 2878 ζ’.
440 2809 612 2881 Ἀρχὴ
639 2809 789 2862 πᾶσα
828 2805 922 2860 καὶ
962 2805 1197 2876 μεσότης
1224 2803 1319 2858 καὶ
1363 2801 1536 2864 τέλος,
1569 2800 1650 2862 εἰς
1680 2799 1827 2852 ἅπαν

242 2906 354 2977 τὴν
385 2903 640 2974 σχετικὴν
661 2902 728 2954 δι’
762 2899 884 2954 ὅλου
915 2896 1256 2968 κατηγορίαν
1281 2896 1382 2948 οὐκ
1403 2895 1656 2965 ἤρνηται·
1694 2889 1827 2951 Θεὸς

241 3000 309 3054 δὲ
340 2997 572 3052 καθόλου
603 2995 784 3064 πάσης
809 2991 1046 3063 σχέσεως
1073 2991 1336 3061 ὑπάρχων
1366 2986 1655 3056 ἀπειράκις
1675 2981 1829 3035 ἀπεί-

246 3107 368 3161 ρως
395 3087 686 3157 ἀνώτερος,
727 3083 849 3138 οὔτε
898 3083 1041 3154 ἁρχὴ
1083 3080 1205 3133 οὔτε
1249 3079 1481 3150 μεσότης
1522 3069 1642 3129 οὔτε
1675 3074 1829 3136 τέλος

242 3159 481 3240 εἰκότως
512 3176 695 3229 ἐστίν·
725 3173 845 3227 οὐδέ
880 3190 934 3225 τι
986 3171 1048 3223 τὸ
1086 3169 1304 3221 σύνολον
1338 3168 1544 3238 ἕτερον,
1575 3166 1704 3226 τῶν,
1749 3159 1830 3226 οἷς

244 3265 644 3338 ἐνθεωρεῖσϐαι
677 3263 819 3318 κατὰ
861 3261 962 3331 τὴν
1000 3259 1183 3330 σχέσιν
1215 3261 1248 3329 ἡ
1275 3256 1368 3310 τοῦ
1403 3258 1550 3324 πρός
1587 3271 1642 3308 τι
1667 3252 1828 3307 δύνα-

242 3377 346 3414 ται
372 3356 698 3429 κατηγορία.

329 3665 402 3728 η’.
439 3657 628 3712 Πάντα
674 3653 742 3707 τὰ
777 3653 928 3716 ὄντα,
963 3648 1233 3718 νοούμενα
1284 3644 1542 3713 λέγεται·
1594 3637 1703 3691 τῶν
1743 3635 1831 3687 ἐπ’

253 3727 408 3807 αὐτὰ
441 3747 696 3818 γνὼσεων
725 3741 1140 3802 ὲναποδείκτους
1185 3738 1380 3807 ἔχοντα
1430 3733 1532 3796 τὰς
1574 3729 1769 3802 ἀρχάς·
1805 3727 1833 3778 ό

254 3843 317 3896 δὲ
339 3840 497 3904 Θεὸς,
526 3838 587 3892 οὑ
618 3833 910 3904 νοούμενος
938 3829 1285 3900 ὀνομάζεται·
1324 3824 1438 3899 ᾁλλ’
1461 3824 1526 3876 ὲκ
1553 3821 1662 3873 τῶν
1683 3835 1835 3872 νοου-

260 3933 451 4003 μένων
510 3909 672 4000 μόνον
713 3922 854 3980 εἶναι
909 3920 1255 3976 πιστεύεται·
1305 3918 1494 3985 διόπερ
1536 3911 1687 3966 οὐδὲν
1726 3909 1835 3964 τῶν

257 4024 575 4095 νοουμένων
612 4019 766 4091 αὐτῷ
795 4016 916 4072 καθ’
949 4014 1128 4071 ὁτιοῦν
1164 4009 1592 4083 παραϐάλλεται.

339 4271 408 4324 0'.
427 4268 494 4322 ΔΞ
527 4266 636 4320 τῶν
663 4265 834 4318 ὄντων
859 4258 1107 4331 γνώσεις,
1137 4252 1573 4327 συνηρτημένους
1595 4245 1840 4319 φυσικῶς

265 4365 458 4433 έχουσι
489 4357 626 4430 πρὸς
660 4352 938 4418 ἀπόδειξιν
962 4351 1089 4414 τοὺς
1116 4347 1350 4409 οἰκείους
1389 4343 1602 4411 λόγους,
1632 4333 1714 4402 οἷς
1741 4353 1840 4390 πε-

271 4429 556 4526 ρξγραφὴν
591 4447 838 4519 φυσικῶς
868 4444 1248 4515 ὑπομένουσιν·
1280 4441 1307 4492 ό
1335 4437 1392 4491 δὲ
1419 4435 1572 4499 Θεὸς,
1607 4433 1694 4486 διὰ
1732 4429 1842 4482 τῶν

267 4556 332 4607 ιν
357 4551 471 4613 τοῖς
515 4543 636 4600 οὖσι
667 4545 841 4614 λόγων
891 4537 1030 4594 εἷναι
1077 4538 1238 4609 μόνον
1281 4531 1612 4586 πιστεύεταιο
1662 4526 1844 4594 πάσης

269 4640 609 4704 ἀποδείξεως
654 4634 1052 4709 βασιμώτερον,
1086 4631 1198 4692 τοῖς
1235 4625 1488 4680 εὐσεϐέσι
1514 4622 1613 4693 τὴν
1639 4621 1721 4674 ὅτι
1746 4636 1844 4671 xu-

1849 2033 1890 2089 Β

1984 1715 2036 1769 6.
2105 1714 2259 1770 Unus
2298 1715 2558 1785 solusque
2603 1728 2706 1783 per
2735 1719 2988 1765 nat-uram
3024 1720 3241 1775 semper
3270 1719 3398 1759 vere
3429 1717 3492 1758 ac

1915 1805 2134 1875 pr0prie
2185 1814 2270 1859 est
2306 1805 2470 1868 Deus,
2517 1805 2638 1874 ejus
2690 1803 2835 1872 quod
2862 1808 2947 1855 est
2978 1813 3097 1853 esse
3125 1796 3235 1849 vim
3272 1809 3510 1848 omnem

1916 1896 2066 1950 omni
2111 1896 2274 1950 modo
2318 1896 2373 1950 in
2409 1912 2467 1951 se
2514 1894 2852 1950 concludens
2895 1907 2958 1946 ac
2997 1886 3490 1957 comprehenderis,

1917 1997 1979 2043 ut
2018 1989 2112 2059 qui
2159 1989 2277 2059 ipso
2326 2004 2447 2043 esse
2497 2003 2628 2043 vere
2671 1986 3006 2056 proprieque
3051 1982 3310 2035 emineat.
3336 1977 3494 2044 Quod

1919 2082 1965 2137 si
2015 2082 2088 2136 ita
2140 2089 2245 2145 est,
2299 2080 2439 2134 nihil
2495 2095 2726 2148 prorsus
2756 2087 3079 2139 esteorum,
3118 2089 3238 2142 qua:
3269 2070 3495 2124 omnino

1917 2189 2038 2228 esse
2086 2173 2363 2237 dicuntur,
2415 2171 2562 2241 quod
2590 2185 2720 2225 vere
2769 2185 2831 2223 ac
2874 2166 3095 2236 proprie
3123 2179 3242 2217 esse
3273 2163 3491 2216 habeat.

1919 2262 2064 2316 Nihil
2105 2263 2287 2331 itaque
2334 2261 2555 2331 penitus
2597 2260 2666 2314 ab
2708 2267 2936 2320 aeterno,
2985 2254 3238 2310 essentia:
3282 2251 3497 2306 ratione

1920 2353 2264 2417 distinctum,
2315 2367 2425 2406 una
2472 2366 2596 2406 cum
2639 2350 2733 2404 illo
2763 2364 2825 2402 ac
2866 2348 3017 2401 velut
3057 2346 3108 2401 ei
3157 2342 3373 2399 essendi
3403 2356 3498 2396 eo-

1922 2460 2058 2510 mes,
2105 2443 2428 2514 intelligitur
2481 2460 2495 2496 :
2535 2457 2646 2496 non
2681 2457 2856 2496 aevum
2911 2455 3006 2493 seu
3053 2436 3335 2497 smculum,
3383 2447 3496 2487 non

1922 2549 2112 2590 eorum
2136 2533 2340 2604 aliquid
2363 2549 2486 2602 quae
2502 2533 2557 2586 in
2579 2531 2687 2586 illis
2707 2538 3018 2585 versantur.
3037 2527 3328 2594 Nunquam
3349 2522 3498 2576 enim

1924 2625 2040 2690 ﬁat,
2073 2632 2135 2677 ut
2167 2638 2288 2678 esse
2318 2637 2450 2676 vere
2489 2630 2545 2676 et
2593 2619 2837 2691 pr0prie,
2882 2624 2939 2671 et
2967 2631 3079 2670 non
3121 2627 3251 2668 vere
3279 2625 3344 2665 ac
3371 2623 3500 2680 pro-

1924 2715 2042 2786 prie
2089 2730 2234 2776 esse,
2283 2712 2616 2768 conveniant
2670 2713 3127 2786 aciconcurrant.

1991 2804 2152 2876 463
2189 2806 2241 2857 7.
2266 2802 2491 2856 Nullum
2522 2785 2877 2871 principium,
2906 2796 3230 2863 nullumque
3258 2788 3500 2845 medium

1926 2907 2021 2951 aut
2050 2896 2194 2961 ﬁnis,
2239 2909 2458 2949 omnem
2505 2890 2728 2962 penitus
2789 2887 3194 2947 habitudinem,
3231 2898 3324 2937 seu
3365 2880 3505 2935 rela-

1927 2987 2154 3048 tionem,
2189 2984 2317 3052 quia
2347 2981 2452 3036 alia
2476 2979 2598 3034 aliis
2615 2983 3028 3046 comparentur,
3063 2971 3326 3028 excludit.
3357 2970 3504 3024 Deus

1928 3091 2062 3130 vero
2099 3075 2192 3144 qui
2243 3073 2507 3127 inﬁnities
2551 3069 2763 3124 infinite
2808 3067 2958 3122 omni
3010 3064 3232 3134 penitus
3279 3061 3504 3115 habitu-

1928 3167 2044 3220 dini
2091 3181 2154 3220 ac
2188 3164 2442 3218 relationi
2479 3161 2753 3223 emineat,
2799 3158 2998 3213 merito
3029 3170 3131 3210 nec
3174 3152 3504 3224 principium

1931 3273 2110 3328 neque
2158 3257 2400 3312 medium
2453 3268 2631 3324 neque
2667 3252 2790 3306 ﬁnis
2842 3250 3053 3305 exsistit
3097 3265 3111 3301 :
3146 3263 3251 3301 nec
3281 3255 3506 3315 prorsus

1856 3363 1899 3420 (ζ,
1932 3350 2079 3406 aliud
2132 3349 2413 3420 quidpiam
2469 3361 2682 3409 eorum,
2730 3344 2784 3398 in
2843 3342 3044 3413 quibus
3087 3339 3302 3410 parium
3353 3349 3504 3387 com-

1935 3441 2240 3514 paratione,
2289 3455 2452 3510 quam
2501 3445 2700 3492 vocant
2742 3436 2810 3490 ad
2846 3431 3069 3505 aliquid,
3126 3427 3395 3501 categoria
3426 3424 3510 3480 in«

1941 3532 2108 3605 telligi
2168 3530 2364 3603 possit.

2009 3625 2064 3679 8.
2105 3624 2214 3677 Res
2256 3635 2447 3676 omnes
2473 3627 2637 3688 atque
2669 3617 2838 3679 entia,
2871 3629 2936 3670 ea
2963 3612 3243 3674 dicuntur,
3275 3623 3396 3678 quae
3426 3607 3511 3661 in-

1938 3716 2295 3786 telliguntur;
2327 3724 2449 3783 qna:
2479 3705 2688 3766 scilicet
2715 3722 2928 3772 eorum,
2964 3719 3086 3773 quae
3125 3701 3192 3756 de
3221 3700 3331 3755 illis
3358 3708 3508 3764 sunt,

1940 3809 2227 3863 notionum
2278 3801 2728 3860 demonstrahilia
2773 3796 3045 3866 principia
3074 3794 3330 3848 habeant.
3367 3791 3512 3844 Deus

1940 3909 2124 3956 autem
2165 3903 2214 3954 is
2254 3897 2480 3960 dicitur,
2529 3895 2624 3964 qui
2651 3907 2764 3948 non
2795 3890 3155 3958 intelligatur,
3210 3883 3303 3940 sed
3332 3899 3397 3937 ex
3425 3895 3513 3936 re-

1942 3991 2046 4045 bus
2087 4006 2208 4060 quae
2242 3987 2648 4056 intelliguntur,
2687 3979 3033 4038 solummodo
3058 3993 3179 4032 esse
3218 3973 3509 4029 credatur:

1942 4081 2090 4152 quod
2147 4080 2410 4136 nimirum
2471 4092 2662 4132 earum
2707 4088 2895 4128 rerum
2936 4087 3057 4141 quae
3109 4067 3511 4138 intelliguntur,

1942 4173 2094 4228 nulla
2132 4171 2245 4225 ullo
2293 4169 2459 4224 modo
2498 4183 2623 4221 cum
2660 4180 2729 4219 eo
2763 4168 3134 4231 comparetur.

2013 4261 2067 4316 9.
2108 4261 2313 4314 Rerum
2349 4256 2594 4312 scientia:
2623 4270 2689 4308 ac
2721 4253 2994 4314 notiones,
3028 4261 3301 4304 connean
3323 4252 3520 4298 natura

1946 4356 2151 4426 quibus
2181 4351 2574 4408 demonstratio
2624 4347 2964 4408 instituatur,
2997 4357 3124 4397 suas
3152 4339 3394 4426 rationes
3419 4335 3520 4390 ha-

1946 4451 2111 4511 bent,
2161 4447 2363 4516 quibus
2429 4443 2643 4498 scilicet
2707 4446 2906 4492 natura
2967 4414 3518 4490 circumcribuntur:

1947 4542 2095 4595 Deus
2142 4547 2325 4593 autem
2379 4551 2479 4606 per
2507 4533 2750 4588 rationes
2785 4545 2909 4600 quas
2939 4533 3069 4582 sunt
3104 4525 3160 4579 in
3207 4522 3396 4583 rebus,
3429 4534 3520 4573 so-

1950 4631 2230 4688 lummodo
2275 4644 2397 4684 esse
2437 4625 2683 4682 creditur
2721 4621 2842 4676 :sic
2890 4629 3095 4680 tamen,
3144 4623 3206 4669 ut
3245 4611 3390 4668 omni
3426 4607 3521 4663 ﬁr-

275 4731 412 4804 ρίως
450 4730 598 4782 ἐστὶν
624 4705 916 4797 ὁμολογίαν
953 4722 1044 4776 καὶ
1085 4720 1268 4774 πίστιν
1292 4714 1489 4777 διδούς.
1522 4711 1711 4773 Πίστις
1737 4707 1846 4776 γάρ

1951 4724 2183 4780 miorem
2213 4716 2703 4778 demonstratione,
2728 4729 2849 4767 eam
2875 4719 3114 4766 mentem
3148 4707 3255 4778 piis
3293 4705 3522 4773 ingerat,

274 4801 420 4884 ἐστι,
459 4819 660 4888 γνῶσις
699 4815 905 4886 ἀληθὴς
937 4810 1358 4871 ἀναποδείκτους
1388 4805 1589 4876 ἔχουσα
1625 4801 1722 4863 τὰς
1748 4801 1846 4867 αρν

276 4910 404 4982 χὰς,
436 4909 510 4972 ὡς
538 4907 647 4961 τῶν
677 4905 816 4976 ὑπὲρ
854 4903 978 4958 νοῦν
1017 4902 1112 4955 καὶ
1146 4899 1305 4967 λόγον
1352 4895 1673 4966 ὑπάρχουσα
1706 4907 1850 4960 πρα-

277 5001 513 5084 γμάτων
553 5000 872 5062 ὑπόστασις.

356 5279 412 5336 ι’.
458 5281 627 5352 Ἀρχὴ
655 5280 763 5333 τῶν
794 5280 963 5333 ὄντων
991 5279 1087 5332 καὶ
1122 5275 1357 5348 μεσότης
1407 5272 1500 5327 καὶ
1530 5271 1680 5335 τέλος
1710 5273 1857 5325 ἐστὶν

360 5483 441 5561 (:1)
468 5479 753 5563 οῠᾷαμῶς
782 5478 964 5559 οὺᾷὲν
993 5477 1279 5558 οῠᾷαμοῦ.
1325 5471 1416 5528 Sic
1459 5487 1676 5596 quoque
1723 5471 1858 5525 locis

368 5570 414 5596 ες
460 5553 741 5596 Maximus-
773 5549 1057 5596 fnsmsmm
1090 5563 1145 5596 1n
1175 5545 1378 5596 Ouaest.
1427 5558 1456 5596 a
1541 5541 1858 5596 Gregorium

289 5541 434 5608 aliis,
459 5541 742 5612 Maximus,
773 5549 1057 5616 fusiusque
1090 5541 1154 5600 in'
1175 5545 1378 5610 Quaest.
1427 5541 1858 5616 ad_Gregorium

290 5624 650 5691 Theolegum.
681 5610 759 5674 Ae
799 5610 1019 5691 quidem
1061 5617 1107 5671 si
1155 5630 1337 5691 sermo
1375 5619 1461 5668 est
1494 5610 1562 5691 de
1589 5619 1860 5691 coaeterno

293 5682 537 5764 proprie,
564 5700 627 5764 ut
659 5706 760 5764 nec
785 5682 1070 5764 virtualem
1103 5686 1256 5754 quasi
1304 5682 1702 5764 successionem
1743 5682 1862 5760 ejus

293 5750 614 5817 cxsinentia
657 5760 938 5824 admittat;
973 5759 1052 5812 sic
1084 5750 1294 5812 certum
1325 5761 1410 5808 est
1446 5751 1582 5805 nihil
1620 5750 1861 5824 potuisse

295 5848 417 5904 esse
449 5841 776 5889 coaeternum
807 5821 935 5886 Deo.
978 5829 1072 5884 Sin
1105 5835 1285 5882 autem
1319 5825 1385 5880 de
1417 5829 1688 5879 coaeterno
1717 5821 1859 5890 quod

1953 4825 2016 4870 ut
2044 4830 2166 4868 esse
2200 4828 2327 4866 eum
2353 4825 2483 4864 vere
2507 4822 2571 4862 ac
2606 4804 2829 4876 proprie
2854 4802 3083 4858 credant
3117 4813 3181 4853 ac
3221 4794 3522 4852 conﬁtean-

1955 4917 2065 4962 tur.
2092 4906 2252 4960 Fides
2275 4915 2510 4971 namque
2541 4914 2669 4952 vera
2705 4895 2948 4967 cognitio
2981 4902 3088 4959 est,
3118 4889 3524 4945 indemonstra-

1953 4999 2082 5056 bilia
2128 4998 2340 5052 habens
2382 4991 2676 5065 principia,
2710 4999 2773 5044 ut
2802 5003 2923 5057 qua:
2959 4999 3148 5040 earum
3185 4995 3366 5035 rerum
3399 4977 3527 5030 sub-

1951 5091 2150 5147 stantia
2180 5089 2426 5151 exsistat,
2447 5101 2568 5155 qua:
2594 5083 2704 5137 vim
2734 5095 2954 5136 omnem
2981 5075 3181 5131 mentis
3212 5089 3276 5127 ac
3299 5068 3529 5125 rationis

1953 5181 2249 5238 excedunt.

2025 5270 2113 5325 lO.
2153 5270 2320 5332 Deus,
2362 5279 2546 5320 rerum
2588 5270 2645 5317 et
2695 5258 3028 5330 principium
3058 5266 3143 5312 est
3185 5263 3240 5310 et
3287 5251 3526 5308 medium

1957 5458 2263 5524 e'xtrinsece
2293 5459 2585 5518 aeternitati
2617 5475 2740 5513 cum
2797 5453 3018 5510 virtuali
3052 5449 3399 5524 successione
3440 5463 3530 5502 ιυρ-

1958 5520 2244 5609 spondeat,
2264 5551 2373 5609 non
2403 5533 2559 5609 facile
2589 5529 2765 5609 evinci
2796 5533 2979 5607 potest
3013 5539 3120 5609 non
3148 5520 3391 5609 potuisse
3415 5533 3528 5609 rem

1960 5589 2198 5678 aliquam
2231 5589 2313 5659 vel
2348 5602 2611 5656 mundum
2648 5589 2831 5678 ipsum
2856 5596 2957 5678 osic
2999 5595 3068 5647 ab
3108 5589 3314 5672 {sterno
3347 5603 3379 5642 a
3419 5589 3530 5641 Deo

1960 5661 2157 5738 creari,
2182 5676 2257 5729 ita
2283 5683 2345 5727 ut
2371 5687 2586 5740 semper
2610 5661 3062 5740 ei'coexsisteret,
3093 5663 3172 5740 uti
3201 5670 3254 5715 et
3286 5661 3340 5714 in
3367 5666 3528 5712 :eter-

1961 5732 2093 5802 nurm
2123 5732 2216 5800 Dei
2248 5732 2576 5798 munere-illi
2611 5739 2936 5799 coexsistet,
2968 5734 3085 5804 ipso
3116 5732 3172 5804 in
3201 5738 3536 5800 perpetuum.

1962 5825 2338 5882 conservantc,
2363 5813 2464 5869 etsi
2499 5812 2671 5868 libero
2704 5809 2924 5865 decreto
2957 5803 3021 5861 ac
3047 5803 3347 5860 voluntate.
