4048 6486
549 419 687 498 1087
1503 441 1506 444 ‘
1706 424 1766 481 S.
1808 421 2091 480 ΜΑΧΙΜΙ
2129 421 2151 480 (

2244 420 2636 481 tlF-ESSORIS
3649 420 3767 492 1088

543 544 601 592 et
645 531 800 599 finis;
837 541 898 587 ut
940 547 1107 603 agens
1145 531 1376 594 scilicet,
1429 545 1538 583 non
1572 538 1631 583 ut
1671 531 1942 598 patiatur;
1976 528 2151 589 sicut,

2244 555 2246 571 ι
2279 528 2432 590 Θεὸς,
2475 530 2552 592 ὡς
2581 530 2843 602 ἐνεργῶν,
2875 531 2990 584 ἀλλ’
3023 533 3083 586 οὐ
3115 534 3359 603 πάσχων·
3392 531 3579 602 ὥσπερ
3606 535 3689 587 καὶ
3712 537 3777 592 τὰ

543 625 713 680 etiam
762 624 1022 694 quaalibet
1059 624 1184 686 alia,
1229 622 1502 691 quibusa
1539 622 1702 686 nobis.
1734 623 1955 675 nomina
1998 637 2118 673 lltll-

2244 622 2355 674 ἱλλα
2381 624 2578 685 πάντα,
2615 619 2696 686 οἷς
2737 623 2868 694 παρ’
2902 626 3063 695 ἡμῶν
3090 626 3439 694 ὀνομάζεται.
3487 626 3649 697 Ἀρχὴ
3679 632 3772 700 γάρ

542 725 755 774 tuatur.
788 717 883 770 Est
913 716 1060 770 enim
1093 714 1420 784 principium
1452 728 1516 767 ea
1566 713 1776 769 ratione
1803 729 1912 781 qua
1935 728 2120 767 rerum

2244 731 2372 766 στιν
2422 715 2498 782 ὼς
2529 715 2878 786 δημιουργός·
2914 718 3010 771 καὶ
3041 719 3297 788 μεσότης,
3347 719 3427 781 ὡς
3471 722 3773 789 προνοητήςο

545 808 802 864 conditor
835 816 950 872 est;
985 807 1250 868 medium,
1283 821 1388 874 qua
1423 820 1510 859 res
1535 805 1789 858 conditas
1817 803 2120 858 Providen-

2244 804 2321 855 ιαὶ
2369 803 2557 866 τέλος,
2593 805 2668 860 ὼε
2709 809 3048 879 περιγραφή.
3095 808 3191 872 Ἐξ
3231 808 3422 869 αὑτοῦ
3453 806 3563 880 γὰρ
3586 848 3601 874 ,
3638 812 3772 880 φησὶ,

546 901 624 955 tia
666 899 837 970 regit;
887 899 1011 953 linis
1055 899 1314 968 denique,
1367 914 1474 967 qua
1519 896 1961 966 circumscriptio
2017 905 2121 950 est.

2244 897 2325 963 uti
2357 896 2432 957 δι’
2457 897 2670 971 αὑτοῦ,
2695 898 2795 952 καὶ
2821 902 2910 965 εὶς
2937 901 3126 958 αὑτὸν
3162 903 3236 953 τὰ
3268 899 3494 956 πάντα.

545 991 632 1045 Ex
665 993 776 1061 ipso
800 990 968 1055 enim,
1002 989 1201 1058 inquit,
1230 997 1278 1042 et
1307 1006 1401 1060 per
1432 991 1628 1062 ipsum,
1676 997 1726 1042 et
1756 989 1812 1042 in
1861 989 1972 1058 ipso
2005 995 2127 1046 sunt

548 1084 729 1137 omnia
749 1085 790 1136 ¹.

621 1174 709 1226 il.
745 1173 1064 1226 Animarum
1110 1171 1385 1226 utentium
1432 1170 1670 1241 ratione,
1718 1171 1868 1224 nulla
1904 1169 2010 1224 alia
2037 1185 2128 1227 se-r

549 1263 790 1317 cundum
824 1262 1119 1318 essentiam
1158 1261 1354 1316 anima:
1397 1259 1604 1315 utentis
1643 1260 1854 1314 ratione
1891 1259 2130 1314 nobilior

548 1365 655 1410 est.
702 1356 850 1423 Deus
884 1356 1033 1412 enim
1079 1371 1176 1416 sua
1209 1354 1457 1408 bonitate
1488 1369 1682 1408 omnes
1726 1351 2016 1407 condendo
2058 1352 2128 1407 ad

551 1462 707 1501 suam
739 1447 1052 1516 imaginem,
1095 1446 1180 1508 sui
1233 1445 1473 1500 arbitros
1499 1453 1683 1499 motus
1732 1446 1786 1499 in
1820 1460 2004 1498 rerum
2036 1461 2131 1498 na—

552 1547 734 1602 turam
781 1539 1083 1608 producit:
1128 1538 1390 1608 quaelibet
1441 1548 1624 1592 autem
1671 1537 1972 1590 voluntatis
2004 1552 2132 1605 pro-_

552 1627 736 1696 posito
757 1642 819 1681 ac
844 1627 1132 1692 arbitratu,
1161 1627 1248 1682 vel
1272 1627 1536 1681 honorem
1565 1627 1715 1697 legit,
1741 1626 1823 1682 vel
1852 1626 2130 1688 infamiam

557 1723 722 1786 atque
759 1718 1000 1773 dedecus
1042 1719 1158 1788 ipsa
1207 1733 1239 1772 a
1279 1734 1338 1773 se
1381 1728 1574 1786 sponte
1626 1717 1862 1772 ascisrit.
2754 1741 2756 1743 >

628 1807 715 1862 12.
755 1809 921 1872 Deus,
961 1809 1040 1863 uti
1066 1809 1336 1878 scriptum
1368 1818 1473 1873 est,
1507 1809 1586 1863 sol
1606 1809 1833 1878 justitite
1855 1817 1940 1862 est
1965 1809 2007 1872 ’,
2036 1807 2130 1876 qui

2313 1790 2400 1861 ιβ’.
2441 1791 2498 1844 Ὀ
2526 1791 2678 1856 Θεὸς,
2696 1792 2847 1861 ἥλιός
2865 1794 2980 1844 ὲστι
2994 1791 3366 1861 δικαιοσύνης,
3388 1792 3467 1856 ὡς
3483 1791 3784 1863 γέγραπταιο

557 1899 774 1954 cunctis
799 1900 1121 1969 simpliciter
1159 1870 1422 1967 bonitatis
1442 1870 1626 1962 radios
1651 1900 1907 1969 explicet.
1938 1899 2133 1954 Anima

2244 1884 2408 1936 πᾶσιν
2441 1883 2632 1945 ἁπλῶς
2659 1884 2759 1946 τὰς
2796 1885 3019 1946 ἀκτῖνας
3053 1885 3387 1954 ὲπιλάμπων
3415 1883 3515 1953 τῆς
3545 1882 3787 1954 ἀγαθότη-

558 2001 765 2053 autem,
809 1991 894 2045 vel
941 2007 1087 2055 cera,
1127 1999 1189 2044 ut
1230 1990 1328 2046 Dei
1382 2006 1572 2045 amans
1613 2006 1677 2045 ac
1723 1989 2006 2060 religiosa;
2048 1989 2133 2043 vel

2244 1990 2344 2037 τος·
2369 1974 2401 2041 ἡ
2422 1972 2476 2025 δὲ
2499 1972 2667 2042 ψυχὴ,
2686 1972 2717 2042 ἢ
2735 1972 2902 2042 κηρὸς
2916 1973 2991 2036 ὼς
3011 1972 3278 2042 φιλόθεος,
3317 1972 3353 2042 ἦ
3390 1971 3560 2042 πηλὸς
3575 1971 3645 2035 ὡς
3660 1972 3786 2042 φιλό-

558 2078 756 2145 lutum,
800 2089 860 2133 ut
903 2081 1139 2135 terrenis
1171 2081 1337 2134 rebus
1370 2081 1661 2144 addictior,
1705 2081 1875 2136 animi
1917 2087 2139 2134 senten-

2244 2065 2361 2127 ὗλος
2382 2064 2523 2117 κατὰ
2545 2065 2645 2133 τὴν
2667 2063 2893 2136 γνώμην
2920 2063 3167 2132 γίνεσθαι
3183 2064 3453 2132 πέφυκεν·
3475 2062 3655 2132 ῶσπερ
3671 2059 3802 2128 οὖνὸ,

560 2173 635 2228 tia
665 2188 728 2227 ac
770 2173 1050 2229 voluntate
1088 2181 1146 2226 ut
1169 2171 1386 2236 evadat,
1430 2173 1670 2242 proclive
1701 2159 1885 2226 habet.
1927 2171 2127 2238 Queru-

2244 2157 2404 2226 πηλός
2427 2158 2568 2210 κατά
2585 2156 2746 2224 φύσιν
2767 2157 2899 2225 ἡλίῳ
2917 2157 3250 2227 ξηραίνεται⁸
3266 2155 3364 2209 ὁδὲ
3380 2154 3797 2231 κηρὸςφυσικῶς

559 2264 858 2318 admodum
894 2265 1061 2335 igitur
1125 2265 1303 2328 lutum
1357 2282 1452 2334 per
1488 2275 1761 2327 naturam,
1801 2265 1933 2318 solis
1959 2265 2139 2318 calore

2244 2248 2601 2303 ἁπαλύνεταιο.
2623 2246 2767 2300 οὕτω
2798 2249 2891 2301 καὶ
2921 2249 3070 2301 πᾶσα
3104 2248 3251 2318 ψυχὴ
3274 2246 3529 2315 φιλόῦλος
3554 2246 3642 2298 καὶ
3662 2247 3784 2313 (prid-

558 2355 899 2420 exsiccatur;
928 2354 1093 2426 464
1127 2371 1255 2409 cera
1307 2372 1440 2410 vero
1471 2356 1795 2409 naturaliter
1829 2355 2136 2408 emollitur:

2244 2358 2445 2411 κοσμος
2492 2339 2599 2392 ἀπὸ
2627 2339 2762 2392 Θεοῦ
2787 2338 3209 2410 νουθετουμένη,
3246 2338 3346 2393 καὶ
3377 2335 3454 2400 ὡς
3489 2336 3649 2406 πηλὸς
3669 2334 3796 2407 κατὰ,

561 2444 643 2498 sic
687 2453 744 2498 et
779 2447 960 2498 omnis
990 2428 1174 2508 anima
1209 2445 1444 2498 terrenis
1486 2445 1800 2514 mundoque
1838 2462 2025 2499 amore
2058 2444 2136 2498 af-

2244 2430 2337 2502 τὴν
2377 2427 3037 2500 γνώμην-ἁπιτυποῦσα,
3071 2426 3463 2498 σκληρύνεται·
3498 2425 3588 2478 καὶ
3618 2424 3796 2496 ἑαυτὴν,

557 2535 778 2600 fectior,
805 2535 1135 2590 admonente
1163 2536 1274 2590 Deo
1301 2551 1363 2590 ac
1400 2536 1742 2604 increpante,
1783 2535 1837 2588 in
1885 2535 1984 2588 luti
2027 2551 2144 2588 mo-

2244 2523 2371 2576 ὠθεῖ
2395 2522 2538 2575 κατὰ
2569 2522 2660 2575 τὸν
2701 2520 2902 2592 Φαραὼ
2933 2523 3071 2592 πρὸς
3103 2521 3387 2575 ἀπώλειαν
3409 2536 3424 2550 ·
3460 2520 3606 2571 πᾶσα
3632 2518 3683 2570 δὲ
3711 2535 3784 2586 φιο

561 2628 693 2682 dum
727 2629 1008 2682 voluntate
1074 2627 1324 2681 renitens
1371 2627 1697 2691 obduratur,
1736 2643 1800 2682 ac
1845 2627 2147 2689 Pharaonis,

2244 2611 2444 2675 λόθεος,
2481 2611 2557 2675 ὡς
2589 2611 2760 2683 κηρὸς
2803 2610 3159 2677 ἁπαλύνεται,
3203 2611 3298 2663 καὶ
3352 2609 3482 2672 τοὺς
3527 2607 3629 2660 τῶν
3656 2607 3784 2659 θείων

561 2738 715 2776 more
751 2737 808 2774 se
850 2722 903 2774 in
953 2720 1238 2777 interitum
1283 2719 1609 2788 ruinamque
1644 2720 1876 2788 impellit
1924 2719 1965 2786 ’._
2015 2717 2146 2783 Qua:

2244 2701 2447 2764 τύπους
2499 2700 2595 2754 καὶ
2633 2701 2990 2772 χαρακτῆρας
3031 2699 3412 2770 εἰσδεκομένη,
3447 2697 3650 2767 γίνεται
3675 2697 3781 2749 Θεοῦ

563 2829 696 2868 vero
742 2812 837 2866 Dei
886 2828 1077 2866 amans
1125 2828 1190 2866 ac
1229 2813 1482 2881 religiosa
1525 2811 1760 2868 exsistit.
1805 2826 1947 2864 cerae
1976 2811 2147 2874 instar

2247 2793 2670 2864 κατοικητήριον
2714 2793 2776 2846 ὲν
2819 2791 3115 2864 πνεύματι.

562 2901 864 2963 emollitur,
920 2901 1344 2970 divinorumque
1394 2902 1596 2954 formas
1649 2910 1810 2969 atque
1852 2900 2051 2970 ﬁguras
2093 2900 2149 2954 in

565 3008 624 3048 se
673 2993 966 3061 recipiens,
1009 2992 1106 3046 Dei
1139 2992 1511 3056 habitaculum
1544 2992 1599 3045 in
1624 2991 1820 3061 spiritu
1843 2990 2078 3045 efficitur
2104 2990 2145 3045 ’⁵.

641 3086 727 3138 15.
769 3084 893 3151 Qui,
934 3086 1084 3140 velut
1122 3084 1376 3154 fulgetro,
1407 3085 1613 3139 divinis
1644 3095 2024 3139 coruscantem
2049 3101 2150 3138 no-

2308 1156 2402 1212 ια’.
2427 1158 2540 1212 Ούκ
2569 1158 2685 1213 ἔστι
2710 1158 2855 1229 ψυχὴ
2886 1159 3077 1230 λογικὴ
3107 1161 3227 1217 aut?
3251 1159 3442 1214 οὐσίαν
3458 1159 3635 1232 ψυχῆς
3653 1161 3780 1234 λογι-

2231 1250 2334 1320 κῆς
2367 1251 2438 1316 (ὁ)
2462 1251 2785 1322 τιμιωτέρα.
2831 1253 3018 1306 Iliam
3065 1251 3173 1322 γὰρ
3222 1252 3408 1323 ψυχὴν
3459 1255 3580 1316 κατ’
3615 1257 3782 1311 εἰκόνα

2231 1341 2426 1396 ἑαυτοῦ
2459 1343 2830 1414 δημιουργῶν,
2856 1343 2933 1406 ὡς
2977 1344 3182 1411 ἀγαθὸς
3209 1347 3236 1397 ό
3276 1345 3436 1407 Θεὸς,
3459 1345 3785 1418 αὐτοκίνητον

2233 1435 2312 1492 είς
2359 1433 2422 1486 τὸ
2450 1429 2590 1488 εἶναι
2641 1435 2910 1502 παράγει·
2974 1437 3181 1506 ἑκάστη
3232 1437 3288 1490 δὲ
3327 1437 3476 1491 κατά
3529 1438 3790 1512 πρόθεσιν,

2232 1525 2265 1594 ἢ
2298 1524 2398 1594 τὴν
2432 1525 2596 1594 τιμὴν
2634 1525 2948 1594 ἐπιλέγεται
2968 1567 2983 1592 ,
3015 1526 3054 1598 ἢ
3097 1525 3196 1597 τὴν
3234 1527 3463 1598 ἀτιμίαν
3495 1528 3687 1582 ἑκοῦσα
3712 1530 3787 1588 διὰ

2233 1614 2340 1666 τῶν
2367 1613 2544 1683 ἔργων
2569 1617 2882 1693 προσίεται..
3154 1631 3163 1657 ι

2322 3082 2411 3145 ιγ’.
2458 3076 2518 3129 '0
2556 3076 2648 3129 τὸν
2691 3075 2818 3131 νοῦν
2859 3079 2983 3142 ταῖς
3019 3077 3193 3144 θείαις
3221 3079 3613 3152 καταπράψας
3628 3080 3791 3151 νοήσετ

570 3175 814 3230 tionibus
861 3192 925 3230 ac
961 3174 1136 3230 sensis
1171 3175 1414 3238 animum
1454 3174 1716 3234 reddidit,
1765 3173 2142 3243 rationemque

2251 3186 2356 3233 σιν,
2393 3169 2606 3222 καὶτὸν
2639 3169 2796 3239 λόγον
2840 3171 3031 3235 ἐθίσας
3081 3173 3248 3236 θείοις
3298 3174 3495 3245 ὕμνοις
3533 3173 3781 3236 ἀπαύστως

569 3282 634 3331 ac
679 3282 988 3330 sermonem
1034 3267 1240 3332 divinis
1270 3269 1609 3321 incessanter
1655 3265 1884 3320 canticis
1920 3264 2144 3319 Creato-

2249 3263 2525 3333 γεραίρειν
2551 3262 2644 3314 τὺν
2673 3263 2970 3331 Κτ-ίσαντα,
2999 3264 3096 3318 καὶ
3127 3268 3246 3330 ταῖς
3287 3267 3588 3338 ἀκηράτοις
3615 3283 3780 3336 φαντα-

573 3375 687 3414 rcm
727 3360 999 3414 honorare.
1046 3360 1388 3423 assuefecit,
1426 3374 1641 3413 necnon
1705 3358 1858 3427 puris
1899 3372 1965 3414 ac
2005 3357 2146 3411 inta-

2250 3352 2396 3415 σίαις
2452 3353 2795 3422 καθαγιάσας
2846 3355 2948 3426 τὴν
2988 3357 3264 3428 αἴσθησιν
3316 3355 3475 3425 οὗτος
3505 3361 3580 3430 τῷ
3607 3359 3780 3427 φυσικῷ

572 3451 792 3511 minatis
815 3453 1148 3522 cogitatibus
1173 3468 1394 3506 sensum
1428 3451 1783 3515 castiﬁcavit;
1816 3450 1882 3515 is,
1913 3449 2150 3504 naturali

2249 3445 2370 3496 κατ’
2401 3443 2586 3496 εἰκόνα
2616 3443 2788 3514 καλῷ,
2823 3447 3132 3518 προσέθηκε
3160 3448 3221 3502 τὸ
3252 3449 3380 3504 καθ’
3409 3450 3652 3522 ὁμοίωσιν
3667 3464 3780 3517 γνω-

573 3544 720 3598 hono
749 3544 1019 3614 imaginis,
1053 3544 1200 3613 quod
1227 3545 1510 3597 voluntate
1537 3542 1846 3611 mentisque
1875 3542 2150 3597 sententia

2253 3535 2411 3608 μικὺν
2435 3535 2657 3605 ἀγαθόν.

573 3643 809 3698 constat,
856 3634 1234 3689 similitudinis
1276 3635 1482 3689 bonum
1513 3633 1736 3702 adjecit.

646 3725 734 3778 H.
785 3723 976 3778 Servat
1025 3723 1149 3793 quis
1201 3723 1447 3778 animum
1491 3722 1604 3776 Deo
1667 3737 1698 3775 a
1758 3721 1880 3776 labe
1924 3737 2150 3791 purum,

573 3816 707 3871 dum
755 3823 993 3870 mentem
1037 3815 1104 3869 de
1143 3816 1256 3870 Deo
1292 3815 1410 3868 solo
1455 3815 1684 3885 ejusque
1718 3813 2019 3868 virtutibus
2056 3831 2152 3870 co-

575 3909 751 3980 gitare
802 3907 1166 3976 compulerit;
1211 3923 1522 3962 sermonem
1570 3922 1700 3960 vero
1741 3922 1805 3960 ac
1861 3905 2152 3970 rationem,

577 4008 789 4054 rectum
813 3997 1170 4069 interpretem
1199 4008 1364 4069 atque
1393 3999 1676 4054 doctorem
1707 4000 2023 4055 earumdem
2044 4001 2157 4055 vir—

577 4098 756 4148 tutum
782 4091 1113 4157 reddiderit;
1149 4107 1213 4146 ac
1227 4091 1450 4146 demum
1472 4091 1988 4155 sensum,mundum
2010 4092 2157 4148 hunc

578 4183 753 4238 oculis
791 4183 1099 4252 subjectum
1137 4191 1192 4237 et
1248 4199 1371 4252 qua:
1412 4183 1466 4237 in
1510 4199 1577 4238 eo
1615 4192 1743 4237 sunt
1807 4184 2010 4245 omnia.
2068 4185 2158 4254 pie

578 4269 912 4345 imaginibus
950 4274 1248 4329 informare
1274 4273 1555 4337 docuerit;
1582 4275 1675 4344 qni
1702 4291 1897 4344 nempe
1929 4276 2156 4330 elucen-

578 4365 717 4418 tium
781 4365 838 4418 in
887 4365 970 4419 eis
1020 4365 1296 4420 rationum
1331 4365 1750 4435 magnificentiae
1798 4365 1941 4420 fidus
1972 4367 2156 4421 animo

581 4457 900 4528 probusque
947 4458 1179 4513 nuntius
1219 4458 1311 4513 sit.

2327 3729 2410 3786 ιδ’.
2449 3731 2710 3785 Φυλάττει
2747 3749 2833 3796 τις
2860 3732 2938 3804 τῷ
2968 3733 3088 3805 Θεῷ
3119 3734 3219 3804 τὴν
3263 3735 3450 3807 ψυχὴν
3477 3732 3778 3805 omnem,

2253 3823 2304 3874 εί
2334 3822 2432 3893 τὴν
2467 3823 2563 3893 μὲν
2608 3823 2848 3878 διάνοιαν
2899 3827 3031 3894 περὶ
3075 3829 3236 3896 μόνου
3272 3828 3435 3893 Θεοῦ,
3465 3823 3678 3880 καὶτῶν
3705 3821 3778 3876 σὺ·

2254 3913 2348 3967 τοῦ
2381 3913 2592 3982 ἀρετῶν
2635 3913 2968 3968 διανοεῖσθαι
2994 3916 3262 3987 ﬁscina-0°
3291 3918 3388 3971 τὸν
3423 3918 3480 3971 δὲ
3510 3915 3673 3984 λόγον,
3703 3913 3776 3982 ὀρ·

2256 4002 2348 4057 θὸν
2379 4003 2638 4074 ὲρμηνέα“
2654 4005 2748 4058 καὶ
2773 4004 3045 4076 ἐξηγητὴν
3066 4007 3177 4060 τῶν
3205 4007 3394 4062 αὐτῶν
3419 4006 3623 4079 ἀρετῶν
3642 4020 3774 4057 κατα-

2257 4096 2490 4166 στήσειε·
2524 4095 2620 4148 καὶ
2651 4096 2750 4167 τὴν
2795 4097 3050 4169 αἴσθησιν
3093 4100 3338 4164 εὐσεϐῶς
3387 4097 3679 4170 τὸνοὸρατὸν
3706 4093 3775 4148 κό-

2259 4203 2394 4257 σμον
2427 4187 2521 4239 καὶ
2563 4187 2634 4240 τά
2684 4189 2743 4240 ὲν
2779 4189 2926 4258 αὐτῷ
2964 4191 3140 4244 πάντα
3181 4193 3546 4261 φαντάζεσθαι
3573 4189 3776 4252 διδάξειε,

2255 4279 2356 4347 τὴν
2371 4279 2480 4334 τῶν
2501 4282 2558 4332 ἐν
2582 4279 2763 4345 αὐτοῖς
2791 4279 2964 4351 λόγων
2988 4285 3386 4356 μεγαλειότητα
3415 4286 3480 4355 τῇ
3505 4282 3639 4353 ψυχῇ
3662 4279 3776 4346 διατ-

2257 4371 2571 4440 γέλλουσαν.

657 4566 745 4620 15.
773 4566 878 4632 Qui
902 4581 1004 4621 nos
1029 4583 1057 4621 a
1081 4567 1220 4621 dura
1246 4567 1679 4638 opprimentium
1708 4565 2018 4619 dtemonum
2035 4581 2151 4619 ser-

2334 4566 2418 4620 ιε⁹.
2481 4567 2537 4620 '0
2577 4565 2674 4637 τῆς
2733 4571 2940 4639 πικρᾶς
2985 4569 3227 4634 δουλείας
3269 4571 3383 4624 τῶν
3427 4565 3780 4640 τυραννούντων

585 4657 760 4711 vitnte
801 4658 944 4712 Dens
995 4658 1269 4721 liberavit,
1309 4659 1660 4714 mitissimum
1714 4657 1982 4728 religiosa:
2038 4656 2157 4725 pie-

589 4749 716 4804 tatis
734 4749 924 4818 jugum
965 4747 1223 4818 (modesti
1251 4749 1463 4804 scilicet
1499 4749 1934 4809 animisensum,
1966 4747 2018 4801 id
2052 4757 2158 4812 est,

589 4841 978 4911 humilitatem)
1021 4843 1182 4898 nobis
1222 4841 1478 4909 donavit;
1516 4843 1668 4913 quia,
1711 4851 1828 4896 tum
1865 4845 1948 4894 vis
1981 4841 2160 4895 omnis

2264 4658 2533 4728 δαιμόνων
2560 4657 2934 4729 ἐλευθερώσας
2963 4661 3108 4732 ἡμᾶς
3130 4661 3284 4726 Θεὸς,
3317 4661 3670 4743 φιλάνθρωπον
3687 4655 3778 4743 Oeo-

2269 4749 2489 4812 σεόείας
2534 4750 2666 4818 ἡμῖν
2700 4749 2864 4815 ζυγὸν
2907 4751 3237 4823 ἐδωρήσατο,
3270 4742 3378 4825 τὴν
3409 4742 3779 4818 ταπεινοφροσύ-

2267 4858 2386 4911 νην·
2419 4840 2486 4893 δι’
2525 4837 2593 4913 ἧς
2639 4843 2788 4896 πᾶσα
2819 4841 2919 4912 μὲν
2949 4844 3228 4915 διαϐολικὴ
3259 4845 3552 4917 δαμάζεται
3573 4839 3776 4908 δύναμις⁶

661 5019 678 5052 ⁸
701 5019 863 5075 Rom.
887 5036 960 5085 xl,
991 5019 1072 5074 15.
1150 5021 1170 5052 ³
1191 4996 1594 5085 Malacb.1v,2.
1670 5021 1691 5052 ³
1710 5021 1883 5076 Exod.
1905 5037 2000 5085 vn,
2027 5021 2113 5075 l3.

2244 5019 2434 5090 Ephes.
2456 5037 2516 5086 ιι,
2535 5022 2624 5077 22.

659 5199 730 5276 (θ)
755 5203 892 5276 Οὑίι-
915 5202 1046 5276 ἐστι
1072 5201 1249 5276 ψυχὴ
1273 5205 1508 5276 Jay-uni.
1537 5206 1700 5276 Greg.
1749 5210 1964 5274 Theol.,
2005 5209 2157 5265 Orat.

591 5271 650 5349 in
672 5271 822 5349 diem
847 5271 1113 5349 Natalem,
1143 5282 1198 5349 et
1222 5274 1260 5349 f2
1284 5275 1336 5328 in
1358 5271 1588 5340 Pascha,
1613 5271 1685 5349 de
1719 5280 1914 5334 animis
1939 5271 2161 5349 separa-

591 5343 661 5419 t_is
691 5341 766 5411 (id
789 5342 990 5419 est,_de
1014 5343 1262 5419 angelis),
1289 5361 1487 5415 anceps
1509 5355 1612 5411 est,
1645 5347 1786 5419 sitne
1817 5351 1870 5404 in
1904 5341 2015 5404 illis
2032 5367 2158 5419 gra-

591 5411 756 5485 duum
788 5412 1069 5485 disti_nc_tio
1089 5411 1164 5485 cx_
1183 5411 1396 5479 natura,
1423 5411 1490 5469 an
1521 5432 1588 5470 ex
1615 5418 1914 5474 voluntatis
1934 5411 2155 5485 conatu,

590 5482 882 5543 accedente
910 5483 1002 5536 Dei
1028 5483 1224 5552 gratia.
1249 5486 1326 5539 uti
1350 5502 1440 5540 res
1459 5501 1517 5540 se
1540 5485 1595 5540 in
1615 5487 1932 5544 hominibus
1953 5489 2118 5544 habet
2143 5482 2157 5544 ὲ

593 5554 650 5614 in
690 5552 1100 5626 quibusipsis,
1133 5567 1260 5626 cum
1303 5557 1423 5626 pari
1474 5556 1566 5611 illa
1608 5558 1896 5616 nobilitate
1935 5560 2164 5616 rationis

592 5622 754 5704 quam
789 5622 1054 5704 hlaximus
1083 5622 1440 5704 asseritfn‘ec
1480 5637 1684 5704 negant
1724 5629 2058 5704 philosophi,
2082 5631 2166 5704 sic

593 5692 749 5772 quasi
792 5692 1094 5772 fonrmaliter
1121 5701 1177 5746 et
1210 5696 1483 5772 specilice,
1511 5692 1704 5772 ingens
1724 5692 2164 5772 quredamvide-

596 5771 688 5842 tur
735 5762 1084 5842 perfectionis
1129 5765 1354 5842 majoris
1402 5762 2058 5842 minorisque'distantia,
2103 5780 2166 5827 ut

597 5833 715 5898 alia:
745 5833 939 5888 animae
962 5840 1179 5888 utentes
1207 5835 1414 5894 ratione
1443 5854 1638 5908 parum
1656 5833 1698 5894 ξι
1734 5840 1910 5896 brutis
1935 5833 2164 5896 vidcan-

2265 5219 2357 5266 tur
2383 5213 2626 5272 diﬂ‘erre,
2669 5227 2780 5280 pra:
2817 5227 3078 5266 sensuum
3113 5217 3421 5280 mentisque
3441 5191 3776 5280 εῑιψοιτᾳννςθξίῇ

2265 5283 2332 5336 ad
2358 5265 2693 5338 substantias
2723 5265 2867 5351 ipsas
2891 5265 3165 5350 separatas
3191 5265 3500 5351 eorumdem
3525 5265 3773 5351 subtilitate

2263 5368 2435 5424 prope
2477 5341 2783 5406 accedere':
2811 5341 2969 5424 quod"
2994 5361 3178 5424 totum
3220 5341 3772 5424 corporisbrgatljffljlf

2264 5414 2558 5486 ascribere,
2594 5437 2704 5492 non
2748 5414 2879 5475 satis
2921 5421 3139 5475 videtur
3161 5436 3192 5474 e
3225 5414 3772 5492 philosophiarralffjff

2263 5492 2388 5556 bus,
2416 5483 2794 5562 cum'spiritus
2816 5491 3017 5545 formet
3045 5483 3395 5562 corpu§,nec_
3533 5483 3636 5562 8qu
3647 5483 3770 5562 f3ij

2261 5543 2789 5634 agragianas};
2816 5543 2984 5634 quain
3004 5543 3399 5634 vagdisiias'illud
3431 5543 3573 5634 dotes
3597 5543 3768 5634 trahant}

2261 5617 2528 5702 quantum
2574 5617 2918 5712 saltem:.p_er
2966 5631 3222 5686 infectam
3271 5631 3397 5684 licet
3435 5617 3767 5712 οτξξίιξιῇξξζναξξ

2995 5675 3225 5770 εοῆξξπθ
3259 5710 3464 5754 terrena
3501 5675 3766 5746 ίῖιιηιιίωιιο

2261 5718 2535 5828 ﬂenrimat
2567 5787 2788 5826 sensum
2827 5772 2996 5826 multa
3030 5771 3376 5828 coaitantem.

2301 5773 2535 5843 eprimat
2567 5787 2788 5826 sensum
2827 5772 2996 5826 multa
3030 5772 3376 5850 cogitantem.
