4048 6442
253 385 392 451 1089

1099 382 1436 446 CAPITUM
1470 382 1744 444 THEOL.
1785 382 1882 445 ET
1918 383 2157 446 (ECON.
2199 381 2590 449 CENTURIA
2629 381 2683 448 in

3366 382 3504 448 1090

246 499 358 550 πᾶν
397 493 455 548 δὲ
498 496 612 556 τοῖς
637 493 916 564 ἐλομενοις
948 491 1120 563 αὐτὴν
1152 493 1356 562 ἀγαθὸν
1377 493 1823 565 δημιουργεῖται,

1930 494 2199 550 diabolica
2253 497 2534 561 domatur,
2578 507 2694 552 tum
2748 489 2955 552 bonum
3009 506 3192 556 οῐηηθο
3243 493 3353 559 ΜΒ,
3409 496 3506 564 qui

245 585 340 639 καὶ
373 584 809 657 άραδιούργητον
836 583 1279 654 διαφυλάττεται.
1324 639 1328 643 ,

313 773 414 832 ις’.
444 767 503 822 Ὀ
525 767 816 833 πιστεύων,
845 767 1110 836 φοϐεῖται⁸
1145 769 1174 820 6
1191 767 1247 820 δὲ
1269 766 1602 837 φοϐούμενος
1629 784 1828 821 ταπει-

261 854 474 910 νοῦται·
492 860 520 911 6
535 858 592 910 δέ
609 858 1051 929 ταπεινούμενος,
1074 857 1400 927 πραΰνεται,
1427 859 1527 929 τὴν
1547 857 1654 911 τῶν
1674 859 1826 929 παρὰ

249 947 414 1016 φύσιν
439 946 533 1000 τοῦ
559 947 734 1018 θυμοῦ
770 949 867 1002 καὶ
907 949 1009 1019 τῆς
1043 948 1342 1020 ἐπιθυμίας
1373 949 1693 1021 κινημάτων
1727 952 1822 1004 άν-

247 1040 334 1092 ενὲ
344 1057 546 1110 ργητον
567 1040 680 1105 ἕξιν
700 1039 900 1094 λαϐὡψ
925 1042 952 1093 6
973 1040 1030 1093 δὲ
1066 1040 1267 1110 πραῢς,
1291 1058 1356 1112 τη
1365 1043 1449 1111 ρεῑ
1462 1041 1562 1104 τὰς
1585 1041 1822 1106 ἐντολάς·

237 1132 334 1185 ὁδε
359 1132 545 1203 τηρῶν
577 1132 684 1194 τὰς.
704 1131 942 1196 ἐντολὰς,
975 1132 1323 1202 καθαίρεται’
1354 1136 1382 1186 6
1409 1132 1469 1186 δέ
1502 1133 1822 1203 καθαρθεὶς,

237 1224 598 1292 ὲλλάμπεται·
626 1224 727 1276 ὁδέ
750 1223 1096 1294 ἐλλαμφθεὶς,
1129 1227 1186 1278 ἐν
1218 1223 1296 1294 τῷ
1326 1224 1561 1296 ταμιείῳ
1588 1224 1695 1277 τῶν
1734 1242 1827 1295 μυ-

238 1315 484 1386 στηρίων
512 1315 758 1381 ἀξιοῦται
788 1315 867 1387 τῷ
898 1316 1117 1388 νυμφίῳ
1153 1318 1312 1387 Λόγῳ
1342 1316 1822 1387 συγκοιτασθῆναι.

317 1570 408 1635 ιζ’.
437 1571 650 1641 Ὥσπερ
673 1571 940 1643 γεωργὸς,
972 1572 1115 1644 ὑπὲρ
1140 1573 1237 1626 τοῦ
1275 1590 1329 1626 τι
1357 1572 1467 1627 τῶν
1493 1575 1702 1648 ἀγρίων
1727 1593 1824 1646 μι-

230 1663 579 1733 ’ταφυτεῦσαι
603 1664 835 1735 δένδρων
858 1666 1165 1734 ἐπιτήδειον
1193 1667 1411 1722 σκοπῶν
1433 1669 1655 1740 χωρίον,
1675 1670 1824 1722 ἀνελ-

233 1756 425 1825 πίστῳ
469 1755 730 1828 θησαυρῷ
759 1757 1105 1830 περιπίπτει·
1142 1757 1287 1812 οὕτω
1317 1759 1412 1810 καὶ
1443 1762 1547 1823 πᾶς
1574 1762 1820 1830 ἀσκητὴς

237 1847 626 1917 ταπεινόφρων
671 1847 769 1902 καὶ
801 1849 1100 1914 ἄπλαστος,
1155 1851 1249 1902 καὶ
1295 1850 1439 1912 λεῖος
1482 1850 1622 1904 κατὰ
1646 1851 1822 1922 ψυχὴν
1855 1841 1896 1896 Β

241 1938 346 2007 τῆς
375 1937 567 2008 ὑλικῆς
595 1937 917 2010 δασύτητος,
963 1939 1106 1992 κατὰ
1133 1939 1224 1992 τὸν
1251 1940 1668 2012 μακαριώτατον
1715 1942 1824 1993 Ἰαυ

240 2028 386 2096 κὼὸ,
435 2030 542 2084 ὑπὸ
584 2028 678 2083 τοῦ
720 2032 933 2103 Πατρὺς
972 2031 1327 2102 ἐρωτώμενος
1377 2033 1478 2104 τῆς
1516 2035 1825 2104 ἐπιστήμης

238 2120 336 2176 τὸν
363 2122 586 2195 τρόπον⁶
617 2123 679 2176 Τί
722 2122 899 2176 τοῦτο
929 2123 959 2177 ὃ
1004 2123 1155 2191 ταχὺ
1184 2109 1376 2192 εὗρες,
1418 2127 1669 2190 τέκνον;
1693 2129 1827 2178 ἁπο-

235 2211 492 2281 κρίνεται
503 2210 694 2279 λέγων·
708 2213 777 2265 Ὀ
787 2211 1094 2280 παρέδωκε
1111 2215 1324 2280 Κύριος
1341 2217 1373 2268 ό
1386 2215 1532 2280 Θεὸς
1547 2216 1829 2269 ἐναντίον

230 2322 382 2373 μου.
423 2305 592 2356 Ὅταν
637 2305 745 2376 γὰρ
773 2305 903 2375 ἡμῖν
938 2305 967 2358 6
998 2305 1128 2368 Θεὸς
1160 2307 1386 2378 παραδῷ
1430 2308 1528 2378 τῆς
1566 2308 1702 2370 ίδίας
1742 2324 1830 2360 σο-

239 2398 377 2467 φίας
405 2396 474 2450 τά
505 2397 646 2465 σοφά
687 2396 1024 2468 θεωρήματα
1058 2399 1306 2468 καμάτου
1332 2398 1526 2470 χωρὶς,
1567 2400 1627 2452 οὐ
1661 2416 1828 2470 προσ-

236 2491 530 2561 δοκήσασι,
578 2491 849 2564 θησαυρὸν
881 2491 1140 2561 ἐξαίφνης
1174 2491 1543 2562 πνευματικὸν
1592 2492 1828 2563 εὑρηκέ-

237 2602 333 2638 ναι
376 2583 710 2657 νομίσωμεν.
745 2585 994 2655 Γεωργὸς
1026 2585 1136 2656 γὰρ
1184 2585 1550 2655 πνευματικός
1600 2587 1746 2636 ἐστιν
1799 2584 1829 2636 6

238 2676 468 2748 δόκιμος
491 2679 759 2749 ἀσκητὴς,
787 2677 886 2748 τὴν
926 2678 1060 2750 πρὸς
1101 2678 1354 2748 αἴσθησιν
1387 2677 1544 2748 [unus
1573 2677 1702 2746 Reg.
1728 2677 1829 2747 τὴν

241 2765 532 2842 αἰσθητὸν]
573 2768 680 2822 τῶν
711 2768 923 2838 ὁρατῶν
968 2769 1222 2840 θεωρίαν,
1267 2768 1344 2831 ὡς
1382 2769 1572 2840 ἄγριον
1614 2767 1830 2840 δένδρον

240 2858 385 2930 πρὸς
421 2860 521 2930 τὴν
553 2858 662 2914 τῶν
692 2860 899 2929 νοητῶν
941 2859 1126 2931 χώραν
1171 2858 1582 2930 μεταφυτεύωνο
1612 2858 1704 2911 καὶ
1733 2857 1832 2929 θη-

243 2951 450 3022 σαυρὸν
493 2951 781 3020 εὑρίσκων,
815 2951 915 3021 τὴν
950 2949 1090 3005 κατὰ
1133 2949 1294 3022 χάριν
1337 2949 1437 3019 τῆς
1488 2950 1546 3001 ἐν
1575 2952 1688 3013 τοῖς
1712 2945 1832 3002 οὖσι

242 3043 442 3111 σοφίας
478 3043 805 3113 φανέρωσιν.

1931 585 2104 652 ipsam
2152 584 2440 654 elegerint,
2481 595 2792 656 prtestatur,
2843 580 3185 650 missumque
3238 597 3301 636 ac
3335 584 3509 638 invio-

1928 677 2098 730 latum
2135 688 2406 732 servatur.

2001 768 2087 823 16.
2127 767 2232 834 Qui
2291 769 2487 833 credit,
2533 771 2734 826 timore
2787 771 3137 832 concutitrir;
3185 752 3280 836 qui
3323 776 3509 821 autem

1928 859 2128 914 timore
2183 862 2522 925 concutitur,
2577 863 2791 917 animos
2827 864 2986 932 ponit
3039 878 3105 918 ac
3155 858 3506 920 humiliatur.

1928 949 2079 1004 mitis
2121 949 2182 1003 ﬁt
2214 959 2270 1004 et
2309 961 2652 1014 mansuetus,
2702 951 2938 1018 inertem
2998 969 3062 1008 ac
3103 953 3368 1008 otiantem
3425 955 3508 1008 inv

1927 1021 2260 1091 naturalium
2297 1038 2391 1094 ἱνα»
2440 1048 2496 1094 et
2528 1039 2848 1110 cupiditatis
2893 1051 3142 1097 motuum
3183 1053 3380 1100 nactus
3407 1045 3508 1100 ha-

1927 1127 2104 1182 bitum
2133 1118 2146 1183 ξ
2176 1131 2328 1185 mitis
2351 1147 2517 1201 porro
2543 1141 2600 1188 et
2629 1142 2971 1198 mansuetus,
3005 1135 3260 1191 mandata
3287 1147 3504 1192 servat:

1925 1223 2020 1292 qui
2049 1233 2229 1278 autem
2247 1235 2430 1279 servat
2448 1227 2723 1290 mandata,
2753 1236 3044 1296 purgatur;
3073 1239 3336 1300 purgatus
3351 1246 3506 1292 vero,

1927 1313 2234 1368 illustratur
2269 1334 2280 1368 :
2319 1316 2624 1371 illustratus
2647 1317 2910 1386 denique,
2938 1319 2993 1372 in
3018 1321 3273 1388 penitiori
3308 1330 3510 1392 myste-

1927 1406 2138 1460 riorum
2176 1409 2445 1469 conclavi.
2489 1425 2615 1464 cum
2648 1411 2831 1466 Verbo
2869 1427 3072 1480 sponso
3113 1413 3256 1467 thori
3296 1423 3509 1470 secreta

1925 1504 2114 1552 tenere
2156 1498 2419 1554 meretur.

1997 1588 2084 1642 17.
2146 1589 2621 1656 Quemadmodum
2667 1593 2755 1647 vir
2814 1594 3075 1664 agricola,
3137 1595 3267 1650 dum
3315 1610 3511 1665 agrum

1923 1681 2312 1745 commodum,
2375 1683 2432 1736 in
2497 1699 2608 1752 quo
2671 1684 2954 1739 silvestres
3011 1686 3227 1754 aliquas
3285 1686 3513 1741 arbores

1927 1772 2310 1838 transplantet,
2365 1773 2607 1843 dispicit,
2659 1775 2942 1844 insperato
2973 1774 3030 1828 in
3069 1776 3390 1831 thesaurum
3423 1776 3512 1829 in-

1927 1857 2062 1910 cidit
2095 1877 2106 1910 :
2137 1861 2216 1914 sic
2255 1877 2477 1930 quoque
2511 1863 2764 1934 quisquis
2798 1865 3090 1936 religiosus
3122 1866 3321 1929 cultor,
3344 1880 3513 1919 sensu

1927 1949 2209 2004 modestus
2263 1968 2327 2005 ac
2380 1952 2611 2021 simplex
2661 1955 2956 2023 animoque
3020 1954 3163 2009 lenis
3201 1971 3232 2010 a
3288 1963 3511 2010 terrena

1928 2038 2161 2093 hirsulie
2195 2056 2259 2095 ac
2308 2040 2598 2109 pilositate,
2656 2043 2806 2098 haud
2853 2059 3015 2098 secus
3060 2060 3124 2098 ac
3155 2045 3512 2099 beatissimus

1926 2129 2114 2192 Jacob,
2149 2131 2396 2197 exsistit;
2453 2141 2809 2200 percontante
2861 2134 3023 2206 465
3059 2146 3214 2206 patre
3262 2137 3510 2192 scientia:

1927 2219 2148 2272 modum
2190 2239 2202 2272 :
2242 2219 2374 2284 Quid
2432 2223 2525 2273 hoc
2576 2222 2714 2292 quod
2756 2233 2866 2276 tam
2920 2226 3020 2277 cito
3074 2226 3341 2291 invenisti,
3379 2223 3514 2296 ﬁli?

1928 2309 2224 2377 respondet
2272 2309 2500 2363 dicens:
2537 2309 2684 2374 Quod
2720 2313 2942 2366 tradidit
2985 2312 3242 2368 Dominus
3276 2315 3415 2368 Deus
3451 2316 3510 2369 in

1928 2410 2202 2471 conspectu
2255 2417 2367 2454 meo
2399 2403 2440 2455 ⁵.
2477 2402 2614 2456 Cum
2658 2404 2807 2457 enim
2853 2405 2999 2458 Deus
3056 2405 3338 2474 sapientia:
3387 2422 3503 2462 sua:

1929 2493 2333 2562 sapientissima
2406 2493 2744 2549 theoremata
2802 2495 3228 2568 (solertissimas
3299 2499 3512 2554 scilicet
3609 2504 3611 2506 ’

1930 2585 2171 2638 rationes
2225 2602 2289 2639 ac
2345 2586 2862 2656 contemplationes)
2913 2589 3067 2641 nullo
3124 2589 3315 2644 labore
3371 2588 3509 2642 nihil

1930 2675 2378 2742 exspectantibus
2454 2675 2615 2728 nobis
2680 2674 2992 2738 tradiderit,
3045 2676 3350 2745 spiritalem
3409 2691 3514 2730 nos

1931 2765 2250 2818 thesaurum
2287 2765 2565 2820 invenisse
2611 2767 3010 2826 existimemus.
3060 2768 3333 2823 Probatus
3360 2767 3510 2821 enim

1931 2855 2298 2921 Exercitator,
2333 2858 2599 2927 spiritalis
2641 2859 2880 2930 agricola
2919 2870 3026 2925 est,
3064 2876 3250 2914 rerum
3298 2860 3516 2916 scilicet

1932 2948 2110 3003 oculis
2152 2950 2527 3020 subiectarum
2573 2967 2682 3021 qua
2726 2967 2891 3007 sensu
2941 2953 3345 3022 percipiuntur,
3383 2969 3513 3021 spe-

1933 3043 2288 3107 culationem,
2325 3043 2470 3097 haud
2499 3059 2661 3098 secus
2687 3059 2750 3098 ac
2795 3045 3102 3122 silvestrem
3149 3044 3427 3108 arborem,
3454 3044 3514 3098 in

238 3148 434 3188 rerum
487 3127 840 3204 spiritalium,
889 3148 954 3189 ac
990 3149 1114 3204 qua:
1160 3142 1346 3188 mente
1408 3131 1820 3202 intelliguntur,
1862 3132 2040 3187 solum
2081 3135 2508 3202 transplantaus,
2563 3142 2730 3202 atque
2808 3134 3131 3188 thesaurum
3196 3133 3508 3198 offendens,

235 3243 446 3300 nempe
488 3245 612 3299 quae
653 3246 754 3300 per
791 3230 1021 3301 gratiam
1062 3237 1165 3292 est,
1193 3227 1480 3298 sapientia:
1509 3226 1823 3282 exsistentis
1861 3228 1918 3282 in
1967 3227 2136 3282 rebus
2185 3227 2705 3281 manifestationem.

317 3346 414 3412 ιη’.
462 3341 653 3410 Ἀφνω
690 3338 1076 3411 προσπεσοῦσα
1115 3338 1318 3408 γνῶσις
1352 3337 1512 3391 θείων
1540 3337 1832 3407 θεωρημά-
1857 3323 1900 3381 C

238 3433 354 3486 τῶν
383 3432 464 3502 τῷ
494 3433 708 3504 ἀσκητῇ
747 3437 821 3504 μὴ
857 3432 1295 3504 προσδοκήσαντι
1323 3429 1411 3482 διὰ
1434 3430 1534 3500 τὴν
1561 3428 1830 3481 ταπείνω-

242 3538 355 3588 σιν,
388 3521 636 3594 κατακλᾴ
677 3521 770 3574 τὸν
806 3521 1068 3592 λογισμὸν
1096 3519 1191 3573 τοῦ
1223 3519 1360 3591 πρὸς
1393 3518 1657 3584 ἐπίδειξιν
1690 3517 1830 3589 μετὰ

239 3615 498 3684 καμάτου
547 3615 644 3668 καὶ
682 3613 848 3667 πόνου
879 3613 1085 3684 ταύτην
1127 3610 1438 3682 ζητοῦντος,
1483 3611 1578 3664 καὶ
1622 3609 1697 3682 μὴ
1735 3610 1828 3663 e6-

239 3705 532 3776 ρίσκοντος
563 3721 576 3734 ο
619 3704 716 3759 καὶ
764 3705 927 3775 γεννᾷ
966 3703 1044 3774 τῷ
1083 3703 1276 3774 ἄφρονι
1317 3701 1509 3770 φθόνον
1538 3701 1661 3769 είκῆ
1693 3701 1829 3772 πρὸς

239 3798 339 3850 τδν
377 3799 626 3868 ἀδελφὸν,
665 3798 761 3852 καὶ
793 3797 952 3868 φόνου
991 3797 1241 3867 μελέτην,
1277 3797 1371 3849 καὶ
1418 3794 1597 3866 ἐαυτῷ
1628 3794 1826 3864 λύπην,

239 3889 338 3944 διὰ
366 3892 430 3946 τὸ
461 3893 537 3962 μὴ
562 3891 705 3963 ἔχειν
734 3890 834 3963 τὴν
862 3891 927 3944 ἐκ
955 3889 1063 3944 τῶν
1097 3889 1337 3942 ἐπαίνων
1363 3889 1649 3957 φυσίωσιν.

323 4133 414 4189 tO’.
465 4134 531 4187 Οί
574 4131 865 4203 ζητοῦντες
910 4131 1050 4202 μετὰ
1097 4132 1262 4185 πόνον
1302 4129 1527 4200 γνῶσιν,
1570 4128 1663 4181 καὶ
1697 4128 1832 4181 circo-

245 4225 636 4296 τυγχάνοντες,
670 4225 704 4296 ἢ
738 4225 827 4278 διὰ
873 4223 1133 4278 ἀπιστίαν
1168 4220 1630 4291 ἀποτυγχάνουσι,
1673 4220 1705 4290 ἢ
1741 4236 1832 4270 τυ-

247 4316 345 4387 χὸν
365 4315 456 4369 διὰ
485 4314 546 4369 τὸ
572 4317 758 4384 ἀφυῶς
783 4315 997 4385 μέλλειν
1018 4315 1215 4377 αὐτοὺς
1265 4311 1831 4382 ἀντιφιλονεικοῦντας

248 4406 579 4479 ἐπαίρεσθαι
607 4407 674 4476 (c)
706 4406 850 4460 κατὰ
880 4406 991 4459 τῶν
1033 4404 1430 4474 γινωσκόντων,
1491 4401 1568 4464 ὡς
1619 4403 1647 4454 6
1703 4400 1832 4464 λαές

249 4499 426 4554 πάλαι
456 4499 599 4553 κατὰ
626 4498 904 4561 Μωῦσέως
931 4513 946 4528 ·
990 4497 1131 4569 πρὸς
1163 4494 1256 4558 οὒς
1282 4494 1311 4546 6
1342 4495 1504 4564 νόμος
1538 4494 1654 4564 ἐρεῖ
1696 4492 1834 4545 δεόν-

246 4608 383 4655 τως,
400 4592 485 4644 ὅτι
515 4589 1000 4661 παραϐιασάμενοί
1022 4605 1188 4652 τινες,
1211 4585 1486 4655 ἀνέϐησαν
1507 4587 1586 4648 εἰς
1604 4585 1664 4637 τὸ
1685 4585 1829 4655 ὅρος,

2005 3319 2091 3372 18.
2130 3317 2269 3372 Cum
2316 3326 2564 3386 repente,
2597 3317 2736 3370 nihil
2773 3316 2880 3370 tale
2916 3331 3030 3386 prae
3063 3316 3381 3372 humilitate
3411 3331 3512 3370 (ιο-

1929 3410 2123 3481 gitanti
2174 3410 2443 3464 monacho
2497 3409 2798 3480 (exercenti
2849 3408 3060 3464 scilicet
3103 3408 3172 3464 ad
3225 3409 3510 3479 pietatem)

1929 3504 2244 3558 divinorum
2275 3503 2680 3558 theorematum
2710 3518 3111 3572 sensorumque
3152 3501 3382 3557 scientia
3422 3502 3510 3556 in-

1929 3596 2148 3657 ciderit,
2165 3597 2286 3664 ejus
2307 3594 2508 3665 frangit
2529 3595 2796 3658 animum,
2820 3593 2915 3664 qui
2939 3594 3326 3648 ostentationis
3345 3609 3515 3649 causa

1931 3703 2056 3741 cum
2096 3687 2282 3740 labore
2327 3695 2382 3740 ct
2412 3695 2613 3740 conatu
2649 3686 2955 3755 quwsitam,
3000 3685 3229 3739 minime
3264 3700 3385 3739 eam
3425 3683 3514 3739 of-

1931 3779 2141 3844 fendit;
2198 3787 2513 3849 temereque
2553 3778 2838 3848 insipienti
2881 3777 3143 3832 invidiam
3173 3777 3374 3831 confiat
3417 3776 3516 3830 ad-

1929 3883 2125 3925 versus
2177 3869 2433 3934 fratrem,
2465 3880 2522 3925 et
2573 3878 2635 3924 ut
2675 3885 2866 3924 necem
2919 3869 2997 3924 illi
3041 3869 3322 3932 moliatur,
3372 3869 3512 3924 sibi-

1930 3979 2037 4033 que
2078 3963 2193 4032 ipse
2239 3963 2408 4016 animi
2458 3963 2701 4018 dolorem
2733 3963 2984 4025 asciscat,
3029 3961 3177 4030 quod
3215 3977 3363 4022 eum,
3416 3961 3515 4030 qui-

1929 4065 1997 4105 ex
2048 4051 2302 4104 laudibus
2329 4060 2435 4113 est,
2473 4052 2649 4106 fastus
2687 4051 2928 4116 deficiat,
2971 4059 3165 4105 auctor
3197 4051 3434 4105 exsistit.

2002 4143 2089 4196 19.
2129 4141 2249 4208 Quit
2301 4143 2493 4197 labore
2558 4152 2929 4212 contentaque
2972 4157 3143 4211 opera
3200 4151 3516 4211 quaerentes

1930 4233 2238 4296 scientiam,
2286 4235 2404 4302 ejus
2458 4233 2683 4286 minime
2733 4242 3020 4301 compotes
3069 4232 3246 4296 ﬁunt,
3291 4242 3353 4286 ut
3398 4248 3513 4286 non

1933 4323 2066 4378 flant
2116 4332 2212 4377 aut
2245 4324 2604 4379 incredulitas
2634 4325 2688 4377 in
2718 4338 2885 4376 causa
2924 4331 3028 4386 est,
3072 4331 3169 4376 aut
3195 4322 3337 4376 forte
3363 4323 3511 4392 quod

1931 4415 2180 4469 futurum
2235 4415 2308 4469 sit
2349 4423 2409 4468 ut
2453 4431 2648 4484 parum
2693 4413 2930 4484 ingenue
2976 4413 3246 4468 adversus
3287 4429 3383 4468 eos
3413 4415 3512 4483 qui

1932 4506 2056 4560 fulti
2110 4507 2339 4560 scientia
2379 4515 2528 4568 sunt,
2580 4505 2987 4560 eontensiosius
3015 4505 3096 4560 eis
3126 4506 3506 4577 repugnando,

1932 4593 2131 4647 animis
2181 4594 2508 4656 efferantur,
2560 4592 2706 4646 haud
2753 4607 2913 4648 secus
2963 4608 3027 4647 ac
3084 4593 3217 4647 olim
3265 4594 3506 4663 populus

250 4683 351 4734 καὶ
401 4678 628 4750 ἐξῆλθεν
654 4681 682 4732 6
728 4679 1057 4750 Ἀμορραῖος
1087 4679 1116 4730 6
1136 4676 1300 4730 οίκῶν
1326 4676 1384 4727 ἐν
1420 4673 1500 4745 τῷ
1538 4673 1654 4745 ὄρει
1685 4672 1828 4726 ὲκεί-

1930 4682 2195 4737 adversus
2241 4683 2500 4754 Moysen;
2546 4684 2599 4738 in
2627 4700 2766 4753 quos
2810 4685 2897 4740 lex
2940 4685 3138 4739 merito
3191 4684 3338 4740 dicat
3397 4685 3509 4738 vim

250 4788 368 4841 νῳ,
425 4770 523 4824 καὶ
577 4769 910 4841 ἐτίτρωσκεν
957 4767 1177 4832 αὐτούς.
1251 4766 1491 4835 ’Δνάγκη
1545 4767 1654 4835 γὰρ
1704 4765 1830 4827 τοὺς

253 4863 572 4928 ἐπιδείξεως
603 4863 786 4917 ἕνεκεν
819 4861 1351 4933 ἐπιμορφιζομένους
1376 4859 1476 4930 τὴν
1505 4857 1725 4930 ἀρετὴν,
1756 4857 1830 4927 μὴ

255 4957 420 5027 μόνον
449 4956 781 5027 σφάλλεσθαι
800 4956 1086 5019 δολοῦντας
1115 4954 1213 5027 τὴν
1244 4946 1549 5014 εὐσέϐειαν,
1574 4951 1710 5004 ἀλλὰ
1736 4952 1831 5004 καὶ

251 5049 362 5103 ὑπὸ
389 5050 484 5105 τοῦ
508 5051 813 5114 συνειδότος
842 5047 1262 5120 τιτρώσκεσθαι.

251 5143 614 5211 frustrentur,
643 5145 775 5201 dum
804 5145 1062 5214 pietatem
1090 5142 1424 5205 adulterant,
1449 5155 1638 5194 verum
1665 5139 1858 5203 etiam,

321 5308 346 5339 ⁵
365 5306 504 5361 Gen.
523 5321 692 5370 xxvu,
713 5303 804 5359 20.
880 5305 902 5337 ⁸
920 5304 1082 5360 Num.
1107 5321 1219 5367 xw,
1241 5303 1337 5367 40;
1368 5303 1529 5357 Deut.
1551 5319 1590 5366 ι,
1613 5304 1700 5357 41.

324 5437 396 5511 (c)
442 5439 678 5511 ‘Agom'bg
716 5439 1088 5511 ἐπαίρεσθαι.
1125 5438 1326 5505 Quasi,
1378 5438 1574 5511 stulte,
1619 5436 1832 5511 inepte,

250 5507 417 5576 male,
446 5507 685 5580 etquasi
713 5507 882 5564 invita
906 5519 1124 5575 natura,
1155 5524 1276 5580 quae
1302 5507 1626 5580 modestiam
1653 5507 1837 5580 potius

253 5581 532 5636 suaderet.
547 5577 1099 5650 ’ἐπιμορφαζομένους
1119 5577 1216 5646 τῆν
1237 5580 1462 5650 ἀρετήν,
1480 5577 1698 5650 virtutis
1717 5591 1840 5645 spe-

253 5651 394 5704 ciem
417 5647 792 5725 pneferentes.
813 5647 957 5725 Bene
976 5647 1326 5725 enimj’arin.
1352 5647 1837 5725 ἐπιμορφάςοντες,

257 5716 708 5788 σχηματίζοντες.
736 5721 847 5774 Nec
885 5722 1064 5789 placet
1103 5719 1371 5773 Thesaur.
1413 5716 1559 5789 quod
1599 5731 1721 5789 eam
1762 5716 1839 5768 si-

256 5785 666 5859 gnificationem
709 5785 1120 5846 solum-tribuat
1145 5789 1316 5845 verbo
1359 5785 1628 5860 μορφίζω,
1653 5785 1843 5840 aliain-

1936 4773 2133 4828 fecisse
2157 4775 2425 4842 quosdam
2457 4785 2516 4828 ut
2542 4776 2905 4830 ascenderent
2937 4775 2992 4828 in
3023 4785 3301 4841 montem;
3325 4790 3514 4846 egres-

1937 4878 2170 4932 sumque
2212 4865 2624 4930 Amorrharum,
2680 4867 2884 4922 montis
2931 4867 3076 4921 illius
3122 4866 3377 4929 incolam,
3418 4880 3516 4918 eos

1937 4954 2257 5010 cecidisse“.
2285 4956 2519 5011 Necesse
2576 4958 2723 5012 enim
2767 4966 2936 5013 estut
2985 4960 3101 5029 qui,
3133 4956 3517 5012 ostentationis

1938 5061 2124 5111 causa,
2176 5047 2396 5102 virtutis
2421 5049 2629 5103 larvam
2675 5061 2981 5114 assumunt,
3033 5051 3234 5106 nedum
3276 5065 3373 5120 spe
3417 5064 3515 5104 sua

1897 5140 2230 5197 conscientia
2289 5143 2554 5209 cazdente,
2579 5145 2809 5199 vulnera
2837 5143 3130 5214 accipiant.

1934 5448 2190 5506 queies’sc
2223 5434 2368 5490 dicat
2404 5436 2558 5490 verbi
2591 5436 2872 5506 μορφάζω,
2901 5434 3045 5504 quod
3079 5434 3313 5506 Hesych.
3340 5433 3516 5506 νεύειν

1936 5505 2260 5559 reddiderit.
2288 5507 2517 5561 Videtur
2545 5505 2674 5561 sane
2706 5507 2972 5560 remotior
3015 5507 3129 5559 haec
3169 5505 3321 5560 vocis
3370 5505 3521 5561 illius

1938 5575 2295 5643 signiﬁcatio;
2320 5577 2505 5630 nativa
2526 5593 2678 5639 vero,
2705 5591 2867 5645 quam
2901 5575 3265 5645 compositum
3295 5576 3514 5645 retinet,

1938 5661 2046 5713 qua
2085 5653 2140 5699 et
2173 5646 2422 5699 crebrius
2455 5647 2685 5700 Maximo
2721 5644 3038 5715 usurpatur.
3081 5645 3254 5699 Habet
3290 5655 3347 5699 et
3377 5644 3514 5714 ipse.

1940 5731 1990 5767 c.
2024 5715 2093 5767 ‘25
2139 5732 2151 5767 :
2201 5716 2593 5785 μορφιζόμενος
2634 5717 2836 5784 φιλίαν
2891 5718 3179 5770 amicitiam
3219 5715 3513 5783 simulans,

1941 5800 2060 5850 seu,
2095 5785 2206 5853 ejus
2241 5783 2445 5840 larvam
2481 5783 2787 5858 praeferens,
2823 5797 2878 5840 ut
2913 5789 3152 5858 proximo
3179 5796 3380 5842 noceat.
