4048 6436
573 358 711 434 ἰθθί

1739 360 1812 422 ’5.
1852 358 2139 422 ΜΑΧῙΜΙ
2165 354 2684 418 ἘΟΝΕΕΞΞΟΒῙΞ

3671 347 3783 414 1092

643 486 746 540 20;
773 482 881 551 Qui
940 479 1327 539 ostentationis
1373 489 1540 532 causa
1589 474 1878 530 scientiam
1932 470 2160 542 appetit,

2338 477 2407 525 κ’.
2452 470 2509 524 '0
2542 469 2680 538 πρὸς
2713 463 2971 529 ἐπίδειξιν
3009 459 3297 532 ἐφιέμενος
3329 460 3575 529 γνώσεως
3604 463 3689 531 (I),
3709 461 3788 517 καὶ

572 593 678 634 nec
725 591 848 631 eam
897 573 1236 645 assequitur,
1281 571 1349 637 is,
1381 583 1562 637 neque
1612 566 1867 637 proximo
1892 565 2156 628 invideat,

571 683 753 737 neque
797 681 932 721 vero
974 665 1157 719 animo
1186 662 1411 725 doleat;
1451 658 1569 720 sed.
1594 658 1650 711 in
1688 656 1888 712 vicinia
1925 653 2158 724 quadam

564 775 638 814 ~ac
675 757 936 824 conﬁnio,
966 757 1045 810 uti
1081 763 1412 824 praeceptum
1451 760 1554 816 est,
1591 758 1910 819 apparatum
1961 745 2156 800 iaciat:

573 852 650 907 ita
695 852 959 906 nimirum
1014 857 1078 902 ut
1135 845 1368 901 colenda
1396 845 1624 909 virtute,
1650 843 1708 896 in
1748 856 1979 912 corpore
2007 838 2162 909 prius

570 944 820 999 studiose
869 941 1152 1006 laborans,
1180 939 1425 998 animum
1457 936 1526 990 ad
1571 935 1868 991 scientiam
1891 939 2163 1004 prmparet

573 1051 642 1092 ac
679 1035 956 1103 disponat.

645 1127 735 1180 21.
759 1125 863 1190 Qui
886 1131 1038 1178 recte
1073 1138 1142 1177 ex
1169 1121 1377 1191 pietate
1405 1120 1657 1174 animum
1683 1117 1850 1171 rebus
1871 1113 2158 1186 adjiciunt,

574 1227 678 1266 nec
721 1210 1110 1266 ostentationis
1145 1210 1342 1264 modos
1389 1209 1536 1262 ullos
1569 1207 1953 1270 adinveniunt,
2005 1204 2043 1258 ii
2071 1205 2159 1258 lu-

574 1306 889 1360 cidissimas
947 1321 1135 1359 rerum
1184 1303 1678 1372 contemplationes
1729 1301 1875 1354 ultro
1944 1300 2156 1365 obvias,

574 1395 772 1464 suique
824 1393 1293 1447 absolutissimam
1325 1389 1876 1460 comprehensionem
1904 1388 2159 1458 ingeren-

574 1491 680 1546 tes,
715 1481 881 1552 466
916 1478 1288 1543 offenderint;
1334 1477 1402 1531 ad
1441 1493 1582 1547 quos
1621 1477 1709 1530 lex
1742 1476 1890 1530 dicat
1920 1494 1933 1528 :
1975 1476 2162 1546 Ingre-

572 1574 774 1628 dientes
799 1573 1058 1642 possidete
1091 1574 1242 1624 urbes
1266 1587 1491 1640 magnas
1513 1579 1562 1622 et
1594 1568 1862 1640 pulchras,
1882 1569 2160 1637 domosque

573 1667 720 1720 bonis
754 1665 995 1718 omnibus
1029 1664 1272 1732 refertas,
1310 1679 1443 1732 quas
1467 1677 1570 1714 non
1601 1660 1942 1727 mdiﬁcastis;
1981 1677 2043 1712 ac
2075 1659 2159 1712 ια.

573 1776 664 1813 cus
686 1760 906 1822 excisos,
932 1773 1060 1828 quos
1087 1774 1191 1810 non
1215 1756 1482 1809 excidistis
1511 1771 1528 1818 ;
1551 1756 1835 1824 vitreasque
1866 1764 1913 1806 et
1945 1753 2158 1818 oliveta,

2266 562 2658 632 ἀποτυγχάνων
2686 577 2701 592 ·
2745 559 2882 628 μήτε
2927 552 3191 624 φθονείτω
3240 551 3317 622 τῷ
3351 551 3537 614 πέλας,
3573 553 3695 624 μήτε
3715 554 3790 607 λυ-

2266 653 2474 708 πείσθω
2505 668 2518 682 °
2552 652 2667 706 ἀλλ’
2707 651 2764 704 ἐν
2797 666 2903 702 τινι
2949 647 3059 700 τῶν
3103 646 3318 716 ὁμόρων
3347 644 3564 696 ποιείτω
3590 644 3678 714 τὴν
3699 661 3789 697 πα-

2269 747 2563 820 ρασκευὴν,
2599 745 2677 806 ὼς
2705 740 3142 812 προστέτακται·
3191 735 3333 790 κατὰ
3377 733 3474 806 τὴν
3513 734 3712 805 πρᾶξιν,
3745 736 3792 787 ἐν

2266 837 2342 908 τῷ
2373 837 2586 907 σώματι
2616 834 2880 904 πρότερον
2918 827 3222 901 φιλοπονῶν
3267 829 3334 898 τῇ
3366 825 3512 896 ψυχῇ
3553 825 3643 896 τὴν
3677 828 3792 881 ἑτοι-

2269 932 2470 1002 μασίαν
2499 929 2601 999 τῆς
2631 926 2906 997 γνώσεως.

2337 1117 2442 1165 κα’.
2481 1109 2545 1162 Οἱ
2574 1106 2751 1178 ὀρθῶς
2788 1103 2904 1174 μετ’
2932 1098 3216 1161 εὐσεϐείας
3246 1099 3359 1158 τοῖς
3405 1089 3523 1154 οὖσι
3563 1093 3796 1164 προσϐἀλ.

2266 1204 2471 1266 λοντες,
2499 1200 2602 1254 καὶ·
2625 1197 2833 1268 μηδένα
2856 1189 3211 1264 φιλενδειξίας
3234 1187 3434 1258 τρόπον
3476 1183 3796 1250 ἐπινοοῦντες,

2265 1295 2558 1365 εὑρήσουσι
2624 1283 3059 1359 προῦπαντώσας
3121 1280 3304 1340 αὐτοῖς
3363 1277 3463 1338 τὰς
3510 1275 3609 1326 τῶν
3661 1275 3800 1330 ὅντων

2267 1387 2549 1457 παμφαεῖς
2577 1381 2830 1452 Θεωρίας,
2861 1374 3262 1455 ἀκριϐεστάτην
3293 1371 3476 1431 αὐτοῖς
3511 1367 3801 1438 ἐμποιούσας

2267 1479 2477 1534 ἑαυτῶν
2505 1477 2604 1547 τὴν
2645 1471 2953 1543 κατάληψιν
2977 1486 2990 1498 ·
3029 1467 3166 1538 πρὸς
3211 1465 3305 1528 οὓς
3349 1465 3378 1516 ὁ
3422 1461 3580 1531 νόμος
3621 1460 3763 1530 φησίν
3787 1479 3800 1496 ο

2268 1573 2665 1634 Εἰσελθόντες
2738 1559 3234 1631 κληρονομήσατε
3314 1555 3522 1618 πόλεις
3573 1551 3805 1621 μεγάλας

2268 1666 2369 1722 καὶ
2398 1664 2611 1728 καλὰς,
2645 1659 2741 1714 καί
2771 1657 2961 1721 οἰκίας
3002 1653 3256 1720 πλήρεις
3292 1647 3537 1701 πάντων
3581 1643 3804 1713 ἀγαθῶν,

2268 1757 2342 1823 ἃς
2401 1757 2514 1809 οὐκ
2561 1747 2992 1818 οἰκοδομήσατε
3023 1760 3034 1772 ·
3076 1742 3171 1795 καὶ
3211 1738 3482 1802 λάκκους
3510 1737 3805 1802 λελατομη-

574 1863 692 1917 qua:
734 1863 840 1899 non
881 1845 1170 1917 plantastis
1195 1847 1238 1898 ⁷.
1275 1844 1380 1911 Qui
1413 1844 1559 1898 enim
1597 1859 1707 1896 non
1749 1843 1853 1896 sibi
1889 1843 2024 1912 ipse,
2070 1842 2166 1896 sed

2271 1847 2510 1919 μένους,
2545 1844 2651 1908 οὓς
2680 1842 2792 1894 οὐκ
2838 1833 3254 1904 ἑλατομήσατε
3281 1846 3295 1858 ·
3339 1827 3444 1882 καὶ
3490 1825 3805 1895 ἀμπελῶνας

573 1938 689 1992 Deo
730 1937 886 2001 vivit,
944 1937 1010 2001 is,
1063 1936 1268 1990 divinis
1301 1935 1562 1989 omnibus
1604 1934 1765 1988 donis
1793 1933 2158 2003 adimpletur;

575 2031 844 2084 hactenus
883 2028 1114 2083 minime
1169 2026 1504 2097 conspicuis,
1561 2026 1632 2080 ob
1685 2025 2162 2094 perturbationum

574 2122 986 2191 all‘ectuumque
1020 2121 1367 2190 ingruentem
1408 2118 1720 2173 molestiam
1749 2124 1916 2185 atque
1951 2115 2162 2170 tumul-

575 2225 714 2269 tum.

528 2291 534 2312 ⁶
644 2304 735 2358 22.
793 2302 1276 2372 Quemadmodum
1351 2310 1548 2355 sensus
1611 2299 1911 2368 dupliciter
1959 2299 2164 2353 dicitur

577 2399 798 2467 (nempe
835 2411 1031 2452 sensus
1079 2395 1294 2459 habitu,
1335 2394 1431 2464 qui
1461 2402 1518 2447 et
1565 2393 1725 2446 nobis
1756 2392 2165 2446 dormientibus

576 2488 740 2553 inest,
791 2503 894 2543 nec
949 2488 1118 2542 ullam
1183 2486 1560 2556 subjectarum
1623 2499 1811 2538 rerum
1881 2483 2161 2553 percipit;

580 2582 839 2653 quodque
880 2580 950 2635 ad
1005 2581 1386 2650 operationem
1431 2595 1542 2632 non
1577 2576 1920 2640 intendatur,
1954 2575 2168 2629 inutilis

573 2674 832 2740 exsistit;
877 2687 1183 2742 sensusque
1225 2671 1280 2726 in
1343 2678 1495 2734 actu,
1547 2684 1656 2739 quo
1717 2685 1781 2722 ea
1830 2667 2167 2738 percipimus

577 2778 702 2833 quae
741 2762 799 2816 in
849 2776 1074 2816 sensum
1131 2759 1385 2831 cadunt),
1423 2760 1502 2815 sic
1559 2774 1780 2828 quoque
1839 2758 2040 2827 duplex
2084 2767 2168 2812 est

579 2853 813 2910 scientia
854 2870 867 2906 :
915 2868 1023 2906 una
1067 2851 1460 2926 quidem‘ipsa
1496 2851 1708 2906 sciendi
1759 2851 1993 2916 ratione,
2050 2851 2167 2904 solo

579 2945 774 3000 habitu
825 2945 1072 3000 rationes
1118 2945 1345 3015 legens;
1401 2960 1522 3014 qum
1572 2943 1794 3014 quidem
1825 2943 1966 2996 nihil
1990 2943 2164 3012 juvat,

583 3039 718 3109 quin
769 3037 838 3092 ad
888 3037 1146 3091 mandata
1197 3038 1316 3107 ipso
1366 3051 1533 3105 opere
1583 3035 1932 3104 exsequenda
1973 3043 2166 3088 exten-

579 3127 778 3193 datur;
837 3128 1010 3180 altera
1055 3125 1112 3178 in
1151 3136 1279 3180 actu
1331 3123 1537 3179 actioni
1601 3123 1790 3177 dedita
1833 3123 2165 3194 (πρακτικὴν

577 3218 800 3288 vocant)
831 3233 954 3288 qua:
983 3232 1172 3273 veram
1198 3217 1374 3286 ipsam
1399 3230 1588 3271 rerum
1609 3215 2164 3285 comprehensionem

578 3327 680 3383 per
714 3311 1117 3381 experientiam
1153 3309 1371 3365 afferat.

647 3401 737 3456 25.
777 3399 1101 3472 llypocrita,
1129 3400 1373 3470 quandiu
1404 3398 1628 3469 quidem
1665 3416 1723 3454 se
1767 3398 1939 3453 latere
1970 3396 2158 3452 existi-

580 3502 716 3558 mat,
756 3493 947 3563 quiete
1000 3493 1109 3562 agit
1167 3507 1233 3546 ac
1287 3492 1434 3546 silet.
1484 3488 1582 3546 Sin
1635 3499 1819 3544 autem
1861 3487 2031 3544 semel
2071 3488 2168 3542 de-

581 3585 894 3655 prehensus
944 3583 1133 3650 fuerit,
1171 3582 1480 3638 virulentos
1518 3596 1805 3637 sermones
1842 3580 2166 3650 praetendit;

584 3674 872 3741 conviciis,
919 3691 1044 3745 qua:
1077 3675 1250 3746 jactat
1286 3675 1341 3728 in
1390 3674 1548 3739 alios,
1593 3687 1750 3728 suam
1786 3688 1844 3726 se
1878 3671 2171 3740 turpitudi-

485 3809 488 3812 .
585 3780 716 3820 nem
758 3765 1115 3820 obtecturum
1155 3765 1498 3820 existimans.
1542 3764 1701 3818 Hunc
1755 3762 2041 3831 Scriptura
2100 3762 2171 3816 ob

586 3858 864 3914 vafritiem
911 3858 1237 3928 viperarum
1285 3857 1464 3912 soboli
1509 3872 1636 3912 cum
1672 3861 2064 3924 comparasset,
2090 3853 2174 3906 di-

588 3966 724 4022 gnos
777 3950 830 4006 ei
877 3949 1220 4020 poenitentiae
1277 3950 1492 4003 fructus
1546 3946 1827 4002 faciendos
1866 3945 2060 3999 indicit
2096 3942 2118 3974 ⁸
2156 3961 2169 3996 :

587 4058 788 4114 nempe
831 4043 1096 4098 latentem
1147 4041 1316 4097 animi
1369 4041 1717 4095 aﬂectionem
1779 4038 1835 4092 in
1887 4046 2174 4091 externam
2276 4039 2559 4095 καρπους’
2592 4038 2860 4078 τουτεστι,
2896 4038 3031 4081 πρυς
3065 4038 3186 4114 ζων»
3213 4038 3477 4109 tumulas:

589 4135 740 4190 illam
775 4150 842 4189 ac
883 4134 1238 4205 conspicuam
1291 4130 1762 4188 transmutandam
1809 4143 2026 4183 morum
2075 4129 2169 4183 ho-

2281 4114 2642 4190 μεταποιῆσαι
2673 4109 2773 4180 τὴν
2794 4101 3182 4178 κρυπτομένην
3204 4098 3305 4169 τῆς
3337 4095 3565 4167 καρδίας

590 4234 889 4281 aestatem.

660 4317 751 4372 24.
792 4316 967 4370 Aiunt
1015 4315 1238 4386 quidam
1290 4314 1525 4369 bestiam
1569 4329 1689 4368 esse
1725 4311 1991 4382 quidquid
2038 4311 2176 4381 legis

592 4411 846 4475 decreto,
901 4424 1096 4464 earum
1137 4407 1500 4461 animantium
1551 4422 1672 4475 qua:
1709 4406 1794 4458 vel
1828 4405 1882 4457 in
1919 4419 2046 4457 aere
2088 4403 2175 4456 vel

592 4501 652 4555 in
691 4501 831 4554 mari
868 4502 955 4555 vel
1018 4502 1074 4554 in
1130 4509 1280 4554 terra
1325 4499 1552 4569 degunt,
1601 4514 1713 4551 non
1770 4496 2036 4551 mundum
2089 4496 2177 4566 ju-
2207 4529 2253 4584 Ι)

593 4593 838 4647 dicatum
878 4602 1002 4658 est;
1058 4591 1278 4646 tametsi
1337 4599 1683 4644 mansuetum
1722 4606 1820 4644 sua
1874 4589 2055 4642 indole
2090 4588 2174 4640 vi-

594 4684 793 4738 deatur
841 4699 854 4735 :

595 4774 849 4829 homines
897 4789 966 4828 ex
998 4774 1237 4843 propriis
1283 4773 1437 4827 vitiis
1477 4772 1836 4842 appellandos
1865 4771 2043 4825 duxit.

660 4865 753 4919 25’.
777 4865 884 4931 Qui
913 4873 976 4919 ut
997 4866 1246 4934 proximo
1280 4873 1498 4930 noceat,
1523 4865 1782 4918 amicitia:
1803 4865 2008 4917 larvam
2038 4877 2179 4931 prae-

595 4957 796 5023 tendit,
849 4957 1016 5027 lupus
1059 4965 1165 5021 est,
1224 4958 1388 5011 ovina
1442 4956 1594 5030 pelle
1643 4955 1784 5008 vafri
1837 4953 2007 5010 animi
2059 4967 2184 5021 pra-

595 5049 826 5103 vitatem
881 5057 1092 5120 tegens.
1148 5048 1218 5113 Is,
1265 5048 1362 5103 ubi
1396 5047 1799 5117 simpliciorum
1833 5045 2040 5114 aliquid
2063 5057 2182 5096 mo-

579 5185 581 5187 .
669 5212 688 5242 "
709 5209 876 5265 Josue
900 5224 1046 5274 xxxv,
1071 5208 1158 5273 l5,
1184 5208 1272 5263 M.
1345 5207 1365 5238 ³
1390 5207 1579 5260 Matth.
1603 5221 1682 5268 ιιι,
1708 5206 1760 5258 7.

670 5369 745 5438 (ά)
781 5367 998 5438 Θηρίοις
1029 5360 1203 5438 εἶναι.
1230 5363 1543 5438 Debesliis,
1570 5377 1632 5438 ac
1666 5373 1913 5438 miseriam
1947 5356 2061 5438 illis
2089 5369 2176 5434 ac-

600 5425 929 5496 censeantitr
957 5436 1254 5506 Scriptura:
1279 5431 1487 5506 pbrasi,
1521 5425 1698 5506 multa
1716 5428 1946 5506 Origzin
1971 5426 2087 5480 Cat.
2117 5425 2176 5505 in

597 5495 738 5566 Gen.
770 5524 807 5573 l,
849 5507 916 5560 ad
953 5495 1109 5560 illum
1135 5495 1355 5557 versum
1385 5520 1399 5556 :
1432 5502 1501 5556 Et
1531 5502 1708 5573 prccsit
1738 5495 1959 5573 piscibus
1991 5495 2176 5573 maris,

599 5564 734 5643 etc.,
782 5564 930 5646 quod
973 5585 1136 5646 negat
1172 5573 1242 5627 de
1272 5564 1608 5646 cetis__atque
1632 5564 2051 5646 _bestiis_ititlem
2091 5564 2178 5646 dij

599 5639 752 5704 ctum
787 5639 927 5711 esse,
960 5639 1305 5701 desiderante
1345 5639 1555 5697 scilicet
1597 5643 1715 5711 ejus
1757 5639 1944 5711 codice
1964 5653 1988 5711 ;_
2021 5644 2181 5711 ut_et

601 5717 767 5773 modo
792 5706 924 5771 Cat.
956 5718 1200 5770 Romana
1242 5713 1377 5767 mihi
1422 5706 1657 5784 reposita
1690 5719 1743 5784 et
1775 5709 1909 5784 Sixt.
1959 5706 2178 5784 deside-

605 5796 748 5854 rant,
781 5788 868 5841 καὶ
900 5786 1006 5841 τῶν
1044 5784 1266 5855 θηρίων.
1294 5784 1435 5839 Num
1465 5777 1612 5856 Orig.
1642 5782 1805 5838 ctiam
1839 5780 2020 5835 sicura
2058 5777 2177 5834 ani-

921 4697 1155 4751 quorum
1216 4681 1536 4735 nominibus
1589 4681 1871 4750 Scriptura
1929 4693 2176 4748 quosque

2263 1915 2363 1994 καὶ
2397 1934 2710 2000 ἐλαιῶν-ας,
2755 1930 2859 1996 οὓς
2909 1931 3019 1982 οὐκ
3055 1923 3450 1994 ὲφυτεύσατε.
3508 1917 3565 1970 'O
3607 1916 3704 1987 γὰρ
3746 1915 3804 1986 μὴ

2265 2031 2444 2102 ἐαυτῷ
2494 2029 2624 2094 ζῶν,
2667 2025 2803 2080 ἀλλὰ
2846 2023 2925 2094 τῷ
2968 2019 3108 2090 Θεῷ,
3151 2019 3374 2072 πάντων
3396 2012 3604 2082 γίνεται
3624 2010 3806 2080 πλήρης

2263 2127 2374 2182 τῶν
2399 2125 2559 2178 θείων
2597 2119 2957 2193 χαρισμάτων
2989 2129 3003 2143 ·
3041 2113 3150 2166 τῶν
3179 2111 3320 2173 τέως
3362 2106 3452 2161 διά
3498 2105 3595 2178 τὴν
3630 2105 3804 2156 ἐπικει-

2267 2218 2436 2291 μένην
2461 2215 2570 2270 τῶν
2603 2213 2790 2268 παθῶν
2813 2209 3036 2279 ὄχλησιν
3068 2205 3144 2276 μὴ
3170 2199 3514 2271 φαινομένων

2336 2285 2443 2384 κδ’.
2481 2311 2690 2378 Ὥσπερ
2722 2303 2886 2373 διχῶς
2929 2303 2962 2370 ἡ
3001 2297 3255 2366 αἴσθησις
3307 2294 3526 2360 λέγεται
3559 2306 3572 2320 ·
3626 2290 3658 2358 ἡ
3690 2285 3802 2384 μὲν,

2266 2379 2389 2461 καθζ
2422 2403 2535 2467 ’ἐξιν
2560 2419 2574 2432 ⁸
2595 2401 2716 2470 ἣτις
2738 2397 2831 2450 καὶ
2863 2389 3221 2462 κοιμωμένων
3243 2386 3402 2457 ἡμῶν
3439 2386 3574 2447 ἐστι’
3616 2379 3804 2450 μηδενὸς

2267 2491 2779 2567 ἀντιλαμὸανομένη
2820 2487 2928 2540 τῶν
2963 2480 3344 2551 ὑποκειμένων
3373 2495 3390 2511 θ
3429 2471 3498 2547 ἦς
3531 2474 3673 2527 οὐδὲν
3701 2472 3803 2541 ὕφες

2265 2594 2376 2654 λος,
2405 2565 2479 2659 μη
2509 2586 2644 2657 πρὸς
2667 2583 2947 2652 ἐνέργειαν
2978 2574 3297 2644 τεινομένης
3329 2586 3344 2599 °
3375 2571 3412 2640 ἡ
3435 2569 3513 2635 δὲ,
3541 2567 3654 2620 κατ’
3683 2565 3804 2659 ἐνέρ-

2268 2695 2464 2755 γειαν·
2519 2679 2584 2732 δι’
2650 2670 2717 2746 ἦς
2789 2665 3306 2738 ἀντιλαμϐανόμεθα.
3351 2662 3461 2716 τῶν
3520 2658 3797 2729 αἰσθητῶν·

2267 2749 2411 2831 οὕτω
2440 2775 2534 2828 καὶ
2561 2772 2593 2842 ἡ
2617 2768 2819 2840 γνῶσις
2841 2763 2994 2832 διττή
3025 2779 3038 2790 ·
3079 2762 3113 2831 ἡ
3144 2759 3242 2828 μὲν
3272 2752 3684 2824 ἐπιστημονικὴ,
3708 2749 3801 2842 καθ’

2268 2869 2380 2934 ἕξιν
2424 2835 2593 2937 μόνην
2630 2835 2755 2922 τοὺς
2789 2856 2986 2924 λόγους
3010 2847 3389 2918 ἀναλεγομένη
3417 2845 3527 2898 τῶν
3547 2844 3699 2896 όντων
3717 2857 3731 2872 ο
3751 2835 3803 2912 ἦς

2268 2961 2422 3016 οὐδὲν
2474 2955 2665 3026 ὄφελος
2716 2951 2792 3022 μὴ
2843 2949 2979 3020 πρὸς
3017 2945 3116 3015 τὴν
3157 2943 3267 2995 τῶν
3301 2937 3534 2993 ἐντολῶν
3567 2937 3801 3004 ἐνέργειαν

2271 3051 2658 3121 ἐκτεινομένης
2689 3063 2702 3076 °
2747 3047 2782 3116 ἡ
2817 3043 2901 3108 δὲ,
2940 3041 3062 3094 κατ’
3102 3035 3388 3107 ἐνέργειαν
3418 3028 3701 3121 πρακτικὴ,
3724 3025 3802 3121 αθ·

2268 3146 2367 3214 τὴν
2403 3113 2580 3211 ἀληθῆ
2614 3113 2703 3190 διὰ
2734 3113 2833 3202 τῆς
2864 3130 3064 3200 πείρας
3089 3126 3199 3180 τῶν
3219 3124 3393 3177 ὄντων
3422 3119 3707 3191 κομίζουσα
3726 3113 3804 3186 τὴν

2270 3228 2594 3299 κατάληψιν.

2341 3380 2448 3449 κγ’.
2494 3378 2554 3430 '0
2585 3371 2911 3444 ὑποκριτὴς,
2941 3367 3046 3429 ἓως
3074 3363 3173 3435 μὲν
3197 3361 3348 3415 δοκεῖ
3373 3357 3670 3414 λανθάνειν,
3703 3351 3804 3449 ἠρε-

2274 3475 2400 3545 μεῖ·
2437 3468 2534 3540 τὴν
2565 3469 2628 3520 ἐκ
2672 3457 2766 3516 τοῦ
2804 3462 2980 3516 δοκεῖν
3019 3455 3225 3517 δίκαιος
3270 3445 3417 3507 εἶναι
3473 3447 3622 3510 δόξαν
3663 3440 3804 3511 θηρώ-

2275 3535 2456 3636 μενος.
2493 3535 2749 3612 ’Ἐπειδὰν
2771 3555 2828 3608 δὲ
2853 3550 3106 3624 φωραθῇ,
3139 3541 3558 3636 θανατηφόρους
3594 3535 3804 3636 προΐσχε-

2272 3624 2363 3712 ται
2392 3655 2605 3722 λόγους,
2643 3651 2763 3710 ταῖς
2798 3644 2918 3698 κατ’
2952 3641 3128 3697 ἄλλων
3181 3635 3482 3706 λοιδορίαις
3533 3624 3804 3722 δοκῶνητὴν

2273 3717 2481 3802 οἰκείαν
2554 3738 2956 3806 συγκαλύπτειν
3026 3728 3468 3806 ἀσχημοσύνηνξ
3529 3723 3586 3774 ὃν
3633 3717 3804 3787 ἐχίδνης

2275 3840 2574 3910 γεννήματι
2625 3804 2970 3904 παρεικάσας
3017 3827 3046 3878 ὁ
3110 3825 3308 3892 λόγος,
3358 3804 3801 3910 ὡς’ᾼπαλίμδρλρν.

2279 3932 2460 3997 ἀξίους
2511 3929 2608 3999 τῆς
2661 3922 2947 3997 μετανοίας
2989 3913 3324 3990 προσέταξεν
3372 3907 3524 3978 αὐτῷ
3580 3899 3801 3958 ποιεῖσθαι

2276 4022 2520 4095 καρπούς
2544 4039 2559 4051 ·
2592 4018 2860 4078 τουτέστι,
2896 4011 3034 4081 πρὸς
3065 4008 3189 4070 τοὺς
3213 4001 3570 4073 φαινομένους
3592 3994 3796 4066 τρόπους.

3585 4089 3798 4143 διάθεσιν.

2349 4306 2445 4361 κδ’.
2473 4303 2609 4356 Φασί
2649 4316 2792 4362 τινες
2821 4294 3007 4367 θηρίον
3048 4288 3188 4346 εἶναι
3243 4288 3346 4357 (d),
3407 4287 3518 4340 πᾶν
3565 4282 3592 4335 δ
3641 4280 3703 4350 μὴ
3744 4271 3803 4343 τῷ

2279 4399 2429 4468 νόμῳ
2463 4395 2572 4449 τῶν
2610 4396 2667 4446 ἐν
2708 4393 2830 4461 ἀέρι
2878 4407 2939 4441 τε
2980 4387 3076 4439 καὶ⁵
3136 4386 3207 4454 γῇ
3255 4381 3352 4435 καὶ¹
3398 4378 3629 4468 θαλάττῃ

2279 4461 2530 4558 κέκριται
2559 4483 2820 4553 καθαρὸν,
2870 4479 2974 4532 κᾶν
3026 4478 3235 4547 ἥμερον
3273 4468 3419 4525 εἶναι
3446 4468 3525 4539 τῷ
3548 4461 3800 4558 ἦθεξῂδοκῇξ

2280 4576 2362 4643 οἷς
2386 4580 2615 4631 ἕκαστον
2645 4575 2753 4626 τῶν
2779 4569 3083 4642 ἀνθρώπων
3110 4571 3174 4621 ἐκ
3211 4563 3302 4618 τοῦ
3345 4563 3550 4617 οἰκείου
3587 4549 3806 4612 πάθουςὀ

2280 4673 2436 4740 λόγος
2455 4665 2870 4740 προσαγορεύει.

2350 4859 2446 4907 κε’.
2491 4852 2550 4903 Ὀ
2574 4850 2666 4902 ἐπὶ
2698 4847 2872 4919 βλάϐῃ
2899 4844 3006 4897 τῶν
3034 4843 3202 4904 πέλας
3229 4837 3619 4911 μορφιζόμενος
3638 4822 3802 4896 φιλίαν.

2279 4945 2443 5005 λύκος
2475 4942 2591 4993 ἐστὶ
2622 4938 2800 5006 κωδίῳ
2841 4933 3194 5004 ἐπικρύπτων
3228 4933 3326 5000 τὴν
3371 4923 3564 4980 ἐαυτοῦ
3615 4929 3804 4982 κακουρ-

2283 5039 2431 5106 γίαν.
2472 5034 2567 5094 Ὃς
2593 5030 2811 5084 ἐπειδὰν
2841 5027 2975 5098 εὕρῃ
3009 5025 3162 5095 ψιλὴν
3215 5019 3370 5093 ἦθος,
3419 5019 3454 5089 ἢ
3509 5016 3652 5086 ῥῆμα
3695 5019 3803 5060 κατα

2283 5348 2467 5410 malia,
2511 5345 2606 5400 sed
2644 5341 2944 5404 immunda,
2987 5338 3178 5410 bestiis
3218 5331 3576 5410 deputaverit.
3617 5342 3710 5408 non

2282 5401 2415 5488 quet
2434 5401 2467 5484 ;’
2481 5416 2790 5487 putaverim
2813 5401 2995 5488 potius
3015 5425 3080 5488 ea
3102 5408 3276 5462 solum
3289 5401 3461 5488 θηρία
3486 5401 3800 5488 existimasse:

2284 5476 2406 5560 qua:
2437 5476 2601 5560 noxia
2623 5476 2832 5560 sunt;
2861 5482 2917 5560 in
2964 5480 3166 5560 quibus
3205 5484 3523 5560 serpentes,
3550 5476 3801 5560 quoshtl'gg

2285 5543 2509 5630 ἑρπετὰ,
2545 5555 2641 5630 sed
2667 5543 2849 5630 θηρία,
2877 5543 3378 5630 Scriptum_dicios
3399 5543 3802 5630 probat

2283 5611 2536 5686 del’auli
2569 5611 2755 5694 vipera
2787 5611 2904 5678 Act.
2942 5611 3142 5676 xx'vur:
3179 5619 3237 5694 '_0
3279 5617 3373 5694 μὲν
3396 5611 3488 5671 οὖν
3519 5611 3803 5670 ἀποτινάξας

2284 5702 2342 5757 τὸ
2366 5700 2570 5771 θηρίον·
2601 5688 2700 5752 Ille
2734 5706 2909 5750 autem
2940 5707 3151 5747 excussa
3183 5688 3360 5745 bestia.
