3898 6464
83 373 228 438 1093

935 367 1267 428 ΟΛΡΙΤΗΜ
1305 366 1574 426 ΤΠΕΟΙ..
1618 367 1713 426 ET
1752 365 1988 426 (ECON.
2030 366 2419 426 CENTURIA
2457 365 2507 424 Ι.

3196 357 3334 427 1094

78 486 329 559 Χριστὸν
352 483 628 546 ἀπλοῖκῶς
655 483 689 553 ἢ
719 480 1002 552 ξίνόμενον
1027 483 1061 551 ἦ
1093 482 1404 551 λεγόμενον,
1439 482 1657 549 ἥρπασε
1685 508 1697 540 λ

1791 494 1902 554 um,
1951 478 2033 532 vel
2086 478 2367 547 quidpiam
2395 475 2704 531 Christiana
2737 475 2925 530 indole
2967 475 3118 530 omni
3145 477 3339 546 procul

75 579 179 630 καὶ
224 576 500 646 διέφθειρε
536 592 550 605 ’
602 574 830 644 μυρίους
863 573 1148 642 καταχέων
1177 571 1420 642 μώμους,
1454 564 1528 623 ὧν
1558 573 1672 633 τοῖς

78 669 275 734 λόγοις
301 667 333 736 ἢ
367 669 480 729 τοῖς
508 665 700 736 ἤθεσιν
725 665 1032 717 ,ἐπιτίθεται
1058 680 1074 695 ·
1111 662 1301 732 ὥσπερ
1329 661 1670 724 κατάσκοπος

76 762 181 830 τῆς
213 761 282 812 ἐν
301 758 521 830 Χριστῷ
555 757 662 810 τῶν
691 756 935 824 ἀδελφῶν
978 755 1311 826 ἐλευθερίας.

158 1011 285 1069 κς⁹.
325 1002 388 1055 Ὀ
424 1003 849 1074 ὑποκρινόμενος
877 1005 1085 1074 σιωπὴν
1123 1003 1450 1074 κακουργία;
1485 1002 1666 1074 χάριν,

74 1096 156 1166 τῷ
215 1096 449 1165 πλησίον
505 1096 844 1148 τεκταίνεται
903 1095 1052 1148 δόλον
1084 1111 1097 1124 ·
1160 1089 1220 1146 οἵ)
1277 1095 1668 1164 ἀποτυγχάνων

75 1188 302 1252 ἄπεισι,
329 1188 410 1258 τῷ
451 1189 566 1257 ἰδίῳ
605 1187 766 1239 πάθει
813 1187 1182 1257 προσθέμενος
1229 1186 1439 1256 ὀδύνην.
1505 1191 1563 1239 Ὀ
1610 1185 1668 1238 δὲ

75 1278 316 1330 σιωπῶν
361 1278 627 1348 ὠφελείας
665 1278 847 1349 χάριν,
896 1272 1100 1348 ηὔξησε
1151 1277 1370 1346 φιλίαν,
1423 1277 1518 1330 καὶ
1564 1280 1668 1330 άπ-

74 1368 375 1423 ελεύσεται
408 1370 636 1441 χαίρων,
683 1371 758 1433 ὡς
802 1367 979 1422 λαϐὼν
1009 1369 1285 1439 φωτισμὸν
1330 1369 1553 1432 σκότους
1576 1369 1668 1421 λυ-

73 1460 139 1529 τή
147 1477 301 1528 ριον.

147 1635 264 1700 κζ’.
340 1637 400 1690 ὐ
440 1638 499 1689 ὲν
548 1637 804 1708 συνεδρίῳ
849 1635 1024 1707 λόγων
1073 1638 1332 1707 ἀκρόασιν
1379 1635 1666 1707 προπετῶς

75 1729 438 1795 ἀνακόπτων,
479 1729 577 1782 οὐκ
626 1729 783 1782 ἔλαθε
840 1729 1137 1798 φιλοδοξίαν
1188 1729 1358 1782 νοσῶν
1388 1743 1403 1760 ο
1462 1731 1551 1795 ὑφ’
1598 1724 1665 1800 ἧς

81 1819 462 1891 ἁλισκόμενος
483 1860 498 1884 ,
558 1820 783 1890 μυρίους
812 1819 1172 1891 προόάλλεται
1195 1820 1428 1891 δρόμους
1451 1820 1544 1872 καὶ
1575 1836 1669 1872 πε-
1703 1823 1746 1879 Β

79 1912 388 1984 ριδρόμους
445 1913 778 1984 προτάσεων,
827 1912 920 1965 τὸν
970 1910 1162 1982 εἱρμὸν
1209 1910 1316 1962 τῶν
1358 1909 1668 1980 λεγομένων

75 2006 380 2076 διαστῆσαι
415 2004 754 2075 βουλόμενος.

151 2197 277 2263 κη’.
318 2192 382 2243 ὐ
437 2189 620 2258 σοφὸς,
669 2189 766 2243 καὶ
816 2189 1084 2243 διδάσκων
1131 2189 1226 2242 καὶ
1267 2187 1668 2258 διδασκόμενος,

83 2285 224 2352 μόνα
271 2283 522 2354 βούλεται
558 2283 627 2334 τά
655 2282 972 2353 ὠφελοῦντα
1015 2281 1360 2334 διδάσκεσθαι
1400 2279 1494 2332 καὶ
1524 2279 1670 2332 διδά-

81 2395 237 2431 σκειν
276 2395 289 2408 ο
323 2379 354 2430 ὁ
383 2377 436 2429 δὲ
460 2376 677 2446 δοκήσει
713 2375 893 2443 σοφὸς,
928 2376 1024 2429 καὶ
1062 2373 1280 2445 ἐρωτῶν
1322 2373 1417 2425 καὶ
1459 2372 1673 2443 ἐρωτώ-

81 2487 256 2540 μενος
270 2470 361 2534 ,τὰ
393 2470 798 2542 περιεργότερα
831 2469 991 2539 μόνον
1023 2466 1410 2540 προϐάλλεται.

152 2647 275 2701 κθ’.
298 2640 402 2698 Ὧν
428 2645 656 2715 μετέσχε
685 2661 770 2708 τις
793 2645 934 2698 κατὰ
958 2644 1091 2698 Θεοῦ
1124 2646 1280 2720 χάριν
1310 2646 1549 2712 ἀγαθῶν,
1579 2644 1672 2697 καὶ

77 2742 281 2804 ἄλλοις
312 2739 564 2806 ἀερθόνως
595 2737 915 2808 μεταδοῦναι
943 2737 1223 2808 χρεώστης
1261 2738 1397 2790 ἐστί.
1444 2738 1673 2804 Δωρείιν

78 2836 213 2906 γὰρ,
249 2834 447 2902 φησὶν,
483 2830 741 2895 ἐλάϐετε,
773 2830 997 2898 δωρεὰν
1024 2831 1177 2883 δότε.
1216 2831 1272 2882 Ὁ
1293 2830 1400 2898 γὰρ
1427 2831 1530 2882 ὑπὸ
1571 2831 1672 2899 γῆν

81 2925 364 2995 κρύπτων
395 2921 494 2991 τὴν
527 2920 755 2989 δωρεὰν,
782 2918 856 2983 ὼς
889 2918 1124 2988 σκληρὸν
1151 2917 1423 2970 διαϐάλλει
1458 2919 1550 2970 τὸν
1585 2917 1674 2968 κύ.

81 3034 222 3086 ριον,
262 3013 443 3082 φειδοῖ
471 3013 568 3082 τῆς
602 3011 798 3083 σαρκὸς
835 3010 930 3082 τὴν
969 3011 1166 3080 ἀρετὴν
1195 3008 1573 3080 ὲξομνύμενος.
1615 3011 1672 3062 ’0

79 3106 134 3160 δὲ
166 3106 515 3176 πιπράσκων
540 3104 754 3175 ἐχθροῖς
782 3103 879 3171 τὴν
924 3102 1202 3172 ἀλήθειαν,
1253 3101 1478 3172 ὕστερον
1511 3101 1672 3166 ἁλοὺς

79 3201 155 3263 ῶς
185 3198 502 3269 φιλόδοξος,
530 3196 603 3267 μὴ
631 3198 810 3266 φέρων
835 3197 932 3266 τὴν
954 3194 1217 3264 αἰσχύνην
1242 3194 1567 3263 άπάγχεται.

1771 570 2094 639 duplicitate
2120 570 2322 624 factum
2351 570 2625 624 dictumve
2655 566 2946 630 invenerit,
2979 567 3122 635 rapit
3157 567 3341 621 statim

1771 676 1835 714 ac
1861 661 2188 729 corrumpit,
2217 659 2521 714 innumeris
2545 674 2841 729 aspergens
2861 657 3206 721 criminibus,
3225 672 3342 721 eos,

1771 752 1830 805 in
1861 766 2096 820 quorum
2133 767 2418 805 sermones
2471 759 2568 804 aut
2627 766 2809 804 mores
2864 750 3180 813 invehitur,
3230 757 3347 801 tan-

1769 859 1931 913 quam
1970 843 2179 897 scilicet
2231 843 2547 912 explorator
2599 841 2870 896 libertatis
2918 840 3170 904 fratrum,
3225 854 3346 908 qua:

1769 941 1854 987 est
1901 933 1955 985 in
1997 932 2219 986 Christo
2248 932 2375 985 Jesu
2408 934 2452 983 ’³.

1837 1023 1926 1076 26.
1967 1023 2070 1088 Qui
2107 1023 2344 1092 maligno
2383 1021 2648 1090 vafroque
2689 1021 2921 1075 consilio
2955 1019 3235 1075 silentium
3269 1019 3346 1073 si-

1770 1114 1962 1177 mulat,
2018 1112 2204 1165 dolum
2253 1112 2507 1182 proximo
2559 1111 2913 1166 machinatur
2961 1130 2975 1165 :
3024 1112 3186 1182 467
3228 1111 3346 1164 fru-

1769 1212 2054 1273 stratoque
2084 1203 2286 1259 conatu
2325 1204 2464 1269 abit,
2503 1205 2700 1259 morbo
2730 1205 2809 1258 illi
2844 1220 2944 1258 suo
2996 1220 3059 1258 ac
3097 1203 3344 1268 affectui,

1767 1297 1957 1350 dolore
2016 1297 2294 1366 adjuncto.
2352 1297 2454 1362 Qui
2522 1308 2704 1351 autem
2773 1296 3046 1351 commodi
3117 1296 3349 1366 alicujus

1767 1388 1938 1455 gratia
1972 1387 2118 1450 silet,
2155 1388 2453 1442 amicitiam
2503 1397 2687 1458 auget.
2725 1403 2788 1441 ac
2819 1387 3040 1442 recedet
3076 1388 3341 1456 gaudens,

1766 1477 1918 1531 velut
1961 1478 2168 1532 scilicet
2222 1478 2648 1532 illustrationem
2691 1487 2906 1542 nactus,
2946 1493 3054 1546 qua
3109 1477 3349 1532 tenebrae

1767 1567 2150 1637 dispellantur.

1837 1659 1926 1712 27.
1967 1659 2069 1724 Qui
2120 1659 2173 1713 in
2221 1660 2497 1714 communi
2545 1658 2775 1713 fratrum
2825 1659 3060 1712 concilio
3101 1658 3350 1713 auditum

1766 1764 2072 1803 sermonem
2117 1752 2322 1820 majore
2366 1751 2618 1820 procacia
2653 1751 3030 1820 interrumpit,
3062 1750 3209 1804 haud
3255 1751 3352 1804 ob—

1776 1854 1936 1893 scure
1971 1840 2151 1895 inanis
2186 1842 2371 1911 gloriae
2396 1843 2532 1895 vitio
2562 1857 2620 1896 se
2661 1842 2911 1896 laborare
2942 1843 3213 1907 ostendit;
3245 1858 3355 1910 qua

1775 1931 1984 1985 scilicet
2028 1941 2241 2000 captus,
2287 1933 2610 1990 innumeros
2670 1935 3106 2003 propositionum
3159 1949 3356 1989 cursus

1775 2030 1939 2090 atque
1970 2023 2246 2092 ambages,
2277 2025 2547 2078 sermonis
2572 2024 2770 2079 seriem
2797 2024 3197 2089 intercidendo,
3227 2039 3356 2094 pro-

1774 2111 1951 2179 ponit.

1795 2260 1804 2267 ,
1844 2201 1933 2255 28.
1968 2201 2218 2270 Sapiens,
2257 2201 2368 2256 sive
2409 2202 2604 2258 doceat
2634 2204 2750 2259 sive
2786 2203 3068 2268 doceatur,
3109 2217 3173 2257 ea
3209 2200 3354 2255 dun-

1777 2301 1927 2347 taxat
1975 2293 2161 2346 doceri
2209 2295 2326 2347 vult
2358 2310 2422 2348 ac
2451 2295 2672 2360 docere,
2719 2299 2839 2365 quae
2868 2296 3024 2349 utilia
3071 2302 3217 2349 sunt.
3250 2292 3356 2359 Qui

1776 2400 1907 2440 vero
1933 2385 2116 2454 specie
2146 2395 2304 2440 tenus
2335 2387 2593 2456 larvaque
2623 2389 2923 2456 sapientem
2947 2394 3204 2450 ostentat,
3240 2386 3358 2439 sive

1776 2492 1940 2546 quem
1975 2477 2091 2546 ipse
2136 2488 2509 2546 percontetur,
2561 2480 2676 2532 sive
2724 2495 2789 2532 ex
2843 2480 2962 2547 ipso
3011 2478 3359 2548 percontanti

1777 2567 2126 2636 respondeat,
2158 2569 2461 2623 curiosiora
2501 2570 2842 2623 solummodo
2875 2569 3144 2623 obtendit.

1846 2659 1934 2714 9.9.
1987 2661 2117 2726 Quae
2165 2661 2290 2730 quis
2336 2661 2476 2715 bona
2515 2661 2703 2716 divino
2759 2677 2985 2716 munere
3027 2669 3358 2714 consecutus

1783 2762 1888 2814 est,
1925 2751 2040 2821 ipse
2087 2769 2305 2822 quoque
2341 2754 2491 2824 large
2541 2753 2663 2809 aliis
2709 2754 2978 2823 impartiri
3035 2753 3219 2806 debet.
3270 2751 3361 2805 Ait

1778 2843 1947 2906 enim,
1975 2843 2151 2898 Gratis
2184 2847 2474 2915 accepistis,
2509 2846 2676 2915 gratis
2708 2846 2832 2898 date
2857 2846 2920 2898 ¹⁰.
2958 2844 3060 2910 Qui
3089 2844 3232 2897 enim
3267 2858 3360 2896 ac-

1780 2943 1998 3002 ceptum
2032 2935 2232 2988 donum
2277 2937 2332 2990 in
2365 2946 2511 2990 terra
2539 2936 2846 3000 abscondit,
2891 2935 3015 2990 duri
3048 2951 3111 2988 ac
3154 2933 3360 2988 austeri

1786 3027 1994 3078 crimen
2034 3026 2255 3080 domino
2285 3027 2534 3097 impingit
2562 3030 2639 3093 “;
2672 3029 2767 3097 qui
2808 3029 3066 3082 nimirum
3104 3035 3164 3080 ut
3209 3026 3359 3081 carni

1778 3126 1965 3184 parcat
1995 3134 2056 3171 ac
2085 3118 2383 3188 indulgeat,
2414 3120 2679 3172 virtutum
2709 3120 2858 3173 cultu
2898 3118 3178 3172 laboribus
3207 3114 3359 3186 fungi

1705 3193 1746 3250 (ἶ
1781 3206 2044 3277 defugiat.
2098 3207 2199 3274 Qui
2254 3218 2436 3263 autem
2494 3209 2746 3263 hostibus
2799 3209 3087 3263 veritatem
3137 3207 3358 3270 vendit,

79 3299 287 3363 postea
341 3288 718 3358 deprehensus
747 3297 910 3356 atque
956 3286 1260 3351 convictus,
1294 3286 1446 3340 velut
1497 3286 1676 3342 inanis
1712 3293 1897 3362 gloria:
1921 3299 2174 3367 cupidus,
2247 3299 2513 3369 probrum
2550 3315 2657 3353 non
2719 3299 2923 3362 ferens,
2959 3298 3065 3353 sibi
3089 3299 3206 3367 ipse
3237 3295 3360 3350 fau-

80 3400 176 3440 ces
211 3381 511 3453 praefocat.

154 3477 227 3528 λ’.
264 3473 416 3534 Τοὺς
441 3470 519 3522 ἔτι
537 3469 845 3532 δειλιῶντας
871 3468 964 3522 τὸν
988 3469 1123 3538 πρὸς
1148 3468 1215 3521 τά
1246 3467 1394 3536 πάθη
1422 3466 1678 3536 πόλεμον,

81 3570 180 3622 καὶ
211 3563 602 3635 φοϐουμένους
633 3561 730 3630 τὴν
761 3560 870 3613 τῶν
920 3561 1166 3628 ἀοράτων
1209 3558 1418 3630 ἐχθρῶν
1466 3557 1684 3625 ἐπιδρο-

84 3661 224 3731 μὴν,
263 3655 485 3724 σιωπᾷν
521 3653 601 3705 δεῖ
632 3670 646 3683 ·
682 3652 945 3714 τουτέστι,
979 3651 1068 3702 τὸν
1103 3649 1243 3720 ὑπὲρ
1268 3649 1468 3720 ἀρετῆς
1499 3649 1686 3719 ἀντιρ-

80 3749 332 3824 -ρητικδν
379 3747 452 3815 μὴ
509 3742 978 3815 μεταχειρίζεσθαι
1028 3742 1229 3812 τρόπον
1261 3757 1275 3770 σ
1327 3739 1461 3792 ἀλλά
1507 3754 1684 3808 παρα-

82 3843 306 3914 χωρεῖν
339 3837 420 3907 τῷ
441 3835 559 3905 Θεῷ
591 3835 656 3888 δι’
713 3835 898 3904 εὐχῆς,
957 3833 1053 3904 τὴν
1096 3833 1233 3903 ὑπὲρ
1275 3831 1484 3884 ἑαυτῶν
1533 3831 1687 3918 μέρι-

87 3953 244 4008 μναν
282 3950 297 3962 ·
338 3929 476 3999 πρὸς
504 3928 596 3992 οὓς
629 3929 686 3979 ἐν
751 3925 944 3990 Ἐξόδω
971 3924 1188 3992 λέγεται
1217 3940 1231 3953 ·
1267 3923 1480 3990 Κύριος
1510 3928 1687 3976 πολε-

82 4029 286 4100 μήσει
317 4025 455 4092 περὶ
504 4023 690 4092 ὑμῶν,
739 4021 836 4075 καὶ
874 4019 1043 4089 ὑμεῖς
1075 4019 1423 4086 σιπηὶσεσθε.
1469 4019 1605 4080 Τοὺς
1631 4017 1687 4071 δὲ

90 4125 204 4192 ἥδη
246 4117 395 4189 μετὰ
431 4116 529 4187 τὴν
563 4114 838 4183 ἀναίρεσιν
879 4111 988 4164 τῶν
1024 4111 1347 4175 διωκόντων,
1400 4111 1526 4172 τοὺς
1580 4109 1688 4162 τῶν

89 4209 324 4282 ἀρετῶν
366 4205 754 4276 ἐπιζητοῦντας
787 4202 1024 4273 τρόπους
1070 4200 1204 4270 πρὸς
1241 4198 1556 4267 εὐγνώμονα
1584 4197 1689 4267 μά-

88 4307 292 4378 Θησιν,
327 4301 447 4356 δέον
471 4301 612 4369 ἔχειν
643 4298 800 4369 μόνον
824 4293 1165 4366 ἠνεῳγμένον
1199 4293 1296 4362 τῆς
1346 4290 1581 4353 διανοίας
1631 4289 1691 4343 τὸ

84 4398 190 4461 οὖς
224 4412 244 4427 ο
297 4391 437 4462 πρὸς
467 4391 559 4454 οὖς
587 4406 772 4458 φησιν,
803 4387 1020 4439 ’Ἄκουε
1063 4381 1318 4450 Ἰσραήλ.
1349 4380 1440 4450 Τῷ
1471 4380 1528 4432 δὲ
1559 4379 1690 4448 σφό-

85 4493 204 4561 δρα
239 4485 338 4540 διά
370 4485 466 4553 τὴν
494 4481 781 4551 κάθαρσιν,
812 4479 908 4548 τῆς
944 4475 1092 4538 θείας
1120 4473 1393 4543 ἐφιεμένῳ
1413 4470 1688 4540 γνώσεως,

85 4581 380 4655 ἁρμόδιος
411 4579 442 4647 ἡ
474 4574 705 4646 εὐλαϐὴς
749 4571 1031 4644 παρρησία
1061 4585 1074 4599 ·
1113 4569 1249 4638 πρὸς
1289 4567 1349 4619 ὃν
1390 4566 1688 4637 εἰρήσεται,

91 4678 162 4731 Τί
181 4672 366 4740 ,βοᾷς
393 4670 541 4736 πρός
573 4683 685 4736 με;
720 4662 930 4718 Οὐκοῦν
958 4664 1064 4733 ὅτῳ
1093 4661 1191 4731 μὲν
1219 4660 1396 4728 σιωπὴ
1420 4659 1506 4712 διὰ
1526 4659 1689 4726 φόϐον

1850 3471 1939 3525 50.
1983 3473 2087 3539 Qui
2132 3474 2311 3528 adhuc
2361 3475 2663 3529 timidiores
2713 3484 2860 3539 sunt,
2912 3491 3076 3544 quam
3121 3483 3183 3530 ut
3229 3477 3360 3533 belli

1783 3563 1980 3616 molem
2013 3564 2274 3617 adversus
2294 3565 2738 3634 perturbationes
2760 3565 3004 3634 vitiaque
3031 3565 3358 3632 sustineant,

1783 3648 2248 3719 invisibiliumque
2290 3651 2528 3704 hostium
2569 3652 2985 3721 impressionem
3029 3654 3360 3718 formidant,

1783 3754 1962 3809 operae
1979 3741 2209 3810 pretium
2236 3742 2305 3795 sit
2328 3751 2389 3795 ut
2415 3743 2641 3806 sileant,
2674 3742 2889 3797 tuendae
2915 3743 3127 3799 scilicet
3146 3746 3364 3802 virtutis

1783 3841 1990 3902 partes,
2039 3834 2368 3888 adversariis
2418 3834 2822 3904 respondendo,
2870 3850 2981 3889 non
3026 3836 3359 3906 suscipiant;

1785 3922 1879 3976 sed
1911 3923 1964 3976 in
1996 3939 2186 3992 preces
2217 3923 2398 3989 effusi,
2435 3925 2519 3978 sui
2553 3940 2739 3978 curam
2775 3925 2885 3979 Deo
2919 3924 3273 3994 permittant;
3297 3943 3366 3982 ex

1787 4029 2018 4082 quorum
2055 4015 2278 4069 nomine
2328 4015 2384 4068 in
2433 4015 2621 4069 Exodo
2670 4015 2872 4069 dicitur
2914 4034 2927 4069 :
2978 4016 3232 4071 Dominus
3268 4036 3366 4088 pu—

1786 4107 1966 4176 gnabit
1997 4124 2090 4175 pro
2124 4108 2283 4171 vobis,
2317 4115 2366 4159 et
2389 4125 2475 4160 vos
2499 4107 2728 4160 tacebitis
2755 4107 2816 4159 1'.
2852 4106 2954 4172 Qui
2990 4118 3195 4172 autem,
3232 4107 3366 4164 sub-

1787 4195 1915 4250 latis
1968 4199 2079 4267 jam
2123 4197 2593 4266 persecutoribus,
2625 4197 2889 4251 virtutum
2920 4197 3206 4267 inquirunt
3246 4216 3367 4254 nio-

1790 4284 1909 4348 dos,
1962 4294 2178 4354 apertas
2221 4287 2485 4340 duntaxat
2529 4287 2767 4340 habeant
2814 4302 3040 4342 necesse
3082 4296 3167 4342 est
3197 4289 3369 4342 animi

1791 4392 1974 4439 aures,
2022 4385 2084 4430 ut
2128 4377 2368 4432 candore
2404 4377 2728 4444 addiscant;
2784 4377 2850 4432 ad
2896 4394 3034 4449 quos
3057 4382 3132 4435 ait
3163 4400 3176 4434 :
3207 4382 3368 4449 Audi,

1791 4465 1962 4520 Israel
1997 4467 2058 4519 ¹³.
2095 4467 2232 4520 Eum
2277 4468 2515 4537 denique
2544 4469 2638 4538 qui
2673 4471 2984 4542 purgatiore
3019 4475 3224 4539 animo,
3256 4475 3370 4529 acri

1794 4559 1991 4614 divinae
2018 4559 2261 4614 scientiae
2284 4559 2558 4614 desiderio
2593 4568 2810 4626 mstuat,
2838 4561 2925 4632 pia
2960 4563 3120 4619 decet
3150 4566 3371 4636 religio-

1795 4668 1961 4722 saque
2010 4653 2283 4706 sermonis
2332 4651 2567 4719 fiducia;
2617 4653 2683 4708 ad
2734 4670 2898 4723 quem
2948 4655 3372 4722 dicetur:Quid

87 4731 551 4839 προστέτακται,
573 4731 892 4829 πρόσφορος
932 4731 1092 4824 μόνον
1120 4755 1154 4823 ἡ
1185 4751 1322 4823 πρὸς
1356 4750 1488 4803 Θεὸν
1521 4767 1691 4804 κατα-

1793 4746 1992 4800 clamas
2044 4745 2112 4799 ad
2155 4762 2237 4798 me
2267 4745 2353 4799 “?
2386 4744 2488 4801 Cui
2519 4762 2650 4816 ergo
2681 4763 2794 4816 pra:
2825 4748 3022 4802 timore
3051 4749 3254 4803 silentii
3286 4749 3374 4804 lel

88 4836 265 4930 φυγή
295 4856 445 4923 ’ὅτῳ
472 4853 530 4904 δὲ
579 4849 799 4903 ἀκούειν
845 4846 1301 4917 παρακελεύεται,
1351 4844 1606 4913 ἁρμόδιος
1659 4845 1694 4913 ἡ

1791 4837 1969 4906 posita
1999 4845 2101 4901 est,
2138 4836 2190 4889 id
2230 4853 2398 4890 unum
2433 4839 2705 4907 congruit,
2743 4847 2803 4891 ut
2848 4839 2914 4892 ad
2958 4840 3130 4893 Deum
3176 4838 3371 4891 confu-

291 4946 545 5013 ὑπακοὴν
577 4943 685 4994 τῶν
725 4941 884 4994 θείων
915 4939 1142 4993 ἐντολῶν
1175 4936 1460 5008 ἑτοιμότης
1491 4952 1504 4966 °
1539 4936 1618 5004 τῷ
1641 4935 1697 4988 δὲ

1793 4929 1904 4999 giat
1928 4947 1941 4980 :
1968 4929 2018 4983 ei
2054 4939 2236 4982 autem
2278 4929 2370 4997 qui
2400 4930 2590 4984 audire
2633 4931 2882 5000 jubetur,
2915 4945 3096 5000 opera:
3131 4930 3373 4998 pretium

85 5019 435 5111 γνωστικῷ,
470 5033 531 5087 τὸ
576 5033 643 5086 δι’
699 5032 910 5084 ἱκεσίαν
967 5028 1271 5090 ἀπαύστως
1323 5027 1451 5099 βοᾷν
1515 5026 1697 5097 ἐπιτή-

1795 5029 1856 5074 ut
1887 5019 2089 5074 divinis
2132 5019 2404 5074 mandatis
2443 5032 2730 5091 promptus
2774 5021 3056 5076 obaudiat.
3100 5021 3372 5074 Caeterum

83 5109 282 5193 δειον,
323 5125 465 5196 ὑπέρ
502 5141 563 5176 τε
587 5124 688 5194 τῆς
728 5122 838 5175 τῶν
886 5120 1072 5174 κακῶν
1108 5120 1443 5189 ἀποτροπῆς,
1483 5119 1578 5172 καὶ
1607 5118 1697 5170 εὑ-

1796 5110 1959 5164 docto
1991 5124 2056 5162 ac
2085 5109 2322 5178 spiritali
2357 5119 2543 5179 aptum
2581 5111 2633 5165 id
2663 5128 2726 5166 ac
2760 5110 3041 5174 idoneum,
3073 5121 3134 5163 ut
3161 5110 3373 5179 suppli-

85 5221 412 5298 χαριστίας
440 5219 541 5289 τῆς
565 5217 673 5271 τῶν
699 5214 920 5286 ἀγαθῶν
959 5213 1267 5285 μετουσίας.

1792 5201 1966 5255 cando
1985 5201 2322 5255 incessanter
2339 5202 2554 5269 clamet,
2577 5213 2689 5258 tum
2717 5205 2853 5257 mala
2876 5201 3158 5258 avertendi
3183 5217 3370 5270 causa,

1792 5301 1906 5345 tum
1934 5301 1995 5344 ut
2022 5290 2090 5344 de
2120 5293 2392 5361 perceptis
2416 5293 2575 5348 bonis
2602 5295 2803 5364 gratias
2830 5303 2970 5364 agat.

1862 5381 2028 5453 468
2047 5382 2134 5435 ⁸51.
2160 5383 2444 5452 Nunquam
2480 5385 2571 5439 fiat
2600 5386 2858 5439 utanima
2883 5387 2949 5440 ad
2979 5386 3073 5440 Dei
3106 5401 3164 5440 se
3193 5386 3375 5441 scien-

1795 5474 1928 5528 tiam
1973 5473 2252 5536 extendat,
2285 5474 2417 5542 quin
2452 5475 2614 5538 Deus,
2645 5491 2751 5544 qua
2783 5491 2842 5531 sc
2877 5476 2954 5529 illi
3003 5475 3244 5530 demittit
3286 5475 3374 5530 in-

1795 5563 2111 5627 clinatione,
2145 5564 2380 5633 benigne
2420 5565 2816 5634 apprehensam
2845 5566 2911 5621 ad
2947 5583 3004 5622 se
3031 5567 3369 5629 subvexerit.

1784 5679 1826 5709 ¹¹
1867 5675 2034 5733 Exod.
2089 5696 2196 5745 xiv,
2239 5680 2323 5734 Μ.
2397 5681 2636 5750 “’Deut.
2691 5698 2763 5748 vi,
2812 5683 2864 5736 4.

171 5393 292 5446 λα’.
338 5388 606 5443 Οὐδέποτε
652 5386 798 5457 ψυχὴ
843 5383 1070 5437 δύναται
1104 5381 1242 5454 πρὸς
1290 5379 1493 5447 γνῶσιν
1533 5380 1696 5432 ἐκτα-

89 5489 285 5557 θῆναι
314 5481 475 5548 Θεοῦ,
508 5483 556 5533 εἰ
593 5479 667 5550 μὴ
703 5478 866 5540 αὐτὸς
894 5479 922 5530 ὀ
944 5476 1077 5539 Θεὸς
1113 5470 1522 5543 συγκαταϐάσει
1560 5489 1697 5541 χρη-

94 5580 366 5648 σάμενος
405 5571 608 5642 ἅψηται
649 5571 840 5638 αὐτῆς,
887 5568 984 5621 κα)⁸
1024 5566 1277 5635 ἀναγάγῃ
1309 5562 1446 5633 πρὸς
1485 5562 1696 5619 ἑαυτόν.

100 5695 211 5820 μ’
231 5689 414 5745 Galat.
440 5703 498 5753 ιι,
521 5689 573 5743 Il.
653 5687 693 5716 ‘°
718 5684 906 5739 Matth.
931 5700 984 5749 χ,
1009 5683 1060 5737 8.
1139 5681 1180 5712 ¹¹
1219 5677 1408 5734 Matth.
1451 5694 1575 5741 xxv,
1615 5677 1702 5731 24.

144 5785 208 5818 ι).

144 5785 208 5818 ἱ).

2969 5684 3010 5714 ¹⁵
3059 5682 3231 5737 Exod.
3260 5697 3370 5748 xxv,
