4048 6430
645 349 788 430 1095

1803 340 1868 412 's.
1908 335 2196 411 maxqu
2231 344 2738 408 CONFESSORIS

3727 335 3832 414 ιονιξ

642 478 757 534 Nec
779 470 928 530 enim
948 484 1195 543 unquam
1220 481 1376 525 mens
1399 461 1638 522 humana
1665 463 1745 521 sic
1771 480 2070 521 excurrere
2100 479 2225 534 pos-

2328 463 2400 514 Οὐ
2435 460 2545 532 γὰρ
2579 459 2646 514 ἂν
2669 452 2920 513 τοσοῦτον
2954 448 3175 530 ἴσχυσεν
3195 455 3523 531 ἀναδραμεῖν
3553 459 3836 531 ἀνθρώπινος

645 579 729 626 set
770 583 834 624 ac
875 580 1180 638 emergere,
1229 575 1290 619 ut
1334 563 1535 617 divina:
1579 559 1788 630 aliquid
1837 557 2222 614 illustrationis

643 661 978 731 perciperet,
1013 656 1121 712 nisi
1144 670 1266 710 eam
1297 655 1445 708 Deus
1470 652 1772 707 attraheret
1800 649 2084 721 (quantum
2115 649 2222 702 hu‘

647 768 825 808 manat
861 751 1030 805 menti
1066 761 1390 803 concessum
1420 753 1505 800 est
1539 752 1601 798 ut
1634 743 1960 813 attrahatur)
1993 740 2222 795 divinis-

664 859 774 914 que
809 843 982 914 ipsam
1011 839 1316 911 fulgoribus
1340 837 1659 892 illustraret.

715 935 805 989 52.
843 933 947 1001 Qui
993 933 1295 1002 discipulos
1329 930 1544 985 Domini
1586 929 1857 992 imitatur,
1888 942 1996 982 non
2041 925 2226 981 deter-

647 1035 803 1082 retur
839 1026 1241 1080 Pharisworum
1287 1031 1472 1086 metu,
1527 1022 1660 1092 quin
1709 1022 1814 1076 iter
1856 1020 2094 1074 Sabbato
2125 1032 2228 1089 per

645 1129 765 1173 sata
809 1117 1029 1181 habeat,
1076 1132 1140 1170 ac
1172 1116 1350 1185 spicas
1386 1115 1555 1170 vellat
1586 1114 1628 1145 “‘
1657 1131 1670 1167 :
1701 1113 1797 1168 sed
1831 1120 1956 1182 post
1996 1112 2229 1166 actionis

643 1211 885 1276 labores,
919 1209 1304 1279 imperturbati
1329 1209 1495 1263 animi
1531 1207 1985 1276 tranquillitatem
2013 1214 2227 1270 nactus,

647 1313 965 1357 creatorum
1003 1301 1269 1364 rationes,
1303 1301 1398 1370 qui
1439 1299 1529 1370 pie
1559 1300 1747 1354 divina
1786 1313 1971 1353 rerum
2002 1296 2232 1352 scientia

645 1395 853 1459 alatur,
889 1392 1149 1462 sublegit.

719 1483 807 1537 55.
835 1482 940 1548 Qui
975 1479 1255 1550 Evangelii
1283 1477 1574 1548 disciplina
1606 1477 1783 1532 solum
1810 1475 1986 1530 ﬁdelis
2009 1483 2114 1539 est,
2143 1489 2234 1529 ac-'

650 1575 818 1630 tionis
849 1574 1000 1627 cultu
1037 1571 1155 1626 vitii
1184 1586 1215 1624 a
1259 1585 1316 1624 se
1360 1585 1426 1624 ac
1458 1569 1746 1640 pravitatis
1778 1578 2021 1622 montem
2049 1573 2232 1621 trans”-

647 1665 757 1720 fert
784 1666 848 1729 ¹⁶,
890 1679 1082 1718 earum
1114 1677 1298 1717 rerum
1330 1677 1452 1732 qua:
1487 1660 1543 1715 in
1573 1675 1797 1716 sensum
1826 1659 2029 1715 cadunt
2068 1660 2235 1713 insta-

649 1756 749 1811 bili
775 1755 1137 1819 volubilitate,
1168 1755 1409 1824 priorem
1436 1770 1467 1807 a
1495 1769 1554 1808 se
1585 1753 1954 1818 aifectionezn,
1989 1768 2098 1822 qua
2125 1751 2235 1806 illis

2323 555 2469 620 νοῦς,
2495 556 2572 620 ὡς
2606 555 2992 610 ἀντιλαϐέσθαι
3017 555 3164 618 τινὸς
3193 553 3345 617 Θείας
3377 553 3694 624 ἑλλάμψεως,
3718 557 3758 609 εί
3779 560 3837 631 μὴ

2323 646 2486 710 αὐτὸς
2531 649 2560 700 ό
2599 647 2729 710 Θεὸς
2762 645 3072 700 ἀνέσπασεν
3113 644 3299 710 αὑτὸν,
3337 643 3414 707 ὡς
3447 643 3660 697 δυνατὸν
3681 642 3740 716 ἦν
3769 650 3841 700 ἀν-

2326 739 2596 812 θρώπινον
2621 741 2748 794 νοῦν
2775 739 3216 809 ἀνασπασθῆναι,
3253 737 3345 791 καὶ
3363 739 3482 801 ταῖς
3503 737 3661 800 θείαις
3687 739 3842 808 aurai;

2325 833 2716 904 κατεφὼτισεν.

2397 925 2497 998 λβ’.
2552 929 2610 982 '0
2642 929 2770 992 τοὺς
2810 922 3058 999 μαθήτὰς
3117 917 3215 979 τοῦ
3275 921 3483 995 Κυρίου
3542 924 3842 996 μιμούμενος,

2327 1019 2388 1072 οὺ
2449 1023 2799 1090 παραιτεῖται
2845 1018 2934 1073 διὰ
2979 1019 3104 1083 τοὺς
3147 1016 3477 1089 Φαρισαίους
3503 1016 3615 1070 ὁδὸν
3640 1019 3783 1070 ποιεῖν
3802 1023 3845 1072 ἐν

2330 1113 2594 1182 Σαϐϐάτῳ
2626 1112 2714 1166 διὰ
2741 1113 2851 1165 τῶν
2888 1105 3194 1182 σπορίμων,
3232 1109 3327 1162 καὶ
3382 1109 3616 1179 στάχυας
3657 1110 3842 1176 τίλλειν,

2329 1202 2466 1257 ἀλλὰ
2491 1201 2629 1274 μετά
2655 1201 2754 1273 τὴν
2779 1202 3093 1274 πρακτικὴν
3120 1203 3179 1254 ὲν
3199 1203 3264 1272 τῇ
3297 1192 3536 1271 ἀπαθείᾳ
3583 1201 3844 1271 γενόμενος,

2329 1299 2457 1361 τοὺς
2511 1296 2702 1366 λόγους
2747 1297 3071 1365 ἀναλέγεται
3116 1297 3226 1348 τῶν
3275 1285 3600 1363 γεγονότων,
3654 1295 3847 1360 565566;,-

2331 1387 2431 1462 τὴν
2453 1389 2604 1444 θείαν
2629 1389 2741 1442 τῶν
2776 1388 2945 1443 ὄντων
2973 1389 3286 1459 ἐπιστήμην
3303 1387 3650 1457 τρεφόμενος.

2403 1483 2508 1551 λγθ.
2556 1483 2615 1536 Ὁ
2649 1482 2790 1536 κατά
2822 1482 2883 1536 τὸ
2922 1481 3253 1550 Εὑαγγέλιον
3292 1480 3362 1550 (e)
3407 1479 3564 1549 μόνον
3596 1478 3779 1543 πιστὸς,
3805 1481 3852 1533 τὸ

2333 1577 2457 1649 ὅρος
2484 1577 2584 1648 τῆς
2615 1575 2813 1638 κακίας
2854 1573 3022 1628 αὐτοῦ
3063 1573 3152 1627 διὰ
3201 1571 3454 1642 πράξεως
3506 1571 3848 1642 μετατίθησιν·

2335 1665 2728 1739 ἀπωθούμενος
2778 1663 2973 1720 ἑαυτοῦ
3019 1667 3084 1737 τῇ
3117 1654 3337 1735 ἀστάτῳ
3369 1666 3636 1734 περιφορᾷ
3661 1664 3753 1716 τῶν
3775 1665 3853 1716 ὑπὸ

2335 1760 2610 1830 αἴσθησιν,
2649 1758 2750 1829 τὴν
2784 1759 2869 1812 ἐπ’
2903 1758 3088 1820 αὐτοῖς
3120 1756 3398 1826 προτέραν
3445 1754 3695 1807 διάθεσιν.
3739 1754 3785 1808 ’0
3809 1755 3851 1808 δὲ

650 1849 1029 1912 addicebatur,
1063 1849 1369 1903 excutiens.
1403 1846 1506 1914 Qui
1554 1857 1738 1902 autem
1781 1847 2083 1916 discipulus
2114 1861 2233 1901 esse

2340 1853 2588 1925 μαθητὴς
2619 1847 2758 1903 εἶναι
2791 1851 3110 1919 δυνάμενος,
3155 1852 3220 1900 ὲκ
3253 1847 3348 1901 τοῦ
3407 1846 3580 1914 Λόγου
3621 1847 3850 1916 δεχόμενος

652 1941 833 2011 potuit
861 1940 1192 2010 spiritalium
1222 1957 1286 1995 ac
1329 1939 1573 1995 scientiae
1613 1953 1812 2010 panum
1859 1939 2178 2009 fragmentis
2205 1953 2236 1992 a

651 2032 836 2089 Verbo
869 2033 925 2086 in
969 2048 1165 2087 manus
1210 2033 1470 2103 acceptis,
1503 2033 1790 2087 turbarum
1835 2033 2009 2086 millia
2042 2031 2234 2100 pascit,

651 2123 785 2178 dum
831 2125 1107 2179 sermonis
1154 2123 1263 2178 vim
1298 2126 1515 2180 actione
1547 2125 1836 2180 adauctam
1867 2141 1931 2179 ac
1973 2122 2239 2192 multipli-

652 2223 832 2269 catam
882 2214 1130 2269 ostendit
1167 2216 1232 2270 ιτ.
1280 2215 1386 2282 Qui
1431 2231 1565 2271 vero
1610 2218 1775 2271 etiam
1823 2215 1879 2270 in
1929 2215 2238 2284 apostolum

652 2321 979 2377 promovere
1010 2307 1219 2373 valuit,
1261 2323 1480 2364 omnem
1526 2309 1780 2364 morbum
1825 2323 1889 2362 ac
1920 2307 2240 2379 languorem

654 2406 843 2463 sanat,
887 2396 1157 2451 daemonia
1186 2396 1414 2468 ejiciens
1445 2397 1724 2468 (vitiorum
1766 2395 1980 2451 scilicet
2007 2410 2071 2450 ac
2103 2395 2238 2449 aﬂ‘e-

655 2498 845 2544 ctuum
869 2489 980 2544 vim
1017 2487 1256 2560 fugans),
1275 2495 1509 2559 aegrotos
1541 2503 1774 2550 curans;
1799 2501 1997 2556 nempe
2023 2484 2091 2539 ad
2120 2484 2239 2554 pie—

659 2581 788 2635 tatis
830 2580 1101 2644 habitum,
1141 2593 1238 2633 eos
1271 2579 1367 2647 qui
1398 2579 1490 2632 illa
1529 2578 1725 2646 privati
1758 2577 1889 2640 sint,
1919 2575 2036 2644 spei
2064 2573 2240 2629 admi-

661 2670 848 2724 niculo
872 2684 1168 2735 revocans;
1202 2684 1268 2723 ac
1294 2684 1407 2738 pra:
1435 2667 1664 2738 segnitie
1688 2666 1966 2720 molliores
1989 2664 2238 2727 elfectos,

657 2760 851 2830 judicii
917 2775 1172 2814 sermone
1227 2755 1658 2830 astringens'“.
1713 2755 1819 2823 Qui
1879 2756 2027 2811 enim
2077 2770 2243 2824 super

661 2859 951 2919 serpentes
992 2858 1048 2903 et
1087 2848 1406 2918 scorpiones
1437 2847 1650 2902 calcare
1674 2847 1860 2918 jussus
1892 2853 1975 2900 est
2011 2845 2073 2910 “,
2116 2860 2242 2915 pec-

662 2940 770 2996 cati
795 2941 1126 3010 principium
1156 2955 1220 2994 ac
1253 2940 1417 2994 tinem
1449 2939 1651 2994 abolet.

732 3032 822 3086 54.
854 3032 1171 3102 Apostolus,
1195 3030 1423 3086 omnino
1447 3031 1611 3085 etiam
1645 3028 1951 3100 discipulus
1973 3043 2038 3084 ac
2069 3029 2244 3085 fidelis

661 3131 788 3198 est;__
810 3122 1113 3192 discipulus
1141 3132 1348 3184 autem,
1383 3137 1494 3176 non
1523 3121 1745 3192 quidem
1777 3122 2002 3176 omnino
2027 3131 2245 3192 aposto-

662 3215 771 3280 lus,
796 3226 853 3271 at
881 3217 1041 3286 plane
1070 3215 1247 3272 ﬁdelis
1267 3225 1371 3271 est.
1393 3215 1499 3282 Qui
1527 3224 1710 3272 autem
1731 3216 1910 3271 solum
1938 3224 2023 3271 est
2045 3217 2239 3282 ﬁdelis,

662 3307 714 3364 is
753 3324 856 3362 nec
890 3308 1198 3378 discipulus
1230 3323 1335 3364 nec
1371 3308 1655 3378 apostolus
1691 3315 1795 3362 est.
1841 3307 2030 3362 Potest
2063 3315 2244 3362 tamen

664 3401 772 3457 rite
824 3400 1090 3456 institutis
1133 3401 1259 3455 vitae
1312 3399 1617 3455 rationibus
1659 3414 1724 3454 ac
1767 3398 2244 3468 contemplationis

663 3492 839 3558 cultu,
872 3501 988 3547 tum
1037 3492 1236 3547 tertius
1280 3490 1348 3545 ad
1383 3489 1612 3544 secundi
1657 3491 1887 3545 classem
1919 3504 1984 3544 ac
2013 3489 2246 3560 dignita-

667 3594 780 3642 tem
814 3585 1070 3649 transire,
1102 3592 1217 3638 tum
1247 3582 1523 3638 secundus
1551 3581 1618 3636 ad
1649 3581 1837 3651 primi.

737 3692 825 3747 '55.
857 3690 1210 3758 Quaecunque
1257 3688 1313 3742 in
1347 3697 1593 3756 tempore
1629 3701 1698 3740 ex
1732 3685 1993 3757 temporis
2022 3687 2246 3743 rationi-

667 3779 774 3835 bus
831 3788 1230 3850 procreantur,
1288 3774 1816 3831 consummationem
1870 3785 2029 3832 nacta
2083 3786 2247 3848 atque

667 3865 874 3931 adulta,
897 3873 1146 3920 cessante
1171 3863 1407 3918 naturali
1427 3872 1742 3934 augmento,
1767 3879 1800 3918 a
1817 3875 1970 3920 motu
1991 3868 2250 3937 conquie-

668 3968 854 4014 scunt.
884 3956 1238 4026 Quaecunque
1279 3964 1464 4011 autem
1508 3955 1605 4011 Dei
1651 3956 1880 4012 scientia
1925 3973 1994 4012 ex
2031 3959 2251 4015 virtutis

671 4050 976 4105 rationibus
1007 4058 1289 4121 operatur,
1338 4064 1465 4104 cum
1507 4048 1618 4119 jam
1671 4048 1915 4119 perfecta
1959 4049 2166 4106 fuerint
2196 4061 2252 4108 et

667 4131 888 4206 adulta,
935 4141 1004 4196 ad
1060 4141 1238 4212 maius
1283 4141 1482 4196 iterum
1531 4149 1887 4211 augmentum
1936 4152 2250 4200 moventur.

667 4232 895 4287 illorum
940 4233 1091 4287 enim
1140 4231 1311 4296 lines,
1360 4231 1592 4285 aliorum
1627 4229 1782 4285 initia
1812 4230 2105 4286 exsistunt.
2148 4232 2252 4299 Qui

667 4327 818 4381 enim
851 4325 1119 4380 virtutum
1155 4325 1307 4380 cultu
1346 4324 1400 4378 in
1432 4339 1490 4379 se
1521 4325 1639 4394 ipse
1663 4339 1856 4378 eorum
1879 4339 2002 4394 qua:
2026 4324 2252 4380 interitu

669 4427 906 4488 pereunt
947 4435 1047 4488 per
1076 4417 1348 4472 actionem
1397 4431 1429 4470 a
1470 4417 1652 4485 seipso
1695 4415 1860 4487 469
1891 4415 2252 4472 substantiam

2337 1938 2494 2014 χερσὶ
2517 1944 2624 1996 τῶν
2655 1941 2968 2010 γνωστικῶν
2996 1939 3174 2008 ἄρτων
3222 1941 3290 1992 τὰ
3339 1937 3644 2006 κλάσματα,
3687 1938 3850 2006 διατρέ-

2339 2054 2431 2106 φει
2479 2036 2722 2108 χιλιάδας
2755 2050 2768 2065 ⁸
2818 2032 3017 2105 πράξει
3076 2032 3290 2093 δεικνὺς
3338 2030 3734 2100 πληθυνομένην
3781 2030 3848 2082 τοῦ

2337 2130 2495 2199 λόγου
2540 2129 2638 2200 τὴν
2689 2128 2939 2199 δύναμιν.
3000 2126 3058 2182 '0
3101 2116 3156 2180 δὲ
3197 2127 3292 2179 καὶ
3337 2115 3652 2188 Ἀπόστολος
3679 2125 3851 2195 ἰσχύσας

2337 2219 2501 2285 εἶναι,
2553 2222 2734 2275 πᾶσαν
2785 2218 3023 2292 ίατρεύει
3073 2217 3230 2272 νόσον
3256 2217 3354 2270 καὶ
3387 2215 3668 2286 μαλακίαν,
3702 2216 3850 2269 ἐκϐάλ-

2337 2315 2445 2368 λων
2472 2313 2725 2385 δαιμόνια
2757 2329 2774 2346 ο
2804 2309 3077 2378 τουτέστι,
3113 2310 3214 2381 τὴν
3238 2309 3349 2362 τῶν
3378 2307 3566 2361 παθῶν
3595 2309 3852 2378 φυγαδεύων

2339 2409 2622 2479 ἐνέργειαν
2649 2425 2662 2438 ·
2708 2404 3000 2466 νοσοῦντας
3040 2392 3292 2473 ἰώμενος,
3331 2400 3470 2471 πρὸς
3497 2397 3605 2464 ἕξιν
3629 2400 3849 2465 εὐσεϐείας

2338 2497 2464 2565 τοὺς
2491 2498 2854 2571 στερηθέντας
2896 2495 3068 2567 αὐτῆς
3100 2495 3170 2548 δι’
3212 2493 3432 2557 ἐλπίδος
3483 2489 3762 2560 ἐπανάγων,
3789 2494 3852 2545 καὶ

2339 2593 2469 2656 τοὺς
2497 2591 2564 2644 δι’
2604 2591 2766 2644 όκνον
2795 2585 3256 2659 μαλακισθέντας,
3293 2585 3610 2654 ἐπιστύφων
3641 2584 3708 2654 τῷ
3750 2585 3851 2653 λόγῳ

2341 2683 2725 2755 τῆςκρίσεως.
2757 2683 2954 2736 Πατεῖν
2967 2681 3081 2752 γὰρ¹
3110 2681 3298 2734 ἐπάνω
3327 2679 3507 2748 ὄφεων
3530 2680 3619 2732 καὶ
3639 2677 3852 2746 σκορπίων

2343 2771 2680 2836 κελευσθεὶς,
2709 2770 2882 2841 ἀρχὴν
2911 2770 3008 2823 καὶ
3033 2767 3188 2832 τέλος
3232 2769 3336 2838 τῆς
3389 2768 3656 2838 ἁμαρτίας
3707 2765 3852 2834 ἐξαφα-

2342 2859 2497 2924 νίζει.

2413 3037 2507 3092 λδ’.
2549 3038 2608 3092 Ὁ
2649 3029 2972 3096 Ἀπόστὸλος
2996 3034 3093 3086 καὶ
3127 3030 3408 3103 μαθητὴς,
3440 3030 3651 3092 πάντως
3671 3029 3765 3082 ἐστὶ
3785 3029 3852 3079 καὶ

2347 3131 2540 3194 πιστός
2565 3146 2582 3163 ·
2607 3132 2636 3183 ὁ
2663 3129 2719 3183 δὲ
2742 3127 2992 3200 μαθητὴς
3037 3128 3097 3181 οὐ
3152 3125 3380 3188 πάντως
3409 3123 3509 3195 μὲν
3565 3122 3653 3177 κα)⁵
3677 3121 3850 3176 arm-.0.

2345 3225 2434 3287 λος
2467 3261 2484 3285 ,
2511 3221 2728 3284 πάντως
2750 3219 2806 3274 δὲ
2849 3219 3060 3296 πιστός.
3106 3218 3168 3272 Ὀ
3211 3218 3268 3272 δὲ
3322 3216 3488 3288 μόνον
3537 3216 3723 3281 πιστὸς,
3766 3213 3852 3267 οὗτε

2349 3309 2598 3385 μαθητὴς
2627 3311 2751 3366 οὒτε
2774 3310 3073 3376 ἀπόστολός
3097 3311 3216 3364 ἐστι
3243 3327 3257 3341 ο
3287 3309 3434 3380 πλὴν
3457 3307 3664 3362 δύναται
3682 3307 3753 3361 διὰ
3771 3306 3850 3377 βίον

2345 3410 2440 3464 καὶ
2477 3409 2734 3482 θεωρίας,
2772 3409 2866 3462 καὶ
2894 3410 2922 3462 ό
2957 3407 3143 3479 τρίτος
3168 3407 3249 3470 είς
3271 3409 3374 3477 τὴν
3398 3403 3491 3458 τοῦ
3526 3403 3766 3472 δευτέρου,
3788 3399 3851 3451 καὶ

2345 3504 2374 3556 ὁ
2403 3502 2656 3575 δεύτερος
2695 3502 2774 3563 εἰς
2823 3499 2920 3572 τὴν
2946 3499 3042 3554 τοῦ
3089 3497 3308 3570 πρώτου
3346 3495 3716 3570 μετενεχθῆναι
3745 3490 3850 3556 τάξιν

2345 3595 2441 3649 καὶ
2481 3593 2656 3658 ἀξίαν.

2417 3686 2512 3741 λε’.
2531 3687 2674 3740 Ὅσα
2701 3685 2800 3757 μὲν
2820 3687 2876 3740 ὲν
2900 3687 3078 3758 χρόνῳ
3101 3680 3242 3739 κατά
3269 3684 3467 3756 χρόνον
3482 3680 3846 3754 δημιουργεῖται,

2347 3775 2702 3834 τελειωθέντα
2732 3776 2970 3838 ἵσταται,
3006 3777 3245 3847 λήγοντα
3269 3776 3370 3846 τῆς
3397 3774 3538 3828 κατά
3569 3773 3712 3841 φύσιν
3731 3767 3848 3834 αὐξή-

2351 3875 2508 3930 σεως.
2563 3868 2707 3921 Ὅσα
2734 3868 2794 3921 δὲ
2831 3867 2954 3921 κατ’
2991 3868 3194 3938 ἀρετὴν
3237 3869 3523 3939 ἐπιστήμη
3562 3865 3685 3920 Θεοῦ
3708 3879 3848 3932 κατερ-

2349 3959 2598 4028 γάζεται,
2621 3959 2976 4014 τελειωθέντα
3017 3959 3180 4013 πάλιν
3223 3962 3461 4014 κινεῖται
3495 3959 3626 4030 πρὸς
3665 3955 3841 4022 auiam.

2352 4047 2432 4102 Τὰ
2468 4048 2578 4119 γάρ
2625 4049 2751 4120 τέλη
2803 4049 3001 4116 αὐτῶν,
3042 4050 3245 4121 ἑτέρων
3291 4052 3462 4122 ἁρχαὶ
3499 4048 3844 4117 καθεστήκασιν.

2362 4138 2422 4192 '0
2453 4139 2562 4209 γάρ
2587 4139 2950 4203 καταπαύσας
2983 4142 3040 4192 ὲν
3073 4139 3252 4211 ἐαυτῷ
3280 4141 3373 4195 διὰ
3407 4140 3516 4195 τῶν
3547 4138 3733 4210 ἀρετῶν
3753 4132 3849 4187 κατᾶ

2352 4229 2450 4302 τὴν
2485 4232 2684 4302 πρᾶξιν
2706 4230 2804 4302 τὴν
2826 4231 2932 4284 τῶν
2967 4231 3342 4303 φθειρομένων
3373 4231 3660 4286 ὑπόστασιν
3685 4225 3850 4299 (θάτέ-

2354 4339 2463 4394 ρων
2493 4322 2774 4394 ἀπήρξατο
2804 4322 3090 4392 θειοτέρων
3118 4323 3530 4378 διατυπώσεωψ
3562 4318 3852 4385 παύεταιγὲρ

2351 4414 2606 4467 οὐδέποτε
2640 4414 2748 4466 τῶν
2775 4414 3004 4469 καλῶνὸ
3041 4415 3193 4478 Θεὸς,
3242 4407 3316 4468 ὧν
3346 4415 3470 4470 οὐδὲ
3515 4414 3673 4486 ἀρχὴν
3721 4411 3852 4479 ἔσχεν.

671 4510 920 4577 abstulit,
947 4511 1110 4580 eique
1143 4511 1306 4565 linem
1343 4508 1629 4579 imposuit,
1662 4508 1964 4564 diviniores
1995 4509 2131 4564 alias
2169 4511 2243 4565 in-

2328 4543 2332 4568 ι
2368 4505 2453 4568 Ὣς
2487 4505 2596 4574 γὰρ
2631 4505 2806 4572 φωτὸς
2851 4504 2980 4559 ἴδιον
3017 4506 3078 4558 τὸ
3121 4507 3402 4574 φωτίζειν,
3435 4506 3599 4568 οὕτως
3626 4505 3734 4558 [διον
3757 4496 3852 4552 8εοῦ

671 4603 1033 4658 formationes
1057 4602 1356 4657 inchoavit.
1385 4601 1678 4671 Nunquam
1704 4601 1850 4656 enim
1870 4601 2016 4656 Deus
2042 4617 2074 4656 a
2096 4601 2254 4658 bonis

747 4715 790 4748 ¹⁵
825 4715 962 4770 Luc.
983 4728 1060 4780 vr,
1085 4713 1138 4767 1.

747 4830 906 4957 (e210
928 4829 1079 4884 κατὰ
1103 4827 1170 4882 τὸ
1198 4828 1585 4896 Εὐαγγέλιον.
1612 4825 1710 4881 Est
1739 4824 1884 4879 istud
1909 4825 2143 4895 primum
2169 4825 2256 4878 in-

747 4921 758 4957 .-
842 4901 954 4957 arci
999 4899 1179 4957 capita
1210 4897 1471 4957 νηπτικά,
1505 4913 1626 4957 quae
1656 4895 1817 4949 nobis
1853 4904 2088 4957 exstant,
2125 4895 2255 4948 Pico

673 4895 769 4962 ter‘
790 4895 954 4957 Marci
999 4899 1179 4970 capita
1210 4895 1471 4970 νηπτικά,
1505 4913 1643 4970 quae
1653 4895 1817 4970 nobis
1853 4904 2088 4970 exstant,
2125 4895 2255 4970 Pico

671 4974 856 5039 edita;
886 4971 1039 5027 velut
1065 4964 1236 5032 dicas,
1264 4964 1457 5038 Capita
1505 4964 1568 5020 de
1609 4965 1922 5039 disciplina;
1953 4965 2154 5035 quibus
2184 4964 2253 5039 ad

673 5035 1035 5101 sobrietatem
1064 5055 1248 5095 mores
1279 5035 1715 5107 componuntur.
1739 5035 1816 5089 De
1858 5051 1966 5104 qua
2007 5050 2140 5089 voce
2168 5035 2254 5107 vi-

672 5114 841 5171 dendi
876 5113 1130 5183 ,Hesych.
1179 5109 1334 5164 Suid.
1385 5105 1607 5183 (ξι-αἰεί.
1655 5106 1843 5183 ficus,
1893 5105 2256 5175 temperantia:

673 5182 934 5240 reddidit.
968 5175 1133 5238 G'ravi
1174 5194 1364 5234 errore
1403 5177 1614 5232 laborat
1655 5175 1818 5229 Marci
1855 5183 2055 5238 textus,
2085 5189 2249 5242 quem

674 5255 840 5311 Picus
871 5252 1155 5321 sequitur;
1189 5249 1336 5321 apud
1365 5262 1534 5321 quem
1569 5254 1686 5321 εει,
1713 5247 1813 5321 τῂν
1841 5244 1946 5321 ὑπδ
1977 5244 2248 5321 αἴσθησιν,

673 5327 772 5395 τὴν
800 5323 885 5377 ἐπ’
927 5313 1112 5395 οῐίιτῇς·
1143 5313 1294 5395 quod
1327 5313 1440 5395 non
1483 5316 1588 5395 nisi
1639 5315 1716 5395 ab
1753 5313 2010 5395 imperita
2057 5315 2251 5395 scribae.

673 5385 863 5458 manu,
893 5392 980 5446 vel
1005 5385 1124 5462 eius
1149 5385 1245 5462 qui
1269 5387 1558 5462 exscripsit
1586 5385 1896 5462 oscitantia,
1924 5385 2102 5453 potuit
2129 5400 2256 5462 proT

674 5455 878 5529 ﬁcisci';
921 5455 1136 5531 fuitque
1167 5455 1307 5531 "Pico
1333 5455 1493 5531 facile
1534 5455 1872 5531 emendare,_
1894 5465 1968 5531 ut_
1994 5463 2082 5531 est
2109 5455 2254 5531 apud

673 5525 992 5602 Maximum,
1028 5525 1148 5602 τῶν
1181 5529 1286 5582 ὑπὸ
1329 5527 1607 5602 αἴσθησιν,
1785 5525 2116 5602 ἐπ’ᾳαὺτοῖς,
2169 5525 2256 5579 vel

672 5595 733 5659 si.
761 5607 832 5658 ita
882 5595 1228 5672 antiquarius
1267 5595 1512 5672 erravit:
1539 5595 1617 5672 τῷ
1658 5595 1802 5672 λόγῳ
1827 5595 1975 5672 ,τῆς-
1999 5597 2251 5672 κρίσεως·

677 5675 820 5744 ψοά
853 5665 1141 5744 Marciam
1171 5665 2017 5744 πίστεως-1η,ίίᾑε.·οειμίιίε,ζυ1)ὶ
2043 5665 2256 5744 haben-

678 5737 769 5796 tur
801 5743 965 5795 verba
995 5737 1176 5804 Luem,
1209 5741 1398 5792 πατεῖν
1427 5739 1610 5792 ἐπάνω
1635 5737 1810 5806 ὄφεων
1835 5737 1930 5789 καὶ
1957 5737 2253 5806 σκορπίων,

676 5811 825 5882 quod
855 5821 1113 5885 pnestare
1131 5811 1270 5882 jussi
1301 5807 1579 5879 discipuli,
1607 5807 1816 5864 calcare
1851 5823 2011 5878 super
2037 5821 2254 5878 serpen-

1213 4712 1258 4745 "
1280 4711 1474 4766 Matth.
1498 4715 1626 4777 xvii,
1650 4710 1739 4765 19.
1817 4712 1858 4742 ⁸⁷
1878 4710 2071 4766 Matth.
2095 4727 2183 4775 xv,
2205 4709 2275 4765 52
2299 4723 2450 4779 seqq.

2360 4601 2420 4652 τὸ
2445 4599 2504 4654 εὖ
2541 4604 2735 4655 ποιεῖν.
2762 4601 2855 4654 Διὸ
2881 4601 2961 4672 τῷ
2988 4601 3086 4673 μὲν
3113 4602 3282 4673 νόμῳ,
3315 4603 3414 4674 τὴν
3445 4604 3582 4658 κατά
3601 4599 3761 4674 χρόνον
3779 4591 3854 4646 τῶν

2529 4708 2572 4740 ιε
2592 4708 2783 4763 Matth.
2803 4725 2858 4774 χ,
2883 4710 2934 4764 ι.
3011 4710 3054 4741 ιν
3076 4709 3211 4766 Luc.
3233 4725 3288 4776 ι,
3310 4710 3399 4766 19.
3608 4691 3610 4693 ’

2355 4833 2429 4877 tes
2452 4833 2499 4877 et
2523 4825 2841 4894 scorpiones,
2871 4819 2982 4894 quo
3009 4824 3220 4879 Marcus
3241 4833 3407 4894 atque
3429 4823 3677 4880 Maximus
3699 4817 3852 4894 aboleri

2353 4895 2509 4965 aiunt
2529 4891 2739 4963 peceati
2777 4891 2950 4965 ἀρχὴν
2987 4895 3080 4948 κα)⁵
3107 4895 3280 4958 τέλος,
3311 4891 3620 4965 principium
3645 4903 3687 4944 et
3713 4891 3851 4958 ﬁnem;

2355 4964 2538 5033 inepte
2569 4979 2797 5033 prorsus
2818 4963 3010 5030 Picus,
3035 4965 3219 5034 jussus
3262 4963 3570 5018 conculcare
3605 4970 3850 5034 σαρκί-διγ-

2355 5029 3204 5157 Beatum-etscorpionumfdelet
3247 5035 3472 5088 caudam
3513 5029 3708 5106 peccati.
3748 5029 3851 5083 Bone

2399 5112 2522 5157 eus.
2555 5118 2677 5157 uuae
2704 5104 3061 5157 constructio.
3090 5106 3282 5157 πατεῖν
3307 5105 3491 5157 ὲπάνω
3517 5103 3677 5157 ἀργὴν
3698 5098 3848 5157 ὖφεωνῑ

2399 5112 2522 5167 eus,
2555 5118 2677 5173 quae.
2704 5098 3061 5174 constructio,
3090 5106 3282 5157 πατεῖν
3307 5105 3491 5158 ἐπάνω
3513 5098 3848 5174 ἀρχὴνῦφεωνῑ

2357 5172 2616 5228 Tantaene
2661 5174 2821 5228 molis
2860 5172 3230 5229 distinctionis
3288 5183 3472 5229 notam
3513 5172 3646 5230 male
3673 5172 3852 5226 locatam

2356 5253 2485 5322 post
2504 5259 2690 5322 vocem
2719 5242 3031 5322 ἀρχὴνηίιιὶ
3055 5245 3420 5322 praemittere?

2429 5313 2492 5384 (D
2539 5313 2662 5381 Τὴν
2703 5309 2827 5366 τ’ῶῦ
2850 5309 3264 5383 ’φθειρόμένων
3317 5316 3668 5384 ὑπόστασιν.Δ
3695 5309 3851 5374 Nempe

2352 5380 2557 5439 abolito
2584 5380 2848 5438 virtutum
2868 5380 3048 5449 cultu,
3067 5380 3224 5454 'quod
3254 5394 3457 5439 natura;
3487 5380 3691 5454 inolevit
3711 5394 3736 5432 a
3757 5390 3831 5445 pec

2352 5463 2502 5520 cato;
2552 5463 2612 5508 ut
2646 5454 2717 5509 sit
2747 5455 2856 5524 jam
2898 5441 3420 5509 natura-virtutibus
3460 5453 3708 5510 instituta,
3742 5441 3851 5514 quod

2351 5525 2684 5579 diviniorum
2718 5524 3166 5579 informationum
3201 5524 3473 5579 inchoatio
3504 5533 3600 5584 est,
3631 5532 3724 5588 qua
3749 5532 3854 5588 γνω-

2355 5594 2880 5667 attxotevadamus,
2907 5595 3077 5667 sacris
3107 5581 3668 5667 contemplationibus,
3698 5581 3851 5667 ειεξι-

2352 5679 2502 5736 mum
2523 5651 3082 5736 déilicatione'divini.
3106 5664 3231 5736 Haec
3250 5651 3592 5736 sequentibus
3611 5651 3753 5730 capit.
3770 5651 3852 5709 Ma-

2352 5735 2499 5790 ximo
2525 5750 2592 5790 ex
2619 5750 2770 5791 more
2803 5733 3006 5792 clarius
3033 5735 3315 5806 explicata.
