3898 6480
99 415 234 486 ton

936 414 1275 479 CAPITUM
1310 409 1586 479 THEOL.
1626 408 1722 473 ET
1760 406 1999 471 (ECON.
2039 405 2430 467 CENTURIA
2467 406 2519 467 Ῑ.

3220 397 3357 466 1098

91 535 153 589 ὲν
176 531 396 608 γενέσει
436 528 532 586 καὶ
562 530 736 601 φθορᾷ
773 526 1039 585 σύστασιν
1076 523 1467 597 ἀφηγουμένῳ,
1514 521 1671 592 τιμᾶ-

1780 526 1977 582 cessat,
2006 517 2087 571 uti
2115 531 2295 586 neque
2329 530 2572 585 unquam
2610 512 2799 585 coepit.
2838 511 2995 571 Sicut
3026 512 3173 568 enim
3219 513 3361 569 lucis

88 642 176 679 ται
224 624 294 677 δι’
332 622 535 696 ἀργίας
566 623 628 674 τὸ
675 620 956 677 Σάϐϐατον
983 636 997 650 ·
1036 618 1116 693 τῷ
1145 615 1461 685 Εὐαγγελίῳ
1485 613 1543 665 δὲ
1571 610 1669 681 τὴν

87 716 197 772 τῶν
241 714 452 786 νοητῶν
487 713 870 786 είςηγουμένῳ
910 710 1268 775 κατάστασιν,
1309 706 1377 759 δι’
1421 703 1672 766 εὐποιίας

87 804 270 862 καλῶν
314 783 493 874 ἐργων
530 783 690 859 τοῦτο
722 801 1076 877 φαιδρύνεται
1102 816 1117 831 ο
1156 798 1260 853 κᾶν
1282 793 1673 865 ἀγανακτῶσιν

89 896 339 966 ἀμήτων
367 894 590 963 γνόντες
625 893 707 946 ὅτι
746 892 836 948 διὰ
865 892 959 945 τὸν
987 890 1276 962 ἄνθρωπον
1303 886 1367 940 τὸ
1391 884 1677 938 Σάϐϐατόν

89 985 337 1053 γέγονεν,
388 982 508 1037 ἀλλ’
539 981 600 1035 οὐ
638 978 728 1035 διὰ
758 979 821 1035 τὸ
842 977 1123 1036 Σάϐϐατον
1151 977 1181 1029 6
1215 974 1502 1045 ἄνθρωπος
1532 986 1543 996 ·
1579 968 1677 1023 καὶ

86 1076 170 1128 ὅτι
218 1072 409 1145 κύριός
464 1074 582 1129 ἐστι
629 1071 727 1127 καὶ
765 1069 861 1129 τοῦ
902 1068 1191 1127 Σαϐϐἀτου
1226 1067 1256 1119 6
1301 1063 1430 1126 Υἱὸς
1461 1061 1553 1116 τοῦ
1577 1061 1674 1119 ἀν-

86 1165 334 1238 θρὼπου.

1772 608 2060 680 proprium
2094 616 2180 661 est
2220 608 2427 670 lucere,
2459 607 2540 661 sic
2570 607 2665 662 Dei
2698 605 2981 677 proprium
3012 614 3096 660 est
3132 604 3361 663 benefa-

1770 715 1919 757 cere.
1946 698 2315 767 Quamobrem
2341 697 2399 753 in
2432 699 2550 769 lege
2581 698 2829 768 quidem,
2855 712 2977 767 quae
3001 711 3069 750 ex
3096 696 3365 767 temporis

1772 788 2087 847 rationibus
2140 803 2336 847 eorum
2389 804 2511 859 qua:
2560 798 2891 861 generantur
2938 794 2995 842 et
3048 786 3363 852 intereunt,

1774 888 2113 937 structuram
2139 894 2205 937 ac
2234 880 2612 941 exsistentiam
2650 880 2872 947 referat,
2901 877 3201 934 Sabbatum
3230 892 3365 947 ope-

1774 970 1853 1027 ris
1882 968 2190 1027 cessatione
2237 977 2403 1041 atque
2442 969 2556 1027 otio
2605 969 2908 1029 honoratur
2936 985 2950 1022 :
2981 966 3037 1029 in
3065 965 3365 1039 Evangelia

1772 1068 1980 1125 autem,
2010 1060 2158 1135 quod
2194 1075 2383 1122 rerum
2424 1060 2754 1130 spiritalium
2784 1075 2848 1115 ac
2877 1075 2998 1129 quae
3026 1067 3211 1120 mente
3236 1073 3364 1128 per-

1768 1153 2060 1227 cipiuntur
2114 1162 2318 1209 statum
2378 1152 2557 1211 tradat
2611 1168 2675 1208 ac
2734 1154 3041 1217 rationem,
3090 1152 3363 1213 bonorum

84 1272 317 1327 operum
351 1253 714 1313 beneﬁcentia
744 1252 1034 1325 magniﬁce
1065 1247 1319 1307 clarescit
1342 1254 1399 1302 et
1433 1242 1778 1312 illustratur;
1833 1244 2190 1317 indignentur
2256 1244 2388 1303 licet
2431 1258 2684 1317 aegreque
2730 1244 2929 1311 ferant,
2992 1243 3194 1315 quibus
3228 1256 3363 1295 ncc-

84 1348 219 1404 dum
282 1347 629 1416 exploratum
662 1345 755 1411 sit,
787 1344 994 1401 factum
1042 1358 1166 1399 esse
1210 1340 1510 1397 Sabbatum
1540 1347 1771 1410 propter
1836 1336 2142 1403 hominem,
2210 1352 2321 1399 non
2388 1346 2574 1395 autem
2624 1336 2905 1395 hominem
2950 1345 3181 1411 propter
3222 1333 3363 1395 Sab-

86 1442 315 1507 batum;
344 1454 578 1510 esseque
626 1439 826 1496 Filium
873 1438 1116 1495 hominis
1162 1435 1448 1492 dominum
1480 1433 1649 1489 etiam
1683 1429 1910 1488 Sabbati
1942 1433 2011 1486 ὀ.

156 1528 271 1598 λς’.
295 1532 451 1585 Ἐστι
466 1530 545 1601 τῷ
560 1531 709 1603 νόμῳ
736 1531 962 1593 καὶτοῖς
980 1529 1312 1600 προφήταις,
1329 1528 1425 1580 καὶ⁸
1448 1524 1668 1580 Σάϐϐα-

86 1640 182 1679 τον
220 1622 318 1677 καὶ
363 1622 638 1687 Σάϐϐατα,
672 1622 770 1677 καὶ
808 1622 1066 1678 Σάϐϐατα
1109 1618 1437 1687 Σαϐϐάτωνε·
1470 1616 1661 1687 ὥσπερ

89 1715 186 1770 καὶ
214 1714 511 1787 περιτομὴ,
551 1715 649 1769 κα)⁸
676 1714 986 1787 περιτομῆς
1018 1711 1292 1786 περιτομή
1324 1725 1339 1741 ’
1370 1708 1467 1763 καὶ
1485 1708 1666 1779 θέρος,

90 1805 189 1860 καὶ
219 1804 415 1878 θέρους
443 1805 625 1879 θέρος,
655 1806 796 1861 κατὰ
846 1805 908 1860 τὸ
966 1804 1284 1875 εἰρημένον,
1313 1799 1502 1855 Ὅταν
1526 1798 1674 1867 θερί·

87 1908 244 1964 σητε
258 1896 367 1949 τὸν
383 1896 668 1965 θερισμὸν
692 1894 1082 1965 ὐμῶν-,Ἔστιν
1104 1889 1199 1948 οὖν
1223 1893 1284 1946 τὸ
1311 1892 1411 1965 μὲν
1428 1890 1669 1962 πρῶτον,

90 1986 406 2058 πρακτικῆς
434 1988 532 2041 καὶ
554 1987 795 2056 φυσικῆς
846 1985 942 2040 καὶ
984 1985 1303 2057 θεολογικῆς
1352 1983 1672 2054 φιλοσοφίας

86 2078 540 2149 ἁποπεράτωσις.
573 2079 649 2135 Τὸ
704 2077 961 2148 δεύτερον
1016 2076 1098 2139 δὲ,
1131 2077 1402 2145 γενέσεως
1434 2076 1532 2129 καὶ
1563 2072 1674 2127 τῶν

88 2170 232 2225 κατὰ
286 2170 503 2240 γένεσιν
540 2169 738 2239 λόγων,
762 2169 1052 2243 ἀπόλυσις.
1082 2168 1157 2222 Τὸ
1197 2168 1255 2222 δὲ
1300 2167 1522 2239 τρίτον,
1559 2165 1674 2219 τῶν

90 2262 211 2316 κατ’
250 2261 506 2333 αἴσθησιν
558 2262 655 2316 καὶ
705 2261 832 2317 νοῦν
894 2260 1437 2332 πνευματικωτέρσυν
1462 2258 1671 2327 λόγων,

86 2355 321 2427 είσφορά
359 2356 456 2410 καὶ
486 2356 812 2420 ἀπόλαυσις.
838 2356 949 2411 Καὶ
975 2354 1135 2410 τοῦτο
1164 2354 1404 2423 τρισσῶς
1435 2354 1519 2423 ἐφ’
1551 2353 1675 2407 ἐκά-

87 2466 201 2520 στῳ
249 2448 495 2520 δηλονότι
549 2448 660 2501 τῶν
709 2448 1016 2520 εἰρημένων
1075 2448 1383 2517 γινόμενον,
1413 2442 1505 2499 ἶνα
1559 2442 1674 2516 γνῷ

84 2540 216 2604 τοὺς
246 2538 445 2607 λόγους
468 2541 498 2594 6
550 2540 877 2607 γνωστικὸς,
914 2537 1039 2593 καθ’
1068 2537 1163 2602 οὓς
1202 2540 1232 2591 6
1290 2536 1390 2608 μὲν
1429 2536 1673 2607 Μωῦσῆς

84 2632 193 2697 ἔξω
218 2633 317 2703 τῆς
343 2631 511 2700 ἁγίας
542 2633 648 2703 γῆς
697 2629 1017 2694 σαϐϐατίζει
1057 2629 1327 2685 τελευτῶν
1361 2646 1375 2660 ·
1406 2632 1434 2683 6
1464 2628 1523 2682 δὲ
1575 2628 1672 2682 τοῦ

84 2724 245 2795 Ναυῆ
287 2723 534 2793 Ἰησοῦς,
565 2723 888 2794 περιτέμνει
936 2722 1186 2794 περάσας
1227 2721 1320 2775 τὸν
1356 2720 1628 2793 Ἰορδάνην
1653 2734 1669 2750 ⁸

86 2816 140 2868 οἱ
164 2814 224 2868 δὲ
251 2814 351 2885 τὴν
385 2814 601 2885 ἀγαθὴν
633 2816 739 2886 γῆν
763 2813 1258 2885 κληρονομοῦντες,
1282 2812 1381 2883 τὴν
1412 2812 1673 2890 εἰσφορὰν

86 2906 187 2960 τοῦ
225 2906 348 2960 καθ’
382 2905 676 2978 ὑπέρθεσιν
707 2905 899 2961 διπλοῦ
937 2904 1130 2976 θέρους
1161 2906 1237 2977 (g)
1259 2905 1337 2975 τῷ
1356 2904 1476 2976 Θεῷ
1506 2920 1674 2958 ποοσ-

85 2998 431 3071 κομίζουσιν.

1844 1522 1936 1578 56.
1985 1520 2126 1578 Sunt
2172 1520 2229 1583 in
2272 1521 2394 1592 lege
2441 1529 2498 1579 ct
2546 1519 2833 1597 prophetis
2876 1530 2932 1576 et
2979 1520 3281 1581 Sabbattlm
3309 1530 3368 1575 ct

1778 1611 2019 1669 Sabbata
2046 1614 2115 1677 ἰ,
2164 1628 2381 1669 necnon
2428 1612 2727 1669 Sabbatum
2772 1612 3179 1679 Sabbatorum;
3222 1612 3369 1668 sicut

1775 1700 1942 1757 etiam
1990 1701 2341 1759 circumcisio
2387 1711 2443 1756 et
2488 1702 2928 1763 circumcisionis
2967 1702 3364 1759 circumcisio:

1777 1792 1973 1847 messis
2005 1808 2224 1865 quoque
2266 1802 2324 1849 et
2355 1794 2551 1855 messis
2592 1795 2809 1858 messis,
2834 1794 2990 1865 juxta
3037 1793 3185 1864 quod
3228 1795 3367 1849 seri-

1774 1893 1930 1953 ptum
1979 1892 2064 1938 est
2097 1900 2110 1937 :
2145 1883 2278 1938 Cum
2325 1886 2648 1939 messueritis
2693 1901 2885 1942 messes
2932 1894 3135 1943 vestras
3166 1885 3234 1939 ¹².
3270 1885 3369 1940 Est

1773 1974 1958 2044 itaque
1990 1974 2230 2044 primum
2253 1976 2478 2046 quidem
2510 1976 2837 2040 Sabbatum,
2863 1978 2982 2048 ejus
3007 1978 3368 2048 philosophia:

1772 2064 1920 2130 ﬁnis,
1956 2081 2078 2135 qua:
2118 2067 2356 2121 actionis
2390 2067 2562 2133 cultu,
2610 2069 2846 2124 naturali
2876 2070 3271 2138 speculatione
3303 2084 3369 2123 ac

1772 2156 1959 2212 divina
1991 2157 2222 2213 scientia
2247 2160 2519 2217 consistit.
2556 2160 2805 2215 Alterum
2836 2176 2990 2225 vero,
3017 2162 3233 2232 genesis
3269 2176 3367 2219 or-

1773 2254 1973 2315 tusque
2004 2263 2187 2302 rerum
2236 2249 2467 2318 ejusque
2500 2250 2780 2303 rationum
2815 2250 3086 2305 dimissio.
3115 2251 3366 2306 Tertium

1772 2335 2033 2406 denique,
2063 2336 2460 2407 spiritaliorum
2500 2353 2693 2396 sensus
2733 2340 3043 2410 mentisque
3086 2340 3366 2396 rationum

1772 2438 2081 2497 proventus
2123 2429 2393 2499 beateque
2427 2431 2726 2505 possessio.
2770 2433 2950 2503 Atque
2990 2432 3096 2488 hoc
3125 2431 3366 2502 triplici-

1774 2527 1861 2574 tcr
1892 2519 1949 2573 in
1980 2520 2209 2591 singulis
2253 2537 2376 2592 qum
2403 2522 2551 2579 dicta
2597 2533 2748 2587 sunt,
2785 2525 3084 2596 contingit;
3129 2540 3240 2594 quo
3281 2524 3368 2579 vir

1773 2608 2040 2679 spiritalis
2089 2626 2155 2666 ac
2203 2613 2434 2668 scientia
2480 2624 2777 2685 provectus
2821 2606 3065 2675 rationes
3112 2615 3365 2679 noverit.

1771 2702 1976 2771 quibus
2008 2702 2221 2775 Moyses
2261 2713 2415 2760 extra
2451 2715 2655 2763 terram
2686 2716 2934 2769 sanctam
2966 2709 3211 2765 moriens
3239 2709 3368 2765 sab-

1775 2793 1983 2850 batizet
2008 2797 2076 2860 ’3,
2106 2796 2374 2867 Jcsnsque
2424 2798 2571 2854 Nave
2613 2801 2938 2857 transmisso
2971 2801 3213 2857 Jordane
3257 2802 3368 2858 cir-

1771 2886 2050 2943 cumcidat
2078 2888 2156 2955 ‘i;
2197 2903 2263 2949 ac
2293 2888 2388 2959 qui
2426 2898 2629 2951 terram
2675 2892 2876 2948 bonam
2921 2894 3228 2963 possident,
3258 2894 3367 2949 du-

1773 2979 1933 3049 plicis
1975 2980 2281 3039 secundum
2323 2996 2611 3045 excessum
2643 2985 2837 3047 messis
2879 2995 3204 3055 proventum
3252 2986 3368 3042 Deo

1772 3068 2026 3127 offerant.

160 3175 261 3241 λζ’.
292 3175 571 3230 Σάϐϐατόν
596 3176 770 3241 ἐστιν,
799 3175 1042 3233 ἀπάθεια
1068 3173 1251 3247 ψυχῆς
1282 3174 1511 3245 λογικῆς
1538 3188 1553 3206 ⁸
1572 3190 1673 3228 κα-

1846 3161 1936 3221 57.
1967 3161 2269 3221 Sabbatum
2294 3171 2380 3225 est
2406 3163 2606 3225 animae
2653 3165 2864 3231 utentis
2895 3167 3110 3233 ratione
3154 3168 3363 3237 imper-

80 3265 157 3319 τὰ
203 3267 307 3337 τὴν
355 3267 671 3337 πρακτικὴν
735 3266 1021 3331 παντελῶς
1086 3266 1508 3337 ἀποϐαλομένης
1569 3269 1672 3338 τῆς

82 3356 364 3428 ἁμαρτίας
386 3356 457 3417 τὰ
487 3357 783 3428 στίγματα.

155 3531 267 3604 λη’.
308 3532 568 3587 Σάϐϐατα
619 3533 794 3599 ἐστιν,
843 3531 1131 3606 ἐλευθερία
1171 3531 1351 3606 ψυχῆς
1402 3533 1632 3604 λογικῆς
1654 3549 1671 3566 ο

79 3621 186 3677 καὶ
216 3622 392 3692 αὐτὴν
413 3621 515 3694 τὴν
545 3621 690 3678 κατὰ
740 3621 905 3693 φύσιν
948 3622 1087 3695 πρὸς
1135 3623 1412 3695 αἴσθησιν,
1440 3625 1530 3681 διὰ
1573 3622 1675 3696 τῆς

78 3718 146 3769 ὲν
194 3714 473 3787 πνεύματι
536 3714 780 3787 φυσικῆς
831 3716 1090 3789 θεωρίας,
1114 3716 1461 3790 ἀποθεμένης
1520 3716 1675 3789 ἀνέρ-

78 3824 271 3877 γειαν.

156 3897 262 3953 λθ’.
290 3896 546 3951 Σάϐϐατα
571 3897 872 3954 Σαϐϐάτων
908 3898 1060 3953 ἃστὶν
1077 3938 1096 3969 ,
1131 3898 1340 3971 ἠρεμία
1366 3916 1672 3972 πνευματι-

76 3990 162 4061 κὴ
188 3989 270 4060 (Ιι)
293 3989 473 4061 ψυχῆς
498 3989 729 4062 λογικῆς
746 4006 762 4021 ⁸
796 3990 891 4045 καὶ
923 3990 1020 4047 ἀπ’
1043 3990 1225 4045 αὐτῶν
1248 3992 1470 4047 πάντων
1483 3991 1595 4049 τῶν
1615 3994 1674 4048 ἐν

76 4081 204 4145 τοις
241 4075 365 4135 οὖσι
418 4079 713 4150 θειοτέρων
758 4080 936 4151 λόγων
964 4080 1059 4134 τὸν
1090 4078 1219 4135 νοῦν
1258 4080 1623 4153 συστειλάσης
1653 4095 1672 4114 ⁶

76 4165 185 4221 καὶ
213 4165 367 4238 μόνῳ
393 4166 475 4237 τῷ
513 4166 637 4240 Θεῷ
689 4170 815 4223 κατ’
838 4168 1114 4240 ιρωτικὴν
1168 4167 1428 4226 ῑκστασιν
1475 4170 1675 4235 ὑλικῶς

74 4256 419 4330 ἑνδησάσης,
443 4259 538 4312 καὶ
588 4260 874 4324 παντελῶς
916 4260 1179 4331 ἀκίνητον
1209 4261 1375 4317 αὐτὸν
1403 4261 1501 4319 τοῦ
1531 4262 1673 4317 Θεοῦ

68 4347 176 4403 διὰ
197 4347 303 4419 τῆς
334 4351 610 4421 μυστικῆς
642 4350 927 4422 θεολογίας
953 4351 1285 4423 ποιησάσης.

155 4444 236 4509 μ’.
269 4439 553 4513 Περιτομή
576 4443 751 4505 εστιν,
800 4444 836 4513 ἡ
865 4444 997 4514 περὶ
1020 4443 1236 4512 γένεσιν
1266 4445 1365 4517 τῆς
1390 4445 1534 4501 κατὰ
1569 4446 1673 4518 ψυ-

70 4528 185 4600 χὴν
210 4529 500 4600 ὲμπαθοῦς
530 4532 793 4598 ἀπόθεσις
818 4534 1134 4599 διαθέσεως.

152 4626 273 4691 μα’.
301 4624 583 4695 Περιτομὴ
609 4625 917 4697 περιτομῆς
950 4626 1118 4691 ἔστιν,
1146 4628 1180 4698 ἡ
1211 4628 1307 4682 καὶ
1340 4628 1523 4683 αὐτῶν
1558 4630 1669 4685 τῶν

67 4709 231 4767 κατὰ
252 4710 437 4782 ψυχὴν
465 4713 595 4783 περὶ
626 4713 728 4784 τὴν
756 4713 973 4782 γένεσιν
1030 4715 1277 4783 φυσικῶν
1320 4717 1665 4789 κινημάτων,

67 4801 365 4873 παντελὴς
401 4802 649 4875 ἀποϐολὴ
675 4803 771 4857 καὶ
799 4804 1173 4876 περιαίρεσις.

153 4891 273 4965 νβ’.
294 4893 471 4963 Θέρος
492 4894 614 4948 ἐστὶ
639 4894 823 4966 ψυχῆς
847 4894 1096 4965 λογικῆς,
1126 4897 1160 4968 ἡ
1186 4896 1297 4952 τῶν
1322 4914 1429 4952 κατ
1467 4899 1670 4971 ἀρετὴν

1775 3252 2020 3313 turbatio
2059 3268 2125 3313 ac
2154 3254 2560 3325 tranquillitas;
2590 3257 2712 3326 ejus
2740 3256 2954 3317 scilicet
2980 3272 3103 3326 quae
3130 3258 3364 3315 actionis

1772 3345 1924 3401 cultu
1953 3360 2019 3402 ac
2046 3346 2364 3418 disciplina,
2384 3348 2599 3426 peccati
2620 3355 2783 3413 natas
2801 3361 2868 3411 ac
2893 3347 3184 3412 stricturas
3205 3364 3365 3420 pror-

1771 3449 1871 3493 sus
1900 3436 2191 3506 abjecerit.

1842 3526 1934 3585 38.
1962 3525 2224 3597 Sabbata,
2245 3527 2445 3589 animae
2471 3529 2606 3593 item
2624 3528 2835 3593 utentis
2857 3529 3075 3593 ratione
3098 3530 3362 3594 libertas;

1770 3616 1893 3689 ejus
1941 3618 2204 3677 nimirum
2248 3635 2370 3690 quae
2412 3636 2514 3692 per
2542 3621 2848 3683 naturalem
2895 3621 2954 3685 in
2994 3621 3197 3692 Spiritu
3230 3638 3363 3680 con-

1773 3709 2213 3779 templationem,
2242 3712 2550 3768 naturalem
2589 3712 2763 3783 ipsam
2793 3728 2925 3785 erga
2968 3729 3192 3775 sensum
3224 3729 3362 3785 ope-

1772 3800 2041 3859 rationem
2076 3802 2373 3873 depulerit.

1843 3892 1935 3949 59.
1975 3894 2214 3952 Sabbata
2249 3895 2637 3962 Sabbatorum,
2672 3896 2869 3955 anima:
2898 3899 3106 3959 utentis
3147 3897 3361 3960 ratione

1772 3983 2045 4054 spiritalis
2094 3987 2335 4043 cessatio
2380 4002 2444 4044 ac
2469 3987 2663 4058 quies.
2704 3989 2827 4060 ejus
2874 3990 3090 4057 scilicet
3135 4005 3260 4061 quae
3289 3991 3362 4047 ab

1771 4071 1909 4143 ipsis
1933 4089 2155 4145 quoque
2188 4075 2559 4135 divinioribus
2581 4077 2638 4133 in
2669 4078 2837 4135 rebus
2864 4078 3177 4139 rationibus
3202 4094 3361 4139 men-

1771 4171 1883 4221 tem
1903 4167 2266 4228 contraxerit.
2287 4167 2504 4238 solique
2525 4169 2638 4227 Deo
2654 4170 2861 4231 amoris
2879 4185 3108 4228 excessu
3131 4170 3361 4231 omnino

1768 4258 2112 4324 astrinxerit,
2158 4276 2224 4316 ac
2267 4261 2513 4332 mysticae
2558 4261 2847 4333 theologia:
2881 4262 3209 4321 muneribus
3244 4262 3359 4321 Deo

1768 4349 1992 4418 penitus
2021 4352 2247 4406 immote
2268 4352 2577 4413 eohteserlt.

1843 4449 2010 4522 ‘70
2051 4451 2140 4510 40.
2174 4453 2544 4509 Circumcisio
2571 4462 2656 4509 est
2698 4454 3014 4515 libidinosa!
3068 4454 3238 4515 animi
3270 4456 3356 4519 al“-

1696 4562 1746 4620 ι)
1772 4543 2044 4609 lectionis,
2070 4561 2177 4616 qua
2205 4546 2421 4617 genesis
2442 4554 2708 4616 ortusque
2733 4556 2967 4611 constat,
2997 4548 3252 4618 abjectio.

1847 4634 1933 4689 Η.
1959 4634 2322 4689 Circumcisio
2346 4633 2785 4691 circumcisionls
2808 4645 2916 4701 est,
2948 4637 3195 4707 ipsorum
3223 4654 3360 4708 quo-

1773 4739 1884 4794 que
1932 4725 2264 4783 naturalium
2310 4726 2481 4781 animi
2514 4735 2766 4781 motuum
2810 4727 2959 4783 circa
2993 4729 3239 4799 genesim
3270 4745 3362 4782 or-

1776 4820 2004 4882 tumque
2033 4814 2191 4883 plena
2221 4813 2496 4872 abdicatio
2522 4829 2586 4869 ac
2613 4817 2939 4886 amputatio.

1850 4903 1940 4965 42.
1974 4903 2165 4960 Messis
2195 4915 2282 4961 est
2309 4907 2506 4966 animm
2549 4908 2758 4964 utentis
2790 4910 3028 4974 ratione,
3063 4906 3362 4979 spiritaliu-

149 5008 200 5087 ζ’
220 5005 392 5062 Marc.
413 5022 474 5073 ιι,
495 5005 587 5074 27,
608 5007 700 5064 28.
774 5007 820 5041 "
843 5006 1019 5063 Exod.
1040 5024 1191 5074 χχχι,
1213 5009 1303 5076 l3,
1330 5010 1425 5077 15;
1443 5009 1632 5067 chvit.
1657 5028 1689 5067 ι’

1780 5012 1814 5067 il
1831 5052 1845 5067 .
1920 5016 1967 5046 “
1991 5014 2168 5071 Levit.
2192 5033 2344 5083 χχιιι,
2369 5017 2456 5074 10.
2535 5020 2581 5052 ’³
2604 5021 2968 5087 Deut.‘xxxrv,
2990 5021 3043 5076 5.
3119 5021 3167 5053 ⁸⁵
3188 5021 3355 5077 Josue

62 5092 133 5145 τ,
149 5075 213 5133 3.

151 5187 235 5260 (g)
270 5187 384 5244 Τοῦ
410 5187 909 5262 καθ’ᾼύπέρὸἲισιν
928 5189 1149 5245 διπλοῦ
1184 5191 1414 5262 θέρους.
1440 5194 1675 5251 Videtur

59 5269 513 5334 exsuperantem
547 5260 696 5334 illam
743 5276 988 5334 messem
1026 5260 1389 5334 dicereque:
1422 5265 1541 5334 ipsa
1574 5282 1672 5325 sua

61 5329 450 5406 exuberantia
483 5331 818 5406 excellenter
859 5331 1063 5406 duplex
1103 5329 1429 5399 haberetur,
1444 5329 1520 5390 'et
1552 5351 1674 5406 qua:

66 5402 136 5455 in
173 5414 397 5476 _annu_m
439 5400 783 5476 sabbaticum
831 5400 1127 5476 subiceret,
1148 5418 1294 5476 .quo‘
1316 5413 1464 5476 terra
1511 5400 1671 5476 quie-

61 5468 295 5542 spebat.
327 5468 518 5542 Itaque
548 5470 745 5542 messis
778 5471 900 5542 καθ’
931 5468 1224 5541 ὑπέρθεσιν
1262 5472 1489 5542 duplex,
1527 5468 1677 5531 idem

61 5539 171 5616 sit_
195 5553 268 5616 ac
308 5540 603 5616 excellenti
636 5541 882 5607 cumulo,
911 5556 975 5597 ac
1003 5539 1446 5616 superlativc'(nt
1477 5546 1559 5601 sic
1589 5546 1675 5602 lo-

62 5608 174 5679 qui
208 5608 399 5679 liceat)
429 5608 611 5677 plena.

150 5678 233 5748 (h)
288 5679 522 5755 ῌρεμία
554 5679 955 5755 Δςττιντευματική.
987 5681 1178 5737 Altero
1211 5681 1376 5737 Marci
1412 5699 1535 5755 cap.
1567 5685 1678 5739 τῶν

63 5747 389 5832 Ξηπτικξῖιν,
424 5747 766 5832 εειιψυχική·
808 5759 1004 5832 aperto
1032 5768 1244 5832 errore,
1282 5769 1444 5832 quem
1480 5747 1676 5812 tamen

64 5817 250 5873 Picus
269 5817 568 5886 decoquit:
592 5817 796 5889 requies
818 5817 1033 5886 animm,
1057 5817 1518 5894 animmﬁhquam,
1543 5835 1675 5894 etc.,

410 5908 681 5975 PATROL.
718 5911 842 5976 Gn.
868 5912 995 5977 XC.

1767 5213 1870 5272 pro
1898 5199 2401 5272 requiesispiritalis
2433 5206 2645 5260 animm.
2692 5204 2849 5272 Quod
2896 5204 3064 5259 habet
3105 5218 3219 5272 seq.
3259 5205 3353 5258 καὶ

1772 5267 1933 5345 μόνον
1970 5267 2067 5322 τὸν
2107 5267 2245 5345 Θεὸν
2268 5272 2602 5345 ὲνδυσάσης,
2656 5267 3023 5345 ηἰῙιίΙᾼιιιίιιιιε
3058 5267 3352 5345 probatum

1769 5337 1863 5414 sit,
1888 5355 2055 5409 quam
2098 5341 2248 5414 quod
2281 5351 2367 5403 est
2400 5343 2456 5402 in
2496 5337 2722 5409 nostris,
2758 5343 2907 5414 μόνῳ
2938 5344 3016 5414 τῷ
3048 5337 3167 5414 Θεῷ
3200 5345 3354 5414 ἐνδυ-

1771 5398 2101 5485 σάίτη’ς”ιιοο
2119 5398 2296 5485 Ῑίιιιιοι
2316 5398 2452 5485 quid
2474 5398 2776 5485 potius
2807 5398 3043 5485 Marcus,
3072 5398 3159 5468 vei
3188 5398 3353 5468 Maxi-

1772 5493 1900 5553 mus
1938 5481 2283 5553 scripserint.
2318 5481 2623 5553 Utrumque
2666 5484 2769 5537 viri
2817 5484 3102 5553 spiritalis,
3154 5493 3211 5537 et
3256 5486 3351 5553 qui

1772 5548 2013 5606 Sabbata
2056 5548 2425 5608 Sabbatorum
2477 5548 2674 5608 nactus
2720 5555 2813 5619 sit,
2847 5548 2911 5608 ut
2959 5556 3134 5609 solum
3182 5548 3352 5610 Deum

1780 5629 1970 5693 mente
2004 5621 2220 5686 induat,
2252 5632 2311 5677 et
2336 5624 2388 5677 ei
2414 5622 2509 5677 uni
2545 5631 2786 5679 mentem
2812 5639 3042 5693 prorsus
3092 5624 3351 5691 addicat;

1783 5690 1887 5762 et_s_i
1936 5691 2085 5762 istud
2121 5693 2296 5762 magis
2348 5694 2712 5762 sequentibus
2756 5690 2951 5761 haeret,
2982 5695 3051 5748 de
3080 5695 3352 5750 immobili

1784 5758 2099 5819 adhaesionc
2131 5758 2257 5819 cum
2288 5762 2401 5818 Deo
2427 5758 2535 5834 per
2570 5763 2902 5836 theologiam
2933 5758 3245 5838 mysticam.

2964 5926 3041 5989 35
