3898 6422
638 402 779 470 1099

639 535 763 576 rum
790 517 937 591 quod
982 521 1195 586 spectat
1235 511 1303 567 ad
1348 509 1610 565 virtutem
1641 516 1805 576 atque
1831 517 2108 572 naturam,
2136 524 2222 562 ra-

634 612 851 666 tionum
880 623 1066 663 rerqu
1095 619 1220 660 cum
1257 601 1486 657 scientia
1512 600 1762 655 collectio
1795 615 1859 653 ac
1888 599 2115 670 agnitio.

710 701 800 756 43.
834 698 1025 755 Messis
1053 695 1248 750 messis
1271 704 1376 758 est,
1402 692 1616 747 cunctis
1652 691 1930 746 inaccessa
1962 698 2087 760 post
2114 689 2225 759 spi-

639 793 882 850 ritalium
917 806 1100 845 rerum
1132 787 1417 859 mysticam
1458 784 1998 854 contemplationem,
2039 782 2224 852 ignotc

639 883 789 939 circa
837 889 1078 936 mentem
1108 877 1418 932 consistens
1451 875 1548 929 Dei
1595 871 1963 928 consideratio
2003 889 2017 925 :
2057 885 2225 942 quam

640 969 1034 1028 convenienter
1063 968 1174 1021 Deo
1209 965 1392 1030 offert,
1419 963 1515 1034 qui
1545 980 1612 1019 ex
1653 963 1822 1019 rebus
1862 962 2064 1017 creatis
2093 960 2226 1015 visi-

643 1061 852 1117 bilibus
881 1067 938 1114 et
965 1056 1340 1112 invisibilibus
1363 1055 1527 1127 digne
1552 1055 1871 1110 Creatorem
1898 1053 2150 1108 honorat.
2202 1064 2206 1072 ‘

709 1151 800 1206 44.
835 1150 932 1205 Est
962 1157 1016 1204 et
1041 1148 1148 1202 alia
1182 1147 1377 1202 messis
1424 1145 1749 1216 spiritalior,
1781 1161 1901 1214 qua:
1927 1144 2100 1214 ipsius
2127 1142 2224 1198 Dei

641 1241 838 1298 messis
869 1239 1109 1304 dicitur;
1139 1239 1356 1308 aliaque
1388 1236 1561 1308 magis
1597 1235 1822 1308 mystica
1851 1235 2224 1304 sacratiorque

640 1331 1010 1396 circumcisio,
1044 1338 1208 1401 atque
1255 1328 1403 1383 aliud
1440 1327 1750 1382 abstrusius
1797 1325 2130 1390 Sabbatum;
2166 1325 2223 1378 in

639 1440 750 1496 quo
788 1425 934 1479 Deus
959 1421 1028 1476 ab
1067 1422 1326 1491 operibus
1368 1420 1484 1474 suis
1524 1418 1872 1473 sabbatizans
1904 1416 2222 1486 requiescit,

633 1517 790 1588 juxta
835 1513 971 1568 illud
1005 1512 1231 1567 :Mcssis
1259 1512 1469 1581 quidem
1509 1508 1708 1574 multa;
1755 1508 1988 1578 operarii
2044 1515 2222 1561 autem

640 1608 797 1678 pauci
841 1605 911 1658 ’⁵.
945 1605 1047 1658 Ει;
1077 1601 1414 1658 Circumcisio
1458 1601 1628 1654 cordis
1679 1602 1734 1654 in
1767 1601 1957 1670 spiritu
2008 1599 2074 1652 ".
2110 1598 2220 1652 Et:

637 1697 916 1752 Beuedixit
944 1696 1078 1748 Deus
1102 1695 1238 1747 diem
1259 1693 1562 1764 septimum,
1584 1701 1633 1746 et
1653 1691 2004 1759 sanctiﬁcavit
2032 1689 2222 1756 illum;

637 1789 763 1860 quia
796 1789 850 1843 in
881 1785 974 1841 illo
1004 1793 1296 1839 cessaverat
1329 1783 1394 1837 ab
1428 1783 1664 1838 omnibus
1698 1782 1938 1854 aperibus
1969 1781 2077 1834 suis
2105 1796 2223 1852 qua:

637 1878 778 1932 Deus
804 1879 980 1949 {acere
1012 1883 1239 1946 mperat
1271 1874 1341 1929 ³⁷.

706 2063 797 2119 45.
829 2063 926 2118 Dei
960 2060 1157 2117 messis
1185 2068 1288 2124 est,
1331 2074 1452 2129 qua:
1495 2057 1551 2112 in
1588 2056 1731 2128 ipso,
1766 2055 1823 2110 in
1857 2056 1964 2111 fine
1995 2055 2222 2110 seculo-

637 2153 1104 2225 rum,’dignorum
1134 2166 1362 2224 prorsus
1396 2149 1580 2204 futura
1613 2149 1768 2201 firma
1811 2137 2023 2201 mansio
2047 2161 2109 2200 ac
2133 2161 2222 2200 se-

638 2245 737 2300 des
764 2252 868 2298 est.
895 2257 898 2260 '

707 2335 798 2389 46.
830 2331 1191 2388 Circumcisio
1218 2328 1401 2385 cordis
1429 2329 1484 2384 in
1519 2328 1716 2399 spiritu
1745 2336 1852 2395 est,
1889 2327 2221 2383 naturalium

639 2438 837 2479 sensus
885 2422 1195 2491 mentisque
1237 2419 1644 2490 Operatiouum,
1693 2420 1836 2474 circa
1871 2435 1934 2472 ea
1979 2435 2100 2488 qua:
2135 2419 2219 2473 vel

639 2508 807 2567 sensu
841 2509 1225 2580 percipiuntur
1259 2508 1346 2562 vel
1379 2514 1562 2561 mente
1602 2506 2005 2575 intelliguntur.
2039 2505 2219 2573 plena,

640 2617 740 2671 per
771 2599 1012 2668 Spiritus
1036 2596 1404 2666 praesentiam,
1437 2594 1772 2664 amputatio;
1799 2609 1905 2662 qua
1945 2603 2056 2648 tum
2101 2607 2224 2647 cor-

644 2706 746 2760 pus
775 2697 890 2743 tum
922 2687 1160 2753 animus,
1202 2687 1260 2741 in
1291 2685 1347 2741 id
1389 2685 1536 2756 quod
1581 2684 1824 2740 divinius
1851 2691 1955 2748 est,
2005 2684 2226 2754 penitus

641 2777 1126 2833 transformentur.

709 2870 801 2924 47.
852 2868 950 2924 Dei
1004 2867 1375 2923 sabbatismus
1419 2873 1537 2931 est,
1585 2879 1772 2921 rerum
1816 2873 2123 2920 creatarum
2167 2864 2222 2919 in

643 2966 820 3033 ipsum
885 2961 1047 3031 plcna
1104 2959 1381 3026 reductio;
1443 2975 1566 3028 quae
1619 2957 2014 3012 divinissimam
2068 2972 2223 3012 suam

639 3053 1040 3125 Operationem,
1091 3067 1292 3106 arcana
1353 3051 1630 3120 nullisque
1684 3049 1868 3104 verbis
1911 3049 2224 3119 explicabili

1799 391 1860 452 S.
1908 391 2195 452 MAXIMI
2233 391 2740 454 CONFESSORIS

3713 390 3817 463 ιιω

2253 514 2296 570 Α
2323 510 2419 564 καὶ
2449 511 2613 580 φύσιν
2645 510 2757 565 τῶν
2800 511 2973 566 ὄντων
3005 509 3534 582 πνευματικωτέρων
3560 508 3713 579 λόγων
3735 503 3822 584 μετ’

2325 601 2634 671 ἐπιστήμης
2662 601 2893 672 συλλογὴ
2917 603 3010 654 καὶ
3034 600 3350 670 ἐπίγνωσις.

2398 699 2509 762 μγα
2537 693 2741 765 Θέρους
2765 693 2926 764 θέρος
2951 693 3122 757 ἐστὶν,
3153 693 3187 762 ἡ
3229 693 3392 745 πᾶσιν
3419 691 3614 756 ἄϐατος
3641 693 3694 765 (ἱ)
3721 696 3823 764 μετέ

2322 780 2424 851 τὴν
2449 781 2558 835 τῶν
2594 783 2804 854 νοητῶν
2834 783 3106 854 μυστικὴν
3127 780 3362 852 θεωρίαν
3390 781 3523 851 περὶ
3556 781 3670 835 νοῦν
3688 782 3822 851 ἀγνώς

2326 888 2468 935 στως
2507 871 2874 943 συνισταμένη
2912 869 3008 924 τοῦ
3037 868 3174 923 Θεοῦ
3199 870 3531 940 κατανόησις
3555 887 3571 902 ο
3603 871 3664 942 ἢν
3696 888 3823 941 προσ.

2326 960 2484 1032 φέρει
2515 961 2746 1025 δεόντως
2771 963 2800 1015 ὁ
2837 963 2901 1014 ὲκ
2929 960 3038 1014 τῶν
3078 959 3292 1030 ὁρατῶν
3328 961 3423 1013 καὶ
3472 960 3699 1031 ἀοράτων
3739 978 3824 1014 κτι-

2325 1053 2548 1123 σμάτων
2581 1053 2749 1118 ἀξίως
2786 1052 3065 1126 γεραίρων
3089 1051 3182 1104 τὸν
3213 1050 3513 1105 κτίσαντα.

2396 1145 2500 1215 μδ’.
2533 1145 2691 1199 Ἐστι
2721 1147 2816 1199 καὶ
2847 1145 2978 1200 ἄλλο
3017 1141 3536 1214 πνευματικώτερον
3585 1141 3736 1214 θέρος,
3757 1145 3824 1196 αὑ.

2322 1235 2416 1290 τοῦ
2465 1237 2758 1306 λεγόμενον
2798 1232 2941 1291 εἶναι
2971 1235 3066 1290 τοῦ
3099 1235 3236 1288 Θεοῦ
3265 1252 3282 1268 ο
3315 1235 3411 1289 καὶ
3440 1235 3572 1304 ἄλλη
3613 1253 3822 1305 μυστικω-

2321 1329 2456 1400 τέρα
2487 1330 2758 1399 περιτομή
2785 1345 2802 1360 ·
2833 1330 2927 1382 καὶ
2953 1328 3084 1383 ἀλλο
3104 1327 3489 1398 κρυφιώτερον
3505 1327 3816 1390 Σάδδατον,ὲν

2321 1413 2367 1489 ᾧ
2395 1421 2504 1474 ἀπὸ
2550 1420 2662 1473 τῶν
2692 1421 2838 1474 ἰδίων
2887 1421 3065 1490 ἔργων
3127 1417 3473 1482 σαϐϐατίζων
3500 1421 3530 1472 6
3574 1419 3694 1480 Θεὸς
3735 1420 3823 1471 ἀνευ

2318 1513 2522 1576 παύει,
2561 1512 2705 1566 κατὰ
2734 1512 2818 1577 τὸ,
2863 1511 2927 1564 Ὅ
2963 1511 3083 1579 μὲν
3119 1509 3439 1578 θερισμὸς,
3468 1511 3686 1574 πολύςυ
3712 1513 3754 1561 οι
3773 1509 3818 1560 δὲ

2321 1605 2579 1676 ἐργάται,
2613 1607 2822 1675 ὀλίγοι.
2855 1603 2968 1658 Καὶ
2988 1643 3004 1666 ,
3029 1600 3319 1671 Περιτομὴ
3351 1600 3599 1668 καρδίας
3617 1600 3680 1652 ἐν
3693 1601 3820 1651 πνεύ-

2316 1712 2479 1765 ματι.
2515 1695 2648 1756 Καὶ,
2697 1693 3056 1762 30.16171087-
3085 1696 3120 1746 ὁ
3149 1691 3295 1756 Θεὸς
3353 1689 3474 1758 τὴν
3524 1687 3728 1758 ἡμέραν
3749 1687 3821 1754 τὴν

2321 1772 2598 1854 ἑϐδόμην,
2631 1784 2730 1838 καὶ
2763 1784 3025 1854 ἡγίασεν
3078 1782 3276 1848 αὐτὴν
3298 1797 3315 1812 ·
3345 1781 3439 1835 ὅτι
3468 1779 3540 1834 ἐν
3566 1779 3701 1845 αὐτῇ
3723 1797 3818 1831 κατ-

2252 1847 2297 1904 Β
2319 1847 2595 1931 suasca;
2609 1875 2728 1930 ἀπὸ
2749 1847 2991 1929 δεόντων
3005 1872 3122 1928 τῶν
3139 1873 3328 1944 ἔργων’
3345 1859 3555 1938 αὐτοῦ,
3574 1867 3819 1940 ὧνήρεστο

2320 1972 2356 2025 ὀ
2385 1969 2529 2036 Θεὸς
2558 1968 2831 2036 ποιῆσαι.

2394 2057 2498 2130 με’.
2525 2058 2662 2113 Θεοῦ
2688 2059 2849 2130 θέρος
2882 2058 3067 2124 ἐστὶν,
3101 2057 3137 2129 ἠ
3166 2058 3249 2122 εἰς
3281 2055 3450 2111 αὐτὸν
3486 2055 3722 2127 κατάτὴν
3745 2055 3816 2108 ὠν

2319 2148 2532 2202 αἰώνων
2567 2149 2990 2217 ἀποπεράτωσιν
3005 2146 3268 2220 γινομένη
3296 2146 3411 2201 τῶν
3448 2145 3608 2211 ἀξίων
3652 2143 3813 2200 tam

2313 2240 2459 2310 pavi)
2491 2255 2552 2292 τε
2583 2238 2679 2292 καὶ
2715 2239 2946 2309 ἵδρυσις.

2394 2329 2514 2401 μς·’.
2554 2332 2644 2384 Ἐν
2671 2329 2944 2401 πνεύματι
2972 2329 3246 2402 περιτομὴ
3271 2329 3509 2402 καρδίας
3537 2329 3686 2390 εστὶν,
3707 2326 3731 2395 η
3753 2340 3807 2389 τι.

2321 2423 2523 2494 νομένη
2557 2423 2668 2475 τῶν
2692 2422 2813 2476 κατ’
2834 2421 3090 2492 αἴσθησιν
3113 2422 3208 2474 καὶ
3234 2420 3364 2476 νοῦν
3389 2421 3521 2492 περὶ
3547 2420 3610 2472 τὰ
3637 2416 3804 2483 αἰσθητά

2320 2513 2415 2566 καὶ
2445 2511 2516 2564 τὰ
2537 2510 2705 2581 νοητά
2733 2510 2980 2579 φυσικῶν
3023 2509 3318 2581 ἐνεργειῶν
3354 2509 3619 2578 παντελὴς
3663 2502 3807 2575 περιεξ-

2325 2621 2474 2676 ρεσις
2503 2621 2518 2635 ·
2554 2604 2642 2656 διὰ
2666 2601 2768 2672 τῆς
2798 2602 3022 2673 ἀμέσως
3074 2602 3137 2655 τό
3170 2619 3230 2655 τε
3256 2601 3424 2673 σῶμα
3459 2603 3551 2654 καὶ
3587 2601 3672 2668 τὴν
3689 2598 3806 2666 ψυχὴν

2319 2692 2516 2757 ὑλικῶς
2548 2691 3006 2764 μεταμορφούσης
3039 2691 3176 2762 πρὸς
3223 2690 3291 2744 τδ
3342 2691 3644 2761 θειότερον,
3665 2701 3804 2757 παρου-

2322 2781 2446 2844 σίας
2467 2781 2560 2834 τοῦ
2597 2781 2738 2835 Πνεύ
2746 2795 2939 2849 ματος.

2307 2902 2316 2906 -
2396 2869 2502 2942 μζκ
2537 2869 2675 2924 Θεοῦ
2729 2868 3100 2940 σαόδατισμός
3129 2868 3301 2935 ἐστιν,
3331 2869 3372 2941 ἡ
3401 2870 3485 2932 είς
3510 2867 3657 2922 αὐτὸν
3687 2862 3801 2917 Min!

2319 2963 2430 3016 τῶν
2482 2959 2870 3030 πεποιημένων
2916 2958 3250 3029 κατάντησις
3271 2973 3288 2989 ο
3319 2958 3453 3013 καθ’
3481 2959 3546 3027 ἢν
3585 2951 3800 3017 magis

2320 3053 2424 3123 τῆς
2450 3052 2538 3106 ἐπ’
2567 3051 2754 3114 αὐτοῖς
2775 3050 3013 3122 φυσικῆς
3031 3050 3341 3122 ἐνεργείας,
3374 3049 3476 3124 τὴν
3497 3047 3644 3106 αὑτοῦ
3659 3043 3801 3100 θειοτά-

641 3145 877 3209 ratione,
910 3159 942 3198 a
971 3130 1208 3197 naturali
1243 3143 1299 3197 in
1345 3142 1431 3196 eis
1460 3141 1780 3212 operatione
1823 3155 2038 3195 cessare
2067 3140 2217 3194 facit.

2321 3161 2423 3214 την
2477 3144 2768 3236 ἀρρήτως-
2803 3140 3209 3216 ἐνεργουμένην
3255 3143 3394 3218 [Fr.
3436 3141 3772 3235 tvepyouplw-t
3787 3138 3796 3204 Ι

636 3235 828 3291 Cessat
853 3233 999 3288 enim
1031 3231 1260 3286 forsitan
1286 3222 1432 3286 Deus
1459 3240 1516 3286 et
1543 3230 1780 3300 quiescit
1819 3246 1850 3284 a
1891 3230 2127 3284 naturali
2162 3229 2219 3284 in

639 3326 952 3397 quibusque
985 3323 1154 3379 rebus
1185 3324 1526 3394 operatione,
1560 3339 1668 3392 qua
1703 3337 1791 3377 res
1820 3322 2065 3393 singulas
2098 3335 2219 3377 mo-

641 3418 758 3474 veri
787 3427 983 3471 natura
1005 3425 1380 3484 comparatum
1403 3423 1521 3480 est;
1548 3429 1673 3468 cum
1711 3413 1971 3467 nimirum
1999 3428 2098 3483 pro
2121 3427 2221 3467 sua

637 3523 871 3580 quaeque
904 3505 1118 3562 ratione
1149 3494 1445 3574 captaque,
1489 3496 1674 3558 divina
1717 3504 2061 3574 apprehensa
2089 3517 2221 3573 ope-

641 3595 852 3652 ratione
876 3592 1181 3649 naturalem
1204 3607 1360 3646 suam
1383 3593 1530 3647 circa
1556 3591 1734 3662 ipsum
1757 3592 1928 3646 Deum
1961 3591 2223 3646 termina-

644 3687 804 3743 «erit.

710 3775 803 3832 48.
833 3773 1027 3843 Opera:
1059 3771 1296 3844 pretium
1336 3771 1618 3842 inquirant
1646 3769 1751 3826 viri
1788 3771 2042 3836 studiosi,
2073 3787 2224 3842 qua:-

641 3879 768 3921 lam
799 3862 1156 3934 intelligenda
1203 3863 1314 3916 sint
1360 3877 1551 3932 opera,
1600 3877 1723 3932 quae
1767 3861 1910 3916 Deus
1939 3862 2106 3932 carpit
2136 3863 2220 3917 fa-

637 3970 802 4022 cere;
828 3970 902 4010 ac
931 3969 1184 4024 quanam
1225 3950 1421 4008 rursus
1467 3953 1579 4017 illa,
1629 3969 1752 4023 quae
1784 3968 1895 4008 non
1940 3953 2126 4023 cmpit.
2162 3953 2222 4010 Si

641 4045 867 4118 quidem
892 4046 1041 4100 enim
1084 4034 1364 4115 requievit
1385 4045 1454 4100 ab
1483 4045 1743 4100 omnibus
1781 4046 2063 4114 operibus,
2099 4061 2222 4116 qua:

641 4145 887 4209 ceperat
915 4137 1134 4202 facere;
1163 4137 1336 4206 liquet
1363 4137 1433 4190 ab
1461 4137 1544 4191 eis
1571 4151 1681 4190 non
1715 4136 2072 4207 requievisse,
2099 4151 2222 4207 qua:

640 4245 755 4285 non
779 4235 1023 4299 egerat
1052 4227 1255 4283 facere.
1283 4226 1363 4282 Ne
1392 4226 1535 4281 forte
1559 4227 1729 4298 igitur
1767 4226 1866 4281 Dei
1895 4241 2064 4296 opera
2098 4240 2222 4297 qua:

644 4326 999 4390 temperance
1044 4326 1333 4387 coeperunt
1377 4317 1537 4389 571
1580 4331 1724 4382 esse,
1755 4332 1844 4371 res
1876 4331 2068 4372 omnes
2109 4318 2222 4372 sint

649 4425 776 4481 qua:
807 4409 1163 4479 participant,
1212 4417 1367 4479 puta,
1416 4408 1646 4464 diversa:
1678 4423 1862 4463 rerum
1901 4407 2221 4464 substantiae

647 4514 746 4554 seu
796 4505 1006 4553 natura:
1051 4512 1117 4553 ac
1157 4497 1429 4552 essentia.
1479 4497 1694 4552 Habent
1737 4497 1884 4552 enim
1941 4513 2050 4551 non
2100 4510 2219 4552 esse

2325 4519 2416 4558 ναι
2457 4501 2850 4574 πρεσϐύτερον.
2882 4497 2993 4556 Ἦν
3021 4503 3128 4574 γάρ
3177 4518 3333 4566 ποτε,
3361 4503 3450 4556 ὅτε
3478 4500 3542 4554 τὰ
3564 4498 3662 4550 ὂντα
3701 4502 3776 4558 μετ’

647 4589 904 4662 (nihilum
942 4588 1162 4659 vocant)
1209 4589 1492 4658 antiquius
1532 4588 1652 4658 ipso
1683 4603 1872 4643 earum
1904 4604 2046 4644 esse.
2092 4589 2224 4647 Erat

645 4681 795 4736 enim
839 4679 1170 4749 aliquando,
1221 4695 1348 4734 cum
1397 4694 1490 4734 res
1535 4694 1658 4748 quae
1704 4679 2064 4750 participant,
2105 4695 2219 4736 non

646 4778 824 4826 erant.
853 4768 954 4824 Dei
974 4777 1158 4824 autem
1179 4767 1415 4823 forsitan
1433 4783 1623 4838 opera,
1649 4784 1771 4838 qua:
1787 4784 1900 4824 non
1927 4754 2219 4840 coeperunt

641 4869 999 4932 temperance
1040 4874 1183 4926 esse,
1217 4876 1280 4916 ea
1313 4867 1443 4915 sunt
1471 4875 1593 4930 quae
1626 4861 1736 4915 vim
1764 4861 1970 4916 habent
2001 4873 2062 4918 ut
2093 4879 2219 4933 par-

644 4950 966 5022 ticipentur,
990 4965 1230 5020 quorum
1251 4965 1342 5004 res
1365 4949 1460 5004 Dei
1481 4963 1710 5004 munere
1737 4959 1867 5005 sunt
1887 4951 2212 5022 participes;

643 5041 951 5112 cuiusmodi
983 5048 1135 5106 sunt,
1163 5041 1398 5112 exempli
1430 5055 1614 5106 causa,
1651 5041 1888 5109 bonitas,
1915 5058 1978 5096 ac
2007 5043 2052 5098 si
2083 5043 2218 5113 quid

645 5130 905 5188 bonitatis
938 5131 1152 5188 ratione
1191 5131 1679 5203 comprehenditur
1707 5149 1720 5186 :
1755 5134 2088 5204 omninoque
2110 5135 2224 5190 vita

644 5223 827 5278 omnis
867 5233 925 5279 et
963 5223 1346 5279 immortalitas
1385 5231 1442 5278 et
1470 5223 1795 5293 simplicitas
1823 5233 1880 5278 et
1906 5224 2225 5280 immutabi-

646 5313 770 5368 litas
801 5323 858 5370 et
883 5314 1159 5382 infinitas;
1196 5323 1394 5370 cuneta
1419 5313 1656 5384 denique
1694 5329 1817 5383 quae
1856 5315 2005 5370 circa
2046 5316 2226 5386 ipsum

645 5405 1020 5464 essentialiter
1051 5406 1462 5478 intelliguntur;
1500 5419 1623 5475 quae
1654 5413 1711 5462 et
1740 5404 1840 5461 Dei
1874 5419 2041 5476 opera
2074 5418 2224 5476 sunt,

715 5564 762 5596 ”
783 5564 921 5620 Luc.
963 5581 1020 5632 ι,
1039 5565 1094 5619 2.
1170 5564 1217 5597 ’⁸
1239 5565 1399 5621 Rom.
1421 5580 1482 5630 ιι,
1505 5563 1599 5621 29.
1674 5564 1718 5596 "
1739 5561 1878 5620 Gen.
1901 5579 1962 5630 ιι,
1982 5563 2042 5620 2.

2320 3236 2624 3308 ἐνέργειαν.
2653 3231 2897 3290 Ιῐαύεται
2923 3233 3031 3304 γὰρ
3065 3235 3096 3288 ὁ
3127 3232 3263 3298 Θεὸς
3291 3235 3404 3306 τῆς
3450 3233 3510 3287 έν
3537 3231 3708 3297 ἑκάστῳ
3732 3226 3796 3276 τῶν

2325 3329 2496 3382 ὄντων
2535 3326 2700 3398 τυχὸν
2753 3325 2989 3395 φυσικῆς
3038 3324 3364 3396 ἐνεργείας,
3395 3324 3517 3379 καθ’
3537 3324 3598 3394 ἣν
3639 3323 3792 3375 tum

2318 3419 2430 3472 τῶν
2463 3416 2636 3471 ὄντων
2663 3414 2908 3486 φυσικῶς
2934 3414 3205 3469 κινεῖσθαι
3237 3415 3510 3484 πέφυκεν,
3531 3412 3692 3466 ὁπόταν
3711 3409 3791 3462 in-

2321 3524 2447 3562 στον
2479 3509 2580 3579 τῆς
2625 3506 2779 3570 θείας
2823 3503 3104 3575 ἀναλόγως
3150 3504 3546 3578 έπιλαϐόμενον
3587 3498 3788 3572 ἐνεργείας.

2319 3599 2420 3669 τὴν
2441 3598 2587 3652 κατά
2609 3596 2773 3668 φύσιν
2793 3595 3002 3651 οίκείαν
3030 3595 3163 3668 περὶ
3193 3596 3368 3652 αὐτὸν
3411 3597 3565 3670 ὁρίσῃ
3616 3593 3687 3648 τὸν
3711 3587 3789 3641 MV

2318 3688 2624 3761 ἐνέργειαν.

2395 3779 2508 3852 μηό
2535 3778 2808 3852 Ζητητέον
2826 3779 2945 3843 τοῖς
2977 3777 3308 3844 σπουδαίοις,
3337 3781 3465 3834 τινα
3494 3776 3685 3846 καθήκει
3702 3767 3786 3822 ταῖν

2320 3865 2462 3926 εῖναι
2485 3870 2555 3925 τὰ
2591 3870 2731 3942 ἔργα
2759 3864 2836 3925 ὧν
2860 3869 3064 3941 ἤρξατο
3091 3867 3193 3940 τῆς
3218 3869 3495 3938 γενέσεως
3534 3869 3563 3922 ὁ
3584 3864 3684 3927 est;
3702 3878 3713 3891 ·
3731 3855 3786 3910 καὶ

2317 3965 2444 4020 τίνα
2474 3962 2660 4029 πάλιν,
2691 3955 2768 4018 ὧν
2792 3962 2895 4016 οὐκ
2933 3961 3156 4033 ἧρξατο.
3223 3962 3292 4017 Et
3339 3960 3453 4032 γὰρ
3496 3959 3675 4014 πάντων
3706 3965 3781 4004 κιτ-

2321 4054 2531 4108 έπαυσε
2554 4051 2664 4105 τῶν
2684 4049 2884 4124 έργων,
2921 4044 3000 4105 ὢν
3026 4051 3231 4123 ηρξατο
3274 4052 3522 4121 ποιῆσαι,
3546 4048 3672 4118 δῆλον
3701 4037 3782 4094 in"

2320 4158 2430 4196 νων
2459 4142 2520 4195 οὐ
2551 4133 3124 4208 καάπαυσεν,ὧνούκ
3148 4139 3358 4212 ἤρξατο
3391 4142 3619 4210 ποιῆσαι.
3641 4136 3779 4201 κήκ

2319 4227 2436 4296 οὖν,
2459 4230 2597 4302 ἔργα
2626 4230 2726 4300 μιν
2746 4227 2882 4282 Θεοῦ
2905 4227 3178 4300 χρονικῶς
3199 4229 3456 4300 ὴργμένα
3469 4227 3557 4282 τοῦ
3575 4223 3680 4280 εἷναί
3696 4221 3778 4271 ἐπι.

2319 4319 2501 4375 πάντα
2529 4319 2600 4374 τά
2645 4319 2775 4374 ὅντα
2813 4319 3112 4390 μετέχοντα
3148 4334 3163 4349 ο
3201 4313 3315 4371 οἷον
3382 4321 3441 4372 αί
3481 4318 3678 4385 διάφοροι

2320 4410 2492 4466 ὄντων
2517 4411 2718 4466 οὐσίαι.
2749 4389 2825 4464 Τδ
2853 4411 2962 4481 γὰρ
2999 4410 3073 4481 μὴ
3111 4409 3194 4477 δν,
3234 4409 3455 4480 ἔχουσιν
3488 4406 3637 4462 αὐτῶν
3661 4389 3779 4453 τοῦτὶ

2334 4573 2533 4665 έχοντα
2557 4594 2660 4648 οὐκ
2796 4592 2930 4648 Θεοῦ
2959 4593 3017 4647 δὲ
3047 4573 3186 4664 ἔργα
3214 4593 3379 4664 τυχδν
3399 4595 3496 4647 οὐκ
3521 4586 3708 4662 ἠργμένη
3722 4573 3772 4628 τ’δδ

2321 4681 2464 4739 εἶναι
2507 4684 2798 4756 χρονικῶς,
2830 4683 2902 4737 τὰ
2941 4683 3072 4738 ὄντα
3136 4684 3401 4755 μεθεκτὰ,
3439 4680 3511 4738 ὧν
3539 4678 3652 4735 κατὰ
3675 4672 3769 4743 χάριν

2325 4775 2614 4847 μετέχουσι
2655 4776 2724 4829 τὰ
2773 4774 2902 4829 ὅντα
2957 4775 3254 4846 μετέχοντα
3281 4793 3299 4809 ο
3338 4770 3525 4843 οἷον,ή
3579 4764 3768 4834 ἀγαθὰῐῦ
3819 4793 3821 4847 ἰ

2319 4867 2418 4924 καὶ
2469 4868 2580 4921 πᾶν
2609 4867 2663 4921 ετ
2689 4884 2743 4920 τι
2786 4865 3130 4937 ἀγαθότητος
3162 4865 3543 4938 ἐμπεριέχεται
3573 4861 3690 4926 λόγῳ.

2323 4954 2508 5019 ἁπλῶς
2553 4957 2706 5010 πᾶσα
2754 4953 2889 5026 ζωὴ,
2921 4935 3031 5008 καί
3069 4935 3340 5009 ἀθανασία
3397 4935 3487 5009 καὶ
3521 4950 3701 5011 ἁπλότης
3717 4935 3768 4988 ‘5’-

2323 5045 2561 5118 ἀτρεψία
2581 5047 2678 5098 καὶ
2709 5044 2959 5117 ἀπειρία,
2992 5045 3085 5099 καὶ
3124 5045 3226 5099 ὃσα
3259 5046 3391 5116 περὶ
3419 5043 3566 5100 αὑτὸν
3592 5026 3786 5116 obrui“.

2321 5135 2607 5207 θεωρεῖται
2642 5149 2658 5167 ο
2692 5134 2851 5189 ἅτινα
2891 5133 2985 5188 καὶ
3005 5132 3144 5202 ἔργα
3176 5132 3314 5186 Θεοῦ
3335 5135 3458 5196 εισι,
3493 5128 3578 5183 καὶ
3598 5124 3670 5178 οὐκ

2325 5203 2462 5301 μένα
2488 5227 2778 5300 χρονικῶς.
2811 5227 2887 5282 Οὐ
2933 5226 3040 5299 γάρ
3071 5243 3204 5280 ποτε
3243 5224 3588 5298 πρεσϐύτερον
3619 5203 3760 5301 ἀρξτῆίί
3801 5246 3804 5301 3

2321 5296 2385 5373 τὸ
2413 5296 2641 5390 οὐκ⁷
2669 5317 2791 5372 οὐδέ
2809 5334 2958 5381 τινος
2986 5296 3148 5371 ἀλλου
3177 5296 3593 5386 τῶν-είρημένων
3611 5320 3624 5336 ο
3646 5296 3760 5352 xiv“

2329 5410 2624 5482 μετέχοντα
2649 5408 2832 5463 αὐτῶν
2849 5407 2972 5463 καθ’
2996 5405 3161 5472 αὐτὰ,
3182 5401 3382 5478 ἦρκται
3407 5403 3494 5458 τοῦ
3519 5395 3631 5455 εἶναι
3649 5396 3757 5462 XF“.

3825 4515 3827 4573 ι

3823 4597 3825 4677 l

3819 4681 3823 4804 il

3817 4815 3821 4894 λ

3817 4895 3819 4987 l

3813 5011 3817 5137 Ᾰ

717 5695 792 5771 (ί),
825 5696 905 5771 ἨΔ
920 5696 1109 5752 πᾶσιν
1139 5697 1388 5771 ῥᾷστος.
1420 5697 1518 5771 Ειᾷ
1543 5695 1638 5752 hic
1683 5695 1849 5751 Marci
1882 5710 2004 5770 cap.
2040 5696 2096 5766 3,
2126 5711 2355 5756 suorum
2415 5697 2716 5768 νηπτικῶν,
2769 5715 2873 5757 nec
2901 5700 3082 5771 ipsum
3143 5699 3222 5756 illi
3253 5699 3385 5756 satis
3418 5679 3753 5752 emendatum,“

647 5763 796 5835 quod
823 5765 1002 5835 primo
1026 5775 1138 5834 est,
1178 5768 1244 5822 Ἦ
1273 5763 1420 5822 πᾶσα
1450 5766 1669 5834 ἄϐατος,
1696 5773 1805 5822 etc.
