4048 6458
204 384 335 455 1101

1048 381 1386 447 CAPITUM
1419 376 1695 441 THEOL.
1736 374 1833 439 ET
1864 373 2103 439 (ECON.
2142 376 2530 439 CENTURIA
2568 376 2621 437 Ι.

3315 371 3455 443 1102

198 497 331 562 πῶς.
369 499 641 569 ’Δναρχος
690 495 798 566 γὰρ
862 495 1010 550 πᾶσα
1059 494 1251 567 ἀρετὴ,
1313 493 1388 564 μὴ
1436 492 1633 563 ἔχουσα
1684 490 1807 555 τὸν,

1887 499 1931 546 et
1962 499 2314 560 temperance
2342 505 2452 544 non
2484 496 2790 558 cmperunt.
2822 487 3114 557 Nunquam
3152 488 3301 544 enim
3340 505 3453 546 non

195 588 389 659 χρόνον
431 589 632 659 ἑαυτῆς
672 587 1048 660 πρεσϐύτερον
1073 605 1086 619 ·
1127 582 1215 640 οἷα
1270 585 1362 638 τὸν
1394 585 1526 637 Θεὸν
1575 583 1773 653 ἔχουσα

197 678 289 732 τοῦ
324 676 463 733 εἶναι
496 679 807 752 μονώτατον
838 680 1025 743 άῖδίως
1056 679 1378 748 γεννήτορα.

1875 588 2015 644 erat,
2042 581 2247 634 virtute
2276 578 2559 649 antiquius
2586 577 2711 643 fuit,
2744 576 2930 634 ullove
2958 577 3067 632 alio
3096 593 3290 634 eorum
3331 594 3455 653 qua:

1878 669 2024 725 dicta
2076 679 2233 737 sunt;
2273 670 2489 725 tametsi
2517 684 2583 725 ea
2627 684 2751 739 quae
2792 668 3143 740 participant,
3173 669 3308 739 ipsa
3351 684 3473 745 sua:

196 773 415 828 ratione
464 783 818 845 temperance
872 788 994 829 esse
1049 774 1337 843 coeperint.
1386 769 1577 827 Omnis
1628 768 1777 824 enim
1814 766 1993 821 virtus
2023 776 2229 821 aeterna
2260 774 2364 830 est,
2394 779 2516 834 quae
2544 772 2846 833 tempusse
2903 761 3186 832 antiquius
3239 764 3451 819 nullum

198 865 399 926 habeat
429 885 443 921 :
480 875 540 921 ut
566 883 685 936 quae
716 868 888 921 Deum
925 863 1421 935 singularissimum
1465 861 1585 931 ejus
1630 856 1776 929 quod
1808 865 1914 921 est,
1949 865 2233 927 parentem
2264 855 2320 909 in
2348 852 2744 923 sempiternum
2772 851 2994 908 habeat.

272 959 384 1035 μο’.
413 964 639 1018 Πάντων
665 962 772 1017 τῶν
809 961 981 1015 ὄντων
1014 961 1107 1015 καὶ
1138 958 1474 1030 μετεχόντων
1514 956 1608 1010 καὶ
1647 954 1775 1025 μεθ-

199 1045 398 1118 mat,
433 1053 728 1125 ἀπειράκις
772 1053 1017 1124 ἀπείρως
1046 1054 1073 1105 ὁ
1098 1051 1232 1114 Θεὸς
1271 1048 1628 1119 ὑπεξῄρηται.
1658 1046 1774 1098 Πᾶν

201 1147 309 1218 γάρ
344 1145 399 1200 εἴ
417 1163 469 1199 τι
496 1143 587 1199 τὸν
607 1142 699 1197 τοῦ
738 1139 879 1196 εἶναι
908 1142 1065 1210 λόγον
1100 1141 1213 1212 ἔχει
1256 1137 1770 1211 κατηγορούμενον,

204 1234 372 1305 ἔργον
400 1231 538 1288 Θεοῦ
562 1233 822 1303 τυγχάνει
847 1249 861 1263 ·
903 1232 1005 1285 κᾶν
1024 1231 1086 1284 τὸ
1113 1231 1212 1301 μὲν
1245 1228 1387 1282 κατὰ
1413 1226 1626 1297 γένεσιν
1670 1221 1773 1295 ἧρ-

196 1297 428 1396 κταθσ)
458 1323 551 1378 τοῦ
586 1320 727 1377 εἶναι
757 1321 1022 1395 χρονικῶς
1050 1338 1064 1353 ·
1100 1321 1163 1374 τὸ
1190 1319 1269 1384 δὲ,
1301 1317 1445 1373 κατὰ
1465 1318 1637 1389 ,χάριν
1662 1319 1775 1381 τοῖς

197 1419 484 1488 γεγονόσιν
544 1417 896 1488 ἐμπέφυκεν,
925 1407 1015 1466 οἷά
1077 1428 1163 1474 τις
1223 1410 1451 1481 δύναμις
1503 1408 1773 1478 ἔμφυτος,

198 1507 292 1561 τὸν
327 1507 407 1574 ,ὲν
454 1504 619 1559 πᾶσιν
664 1504 794 1557 ὄντα
842 1502 977 1556 Θεὸν
1024 1500 1363 1571 διαπρυσίως
1409 1496 1775 1570 κηρύττουσα.

276 1677 352 1732 ν’.
378 1679 461 1732 Τά
488 1671 732 1733 άἩάνατα
771 1677 970 1741 πάντα,
1000 1674 1096 1730 καὶ
1121 1671 1262 1744 αὐτὴ
1295 1673 1329 1743 η
1356 1668 1623 1725 ἀθανασία
1644 1684 1659 1701 ο
1683 1667 1779 1723 καὶ

198 1769 269 1824 τὰ
324 1770 505 1834 ζῶντα
560 1770 757 1834 πάντα,
813 1766 907 1821 καὶ
958 1765 1097 1837 αὐτὴ
1127 1765 1340 1835 ἡζωήο
1376 1763 1471 1817 καὶ
1520 1761 1591 1815 τὰ
1644 1761 1778 1829 ἆγια

1948 953 2040 1008 49.
2091 953 2238 1007 Deus
2288 951 2456 1005 rebus
2496 948 2753 1003 omnibus
2801 964 2923 1018 quae
2957 948 3318 1018 participant,
3355 956 3456 1007 aut

1874 1043 1984 1097 vim
2012 1044 2215 1098 habent
2243 1050 2304 1097 ut
2331 1041 2752 1113 participentur,
2785 1039 3048 1095 inﬁnities
3074 1041 3287 1099 inﬁnite
3311 1042 3455 1098 emi-

1872 1142 1986 1189 net.
2022 1134 2302 1205 Quidquid
2344 1133 2492 1189 enim
2523 1138 2629 1196 est,
2656 1131 2726 1186 de
2751 1146 2863 1200 quo
2895 1133 3015 1203 ejus
3041 1134 3189 1202 quod
3225 1143 3457 1191 estesse

1871 1226 2014 1282 ratio
2040 1226 2390 1297 prmdicetur,
2419 1225 2518 1279 Dei
2554 1237 2694 1293 opus
2731 1232 2846 1289 est;
2891 1225 3109 1280 tametsi
3138 1226 3288 1282 aliud
3332 1227 3473 1296 quin

1873 1315 1999 1371 dem
2027 1325 2380 1387 temporanee
2411 1322 2536 1370 ortu
2580 1313 2813 1384 cmperit
2848 1329 2999 1380 esse,
3035 1316 3187 1371 aliud
3210 1317 3308 1373 Dei
3335 1334 3459 1373 mu-

1872 1422 2008 1463 nere
2034 1408 2237 1463 creatis
2265 1406 2491 1462 insitum
2520 1405 2613 1469 sit,
2640 1420 2743 1460 ceu
2767 1403 2851 1459 vis
2872 1405 3118 1474 quadam
3149 1407 3219 1462 iis
3244 1407 3457 1476 innata,

1873 1513 1996 1569 qua:
2044 1499 2219 1554 Deum
2279 1499 2338 1553 in
2388 1496 2647 1554 omnibus
2707 1496 3066 1552 exsistentem
3117 1498 3263 1554 clare
3313 1514 3455 1575 prae-5

1873 1589 2040 1646 dicet.
2968 1630 2989 1635 η

1943 1679 2034 1735 50.
2095 1680 2432 1737 Immortalia
2483 1682 2704 1747 omnia,
2762 1680 2991 1751 ipsaque
3039 1680 3457 1748 immortalitas;

1874 1771 2228 1842 viventiaque
2254 1771 2461 1837 omnia,
2496 1772 2723 1843 ipsaque
2764 1773 2909 1839 vita;
2934 1779 2993 1827 et
3030 1781 3220 1829 sancta
3251 1773 3459 1837 omnia.

200 1862 403 1924 πάντα,
431 1861 527 1915 καὶ
554 1860 693 1931 αὐτὴ
726 1862 760 1932 η
794 1858 1021 1929 άγιότης
1041 1874 1058 1889 ·
1093 1860 1189 1910 καὶ
1218 1857 1288 1910 τὰ
1318 1856 1548 1924 ἑνάρετα
1579 1854 1777 1917 πάντα,

1887 1864 2106 1934 ipsaque
2135 1862 2434 1929 sanctitas;
2477 1863 2795 1934 virtuteque
2833 1854 3065 1934 praedita
3097 1864 3280 1920 omnia
3324 1864 3464 1935 (stu-

202 1955 301 2008 καὶ
335 1952 476 2024 αὑτὴ
502 1955 549 2024 ἡ·
570 1953 740 2024 άρετή
770 1966 786 1980 ⁸
823 1951 919 2004 καὶ
948 1949 1019 2003 τά
1039 1947 1222 2017 ἀγαθὰ
1256 1947 1461 2011 πάντα,
1493 1944 1588 1998 καὶ
1632 1943 1773 2012 αὐτὴ

199 2047 235 2116 η
273 2045 553 2115 ἁγαοότης
584 2060 598 2074 ·
630 2044 721 2097 καὶ
754 2043 821 2097 τά
858 2044 989 2096 ὄντα
1010 2043 1187 2096 πάντα
1212 2081 1228 2107 ,
1259 2040 1356 2093 καὶ
1396 2038 1533 2108 αὐτὴ
1560 2038 1597 2108 ἡ
1629 2034 1776 2089 ὀντό⁴

200 2153 323 2208 της,
363 2135 498 2189 Θεοῦ
548 2134 830 2207 προδήλως
887 2133 1025 2205 ἔργα
1067 2131 1427 2201 τυγχάνουσιν
1451 2146 1467 2161 ο
1498 2126 1635 2183 ἀλλὰ
1659 2167 1675 2190 ,
1705 2125 1777 2179 τὰ

202 2229 327 2301 μὲν,
348 2228 443 2282 τοῦ
472 2216 613 2282 εἶναι
637 2226 903 2299 χρονικῶς
935 2225 1185 2297 ἠργμὲνα
1212 2241 1224 2253 ⁸
1262 2219 1331 2295 ἦν
1361 2222 1470 2293 γάρ
1492 2235 1619 2273 ποτε
1642 2258 1658 2285 ,
1687 2218 1777 2271 ὅτε

200 2322 305 2374 οὐκ
333 2316 443 2391 ἦν·
488 2320 556 2375 τὰ
602 2321 682 2385 δὲ,
710 2319 805 2373 τοῦ
851 2313 993 2372 εἶναι
1032 2315 1301 2389 χρονικῶς
1346 2315 1447 2367 οὐκ
1500 2310 1777 2384 ἠργμένα.

200 2414 320 2466 Οὐκ
350 2408 419 2484 ἦν
451 2412 562 2484 γάρ
597 2429 750 2477 ποτε,
781 2412 871 2465 ὅτε
905 2410 1005 2463 οὐκ
1050 2405 1120 2480 ἦν
1158 2406 1329 2478 ἀρετὴ
1378 2406 1473 2459 καὶ
1504 2401 1780 2471 άγαθότης

201 2508 299 2559 καὶ
345 2506 570 2575 ἁγιότης
623 2505 718 2556 καὶ
767 2501 1068 2556 ἀθανασία.
1111 2499 1221 2551 Καὶ
1263 2498 1331 2550 τά
1386 2495 1487 2566 μὲν
1528 2492 1781 2565 ἡργμένα

200 2594 498 2668 χρονικῶς,
532 2597 601 2665 τῇ
634 2594 836 2663 μετοχῇ
884 2589 997 2643 τῶν
1038 2589 1140 2643 οὐκ
1178 2586 1470 2660 ἡργμένων
1513 2584 1782 2657 χρονικῶς

202 2688 315 2741 είσὶ
359 2688 454 2740 καὶ
492 2684 740 2752 λέγονται
764 2681 908 2736 τοῦθ’
926 2681 1064 2752 ὅπερ
1092 2680 1189 2733 καὶ
1225 2677 1332 2731 eici
1362 2678 1459 2731 καὶ
1507 2676 1779 2745 λέγονται.

200 2778 397 2848 Πάσης
451 2778 560 2848 γὰρ
601 2775 746 2845 ζωῆς
784 2773 880 2828 καὶ
919 2769 1241 2835 ἀθανασίας,
1278 2767 1561 2839 άγιότητός
1594 2783 1654 2821 τε
1689 2766 1785 2819 καὶ

202 2871 413 2942 ἀρετῆς
440 2909 453 2934 ,
511 2865 842 2943 δημιουργός
903 2865 1050 2917 ἔστιν
1089 2864 1119 2916 ὁ
1174 2861 1305 2924 Oed;
1337 2876 1377 2895 ἰ
1410 2860 1551 2931 ὑπὲρ
1595 2858 1784 2912 οὐσίαν

200 2963 316 3035 γὰρ
352 2962 570 3017 πάντων
621 2958 733 3012 τῶν
776 2974 839 3011 τε
874 2952 1180 3027 νοουμένων
1229 2953 1323 3009 καὶ
1357 2953 1666 3024 λεγομένων
1699 2949 1786 3016 ἑξ-

201 3055 435 3127 ﬁgurat.

1877 1955 2078 2021 diosa),
2098 1964 2157 2011 et
2178 1956 2356 2011 virtus
2376 1956 2525 2026 ipsa;
2551 1956 2806 2026 bonaque
2829 1955 3036 2019 omnia,
3062 1964 3120 2012 et
3154 1955 3273 2026 ipsa
3299 1956 3462 2011 boni—

1877 2053 1992 2113 tas;
2022 2062 2145 2118 quaa
2187 2057 2317 2103 sunt
2358 2048 2564 2111 omnia,
2603 2047 2831 2117 ipsaque
2877 2047 3082 2102 entitas
3115 2046 3202 2119 (ut
3240 2048 3463 2119 vocant)

1877 2139 1999 2210 ejus
2026 2138 2173 2210 quod
2199 2148 2285 2195 est
2313 2140 2455 2194 ratio
2475 2178 2491 2203 .
2523 2139 2620 2194 Dei
2647 2138 2827 2209 palam
2861 2148 2993 2193 sunt
3030 2152 3195 2208 opera
3223 2155 3238 2193 :
3265 2154 3334 2194 ex
3374 2139 3466 2195 his

1878 2239 2085 2296 tamen,
2114 2231 2220 2286 alia
2263 2242 2613 2302 temporanee
2652 2238 2944 2301 coeperunt
2980 2244 3103 2287 esse
3134 2229 3277 2302 (erat
3314 2231 3465 2288 enim

1879 2322 2179 2393 aliquando
2219 2323 2441 2393 quando
2484 2338 2595 2378 non
2621 2324 2826 2393 erant),
2851 2321 2960 2376 alia
2998 2336 3067 2377 ex
3095 2321 3249 2376 nullo
3277 2336 3464 2391 cmpe-

1881 2423 2012 2469 runt
2054 2422 2325 2483 tempore.
2358 2413 2650 2483 Nunquam
2679 2411 2829 2467 enim
2869 2410 2977 2466 fuit
3019 2426 3145 2477 cum
3188 2410 3366 2465 virtus
3408 2419 3467 2466 et

1881 2502 2100 2559 bonitas
2122 2513 2179 2557 et
2205 2500 2467 2558 sanctitas
2496 2510 2555 2556 et
2585 2499 2973 2555 immortalitas
3010 2513 3121 2553 non
3153 2506 3361 2556 essent.
3386 2500 3466 2554 Ac

1882 2593 2107 2664 quidem
2149 2606 2250 2658 ea,
2294 2606 2417 2661 qua:
2460 2599 2813 2660 temperance
2852 2598 3033 2659 coepta
3079 2597 3239 2653 sunt,
3268 2604 3467 2649 eorum

1881 2701 2004 2755 qua:
2054 2700 2167 2739 non
2230 2693 2361 2738 sunt
2413 2691 2592 2752 erepta
2641 2690 2995 2751 temporanee
3045 2680 3469 2752 participatione

1881 2784 2013 2831 sunt
2062 2790 2126 2830 ac
2172 2774 2461 2839 dicuntur,
2503 2772 2581 2837 id,
2614 2771 2762 2841 quod
2803 2780 2863 2827 et
2907 2780 3038 2826 sunt
3080 2781 3139 2828 et
3182 2770 3468 2827 dicuntur.

1881 2868 2029 2923 Deus
2057 2881 2294 2936 namque
2321 2864 2503 2920 omnis
2526 2872 2583 2919 et
2605 2862 2734 2918 vitae
2757 2870 2816 2918 et
2858 2862 3304 2929 immortalitatis.
3342 2877 3472 2919 san-

1882 2956 2201 3026 ctitatisque
2234 2965 2286 3011 et
2312 2954 2550 3023 ;virtutis
2574 2952 2830 3008 conditor
2859 2965 2985 3009 est:
3010 2954 3214 3025 quippe
3241 2953 3336 3025 qui
3378 2968 3472 3009 su-

1884 3064 1982 3120 pra
2023 3049 2319 3104 essentiam
2348 3046 2596 3104 omnium
2620 3061 2742 3118 qua:
2767 3045 3173 3117 intelliguntur,
3210 3055 3310 3103 aut
3346 3063 3471 3118 qua:

1891 3138 2152 3194 dicuntur
2165 3177 2180 3202 ,
2217 3137 2445 3193 eminet.

281 3231 388 3290 να⁹.
431 3234 499 3287 Ἦ
542 3231 676 3302 ἕκτη
712 3229 855 3284 κατὰ
878 3227 977 3301 τὴν
1022 3226 1247 3301 Γραφὴν
1289 3223 1494 3296 ἡμέρα,
1525 3222 1626 3295 τὴν
1676 3219 1785 3275 τῶν

1957 3230 2047 3285 51.
2095 3228 2260 3285 Sexta
2286 3228 2429 3293 dies,
2459 3228 2616 3299 juxta
2659 3225 3020 3297 Scripturam,
3069 3242 3263 3284 eorum
3308 3227 3473 3286 docet

205 3327 318 3384 ὑπὸ
362 3324 525 3396 φύσιν
581 3322 751 3376 ὄντων
803 3322 1109 3392 εἰσηγεῖται
1162 3317 1564 3389 συμπλήρωσιν
1593 3330 1610 3345 ο
1650 3315 1686 3383 ὴ
1726 3312 1787 3367 δὲ

205 3419 440 3489 ἑϐδόμη,
464 3418 564 3487 τῆς
594 3412 858 3486 χρονικῆς
890 3411 1156 3483 ἰδιότητος
1194 3408 1530 3481 περιγράφει
1577 3404 1679 3477 τὴν
1703 3404 1789 3457 κί-

203 3525 370 3580 νησιν
400 3523 415 3538 ·
449 3507 486 3578 ἡ
511 3506 568 3558 δὲ
589 3504 771 3573 ὀγδόη,
801 3502 900 3571 τῆς
936 3500 1078 3571 ὑπὲρ
1108 3497 1270 3568 φύσιν
1307 3498 1404 3551 καὶ
1427 3495 1622 3567 χρόνον
1655 3494 1788 3548 ὑπο-

204 3599 365 3672 δηλοῖ
393 3596 781 3658 καταστάσεως
814 3593 907 3646 τὸν
931 3590 1153 3665 τρόπον.

292 3772 399 3845 νβ’.
434 3773 495 3826 '0
551 3766 650 3840 τὴν
702 3770 870 3841 ἕκτην
909 3767 1072 3840 μόνον
1132 3766 1275 3821 κατὰ
1312 3766 1404 3820 τὸν
1433 3764 1597 3838 νόμον
1642 3765 1793 3836 ἄγων

206 3872 454 3943 ἡμέραν,
508 3867 607 3941 τὴν
658 3866 778 3919 κατ’
806 3864 1087 3935 ἐνέργειαν
1142 3861 1498 3916 ὲκθλίόουσαν
1542 3862 1643 3934 τὴν
1689 3862 1793 3933 ψυ-

207 3965 319 4037 χὴν
382 3961 495 4015 τῶν
566 3958 755 4012 παθῶν
836 3958 1053 4026 φεύγων
1123 3956 1473 4021 δυναστείαν,
1538 3956 1626 4011 διὰ
1694 3956 1794 4028 τῆς

207 4052 500 4122 θαλάσσης
554 4050 776 4120 ἀφόϐως
820 4049 915 4102 ἐπὶ
952 4047 1053 4120 τὴν
1103 4048 1310 4119 ἔρημον
1352 4046 1620 4101 διαϐαίνει
1652 4064 1666 4079 ·
1692 4048 1795 4120 τὴν

208 4144 327 4201 τῶν
382 4141 575 4197 παθῶν
611 4140 815 4211 ἀργίαν
872 4139 1039 4210 μόνην
1084 4137 1448 4203 σαϐϐατίζων.
1497 4138 1557 4191 '0
1584 4138 1643 4191 δὲ
1703 4138 1796 4193 τὸν

222 4235 510 4307 Ἰορδάνην
534 4232 747 4295 διαϐὰς,
776 4232 873 4284 καὶ
900 4228 1075 4300 αὐτὴν
1102 4228 1511 4300 ἀπολιπὼνιτὴν
1545 4231 1655 4284 τῶν
1689 4247 1796 4284 πα-

209 4327 329 4383 οῶν
370 4325 533 4397 μόνον
554 4323 831 4395 ἀργοῦσαν
858 4315 1215 4387 κατάστασιν,
1241 4315 1404 4391 ἦλθεν
1444 4320 1527 4385 είς
1562 4320 1662 4393 τὴν
1686 4320 1797 4376 τῶν

208 4419 434 4493 ἀρετῶν
465 4415 852 4489 κληρονομίαν.

287 4601 392 4666 vf.
436 4595 499 4648 '0
529 4593 629 4664 τὴν
653 4594 816 4665 ἕκτην
838 4591 1207 4660 εὐαγγελικῶς
1233 4592 1384 4661 ἄγων
1406 4592 1641 4665 ἡμέραν,
1660 4595 1795 4649 άπο-
1822 4550 1870 4608 D

209 4688 440 4751 κτείνας
467 4686 729 4757 πρότερον
766 4683 835 4739 τά
862 4684 964 4754 τῆς
992 4683 1270 4755 ἁμαρτίας
1320 4684 1516 4756 πρῶτα
1555 4687 1796 4759 κινήμα-

207 4795 311 4843 τα,
344 4776 445 4848 τὴν
478 4775 659 4843 πάσης
678 4773 879 4837 κακίας
909 4772 1117 4845 ἔρημον
1144 4772 1233 4827 διὰ
1249 4772 1361 4827 τῶν
1389 4774 1603 4847 ἀρετῶν
1623 4792 1798 4834 κατα-

210 4867 493 4940 λαμσάνει
535 4866 639 4937 τῆς
688 4865 959 4929 ἀπαθείας
1017 4865 1355 4920 κατάστασιν
1381 4879 1397 4896 ⁸
1457 4867 1801 4935 σαϐϐατιζων

210 4959 371 5018 κατὰ
397 4957 526 5014 νοῦν
553 4957 650 5013 καὶ
680 4957 851 5027 αὐτῆς
877 4955 1042 5027 ψιλῆς
1069 4954 1171 5025 τῆς
1195 4955 1308 5009 τῶν
1345 4955 1541 5011 παθῶν
1591 4975 1799 5027 φαντα-

293 5138 390 5211 (
450 5138 521 5192 Τὸ
577 5136 695 5211 μὲν
747 5136 897 5211 κατᾲ
948 5135 1193 5211 γένεσιν
1245 5132 1475 5211 ἦρκται.
1530 5139 1651 5211 Alte
1708 5140 1801 5211 hic

210 5206 460 5268 Maiimo
493 5207 741 5279 exposita
787 5206 928 5279 ratio
967 5207 1114 5279 entis
1158 5207 1350 5279 creati,
1397 5216 1455 5263 et
1501 5208 1799 5279 perfectio-

212 5294 359 5337 num
410 5276 976 5348 quas'perfectiones
1042 5276 1366 5348 simpliciter
1418 5276 1638 5348 vocant.
1688 5277 1799 5333 Ens

212 5345 495 5409 creatum,
530 5345 707 5416 ipsum
743 5352 828 5400 est
868 5345 1023 5416 cujus
1064 5346 1284 5416 proprie
1322 5347 1536 5414 genesis
1559 5355 1615 5401 et
1640 5356 1799 5402 ortus

213 5435 323 5475 seu
344 5414 659 5487 procreatio
697 5425 780 5487 est
804 5430 868 5469 ac
906 5414 1327 5487 dependentiaja
1356 5416 1739 5487 Deopauctore,
1763 5433 1795 5472 a

214 5482 527 5569 qua—nulla.
543 5500 633 5569 res
662 5484 931 5539 exsistens
1054 5498 1152 5569 sua
1175 5485 1407 5569 ratione
1442 5485 1651 5568 absolvi
1674 5502 1795 5569 ’ρο-

216 5553 368 5627 ιέει.Δ
394 5554 770 5627 Perfectiones
796 5568 928 5627 vero
955 5553 1299 5627 simpliciter,
1332 5564 1463 5609 sunt
1497 5555 1630 5627 ipsa!
1657 5553 1798 5627 divi-

216 5643 310 5684 nae
337 5625 518 5688 dotes,
548 5641 685 5695 quas
710 5624 854 5678 Deus
882 5623 1086 5695 intime
1101 5622 1266 5678 rebus
1281 5622 1548 5695 praesens,
1575 5625 1792 5689 iisdem,

218 5712 288 5753 ac
317 5695 478 5766 quasi
525 5691 768 5766 easdem,
801 5691 947 5766 quod
993 5692 1189 5766 attinet
1231 5691 1303 5747 ad
1340 5704 1670 5766 conceptum
1713 5695 1796 5749 sic

222 5762 665 5831 absirahentem,
694 5762 1109 5833 impartitzquo
1152 5762 1232 5829 iit,
1260 5772 1321 5818 ut
1349 5763 1427 5819 sic
1478 5762 1575 5821 Dei
1628 5779 1797 5836 opera

1886 3320 2372 3391 complementum,
2402 3334 2525 3389 quae
2554 3326 2685 3374 sunt
2722 3318 2827 3373 sub
2853 3326 3049 3374 natura
3076 3335 3091 3372 :
3115 3319 3350 3390 septima
3368 3335 3471 3375 au-

1888 3421 2019 3475 tem,
2047 3418 2412 3481 temporanea:
2430 3407 2592 3480 472
2613 3408 2968 3479 proprietatis
2994 3418 3202 3465 motum
3229 3410 3471 3468 circum-

1888 3501 2119 3558 scribit:
2148 3508 2341 3555 octava
2384 3498 2627 3565 demum,
2668 3499 2790 3570 ejus
2817 3507 2994 3555 status
3024 3499 3119 3571 qui
3161 3508 3360 3558 natura
3385 3511 3467 3558 at-

1888 3609 1995 3664 que
2024 3601 2271 3664 tempore
2313 3591 2566 3664 superior
2596 3599 2702 3659 est,
2737 3592 2962 3648 modum
3007 3592 3271 3649 subnotat
3307 3605 3474 3665 atque

1890 3685 2095 3740 innuit.

1960 3776 2051 3831 52.
2092 3774 2197 3843 Qui
2238 3782 2445 3830 sextam
2490 3773 2757 3830 duntaxat
2786 3773 2934 3830 diem
2978 3773 3139 3845 legali
3172 3775 3281 3831 ritu
3321 3777 3471 3847 agit.

1892 3866 2321 3938 opprimentium
2369 3870 2486 3937 Ipsa
2537 3880 2598 3921 re
2644 3875 2880 3936 actuque
2924 3865 3220 3922 affectuum
3253 3882 3319 3923 ac
3344 3884 3473 3939 per-

1892 3957 2269 4014 turbationum
2310 3957 2654 4013 dominatum
2697 3956 2935 4027 fugiens,
2983 3956 3258 4028 intrepide
3306 3960 3475 4016 maris

1894 4049 2111 4105 tramite
2138 4049 2194 4103 in
2226 4049 2509 4105 desertum
2540 4048 2764 4116 transit;
2794 4049 2889 4119 qui
2919 4049 3129 4104 scilicet
3155 4050 3351 4105 borum
3379 4042 3473 4107 so-

1893 4139 2175 4195 lummodo
2195 4140 2392 4203 otium,
2416 4154 2513 4194 seu
2533 4138 2603 4193 ab
2625 4138 2715 4193 bis
2734 4138 3118 4205 cessationem,
3146 4139 3475 4197 sabbatizet.

1895 4231 1983 4296 At,
2016 4230 2111 4300 qui
2149 4236 2409 4299 superato
2437 4227 2699 4293 Iordane,
2739 4227 2918 4298 ipsum
2951 4243 3170 4298 quoque
3217 4230 3352 4285 solis
3389 4231 3473 4285 af-

1894 4322 2131 4377 fectibus
2159 4336 2226 4376 ac
2250 4318 2758 4391 perturbationibus
2789 4319 3053 4374 otiantem
3082 4328 3245 4390 atque
3277 4336 3476 4378 vacan-

1896 4421 2009 4468 tem
2041 4422 2246 4467 statum
2279 4411 2521 4483 reliquit,
2553 4411 2725 4482 ipsam
2769 4409 3033 4465 virtutum
3068 4412 3473 4481 possessionem

1896 4502 2055 4558 adiit.

1970 4596 2059 4653 55.
2097 4594 2201 4661 Qui
2234 4601 2361 4648 ante
2393 4590 2695 4663 peremptis
2726 4591 2918 4661 primis
2955 4594 3160 4663 peccati
3209 4595 3472 4661 motibus,

1898 4693 2107 4744 sextam
2145 4684 2292 4740 diem
2322 4683 2636 4755 evangelice
2674 4682 2806 4753 agit,
2834 4683 2983 4738 omni
3011 4685 3278 4755 pravitate
3307 4697 3474 4759 atque

1897 4777 2034 4833 vitio
2069 4783 2379 4839 vacantem,
2430 4773 2582 4829 velut
2628 4773 2927 4841 desertum,
2978 4775 3245 4835 virtutum
3296 4780 3473 4844 cultu,

1900 4865 2411 4941 imperturbationis
2455 4864 2653 4935 arripit
2701 4873 2932 4932 statum,
2974 4867 3045 4923 ab
3089 4869 3209 4940 ipsa
3255 4886 3475 4943 quoque

1901 4960 2049 5016 nuda
2076 4957 2555 5032 perturbationum
2589 4955 2995 5029 aﬂ'ectuumque
3021 4960 3354 5031 cogitatione
3375 4977 3472 5018 seu

1904 5140 2303 5210 intelligantur,
2329 5146 2400 5210 _et
2439 5153 2471 5192 a
2512 5139 2646 5210 Deo,
2680 5137 3028 5210 emanatione
3070 5139 3139 5210 ab
3173 5140 3314 5210 ipso.
3358 5143 3477 5198 sive

1903 5207 2127 5266 virtuali
2168 5209 2224 5263 in
2263 5208 2467 5278 seipso,
2511 5208 2793 5278 sivereali
2834 5207 2892 5278 in
2933 5209 3156 5274 creatis,
3188 5207 3248 5265 ut
3292 5220 3476 5268 tamen

1904 5286 2084 5351 empta
2114 5276 2404 5351 χρονικῶς,
2432 5285 2493 5331 ιιι
2516 5276 2604 5351 sic
2630 5276 2954 5351 formaliter,
2982 5286 3042 5351 et
3074 5278 3129 5333 in
3160 5279 3251 5335 illa
3292 5282 3478 5351 perfe-

1904 5347 2396 5420 ctionisabsolutaa
2429 5347 2661 5420 ratione,
2708 5361 2820 5401 non
2863 5347 3477 5420 intelliganturfquod

1900 5433 2030 5472 vere
2054 5416 2358 5487 secundum
2384 5425 2559 5487 totum
2584 5415 3092 5487 illumiconceptum
3117 5433 3180 5472 ac
3208 5415 3478 5487 rationem

1901 5487 2067 5541 etiam
2096 5487 2154 5540 in
2184 5486 2295 5541 Deo
2320 5486 2431 5541 sint
2458 5504 2470 5540 :
2500 5486 2555 5539 in
2581 5486 2716 5549 Deo,
2746 5486 2864 5556 ipse
2893 5487 3064 5553 Deus;
3095 5487 3149 5541 in
3182 5486 3475 5551 creaturis,

1900 5558 2022 5627 ejus
2050 5556 2317 5612 bonitatis
2344 5556 2594 5627 eﬂectus,
2644 5556 2790 5610 unde
2835 5566 2921 5610 est
2961 5565 3022 5627 ut
3054 5564 3109 5611 et
3152 5556 3325 5627 Deum
3374 5560 3479 5615 sub

1900 5625 2102 5708 talibus
2144 5626 2503 5697 conceptibus
2550 5633 2611 5681 ut
2659 5633 2939 5682 auctorem
2993 5625 3364 5699 intelligamus
3414 5641 3480 5685 ac

1898 5710 2267 5755 nominemus.
