4048 6444
240 550 561 622 γῦωστῐκῆς
599 551 838 625 θεωρίας
870 573 885 589 ο
912 558 1037 612 καθ’
1066 561 1131 632 ἢν

243 655 375 736 των.
418 641 737 736 περιλαϐὼν
790 645 1150 719 θεοπρεπῶς,
1185 646 1289 727 τῆς
1342 660 1493 713 κατά
1539 660 1669 717 νοῦν
1708 665 1841 736 περῒ⁸

241 729 427 800 αὐτὴν
458 732 731 803 κινήσεως
762 737 1127 796 ἀναπαύεται.
1272 764 1273 767 ‘
1550 744 1556 751 ’

320 820 387 886 ξ’.
425 822 486 915 ’ρ
536 827 635 896 τῆς
665 827 737 881 δι’
779 830 930 900 ἡμᾶς
964 833 1334 909 ωδοματικῆς
1378 840 1472 896 τοῦ
1513 842 1651 898 Θεοῦ
1701 863 1833 915 μετ-

238 912 509 1006 εσχηκὼς
540 916 938 986 ἀναπαύσεως,
967 924 1064 976 καὶ
1093 925 1201 995 τῆς
1230 929 1394 983 αὐτοῦ
1421 930 1488 984 δι’
1518 934 1670 1003 ἡμᾶς
1702 912 1838 1006 μεθ-

238 1001 360 1066 έξει
383 1005 529 1058 κατά
557 1006 656 1077 τὴν
696 1008 895 1064 θέωσιν
941 1012 1269 1086 όγδοατικῆς
1324 1001 1633 1092 ἐνεργείας,
1663 1001 1840 1082 είτουν

242 1095 524 1189 μυστικῆς
550 1097 903 1189 άναῗστάσεως
924 1120 936 1133 ο
968 1103 1129 1174 ἀφεὶς
1159 1108 1256 1161 καὶ
1283 1109 1447 1175 αὐτὸς
1482 1114 1540 1167 ἐν
1571 1114 1651 1185 τῷ
1682 1117 1840 1189 τάφῳ

238 1184 483 1254 κείμενα
515 1187 581 1242 τὰ
610 1188 820 1253 ὀθόνια,
847 1195 943 1247 καὶ
996 1194 1058 1247 τὸ
1098 1197 1192 1251 ἐπὶ
1240 1200 1341 1270 τῆς
1365 1184 1839 1276 κεφαλῆςσουδήάλ

234 1292 364 1345 ριον
388 1290 404 1307 ⁵
429 1279 581 1370 Δἅπερ
608 1280 946 1353 Θεωροῦντες
974 1286 1032 1339 cl
1064 1302 1149 1352 τις
1190 1289 1515 1363 [lit-poclm).
1559 1284 1836 1370 Ἰωάννης,

233 1366 597 1423 πιστεύουσιν
630 1372 929 1444 ἐγηγέρθαι
956 1375 1061 1430 ίτδν
1084 1378 1314 1451 Κύριον.
1769 1366 1800 1389 v‘

230 1602 235 1607 ι
269 1571 422 1663 ’ξακ
443 1572 734 1647 Μημεῖόν
761 1558 914 1634 ἐστιν
956 1581 1086 1650 ἴσως
1113 1584 1470 1654 Δεσποτικδν,
1504 1588 1537 1660 ἢ
1568 1588 1597 1644 ὁ
1630 1592 1837 1663 κόσμος

229 1658 490 1738 οὖτος.ἢ
594 1668 830 1724 ἑκάστου
863 1672 974 1761 τῷν
1009 1677 1225 1757 πιστῶν
1259 1681 1459 1750 καρδία
1484 1699 1498 1715 ο
1527 1658 1597 1738 τὰ
1626 1684 1683 1738 δὲ
1714 1658 1835 1738 όθό-

233 1774 354 1850 νια,
392 1760 445 1810 οἱ
473 1760 886 1850 τῶνᾴαίσθητῶν
912 1768 1051 1835 μετὰ
1084 1768 1194 1822 τῶν
1233 1774 1354 1827 κατ’
1375 1775 1581 1848 ἀρετὴν
1614 1780 1835 1850 τρόπων

234 1846 558 1918 ὑπάρχουσι
589 1848 740 1919 λόγοι
770 1867 786 1884 θ
818 1853 880 1907 τὺ
905 1855 962 1909 δὲ
1025 1859 1333 1931 σουδάριον,
1363 1866 1395 1935 ή
1450 1846 1560 1921 τῶν
1621 1846 1831 1937 νοητῶν
1866 1876 1871 1937 ,

230 1937 361 2027 ἐστι
399 1940 538 2009 μετὰ
570 1942 672 2013 τῆς
694 1942 1054 2018 ἐνδεχομένης
1083 1923 1362 2021 θεολογίας
1383 1923 1531 2027 άπλῆ
1556 1959 1650 2013 καὶ
1670 1923 1828 2012 ἀῖηοι-
1866 1923 1905 1977 ⁸

233 2026 397 2118 κιλος
438 2029 664 2099 γνῶσις,
697 2034 768 2086 δι’
798 2029 875 2090 ὧν
904 2039 1232 2111 ὲγνωρίζετο
1272 2026 1538 2116 πρότερον
1575 2049 1603 2118 ό
1633 2049 1828 2117 Λόγος,

236 2117 540 2211 άχωρητον
601 2123 735 2193 ἡμῖν
770 2124 920 2211 ἔχων
950 2128 1270 2209 παντάπασι
1312 2132 1435 2207 δίχα
1468 2137 1696 2205 τούτων,
1728 2141 1830 2211 τὴν

230 2207 347 2262 ὀπὶ
354 2226 387 2280 ρ
418 2209 592 2266 ταῦτα
624 2206 953 2288 κατάληψιν,

308 2298 415 2369 ξβ⁷.
450 2302 841 2372 Οινθάπτοντες
874 2306 1113 2385 ἐντίμως
1148 2313 1243 2370 τὸν
1281 2316 1509 2389 Κύριον,
1542 2322 1640 2376 καὶ
1681 2322 1831 2378 ἐνδό-

232 2389 726 2486 ξως-ἀναστάντα
772 2399 1106 2458 θεάσονται·
1172 2409 1340 2463 πᾶσιν
1383 2396 1520 2465 ’ὄντα
1575 2416 1691 2478 τοῖς
1752 2415 1828 2486 μὴ

230 2483 510 2551 τοιούτοις
532 2488 783 2559 ἀθέατον.
820 2492 936 2548 Οὐκ
978 2492 1059 2549 ἔτι
1090 2497 1200 2570 γὰρ
1238 2488 1353 2567 τοῖς
1381 2483 1830 2562 ἐπιϐουλεύουσίν

231 2572 395 2629 ἐστιν
428 2579 656 2669 άλιοτδς,
680 2583 781 2637 οὐκ
826 2584 966 2659 ἔχων
993 2589 1107 2643 τῶν
1131 2592 1293 2657 ἐκτὸς
1324 2595 1393 2648 τὰ
1419 2598 1828 2669 προκαλύμμα-

230 2679 330 2763 τα.
368 2668 444 2763 Δδι’
477 2662 554 2723 ὧν
582 2672 757 2729 ἐδόκει
797 2675 967 2732 Θέλων
1001 2678 1322 2740 ἁλίσκεσθαι
1359 2662 1511 2760 παρὰ
1540 2689 1651 2744 τῶν
1677 2662 1830 2763 ’βοοκ

235 2758 511 2855 λομενων,
538 2765 632 2817 καὶ
686 2767 918 2839 πάσχειν
961 2772 1106 2845 ὑπὲρ
1146 2775 1247 2847 τῆς
1281 2758 1502 2837 πάντων
1548 2758 1828 2855 σωτηρίας

232 2851 513 2923 ἠνείχετο.

317 2940 423 3013 εἴ.
468 2944 527 3000 ’0
559 2947 786 3005 θάπτων
809 2948 1047 3026 ἐντίμως
1082 2956 1177 3011 τὸν
1212 2957 1441 3031 Κύριον,
1484 2962 1651 3017 πᾶσίν
1710 2966 1828 3019 ἐστι

235 3035 384 3125 τοῖὶ
416 3037 719 3106 φιλοθέοις’
745 3042 1028 3117 αἰδέσιμος
1061 3065 1075 3081 ’
1105 3050 1377 3121 θριάμϐου
1398 3054 1508 3125 γὰρ
1539 3056 1701 3108 αὐτὸν
1737 3057 1830 3109 καὶ

237 3118 485 3188 όνεκους
503 3127 854 3198 καθηκόντως
876 3118 1170 3206 ἐρρύσατο.
1193 3118 1543 3211 βλασφημίας
1570 3144 1830 3200 ὑπόθεσιν

239 3214 350 3307 ουκ
374 3216 535 3305 ἀφεὶς
561 3222 674 3301 τοῖς
695 3223 971 3289 ἀπίστοις,
999 3227 1098 3298 τὴν
1122 3231 1179 3282 ὲν
1202 3229 1282 3300 τῷ
1299 3231 1443 3303 ξύλῳ
1461 3234 1626 3288 αὐτοῦ
1655 3253 1829 3307 προσ·

247 3298 478 3373 ήλωσιν.
509 3298 577 3362 Oi
604 3311 663 3365 δὲ
698 3318 1000 3386 σφραγῖδας
1056 3298 1390 3388 ἐπιτιθέντες
1526 3298 1714 3398 τάφῳ..
1734 3329 1831 3382 καὶ

242 3399 588 3466 στρατιώτας
638 3407 1137 3475 προκαθιστῶντες,
1181 3418 1401 3485 μισητοὶ
1434 3418 1534 3485 τῆς
1574 3404 1822 3489 ἐγχειρή-

244 3505 391 3577 σεως
425 3506 441 3520 °
472 3494 523 3546 οἳ
572 3495 666 3577 καὶ
708 3499 1019 3577 άναστάντα
1050 3503 1142 3556 τὸν
1172 3506 1367 3573 Λόγον,
1416 3507 1492 3572 ὡς
1553 3497 1832 3567 κλαπέντα

242 3576 633 3638 διαόἀλλουσιν
663 3604 676 3616 ·
712 3576 986 3665 ἀργυρίῳ,
1024 3592 1216 3667 ὥσπερ
1242 3597 1332 3650 τὸν
1378 3598 1531 3653 νόθον
1582 3600 1833 3672 μαθητὴν

243 3675 332 3765 εἰς
362 3676 658 3739 προδοσίαν
682 3697 695 3709 ·
722 3680 869 3748 λέγω
901 3683 958 3736 δὲ
980 3685 1070 3737 τὸν
1100 3687 1468 3751 ἐπιδεικτικὸν
1508 3692 1708 3761 τρόπον
1732 3694 1831 3765 τῆς

244 3762 453 3836 ἀρετῆς
483 3783 498 3798 ’
526 3768 668 3822 οὕτω
703 3772 950 3845 καὶτοὺς
992 3778 1328 3847 στρατιώτας
1373 3782 1509 3852 πρὸς
1555 3800 1831 3852 συκοφαν-

244 3856 373 3907 τίαν
398 3856 491 3909 τοῦ
519 3859 847 3925 ἀναστάντος
903 3863 1156 3937 Σωτῆρος
1185 3865 1515 3939 ὠνούμενοι.
1569 3873 1832 3931 Γινώσκει

243 3946 361 4000 τῶν
416 3947 727 4020 λεγομένων
780 3954 881 4023 τὴν
925 3954 1206 4027 ἔμφασιν,
1252 3963 1280 4014 ό
1330 3966 1633 4029 γνωστικός
1663 3983 1677 3998 ν
1732 3969 1833 4021 οὐκ

247 4038 467 4106 ἀγνοῶν
508 4040 624 4103 πῶς
678 4059 738 4094 τε
767 4043 861 4095 καὶ
885 4045 1142 4116 ποσαχῶς
1179 4051 1511 4119 σταυροῦται
1544 4056 1571 4106 ό
1602 4053 1831 4123 Κύριος,

249 4129 349 4183 καὶ
410 4128 677 4185 θάπτεται
723 4134 825 4195 καὶ,
869 4134 1199 4193 ἀνίσταται*
1259 4136 1392 4193 ὡσεὶ
1452 4144 1682 4212 νεκροὺς
1734 4145 1834 4214 μὲν

249 4217 426 4271 ποιῶν
444 4220 571 4282 τοὺς
596 4221 701 4274 ὑπὸ
725 4221 994 4292 δαιμόνων
1017 4229 1081 4296 τῇ
1108 4228 1306 4301 καρδία
1331 4232 1833 4302 παρακαθημένους

249 4308 525 4380 ἐμπαθεῖς
574 4313 868 4383 λογισμούς
899 4334 912 4347 ·
945 4318 1073 4381 τοὺς
1115 4318 1599 4392 διαμεριζομένους
1636 4325 1694 4381 ἐν
1719 4327 1833 4386 τοῖς

251 4404 585 4472 πειρασμοῖς
635 4403 825 4478 ὥσπερ
867 4408 1088 4477 ἱμάτια,
1120 4411 1248 4475 τοὺς
1283 4413 1521 4483 τρόπους
1566 4415 1666 4484 τῆς
1717 4416 1835 4485 ὴθι-

250 4492 358 4560 κῆς
385 4491 749 4562 εὐπρεπείας·
784 4499 878 4549 καὶ
904 4499 1252 4569 ὑπερϐαίνων
1286 4501 1477 4575 ὥσπερ
1528 4507 1831 4574 σφραγῖδας

1108 444 1445 515 CAPITUM
1476 450 1754 522 THEOL.
1792 460 1889 523 ET
1923 465 2164 529 ascen.
2206 438 2596 539 CENTURIA
2639 481 2723 547 1..

1176 566 1304 653 τοὺς
1350 568 1542 637 λόγους
1579 571 1688 626 τῶν
1739 554 1855 643 Mf"

1937 583 2417 654 contemplationis
2453 593 2699 663 requiem
2740 599 3026 669 transivit;
3060 617 3177 673 qua
3205 618 3265 660 re

3270 620 3396 661 rum
3431 622 3533 663 ra-

1947 671 2125 727 tiones
2157 674 2341 732 divine
2379 684 2718 752 complexus,
2749 703 2779 743 a
2808 691 3010 747 mentis
3042 671 3189 750 circa
3217 708 3337 750 eam
3368 707 3530 753 metu

1910 756 1913 757 ⁷
1943 763 2201 832 quiescit.

2012 853 2101 909 60.
2144 856 2246 923 Qui
2293 861 2540 930 septimae
2585 868 2789 937 quietis
2830 871 2929 929 Dei
2974 873 3030 929 in
3071 875 3249 931 nostri
3289 875 3530 948 gratiam

1941 948 2218 1038 particeps
2236 949 2412 1008 factus
2432 964 2515 1011 est
2532 975 2547 1037 ξ
2572 961 2691 1030 ejus
2714 978 2933 1034 quoque
2956 975 3183 1038 propter
3197 983 3300 1025 nos
3319 976 3530 1025 octavae

1941 1036 2274 1103 operationis
2310 1057 2409 1110 per
2436 1036 2846 1106 ‘dciﬁcationcm
2885 1036 3157 1126 (mysticae
3186 1057 3402 1115 scilicet
3434 1072 3525 1125 re-

1940 1129 2325 1221 surrectionis)
2360 1133 2453 1191 ﬁet
2483 1140 2786 1212 particeps;
2824 1145 2941 1215 ipse
2970 1149 3136 1204 etiam
3177 1150 3231 1204 in
3264 1152 3527 1221 senilem

1939 1215 2259 1312 linteamina
2287 1227 2488 1294 posita,
2513 1245 2576 1285 ac
2606 1233 2891 1291 sudarium
2922 1240 3069 1307 quod
3102 1242 3266 1312 capiti
3304 1215 3528 1312 imposi-

1942 1314 2058 1360 tum
2099 1308 2308 1381 fuerat,
2344 1317 2682 1391 relinquens.
2716 1322 2843 1379 llaec
2882 1342 3049 1396 porro
3086 1308 3448 1399 contuentes,
3476 1330 3526 1385 si

1939 1398 2064 1469 quis
2092 1402 2289 1462 Petrus
2321 1423 2385 1464 ac
2412 1409 2651 1470 Joannes
2683 1425 2797 1483 est,
2830 1418 3123 1476 Dominum
3159 1420 3528 1485 resurrexisse

1938 1494 2172 1549 credent
2194 1496 2258 1554 ³ο.

2010 1587 2100 1641 Gl.
2128 1588 2475 1649 Dominicum
2509 1594 2654 1652 forte
2689 1608 3139 1667 monumentum,
3164 1610 3260 1675 aut
3288 1603 3527 1661 mundus

1939 1672 2043 1730 iste
2085 1686 2204 1746 est,
2247 1689 2345 1734 aut
2388 1685 2631 1754 cujusvis
2683 1686 2932 1743 ﬁdelium
2980 1704 3078 1745 cor
3124 1672 3241 1747 sive
3281 1693 3523 1753 animus.

1938 1766 2266 1836 Sudarium,
2299 1775 2629 1844 spiritalium
2662 1788 2780 1844 est,
2810 1794 2936 1833 cum
2976 1796 3041 1835 ea
3080 1797 3246 1851 quam
3283 1781 3527 1838 nancisci

1940 1861 2101 1927 licet,
2132 1865 2437 1937 theologia,
2470 1868 2704 1939 simplex
2738 1871 3001 1941 omnique
3030 1888 3232 1929 vacans
3261 1874 3528 1929 varietate

1935 1952 2197 2022 scientia;
2230 1955 2433 2026 quibus
2466 1960 2619 2028 prius
2644 1960 2884 2016 Verbum
2910 1963 3262 2029 noscebatur,
3285 1963 3406 2019 sine
3438 1963 3529 2019 his

1936 2060 2165 2114 prorsus
2199 2048 2361 2103 nobis
2396 2049 2932 2120 ineomprehensam,
2966 2070 3090 2125 qua:
3122 2054 3230 2111 illis
3257 2055 3523 2122 emineat,

1935 2138 2490 2208 cemprehcnsionem
2521 2142 2754 2200 habens.

2006 2319 2095 2375 6‘2.
2127 2320 2244 2388 ,Qui
2292 2322 2598 2381 honoriﬁce
2642 2325 2937 2383 Dominum
2986 2328 3293 2398 sepeliunt,
3340 2326 3522 2398 ipsum

1936 2426 2155 2481 quoque
2179 2412 2416 2482 gloriose
2442 2425 2824 2486 resurgentem
2845 2417 3021 2474 visuri
3048 2426 3203 2482 sunt,
3231 2432 3357 2473 cum
3385 2415 3524 2471 alio-

1935 2503 2030 2572 qui
2053 2504 2330 2571 omnihus,
2354 2507 2447 2577 qui
2469 2523 2580 2563 non
2613 2518 2743 2564 sunt
2771 2510 3067 2581 ejusmodi,
3095 2508 3392 2565 invisibilis
3424 2508 3518 2563 sit.

1932 2594 2055 2649 Non
2094 2596 2242 2650 enim
2281 2598 2519 2666 amplius
2550 2601 2837 2671 expositus
2873 2611 2959 2657 est
2995 2589 3348 2656 inimicorum
3384 2597 3521 2653 insi.

1935 2683 2072 2750 diis,
2099 2685 2193 2755 qui
2227 2687 2396 2743 nullis
2425 2691 2763 2745 exteriorum
2797 2691 3098 2747 involucris
3130 2690 3386 2746 obtectus
3417 2687 3520 2753 sit,

1935 2771 2139 2841 quibus
2170 2784 2366 2842 sponte
2392 2791 2422 2830 a
2446 2777 2762 2833 volentibus
2790 2780 2912 2849 capi
2938 2779 3249 2844 videbatur,
3276 2775 3519 2833 sustine-

1935 2865 2139 2935 batque
2169 2868 2416 2925 omnium
2444 2884 2610 2927 causa
2633 2871 2827 2927 salutis
2851 2872 2988 2943 pati.

2006 2955 2095 3009 65.
2130 2955 2236 3021 Qui
2276 2957 2579 3014 honoriﬁce
2622 2960 2915 3015 Dominum
2953 2962 3179 3031 sepelit,
3213 2959 3380 3032 474
3415 2959 3522 3030 piis

1935 3045 2195 3099 omnibus
2233 3061 2297 3100 ac
2336 3046 2609 3116 religiosis
2663 3049 2995 3105 venerabilis
3030 3049 3275 3115 exsistit;
3318 3050 3521 3121 quippe

1935 3135 2031 3204 qui
2060 3135 2164 3190 rite
2195 3150 2261 3191 co
2290 3137 2614 3206 perfunctus
2639 3140 2861 3208 pietatis
2883 3140 3081 3205 oﬁicio,
3105 3140 3250 3211 quod
3285 3140 3341 3193 in
3372 3139 3524 3211 ligno

1938 3227 2109 3281 clavis
2142 3228 2392 3283 conﬁxus
2428 3229 2520 3292 sit,
2548 3230 2864 3299 ignominia:
2897 3230 3229 3301 publicoque
3264 3230 3521 3286 dedecori

1934 3319 2245 3387 expositum
2276 3335 2385 3373 non
2420 3320 2732 3390 reliquerit,
2758 3323 2854 3377 sed
2888 3338 2955 3377 eo
2988 3322 3310 3379 liberaverit
3328 3322 3394 3376 “.
3415 3321 3524 3388 Qui

1934 3418 2120 3465 autem
2153 3410 2434 3479 signacula
2469 3412 2857 3481 imposuerunt
2887 3414 3163 3483 sepulcro,
3194 3428 3259 3468 ac
3288 3414 3384 3483 qui
3415 3413 3521 3468 mi-

1933 3500 2061 3554 lites
2089 3501 2419 3568 praeﬁciunt,
2444 3502 2566 3572 ejus
2594 3504 2675 3558 rei
2703 3503 3010 3568 molimine,
3036 3504 3184 3558 omni
3212 3504 3365 3573 digni
3394 3504 3523 3559 odio

1934 3600 2085 3655 sunt,
2111 3594 2206 3661 qui
2228 3602 2286 3648 et
2312 3593 2555 3647 Verbum
2585 3609 2708 3648 cum
2740 3595 3065 3661 surrexerit,
3089 3604 3346 3664 tanquam
3378 3595 3523 3650 furto

1932 3686 2215 3739 sublatum
2252 3686 2345 3750 sit,
2375 3697 2694 3756 suspectum
2727 3687 3008 3741 reddunt:
3040 3688 3121 3743 sic
3152 3688 3434 3752 nimirum,
3463 3696 3524 3742 ut

1932 3777 2081 3833 sicut
2115 3778 2309 3832 falsum
2346 3779 2679 3848 discipulum
2721 3778 2854 3849 (quo
2886 3779 3113 3835 nomine
3144 3778 3369 3835 virtutis
3400 3795 3522 3833 mo-

1934 3868 2068 3922 dum
2100 3871 2453 3925 ostentationi
2483 3872 2839 3941 conjunctum
2864 3870 3156 3941 intelligo),
3183 3871 3265 3926 sic
3296 3878 3353 3925 et
3380 3869 3525 3924 mili-

1936 3968 2019 4015 tes
2047 3960 2115 4015 ad
2140 3961 2474 4016 calumniam
2504 3962 2728 4017 Christo
2759 3962 3104 4027 struendam,
3132 3960 3366 4031 pecunia
3392 3975 3523 4017 con-

1935 4051 2166 4105 ducunt.
2195 4052 2371 4105 Porro
2398 4053 2484 4107 vir
2512 4052 2778 4122 spiritalis
2806 4068 2871 4107 ac
2900 4052 3173 4121 sapientia
3205 4060 3523 4120 provectus,

1932 4155 2125 4195 eorum
2150 4158 2272 4210 quae
2309 4143 2571 4198 dicuntur
2609 4143 2717 4199 vim
2758 4142 2943 4207 novit;
2986 4157 3152 4211 quem
3183 4157 3292 4195 non
3320 4143 3520 4204 lateat,

1933 4232 2211 4301 quomodo
2239 4249 2304 4287 ac
2331 4241 2468 4303 quot
2496 4234 2673 4287 modis
2701 4232 2968 4287 Dominus
3002 4233 3375 4303 cruciﬂgatur,
3406 4240 3520 4287 tra-

1934 4324 2209 4393 daturque
2252 4325 2549 4394 sepultura:
2594 4334 2761 4393 atque
2809 4332 3087 4393 resurgat;
3135 4323 3211 4378 ita
3259 4322 3521 4376 nimirum

1935 4424 1997 4470 ut
2043 4416 2368 4471 libidinosas
2412 4416 2777 4486 cogitationes
2818 4415 3140 4470 auctoribus
3178 4414 3523 4470 datmonihus

1938 4503 2115 4574 iisque
2167 4503 2606 4574 preeﬁcientibus
2659 4502 2812 4558 cordi
2868 4502 3207 4567 assidentes,
3255 4518 3319 4557 ac
3372 4502 3525 4557 velut

248 4580 381 4646 τοὺς
408 4583 793 4665 ἐπικειμένους
817 4588 885 4658 τῇ
922 4588 1066 4663 ψυχῇ
1107 4591 1334 4661 τύπους,
1369 4594 1481 4648 τῶν
1503 4596 1647 4650 κατὰ
1694 4597 1825 4667 πρό-

1939 4593 2289 4657 vestimenta,
2311 4594 2538 4648 moralis
2568 4595 2877 4651 honestatis
2899 4605 3063 4665 atque
3085 4595 3302 4650 decoris
3330 4594 3523 4648 modos

250 4671 417 4743 ληψιν
442 4673 880 4745 ἁμαρτημάτων.

1943 4684 2343 4741 tentationihus
2373 4685 2711 4752 dividentes,
2736 4688 2889 4743 velut
2921 4696 3165 4743 mortuas
3198 4687 3418 4753 reddat;
3456 4699 3523 4740 ac

250 4768 410 4837 quasi
446 4768 746 4837 signacula,
778 4772 1011 4845 injectas
1079 4775 1276 4834 animae
1343 4778 1535 4851 illique
1573 4780 1904 4839 inhatrentes
1943 4791 2295 4853 peccatorum
2353 4790 2620 4851 occupata
2675 4784 2935 4852 opinione
2990 4784 3195 4854 ﬁguras
3252 4791 3521 4853 notasque

251 4869 480 4928 superet
508 4877 571 4917 ac
602 4865 891 4923 transiliat.

324 4953 416 5018 ξδ’.
446 4954 562 5016 Πᾶς
597 4955 935 5031 φιλάργυρος
971 4959 1070 5031 (2),
1127 4959 1195 5014 δι’
1232 4961 1521 5029 εὐλαϐείας
1558 4965 1660 5036 τὴν
1688 4966 1836 5039 κάρε-

250 5044 350 5115 τὴν
382 5045 831 5119 ὑποκρινόμενος,
872 5052 1095 5108 ἐπειδὰν
1154 5054 1293 5129 εὕρῃ
1351 5057 1452 5128 τὴν
1494 5057 1835 5131 ποθουμένην

251 5134 388 5204 ὓλην
409 5136 763 5208 πορίσασθαι,
789 5140 883 5195 τὸν
910 5142 1112 5214 τρόπον
1141 5144 1475 5217 ὲξώμνυται,
1502 5150 1622 5203 καθ’
1648 5151 1706 5203 ὃν
1732 5169 1839 5223 μα-

251 5226 425 5297 θητὴς
457 5223 596 5282 εἶναι
629 5229 723 5283 τοῦ
749 5232 923 5300 Λόγου
947 5234 1009 5287 τὸ
1036 5234 1170 5305 πρὶν
1196 5237 1501 5307 ἐνομίζετο.

324 5315 417 5383 ξεῆ
452 5321 622 5374 Ὅταν
672 5322 789 5392 ἴδῃς
831 5326 986 5390 τινὰς
1045 5328 1432 5400 ὑπερηφάνους
1464 5331 1538 5404 μὴ
1568 5333 1835 5404 φέροντας

253 5408 594 5466 ἐπαινεῖσθαι
629 5416 756 5478 τοὺς
783 5417 1120 5485 κρείττονας,
1147 5420 1462 5491 ἀκήρυκτόν
1485 5440 1546 5475 τε
1576 5441 1835 5494 μηχανω-

255 5500 448 5567 μένους
478 5506 652 5558 ποιεῖν
678 5505 777 5576 τὴν
815 5506 1153 5579 λαλουμένην
1190 5510 1473 5576 ἀλήθειαν,
1506 5513 1725 5584 μυρίοις
1739 5514 1837 5566 αὐ-

251 5590 348 5661 τὴν
364 5594 735 5663 ἀπείργοντας
759 5603 1105 5671 πειρασμοῖς,
1121 5601 1216 5654 καὶ
1237 5601 1514 5672 ἀθεμίτοις
1536 5604 1829 5669 διαϐολαῖς

252 5679 359 5733 νόει
391 5700 482 5753 μοι
516 5686 677 5740 πάλιν
717 5689 821 5744 ὑπὸ
842 5688 1050 5746 τούτων
1076 5691 1446 5761 σταυροῦσθαι
1488 5694 1580 5748 τὸν
1625 5694 1833 5767 Κύριον

322 5859 367 5891 ³ο
387 5861 542 5918 Joau.
569 5881 657 5931 xx,
683 5867 714 5922 5
742 5884 893 5939 seqq.
973 5870 1011 5903 ³¹
1040 5869 1231 5925 Matth.
1256 5885 1417 5939 xxvii,
1441 5872 1508 5927 57
1533 5890 1689 5946 seqq.

2002 4964 2091 5020 64.
2124 4963 2340 5019 Avarus
2371 4965 2552 5021 omnis
2588 4965 2845 5038 religioso
2878 4967 3069 5022 habitu
3106 4972 3369 5037 motuque
3404 4967 3519 5022 vir-

1935 5066 2107 5111 tutem
2138 5057 2426 5122 simulans,
2453 5058 2543 5112 ubi
2578 5060 2847 5128 pecuniae,
2873 5060 3029 5131 cujus
3056 5059 3334 5115 desiderio
3364 5068 3519 5115 tene-

1932 5149 2118 5214 batur,
2150 5149 2407 5219 parandte
2435 5149 2523 5205 via
2557 5151 2807 5221 ratioque
2836 5153 3164 5216 occurrerit,
3191 5168 3373 5208 mores
3400 5153 3519 5225 eju-

1934 5248 2020 5294 rat
2048 5240 2254 5310 quibus
2282 5242 2578 5310 putabatur
2604 5258 2725 5297 esse
2749 5245 2913 5299 Verbi
2946 5243 3269 5313 discipulus.

2005 5332 2092 5387 65.
2120 5330 2259 5386 Cum
2292 5332 2507 5402 aliquos
2535 5334 2806 5404 superbos
2837 5334 3171 5400 adverteris,
3202 5351 3309 5389 non
3340 5333 3518 5390 feren-

1932 5431 2018 5477 tes
2062 5423 2279 5477 laudari
2326 5439 2429 5478 eos
2469 5418 2564 5493 qui
2616 5425 2752 5493 ipsis
2805 5426 3063 5479 meliores
3112 5424 3255 5489 sint,
3300 5420 3517 5497 hocque

1932 5516 2222 5571 molientes
2256 5524 2314 5569 ut
2342 5515 2628 5571 veritatem
2661 5534 2781 5587 qua:
2811 5518 3101 5588 cvulgatur
3132 5518 3185 5572 in
3219 5517 3527 5574 obscurum

1931 5614 2148 5678 cogant,
2179 5605 2595 5673 innumerisque
2627 5605 3025 5661 tentationibus
3049 5621 3167 5660 eam
3196 5605 3513 5667 cohibeant.

1930 5711 1996 5752 ac
2030 5694 2286 5752 nefandis
2329 5694 2624 5751 calumniis
2662 5695 3009 5766 opprimant;
3048 5696 3227 5768 cogita
3270 5695 3406 5752 mihi
3443 5694 3533 5749 ab,
