4064 6460
181 390 310 461 1113

1011 390 1350 455 CAPITUM
1382 390 1654 454 THEOL.
1695 385 1793 453 ET
1829 384 2070 454 (ECON.
2109 387 2502 458 CENTURIA
2544 399 2600 462 Ι.

3302 385 3442 470 mi

177 507 313 577 ὕπερ
329 503 441 576 γάρ
469 501 544 575 (ο)
577 503 680 576 τὴν
705 505 1087 576 μετρουμένην
1124 506 1221 560 τοῦ
1253 505 1448 577 χρόνου
1477 505 1745 577 περίοδον,
1778 557 1782 567 ε

1860 505 1967 577 stit)
1997 504 2209 562 natura:
2237 517 2446 576 autem,
2476 513 2694 572 ratione
2717 499 2959 586 quinarii
2991 515 3212 591 (natura
3233 519 3443 593 quippe

174 601 208 670 ὴ
231 596 345 651 τῶν
368 595 576 667 νοητῶν
601 596 719 650 ἐστι
743 595 986 664 γένεσις’
1044 597 1354 670 προνοητὴν
1397 595 1478 660 δὲ.
1521 597 1613 652 διὰ
1655 597 1752 652 τοῦ

173 687 342 742 δέκα’
376 686 468 742 διά
506 702 570 740 τε
599 686 700 759 τὴν
741 688 852 742 τῶν
895 687 1130 742 ἐντολῶν
1178 689 1343 758 ἀγίαν
1385 689 1608 754 δεκάδα,
1655 688 1755 758 τὴν

177 773 311 849 πρὸς
347 777 413 831 τὸ
452 773 515 832 εὖ
559 775 690 840 τοὺς
726 775 1046 848 ἀνθρώπους
1086 777 1412 848 ένάγουσαν,
1449 781 1547 833 καὶ
1577 777 1668 832 διὰ
1691 771 1756 829 τὸ

175 868 365 924 τούτου
429 867 523 924 τού
573 868 906 940 γράμματος
961 871 1244 939 μυστικῶς
1307 870 1589 942 ἀπῆρχθαι
1652 865 1756 939 τῆς

179 961 553 1033 προσηγορίας
585 960 678 1015 τὸν
712 960 942 1030 Κύριον,
981 963 1145 1033 ἡνίκα
1181 962 1405 1032 γέγονεν
1443 963 1750 1034 ἅνθρωπος.

179 1053 428 1123 Συνάψας
453 1049 550 1108 οὗν
581 1051 675 1107 τὸν
700 1052 884 1120 πέντε,
915 1053 1124 1109 καὶτὸν
1153 1053 1312 1120 ἐπτά,
1348 1053 1445 1108 καὶ
1477 1053 1567 1107 τὸν
1588 1050 1755 1119 ὀκτὼ,

179 1142 394 1197 καὶτὸν
425 1142 580 1209 δέκα,
627 1142 720 1197 τὸν
766 1141 1065 1214 τριάκοντα
1115 1143 1346 1217 πληροῖς
1390 1143 1648 1216 ἀριθμόν.
1696 1143 1756 1197 '0

175 1235 358 1290 τοίνυν
388 1234 466 1299 ῶς
493 1232 725 1307 ἀρχηγῷ
757 1235 838 1307 τῷ
863 1235 1058 1308 Κυρίῳ
1103 1236 1288 1299 καλῶς
1329 1236 1560 1291 ἕπεσθαι
1590 1235 1758 1304 γινώ-

178 1344 346 1393 σκων,
387 1327 490 1382 ούκ
527 1328 789 1400 ἀγνοήσει
832 1328 924 1383 τὸν
956 1328 1137 1398 λόγον,
1184 1328 1308 1384 καθ’
1348 1329 1409 1383 ὃν
1453 1329 1550 1384 καὶ
1595 1328 1758 1392 αὐτὸς

177 1417 598 1490 τριακοντούτης
635 1419 1070 1492 ἀναφανήσεται,
1127 1419 1422 1492 κηρύττειν
1459 1421 1761 1490 δυνάμενος

176 1512 236 1566 τὺ
261 1511 600 1582 Εύαγγέλιον
638 1511 742 1582 τῆς
788 1512 1090 1583 βασιλείας.
1121 1513 1251 1566 Ὅτε
1275 1512 1386 1584 γὰρ
1427 1511 1758 1584 ἀμέμπτως,

175 1605 366 1677 ὥσπερ
383 1605 508 1660 τινὰ
531 1604 695 1674 φύσιν
716 1605 942 1677 ὁρατὴν,
972 1603 1232 1660 τδνκατά
1264 1603 1465 1676 πρᾶξιν
1491 1603 1600 1658 τῶν
1633 1606 1763 1676 ἀρε·-

174 1696 284 1751 τῶν
314 1698 714 1770 δημιουργήσει
743 1697 969 1769 κόσμον,
991 1695 1095 1770 τὴν
1121 1696 1210 1751 ἐπ’
1235 1697 1407 1768 αὐτῆς
1429 1697 1532 1769 τῆς
1555 1696 1759 1770 ψυχῆς,

1852 597 2108 668 quinaria
2149 607 2268 665 est,
2301 601 2375 656 ob
2405 617 2629 660 sensum
2661 607 2850 677 quinis
2883 607 3135 680 partibus
3169 607 3442 667 di'Stribu-

1853 689 1993 762 tum)
2021 706 2214 746 eorum
2238 707 2372 750 vero
2395 711 2518 765 quae
2548 709 2733 757 mente
2765 701 3154 774 intelliguntur
3182 717 3249 759 ac
3275 702 3442 774 spiri-

1855 781 2069 847 talium,
2099 783 2312 839 ratione
2345 785 2618 845 octonarii
2650 787 3079 861 (intellectilium
3110 794 3259 849 enim
3287 802 3445 850 ortus

1853 888 1918 929 ac
1941 875 2116 945 origo,
2139 887 2454 934 commensa
2478 884 2746 951 temporis
2770 882 3002 953 periodo
3028 880 3282 956 superior
3300 881 3447 940 exsi-

1854 965 1975 1036 stit)
2009 967 2359 1037 providentia
2395 979 2581 1026 autem
2615 983 2908 1041 rectorem,
2944 975 3162 1031 ratione
3197 975 3443 1043 denarii;

1859 1067 1973 1114 tum
2006 1059 2079 1114 ob
2109 1061 2494 1117 mandatorum
2525 1075 2770 1120 sanctam
2804 1067 3091 1134 decadem,
3117 1083 3239 1137 qua:
3265 1067 3447 1122 homi-

1839 1166 1955 1209 nes
1975 1150 2143 1223 478
2167 1153 2232 1207 ad
2259 1154 2428 1207 vitam
2457 1154 2602 1210 bene
2635 1155 3034 1214 instituendam
3067 1159 3301 1225 inducit,
3326 1167 3445 1213 tum

1857 1241 2005 1311 quod
2043 1242 2112 1297 ab
2142 1258 2210 1298 eo
2246 1244 2550 1312 elemento,
2578 1245 2727 1317 quod
2764 1249 2886 1319 ejus
2918 1250 3136 1305 numeri
3169 1257 3300 1304 nota
3330 1257 3445 1315 est,

1855 1333 2075 1388 Domini
2105 1349 2330 1401 nomen,
2361 1344 2498 1402 tum,
2525 1353 2651 1393 cum
2687 1339 2856 1395 homo
2885 1340 3063 1396 factus
3091 1351 3195 1406 est,
3224 1337 3447 1397 initium

1858 1422 2036 1478 duxit.
2067 1424 2393 1491 Quinarium
2426 1429 2614 1499 igitur,
2643 1432 3043 1502 septenarium,
3075 1432 3445 1499 octonarium,

1859 1513 2152 1570 denarium
2209 1533 2474 1574 numeros
2530 1521 2577 1575 si
2640 1522 3032 1592 conjunxeris,
3093 1523 3449 1578 tricenarium

1862 1607 2190 1677 complebis.
2214 1606 2320 1675 Qui
2351 1625 2484 1682 ergo
2511 1610 2806 1668 Dominum
2838 1622 2899 1668 ut
2924 1614 3120 1669 ducem
3151 1623 3316 1685 atque
3347 1628 3448 1670 au-

1860 1705 2068 1754 ctorem
2102 1699 2208 1754 rite
2236 1700 2396 1771 sequi
2425 1701 2600 1768 novit,
2632 1719 2739 1760 nec
2768 1705 2884 1775 ipse
2913 1705 3186 1762 rationem
3217 1705 3448 1771 nesciet,

175 1787 365 1859 ὥσπερ
389 1787 517 1842 τινὰ
538 1788 732 1860 χρόνον
776 1787 866 1843 διά
905 1786 1018 1842 τῶν
1045 1787 1307 1843 ἐναντίων
1357 1788 1762 1860 συμϐαίνουσαν

1863 1804 1971 1860 qua
2005 1788 2230 1862 triginta
2253 1808 2535 1848 annorum
2568 1794 2746 1851 factus
2780 1795 3216 1852 manifestandus
3247 1796 3342 1862 sit,
3369 1795 3454 1852 sic

183 1875 259 1950 μὴ
300 1850 606 1943 ἀλλοιώσας
653 1879 921 1952 περίοδον,
957 1878 1053 1933 καὶ
1095 1878 1187 1933 διὰ
1227 1850 1465 1952 θεωρίας
1507 1878 1608 1950 τὴν
1650 1877 1761 1934 τῶν

1865 1891 2217 1951 comparatus
2249 1892 2307 1939 ut
2340 1883 2698 1956 Evangelium
2733 1888 2889 1959 regni
2922 1887 3222 1957 praedicare
3255 1885 3451 1958 possit.

172 1970 382 2041 νοητῶν
417 1970 731 2036 ἀπταίστως
760 1971 1018 2043 δρέψεται
1054 1969 1279 2040 γνῶσιν,
1321 1970 1418 2024 καὶ
1450 1969 1552 2041 τὴν
1587 1969 1760 2042 αὐτὴν

172 2064 266 2120 καὶ
315 2063 500 2129 ἄλλοις
548 2063 665 2130 έξιν
711 2061 1092 2136 προνοητικῶς
1145 2063 1382 2118 ἐνθεῖναι
1439 2061 1760 2135 δεδύνηται·

169 2158 292 2212 τότε
328 2157 429 2210 καὶ
453 2155 638 2223 αὐτὸς,
671 2155 748 2219 ὡς
797 2154 844 2209 δ’
897 2154 965 2211 ἂν
1013 2152 1112 2225 ἔχῃ
1161 2153 1484 2224 σωματικῆς
1519 2151 1759 2222 ἡλικίας,

1866 1971 1971 2030 Ubi
2005 1974 2154 2028 enim
2190 1970 2312 2030 sine
2347 1975 2578 2032 crimine
2612 1993 2676 2032 ac
2711 1978 2988 2048 inculpate
3018 1979 3172 2033 velut
3197 1989 3451 2033 naturam

1859 2061 2158 2131 quamdam
2188 2063 2489 2129 visibilem,
2516 2062 2751 2120 actionis
2784 2066 2936 2120 cultu
2972 2074 3314 2120 constantem
3342 2064 3454 2118 vir-

1859 2158 2041 2206 tutum
2092 2153 2362 2208 mundum
2411 2154 2759 2220 condiderit,
2801 2170 2952 2216 eam,
2990 2170 3113 2224 quae
3156 2155 3300 2209 inest
3348 2153 3453 2225 ipsi

169 2247 594 2321 τριακοντούτης
618 2248 735 2302 ἐστὶ
769 2245 848 2317 τῷ
891 2244 1186 2316 πνεύματι,
1235 2244 1613 2316 συνεμφαίνων
1650 2242 1761 2297 τῶν

1861 2242 2077 2308 animae,
2101 2245 2255 2300 velut
2280 2245 2560 2316 quoddam
2589 2257 2806 2318 tempus
2831 2263 2900 2302 ex
2931 2247 2999 2302 iis
3023 2262 3146 2316 qua:
3175 2247 3454 2302 contraria

168 2338 389 2392 οίκείων
410 2336 633 2407 ἀγαθῶν
651 2335 750 2409 τὴν
772 2337 832 2389 ὲν
861 2334 1047 2399 ἄλλοις
1079 2335 1390 2407 ἐνέργειαν.

1861 2335 2154 2401 accidunt,
2189 2337 2485 2407 periodum
2523 2353 2638 2394 non
2677 2347 2923 2412 mutans;
2967 2353 3032 2392 ac
3069 2353 3170 2408 per
3203 2343 3454 2393 contem-

169 2433 469 2504 plalionem
510 2447 699 2488 earum
742 2445 931 2487 rerum
971 2444 1095 2502 qua:
1131 2439 1318 2487 mente
1360 2427 1750 2502 intelliguntur
1787 2425 2075 2497 scientiam
2139 2431 2409 2490 inoil‘cnse
2436 2433 2763 2504 decerpens,
2797 2432 3056 2489 eumdem
3126 2433 3294 2488 etiam
3328 2430 3454 2488 aliis

168 2524 453 2588 habitum,
478 2521 707 2592 provida
740 2520 966 2576 illorllm
1000 2535 1166 2589 cura,
1235 2521 1492 2593 ingerere
1553 2515 1821 2586 valuerit;
1865 2527 1998 2576 tunc
2038 2530 2095 2575 et
2132 2521 2250 2592 ipse
2292 2532 2495 2593 quotus
2539 2532 2780 2594 quantus
2827 2525 2900 2580 sit
2940 2524 3217 2594 corporali
3264 2531 3450 2578 aetate!

170 2619 398 2689 triginta
447 2630 720 2672 annorum
771 2615 972 2687 spiritu
1033 2615 1286 2684 exsistit,
1330 2630 1439 2688 qua
1490 2613 1759 2670 nimirum
1829 2627 2055 2669 suorum
2137 2615 2414 2672 bonorum
2455 2617 2571 2674 vim
2613 2627 2911 2687 actumque
2965 2615 3028 2671 in
3074 2615 3200 2672 aliis
3245 2609 3456 2686 pariter

167 2709 441 2768 ostendit.

236 2805 318 2864 π’.
356 2809 374 2828 ’
408 2803 468 2860 '0
513 2807 636 2869 ταῖς
682 2803 898 2876 ἡδοναῖς
940 2803 1278 2876 παρειμένος
1325 2799 1423 2855 τοῦ
1477 2798 1756 2871 σώματος,

1931 2797 2020 2856 80.
2063 2798 2168 2867 Qui
2220 2801 2470 2872 corporis
2516 2801 2900 2874 voluptatibus
2955 2818 3020 2859 ac
3069 2801 3302 2858 libidine
3351 2814 3454 2856 ceu

167 2897 296 2953 οὔτε
332 2898 472 2971 πρὸς
513 2898 712 2969 ἀρετήν
755 2897 905 2951 ἐστιν
943 2895 1187 2976 ἐνεργὸς,
1225 2892 1350 2947 οὔτε
1383 2891 1522 2963 πρὸς
1553 2890 1759 2960 γνῶσιν

1860 2895 2094 2967 paralysi
2123 2896 2424 2952 dissolutus
2453 2905 2538 2953 est
2557 2897 2624 2964 “,
2653 2899 2698 2953 is
2728 2914 2906 2968 neque
2938 2896 3006 2952 ad
3035 2897 3299 2952 virtutem
3333 2895 3455 2953 cili--

167 2988 486 3060 εὐκίνητος.
544 2987 710 3041 Ὅθεν
754 2986 876 3041 οὐδὲ
918 2986 1205 3059 ἄνθρωπον
1259 2983 1406 3055 ἔχει·
1454 2982 1754 3048 τουτέστιν,

1863 2999 1987 3050 cax,
2015 3001 2195 3056 neque
2224 2987 2292 3042 ad
2322 2987 2608 3043 scientiam
2643 3004 2706 3042 ac
2733 2987 3254 3058 contemplationem
3287 3003 3457 3057 expe-

167 3079 421 3150 ἔμφρονα
453 3076 713 3149 λογισμόν
731 3093 747 3109 ο
781 3077 870 3130 ἵνα
895 3075 1023 3129 ὅταν
1047 3073 1295 3147 ταραχθῇ
1319 3073 1384 3128 τὸ
1423 3073 1587 3143 ὕδωρ,
1621 3071 1759 3145 βάλῃ

1861 3072 2012 3128 ditus
2048 3075 2332 3145 probeque
2370 3075 2590 3130 mobilis
2625 3087 2729 3131 est.
2763 3077 2920 3131 Unde
2959 3090 3138 3145 neque
3175 3075 3457 3131 hominem

167 3170 338 3224 αὑτὸν
386 3171 468 3232 είς
508 3168 610 3240 τὴν
666 3167 1085 3240 κολυμϐήθραν·
1152 3166 1457 3231 τουτέστιν,
1519 3166 1602 3228 είς
1655 3163 1756 3236 τὴν

1863 3164 2031 3220 habet
2065 3165 2255 3237 (animi
2291 3166 2505 3221 scilicet
2536 3167 2866 3237 prudentem
2903 3168 3171 3222 rationem
3207 3183 3271 3222 ac
3304 3166 3458 3238 cogi-

167 3258 430 3332 δεκτικὴν
475 3262 576 3333 τῆς
625 3259 884 3330 γνώσεως
935 3257 1159 3331 ἀρετὴν,
1230 3257 1330 3330 τὴν
1403 3257 1759 3329 ίατρεύουσαν

1864 3257 2087 3330 tatum),
2108 3268 2169 3314 ut
2192 3275 2316 3315 cum
2345 3261 2561 3316 turbata
2585 3261 2752 3316 fuerit
2773 3275 2936 3332 aqua,
2958 3277 3085 3315 eum
3109 3260 3161 3314 in
3186 3261 3455 3331 piscinam

169 3355 355 3409 πᾶσαν
385 3353 560 3418 νόσον,
604 3353 653 3406 εί
696 3352 771 3424 μή
799 3370 902 3407 που
931 3352 1019 3406 διὰ
1059 3350 1336 3422 ρᾳθυμίαν
1367 3349 1396 3404 ὁ
1425 3349 1600 3405 νοσῶν
1625 3352 1761 3406 ἀνα-

1860 3351 2069 3417 mittat;
2115 3351 2379 3407 virtutem
2425 3353 2688 3408 nimirum
2726 3354 2972 3409 scientiae
3011 3369 3301 3423 capacem,
3333 3369 3456 3424 quae

169 3445 527 3516 ϐαλλόμενος.
557 3444 649 3498 ὑπ’
673 3443 832 3499 ἄλλου
858 3442 1146 3516 προληφθῇ
1173 3441 1266 3496 τοῦ
1288 3440 1592 3506 κωλύοντος
1612 3437 1761 3512 αύτῷ

169 3535 588 3608 παραγενέσθαι
614 3535 713 3608 τὴν
744 3538 909 3590 ῐασιν.
939 3535 1030 3589 Διὸ
1058 3535 1154 3589 καὶ
1177 3534 1472 3607 τριάκοντα
1497 3535 1591 3588 καὶ
1614 3535 1761 3588 ὀκτὼ

168 3631 262 3702 ἐτη
293 3632 370 3702 τῇ
393 3628 537 3700 νόσῳ
570 3627 1086 3697 συγκατακλίνεται.
1129 3626 1188 3681 '0
1215 3625 1324 3698 γὰρ
1346 3625 1421 3699 μὴ
1444 3626 1581 3698 πρὸς
1601 3624 1760 3691 δόξαν

168 3719 304 3776 Θεοῦ
363 3719 465 3792 τὴν
511 3718 713 3792 ὁρατὴν
767 3717 1041 3790 θεώμενος
1085 3717 1285 3782 κτίσιν,
1338 3717 1432 3772 καὶ
1478 3716 1616 3788 πρὸς
1651 3717 1761 3789 ίτὴν

167 3813 375 3883 νοητὴν
440 3809 602 3881 φύσιν
657 3809 900 3874 εὐσεϐῶς
958 3809 1306 3874 ἀναϐιϐάζων
1367 3808 1468 3880 τὴν
1526 3807 1759 3872 1ἔννοιαν,

166 3906 402 3966 εἰκότως
458 3899 630 3956 νοσῶν
685 3900 931 3972 διαμένει
980 3900 1074 3954 τὸν
1129 3899 1421 3972 εἰρημένον
1459 3899 1569 3954 τῶν
1622 3898 1760 3952 έτῶν

166 3992 433 4066 ἀριθμόν.
492 3993 550 4044 '0
578 3989 686 4062 γὰρ
721 3990 1015 4061 τριάκοντα
1052 3989 1300 4059 φυσικῶς
1345 3987 1760 4058 λαμϐανόμενος

167 4082 436 4156 ἀριθμὸς,
465 4079 564 4152 τὴν
594 4077 860 4151 αἰσθητὴν
901 4078 1159 4150 σημαίνει
1194 4077 1394 4146 φύσιν·
1437 4077 1628 4148 ὥσπερ
1665 4077 1761 4130 καὶ

167 4169 501 4247 πρακτικῶς
527 4168 922 4240 σκοπούμενος,
960 4168 1062 4240 τὴν
1085 4166 1400 4239 πρακτικὴν
1423 4167 1650 4238 ἀρετήν.
1701 4166 1760 4218 ὐ

165 4267 224 4320 δὲ
279 4263 434 4319 ὀκτὼ
485 4260 732 4332 φυσικῶς
783 4258 1244 4330 κατανοούμενος,
1287 4258 1388 4329 τὴν
1424 4259 1623 4330 νοητὴν
1648 4258 1759 4312 τῶν

165 4355 487 4428 ἀσωμάτων
511 4353 811 4425 παραδηλοῖ
837 4350 1000 4424 φύσιν
1019 4365 1034 4381 ·
1084 4350 1276 4422 ὥσπερ
1314 4350 1410 4405 καὶ
1439 4349 1758 4420 γνωστικῶς

1861 3455 2080 3496 omnem
2108 3443 2360 3498 morbum
2389 3453 2576 3509 sanet;
2607 3445 2711 3499 nisi
2737 3445 2900 3508 forte,
2927 3461 3034 3514 qua
3057 3443 3287 3514 segnitie
3311 3459 3458 3514 aeger

1861 3531 2098 3595 laborat,
2129 3533 2553 3588 cunctabundus
2582 3550 2874 3603 morasque
2909 3534 3154 3597 trahens,
3187 3531 3445 3602 occupari

1862 3645 1922 3686 se
1947 3628 2016 3684 ab
2046 3629 2155 3683 alio
2185 3630 2352 3694 sinat,
2379 3630 2712 3700 prohibente
2745 3646 2814 3684 ne
2847 3631 2964 3699 ipse
2994 3643 3220 3697 compos
3246 3627 3455 3682 sanita-

1863 3720 1934 3776 tis
1963 3720 2072 3774 iiat.
2097 3721 2268 3791 quue
2295 3722 2464 3776 etiam
2497 3737 2675 3776 causa:
2701 3729 2806 3785 est,
2829 3736 2930 3775 cur
2954 3730 3010 3774 et
3034 3734 3207 3773 annos
3233 3717 3455 3788 triginta

1861 3821 1987 3868 octo
2039 3821 2281 3884 aegrotus
2337 3813 2654 3867 decumhat.
2706 3812 2810 3878 Qui
2866 3812 3013 3866 enim
3067 3826 3178 3864 non
3235 3809 3303 3864 ad
3357 3809 3455 3864 Dei

1862 3902 2092 3973 gloriam
2113 3944 2126 3969 ,
2154 3913 2465 3960 creaturam
2499 3902 2676 3958 oculis
2710 3901 3011 3971 subjectam
3046 3898 3225 3962 videt,
3253 3914 3355 3952 nec
3387 3897 3456 3952 ad

1864 4008 2055 4048 rerum
2085 4009 2208 4062 quae
2240 4003 2426 4048 mente
2459 3993 2846 4062 intelliguntur
2876 3998 3128 4044 naturam
3159 3987 3250 4058 pie
3281 3985 3457 4056 perci-

1861 4084 2117 4154 piendam
2153 4084 2340 4139 animo
2374 4083 2636 4154 assurgit,
2668 4083 2716 4138 is
2754 4081 2974 4145 merito,
3003 4096 3167 4150 quem
3205 4079 3456 4133 dicebam

1862 4185 2136 4227 annorum
2200 4189 2531 4237 numerum,
2585 4187 2730 4243 :eger
2785 4169 3053 4241 persistit.
3101 4167 3456 4222 Triccnarius

1863 4263 2010 4318 enim
2040 4278 2306 4320 numerus
2335 4264 2669 4319 naturaliter
2697 4272 2977 4333 acceptus,
3004 4269 3255 4313 naturam
3286 4257 3455 4327 signi-

1865 4354 2030 4418 ﬁcat,
2079 4369 2202 4424 qua:
2259 4355 2315 4408 in
2365 4369 2588 4409 sensum
2640 4351 2821 4417 cadit;
2876 4350 2956 4406 uti
3002 4347 3167 4404 etiam
3212 4346 3456 4418 practice

168 4447 574 4522 θεωρούμενος,
613 4446 714 4518 τὴν
764 4445 1046 4514 πάνσοφον
1098 4442 1379 4513 θεολογίαν
1399 4462 1413 4479 ο
1477 4436 1568 4506 αἷς
1608 4445 1639 4499 ὁ
1686 4443 1764 4515 μὴ

1869 4446 2131 4520 (actionis
2177 4446 2393 4502 scilicet
2434 4444 2668 4516 ratione)
2713 4443 3127 4508 consideratus,
3161 4441 3454 4503 virtutem,

167 4540 501 4612 κινούμενος
549 4537 686 4610 πρὸς
721 4536 885 4607 ιΘεὸν,
935 4535 1172 4608 πάρετος
1223 4535 1394 4606 μένει.
1451 4535 1647 4607 μέχρις
1694 4535 1763 4590 ἂν

166 4629 349 4684 ἐλθὼν
399 4630 428 4685 ὁ
474 4629 669 4697 Λόγος,
717 4625 904 4697 διδάξῃ
957 4625 1124 4681 αύτδν
1167 4625 1262 4680 τὸν
1326 4625 1590 4696 σύντομον
1661 4625 1763 4696 τῆς

169 4725 378 4786 ίάσεως
401 4721 624 4792 τρόπον,
653 4720 912 4789 φάσκων·
947 4717 1240 4788 Ἐγειραιο
1277 4709 1428 4788 ἆρον
1457 4721 1564 4773 τὸν
1587 4718 1760 4786 κράϐ.

167 4817 364 4869 datr/’7'
406 4828 548 4877 σου,
593 4813 691 4865 καὶ
733 4810 1077 4880 περιπάτου
1108 4809 1464 4888 διαναστῆναι
1500 4809 1594 4864 τὸν
1633 4808 1760 4864 νοῦν

165 4905 269 4976 τῆς
290 4898 640 4972 κατεχούσης
671 4899 1002 4972 φιληδονίας,
1052 4899 1145 4952 καὶ
1181 4893 1312 4970 ἆραι
1339 4897 1401 4952 τὸ
1449 4898 1607 4968 σῶμα
1646 4901 1760 4963 τοῖς

167 4996 355 5067 ὤμοις
409 4993 522 5048 τῶν
575 4991 808 5063 ἀρετῶν,
851 4991 949 5046 καὶ
991 4991 1247 5048 ἀπελθεῖν
1299 4991 1380 5055 είς
1423 4990 1515 5044 τὸν
1573 4986 1758 5047 οἷκονο

166 5087 382 5160 δηλαδὴ
411 5085 504 5140 τὸν
529 5085 780 5157 οὐρανὸν,
811 5083 1255 5155 έγκελευόμενος.
1292 5081 1476 5136 Καλὸν
1501 5082 1614 5154 γὰρ
1657 5082 1764 5137 ὑπὸ

239 5246 292 5284 ⁸⁸
311 5250 477 5308 Joan.
499 5263 555 5314 τ,
576 5243 611 5301 5
634 5254 792 5314 seqq.

242 5397 263 5415 '
293 5389 470 5476 l‘a's-
493 5386 586 5476 ἵνα
626 5385 724 5449 Εες
741 5381 834 5476 τΡν
863 5378 1272 5476 meat-usit
1318 5378 1765 5476 κοέἒτῖίῆξέλέἶῗ

169 5462 264 5516 λον
300 5449 468 5532 ἡμεῖς
498 5460 691 5532 έσμεν,
736 5453 787 5506 οῖ
823 5449 1290 5532 comptam-Eum
1340 5450 1762 5532 κατακείμενον

172 5533 250 5598 ῶς
286 5519 424 5604 μηδὲ
452 5519 790 5598 ντδντρόπον
815 5525 916 5594 τῆς
950 5520 1197 5592 ίατρείας
1234 5520 1535 5592 δεχόμενοι.
1571 5519 1630 5573 1η
1671 5537 1769 5591 ρα-

247 5666 328 5737 (o)
367 5662 540 5737 ’Υπὲρ
595 5662 726 5737 γᾴρ.
773 5661 1020 5737 Insinuat
1064 5660 1377 5737 Graecorum
1411 5673 1758 5737 communem

174 5729 517 5792 sentcntiaui
550 5729 884 5788 eisistcntiw
943 5731 1262 5800 angelorum
1307 5739 1434 5785 ante
1494 5729 1758 5800 mundum

174 5819 512 5881 Corporcum
541 5823 553 5860 :
583 5805 699 5860 ίιωο
721 5802 872 5860 enim
895 5797 1170 5874 proprie?)
1196 5800 1410 5870 γένεσις
1432 5800 1629 5856 αὐτῶν.
1668 5797 1761 5856 Sic
1823 5809 1830 5816 '

1865 4553 1988 4609 quae
2032 4538 2268 4593 actionis
2308 4538 2460 4593 cultu
2505 4536 2778 4592 consistit.
2811 4533 3139 4591 Octonarius
3167 4539 3362 4588 autem
3399 4535 3458 4586 et

1865 4628 1982 4699 ipse
2017 4627 2348 4683 naturaliter
2379 4627 2723 4690 intellectus,
2755 4624 3086 4696 spirituum,
3117 4638 3240 4693 quae
3271 4629 3457 4678 mente

1864 4707 2222 4790 intelligitur,
2265 4719 2498 4774 denotat
2549 4728 2845 4784 naturam;
2901 4717 2980 4771 uti
3032 4723 3090 4771 et
3139 4713 3457 4783 γνωστικῶς

1864 4809 2097 4882 (altiore
2145 4809 2358 4864 scilicet
2401 4823 2466 4863 ac
2516 4806 2748 4877 sapienti
2799 4806 3002 4877 sema)
3044 4805 3453 4867 consideratus,

1867 4901 2018 4956 omni
2065 4899 2333 4970 repletam
2381 4901 2650 4971 sapientia
2697 4898 3012 4953 divinorum
3056 4897 3343 4952 scientiam
3393 4909 3458 4950 ac

1869 4991 2226 5062 theologiam.
2260 4990 2502 5058 Quibus,
2533 4989 2784 5059 quisquis
2816 4987 2885 5043 ad
2918 4989 3090 5043 Deum
3127 5003 3238 5042 non
3272 5000 3447 5040 move

1867 5091 1984 5150 tur,
2015 5082 2184 5156 479
2215 5084 2548 5155 paralyticus
2581 5089 2766 5136 manet
2797 5079 3176 5148 membrisque
3211 5077 3456 5133 dissolu-

1873 5377 2159 5450 ralyticum
2179 5394 2200 5444 ;
2235 5393 2440 5450 nosque
2477 5376 2647 5446 potius
2670 5391 2826 5450 Aecae,
2871 5375 2964 5450 qui
2998 5381 3072 5427 tot
3119 5373 3272 5427 annis
3299 5371 3454 5443 jace-

1875 5445 2022 5517 mus;
2048 5458 2107 5503 ut
2131 5465 2223 5503 nec
2261 5445 2528 5500 medicina:
2561 5445 2770 5500 modum
2801 5446 3135 5515 recipiamus.

1865 5657 2120 5729 superior
2150 5657 2412 5729 temporis
2442 5671 2722 5725 mensura,
2759 5670 2852 5712 seu
2901 5652 3030 5710 vita:
3065 5653 3156 5708 illa
3196 5648 3444 5723 periodo,

1864 5746 1988 5802 qua:
2013 5738 2259 5803 tempore
2283 5736 2658 5786 mcusuratur.
