4064 6432
590 335 731 401 1123
1386 368 1393 376 -
1758 331 1819 391 S.
1862 330 2147 391 ΜΑΧΙΜΙ

2273 328 2700 392 ’ΝιιἙεὸοιὶῙΞ
3707 334 3829 403 ιιει

584 454 703 512 rat;
742 459 853 516 qua
888 452 966 500 est
993 446 1259 517 speciosus
1288 443 1461 514 [arma
1505 456 1619 514 pra:
1642 438 1771 509 ﬁliis
1797 441 2069 493 hominum
2099 440 2168 492 ⁸¹.

2274 438 2542 507 θρώπων.
2570 438 2791 491 Τούτων
2812 435 2876 490 δὲ
2903 436 3013 490 τῶν
3028 437 3123 492 δύο
3140 438 3386 511 μορῳιῖω,
3413 440 3448 510 ἡ
3467 438 3573 509 μὲν
3593 444 3831 515 προτέρα,

584 537 762 591 Porro
792 535 1034 606 duplicis
1065 536 1232 606 hujus
1256 534 1467 597 formzn,
1502 533 1661 603 prior
1697 531 1925 601 quidem
1951 530 2040 585 bis
2068 529 2165 599 qui

2273 532 2380 595 τοῖς
2430 532 2808 601 εἰσαγομένοις
2858 530 3117 601 ἁρμόδιος
3147 547 3163 563 ’
3218 532 3255 602 ἡ
3322 531 3547 603 δευτέρα
3610 533 3686 595 δὲ,
3737 539 3835 601 τοῖς

584 628 931 684 inducuntur
996 643 1062 682 ac
1118 626 1395 681 tironibus
1444 624 1780 678 conveniens
1827 630 1945 688 est;
1995 621 2170 675 altera

2273 621 2408 675 κατὰ
2435 621 2535 692 τὴν
2563 620 2767 690 γνῶσιν
2788 620 2864 685 ώς
2884 621 3109 691 ἐφικτὸν
3140 622 3508 675 τελειωθεῖσιν
3568 624 3833 692 ἀνάλογος,

584 735 717 776 vero
754 735 824 774 ex
856 734 1051 775 eorum
1095 726 1183 773 est
1230 716 1470 780 ratione,
1520 715 1615 785 qui
1660 714 1895 785 perfecti
1939 712 2174 767 scientia

585 817 718 866 sunt
757 824 823 865 ac
867 807 1261 871 consummati,
1303 807 1485 877 quoad
1528 807 1649 877 ejus
1694 805 1844 859 licet.
1890 804 2052 875 483
2098 804 2177 857 Ac

586 900 813 970 quidem
860 900 1061 969 prima,
1108 897 1323 952 Domini
1377 897 1582 967 prioris
1619 896 1890 950 adventus
1934 894 2176 964 speciem

586 989 777 1053 refert,
818 988 884 1043 ad
943 1002 1102 1057 quem
1147 986 1438 1042 referenda
1492 985 1775 1057 Evangelii
1822 985 2031 1049 littera,
2074 984 2170 1053 qui

585 1092 785 1146 nempe
828 1077 1100 1131 malorum
1148 1090 1213 1129 ac
1258 1089 1629 1130 aerumnarum
1674 1073 2031 1143 perpessione
2074 1087 2171 1128 eos

584 1167 870 1233 emundet,
896 1167 992 1236 qui
1020 1165 1227 1221 actioni
1260 1165 1488 1220 student
1516 1184 1530 1219 :
1566 1164 1763 1229 altera,
1786 1163 2016 1221 secundi
2047 1163 2169 1233 glo-

584 1258 833 1328 riosique
876 1258 1152 1313 adventus
1188 1255 1497 1326 designatio
1538 1264 1625 1311 est
1663 1265 1829 1325 atque
1870 1255 2066 1326 ﬁgura,
2100 1254 2169 1309 ad

584 1362 750 1417 quem
785 1355 1036 1417 spectare
1064 1346 1427 1419 intelligimus
1447 1346 1744 1415 spiritum;
1786 1346 1883 1415 qui
1911 1345 2174 1399 videlicet

585 1439 861 1509 spiritales
895 1454 962 1495 ac
997 1440 1315 1495 divinorum
1361 1437 1596 1493 scientia
1640 1437 1913 1501 excultos,
1950 1436 2173 1505 sapien-

2272 712 2383 766 Καὶ
2408 714 2442 783 ἡ
2475 711 2594 782 μὲν,
2616 710 2962 783 τῆς,πρώτης
2996 711 3090 765 τοῦ
3126 714 3334 783 κυρίου
3367 716 3672 785 παρουσίας
3698 717 3839 771 ἐστὶν

2270 802 2457 867 εἰκὼν,
2488 803 2573 872 ἐφ’
2612 798 2681 874 ἦς
2707 802 2769 855 τὸ
2803 802 2966 874 ῥητὸν
3004 803 3100 857 τοῦ
3156 804 3491 873 Εὑαγγελίου
3538 804 3720 860 θετέον
3751 812 3838 877 τῆς

2272 894 2358 948 διὰ
2388 892 2731 965 παθημάτων
2761 893 3135 965 καθαιρούσης
3160 896 3289 958 τοὺς
3310 900 3651 967 πρακτικούς
3670 916 3683 928 ·
3712 900 3743 971 ἠ
3769 900 3835 966 δὲ,

2274 984 2372 1053 τῆς
2394 983 2654 1054 δευτέρας
2701 984 2794 1037 καὶ
2842 984 3054 1049 ὲνδόξου
3085 987 3390 1058 παρουσίας
3420 988 3539 1042 ἐστὶ
3568 991 3839 1060 προδιατιῑ⁴

2275 1090 2472 1140 πωσις,
2527 1072 2614 1140 ἐφ’
2647 1066 2718 1144 ἦς
2749 1073 2810 1127 τὸ
2857 1073 3078 1145 πνεῦμα
3104 1078 3307 1129 νοεῖται
3330 1088 3346 1105 ⁸
3395 1076 3502 1147 τῆς
3536 1078 3625 1131 διὰ
3668 1081 3840 1148 σοφίας

2274 1165 2399 1228 τοὺς
2460 1167 2797 1233 γνωστικοῦς
2847 1170 3309 1239 μεταμορφούσης
3360 1169 3500 1240 πρὸς
3540 1168 3841 1225 θέωσιν·έκ

2273 1259 2375 1328 τῆς
2418 1256 2477 1310 ὲν
2498 1259 2684 1321 αὐτοῖς
2708 1256 2802 1310 τοῦ
2827 1256 2987 1328 λόγου
3018 1261 3519 1331 μεταμορφώσεως,
3583 1262 3838 1315 ἀνακεκαρ

2276 1346 2540 1420 λυμμένῳ
2588 1347 2869 1421 προσώπῳ
2923 1348 3023 1421 τὴν
3048 1349 3209 1418 δόξαν
3253 1352 3460 1422 Κυρίου
3499 1351 3844 1422 κατοπτριζο-

2283 1435 2497 1507 μένους.

585 1533 677 1588 tia:
705 1548 939 1590 munere
967 1534 1037 1588 ad
1059 1531 1473 1589 deiﬁcationem
1500 1530 1884 1596 transformet;
1914 1544 1982 1583 ex
2004 1527 2167 1585 Verbi
2209 1527 2266 1584 in
2291 1528 2377 1585 eis
2404 1528 2912 1595 transformatione,
2977 1528 3196 1588 Domini
3267 1529 3577 1585 claritatem
3625 1528 3843 1586 revelata

584 1625 727 1680 facie
749 1626 1099 1695 speculantes
1127 1625 1196 1681 ³³.

654 1714 747 1769 98.
799 1713 907 1781 Qui
960 1715 1188 1772 immota
1246 1714 1557 1771 constantia
1619 1708 1850 1785 propter
1904 1712 2168 1768 virtutem

2350 1710 2461 1783 ι,η’.
2497 1712 2556 1767 '0
2574 1713 2673 1784 μὲν
2692 1714 3102 1778 ἀκατασείστως
3120 1712 3261 1783 ὑπὲρ
3288 1713 3488 1785 ἀρετῆς
3512 1710 3846 1782 ἐγκαρτερῶ

586 1804 732 1860 mala
774 1805 995 1871 tolerat,
1045 1806 1287 1875 primum
1341 1806 1398 1860 in
1442 1821 1501 1860 se
1546 1805 1716 1859 Verbi
1756 1804 2077 1868 adventum,
2100 1802 2171 1857 ab

586 1896 740 1953 omni
764 1897 1161 1952 emundantem
1200 1897 1344 1961 labe,
1371 1896 1651 1952 efficacem
1683 1896 1886 1951 habet:
1911 1895 2006 1966 qui
2038 1908 2173 1948 vero

586 2003 689 2060 per
741 1987 1265 2058 contemplationem
1314 1987 1383 2042 ad
1431 1995 1635 2043 statum
1689 1985 1901 2057 angelis
1951 1985 2172 2039 afﬁnem

585 2079 833 2135 animum
855 2079 1126 2145 traduxit,
1154 2079 1386 2135 secundi
1412 2062 1523 2133 vim
1549 2079 1820 2133 adventus
1842 2086 2039 2133 nactus
2065 2085 2171 2141 est,

586 2171 670 2227 illi
711 2187 743 2227 a
786 2171 948 2226 malis
984 2170 1393 2226 immunitatem
1435 2179 1790 2240 praestantem
1832 2180 1890 2226 et
1936 2179 1999 2225 ut
2047 2168 2171 2225 ltedi

586 2260 887 2317 contrariis
918 2274 1031 2315 non
1063 2260 1257 2330 possit.

656 2373 748 2428 99.
805 2370 1015 2427 Sensus
1057 2370 1136 2426 illi
1183 2386 1370 2427 comes
1411 2381 1517 2435 est,
1557 2370 1652 2441 qui
1693 2371 1967 2426 actionem
2003 2371 2169 2437 colit;

586 2463 685 2533 qui
712 2479 911 2534 nempe
946 2463 1137 2518 labore
1167 2463 1467 2518 virtutibus
1499 2463 1781 2534 fungitur;
1810 2462 2050 2533 sapienti
2070 2478 2175 2517 au-

586 2559 699 2606 tem
736 2566 803 2606 ac
849 2550 1109 2621 spiritali,
1149 2564 1346 2605 sensus
1387 2550 1639 2604 absentia
1681 2565 1747 2605 ac
1802 2559 2017 2620 stupor,
2077 2547 2173 2620 qui

587 2649 830 2697 mentem
860 2657 891 2696 α
935 2656 1101 2696 carne
1145 2648 1202 2695 et
1250 2640 1459 2696 mundo
1500 2641 1556 2695 in
1594 2640 1768 2695 Deum
1813 2640 2170 2696 contraxerit.

586 2732 724 2789 Nam
758 2732 912 2802 prior
939 2729 1185 2802 quidem,
1217 2732 1312 2801 qui
1347 2731 1620 2787 actionem
1651 2732 1982 2802 praestando,
2014 2741 2175 2786 natu-

590 2821 726 2876 ralis
763 2820 831 2874 ad
866 2836 1091 2875 carnem
1122 2820 1465 2877 habitudinis
1500 2822 1738 2878 vinculis
1768 2824 2015 2878 animum
2059 2823 2172 2878 sol-

585 2926 719 2966 vere
744 2911 1081 2976 connitatur,
1100 2912 1357 2967 eumdem
1385 2913 1582 2968 crebro
1601 2913 1887 2969 laboribus
1911 2913 2172 2969 fatiscen-

588 3012 700 3059 tem
727 3002 895 3057 habet
931 3019 945 3056 :
981 3004 1125 3059 alter
1148 3020 1300 3070 vero,
1345 3005 1439 3075 qui
1470 3006 1591 3076 ejus
1611 3006 1960 3061 habitudinis
1988 3006 2172 3062 clavos

587 3091 1071 3161 contemplationis
1122 3091 1175 3147 vi
1228 3094 1518 3160 evulserit,
1576 3096 1714 3151 nulli
1773 3097 1883 3167 iam
1944 3111 2173 3166 prorsus

588 3183 974 3252 nancipabilis
1006 3192 1112 3250 est,
1156 3185 1227 3240 ab
1268 3201 1335 3242 eo
1374 3187 1485 3259 jam
1529 3189 1771 3244 mundus
1805 3188 2058 3254 eﬁ‘ectus,
2104 3204 2171 3244 ex

588 3274 746 3345 cujus
773 3274 959 3331 indole
989 3285 1075 3331 est
1104 3283 1165 3330 ut
1199 3276 1474 3333 afﬁciatur
1498 3294 1562 3335 ac
1587 3288 1844 3335 teneatur
1876 3296 1973 3337 seu
2014 3279 2171 3336 subi-

587 3375 771 3438 gatur,
806 3366 875 3421 ab
909 3366 1013 3433 eis,
1049 3368 1146 3439 qui
1174 3384 1373 3439 capere
1403 3386 1467 3426 ac
1490 3386 1806 3443 expugnare
1833 3373 2028 3428 velint.

660 3456 781 3512 400.
814 3457 972 3525 Quod
998 3458 1056 3514 in
1078 3459 1303 3517 deserto
1329 3462 1597 3518 lsraelitis
1624 3478 1822 3519 manna
1847 3464 2038 3519 datum
2062 3474 2168 3530 est,

588 3546 688 3601 Dei
714 3562 895 3602 sermo
915 3556 1019 3613 est,
1043 3548 1150 3614 his,
1180 3549 1275 3620 qui
1301 3550 1394 3605 illo
1415 3560 1738 3617 vescuntur,
1766 3552 1834 3607 ad
1865 3553 2169 3624 spiritalem

589 3654 808 3693 omnem
845 3639 1184 3709 voluptatem
1229 3640 1533 3706 sufﬁciens,
1572 3657 1783 3713 proque
1828 3644 2167 3699 sumentium

589 3730 807 3784 diversa
877 3730 1215 3799 cupiditate,
1285 3733 1352 3786 ad
1422 3749 1642 3789 omnem
1716 3742 2165 3804 contemperatus

590 3831 813 3895 gustum
878 3823 925 3855 “
978 3840 992 3877 :
1048 3824 1253 3895 quippe
1313 3825 1408 3895 qui
1485 3826 1669 3881 omnis
1726 3826 1837 3881 cibi
1899 3825 2163 3896 spiritalis

590 3923 810 3987 gustum
858 3913 1060 3969 habeat
1104 3931 1169 3970 ac
1210 3918 1551 3987 qualitatem.
1595 3917 1729 3972 Eam
1772 3918 1843 3973 ob
1888 3933 2024 3983 rem,
2074 3918 2162 3974 his

2272 1803 2384 1864 τοίς
2410 1801 2626 1867 δεινοῖς,
2652 1803 3051 1874 ἐνεργουμένην
3076 1803 3165 1871 δφ⁹
3202 1802 3399 1857 ἑαυτὸν
3425 1802 3542 1872 ἔχει
3574 1800 3676 1871 τὴν
3707 1798 3843 1870 πρώ-

2271 1910 2370 1965 την
2384 1892 2477 1946 τοῦ
2492 1894 2666 1962 Λόγου
2684 1893 3011 1963 παρουσίαν,
3026 1893 3207 1964 πάσης
3228 1892 3391 1945 αύτδν
3413 1889 3636 1962 κηλίδος
3662 1889 3844 1943 καθαί·

2276 2000 2472 2054 ρουσαν
2496 2001 2511 2014 ·
2545 1986 2574 2037 ὸ
2609 1985 2667 2037 δὲ
2703 1985 2795 2038 τὸν
2832 1985 2958 2038 νοῦν
3008 1984 3144 2056 πρὸς
3188 1984 3288 2055 τὴν
3326 1983 3435 2036 τῶν
3479 1981 3730 2049 ἀγγέλων
3767 1980 3843 2033 διὰ

2273 2074 2508 2146 θεωρίας
2539 2075 2911 2147 μεταθιὸἀσας
2939 2077 3297 2139 κατάστασιν,
3334 2074 3433 2146 τῆς
3459 2074 3721 2143 δευτέρας
3742 2073 3841 2142 εχει

2272 2165 2575 2241 παρουσίας
2605 2167 2704 2238 τὴν
2727 2166 2979 2238 δύναμιν,
3025 2166 3362 2240 ἐνεργοῦσαν
3384 2166 3535 2237 ἀυτῷ
3561 2167 3625 2220 τδ
3651 2164 3841 2229 ἀπαθὲς

2272 2256 2368 2310 καὶ
2396 2257 2693 2311 ἀνάλωτον.

2343 2369 2446 2437 ίιθκ
2480 2370 2742 2440 Αἴσθησις
2778 2371 2877 2443 μὲν
2908 2370 3102 2425 ἕπεται
3131 2370 3210 2442 τῷ
3240 2369 3558 2441 πρακτικῷ,
3586 2369 3674 2424 διὰ
3699 2370 3840 2424 πόνον

2273 2460 2627 2529 κατορθοῦντι
2650 2461 2752 2525 τὰς
2771 2462 2991 2533 ἀρετάς·
3016 2461 3352 2532 ἀναισθησία
3370 2461 3428 2514 δὲ
3450 2459 3529 2532 τῷ
3552 2460 3837 2530 γνωστικῷ,

2270 2552 2363 2604 τὸν
2391 2551 2514 2606 νοῦν
2545 2552 2653 2605 ἀπὸ
2679 2553 2775 2622 τῆς
2806 2552 3009 2623 σαρκὸς
3039 2552 3134 2606 καὶ
3159 2552 3254 2605 τοῦ
3283 2551 3488 2622 κόσμα.)
3518 2552 3838 2605 συστείλαντι

2274 2640 2412 2711 πρὸς
2440 2639 2591 2693 Θεόν.
2640 2641 2698 2694 '0
2744 2640 2842 2711 μὲν
2889 2644 3000 2713 γάρ
3050 2642 3213 2695 λῦσαι
3242 2642 3343 2712 τὴν
3369 2640 3552 2712 ψυχὴν
3583 2640 3840 2695 τῶνκατά

2273 2734 2436 2802 φύσιν
2482 2735 2580 2803 τῆς
2614 2732 2855 2802 σχέσεως
2903 2733 3041 2802 πρὸς
3066 2733 3167 2804 τὴν
3195 2733 3375 2803 σάρκα
3403 2732 3620 2803 δεσμῶν
3648 2734 3734 2786 διὰ
3754 2718 3839 2803 τῆς

2275 2825 2585 2894 πρακτικῆς
2615 2821 3015 2892 ἀγωνιζόμενος
3035 2863 3051 2888 ,
3103 2823 3217 2893 ἔχει
3244 2823 3343 2894 τὴν
3363 2822 3594 2894 γνώμην
3624 2827 3732 2887 τοῖς
3756 2824 3836 2876 πόα

2272 2932 2385 2979 νοις
2415 2915 2654 2985 συνεχῶς
2686 2919 2703 2937 ⁶
2734 2913 3165 2979 ἐποκλάξουσανο
3201 2916 3230 2969 ό
3254 2916 3334 2982 δὲ,
3365 2915 3573 2985 ταύτης
3602 2917 3699 2987 τῆς
3728 2917 3835 2988 σχέο

2276 3022 2411 3070 σεως
2440 3006 2765 3069 ἀνασπάσας
2794 3005 2882 3060 διὰ
2911 3005 3014 3076 τῆς
3043 3005 3277 3077 θεωρίας
3303 3004 3475 3078 [unus
3498 3006 3627 3078 Reg.
3650 3007 3836 3078 θεωρη-

2272 3095 2455 3169 τικῆς]
2498 3098 2627 3160 τοὺς
2649 3097 2834 3169 ἥλους,
2865 3096 3044 3151 οὐδενὶ
3071 3097 3133 3151 τδ
3166 3098 3388 3152 σύνολόν
3412 3099 3533 3151 ἐστι
3562 3099 3833 3163 καθεκτός·

2272 3188 2516 3260 καθαρὸς
2566 3189 2668 3260 ἥδη
2725 3187 2820 3242 τοῦ
2878 3189 3112 3261 πάσχειν
3152 3206 3214 3243 τε
3266 3190 3360 3245 καὶ
3405 3190 3720 3261 κρατεῖσθαι
3752 3207 3834 3243 πε-

2272 3281 2508 3352 φυκότος
2539 3280 2694 3352 παρά
2721 3281 2832 3335 τῶν
2859 3280 2999 3335 ἑλεῖν
3032 3280 3395 3354 βουλομένων,
3431 3282 3740 3355 γενόμενος.

2343 3459 2411 3532 ρ’.
2443 3459 2518 3513 Τὸ
2549 3458 2727 3530 μάννα
2759 3457 2913 3513 δοθὲν
2943 3457 3024 3530 τῷ
3056 3457 3275 3529 Ἰσραὴλ
3305 3457 3451 3512 κατά
3477 3457 3584 3529 τὴν
3623 3456 3827 3529 ἔρημον,

2269 3552 2299 3606 ὀ
2323 3550 2418 3605 τοῦ
2442 3549 2580 3603 Θεοῦ
2604 3550 2763 3619 λόγος
2790 3550 2907 3603 ἐστὶ
2930 3590 2946 3617 ,
2997 3549 3137 3622 πρὸς
3179 3551 3361 3604 πᾶσαν
3381 3549 3580 3621 ἡδονὴν
3608 3566 3829 3618 πνενμα-

2274 3642 2435 3714 τικὴν
2468 3643 2663 3715 ἁρμῶν
2692 3644 2809 3708 τοϊς
2847 3641 3121 3697 ισθίουσιν
3151 3642 3334 3708 αὐτὸν,
3378 3643 3477 3697 καὶ
3502 3643 3641 3714 πρὸς
3668 3644 3826 3696 πᾶσαν

2276 3734 2467 3804 γεῦσιν
2496 3734 2637 3789 κατά
2665 3736 2765 3807 τὴν
2802 3733 3067 3805 διαφορὰν
3094 3734 3192 3805 τῆς
3218 3734 3327 3787 τῶν
3354 3734 3644 3788 ισθιόντων
3665 3734 3824 3789 ἐπιθυ-

2278 3826 2428 3897 μίας,
2456 3825 2951 3898 μετακιρνώμενος.
2987 3826 3174 3897 Πάσης
3200 3827 3308 3898 γάρ
3339 3826 3453 3897 ἔχει
3474 3827 3823 3899 πνευματικῆς

2273 3916 2530 3988 βρώσεως
2564 3920 2847 3989 ποιότητα.
2876 3918 2967 3971 Διδ
3005 3918 3117 3981 τοῖς
3162 3915 3263 3987 μὲν
3304 3915 3512 3971 ἀνωθεν
3547 3919 3611 3971 ὲκ
3646 3918 3821 3986 σπόρου

590 4006 817 4077 quidem
842 4008 937 4077 qui
961 4008 1147 4064 denuo
1167 4025 1234 4063 ex
1258 4010 1585 4080 incorrupto
1606 4011 1817 4065 semine
1859 4026 1959 4080 per
1984 4011 2163 4081 Spiri-

2273 4009 2552 4080 ἀφθάρτου
2584 4009 2674 4063 διά
2722 4009 3030 4080 πνεύματος
3051 4007 3357 4077 γεννηθεῖσι
3378 4050 3394 4074 ,
3427 4009 3645 4078 λογικὸν
3662 4009 3820 4063 ἄδολον

594 4108 710 4154 tum
736 4099 849 4153 nati
884 4109 1033 4165 sunt,
1061 4101 1329 4157 rationale
1358 4101 1474 4157 sine
1507 4102 1636 4157 dolo
1680 4102 1763 4157 lac
1801 4102 2042 4157 efﬁcitur
2077 4104 2157 4169 ";

2275 4101 2488 4171 γίνεται
2531 4102 2673 4171 γάλα
2694 4117 2709 4133 ⁸
2742 4104 2857 4165 τοῖς
2902 4101 2960 4154 δὲ
2989 4099 3296 4165 ἀσθενοῦσι,
3325 4100 3582 4173 λάχανον,
3609 4099 3700 4173 την
3730 4120 3817 4155 πα-

593 4189 705 4245 illis
742 4200 927 4245 autem
970 4193 1064 4261 qui
1105 4199 1235 4247 sunt
1278 4190 1501 4256 inﬁrmi,
1549 4192 1671 4247 olus
1714 4192 1782 4258 ⁸⁸,
1819 4194 2165 4249 laborantem

2273 4192 2472 4247 θοῦσαν
2506 4193 2607 4263 τῆς
2648 4190 2831 4263 ψυχῆς
2877 4192 3369 4265 παραμυθούμενος
3417 4193 3650 4265 δύναμιν
3674 4210 3688 4225 ο
3724 4196 3819 4257 τοῖς

590 4281 703 4338 vim
743 4283 914 4338 animi
957 4284 1357 4353 aﬁectibusque
1399 4283 1689 4339 obnoxiam
1735 4300 1989 4341 recreans
2034 4304 2049 4340 :
2097 4286 2165 4343 iis

2273 4279 2321 4334 δὲ
2347 4280 2435 4334 διά
2464 4282 2565 4349 τὴν
2592 4280 2707 4345 ἕξιν
2735 4279 2805 4333 τά
2844 4280 3172 4351 αίσθητήρια
3212 4282 3310 4353 τῆς
3350 4281 3529 4353 ψυχῆς
3571 4298 3818 4353 γεγυμνα-

591 4376 833 4447 denique
865 4378 961 4446 qui
1007 4383 1234 4447 propter
1274 4375 1545 4442 habitum,
1577 4393 1772 4433 sensus
1804 4378 1973 4434 animi
2008 4394 2166 4434 exer-

2273 4372 2444 4443 σμένα
2495 4370 2677 4442 ἐχουσι
2707 4372 2844 4442 πρὸς
2897 4370 3174 4440 διάκρισιν
3224 4371 3394 4427 καλοῦ
3421 4388 3481 4426 τε
3507 4373 3603 4427 καὶ
3644 4370 3815 4433 κακοῦ,

590 4467 793 4524 citatos
835 4467 1044 4522 habent
1092 4467 1160 4521 ad
1211 4466 1601 4522 discretionem
1642 4468 1772 4523 boni
1818 4478 1874 4525 et
1915 4471 2047 4524 mali
2093 4472 2164 4538 ⁸⁷,

2273 4463 2499 4535 στερεὰν
2526 4465 2739 4519 -ἒαυτδν
2783 4463 2968 4520 δίδωσι
3010 4468 3241 4539 τροφήν.
3276 4467 3433 4539 Ἔχει
3458 4467 3516 4521 δὲ
3558 4470 3651 4522 καὶ
3677 4468 3821 4532 ἄλλας

590 4558 835 4628 scipsum
870 4557 1121 4627 praebens
1150 4556 1385 4611 solidum
1426 4558 1633 4612 cibum.
1663 4558 1805 4625 Quin
1835 4568 1891 4615 et
1924 4559 2167 4616 inﬁnitas

2273 4556 2529 4627 ἀπείρους
2547 4557 2807 4627 δυνάμεις
2833 4560 2862 4611 ό
2885 4558 2979 4611 τοῦ
3005 4558 3141 4612 Θεοῦ
3164 4559 3344 4627 λόγος,
3372 4558 3612 4614 ἐνταῦθα
3641 4560 3709 4632 μὴ
3729 4578 3821 4630 χω-

590 4649 729 4704 alias
757 4648 992 4703 virtutes
1018 4648 1116 4702 Dei
1140 4663 1322 4702 sermo
1350 4648 1536 4714 habet,
1570 4665 1707 4720 quas
1736 4651 1993 4720 praesenti
2025 4667 2163 4719 aevo,

2273 4648 2539 4721 ρουμένας
2564 4664 2579 4680 °
2642 4649 2919 4715 ἀναλύσας
2964 4650 3021 4704 δέ
3062 4668 3149 4715 τις
3171 4693 3187 4717 ,
3240 4651 3338 4705 καὶ
3374 4650 3524 4716 ἄξιος
3554 4653 3818 4722 γενόμενος

591 4754 758 4795 nemo
785 4739 1002 4809 capiat;
1046 4753 1184 4808 quas
1226 4739 1374 4809 ipsas
1421 4754 1631 4805 omnes,
1678 4756 1776 4797 seu
1820 4742 2055 4811 aliquas,
2096 4758 2165 4798 eo

2273 4743 2357 4796 ἐπὶ
2388 4742 2598 4798 πολλῶν
2617 4784 2632 4809 ,
2682 4746 2716 4817 ἢ
2752 4746 2844 4799 ἐπὶ
2872 4746 3091 4800 πάντων
3119 4745 3565 4817 κατασταθῆναι,
3613 4746 3819 4817 λήψεται

590 4828 740 4900 quod
778 4828 834 4883 in
874 4828 1091 4883 modico
1136 4828 1313 4883 ﬁdelis
1351 4831 1647 4895 exstiterit,
1682 4841 2013 4903 accepturus
2054 4842 2161 4899 est,

2273 4833 2527 4897 κάκείνας
2569 4833 2737 4901 ὅλας,
2796 4835 2833 4906 ἦ
2877 4850 3031 4897 τινας
3077 4832 3173 4887 τοῦ
3216 4833 3377 4903 λόγου
3422 4835 3526 4899 τὰς
3560 4834 3816 4904 δυνάμεις,

590 4920 686 4991 qui
714 4919 933 4974 mortali
968 4920 1184 4975 solutus
1211 4920 1346 4985 vita,
1384 4921 1585 4993 dignus
1623 4922 1921 4978 habebitur
1952 4925 2048 4995 qui
2074 4940 2170 4981 su-

2273 4924 2350 4979 Βιά
2377 4924 2439 4978 τὸ
2467 4926 2526 4978 ὲν
2551 4924 2824 4996 ἐλαχίστῳ
2857 4925 3022 4979 αὐτὸν
3053 4924 3287 4979 ἐνταῦθα
3316 4924 3507 4980 πιστὸν
3529 4925 3815 4995 γεγονέναι.

588 5025 689 5083 pra
717 5011 908 5076 multa,
935 5011 1053 5067 sive
1081 5012 1267 5067 omnia
1295 5012 1670 5068 constituatur
1705 5016 1772 5070 ⁸⁸.
1797 5016 1989 5072 Omnis
2016 5017 2164 5072 enim

2273 5018 2421 5070 Πᾶσα
2445 5016 2556 5088 γάρ
2580 5016 2687 5069 τών
2714 5016 2954 5071 ἐνταῦθα
2981 5016 3276 5088 διδομένων
3303 5015 3465 5071 θείων
3487 5015 3817 5087 χαρισμάτων

588 5101 880 5173 praesentis
900 5102 1029 5157 vitae
1056 5102 1329 5158 donorum
1367 5104 1676 5169 summitas,
1716 5106 2005 5162 minimum
2029 5108 2163 5179 quid

2273 5108 2523 5179 ὶκρότης,
2584 5107 2868 5178 συγκρίσει
2919 5108 3029 5161 τῶν
3078 5107 3413 5163 μελλόντων.
3466 5106 3743 5177 ἐλάχιστόν
3772 5119 3816 5156 τι

586 5200 674 5248 est
701 5200 758 5247 et
788 5192 1088 5259 modicum,
1123 5193 1539 5263 comparatione
1570 5194 1909 5252 futurorum.

2273 5200 2355 5255 καὶ
2387 5198 2608 5271 μέτριόν
2630 5199 2801 5253 ἐστιν.

585 5363 756 5439 m
802 5365 1125 5423 CENTENA
1181 5365 1450 5422 ITERUM
1503 5365 1835 5424 GNOSTICA
1886 5369 2156 5431 CAPITA.

659 5458 715 5513 1.
754 5458 908 5515 Unus
926 5458 1094 5523 Deus,
1125 5458 1273 5529 quod
1309 5474 1418 5514 una
1441 5458 1619 5514 deitas
1646 5477 1660 5513 :
1688 5461 1871 5517 unitas
1900 5463 2160 5536 principii

2355 5374 2500 5431 EKA
2512 5373 2783 5429 ΤΟΝΤΑΣ
2811 5377 2870 5429 B'
2894 5374 3313 5430 ΓΝΩΣΤΙΚΩΝ
3337 5373 3734 5429 ΚΕΦΑΛΛΙΩΝ

2338 5474 2411 5523 α’.
2458 5461 2555 5532 Εἷς
2578 5466 2731 5534 Θεὸς,
2765 5467 2825 5521 ὅτ
2874 5465 2972 5538 μία
2993 5465 3205 5539 θεότηςο
3262 5466 3431 5538 μονὰς
3451 5464 3615 5538 [deest
3638 5465 3712 5531 τὸ,
3734 5475 3819 5533 μο-

658 5581 705 5615 ⁸¹
726 5580 868 5655 _Psal.
892 5580 1110 5655 XLIYLS.
1186 5579 1234 5616 ⁸³
1254 5578 1451 5655 l_l_Cor.
1476 5595 1556 5641 ιιι,
1581 5579 1669 5635 18.
1744 5578 1791 5611 ⁸⁸
1815 5578 1946 5651 Sap.
1969 5596 2076 5648 xvi,
2098 5582 2168 5639 20

2273 5584 2311 5619 "
2336 5585 2358 5642 Ι
2386 5584 2537 5641 Petr.
2564 5601 2622 5652 ιι,
2644 5585 2702 5642 2.
2775 5585 2822 5619 “
2846 5575 3007 5643 Rom'.
3031 5600 3140 5652 xxv,
3160 5585 3217 5642 2.
3289 5585 3333 5620 "
3358 5584 3530 5644 Hebr.
3553 5581 3711 5655 v.14.
3774 5576 3815 5612 ⁸⁸

588 5651 782 5709 Matth.
812 5667 957 5715 xxxv,
981 5651 1081 5717 47;
1116 5666 1239 5713 xxv,
1265 5649 1356 5703 2|.

661 5768 677 5788 '
712 5762 867 5819 Unus
909 5762 1023 5832 Reg
1081 5761 1295 5830 σαψῶς·
1346 5761 1505 5824 alter,
1542 5758 1773 5831 ωχνῶς,
1806 5774 1927 5832 quae
1963 5762 2170 5838 et_vid1

2273 5781 2318 5823 ιι·
2346 5764 2543 5823 melior
2566 5763 2750 5821 lectio.
