3972 6424
118 361 226 428 1125
895 342 1229 409 CAPITUM
1265 337 1536 401 THEOL.
1573 336 1668 398 ET
1705 334 1942 397 (ECON.
1980 333 2369 397 CENTURIA
2407 334 2492 395 II.
3169 326 3312 392 1126

116 474 207 536 νὰς,
240 470 287 524 in
310 466 471 522 tribus
503 461 699 535 Regiis]
730 461 968 532 ἄναρχος
992 458 1089 513 καὶ
1111 455 1261 524 ἁπλῆ
1282 452 1379 507 καὶ
1406 448 1638 520 ὑπεροὺ-
1665 500 1667 508 Α

1776 461 1960 517 xpers,
1987 447 2329 517 simplexque
2356 454 2415 501 et
2453 439 2966 515 superessentialis;
3002 439 3313 511 impartibi-

114 532 219 623 σιος⁹
246 558 331 612 καὶ
358 532 698 629 ἀμερὴς-καί
725 550 1033 620 ἀδιαίρετος
1050 564 1066 580 ο
1100 549 1135 616 ἡ
1162 544 1304 614 αὑτὴ
1347 541 1513 613 μονὰς
1547 538 1641 592 καὶ

1782 552 1918 609 sque
1940 545 1998 593 et
2029 537 2298 603 indivisa;
2324 536 2518 591 eadem
2546 534 2665 605 ipsa
2686 542 2743 590 et
2770 534 2955 588 unitas
2970 532 3272 587 etTrinitas
3295 549 3309 586 :

113 650 254 721 Τριὰς
274 665 289 679 ’
340 625 432 715 ὅλη
468 625 643 715 μονὰς
674 646 709 713 ἡ
736 641 898 711 αὑτὴ,
947 640 1041 693 καὶ
1071 638 1167 707 ὅλη
1197 633 1368 705 Τριὰς
1397 634 1432 702 ἡ
1459 630 1597 699 αὐτή
1622 645 1637 661 ·

1780 631 1922 684 nitas
1952 638 2063 685 tota
2096 629 2311 694 eadem,
2346 628 2649 699 eademque
2673 634 2787 682 tota
2808 625 3051 679 Trinitas
3079 642 3093 679 :
3128 625 3313 679 unitas

117 713 251 812 μονὰς
292 739 382 807 ὅλη
414 713 552 790 ista
579 734 679 806 τὴν
708 732 895 786 οὐσίαν
923 733 957 801 ἠ
990 728 1164 799 αὑτὴ,
1220 724 1319 779 καὶ
1348 721 1520 793 Τριὰς
1544 719 1641 788 ὅλη

1776 720 1938 775 adem
1986 728 2105 777 tota
2138 720 2395 776 essentia:
2422 719 2659 784 ratione,
2698 717 3003 787 eademque
3033 716 3152 787 ipsa
3190 732 3315 789 per-

114 808 230 885 κατὰ
251 828 343 890 τὰς
366 824 688 885 ὑποστάσεις
719 823 754 892 ἠ
785 821 948 890 αὐτή.
986 816 1176 887 Πατὴρ
1204 814 1336 883 γὰρ,
1370 809 1466 863 καὶ
1492 808 1639 871 Υιδς,

1776 828 2005 868 onarum
2029 814 2245 870 ratione
2269 823 2383 869 tota
2396 814 2660 868 Trinitas.
2698 812 2862 867 Pater
2889 811 3039 865 enim
3066 819 3123 865 et
3143 810 3316 865 Filius

114 920 189 973 καὶ
215 916 420 988 Πνεῦμα
448 917 601 984 ἅγιον
634 915 668 983 ἡ
697 911 917 981 θεότης,
946 909 1044 961 καὶ
1070 909 1130 959 tv
1158 904 1354 973 Πατρὶ,
1386 900 1484 954 καὶ
1506 896 1640 968 Υίῷ,

1776 910 1804 955 ει
1830 901 2076 971 Spiritus
2104 910 2351 969 sanctus,
2383 901 2592 967 deitus;
2620 908 2678 954 et
2713 900 2769 957 in
2809 899 2971 953 Patre
3005 906 3063 952 et
3090 897 3229 952 Filio
3260 904 3317 952 et

113 1011 188 1063 καὶ
213 985 633 1078 ἁγίῳΠνεύματι
668 1004 703 1075 η
729 1002 941 1071 θεότης.
979 999 1120 1068 Ὅλη
1149 998 1208 1049 ὲν
1232 996 1339 1065 ὅλῳ
1363 991 1442 1063 τῷ
1471 989 1645 1059 Πατρὶ

1776 992 1961 1060 ipiritu
2010 1000 2223 1058 sancto,
2272 991 2483 1057 deitas;
2512 999 2627 1045 tota
2652 990 2708 1043 in
2738 996 2853 1043 toto
2891 987 3052 1042 Patre
3096 985 3314 1050 eadem,

112 1100 277 1171 ἡαῦτή
300 1076 427 1150 ἐκαὶ
474 1096 592 1158 ὅλος
621 1097 681 1148 tv
730 1093 830 1165 ὅλῃ
853 1094 921 1162 τῇ
945 1091 1084 1159 αὐτῇ
1114 1090 1143 1141 ὁ
1165 1086 1357 1156 Πατήρ
1382 1082 1513 1135 ’καὶ
1541 1080 1639 1148 ὅλη

1776 1088 2006 1150 otusque
2032 1081 2088 1136 in
2115 1089 2229 1135 tota
2261 1080 2454 1136 eadem
2487 1080 2684 1143 Pater;
2713 1086 2935 1147 totaque
2956 1076 3011 1130 in
3038 1084 3153 1130 toto
3176 1076 3316 1130 Filio

111 1166 158 1243 tv
183 1166 276 1259 δλῴ
325 1186 401 1256 τῷ
453 1184 568 1255 Υῑῴ
620 1186 655 1255 ἡ
697 1183 872 1253 αὑτήο
925 1181 1021 1234 καὶ
1048 1179 1169 1241 ὅλος
1193 1178 1252 1229 tv
1279 1175 1375 1245 ὅλῃ
1406 1176 1475 1244 τῇ
1506 1171 1644 1239 αὑτῇ

1780 1171 1962 1236 adem,
1998 1186 2064 1227 ac
2093 1180 2241 1226 totus
2266 1171 2323 1226 in
2351 1179 2467 1226 tota
2499 1169 2691 1226 eadem
2719 1166 2925 1232 Filius;
2970 1174 3081 1220 tota
3102 1166 3234 1221 item
3259 1166 3317 1221 in

108 1258 277 1343 om.
309 1279 413 1331 Καὶ
440 1277 537 1346 ὅλη
568 1277 629 1328 tv
657 1275 763 1344 ὅλῳ
788 1273 866 1344 τῷ
891 1270 1167 1340 Πνεύματι
1196 1267 1275 1337 τῷ
1305 1265 1447 1334 ἁγίῳ
1481 1265 1516 1334 ἡ
1545 1261 1647 1316 αὑ·-

1776 1272 1861 1317 οιο
1883 1263 2090 1332 Spiritu
2124 1271 2317 1320 sancto
2358 1262 2573 1328 eadem,
2606 1278 2669 1317 ac
2693 1269 2844 1317 totus
2874 1262 2931 1315 in
2973 1268 3087 1315 tota
3122 1258 3317 1313 eadem

110 1370 163 1440 τή
185 1384 198 1399 ·
246 1368 333 1422 καὶ
378 1367 499 1420 ὅλον
544 1365 605 1418 tv
650 1363 749 1435 ὅλῃ
775 1364 842 1432 τῇ
865 1361 1003 1431 αὐτῇ
1031 1359 1094 1412 τὸ
1124 1356 1351 1425 Πνεῦμα
1380 1353 1442 1407 τὸ
1470 1353 1645 1420 ἆγιον.

1776 1352 1989 1422 lpiritus
2020 1361 2244 1407 sanctus
2272 1370 2285 1406 :
2335 1361 2449 1408 tota
2489 1352 2675 1415 Pater,
2704 1358 2762 1405 et
2796 1349 2852 1403 in
2875 1356 2990 1403 toto
3021 1348 3203 1412 Patre,
3232 1354 3319 1401 to-

113 1461 224 1530 Ὀλη
248 1458 447 1530 Πατὴρ,
480 1456 578 1510 καὶ
611 1456 670 1508 tv
695 1454 803 1524 ὅλῳ
828 1451 906 1522 τῷ
931 1449 1105 1520 Πατρί
1129 1465 1143 1479 ο
1202 1450 1299 1500 καὶ
1324 1445 1444 1507 ὅλος
1473 1444 1532 1497 tv
1552 1441 1648 1514 ὅλῃ

1776 1461 1947 1515 usque
1977 1444 2176 1525 intota
2212 1445 2396 1508 Pater,
2423 1451 2481 1498 et
2510 1451 2624 1497 tota
2656 1449 2808 1496 totus
2838 1441 3002 1495 Pater
3034 1457 3049 1493 :
3094 1446 3319 1509 totaque

111 1555 133 1605 δ
155 1528 345 1622 Πατὴρ,
376 1528 470 1602 ta
499 1548 597 1616 ὅλη
626 1545 758 1615 ὅλος,
776 1545 804 1596 δ
828 1542 979 1611 Πατή
989 1559 1038 1610 ρ.
1074 1538 1184 1594 Καὶ
1210 1538 1306 1608 ὅλη
1330 1536 1450 1599 ὅλος
1476 1537 1504 1588 ὁ
1524 1534 1650 1597 Υἱὸς

1776 1547 1899 1590 otus
1941 1535 2114 1590 Filius
2147 1533 2361 1599 eadem,
2392 1542 2449 1588 et
2482 1539 2598 1587 tota
2650 1531 2708 1586 in
2758 1538 2876 1586 toto
2919 1529 3057 1585 Filio
3100 1528 3317 1593 eadem,

111 1645 137 1712 ἡ
170 1641 287 1711 αῦτη
310 1657 323 1672 ·
376 1640 470 1693 καὶ⁵
512 1639 610 1708 ὅλη
658 1637 717 1688 tv
756 1634 863 1704 ὅλῳ
894 1632 972 1702 τῷ
1001 1630 1115 1700 Υίῷ
1148 1631 1181 1698 ὴ
1212 1627 1372 1697 αὑτή⁶
1411 1625 1506 1679 καὶ
1529 1625 1650 1687 ὅλος

1776 1636 2010 1699 otusque
2060 1636 2195 1692 tota,
2242 1637 2298 1681 et
2338 1625 2395 1678 in
2440 1631 2555 1679 tota
2607 1622 2799 1678 eadem
2845 1622 3045 1687 Filius;
3096 1629 3320 1689 totaque

110 1732 186 1800 ὅλη
207 1771 219 1793 ,
267 1729 359 1784 καὶ
394 1730 460 1782 tv
501 1728 600 1798 ὅλῃ
631 1728 699 1796 τῇ
726 1725 864 1793 αὑτῇ
889 1722 919 1775 ὑ
943 1720 1091 1783 Υἱός.
1152 1720 1262 1773 Kal.
1303 1718 1401 1786 ὅλη
1426 1714 1648 1783 Πνεῦμα

1776 1721 1994 1793 spiritus
2026 1727 2252 1775 sanctus
2273 1716 2489 1780 eadem,
2525 1725 2583 1771 et
2622 1714 2678 1769 in
2706 1722 2820 1769 toto
2851 1712 3059 1783 Spiritu
3104 1718 3319 1772 sancto,

115 1773 242 1891 ἆγίον
265 1824 297 1892 ἡ
325 1820 482 1891 αὑτὴ,
518 1773 615 1873 κοὶὶ
645 1773 704 1870 t:
956 1773 1233 1881 Πνέύματι
1262 1808 1339 1880 τῷ
1358 1773 1519 1877 ἁγίῳ
1554 1773 1649 1859 καὶ

1776 1773 1819 1864 lg
1857 1808 2100 1878 Spiritus
2145 1814 2371 1862 sanctus
2422 1811 2574 1857 totus
2620 1811 2753 1866 tota,
2805 1773 3066 1869 totusque
3108 1797 3166 1852 in
3204 1804 3321 1851 tota

112 1886 164 1967 εὑ
188 1886 393 1983 Πνεῦμα
418 1886 481 1964 τὶ»
507 1911 665 1979 ἅγιον
688 1910 808 1962 ὅλον
828 1905 948 1976 ὅλη,
965 1902 1060 1956 καὶ
1074 1902 1194 1957 ὅλον
1215 1903 1272 1955 tv
1291 1901 1389 1973 ὅλῃ
1413 1901 1482 1969 τῇ
1510 1897 1646 1968 αὑτῇ

1776 1898 1939 1953 eadem
1963 1896 2206 1967 Spiritus
2226 1902 2470 1950 sanctus.
2492 1891 2612 1946 Non
2646 1891 2795 1946 enim
2822 1890 3000 1945 deitas
3023 1887 3228 1960 partim
3260 1886 3320 1942 in

111 1978 367 2072 τδΠνεῦμα
388 2002 449 2054 τὸ
478 1978 658 2068 ἅγιον.
687 1996 763 2053 Οὑ
800 1996 911 2065 γὰρ
931 1996 995 2048 ὲκ
1021 1991 1222 2063 μέρους
1242 1992 1276 2061 ἠ
1292 1989 1485 2059 θεότης
1501 1988 1558 2039 tv
1570 1984 1649 2056 τῷ

1776 1990 1928 2053 'atre,
1984 1996 2079 2041 aut
2135 1987 2296 2040 Pater
2334 1983 2535 2054 partim
2577 1982 2756 2049 Deus;
2796 1996 2978 2052 neque
3018 1980 3217 2051 partim
3262 1978 3321 2034 in

111 2068 319 2163 Πατρὶμή
340 2094 402 2144 ὲκ
430 2090 634 2162 μέρους
658 2087 791 2150 Θεὸς
816 2088 846 2139 ὸ
872 2085 1083 2155 Πατήρ·
1106 2081 1232 2134 οὔτε
1265 2082 1329 2133 ὲκ
1361 2078 1561 2149 μέρους
1593 2076 1650 2129 tv

1776 2079 1894 2133 s‘ilio
1936 2078 2136 2142 deitas,
2181 2084 2344 2132 autve
2377 2076 2550 2131 Filius
2586 2074 2786 2144 partim
2833 2072 3016 2138 Deus;
3051 2086 3155 2127 nec
3192 2068 3322 2126 vero
3396 2070 3405 2075 ’

110 2182 172 2252 τῷ
196 2181 295 2252 Υίῷ
320 2182 353 2251 ἠ
378 2180 596 2249 θεότης,
626 2180 660 2248 ἢ
687 2178 754 2230 ἐκ
795 2176 993 2246 μέρους
1023 2171 1156 2234 Θεὸς
1185 2164 1224 2223 ὁ
1242 2170 1369 2231 Υἱός
1390 2185 1404 2199 ·
1438 2166 1559 2221 οὔτε
1585 2167 1652 2218 ὲκ

1776 2172 1954 2226 »οι-ιίηι
1993 2171 2049 2224 in
2093 2169 2301 2239 Spiritu
2341 2176 2532 2223 sancto
2572 2166 2773 2229 deitas,
2808 2174 2904 2219 aut
2941 2164 3143 2234 partim
3180 2163 3327 2217 Deus

114 2275 279 2343 μέρους
310 2273 366 2325 tv
393 2270 471 2341 τῷ
496 2269 639 2339 ἁγίῳ
662 2267 940 2338 Πνεύματι
971 2267 1006 2334 ὴ
1036 2263 1248 2332 θεότης,
1283 2261 1316 2331 ἢ
1357 2260 1422 2312 ἐκ
1451 2260 1653 2329 μέρους

1776 2261 1991 2331 ipiritus
2029 2267 2273 2313 sanctus.
2316 2257 2451 2312 Nam
2482 2270 2663 2325 neque
2701 2254 2880 2309 deitas
2921 2252 3196 2325 ejusmodi
3240 2261 3327 2307 est

111 2342 216 2424 Θεδς
240 2362 294 2415 τὸ
324 2360 547 2430 Πνεῦμα
579 2359 638 2412 τὸ
664 2358 838 2425 ἅγιον.
893 2354 1033 2409 Οῦτε
1061 2352 1168 2423 γὰρ
1202 2350 1436 2422 μεριστὴ
1462 2351 1496 2418 η
1530 2348 1652 2400 θεό-

1776 2368 1873 2422 [uae
1904 2351 2077 2422 possit
2120 2348 2315 2414 dividi,
2362 2362 2545 2416 neque
2594 2347 2756 2400 Pater
2793 2345 2940 2400 Deus
2971 2342 3328 2414 imperfectus

1751 2454 1855 2508 est,
1876 2445 1963 2498 vel
1984 2442 2177 2506 Filius,
2202 2449 2295 2495 aut
2320 2439 2558 2510 Spiritus
2586 2446 2844 2503 sanctus;
2871 2436 2967 2492 sed
2994 2445 3107 2491 tota
3136 2435 3327 2490 eadem

1753 2531 1869 2601 ipsa
1913 2529 2157 2599 perfecta
2205 2526 2448 2598 perfecte
2493 2524 2550 2579 in
2597 2524 2844 2595 perfecto
2887 2525 3072 2590 Patre,
3109 2530 3329 2591 totaque

1752 2622 1993 2693 perfecta
2027 2618 2270 2689 perfecte
2314 2617 2370 2671 in
2404 2615 2657 2687 perfecto
2704 2608 2844 2668 Filio
2873 2610 3088 2676 eadem,
3119 2625 3183 2665 ac
3217 2616 3331 2663 tota

1754 2715 1999 2787 perfecta
2024 2712 2268 2783 perfecte
2300 2710 2356 2763 in
2391 2707 2639 2779 perfecto
2671 2703 2881 2774 Spiritu
2914 2710 3126 2757 sancto.
3160 2699 3334 2755 Totus

1753 2808 1901 2864 enim
1953 2806 2010 2860 in
2060 2813 2174 2858 toto
2216 2801 2357 2857 Filio
2393 2808 2450 2855 et
2493 2798 2703 2868 Spiritu
2740 2803 2934 2851 sancto
2963 2792 3209 2864 perfecte
3250 2800 3334 2845 est

107 2880 169 2971 τῷ
214 2902 317 2973 Υἱῷ
361 2880 463 2956 καί
517 2880 593 2972 τῷ
637 2880 917 2967 Πνεῦματι
946 2880 1181 2958 τελείως
1206 2895 1354 2947 ἐστὶν
1387 2895 1414 2946 ὁ
1441 2892 1651 2962 Πατηρο

1776 2898 1938 2960 >ater,
1973 2903 2228 2963 totusque
2276 2891 2333 2945 in
2371 2897 2487 2944 toto
2538 2888 2702 2942 Patre
2748 2894 2805 2940 et
2846 2883 3054 2954 Spiritu
3089 2880 3333 2952 perfecte

108 2969 184 3043 κάξ
220 2969 328 3055 ὅλος
360 2993 417 3045 tv
445 2969 664 3061 ὅλῳ-τῷ
689 2985 863 3057 [Iath
902 2984 996 3038 καὶ
1024 2982 1101 3053 τῷ
1129 2982 1404 3052 Πνεῦματι
1434 2978 1656 3042 τελείως

1776 2994 1840 3041 :st
1878 2986 2074 3046 Filius,
2118 2998 2183 3036 ac
2211 2990 2358 3036 totus
2390 2978 2447 3032 in
2481 2985 2595 3032 toto
2624 2977 2785 3030 Patre
2816 2982 2872 3027 et
2913 2972 3054 3027 Filio
3086 2969 3334 3040 perfecte

108 3083 229 3136 ἐστὶν
250 3083 277 3136 ὁ
309 3083 469 3147 Υιός·
512 3058 609 3135 at
633 3058 754 3133 ὅλον
783 3077 841 3131 tv
865 3076 972 3145 ὅλῳ
993 3074 1069 3145 τῷ
1098 3074 1272 3144 Πατρι
1311 3072 1407 3125 καὶ
1437 3070 1514 3142 τῷ
1542 3068 1656 3139 Υἱῷ

1776 3083 1845 3129 ast
1877 3070 2114 3141 Spiritus
2136 3077 2380 3123 sanctus.
2411 3062 2783 3130 Quamobrem
2814 3059 2979 3115 etiam
3010 3073 3155 3112 unus
3191 3058 3337 3111 Deus

1776 3163 1797 3170 ,ι
1999 3167 2007 3170 _
2054 3157 2153 3170 ..ν-ιο..
2298 3165 2308 3170 -
2360 3153 2409 3170 n,
2438 3151 2596 3170 [νειμ-
2638 3156 2857 3170 --....ι---
2928 3147 3040 3170 Π..-
3085 3145 3227 3170 ...ιε-η.
3273 3158 3337 3170 ..Α

109 3174 297 3238 τελείως
328 3145 448 3229 ἐστὶ
476 3172 544 3226 τὸ
570 3170 797 3240 Πνεῦμα
829 3167 892 3220 τὸ
924 3166 1096 3233 ἅγιον.
1130 3163 1221 3216 Διὸ
1240 3161 1333 3215 καὶ
1362 3156 1443 3225 εἷς
1471 3160 1604 3222 Θεὸς
1631 3162 1658 3213 ὁ

1776 3163 1929 3217 Pater
1959 3167 2015 3213 et
2054 3157 2227 3212 Filius
2260 3165 2316 3208 et
2360 3151 2599 3222 Spiritus
2636 3156 2878 3203 sanctus.
2928 3147 3044 3202 Una
3082 3145 3229 3199 enim
3272 3158 3339 3198 ac

111 3233 392 3337 ﬂatﬁpvxa‘t
420 3267 447 3320 ὁ
480 3262 615 3326 Υἱὸς
647 3233 742 3315 καί
767 3259 827 3313 τὸ
854 3256 1083 3328 Πνεῦμα
1109 3254 1171 3306 τὸ
1197 3253 1370 3322 ἅγιον.
1407 3251 1523 3306 Μία
1548 3251 1658 3321 γὰρ

1776 3248 1955 3303 eadem
1992 3242 2232 3301 essentia
2270 3255 2375 3306 eSt,
2407 3240 2697 3307 virtusque
2723 3246 2780 3291 et
2806 3233 3055 3305 Operatio
3076 3233 3257 3289 Patris
3279 3240 3339 3285 et

112 3360 189 3409 καὶ
211 3323 398 3428 αὑτὴ
429 3323 606 3410 οὐσίαν
627 3352 723 3406 καὶ
770 3323 1017 3418 δύναμις-
1042 3346 1137 3400 καὶ
1166 3344 1414 3414 ἐνέργεια
1442 3341 1659 3412 Πατρὸς

1776 3341 1887 3396 Filii
1916 3346 1971 3393 et
1994 3336 2233 3407 Spiritus
2259 3330 2433 3388 sancti
2457 3346 2472 3395 ;
2509 3344 2635 3384 cum
2664 3336 2865 3383 neuter
2887 3339 3079 3381 eorum
3107 3323 3230 3379 sine
3253 3324 3336 3379 al-

108 3447 183 3499 καὶ
222 3422 344 3501 Ῠίοῦ
377 3422 475 3500 καὶ
528 3442 685 3513 ἁγίου
729 3439 1079 3509 Πνεὺματοςῃ
1118 3436 1217 3489 οῦκ
1250 3433 1404 3498 ὄντος
1445 3431 1658 3495 οὐδενὸς

1776 3448 1884 3489 ιετο
1910 3430 2138 3487 exsistat
2165 3433 2262 3481 aut
2286 3422 2652 3493 intelligatur.

107 3537 184 3590 τοῦ
207 3539 381 3610 ἐτέρου
411 3536 591 3608 χωρὶς
617 3533 650 3603 ἢ
679 3530 987 3602 νοουμένου.

413 3589 465 3608 ,ν
506 3589 518 3607 .
570 3589 587 3598 -
638 3589 650 3603 .
805 3589 819 3602 .

164 3623 223 3695 β’.
271 3627 429 3680 Πᾶσα
473 3622 669 3693 νόησις
690 3661 708 3687 ,
761 3618 872 3672 τῶν
912 3614 1177 3671 νοούντων
1222 3610 1320 3666 καὶ
1354 3610 1664 3681 νοουμένων

1835 3609 1894 3664 2.
1920 3603 2113 3662 Omnis
2144 3597 2473 3664 intellectio,
2512 3609 2708 3651 eorum
2742 3598 2827 3649 est
2852 3605 2975 3663 qua;
3003 3589 3337 3661 intelligunt,

107 3680 251 3769 ἐστίν·
283 3718 313 3770 ὁ
334 3715 389 3770 δὲ
419 3680 583 3775 Θεὸς,
618 3680 742 3764 οῦτε
774 3707 881 3763 τῶν
905 3706 1169 3760 νοούντων
1196 3702 1367 3769 ἐστὶν,
1400 3680 1524 3756 οὔτε
1554 3702 1665 3756 τῶν

1776 3708 1822 3755 et
1864 3711 1985 3767 quae
2019 3692 2403 3763 intelliguntur
2449 3705 2464 3742 :
2514 3687 2662 3742 Deus
2704 3698 2855 3748 vero,
2894 3697 3072 3752 neque
3115 3680 3339 3749 horum,

108 3802 383 3875 νοουμένων
404 3819 419 3834 ο
452 3808 455 3812 ’
490 3800 634 3871 ὑπὲρ
674 3796 849 3852 ταῦτα
886 3795 995 3864 γάρ
1019 3810 1035 3827 ο
1094 3793 1217 3846 ἐπεὶ
1243 3791 1663 3862 περιγράφεται,

1776 3805 1947 3859 neque
1983 3786 2198 3839 illorum
2230 3791 2334 3838 est.
2358 3780 2573 3851 Quippe
2601 3777 2851 3847 utrisque
2869 3774 3163 3845 superior:
3203 3774 3341 3829 alias

106 3895 189 3964 τῆς
214 3864 300 3949 τοῦ
326 3864 627 3966 νοουμένοῦ
661 3888 918 3961 σχέσεως,
954 3886 1030 3947 ὼς
1057 3883 1215 3949 νοῶν,
1248 3882 1664 3953 προσδεόμενοςο

1776 3894 2002 3949 namque
2049 3872 2637 3936 circumscriberetnr;
2674 3870 2826 3924 velut
2878 3866 3088 3922 scilicet
3132 3864 3342 3921 intelli-

108 3986 136 4055 ἢ
176 3986 246 4057 τῷ
281 3986 499 4042 νοοῦντι
546 3979 793 4053 φυσικῶς
839 3976 1191 4038 ὑποπίπτων,
1247 3973 1336 4026 διὰ
1361 3973 1460 4045 τὴν
1483 3973 1667 4043 σχέσιν

1776 3988 1923 4045 gens,
1958 3970 2077 4039 ejus
2102 3966 2250 4037 quod
2298 3962 2628 4032 intelligitur
2658 3958 3041 4014 habitudinem
3084 3970 3342 4012 necessa-

109 4047 390 4151 νοούμενος.
426 4047 697 4132 Λείττεται
718 4070 871 4141 γοῦν,
913 4069 1049 4140 μήτε
1072 4068 1230 4130 νοεῖν,
1269 4066 1404 4135 μήτε
1430 4064 1667 4119 νοεῖσθαι

1776 4068 1905 4121 riam
1939 4064 2170 4124 habens,
2200 4057 2286 4112 vel
2309 4056 2411 4111 sub
2449 4052 2810 4121 intelligente,
2843 4048 2937 4118 qui
2971 4049 3042 4102 ob
3067 4047 3346 4102 habitudi-

108 4170 186 4224 τὸν
207 4138 330 4227 Θεὸν
349 4138 770 4238 ὑπολαμϐάνειν
786 4178 799 4193 ·
853 4138 969 4215 ἀλλ’
992 4158 1129 4230 ὑπὲρ
1154 4156 1214 4210 τὸ
1238 4159 1377 4210 νοεῖν
1406 4151 1548 4209 εἶναι
1574 4157 1667 4209 καὶ

1776 4170 1897 4210 nem
1944 4151 2369 4220 intelligeretur,
2421 4142 2751 4198 naturaliter
2801 4139 3025 4195 cadens.
3079 4138 3346 4208 Superest

108 4263 342 4317 νοεῖσθαι.
377 4260 511 4314 Τῶν
532 4229 642 4329 γὰρ
675 4255 794 4328 μετ’
815 4252 1001 4318 αὑτὸν,
1033 4229 1278 4319 φυσικῶς
1304 4247 1421 4303 ἐστι
1448 4248 1509 4301 τὸ
1529 4249 1667 4301 νοεῖν

1776 4247 1960 4318 igitur,
1993 4251 2056 4296 ut
2086 4256 2188 4295 nec
2218 4236 2526 4307 intelligere
2557 4250 2661 4289 nec
2684 4231 2916 4303 intelligi
2946 4232 3121 4287 Deum
3155 4229 3347 4285 existi-

106 4352 188 4405 καὶ
214 4353 271 4407 τὸ
291 4351 560 4409 νοεῖσθαι.

1776 4350 2016 4399 memus;
2038 4331 2197 4403 485
2225 4330 2319 4385 sed
2339 4329 2601 4384 utrolibet
2620 4327 2818 4381 horum
2834 4323 3175 4396 superiorem
3192 4329 3348 4392 pute-

106 4458 232 4499 mus.
268 4444 444 4501 Ambo
469 4440 622 4497 enim
664 4437 806 4512 (tum
844 4434 1109 4490 nimirum
1147 4429 1455 4502 intelligere
1495 4437 1612 4487 tum
1659 4428 1911 4500 intelligi)
1943 4426 2011 4480 ad
2051 4440 2115 4479 ea
2153 4438 2275 4495 qua:
2317 4437 2348 4477 a
2392 4421 2505 4476 Deo
2545 4418 2785 4475 secunda
2829 4424 2978 4483 sunt,
3020 4412 3349 4471 naturaliter

107 4545 353 4606 spectant.

163 4632 227 4694 γ’.
280 4628 440 4681 Πᾶσα
489 4623 709 4694 νόησις,
762 4619 953 4699 ὥσπερ
999 4617 1057 4671 tv
1096 4615 1253 4688 οὐσίᾳ
1299 4616 1519 4682 πάντως
1558 4618 1667 4690 ἔχει

1843 4621 1896 4674 ‘5.
1927 4616 2118 4674 Omnis
2173 4611 2476 4669 intellectio
2504 4609 2649 4666 sicut
2701 4604 2928 4662 omnino
2953 4603 3009 4658 in
3035 4599 3347 4658 substantia

103 4717 192 4787 τὴν
218 4718 361 4773 θέσιν
394 4719 477 4782 ὡς
507 4698 923 4785 ποιότης,νοῦτω
953 4710 1046 4763 καὶ
1073 4709 1202 4779 περὶ
1225 4707 1415 4763 οὑσίαν
1439 4726 1667 4763 πεποιω-

1777 4712 1964 4768 sedem
1990 4708 2175 4769 habet,
2203 4704 2405 4774 quippe
2437 4718 2563 4756 cum
2612 4699 2684 4754 sit
2708 4698 2978 4767 qualitas;
3020 4694 3100 4750 sic
3127 4707 3348 4763 quoque

110 2468 217 2520 της’
266 2451 381 2504 οῦτε
431 2449 634 2520 ἀτελὴς
678 2447 815 2510 Θεὸς
862 2446 892 2498 ὁ
935 2442 1127 2514 Πατὴρ
1153 2481 1170 2506 ,
1223 2443 1257 2512 ἢ
1288 2443 1316 2493 ὁ
1348 2440 1496 2503 Υἱὸς,
1530 2439 1564 2509 ἢ
1591 2439 1652 2493 τὸ

110 2542 301 2613 Πνεῦμα
326 2542 386 2596 τὸ
410 2542 575 2611 ἅγιον
596 2556 613 2573 ο
642 2539 758 2593 ἀλλ’
799 2537 897 2608 ὅλη
924 2535 1075 2589 ἐστὶν
1100 2537 1134 2605 ή
1170 2533 1310 2605 αὑτὴ
1348 2530 1531 2585 τελεία
1570 2547 1655 2583 τε-

108 2632 238 2697 λείως
259 2635 312 2687 tv
337 2632 532 2703 τελείῳ
558 2630 637 2702 τῷ
667 2628 843 2700 Πατρί
860 2646 873 2659 ·
901 2628 998 2683 καὶ
1025 2626 1118 2697 ὅλη
1144 2626 1327 2680 τελεία
1347 2625 1566 2687 τελείως
1594 2624 1654 2676 tv

110 2724 268 2797 τελείῳ
291 2726 365 2797 τῷ
393 2725 511 2796 Υίῷ
542 2725 577 2795 ἡ
602 2722 763 2792 αὑτή’
796 2720 894 2776 καὶ
917 2721 1013 2790 ὅλη
1038 2718 1219 2773 τελεία
1249 2717 1474 2780 τελείως
1497 2718 1530 2787 ἡ
1555 2716 1653 2770 αὑ·

107 2815 159 2885 τὴ
203 2816 255 2868 ἐν
292 2815 481 2885 τελείῳ
521 2813 602 2883 τῷ
624 2813 765 2882 ἁγίῳ
792 2809 1093 2881 Πνεῦματι.
1129 2809 1289 2872 Ὄλος
1314 2809 1423 2878 γὰρ
1459 2809 1517 2861 tv
1548 2807 1654 2879 ὅλῳ

107 4808 260 4880 μένην
293 4809 408 4880 ἔχει
454 4808 559 4878 τὴν
596 4804 830 4875 κίνησιν.
890 4799 967 4857 Οὐ
997 4799 1106 4871 γὰρ
1136 4799 1333 4868 ἄφετόν
1362 4816 1417 4873 τι
1444 4800 1673 4854 καθόλου

106 4900 188 4950 καὶ
227 4898 432 4952 ἁπλοῦν
465 4895 589 4950 καθ’
612 4893 773 4947 ἑαυτὸ
803 4888 1049 4961 ὑφεστὼς
1076 4888 1299 4942 δυνατόν
1327 4889 1474 4943 ἐστιν
1504 4890 1675 4963 αὐτὴν

106 4986 481 5056 ὑποδέξασθαι,
500 4988 584 5040 ὅτι
610 4985 686 5055 μὴ
707 4983 901 5052 ἆφετὸς
925 4983 1042 5034 ἐστι
1065 4980 1160 5035 καὶ
1178 4981 1345 5052 ἁπλῆ.
1362 4982 1423 5034 ’0
1443 4982 1497 5036 δὲ
1521 4982 1673 5046 Θεὸς,

104 5075 217 5130 κατ’
244 5076 415 5148 ἄμφω
449 5076 682 5146 πάμπαν
711 5073 975 5144 ὑπάρχων
999 5068 1226 5136 ἁπλοῦς,
1265 5071 1359 5124 καὶ
1390 5071 1548 5126 οὑσία
1579 5071 1674 5126 τοῦ

105 5166 159 5220 tv
182 5166 529 5238 ὑποκειμένῳ
552 5163 743 5237 χωρὶς,
796 5161 891 5215 καὶ
917 5161 1099 5230 νόησις
1132 5158 1210 5230 μὴ
1235 5158 1433 5230 ἔχουσά
1453 5178 1507 5214 τι
1535 5161 1673 5215 καθ-

105 5258 243 5327 άπαξ
272 5257 635 5329 ὑποκείμενον
655 5270 670 5286 ο
705 5253 806 5309 οὑκ
828 5252 944 5306 ἐστι
970 5250 1078 5303 τῶν
1100 5249 1365 5305 νοούντων
1396 5252 1491 5304 καὶ
1521 5268 1675 5305 νοου-

108 5348 313 5419 μένων,
373 5349 455 5414 ὡς
510 5346 652 5418 ὑπὲρ
694 5344 882 5400 οὑσίαν
940 5340 1204 5413 ὑπάρχων
1276 5340 1519 5413 δηλονότι
1586 5341 1678 5397 καὶ

103 5440 302 5518 νόησιν.

170 5620 234 5678 δ’.
253 5622 475 5692 Ὠσπερ
499 5618 558 5674 tv
574 5615 653 5689 τῷ
678 5614 890 5687 κέντρῳ
915 5611 1026 5669 τῶν
1044 5611 1107 5678 ἐξ
1126 5608 1292 5667 αὑτοῦ
1315 5608 1437 5666 κατ’
1460 5610 1675 5666 εὐθεῖαν

106 5712 479 5781 ἐκτεταμένων
520 5706 796 5781 γραμμῶν
845 5703 1151 5776 ἀδιαίρετος
1206 5703 1489 5773 θεωρεῖται
1543 5718 1680 5757 πανο

1779 4802 1925 4857 circa
1956 4796 2320 4853 substantiam
2346 4791 2609 4861 qualitate
2639 4787 2906 4841 imbutam
2925 4791 3135 4839 motum
3162 4782 3348 4837 habet.

1779 4892 1898 4948 Non
1921 4888 2071 4944 enim
2112 4884 2232 4940 ﬁeri
2279 4889 2484 4953 potest,
2509 4888 2572 4935 ut
2594 4876 2728 4948 quid
2772 4875 2999 4931 omnino
3035 4872 3350 4927 absolutum

1781 4996 1846 5037 ac
1888 4976 2122 5047 simplex
2144 4987 2243 5045 per
2281 4986 2340 5027 se
2372 4971 2666 5030 exsistens,
2709 4967 2857 5022 illam
2904 4963 3201 5033 suscipiat,
3225 4974 3350 5015 cum

1779 5086 1959 5141 neque
2005 5069 2098 5124 illa
2128 5066 2381 5122 absoluta
2415 5078 2480 5142 ac
2514 5062 2749 5132 simplex
2780 5058 3027 5115 exsistat.
3061 5055 3208 5111 Deus
3256 5068 3350 5108 au~

1781 5171 1894 5218 tem
1921 5171 2158 5230 utroque
2180 5157 2343 5212 modo
2374 5155 2491 5223 ipse
2538 5168 2767 5225 prorsus
2810 5148 3063 5220 simplex,
3114 5162 3180 5202 ac
3218 5145 3350 5201 sub-

1781 5253 1988 5310 stantia
2024 5267 2137 5306 non
2182 5249 2241 5304 in
2277 5247 2564 5317 subjecto,
2605 5241 3017 5309 intellectioque
3063 5237 3202 5291 nihil
3236 5236 3352 5306 ipsa

1781 5345 2011 5403 omnino
2040 5342 2351 5412 subjectum
2375 5337 2611 5402 habens,
2647 5348 2761 5389 non
2782 5346 2975 5387 eorum
3005 5335 3092 5383 est
3123 5342 3244 5398 quae
3267 5326 3352 5381 in-

1780 5437 2041 5508 telligunt
2064 5440 2162 5489 aut
2198 5430 2611 5501 intelliguntur,
2661 5433 2723 5481 ut
2755 5423 2851 5495 qui
2880 5422 3145 5478 nimirum
3186 5434 3353 5490 supra

1784 5522 2149 5582 substantiam
2171 5517 2719 5584 intellectionemque
2741 5510 2994 5568 exsistat.

1854 5611 1910 5666 4.
1940 5603 2417 5675 Quemadmodum
2468 5603 2742 5657 linearum
2782 5606 2934 5655 recta
2972 5614 3003 5653 a
3029 5604 3223 5652 centro
3251 5595 3353 5650 du-

1786 5708 2001 5759 ctarum
2032 5696 2267 5754 indivisa
2292 5693 2515 5753 penitus
2537 5692 2595 5748 in
2621 5707 2689 5750 eo
2716 5690 3100 5748 consideratur
3120 5686 3323 5752 positio
3340 5704 3355 5719 ·
