4064 6438
209 356 340 428 1129

1037 365 1371 428 CAPITUM
1408 367 1680 430 THEOL.
1721 371 1816 431 ET
1851 373 2088 436 (ECON.
2129 375 2515 438 CENTURIA
2553 381 2637 443 II.

3313 387 3448 460 .1130

201 488 301 525 ι’ων
345 467 438 522 τὸν
482 468 607 524 νοῦν
630 511 669 534 ,_
708 470 845 542 πρὸς
881 471 1066 527 πάντα
1116 475 1185 528 τὰ.
1231 476 1370 546 μετὰ
1402 476 1536 530 Θεὸν
1562 480 1764 548 τυφλὸν

1865 482 1970 539 bus
1998 485 2343 555 superiorem
2375 499 2615 545 mentem
2665 490 2942 555 attollens,
2996 492 3064 545 ad
3095 495 3281 550 omnia
3322 513 3444 568 qua:

189 559 652 630 ἀπεργαζόμενον.
677 562 886 626 Μόνους
907 564 1016 635 γὰρ
1033 565 1159 628 τοὺς
1174 566 1409 635 τυφλοὺς
1431 568 1566 638 πρὸς
1585 570 1763 623 πάντα

186 649 260 704 τὰ
304 651 442 720 μετὰ
487 651 619 704 Θεὸν
667 655 1065 726 γεγενημένους
1095 658 1124 710 ὁ
1146 657 1352 730 Κύριος
1378 660 1613 730 σοφίζει,
1649 663 1763 716 δει-

188 741 321 806 κνὺς
352 743 420 796 τὰ
453 743 721 816 θειότερα.

258 940 309 988 ι’.
357 933 416 987 '0
464 933 559 988 τοῦ
606 934 740 988 Θεοῦ
789 937 978 1007 λόγος,
1035 940 1220 1013 κόκκῳ
1246 943 1516 1008 σινάπεως
1549 945 1760 1009 ἐοικὼς,

179 1024 288 1095 πρὸ
316 1024 418 1094 τῆς
443 1027 716 1097 γεωργίας
747 1029 889 1083 πάνυ
917 1026 1058 1086 εἶναι
1080 1033 1228 1088 δοκεῖ
1259 1036 1478 1107 μικρός
1539 1037 1762 1092 ὲπειδάν

178 1115 238 1168 δὲ
271 1117 566 1186 γεωργηθῇ
598 1118 848 1186 δεόντως,
882 1123 1136 1178 τοσοῦτον
1165 1125 1528 1181 διαδείκνυται
1563 1130 1756 1199 μέγας,

177 1203 321 1259 ὥστε
350 1209 475 1271 τοὺς
503 1209 614 1262 τῶν
645 1211 921 1283 αίσθητῶν
951 1216 1047 1269 καὶ
1077 1217 1188 1270 τῶν
1213 1219 1420 1288 νοητῶν
1447 1221 1761 1293 κτισμάτων

178 1295 546 1364 μεγαλοφυεῖς
586 1300 776 1368 λόγους
796 1305 1015 1374 πτηνῶν
1041 1307 1195 1379 δίκην
1225 1310 1376 1380 αὐτῷ
1408 1313 1761 1368 ὲπαναπαύε-

179 1385 328 1440 σθαι.
370 1388 595 1444 Πάντων
621 1393 729 1463 γὰρ
760 1395 809 1446 οί
851 1395 1001 1466 λόγοι
1031 1399 1436 1472 καθεστήκασιν
1467 1405 1616 1477 αὐτῷ
1651 1425 1760 1477 χω-

175 1479 358 1548 ρητοί·
407 1483 568 1547 αὐτὸς
604 1486 698 1551 δὲ,
731 1487 842 1542 τῶν
874 1490 1042 1545 ὄντων
1090 1495 1237 1548 ἐστὶν
1275 1497 1450 1552 οὐδενὶ
1493 1501 1757 1571 χωρητός.

170 1572 260 1624 Διὸ
305 1572 399 1626 τὸν
438 1575 629 1644 ἔχοντα
659 1580 844 1635 πίστιν
885 1583 962 1648 ώς
1007 1585 1208 1640 κόκκον
1253 1591 1524 1654 σινάπεως
1549 1633 1565 1657 ,
1601 1593 1761 1646 δύνα-

171 1663 295 1717 σθαι
345 1668 657 1736 μεταθεῖναι
700 1673 844 1745 λόγῳ
893 1676 956 1729 τὸ
1004 1677 1127 1749 ὅρος
1163 1682 1191 1732 ό
1216 1681 1416 1752 Κύριος
1442 1683 1566 1756 ἔφη’
1607 1703 1762 1738 τουτ-

173 1758 289 1809 έστι
315 1797 334 1821 ,
379 1759 441 1812 τὸ
471 1762 591 1815 καθ’
612 1765 769 1834 ἡμῶν
798 1767 890 1820 τοῦ
917 1769 1163 1824 διαϐόλου
1191 1775 1390 1844 κράτος
1413 1775 1758 1843 ἁποδιώκειν,

171 1849 260 1903 καί
299 1852 654 1922 μετατιθέναι
683 1857 785 1926 τῆς
818 1857 1050 1929 βάσεως.

239 2033 336 2086 ια’.
395 2031 614 2096 Κόκκος
657 2034 751 2088 τοῦ
801 2037 1077 2102 οινὰπεώς
1105 2040 1256 2095 ἐστιν
1283 2043 1312 2094 ὁ
1344 2042 1578 2114 Κύριος,
1619 2046 1761 2101 κατά

169 2120 361 2175 πίστιν
415 2123 474 2178 ὲν
519 2125 801 2196 Ιινεύματι
851 2132 1211 2204 σπειρόμενος
1260 2135 1320 2188 ἐν
1361 2138 1480 2200 ταῖς
1511 2138 1760 2207 καρδίαις

167 2213 269 2267 τῶν
301 2215 634 2288 δεχομένωνο
665 2219 724 2274 ὃν
752 2222 780 2275 ὁ
807 2223 1084 2294 ἐπιμελῶς
1108 2225 1198 2280 διὰ
1220 2227 1329 2281 τῶν
1351 2229 1564 2296 ἀρετῶν
1589 2247 1760 2301 γεωρ-

167 2307 345 2377 γήσας
365 2349 380 2370 .
436 2311 498 2363 τὸ
524 2312 624 2382 μὲν
651 2313 779 2386 ὅρος
810 2315 904 2370 τοῦ
935 2317 1122 2387 χοϊκοῦ
1147 2321 1497 2392 φρονήματος
1523 2324 1758 2393 μετατί-

165 2401 289 2471 θησι
312 2444 331 2465 ,
390 2404 492 2475 τὴν
535 2406 852 2480 δυσκίνητον
891 2411 1005 2476 ἕξιν
1047 2414 1243 2467 ἑαυτοῦ
1276 2416 1377 2485 τῆς
1409 2418 1608 2482 κακίας
1636 2421 1757 2474 κατ’

164 2491 421 2558 ἐξουσίαν
469 2499 858 2573 ἀπωθούμενος
879 2520 895 2535 ⁸
951 2506 1078 2571 τοὺς
1114 2507 1188 2578 δὲ,
1213 2508 1408 2578 λόγους
1439 2511 1617 2583 ἑαυτῷ
1647 2515 1756 2566 τῶν

163 2584 402 2640 ἐντολῶν
436 2589 533 2642 κα)⁵
557 2592 683 2656 τοὺς
707 2594 966 2663 τρόπους,
993 2597 1026 2666 ἢ
1057 2599 1152 2652 καὶ
1177 2598 1276 2664 τὰς
1300 2599 1448 2666 Θείας
1471 2602 1751 2674 δυνάμεις,

163 2675 313 2730 ὥσπε
322 2695 360 2749 ρ
393 2681 614 2735 πετεινά
642 2685 872 2755 ούρανοῦ
901 2689 1269 2746 ἐπαναπαύει.

228 2769 326 2840 ιβ’.
369 2770 460 2842 Τῷ
501 2774 691 2846 Κυρίῳ
737 2777 987 2851 καθάπερ
1037 2783 1144 2835 τινὶ
1192 2782 1428 2856 θεμελίῳ
1485 2787 1749 2853 πίστεως,

162 2861 218 2915 τὺ
243 2861 389 2934 ὕψος
416 2867 899 2937 ἐποικοδομοῦντες
934 2874 1044 2927 τῶν
1095 2875 1340 2944 ἀγαθῶν,
1377 2880 1622 2948 χρυσίον,
1651 2881 1752 2952 ἀρ-

163 2954 379 3025 γύριον,
415 2955 594 3022 λίθους
619 2961 836 3031 τιμίους
873 2964 1194 3036 ἐπιθώμεθα
1216 2983 1230 2996 ’
1266 2971 1535 3034 τουτέστι,
1565 2970 1746 3025 θεολο-

163 3047 281 3114 γίαν
344 3050 592 3120 καθαρὰν
646 3055 740 3106 καὶ
779 3054 1091 3127 ἀκίϐδηλον,
1115 3061 1211 3112 καὶ
1241 3060 1357 3130 βίον
1387 3061 1620 3134 διαφανῆ
1654 3064 1750 3117 καὶ

163 3136 577 3240 λαμπρῶς-καὶ
610 3141 787 3240 θείους
815 3144 1113 3216 λογισμοὺς
1145 3149 1213 3202 τὰ
1241 3152 1578 3222 μαργαρώδη
1620 3154 1747 3225 νοή-
1775 3181 1817 3240 C

164 3247 350 3299 ματα·
400 3231 538 3292 ἀλλὰ
587 3233 662 3306 μὴ
706 3234 859 3302 ξύλα,
922 3238 997 3308 μὴ
1042 3240 1233 3310 χόρτον
1287 3257 1424 3313 μητε
1462 3244 1744 3316 καλάμην·

161 3320 413 3375 τουτέστι
440 3361 454 3385 ,
517 3325 656 3394 μήτε
703 3327 1186 3400 εἰδωλολατρείαν⁹
1236 3332 1408 3402 ἦγουν
1469 3335 1571 3404 τὴν
1620 3336 1750 3407 περὶ

161 3411 225 3465 τὰ
270 3413 518 3484 αἰσθητά
582 3417 846 3489 πτόησιν⁶
906 3421 1043 3490 μήτε
1091 3420 1208 3491 βίον
1265 3423 1571 3493 ἀλόγιστον,
1609 3427 1748 3498 μήτε

161 3508 458 3574 λογισμοὺς
488 3507 776 3576 ἐμπαθεῖς,
799 3511 1009 3581 καὶτῆς
1041 3513 1186 3568 κατά
1230 3515 1424 3584 σοφίαν
1477 3521 1748 3582 συνέσεως

160 3595 357 3667 ὥσπερ
394 3599 682 3670 ἀσταχύων
711 3603 906 3673 ὲστερη
916 3604 1141 3674 μένους,

229 3759 331 3823 ιγ’.
382 3753 444 3808 '0
494 3755 749 3823 γνώσεως
795 3759 1104 3832 ἐφιέμενος,
1163 3765 1600 3840 ἁμετακινὴτους
1648 3770 1748 3833 τὰς

161 3844 355 3914 βάσεις
383 3847 484 3916 τῆς
515 3848 693 3920 ψυχῆς
727 3853 996 3922 ὲρεισάτω
1046 3858 1200 3928 παρὰ
1253 3859 1334 3930 τῷ
1361 3861 1574 3932 Κυρίῳ,
1605 3862 1749 3916 καθά

159 3955 332 4008 φησιν
359 3940 388 3991 ό
413 3938 544 4003 Θεὸς
574 3941 651 4012 τῷ
677 3945 884 4016 Μωῦσῇ
905 3963 919 3976 ·
953 3945 1038 4024 ξὺ
1070 3948 1140 4000 δὲ
1170 3951 1357 4006 αὐτοῦ
1387 3952 1569 4022 στῆθι
1616 3955 1746 4024 μετ’

158 4030 329 4109 ὲμσῦε
374 4033 575 4087 ’ἰστέον
614 4035 693 4098 δὲ,
739 4038 820 4090 ὅτι
858 4039 956 4091 καὶ
977 4013 1041 4093 ἓν
1069 4042 1254 4107 αὐτοῖς
1278 4047 1391 4109 τοῖς
1433 4047 1747 4116 ἱσταμένοις

161 4125 313 4196 παρὰ
338 4125 416 4196 τῷ
434 4128 621 4200 Κυρίῳ
651 4130 769 4183 ἐστὶ
797 4131 1032 4205 διαφορά
1050 4151 1064 4165 ·
1099 4134 1260 4207 εἴπερ
1282 4139 1460 4193 ἐκεῖνο
1493 4143 1569 4210 μὴ
1600 4159 1747 4212 παρ-

110 4227 115 4240 ’
157 4214 341 4285 έργως
399 4217 836 4280 ἀναγινώσκεται
895 4225 1010 4286 τοῖς
1057 4225 1406 4296 φιλομαθέσι,
1449 4227 1550 4292 τὸ,
1611 4230 1748 4284 Εἰσί

160 4323 318 4374 τινες
343 4306 463 4362 τῶν
487 4304 605 4365 ὦδε
634 4311 927 4380 ἑστώτων,
962 4317 1180 4384 οἵτινες
1209 4321 1281 4374 οὐ
1304 4319 1391 4390 μὴ
1421 4322 1748 4390 γεύσωνται

159 4404 447 4468 θανάτου,
489 4405 601 4472 ἕως
651 4409 732 4461 ἂν
775 4409 949 4464 ἴδωσι
971 4410 1087 4480 τὴν
1104 4413 1437 4478 ,βασιλείαν
1460 4415 1567 4470 τοῦ
1595 4415 1745 4478 Θεοῦ

1866 592 1898 631 a
1934 577 2046 632 Deo
2083 578 2328 634 secunda
2362 591 2512 646 sunt,
2561 598 2758 637 caecam
2811 583 3014 638 reddit.
3053 579 3163 642 Eos
3211 605 3447 659 namque

1868 684 2008 724 unos
2037 669 2306 725 Dominus
2347 674 2627 742 sapientes
2656 675 2810 740 facit,
2841 677 3143 742 ostendens
3162 695 3283 749 qua:
3321 693 3450 735 sunt

1865 760 2164 826 diviniora,
2199 762 2309 818 illis
2355 765 2451 836 qui
2497 766 2562 820 ad
2614 769 2797 822 omnia
2825 785 2947 838 quae
2981 786 3011 824 a
3047 771 3160 827 Deo
3206 775 3448 829 secunda

1864 861 2014 916 sunt,
2043 854 2170 907 ezeci
2197 855 2474 910 exsistunt
2497 857 2563 911 δ’.

1945 945 2026 1000 ΙΟ.
2055 945 2152 1000 Dei
2181 961 2385 1013 sermo,
2419 965 2588 1020 grano
2627 952 2836 1022 sinapis
2868 952 3085 1018 similis,
3123 955 3446 1026 priusquam

1864 1038 2102 1104 colatur,
2152 1039 2388 1110 exiguus
2440 1041 2739 1096 admodum
2791 1053 3022 1114 apparet
3065 1063 3079 1099 :
3117 1046 3211 1101 ubi
3264 1058 3446 1102 autem

1863 1147 2009 1196 eam,
2043 1147 2165 1202 quae
2193 1132 2407 1200 deceat,
2431 1135 2706 1189 culturam
2736 1139 3030 1208 acceperit,
3064 1146 3212 1194 tanta
3248 1157 3446 1209 proce-

1865 1223 2030 1279 ritate
2062 1224 2353 1294 excrescit,
2415 1234 2479 1286 ut
2533 1236 2868 1292 creatorum,
2921 1238 3034 1290 tum
3095 1246 3217 1301 qua:
3279 1249 3446 1287 sensu

1863 1315 2267 1386 percipiuntur,
2303 1324 2418 1369 tum
2465 1331 2588 1386 quae
2639 1315 2756 1371 sola
2804 1325 2989 1371 mente
3035 1319 3444 1389 intelliguntur.

1865 1407 2165 1478 magnifice
2198 1407 2443 1462 rationes
2465 1407 2757 1462 volucrum
2789 1407 2964 1462 instar
3006 1409 3063 1462 in
3099 1425 3166 1462 eo
3227 1413 3448 1480 requie-

1869 1509 2026 1556 scant
2051 1500 2118 1554 ⁸³.
2166 1499 2424 1554 Omnium
2454 1500 2601 1554 enim
2628 1500 2720 1555 ille
2765 1501 3012 1557 rationes
3041 1503 3187 1572 capit
3215 1521 3229 1557 :
3267 1504 3447 1573 ipsum

1862 1600 2046 1647 autem
2095 1577 2243 1662 quod
2293 1594 2468 1662 possit
2509 1609 2728 1663 capere,
2768 1595 2906 1648 nihil
2944 1596 2998 1648 in
3039 1596 3206 1650 rebus
3246 1608 3442 1652 exstat.

1862 1681 1993 1737 Ideo
2041 1667 2208 1738 etiam
2251 1683 2391 1738 dixit
2436 1683 2704 1738 Dominus
2730 1699 2880 1750 eum,
2908 1685 3002 1755 qui
3037 1685 3199 1740 fidem
3246 1687 3447 1741 habeat

1863 1774 2006 1828 sicut
2036 1790 2268 1844 granum
2299 1775 2511 1845 sinapis
2560 1792 2722 1846 posse
2756 1778 3057 1832 transferre
3083 1788 3324 1832 montem
3349 1779 3394 1810 ⁶⁴
3427 1796 3441 1831 :

1792 1842 1833 1898 Β
1863 1842 2070 1918 diaboli
2099 1865 2312 1919 scilicet
2338 1842 2632 1920 adversum
2665 1882 2767 1922 nos
2791 1867 3085 1937 imperium
3116 1878 3172 1923 et
3199 1879 3444 1938 potesta-
3537 1857 3546 1875 ’

1865 1963 1974 2010 tem
1997 1955 2207 2026 fugare,
2233 1972 2264 2010 a
2299 1956 2428 2010 sede
2455 1957 2718 2030 dejicere.

1933 2047 2019 2099 H.
2050 2045 2294 2100 Granum
2345 2046 2555 2116 sinapis
2607 2047 2874 2103 Dominus
2919 2057 3023 2110 est,
3057 2066 3156 2118 per
3187 2050 3350 2103 fidem
3386 2050 3443 2104 in

1860 2137 2057 2207 spiritu
2083 2137 2140 2191 in
2172 2137 2596 2209 suscipientium
2617 2140 2881 2194 cordibus
2909 2142 3212 2196 seminatus
3240 2161 3252 2195 :
3277 2159 3443 2212 quem

1858 2229 1951 2298 qui
1976 2229 2270 2300 diligenter
2297 2231 2532 2293 virtutes
2559 2234 2869 2304 praestando
2897 2234 3048 2298 colit,
3079 2236 3283 2289 terreni
3318 2251 3444 2291 scn-

1859 2337 1953 2378 sus
1999 2332 2249 2378 montem
2303 2324 2566 2378 transfert
2615 2324 2857 2395 (difficile
2910 2326 3124 2382 scilicet
3179 2328 3443 2382 mobilem

1856 2421 2022 2482 atque
2052 2413 2359 2469 haerentem
2389 2414 2613 2469 malitia:
2640 2415 2891 2470 habitum
2929 2416 3160 2488 vitiique
3191 2435 3220 2472 a
3245 2435 3303 2474 se
3326 2419 3443 2489 ipse

1855 2521 1957 2574 per
1990 2514 2321 2576 potestatem
2345 2505 2653 2578 depellens)
2678 2507 3174 2578 mandatorumque
3201 2512 3443 2565 rationes

1853 2608 1911 2660 et
1932 2597 2098 2671 487
2126 2599 2342 2665 modos,
2374 2600 2489 2654 sive
2518 2600 2683 2654 etiam
2736 2600 2950 2655 divinas
2979 2601 3243 2667 virtutes,
3292 2605 3444 2657 velut

1853 2691 1979 2746 οωΙί
2003 2691 2259 2746 volucres
2283 2693 2338 2746 in
2367 2707 2425 2746 se
2447 2692 2797 2761 requiescere
2831 2691 2981 2747 facit.

1936 2779 2024 2834 12.
2053 2780 2159 2847 Qui
2182 2796 2352 2851 super
2375 2781 2690 2846 Dominum,
2716 2790 2974 2850 tanquam
3015 2782 3138 2836 fidei
3163 2783 3438 2853 quoddam

1849 2871 2296 2938 fundamentum,
2331 2874 2611 2928 excelsum
2632 2873 2908 2927 bonorum
2935 2875 3152 2928 culmen
3187 2885 3439 2930 exstrua-

1849 2977 2003 3029 mus;
2052 2978 2271 3029 aurum,
2321 2972 2630 3035 argentum,
2667 2965 2877 3034 lapides
2907 2965 3186 3034 pretiosos
3223 2968 3438 3037 (puram

1849 3053 2062 3110 scilicet
2077 3061 2240 3123 atque
2258 3053 2534 3109 sinceram
2553 3053 2622 3108 de
2644 3054 2754 3108 Deo
2768 3054 3102 3116 doctrinam.
3127 3057 3440 3128 claramque

1849 3154 2015 3214 atque
2048 3145 2318 3199 illustrem
2366 3147 2536 3201 vitam
2567 3186 2582 3211 ,
2623 3161 2842 3201 necnon
2878 3162 3038 3201 sensa
3084 3149 3254 3202 animi
3279 3151 3439 3203 unio-

1849 3251 1984 3291 num
2007 3236 2185 3291 nitore
2206 3236 2490 3307 fulgentia)
2519 3253 2663 3302 ;non
2688 3238 2854 3308 ligna,
2878 3237 3089 3299 fenum,
3120 3239 3376 3309 stipulam
3391 3242 3438 3272 ⁸⁸

1851 3328 2058 3400 (neque
2111 3329 2328 3383 scilicet
2379 3329 2656 3384 idolorum
2699 3331 2932 3396 cultum,
2973 3329 3029 3385 id
3065 3341 3169 3396 est,
3204 3333 3440 3388 terrenis

1848 3420 2130 3476 addictum
2167 3420 2412 3476 animum
2456 3421 2634 3492 iisque
2668 3421 2907 3476 defixum
2956 3437 3137 3493 neque
3189 3438 3461 3504 aversam.

1847 3528 1880 3566 a
1916 3513 2131 3567 ratione
2153 3511 2345 3578 vitam,
2393 3529 2575 3583 neque
2604 3513 2826 3568 demum
2881 3514 3207 3570 libidinosas
3234 3516 3438 3585 cogita-

1849 3602 2050 3665 tiones,
2082 3612 2145 3655 ιιι
2190 3617 2313 3672 qua:
2345 3611 2604 3672 tanquam
2651 3603 2838 3674 spicis,
2892 3604 3176 3674 sapientia:
3228 3606 3437 3660 intelli-

1847 3694 2034 3763 gentia
2067 3694 2313 3766 careant)
2347 3694 2425 3749 illi
2456 3695 2828 3765 imponamus.

1917 3784 2004 3839 13.
2047 3783 2153 3851 Qui
2205 3785 2450 3840 scientiae
2502 3785 2781 3841 desiderio
2829 3795 3071 3851 tenetur,
3125 3788 3436 3844 immobiles

1848 3875 2018 3930 animi
2049 3892 2270 3946 gressus
2297 3877 2442 3947 apud
2466 3878 2761 3932 Dominum
2804 3887 3031 3944 statuat,
3076 3879 3436 3950 quemadmo-

1848 3966 1979 4021 dum
2029 3968 2107 4021 ait
2152 3969 2298 4024 Deus
2336 3970 2496 4036 Mosi,
2552 3969 2628 4024 Tu
2676 3981 2853 4027 autem
2886 3973 2968 4026 hic
3011 3981 3096 4026 sta
3146 3959 3348 4027 mecum
3365 3973 3431 4028 ⁸⁸.

1848 4057 1998 4111 Istud
2036 4074 2204 4128 porro
2239 4059 2670 4128 observandum,
2710 4062 2767 4116 in
2808 4063 2876 4117 iis
2917 4063 3083 4117 etiam
3129 4064 3433 4121 discrimen

1846 4164 1969 4205 esse
1988 4151 2083 4220 qui
2108 4158 2256 4206 stant
2282 4152 2427 4222 apud
2454 4153 2770 4219 Dominum,
2795 4155 2840 4209 si
2879 4155 3044 4209 modo
3075 4157 3305 4211 studiosi
3332 4174 3431 4212 ve-

1849 4241 2006 4313 rique
2034 4253 2310 4308 amantes,
2357 4243 2507 4314 quod
2539 4245 2612 4300 ita
2641 4246 2912 4316 scriptum
2956 4258 3061 4312 est,
3113 4263 3222 4303 non
3251 4250 3433 4305 obiter

1846 4333 2122 4404 legimus:
2156 4333 2293 4392 Sunt
2340 4337 2559 4406 quidam
2615 4339 2679 4393 de
2725 4340 2808 4393 hic
2855 4340 3136 4405 stantibus,
3178 4344 3268 4413 qui
3324 4360 3430 4398 non

1847 4427 2137 4496 gustabunt
2167 4438 2422 4492 mortem,
2457 4430 2622 4484 donec
2667 4431 2895 4484 viderint
2944 4449 3162 4504 regnum
3193 4435 3293 4490 Dei
3340 4452 3429 4490 ve-

158 4497 536 4565 ἐληλυθυῖαν
562 4501 632 4557 ἐν
659 4500 927 4573 δυνάμει.
970 4507 1045 4559 Οὐ
1099 4507 1210 4578 γὰρ
1260 4509 1428 4563 πᾶσιν
1477 4508 1564 4564 ἀεὶ
1607 4509 1748 4580 μετά

1853 4522 1999 4574 aiens
2071 4523 2127 4576 in
2177 4524 2372 4576 virtute
2394 4523 2463 4577 ⁸⁷.
2513 4524 2636 4578 Νοιι
2687 4525 2836 4580 enim
2891 4526 3157 4582 Dominus
3211 4543 3431 4598 semper

159 4591 321 4659 δόξης
351 4591 380 4641 ό
406 4591 611 4663 Κύριος
633 4594 984 4663 ἐπιφαίνεται
1019 4599 1134 4661 τοῖς
1164 4599 1298 4670 παρ’
1319 4599 1472 4669 αὐτῷ
1515 4601 1744 4672 ἱσταμέ-

165 4699 288 4745 νοις,
332 4683 471 4736 ἀλλά
507 4686 621 4748 τοῖς
664 4685 764 4755 μὲν
797 4687 1197 4758 είσαγομένοις,
1227 4692 1287 4744 ὲν
1335 4691 1521 4745 δούλου
1559 4697 1740 4766 μορφῇ

164 4777 529 4846 παραγίνεται
551 4793 565 4806 ο
599 4781 712 4841 τοῖς
756 4780 814 4832 δὲ
843 4781 1163 4851 δυναμένοις
1193 4783 1557 4853 ἀκολουθῆσαι
1591 4787 1742 4859 αὐτῷ

159 4866 251 4918 ἐπὶ
265 4867 332 4920 τὸ
356 4867 562 4938 ὑψηλὸν
583 4870 930 4936 ἀναϐαίνοντι
947 4875 1046 4943 τῆς
1062 4875 1228 4928 αὐτοῦ
1253 4878 1739 4950 μεταμορφώσεως

157 4958 304 5028 ὀρος,
348 4961 407 5011 ἐν
431 4967 613 5033 μορφῇ
633 4963 776 5016 Θεοῦ
811 4965 1160 5034 ἐπιφαίνεται
1193 4968 1269 5040 (y)
1295 4987 1307 4998 ο
1345 4965 1463 5044 ὲνῇ
1499 4973 1734 5044 ὑπῆρχε,

230 5115 278 5147 θ’
318 5117 464 5197 Esal.
500 5107 733 5194 cx1.v,'8.
811 5122 1064 5178 “Matth.
1098 5141 1213 5190 xm,
1244 5126 1332 5180 3i.
1411 5127 1456 5160 “
1479 5128 1671 5184 Matth.
1699 5147 1826 5197 xvu,

162 5201 274 5252 vm,
317 5187 408 5244 59.

235 5324 317 5408 (ῃ)
333 5326 814 5408 ’ῥρμσρφῇβεοῦ
831 5331 936 5408 ἐπι
935 5333 1213 5408 φαίνεται
1217 5374 1230 5386 .
1254 5335 1320 5389 In
1337 5335 1432 5390 Dei
1448 5345 1620 5406 [arma
1642 5356 1739 5408 ap-

165 5407 342 5466 paret.
375 5397 671 5476 Est__Marci
699 5397 978 5476 νῃπτικῶν
995 5418 1117 5472 cap.
1155 5404 1240 5467 14,
1266 5397 1538 5476 suumque
1574 5397 1739 5461 Maii-

167 5483 300 5546 mu_s_
316 5468 680 5546 esscribendo
719 5470 851 5546 fecit
877 5488 891 5546 ς
921 5472 976 5546 in
1011 5468 1122 5542 quo
1152 5477 1427 5546 praecipua
1449 5468 1745 5534 difﬁcultas

168 5537 302 5616 quid
330 5539 399 5590 sit
422 5538 512 5592 illa
543 5540 768 5616 elaritas
798 5541 916 5607 Dei,
939 5537 1169 5616 ili—qua'
1189 5537 1444 5602 Christus
1465 5549 1740 5616 apparuit.

170 5605 383 5661 Idcirco
415 5609 562 5678 quod
599 5609 769 5666 Graeci
798 5605 1102 5678 sequiores.
1131 5617 1421 5671 occasione
1468 5605 1744 5673 dictorum

171 5679 536 5745 quorumdam
575 5682 819 5743 Patrum,
861 5679 930 5739 de
975 5685 1254 5740 Thaborio
1284 5687 1491 5743 lumine
1528 5689 1609 5743 sic
1657 5690 1744 5744 di-

171 5747 572 5828 gladiati__sm_1t,
601 5761 661 5806 ut
694 5770 782 5828 res
804 5771 905 5828 per
929 5755 1312 5828 Palamitarum
1337 5759 1744 5814 contentionem

171 5822 230 5872 in
266 5822 668 5890 putidissimam
717 5825 966 5880 hazresim
1011 5827 1245 5893 abierit;
1311 5830 1744 5887 existimantium

445 5915 716 5979 PATROL.
762 5919 876 5981 Gn.
916 5920 1034 5982 XC.

1849 4610 2108 4667 omnibus
2161 4628 2288 4667 cum
2351 4613 2606 4672 claritate
2658 4624 2918 4687 apparet,
2966 4618 3060 4690 qui
3104 4626 3252 4673 stant
3281 4620 3429 4690 apud

1850 4703 2061 4773 ipsum;
2104 4703 2199 4759 sed
2231 4705 2300 4760 iis
2329 4705 2552 4775 quidem
2583 4707 2678 4777 qui
2730 4707 3073 4764 inducuntur
3122 4725 3187 4765 ac
3217 4711 3430 4768 tirones

1848 4804 2005 4861 sunt,
2058 4797 2282 4853 advenit
2332 4799 2388 4853 in
2407 4798 2584 4854 forma
2637 4801 2783 4855 servi
2818 4801 3124 4857 :iisautem
3163 4805 3259 4873 qui
3297 4821 3425 4860 eum

1832 4886 2002 4969 sequi
2027 4887 2213 4943 valent
2232 4889 2619 4945 ascendentem
2658 4893 2713 4946 in
2744 4903 2984 4950 montem
3017 4897 3292 4952 excelsum
3314 4913 3428 4952 sua:

1848 4977 2362 5048 transfigurationis,
2381 4979 2435 5034 in
2459 4980 2556 5036 Dei
2581 4980 2754 5038 forma
2783 4993 3031 5053 apparet,
3065 4985 3121 5039 in
3151 5001 3257 5056 qua
3285 4994 3426 5054 erat,

1858 5132 1946 5188 19.
2011 5135 2095 5188 “l
2121 5133 2249 5190 Cor.
2288 5137 2452 5203 111,12
2525 5140 2570 5171 “
2603 5139 2775 5194 Exod.
2811 5157 2976 5196 χχχιιι
3027 5141 3063 5194 2
3185 5142 3230 5175 ⁶⁷
3259 5141 3424 5198 Marc.

1845 5341 1941 5395 Dei
1968 5341 2113 5420 illam
2143 5344 2469 5410 claritatem,
2499 5348 2596 5418 τὴν
2623 5349 2801 5416 δόξαν,
2821 5350 3024 5420 aliquid
3049 5351 3160 5405 Deo
3184 5367 3424 5406 cetevum

1851 5427 1994 5491 esse,
2023 5413 2210 5491 illique
2251 5425 2448 5472 natura
2478 5413 2867 5491 coniunctum;
2906 5413 3008 5475 nec
3040 5429 3223 5475 tamen
3252 5421 3427 5491 ipsam

1853 5482 1948 5535 Dei
1985 5485 2280 5561 essentiam
2314 5502 2456 5561 esse,
2499 5482 2597 5544 sed
2619 5490 2778 5561 quasi
2816 5482 2964 5545 illius
3008 5482 3283 5546 virtutem
3324 5508 3425 5548 set

1855 5553 2188 5631 potentiam;
2223 5559 2369 5631 quod
2402 5567 2550 5631 certe
2580 5553 2849 5631 repugnat
2879 5562 3130 5617 maxima:
3171 5563 3263 5616 Dei
3295 5563 3428 5619 sim-

1853 5622 2112 5702 plicitati,
2138 5622 2302 5695 quam
2337 5628 2453 5697 ipse
2485 5622 2749 5686 Maximus
2797 5632 2960 5700 paulo
3005 5633 3261 5702 superius
3310 5649 3360 5688 c.
3390 5635 3424 5688 ξ).

1853 5702 1910 5747 et
1964 5693 2016 5758 5,
2070 5693 2172 5767 rite
2219 5693 2547 5767 prosecutus
2592 5711 2700 5765 est,
2740 5693 2958 5757 omnem
2988 5693 3212 5759 omnino
3241 5719 3272 5758 a
3311 5705 3423 5760 Deo

1853 5765 2304 5844 cpmpositionem
2338 5771 2656 5844 escludens.
2678 5772 2834 5838 Quod
2864 5784 3047 5828 autem
3076 5775 3193 5844 ipsa
3246 5775 3342 5830 lux
3368 5785 3424 5829 et

1854 5835 2096 5904 claritas,
2126 5840 2501 5909 corporalibus
2545 5835 2919 5914 apostolorum
2953 5835 3129 5902 oculis
3182 5845 3418 5916 objecta,

2959 5937 3038 6000 36
