4064 6488
226 447 352 511 1133
1015 449 1345 510 CAPITUM
1381 446 1649 507 THEOL.
1693 447 1783 506 ET

1882 443 2034 504 ICON
2045 491 2057 504 .
2097 444 2480 506 CENTURIA
2520 445 2603 505 ΙῙ.
3307 447 3442 512 1134

221 560 297 613 ἔτι
345 560 442 614 καὶ
485 559 770 630 αἰνίγμασι
801 559 1022 632 θεωρῶν
1047 561 1146 631 τὴν
1171 560 1449 628 ἀλήθειαν.
1471 557 1642 612 Οὔπω
1669 558 1778 628 γάρ

1882 557 2142 627 spiritalis
2176 565 2282 622 cst,
2307 557 2474 612 etiam
2508 558 2566 612 in
2596 558 2802 614 virtute
2832 558 3040 614 advena
3065 576 3184 616 esse
3206 560 3442 625 dicitur;

219 650 362 722 αὺτῷ
389 650 459 704 τὰ
483 650 590 704 τῶν
611 629 834 720 ἀγαθῶν
861 629 1260 706 ἀῦθυπόστατα
1283 651 1396 721 εῐδη
1425 649 1606 712 καθώς
1638 649 1776 701 εἰσιν

1882 656 1934 701 ut
1956 647 2051 718 qui
2081 647 2349 702 hactenus
2375 648 2662 703 veritatem
2704 650 2760 704 in
2802 652 3042 721 speculis
3073 661 3130 707 et
3158 655 3444 725 {enigmate

216 742 570 813 ἐθεάσθησαν,
598 743 687 796 διά
713 742 813 812 τῆς
846 742 1139 812 πρόσωπον
1163 744 1297 815 πρὸς
1330 741 1620 812 πρόσωπον
1640 740 1778 792 ἀπο-

1882 739 2208 808 speculetur.
2242 739 2354 794 Nec
2385 739 2514 793 dum
2563 741 2711 796 enim
2739 758 2802 797 ea
2823 743 3171 812 jucunditate
3211 761 3332 814 quae
3360 757 3445 802 est

217 832 570 896 λαύσεως.Ἐν
591 832 756 885 είκόνι
785 833 892 903 γάρ
915 832 1020 884 τῶν
1049 831 1286 900 ἀγαθῶν,
1306 833 1380 893 ὡς
1401 830 1536 900 πρὸς
1556 827 1618 880 τὸ
1646 827 1776 896 μέλ-

1882 826 2012 882 l‘acie
2061 829 2129 882 ad
2171 828 2390 894 faciem,
2443 830 2573 899 ipsa:
2614 831 2886 886 bonorum
2937 850 3067 888 vere
3117 837 3445 893 exsistentes

217 929 323 989 λον,
353 926 460 987 πᾶς
499 924 651 992 ἆγιος
697 925 1096 995 διαπορεύεται,
1147 924 1310 993 βοῶν·
1346 921 1634 990 Πάροικός
1663 923 1777 987 ειμι

1882 918 2084 984 l'ormm,
2120 923 2309 990 quales
2335 931 2480 987 sunt,
2515 923 2589 975 illi
2637 935 2950 992 patuerunt.
2991 921 3250 999 Quisquis
3296 931 3446 985 enim

215 1017 308 1070 xui
349 1014 758 1084 παρεπίδημος
791 1016 982 1082 καθὼς
1004 1016 1226 1078 πάντες
1271 1017 1324 1067 οἱ
1359 1013 1606 1080 πατέρες
1633 1029 1774 1080 μου.

1882 1013 2184 1066 sanctitatis
2223 1015 2390 1069 radiis
2420 1015 2609 1084 fulget,
2636 1017 2678 1070 si
2714 1033 2836 1071 cum
2871 1026 2938 1072 eo
2963 1036 3269 1092 compares,
3297 1019 3445 1091 quod

215 1106 461 1160 futurum
486 1116 855 1177 exspectatur,
884 1108 939 1162 in
970 1108 1238 1162 honorum
1268 1107 1500 1176 imagine
1519 1105 1783 1167 ambulat,
1825 1103 2106 1158 clamans:
2141 1105 2351 1158 Advena
2382 1124 2473 1176 ego
2510 1124 2626 1160 sum
2695 1118 2744 1160 et
2784 1114 3124 1181 peregrinus,
3163 1116 3296 1168 sicut
3333 1130 3446 1168 om-

117 1253 132 1262 _
216 1212 303 1250 nes
331 1204 508 1267 patres
543 1197 645 1250 mei
659 1196 725 1249 ".

283 1299 375 1363 ιη’.
416 1293 520 1347 Τὸν
574 1292 867 1363 εὐχόμενον
921 1295 979 1347 οὐ
1025 1294 1106 1348 δεῖ
1151 1294 1340 1364 στῆναί
1373 1311 1500 1346 ποτε
1533 1293 1632 1361 τῆς
1681 1291 1773 1342 ἐπὶ

213 1381 343 1436 θεὸν
381 1385 620 1454 ἀγούσης
663 1385 874 1455 ὑψηλῆς
918 1385 1252 1450 ἀναϐάσεως.
1294 1386 1381 1448 Ὠς
1414 1384 1524 1454 γὰρ
1573 1381 1777 1435 ἀναϐά-

219 1491 334 1538 σεις
370 1475 477 1546 χρὴ
515 1476 750 1530 νοεῖσθαι
781 1476 902 1548 [duo
934 1476 1102 1548 Regii,
1141 1475 1442 1536 ποιεῖσθαι,
1472 1483 1528 1528 ιιι
1559 1484 1608 1527 et
1634 1472 1774 1544 Fr.],

211 1566 357 1619 κατά
390 1567 489 1637 τὴν
528 1571 590 1621 ὲκ
621 1569 900 1638 δυνάμεως
924 1569 1002 1631 είς
1023 1568 1270 1639 δύναμιν,
1302 1569 1399 1638 τὴν
1428 1569 1485 1642 ἐν
1524 1569 1588 1637 τῇ
1629 1584 1772 1637 πρα-

213 1662 374 1730 κτικῇ
413 1660 523 1713 τῶν
562 1659 771 1731 ἀρετῶν
794 1661 1105 1731 προκοπήν·
1136 1662 1227 1713 καὶ
1251 1661 1350 1731 τὴν
1374 1658 1482 1712 ἀπὸ
1513 1659 1669 1729 δόξης
1697 1658 1776 1720 εἰς

211 1751 392 1818 δόξαν,
431 1753 537 1806 τῶν
571 1754 956 1824 πνευματικῶν
993 1756 1088 1822 τῆς
1123 1754 1357 1825 θεωρίας
1395 1752 1646 1822 γνώσεων
1679 1753 1777 1804 επ-

1955 1287 2040 1339 18.
2071 1286 2132 1340 Εἰ
2159 1289 2252 1357 qui
2287 1288 2544 1358 precibus
2570 1288 2860 1355 incumbit,
2889 1307 3168 1362 nunquam
3191 1297 3444 1352 commit-

1882 1381 2106 1435 tendum
2135 1391 2196 1435 ut
2221 1399 2251 1437 a
2286 1384 2506 1438 sublimi
2539 1400 2772 1441 ascensu
2797 1387 3133 1458 provehente
3174 1390 3242 1444 ad
3270 1392 3444 1448 Deum

1881 1483 2077 1529 cesset.
2119 1477 2280 1530 Velut
2312 1477 2458 1530 cnim
2498 1493 2760 1532 ascensus
2808 1479 3178 1551 intelligamus
3219 1498 3446 1539 necesse

1880 1575 1983 1630 est,
2017 1567 2111 1636 qui
2137 1576 2223 1622 est
2259 1569 2326 1623 dc
2355 1569 2559 1623 virtute
2583 1569 2640 1623 in
2668 1569 2926 1625 virtutem
2969 1571 3196 1628 colenda
3229 1575 3446 1630 actione

1881 1657 2146 1712 virtutum
2176 1660 2538 1729 profectus",
2563 1661 3000 1733 spiritaliumque
3033 1667 3448 1736 contemplatio-

1885 1749 1969 1802 nis
1999 1750 2316 1805 notitiarum
2351 1767 2382 1805 a
2403 1751 2650 1806 claritate
2669 1752 2723 1806 in
2755 1753 3060 1808 claritatem
3090 1752 3444 1824 excessus“;

217 1844 485 1897 ανάϐασιν
504 1861 518 1874 ο
546 1846 640 1898 καὶ
659 1837 886 1916 τῆν’άπὸ
906 1845 999 1899 τοῦ
1019 1845 1182 1916 ρητοῦ
1209 1845 1310 1914 τῆς
1332 1845 1489 1912 ἁγίας
1512 1845 1606 1896 καὶ
1630 1843 1778 1905 θείας

1882 1846 2044 1909 atque
2070 1857 2101 1896 a
2128 1856 2296 1896 sacrae
2327 1842 2633 1914 divinaeque
2663 1844 2961 1914 Scriptura:
2982 1846 3186 1912 littera,
3225 1848 3296 1903 ad
3329 1849 3446 1920 spi-

215 1932 458 2002 Γραφῆς,
488 1935 581 1986 ἐπὶ
603 1935 662 1987 τὸ
693 1935 912 2005 πνεῦμα
960 1934 1259 2004 μετάϐασιν
1279 1951 1293 1965 ·
1327 1933 1468 1987 οὕτω
1495 1935 1590 1987 καὶ
1618 1934 1676 1986 ὲν
1703 1932 1778 2002 τῷ

215 2025 344 2095 περὶ
377 2024 549 2096 εὐχῶν
568 2025 716 2098 τόπῳ
744 2026 1027 2098 γινόμενον
1064 2025 1169 2098 γρὴ
1192 2027 1394 2079 ποιεῖν⁸
1422 2026 1670 2096 ἐπαίρειν
1689 2025 1781 2078 τὸν

214 2117 341 2170 νοῦν
369 2120 478 2171 ἀπὸ
499 2117 607 2170 τῶν
645 2120 1002 2190 ἀνθρωπίνων
1024 2136 1037 2152 ·
1065 2121 1160 2174 καὶ
1185 2119 1246 2173 τὸ
1273 2118 1528 2190 φρόνημα
1551 2120 1650 2188 τῆς
1675 2117 1780 2188 ψυ-

214 2211 334 2279 κῆς,
365 2211 457 2262 ἐπὶ
483 2210 552 2264 τά
581 2211 856 2283 θειότερα·
894 2214 980 2266 ἵνα
1008 2215 1102 2266 καὶ
1131 2211 1332 2285 δυνηθῇ
1355 2213 1383 2264 ό
1411 2211 1534 2273 νοῦς
1565 2211 1781 2263 ἀκολου-

213 2303 378 2371 θῆσαι
405 2303 482 2372 τῷ
509 2304 842 2374 διεληλυθότες
876 2307 998 2367 τοὺς
1023 2305 1305 2376 οὐρανοὺς,
1344 2303 1517 2374 ’ῐησοῦ
1557 2303 1635 2372 τῷ
1666 2301 1781 2372 Υἱῷ

214 2393 307 2446 τοῦ
341 2393 502 2457 Θεοῦ,
533 2395 810 2465 πανταχοῦ
852 2396 986 2460 ὄντι,
1021 2396 1118 2450 καὶ
1142 2395 1317 2449 πάντα
1356 2394 1690 2465 διερχομένῳ
1713 2392 1779 2446 δι’

213 2487 366 2555 ἡμᾶς
395 2488 770 2558 οἰκονομικῶς,
805 2488 892 2540 ἵνα
919 2488 1012 2541 καὶ
1041 2489 1198 2558 ἡμεῖς
1224 2485 1637 2548 ἀκολουθοῦντες
1686 2483 1783 2536 αὑ-

210 2577 308 2648 τῷ,
344 2579 521 2632 πάντα
561 2579 858 2650 διέλθωμεν
885 2581 952 2633 τά
1003 2582 1120 2650 μετ’
1151 2579 1310 2632 αὐτόν
1330 2595 1342 2606 ⁸
1374 2577 1470 2631 καὶ
1496 2575 1780 2646 γενώμεθα

212 2670 356 2741 πρὸς
391 2671 571 2737 αὑτὸν,
603 2673 696 2725 ἐάν
723 2689 786 2741 γε
817 2672 1024 2742 νοῶμεν
1055 2672 1237 2735 αὐτὸν,
1269 2671 1329 2724 οὐ
1364 2669 1506 2724 κατὰ
1529 2669 1626 2739 τὴν
1659 2684 1783 2738 σμι-

214 2761 460 2833 κρότητα
478 2763 577 2832 τῆς
604 2765 950 2834 οἰκονομικῆς
977 2764 1454 2833 συγκαταὸάσεως,
1488 2762 1623 2816 ἀλλὰ
1640 2761 1782 2815 κατά

213 2853 308 2925 τὴν
343 2855 743 2926 μεγαλειότητα
770 2855 869 2926 τῆς
898 2857 1131 2928 φυσικῆς
1158 2855 1462 2926 ἀοριστίας.

282 3033 378 3086 ιθ⁸.
410 3033 587 3087 Καλὸν
629 3034 715 3088 ἀεὶ
761 3034 1042 3104 σχολάζειν
1068 3035 1162 3088 καὶ
1191 3030 1372 3104 ζὴτεῖν
1397 3032 1489 3086 τὸν
1521 3031 1675 3096 Θεὸν,
1705 3031 1781 3095 ὼς

214 3127 657 3197 προσετάγημεν.
712 3127 828 3179 Κᾶν
861 3127 968 3198 γάρ
1002 3128 1142 3180 κατά
1186 3126 1284 3196 τὴν
1322 3123 1602 3193 παροῦσαν
1636 3125 1780 3195 ζωὴν
1807 3163 1850 3220 C

214 3216 508 3286 ζητοῦντες
536 3217 628 3270 ἐπὶ
653 3218 712 3271 τὸ
745 3219 918 3289 πέρας
952 3213 1123 3272 ἐλθεῖν
1156 3217 1247 3272 τοῦ
1292 3217 1484 3288 βάθους
1513 3217 1606 3270 τοῦ
1645 3217 1780 3270 Θεοῦ

213 3306 272 3358 οὐ
302 3305 588 3376 δυνάμεθα
608 3323 620 3336 ⁸
675 3307 791 3361 ἀλλ’
827 3309 954 3372 ἴσως
984 3310 1078 3363 καὶ
1130 3307 1217 3361 ἐπ’
1245 3307 1425 3376 ὀλίγον
1459 3308 1554 3360 τοῦ
1589 3307 1784 3377 βάθους

214 3396 387 3450 αὐτοῦ
435 3397 748 3466 φθάνοντες,
782 3399 1092 3470 θεωροῦμεν
1142 3399 1310 3466 ἁγίων
1346 3397 1640 3468 άγιὼτερα.
1692 3398 1785 3450 καὶ

214 3489 605 3558 πνευματικῶν
638 3491 1140 3563 πνευματικώτερα.
1199 3492 1306 3543 Καὶ
1337 3489 1484 3560 δηλοί
1535 3489 1784 3552 τυπικῶς

216 3580 244 3632 ό
269 3581 587 3651 ἀρχιερεὺς,
614 3583 722 3635 ἀπὸ
747 3582 854 3636 τῶν
883 3583 1053 3651 ἁγίων
1078 3582 1187 3636 τῶν
1211 3583 1311 3652 τῆς
1346 3579 1516 3650 αὐλῆς
1559 3580 1785 3648 ἁγιωτὲ-

217 3686 355 3741 ρων,
389 3671 483 3724 ἐπὶ
509 3671 578 3726 τά
603 3671 734 3740 ἅγια
759 3672 868 3727 τῶν
895 3673 1125 3743 ”Λγίων,
1169 3672 1444 3743 ἀγιώτερα
1471 3672 1579 3724 τῶν
1615 3672 1784 3739 ἁγίων

215 3761 430 3815 είσιών.

281 3947 359 3993 κ’.
396 3940 510 4002 na;
538 3940 634 3994 τοῦ
666 3940 800 3995 Θεοῦ
832 3941 1006 4010 λόγος,
1038 3943 1160 3997 οὔτε
1193 3944 1506 4014 πολύλογος,
1534 3945 1656 3999 οὔτε
1685 3964 1784 4000 πο-

212 4030 444 4100 λυλογία
475 4032 624 4086 ἐστίν
648 4050 662 4064 ·
715 4033 829 4087 ἀλλ’
862 4031 966 4098 εἷς,
997 4036 1261 4100 συνεστὼς
1294 4036 1463 4107 [Regii
1488 4038 1703 4106 quidam
1733 4048 1784 4093 et

214 4121 304 4177 Fr.
362 4122 601 4195 συνετὸς]
641 4127 704 4177 ὲκ
742 4124 1011 4195 διαφόρων
1067 4124 1472 4197 θεωρημάτωνο
1531 4122 1604 4181 ὧν
1653 4130 1784 4183 ἓκα-

214 4233 346 4270 στον
397 4216 560 4287 μέρος
614 4219 731 4270 ἐστὶ
775 4219 868 4272 τοῦ
925 4219 1104 4288 λόγου.
1134 4222 1297 4274 Ὥστε
1347 4224 1376 4275 ὁ
1428 4223 1597 4291 λέγων
1643 4225 1782 4297 ὑπὲρ

212 4302 502 4373 ἀληθείας,
533 4301 638 4357 κᾶν
689 4303 862 4369 οὕτως
897 4307 1074 4361 εἰπεῖν
1123 4309 1329 4380 δυνηθῇ
1378 4311 1454 4374 ὡς
1510 4313 1676 4382 μηδὲν
1705 4316 1784 4377 εἰς

213 4395 279 4448 τὸ
309 4393 648 4465 ζητούμενον
693 4397 1045 4468 παραλιπεῖν,
1089 4398 1185 4452 ἕνα
1237 4399 1396 4468 λόγον
1442 4402 1630 4472 εἴρηκε
1685 4402 1782 4455 τοῦ

211 4484 381 4539 Θεοῦ.

284 4582 400 4630 κα’.
451 4577 540 4630 Ἐν
576 4577 673 4647 μὲν
700 4578 778 4648 τῷ
808 4580 1048 4650 Χριστῷ,
1091 4581 1210 4651 θεῷ
1242 4581 1354 4634 ὄντι
1384 4583 1480 4635 καὶ
1504 4583 1663 4655 Λόγῳ
1686 4602 1780 4637 του

209 4668 456 4738 Πατρὸς,
504 4667 625 4720 ὅλον
680 4671 798 4721 κατ’
854 4671 1043 4722 οὐσίαν
1073 4672 1214 4725 οἰκεῖ
1256 4672 1318 4725 τὸ
1362 4674 1636 4745 πλήρωμα
1685 4679 1784 4747 τῆς

210 4761 475 4829 θεότητος
506 4761 833 4830 σωματικῶς
854 4776 867 4790 ·
915 4765 973 4814 ἐν
1007 4765 1138 4832 ἡμῖν
1164 4764 1219 4817 δὲ
1251 4766 1392 4819 κατά
1435 4770 1596 4836 χάριν
1645 4771 1784 4821 οἰκεῖ

208 4851 272 4903 τὸ
307 4851 591 4922 πλήρωμα
623 4851 722 4921 τῆς
755 4853 1025 4922 θεότητος,
1073 4854 1235 4924 ἡνίκα
1267 4859 1447 4911 πᾶσαν
1475 4860 1534 4912 ὲν
1568 4860 1781 4923 ἑαυτοῖς

208 4942 566 5013 ἀθροίσωμεν
591 4945 795 5014 ἀρετὴν
821 4947 912 4999 καὶ
939 4947 1134 5014 σοφίαν
1155 4989 1170 5011 ,
1207 4950 1397 5020 μηδενὶ
1422 4952 1608 5023 τρόπῳ
1641 4953 1781 5007 κατὰ

209 5036 276 5088 τὸ
301 5035 533 5088 δυνατὸν
562 5035 836 5107 ἀνθρώπῳ
867 5037 1196 5109 λειπομένην
1226 5043 1326 5110 τῆς
1358 5043 1492 5110 πρὸς
1525 5044 1585 5096 τὸ
1614 5044 1782 5114 ἀρχέ..

208 5142 396 5178 τυπον
425 5125 658 5196 ἀληθοῦς
689 5127 1066 5198 ἐκμιμὴσεως.
1125 5131 1200 5183 Οὐ
1248 5132 1356 5203 γὰρ
1389 5135 1613 5197 ἀπεικὸς
1643 5136 1784 5190 κατά

210 5219 309 5270 τὸν
352 5215 502 5269 θέσει
533 5217 714 5284 λόγον,
748 5220 840 5272 καὶ
886 5221 944 5272 ὲν
971 5222 1105 5290 ἡμῖν
1137 5223 1357 5291 οἰκῆσαι
1398 5223 1460 5276 τὸ
1508 5225 1782 5296 πλήρωμα

209 5310 317 5378 τῆς
343 5306 620 5378 θεότητος,
649 5309 710 5361 τὸ
734 5311 796 5362 ὲκ
824 5311 1096 5382 διαφόρων
1128 5317 1455 5385 συνεστηκὸς
1486 5334 1785 5388 πνευματι-

209 5401 335 5454 κῶν
371 5400 768 5472 θεωρημάτων.

431 5661 640 5730 Ὢσπερ
669 5665 699 5716 ὁ
735 5663 863 5734 παρ’
898 5666 1026 5735 ἡμῖν
1058 5664 1230 5732 λόγος,
1279 5669 1340 5718 ἐκ
1383 5667 1476 5718 τοῦ
1515 5669 1606 5721 νοῦ
1644 5671 1784 5724 κατὰ

289 5779 340 5810 "
373 5780 508 5836 Psal.
531 5799 744 5847 xxxvnt,
796 5787 879 5838 15.

216 5866 349 5917 nv,
379 5853 434 5906 11
459 5869 473 5918 ;
499 5869 602 5918 Civ,
636 5855 687 5907 4.
765 5854 808 5886 ⁷⁵
837 5855 1042 5911 Coloss.
1071 5872 1128 5920 ιι,
1161 5856 1213 5910 9.

953 5785 999 5815 "°
1033 5787 1171 5842 Psal.
1202 5803 1421 5853 axxxm,
1459 5791 1508 5843 8.
1587 5791 1630 5821 τι
1656 5790 1699 5844 l1
1727 5791 1850 5847 Cor.

1879 1931 2048 1986 ritum
2072 1933 2335 1988 transitus
2365 1951 2377 1987 :
2403 1935 2481 1990 sic
2510 1951 2730 2006 quoque
2758 1953 2817 1993 se
2852 1948 3008 2008 gerat
3029 1947 3250 2009 oportet
3271 1943 3365 2011 qui
3390 1943 3446 1996 in

1879 2025 2144 2080 orationis
2188 2025 2312 2081 loco
2352 2027 2686 2082 constitutus
2729 2037 2832 2093 est,
2872 2037 3112 2087 mentem
3143 2032 3446 2087 scilicetab

1879 2115 2156 2181 humanis,
2193 2118 2474 2188 animique
2515 2133 2735 2173 sensum
2779 2120 2847 2173 ad
2899 2120 3172 2177 diviniora
3209 2125 3444 2188 attollat,

1879 2222 1989 2276 quo
2020 2223 2216 2278 nempe
2247 2209 2412 2263 etiam
2440 2209 2627 2264 Jesum
2668 2211 2865 2266 Filium
2906 2213 3024 2279 Dei,
3049 2215 3142 2283 qui
3165 2215 3333 2269 cazlos
3354 2231 3448 2285 pe-

1879 2297 2208 2364 netravit",
2237 2299 2392 2368 sequi
2425 2301 2639 2366 valeat;
2678 2301 2773 2371 qui
2802 2303 3066 2358 nimirum
3093 2304 3210 2374 ipse
3243 2305 3447 2375 ubique

1880 2388 2172 2456 exsistens,
2217 2392 2402 2446 omnia
2433 2402 2658 2462 propter
2697 2409 2797 2447 nos
2826 2396 3130 2450 secundum
3157 2397 3448 2466 dispensa-

1881 2479 2088 2535 tionem
2119 2482 2380 2550 (hominis
2412 2483 2576 2554 489
2595 2484 2806 2539 scilicet
2855 2485 3102 2547 ratione)
3151 2497 3441 2556 pertrans-

1880 2581 1999 2637 eat;
2038 2581 2178 2627 utet
2204 2589 2304 2629 nos
2327 2575 2504 2644 ipsum
2527 2577 2830 2645 sequendo,
2877 2593 3001 2648 qua:
3029 2579 3098 2634 ab
3115 2595 3182 2635 eo
3205 2581 3450 2636 secunda

1881 2671 2030 2728 sunt,
2092 2664 2274 2719 omnia
2325 2673 2691 2730 transeuntes,
2742 2668 2811 2721 ad
2860 2683 2987 2722 eum
3037 2669 3365 2737 evadamus;
3403 2671 3450 2726 si

1881 2751 2045 2806 modo
2086 2769 2197 2807 non
2244 2770 2310 2808 ex
2339 2755 2538 2820 carnis,
2588 2771 2695 2826 qua
2746 2771 2806 2812 se
2844 2757 3008 2812 nobis
3041 2759 3451 2830 dispensatione

1881 2842 2103 2898 demisit
2141 2860 2205 2899 ac
2240 2845 2522 2901 inclinavit
2555 2847 2823 2916 parvitate
2845 2888 2860 2913 ,
2911 2849 3008 2904 sed
3047 2866 3115 2904 ex
3147 2852 3451 2918 maiestatis

1882 2933 2119 2988 naturali
2150 2935 2516 2992 immensitate
2543 2954 2669 2994 eum
2693 2940 3129 2997 intellexerimus
3150 2943 3215 2996 ⁷³.

1956 3025 2044 3079 19.
2082 3026 2330 3091 Prmstat,
2359 3043 2458 3098 pro
2480 3043 2544 3084 eo
2568 3045 2631 3084 ac
2666 3031 2828 3086 nobis
2861 3042 3194 3102 praeceptum
3219 3043 3324 3100 est,
3351 3051 3451 3090 va-

1884 3130 2009 3170 care
2043 3131 2262 3186 semper
2290 3119 2573 3188 Deumque
2593 3121 2915 3188 quaarere".
2949 3122 3270 3194 Quanquam
3300 3125 3449 3181 enim

1883 3205 2014 3260 dum
2044 3207 2261 3260 mortali
2301 3207 2402 3262 hac
2454 3209 2566 3263 vita
2603 3210 2931 3279 qumrimus,
2975 3212 3175 3268 divina:
3207 3216 3452 3271 altitudi-

1883 3297 1972 3350 nis
2024 3297 2186 3351 ﬁnem
2223 3297 2441 3366 assequi
2473 3314 2582 3352 non
2626 3315 2946 3368 possumus;
2989 3303 3216 3359 forsitan
3266 3316 3451 3363 tamen

1884 3387 2159 3442 modicum
2215 3389 2407 3444 saltem
2454 3390 2830 3461 tantisperque
2882 3408 3001 3448 eam
3046 3405 3446 3466 assequentes,

1885 3479 2090 3534 sanctis
2109 3480 2408 3545 sanctiora,
2433 3489 2490 3536 et
2513 3483 2852 3550 spiritalibus
2876 3485 3210 3554 spiritaliora
3226 3497 3451 3546 contue-

1884 3570 2086 3625 bimur.
2124 3571 2294 3642 quue
2339 3589 2438 3643 per
2469 3572 2696 3645 ﬁgurant
2727 3577 2976 3632 declarat
2997 3595 3244 3636 summus
3266 3598 3448 3638 sacer-

1885 3662 2006 3728 dos,
2033 3677 2157 3717 cum
2189 3679 2221 3717 a
2269 3665 2496 3726 sanctis,
2530 3682 2651 3735 qua:
2695 3677 2823 3748 sunt
2865 3669 3008 3722 atrio
3053 3673 3348 3738 sanctiora,
3380 3675 3451 3729 ad

1886 3753 2084 3810 Sancta
2117 3763 2458 3819 sanctorum,
2505 3772 2628 3827 qua:
2668 3766 2797 3811 sunt
2826 3761 3032 3813 sanctis
3064 3764 3336 3818 sanctiora
3367 3765 3452 3819 in-

1885 3845 2150 3915 greditur.

1953 3935 2042 3990 20.
2077 3935 2268 3994 Omnis
2292 3939 2398 3994 Dei
2445 3956 2650 4004 sermo,
2699 3957 2800 3996 nec
2839 3943 3186 4014 multiloquio
3213 3957 3449 4013 constat,

1884 4041 1987 4082 nec
2016 4028 2427 4098 multiloquium
2469 4047 2566 4086 seu
2601 4033 2893 4102 garrulitas
2921 4043 3040 4100 est;
3072 4037 3167 4091 sed
3198 4053 3341 4092 unus
3383 4056 3452 4096 ex
3537 4054 3550 4071 °

1883 4117 2117 4173 diversis
2137 4119 2492 4177 theorematis
2513 4137 2577 4176 ac
2601 4121 3140 4180 considerationibus
3166 4137 3450 4194 constans;

1883 4228 2116 4281 quarunt
2159 4213 2462 4282 quodlibet,
2515 4229 2644 4283 pars
2691 4215 2962 4270 sermonis
2990 4226 3093 4271 est.
3135 4217 3235 4284 Qui
3271 4220 3454 4290 itaque

1883 4319 2047 4358 causa
2066 4303 2313 4359 veritatis
2335 4312 2477 4368 orat,
2497 4305 2582 4358 vel
2615 4304 2658 4359 si
2683 4305 2757 4358 ita
2779 4321 3033 4375 perorare
3056 4322 3181 4362 eum
3212 4311 3456 4383 contige-

1886 4397 1978 4460 rit,
2014 4407 2075 4452 ut
2114 4395 2252 4450 nihil
2283 4395 2431 4464 quod
2467 4403 2677 4465 spectet
2704 4396 2770 4450 ad
2795 4397 3156 4466 qumstionem
3196 4400 3273 4454 illi
3306 4401 3452 4458 desi-

1817 4499 1857 4551 ι)
1886 4487 2132 4548 deretur,
2165 4502 2336 4541 unum
2370 4487 2465 4542 Dei
2500 4487 3000 4542 sermonem-dixit.

1955 4578 2044 4631 “ll.
2104 4577 2246 4631 Sane
2284 4577 2338 4631 in
2380 4576 2636 4641 Christo,
2691 4577 2786 4646 qui
2840 4577 2984 4631 Deus
3037 4579 3108 4632 sit
3157 4594 3220 4633 ac
3274 4581 3451 4634 Patris

1889 4669 2100 4734 Sermo,
2134 4678 2247 4723 tota
2269 4668 2569 4724 secundum
2603 4669 2896 4723 essentiam
2931 4669 3141 4724 habitat
3167 4671 3452 4740 plenitudo

1887 4758 2195 4814 divinitatis
2231 4759 2594 4828 corporaliter
2619 4760 2702 4810 7':
2738 4759 2794 4812 in
2841 4759 3003 4814 nobis
3043 4776 3174 4815 vere
3208 4777 3306 4830 per
3333 4779 3454 4831 gra-

1888 4849 2018 4903 tiam
2049 4849 2261 4904 habitat
2310 4849 2594 4919 plenitudo
2625 4849 2964 4912 divinitatis;
2998 4858 3129 4906 tunc
3170 4852 3452 4917 nimirum,

1885 4957 2008 4995 cum
2031 4938 2085 4994 in
2113 4940 2274 4995 nobis
2295 4956 2512 4995 omnem
2559 4941 2779 4993 cumulo
2819 4941 3081 4996 virtutem
3103 4943 3454 5012 sapientiam-

1879 5048 1985 5102 que
2012 5033 2469 5092 acervavcrimus,
2506 5047 2612 5101 qua
2649 5031 2788 5087 nihil
2818 5032 2983 5098 desit,
3015 5034 3197 5103 quoad
3244 5035 3453 5091 homini

1880 5139 2199 5180 concessum
2227 5133 2330 5189 est,
2354 5140 2463 5194 quo
2493 5140 2676 5178 veram
2708 5123 3015 5193 principem
3051 5124 3282 5179 formam
3324 5126 3451 5180 imi-

1881 5224 2082 5270 temur.
2131 5216 2242 5270 Nec
2287 5217 2432 5269 enim
2483 5215 2778 5285 quidquam
2844 5215 3106 5269 abhorret
3161 5217 3452 5286 quominus

1882 5305 2122 5374 gratuito
2146 5306 2240 5360 Dei
2294 5321 2520 5360 munere
2567 5307 2798 5376 ejusque
2830 5307 3147 5372 voluntate,
3197 5309 3253 5362 in
3294 5311 3465 5365 nobis

1888 5413 2104 5466 quoque
2138 5398 2405 5453 inhabitet
2454 5398 2736 5467 plenitudo
2778 5398 3102 5463 divinitatis,
3129 5416 3248 5469 quae
3278 5416 3344 5455 ex
3372 5403 3453 5456 di-

1888 5490 2062 5542 versis
2107 5490 2462 5544 theorematis
2521 5489 2806 5559 scnsisque
2864 5489 3207 5558 spiritalibus
3257 5494 3451 5549 coalita

1890 5589 1992 5633 est.

1960 5671 2047 5724 9.2.
2083 5671 2547 5738 Quemadmodum
2581 5679 2765 5726 noster
2810 5672 3092 5738 hominum
3125 5687 3323 5732 sermo.
3356 5689 3454 5744 per

1883 5807 1960 5856 ιιι,
2003 5791 2082 5846 18.
2163 5792 2205 5823 ⁷⁸
2231 5792 2394 5848 llebr.
2428 5810 2499 5859 iv,
2525 5793 2610 5847 14.
2689 5793 2735 5822 ⁷³
2769 5791 2808 5844 ll
2835 5791 2958 5847 Cor.
2992 5809 3042 5856 v,
3083 5788 3162 5847 16.
3205 5788 3269 5844 ⁷⁸.
3309 5791 3449 5848 Psal.
