4064 6458
682 432 818 498 1135

1833 430 1891 490 8.
1934 431 2218 490 ΜΑΧΙΜΙ
2255 430 2762 492 CONFESSORIS

3732 435 3834 502 1136

679 553 930 602 naturam
956 557 1025 598 ex
1073 549 1255 596 mente
1304 539 1629 610 procedens,
1681 537 2022 595 occultorum
2081 542 2246 596 animi

2280 554 2325 605 Α
2356 541 2519 610 φύσιν
2545 549 2971 612 προερχόμενος,
3011 538 3240 608 ἄγγελος
3265 539 3374 592 τῶν
3395 542 3752 613 κρυπτομένων
3770 549 3843 600 τοῦ

680 645 928 693 motuum
956 635 1188 690 nuntius
1235 649 1298 689 ac
1336 633 1609 703 interpres
1637 642 1758 689 est:
1789 635 1869 689 sic
1897 647 1953 690 et
1981 637 2077 690 Dei
2115 636 2246 692 Ser-

679 744 790 792 mo,
809 727 904 796 qui
923 726 1072 781 velut
1093 725 1285 779 Sermo
1304 739 1367 778 ac
1395 725 1632 779 Verbum
1661 725 1970 796 gignentem
1990 726 2244 789 Mentem,

680 819 980 875 secundum
1025 817 1317 872 essentiam
1373 817 1590 870 Patrem
1627 819 1883 883 noverit;
1914 832 2077 887 quem
2125 816 2247 870 sine

678 911 774 966 illo
807 910 1018 964 nullum
1045 916 1290 962 creatum
1313 924 1642 977 cognoscere
1673 896 1874 977 possit;
1910 923 2070 978 quem
2095 909 2250 961 novit

677 1003 914 1066 Patrem,
970 1009 1031 1054 ut
1076 1009 1272 1054 natura
1323 999 1516 1054 Sermo
1562 1015 1624 1053 ac
1651 1001 1915 1064 Verbum,
1962 1000 2243 1069 patefacit;

675 1108 849 1162 eaque
875 1092 1086 1147 ratione
1111 1093 1290 1162 magni
1315 1093 1526 1146 consilii
1562 1091 1789 1146 nuntius
1820 1090 1972 1144 audit
1995 1091 2062 1142 ⁷⁸.

737 1185 826 1238 25.
857 1185 1106 1255 Magnum
1157 1185 1254 1239 Dei
1306 1200 1390 1241 ac.
1419 1183 1597 1238 Patris
1635 1183 1922 1237 consilium
1966 1192 2071 1247 est,
2115 1181 2245 1237 olim

676 1275 902 1332 tacitum
947 1285 1110 1346 atque
1151 1276 1396 1346 ignotum
1424 1273 1848 1343 dispensationis
1888 1273 2244 1344 mysterium;

675 1370 823 1441 quod
856 1370 1036 1426 carnis
1083 1368 1456 1438 assumptione
1522 1368 1854 1436 completum
1925 1365 2248 1436 Unigenitus

674 1461 1080 1523 manifestavit,
1121 1458 1302 1529 magni
1346 1459 1443 1512 Dei
1483 1472 1549 1512 ac
1601 1456 1780 1511 Patris
1832 1456 2246 1526 praaaeternique

672 1551 1072 1626 mconsilii
1111 1550 1287 1604 factus
1328 1549 1577 1603 nuntius.
1622 1547 1797 1618 Magni
1826 1557 2009 1601 autem
2029 1547 2246 1602 consilii

672 1648 773 1704 Dei
802 1646 1027 1702 nuntius
1050 1644 1305 1708 cﬂicitur,
1331 1643 1448 1713 qui,
1477 1642 1725 1714 mysterii
1767 1642 1984 1714 cognita
2012 1642 2242 1709 ratione,

673 1751 885 1796 tantum
912 1753 1078 1809 opere
1113 1752 1178 1792 ac
1221 1749 1477 1791 sermone
1527 1750 1627 1805 per
1658 1733 1841 1788 omnia
1871 1733 2247 1789 indesinenter

672 1831 929 1901 assurgit,
962 1829 1139 1884 donec
1162 1827 1230 1882 ad
1264 1843 1392 1883 eum
1418 1825 1636 1892 evadat,
1658 1825 1752 1895 qui
1782 1838 1840 1880 se
1871 1832 2024 1880 tanta
2053 1827 2243 1898 digna-

674 1923 825 1977 tione
848 1919 917 1976 ad
949 1919 1131 1990 ipsum
1158 1917 1400 1973 demisit.

740 2109 832 2165 24.
861 2107 998 2164 Cum
1024 2107 1122 2162 Dei
1157 2106 1351 2162 Sermo
1389 2115 1614 2176 propter
1638 2121 1761 2172 nos,
1805 2104 1989 2160 carnis
2020 2103 2251 2174 dispen-

671 2203 885 2258 saione
909 2201 967 2254 in
1001 2199 1292 2254 inferiores
1338 2206 1501 2253 terrae
1544 2207 1732 2268 partes
1781 2195 2150 2260 descenderit,
2193 2203 2252 2249 et

671 2306 840 2362 super
871 2305 1063 2345 omnes
1091 2289 1262 2344 cmlos
1299 2289 1613 2344 ascenderit
1634 2289 1716 2356 7';
1749 2288 1844 2358 qui
1875 2288 1990 2358 ipse
2022 2301 2121 2368 per
2149 2302 2250 2368 na-

671 2389 854 2436 turam
887 2380 1184 2435 immobilis
1207 2380 1314 2446 sit;
1371 2379 1428 2434 in
1455 2395 1514 2434 se
1535 2379 1689 2434 velut
1729 2379 1974 2443 homine,
2005 2363 2128 2448 qua:
2158 2363 2248 2431 fu-

674 2480 796 2527 tura
821 2479 973 2537 sunt,
1011 2472 1315 2528 secundum
1338 2471 1802 2542 dispensationem
1829 2487 1895 2526 ac
1930 2470 2250 2526 humanitus

673 2578 983 2632 occupans;
1015 2563 1241 2634 mystice
1262 2563 1461 2634 gaudio
1481 2563 1766 2618 exsultans
1790 2561 2126 2626 consideret,
2152 2561 2248 2631 qui

672 2653 919 2708 scientiae
946 2667 1133 2708 amore
1184 2653 1547 2724 impenditur,
1576 2655 1756 2724 qualis
1785 2663 2130 2724 quantusque
2175 2653 2250 2708 sit

672 2729 979 2797 secundum
1000 2743 1483 2813 repromissionem
1505 2759 1700 2802 eorum
1728 2744 1873 2810 linis,
1895 2743 1989 2814 qui
2011 2743 2249 2816 diligunt

674 2834 992 2890 Dominum.

743 2925 832 2980 25.
870 2925 1153 2995 Siquidem
1204 2942 1272 2982 eo
1323 2928 1547 2983 nomine
1590 2929 1686 2984 Dei
1737 2945 1801 2984 ac
1848 2931 2024 2985 Patris
2075 2929 2247 2985 Filius

673 3015 822 3070 Deus
847 3015 1062 3083 Sermo,
1088 3017 1329 3073 hominis
1359 3019 1504 3075 (ilius
1534 3033 1599 3075 ac
1629 3020 1792 3074 homo
1833 3020 2012 3076 factus
2052 3030 2156 3086 est,
2185 3029 2248 3076 ut

675 3105 931 3162 homines
963 3107 1098 3162 deos
1154 3109 1363 3178 Deique
1421 3110 1568 3165 ﬁlios
1605 3109 1883 3177 ediceret;
1932 3121 2084 3166 certo
2126 3112 2247 3168 fore

675 3199 986 3264 credamus,
1020 3210 1080 3255 ut
1113 3199 1226 3255 illic
1249 3201 1580 3272 quandoque
1615 3202 1806 3267 simus,
1833 3203 1928 3257 ubi
1959 3219 2108 3258 nunc
2130 3203 2247 3274 ipse

675 3290 931 3346 Christus
967 3302 1224 3362 tanquam
1266 3303 1432 3362 caput
1483 3295 1654 3350 totius
1693 3295 1942 3366 corporis
1963 3295 2008 3327 ⁷⁸
2056 3309 2119 3350 ac
2146 3310 2248 3366 pro

676 3381 842 3436 nobis
862 3377 1171 3451 praecursor
1199 3382 1376 3438 factus
1404 3384 1472 3438 ad
1497 3386 1712 3441 Patrem
1735 3387 1804 3452 "’,
1832 3387 2249 3443 humanacarne

677 3472 911 3528 exsistit.
960 3474 1105 3528 Deus
1132 3473 1283 3527 enim
1327 3475 1385 3528 in
1423 3491 1693 3548 synagoga
1741 3478 1972 3534 deorum
2019 3478 2096 3550 (id
2142 3486 2247 3545 est,

678 3564 1086 3632 salvandorum)
1113 3565 1329 3621 medius
1353 3567 1523 3622 stabit
1543 3567 1612 3635 '°,
1639 3568 1839 3626 futurae
1869 3571 1984 3626 illic
2014 3570 2252 3625 beatitu-

679 3655 826 3710 dinis
858 3654 1155 3725 dignitates
1188 3654 1558 3724 distribuens;
1595 3674 1760 3728 quem
1798 3674 1829 3713 a
1861 3659 2042 3731 dignis
2084 3669 2250 3730 atque

676 3745 870 3802 electis
894 3745 1043 3799 nulla
1074 3745 1322 3800 locorum
1355 3747 1618 3803 distantia
1643 3757 1878 3819 separet.

749 3836 841 3891 26.
867 3835 971 3902 Qui
1001 3836 1328 3892 libidinosas
1357 3835 1541 3894 adhuc
1570 3840 1754 3895 carnis
1775 3840 2104 3910 cupiditates
2143 3841 2249 3896 im-

677 3927 812 3998 plet,
841 3936 1099 3998 tanquam
1140 3927 1416 3984 idolorum
1441 3930 1622 3985 cultor
1649 3940 1707 3986 et
1731 3930 2025 3987 fabricator
2048 3941 2249 3988 terram

590 4036 604 4056 ·
676 4018 1059 4074 Cbaldmorum
1100 4019 1251 4075 colit.
1300 4020 1404 4077 Ubi
1444 4029 1627 4077 autem
1675 4023 1943 4092 tantisper
1990 4023 2251 4093 dispectis

675 4110 847 4165 rebus
902 4110 1214 4180 saniorique
1259 4107 1490 4182 judicio,
1542 4114 1986 4169 convenientium
2038 4123 2250 4171 natura;

674 4202 968 4258 modorum
1029 4219 1355 4274 morumque
1404 4219 1627 4260 sensum
1673 4207 2012 4277 perceperit,
2058 4208 2250 4262 relicta

672 4292 1055 4349 Chaldaeorum
1085 4302 1253 4359 terra,
1276 4293 1539 4349 Charram
1572 4296 1976 4366 Mesopotamiae
2007 4297 2148 4367 petit
2168 4297 2246 4364 ⁸¹;

675 4382 946 4439 conﬁnem
982 4386 1198 4440 scilicet
1243 4385 1434 4440 virtuti
1488 4395 1656 4457 atque
1691 4387 1824 4442 vitio
1859 4395 2062 4442 statum
2098 4405 2110 4442 :
2145 4387 2251 4444 hoc

674 4475 822 4528 enim
860 4475 968 4536 sibi
1009 4477 1129 4531 vult
1162 4478 1336 4547 quod-
1357 4477 1606 4534 Charran
1655 4477 1882 4534 dicitur.
1929 4478 2026 4534 Sin
2063 4487 2248 4535 autem

2355 633 2448 688 νοῦ
2474 637 2789 705 κινημάτων
2818 635 2985 686 ἐστίν’
3021 633 3194 696 οὕτως
3223 635 3252 686 6
3282 631 3377 686 τοῦ
3405 633 3535 686 Θεοῦ
3561 636 3730 704 Λόγος,
3754 644 3846 694 κατ’

2353 726 2541 780 οὐσίαν
2586 726 2842 796 ἐγνωκὼς
2887 727 2980 778 τὸν
3025 726 3268 794 Πατέρα,
3301 724 3545 796 καθάπερ
3592 728 3739 794 Λόγος
3777 731 3850 784 τὸν

2353 820 2691 890 γεννήσαντα
2741 817 2905 884 Νοῦν,
2939 811 3154 879 οὐδενὸς
3185 815 3292 869 τῶν
3321 817 3587 886 γεννητῶν
3631 821 3852 890 προσϐάλ-

2352 913 2465 965 λειν
2501 911 2651 982 αὑτῷ
2690 913 2858 982 χωρὶς
2902 910 3067 963 αὑτοῦ
3097 909 3422 979 δυναμένου,
3451 912 3782 967 ἀποκαλύπτει
3806 917 3852 969 ὃν

2353 1002 2496 1071 ἔγνω
2533 1002 2776 1071 Πατέρα,
2809 1001 2884 1064 ὡς
2914 1002 3056 1054 κατὰ
3103 999 3265 1068 φύσιν
3293 1000 3482 1067 Λόγος,
3511 1000 3637 1054 καθὸ
3659 1003 3736 1056 καὶ
3763 1005 3853 1058 Με-

2351 1095 2523 1164 γάλης
2555 1094 2750 1164 βουλῆς
2775 1094 3006 1162 ἄγγελος
3045 1093 3286 1161 λέγεται.

2423 1193 2530 1254 κγ’.
2564 1187 2788 1256 Μεγάλη
2823 1186 2986 1256 βουλὴ
3026 1185 3121 1238 τοῦ
3149 1184 3282 1238 Θεοῦ
3309 1186 3404 1238 καὶ
3442 1185 3645 1255 Πατρός
3671 1189 3785 1253 ἐστι,
3807 1190 3854 1242 τὸ

2353 1277 2714 1347 σεσιγημένον
2742 1279 2837 1329 καὶ
2881 1275 3160 1344 ἄγνωστον
3195 1281 3294 1349 τῆς
3342 1278 3644 1347 οἰκονομίας
3693 1284 3852 1351 μυστή-

2354 1387 2472 1440 ριον
2491 1387 2506 1402 ο
2555 1371 2690 1440 ὅπερ
2721 1369 3018 1440 πληρώσας
3045 1369 3132 1422 διὰ
3161 1368 3261 1439 τῆς
3289 1368 3608 1440 σαρκώσεως
3632 1372 3659 1422 6
3678 1387 3855 1439 μονογε-

2352 1461 2450 1533 νὴς
2479 1461 2625 1526 Υἱὸς,
2657 1461 3026 1530 ἀπεκάλυψεν,
3059 1461 3289 1530 ἄγγελος
3303 1461 3589 1530 γενόμενος
3611 1460 3702 1530 τῆς
3726 1462 3857 1530 μεγά-

2351 1552 2450 1623 λης
2487 1552 2580 1606 τοῦ
2611 1552 2746 1606 Θεοῦ
2781 1553 2875 1606 καὶ
2925 1553 3140 1620 [ἰατρὸς
3193 1551 3287 1604 καὶ
3328 1549 3647 1620 προαιωνίου
3681 1549 3856 1620 βουλῆς.

2353 1643 2567 1696 Γίνεται
2597 1643 2654 1696 δὲ
2677 1644 2776 1714 τῆς
2807 1643 3058 1714 μεγάλης
3080 1640 3174 1694 τοῦ
3203 1640 3338 1694 Θεοῦ
3370 1641 3566 1712 βουλῆς
3595 1641 3812 1710 ἄγγελος,
3836 1644 3859 1695 6

2349 1737 2514 1804 γνοὺς
2546 1735 2640 1787 τοῦ
2673 1736 2972 1806 μυστηρίου
3006 1734 3100 1787 τὸν
3135 1733 3314 1802 λόγον,
3356 1734 3454 1786 καὶ
3483 1733 3718 1786 τοσοῦτον
3746 1734 3860 1804 ἔργῳ

2350 1841 2411 1879 τε
2462 1824 2558 1880 καὶ
2607 1824 2750 1894 λόγῳ
2783 1825 2873 1878 διὰ
2919 1825 3137 1877 πάντων
3165 1823 3556 1892 άκαταλήκτως
3587 1823 3856 1892 ὑψούμενος,

2280 1913 2322 1966 Β
2357 1917 2551 1988 μέχρις
2585 1918 2651 1973 ἂν
2702 1917 2883 1988 φθάσῃ
2927 1917 3018 1970 τὸν
3066 1917 3204 1987 πρὸς
3236 1916 3398 1969 αὑτὸν
3427 1914 3670 1968 τοσοῦτον
3708 1916 3859 1968 κατελσ

2350 2010 2531 2064 θόντα.

2418 2099 2517 2156 κδ’.
2569 2102 2633 2154 Εἰ
2681 2102 2749 2155 δι’
2797 2102 2944 2172 ἡμᾶς
2974 2103 3002 2154 6
3033 2099 3127 2154 τοῦ
3157 2099 3291 2154 Θεοῦ
3340 2100 3514 2169 Λόγος
3556 2098 3859 2167 οἰκονομικῶς

2348 2191 2618 2263 κατῆλθεν
2656 2195 2736 2256 εἰς
2757 2193 2826 2246 τὰ
2857 2191 3141 2263 κατώτερα
3171 2192 3314 2262 μέρη
3345 2191 3448 2261 τῆς
3477 2190 3596 2260 γῆς,
3625 2189 3708 2242 καὶ
3734 2189 3858 2256 atat.

2349 2283 2442 2337 θεν
2467 2283 2723 2352 ὑπεράνω
2760 2283 2981 2337 πάντων
3009 2283 3118 2335 τῶν
3159 2281 3429 2353 οὐρανῶν,
3485 2282 3513 2333 6
3563 2282 3722 2349 πάντη
3751 2280 3859 2331 κατὰ

2350 2374 2515 2443 φύσιν
2563 2374 2855 2445 ἀκίνητοςο
2910 2375 2968 2427 ὲν
3013 2372 3192 2443 ἑαυτῷ
3227 2375 3347 2427 κατ’
3376 2372 3680 2442 οἰκονομίαν
3703 2373 3859 2442 (xliii;

2347 2463 2642 2536 ἀνθρώπῳ,
2683 2464 3035 2537 προενεργῶν
3063 2466 3131 2518 τά
3157 2464 3396 2534 ἐσόμενα
3416 2481 3431 2498 ο
3471 2466 3726 2518 σκοπείτω
3767 2467 3858 2536 χαί-

2352 2577 2459 2630 ρων
2491 2561 2789 2631 μυστικῶς,
2820 2564 2848 2616 6
2879 2563 2979 2631 τὴν
3009 2561 3194 2632 φιλίαν
3227 2560 3475 2631 στέργων
3502 2559 3596 2629 τῆς
3633 2561 3857 2626 γνώσεως,

2348 2653 2530 2706 ὁποῖόν
2579 2653 2697 2705 ἐστι
2740 2653 2801 2705 τὸ
2825 2653 2947 2706 κατ’
2979 2651 3316 2722 ἐπαγγελίαν
3337 2650 3492 2715 τέλος
3519 2651 3624 2703 τῶν
3650 2649 3856 2717 ἀγαπών-

2347 2762 2457 2800 των
2481 2745 2573 2799 τὸν
2601 2745 2824 2817 Κύριον.

2421 2930 2519 2977 κε’.
2559 2925 2620 2976 Εί
2641 2925 2736 2978 διὰ
2765 2925 2922 2978 τοῦτο
2950 2925 3172 2994 γέγονεν
3201 2925 3316 2988 υἱὸς
3347 2924 3635 2996 ἀνθρώπου
3679 2924 3757 2978 καὶ
3793 2921 3858 2975 ἄν·

2349 3013 2568 3086 θρωπος
2593 3017 2621 3068 6
2645 3015 2740 3069 τοῦ
2764 3007 2908 3068 Θεοῦ
2929 3015 3024 3070 καὶ
3055 3016 3268 3087 Πατρὸς
3289 3016 3419 3080 Υἱὸς
3451 3016 3581 3080 Θεὸς
3601 3018 3750 3084 Λόγος
3779 3016 3855 3082 (7).

2349 3103 2437 3157 ἵνα
2469 3106 2670 3176 ποιήσῃ
2719 3105 2873 3167 θεοὺς
2899 3105 2994 3158 καὶ
3023 3106 3175 3168 υἱοὺς
3201 3104 3336 3158 Θεοῦ
3375 3107 3508 3170 τοὺς
3553 3105 3856 3177 ἀνθρώπους·

2349 3196 2469 3248 ἐκεῖ
2500 3195 2823 3267 γενήσεσθαι
2854 3195 3255 3267 πιστεύσωμεν,
3293 3196 3426 3252 ἔνθα
3458 3197 3555 3251 νῦν
3582 3198 3728 3260 αὑτός
3746 3198 3858 3250 ἐστιν

2347 3289 2376 3343 6
2405 3288 2640 3360 Χριστὸς
2673 3288 2749 3351 ὡς
2781 3289 2992 3358 κεφαλὴ
3043 3287 3139 3342 τοῦ
3184 3289 3306 3343 ὅλου
3343 3289 3617 3360 σώματος,
3648 3289 3730 3342 καὶ
3753 3286 3858 3354 ὑπὲρ

2347 3377 2506 3450 ἡμῶν
2561 3378 2850 3450 γενόμενος
2904 3378 3213 3452 πρόδρομος
3259 3380 3397 3452 πρὸς
3450 3382 3542 3435 τὸν
3588 3381 3793 3448 Πατέρα,
3814 3378 3858 3429 τὸ

2349 3469 2472 3522 καθ’
2501 3469 2669 3541 ἡμᾶς.
2697 3470 2783 3522 Ἐν
2817 3471 2925 3542 γάρ
2973 3473 3260 3540 συναγωγῇ
3298 3471 3441 3526 θεῶν
3463 3512 3478 3538 ,
3534 3461 3640 3525 τῶν
3671 3465 3857 3537 σωζομέ-

2348 3577 2492 3626 νων,
2549 3560 2702 3615 ἐσται
2736 3563 2869 3626 Θεὸς
2922 3562 3086 3633 μέσος
3137 3565 3450 3633 ἱστάμενος,
3506 3565 3756 3634 διανέμων
3785 3561 3857 3622 τὰς

2349 3653 2508 3718 ἀξίας
2539 3656 2635 3725 τῆς
2661 3655 2871 3709 ἐκεῖθεν
2905 3657 3306 3728 μακαριότητος
3327 3673 3343 3690 ο
3395 3657 3626 3729 τοπικὴν
3647 3657 3735 3710 οὐκ
3755 3655 3856 3723 ἔχων

2348 3746 2457 3798 ἀπὸ
2485 3746 2595 3799 τῶν
2624 3746 2792 3812 ἀξίων
2817 3747 3121 3804 διάστασιν.

2418 3844 2532 3903 κξό
2568 3838 2627 3892 ὀ
2664 3838 2764 3902 τὰς
2792 3839 3057 3910 ἐμπαθεῖς
3084 3843 3182 3912 τῆς
3205 3841 3410 3912 σαρκὸς
3437 3841 3642 3913 ὀρέξεις
3662 3839 3731 3893 ἔτι
3755 3837 3856 3906 πλη·

2352 3929 2462 4000 ρῶν
2491 3929 2589 4001 (8),
2626 3931 2703 3994 ὡς
2737 3929 3131 4003 εἰδωλολάτρης
3175 3933 3272 3986 καὶ
3309 3931 3650 3996 είδωλοποιὸς
3674 3931 3759 4000 τὴν
3779 3927 3855 3995 γῆν

2348 4021 2489 4074 οἰκεῖ
2526 4020 2631 4072 τῶν
2660 4020 2944 4074 Χαλδαίων
2974 4021 3072 4090 (a).
3116 4022 3282 4076 Ἐπάν
3319 4021 3377 4074 δὲ
3421 4022 3617 4093 μικρὸν
3657 4019 3718 4073 τά
3753 4017 3854 4086 πρά·

2349 4127 2535 4179 γματα
2586 4110 2890 4182 διακρίνας,
2939 4111 3194 4181 αἴσθησιν
3246 4112 3389 4186 λάϐῃ
3423 4115 3534 4167 τῶν
3563 4110 3856 4181 καθηκόντων

2348 4201 2444 4270 τῆς
2475 4201 2689 4271 φύσεως
2729 4203 2965 4274 τρόπων,
3000 4205 3099 4275 τὴν
3123 4205 3227 4276 γῆν
3256 4205 3368 4258 τῶν
3402 4205 3680 4258 Χαλδαίων
3719 4199 3854 4270 ἀφεὶς,

2349 4290 2570 4364 ἔρχεται
2595 4295 2674 4357 εἰς
2699 4294 2926 4366 Χαρρὰν
2949 4295 3048 4365 τῆς
3075 4295 3507 4366 Μεσοποταμίας
3532 4312 3547 4327 ·
3586 4297 3678 4366 τὴν
3708 4289 3856 4363 μεταί-

2347 4401 2380 4453 χ
2388 4401 2508 4453 μιον
2530 4385 2730 4456 ἀρετῆς
2751 4387 2848 4438 καὶ
2867 4387 3065 4448 κακίας
3085 4387 3227 4455 λέγω
3252 4388 3605 4449 κατάστασιν,
3622 4385 3710 4455 τὴν
3731 4384 3858 4452 μήπω

2347 4476 2445 4544 τῆς
2474 4477 2596 4528 κατ’
2622 4475 2872 4545 αἴσθησιν
2903 4476 3112 4544 πλάνης
3132 4475 3378 4548 καθαρὰν
3402 4477 3708 4548 γενομένην.
3728 4470 3858 4526 Τοῦτο

673 4565 840 4620 etiam
868 4565 1226 4634 mediocrem,
1263 4583 1385 4637 qua:
1415 4583 1579 4623 sensu
1616 4576 1943 4640 praestatur,
1970 4568 2100 4622 boni
2143 4568 2244 4622 ho-

2280 4593 2320 4648 D
2348 4564 2456 4634 γὰρ
2482 4565 2515 4634 ἡ
2542 4565 2788 4636 Χαρράν.
2827 4567 2891 4619 Εἰ
2941 4566 2998 4620 δὲ
3031 4567 3126 4620 καὶ
3178 4566 3276 4662 τὴν
3304 4567 3372 4621 δι’
3406 4567 3702 4638 αἰσθήσεως
3737 4578 3858 4631 γενο-

673 4656 930 4725 nestique
956 4655 1376 4728 intelligentiam
1401 4659 1730 4724 excesserit,
1765 4659 1995 4730 gradum
2025 4667 2244 4714 conten-

671 4748 766 4802 det
792 4748 859 4802 ad
883 4759 1084 4804 terram
1106 4750 1366 4820 optimam
1394 4751 1484 4820 (ad
1503 4751 1754 4806 habitum
1776 4752 1986 4807 Scilicet
2003 4751 2070 4806 ab
2093 4749 2243 4806 omni

673 4838 806 4894 vitio
835 4848 892 4894 et
940 4840 1209 4910 pravitate
1243 4856 1308 4896 ac
1354 4842 1660 4912 ignorantia
1705 4839 2029 4910 immunem)
2079 4857 2242 4910 quem

743 4993 788 5065 ’ξ
811 4991 914 5065 isa.
956 5011 1030 5059 ιτ,
1067 4997 1120 5049 6.
1197 4997 1241 5027 "
1272 4996 1566 5065 Ephcs.1v,
1595 4997 1649 5062 9,
1680 4996 1764 5050 10.

671 5063 832 5119 28-51
846 5105 861 5120 .

745 5208 817 5279 (ι)
859 5211 996 5263 Κατ’
1033 5213 1401 5280 οἰκονομίαν.
1465 5210 1623 5277 Quod
1664 5211 1739 5266 ita
1774 5211 2093 5281 frequenter
2137 5213 2250 5266 Ma-

1875 4997 1921 5028 ⁷⁸
1943 4995 2152 5052 Coioss.
2188 5012 2226 5062 ι,
2253 4996 2338 5050 l8.

2352 4657 2521 4727 μένην
2545 4659 2856 4730 σύμμετρον
2883 4659 2975 4731 τοῦ
3000 4660 3165 4714 καλοῦ
3194 4653 3409 4713 σῦνεσιν
3439 4658 3734 4730 ὕπερκύψῃ.
3756 4653 3859 4722 πρὸς

2350 4745 2450 4817 τὴν
2481 4747 2585 4817 γῆν
2611 4747 2886 4812 ὲπείξεται
2915 4749 3016 4820 τὴν
3045 4749 3278 4819 ἀγαθήν·
3311 4749 3460 4802 τοῦτ’
3499 4749 3662 4811 ἔστιν,
3690 4748 3756 4806 είς
3786 4743 3857 4809 τὴν

2349 4841 2530 4912 πάσης
2571 4842 2769 4907 κακίας
2805 4843 2900 4896 καὶ
2932 4842 3207 4911 ἀγνωσίας
3233 4841 3528 4912 ἐλευθέραν
3559 4839 3852 4894 κατάστασιν.

3601 4995 3644 5027 ⁸³
3667 4993 3781 5048 Gen.
3799 5000 3851 5048 ιι,

2449 4998 2494 5028 ⁷⁸
2526 4997 2692 5051 Hebr.
2716 5014 2790 5066 vr,
2822 4998 2911 5052 20.
3004 5000 3049 5032 ⁸⁰
3071 4999 3214 5055 Psal.
3240 5014 3418 5063 Lxxxl,
3447 4999 3499 5052 1.

2420 5214 2498 5284 (α)
2539 5214 2659 5282 Τὴν
2684 5215 2802 5285 τῆν
2837 5216 2993 5270 οικεῖ
3006 5215 3136 5285 τῶν,
3152 5215 3481 5269 Χαλδαίων.
3509 5202 3854 5285 PraeivitMaxj-

670 5273 851 5363 simus
906 5295 970 5334 ac
998 5357 1007 5363 Δ
1019 5273 1268 5363 theologi
1319 5273 1520 5363 reliqui
1552 5281 1629 5363 ‘de
1687 5273 2254 5363 (illristoloquuntur
2347 5273 2437 5363 mo
2462 5273 2703 5363 Marcus,
2745 5273 2867 5355 cap.
2921 5287 3023 5363 18,
3071 5283 3179 5363 τῶν
3222 5285 3519 5363 νηπτξκῶν,
3547 5282 3634 5336 ubi
3667 5273 3852 5363 peristis

673 5352 796 5421 (pro
827 5365 936 5422 quo
960 5351 1123 5422 etiam
1150 5351 1510 5422 οἰκονομικῶς
1535 5351 1747 5422 dicunt)
1777 5353 1880 5406 etsi
1900 5351 2248 5422 dispensatio-

671 5420 754 5475 nis
785 5420 1007 5491 nomine
1058 5420 1239 5476 Latini
1279 5420 1480 5491 saepius
1533 5420 1876 5490 exprimunt,
1930 5420 2026 5476 seu
2081 5423 2246 5477 etiam

671 5489 1000 5562 quandoque
1022 5491 1192 5558 ipsam
1223 5489 1414 5546 vocem
1447 5489 1690 5562 Graecam
1713 5491 2001 5562 retinent;
2029 5507 2130 5562 ego
2159 5504 2240 5547 ta-

672 5574 799 5614 men
820 5559 1041 5614 hominis
1071 5562 1274 5614 ratione
1321 5571 1376 5616 et
1406 5561 1712 5615 humanitus
1770 5559 2087 5626 reddendo;
2128 5563 2238 5617 cla-

672 5630 800 5701 rius
847 5629 1091 5701 fortasse
1136 5631 1472 5701 expressisse
1503 5631 1731 5698 videar;
1771 5630 2002 5701 formam
2067 5633 2239 5688 deno-

674 5699 842 5770 tando
889 5699 1435 5770 secundum‘quam,
1483 5701 1752 5755 altissimo
1795 5700 1890 5770 Dei
1947 5715 2011 5756 ac
2060 5703 2236 5759 Patris

673 5769 926 5850 consilio,
962 5771 1078 5825 hac
1109 5771 1188 5826 sic
1213 5768 1357 5826 dicta
1402 5779 1458 5825 et
1481 5771 1799 5842 οἰκονομικὰ
1848 5768 2070 5828 Christo
2107 5789 2240 5828 con-

674 5848 918 5894 veniant.

2343 5348 2721 5437 Cbaldagoru‘m
2743 5348 3054 5437 terranybv
3084 5348 3308 5437 ἔμετοιθῆ
3330 5355 3443 5424 βίον
3479 5348 3849 5437 interpretattttji

2343 5425 2506 5478 vitam
2539 5424 2891 5501 libidinosam.
2921 5424 3126 5482 Verum
3159 5425 3266 5501 hoc
3296 5424 3471 5501 ipsum
3511 5430 3764 5501 captiin“?
3782 5426 3853 5501 ff:

2383 5511 2522 5550 uens
2552 5495 2717 5566 habet
2739 5495 3003 5551 Maximus
3026 5512 3148 5566 cap.
3183 5495 3251 5550 48
3286 5489 3360 5566 ίὲι
3399 5495 3488 5566 49,
3547 5489 3854 5566 pluribuS‘llle

2383 5511 2522 5550 uens
2552 5510 2717 5550 nauet
2739 5510 3003 5551 nummus
3026 5512 3148 5566 cap.
3183 5510 3251 5550 ιδ
3303 5510 3360 5549 οι
3399 5510 3488 5555 43,
3547 5510 3854 5561 plurumath

2344 5510 2448 5639 ὃν.
2484 5566 2554 5618 ad
2579 5565 2930 5639 Thalassium,
2949 5567 3037 5639 in‘
3052 5568 3231 5639 locum
3250 5635 3262 5639 Α
3275 5564 3545 5639 Jeremiae,
3565 5565 3854 5639 quamcf?

2343 5619 2476 5708 εὲιεε
2530 5619 2807 5708 serviendi
2848 5619 3855 5708 sabariammen-osamnis12-

2343 5705 2586 5779 daeisque
2611 5701 3196 5779 indiciturfquidquid
3240 5707 3361 5779 ejus
3402 5701 3743 5761 Providentia
3769 5701 3850 5751 est.

2341 5775 2556 5832 erudite
2579 5776 2775 5847 pieque
2803 5775 3144 5850 exsequitur.
