4064 6438
233 378 375 440 1137
1056 383 1387 445 CAPITUM
1424 385 1696 446 THEOL.
1736 383 1831 443 ET
1869 379 2105 447 (ECON.
2146 390 2533 455 CENTURIA
2572 396 2654 457 II.
3330 396 3467 463 1138

227 484 300 575 ᾖν
332 484 362 534 6
392 482 627 554 ἀψευδὴς
655 484 788 549 Θεὸς
810 484 1049 541 δείκνυσι
1076 491 1170 543 καὶ
1192 491 1589 560 ἐπαγγέλλεται
1609 490 1801 544 δώσειν
1828 537 1832 548 .

1865 523 1877 548 .
1902 491 2047 546 Deus
2075 498 2334 563 ostendit,
2362 516 2426 555 ac
2456 518 2513 556 se
2540 503 2795 557 daturum
2816 503 2971 573 quasi
2995 500 3215 560 virtutis
3244 510 3470 575 praemio

230 571 426 644 ῶσπερ
454 575 685 629 ἔπαθλον
710 579 931 649 ἀρετῆς,
965 584 1077 647 τοῖς
1108 584 1392 652 ἀγαπῶσιν
1415 585 1598 640 αὐτόν.

1330 602 1392 638 τιν
1415 585 1598 640 αὐτόν.
1905 587 2214 655 pollicetur,
2243 590 2329 646 his
2353 593 2446 660 qui
2473 594 2652 663 ipsum
2681 571 2935 665 diligunt.

308 667 413 767 κς.
460 668 521 767 ξῐί
555 670 871 742 ἐσταυρώθη
902 672 968 725 δι’
998 675 1147 744 ἡμᾶς
1194 675 1252 743 ἐξ
1303 676 1587 739 ἀσθενείας
1628 678 1657 731 6
1707 675 1804 730 τοῦ

1975 679 2062 733 27.
2123 682 2405 761 Siquidem
2448 685 2545 740 Dei
2595 686 2787 743 Sermo
2822 704 2909 743 ex.
2939 688 3256 745 inﬁrmitate
3296 692 3469 747 nostri

234 756 377 858 Θεοῦ
410 759 603 827 Λόγος,
646 764 737 815 καὶ
780 764 991 834 ἠγέρθη
1021 766 1087 819 ἐκ
1115 767 1393 837 δυνάμεως
1440 769 1598 835 Θεοῦ,
1648 769 1805 840 δῆλον

1906 790 2070 830 causa
2091 776 2387 831 cruciﬁxus
2413 785 2517 843 est,
2548 788 2604 833 et
2633 782 2933 835 resurrexit
2959 781 3013 835 iu
3042 782 3249 836 virtute
3273 784 3468 850 Dei“;

235 854 323 901 ὅτι
371 854 757 919 πνευματικῶς
804 854 874 906 δι’
926 856 1073 923 ἡμᾶς
1103 858 1192 908 ἀεὶ
1228 856 1388 910 τοῦτο
1417 859 1510 911 καὶ
1544 861 1689 912 ποιεῖ
1713 860 1807 911 καὶ

1906 868 2066 937 plane
2098 868 2272 936 liquet
2294 868 2348 922 id
2368 884 2502 923 eum
2535 884 2753 939 semper
2773 881 2997 941 propter
3023 888 3125 927 nos
3152 873 3473 943 spiritaliter

237 940 482 1010 πάσχει·
530 943 605 1005 ὼς
646 946 783 997 πᾶσι
830 945 1008 999 πάντα
1037 948 1343 1016 γινόμενος,
1383 950 1470 1003 ἵνα
1505 949 1653 1022 σώσῃ
1682 951 1807 1012 τοὺς

1906 974 2091 1029 agere,
2127 967 2353 1030 tumque
2379 961 2457 1015 illi
2477 962 2758 1028 accidere;
2784 972 2842 1017 ut
2863 964 2959 1034 qui
2996 965 3253 1020 omnibus
3290 968 3472 1022 omnia

235 1036 473 1095 πάντας.
529 1036 738 1089 Οὐκοῦν
792 1037 974 1101 καλῶς
1001 1040 1029 1090 6
1066 1039 1207 1102 θεῖος
1241 1040 1559 1104 Ἀπόστολος
1606 1043 1665 1094 ἐν
1693 1043 1809 1104 τοῖς

1908 1052 2021 1117 ﬁat,
2068 1052 2343 1109 ut'omnes
2389 1054 2568 1109 salvos
2602 1054 2784 1109 faciat.
2826 1056 2994 1112 Recte
3046 1057 3213 1127 igitur
3256 1058 3475 1113 divinus

236 1125 550 1195 Κορινθίοις
585 1127 922 1192 ἀσθενοῦσιν,
956 1129 1107 1184 οὐδὲν
1140 1130 1352 1202 ἔκρινεν
1383 1133 1606 1196 εἰδέναι,
1638 1135 1688 1187 εἰ
1731 1128 1807 1205 μὴ

1906 1146 2242 1215 Apostolus,
2286 1146 2431 1216 apud
2485 1145 2833 1213 Corinthios,
2875 1149 2969 1217 qui
3017 1125 3221 1205 inﬁrmi
3266 1158 3469 1217 essent,

268 1214 461 1284 Ιησοῦν
501 1216 753 1286 Χριστὸν,
794 1218 887 1270 καὶ
935 1219 1125 1272 τοῦτον
1186 1220 1618 1291 ἐσταυρωμένον.
1648 1222 1807 1289 Ἐφε-

1906 1237 2046 1292 nihil
2097 1252 2157 1293 se
2193 1237 2459 1308 judicavit
2498 1238 2640 1293 scire
2692 1240 2799 1293 nisi
2845 1240 3029 1294 Jesum
3058 1241 3359 1309 Christum,
3412 1252 3470 1298 et

237 1310 379 1373 σίοις
410 1310 467 1363 δὲ
517 1309 736 1381 γράφει,
767 1311 992 1376 τελείοις
1018 1309 1158 1378 οὖσι,
1199 1312 1259 1365 τὸ
1280 1353 1293 1377 ,
1351 1313 1677 1382 Συνήγειρε
1707 1312 1806 1366 καὶ

1908 1329 2057 1384 hunc
2106 1329 2428 1385 cruciﬁxum
2450 1332 2517 1384 ⁸³.
2544 1327 2799 1400 Ephesiis
2849 1339 3052 1397 autem,
3096 1333 3189 1402 qui
3238 1334 3468 1403 perfecti

234 1404 642 1457 συνεκάθισεν
690 1404 850 1472 ἡμᾶς
881 1408 915 1459 ὀ
971 1406 1115 1470 Θεὸς
1161 1406 1230 1458 ἐν
1265 1404 1391 1471 τοῖς
1427 1404 1808 1472 ἐποιιρανίοις

1907 1422 2066 1494 49],
2092 1432 2295 1488 essent,
2325 1424 2380 1477 in
2414 1424 2530 1478 haec
2559 1423 2722 1477 verba
2770 1423 2963 1478 scribit
2992 1441 3005 1477 :
3041 1423 3474 1479 Conrcsnscitavit

233 1496 307 1546 ἐν
336 1496 568 1563 Χριστῷ
611 1497 804 1560 Ἰησοῦ
826 1513 840 1527 °
887 1498 1028 1551 κατὰ
1052 1497 1149 1569 τὴν
1176 1497 1551 1565 ἀναλογοῦσαν
1592 1496 1808 1566 ἑκάστῳ

1910 1531 2003 1569 nos
2028 1555 2042 1579 ,
2107 1526 2158 1569 et
2197 1517 2477 1570 consedere
2511 1532 2606 1571 nos
2655 1517 2773 1587 fecit
2816 1518 2955 1571 Deus
3007 1520 3061 1573 in
3092 1518 3381 1572 caelestibus
3419 1521 3475 1573 in

235 1588 491 1657 δύναμιν,
548 1588 639 1641 τὸν
682 1588 777 1641 τοῦ
827 1588 964 1643 Θεοῦ
1024 1591 1196 1659 Λόγον
1256 1588 1503 1658 γίνεσθαι
1561 1590 1808 1658 φάσκων.

1910 1606 2115 1662 Christo
2173 1608 2391 1675 Iesu“;
2429 1625 2529 1679 pro
2583 1612 2848 1680 cujusque
2904 1610 3177 1666 facultatis
3212 1613 3471 1676 modulo,

237 1681 578 1753 Σταυροῦται
602 1681 780 1736 τοίνυν
809 1686 923 1747 τοῖς
952 1683 1032 1737 ἔτι
1073 1684 1209 1753 πρὸς
1243 1684 1526 1736 εὐσέϐειαν
1571 1697 1809 1751 πρακτι-

1908 1700 2004 1755 Dei
2036 1701 2355 1757 Sermonem
2385 1717 2449 1757 ac
2475 1702 2713 1758 Verbum
2737 1718 2794 1758 se
2820 1703 3020 1759 habere
3049 1703 3256 1759 dicens.
3291 1704 3476 1774 Itaque

241 1776 355 1839 κῶς
377 1776 766 1845 εἰσαγομένοις,
789 1778 888 1839 τὰς
910 1777 1177 1847 ἐμπαθεῖς
1200 1775 1378 1828 αὐτῶν
1399 1775 1477 1846 τῷ
1503 1775 1632 1844 θείῳ
1659 1772 1809 1843 φόϐῳ
1839 1840 1846 1896 1

241 1868 531 1897 ..ιιι--..Ἱῖηι
577 1870 856 1897 ι..-,...-ι..-
912 1870 1214 1897 νΔ..ι-....-...
1259 1870 1311 1897 n
1348 1870 1437 1897 ...Α
1479 1868 1682 1897 2..-.-.“
1732 1868 1811 1897 οἵ..

1871 1843 1883 1894 Β
1911 1794 2272 1865 cruciﬁgitur,
2302 1794 2390 1859 iis,
2418 1794 2512 1865 qui
2543 1795 2776 1850 actionis
2802 1797 2952 1851 cultu
2983 1796 3050 1851 ad
3088 1797 3344 1866 pietatem
3380 1772 3476 1851 ru—

241 1868 531 1939 προσηλῶν
575 1870 876 1941 ἐνεργείας.
912 1870 1219 1923 ’Λνίσταται
1257 1870 1312 1922 δὲ
1348 1870 1444 1922 καὶ
1476 1868 1682 1923 ἄνεισιν
1729 1868 1846 1932 ei;J

1869 1868 1883 1894 ’
1912 1887 2152 1942 dimenta
2196 1896 2440 1957 ponunt,
2472 1904 2589 1953 seu,
2622 1889 2714 1957 qui
2748 1889 2838 1942 illa
2880 1888 3247 1952 inducuntur,
3284 1904 3474 1943 eorum

240 1957 526 2024 οὐρανοὺς,
562 1958 672 2019 τοῖς
701 1957 819 2010 ὅλον
852 1957 944 2011 τὸν
970 1957 1197 2013 παλαιὸν
1228 1957 1695 2029 ἁπεκδυσαμὲνοις
1716 1958 1809 2012 ἀν-

1910 1980 2234 2035 libidinosas
2260 1980 2505 2050 vitioque
2554 1991 2840 2035 concretas
2879 1980 3123 2035 actiones
3166 1979 3355 2034 divino
3405 1978 3475 2033 ti-

243 2044 481 2129 θρωπον,
512 2047 603 2101 τὸν
638 2048 994 2120 φθειρόμενον
1025 2051 1168 2105 κατά
1218 2050 1319 2114 τὰς
1367 2050 1666 2121 ἐπιθυμίας
1710 2050 1810 2119 τῆς

1911 2085 2062 2125 more
2089 2069 2386 2141 conﬁgens.
2418 2069 2820 2140 Resurgitvero
2843 2074 2897 2125 et
2929 2070 2985 2123 in
3006 2070 3175 2124 ccelos
3205 2068 3473 2133 ascendit,

243 2140 463 2205 ἀπάτης
482 2156 495 2169 ·
528 2140 620 2192 καὶ
645 2140 764 2193 ὅλον
794 2141 884 2195 τὸν
908 2142 1026 2195 νέον
1051 2142 1454 2212 ἐνδυσαμένοις,
1481 2142 1572 2196 τὸν
1603 2142 1690 2195 διὰ
1714 2141 1809 2195 τοῦ

1910 2162 2019 2226 his,
2048 2162 2143 2232 qui
2184 2169 2424 2216 veterem
2477 2168 2651 2216 totum
2709 2161 2986 2215 hominem
3030 2166 3325 2223 exuentes,
3380 2160 3476 2229 qui

243 2232 555 2299 πνεύματος
587 2236 708 2286 κατ’
742 2234 929 2288 εἰκόνα
966 2234 1103 2289 Θεοῦ
1147 2234 1492 2305 κτιζόμενον,
1532 2234 1628 2288 καὶ
1669 2232 1811 2304 πρὸς

1910 2250 2289 2321 corrumpitur
2324 2249 2624 2305 secundum
2683 2248 2956 2305 desideria
3010 2249 3249 2313 erroris,
3302 2256 3476 2303 totum

240 2319 336 2371 τὸν
388 2321 608 2393 Πατέρα
668 2324 767 2394 τῆς
821 2324 883 2378 ἐν
932 2326 1120 2389 αὐτοῖς
1186 2326 1409 2397 χάριτος
1461 2324 1808 2395 γενομένοις⁶

1910 2356 2114 2396 novum
2140 2319 2467 2404 induerunt,
2497 2338 2592 2408 qui
2625 2352 2726 2408 per
2749 2337 3012 2408 Spiritum
3044 2343 3261 2391 creatur
3276 2349 3479 2390 secun-

253 2412 558 2481 ’Υπεράγω
585 2414 795 2485 πάσης
830 2416 1040 2487 Ἀρχῆς
1071 2417 1171 2471 καὶ
1216 2417 1539 2483 Ἐξουσίας
1566 2416 1664 2470 καὶ
1704 2418 1811 2471 Δυ-

1910 2433 2041 2488 dum
2065 2433 2161 2487 Dei
2188 2432 2480 2503 imaginem
2503 2430 2584 2497 ⁸⁵;
2632 2440 2689 2485 et
2710 2430 2777 2484 ad
2803 2430 2943 2499 ejus,
2976 2443 3099 2498 quae
3142 2427 3197 2481 in
3231 2425 3340 2480 illis
3369 2433 3474 2490 est,

242 2505 476 2571 νάμεως
526 2505 625 2558 καί
676 2507 1054 2574 Κυριότητος,
1096 2507 1194 2562 καὶ
1240 2506 1468 2574 παντὸς
1521 2507 1812 2576 ὀνόματος

1910 2525 2096 2595 gratia:
2143 2525 2430 2579 Parentem
2456 2530 2752 2578 evaserunt
2781 2538 2795 2575 :
2824 2519 2994 2590 Super
3021 2534 3227 2573 omnem
3267 2516 3476 2571 Princi-

242 2594 697 2693 ὼῖομαζομένου,
730 2600 850 2654 εἴτε
904 2601 974 2654 ἐν
1014 2600 1094 2667 τῷ
1127 2600 1295 2655 ιιίῶνι
1320 2602 1530 2667 τούτῳ,
1572 2600 1693 2654 εἴτε
1741 2599 1812 2653 ἐν

1912 2594 2098 2684 patum
2127 2621 2175 2673 et
2203 2612 2525 2667 Potestatem
2555 2609 2913 2680 Virtutemque
2951 2617 3001 2662 et
3029 2606 3481 2670 Dominationem,

243 2686 325 2749 τῷ
345 2686 652 2754 μέλλοντι.
686 2691 873 2746 Πάντα
899 2693 1009 2764 γὰρ
1056 2694 1125 2747 τὰ
1172 2694 1311 2763 μετὰ
1335 2694 1488 2757 Θεὸν,
1538 2693 1630 2746 καὶ
1667 2691 1812 2764 πρά-

1912 2713 1961 2758 et
1993 2720 2144 2758 omne
2169 2718 2357 2756 nomen
2393 2701 2532 2771 quod
2569 2702 2877 2754 nominatur
2898 2698 3004 2753 sive
3032 2698 3089 2751 in
3134 2698 3228 2751 hoc
3265 2694 3477 2760 alecula,

243 2791 433 2844 γματα
479 2780 573 2831 καὶ
616 2781 855 2851 ὀνόματα
905 2784 999 2837 καὶ
1045 2782 1356 2854 ἀξιώματα,
1388 2783 1493 2837 ὑπὸ
1519 2783 1609 2839 τὸν
1647 2783 1707 2837 ἐν
1734 2783 1812 2855 τῷ

1908 2797 2018 2850 sive
2048 2796 2106 2848 in
2130 2795 2308 2865 futuro
2325 2793 2391 2845 "°.
2433 2790 2629 2847 Omnia
2659 2791 2807 2846 enim
2856 2804 2978 2859 qua:
3025 2804 3056 2843 a
3098 2788 3210 2842 Deo
3242 2785 3488 2841 secunda-

243 2867 365 2941 Θεῷ
388 2869 477 2924 διά
501 2875 601 2941 τῆς
627 2874 852 2943 χάριτος
881 2870 1246 2948 γενησόμενον
1270 2877 1443 2932 ἔσται.

1912 2896 2062 2952 sunt,
2099 2903 2187 2942 res
2218 2887 2427 2956 pariter
2454 2894 2511 2941 et
2542 2884 2719 2955 capita
2753 2891 2809 2938 et
2838 2881 3155 2952 dignitates,
3188 2878 3290 2941 illi,
3310 2875 3405 2948 qui
3425 2877 3480 2930 in

1913 2982 2025 3036 Deo
2060 2994 2159 3050 per
2188 2979 2417 3051 gratiam
2446 2976 2571 3041 erit,
2605 2974 2991 3046 subjicientur.

316 3053 425 3118 κη’.
466 3048 679 3120 ’Ὥσπερ
710 3050 818 3121 πρὸ
850 3054 950 3121 τῆς
984 3053 1263 3122 ἐμφανοῦς
1310 3056 1406 3108 καὶ
1458 3056 1603 3110 κατά
1635 3058 1815 3128 σάρκα

1981 3048 2075 3124 28.
2111 3048 2583 3136 Quemadmodum
2622 3075 2747 3121 ante
2793 3063 3153 3133 conspicuum
3199 3076 3264 3117 ac
3317 3075 3488 3115 carne

249 3142 553 3210 παρουσίας
594 3143 691 3209 (9),
722 3144 934 3213 νοητῶς
982 3147 1010 3197 6
1055 3145 1147 3198 τοῦ
1176 3146 1324 3210 ,Θεοῦ
1362 3148 1537 3216 Λόγος
1557 3152 1672 3211 τοῖς
1704 3166 1812 3201 πα·
1841 3193 1854 3250 ⁴

1879 3191 1886 3248 ι
1918 3162 2228 3218 exhibitum
2272 3161 2570 3216 adventum
2597 3197 2612 3221 ,
2655 3146 2752 3211 Dei
2790 3154 2984 3210 Sermo
3021 3152 3347 3223 spiritaliter
3384 3166 3484 3221 pan

245 3234 535 3304 τριάρχαις
570 3238 665 3288 καὶ
713 3241 1023 3308 προφήταις
1074 3240 1346 3309 ἐνεδήμει,
1410 3242 1704 3310 προτυπῶν
1748 3234 1850 3295 τά’

1879 3234 2177 3310 ’ῑτίαι-ειιίε
2230 3261 2286 3309 et
2332 3250 2617 3324 prophetis
2662 3247 3032 3311 adveniebat,
3076 3245 3347 3299 adventus
3397 3242 3484 3298 sui

252 3326 531 3397 μυστήρια
561 3327 660 3397 τῆς
710 3329 876 3382 αὐτοῦ
924 3331 1269 3400 παρουσίαςο
1333 3330 1477 3385 οὕτω
1528 3332 1625 3386 καὶ
1681 3332 1817 3402 μετά

1915 3344 2181 3416 mysteria
2209 3341 2566 3413 praeﬁgurans
2592 3357 2606 3393 :
2633 3339 2715 3395 sic
2749 3352 2974 3407 quoque
3005 3350 3074 3391 eo
3103 3336 3214 3406 jam
3249 3333 3484 3388 adventu

247 3419 455 3487 ταύτην
497 3419 595 3486 τὴν
632 3421 913 3490 ἐνδημίαν,
946 3422 1007 3473 οὐ
1049 3422 1211 3491 μόνον
1245 3423 1303 3475 ἐν
1340 3425 1452 3485 τοῖς
1496 3422 1575 3476 ἔτι
1606 3424 1815 3493 νηπίοις

1916 3436 2221 3506 completo,
2255 3450 2368 3489 non
2393 3433 2555 3488 modo
2579 3431 2688 3487 illis
2725 3429 2949 3485 advenit
2971 3469 2985 3495 ,
3018 3428 3113 3497 qui
3140 3427 3324 3481 adhuc
3362 3440 3489 3495 par-

248 3512 641 3580 παραγίνεται,
705 3513 1011 3584 διατρέφων
1071 3514 1459 3584 πνευματικῶς
1518 3516 1614 3569 καὶ
1670 3516 1817 3584 ἄγων

1916 3528 2031 3583 vuli
2059 3536 2189 3582 sunt
2213 3566 2227 3589 ,
2256 3541 2395 3596 quos
2419 3523 2743 3596 spiritaliter
2766 3522 2877 3576 alat
2903 3561 2916 3585 ,
2953 3528 3009 3574 et
3043 3519 3111 3573 ad
3141 3519 3261 3589 cjus
3304 3516 3485 3587 perfe-

250 3604 388 3673 πρὸς
427 3605 644 3674 ἠλικίαν
672 3606 771 3674 τῆς
794 3606 939 3659 κατά
969 3605 1104 3659 Θεὸν
1138 3606 1482 3677 τελειότητος
1505 3625 1519 3638 ·
1555 3607 1691 3661 ἀλλὰ
1720 3608 1816 3661 καὶ

1917 3619 2119 3674 ctionis
2157 3625 2396 3681 atatem,
2425 3630 2545 3685 quae
2584 3622 2668 3669 est
2711 3611 3013 3667 secundum
3052 3610 3247 3672 Deum,
3288 3607 3490 3672 ducat;

249 3699 309 3749 ἐν
336 3702 448 3763 τοῖς
476 3702 725 3764 τελείοις,
766 3702 1190 3775 προδιαγράφων
1228 3703 1416 3763 αὐτοῖς
1442 3705 1691 3775 κρυφίως
1720 3708 1819 3776 τῆς

1917 3728 2111 3768 verum
2145 3713 2313 3766 etiam
2343 3707 2626 3780 perfectis,
2662 3706 2879 3761 occulte
2903 3704 2985 3759 eis
3013 3702 3187 3757 futuri
3218 3700 3493 3755 adventus

254 3792 560 3863 μελλούσης
604 3793 771 3847 αὑτοῦ
822 3797 1130 3885 παρουσίας
1159 3796 1235 3861 ὼς
1279 3797 1339 3851 ἐν
1365 3797 1535 3851 εἰκόνι
1562 3797 1690 3861 τοὺς
1722 3815 1819 3868 χα-

1628 3797 1690 3861 in;
1722 3815 1819 3868 χα-
1918 3804 2004 3860 sui
2032 3804 2380 3858 characteres
2402 3800 2555 3855 velut
2577 3799 2633 3854 in
2660 3798 2895 3869 imagine
2918 3796 3230 3867 designans.

253 3885 558 3954 ρακτῆρας.

322 3978 427 4030 κθ’.
445 3978 655 4049 Ὥσπερ
686 3978 736 4030 οἱ
768 3978 1054 4050 τοῦ-νόμου
1076 3981 1174 4035 καὶ
1192 3981 1302 4034 τῶν
1332 3982 1627 4053 προφητῶν
1648 3983 1816 4052 λόγοι,

1988 3981 2079 4036 29.
2119 3976 2600 4046 Quemadmodum
2641 3976 2779 4047 legis
2825 3989 2890 4030 ac
2928 3973 3327 4044 prophetarum
3374 3985 3490 4025 ser-

252 4070 551 4140 πρόδρομοι
578 4071 939 4138 τυγχάνοντες
968 4074 1066 4143 τῆς
1116 4075 1257 4128 κατά
1286 4075 1464 4145 σάρκα
1498 4074 1593 4129 τοῦ
1646 4078 1819 4147 Λόγου

1920 4087 2134 4135 mones,
2160 4070 2253 4139 qui
2278 4068 2563 4125 Sermonis
2592 4066 2647 4120 in
2684 4080 2851 4120 carne
2875 4065 2999 4135 (seu
3032 4062 3223 4131 Verbi)
3254 4074 3495 4131 praecur,

252 4166 575 4234 παρουσίας,
610 4166 710 4228 τὰς
745 4164 926 4234 ψυχάς
955 4166 1032 4230 εἰς
1080 4166 1315 4237 Χριστὸν
1370 4168 1781 4237 ἐπαιδαγώγουν
1803 4188 1818 4202 ο

1921 4172 2079 4212 seres
2094 4164 2300 4220 essent,
2333 4170 2433 4224 pro
2456 4153 2735 4224 paedagogi
2757 4152 2915 4222 quasi
2937 4166 3170 4207 munere
3194 4150 3404 4204 animas
3424 4147 3492 4203 ad

250 4258 394 4310 οὕτω
421 4257 518 4310 καὶ
544 4258 706 4321 αὐτὸς
729 4258 758 4310 6
791 4258 1177 4327 δεδοξασμένος
1204 4258 1297 4313 τοῦ
1324 4258 1459 4311 Θεοῦ
1494 4260 1666 4327 Λόγος
1691 4278 1822 4332 σαρ-

1922 4250 2201 4306 Christum
2245 4248 2616 4303 erudiebant:
2665 4246 2747 4301 sic
2787 4253 2844 4300 et
2874 4245 2992 4314 ipse
3037 4241 3371 4299 elariﬁcatus
3396 4238 3492 4293 Dei

252 4348 474 4412 κωθεὶς,
525 4351 833 4421 πρόδρομος
859 4352 958 4420 τῆς
988 4332 1367 4423 πνευματικῆς
1397 4352 1565 4405 αὐτοῦ
1616 4330 1823 4425 παρουο

1925 4340 2121 4395 Sermo
2161 4338 2484 4393 incarnatus
2502 4376 2516 4399 ,
2543 4334 2810 4405 spiritalis
2832 4334 3107 4388 adventus
3134 4330 3219 4385 sui
3248 4345 3493 4399 praacur-

254 4443 377 4505 σίας
411 4443 702 4512 γεγένηται
727 4460 741 4473 ο
808 4443 1178 4511 παιδαγωγῶν
1225 4422 1331 4507 τὰς
1351 4443 1531 4513 ψυχὰς
1568 4434 1659 4497 διά
1700 4422 1821 4496 Ἵτῶν

1926 4447 2019 4487 sor
2043 4431 2275 4486 effectus
2292 4438 2398 4494 est,
2421 4445 2520 4499 per
2536 4440 2823 4483 sermones
2838 4441 2970 4480 suos
2985 4432 3149 4493 atque
3167 4422 3492 4484 doctrinam,

252 4536 471 4588 οἰκείων
494 4535 688 4604 λόγων,
724 4535 861 4607 πρὸς
895 4535 1159 4606 ὑποδοχὴν
1200 4537 1301 4605 τῆς
1356 4536 1630 4606 ἐμφανοῦς
1658 4535 1822 4589 αὐτοῦ
1854 4526 1857 4579 Ῐ

1891 4526 2045 4595 ιίρεε
2090 4539 2312 4594 quoque
2361 4524 2429 4576 ad
2480 4521 2843 4590 cormpicuum
2892 4517 3142 4573 divinum
3199 4516 3496 4570 adventum

256 4627 445 4695 θεῐκῆς
478 4605 781 4697 παρουσίας
805 4644 818 4658 ·
852 4627 921 4697 ἢν
949 4627 1037 4691 ἀεὶ
1063 4605 1166 4696 μὲν
1193 4605 1447 4691 ποιεῖται,
1477 4626 1826 4697 μεταϐάλλων

1926 4634 2088 4674 suum
2138 4614 2575 4685 suscipiendum,
2617 4612 2833 4666 animos
2882 4610 3162 4677 erudiens.
3222 4608 3382 4662 Hunc
3408 4605 3498 4659 ille

254 4720 363 4772 ἀπὸ
392 4693 491 4788 τῆς
538 4693 740 4789 σαρκὸς
790 4693 925 4790 πρδς
975 4719 1035 4774 τὸ
1067 4693 1301 4789 πνεῦμα
1351 4721 1441 4773 διὰ
1473 4693 1580 4773 τῶν
1614 4721 1825 4791 ἀρετῶν

1928 4709 2223 4763 adventum
2277 4720 2495 4775 semper
2537 4702 2692 4767 facit,
2723 4701 2993 4755 virtutum
3053 4700 3203 4753 cultu
3254 4713 3351 4752 eos
3404 4693 3497 4764 qui

254 4813 380 4874 τοὺς
430 4811 615 4877 ἀξίους
639 4826 655 4842 ·
702 4812 919 4882 ποιήσει
965 4811 1023 4863 δὲ
1071 4811 1169 4865 καὶ⁵
1198 4814 1289 4865 ἐπὶ
1314 4814 1457 4865 τέλει
1484 4812 1579 4866 τοῦ
1604 4813 1821 4881 αἰῶνος,

1926 4800 2077 4869 digni
2110 4799 2224 4853 sint
2270 4813 2301 4851 a
2345 4810 2512 4851 carne
2557 4794 2625 4849 ad
2671 4792 2930 4863 spiritum
2984 4797 3334 4849 convertens,
3383 4795 3496 4839 tum

258 4902 518 4971 ἐμφανῶς
548 4900 956 4955 ἀποκαλύπτων
983 4902 1053 4955 τά
1084 4902 1221 4966 τέως
1247 4904 1412 4955 πᾶσιν
1441 4903 1750 4974 ἀπόρρητα.

1925 4908 2058 4948 vero
2105 4891 2274 4945 etiam
2332 4890 2388 4943 in
2431 4888 2540 4943 ﬁne
2584 4886 2773 4943 saeculi
2800 4885 3057 4940 facturus
3101 4892 3218 4949 est,
3270 4894 3334 4933 ca
3380 4893 3501 4949 quae

1932 4986 2146 5042 cunctis
2173 4985 2441 5039 hactenus
2459 4996 2656 5035 arcana
2680 4987 2829 5044 sunt,
2855 4979 3032 5046 palam
3061 4975 3289 5030 faciens.

327 5078 395 5131 λ’.
423 5078 587 5130 ὐσον
612 5077 723 5145 ἐγὼ
754 5079 868 5147 είμι
913 5076 1110 5146 ἀτελὴς
1155 5077 1251 5130 καὶ
1298 5077 1691 5141 ἀνυπότακτος,
1751 5078 1825 5149 μὴ

2004 5078 2091 5134 50.
2132 5076 2389 5143 Quandiu
2423 5089 2525 5145 ego
2560 5072 2922 5143 imperfectus
2961 5083 3083 5124 sum
3115 5075 3172 5120 et
3208 5078 3319 5118 non
3365 5061 3499 5116 sub-

236 5169 553 5225 ςὺπακούων
592 5167 685 5221 τοῦ
734 5166 871 5221 Θεοῦ
921 5168 1008 5222 διὰ
1055 5168 1157 5237 τῆς
1208 5169 1473 5238 ἐργασίας
1531 5170 1639 5222 τῶν
1674 5172 1826 5223 ἐντο-

1929 5173 2129 5244 jcctus,
2174 5168 2269 5238 qui
2315 5166 2568 5222 mandata
2610 5162 2889 5233 implendo
2912 5201 2927 5225 ,
2960 5160 3075 5214 Deo
3108 5172 3218 5211 non
3249 5169 3497 5225 paream;

255 5262 369 5317 λῶν
399 5263 491 5333 (b)'
550 5261 688 5332 μήτε
732 5262 1013 5332 γινόμενος
1044 5260 1183 5314 κατά
1236 5260 1334 5331 τὴν
1376 5261 1577 5327 γνῶσιν
1623 5262 1828 5326 τέλειος

1932 5276 2059 5325 nec,
2120 5258 2265 5329 quod
2319 5258 2516 5312 attinet
2557 5255 2624 5310 ad
2669 5252 2981 5315 scientiam,
3034 5248 3199 5303 animi
3245 5244 3504 5302 sensibus

254 5358 384 5420 ταῖς
409 5356 603 5428 φρεσίν
624 5373 637 5387 ·
692 5354 891 5425 ἀτελὴς
938 5354 1033 5408 καὶ
1084 5354 1459 5416 ἀνυπότακτος
1488 5354 1547 5406 τὸ
1577 5357 1695 5406 κατ’
1726 5357 1825 5424 ἐμὲ

1935 5352 2219 5424 perfectus
2256 5350 2412 5415 ﬁam;
2458 5348 2623 5403 etiam
2657 5344 2915 5401 Christus
2940 5340 3044 5396 mei
3071 5355 3270 5403 causa,
3314 5345 3504 5408 quate-

259 5452 361 5504 καὶ
387 5448 623 5522 Χριστὸς
647 5446 926 5519 νομίζεται
959 5446 1025 5500 δι’
1057 5445 1160 5515 ἐμέ
1182 5460 1197 5475 ·
1236 5444 1374 5515 μειῶ
1402 5445 1511 5516 γάρ
1541 5445 1704 5499 αὐτὸν
1732 5444 1830 5501 καὶ

1937 5462 2044 5501 nus
2064 5446 2254 5507 homo,
2288 5440 2643 5511 imperfectus
2671 5447 2726 5493 et
2750 5436 2867 5507 ipse
2890 5434 3123 5489 auditet
3176 5446 3287 5486 non
3318 5429 3502 5497 subje—

262 5693 284 5738 ι
329 5610 453 5737 ξ¹11
490 5609 617 5667 Cor.
649 5625 762 5676 xm,
790 5609 845 5665 4.
915 5606 1007 5662 ⁸³1
1044 5606 1169 5665 Cor.
1205 5622 1263 5672 ιι,
1293 5606 1347 5661 2.
1435 5606 1481 5637 “
1504 5605 1705 5677 Ephes.
1739 5623 1796 5672 ιι,
1832 5606 1864 5662 6

1978 5606 2021 5638 θδ
2049 5607 2356 5678 Ephes.1v,
2404 5600 2599 5667 22-24;
2622 5596 2831 5654 Coloss.
2869 5610 2949 5661 ιιι,
2980 5592 3035 5660 9,
3076 5590 3160 5648 10.
3236 5589 3280 5623 ⁸⁸
3304 5587 3502 5645 Ethes.

289 5717 423 5748 ,σι’
2450 5717 2460 5729 '

337 5815 410 5879 (bl
440 5815 563 5875 Hzec
582 5816 827 5886 pluribus
856 5816 1150 5890 Gregorius
1176 5816 1329 5883 Nam,
1357 5827 1498 5873 orat.
1528 5819 1556 5873 4
1577 5817 1652 5872 De
1678 5814 1954 5886 theologia.
