4064 6454
637 391 770 458 1139
1792 396 1853 455 S.
1890 396 2173 456 ΜΑΧΙΜΙ
2214 419 2216 439 π

2312 398 2716 461 NFESSORIS
3719 397 3830 464 mo

632 515 772 564 ctus.
808 509 994 568 Minuo
1029 514 1178 568 enim
1201 529 1325 568 eum
1357 519 1413 567 et
1441 513 1634 566 detero
1654 553 1667 573 ,
1703 512 1795 580 qui
1820 511 2047 581 paribus
2075 528 2200 566 cum

2312 514 2533 574 κολοϐῶ,
2575 515 2647 585 μὴ
2698 515 3039 578 συναυξάνων
3094 511 3245 578 αὐτῷ
3295 510 3434 564 κατᾶ
3486 511 3726 580 πνεῦμα,
3775 517 3838 580 ὡς

633 598 732 654 illo
755 603 1065 670 augmentis
1100 619 1211 658 non
1236 618 1502 666 crescam,
1532 618 1656 657 cum
1685 602 1888 658 Christi
1917 618 2120 672 corpus
2143 612 2198 656 et

634 693 882 747 membra
914 709 982 748 ex
1009 702 1166 765 parte
1196 695 1458 751 exsistam
1483 696 1553 748 ⁸⁷.

2305 605 2462 676 σῶμα
2492 608 2728 677 Χριστοῦ
2756 608 3037 678 τυγχάνων
3064 607 3158 658 καὶ
3185 605 3319 676 μέλη
3353 607 3418 658 ὲκ
3447 605 3662 674 μέρους.

704 783 866 854 492
918 785 1006 840 51.
1042 784 1224 840 Oritur
1254 785 1354 851 sol,
1388 795 1436 840 et
1466 787 1650 840 occidit
1677 786 1758 840 sol
1777 828 1790 851 ,
1827 787 2010 856 inquit
2051 787 2200 842 Scri-

639 880 800 946 ptura
852 877 919 932 ⁸⁸.
966 877 1140 948 Igitur
1191 887 1247 932 et
1296 880 1476 950 ipsum
1507 880 1773 944 Verbum,
1830 895 1929 934 seu
1979 880 2197 943 Sermo,

637 968 968 1038 quandoque
1009 985 1253 1034 sursum,
1288 972 1616 1042 quandoque
1644 971 1900 1026 deorsum
1933 987 2055 1026 esse
2086 973 2202 1026 exi-

638 1059 915 1122 stimatur,
944 1075 1046 1130 pro
1078 1075 1272 1114 eorum
1295 1061 1508 1117 scilicet
1531 1061 1820 1132 dignitate,
1856 1061 2082 1132 ipsaque
2110 1079 2201 1116 ra-

639 1149 790 1203 tione
817 1159 914 1204 aut
939 1149 1124 1216 modo,
1158 1150 1253 1221 qui
1279 1150 1542 1206 virtutem
1567 1151 1778 1214 colunt,
1814 1160 1870 1206 et
1890 1152 2039 1206 circa
2061 1151 2203 1206 divi-

638 1255 765 1293 nam
808 1240 1098 1295 scientiam
1133 1250 1446 1298 moventur.
1502 1243 1773 1297 Casterum
1831 1243 2056 1309 beatus,
2106 1244 2201 1314 qui

640 1330 813 1385 instar
835 1332 966 1387 Jesu
998 1332 1096 1387 ﬁlii
1132 1333 1280 1388 Nave
1307 1335 1372 1398 δ’,
1400 1333 1582 1390 Solem
1600 1333 1829 1404 iustitia:
1860 1333 1914 1388 in
1939 1349 1998 1390 se
2020 1345 2204 1391 servat

640 1422 710 1477 ab
737 1438 937 1480 occasu
971 1424 1209 1480 liberum
1258 1426 1432 1495 (nullo
1469 1426 1679 1481 scilicet
1707 1427 1931 1481 malitia:
1957 1442 2020 1481 ac
2050 1427 2203 1497 igno-

640 1513 833 1569 rantia:
853 1529 1082 1585 vespere
1104 1515 1606 1586 circumscriptum)
1641 1518 1885 1587 quandiu
1918 1518 2206 1587 praesentis

641 1604 769 1660 vita:
802 1606 913 1660 diei
937 1607 1082 1662 linea
1131 1607 1412 1674 tenditur;
1446 1624 1556 1677 quo
1599 1609 1952 1679 insurgentes
1994 1610 2050 1663 in
2077 1623 2205 1664 eum

642 1696 1015 1765 nequissimos
1042 1697 1342 1765 daemones,
1371 1699 1614 1769 legitime
1652 1699 1884 1756 fundere
1912 1709 2076 1771 atque
2116 1701 2205 1756 fu-

642 1803 774 1858 gare
807 1788 887 1843 illi
916 1789 1217 1845 tribuatur.

2375 787 2476 840 λα’.
2515 785 2848 838 Ἀνατέλλει
2889 786 2921 841 ὁ
2970 783 3166 851 ἥλιος,
3226 783 3324 835 καί
3362 781 3539 835 δύνει
3591 785 3623 836 ὀ
3671 782 3842 852 ἣλιος,

2305 880 2470 950 φησὶν
2500 880 2532 948 ἡ
2563 879 2775 948 Γραφή.
2810 876 3017 930 Οὐκοῦν
3057 877 3150 930 καὶ
3176 877 3205 928 ό
3237 874 3409 942 Λόγος
3431 913 3449 938 ,
3488 875 3620 926 ποτὲ
3655 874 3744 942 μὲν
3770 893 3844 928 νο-

2309 973 2525 1044 μίζεται
2554 971 2699 1032 ἄνω,
2736 969 2865 1022 ποτὲ
2903 967 2958 1021 δὲ
2989 969 3162 1031 κάτω,
3195 967 3336 1020 κατὲ
3373 966 3479 1036 τὴν
3511 965 3665 1030 ἀξίαν
3689 965 3846 1036 δηλον-

2305 1067 2407 1126 ότι,
2444 1064 2538 1117 καὶ
2567 1062 2730 1118 αὐτὸν
2755 1061 2848 1116 τὸν
2877 1061 3030 1130 λόγον
3055 1061 3088 1131 ἢ
3113 1060 3206 1113 τὸν
3234 1059 3462 1129 τρόπον,
3483 1059 3594 1110 τῶν
3623 1075 3846 1127 μετερχο-

2310 1158 2486 1229 μένων
2519 1157 2620 1224 τὴν
2651 1154 2873 1226 ἀρετὴν,
2914 1154 3011 1208 καὶ
3045 1153 3174 1222 περὶ
3222 1152 3322 1221 τὴν
3356 1151 3515 1203 Θείαν
3543 1150 3844 1218 κινουμένων

2307 1249 2527 1319 γνῶσιν.
2562 1247 2846 1318 Μακάριος
2869 1246 2946 1306 δὲ,
2969 1245 2997 1298 ὁ
3031 1244 3248 1315 κρατῶν
3273 1242 3474 1296 ἄδυτον
3499 1240 3569 1306 (c)
3594 1243 3649 1294 ὲν
3675 1242 3843 1310 ὲαυτῷ,

2308 1334 2453 1389 κατὰ
2509 1335 2601 1388 τὸν
2638 1335 2734 1388 τοῦ
2770 1333 2928 1402 Ναυῆ
2959 1331 3187 1402 Ἰησοῦν.
3239 1332 3332 1385 τὸν
3379 1330 3487 1398 τῆς
3537 1329 3848 1400 δικαιοσύνης

2309 1426 2462 1496 ἥλιον
2487 1440 2502 1455 ⁸
2536 1426 2656 1479 ὅλον
2687 1425 2748 1478 τὸ
2781 1425 2980 1496 μέτρον
3009 1424 3108 1493 τῆς
3129 1423 3272 1474 κατὰ
3293 1421 3395 1490 τὴν
3425 1419 3703 1491 παροῦσαν
3730 1419 3851 1490 ζωὴν

2311 1518 2546 1588 ἡμέρας,
2589 1515 2790 1579 κακίας
2810 1515 3043 1585 “ὲσπέρᾳ
3065 1515 3160 1566 καὶ
3195 1511 3477 1580 ἀγνωσίας
3513 1510 3588 1581 μὴ
3613 1527 3850 1579 περιγρα-

2313 1608 2567 1679 φόμενον,
2621 1606 2707 1658 ἵνα
2759 1603 2962 1675 δυνηθῇ
3018 1603 3268 1671 νομίμως
3318 1599 3707 1670 τροπὼσασθαι
3748 1600 3852 1663 τούς

2313 1697 2775 1769 ἐπανισταμένους
2798 1695 2960 1750 αὐτοῦ
2992 1693 3260 1764 πονηροὺς
3280 1691 3568 1762 δαίμονας.

712 1879 802 1934 52.
839 1880 1123 1936 Exaltatus
1153 1882 1209 1936 in
1233 1882 1394 1938 nobis
1424 1883 1521 1938 Dei
1549 1883 1742 1938 Sermo
1781 1884 2016 1940 actionis
2058 1886 2211 1940 cultu

2384 1870 2482 1943 1.βῖ
2518 1870 2854 1941 ’Υψούμενος
2885 1870 2944 1923 ἐν
2965 1871 3098 1939 ἡμῖν
3114 1871 3142 1922 ό
3162 1869 3254 1921 τοῦ
3277 1868 3416 1921 Θεοῦ
3435 1869 3609 1936 Λόγος
3634 1867 3716 1920 διὰ
3739 1869 3854 1938 πρά-

642 1977 702 2027 et
721 1972 1228 2042 contemplationis,
1270 1987 1463 2028 omnes
1487 1974 1555 2029 ad
1580 1989 1640 2029 se
1672 1975 1841 2029 trahit
1880 1977 1959 2042 '°;
1997 1985 2214 2031 nostras

644 2062 862 2119 scilicet
892 2072 1010 2118 tum
1044 2065 1406 2135 cogitationes
1451 2076 1566 2121 tum
1611 2067 1884 2132 rationes,
1921 2067 2067 2122 circa
2096 2082 2216 2121 car-

644 2171 774 2211 nem
820 2157 1172 2229 animamque
1218 2173 1283 2214 ac
1326 2172 1579 2213 naturam
1618 2167 1934 2226 versantes;
1987 2160 2214 2229 ipsaque

643 2246 784 2302 adeo
816 2248 1064 2302 membra
1105 2249 1358 2318 corporis
1399 2265 1465 2304 ac
1497 2264 1696 2306 sensus
1722 2250 1930 2306 virtute
1954 2251 2216 2306 scientia-

641 2353 754 2407 que
785 2339 1166 2405 sanctilicans,
1197 2351 1360 2410 atque
1389 2341 1494 2396 sub
1537 2356 1697 2396 suum
1737 2341 1961 2397 mittens
2000 2343 2214 2413 jugum.

643 2427 749 2494 Qui
787 2428 959 2498 igitur
1007 2429 1322 2485 divinorum
1365 2431 1645 2502 inspector
1667 2441 1772 2497 est,
1797 2432 1997 2488 festiue
2023 2447 2218 2488 ascen~

644 2515 740 2570 dat
762 2516 1086 2573 Sermonem
1115 2535 1373 2588 sequens,
1395 2519 1572 2576 donec
1590 2520 1657 2575 ad
1680 2521 1884 2586 locum,
1909 2521 1965 2576 in
1989 2538 2099 2592 quo
2124 2522 2218 2578 ille

643 2613 918 2671 versatur,
944 2608 1248 2677 perveniat.
1291 2608 1408 2664 Illic
1433 2609 1582 2664 enim
1635 2611 1820 2675 trahit,
1861 2611 2219 2680 quemadmo-

645 2696 780 2751 dum
801 2696 878 2751 ait
903 2698 1285 2764 Ecclesiastes,
1306 2701 1540 2769 atquein
1566 2698 1737 2754 locum
1767 2717 1923 2755 suum
1954 2701 2117 2754 trahit
2145 2700 2214 2766 ⁹¹;

644 2802 744 2844 eos
783 2805 1003 2859 nempe,
1045 2790 1140 2860 qui
1181 2790 1336 2846 velut
1372 2807 1629 2862 magnum
1656 2791 2002 2858 Pontiﬁcem,
2041 2801 2098 2847 et
2121 2791 2218 2862 qui

648 2880 873 2937 inducat
904 2881 960 2936 in
988 2881 1188 2938 Sancta
1217 2891 1532 2938 sanctorum
1557 2923 1572 2948 ,
1599 2891 1942 2954 sequuntur;
1981 2898 2094 2953 quo
2127 2882 2219 2937 ille

647 2971 953 3026 secundum
982 2971 1131 3042 quod
1155 2972 1341 3039 homo,
1364 2989 1458 3044 pro
1477 2972 1620 3027 nobis
1637 2987 1931 3044 prwcursar
1953 2973 2218 3044 ingressus

648 3070 728 3118 est
755 3063 824 3118 ".

721 3155 812 3210 35.
853 3153 959 3221 Qui
1001 3155 1226 3226 pietatis
1275 3154 1584 3211 rationibus
1627 3155 1927 3211 haerentem
1973 3153 2217 3226 philoso-

648 3245 838 3318 phiam
865 3245 1002 3302 colit
1024 3287 1040 3312 ,
1093 3247 1497 3316 adversumque
1525 3244 1948 3316 inaspectabiles
1975 3253 2219 3316 potesta-

650 3345 741 3392 tes
784 3337 1056 3393 instructa
1106 3337 1226 3395 acie
1272 3336 1550 3401 consistit,
1602 3337 1863 3407 precibus
1892 3345 2126 3409 satagat,
2158 3345 2222 3391 ut

651 3435 769 3482 tum
792 3427 1064 3485 naturalis
1079 3427 1342 3484 discretio
1359 3428 1541 3500 (cujus
1561 3427 1838 3483 modicum
1867 3427 2054 3482 lumen
2074 3425 2221 3482 exsi-

648 3518 806 3587 stat),
844 3527 959 3573 tum
985 3518 1346 3573 illuminatrix
1366 3517 1606 3589 Spiritus
1626 3518 1824 3588 gratia,
1854 3516 1936 3570 illi
1962 3523 2221 3572 maneant

649 3625 718 3666 ac
744 3605 1078 3680 pervigcant.
1113 3609 1246 3664 Nam
1273 3609 1427 3678 prior
1459 3608 1681 3678 quidem
1701 3649 1716 3674 ,
1755 3608 1990 3666 actionis
2029 3608 2180 3663 cultu
2202 3648 2217 3674 ,

650 3715 874 3759 carnem
918 3699 1104 3756 erudit
1139 3700 1208 3754 ad
1246 3701 1666 3759 consectandam
1701 3702 2002 3766 virtutem;
2048 3701 2220 3756 altera

650 3798 836 3845 autem
861 3789 1105 3846 animum
1134 3789 1410 3856 illustrat,
1444 3799 1502 3844 ut
1521 3791 1698 3859 pluris
1725 3791 1982 3846 omnibus
2005 3791 2222 3860 sapien-

652 3878 744 3934 tia:
768 3879 1080 3933 convictum
1106 3895 1171 3934 ac
1196 3880 1650 3936 consuetudinem
1675 3883 1838 3936 faciat
1875 3882 1956 3946 ἠς
1987 3896 2094 3951 qua
2131 3881 2219 3934 ni-

651 3969 855 4024 mirum
885 3971 1108 4024 malitia:
1151 3971 1466 4024 munitiones
1497 3987 1806 4043 omnemque
1841 3971 2221 4025 sublimitatem

652 4061 992 4117 extollentem
1025 4079 1080 4117 se
1110 4061 1359 4116 adversus
1382 4063 1657 4117 scientiam
1687 4063 1806 4128 Dei,
1839 4063 2060 4116 destruit
2093 4078 2220 4116 con-

650 4151 900 4223 vellitque
924 4153 989 4207 ³³.
1045 4151 1403 4223 Ostenditque
1442 4152 1604 4209 Jesus
1645 4153 1791 4210 (ilius
1832 4153 1980 4208 Nave
2003 4191 2019 4216 ,
2045 4149 2225 4222 preci-

651 4241 758 4298 bus
786 4258 950 4298 orans
991 4241 1149 4298 Stare
1193 4243 1356 4298 solem
1403 4254 1588 4298 contra
1617 4243 1835 4300 Gabaon
1862 4243 1945 4308 ";
1977 4243 2082 4297 hoc
2116 4253 2221 4308 est,

652 4342 718 4388 ut
761 4333 959 4388 divinae
1001 4335 1186 4390 lumen
1219 4335 1484 4400 scientia',
1540 4335 1596 4390 in
1646 4347 1833 4393 monte
1881 4335 2221 4405 contempla-

2316 1964 2450 2029 ξεως
2477 1963 2573 2016 καὶ
2602 1961 2856 2033 θεωρίας,
2885 1962 3095 2026 πάντας
3121 1961 3270 2016 ἕλκει
3301 1961 3443 2032 πρὸς
3471 1960 3664 2014 ἑαυτόν
3683 1977 3696 1990 ·
3749 1960 3851 2024 τούς

2312 2071 2372 2106 τε
2409 2053 2537 2124 περὶ
2565 2053 2744 2122 σάρκα
2769 2052 2864 2105 καὶ
2891 2050 3066 2122 ψυχὴν
3095 2052 3192 2104 καὶ
3219 2051 3384 2120 φύσιν
3412 2051 3527 2104 τῶν
3559 2050 3720 2103 ὄντων
3739 2053 3851 2120 ἠμε-

2311 2146 2503 2213 τέρους
2540 2126 2832 2214 λογισμούς
2861 2161 2922 2196 τε
2967 2145 3062 2197 καὶ
3100 2143 3314 2211 λόγους,
3347 2143 3450 2196 καὶ
3479 2142 3621 2195 αὐτὰ
3647 2143 3709 2196 τὰ
3735 2142 3847 2212 μέλη

2313 2233 2410 2286 τοῦ
2445 2232 2698 2304 σώματος
2747 2232 2841 2285 καὶ
2891 2231 2990 2295 τὰς
3041 2231 3321 2303 αἰσθήσεις
3371 2231 3499 2286 κατ’
3547 2232 3738 2302 ἀρετὴν
3774 2233 3849 2284 καὶ

2314 2324 2516 2394 γνῶσιν
2549 2323 2814 2392 ἁγιάζων,
2848 2323 2944 2376 καὶ
2975 2322 3080 2376 ὑπὸ
3109 2322 3203 2376 τὸν
3234 2321 3405 2376 αὐτοῦ
3431 2321 3600 2390 ζυγὸν
3629 2322 3850 2392 ποιούμε-

2314 2435 2424 2479 νος.
2461 2416 2522 2470 ’0
2551 2417 2731 2469 τοίνυν
2761 2414 2961 2484 θεατὴς
2989 2414 3098 2468 τῶν
3151 2413 3309 2468 θείων
3343 2413 3690 2468 ἀναδαινέτω
3734 2414 3848 2468 κατὰ

2317 2507 2575 2578 σπουδὴν.
2605 2506 2913 2562 ἀκολουθῶν
2965 2505 3044 2576 τῷ
3092 2505 3278 2577 Λόγῳ’
3339 2506 3543 2577 μέχρις
3595 2499 3654 2558 οὐ
3699 2505 3846 2578 φθάσῃ

2314 2600 2407 2654 τὸν
2432 2600 2614 2665 τόπον,
2646 2594 2706 2654 οὗ
2740 2601 2910 2654 ἐστιν.
2947 2599 3097 2652 Ἐκεῖ
3139 2599 3248 2670 γὰρ
3279 2599 3458 2665 ἕλκει,
3513 2598 3688 2661 καθώς
3713 2617 3845 2668 φησιν

2313 2697 2344 2749 δ
2419 2691 2868 2763 Ἐκκλησιαστὴς,
2948 2690 3058 2746 Kal
3121 2692 3209 2756 είς
3265 2691 3377 2744 τὸν
3443 2691 3631 2744 τόπον
3693 2691 3846 2745 αὐτοῦ

2315 2787 2513 2842 ἕλκει·
2549 2785 2792 2858 δηλονότι
2838 2785 2966 2850 τοὺς
2998 2784 3431 2848 ἀκολουθοῦντας
3461 2785 3632 2854 αὐτῷ,
3680 2785 3747 2848 ὡς
3771 2803 3844 2854 με·

2315 2879 2469 2950 γάλῳ
2525 2878 2816 2950 Ἀρχιερεῖ,
2868 2879 2964 2930 καὶ
3010 2877 3284 2946 είσάγοντι
3335 2881 3421 2940 είς
3479 2879 3548 2930 τὰ
3586 2878 3739 2944 Ἅγια
3761 2877 3846 2930 τῶν

2317 2972 2522 3040 ἁγίων·
2555 2971 2684 3025 ἔνθα
2713 2970 2775 3024 τὸ
2812 2971 3105 3041 καθ’ήμᾶς
3137 2970 3300 3034 αὐτὸς
3347 2971 3510 3037 ὑπὲρ
3538 2971 3697 3040 ἡμῶν
3733 2971 3843 3037 πρό-

2315 3065 2536 3134 δρομος
2573 3061 2875 3130 εἰσῆλθεν.

2388 3154 2490 3223 λγ’.
2529 3153 2589 3206 '0
2621 3152 2723 3223 τὴν
2776 3153 2897 3206 κατ’
2949 3151 3235 3204 εὐσέϐειαν
3299 3152 3507 3222 μετιὼν
3543 3150 3839 3221 φιλοσοφίαν,

2318 3249 2413 3304 καὶ
2451 3247 2588 3319 πρὸς
2619 3247 2721 3311 τὰς
2759 3249 3024 3318 ἀοράτους
3069 3246 3563 3316 παρατασσόμενος
3600 3246 3840 3314 δυνάμεις’

2316 3337 2581 3408 εὐχέσθω,
2614 3337 2716 3408 τήν
2755 3355 2815 3390 τε
2849 3335 3084 3406 φυσικὴν
3117 3333 3395 3406 διάκρισιν
3423 3335 3574 3406 αὐτῷ
3616 3335 3841 3405 παραμεῖ-

2326 3448 2416 3484 ναι
2451 3430 2588 3500 (φῶς
2616 3428 2846 3500 ἔχουσαν
2875 3426 3242 3499 σύμμετρον),
3293 3427 3393 3480 καὶ
3424 3427 3527 3498 τὴν
3551 3425 3841 3495 φωτιστικὴν

2315 3518 2409 3572 τοῦ
2435 3515 2754 3586 Πνεῦματος
2787 3516 2967 3586 χάριν.
3003 3516 3066 3568 ’11
3114 3515 3214 3586 μὲν
3243 3514 3373 3583 γὰρ,
3423 3515 3746 3582 παιδαγωγεῖ
3766 3510 3840 3578 τὴν

2318 3613 2496 3682 σάρκα
2525 3609 2662 3680 πρὸς
2705 3609 2907 3680 ἀρετὴν
2930 3608 3020 3662 διὰ
3052 3607 3308 3678 πράξεως
3330 3625 3345 3640 ο
3382 3609 3419 3678 ἡ
3460 3607 3536 3668 δὲ,
3566 3603 3840 3675 φωταγωγεί

2316 3705 2407 3759 τὸν
2430 3703 2576 3765 νοῦν,
2603 3701 2702 3773 τὴν
2733 3703 2832 3773 τῆς
2856 3701 3048 3770 σοφίας
3074 3703 3292 3756 πάντων
3325 3702 3619 3770 προκρῖναι
3646 3697 3837 3765 συμϐίω-

2318 3811 2444 3850 σινο
2485 3793 2607 3849 καθ’
2655 3795 2743 3864 ἣν,
2791 3792 2912 3848 τῶν
2970 3809 3036 3847 τε
3090 3791 3203 3860 τῆς
3231 3793 3448 3858 κακίας
3499 3787 3840 3860 ὀχιῳωμάτων

2319 3885 2418 3940 καί
2480 3884 2702 3951 παντὸς
2746 3883 3071 3953 ὑψώματος
3121 3884 3524 3952 ἐπαιρομένου
3583 3878 3721 3932 κατὰ
3757 3874 3838 3940 τῆς

2319 3976 2593 4047 γνώσεως
2615 3974 2722 4030 τοῦ
2755 3975 2927 4038 Θεοῦ,
2955 3975 3204 4030 ποιεῖται
3233 3973 3349 4042 τὴν
3380 3973 3732 4038 καθαίρεσιν.
3757 3968 3838 4020 Καὶ

2317 4066 2470 4137 δηλοί
2499 4065 2566 4118 δι’
2605 4063 2770 4135 εὐχῆς
2820 4063 2990 4119 αίτῶν
3017 4066 3046 4118 ὁ
3075 4063 3168 4117 τοῦ
3201 4063 3360 4132 Ναυῆ
3398 4061 3627 4133 Ἰησοῦς,
3660 4057 3836 4123 στῆναι

2317 4157 2424 4211 τὸν
2455 4157 2633 4211 ’ἥλιον
2665 4157 2814 4212 κατὰ
2864 4156 3076 4211 Γαϐαὼ
3097 4169 3110 4183 ·
3144 4155 3449 4221 τουτέστιν,
3500 4155 3681 4208 ἄδυτον
3721 4146 3836 4213 αὐτῷ

2317 4247 2378 4301 τὺ
2407 4247 2522 4316 φῶς
2567 4249 2666 4318 τῆς
2698 4250 2951 4316 γνώσεως
2983 4246 3077 4300 τοῦ
3131 4244 3291 4308 Θεοῦ,
3323 4245 3469 4299 κατὰ
3514 4245 3574 4297 τὸ
3618 4242 3727 4312 ὅρος
3764 4237 3837 4304 τῆς

2318 4339 2459 4394 κατὰ
2484 4339 2607 4393 νοῦν
2638 4340 2869 4409 θεωρίας
2899 4339 3271 4410 φυλαχθῆναιο
3317 4338 3421 4391 καὶ
3461 4340 3572 4402 τὴν
3615 4331 3836 4396 σελήνην

651 4425 820 4482 tionis
850 4441 972 4498 qua!
1017 4427 1204 4482 animo
1251 4437 1356 4494 est,
1403 4444 1632 4484 occasus
1677 4443 1870 4498 expers
1914 4427 1993 4482 illi
2031 4442 2216 4483 serva-

2320 4433 2472 4486 κατὰ
2507 4431 2783 4502 φάραγγα
2805 4449 2820 4464 ο
2875 4431 3146 4497 τουτέστι,
3198 4429 3296 4496 τὴν
3331 4429 3570 4500 φυσικὴν
3611 4425 3837 4492 διάκρισιν

651 4526 840 4581 retur;
865 4527 914 4571 et
936 4519 1067 4575 luna
1091 4529 1278 4574 contra
1306 4520 1610 4587 vallem.";
1637 4530 1697 4576 ut
1717 4521 1929 4576 scilicet
1951 4519 2218 4575 naturalis

652 4605 916 4661 discretio
946 4607 1004 4660 in
1048 4609 1230 4666 carnis
1279 4610 1654 4666 imbecillitate
1686 4611 1885 4682 posita,
1921 4610 2069 4665 nulla
2104 4609 2218 4664 vir-

654 4698 788 4753 tutis
827 4699 950 4754 labe
991 4700 1048 4754 in
1079 4715 1143 4756 ea
1189 4712 1584 4771 perseveraret.

726 4813 772 4846 "
811 4813 985 4868 ICor.
1013 4831 1108 4880 xu,
1141 4815 1232 4870 27.
1305 4817 1350 4849 ⁸⁸
1378 4819 1560 4873 Eccle.
1593 4833 1632 4883 ι,
1671 4818 1726 4870 5.
1804 4820 1848 4850 ⁸ο
1877 4819 2041 4874 Josue
2066 4835 2119 4882 x,
2155 4819 2242 4873 12.
2313 4820 2359 4851 ⁹⁰
2396 4832 2554 4874 Joan.
2580 4835 2673 4885 xu,
2702 4819 2792 4875 52.

732 4883 858 4945 Sap.
880 4900 995 4945 νιιι,
1019 4885 1074 4939 2.
1141 4886 1188 4918 νδ
1215 4885 1260 4941 11
1280 4885 1405 4944 Cor.
1429 4905 1483 4945 κ.
1509 4889 1563 4943 4.
1637 4893 1684 4923 ⁸⁸
1713 4890 1877 4945 Josue
1902 4906 1957 4945 Χ.
1990 4890 2076 4944 12.
2162 4890 2208 4922 ⁹⁶
2239 4889 2372 4945 ibid.

651 4883 701 4921 ”
732 4883 858 4954 Sap.
880 4900 995 4950 νιιι,
1019 4885 1074 4939 2.
1141 4886 1188 4918 νδ
1215 4885 1260 4941 11
1280 4885 1405 4944 Cor.
1429 4905 1483 4950 κ,
1509 4889 1563 4943 4.
1637 4893 1684 4923 ⁸⁸
1713 4890 1877 4945 Josue
1902 4906 1957 4954 Χ,
1990 4890 2076 4944 12.

725 4990 807 5071 (οὶ
841 4993 922 5071 '0_
941 4995 1455 5071 κραζῷνλᾷδυτον-
1481 4999 1573 5053 Est
1597 5001 1763 5055 Marci
1794 5000 2072 5071 νηπτικῶν
2095 5016 2216 5070 cap.

657 5062 746 5145 1
769 5062 924 5145 Quod
956 5062 1136 5120 reddit
1156 5067 1332 5145 _Picus
1365 5067 1520 5145 :_Qu_i
1565 5071 1788 5140 possidet
1821 5062 2040 5145 adytum
2065 5087 2083 5124 :
2119 5062 2222 5145 du-

656 5137 775 5188 rius
824 5143 910 5210 est
925 5152 940 5203 ;
981 5137 1350 5210 nec_desun‘t_
1395 5137 1601 5204 Latina:
1651 5156 1833 5204 voces,
1883 5137 2086 5210 quibus
2131 5141 2222 5195 illa

657 5214 782 5272 apte
814 5206 1271 5279 satishreddatur.
1299 5206 1424 5279 Non
1469 5215 1647 5263 tamen
1685 5211 1829 5278 quod
1873 5206 2017 5264 idem
2060 5211 2224 5279 paulo

658 5283 785 5398 piost
839 5275 1102 5338 reddidit,
1147 5277 1313 5330 Marci
1385 5277 1585 5333 iterum
1642 5275 1761 5348 cap.
1817 5280 1905 5342 16,
1947 5275 2095 5348 quod
2143 5290 2226 5335 est

712 5344 876 5398 aximi
901 5345 989 5398 55.
1033 5347 1222 5398 ἄδυτον
1251 5348 1412 5398 αὐτὸν
1435 5349 1496 5398 τὸ
1525 5349 1640 5398 (σῶς
1691 5351 1788 5398 τῆς
1829 5348 2078 5398 γνώσεως
2129 5350 2223 5398 τοῦ

712 5344 876 5418 ax_imi
901 5345 989 5410 55,
1033 5347 1222 5418 ἄδυτον
1251 5348 1412 5418 αὐτὸν
1435 5349 1496 5401 τὸ
1525 5349 1640 5417 φῶς
1691 5344 1788 5418 τῆς
1829 5344 2078 5418 γνώσεως
2129 5350 2223 5404 τοῦ

661 5413 1105 5487 Θεοῦ-ανεαηιιηι
1133 5417 1267 5469 illud
1301 5416 1475 5474 lumen
1505 5413 1812 5487 cognitionis
1841 5413 1964 5475 'Dei.
2024 5419 2142 5484 Quo
2171 5429 2228 5474 et

658 5485 920 5545 ostendit,
945 5501 1055 5554 quo
1082 5502 1247 5540 sensu
1292 5488 1372 5553 τὸ,
1404 5485 1605 5542 aditum
1645 5505 1710 5542 cx
1751 5489 1940 5542 Gneco
1980 5504 2226 5542 corrase-

657 5561 763 5628 r_at,
788 5570 851 5628 ac
883 5557 928 5609 si
961 5554 1028 5628 de
1063 5558 1266 5625 templo
1293 5573 1358 5611 ac
1397 5559 1766 5626 penetralibus
1798 5569 2068 5628 ageretur,
2113 5575 2222 5615 non

658 5622 726 5698 de
763 5625 874 5679 sole
902 5641 969 5698 ac
1001 5627 1150 5698 luna,
1176 5622 1328 5694 "quos
1348 5622 1458 5681 non
1499 5630 1749 5684 occidere
1800 5622 2010 5698 rogavit
2036 5629 2220 5691 Josue,

659 5691 834 5746 donec
861 5695 1022 5762 plena
1068 5696 1148 5749 illi
1176 5691 1454 5752 constaret
1478 5700 1739 5763 victoria;
1767 5691 1963 5753 nonth
2019 5700 2223 5753 occulti

659 5774 968 5843 manerent.
1004 5765 1388 5843 Ιεςὶιιιτρδυτον
1420 5769 1554 5843 φῶς,
1586 5768 1757 5843 lumen
1788 5771 1925 5843 quod
1955 5786 2056 5843 non
2094 5771 2226 5843 orci-

663 5835 775 5899 dat;
805 5835 992 5900 sicque
1021 5835 1089 5892 de
1111 5836 1226 5894 sole
1247 5846 1304 5892 et
1331 5838 1480 5893 luna.
1502 5835 1937 5911 Sequentia'ipsa
1967 5840 2098 5895 Pico
2126 5840 2223 5894 ali-

2323 4525 2422 4579 ἐπὶ
2437 4525 2538 4594 τῆς
2568 4525 2836 4595 σαρκικῆς
2865 4524 3151 4587 ἀσθενείας
3183 4523 3471 4594 κειμένην,
3501 4519 3712 4591 ἀπὺιτῆς
3735 4515 3836 4584 ἀρε·

2324 4615 2424 4686 τῆς
2450 4615 2806 4670 ἀναλλοίωτον
2837 4616 3130 4686 διαμεῖναι.

2895 4821 2938 4852 ’³
2963 4819 3144 4876 Eccle.
3175 4835 3215 4884 ι,
3255 4819 3310 4873 5.-
3417 4819 3463 4850 "
3487 4815 3643 4871 llehr.
3677 4825 3736 4871 γι,
3764 4801 3834 4858 ἳθο

2325 5000 2459 5070 quid
2482 5000 2537 5055 in
2559 5009 2706 5054 textu
2731 5001 2985 5055 laborant
3004 5015 3069 5054 ex
3091 5001 3178 5054 his
3202 5000 3406 5055 nostris
3429 4992 3737 5070 restituenda
3759 5009 3770 5041 :
3790 4987 3834 5039 τδ

2323 5062 2796 5140 περιγραφόμενον
2826 5071 2917 5125 hic
2938 5071 3378 5131 circumscribere,
3411 5071 3462 5123 id
3495 5076 3593 5128 est,
3639 5062 3829 5140 auferre.

2325 5089 2392 5124 πε
2435 5089 2796 5140 ιγραφομενον
2828 5089 2917 5125 DIC
2938 5089 3378 5131 crrcumscrwerc,
3411 5089 3462 5123 10
3495 5089 3593 5128 (351,
3639 5089 3829 5120 aUIcuc,

2325 5089 2635 5195 sugducere
2655 5157 2670 5205 ;
2691 5157 2800 5210 quo
2831 5157 2994 5194 sensu
3023 5142 3186 5194 etiam
3213 5141 3412 5202 Latini,
3431 5140 3616 5196 Cicero
3650 5132 3829 5210 aliique.

2325 5227 2445 5265 eam
2465 5227 2653 5286 vocem
2681 5208 3037 5286 usurparunt.
3070 5211 3388 5286 Rogandum
3423 5224 3560 5286 ergo
3581 5208 3831 5286 ιηολιθΙῑνεξξθ

2326 5297 2438 5351 quo
2460 5281 2681 5335 malitia:
2710 5269 3441 5351 aut'ignorantiteuvespere,
3480 5269 3730 5351 nobis
3763 5269 3829 5335 jli-

2329 5338 2494 5406 stitiae
2553 5338 2907 5413 subdlicatur,
2953 5360 3114 5405 autve
3144 5338 3379 5404 occid-at.
3419 5338 3573 5401 Ὅλον
3596 5344 3658 5414 to
3675 5338 3828 5414 ut???

2323 5421 2423 5488 τῆς
2456 5422 2599 5474 κατὰ
2642 5421 2740 5489 τὴν
2793 5406 3073 5489 παροῦσαν
3117 5421 3263 5489 ζωὴν
3309 5419 3519 5490 ἡμέρας
3557 5434 3569 5468 :
3629 5406 3827 5490 Quanditt

2323 5487 2555 5544 tenditur
2582 5487 2998 5561 prwsentis‘vitw
3019 5492 3119 5544 dici
3155 5487 3313 5551 linea,
3333 5487 3434 5542 seu
3460 5495 3715 5561 mensura;
3741 5487 3823 5561 Ἶρι]

2324 5553 2729 5629 ἱηρριυηιῖιιιιιὶ
2773 5578 2786 5613 :
2843 5560 2945 5625 Qui
2977 5571 3112 5614 totus
3167 5569 3241 5613 est
3287 5561 3464 5612 modus
3500 5555 3593 5629 dici
3633 5553 3828 5629 ηειικζιέαξ

2324 5610 2738 5700 ᾗὲᾇῖεὶνῖτίὶἓέἕξῖίὲ
2761 5610 2946 5699 gutta
2973 5610 3242 5684 tamen
3273 5610 3493 5700 ςίιέιίιῖρε
3522 5610 3721 5700 relaturi!
3742 5610 3827 5700 ag

2321 5681 2484 5768 quem
2518 5718 2687 5754 unum
2737 5681 2930 5754 ins‘cita
2974 5701 3062 5754 illa
3097 5681 3347 5754 versione
3371 5681 3822 5768 referripolt’Sl)j'i

2322 5763 2453 5838 quid
2481 5787 2674 5827 sensus
2704 5772 2890 5838 habet,
2916 5771 3148 5825 sordida:
3190 5769 3479 5840 impietatis
3506 5763 3613 5820 labe
3643 5771 3730 5812 non
3751 5765 3820 5804 ca-

2325 5851 2428 5895 ret.
