3972 6428
93 388 205 455 1141

902 391 1234 450 CAPITUM
1270 390 1540 451 THEOL.
1580 390 1676 451 ET
1714 388 1951 450 (ECON.
1992 387 2381 449 CENTURIA
2420 389 2500 448 ΙΙ.

3175 386 3312 451 1142

149 493 235 546 λδ’.
263 490 326 543 '11
357 490 556 545 Γαϐαώ
580 491 748 556 ἐστιν,
780 494 809 543 6
836 494 1039 564 ὑψηλὸς
1071 495 1195 559 νοῦς
1216 510 1229 526 ’
1262 498 1295 563 ἡ
1328 496 1384 548 δὲ
1415 496 1635 566 φαραγξ
1663 520 1675 555 1

1809 498 1899 552 54.
1939 499 2185 559 Gabaon,
2241 511 2398 550 mens
2447 495 2700 548 subimus
2752 505 2838 550 est
2886 515 2897 549 :
2948 498 3103 553 vallis
3156 520 3313 571 vero,

94 586 240 648 ἐστὶν,
272 584 307 651 ἡ
336 582 414 653 τῷ
444 584 658 654 θανάτῳ
680 586 1075 639 ταπεινωθεῖσα
1122 586 1280 657 σάρξ.
1327 588 1435 641 Καὶ
1460 589 1490 639 6
1537 587 1636 657 μὲν

93 678 223 746 ἥλιός
241 678 409 738 ἐστιν,
441 678 473 729 6
500 677 744 745 φωτίζων
762 678 863 731 τὸν
888 679 1013 731 νοῦν
1042 679 1235 745 Λόγος.
1264 680 1359 733 καὶ
1384 680 1637 750 χορηγῶν

94 770 224 839 αύτῷ
251 768 628 840 θεωρημάτων
653 770 884 841 δύναμιν
904 786 918 801 ο
959 771 1055 825 καὶ
1083 773 1268 842 πάσης
1301 772 1523 840 ἀγνοίας
1553 773 1643 826 αύ-

97 862 173 914 τὸν
197 861 589 920 ἀπαλλάσσων·
638 862 671 931 ἠ
722 861 779 914 δὲ
810 863 1027 933 σελήνη,
1061 865 1090 915 6
1121 864 1261 917 κατά
1292 864 1453 932 φύσιν
1480 864 1642 934 νόμος

97 955 247 1015 ἐστὶν,
276 956 304 1008 6
336 954 541 1007 πείθων
572 954 671 1025 τὴν
705 954 884 1024 σάρκα
915 957 1163 1026 νομίμως
1192 958 1532 1028 ὑποταγῆναι
1566 957 1643 1023 τῷ

98 1046 366 1115 πνεύματι,
395 1047 533 1116 πρὸς
560 1046 621 1099 τὸ
645 1047 899 1111 δέξασθαι
937 1048 1045 1101 τῶν
1070 1049 1301 1103 ἐντολῶν
1328 1051 1422 1103 τὸν
1454 1050 1639 1117 ζυγόν.

97 1138 291 1200 Φύσεως
321 1138 377 1191 δὲ
414 1137 690 1207 σύμϐολον
715 1140 747 1210 ἡ
781 1140 1001 1209 σελήνη,
1022 1140 1110 1194 διὰ
1136 1140 1199 1194 τὸ
1226 1141 1488 1211 τρεπτόν·
1525 1142 1642 1195 ἀλλ’

98 1235 145 1282 ἐν
174 1234 276 1291 τοῖς
298 1230 479 1295 ἁγίοις
513 1233 782 1303 ἄτρεπτος
811 1232 1081 1305 διαμένει,
1106 1234 1195 1289 διὰ
1218 1235 1319 1307 τὴν
1348 1235 1649 1291 ἀναλλοίωη

98 1337 176 1374 τον
204 1320 309 1387 ἕξιν
342 1324 441 1391 τῆς
464 1323 689 1391 ἀρετῆς.

155 1414 238 1469 λε’.
264 1416 373 1468 Ούκ
416 1414 524 1480 ἔξω
561 1416 671 1469 τῶν
715 1416 1021 1486 ζητούντων
1068 1417 1174 1489 χρὴ
1226 1417 1504 1487 ζητεῖσθαι
1555 1418 1648 1471 τὸν

102 1508 279 1573 Κύριον
307 1522 319 1533 ’
339 1505 460 1557 ἀλλ’
493 1506 551 1557 ὲν
578 1507 809 1570 ἑαυτοῖς,
840 1507 927 1560 διὰ
953 1508 1051 1576 τῆς
1085 1509 1144 1560 ὲν
1186 1507 1369 1578 ἔργοις
1406 1507 1644 1571 πίστεως

102 1592 239 1647 αὑτὸν
260 1594 360 1663 χρὴ
402 1593 588 1663 ζητεῖν
615 1594 741 1657 τοὺς
784 1593 1099 1663 ζητοῦντας.
1136 1595 1347 1664 Ἐγτὺς
1375 1594 1485 1664 ⁴ραι)
1507 1609 1647 1655 σου.

101 1684 229 1754 φησὶ,
253 1685 314 1738 τὸ
330 1684 501 1754 ῥῆμά
528 1686 699 1739 ἐστιν
724 1684 795 1738 ἐν
824 1685 904 1750 τῷ
929 1686 1183 1755 στόματί
1210 1702 1327 1740 σου
1352 1687 1448 1739 καί
1478 1685 1549 1739 ἐν
1575 1684 1651 1753 τῇ

105 1775 284 1842 καρδίᾳ
303 1791 439 1829 σου·
467 1775 743 1830 τουτέστι
769 1778 838 1829 τὸ
852 1775 1015 1845 ῥῆμα
1026 1775 1135 1845 τῆς
1150 1778 1429 1842 πίστεως·
1454 1776 1529 1839 ὼς
1549 1776 1650 1829 αῦ-

105 1866 179 1920 τοῦ
207 1868 351 1929 ὄντος
390 1866 487 1920 τοῦ
515 1867 752 1941 Χριστοῦ
791 1869 887 1922 καὶ
910 1869 1153 1938 ῥήματος
1173 1867 1267 1921 τοῦ
1292 1866 1646 1937 ζητουμένου.

159 1956 252 2022 λς’.
284 1958 435 2029 Μήτε
477 1957 542 2011 τὸ
570 1956 705 2028 ὕψος
731 1958 831 2028 τῆς
854 1957 1040 2028 θεῖκῆς
1068 1958 1327 2028 ἀπειρίας
1360 1959 1649 2028 ἐννοήσαν-

104 2065 192 2113 τες,
224 2047 612 2118 ἀπελπίσωμεν
641 2049 741 2118 τὴν
771 2047 868 2101 τοῦ
913 2046 1049 2101 Θεοῦ
1097 2047 1529 2119 φιλανθρωπίαν,
1577 2045 1653 2110 ὡς

106 2140 154 2191 ού
181 2140 470 2207 φθάνουσαν
495 2140 587 2194 διὰ
618 2140 680 2193 τὸ
707 2139 840 2210 ὕψος
866 2141 1057 2211 μέχρις
1085 2140 1243 2211 ἡμῶν
1270 2157 1284 2171 ·
1328 2142 1464 2212 μήτε
1490 2141 1652 2195 ἀπει-

111 2248 181 2298 ρην
215 2231 365 2301 βάθος
395 2232 501 2296 τῆς
537 2232 694 2303 ἡμῶν
725 2232 813 2285 διὰ
837 2232 934 2304 τὴν
967 2232 1246 2302 ἁμαρτίαν
1277 2230 1538 2295 πτώσεως
1568 2231 1655 2285 tv-

110 2322 421 2392 Θυμηθίντες,
440 2324 742 2379 ἀνάστασιν
760 2323 1007 2393 γίνεσθαι
1041 2324 1143 2393 τῆς
1171 2325 1230 2377 ὲν
1265 2325 1399 2393 ἡμῖν
1450 2339 1654 2394 νεκρω-

110 2412 265 2482 (ialm;
291 2414 494 2485 ἀρετῆς
532 2416 941 2486 ἀπιστήσωμεν.
982 2414 1294 2487 ’Δμφότερα
1320 2414 1428 2484 γὰρ
1454 2413 1656 2468 δυνατὰ
1704 2434 1711 2442 ·

112 2502 172 2571 τῷ
195 2502 299 2575 Θεῷ
321 2520 337 2534 ο
370 2504 464 2557 καὶ
485 2503 551 2557 τὸ
567 2503 847 2559 κατελθεῖν
873 2505 968 2558 καὶ
987 2505 1217 2574 φωτίσαι
1242 2503 1332 2559 τὸν
1354 2503 1478 2558 νοῦν
1498 2506 1531 2575 ἡ
1540 2504 1656 2575 μῶν

110 2593 179 2647 διὰ
192 2594 423 2661 γνώσεως
445 2613 460 2628 ο
500 2595 680 2649 καὶτὸ
713 2596 1017 2667 ἀναστῆσαι
1045 2596 1208 2651 πάλιν
1240 2599 1339 2668 τὴν
1371 2596 1570 2669 ἀρετὴν
1597 2598 1656 2651 ὲν

113 2687 234 2754 ἡμῖν,
267 2688 357 2741 καὶ
404 2689 588 2759 ἑαυτιῖ»
630 2689 941 2758 συνυψῶσαι
976 2688 1064 2742 διὰ
1094 2689 1204 2742 τῶν
1231 2688 1409 2759 ἔργων
1438 2690 1538 2760 τῆς
1577 2689 1657 2743 διο

116 2779 384 2851 καιοσύνης.
404 2785 460 2836 Μ
467 2780 506 2849 ὴ
540 2780 649 2851 γὰρ
670 2782 867 2850 εἴπῃς,
883 2781 1069 2851 φησιν,
1091 2782 1162 2836 ἐν
1185 2780 1262 2851 τῇ
1280 2781 1496 2850 καρδίᾳ
1515 2798 1653 2837 σου’

119 2872 197 2937 Τίς
232 2872 596 2941 ἀναϐήσεται
638 2874 726 2939 είς
757 2873 865 2927 τὸν
886 2874 1188 2942 οὐρανόν;
1210 2872 1485 2929 τουτέστι
1520 2876 1657 2942 Χρι-

116 2963 239 3017 στὸν
277 2965 636 3035 καταγαγεῖν
663 2983 677 2998 ο
720 2965 781 3032 ἢ,
816 2966 911 3032 Τίς
957 2966 1357 3033 καταϐήσεται
1403 2970 1490 3033 είς
1543 2966 1660 3035 τὴν

118 3054 351 3109 ἄϐυσσον
366 3075 385 3122 ;
412 3057 693 3111 τουτέστι
714 3058 973 3125 Χριστὸν
985 3058 1054 3111 ἐκ
1068 3057 1300 3126 νεκρῶν
1314 3058 1655 3127 ἀναγαγεῖν.

1741 593 1937 647 mortis
1989 606 2187 645 occasu
2233 590 2287 643 in
2336 588 2544 641 humile
2598 588 2857 658 depressa
2891 606 3041 643 caro.
3093 593 3169 647 Ac
3196 595 3289 663 qui

1742 684 1867 738 dem
1902 684 2005 746 sol,
2054 680 2298 736 Verbum
2349 689 2434 733 εει
2483 687 2724 733 mentem
2773 680 3113 747 illuminans,
3176 686 3316 752 spiri

1743 778 2045 846 taliumque
2074 789 2363 829 sensorum
2393 772 2503 826 vim
2553 773 2631 827 illi
2674 773 3121 839 subministrans,
3155 787 3320 846 atque

1741 867 1901 937 5,93
1953 866 2022 919 ab
2053 864 2203 918 omni
2239 863 2546 933 ignorantia
2583 878 2703 917 eam
2739 862 3016 925 liberans;
3050 864 3179 917 luna
3218 881 3319 919 au-

1744 963 1875 1015 tem,
1912 955 1998 1007 lcx
2033 952 2335 1007 naturalis.
2362 952 2515 1006 carni
2552 952 2793 1006 suadens
2822 961 2884 1006 ut
2932 954 3178 1023 legitime
3205 956 3321 1024 spi—

1743 1045 1877 1099 ritui
1929 1045 2278 1114 subjiciatur,
2314 1044 2381 1098 ad
2417 1044 2767 1098 subeundum
2810 1045 3193 1100 mandatorum
3225 1047 3320 1115 ju-

1744 1151 1892 1205 gum.
1937 1135 2091 1189 Luna
2124 1143 2337 1189 naturae
2382 1134 2691 1205 symbolum
2723 1145 2828 1199 est,
2859 1136 3005 1205 quod
3038 1137 3321 1191 mutabilis

1744 1234 1872 1279 est:
1909 1225 1963 1278 in
2012 1224 2218 1278 sanctis
2242 1233 2445 1289 tamen,
2482 1223 2554 1279 ob
2578 1224 2801 1279 virtutis
2845 1226 3219 1281 invariabilem
3257 1242 3322 1281 ac

1746 1324 2092 1371 constantem
2134 1315 2408 1378 habitum,
2464 1314 2823 1370 immutabilis
2870 1327 3177 1386 permanet.

1816 1408 1905 1462 55.
1951 1408 2072 1463 Non
2111 1417 2265 1462 extra
2308 1407 2459 1476 ipsos
2507 1416 2839 1476 quaerentes,
2878 1408 3207 1477 qurerendus
3238 1417 3324 1463 est

1746 1498 2053 1553 Dominus:
2091 1498 2184 1553 sed
2234 1498 2292 1553 in
2330 1497 2529 1567 seipsis
2581 1513 2680 1568 per
2719 1498 2995 1553 efﬁcacem
3030 1498 3191 1551 ﬁdem
3218 1499 3324 1568 ipsi

1748 1590 1843 1661 qui
1863 1596 2139 1659 quaerunt,
2178 1605 2405 1645 necesse
2425 1598 2511 1645 est
2532 1599 2595 1644 ut
2618 1605 2744 1643 eum
2777 1597 3043 1658 quaerant.
3067 1588 3239 1657 Prope
3275 1596 3325 1641 te

1748 1681 1918 1743 enim.
1955 1680 2154 1750 inquit,
2182 1688 2257 1735 est
2296 1680 2509 1735 verbum
2535 1681 2591 1735 in
2619 1697 2709 1733 ore
2739 1688 2847 1742 tuo,
2874 1680 2999 1731 etin
3029 1678 3182 1731 corde
3204 1683 3327 1741 tuo;

1751 1775 1845 1828 hoc
1871 1784 1947 1827 est
1976 1774 2188 1827 verbum
2217 1772 2342 1841 fidei
2381 1774 2423 1805 ⁸⁷
2464 1791 2478 1827 :
2510 1788 2576 1829 ac
2618 1773 2662 1828 si
2695 1771 2949 1828 Christus
2978 1770 3155 1840 ipsum
3187 1769 3324 1825 Ver-

1751 1865 1885 1920 bum
1918 1865 2009 1928 sit,
2046 1864 2195 1934 quod
2227 1864 2516 1934 quaeritur.

1820 1957 1911 2012 36.
1944 1956 2023 2011 Ne
2052 1955 2252 2011 divinae
2284 1953 2570 2009 inﬁnitatis
2600 1952 2986 2008 celsitudinem
3021 1951 3200 2005 anima
3239 1965 3325 2004 re-

1751 2056 2028 2118 putantes,
2064 2047 2267 2102 divinae
2297 2044 2693 2101 misericordia:
2739 2060 2805 2098 ac
2835 2043 3163 2105 dementire,
3200 2049 3323 2095 tan-

1752 2154 1919 2209 quam
1969 2138 2038 2192 ad
2086 2154 2189 2193 nos
2240 2152 2420 2207 usque
2468 2136 2538 2191 ob
2594 2144 2801 2190 tantam
2830 2135 2975 2189 illam
3017 2133 3326 2187 sublimita-

1753 2238 1864 2285 tem
1930 2244 2042 2283 non
2110 2228 2494 2299 pertingentis.
2549 2242 2703 2297 spem
2765 2226 3119 2295 abjiciamus;
3186 2238 3327 2278 neve

1752 2320 2026 2376 inﬁnitam
2081 2329 2286 2375 nostra:
2334 2337 2402 2375 ex
2432 2328 2657 2391 peccato
2700 2318 2878 2373 ruina:
2900 2315 3327 2388 profunditatem

1752 2415 2190 2478 considerantes,
2253 2415 2370 2469 fore
2420 2424 2482 2470 ut
2527 2414 2800 2469 exstincta
2854 2411 2909 2465 in
2958 2409 3118 2463 nobis
3153 2409 3331 2463 virtus

1754 2504 2097 2559 conviviscat
2144 2502 2475 2558 diﬁidamus.
2520 2503 2825 2569 Utrumque
2868 2498 3015 2552 enim
3052 2498 3163 2551 Deo
3200 2510 3330 2565 pos-

1755 2594 1916 2650 sibile
1962 2602 2075 2660 est;
2112 2605 2228 2648 tum
2256 2609 2455 2663 nempe
2496 2600 2559 2646 ut
2589 2592 2707 2660 ipse
2735 2591 2802 2645 ad
2832 2606 2933 2644 nos
2974 2586 3334 2642 inclinatione

1755 2696 1965 2751 utatur,
1992 2696 2350 2755 nostramque
2388 2693 2625 2740 mentem
2652 2683 2887 2738 scientia
2912 2682 3181 2744 illustret;
3215 2686 3333 2733 tum

1757 2787 1820 2834 ut
1867 2778 1925 2833 in
1962 2777 2125 2834 nobis
2170 2777 2355 2831 denuo
2404 2776 2671 2831 virtutem
2721 2775 3051 2835 exsuscitet,
3104 2788 3169 2828 ac
3224 2788 3334 2825 una

1758 2887 1946 2926 secum
2010 2887 2112 2940 per
2141 2870 2369 2940 iustitiae
2407 2884 2574 2938 opera
2620 2884 2721 2922 nos
2773 2867 2995 2921 exaltet.
3043 2864 3118 2919 Ne
3172 2866 3332 2929 enim,

1760 2962 1962 3033 inquit,
2011 2964 2205 3016 dixeris
2233 2964 2289 3016 in
2331 2961 2487 3016 corde
2522 2971 2611 3015 tuo
2641 2977 2660 3015 :
2699 2959 2827 3025 Quis
2855 2959 3101 3013 ascendet
3137 2959 3194 3011 in
3231 2974 3335 3011 ca:-

1760 3058 1870 3112 lum
1893 3058 1918 3111 ?
1945 3059 2038 3111 hoc
2067 3068 2141 3111 est
2167 3058 2432 3112 Christum
2464 3057 2717 3110 deducere
2748 3072 2766 3110 :
2793 3066 2884 3109 aut
2919 3056 3032 3123 quis
3064 3052 3337 3106 descendet

120 3144 256 3214 Τυχὸν
277 3148 328 3199 δὲ
356 3149 473 3202 κατ’
516 3147 683 3218 ἄλλην
711 3148 957 3219 ἐκδοχὴν,
996 3134 1236 3211 ’ἀϐυσσός
1281 3149 1419 3212 ἔστι,
1472 3148 1655 3202 πάντα

1765 3151 1816 3204 in
1851 3151 2141 3220 abyssum?
2170 3151 2264 3203 hoc
2292 3157 2387 3215 est,
2412 3148 2679 3204 Christum
2702 3166 2733 3201 a
2758 3149 2976 3201 mortuis
3004 3160 3246 3199 revocare
3268 3143 3333 3195 ⁸⁸.

119 3236 170 3288 τὰ
191 3240 307 3305 μετά
328 3241 456 3294 Θεόν
484 3257 505 3272 ⁶
541 3243 600 3295 ὲν
633 3237 716 3304 οἷς
755 3241 877 3304 ὅλος
920 3240 1063 3305 ὅλοις
1117 3239 1261 3294 κατὰ
1321 3239 1579 3310 πρόνοιαν
1624 3242 1655 3295 6

121 3328 193 3380 τοῦ
214 3330 333 3384 Θεοῦ
360 3332 579 3401 γίνεται
606 3332 799 3400 Λόγος,
835 3332 912 3395 ὡς
939 3332 1052 3403 ζωὴ
1080 3334 1294 3402 νεκροῖς
1322 3332 1655 3401 ὲπιφοιτῶσα

122 3423 209 3484 τοῖς
250 3421 376 3479 οὖσι.
437 3424 635 3494 Νεκρὰ
690 3425 800 3493 γὰρ
848 3425 1027 3479 πάντα
1076 3423 1147 3477 τὰ
1206 3423 1386 3489 ζῶντα
1442 3424 1658 3494 μεθέξει

124 3513 258 3583 ζωῆς.
300 3518 541 3590 Οὐρανὸν
594 3518 674 3583 δὲ,
728 3520 828 3588 τὴν
861 3518 1097 3589 φυσικὴν
1123 3516 1218 3571 τοῦ
1255 3516 1392 3570 Θεοῦ
1432 3517 1659 3588 κρυφιό⁴

123 3619 252 3672 τητα.
269 3607 379 3660 καθ’
404 3610 470 3678 ἢν
509 3607 673 3662 πᾶσίν
713 3609 862 3661 ἐστιν
898 3607 1299 3678 ἀκατάληπτος.
1351 3608 1414 3661 El
1468 3608 1527 3661 δέ
1574 3624 1660 3671 τις

125 3693 308 3751 ἑκλάϐοι
333 3700 762 3770 πάλιν,ούρανὸν
794 3700 892 3769 μὲν
921 3696 1060 3753 εἷναι
1097 3699 1189 3753 τὸν
1236 3698 1338 3770 τῆς
1384 3699 1661 3768 θεολογίας

126 3783 292 3853 λόγον’
335 3792 574 3845 ἄϐυσσον
615 3792 694 3853 δὲ,
739 3790 799 3844 τὸ
843 3791 944 3860 τῆς
978 3791 1289 3861 οἰκονομίας
1341 3793 1639 3863 μυστήριον

128 3876 207 3929 οὐκ
235 3879 525 3946 ἀπεικότως
560 3885 675 3953 ὲρεῖ
701 3883 843 3937 κατὰ
862 3884 955 3937 τὸν
981 3883 1111 3955 ὲμδν
1132 3884 1309 3954 λόγον.
1352 3885 1665 3955 Ἀμφότερα

130 3968 214 4039 γὰρ
256 3973 582 4030 δυσεπίϐατα
634 3978 749 4039 τοῖς
800 3975 1193 4039 ἀποδεικτικῶς
1228 3976 1411 4044 ζητεῖν
1457 3978 1667 4046 ἐπιχει-

137 4059 289 4125 ροῦσιο
323 4066 526 4135 μᾶλλον
571 4066 627 4120 δὲ
675 4065 954 4130 παντελῶς
1002 4066 1200 4130 ἄϐατα,
1254 4066 1380 4136 δίχα
1429 4065 1666 4128 πίστεως

137 4153 445 4227 ἐρευνώμενα.

1755 3242 1960 3297 Forsan
2011 3257 2145 3296 vero
2198 3241 2308 3295 alio
2336 3256 2524 3304 sensu,
2573 3240 2803 3311 abyssns
2839 3248 2944 3302 est,
2992 3253 3337 3308 qumcunque

1756 3350 1787 3388 a
1838 3334 1953 3389 Deo
2014 3332 2259 3389 secunda
2300 3340 2451 3396 sunt,
2511 3331 2567 3385 in
2615 3331 2822 3400 quibus
2880 3330 2975 3385 Dei
3024 3343 3207 3383 sermo
3252 3343 3338 3383 se-

1756 3426 2000 3481 cundum
2035 3424 2439 3495 providentiam
2468 3433 2615 3477 totus
2646 3423 2777 3477 totis
2799 3423 3042 3482 immeat,
3078 3426 3338 3489 tanquam

1759 3517 1974 3574 scilicet
2004 3518 2117 3572 vita
2154 3516 2391 3571 mortuis
2425 3516 2591 3570 rebus
2640 3512 2961 3568 adveniens.
3006 3511 3148 3565 Sunt
3189 3509 3337 3563 enim

1760 3617 1978 3663 mortua
2024 3607 2228 3669 omnia,
2286 3621 2409 3675 quae
2454 3621 2518 3660 ea
2572 3605 2787 3659 ratione
2825 3602 3035 3665 vivant,
3073 3600 3224 3670 quod
3260 3598 3342 3653 vi-

1762 3707 1872 3753 tam
1922 3698 2275 3768 participent.
2327 3696 2539 3751 leum
2573 3708 2739 3764 porro
2782 3709 2907 3748 cum
2959 3691 3139 3753 audis.
3197 3689 3343 3759 quod

1764 3788 1822 3843 in
1880 3789 1977 3843 Dei
2030 3798 2227 3843 natura
2278 3788 2557 3843 occultum
2622 3785 2887 3855 intellige,
2937 3798 3048 3853 quo
3100 3798 3169 3838 ex
3215 3780 3342 3835 uni-

1762 3882 1940 3938 versis
1970 3880 2463 3951 incomprehensus
2495 3886 2601 3933 est.
2643 3878 2739 3934 Sin
2775 3878 2898 3948 quis
2932 3886 3115 3931 autem
3152 3889 3345 3929 rursus

1765 3974 1931 4030 etiam
1979 3972 2055 4027 ita
2098 3980 2358 4042 exponat,
2412 3981 2474 4025 ut
2525 3971 2748 4034 coelum,
2789 3984 2912 4039 qua:
2958 3967 3026 4023 de
3078 3967 3192 4021 Deo
3235 3972 3343 4028 est,
3432 4000 3435 4007 ι

1771 4063 2076 4119 doctrinam
2122 4063 2419 4132 intelligat;
2488 4062 2743 4131 abyssum
2796 4067 3003 4123 autem,
3054 4058 3342 4127 dispensa-

1773 4157 1940 4212 tionis
1979 4155 2298 4227 mysterium
2333 4153 2506 4216 dicat;
2539 4153 2605 4215 is,
2637 4152 2783 4206 haud
2813 4150 3073 4208 absurde.
3113 4155 3174 4201 ut
3209 4146 3345 4202 mihi

134 4259 240 4303 sane
279 4253 515 4318 videtur,
570 4253 831 4323 loquatur
888 4262 985 4308 aut
1033 4253 1257 4310 sentiat.
1319 4254 1462 4308 Sunt
1512 4252 1660 4307 enim
1738 4251 1901 4306 ambo
1958 4252 2075 4305 haec
2127 4263 2351 4304 accessu
2402 4246 2664 4307 difﬁcilia,
2736 4246 2781 4298 si
2830 4244 2955 4313 quis
3003 4241 3347 4297 demonstra-

137 4336 309 4399 tionum
347 4348 399 4402 vi
442 4364 697 4420 quaerere
746 4350 1095 4415 connitatur;
1151 4350 1286 4419 quin
1346 4358 1403 4403 et
1440 4349 1665 4403 omnino
1702 4348 2001 4410 inaccessa,
2055 4345 2165 4400 nisi
2218 4343 2484 4398 scrutanti
2521 4340 2655 4395 ﬁdes
2683 4354 2867 4395 comes
2890 4353 2997 4391 una
3027 4335 3273 4392 accedat.

187 4431 270 4499 λζ’-
308 4440 389 4494 Ἐν
411 4445 513 4514 μὲν
544 4442 852 4513 πρακτικῷ,
886 4446 999 4507 τοῖς
1025 4442 1136 4496 τῶν
1180 4442 1392 4514 ἀρετῶν
1445 4441 1671 4512 τρόποις

136 4529 462 4597 παχυνόμενος
495 4534 525 4586 6
555 4533 736 4600 λόγος,
766 4532 977 4599 γίνεται
1004 4530 1143 4603 σάρξ
1169 4548 1183 4563 ο
1219 4531 1279 4583 ὲν
1313 4530 1371 4583 δὲ
1421 4529 1500 4599 τῷ
1547 4530 1675 4581 θεω-

1844 4442 1934 4497 37.
1974 4440 2034 4493 In
2074 4454 2141 4493 eo
2192 4436 2418 4506 quidem
2462 4434 2553 4504 qui
2590 4432 2797 4487 actioni
2839 4430 3043 4495 studet,
3078 4428 3346 4483 virtutum

1778 4530 1959 4586 modis
1995 4538 2272 4584 crassatus
2318 4540 2521 4587 sermo,
2573 4540 2702 4579 caro
2737 4522 3001 4586 efﬁcitur;
3051 4522 3111 4575 in
3158 4537 3227 4576 eo
3253 4536 3349 4575 au-

138 4619 337 4719 ρητικῷ,
384 4627 496 4688 τοῖς
552 4626 941 4694 πνευματικοῖς
980 4624 1214 4692 νοήμασι
1251 4620 1674 4691 λεπτυνόμενος,

1784 4629 1893 4677 tem
1937 4620 2031 4690 qui
2084 4615 2534 4687 contemplationi
2569 4614 2821 4669 animum
2854 4612 3080 4676 addicit,
3128 4611 3351 4681 spirita-

147 4706 309 4773 (ἔνετοι
329 4715 469 4771 ὦσπε
479 4735 512 4789 ρ
529 4714 598 4789 ἦν
620 4719 677 4770 ὲν
703 4717 868 4788 ἀρχῇ,
894 4715 1026 4779 Θεὸς
1058 4715 1250 4785 Λόγος.

199 4883 288 4956 λη’.
314 4894 458 4946 Ποιεῖ
494 4894 674 4963 σάρκα
702 4891 794 4944 τὸν
834 4889 1013 4959 λόγον,
1059 4891 1089 4942 6
1130 4877 1535 4960 napa6siyu'act
1576 4888 1672 4943 καὶ

143 4976 318 5046 ῥήμασι
343 4986 661 5056 παχυτέροις
694 4983 783 5037 διὰ
808 4982 907 5054 τὴν
934 4981 1194 5050 ἀνάλογον
1229 4980 1338 5035 τῶν
1366 4980 1671 5034 ἀκουόντων

144 5065 361 5142 δύναμιν,
408 5077 601 5148 ἠθικὴν
647 5077 744 5131 τοῦ
788 5075 949 5144 λόγου
993 5074 1094 5144 τὴν
1121 5072 1467 5127 διδασκαλίαν
1493 5071 1670 5125 ποιού-

147 5176 278 5228 μενος
300 5183 314 5198 ⁸
344 5170 433 5222 καὶ
475 5170 637 5226 πάλιν
674 5172 818 5224 ποιεῖ
836 5167 1053 5238 πνεῦμα
1101 5166 1193 5220 τὸν
1240 5166 1420 5235 λόγον,
1463 5167 1494 5220 6
1554 5168 1665 5230 τοῖς

147 5251 340 5323 ὑψηλοῖς
411 5262 724 5335 θεωρήμασι
809 5261 908 5332 τὴν
982 5259 1251 5331 μυστικὴν
1324 5258 1670 5329 ἐκτιθέμενος

149 5341 416 5419 θεολογίαν.

207 5435 295 5493 λα’.
332 5443 388 5496 '0
424 5446 520 5516 μὲν
557 5447 622 5499 ἐκ
650 5443 761 5499 τῶν
801 5443 1004 5496 θέσεων
1058 5441 1445 5511 καταφατικῶς
1500 5439 1677 5494 θεολο-

152 5526 266 5593 τῶν.
308 5534 474 5605 σάρκα
516 5541 659 5592 ποιεῖ
694 5537 787 5590 τὸν
819 5535 979 5602 λόγον
1003 5552 1018 5565 ’
1059 5535 1160 5588 οὐκ
1198 5534 1335 5604 ἔχων
1366 5532 1606 5597 ἄλλοθεν,
1642 5531 1677 5603 ἢ

156 5612 209 5667 ἑκ
238 5617 334 5672 τῶν
361 5624 640 5698 ὁρωμένων
668 5626 767 5681 καὶ
799 5624 1210 5697 ψηλαφωμὲνων
1242 5623 1333 5681 τὸν
1361 5622 1494 5678 Θεὸν
1518 5620 1680 5691 γινώ-

217 5799 256 5831 ’τ
287 5802 434 5865 nom.
475 5824 526 5878 ι,
566 5813 619 5867 8.
697 5814 740 5844 υ
770 5811 905 5867 ibid.
941 5810 996 5877 ε,
1029 5804 1097 5868 7.‘

1776 4711 1926 4766 libus
1966 4707 2148 4764 sensis
2206 4721 2272 4761 ac
2313 4703 2675 4774 conceptibus
2734 4711 3012 4766 tenuatus,
3061 4699 3119 4755 id
3165 4698 3352 4755 evadit

1773 4807 1921 4879 quod
1961 4807 2019 4861 in
2062 4802 2337 4875 principio
2380 4809 2519 4865 erat,
2568 4800 2715 4854 Deus
2752 4798 3017 4854 Verbum.

1840 4899 1931 4954 58.
1971 4897 2307 4952 Sermonem
2327 4909 2548 4948 carnem
2578 4891 2728 4955 facit,
2760 4889 2851 4959 qui
2894 4886 3058 4960 494
3083 4884 3349 4953 exemplis

1769 4990 2065 5060 verbisque
2095 4985 2460 5043 crassioribus
2494 4983 2808 5038 auditorum
2852 4995 2911 5034 se
2938 4975 3186 5032 facultati
3212 4988 3347 5031 con-

1770 5081 2062 5137 venienter
2091 5086 2483 5145 attemperans,
2534 5072 2799 5127 moralem
2832 5066 3102 5124 sermonis
3143 5064 3350 5119 doctri-

1773 5188 1898 5229 nam
1921 5167 2182 5225 instituit.
2206 5167 2529 5235 Rursusquc
2544 5176 2857 5218 sermonem
2874 5158 3127 5228 spiritum
3146 5154 3347 5216 reddit,
3392 5231 3396 5234 γ

1774 5260 1869 5331 qui
1910 5256 2241 5314 sublimibus
2274 5252 2633 5310 theorematis
2692 5265 2758 5305 ac
2805 5248 3004 5311 sensis,
3039 5243 3349 5299 abstrusio-

1773 5363 1912 5411 rem,
1949 5361 2072 5416 quae
2106 5343 2173 5399 de
2214 5343 2329 5397 Deo
2357 5349 2463 5405 est,
2510 5336 2817 5394 doctrinam
2844 5332 3089 5404 exponit.

1841 5439 1929 5494 39.
1969 5436 2073 5503 Qui
2095 5450 2164 5491 ex
2186 5431 2559 5504 positionibus
2579 5427 2841 5482 afﬁrmate
2868 5425 2937 5480 de
2964 5423 3075 5478 Deo
3103 5418 3347 5483 disserit,

1774 5543 2082 5585 sermonem
2117 5538 2340 5582 carnem
2376 5521 2539 5585 facit;
2571 5517 2665 5589 qui
2696 5530 2895 5585 nempe
2942 5512 3161 5568 nonnisi
3189 5509 3351 5565 exiis

1776 5636 1900 5693 qua:
1932 5618 2106 5677 oculis
2156 5616 2402 5686 subjecta
2434 5621 2582 5670 sunt.
2615 5625 2677 5664 ac
2708 5624 2868 5663 manu
2901 5611 3351 5667 contrectantur,
