3972 6428
679 359 814 424 1143

1845 366 1907 424 S.
1951 364 2238 424 MAXIMI
2277 363 2789 430 CONFESSORIS
3744 376 3832 435 litt

674 473 848 530 Deum
887 480 947 526 ut
996 479 1281 528 auctorem
1329 485 1664 543 cognoscere
1695 475 1892 543 possit.
1924 474 2029 541 Qui
2063 486 2242 530 autem

2278 478 2327 535 Δ
2357 491 2507 532 σκειν
2538 479 2615 543 ὡς
2636 479 2812 534 αἴτιον
2835 496 2849 510 ·
2896 480 2927 532 ό
2957 479 3015 533 δὲ
3053 477 3403 546 ἀποφατικῶς
3431 477 3492 529 ὲκ
3535 476 3629 528 τῶν
3671 479 3833 549 decipi.

675 565 987 620 inﬂeianter
1024 579 1091 620 ex
1132 565 1520 635 negationibus
1568 564 1638 620 de
1680 565 1791 620 Deo
1828 566 2092 635 loquitur,
2143 580 2259 620 ser-

673 673 893 712 monem
950 658 1205 727 spiritum
1257 657 1409 723 facit,
1463 657 1615 712 velut
1646 657 1700 712 in
1755 657 2026 728 principio
2059 658 2257 722 Deum,

675 764 739 802 ac
775 748 920 818 apud
971 749 1182 812 Deum;
1225 750 1319 818 qui
1353 749 1460 804 rite
1501 764 1569 804 ex
1600 748 1753 802 nullo
1786 764 2012 818 prorsus
2041 763 2256 810 eorum,

674 855 797 908 quae
825 840 1084 910 cognosci
1129 849 1380 910 possunt,
1412 841 1593 910 ipsum
1623 855 1787 909 supra
1818 855 1984 909 quam
2009 840 2257 908 ignotum

675 933 849 1001 probe
891 941 1209 1003 cognoscat.

746 1024 834 1080 40.
871 1024 975 1090 Qui
1025 1025 1465 1095 patriarcharum
1518 1035 1673 1079 more
1711 1023 1946 1078 actionis
1999 1023 2149 1076 cultu
2197 1035 2260 1076 ac

675 1117 1176 1186 contemplationis,
1242 1118 1298 1170 in
1365 1117 1486 1186 ipso
1541 1117 1874 1172 exsistentes
1923 1115 2145 1169 virtutis
2195 1129 2260 1168 ac

674 1207 918 1262 scientia:
948 1216 1146 1278 puteos
1192 1208 1350 1264 novit
1395 1209 1607 1275 fodere,
1638 1209 1787 1262 intus
1821 1207 2100 1262 Christum
2141 1207 2260 1260 fon-

674 1306 785 1355 tem
828 1301 954 1355 vitae
993 1301 1259 1367 oﬂ'endet,
1315 1317 1382 1356 ex
1425 1317 1536 1371 quo
1569 1301 1848 1370 Sapientia
1896 1300 2056 1371 jubet
2087 1309 2147 1354 ut
2177 1299 2261 1354 bi-

673 1389 890 1455 bamus,
925 1392 1156 1448 dicens:
1184 1393 1310 1447 Bibe
1341 1410 1508 1465 aquas
1543 1394 1606 1446 de
1642 1394 1781 1448 vasis
1813 1394 1936 1457 tuis,
1968 1401 2016 1446 et
2047 1393 2110 1446 de
2128 1409 2260 1446 vena

675 1487 952 1554 puteoru’m
1011 1494 1224 1540 tuorum
1259 1487 1336 1554 ’9;
1370 1486 1544 1556 lquod
1591 1486 1722 1541 dum
1777 1485 2092 1549 fecerimus,
2141 1485 2262 1554 ejus

675 1577 820 1631 intra
858 1593 958 1632 nos
995 1578 1324 1634 exsistentes
1371 1580 1663 1635 thesauros
1727 1579 2092 1634 inveniemus.

743 1755 835 1810 M.
875 1755 980 1822 Qui
1008 1755 1292 1811 brutarum
1320 1755 1684 1810 animantiUm
1716 1771 1889 1820 more,
1925 1753 2260 1810 demerendo
2287 1791 2295 1822 ε

677 1846 1025 1901 solummodo
1075 1845 1265 1901 sensui
1313 1847 1481 1900 vitam
1537 1847 1854 1911 instituunt,
1905 1846 2098 1918 grandi
2154 1844 2259 1901 sibi

676 1939 926 2008 periculo
965 1953 1282 1994 sermonem
1330 1947 1555 1993 carnem
1613 1939 1862 2006 faciunt;
1912 1939 2006 2009 qui
2060 1951 2259 2010 nempe

677 2040 741 2084 ut
772 2031 1068 2086 aﬂ‘ectibus
1111 2047 1176 2086 ac
1213 2031 1432 2086 libidini
1487 2036 1698 2086 morem
1747 2040 1941 2103 gerant
1989 2031 2191 2086 creatis
2229 2046 2262 2085 a

674 2123 790 2178 Deo
837 2124 1173 2190 abutantur;
1231 2139 1334 2179 nec
1387 2124 1690 2194 sapientim,
1727 2141 1850 2195 quae
1900 2126 1959 2180 in
2003 2123 2260 2179 omnibus

680 2213 888 2278 elucet,
932 2215 1202 2270 rationem
1264 2216 1640 2282 considerent,
1697 2225 1759 2272 ut
1790 2218 1962 2274 Deum
2021 2232 2091 2271 ex
2141 2217 2260 2287 ejus

675 2307 945 2376 operibus
997 2318 1337 2379 cognoscant
1365 2325 1430 2365 ac
1459 2309 1794 2376 clariﬁcent;
1823 2310 2256 2380 intelligantque,

674 2406 844 2461 unde,
877 2413 941 2452 ac
987 2398 1145 2468 quid,
1201 2399 1254 2453 iu
1282 2395 1536 2469 'quemve
1578 2397 1768 2464 ﬁnem,
1818 2413 1882 2452 ac
1926 2413 2037 2468 quo
2084 2405 2144 2451 ut
2173 2396 2298 2452 [εξ-⁸

672 2502 886 2554 ramur,
921 2503 1022 2558 per
1060 2503 1125 2543 ea
1158 2505 1281 2559 qum
1316 2491 1496 2545 oculis
1532 2492 1830 2560 conspicua
1869 2501 2017 2556 sunt,
2046 2488 2258 2545 conditi

673 2574 883 2638 cimus;
915 2575 1014 2630 sed
1051 2576 1110 2629 in
1146 2577 1393 2633 tenebris
1445 2582 1622 2632 totum
1651 2578 1798 2646 quod
1830 2580 2043 2649 agimus
2087 2593 2259 2632 saecu-

672 2666 787 2721 lum
822 2668 1189 2734 ambulantes,
1235 2669 1406 2725 solam
1450 2670 1548 2724 Dei
1593 2670 1957 2738 ignorantiam
1986 2670 2254 2725 ambabus

672 2760 932 2815 manibus
978 2761 1222 2830 palpent.

741 2853 831 2908 42.
859 2853 962 2919 Qui
984 2854 1117 2908 solis
1151 2869 1321 2909 sacra;
1346 2854 1646 2925 Scriptura:
1676 2855 1862 2912 verbis
1891 2857 2131 2910 animant
2162 2857 2258 2910 ad-

672 2943 952 3023 hibentes,
983 2945 1258 3015 corporali
1304 2945 1440 3015 legis
1487 2946 1637 3001 cultu
1665 2947 1832 3002 animi
1865 2947 2255 3017 ingenuitatem

672 3035 941 3106 obligant,
974 3036 1342 3105 vituperando
1370 3053 1510 3092 ausu
1541 3048 1856 3093 sermonem
1896 3039 2003 3093 sibi
2032 3051 2254 3093 carnem

2364 588 2501 624 σεων
2540 571 2826 641 Θεολογῶν,
2858 571 3078 641 πνεῦμα
3102 573 3248 623 ποιεῖ
3269 569 3358 622 τὸν
3383 569 3551 635 λόγον,
3577 568 3642 632 ὡς
3668 572 3711 623 ἐν
3737 574 3832 644 ἀρχῇ

2360 663 2496 717 Θεὸν
2520 664 2669 728 ὄντα,
2701 665 2798 718 καὶ
2826 665 2964 736 πρὸς
2988 662 3118 716 Θεὸν
3141 662 3292 725 ὄντα,
3325 661 3386 725 ἐξ
3420 661 3619 724 οὐδενὸς
3643 662 3693 714 τὸ
3716 667 3836 732 παρὰ·

2361 774 2469 809 παν
2501 756 2611 810 τῶν
2637 757 2948 827 γνωσθῆναι
2974 753 3310 824 δυναμένων,
3339 751 3518 816 καλῶς
3536 749 3766 822 γινώσκων
3780 756 3836 808 τὸν

2361 849 2804 918 ὑπεράγνωστον.

2435 1035 2509 1098 μ’.
2546 1030 2603 1080 Ὀ
2636 1027 2818 1097 μαθὼν
2848 1025 3137 1098 όρρὑσειν
3164 1025 3308 1080 κατά
3325 1025 3449 1090 τοὺς
3473 1024 3767 1094 πατριάρχας
3783 1027 3835 1080 διὰ

2361 1123 2614 1192 πράξεως
2643 1121 2739 1174 καὶ
2768 1121 3000 1190 Θεωρίας
3033 1119 3102 1173 τά
3152 1121 3210 1172 ἐν
3252 1118 3402 1189 αὐτῷ
3449 1121 3545 1189 τῆς
3591 1118 3755 1190 ἀρετῆς
3779 1121 3832 1172 ut

2360 1212 2460 1281 τῆς
2489 1213 2744 1279 γνώσεως
2769 1212 3003 1282 φρέατα,
3037 1210 3129 1262 τὸν
3154 1208 3392 1278 Χριστὸν
3415 1208 3557 1262 ἔνδον
3576 1208 3759 1279 εὑρήσει
3777 1210 3830 1279 τὴν

2361 1304 2541 1376 πηγὴν
2568 1306 2668 1375 τῆς
2706 1305 2851 1374 ζωῆς
2884 1321 2900 1336 ·
2935 1304 3028 1373 ἀφ’
3058 1297 3126 1375 ἦς
3154 1302 3330 1355 πίνειν
3361 1302 3564 1372 ἡμᾶςή
3613 1300 3743 1367 σοφία
3774 1318 3831 1352 τα·

2363 1396 2738 1466 ρακελεύεται,
2789 1397 3026 1464 λέγουσα
3052 1411 3066 1424 °
3108 1395 3252 1448 Πίνε
3285 1393 3477 1448 ὕδατα
3510 1392 3621 1448 ἀπὸ
3647 1392 3748 1446 σῶν
3773 1395 3829 1460 ἀγ

2361 1492 2555 1558 γείων,
2588 1489 2683 1542 καὶ
2709 1489 2826 1543 ἀπὸ
2859 1487 2988 1542 σῶν
3008 1487 3276 1556 φρεάτων
3297 1485 3517 1554 πηγῆςο
3551 1485 3672 1555 ὅπερ
3694 1485 3827 1537 ποιοῦν-

2365 1599 2471 1646 τες,
2496 1583 2807 1654 εὑρήσομεν
2830 1580 2978 1635 ἔνδον
3001 1579 3160 1651 ἡμῶν
3201 1577 3364 1640 ὄντας
3383 1578 3510 1642 τοὺς
3527 1577 3676 1648 αὐτῆς
3701 1577 3832 1646 θησαν-

2363 1693 2510 1748 ρους.

2436 1773 2546 1839 μα’.
2581 1767 2648 1820 Οί
2678 1763 2968 1837 κτηνωδῶς
3005 1763 3144 1836 πρὸς
3183 1763 3359 1836 μόνην
3387 1762 3487 1832 τὴν
3517 1759 3733 1831 αἴσθησιν
3748 1759 3832 1824 ξῦν.

2359 1878 2472 1927 τες,
2509 1859 2827 1928 ἐπισφαλῶς
2872 1859 3088 1921 ἑαυτοῖς
3118 1857 3300 1927 σάρκα
3348 1853 3560 1909 ποιοῦσι
3603 1853 3682 1906 τὸν
3720 1853 3831 1919 λόγον

2361 1954 2442 2018 εἰς
2468 1953 2774 2023 ὑπηρεσίαν
2805 1952 2903 2023 μὲν
2941 1949 3154 2014 παθῶν,
3194 1950 3308 2011 τοῖς
3349 1945 3446 2000 τοῦ
3477 1943 3604 1999 Θεοῦ
3636 1943 3831 2012 καταχρώ-

2364 2063 2512 2118 μενοι
2537 2046 2796 2116 κτίσμασι
2817 2061 2832 2076 ·
2867 2045 2960 2098 τὸν
2989 2043 3046 2096 δὲ
3077 2041 3179 2111 τῆς
3205 2039 3401 2109 σοφίας
3416 2039 3516 2107 τῆς
3535 2039 3680 2090 πᾶσιν
3700 2037 3831 2105 ipsa»

2358 2138 2615 2208 νομένης,
2630 2136 2689 2190 οὐ
2708 2133 3094 2196 κατανοοῦντες
3124 2132 3304 2200 λόγον,
3364 2131 3505 2201 πρὸς
3526 2127 3582 2181 τὸ
3603 2127 3760 2196 γνῶναι
3775 2125 3829 2176 ul

2358 2229 2580 2296 δοξάσαι
2605 2229 2696 2282 τὸν
2717 2227 2852 2280 Θεὸν
2879 2229 2942 2280 ἐκ
2967 2223 3078 2278 τῶν
3100 2221 3266 2278 αὐτοῦ
3293 2223 3606 2292 ποιημάτων
3629 2236 3640 2250 ·
3663 2219 3736 2271 καὶ
3758 2233 3828 2267 σνν-

2363 2323 2500 2376 ιέναι
2549 2319 2736 2383 πόθεν,
2768 2321 2864 2373 καὶ
2891 2318 2966 2382 τί,
3003 2317 3098 2371 καὶ
3125 2317 3218 2369 ἐπὶ
3236 2315 3371 2379 τίνι,
3403 2314 3498 2367 καὶ
3529 2310 3622 2364 ποῦ
3653 2308 3824 2380 φέρεσθαι

2358 2414 2449 2468 διὰ
2477 2413 2586 2467 τῶν
2614 2411 2908 2484 ὁρωμένων
2928 2409 3234 2479 γεγόναμεν
3265 2425 3279 2438 ο
3331 2406 3452 2460 ἀλλ’
3498 2406 3554 2456 ὲν
3603 2402 3744 2455 σκότει

2360 2507 2532 2561 αίῶνα
2563 2504 2753 2558 τοῦτον
2777 2500 3246 2572 διαπορευόμενοι,
3283 2499 3457 2570 μόνην
3484 2497 3579 2568 τὴν
3622 2493 3725 2566 περὶ
3749 2491 3827 2546 Θεὸν

2358 2599 2563 2670 ἀμφοῖν
2589 2597 2709 2651 ταῖν
2733 2597 2914 2666 χεροῖν
2945 2591 3273 2664 ψηλαφῶσιν
3300 2589 3591 2660 ἀγνωσίαν.

2434 2868 2541 2939 ul?-
2570 2869 2635 2921 οι
2671 2881 2818 2935 μονῳ
2855 2879 2932 2932 τῳ
2964 2859 3114 2934 ρητῷ
3136 2860 3238 2926 τῆς
3282 2857 3446 2927 ἁγίας
3475 2853 3675 2926 ι’ραφῆς
3713 2863 3824 2915 ταρα-

2358 2962 2681 3031 καθήμενοι,
2703 2957 2796 3010 κα)⁸
2814 2957 2880 3027 τῇ
2913 2953 3200 3022 σωματικῇ
3223 2951 3318 3003 τοῦ
3360 2953 3525 3019 νόμου
3566 2943 3742 3013 λατρεία
3772 2941 3824 2990 δε-

2359 3054 2621 3123 σμοῦντες
2647 3050 2750 3119 τῆς
2773 3045 2950 3117 ψυχῆς
2971 3043 3031 3096 τὸ
3058 3042 3295 3113 ἀξίωμα,
3323 3039 3538 3110 ψεκτῶς
3553 3035 3742 3089 ποιοῦσιν
3753 3031 3824 3082 ίαν·

671 3127 920 3194 l’aciunt;
961 3128 1042 3182 sic
1092 3128 1376 3194 nimirum,
1434 3139 1496 3186 ut
1542 3131 1831 3186 brutarum
1888 3131 2239 3195 animantium

2279 3160 2320 3217 ο
2357 3148 2465 3207 τοῖς
2497 3142 2676 3214 σάρκα
2703 3140 2792 3194 τὸν
2823 3138 2979 3206 λόγον
3013 3152 3026 3166 ο
3059 3135 3270 3203 ἀλόγων
3302 3134 3460 3199 ζώων
3491 3130 3675 3190 θυσίαις
3704 3125 3822 3217 εὑτρε-

669 3218 912 3275 victimis
956 3221 1133 3276 Deum
1185 3222 1452 3277 delectari
1483 3224 1833 3287 existiment;
1860 3223 2112 3278 homines
2143 3223 2251 3278 sci-

672 3309 826 3376 licet,
876 3310 971 3381 qui
1014 3312 1237 3382 corpori
1295 3314 1544 3369 exterius
1592 3314 1880 3370 lustrando
1925 3330 2035 3368 non
2076 3314 2253 3368 levem

673 3420 866 3458 curam
919 3404 1243 3472 adhibeant,
1274 3406 1444 3461 animi
1479 3423 1612 3462 vero
1643 3394 2138 3477 pulchritudinem,
2172 3407 2252 3461 vi-

675 3496 880 3550 tiorum
913 3497 1146 3552 maculis
1185 3498 1522 3568 compuncti,
1564 3499 1874 3569 negligant;
1904 3502 2062 3570 cujus
2089 3506 2253 3554 causa

672 3587 854 3640 omnis
907 3603 1097 3642 rerum
1139 3589 1316 3644 oculis
1344 3590 1718 3658 subjectarum
1764 3591 1940 3645 virtus
1988 3591 2255 3661 producta

671 3684 778 3740 est,
828 3677 1121 3746 omnisque
1170 3678 1392 3733 divinus
1443 3694 1625 3734 sermo
1657 3694 1721 3733 ac
1773 3679 1861 3734 lex
1895 3681 2062 3735 edita.

741 3770 831 3823 45.
875 3770 935 3823 ln
969 3771 1186 3824 ruinam
1231 3780 1288 3827 et
1329 3772 1793 3827 resurrectionem
1844 3773 2142 3828 multorum
2198 3773 2253 3826 in

673 3861 876 3919 lsraelc
919 3863 1162 3932 positum
1207 3879 1330 3919 esse
1381 3865 1694 3928 Dominum,
1751 3873 1985 3920 testatur
2036 3881 2253 3920 sacrum

671 3956 1032 4026 Evan‘gelium
1075 3959 1115 4010 ¹.
1179 3957 1344 4029 495
1407 3959 1608 4014 Animo
1659 3959 1826 4030 igitur
1877 3959 2250 4022 attendamus,

671 4066 806 4105 num
846 4050 902 4104 in
950 4065 1145 4105 eorum
1193 4051 1416 4120 quidem
1467 4053 1707 4116 ruinam,
1753 4053 1849 4120 qui
1895 4052 2006 4108 sola
2059 4067 2254 4107 sensus

672 4144 850 4215 gratia
906 4152 1162 4197 naturam
1209 4145 1383 4200 oculis
1423 4145 1728 4216 subjectum
1775 4128 2130 4206 contuentur.
2161 4160 2255 4200 eo-

673 4251 911 4307 rumque
943 4236 1037 4306 qui
1067 4237 1202 4292 solis
1227 4235 1532 4308 Scriptura
1555 4238 1744 4293 verbis
1772 4238 2019 4301 hmrent;
2049 4237 2252 4306 quippe

671 4329 766 4399 qui
811 4344 909 4397 per
951 4327 1247 4382 amentiam
1275 4343 1338 4381 ac
1383 4327 1766 4391 stoliditatem,
1799 4327 1865 4380 ad
1890 4342 2093 4381 novum
2125 4342 2251 4396 gra-

669 4423 762 4476 tia:
789 4419 1044 4490 spiritum
1082 4419 1319 4474 transire
1354 4435 1464 4474 non
1496 4420 1750 4484 valeant;
1791 4419 2249 4474 resurrectionem

2357 3213 2602 3293 στεῖσθαι
2639 3235 2946 3304 νομίζοντες
2972 3233 3063 3287 τὸν
3111 3231 3243 3285 Θεόν
3273 3245 3288 3259 ο
3341 3225 3427 3290 οἷς
3473 3223 3596 3276 πολὺ
3635 3220 3686 3272 τὸ
3726 3213 3822 3304 σῶαι

2356 3301 2768 3394 πεφρόντισται,
2799 3324 2910 3384 τοῖς
2947 3321 3101 3384 ἐκτὸς
3138 3316 3460 3387 καθαρσίοις
3483 3332 3497 3344 ·
3534 3314 3620 3382 τῆς
3649 3307 3692 3361 δὲ
3713 3301 3820 3372 ψυχῆς

2356 3433 2508 3486 παρη
2519 3416 2745 3487 μέληται
2772 3415 2834 3467 τὸ
2855 3414 3070 3477 κάλλος,
3099 3413 3220 3474 ταῖς
3243 3410 3356 3463 τῶν
3386 3406 3567 3462 παθῶν
3593 3402 3734 3472 amittat

2355 3507 2582 3577 ζόμενον
2613 3521 2629 3538 ο
2655 3505 2793 3575 ὑπὲρ
2819 3500 2907 3579 ἦς,
2936 3507 2966 3576 ἡ
3000 3506 3152 3557 πᾶσα
3179 3502 3286 3556 τῶν
3308 3501 3592 3572 ὁρωμένων
3616 3487 3815 3579 προᾶελζσ

2354 3615 2449 3654 ται
2469 3597 2722 3670 δύναμις,
2745 3600 2840 3651 καὶ
2872 3599 2982 3661 πᾶς
3023 3596 3183 3665 λόγος
3231 3596 3380 3658 Gaio;
3428 3592 3520 3646 καὶ
3559 3589 3695 3657 νόμος
3726 3578 3812 3633 ὲὲλ·

2354 3691 2523 3744 δοται.

2433 3789 2543 3853 μγ’.
2568 3782 2665 3846 Εἰς
2703 3781 2914 3834 πτῶσιν
2958 3781 3053 3834 καὶ
3103 3779 3405 3832 ἀνάστασιν
3459 3771 3646 3828 πολλῶν
3685 3761 3820 3819 κεῖσθαι

2355 3876 2446 3929 τὸν
2482 3873 2685 3946 Κύριον
2717 3873 2867 3941 λέγει
2895 3873 2956 3925 τδ
2990 3873 3145 3939 ἆγιον
3182 3869 3536 3937 Εὑαγγέλιον.
3560 3857 3724 3917 Οὐκοῦν

2355 3942 2640 4038 στήσωμεν,
2689 3966 2884 4035 μήπως
2918 3967 3000 4028 εἰς
3049 3964 3256 4016 πτῶσιν
3299 3963 3424 4031 μὲν,
3455 3942 3820 4038 τῶντεπρδςνμθ

2353 4073 2452 4127 νην
2481 4054 2581 4125 τὴν
2609 4054 2863 4126 αἴσθησιν
2883 4054 2984 4125 τὴν
3015 4052 3304 4124 ὁρωμένην
3347 4046 3666 4121 Θεωροῦντων
3690 4037 3818 4092 actim.

2355 4151 2450 4202 καὶ
2474 4147 2583 4201 τῶν
2611 4147 2756 4218 μόνῳ
2785 4146 2864 4218 τῷ
2896 4145 3048 4219 ρητῷ
3075 4143 3434 4215 στοιχούντων
3471 4141 3565 4211 τῆς
3584 4135 3711 4203 ἁγίας
3731 4129 3818 4219 PP“

2354 4241 2462 4308 φῆς
2485 4255 2500 4272 ·
2535 4217 2623 4301 (bc,
2651 4217 2735 4308 μὴί
2749 4217 3062 4307 δυναμένων
3093 4235 3229 4307 πρὸς
3255 4234 3317 4287 τὸ
3355 4233 3537 4288 καινὸν
3564 4224 3731 4292 πνεῦμα

2353 4305 2514 4400 ϐῆναι
2549 4305 2663 4400 τῆς-
2693 4305 2918 4400 gemo;
2955 4326 3044 4380 διὰ
3076 4305 3172 4398 τὴν
3221 4325 3412 4381 ἄνοιαν
3440 4340 3456 4355 ·
3502 4319 3741 4404 ἀνάστασιγ

2353 4421 2462 4476 τῶν
2483 4420 2870 4491 πνευματικῶς
2895 4420 2966 4473 τά
2985 4437 3043 4473 τε
3070 4419 3350 4488 κτίσματα
3394 4414 3488 4469 τοῦ
3527 4407 3644 4465 Θεοῦ
3684 4401 3747 4456 καὶ

670 4528 803 4566 vero
863 4526 1084 4572 eorum.
1129 4511 1223 4580 qui
1287 4510 1519 4581 spiritali
1571 4512 1784 4566 ratione
1839 4521 1955 4566 tum
1997 4527 2086 4566 res
2138 4512 2238 4567 Dec

2247 4540 2249 4554 ι
2281 4507 2324 4562 ι)
2356 4514 2576 4586 ῥήματα
2604 4513 2954 4584 θεωρούντων
2973 4528 3035 4564 τε
3061 4511 3157 4563 καὶ⁵
3182 4508 3508 4566 ἀκουόντων,
3536 4502 3618 4556 καὶ
3643 4497 3724 4555 τοῖς
3735 4485 3815 4586 15°:

671 4611 898 4658 auctore
924 4603 1198 4664 conditas,
1227 4611 1341 4656 tum
1365 4605 1486 4674 ejus
1518 4605 1689 4658 verba
1709 4604 2059 4676 conspiciunt
2086 4615 2250 4676 atque

669 4694 940 4759 audiunt;
985 4692 1225 4760 hincque
1271 4691 1411 4746 adeo
1453 4693 1553 4747 soli
1593 4694 1794 4749 divina!
1841 4695 2086 4764 imagini,
2127 4711 2249 4764 quas

670 4789 728 4842 in
767 4786 953 4841 animo
1002 4784 1230 4848 residet,
1262 4785 1520 4855 congruis
1549 4786 1797 4842 moribus
1826 4796 2014 4842 curam
2039 4787 2252 4857 impen—

671 4877 835 4930 dunt.

742 4970 832 5024 44.
871 4967 1029 5034 Quod
1063 4966 1140 5021 ita
1181 4967 1449 5038 scriptum
1491 4978 1597 5032 est,
1633 4969 1871 5038 positum
1903 4985 2025 5025 esse
2065 4969 2251 5025 Domi-

667 5075 800 5114 num
846 5059 903 5112 in
949 5058 1167 5112 ruinam
1211 5067 1268 5112 et
1322 5059 1786 5113 resurrectionem
1841 5060 2141 5115 multorum
2194 5060 2252 5114 in

667 5153 890 5215 lsraelc,
935 5150 980 5205 si
1035 5150 1091 5204 in
1140 5150 1323 5205 laudis
1374 5158 1589 5220 partem
1632 5152 1810 5206 solum
1865 5151 2250 5223 intelligatur,

670 5243 728 5296 in
753 5243 966 5296 ruinam
991 5241 1373 5311 accipiendum
1405 5250 1518 5295 tum
1549 5241 1811 5296 vitiorum
1841 5249 1898 5298 et
1935 5243 2250 5308 libidinum,

671 5345 788 5389 tum
822 5349 1112 5405 pravarum
1140 5334 1538 5404 cogitationum
1569 5333 1623 5387 in
1673 5334 1902 5405 singulis
1933 5335 2248 5406 quibusque

671 5427 946 5491 fidelium;
999 5428 1460 5482 resurrectionem
1513 5441 1645 5481 vero
1685 5427 1975 5492 virtutum,
2004 5428 2247 5497 piarum-

671 5535 778 5588 que
813 5521 1060 5574 omnium
1104 5535 1167 5574 ac
1213 5520 1588 5590 religiosarum
1634 5520 2048 5590 cogitationum.

740 5609 830 5665 45.
869 5611 973 5677 Qui
1001 5627 1186 5665 rerum
1213 5612 1559 5666 solummodo
1607 5613 2002 5682 generabilium
2035 5630 2100 5670 ac
2129 5629 2248 5670 cor-

745 5782 792 5815 "
819 5785 980 5842 Prov.
1010 5804 1065 5855 ν,
1092 5787 1177 5844 15.
1241 5789 1256 5818 ¹
1292 5789 1426 5845 Luc.
1463 5807 1525 5858 ιι,
1559 5792 1650 5848 54.

2357 4577 2554 4682 ἥκουσι
2590 4577 2812 4681 τρόποις
2851 4608 3016 4678 μόνης
3069 4606 3169 4676 τῆς
3209 4603 3353 4657 κατὰ
3378 4601 3548 4673 ψυχὴν
3586 4593 3701 4653 Θείας
3731 4577 3814 4636 εἱκδ·

2357 4718 2446 4765 νος
2475 4698 2733 4770 ὲπιμελου
2743 4699 2940 4769 μένων.

2427 4975 2528 5046 μδ’.
2567 4974 2611 5026 Τ
2614 4971 2661 5039 ὸ,
2697 4971 2911 5027 κεῖσθαι
2955 4971 3047 5024 τὸν
3097 4968 3301 5041 Κύριον
3337 4969 3419 5030 εἰς
3464 4962 3646 5018 πτῶσιν
3678 4943 3805 5050 πολὶᾷ

2353 5071 2446 5124 καὶ
2465 5069 2761 5123 ἀνάστασιν
2785 5068 2842 5119 ὲν
2871 5066 2948 5137 τῷ
2986 5064 3222 5136 Ἰσραὴλ,
3256 5059 3544 5121 ὲπαινετῶς
3573 5054 3700 5125 μόνον
3722 5057 3806 5135 Vw?

2355 5177 2536 5233 μενον,
2573 5160 2653 5222 εἰς
2671 5157 2879 5210 πτῶσιν
2921 5157 3019 5226 μὲν
3042 5157 3262 5218 νοεῖται,
3303 5153 3409 5206 τῶν
3457 5151 3512 5202 ὲν
3545 5142 3716 5205 ἑκάστῳ

2354 5251 2718 5307 πιστευόντων
2751 5247 2859 5304 τῶν
2897 5247 3084 5302 παθῶν
3111 5263 3172 5298 τε
3201 5247 3297 5298 καί⁵
3322 5241 3561 5313 πονηρῶν
3585 5238 3789 5326 λογισμθῖ

2353 5347 2649 5399 ἀνάστασιν
2680 5341 2757 5406 δὲ,
2807 5339 2915 5393 τῶν
2977 5337 3186 5409 ἀρετῶν
3241 5337 3336 5390 καὶ
3394 5331 3579 5391 παντὸς
3621 5323 3807 5387 θεοφιλθπ

2347 5438 2628 5506 λογισμοῦ.

2425 5625 2524 5688 με’.
2567 5617 2629 5670 '0
2674 5615 2834 5686 μόνον
2869 5614 2979 5669 τῶν
3005 5624 3064 5668 εν
3088 5611 3300 5683 γενέσει
3328 5608 3419 5664 καὶ
3451 5601 3608 5677 φθορᾷ
3632 5595 3797 5663 δημωυΐ
