4064 6432
241 389 379 454 1145

1050 383 1383 446 CAPITUM
1420 380 1692 442 THEOL.
1730 381 1827 441 ET
1861 378 2097 442 (ECON.
2136 378 2522 442 CENTURIA
2558 379 2640 441 II.

3338 369 3476 440 1146

233 506 335 575 γδν
361 460 598 577 νομίζων
629 504 718 557 τὸν
749 502 972 572 Κύριον,
1017 499 1098 562 είς
1121 495 1397 569 κηπουρὸν
1427 494 1589 549 αὑτὸν
1619 509 1801 562 παρα·
1829 544 1832 552 ,

1911 492 2250 561 ruptibilium
2297 501 2581 547 auctorem
2624 488 2923 546 Dominum
2967 501 3090 543 esse
3149 485 3474 553 arbitratur,

234 600 513 670 γνωρίζει,
570 598 710 651 κατά
753 596 851 667 τὴν
894 591 1258 661 Μαγδαληνὴν
1281 588 1519 659 Μαρίαν.
1549 584 1640 639 Διδ
1667 584 1803 656 πρὸς

232 693 501 763 ὠφέλειαν
523 692 712 759 φεύγει
743 691 838 743 τοῦ
871 686 1109 741 τοιούτου
1139 686 1239 753 τὴν
1268 683 1414 752 ἁφὴν
1449 683 1478 734 ὁ
1506 678 1804 748 Δεσπότης,

237 786 409 854 μήπω
434 784 562 852 παρ’
603 778 750 850 αύτῷ
791 776 1034 846 δυνηθεὶς
1071 773 1336 841 ἀναϐῆναι
1382 770 1519 841 πρὸς
1553 768 1645 823 τὸν
1694 768 1806 821 Πα-

232 877 391 946 τέρα,
420 874 594 943 λέγων
623 890 637 902 '
676 871 772 937 Μή
802 887 919 939 μου
954 868 1167 923 ἅπτου.
1210 863 1470 917 Γινώσκει
1511 859 1621 931 γὰρ
1675 858 1805 929 βλά-

234 967 503 1030 πτεσθαι,
565 966 656 1018 τδν
704 965 840 1035 μετά
888 959 1139 1030 τοιαύτης
1185 955 1333 1028 αὐτῷ
1371 953 1806 1026 προσερχόμενον

233 1060 620 1128 ταπεινοτέρας
636 1054 977 1127 προλήψεως.

313 1319 432 1391 pg’.
478 1322 542 1375 Oi
580 1319 670 1372 διὰ
704 1318 796 1371 τὸν
854 1316 1017 1387 φόϐον
1056 1313 1167 1367 τῶν
1223 1312 1489 1374 Ἰουδαίων
1530 1328 1674 1367 κατα
1706 1310 1805 1381 τὴν

238 1413 534 1467 Γαλιλαίαν
576 1412 649 1481 (d)
682 1412 739 1464 ἐν
772 1409 850 1480 τῷ
883 1406 1117 1478 ὑπερῴῳ
1150 1404 1462 1468 κλείσαντες
1498 1404 1598 1468 τὰς
1635 1404 1807 1473 θύρας

238 1503 543 1573 καθήμενοι
568 1517 583 1531 ο
614 1500 879 1563 τουτέστι,
909 1500 959 1552 oi
984 1498 1071 1552 διά
1098 1497 1187 1552 τὸν
1219 1495 1381 1563 φόϐον
1412 1496 1523 1549 τῶν
1562 1495 1806 1564 πνευμά-

238 1613 353 1649 των
376 1595 477 1664 τῆς
514 1593 799 1664 πονηρίας,
830 1590 973 1645 κατά
1014 1590 1115 1660 τὴν
1158 1587 1341 1659 χώραν
1377 1587 1487 1641 τῶν
1528 1585 1806 1641 ἀποκαλύ-

236 1690 410 1760 ψεων,
442 1688 499 1740 ἐν
526 1686 604 1756 τῷ
636 1684 761 1754 ὕψει
790 1684 899 1735 τῶν
942 1680 1098 1735 θείων
1137 1680 1507 1751 θεωρημάτων
1551 1676 1808 1745 ἀσφαλῶς

243 1780 559 1852 βεϐηκότες,
592 1777 771 1848 θυρῶν
813 1774 969 1845 δίκην
1019 1772 1284 1844 μύσαντες
1327 1771 1426 1834 τὰς
1480 1770 1763 1841 αἰσθήσεις
1789 1810 1803 1833 ,

1903 584 2079 639 instar
2122 584 2306 639 Mariae
2362 586 2715 655 Magdalenaz,
2750 584 2898 639 circa
2931 596 3057 635 eum
3094 580 3149 634 in
3195 579 3476 635 hortulani

1900 678 2088 745 specie
2141 676 2437 745 decipitur.
2464 675 2678 729 idcirco
2717 675 2890 729 etiam
2936 670 3203 726 Dominus
3237 670 3292 724 id
3349 685 3479 740 spe-

1902 776 2061 823 ctans
2111 768 2259 837 quod
2303 768 2439 823 utile
2494 768 2587 831 sit,
2634 766 2781 837 tangi
2822 781 2882 820 se
2925 774 3084 819 cavet
3143 763 3212 818 ab
3268 779 3336 818 eo
3383 762 3479 832 qui

1902 861 2172 931 ejusmodi
2222 869 2326 923 est,
2361 860 2508 930 quod
2563 859 2795 914 necdum
2828 858 2978 913 illius
3015 855 3378 912 aestimatione
3414 871 3481 910 ac

1902 967 2069 1007 sensu
2109 952 2407 1008 ascendere
2437 952 2507 1007 ad
2544 953 2760 1007 Patrem
2800 952 3062 1021 potuerit,
3101 950 3329 1004 dicens:
3355 947 3481 1002 Noli

1902 1059 1986 1097 me
2041 1051 2257 1114 tangere
2302 1045 2344 1097 ⁸.
2388 1043 2506 1099 Scit
2546 1043 2694 1099 enim
2738 1044 2858 1098 fore
2892 1052 2954 1097 ut
2988 1040 3221 1097 laedatur
3248 1041 3481 1096 damno-

1902 1148 2011 1203 que
2043 1132 2327 1197 afﬁciatur,
2373 1134 2467 1203 qui
2506 1133 2699 1187 humili
2753 1132 2845 1187 illa
2899 1142 3170 1202 occupato
3219 1130 3481 1201 opinione

1901 1224 2160 1281 laborans
2200 1226 2267 1280 ad
2305 1241 2431 1280 eum
2478 1226 2789 1281 accesserit.

1976 1318 2064 1372 46.
2106 1316 2210 1384 Qui
2250 1316 2322 1371 ob
2368 1325 2574 1371 metum
2605 1317 2918 1372 Judaaorum
2948 1315 3003 1370 in
3037 1314 3257 1371 Galilma
3286 1312 3343 1368 in
3370 1326 3484 1367 cm-

1903 1408 2101 1462 naculo
2146 1408 2330 1478 januis
2371 1407 2572 1463 clausis
2609 1407 2803 1463 sedent
2839 1409 2880 1471 ³,
2914 1407 3022 1463 hoc
3051 1417 3158 1470 est,
3204 1406 3299 1476 qui
3331 1413 3480 1459 metu

1904 1497 2199 1567 spirituum
2247 1498 2529 1567 nequitiae,
2575 1497 2631 1551 in
2682 1496 3081 1552 revelationum
3127 1496 3372 1566 regione,
3426 1494 3482 1548 in

1906 1588 2130 1644 sublimi
2176 1587 2491 1643 divinorum
2536 1603 2825 1644 sensorum
2858 1603 2922 1643 ac
2958 1588 3480 1657 contemplationum

1905 1696 2030 1737 arce
2058 1689 2178 1735 tuto
2226 1681 2557 1747 consistunt,
2589 1682 2791 1737 clausis
2841 1683 3129 1751 januarum
3168 1695 3323 1735 more
3354 1694 3484 1733 sen-

1909 1769 2092 1833 sibus;
2117 1768 2194 1834 bi,
2229 1768 2414 1840 ignota
2443 1770 2677 1834 ratione,
2714 1768 3097 1823 advenientem
3132 1767 3227 1821 Dei
3266 1767 3486 1821 Sermo-

240 1871 678 1942 παραγινόμενον
708 1866 1026 1951 ,ἀγνώστως
1079 1865 1325 1936 δέχονται
1378 1864 1469 1916 τὸν
1524 1862 1619 1916 τοῦ
1670 1860 1805 1915 Θεοῦ

1911 1876 2031 1917 nem
2067 1861 2395 1931 suscipiunt,
2431 1862 2642 1931 absque
2697 1861 2807 1916 ulla
2843 1875 3040 1916 sensus
3069 1860 3388 1930 operatione
3424 1873 3485 1913 se

241 1964 440 2033 Λόγον,
473 1962 598 2017 ἄνευ
629 1962 727 2030 τῆς
750 1962 871 2014 κατ’
898 1958 1149 2028 αἴσθησιν
1175 1956 1450 2029 ἐνεργείας
1472 1954 1653 2017 αὐτοῖς
1684 1956 1807 2009 ἐπι-

243 2054 572 2123 φαινόμενον
594 2067 608 2082 θ
653 2048 922 2112 ἀπάθειάν
964 2064 1023 2101 τε
1064 2047 1153 2100 διά
1176 2047 1274 2118 τῆς
1310 2046 1552 2117 εἰρήνης,
1586 2045 1682 2099 καὶ¹
1716 2058 1813 2114 με-

244 2145 480 2215 ρισμοὺς
531 2142 849 2213 Πνεύματος
893 2141 1048 2209 ἁγίου
1091 2136 1180 2193 διά
1216 2139 1316 2209 τῆς
1337 2135 1813 2209 ἐμπνεύσεωςδω-

244 2234 511 2306 ρούμενον
543 2247 556 2262 ·
592 2234 687 2285 καὶ
707 2235 807 2301 τὴν
844 2229 985 2284 κατά
1018 2229 1340 2300 πνευμάτων
1378 2224 1630 2296 πονηρῶν
1660 2224 1813 2291 ἐξου-

243 2327 367 2379 σίαν
396 2325 725 2394 παρέχοντα,
762 2323 857 2376 καὶ
878 2321 1189 2375 δεικνύοντα
1227 2317 1335 2371 τῶν
1381 2313 1548 2370 αὑτοῦ
1609 2328 1814 2384 μυστη·

244 2417 380 2487 ρίων
404 2414 473 2468 τὰ
496 2414 759 2484 σύμϐολα.
974 2458 987 2471 ,

320 2505 428 2577 μζ.
461 2506 584 2569 Τοῖς
617 2505 717 2576 μὲν
743 2502 885 2556 κατά
913 2501 1090 2571 σάρκα
1110 2500 1199 2553 τὸν
1226 2497 1355 2569 περὶ⁵
1377 2496 1471 2550 τοῦ
1498 2494 1631 2551 Θεοῦ
1656 2494 1813 2564 λόγον

243 2598 565 2669 ἐρευνῶσιν,
594 2598 623 2649 ό
648 2596 851 2665 Κύριος
880 2594 978 2646 οὐκ
1002 2591 1277 2646 ἀναϐαίνει
1299 2588 1433 2660 πρὸς
1460 2588 1551 2641 τὸν
1571 2587 1810 2658 Πατέρα’

242 2692 359 2753 τοῖς
387 2689 445 2741 δέ
477 2688 616 2741 κατά
648 2686 863 2757 πνεῦμα
910 2685 998 2739 διὰ
1033 2684 1141 2737 τῶν
1180 2681 1401 2752 ὑψηλῶν
1444 2680 1813 2751 θεωρημάτων

242 2779 570 2850 ἐκζητοῦσιν
590 2779 773 2840 αὐτὸν,
808 2776 1086 2830 ἀναϐαίνει
1110 2776 1246 2846 πρὸς
1290 2774 1382 2827 τὸν
1434 2772 1674 2843 Πατέρα.
1719 2769 1812 2842 Μὴ

240 2874 425 2925 τοίνυν
455 2872 541 2925 διά
572 2870 774 2934 παντὸς
798 2870 1089 2941 κρατῶμεν
1117 2867 1288 2931 κάτω,
1326 2866 1417 2920 τὸν
1464 2865 1606 2934 ὑπὲρ
1638 2863 1813 2934 νήμῶν

243 2966 398 3019 κάτω
426 2964 515 3017 διά
542 2960 950 3034 φιλανθρωπίαν
980 2959 1267 3031 γενόμενον
1289 2974 1304 2989 ⁸
1352 2956 1467 3011 ἀλλ’
1515 2957 1628 3010 ἀνω
1677 2955 1815 3026 πρὸς

242 3059 337 3111 τὸν
371 3058 588 3128 Πατέρα
620 3058 716 3109 σὺν
744 3052 894 3125 αύτῷ
933 3051 1241 3124 γενώμεθα,
1283 3050 1383 3121 τὴν
1430 3048 1535 3119 γῆν
1589 3049 1815 3115 ἀφέντες

242 3150 343 3202 καὶ
380 3148 452 3202 τά
491 3147 617 3218 περὶ
652 3148 752 3218 τὴν
792 3147 916 3217 γῆν,
953 3144 1042 3199 ἴνα
1076 3143 1151 3214 μὴ
1180 3142 1275 3195 καὶ⁵
1304 3143 1436 3213 ἡμῖν
1468 3140 1599 3213 εἴπῃ
1622 3139 1682 3192 τὸ
1712 3140 1814 3210 ρη-

244 3239 340 3294 εέν
385 3242 498 3303 τοῖς
567 3238 839 3301 Ἰουδαίοις
887 3234 1232 3308 ἁδιορθώτοις
1262 3234 1528 3304 μείνασιν,
1577 3229 1812 3299 Ὑπάγω
1839 3222 1883 3284 C

241 3332 399 3386 ὅπου
427 3329 594 3400 ὑμεῖς
624 3332 695 3383 οὐ
742 3328 1039 3382 δύνασθαι
1071 3325 1286 3380 ἐλθεῖν.
1328 3325 1509 3395 Χωρὶς
1560 3323 1669 3393 γὰρ
1717 3321 1811 3376 τοῦ

243 3427 445 3494 Λόγου,
478 3423 613 3494 πρὸς
639 3423 727 3476 τὸν
755 3422 973 3491 Πατέρα
996 3419 1092 3472 τοῦ
1141 3419 1318 3487 Λόγου
1349 3415 1633 3485 γενέσθαι,
1670 3414 1813 3485 ἀμή-

242 3534 429 3589 χανον.

318 3616 435 3681 μη’.
478 3610 546 3662 Ἦ
572 3608 647 3679 γῆ
678 3608 787 3661 τῶν
814 3606 1097 3661 Χαλδαίων
1120 3605 1287 3670 ἐστὶν,
1312 3606 1341 3657 ὁ
1368 3599 1621 3674 ἐμπαθὴς
1650 3598 1763 3671 βίος
1794 3613 1809 3629 ο

242 3705 303 3757 ἐν
338 3697 384 3771 ᾧ
421 3703 530 3757 τῶν
570 3702 979 3772 ἁμαρτημάτων
1011 3699 1417 3770 δημιουργεῖται
1448 3694 1544 3748 καὶ
1569 3708 1813 3761 προσκυ-

241 3799 417 3848 νεῖται
446 3796 514 3848 τὰ
536 3795 748 3847 εἴδωλα.
784 3793 846 3845 Ἦ
884 3792 941 3845 δέ
987 3793 1141 3861 Μέση
1180 3790 1290 3843 τῶν
1336 3788 1596 3858 ποταμῶν
1643 3788 1811 3849 ἐστιν,

239 3888 270 3939 ὁ
298 3884 751 3956 ἐπαμφοτερίζων
772 3887 886 3949 τοῖς
913 3884 1173 3946 ἐναντίοις
1196 3882 1410 3953 τρόπος.
1449 3880 1515 3933 Ἠ
1538 3879 1595 3934 δὲ
1618 3878 1691 3949 γῆ
1714 3875 1826 3946 τῆς⁴

241 3978 579 4047 ἐπαγγελίας
632 3977 801 4043 ἐστὶν,
852 3978 886 4046 ἢ
942 3974 1137 4038 παντὸς
1169 3972 1375 4042 ἀγαθοῦ
1408 3968 1816 4043 πεπληρωμένη

244 4072 606 4133 κατάστασις.
640 4071 755 4133 Πᾶς
803 4066 897 4123 οῦν
949 4071 977 4123 ὁ
1019 4068 1221 4139 ταύτης
1267 4065 1407 4120 κατά
1458 4064 1550 4119 τὸν
1592 4062 1817 4117 παλαιὸν

258 4159 478 4232 Ἰσραὴλ
515 4160 732 4231 ἀμελῶν
773 4161 873 4232 τῆς
913 4159 1079 4224 ἕξεως
1136 4158 1268 4230 (19),
1296 4157 1429 4227 πρὸς
1450 4154 1693 4208 δουλείαν
1712 4153 1817 4207 πά-

242 4253 330 4309 λιν
371 4251 740 4321 κατασύρεται
795 4251 1004 4315 παθῶν,
1055 4249 1154 4320 τῆς
1206 4248 1452 4317 δοθείσης
1507 4245 1820 4317 ἐλευθερίας

247 4346 442 4418 στερού
453 4363 631 4415 μενος.

322 4440 432 4511 μθ’.
466 4439 827 4511 Σημειωτέον,
855 4439 931 4503 ῶς
963 4436 1135 4500 οὐδεὶς
1170 4435 1279 4490 τῶν
1335 4434 1507 4502 ἁγίων
1556 4433 1821 4498 ἑκουσίως

1908 1954 2019 2009 illis
2086 1953 2443 2023 conspicuum
2491 1954 2838 2019 reddentem,
2887 1951 3150 2021 pacisque
3212 1949 3483 2005 acclama-

1908 2046 2059 2102 tione
2097 2045 2303 2101 sedatis
2325 2046 2614 2101 ali‘ectibus
2639 2044 3210 2116 imperturbationem,
3270 2056 3484 2098 necnon

1908 2138 2297 2203 insuﬂlatione,
2335 2138 2575 2208 Spiritus
2612 2138 2785 2193 sancti
2818 2136 3243 2193 distributiones
3268 2135 3483 2190 donan—

1908 2237 2059 2294 tem,
2121 2228 2496 2298 adversusque
2558 2227 2788 2297 spiritus
2854 2240 3090 2297 nequam
3151 2232 3483 2296 potestatem

1908 2320 2265 2390 praebentem,
2301 2335 2366 2376 ac
2396 2320 2786 2392 mysteriorum
2821 2330 3050 2374 suorum
3093 2316 3339 2389 symbola
3385 2329 3486 2370 ex-

1910 2414 2217 2469 hibentem.
2848 2398 2849 2403 “

1978 2502 2068 2560 47.
2108 2505 2213 2572 Qui
2249 2503 2461 2560 carnali
2497 2504 2734 2563 ratione.
2762 2520 2884 2573 quae
2907 2503 2974 2558 de
3002 2504 3115 2557 Deo
3144 2508 3250 2567 est,
3281 2500 3488 2557 doctri-

1908 2611 2039 2650 nam
2096 2604 2434 2659 scrutantur,
2491 2593 2579 2649 bis
2635 2594 2901 2647 Dominus
2964 2592 3032 2647 ad
3106 2592 3323 2647 Patrem
3372 2605 3485 2645 non

1910 2688 2190 2752 ascendit;
2224 2688 2292 2743 iis
2314 2702 2447 2742 vero
2473 2687 2568 2757 qui
2592 2686 2825 2757 spiritali
2857 2686 3069 2740 ratione
3100 2701 3201 2755 per
3227 2682 3488 2738 sublimia

1910 2794 2072 2835 sensa
2120 2779 2299 2850 ipsum
2349 2778 2667 2848 exquirunt,
2729 2777 2798 2832 ad
2837 2779 3055 2833 Patrem
3083 2776 3353 2832 ascendit.
3388 2775 3491 2830 Ca—

1910 2885 2136 2926 veamus
2192 2885 2323 2942 ergo
2373 2884 2444 2924 ne
2500 2884 2721 2939 semper
2765 2868 2821 2923 in
2877 2876 3023 2924 terra
3072 2868 3236 2938 inque
3286 2866 3489 2922 inlimis

1910 2978 2039 3019 eum
2087 2970 2392 3025 teneamus,
2428 2961 2522 3031 qui
2565 2969 2794 3030 propter
2830 2975 2931 3015 nos
2955 2959 3215 3014 clementi
3244 2958 3489 3013 bonitate

1911 3053 1971 3108 in
2013 3062 2219 3108 terram
2251 3051 2575 3117 descendit;
2639 3051 2735 3106 sed
2785 3066 3005 3105 sursum
3039 3050 3107 3104 ad
3141 3049 3357 3105 Patrem
3410 3048 3490 3105 illi

1912 3155 2143 3202 comites
2173 3145 2361 3201 relicta
2402 3143 2569 3215 496
2599 3152 2748 3199 terra
2796 3158 2860 3199 ac
2890 3158 3012 3213 qua:
3055 3151 3277 3197 terrena
3334 3150 3485 3206 sunt,

1911 3236 2293 3299 ascendamus,
2334 3251 2403 3291 ne
2446 3234 2608 3289 nobis
2658 3234 2889 3304 perinde
2953 3250 3017 3288 ac
3071 3233 3295 3299 Judazis,
3362 3249 3489 3291 cum

1910 3328 2052 3383 nihil
2095 3327 2372 3383 emendati
2411 3335 2618 3392 essent,
2663 3327 2851 3382 dicat:
2898 3326 3062 3392 Vada,
3103 3343 3205 3396 quo
3235 3342 3323 3380 vos
3384 3340 3491 3381 non

1912 3421 2127 3493 potestis
2188 3421 2367 3474 venire
2413 3419 2455 3474 ⁸.
2510 3419 2624 3475 Nisi
2673 3421 2822 3475 enim
2877 3420 3164 3475 Sermonis
3230 3435 3355 3490 ope,
3421 3420 3492 3476 ad

1913 3512 2193 3569 Sermonis
2237 3512 2456 3567 Patrem
2502 3512 2691 3567 venire
2741 3512 2968 3566 minime
3025 3526 3349 3565 concessum
3383 3519 3488 3566 est.

1981 3605 2071 3661 48.
2110 3604 2496 3661 Chaldaeorum
2533 3611 2703 3669 terra,
2743 3604 2854 3659 vita
2889 3612 2974 3660 est
3019 3602 3171 3657 vitiis
3203 3600 3389 3657 dedita
3437 3610 3495 3657 et

1913 3702 2226 3767 libidinosa,
2271 3702 2329 3755 in
2376 3715 2486 3772 qua
2539 3700 2885 3755 fabricantur
2929 3710 2985 3756 et
3029 3700 3329 3755 adorantur
3366 3713 3495 3768 peo—

1914 3806 2162 3850 catorum
2207 3794 2373 3848 idola.
2426 3792 2818 3863 Mes0potamia
2873 3803 3080 3857 autem,
3139 3806 3322 3846 mores
3366 3799 3494 3845 sunt

1914 3887 2204 3943 contrariis
2232 3886 2537 3942 commistis
2562 3886 2851 3955 ancipites.
2890 3884 3063 3939 Terra
3090 3884 3333 3953 denique
3360 3899 3495 3953 pro-

1914 3984 2101 4048 missa,
2153 3990 2329 4038 status
2370 3982 2534 4037 bonis
2577 3982 2837 4036 omnibus
2887 3981 3187 4035 confertus.
3232 3979 3493 4049 Quisquis

1915 4090 2047 4146 ergo
2068 4090 2222 4130 more
2248 4074 2451 4130 veteris
2490 4075 2710 4129 lsraelis
2736 4072 3219 4177 bunccefbabitum
3244 4073 3493 4144 negligit,

1917 4168 1973 4222 in
2006 4168 2266 4223 vitiorum
2306 4183 2501 4223 rursus
2545 4182 2609 4222 ac
2648 4165 3129 4238 perturbationum
3171 4166 3495 4219 servitutem

1918 4258 2176 4324 trahitur,
2218 4258 2442 4327 amissa,
2481 4274 2645 4330 quam
2696 4257 3008 4312 libertatem
3053 4256 3235 4311 fuerat
3299 4270 3494 4311 conse-

1917 4360 2102 4407 ουιυε.

1910 4481 1917 4488 -
1988 4444 2077 4499 49.
2111 4442 2525 4500 Observandum
2551 4451 2655 4507 est,
2692 4456 2802 4496 non
2836 4438 3015 4495 videri
3047 4446 3364 4495 sanctorum
3394 4438 3494 4493 ali-

245 4533 495 4603 φαίνεται
518 4532 794 4586 κατελθὼν
814 4536 894 4595 είς
920 4532 1019 4601 τὴν
1042 4528 1403 4583 Βαϐυλωνίαν.
1424 4528 1497 4582 Οὐ
1518 4528 1625 4599 γὰρ
1641 4526 1817 4597 θέμις,

1920 4553 2084 4607 quem
2140 4536 2321 4607 ipsum
2367 4544 2563 4607 sponte
2616 4535 2674 4589 in
2732 4533 3065 4606 Babylonem
3122 4531 3494 4587 descendisse.

242 4623 370 4677 οὕτε
394 4621 659 4686 συνέσεώς
690 4624 803 4676 ἐστι
825 4622 1089 4693 λογικῆς,
1129 4620 1237 4673 τῶν
1274 4619 1495 4688 ἀγαθῶν
1542 4617 1817 4689 ἀνθαιρεῖέ-

1922 4629 2111 4699 Neque
2155 4628 2301 4682 enim
2341 4627 2423 4683 fas
2459 4635 2564 4693 est,
2623 4642 2723 4681 eve
2788 4626 3021 4681 rationis
3054 4624 3371 4695 prudentia,
3438 4635 3500 4679 ut

249 4716 375 4769 σθαι
406 4716 476 4769 τὰ
514 4716 752 4785 χείρονα,
787 4716 912 4780 τοὺς
948 4716 1038 4769 τὸν
1069 4714 1201 4769 Θεὸν
1250 4714 1596 4781 ἀγαπῶντας.
1651 4713 1713 4765 Ei
1760 4711 1817 4764 δέ

242 4825 390 4871 τινες
416 4808 598 4861 αὐτῶν
622 4808 766 4862 κατὰ
793 4809 914 4878 βίαν
952 4810 1069 4861 ἐκεῖ
1110 4808 1187 4879 τῷ
1220 4806 1334 4878 λαῷ
1369 4806 1813 4877 συναπήχθησαν,

244 4898 475 4969 νοοῦμεν
526 4898 613 4953 διὰ
662 4899 865 4955 τούτων
918 4900 1043 4963 τοὺς
1096 4900 1170 4971 μὴ
1204 4899 1645 4969 προηγουμένως,
1678 4898 1816 4952 ἀλλά

245 4992 390 5045 κατά
419 4994 733 5065 περίστασιν
767 4992 860 5064 (ε),
898 4992 1171 5063 σωτηρίας
1212 4992 1398 5045 ’ἑνεκεν
1434 4989 1544 5044 τῶν
1586 4989 1817 5063 χρῃζόν-

337 5147 532 5203 ’Joan.
563 5164 653 5215 xx,
697 5148 783 5202 i7.
859 5148 880 5179 ³
913 5147 1047 5203 ibid.
1079 5144 1168 5203 i9.
1244 5146 1268 5177 ⁸
1290 5146 1448 5201 Joan.
1473 5162 1587 5212 vm,
1623 5142 1713 5201 Si.

322 5281 398 5352 (τί)
433 5280 592 5335 Κατά
616 5299 648 5334 τ
657 5280 732 5348 ἦν
760 5280 1114 5352 Γαλιλαίαν.
1136 5278 1299 5334 Gesta
1340 5278 1457 5333 haec
1504 5276 1819 5351 Hierosoly-

243 5350 387 5415 mis,
414 5353 527 5420 ipsa
557 5351 996 5406 Resurrectionis
1022 5350 1230 5420 die,et
1256 5358 1380 5418 post
1410 5364 1529 5401 eam
1578 5350 1773 5403 octava
1800 5389 1816 5415 ,

244 5441 353 5477 nec
370 5419 497 5475 ante
526 5422 755 5492 apostoli
777 5422 1035 5475 videntur
1058 5422 1114 5475 in
1136 5419 1409 5492 Galilmam
1431 5420 1771 5492 concessisse
1801 5461 1816 5481 ,

243 5493 394 5563 quod
422 5489 656 5556 Marcus,
683 5494 839 5562 cujus
876 5500 969 5563 est
1022 5491 1168 5546 istud
1199 5496 1384 5563 caput,
1436 5489 1585 5563 illius
1620 5507 1813 5563 νηπτι-

245 5560 385 5626 id»,
418 5564 503 5625 i7,
536 5579 646 5617 non
675 5560 809 5617 satis
835 5562 1051 5615 videtur
1083 5560 1421 5615 attendisse:
1470 5560 1586 5613 sive
1635 5560 1815 5615 noluit

248 5634 521 5687 Maximus
536 5634 856 5694 emendare,
889 5632 1004 5685 sive
1032 5632 1111 5685 illi
1141 5631 1332 5685 arrisit
1354 5629 1515 5683 Marci
1534 5630 1816 5699 allegoria,

248 5719 376 5772 qua:
414 5712 595 5758 tamen
626 5705 725 5759 niti
758 5704 951 5758 debuit
980 5703 1094 5771 ipsa
1121 5701 1199 5754 rei
1237 5709 1401 5772 εοεαε
1451 5700 1703 5772 veritate.
1753 5713 1817 5757 ut

140 5798 149 5807 κ
248 5770 396 5827 esset
420 5775 669 5842 probata.
696 5774 768 5825 Τὸ
789 5776 846 5825 ἐν
876 5770 1221 5840 τῷύπερῲῳ.
1246 5770 1392 5839 quod
1420 5770 1602 5823 reddit
1631 5771 1813 5837 Picus,

249 5844 305 5897 in
326 5844 586 5911 tabulato,
613 5845 839 5900 minime
864 5843 1061 5913 placet.
1080 5842 1359 5898 Cmnaculi
1384 5856 1507 5909 vox,
1529 5842 1644 5911 ipsa
1668 5851 1811 5911 apta,

1923 4722 2018 4791 qui
2067 4723 2239 4776 Deum
2286 4720 2542 4791 diligunt,
2601 4718 2763 4775 bonis
2814 4719 3166 4790 posthabitis,
3212 4734 3333 4789 quae
3373 4726 3500 4772 sunt

1921 4812 2197 4868 deteriora
2238 4813 2341 4883 ipsi
2384 4812 2644 4884 deligant.
2693 4811 2789 4867 Sin
2836 4821 3021 4867 autem
3069 4827 3263 4867 eorum
3306 4811 3496 4880 aliqui,

1922 4917 2031 4956 una
2061 4918 2184 4957 cum
2213 4902 2416 4973 populo
2444 4903 2497 4957 vi
2537 4903 2631 4957 illo
2673 4902 2853 4957 abacti
2892 4909 3022 4957 sunt
3057 4911 3221 4971 atque
3254 4899 3496 4965 abducti,

1920 4991 2119 5047 horum
2159 4991 2332 5065 ﬁgura
2362 4993 2486 5050 illos
2515 4993 2905 5064 intelligamus,
2935 4991 3030 5065 qui
3062 5008 3175 5048 non
3202 4991 3307 5063 ipsi
3333 4992 3500 5047 desti-

1919 5288 2267 5351 sacroqueet
2297 5278 2529 5351 profano
2552 5295 2653 5335 usu
2682 5290 2937 5351 recepta;
2967 5280 3063 5335 sed
3089 5281 3236 5351 quod
3262 5296 3497 5351 sequens

1920 5350 2070 5405 tibus
2098 5348 2286 5421 reddit
2314 5367 2325 5402 :
2352 5348 2501 5414 Quod
2529 5366 2621 5420 per
2663 5348 3122 5421 tranquillitatem
3146 5362 3193 5405 et
3239 5348 3492 5405 distribu-

1920 5422 2113 5473 tionem
2146 5419 2373 5489 Spiritus
2413 5419 2585 5491 sancti
2626 5419 2895 5491 iniu/ﬂans
2924 5422 3125 5491 confert
3165 5422 3496 5491 aﬁ'ectionum

1912 5492 2231 5544 vacuitatem
2256 5506 2272 5544 :
2298 5491 2484 5544 nescio
2500 5490 2585 5544 cui
2608 5490 2771 5544 bilem
2793 5508 2902 5546 non
2926 5490 3160 5546 moveat.
3184 5490 3286 5547 Per
3308 5507 3495 5560 pacem

1915 5570 1972 5615 et
1992 5561 2416 5616 insuillationem
2452 5561 2656 5631 (dando
2677 5561 2890 5615 scilicet
2912 5577 3102 5631 pacem
3124 5571 3181 5615 et
3214 5562 3496 5616 insumun-

1917 5632 2010 5699 do)
2040 5634 2157 5686 haec
2188 5631 2421 5701 Domino
2471 5632 2750 5699 praestita;
2789 5632 2916 5686 data
2969 5632 3341 5701 tranquillitas
3394 5646 3493 5686 seu

1917 5702 2362 5772 imperturbatio,
2392 5699 2534 5754 data:
2558 5702 2796 5772 Spiritus
2825 5704 2997 5758 sancti
3026 5699 3445 5758 distributiones
3472 5718 3493 5771 ;

1918 5770 2026 5827 non
2061 5787 2158 5841 per
2185 5772 2301 5825 haec
2332 5770 2547 5841 dicatur
2579 5771 2906 5827 insuiilasse.
3396 5838 3413 5841 Α
3464 5790 3469 5797 ·

1992 5838 2076 5914 (εἴ
2104 5842 2277 5897 Ἀλλὰ
2302 5839 2453 5895 κατὰ
2485 5843 2867 5910 περίστασιν.
2892 5845 3082 5916 Mam,
3110 5860 3231 5921 cap.
3268 5842 3354 5903 19.
3382 5838 3499 5914 0p-
