4064 6432
220 362 356 429 1149

1019 365 1350 448 CAPITUM
1384 365 1655 429 THEOL.
1694 366 1790 427 ET
1827 366 2063 429 GECON.
2104 366 2491 428 CENTURIA
2528 366 2614 427 II.

3306 363 3446 428 1150

216 478 600 555 προσηκούσης
626 480 853 551 ἐρεύνης
905 480 1195 552 ἐπερωτῶν
1214 483 1341 553 περὶ⁵
1368 483 1476 535 τῶν
1515 483 1780 554 ποιητέων
1809 535 1810 540 η

1883 481 2081 543 fuerat,
2108 498 2217 552 qua
2239 497 2336 552 par
2358 490 2443 535 est
2463 478 2746 550 diligentia
2791 493 2855 533 ac
2909 476 3189 533 scrutandi
3248 477 3420 531 seduli
3438 506 3451 519 ο

216 570 313 625 καὶ
360 570 421 622 ού
474 568 743 639 ποιητέων
776 568 1065 635 παύσαιτο,
1106 574 1217 635 τοῖς
1243 572 1439 626 πάθεσι
1471 574 1686 636 πάντως
1727 573 1784 636 ἐξ

216 659 444 729 ἀγνοίας
494 659 776 713 ἁλίσκεται
805 675 819 690 ·
878 659 947 712 δι’
1004 653 1080 713 ὧν
1123 661 1267 716 κατὰ
1311 662 1477 734 μέρος
1511 663 1606 717 τοῦ
1649 664 1785 717 Θεοῦ

215 751 605 823 χωριζόμενος,
636 753 695 805 ἐν
721 754 840 814 ταῖς
859 752 1132 816 ἀκουσίοις
1155 755 1506 823 περιστάσεσι
1539 773 1787 826 προσχω-

217 844 305 915 ρεῖ
329 845 440 904 τοῖς
494 842 733 912 δαίμοσι,
774 842 872 912 τὴν
904 844 1109 897 κοιλίαν
1136 844 1393 899 θεοποιῶν
1418 862 1432 876 ·
1466 846 1674 900 ἐκεῖθεν
1699 847 1788 899 εύ-

217 936 407 1007 ρέσθαι
436 934 605 988 θέλων
639 934 747 988 τῶν
773 933 1064 998 πιεζόντων
1093 935 1453 1007 παράκλησιν.
1505 936 1613 988 Καὶ
1664 953 1785 988 πειο

215 1027 360 1081 θέτω
387 1045 447 1080 σε
478 1026 669 1091 Σαοὺλ,
699 1030 755 1081 ἐν
784 1030 916 1082 πᾶσι
943 1028 1242 1098 σύμϐουλον
1273 1030 1347 1099 μὴ
1381 1029 1668 1100 λαμϐάνων
1696 1031 1785 1083 τὸν

215 1118 493 1188 Σαμουὴλ,
525 1117 584 1182 ἐξ
614 1120 855 1188 ἀνάγκης
880 1118 1014 1190 πρὸς
1043 1118 1456 1188 είδωλολατρίαν
1487 1128 1783 1189 μεταστρεὸ

215 1209 475 1277 (ρόμενος,
507 1210 600 1262 καὶ
628 1210 727 1279 τὴν
769 1209 1239 1282 Ἑγγαστρίμυθον
1267 1212 1342 1276 ὡς
1384 1212 1448 1283 δή
1497 1229 1623 1267 τινα
1655 1212 1786 1267 Θεὸν

215 1300 503 1372 ἐπερωτᾷν
534 1302 877 1373 ἀνεχόμενος.

286 1482 398 1541 νς.
460 1476 519 1530 '0
547 1476 636 1530 τὸν
660 1476 825 1547 ἄρτον
847 1476 1138 1549 εὐχόμενος
1156 1476 1343 1530 λαϐεῖν
1370 1475 1463 1529 τὸν
1490 1475 1783 1541 ἐπιούσιον,

215 1568 276 1620 ού
312 1570 530 1633 πάντως
563 1568 682 1623 ὅλον
710 1569 930 1640 δέχεται
964 1569 1146 1633 καθὼς
1176 1569 1339 1631 αὐτὸς
1369 1570 1396 1621 6
1425 1567 1587 1636 ἄρτος
1618 1567 1783 1620 ἐστίν·

215 1661 357 1717 ἀλλά
417 1663 597 1727 καθὼς
647 1663 808 1727 αὐτὸς
854 1665 882 1717 6
922 1663 1207 1734 δεχόμενος
1233 1661 1480 1717 δύναται.
1524 1663 1664 1714 Πᾶσι
1687 1660 1786 1730 μὲν

1886 580 2016 632 tate.
2050 572 2117 626 de
2145 571 2373 641 agendis
2398 580 2454 624 et
2474 586 2589 653 non
2617 569 2842 639 agendis
2874 567 3182 637 percontari
3203 566 3447 631 desierit,

1884 661 2109 717 omnino
2131 678 2197 717 ex
2223 660 2526 731 ignorantia
2556 659 2749 715 iisdem
2773 658 3047 714 obnoxius
3107 658 3200 723 ﬁt;
3249 658 3453 727 quibus

1884 769 1916 808 a
1945 754 2053 808 Deo
2072 752 2335 823 paulatim
2372 751 2655 815 recedens,
2683 750 2932 805 adversis
2982 750 3201 804 casibus
3248 748 3452 817 quibus

1887 841 2091 897 invitus
2154 841 2521 905 examinatur,
2569 840 2637 894 ad
2703 840 2980 895 dzemoncs
3046 838 3290 904 accedit;
3356 838 3451 906 qui

1885 933 2054 988 Deum
2105 942 2354 988 ventrem
2388 932 2558 987 faciat
2586 932 2650 995 ι’,
2681 932 2917 1000 indeque
2972 947 3001 984 a
3034 930 3213 995 malis,
3249 930 3452 999 quibus

1884 1024 2174 1094 premitur,
2198 1025 2446 1080 levamen
2480 1040 2544 1079 ac
2579 1022 2833 1079 solatium
2866 1032 3096 1092 quaerat.
3154 1022 3451 1089 Fidemqne

1885 1115 2047 1169 faciat
2069 1115 2220 1181 Saul,
2259 1116 2465 1171 idcirco
2489 1113 2634 1184 quod
2662 1130 2772 1168 non
2806 1114 2863 1167 in
2890 1113 3148 1167 omnibus
3172 1111 3452 1167 consuluit

1885 1205 2213 1272 Samuelem,
2245 1206 2555 1261 necessario
2576 1204 2642 1259 ad
2670 1204 2939 1259 idolorum
2967 1202 3290 1258 servitutem
3320 1218 3453 1255 con-

1883 1313 2094 1361 versus,
2132 1314 2196 1352 ac
2224 1298 2319 1368 qui
2352 1296 2754 1365 ventriloquam
2780 1310 2882 1349 ceu
2919 1309 3125 1347 numen
3177 1293 3450 1363 quoddam

1884 1406 1948 1445 ac
1967 1389 2253 1444 oraculum
2292 1388 2581 1445 consulere
2617 1402 2726 1440 non
2755 1385 3010 1440 abnuerit
3033 1385 3095 1437 ⁸³.

1953 1482 2040 1536 56.
2081 1481 2182 1548 Qui
2209 1498 2403 1551 panem
2435 1479 2819 1550 quotidianum
2852 1486 3008 1547 rogat
3038 1477 3307 1547 accipere,
3338 1493 3449 1531 non

1884 1570 2108 1625 omnino
2143 1579 2316 1624 totum
2341 1568 2560 1638 accipit,
2597 1574 2835 1636 quantus
2860 1564 2974 1633 ipse
3008 1563 3166 1633 panis
3198 1570 3300 1627 est,
3353 1562 3449 1616 sed

1884 1662 2061 1732 quoad
2105 1661 2394 1731 accipienti
2451 1676 2551 1730 per
2591 1658 2906 1713 facultatem
2951 1656 3101 1710 licet.
3144 1655 3279 1708 Nam
3334 1654 3450 1723 ipse

216 1757 326 1825 γὰρ
368 1756 559 1810 ἑαυτὸν
594 1756 778 1811 δίδωσι
812 1759 923 1822 τοῖς
960 1755 1169 1811 αἰτοῦσι
1189 1757 1218 1809 6
1242 1755 1342 1825 τῆς
1364 1756 1507 1825 ζωῆς
1529 1754 1687 1825 ἄρτος
1710 1752 1785 1815 ὡς

1886 1752 2104 1820 quidem
2127 1751 2283 1822 panis
2310 1751 2434 1806 vitm
2459 1750 2522 1815 “,
2550 1764 2818 1819 propensa
2867 1746 3115 1802 bonitate
3163 1762 3282 1809 sua,
3318 1761 3453 1800 cun-

217 1814 409 1915 (ριλάνθ
418 1865 617 1918 ρωπος,
645 1848 707 1901 ού
736 1850 877 1903 κατά
903 1814 971 1902 τὸ
998 1848 1128 1902 αὐτὸ
1152 1848 1208 1902 δὲ
1247 1814 1411 1900 πάσινν
1438 1814 1630 1899 ’.ἀλλά
1672 1814 1785 1907 τοῖς

1883 1842 1986 1896 ctis
2044 1858 2101 1897 se
2159 1840 2496 1911 petentibus,
2530 1840 2632 1895 etsi
2675 1855 2785 1894 non
2839 1838 3031 1893 eadem
3082 1836 3335 1891 omnibus
3366 1852 3452 1890 ra—

217 1938 321 2007 μέν
353 1938 563 2009 μεγάλα
586 1939 930 2010 δικαιοσύνης
961 1938 1097 2011 ἔργα
1127 1938 1471 2010 πεποιηκόσι,
1500 1936 1774 1999 πλειόνως·

213 2031 328 2093 τοῖς
374 2030 434 2082 δέ
460 2028 665 2083 τούτων
695 2031 937 2101 ἥττοσιν,
973 2030 1212 2099 ἡττόνως
1232 2045 1249 2061 ο
1278 2028 1494 2099 ἑκάστῳ
1534 2025 1714 2090 καθὼς
1748 2026 1781 2097 ἡ

212 2121 360 2174 κατά
379 2120 503 2175 νοῦν
542 2122 667 2188 ἀξία
699 2122 956 2189 δέξασθαι
979 2120 1220 2175 δύναται.

282 2392 384 2457 νζν.
433 2390 492 2444 '0
529 2389 733 2462 Κύριος
768 2389 899 2443 ποτέ
934 2388 1034 2460 μέν
1063 2388 1353 2459 ἀποδημεῖ,
1383 2386 1514 2441 ποτέ
1536 2385 1593 2440 δέ
1624 2385 1781 2456 ένδηο

210 2486 329 2554 μεῖ.
373 2482 686 2553 Ἀποδημεῖ,
714 2481 856 2534 κατὰ
886 2479 983 2552 τὴν
1007 2480 1296 2553 πρόσωπον
1324 2479 1461 2549 πρὸς
1493 2477 1781 2550 πρόσωπον

209 2574 447 2644 θεωρίαν
473 2591 485 2603 ·
519 2574 759 2645 ἐνδημεῖ,
792 2572 932 2627 κατά
956 2572 1055 2643 τὴν
1106 2574 1164 2627 ἐν
1209 2573 1455 2645 ἐσόπτρῳ
1500 2571 1593 2625 καὶ
1638 2569 1780 2624 αίνί-

208 2686 385 2740 γμασι
413 2669 667 2741 θεωρίαν.

279 2849 383 2920 νη’.
421 2850 511 2922 Τῷ
538 2850 638 2921 μὲν
673 2852 986 2923 πρακτικῷ,
1028 2852 1248 2922 ἐνδημεῖ
1293 2849 1382 2904 διὰ
1427 2847 1534 2902 τῶν
1568 2846 1780 2918 ἀρετῶν

205 2940 240 2993 ὁ
269 2939 474 3010 Κύριος
499 2958 514 2973 ·
545 2941 639 2996 τοῦ
668 2942 725 2996 δέ
763 2945 969 3014 μηδένα
996 2944 1152 3013 λόγον
1179 2940 1500 3012 ποιουμένου
1524 2939 1623 3009 τῆς
1653 2938 1781 3009 ἀρε-

203 3032 332 3102 τῆς,
358 3034 651 3105 ἀποδημεῖ.
678 3036 787 3090 Καὶ
813 3037 997 3102 πάλιν,
1047 3036 1125 3107 τῷ
1177 3036 1275 3106 μὲν
1306 3028 1643 3103 θεωρητικῷ,
1691 3030 1780 3084 διά

204 3128 465 3195 γνώσεως
488 3128 595 3180 τῶν
619 3129 788 3184 όντων
814 3128 1047 3201 ἀληθοῦς
1077 3128 1299 3198 ἐνδημεῖ
1320 3141 1337 3159 υ
1359 3122 1453 3178 τοῦ
1488 3121 1545 3175 δέ
1580 3118 1780 3193 ταύτης
1805 3144 1847 3201 C

203 3219 354 3274 κατά
375 3236 431 3272 τι
448 3221 910 3291 παρασφαλέντος,
929 3221 1221 3291 ἀποδημεῖ.

277 3392 384 3449 νϐ’.
423 3394 720 3465 Ἀποδημεῖ
744 3394 964 3468 σαρκὸς,
996 3395 1025 3448 6
1050 3393 1187 3466 πρὸς
1214 3394 1312 3466 τὴν
1341 3395 1644 3469 γνωστικὴν
1666 3395 1782 3461 ἐξιν

206 3486 459 3558 μεταϐὰς
517 3487 624 3541 ἀπὸ
673 3488 772 3550 τῆς
818 3487 1126 3558 πρακτικῆς
1156 3504 1170 3518 ο
1205 3488 1581 3560 ἁρπαζόμενος
1614 3489 1691 3553 ὡς
1723 3491 1782 3543 ἐν

203 3576 486 3645 νεφέλαις,
517 3580 629 3641 τοῖς
649 3577 1000 3649 ὑψηλοτέροις
1024 3579 1311 3649 νοήμασιν,
1337 3581 1413 3642 είς
1437 3580 1528 3632 τὸν
1548 3580 1781 3651 διαφανῆ

202 3670 313 3739 τῆς
350 3671 616 3739 μυστικῆς
652 3669 887 3739 θεωρίας
924 3670 1063 3739 ἀέρα
1096 3686 1109 3699 ⁸
1164 3669 1285 3723 καθ’
1334 3668 1393 3722 ὃν
1446 3670 1542 3723 σὺν
1593 3670 1783 3741 Κυρίῳ

202 3755 357 3813 εῖναι
416 3758 703 3829 δυνήσεται
748 3760 1000 3814 πάντοτε.
1041 3760 1301 3829 Ἐκδημεῖ
1330 3760 1385 3813 δὲ
1407 3760 1516 3813 ἀπὸ
1545 3758 1639 3813 τοῦ
1670 3762 1782 3813 Κυο

205 3852 360 3924 ρίου,
391 3851 420 3903 6
453 3851 620 3921 μήπω
648 3850 772 3921 δίχα
800 3850 907 3904 τῶν
939 3851 1060 3904 κατ’
1084 3850 1338 3920 αἴσθησιν
1368 3851 1653 3920 ἐνεργειῶν
1678 3869 1781 3924 κατ

205 3920 369 4012 θαρῷ
400 3940 481 3994 νοῒ
513 3920 786 4012 θεωρῆσαι
820 3940 960 3994 κατά
989 3941 1048 3994 τὸ
1076 3941 1293 4012 ἐφικτὸν
1320 3942 1389 3994 τά
1423 3942 1667 4012 νοήματα
1693 3920 1783 3995 δυίι

205 4033 471 4102 νάμενος,
505 4034 598 4086 καὶ
624 4033 714 4086 τὸν
738 4034 864 4104 περὶ
892 4033 986 4086 τοῦ
1017 4034 1222 4105 Κυρίου
1249 4032 1406 4104 λόγον
1434 4034 1640 4087 ἁπλοῦν
1676 4053 1785 4106 χω-

208 4119 303 4191 ρὶς
326 4121 660 4205 αἰνιγμάτων
692 4121 765 4191 μὴ
800 4121 1013 4192 χωρῶν.

283 4292 347 4357 ξ’.
395 4292 453 4346 Ὅ
479 4292 573 4347 τοῦ
600 4294 736 4347 θεοῦ
756 4296 927 4365 Λόγος
966 4296 1051 4366 (ι’),
1085 4294 1144 4348 ού
1180 4295 1341 4365 μόνον
1370 4294 1561 4350 καθότι
1586 4296 1785 4366 σεσάρ-

207 4402 387 4440 κωται
414 4384 628 4453 λέγεται
663 4386 798 4459 σάρξ
816 4403 832 4419 ο
867 4387 1004 4441 ἀλλά
1024 4386 1211 4441 καθότι
1237 4387 1368 4450 Θεὸς
1396 4385 1566 4453 Λόγος
1600 4386 1785 4449 ἁπλῶς

1884 1932 2032 1988 tione
2066 1933 2291 2002 parique
2314 1932 2697 1988 distributione
2721 1930 2958 2001 prtebet;
2996 1928 3113 1993 sed,
3171 1928 3279 1982 illis
3322 1926 3449 1995 qui-

1882 2023 2007 2078 dem
2057 2023 2308 2089 abunde,
2366 2023 2460 2094 qui
2517 2038 2712 2093 magna
2763 2019 3171 2092 designaverint
3220 2018 3451 2089 justitiae

1880 2131 2079 2185 opera;
2128 2116 2215 2170 his
2269 2124 2449 2170 autem
2482 2115 2575 2184 qui
2614 2114 2857 2168 minores
2901 2111 3234 2173 exstiterint,
3286 2108 3449 2179 paulo

1880 2207 2120 2277 parcius,
2152 2206 2350 2277 cuique
2384 2207 2615 2271 scilicet,
2640 2214 2903 2275 quantum
2930 2221 3026 2276 pro
3055 2201 3222 2258 animi
3272 2200 3451 2271 digni-

1884 2308 1992 2356 tate
2020 2308 2184 2368 atque
2216 2299 2416 2354 merito
2449 2305 2627 2368 potest
2649 2313 2865 2373 capere.

1952 2392 2038 2445 57.
2068 2392 2349 2455 Dominus,
2373 2390 2570 2460 partim
2592 2388 2815 2459 quidem
2843 2387 3066 2451 absens,
3093 2384 3289 2455 partim
3312 2398 3451 2452 prm—

1880 2497 2007 2537 sens
2043 2493 2150 2536 est.
2210 2480 2423 2536 Absens
2443 2488 2550 2543 est,
2594 2478 2739 2548 quod
2772 2477 2837 2532 ad
2881 2492 2998 2531 eam
3034 2475 3295 2529 visionem
3325 2470 3451 2526 atti-

1878 2581 1995 2637 net,
2016 2589 2138 2643 quze
2166 2582 2249 2628 est
2270 2573 2401 2627 facit
2423 2574 2489 2627 ad
2505 2570 2670 2642 498
2692 2569 2918 2634 faciem;
2940 2578 3024 2621 est
3046 2565 3447 2635 vero'prmsens,

1879 2672 2144 2733 quantum
2169 2662 2233 2716 ad
2261 2678 2381 2716 eam
2405 2658 2916 2730 contemplationem
2932 2656 3121 2726 quain
3142 2652 3364 2725 speculo
3387 2667 3451 2707 ac

1877 2754 2163 2824 tenigmate
2186 2762 2271 2808 est
2295 2754 2359 2807 ”‘.

1949 2847 2039 2902 58.
2076 2845 2163 2910 Ei,
2192 2845 2285 2914 qui
2347 2860 2405 2900 se
2442 2840 2645 2897 actioni
2694 2838 2984 2910 impendit,
3036 2835 3302 2891 Dominus
3354 2849 3453 2903 per

1878 2938 2113 2993 virtutes
2160 2939 2348 3002 adest;
2379 2936 2449 2990 ab
2484 2949 2551 2990 eo
2594 2941 2779 2988 autem
2820 2930 2915 3001 qui
2972 2929 3178 2983 nullam
3230 2926 3453 2981 virtutis

1880 3028 2155 3082 rationem
2213 3026 2395 3087 habet,
2452 3038 2680 3093 peregre
2721 3030 2826 3084 est,
2891 3018 3210 3085 Rursusque
3249 3014 3451 3069 colenti

1878 3115 2191 3176 scientiam,
2225 3128 2289 3167 ac
2314 3109 2763 3180 contemplationi
2802 3106 2988 3162 dedito
3009 3122 3108 3175 per
3132 3119 3313 3158 veram
3365 3118 3453 3156 re-

1880 3221 2003 3261 rum
2028 3203 2393 3274 cognitionem
2422 3217 2662 3271 prmsens
2680 3200 2781 3265 ﬁt;
2811 3199 2878 3252 ab
2926 3213 2993 3252 eo
3018 3205 3201 3250 autem
3256 3194 3455 3249 absens

1880 3306 1986 3361 est,
2016 3295 2113 3366 qui
2140 3296 2251 3349 ulla
2277 3294 2490 3349 ratione
2519 3293 2586 3347 ab
2617 3308 2680 3346 ea
2704 3287 3065 3345 aberraverit.

1950 3387 2040 3444 59.
2072 3387 2308 3457 Peregre
2324 3393 2408 3440 est
2431 3400 2460 3438 a
2501 3398 2685 3446 carne,
2719 3381 2812 3450 qui
2848 3379 2916 3434 ab
2962 3376 3179 3432 actione
3222 3374 3454 3431 commi—

1880 3478 2057 3550 gravit
2079 3476 2148 3531 ad
2179 3474 2423 3531 scientiae
2454 3472 2743 3536 habitum;
2806 3468 2899 3540 qui
2931 3468 3082 3523 velut
3117 3465 3174 3519 in
3208 3463 3452 3518 nubibus

1880 3568 2130 3639 rapiatur
2186 3565 2537 3636 (sublimibus
2590 3561 2802 3616 scilicet
2847 3557 3044 3629 sensis)
3102 3558 3160 3611 in
3210 3555 3454 3627 mysticae

1881 3655 2362 3728 contemplationis
2404 3654 2738 3725 pellucidum
2787 3667 2991 3715 aerem,
3022 3650 3117 3704 ubi
3164 3663 3285 3703 esse
3327 3661 3455 3701 cum

1879 3751 2114 3807 Domino
2143 3764 2360 3819 semper
2384 3746 2588 3817 pot'erit
2618 3745 2683 3810 ³⁸,
2709 3745 2942 3813 Peregre
2964 3757 3099 3796 vero
3141 3748 3227 3793 est
3269 3753 3298 3791 a
3348 3737 3455 3792 Do-

1880 3843 2052 3906 mino,
2085 3840 2180 3911 qui
2210 3838 2445 3894 necdum
2472 3838 2679 3892 otiante
2710 3850 2876 3890 sensu
2912 3834 3141 3903 ejusque
3197 3829 3453 3884 submota

1879 3921 2116 3996 actiOne,
2167 3945 2308 3999 pura
2366 3934 2571 3991 mente,
2623 3940 2781 3980 sensa
2829 3925 2968 3993 ipsa,
3016 3920 3195 3992 quoad
3245 3918 3453 3974 homini

1880 4032 2205 4075 concessum
2261 4025 2365 4080 est,
2424 4013 2785 4083 contemplari
2849 4010 3145 4081 potest;is
3187 4008 3449 4077 denique,

1879 4109 1976 4181 qui
2013 4109 2318 4178 simplicem
2353 4107 2421 4161 de
2447 4107 2559 4161 Deo
2584 4119 2894 4161 sermonem
2922 4114 3085 4173 atque
3123 4099 3452 4163 doctrinam,

1880 4200 2089 4269 absque
2127 4199 2476 4268 aenigmatum
2510 4193 2811 4249 involucris
2838 4208 2950 4246 non
2982 4190 3147 4261 capit.

1954 4292 2040 4347 60.
2076 4291 2173 4345 Dei
2203 4290 2465 4350 Verbum,
2499 4286 2701 4340 nedum
2726 4301 2833 4354 qua
2874 4284 3091 4339 ratione
3119 4297 3338 4336 carnem
3373 4297 3458 4336 as-

1887 4381 2141 4450 sumpsit,
2171 4396 2299 4435 caro
2326 4379 2663 4449 appellatur;
2693 4376 2786 4431 sed
2822 4391 2929 4445 qua
2960 4374 3126 4429 etiam
3146 4374 3292 4427 Deus
3322 4373 3458 4428 Ver-

208 4478 505 4548 νοούμενος
534 4480 591 4533 ἐν
613 4480 754 4551 ἀρχῇ
790 4480 929 4552 πρὸς
952 4480 1043 4534 τὸν
1072 4480 1204 4534 Θεὸν
1231 4480 1328 4534 καὶ
1386 4479 1626 4551 Πατέρα,
1693 4479 1787 4532 καὶ

1888 4474 2018 4527 bum
2042 4471 2364 4540 simpliciter
2385 4470 2443 4524 in
2471 4467 2743 4540 principio
2772 4466 2916 4537 apud
2946 4466 3119 4519 Deum
3151 4472 3206 4518 et
3240 4463 3454 4519 Patrem

209 4574 414 4639 σαφεῖς
446 4582 540 4624 και
566 4574 806 4644 γυμνοὺς
834 4574 959 4637 τοὺς
980 4574 1078 4643 τῆς
1106 4572 1365 4643 ἀληθείας
1384 4573 1511 4643 περὶ
1528 4571 1633 4625 τῶν
1653 4572 1790 4625 ὅλων

1887 4564 2253 4626 intellectum,
2286 4562 2572 4629 clarasque
2602 4574 2666 4613 ac
2682 4557 2860 4611 nudas
2895 4556 3278 4610 universorum
3307 4555 3455 4609 veri-

213 4663 363 4733 ἐχων
384 4663 611 4729 τύπους,
642 4666 704 4717 ού
729 4665 975 4735 περιέχει
1007 4663 1321 4735 παραϐολὰς
1350 4664 1443 4715 καὶ
1473 4663 1788 4731 αἰνίγματα’

214 4754 344 4808 ούδέ
368 4755 610 4826 ἱστορίας
637 4756 898 4825 δεομένας
923 4756 1251 4826 ἀλληγορίας
1275 4768 1291 4784 ·
1326 4755 1465 4807 ἐπὰν
1496 4755 1550 4808 δέ
1583 4755 1793 4825 ἀνθρώ-

212 4861 346 4906 ποις
397 4843 715 4917 ἐπιδημήσῃ
777 4844 851 4915 μὴ
886 4845 1205 4915 δυναμένοις
1243 4842 1436 4914 γυμνῷ
1464 4842 1541 4913 τῷ
1582 4842 1662 4896 νοῒ
1692 4860 1792 4911 γυ-

217 4936 375 5006 μνοῖς
416 4934 772 5005 προσϐάλλειν
797 4938 910 4999 τοῖς
936 4936 1165 5006 νοητοῖς’
1190 4932 1297 4988 ἀπὸ
1330 4934 1437 4987 τῶν
1464 4934 1644 4997 αὐτοῖς
1671 4951 1791 4987 συν-

214 5025 371 5095 ήθων
403 5025 808 5095 διαλεγόμενος,
840 5026 928 5080 διὰ
953 5027 1052 5095 τῆς
1083 5025 1192 5079 τῶν
1222 5024 1474 5098 ἱστοριῶν
1506 5024 1598 5078 καὶ
1648 5025 1790 5078 αίνι-

214 5115 567 5189 γμάτωνικαὶ
593 5116 913 5188 παραϐολῶν
951 5117 1047 5172 καὶ
1086 5117 1375 5171 σκοτεινῶν
1405 5116 1578 5186 λόγων
1608 5134 1788 5171 ποικι-

294 5270 339 5302 “
366 5270 604 5342 Philipp.
668 5286 747 5338 ιιι,
797 5269 883 5325 19.

993 5271 1087 5326 ³³1
1133 5272 1267 5343 Reg.
1308 5287 1494 5335 xxvm,
1541 5271 1574 5325 7
1614 5284 1760 5341 seqq-

218 5359 299 5409 ιν,
331 5342 415 5396 16.

298 5501 363 5571 (Γ)
406 5501 471 5552 '0
502 5500 608 5553 τοῦ
644 5500 796 5571 Θεοῦ
833 5501 1041 5571 Λόγος.
1070 5499 1312 5555 Utuntur
1341 5498 1515 5554 Graeci
1547 5498 1783 5569 theologi

1889 4655 2017 4710 tatis
2043 4654 2249 4708 formas
2277 4652 2505 4717 habens,
2538 4650 2719 4704 nullas
2752 4647 3041 4717 parabolas
3074 4662 3139 4702 ac
3167 4646 3457 4715 aenigmata

1888 4761 2012 4801 cum
2067 4745 2482 4813 complecwtur,
2514 4756 2677 4798 easve
2711 4737 2972 4794 historias
3004 4752 3143 4806 quas
3190 4753 3290 4806 per
3319 4737 3455 4790 alle-
3514 4770 3515 4773 η

1887 4836 2095 4907 goriam
2137 4849 2413 4904 exponere
2455 4848 2680 4887 necesse
2713 4831 2813 4895 sit;
2844 4829 2940 4883 ubi
2973 4829 3042 4883 ad
3081 4827 3334 4882 homines
3358 4843 3455 4881 ve-

1894 4931 1997 4994 nit,
2022 4928 2117 4999 qui
2143 4928 2287 4982 nuda
2324 4936 2505 4981 mente
2530 4940 2617 4980 res
2641 4922 2939 4993 spiritales,
2968 4921 3136 4989 {ipsas
3164 4920 3340 4973 nudas
3370 4918 3458 4970 in-

1896 5022 2138 5092 telligere
2168 5036 2279 5074 non
2328 5017 2573 5088 possint;
2624 5032 2691 5071 ex
2746 5014 2814 5069 iis
2865 5013 3147 5068 disserens
3195 5026 3316 5080 qua:
3350 5009 3459 5063 illis

1892 5122 2155 5170 consueta
2207 5126 2381 5181 exque
2416 5124 2521 5163 usu
2561 5113 2765 5172 essent,
2803 5103 3160 5159 historiarum
3193 5101 3456 5172 aenigma-

1888 5267 2108 5324 “Joan.
2147 5282 2221 5332 v1,
2268 5264 2356 5321 55.
2466 5264 2559 5319 "l
2598 5265 2726 5321 Cor.
2778 5264 2905 5326 xm,i
2934 5262 3023 5316 12.
3127 5261 3168 5292 ⁸³
3203 5260 3224 5314 l
3261 5258 3452 5313 Thess.

1893 5495 1938 5549 ri
1972 5513 2063 5548 τον
2092 5494 2281 5561 Λόγον·
2318 5490 2392 5545 ita
2425 5499 2482 5545 ut
2507 5489 2673 5561 verba
2696 5495 2763 5561 et_
2780 5500 2944 5540 voces
2957 5483 3078 5561 _sint
3109 5481 3454 5561 velutraro,

223 5548 466 5641 quadam
508 5548 1013 5641 a'tnpl‘it‘tidin-e‘hae
1894 5548 2044 5620 illius
2063 5548 2493 5641 eximimhﬁw,
2521 5559 2690 5641 Verbi,
2726 5555 3015 5638 Sermonis,
3047 5567 3210 5634 quem
3231 5559 3287 5605 et

224 5637 457 5695 omnino
510 5637 787 5708 est—quod
836 5640 1076 5694 Verbum
1134 5639 1383 5694 redditur
1428 5655 1442 5692 :
1491 5637 1575 5692 uti
1623 5637 1787 5691 etiam

228 5727 355 5765 cum
388 5711 480 5767 hic
516 5707 802 5773 Maximus,
856 5725 954 5779 per
986 5710 1198 5779 singula
1244 5708 1446 5778 scripta
1479 5709 1676 5779 verba,
1720 5707 1789 5760 δι’

231 5781 464 5835 ἑκάστου
485 5780 592 5835 τῶν
613 5777 1113 5853 ἀναγεγραμμένων
1145 5777 1422 5851 ῥημάτων,
1448 5778 1523 5832 ait
1548 5777 1794 5833 incarna-

1895 5619 2071 5706 pturze
2106 5632 2232 5756 γοῦν
2265 5619 2418 5698 dicit,
2441 5619 2498 5687 et
2526 5619 2762 5687 Verbum
2800 5626 2855 5681 in
2885 5619 3158 5696 principio
3181 5619 3325 5693 apud
3357 5620 3459 5675 Pa‘

1898 5714 2055 5756 trem.
2080 5718 2111 5756 θ
2139 5719 2189 5756 ο.

1898 5714 2055 5772 trem,
2080 5714 2189 5759 etc.
