4064 6424
678 363 813 434 1151

1831 368 1891 430 S.
1932 365 2216 428 MAXIMI
2252 363 2760 426 CONFESSORIS

3755 363 3859 431 1152

676 481 903 544 tumque
936 480 991 528 et
1008 472 1389 542 parabolarum
1413 472 1908 543 ohscuriorumque
1929 489 2234 530 sermonum

2347 472 2467 536 λίας
2491 475 2889 546 συντιθέμενος,
2909 475 3115 544 γίνεται
3144 475 3300 547 σάρξ.
3333 475 3490 530 Κατὰ
3507 473 3610 547 γὰρ
3630 475 3718 547 τὴν
3739 479 3864 547 πρὼ-

675 567 941 622 varietate
993 566 1397 636 compositum,
1451 581 1580 623 caro
1633 565 1887 621 etlicitur.
1936 568 2057 622 Non
2095 567 2248 622 enim

674 659 852 728 prima
891 657 1076 712 statim
1101 656 1575 722 consideratione,
1625 673 1784 713 mens
1820 669 2008 714 nostra
2036 659 2247 714 nudum

676 749 856 820 ipsum
892 753 1131 806 Verbum
1169 749 1391 821 attingit
1437 765 1503 804 ac
1562 751 1853 822 intelligit,
1885 750 1982 805 sed
2004 751 2246 806 Verbum

676 845 1047 908 incarnatum,
1075 843 1381 899 dictionum
1401 843 1891 898 scilicetvarietate
1912 841 2244 912 implexum:

675 936 858 1007 ipsum
902 937 1125 1007 quidem
1165 943 1362 991 natura
1393 935 1670 1001 Verbum;
1719 935 1815 991 sed
1863 935 2009 1005 quod
2062 944 2246 990 tamen

673 1045 802 1084 caro
831 1029 1220 1098 conspiciatur,
1277 1027 1358 1083 sic
1397 1027 1660 1082 nimirum
1702 1037 1764 1082 ut
1794 1028 1982 1098 plures
2026 1041 2246 1081 carnem

671 1138 783 1176 non
841 1121 1079 1177 Verbum
1135 1122 1323 1177 videre
1367 1119 1474 1176 sibi
1521 1119 1848 1186 videantur;
1897 1119 2000 1175 etsi
2053 1135 2247 1174 revera

669 1213 909 1268 Verbum
949 1221 1051 1267 est.
1091 1213 1210 1268 Non
1251 1213 1397 1268 enim
1425 1213 1521 1282 qui
1555 1213 1720 1281 vulgo
1746 1211 1982 1272 videtur,
2019 1211 2066 1264 is
2095 1209 2247 1264 Seri-

668 1315 844 1376 ptura:
871 1319 1066 1361 sensus
1093 1313 1179 1361 est
1207 1319 1272 1361 ac
1303 1307 1638 1370 intellectus,
1668 1305 1764 1360 sed
1795 1304 1937 1359 alius
1962 1319 2124 1374 quam
2150 1301 2246 1372 qui

2340 583 2440 635 την
2485 566 2813 638 προσϐολὴν,
2853 569 2916 622 οὐ
2945 567 3136 639 γυμνῷ
3179 567 3510 638 προσϐάλλει
3534 567 3682 638 Λόγῳ
3709 571 3864 640 όὴμέ-

2340 674 2498 730 τερος
2522 659 2647 722 νοῦς
2675 677 2689 691 ·
2736 659 2875 713 ἀλλὰ
2915 661 3074 731 Λόγῳ
3109 660 3518 732 σεσαρκωμένῳ
3544 675 3559 690 ο
3591 660 3770 732 δηλαδὴ
3812 667 3864 734 τῇ

2341 749 2586 821 ποικιλίᾳ
2613 750 2724 804 τῶν
2765 751 3004 816 λέξεων·
3054 753 3213 823 Λόγῳ
3263 751 3361 820 μὲν
3406 751 3542 814 ϐντι,
3582 753 3644 821 τῇ
3695 751 3862 820 φύσει·

2345 842 2510 913 σαρκὶ
2537 839 2594 894 δὲ
2621 845 2687 911 τῇ
2720 841 2840 912 όψει
2869 858 2885 874 ο
2913 843 3054 896 ὥστε
3081 844 3210 907 τοὺς
3241 841 3490 908 πολλοὺς,
3527 843 3694 913 σάρκα
3719 847 3798 898 καὶ
3817 848 3867 899 οὗ

2342 931 2516 999 Λόγον
2536 931 2669 1003 όρᾷν
2691 933 2868 987 δοκεῖν
2893 932 2998 987 κᾶν
3031 934 3079 986 εἰ
3107 931 3254 986 κατὰ
3286 931 3545 1004 ἀλήθειάν
3575 933 3684 984 ἐστι
3710 935 3865 1003 Λόγος.

2345 1026 2419 1079 υὺ
2467 1026 2576 1099 γὰρ
2612 1028 2750 1098 ὅπερ
2791 1027 2938 1080 δοκεῖ
2967 1030 3081 1092 τοῖς
3127 1027 3366 1091 πολλοῖς,
3388 1027 3546 1080 τοῦτο
3565 1028 3658 1097 τῆς
3683 1029 3868 1100 Γραφῆς

2343 1119 2493 1171 ἐστιν
2520 1121 2548 1172 ό
2577 1118 2722 1182 νοῦς,
2753 1119 2870 1172 ἀλλ’
2905 1120 3094 1191 ἕτερον
3136 1122 3287 1192 παρά
3320 1121 3380 1173 τὸ
3421 1121 3634 1175 δοκοῦν.
3691 1123 3742 1175 '0
3785 1125 3868 1190 γὰρ

2341 1210 2534 1277 Λόγος,
2577 1211 2644 1264 δι’
2680 1213 2912 1268 ἑκάστου
2955 1212 3065 1266 τῶν
3095 1213 3605 1285 ἀναγεγραμμένων
3650 1216 3869 1285 ῥημάτων

2343 1301 2555 1370 γίνεται
2595 1303 2754 1374 σάρξ.

669 1398 749 1453 ita
795 1398 1037 1454 videtur.
1073 1401 1207 1454 Nam
1255 1401 1498 1456 Verbum
1533 1400 1748 1472 (Λόγος,
1792 1415 1891 1455 seu
1931 1398 2146 1470 Sermo)
2185 1411 2284 1468 per
2321 1396 2566 1468 singulas
2611 1415 2735 1469 quae
2806 1399 3029 1470 scriptae
3060 1410 3192 1456 sunt
3237 1417 3402 1458 voces
3450 1401 3742 1474 (ῥημάτων)
3770 1419 3872 1459 caro

666 1489 927 1544 ellicilur.

737 1581 826 1636 6-1.
865 1581 1048 1636 Prima
1105 1597 1392 1636 nominum
1447 1582 1516 1637 ad
1573 1582 1834 1652 pietatem
1878 1580 2192 1636 rudimenta
2223 1618 2240 1643 ,

667 1674 823 1744 quasi
848 1673 914 1728 ad
951 1677 1176 1729 carnem
1203 1673 1322 1730 ﬁeri
1356 1683 1785 1730 consueverunt.
1822 1673 2029 1729 Littera
2069 1671 2240 1735 enim,

2418 1579 2518 1645 Ea’.
2581 1580 2645 1635 Ἦ
2692 1581 2917 1652 ἀπαρχὴ
2960 1583 3062 1654 τῆς
3113 1583 3255 1655 πρὸς
3290 1583 3588 1637 εὐσέϐειαν.
3617 1585 3873 1657 μαθητείας

2342 1667 2453 1721 τῶν
2505 1668 2828 1739 ἀνθρώπων,
2881 1669 2960 1733 ὡς
3006 1670 3145 1741 πρὸς
3199 1670 3380 1743 σάρκα
3411 1670 3655 1740 γίνεσθαι
3681 1675 3872 1740 πέφυκε.

667 1780 778 1818 non
810 1763 1006 1834 spiritu
1055 1764 1505 1832 consuescimus;
1542 1780 1667 1820 cum
1702 1765 1940 1836 primum
1971 1763 2039 1818 ad
2067 1763 2234 1833 pieta-

2342 1757 2636 1830 Γράμματι
2669 1758 2800 1830 γὰρ,
2839 1759 2959 1813 ἁλλ’
2987 1759 3048 1814 οὐ
3081 1760 3356 1832 πνεύματι
3384 1763 3529 1816 κατὰ
3560 1763 3656 1831 τὴν
3691 1764 3872 1835 πρώτην

669 1865 778 1909 tem
805 1856 1048 1909 animum
1087 1855 1394 1926 adjicimus.
1425 1855 1692 1912 Paulatim
1725 1871 1857 1911 vero
1884 1854 1951 1910 ad
1983 1855 2239 1924 spiritum

667 1946 1058 2015 provehentes,
1097 1943 1590 2019 subtilioribusque
1631 1947 1797 2020 499
1829 1948 2005 2003 sensis
2047 1946 2243 2002 dictio-

666 2054 802 2094 num
837 2039 1145 2094 crassitiem
1179 2040 1510 2096 deradentes
1561 2057 1625 2096 ac
1657 2050 1968 2104 tenuantes,
2009 2041 2066 2094 in
2099 2053 2240 2110 puro

664 2147 802 2201 pure
829 2130 1075 2198 Christo,
1113 2132 1294 2204 quoad
1329 2149 1428 2205 per
1458 2132 1776 2190 facultatem
1823 2132 2143 2186 hominibus
2169 2131 2240 2186 li-

664 2231 774 2286 cet,
805 2222 1140 2289 invenimur;
1172 2224 1248 2279 ita
1297 2233 1358 2278 ut
1393 2226 1548 2296 juxta
1601 2241 1859 2296 magnum
1908 2223 2236 2294 Apostolum

663 2313 941 2382 possimus
970 2313 1160 2373 dicere
1190 2335 1204 2369 :
1235 2315 1352 2370 Etsi
1375 2318 1708 2386 cognovimus
1739 2315 2003 2373 Christum
2049 2332 2238 2370 secun-

660 2401 786 2457 dum
814 2421 1064 2469 carnem,
1102 2405 1195 2459 sed
1219 2423 1356 2459 nunc
1397 2423 1502 2460 non
1545 2408 1781 2461 novimus
1803 2407 1845 2438 "
1863 2423 1883 2472 ;
1927 2421 1994 2460 eo
2025 2403 2240 2461 scilicet

659 2495 808 2565 quod
865 2496 1102 2567 simplici
1151 2497 1356 2552 mentis
1391 2497 1836 2553 consideratione
1870 2497 2110 2552 Verbum
2149 2496 2237 2550 in-

659 2583 992 2653 telligamus,
1041 2585 1251 2655 absque
1283 2585 1394 2640 illis
1440 2585 1739 2640 involucris
1780 2585 1983 2655 quibus
2011 2584 2234 2656 tegitur;

660 2689 858 2744 nempe
889 2676 1241 2746 proﬁcientes
1270 2675 1340 2731 ab
1359 2692 1426 2731 eo
1450 2676 1599 2747 quod
1625 2684 1711 2732 est
1744 2677 1982 2731 Verbum
2009 2692 2236 2732 carnem

658 2782 1019 2846 cognoscere,
1042 2769 1110 2824 ad
1154 2769 1275 2840 ejus
1303 2767 1535 2840 gloriam
1573 2768 1732 2839 quasi
1765 2767 2046 2840 Unigeniti
2073 2784 2103 2824 a
2128 2769 2235 2826 Pa-

658 2868 744 2915 tre
782 2861 846 2915 ¹⁸.

728 2953 817 3007 62.
847 2952 951 3020 Qui
983 2953 1152 3006 vitam
1181 2967 1305 3024 quae
1360 2961 1447 3010 est
1495 2954 1552 3009 in
1593 2953 1820 3009 Christo
1879 2951 2154 3016 instituit,
2188 2951 2236 3008 is

657 3055 776 3102 tum
803 3045 1017 3116 legalis,
1050 3055 1167 3100 tum
1198 3046 1469 3101 naturalis
1493 3045 1721 3117 justitiae
1755 3053 1928 3099 metas
1959 3044 2230 3109 excessit;

2344 1851 2425 1914 είς
2456 1850 2767 1906 θεοσέϐειαν
2798 1851 3108 1922 προσϐολὴν
3135 1853 3459 1924 ὁμιλοῦμεν.
3484 1854 3640 1909 Κατὰ
3670 1855 3810 1926 μέρος
3829 1857 3872 1910 δι

2341 1941 2763 2011 προσϐαίνοντες
2783 1943 2863 2013 τῷ
2886 1944 3182 2014 πνεύματι,
3221 1946 3314 1998 καὶ
3339 1946 3401 2000 τὺ
3431 1947 3579 2017 παχὺ
3612 1948 3716 2001 τῶν
3737 1950 3870 2019 ms

2338 2051 2447 2087 των
2485 2037 2598 2097 τοῖς
2648 2033 2999 2106 λεπτοτέροις
3048 2038 3405 2108 θεωρήμασιν
3453 2039 3781 2106 ἀποξέοντες,
3828 2043 3870 2094 ἐν

2340 2125 2567 2198 καθαρῷ
2596 2127 2854 2199 καθαρῶς
2877 2129 2958 2199 τῷ
2987 2128 3211 2201 Χριστῷ
3241 2131 3515 2201 γινόμεθα
3559 2132 3693 2187 κατὰ
3718 2134 3771 2187 τὺ
3800 2133 3869 2188 δυ-

2337 2217 2498 2272 νατδν
2511 2217 2834 2289 ,ἀνθρώποις
2861 2233 2875 2248 °
2903 2220 2983 2284 είς
3010 2220 3073 2274 τὸ
3113 2220 3377 2276 δύνασθαι
3415 2222 3598 2291 λέγειν
3640 2223 3766 2278 κατὰ
3799 2224 3868 2279 τὸν

2351 2309 2670 2364 ’Λπόστολον
2702 2327 2716 2342 °
2747 2313 2816 2366 El
2864 2312 2962 2366 καί
2997 2312 3343 2382 ἐγνώκαμεν
3375 2315 3528 2369 κατὰ
3554 2313 3738 2384 σάρκα
3763 2317 3866 2385 Χρι-

2337 2400 2509 2464 στὸν,
2569 2401 2730 2457 ἀλλὰ
2785 2402 2904 2457 νῦν
2952 2404 3154 2458 οὐκέτι
3210 2403 3623 2475 γινώσκομεν-ο
3673 2406 3752 2459 διὰ
3792 2407 3866 2474 τὴν

2337 2493 2520 2564 ἁπλῆν
2545 2493 2787 2566 δηλονότι
2818 2495 2956 2566 πρὸς
2987 2496 3078 2550 τὸν
3100 2496 3273 2566 Λόγον
3306 2498 3485 2570 χωρὶς
3515 2495 3624 2551 τῶν
3653 2499 3730 2551 ἐπ’
3752 2497 3866 2568 αὐτῷ

2337 2587 2712 2658 καλυμμάτων
2745 2587 2840 2642 τοῦ
2876 2588 2996 2653 νοὸς
3051 2590 3360 2661 προσϐολήν
3396 2603 3413 2624 ο
3453 2590 3564 2644 άπὸ
3605 2590 3693 2644 τοῦ
3728 2591 3863 2657 σάρκα

2334 2680 2425 2734 τδν
2456 2680 2628 2749 Λόγον
2648 2678 2961 2749 γινώσκειν,
2996 2683 3078 2743 είς
3111 2682 3229 2754 τὴν,
3262 2682 3340 2747 ὡς
3374 2681 3710 2753 Μονοτενοῦς
3749 2681 3862 2753 παρὰ

2335 2769 2549 2841 Πατρδς
2577 2771 2745 2827 αὐτοῦ
2779 2772 2938 2839 δόξαν
2959 2774 3357 2847 προκόψαντες.

2407 2943 2504 3016 ξβ’.
2547 2946 2606 3001 ⁸0
2633 2946 2735 3018 τὴν
2775 2947 2834 3001 ἐν
2886 2948 3106 3021 Χριστῷ
3153 2952 3326 3022 ζήσας
3375 2952 3546 3024 ζωὴν,
3573 2951 3670 3024 τήν
3702 2971 3753 3006 τε
3789 2950 3857 3009 τῶ

2333 3036 2501 3107 νόμου
2527 3038 2623 3092 καὶ
2654 3039 2754 3108 τῆς
2783 3041 3000 3107 φύσεως
3032 3041 3278 3114 ὑπερέϐη
3308 3043 3659 3114 δικαιοσύνην
3681 3061 3694 3074 ο
3719 3046 3858 3114 ὄπτρό

653 3139 802 3210 quod
834 3138 1056 3195 divinus
1104 3138 1398 3210 Apostolus
1433 3138 1586 3194 hisce
1633 3137 1822 3194 verbis
1865 3136 2230 3208 signiﬁcavit:

2340 3133 2484 3195 θεῖος
2529 3133 2936 3206 ἐνδεικνύμενος
2981 3137 3300 3204 Ἀπόστολός
3358 3158 3529 3211 φησιν
3558 3156 3573 3170 °
3637 3142 3727 3196 ἐν
3778 3142 3858 3210 τὰρ

653 3227 718 3282 1η
749 3227 956 3284 Christo
983 3229 1108 3284 Jesu
1146 3246 1314 3302 neque
1346 3231 1672 3284 circumcisio
1699 3237 1796 3296 est,
1831 3245 1998 3300 neque
2025 3244 2236 3300 prwpu-

654 3321 785 3373 tium
808 3320 879 3387 ";
932 3321 1378 3378 circumcisionis
1435 3323 1659 3393 quidem
1707 3322 1954 3384 nomine,
2002 3321 2233 3390 legalem

651 3412 922 3483 justitiam
966 3413 1285 3481 declarans;
1320 3415 1577 3486 praeputii
1608 3430 1762 3480 vero,
1801 3410 2234 3484 aequabilitatem

651 3513 867 3559 naturae
901 3507 1325 3562 convenientem
1357 3507 1738 3562 subindicans.

723 3597 810 3650 65.
841 3597 946 3652 Alii
989 3613 1056 3654 ex
1089 3614 1231 3668 aqua
1279 3607 1335 3654 et
1374 3600 1575 3670 spiritu
1622 3609 2013 3664 renascuntur;
2052 3597 2144 3653 alii
2176 3598 2234 3653 in

653 3685 867 3756 Spiritu
899 3699 1090 3744 sancto
1106 3699 1161 3744 et
1183 3689 1309 3760 igne
1342 3689 1614 3760 baptisma
1640 3683 2030 3760 suscipiunt“.
2062 3689 2236 3746 Porro

652 3787 891 3848 quatuor
922 3780 1060 3847 haac,
1093 3798 1292 3852 aquam
1325 3783 1538 3838 scilicet
1565 3792 1623 3838 et
1665 3783 1920 3853 spiritum
1951 3793 2008 3838 et
2049 3783 2229 3854 ignem

652 3879 710 3923 et
736 3868 1004 3940 Spiritum
1043 3882 1317 3937 sanctum,
1356 3889 1528 3927 unum
1561 3871 1926 3943 eumdemque
1961 3873 2227 3944 Spiritum

652 3959 746 4013 De!
779 3959 1048 4032 intelligo.
1097 3962 1235 4017 Aliis
1283 3979 1520 4034 namque
1552 3962 1789 4034 Spiritus
1817 3973 2043 4020 sanctus
2085 3980 2226 4036 aqua

650 4062 756 4115 est,
788 4053 937 4108 velut
966 4055 1058 4124 qui
1107 4055 1356 4111 exterius
1404 4058 1597 4112 sordes
1642 4057 1895 4128 corporis
1945 4057 2232 4130 detergere

651 4141 887 4209 habeat;
923 4143 1048 4199 aliis
1082 4160 1216 4200 vero
1244 4147 1592 4200 solummodo
1624 4146 1874 4217 spiritus,
1904 4154 1966 4200 ut
1998 4147 2092 4217 qui
2119 4147 2234 4202 vir-

649 4232 786 4288 tutis
827 4233 969 4289 bona
998 4235 1052 4289 vi
1087 4251 1185 4291 sua
1215 4237 1453 4304 eﬁiciat;
1481 4238 1607 4294 aliis
1639 4246 1824 4294 autem
1863 4238 2027 4310 ignis,
2054 4247 2118 4293 ut
2137 4240 2232 4310 qui

648 4325 801 4380 intus
830 4326 948 4396 ipso
981 4328 1152 4382 animi
1185 4328 1312 4384 sinu
1344 4330 1619 4386 hzerentes
1659 4331 1854 4386 sordes
1889 4331 2232 4386 emundandi

647 4418 703 4471 vi
734 4418 940 4487 polleat
980 4438 990 4472 :
1020 4420 1089 4474 iis
1120 4421 1360 4492 denique
1388 4423 1483 4493 qui
1507 4440 1765 4495 magnum
1800 4425 2082 4480 Danielem
2107 4439 2231 4479 mo-

649 4507 808 4561 ribus
852 4508 1114 4573 referant,
1149 4510 1391 4581 Spiritus
1419 4521 1658 4578 sanctus,
1685 4522 1748 4568 ut
1779 4513 1873 4582 qui
1905 4513 2228 4583 sapientiam

648 4613 715 4653 ac
750 4599 1036 4655 scientiam
1067 4601 1469 4658 subministret.
1512 4605 1592 4659 Ex
1629 4604 1846 4660 diversa
1880 4605 2029 4660 enim
2084 4605 2228 4660 circa

649 4690 956 4762 subjectum
1001 4692 1323 4764 Operatione
1355 4735 1370 4760 ,
1427 4697 1564 4753 alias
1594 4697 1842 4768 aliasque
1872 4713 2017 4753 unus
2063 4707 2228 4769 atque

649 4783 798 4840 idem
833 4784 1072 4854 Spiritus
1091 4789 1324 4843 sortitur
1353 4789 1766 4859 appellationes.

716 4879 806 4935 64.
842 4880 918 4936 Ea
949 4882 1037 4937 lex
1086 4883 1299 4938 ratione
1333 4880 1638 4938 Sabbatum
1678 4882 1974 4946 concessit,
2007 4881 2094 4945 Ut,
2138 4879 2225 4934 in-

647 4972 787 5046 quit,
816 4975 1104 5045 requiescat
1141 4975 1449 5046 jumentum
1499 4986 1649 5030 tuum
1701 4986 1751 5029 et
1787 4991 1965 5030 seruus
2008 4982 2128 5026 tuus
2153 4971 2221 5024 “.

647 5061 822 5118 Porro
847 5065 1010 5120 ambo
1037 5066 1155 5122 haec
1175 5066 1472 5121 verborum
1500 5067 1734 5137 quadam
1763 5067 1992 5136 ambage
2019 5066 2223 5121 obscu-

647 5153 806 5224 rique
860 5155 1133 5210 scrmonis
1188 5156 1574 5227 perplexitate.
1633 5171 1836 5235 corpus
1889 5154 2222 5226 signiﬁcant.

647 5242 861 5314 Corpus
900 5245 1048 5300 enim
1089 5247 1398 5320 iumentum
1431 5257 1518 5303 est
1567 5246 1736 5301 animi
1777 5245 2012 5302 colentis
2048 5245 2226 5300 aetio-

646 5352 796 5402 nem,
827 5338 975 5407 quod
1002 5338 1263 5394 nimirum
1291 5349 1550 5409 tanquam
1571 5353 1736 5400 onus,
1754 5337 2021 5393 virtutum
2043 5335 2225 5392 modis

643 5444 747 5499 per
774 5429 1071 5494 actionem,
1098 5430 1152 5484 vi
1181 5439 1401 5502 portare
1433 5438 1680 5502 cogatur.
1709 5429 1841 5501 Ejus
1869 5444 2002 5484 vero
2029 5443 2223 5484 servus

641 5507 748 5589 'qui
772 5521 960 5578 studet
1010 5522 1504 5594 contemplationi,
1548 5521 1704 5578 velut
1730 5521 1844 5592 jam
1871 5519 2218 5592 spiritalibus

638 5768 732 5842 με

2333 3225 2566 3292 Χριστῷ
2602 3228 2818 3294 Ἰησοῦ,
2844 3230 2982 3284 οὔτε
3014 3231 3299 3301 περιτομή
3325 3233 3505 3288 ἐστιν
3525 3276 3539 3297 ,
3563 3235 3691 3289 οὔτε
3720 3235 3855 3302 ἀκρο-

2335 3318 2568 3372 ϐυστία.
2599 3319 2700 3374 Διά
2733 3321 2833 3391 μὲν
2853 3322 2954 3392 τῆς
2979 3327 3303 3396 περιτομῆς,
3321 3325 3424 3398 τὴν
3454 3327 3678 3399 νομικὴν
3693 3327 3854 3380 δικαιοο

2334 3409 2504 3482 σύνην
2537 3411 2786 3483 δηλώσας
2810 3431 2824 3446 ο
2868 3414 2957 3468 διὰ
3006 3415 3064 3468 δὲ
3105 3417 3207 3488 τῆς
3235 3418 3638 3488 ἀκροϐυστίας,
3663 3420 3749 3488 τὴν
3777 3437 3853 3488 φο·

2335 3504 2494 3573 σικὴν
2527 3505 2802 3573 ἰσονομίαν
2826 3507 3190 3576 αἰνιξάμενος.

2405 3591 2506 3663 ξγῖ
2543 3597 2606 3648 0i
2638 3597 2756 3668 μὲν,
2789 3597 2859 3650 δι’
2892 3596 3085 3662 ὓδατος
3112 3599 3520 3668 άναγεννῶνται
3543 3604 3634 3656 καὶ
3657 3601 3851 3672 πνεύμαο

2333 3701 2425 3744 τος
2448 3702 2462 3716 ’
2499 3687 2548 3739 οἱ
2576 3685 2656 3748 δὲ.
2697 3689 2754 3740 ὲν
2795 3688 3069 3758 πνεύματι
3117 3691 3259 3762 ἁγίῳ
3295 3692 3390 3745 καὶ
3446 3695 3579 3765 πυρὶ
3607 3693 3664 3747 τὺ
3705 3694 3850 3764 βάπτι-

2335 3795 2450 3847 σμα
2480 3778 2748 3848 δέχονται.
2791 3779 2872 3834 Τὰ
2917 3782 3159 3856 τέσσαρα
3209 3783 3268 3837 δὲ
3315 3784 3516 3848 ταῦτα,
3552 3786 3611 3839 τὸ
3657 3786 3776 3855 ὕδωρ
3808 3783 3851 3838 τί

2335 3887 2501 3943 φημι.
2526 3871 2622 3925 καὶ
2659 3873 2721 3925 τὸ
2764 3872 3002 3944 πνεῦμα,
3035 3875 3132 3928 καὶ
3180 3875 3242 3929 τὸ
3283 3877 3424 3948 πῦρ,
3464 3878 3558 3932 καὶ
3590 3878 3647 3932 τὸ
3685 3878 3850 3944 πνεῦμα

2333 3958 2510 4029 ἅγιον,
2539 3961 2600 4016 τὸ
2628 3961 2686 4014 ἒν
2709 3963 2801 4016 καὶ
2834 3964 2895 4016 τὸ
2919 3965 3052 4017 αὐτὸ
3075 3965 3299 4036 Πνεῦμα
3338 3966 3450 4020 νοῶ
3475 3969 3569 4022 τοῦ
3591 3967 3731 4022 Θεοῦ.
3759 3970 3848 4033 Τοῖς

2335 4051 2436 4124 μὲν
2456 4052 2565 4124 γὰρ
2597 4051 2741 4122 ὕδωρ
2785 4053 2904 4107 ἐστὶ
2930 4053 2992 4108 τὸ
3030 4055 3254 4126 Πνεῦμα
3285 4057 3348 4110 τὺ
3395 4058 3572 4126 ἅγιον,
3606 4057 3675 4120 ὡς
3700 4058 3849 4133 {lusti-

2332 4145 2430 4200 κὺν
2469 4145 2577 4198 τῶν
2629 4145 2784 4208 ἐκτὸς
2835 4147 2966 4216 περὶ
3007 4147 3069 4202 τὸ
3123 4147 3284 4218 σῶμα
3326 4149 3619 4220 μολυσμῶν
3647 4164 3660 4178 ·
3685 4150 3775 4211 τοῖς
3809 4145 3848 4197 δὲ

2333 4237 2550 4308 πνεῦμα
2571 4237 2752 4308 μόνον,
2790 4239 2866 4302 ὡς
2893 4241 3242 4310 ἐνεργητικὸν
3262 4241 3373 4295 τῶν
3403 4245 3526 4297 κατ’
3548 4242 3734 4314 ἀρετὴν
3753 4241 3846 4307 ἀγαο

2333 4327 2462 4381 θῶψ
2493 4328 2688 4410 τοῐςνδὲ
2718 4327 2852 4401 πῦρ,
2882 4330 2960 4395 ὡς
2991 4330 3326 4404 καθαρτικὸν
3349 4334 3464 4388 τῶν
3495 4335 3640 4395 ἐντὸς
3665 4331 3782 4387 κατὰ
3801 4330 3844 4382 τὸ

2335 4419 2497 4490 βάθος
2518 4421 2648 4492 περὶ
2674 4420 2855 4494 ψυχὴν
2885 4423 3120 4494 κηλίδων
3149 4439 3166 4456 ο
3193 4426 3308 4488 τοῖς
3329 4424 3387 4478 δὲ
3425 4426 3565 4480 κατὰ
3598 4425 3680 4479 τὸν
3709 4423 3844 4494 μέγαν

2331 4511 2549 4584 Δανιὴλ,
2587 4514 2804 4585 πνεῦμα
2832 4516 3006 4584 ἅγιον,
3029 4517 3105 4580 ὡς
3143 4517 3335 4586 σοφίας
3370 4519 3470 4572 καὶ
3495 4515 3729 4587 γνώσεως
3747 4531 3842 4585 χορ·

2331 4603 2486 4672 ηγόν.
2535 4604 2631 4657 Ἐκ
2670 4604 2778 4675 γὰρ
2800 4604 2899 4675 τῆς
2929 4605 3184 4676 διαφόρου
3233 4606 3363 4678 περὶ
3411 4606 3474 4660 τὸ
3532 4605 3837 4675 ὑποκείμενον

2332 4693 2634 4764 ἐνεργείας,
2654 4693 2944 4764 διαφόρους
2974 4694 3243 4766 λαμϐάνει
3271 4695 3331 4748 τὸ
3355 4694 3414 4748 ἓν
3441 4695 3533 4750 καὶ
3567 4693 3687 4749 αὐτὸ
3710 4689 3840 4746 [1νεῦ-

2334 4805 2410 4858 μα
2441 4788 2539 4852 τὰς
2559 4788 2950 4859 προσηγορίας.

2404 4875 2496 4944 ξδ’.
2537 4877 2594 4930 ’0
2621 4878 2785 4949 νόμος
2825 4879 2887 4930 τὸ
2919 4877 3198 4933 Σάϐϐατον
3243 4877 3496 4942 δέδωκεν,
3523 4879 3666 4941 Ἵνα,
3695 4872 3836 4945 φησὶν.

2324 4971 2747 5039 ἀναπαύσηται
2775 4972 2840 5024 τὸ
2869 4970 3188 5042 ὑποζύγιόν
3234 4987 3350 5026 σου
3379 4973 3478 5026 καὶ
3517 4974 3548 5026 ὀ
3577 4967 3704 5034 παῖς
3733 4981 3833 5018 σου.

2337 5051 2644 5132 ’Λμφότερα
2667 5059 2725 5114 δὲ
2752 5059 2928 5115 ταῦτα
2950 5061 3019 5115 δι’
3049 5061 3393 5132 αἰνιγμάτων
3414 5063 3476 5116 τὸ
3507 5061 3654 5132 σῶμα
3690 5053 3833 5124 δηλοῦο

2327 5169 2401 5206 σι.
2435 5141 2539 5204 Τοῦ
2559 5149 2666 5222 γὰρ
2691 5152 2996 5222 πρακτικοῦ
3017 5149 3134 5218 νοὸς
3164 5151 3458 5222 ὑποζύγιόν
3484 5155 3591 5208 ἐστι
3613 5149 3672 5203 τὸ
3695 5146 3834 5212 σῶμα,

2327 5241 2648 5313 ἀχθοφορεῖν
2715 5241 2807 5312 βίᾳ
2875 5243 2988 5308 τοῖς
3046 5243 3270 5316 τρόποις
3307 5245 3417 5299 τῶν
3491 5238 3685 5314 ἀρετῶν
3728 5231 3833 5289 κατᾶ

2327 5335 2428 5406 τὴν
2515 5331 2714 5403 Ἰἰρᾶξιν
2754 5333 3241 5406 Ιᾶναγκαζόμενον.
3315 5335 3425 5388 Τοῦ
3503 5333 3559 5387 δὲ
3621 5329 3833 5396 θεωρητι-

2329 5426 2427 5481 κοῦ
2481 5428 2628 5489 παῖς.
2662 5423 2738 5490 ὡς
2803 5426 2904 5499 ἤδη
2959 5426 3207 5498 λογισθὲν
3263 5426 3597 5499 θεωρήμασι,
3651 5418 3729 5471 καὶ
3765 5414 3830 5466 λου

2329 5517 2498 5589 γικῶς
2527 5519 2644 5580 ταῖς
2675 5519 3004 5586 γνωπικαῖς
3031 5518 3316 5589 ἐπιταγαῖς
3363 5518 3456 5573 τοῦ
3507 5515 3619 5578 νοὸς
3670 5511 3828 5577 ὑπηρεο

727 5720 772 5752 ⁸⁷
809 5719 854 5776 Π
884 5720 1010 5778 Cor.
1040 5739 1093 5790 v,
1147 5722 1230 5778 l6.
1312 5723 1351 5756 ³⁸
1379 5723 1534 5780 Joan.
1575 5739 1614 5791 ι,
1655 5721 1740 5778 Η.
1819 5723 1862 5755 ¹⁹
1937 5721 2110 5780 Galat.
2151 5737 2225 5787 τι,

2338 5722 2365 5775 ἰ.
2461 5723 2507 5758 ’θ
2539 5721 2730 5778 Matth.
2766 5736 2845 5790 ιιι,
2897 5723 2995 5790 ll;
3031 5723 3188 5781 Joan.
3223 5739 3301 5793 ιιι,
3329 5723 3385 5782 5.
3459 5724 3500 5756 "
3525 5717 3676 5778 Exod.
3706 5724 3820 5774 ιιιιιν
