4064 6428
227 387 357 454 11⁸53

1030 388 1362 449 CAPITUM
1398 387 1671 449 THEOL.
1710 387 1805 451 ET
1842 385 2079 452 (ECON.
2119 386 2506 450 CENTURIA
2543 388 2627 450 II.

3329 386 3468 457 1154

220 463 517 567 τούμενονῖ
540 494 897 567 Ἀμφοτέροις
928 494 985 548 δὲ
1020 494 1297 549 Σάϐϐατόν
1314 495 1453 555 ἐστι,
1476 493 1585 547 τῶν
1606 493 1790 557 αὐτοῖς

1897 492 2075 548 sensis
2106 492 2324 551 ratione
2375 493 2671 558 imbutum,
2703 507 2883 565 exque
2929 508 3024 560 ea,
3078 495 3282 566 quibus
3312 512 3469 553 mens

218 587 627 659 ἐνεργουμένων
666 586 810 640 κατά
836 603 895 639 τε
924 584 1122 657 πρᾶξιν
1164 584 1525 657 καὶαθεωρίαν
1583 583 1787 650 καλῶν,

217 683 277 736 τὸ
300 682 472 750 πέρας
496 722 512 747 ,
575 678 675 751 τὴν
729 678 1039 751 πρόσφορον
1083 676 1303 748 ἑκάστῳ
1360 676 1601 749 παρέχον
1658 676 1791 731 avd-

216 790 437 827 παυσιν.

286 953 345 1019 ξε
365 993 379 1006 .
424 954 480 1006 Ὀ
506 952 605 1023 τὴν
634 949 834 1023 ἀρετὴν
868 950 1007 1021 μετὰ
1040 952 1147 1022 ⁶τῆς
1184 950 1503 1022 πρεπούσης
1535 948 1789 1019 γνώσεως

213 1043 477 1111 ἐξανύων,
518 1040 814 1110 ὑποζύγιον
866 1039 981 1111 ἔχει
1015 1040 1075 1093 τὸ
1135 1040 1314 1112 σῶμα,
1346 1040 1491 1111 λόγῳ
1547 1040 1790 1093 ἐλαύνων

212 1135 356 1206 πρὸς
386 1134 481 1205 τὴν
513 1133 620 1187 τῶν
654 1131 1011 1204 καθηκόντων
1035 1130 1321 1201 ἐνέργειαν
1354 1146 1368 1159 °
1402 1130 1570 1183 παῖδα
1596 1129 1672 1193 δὲ,
1696 1129 1788 1183 τὸν

212 1227 305 1279 ἐπ’
330 1227 499 1297 ἀρετῇ
533 1225 676 1278 κατὰ
694 1224 794 1295 τὴν
818 1222 1016 1295 πρᾶξιν
1033 1224 1242 1295 «τρόπον
1273 1239 1287 1254 ο
1315 1224 1484 1294 ἤγουν
1508 1222 1672 1277 αὑτὸν
1696 1221 1788 1274 τὸν

209 1318 343 1375 καθ’
365 1319 423 1371 ὃν
466 1318 500 1388 ἡ
547 1316 718 1388 ἀρετὴ
764 1317 975 1385 πέφυκε
1030 1316 1276 1385 γίνεσθαι
1326 1316 1526 1382 τρόπον
1554 1330 1567 1343 ·
1597 1312 1789 1382 ὥσπερ

208 1412 467 1483 ἀργυρίῳ
498 1412 608 1475 τοῖς
638 1410 994 1482 διακριτικοίς
1020 1408 1298 1479 ὠνηθέντα
1332 1409 1630 1478 λογισμοῖς.
1651 1406 1791 1459 Σάδ-

208 1505 379 1561 6ατον
407 1504 485 1567 δὲ,
514 1506 548 1573 ἡ
572 1504 693 1557 κατ’
719 1501 922 1574 ἀρετὴν
961 1501 1177 1572 ἀπαθὴς
1206 1502 1300 1554 καὶ
1330 1502 1583 1572 είρηναία
1608 1500 1709 1569 τῆς
1727 1517 1789 1553 τε

207 1597 395 1668 ψυχῆς
441 1595 665 1650 καὶτοῦ
727 1595 978 1666 σώματος
1032 1596 1388 1658 κατάστασις,
1413 1594 1579 1664 ήγουν
1630 1592 1792 1651 ἀναλ-

208 1688 436 1750 λοίωτος
466 1687 599 1751 ἕξις.

280 1778 395 1845 Es".
438 1781 494 1833 '0
523 1779 617 1833 τοῦ
643 1777 779 1832 Θεοῦ
806 1778 983 1846 λόγος,
1014 1778 1126 1841 τοῖς
1154 1776 1252 1848 μὲν
1284 1776 1366 1831 ἔτι
1406 1778 1539 1848 περὶ
1581 1777 1650 1833 τὰ
1682 1794 1791 1831 σω-

212 1872 425 1943 ματικὰ
454 1872 551 1941 τῆς
578 1871 779 1941 ἀρετῆς
807 1870 921 1941 εῐδη
949 1869 1011 1923 τὸ
1040 1869 1202 1923 πλέον
1232 1868 1414 1939 ἔχουσι
1434 1873 1532 1940 τῆς
1571 1869 1791 1940 φροντί-
1822 1848 1863 1903 Β

208 1967 321 2031 δος,
360 1965 563 2035 ἄχυρον
591 1963 801 2031 γίνεται
833 1963 930 2016 καὶ
976 1963 1169 2034 χόρτος
1204 1980 1219 1994 '
1253 1962 1561 2034 διατρέφων
1610 1962 1791 2015 αὐτῶν

209 2060 270 2112 τὸ
290 2058 595 2129 παθητικὸν
628 2057 729 2128 τῆς
756 2055 937 2126 ψυχῆς
974 2056 1161 2127 μέρος,
1192 2056 1333 2127 πρὸς
1368 2057 1471 2126 τὴν
1509 2054 1618 2109 τῶν
1662 2056 1791 2127 ἁρε-

207 2147 322 2201 τῶν
355 2145 658 2218 ὑπηρεσίαν
684 2162 700 2179 ’
729 2147 843 2209 τοῖς
887 2147 1219 2217 ἀνηγμένοις
1266 2146 1324 2199 δὲ
1356 2147 1422 2216 τῇ
1451 2144 1655 2215 θεωρίᾳ
1691 2144 1791 2214 τῆς

208 2239 453 2312 ἀληθοῦς
485 2240 592 2294 τῶν
618 2238 779 2293 θείων
817 2241 1221 2310 κατανοήσεως,
1254 2238 1402 2293 ἔστιν
1460 2239 1624 2309 ἄρτος
1677 2236 1793 2292 δια-

207 2333 433 2405 τρέφων
463 2332 645 2385 αύτῶν
664 2334 763 2402 τῆς
787 2331 968 2403 ψυχῆς
997 2332 1057 2385 τὸ
1086 2332 1270 2405 νοερὸν
1294 2332 1429 2401 πρὸς
1459 2329 1667 2399 θεοειδῆ
1703 2345 1793 2391 τε-

207 2424 489 2494 λειότητα.
526 2423 615 2476 Διὸ
639 2424 766 2486 τοὺς
813 2423 1159 2494 πατριάρχας
1198 2422 1526 2492 εὑρίσκομεν
1560 2423 1793 2474 ἐπισιτι-

206 2518 479 2590 ζομένους
508 2518 564 2569 ὲν
592 2519 658 2588 τῇ
685 2515 788 2585 όδῷ
813 2555 829 2580 ,
861 2516 955 2569 καὶ
1006 2516 1220 2578 ἑαυτοῖς
1265 2515 1467 2587 ἄρτους
1491 2553 1507 2578 ,
1550 2514 1647 2568 καὶ
1676 2517 1791 2578 τοῖς

206 2611 359 2674 sm;
384 2608 563 2665 αὐτῶν
592 2609 963 2680 χορτάσματα.
1004 2608 1114 2660 Kal.
1149 2610 1177 2660 ὁ
1209 2609 1267 2660 ἐν
1294 2609 1408 2671 τοῖς
1448 2607 1679 2678 Κριταῖς
1733 2606 1792 2659 δὲ

207 2708 476 2775 Λευὶ-της,
511 2702 590 2773 τῷ
624 2704 682 2756 ἐν
729 2700 917 2771 Γαὸαᾷ
964 2698 1426 2771 ξεναγήσαντιω)
1455 2697 1617 2753 αὑτὸν
1663 2716 1794 2771 πρε-

208 2796 393 2871 σϐύτῃ
426 2794 590 2867 φησίν
616 2810 632 2827 ο
664 2792 801 2848 Εἰσί
829 2792 927 2846 καί
950 2790 1095 2860 ἡμῖν
1126 2790 1313 2859 ἄρτοι,
1347 2790 1449 2847 καί
1476 2788 1602 2857 τοῖς
1627 2789 1792 2857 ὄνοις

207 2886 385 2958 ἡμῶν
412 2886 607 2955 ἄχυρα
633 2900 645 2915 ’
672 2885 770 2939 καὶ
793 2884 905 2939 οὐκ
932 2883 1103 2937 ἐστιν
1123 2880 1434 2951 ὑστέρημα
1462 2880 1588 2948 τοῖς
1614 2880 1793 2936 παισί

208 2997 354 3044 σου,
372 2978 599 3044 παντός
614 2991 799 3041 τινος.

1889 585 2174 656 sapienter
2201 586 2473 656 prmcipit,
2528 602 2741 642 morem
2786 602 3005 657 gerens.
3044 589 3347 644 Amborum
3370 604 3472 643 auo

1889 686 2000 737 tem
2031 676 2332 737 Sabbatum
2374 677 2501 733 linis
2528 688 2633 744 est,
2664 679 2735 735 ab
2778 680 2847 735 iis
2887 680 3067 744 bonis,
3096 679 3300 749 quibus
3348 679 3470 743 sive

1886 771 2126 835 actione,
2147 771 2266 829 sive
2294 771 2759 839 contemplatione
2779 772 3108 845 funguntur,
3136 772 3470 828 convenien-

1888 868 1999 917 tem
2026 862 2324 930 unicuique
2358 862 2607 930 requiem
2637 862 2915 932 praebens.

1961 953 2049 1009 65.
2084 952 2188 1019 Qui
2236 953 2588 1010 convenienti
2632 955 2864 1010 scientia
2896 957 3223 1015 'instructus
3262 956 3471 1011 virtute

1887 1044 2227 1116 defungitur,
2251 1060 2454 1115 corpus
2486 1046 2799 1116 iumentum
2832 1047 2992 1118 τιοο
3044 1050 3232 1113 habet,
3279 1050 3460 1119 ipsum
3493 1109 3501 1132 Ι

1888 1137 2100 1192 ratione
2131 1136 2421 1206 impellens
2443 1137 2512 1191 ad
2536 1152 2598 1192 ea
2631 1138 2959 1207 prastanda,
2983 1154 3104 1209 quae
3122 1140 3282 1194 cilicii
3316 1148 3467 1204 sunt;

1888 1245 2110 1286 servum
2139 1239 2344 1293 autem,
2386 1231 2481 1301 qui
2514 1231 2567 1285 in
2595 1232 2801 1287 virtute
2831 1241 2919 1287 est
2947 1234 3181 1288 actionis
3206 1235 3466 1288 modum:

1888 1323 2069 1393 ipsum
2117 1324 2383 1378 nimirum
2437 1324 2690 1387 modum,
2726 1340 2837 1394 quo
2867 1325 3057 1379 virtuti
3085 1333 3470 1395 comparatum

1890 1422 1950 1477 ut
1972 1414 2261 1482 eﬂiciatur,
2292 1415 2445 1469 velut
2478 1416 2733 1484 pecunia,
2767 1416 3121 1472 discretionis
3159 1418 3470 1472 rationibus

1888 1514 2223 1575 coemptum.
2268 1505 2568 1561 Sabbatum
2608 1523 2762 1572 vero,
2808 1509 3141 1578 tranquillus
3164 1518 3250 1562 est
3276 1526 3340 1564 ac
3371 1513 3514 1578 pa--‘r

1890 1608 2049 1654 catus
2077 1600 2247 1653 animi
2283 1602 2640 1671 corporisque
2669 1601 2891 1656 virtutis
2911 1603 3063 1656 cultu
3093 1610 3299 1667 status;
3332 1616 3472 1656 con-

1890 1700 2043 1749 stans
2060 1691 2271 1747 scilicet
2300 1707 2364 1747 ac
2394 1692 2697 1747 immobilis
2729 1693 2971 1747 habitus.

1958 1784 2049 1839 66.
2082 1783 2313 1839 Divinus
2339 1800 2543 1849 sermo,
2571 1785 2770 1854 bisqui
2795 1785 2977 1840 adhuc
3002 1786 3263 1855 majorem
3296 1783 3470 1840 studii

1890 1883 2105 1947 partem
2153 1884 2320 1947 atque
2368 1893 2598 1948 operam
2655 1877 2804 1932 circa
2841 1878 3117 1932 virtutum
3160 1877 3471 1947 corporalia

1889 1983 2093 2039 genera
2136 1968 2429 2034 collocant,
2467 1972 2623 2039 palea
2666 1968 2885 2024 videtur
2915 1983 2979 2022 ac
3015 1967 3227 2031 fenum,
3275 1982 3470 2021 eorum

1890 2058 2059 2113 animi
2111 2069 2326 2129 partem
2393 2060 2684 2116 aﬂ'ectibus
2729 2060 3023 2114 obnoxiam
3079 2070 3136 2113 et
3184 2058 3471 2128 patibilem

1892 2149 2249 2220 (sentientem
2277 2151 2490 2206 scilicet
2526 2152 2806 2221 allectum)
2843 2151 3114 2205 virtutum
3163 2148 3473 2203 ministerio

1890 2240 2256 2305 laborantem,
2315 2242 2500 2307 alens;
2547 2241 2617 2295 iis
2646 2250 2832 2295 autem
2868 2240 2961 2310 qui
2994 2255 3123 2294 vera
3150 2239 3468 2293 divinarum

1889 2348 2075 2388 rerum
2129 2333 2431 2403 solertique
2491 2332 2960 2403 contemplatione
3005 2330 3253 2402 provecti
3294 2338 3469 2394 sunt,

1891 2426 2052 2496 panis
2084 2433 2212 2490 est,
2270 2426 2490 2481 illorum
2520 2436 2759 2482 mentem
2809 2424 2879 2479 ad
2909 2424 3236 2480 deiformem
3288 2423 3473 2494 perfe-

1891 2520 2128 2575 ctionem
2176 2521 2453 2575 nutriens.
2502 2518 2871 2585 Quamobrem
2918 2519 3087 2571 etiam
3130 2515 3473 2587 patriarchas

1892 2611 1998 2669 iter
2020 2621 2245 2683 agentes
2276 2611 2610 2675 invenimus,
2654 2609 2759 2665 sibi
2794 2609 3006 2679 pariter
3038 2622 3226 2678 panes,
3252 2607 3474 2676 jumen-

1891 2704 2073 2775 tisque
2094 2705 2340 2776 gramina
2384 2713 2550 2774 atque
2579 2703 2781 2774 pabula
2817 2711 3181 2772 congerentes
3209 2700 3275 2753 υ.
3316 2698 3379 2753 In
3407 2697 3474 2751 li-

1891 2797 1994 2852 bro
2023 2812 2244 2868 quoque
2268 2796 2544 2859 Iudicum,
2579 2797 2657 2850 ait
2702 2794 2923 2849 Levites
2953 2793 3093 2859 seni,
3125 2789 3270 2863 apud
3306 2804 3472 2861 quem

1892 2887 1950 2943 in
1972 2889 2155 2945 Gabaa
2185 2897 2447 2960 acceptus
2475 2887 2717 2957 hospitio
2738 2894 2823 2942 est
2847 2903 2862 2940 :
2888 2884 3023 2940 Sunt
3054 2893 3099 2938 et
3119 2882 3265 2937 nobis
3287 2897 3473 2953 panes,

1892 2991 1943 3036 et
1986 2984 2244 3055 jumentis
2293 2984 2484 3037 nostris
2518 2984 2728 3056 palea;
2779 2982 3033 3054 nullaque
3069 2999 3127 3036 re
3154 2982 3471 3051 indigemus,

1892 3075 2029 3128 servi
2060 3075 2141 3127 tui
2162 3072 2230 3127 “.

281 3154 387 3222 ξιτ.
433 3154 492 3209 ὐ
526 3151 623 3207 τοῦ
646 3152 782 3208 Θεοῦ
837 3152 1011 3221 Λόγος
1061 3151 1156 3205 καὶ
1206 3150 1399 3223 δρόσος
1418 3148 1659 3248 λέγεται.
1693 3165 1790 3204 κα..

1960 3160 2049 3216 67.
2080 3161 2309 3217 Divinus
2335 3161 2530 3218 Sermo
2557 3177 2647 3217 ros
2671 3169 2786 3214 tum
2809 3142 3136 3232 appellatur,
3163 3168 3276 3214 tum
3304 3156 3473 3212 etiam

209 3234 369 3301 ἐστιν
394 3262 409 3277 ·
447 3245 543 3299 καὶ
576 3244 723 3316 ὕδωρ
746 3244 840 3303 καὶ
860 3243 1011 3314 πηγὴ
1046 3242 1141 3296 καὶ
1168 3240 1431 3311 ποταμὸς,
1467 3241 1543 3303 ὡς
1586 3228 1791 3312 γέγρα-

1889 3257 1997 3311 est,
2050 3256 2107 3304 et
2136 3264 2278 3319 aqua
2329 3258 2387 3304 et
2435 3247 2559 3303 fons
2609 3248 2943 3319 ﬂuviusque,
3001 3248 3147 3303 sicut
3197 3247 3472 3315 scriptum

206 3356 351 3391 πται
376 3353 391 3367 ·
418 3335 559 3389 κατὰ
588 3334 683 3406 τὴν
709 3333 1077 3403 ὑποκειμένην
1102 3330 1468 3402 δηλονότιτῶν
1487 3328 1792 3400 δεχομένων

1897 3341 2068 3407 est”;
2121 3341 2216 3411 qui
2272 3356 2468 3411 nempe
2501 3343 2655 3413 juxta
2706 3340 3012 3412 subjectam
3049 3338 3473 3409 suscipientium

210 3428 475 3497 δύναμιν,
501 3424 675 3478 ταῦτα
697 3424 795 3478 καὶ
817 3422 893 3476 ὢν
926 3422 1021 3475 καὶ
1050 3421 1354 3491 γινόμενος.
1389 3420 1514 3483 Τοῖς
1556 3418 1654 3488 μὲν
1679 3418 1791 3488 γάρ

1897 3434 2003 3488 vim
2032 3450 2096 3489 ac
2116 3433 2454 3497 facultatem,
2482 3434 2599 3489 haec
2628 3442 2683 3488 et
2702 3432 3307 3488 exsistateteiﬁciatur.
3334 3431 3475 3485 Nam

206 3520 333 3575 ἐστι
357 3518 569 3591 δρόσος,
595 3517 672 3581 ὡς
703 3516 805 3587 τῆς
832 3514 1031 3583 ἔξωθεν
1066 3513 1424 3586 ἐπικειμένης
1442 3513 1629 3575 αὐτοῖς
1658 3510 1790 3581 περὶ

1897 3526 2018 3583 aliis
2045 3524 2267 3595 quidem
2309 3539 2401 3579 ros
2442 3532 2547 3589 est,
2586 3533 2649 3579 ut
2675 3524 2770 3594 qui
2799 3523 3011 3578 scilicet
3049 3519 3473 3592 exstinguenda,

206 3615 270 3669 τὸ
302 3614 469 3685 σῶμα
497 3612 605 3667 τῶν
647 3611 837 3666 παθῶν
890 3608 1191 3682 πυρώσεως
1228 3626 1291 3662 τε
1340 3608 1436 3663 xui.
1487 3608 1787 3679 ἐνεργείας,

210 3707 526 3770 σϐεστικός.
556 3707 681 3769 Τοῖς
710 3705 846 3759 δὲτὸ
876 3703 1039 3775 βάθος
1068 3702 1146 3773 τῷ
1173 3702 1236 3773 ίῷ
1265 3702 1365 3773 τῆς
1384 3701 1586 3765 κακίας
1620 3718 1793 3786 φρυα-

210 3801 473 3874 σομένοις
510 3800 624 3874 [Fr.
673 3808 722 3854 et
746 3798 961 3870 quidam
1000 3797 1149 3868 Regii
1185 3793 1609 3868 φυσσωμένοις],
1645 3794 1794 3848 ἐστὶν

211 3894 394 3967 ὕδωρ·
446 3894 508 3947 ού
560 3892 719 3964 μόνον
753 3892 829 3957 ὡς
877 3890 944 3944 δι’
992 3886 1347 3953 ἀντιπαθείας
1393 3886 1489 3943 τοῦ
1560 3888 1797 3943 ἀντικειι-

215 3986 386 4058 μένου
429 3983 755 4053 φθαρτικδς,
805 3980 941 4035 ἀλλὰ
970 3980 1064 4033 καὶ
1108 3978 1183 4043 ὡς
1238 3978 1588 4050 μεταδοτικὸς
1626 3979 1791 4043 ζωτι-

214 4080 325 4147 κῆς
354 4077 493 4149 πρὸς
528 4074 590 4129 τὸ
618 4070 676 4129 εὖ
729 4070 869 4127 εἶναι
914 4072 1215 4142 δυνάμεως.
1240 4071 1397 4142 Πηγὴ
1429 4070 1506 4137 δὲ,
1551 4071 1795 4135 ἀεννάως

214 4169 437 4240 ἔχουσιν
459 4165 868 4229 ἀναϐλύζουσαν
898 4164 996 4235 τὴν
1013 4163 1126 4227 ἕξιν
1160 4163 1259 4233 τῆς
1308 4162 1560 4234 θεωρίας,
1592 4161 1667 4225 ὡς
1701 4180 1793 4215 σο-

213 4260 350 4328 φίας
373 4257 628 4329 χορηγός.
665 4254 912 4325 Ποταμὸς
934 4254 1010 4318 δὲ,
1044 4255 1157 4317 τοῖς
1186 4252 1285 4324 τὴν
1340 4251 1538 4322 εὐσεϐῆ
1568 4254 1663 4305 καὶ
1696 4254 1793 4323 ὀρ-

1895 3615 2044 3690 quod
2088 3615 2196 3669 illis
2221 3614 2468 3670 exterius
2497 3616 2643 3671 circa
2679 3630 2882 3685 corpus
2923 3614 3244 3678 inardescit,
3289 3612 3478 3667 libidi-

1895 3724 2030 3764 num
2060 3708 2316 3763 incendio
2354 3717 2518 3779 atque
2554 3707 2729 3762 fomiti
2760 3724 2856 3763 seu
2887 3706 3192 3777 operationi
3223 3706 3472 3760 exsistat.

1895 3801 1970 3857 lis
1988 3815 2122 3855 vero
2155 3800 2249 3870 qui
2274 3800 2497 3854 malitiae
2530 3814 2745 3854 veneno
2771 3799 2921 3854 intus
2956 3798 3141 3852 animo
3170 3804 3477 3851 exaestuant

1895 3908 1962 3949 ac
1986 3892 2140 3948 velut
2171 3899 2475 3957 torrentur,
2504 3906 2648 3962 aqua
2685 3900 2791 3956 est,
2820 3906 2929 3945 non
2953 3905 3016 3945 ea
3046 3889 3220 3944 solum
3239 3888 3474 3953 ratione,

1895 3984 2044 4056 quod
2066 4000 2166 4055 per
2196 3984 2531 4038 contrariam
2563 3983 2935 4047 all‘ectionem,
2963 3982 3082 4053 ejus
3113 3980 3260 4051 quod
3286 3980 3477 4035 adver-

1895 4085 2051 4131 satur
2082 4075 2390 4146 perimendi
2414 4074 2526 4129 vim
2549 4075 2739 4139 habet,
2758 4072 2855 4130 sed
2885 4073 3032 4143 quod
3064 4073 3230 4127 etiam
3254 4071 3477 4127 vitalem

1893 4167 2212 4224 facultatem
2264 4168 2331 4223 ad
2361 4168 2501 4223 bene
2526 4168 2795 4237 beateque
2834 4165 3131 4220 vivendum
3177 4180 3244 4220 ex
3275 4180 3333 4219 se
3360 4181 3478 4234 pro-

1895 4260 2037 4339 clive
2074 4261 2300 4331 praebet.
2321 4260 2467 4315 Fons
2499 4268 2684 4315 autem
2706 4300 2721 4326 ,
2757 4257 3095 4329 quibusjugi
3146 4257 3478 4328 scaturigine

284 4403 334 4434 “
357 4400 498 4457 Gen.
524 4414 670 4465 xxxv,
696 4397 787 4453 3‘2.
862 4397 909 4428 “
940 4395 1121 4452 Judic.
1154 4411 1265 4459 nx,
1299 4393 1385 4448 19.
1460 4390 1507 4423 ’⁵
1545 4392 1705 4447 Deut.
1747 4409 1813 4448 xx

1898 4438 1914 4463 ,
1954 4397 2017 4465 2;
2056 4397 2228 4454 Eccli.
2268 4397 2415 4469 1,5;
2455 4413 2544 4463 xv,
2582 4396 2650 4463 '5;
2691 4411 2837 4464 xnv,
2876 4395 2966 4462 ﬂ,
3005 4395 3094 4451 45.

287 4513 372 4585 (9)
426 4510 509 4585 Τῷ
554 4510 625 4565 ἐν
671 4512 721 4563 Γ
718 4508 877 4585 {Iliaci
908 4507 1257 4585 ξειςήσαντιί
1287 4506 1419 4585 Erat
1470 4506 1528 4558 ἐν
1560 4504 1756 4585 Γαδαὼ
1780 4521 1794 4535 ·

1900 4510 2003 4585 νήν
2024 4526 2141 4574 σου,
2182 4508 2329 4585 quod
2364 4507 2471 4585 ἀπὸ
2502 4509 2688 4585 κᾳνῆς
2725 4508 2780 4585 in
2808 4523 2873 4562 ea
2901 4506 3350 4585 suppletum_es_t,
3386 4505 3479 4559 ha-

216 4575 366 4657 ῳιό
398 4575 770 4657 etiam_r_nodo
828 4575 1489 4657 superius__quibusdam_
1527 4575 1798 4657 scriptum

215 4645 328 4719 est,
382 4670 503 4723 cap.
548 4652 645 4723 753
680 4645 1255 4723 Lquodiesthhlarc.
1293 4648 1376 4723 lii,
1452 4645 1666 4723 Στῆναί
1707 4647 1799 4723 τὸν

214 4715 572 4799 ἦλι-ονΔκα-ιᾲ
621 4715 984 4799 Γα6“αἱί›“’-ἰῐι
1040 4718 1222 4773 Marco
1274 4717 1482 4799 editum
1552 4715 1749 4768 Γαϐαῶ
1782 4732 1795 4746 '

218 4789 325 4852 sed
355 4795 516 4863 plane
551 4792 766 4863 legendi
796 4789 1028 4863 Γαϐαών
1065 4806 1080 4821 ·
1129 4803 1233 4843 nec
1268 4789 1430 4863 aiiter
1454 4803 1575 4841 eam
1600 4801 1799 4863 vocem

218 4811 325 4852 seu
395 4811 516 4849 Iane
554 4811 766 4863 legenut
806 4811 1028 4844 ιαοαων
1065 4811 1080 4821 ·
1130 4811 1233 4843 nec
1268 4811 1430 4842 aliter
1454 4811 1575 4841 cum
1610 4811 1799 4841 vocem

215 4870 269 4921 ot
303 4811 443 4919 Lﬂx
472 4864 677 4932 aliique
704 4862 985 4926 scribunt;
1010 4868 1205 4930 estque
1237 4860 1371 4913 urbs
1400 4858 1558 4927 longe
1582 4856 1799 4932 diversa

217 4953 253 4993 a
284 4937 494 4995 Gabaa,
530 4928 604 4987 de
629 4948 736 5002 qua
760 4932 852 4986 hic
884 4946 1063 5002 sermo
1097 4928 1208 4994 est;
1243 4936 1566 5002 necuputem
1629 4928 1800 4981 Maxi-

216 5024 376 5063 mum
408 4996 739 5060 Gabaon-et
787 5002 969 5057 Gabaa
1020 5001 1100 5055 sic
1139 4996 1477 5058 confudisse.
1528 5007 1589 5053 ut
1634 5013 1799 5052 unam

217 5095 287 5134 ac
320 5076 571 5132 eamdem
602 5074 792 5127 urbem
814 5072 1107 5141 putaverit.
1142 5070 1383 5141 Utraque
1410 5070 1467 5122 in
1489 5068 1802 5141 tribuABen-

216 5149 401 5220 jamin
429 5147 567 5220 sita;
593 5138 831 5220 Gabaon
860 5140 1180 5220 metropolis
1218 5138 1560 5220 iievazorum,
1583 5138 1664 5220 A50
1688 5148 1801 5220 sta-

219 5208 333 5275 diis
354 5218 425 5273 ab
452 5208 780 5276 Jerusalem,
816 5228 938 5283 qua:
968 5208 1056 5266 in'
1078 5227 1141 5266 ea
1175 5211 1332 5283 tribu
1358 5210 1631 5283 assignata
1687 5208 1796 5263 fuit

220 5288 436 5344 Levitis
468 5294 523 5341 et
550 5278 967 5341 sacerdotibus:
1000 5296 1064 5337 ac
1101 5290 1239 5336 teste
1274 5278 1445 5343 Hier.,
1480 5278 1584 5334 lsa.
1615 5293 1800 5343 xxvul,

221 5361 319 5421 2|,
344 5360 741 5427 interpretatur
769 5352 1137 5427 collis._Gabaa
1164 5366 1297 5427 vero
1319 5350 1500 5427 Saulis
1524 5350 1659 5427 urbs
1676 5349 1798 5427 fuit.

223 5432 338 5486 lsa.
389 5445 449 5489 ι,
493 5420 586 5482 ἒξ).
621 5424 894 5495 Obstupuit
926 5424 1135 5495 Romo;
1188 5422 1371 5495 ngaa
1400 5420 1596 5476 Saulus
1625 5420 1802 5495 fugit;

226 5501 337 5557 Ubi
386 5500 496 5554 Jer.
550 5497 631 5552 sic
682 5490 852 5550 refert
886 5511 954 5550 ex
988 5492 1171 5548 LXX:
1212 5492 1390 5546 Timor
1450 5490 1803 5561 apprehendet

226 5571 407 5627 Roma
435 5569 698 5623 civitatem
722 5564 856 5620 Saul
873 5581 891 5618 :
917 5565 1063 5634 quod
1086 5573 1143 5618 et
1175 5563 1465 5634 perspicue
1497 5562 1691 5634 falsum
1718 5576 1805 5615 as-

230 5642 400 5703 serit;
422 5638 569 5709 quod
604 5638 660 5691 in
682 5632 969 5709 Hebraico_
986 5632 1411 5709 civitasLASaulis
1443 5647 1576 5709 non_
1610 5632 1800 5709 Rama2

232 5710 335 5765 sed
368 5700 550 5765 Ga'baa
576 5708 903 5777 appelletur.
940 5706 1127 5777 Potuit
1158 5700 1690 5777 Hieroanen‘doso‘
1725 5701 1805 5777 uti

231 5780 373 5836 Cod.
399 5781 484 5835 vel
512 5770 627 5851 jam
650 5770 765 5851 tum
782 5776 1065 5851 laborabat
1096 5776 1129 5844 ἠ
1158 5774 1265 5851 τῷν
1294 5772 1439 5828 LXX
1462 5772 1653 5851 editio,
1677 5770 1805 5827 inde

237 5844 689 5917 nimirum'quod
717 5844 983 5904 omissum
1018 5846 1075 5903 in
1100 5860 1165 5903 ea
1190 5845 1270 5913 τὸ,
1323 5844 1659 5914 χρηματισον
1690 5859 1806 5912 φω-

1900 4575 2106 4650 betque
2123 4575 2228 4636 sub
2248 4579 2513 4650 asterisco
2550 4575 2887 4650 Procopius;
2916 4587 3108 4650 estque
3122 4575 3194 4650 in
3226 4576 3478 4650 Hebraeo.

1902 4646 2043 4705 Hinc
2077 4650 2227 4705 enim
2258 4649 2486 4705 confusa
2510 4665 2633 4703 cum
2688 4646 2858 4703 Roma
2890 4648 3086 4703 civitas
3116 4646 3267 4710 Saul,
3308 4656 3364 4701 et
3392 4649 3477 4710 τὸ,

1901 4720 2155 4789 φεύξεται
2184 4722 2251 4775 ad
2290 4720 2579 4789 sequentia
2609 4719 2865 4782 relatum,
2920 4735 2989 4772 ne
3021 4719 3139 4773 sine
3172 4718 3343 4789 verbo
3382 4732 3481 4786 po-

1901 4787 2069 4844 Situm
2100 4806 2303 4846 nomen
2347 4787 2655 4853 videretur,
2707 4790 2853 4858 quod
2908 4789 3203 4858 sequitur,
3241 4787 3483 4858 θύγατερ

1902 4806 2069 4844 suum
2100 4806 2303 4846 nomen
2347 4806 2655 4853 vmeretur,
2747 4806 2853 4843 uou
2908 4806 3186 4858 sequitur,
3242 4806 3481 4853 υυγατερ

1902 4861 2165 4930 Γαλλεὶμ..
2195 4860 2451 4916 Proxime
2478 4862 2661 4930 itaque
2693 4806 2983 4915 ﬂebraicis
3014 4856 3361 4930 reddiderint
3400 4872 3481 4930 sa-

1902 4925 2231 5001 pientissimi
2278 4930 2417 4994 Viri,
2444 4925 2611 4995 Φόϐος
2644 4930 2870 4999 λήψεται
2898 4930 3085 5001 ίῬαμᾶ
3108 4928 3280 5001 πόλιν)
3306 4925 3482 4978 Σαοὺλ

1903 4997 2183 5069 ἱρεύξεται,
2246 5002 2328 5069 uti
2380 5001 2601 5070 Argent.
2636 4997 2839 5070 aliique
2894 4997 3277 5070 habent;_vel
3331 5005 3481 5070 certe

1901 5066 2070 5135 Φόϐος
2104 5066 2339 5141 λήψεται
2385 5066 2568 5142 Ῥοιμᾶ
2603 5066 2777 5142 πόλις·
2812 5071 2986 5142 Σαοὺλ
3043 5067 3318 5142 φεύξεται.
3371 5066 3481 5142 Ma-

1941 5143 2097 5212 isque
2125 5137 2356 5206 ari-idet,
2384 5150 2445 5196 ut
2468 5137 2591 5197 loco
2613 5141 2854 5197 nominis
2884 5137 3113 5210 proprii,
3145 5137 3401 5212 quodest
3425 5138 3481 5212 in

1953 5206 2459 5295 eiimmmaluerint
2474 5212 2866 5295 appellativum
2882 5206 3088 5295 ponere
3108 5227 3122 5262 :
3152 5206 3252 5295 pro
3268 5206 3482 5295 ςαόᾳᾲν

1904 5283 2059 5354 πόλις
2096 5302 2111 5315 ·
2151 5282 2299 5354 quod
2334 5278 2581 5354 proclivi
2603 5296 2795 5337 errore
2824 5278 3366 5354 imperitusscriba
3387 5293 3481 5330 ru-

1905 5353 2101 5423 disque
2160 5347 2352 5409 rerum
2388 5352 2779 5409 liebraicarum
2813 5352 2832 5422 (
2863 5347 3184 5423 ut'fuerunt
3231 5347 3482 5423 plerique

1905 5419 2104 5495 GraEci)
2123 5424 2518 5495 noltvffecerit,
2549 5434 2606 5479 et
2632 5424 2699 5477 ad
2714 5419 2895 5495 Ῥαμᾶ
2921 5421 3195 5495 retulerit,
3217 5434 3340 5495 qua;
3365 5419 3481 5486 ipsa

1906 5489 2139 5560 civitas;
2168 5510 2232 5550 ac
2255 5494 2300 5549 si
2326 5494 2548 5550 nonnisi
2603 5489 2830 5563 proprio
2858 5492 3032 5555 urbis,
3086 5489 3481 5563 appellativum

1906 5574 2031 5635 apte
2086 5559 2243 5636 jungi
2299 5574 2514 5636 posset,
2568 5559 3049 5636 non’ipsum‘per
3098 5559 3170 5616 se
3213 5559 3366 5629 poni,
3418 5572 3481 5611 ac

1906 5633 2119 5717 proprii
2162 5633 2317 5717 loco
2350 5635 2632 5717 supponi:
2685 5633 2831 5704 quod
2891 5633 2961 5717 sit
3012 5642 3193 5717 tamen
3255 5645 3324 5684 ex
3377 5642 3480 5682 usu

1908 5702 2326 5775 interpretantis
2344 5702 2717 5763 non'verbum
2738 5720 2806 5761 ex
2830 5704 3020 5778 verbo,
3047 5702 3385 5774 sedsensum
3413 5712 3485 5754 ex

1907 5790 2071 5833 sensu
2080 5816 2092 5830 .
