4064 6448
230 366 356 432 1157
1020 366 1352 427 CAPITUM
1390 365 1661 426 THEOL.
1700 365 1796 425 ET
1833 365 2066 426 (ECON.
2107 366 2493 428 CENTURIA
2528 368 2612 431 II.
3318 374 3456 441 1158

230 497 323 551 μα.
341 477 531 549 ’Δμὴν
557 476 688 547 γὰρ.
725 492 878 547 φησι,
912 475 1069 546 λέγω
1105 476 1268 546 ὑμῖν,
1296 480 1330 530 ό
1353 476 1676 546 λαμϐάνων
1712 477 1786 529 ὅν
1813 495 1835 551 ι

1849 526 1860 550 λ
1888 476 2158 545 suscepit;
2183 485 2349 546 atque
2379 478 2434 532 in
2458 493 2526 533 eo
2544 477 2873 533 naturaliter
2894 478 3063 535 etiam
3095 480 3454 539 exsistentem

226 586 358 624 τινα
382 569 617 638 πέμψω,
639 568 744 636 ἐμὲ
770 568 1058 637 λαμϐάνει
1086 583 1099 598 ⁸
1135 572 1169 622 ὀ
1210 568 1279 621 δὲ
1309 569 1414 638 ἐμὲ
1442 568 1786 638 λαμϐάνων,

1889 566 2133 637 suscepit
2172 566 2438 635 Spiritum
2474 577 2748 623 sanctum.
2780 568 2872 624 Ait
2919 571 3110 626 enim:
3146 573 3313 627 Amen
3341 576 3458 629 dico

227 658 511 729 λαμϐάνει
567 659 675 713 τὸν
729 659 1050 728 πέμψαντά
1093 676 1191 728 με.
1224 659 1284 713 '0
1312 659 1441 729 γοῦν
1463 660 1684 731 ἐντολὴν
1704 660 1793 713 δε-

1888 656 2048 721 vobis,
2082 658 2172 728 qui
2200 658 2389 728 accipit
2420 658 2466 711 si
2490 675 2642 729 quem
2659 662 2870 726 misero,
2897 678 2979 716 me
2998 664 3224 734 occipit;
3248 666 3338 735 qui
3359 683 3458 719 au—

227 750 458 821 ξάμενος
479 751 575 803 καὶ
610 751 843 820 ποιήσας
891 750 1081 822 αὐτὴν,
1110 750 1290 807 λαϐὼν
1342 750 1454 823 ἔχει
1516 751 1795 824 μυστικῶς

1891 755 1994 801 tem
2019 764 2099 801 me
2124 750 2332 819 accipit,
2366 751 2554 820 accipit
2578 767 2695 806 eum
2726 753 2816 823 qui
2847 769 2928 807 me
2964 755 3106 809 misit
3125 755 3192 810 “.
3221 756 3326 822 Qui
3344 757 3451 827 igi-

224 844 323 913 τὴν
346 842 511 910 ἁγίαν
540 840 766 911 Τριάδα.

1891 848 1983 894 tur
2033 840 2349 895 mandatum
2399 842 2610 912 accepit
2640 844 2886 914 illudque
2920 845 3087 911 fecit,
3131 854 3302 902 totam
3334 864 3460 920 my-

402 966 405 973 .
1890 930 2029 987 stice
2043 941 2288 987 sanctam
2321 931 2645 988 Trinitatem
2677 937 2910 1005 accepit.

297 1020 398 1093 οβ’.
425 1020 649 1087 Δοξάζει
691 1022 783 1076 τὸν
813 1022 947 1077 Θεὸν
972 1022 1029 1076 ὲν
1064 1023 1263 1095 ἐαυτῷ,
1298 1025 1395 1095 οὐχ
1424 1025 1453 1077 6
1482 1024 1662 1094 λόγοις
1702 1024 1797 1095 μό-

1903 1114 1907 1124 .
1962 1024 2050 1077 72.
2184 1023 2366 1124 seipso
2394 1024 2567 1124 Deum
2595 1025 2883 1124 clariﬁcat,
2911 1044 3022 1084 non
3047 1029 3346 1100 quiverhis
3367 1045 3461 1086 so-
3494 1056 3508 1124 1

226 1132 319 1167 νον
343 1116 620 1185 γεραίρων
655 1115 749 1168 τὸν
770 1115 921 1178 Θεὸν,
941 1116 1056 1169 ἀλλ’
1080 1118 1108 1169 6
1129 1116 1217 1169 διὰ
1242 1116 1333 1169 τὸν
1358 1118 1488 1171 Θεὸν
1512 1118 1653 1188 ὑπὲρ
1674 1118 1797 1188 ἀρε-

1892 1114 2173 1169 lummodo
2216 1114 2389 1168 Deum
2428 1114 2697 1180 honorat,
2746 1118 2842 1172 sed
2868 1119 2963 1188 qui
2997 1130 3221 1190 propter
3254 1122 3424 1176 Deum
3445 1160 3459 1185 ,

225 1206 331 1276 τῆς
356 1207 424 1261 τὰ
450 1208 556 1259 τῶν
594 1207 771 1260 πόνων
802 1208 1088 1279 ὑπομένων
1139 1207 1439 1278 παθήματα
1469 1224 1483 1238 ο
1514 1210 1610 1261 καὶ
1652 1208 1800 1260 ἀντι-

1892 1205 2115 1262 virtutis
2145 1220 2344 1270 causa,
2388 1204 2637 1259 laborum
2674 1208 2954 1265 molestias
2997 1218 3161 1279 atque
3190 1225 3465 1267 aerumnas

225 1298 511 1364 δοξάζεται
535 1297 686 1369 παρά
717 1298 888 1363 Θεοῦ,
919 1299 1018 1370 τὴν
1064 1300 1120 1351 ὲν
1167 1298 1244 1369 τῷ
1295 1297 1412 1369 Θεῷ
1462 1298 1637 1364 δόξαν,
1686 1293 1796 1350 οἷον

1892 1294 2168 1363 patienter
2210 1296 2435 1361 tolerat;
2475 1295 2832 1367 vicissimque
2875 1298 3211 1354 clariﬁcatur
3251 1318 3281 1356 a
3311 1302 3424 1356 Deo
3447 1341 3463 1363 ,

227 1390 437 1461 ἀρετῆς
466 1389 696 1443 ἔπαθλον
718 1390 858 1443 κατὰ
883 1389 1101 1459 μέθεξιν
1124 1390 1223 1461 τὴν
1247 1391 1345 1459 τῆς
1392 1389 1663 1453 ἀπαθείας
1707 1406 1799 1442 κο-

1893 1385 1991 1454 qui
2021 1386 2327 1441 claritatem
2362 1401 2484 1455 quae
2524 1387 2579 1441 in
2609 1389 2721 1442 Deo
2750 1397 2856 1454 est,
2898 1390 3051 1444 velut
3078 1392 3298 1447 virtutis
3324 1407 3465 1461 pra:-

229 1480 528 1550 μιζόμενος
561 1482 720 1553 χάριν
745 1482 843 1553 (Ιι).
877 1483 989 1545 Πᾶς
1017 1483 1126 1553 γὰρ
1146 1485 1174 1535 6
1203 1483 1438 1549 δοξάζων
1467 1482 1558 1536 τὸν
1577 1482 1710 1535 Θεὸν
1739 1482 1798 1534 ὲν

1894 1476 2087 1544 mium,
2115 1479 2235 1548 ejus
2246 1480 2483 1549 quodam
2505 1479 2860 1544 commercio,
2884 1476 3277 1550 'impcrturbati
3298 1484 3466 1538 animi

226 1572 411 1641 ἑαυτῷ
436 1572 522 1626 διὰ
541 1572 649 1627 τῶν
672 1575 815 1628 κατὰ
840 1574 940 1646 τὴν
968 1575 1277 1647 πρακτικὴν
1300 1575 1439 1646 ὑπὲρ
1463 1575 1665 1646 ἀρετῆς
1698 1590 1800 1627 πα-

1895 1584 1961 1624 ac
1985 1570 2265 1639 tranquilli
2294 1586 2494 1625 munus
2529 1570 2752 1625 referat.
2785 1571 3046 1641 Quisquis
3071 1573 3217 1627 enim
3247 1574 3468 1628 virtutis

226 1663 514 1734 θημάτων,
547 1663 642 1717 καὶ
676 1664 839 1728 αὐτὸς
887 1666 947 1718 ὲν
984 1664 1062 1736 τῷ
1086 1665 1205 1736 Θεῷ
1237 1666 1551 1731 δοξάζεται,
1585 1667 1673 1719 διὰ
1701 1667 1800 1735 τῆς

1896 1675 2060 1715 causa
2089 1676 2190 1730 pro
2227 1662 2391 1717 activi
2436 1678 2666 1717 munere
2699 1662 2916 1718 labores
2941 1663 3262 1718 desudando
3291 1665 3465 1718 Deum

226 1752 377 1804 κατά
402 1752 501 1823 τὴν
530 1751 762 1823 θεωρίαν
802 1752 1046 1817 ἀπαθοῦς
1090 1754 1197 1809 τῶν
1245 1754 1404 1808 θείων
1456 1754 1794 1825 ὲλλάμψεως.

1897 1751 2182 1816 clariﬁcat,
2206 1752 2322 1821 ipse
2367 1753 2531 1808 etiam
2556 1770 2587 1808 a
2610 1754 2723 1808 Deo
2759 1754 3112 1818 clarilicatur,
3138 1770 3238 1825 per
3271 1755 3471 1826 imper-

226 1843 371 1913 Φησὶ
395 1843 557 1915 γὰρὸ
597 1845 802 1915 Κύριος
848 1843 940 1897 ἐπὶ
990 1845 1051 1898 τὸ
1099 1846 1269 1909 πάθος
1315 1846 1607 1917 ἐρχόμενος
1631 1863 1645 1879 ·
1673 1846 1804 1901 Νῦν

1862 1846 1876 1899 ι
1905 1844 2105 1899 turbati
2135 1845 2304 1898 animi
2339 1846 2777 1915 contemplandis
2798 1845 3001 1901 divinis
3024 1845 3467 1901 illustrationem.

226 1932 534 2003 ἐδοξάσθη
563 1938 596 1988 ό
633 1937 765 2002 Υἱὸς
796 1936 901 1991 τοῦ
922 1937 1255 2006 ἀνθρώπου,
1277 1936 1375 1990 καὶ
1416 1940 1449 1992 ό
1485 1939 1628 2003 Θεὸς
1671 1937 1801 1991 ἐδο-

1899 1937 1990 1993 Ait
2017 1938 2165 1992 enim
2184 1938 2449 1993 Dominus
2478 1938 2545 1992 ad
2569 1938 2876 2007 passionem
2901 1937 3107 1992 vadens
3139 1956 3152 1991 :
3184 1937 3336 1991 Nunc
3361 1937 3471 1992 cla-

228 2026 432 2093 ξάσθη
451 2027 520 2079 ἐν
547 2027 725 2093 αὐτῷ.
753 2031 824 2082 Ei
852 2032 884 2083 ό
912 2030 1050 2091 Θεὸς
1083 2028 1382 2097 ἐδοξάσθη
1402 2030 1472 2082 ὲν
1491 2027 1650 2094 αὑτῷ
1668 2067 1683 2091 ,
1701 2028 1801 2083 καὶ

1901 2030 2139 2097 ri/icatus
2170 2038 2247 2083 est
2290 2029 2455 2084 Filius
2510 2030 2754 2094 hominis,
2795 2038 2843 2083 et
2880 2029 3020 2083 Deus
3049 2028 3371 2098 cluriﬁcatus
3401 2037 3473 2088 ιιι

226 2118 263 2168 ὁ
288 2117 440 2185 Θεὸς
464 2118 709 2183 δοξάσει
734 2121 922 2174 αὐτὸν
960 2120 1029 2174 ἐν
1052 2120 1244 2187 ἐαυτῷ
1270 2138 1286 2155 ο
1327 2122 1427 2176 καὶ
1474 2122 1655 2186 εὐθὺς
1698 2120 1802 2174 δο-

1900 2121 1956 2175 in
1985 2136 2064 2173 eo.
2110 2119 2167 2173 Si
2192 2119 2331 2173 Deus
2360 2119 2681 2188 clariﬁcatus
2716 2128 2793 2173 est
2818 2121 2873 2173 in
2905 2136 2984 2183 eo,
3015 2128 3063 2173 et
3105 2119 3244 2173 Deus
3276 2118 3478 2187 clari/i-

227 2206 411 2269 ξάσει
448 2212 655 2268 αὐτόν.
697 2211 786 2276 Ὠς
835 2211 1081 2266 ἐντεῦθεν
1134 2208 1273 2267 εἶναι
1317 2213 1506 2285 δῆλον,
1553 2215 1635 2267 ὅτι
1688 2212 1803 2275 τοῖς

1902 2211 2040 2265 cabit
2086 2228 2204 2265 eum
2260 2212 2317 2264 in
2377 2213 2693 2282 semetipso,
2725 2218 2790 2265 ‘et
2846 2213 3090 2265 continuo
3156 2209 3476 2278 clariﬁcabit

228 2300 380 2371 ὑπὲρ
406 2301 609 2373 ἀρετῆς
635 2302 975 2375 παθήμασιν,
1005 2304 1430 2360 ἐπακολουθοῦσι
1458 2305 1529 2359 τὰ
1555 2304 1676 2359 θεῖα
1702 2321 1804 2374 χα-

1903 2318 2025 2357 eum
2051 2302 2117 2356 ³ο.
2140 2301 2211 2356 Ut
2236 2301 2365 2356 inde
2384 2302 2562 2371 palam
2592 2308 2779 2370 queat,
2823 2300 3009 2356 divina
3037 2315 3268 2355 munera
3319 2300 3476 2353 labo—

230 2394 499 2464 ρίσματα,
1904 2408 1994 2449 res
2028 2392 2281 2448 comitari
2334 2407 2476 2462 quos
2528 2392 2755 2448 virtutis
2804 2406 2967 2447 causa
3022 2393 3379 2457 sustinemus,
3414 2406 3479 2446 ac

1903 2500 2198 2541 aerumnas.

305 2568 411 2639 ογ’.
443 2571 591 2634 Ἕως
618 2571 710 2624 τὸν
731 2572 791 2626 ὲν
833 2572 911 2643 τῷ
940 2573 1089 2646 ῥητῷ
1119 2573 1180 2645 (i)
1206 2573 1304 2644 τῆς
1365 2573 1527 2643 ἁγίας
1583 2572 1808 2644 Γραφῆς

1978 2578 2064 2633 75.
2096 2576 2352 2643 Quandiu
2376 2576 2433 2631 in
2460 2591 2631 2631 sacrae
2665 2575 2968 2647 Scriptura:
2994 2577 3183 2631 littera
3215 2575 3365 2630 varie
3382 2589 3481 2644 per

229 2660 504 2725 ποικίλως
553 2662 640 2716 διά
658 2661 769 2715 τῶν
806 2664 1143 2735 αἰνιγμάτων
1178 2663 1646 2734 σεσωματωμένον
1673 2662 1809 2737 ὀρῶ-

1905 2667 2194 2739 ωηίεηιοια
2245 2666 2342 2721 Dei
2380 2666 2705 2721 Sermonem
2754 2674 3109 2736 corporatum
3164 2665 3478 2729 cernimus,

233 2772 342 2826 μεν
374 2756 468 2808 τὸν
511 2755 605 2808 τοῦ
634 2754 769 2809 Θεοῦ
816 2758 1010 2826 Λόγον,
1054 2757 1205 2812 οῦπω
1238 2758 1328 2811 τὸν
1372 2756 1663 2828 ἀσώματον
1712 2756 1808 2811 καὶ

1907 2759 2153 2814 nondum
2191 2759 2579 2829 incorporeum
2611 2757 3030 2826 simplicemque
3061 2756 3391 2827 singularem
3420 2770 3482 2809 ac

230 2847 449 2901 ἁπλοῦν
480 2848 573 2901 καὶ
615 2848 814 2901 ὲνιαίον
843 2850 935 2902 καὶ
978 2848 1135 2919 μόνον
1154 2888 1170 2911 ,
1209 2849 1285 2913 ὡς
1317 2850 1374 2902 ὲν
1408 2849 1686 2920 ἀσωμάτῳ
1713 2848 1809 2902 καὶ

1908 2851 2156 2914 unicum,
2190 2850 2345 2904 velut
2379 2850 2436 2904 in
2472 2849 2800 2918 incorporeo
2827 2857 2882 2902 et
2915 2847 3152 2916 simplici
3179 2862 3243 2901 ac
3290 2845 3479 2916 singu-

232 2939 403 3010 ἁπλῷ
430 2940 525 2993 καὶ
559 2939 747 3011 ὲνιαίῳ
775 2940 870 2994 καὶ
920 2941 1065 3012 μόνῳ
1098 2940 1212 3011 Υἰῷ
1254 2942 1460 3012 νοητῶς
1503 2940 1811 3011 τεθεάμεθα

1909 2942 2010 2998 lari
2031 2950 2195 3011 atque
2227 2941 2392 2996 unico
2423 2941 2585 3005 Filio,
2610 2940 2852 2995 vidimus
2880 2940 3122 3005 Patrem,
3157 2939 3311 3009 juxta
3333 2937 3478 3007 quod

231 3031 485 3100 Πατέρα,
542 3030 686 3085 κατά
725 3030 787 3084 τὸ
818 3069 834 3094 ,
875 3030 939 3085 '0
990 3031 1258 3098 ἑωρακὼς
1296 3031 1402 3101 ἐμὲ
1450 3031 1672 3100 ἑώρακε
1704 3031 1812 3085 τὸν

1910 3036 2175 3105 scriptum
2198 3041 2282 3088 est
2308 3050 2322 3087 :
2349 3032 2451 3098 Qui
2490 3034 2617 3087 vidit
2651 3048 2759 3095 me,
2789 3031 2917 3085 vidit
2948 3042 2997 3084 et
3027 3030 3245 3084 Patrem
3283 3031 3349 3085 ³¹.
3379 3030 3479 3083 Et:

230 3124 497 3193 Πατέρα.
539 3126 691 3180 Καί·
734 3126 973 3195 Ἐγὼέν
1017 3124 1098 3192 τῷ
1146 3126 1362 3195 Πατρὶ,
1395 3127 1495 3181 καί
1545 3129 1579 3181 ὁ
1610 3125 1811 3194 Πατὴρ

1848 3190 1878 3197 _
1913 3127 2027 3197 Ego
2051 3125 2108 3179 in
2133 3125 2319 3189 Patre,
2356 3133 2404 3177 et
2421 3123 2583 3177 Pater
2608 3124 2664 3176 in
2695 3139 2777 3176 me
2800 3132 2873 3176 est
2893 3123 2956 3176 3'.
2984 3122 3173 3192 Magna
3209 3136 3342 3192 ergo
3380 3136 3451 3174 no

232 3216 309 3269 ἐν
340 3190 493 3285 ἐμοί.
523 3216 733 3285 Πολλῆς
754 3190 847 3270 οῦν
868 3216 1027 3287 χρεία
1052 3190 1151 3287 τῆς
1174 3190 1507 3287 ἐπιστήμης,
1534 3214 1673 3268 ὥστε
1698 3190 1810 3268 διά-

1878 3198 1880 3246 l
1914 3190 2001 3273 bis
2030 3232 2170 3287 Opus
2194 3215 2418 3270 solertia
2447 3224 2550 3279 est,
2591 3224 2652 3269 ut
2675 3214 2958 3284 perruptis
2992 3190 3149 3284 prius
3184 3190 3483 3267 verborum

230 3303 441 3368 δόντας
467 3306 728 3377 πρότερον
764 3306 834 3358 τὰ
879 3304 1010 3375 περὶ
1037 3304 1127 3358 τὸν
1155 3305 1326 3373 Λόγον
1382 3305 1491 3358 τῶν
1553 3304 1814 3375 ῥημάτων

1915 3307 2327 3378 integumentis,
2354 3307 2501 3362 circa
2537 3306 2859 3363 Sermonem
2886 3321 2984 3361 seu
3004 3306 3242 3361 Verbum
3269 3314 3484 3359 exstan-

232 3396 602 3468 καλύμματα,
633 3396 776 3450 οὕτω
826 3397 1016 3468 γυμνῷ
1056 3395 1135 3468 τῷ
1163 3396 1244 3449 νοῒ
1272 3395 1509 3469 καθαρὸν
1527 3397 1689 3449 αὐτὸν
1728 3397 1814 3466 ἐφ’

1913 3401 2062 3456 tibus
2110 3400 2400 3470 ipsumque
2450 3398 2949 3459 convestientibus,
2986 3397 3065 3452 sic
3110 3396 3258 3451 nuda
3300 3405 3484 3451 mente

235 3487 445 3541 ἑαυτὸν
479 3487 691 3542 ἑστῶτα
726 3488 1025 3541 θεάσασθαι
1054 3486 1213 3559 [unus
1236 3487 1365 3558 Reg.
1387 3486 1693 3559 τεθεᾶσθαι]
1722 3488 1816 3541 τὸν

1916 3492 2097 3564 ipsum
2130 3492 2185 3546 in
2214 3506 2274 3547 se
2296 3506 2499 3562 purum
2543 3506 2643 3561 per
2671 3505 2729 3545 se
2758 3491 3112 3546 exsistcntem
3137 3489 3482 3551 Sermonem,

233 3580 443 3648 Λόγον,
484 3579 575 3632 τὸν
595 3580 653 3633 ὲν
683 3578 862 3649 ἑαυτῷ
890 3579 1077 3648 σαφῶς
1104 3579 1181 3644 ὡς
1247 3579 1468 3649 ἐφικτὸν
1509 3578 1816 3651 ἀνθρώποις

1915 3585 2095 3655 ipsum
2139 3584 2197 3637 in
2246 3598 2307 3638 se
2343 3584 2513 3648 clare,
2548 3581 2730 3653 quoad
2781 3582 3110 3637 mortalibus
3163 3595 3485 3636 concessum

232 3672 340 3725 τὸν
364 3671 584 3741 Πατέρα
614 3668 920 3725 δεικνύντα.
956 3671 1154 3741 Διόπερ
1183 3671 1398 3740 ἀνάγκη
1442 3671 1533 3725 τὸν
1575 3671 1816 3735 εὐσεϐῶς

1914 3684 2036 3741 est,
2082 3674 2300 3729 Patrem
2352 3673 2755 3738 ostendentem,
2786 3673 3090 3729 videamus.
3120 3670 3486 3739 Quamobrem

233 3760 339 3814 τὸν
371 3760 505 3813 Θεὸν
540 3758 924 3828 ἐπιζητοῦντα,
953 3759 1145 3830 μηδενὶ
1187 3759 1506 3828 κρατεῖσθαι
1533 3761 1703 3832 ῥητῷ,
1730 3760 1818 3814 ἵνα

1916 3779 2140 3821 necesse
2165 3772 2269 3830 est,
2306 3773 2366 3819 ut
2396 3761 2491 3833 qui
2526 3763 2700 3817 Deum
2734 3762 2822 3832 pie
2850 3762 3078 3832 quaerit,
3111 3761 3247 3816 nulli
3282 3761 3489 3816 htereat

238 3854 326 3925 μὴ
357 3852 479 3906 ἀντὶ
512 3852 669 3916 Θεοῦ,
697 3852 767 3906 τὰ
791 3852 918 3925 περὶ
939 3852 1073 3905 Θεὸν
1098 3852 1239 3924 λάθῃ
1260 3852 1438 3905 λαϐών
1469 3869 1483 3883 °
1518 3852 1815 3916 τουτέστιν,

1915 3857 2115 3912 litterae
2149 3854 2365 3920 cortici,
2394 3870 2464 3909 ne
2499 3869 2601 3924 pro
2629 3853 2764 3917 Deo,
2796 3868 2918 3922 qua:
2946 3859 3074 3906 sunt
3098 3851 3245 3906 circa
3274 3851 3446 3906 Deum
3472 3891 3487 3915 ,

235 3945 370 3999 ἀντὶ
388 3943 483 3997 τοῦ
538 3944 841 4012 Λόγου,τά
884 3945 1022 4014 ῥητά
1062 3945 1305 4016 στέργων
1347 3943 1665 4015 ἐπισφαλῶς
1719 3944 1819 4014 τῆς

1918 3947 2241 4019 imprudens
2292 3955 2505 4011 sumat;
2556 3960 2625 4000 ne
2677 3944 2889 3999 scilicet
2918 3942 3203 3998 Sermonis
3230 3943 3352 3997 loco
3390 3957 3489 3997 seu

237 4036 490 4107 Γραφῆς,
511 4035 604 4090 τοῦ
635 4036 810 4103 Λόγου
830 4036 1181 4107 διαφυγόντος
1208 4035 1299 4089 τὸν
1324 4035 1449 4090 νοῦν
1496 4037 1561 4089 ὲκ
1589 4036 1699 4090 τῶν
1725 4054 1822 4089 πε-

1918 4040 2087 4097 Verbi
2114 4038 2226 4110 (τοῦ
2257 4039 2452 4108 Λόγου)
2482 4037 2781 4108 Scriptum
2812 4045 3071 4091 contexta
3103 4035 3271 4089 verba
3299 4030 3490 4089 erroie

243 4129 412 4201 ριϐλη
422 4129 609 4199 μάτων
625 4129 849 4201 κρατεῖν
875 4128 1138 4182 δοκοῦντα
1163 4128 1254 4182 τὸν
1279 4127 1571 4197 ἀσώματον
1601 4128 1773 4197 Λόγον
1802 4145 1817 4162 ο

1918 4131 2299 4200 amplectatur,
2332 4129 2597 4184 Sermone
2626 4130 2746 4198 ipso
2794 4143 2859 4182 ac
2910 4127 3091 4183 Verbo
3118 4135 3359 4181 mentem
3399 4124 3491 4179 fu-

241 4223 392 4275 κατά
434 4237 498 4289 γε
540 4221 640 4292 τὴν
672 4220 997 4288 Αἰγυπτίαν,
1027 4221 1127 4290 τὴν
1172 4220 1246 4289 μὴ
1285 4218 1379 4271 τοῦ
1417 4218 1639 4291 Ἰωσὴφ,
1685 4219 1822 4274 ἀλλά

1920 4220 2103 4291 giente
2136 4236 2149 4273 :
2178 4234 2299 4287 quae
2316 4218 2573 4275 videlicet
2605 4234 2673 4271 ex
2705 4217 3067 4279 indumentis,
3103 4216 3493 4284 incorporeum

239 4312 359 4365 τῶν
408 4309 574 4364 αὑτοῦ
628 4310 1031 4382 ἐπιλαϐομένην
1098 4310 1328 4380 ἱματίων
1356 4326 1371 4342 ·
1416 4310 1511 4363 καὶ
1554 4311 1680 4374 τοὺς
1713 4326 1822 4364 πα·-

1920 4324 1979 4364 se
2005 4308 2324 4363 Sermonem
2353 4317 2539 4363 tenere
2576 4307 2900 4372 arbitretur,
2923 4307 3066 4360 haud
3091 4321 3250 4361 secus
3282 4322 3345 4360 ac
3372 4320 3495 4358 mtt-

240 4405 437 4465 λαιε“;;
464 4402 791 4474 ἀνθρώπους
811 4441 827 4466 ,
854 4404 903 4456 oi
935 4403 1071 4476 μόνῃ
1101 4405 1167 4473 τῇ
1208 4403 1512 4474 εὐπρεπείᾳ
1538 4403 1645 4457 τῶν
1686 4404 1823 4475 όρω-

1921 4399 2024 4454 lier
2053 4398 2145 4454 illa
2176 4397 2429 4469 Egyptia
2456 4414 2578 4468 quae
2608 4413 2718 4452 non
2756 4398 3078 4468 Josephum,
3129 4398 3225 4452 sed
3253 4399 3372 4468 ejus
3397 4413 3496 4467 ap-

246 4498 435 4567 μένων
471 4495 947 4566 ὲναπομείναντες,
971 4493 1161 4549 ἔλαθον
1185 4496 1251 4565 τῇ
1278 4495 1455 4549 κτίσει
1470 4494 1821 4567 λατρεύοντες

1887 4490 2222 4586 ,ιιι-εῒιθιιιὶὶι
2270 4491 2496 4546 lacinias
2542 4493 2780 4547 vestium
2806 4493 2976 4558 ";ac
3026 4494 3170 4547 sicut
3204 4493 3492 4548 hominum

247 4588 408 4659 παρὰ
442 4587 535 4640 τὸν
558 4586 843 4641 κτίσαντα.

1984 4580 2105 4634 'isca
2140 4589 2291 4643 tetas,
2322 4593 2444 4649 quae
2474 4578 2529 4633 in
2554 4579 2669 4634 sola
2700 4595 2884 4634 rerum
2916 4580 3092 4635 oculis
3120 4581 3498 4650 expositarum
3582 4602 3589 4609 -

1930 4669 2089 4740 503
2119 4669 2523 4741 magnificentia
2561 4670 2869 4733 immorata,
2919 4686 3031 4725 non
3060 4672 3295 4727 advertit
3347 4688 3501 4726 crea-

1928 4772 2068 4816 turre
2089 4777 2146 4816 se
2178 4762 2363 4831 potius
2391 4762 2618 4825 servire,
2647 4779 2811 4833 quam
2834 4762 3081 4819 Creatori
3108 4764 3172 4818 ³⁵.

318 4853 418 4907 οδ’.
462 4852 521 4905 '0
545 4850 644 4921 τῆς
667 4850 830 4920 άγίας
856 4851 1081 4921 Γραφῆς
1110 4849 1288 4919 λόγος,
1322 4849 1465 4904 κατά
1507 4850 1673 4925 μέρος
1718 4853 1831 4916 τοῖς

2002 4853 2089 4908 74.
2124 4852 2307 4909 Sacrae
2341 4853 2639 4924 Scriptura
2668 4869 2872 4922 sermo,
2903 4854 3324 4909 sublimioribus
3365 4870 3501 4924 pau-

330 5008 377 5039 ²⁹
403 5007 561 5063 Joan.
593 5022 709 5073 xm,
739 5005 831 5060 20.
908 5004 952 5037 ³ο
981 5004 1115 5059 ibid.
1155 5004 1245 5057 51.
1320 5004 1363 5036 ³¹
1396 5003 1552 5060 Joan.
1583 5022 1691 5072 xlv,
1720 5006 1773 5062 9.
1843 5005 1931 5062 “i

1652 5022 1691 5072 ν’,
1720 5006 1773 5062 9.
1843 5005 1889 5039 ³¹
1913 5006 2051 5063 ibid.
2081 5008 2168 5064 10.
2244 5008 2290 5041 ⁸³
2311 5008 2449 5065 Gen.
2481 5025 2661 5075 χχχιχ,
2696 5009 2783 5064 12.
2856 5009 2903 5041 ’³
2934 5011 3090 5065 Rom.
3112 5010 3257 5075 1,25.

332 5152 409 5224 (Ii)
444 5150 564 5216 Τὴν
590 5148 710 5224 τῆς.
749 5149 1039 5224 ἀπαθείας
1063 5145 1459 5224 ’κομιζόμενρς
1480 5218 1491 5224 _
1501 5147 1696 5215 χάριν,
1725 5147 1843 5217 τὴν

1946 5149 2226 5224 νηπτικῶν
2254 5150 2316 5204 21
2331 5149 2428 5224 ,_in
2468 5155 2713 5224 quotum
2741 5155 2922 5224 tentus
2959 5147 3088 5202 Pico
3129 5148 3359 5224 laborat,
3393 5158 3504 5224 tum

250 5217 576 5283 ἀπάθειαν,
616 5219 985 5274 universalius
1020 5218 1112 5271 hic
1145 5219 1313 5289 sumin
1354 5217 1643 5289 Maximus,
1688 5227 1743 5289 et
1778 5226 1840 5272 ut
1947 5217 2109 5289 ipsea
2131 5219 2403 5275 semenda
2424 5217 2742 5273 cumulavit.
2772 5218 2885 5273 Nec
2921 5232 3145 5272 necesse
3168 5219 3378 5287 singula
3400 5220 3486 5276 dis

252 5296 431 5350 etiam
457 5291 859 5346 immunitatem
888 5289 1023 5343 dicit
1048 5304 1079 5340 a
1107 5288 1330 5342 virtutis
1363 5287 1653 5357 laboribus
1680 5288 1837 5342 vitae-
1945 5287 2156 5344 eutere.
2215 5289 2461 5344 Suﬂiciat
2500 5289 2648 5343 illius
2678 5289 2870 5342 mutila
2917 5296 2972 5341 et
2999 5296 3332 5357 praepostera
3385 5307 3508 5345 cum

298 5380 370 5418 ue
399 5362 696 5425 aerumnis;
732 5368 787 5413 et
821 5375 931 5413 non
949 5359 1123 5413 solum
1150 5374 1180 5412 a
1207 5356 1689 5429 perturbationum
1712 5357 1837 5429 libi-
1942 5360 2150 5416 nostris
2179 5359 2410 5429 integris
2447 5359 2707 5429 sanisque
2738 5356 3028 5429 conferre;
3079 5356 3133 5410 in
3163 5358 3365 5429 quibus
3397 5362 3488 5415 elu

298 5382 370 5418 ue
399 5382 696 5425 aerumnis;
732 5382 787 5413 ει
822 5382 931 5413 ΙΙυΙΙ
949 5382 1123 5413 δυιιιιιι
1150 5382 1180 5412 ιι
1208 5382 1689 5428 μεηιιιτυῑιιιυιιυιιι
1712 5382 1837 5412 ιιυι-
1942 5382 2150 5416 ΠΟΒΠΊΒ
2181 5382 2410 5429 Πηρείῃ-ιδ
2447 5382 2707 5428 sameque
2738 5382 3028 5422 cumcrrc;
3080 5382 3133 5410 Ill
3203 5382 3365 5413 UIUUS
3397 5382 3488 5415 CIII

253 5382 568 5500 ginumque
590 5431 875 5495 molestia;
903 5446 1010 5498 qua
1068 5438 1247 5500 tamen
1287 5428 1590 5500 praecipue
1618 5426 1836 5500 divino-
1943 5438 2050 5493 cet,
2107 5438 2223 5484 tum
2286 5429 2450 5483 Marci
2471 5499 2478 5500 γ
2500 5429 2610 5482 alta
2663 5428 2957 5498 theologia,
3008 5438 3122 5482 tum
3163 5382 3391 5500 ιὸῐτυιίιιιί
3428 5431 3491 5498 ju

257 5521 386 5559 rum
441 5498 923 5570 contemplationis
949 5498 1244 5553 illustratio
1277 5498 1432 5619 gipsa
1483 5498 1685 5552 divina:
1726 5499 1836 5553 cla—
1942 5499 2147 5555 dicium
2201 5508 2257 5555 et
2296 5499 2555 5563 solertia;
2625 5500 2717 5567 qui
2792 5508 3049 5566 tanquam
3103 5498 3334 5568 gemmis
3392 5500 3487 5569 pul

259 5574 447 5619 rimis
474 5571 857 5619 narticinalmn
888 5567 1130 5619 nmnusl
1166 5570 1277 5619 ἀπα
1316 5568 1379 5619 ’ἧς
1431 5568 1508 5619 illi
1574 5568 1830 5619 dicitur:
1940 5571 2275 5619 clmrrimis-
2340 5569 2452 5619 illis
2501 5568 2672 5619 Marci
2722 5568 3035 5619 capitibus.
3089 5583 3185 5619 sua
3250 5569 3364 5619 haec
3418 5586 3487 5619 nu

259 5574 447 5628 ritatis
474 5567 857 5642 panici—patum
888 5585 1085 5642 munus
1113 5567 1379 5642 λάπαθὴς
1415 5568 1509 5642 illi
1574 5568 1781 5642 dicitur
1816 5586 1830 5635 ;
1940 5571 2233 5642 clterrimis
2261 5612 2275 5633 ,
2340 5569 2452 5642 illis
2501 5568 2672 5622 Marci
2722 5568 2995 5642 capitibus
3021 5609 3035 5631 ,
3089 5567 3185 5642 sua
3223 5569 3364 5642 illaec
3395 5567 3489 5639 ipu

260 5660 430 5713 quam
465 5636 534 5695 {id
568 5636 861 5713 passionem
880 5640 1083 5713 vadens
1106 5636 1496 5713 Dontinus,_é7:i
1555 5636 1617 5691 16
1664 5639 1832 5703 πάθος

1940 5641 2141 5713 taverit
2170 5639 2398 5713 ditanda
2426 5653 2556 5695 vere
2587 5636 2881 5707 γνωστικά,
2909 5653 2971 5693 ac
3001 5639 3286 5709 sapientia:
3305 5636 3508 5710 plenis—

262 5708 581 5784 ἕρχόμενος,
616 5712 1030 5784 sibi_nobisque
1068 5708 1494 5784 postulatgarit“
1594 5780 1604 5784 _
1765 5779 1776 5784 _

708 5712 1030 5784 [nobisque
1068 5708 1494 5784 postulatgarit“
1594 5780 1604 5784 _
1765 5779 1776 5784 _
1935 5711 2074 5767 sima
2119 5711 2313 5781 capita.

330 5777 595 5857 ι’(ἰ)”¹Εως
650 5782 756 5835 τοῦ
802 5783 871 5835 ἐν
926 5777 1005 5845 τῷ
1043 5777 1223 5847 ῥητῷ.
1300 5778 1394 5831 Est
1446 5777 1607 5835 Marci
1661 5779 1824 5849 capit.
