4064 6428
645 360 784 426 1150

1794 353 1856 414 S.
1904 352 2190 414 MAXIMI
2225 350 2728 413 CONFESSORIS

3691 350 3796 416 1160

643 468 798 527 latim
822 462 1145 520 notionibus
1173 459 1486 532 sensisque,
1525 474 1720 520 eorum
1753 475 1874 529 quae
1912 461 1968 516 in
1997 475 2066 515 eo
2087 474 2208 514 cor-
2235 482 2248 518 Α

2194 490 2208 501 -
2235 465 2280 528 Α
2305 460 2656 531 ὑψηλοτέροις
2688 462 2922 533 νοήμασι
2953 460 3052 532 τὴν
3080 458 3192 512 τῶν
3221 460 3309 512 ἐπ’
3329 458 3474 528 αὐτῷ
3525 465 3799 529 σωματικῶς

643 558 907 632 paraliter
961 557 1089 613 ﬁcta
1131 556 1413 619 dicuntur,
1464 553 1920 624 compositionem
1972 567 2202 616 exuens,

645 663 907 721 tanquam
945 651 1004 706 in
1028 665 1163 706 voce
1189 662 1338 706 aurae
1369 647 1552 703 tenuis
1577 647 1852 706 exsistens
1888 647 1956 710 ³⁵,
1992 646 2206 715 perspi-

644 741 850 798 caciori
887 739 1058 803 menti
1097 739 1441 805 ostenditur;
1472 739 1525 794 ei
1556 739 1812 794 nimirum
1848 753 1970 808 quae
1994 751 2205 792 summe

643 850 764 892 eam
785 831 1165 896 deﬁcientibus
1182 830 1522 892 naturalibus
1535 829 1965 903 Operationibus,
1983 842 2204 882 sensum

645 921 907 976 duntaxat
950 919 1230 989 percipere
1277 917 1473 987 potuit,
1519 919 1636 987 ejus
1677 917 2060 987 simplicitatis,
2099 930 2206 984 qua

647 1012 726 1070 illi
747 1012 940 1066 Sermo
975 1009 1092 1080 (seu
1129 1009 1390 1080 Verbum)
1429 1009 1695 1079 tantisper
1720 1008 2026 1072 indicatur;
2061 1006 2206 1061 haud

646 1118 805 1160 secus
846 1118 910 1157 ac
952 1116 1181 1172 magnus
1220 1101 1388 1166 Elias,
1424 1102 1514 1163 ,cui
1573 1101 1630 1155 in
1678 1116 1846 1170 specu
1889 1098 2070 1154 Horeb
2115 1098 2206 1153 illa

645 1191 784 1256 visio
811 1189 1022 1259 obtigit.
1062 1188 1243 1244 Horcb
1271 1190 1440 1254 enim,
1484 1189 1531 1244 si
1565 1204 1765 1248 nomen
1807 1185 2203 1256 interpreteris,

649 1281 840 1336 navale
871 1289 974 1344 est,
1005 1279 1153 1349 quod
1187 1280 1450 1336 virtutum
1485 1280 1726 1344 habitus,
1758 1279 1815 1334 in
1840 1295 1983 1335 novo
2023 1278 2208 1349 gratiae

647 1373 847 1443 spiritu
884 1380 987 1427 est.
1031 1371 1239 1441 Specus
1278 1382 1483 1436 autem,
1517 1372 1734 1428 occulta
1772 1372 1954 1425 animo
1995 1379 2080 1425 est
2118 1386 2206 1424 sa-

648 1461 867 1534 pientiae
892 1459 1125 1522 latebra,
1154 1460 1414 1528 illiusque
1443 1460 1595 1514 velut
1627 1459 1887 1531 adytum;
1921 1475 2084 1530 quam
2113 1458 2208 1528 qui

648 1550 927 1622 ingressus
963 1549 1148 1615 fuerit,
1179 1550 1490 1614 scientiam,
1526 1566 1647 1620 quae
1674 1565 1890 1606 omnem
1916 1557 2210 1619 exsuperat

649 1657 873 1700 sensum
899 1641 964 1705 ³⁸,
997 1641 1220 1712 mystice
1252 1640 1584 1710 persentiet;
1620 1640 1678 1694 in
1702 1656 1807 1709 qua
1835 1639 1980 1696 Deus
2007 1638 2209 1693 dicitur

648 1735 935 1792 exsistere.
982 1733 1240 1803 Quisquis
1277 1748 1408 1803 ergo
1457 1733 1630 1793 instar
1660 1732 1839 1803 magni
1870 1732 2001 1786 Elia:
2037 1732 2209 1785 Deum

647 1841 776 1881 vere
799 1824 1016 1895 quaerit,
1042 1839 1152 1878 non
1176 1829 1388 1878 tantum
1415 1838 1473 1877 se
1497 1823 1554 1876 in
1583 1823 1763 1884 Ilorcb
1791 1821 2036 1878 conferet
2063 1820 2206 1889 (tan-
2238 1810 2280 1864 Β

646 1930 808 1984 quam
833 1917 1044 1970 scilicet
1071 1915 1166 1986 qui
1199 1915 1399 1970 actioni
1423 1915 1659 1980 studeat;
1691 1916 1957 1969 virtutum
1975 1913 2208 1982 arripiet

649 2007 944 2076 habitum),
975 2022 1167 2061 verum
1201 2006 1364 2061 etiam
1391 2006 1447 2073 in
1475 2021 1696 2076 specum
1722 2007 1778 2060 in
1821 2005 2002 2061 Horeb
2049 2006 2211 2065 sitam

649 2095 944 2166 pervadet;
975 2105 1230 2166 tanquam
1249 2095 1460 2150 scilicet
1490 2095 1942 2164 contemplationi
1970 2093 2208 2158 deditus,

648 2187 703 2241 in
732 2187 1012 2256 sapientiae
1051 2186 1317 2240 latebram
1369 2185 1660 2256 sinumque
1695 2185 2046 2254 penitiorem,
2090 2199 2213 2254 quae

650 2273 707 2327 in
734 2275 1000 2328 virtutum
1033 2272 1297 2328 duntaxat
1330 2271 1522 2326 habitu
1562 2271 1747 2326 sedem
1782 2270 2001 2326 habeat.

715 2367 802 2421 75.
827 2367 964 2420 Tum
988 2365 1169 2420 clarus
1198 2363 1444 2419 veritatis
1493 2379 1673 2419 sermo
1705 2363 1886 2417 animo
1911 2363 2209 2428 illucescet,

646 2473 793 2513 verae
828 2458 881 2512 ei
911 2458 1155 2513 scientiae
1180 2457 1510 2512 documenta
1542 2453 1815 2526 praebens,
1843 2454 2078 2524 vitasque
2117 2469 2211 2508 su-

646 2547 880 2619 perioris
907 2557 1309 2617 squammarum
1332 2560 1483 2600 more
1519 2545 1576 2600 in
1603 2561 1670 2600 eo
1695 2552 2052 2613 praesumptas
2089 2541 2212 2614 opi-

647 2638 843 2692 niones
881 2637 980 2692 abs
1018 2637 1357 2708 spiritalibus
1397 2635 1573 2690 oculis
1610 2634 1909 2705 depellens,
1936 2648 2061 2688 cum
2092 2632 2141 2687 is
2181 2647 2213 2687 a

649 2745 708 2785 se
742 2730 1013 2784 haerentes
1041 2729 1146 2783 sibi
1187 2727 1520 2800 multiplices
1553 2726 1860 2795 opiniones,
1905 2725 1988 2780 uti
2026 2740 2084 2781 se
2122 2740 2213 2780 res

650 2821 706 2876 in
734 2822 920 2876 divino
948 2820 1530 2892 magnoque'apostolo
1571 2819 1740 2880 Paulo
1777 2817 1988 2882 habuit,
2019 2832 2214 2872 excusa

651 2912 788 2968 serit
815 2913 886 2965 ³⁷.
917 2911 1080 2966 Plane
1106 2911 1254 2967 enim
1289 2925 1585 2981 squammae
1624 2918 1754 2966 sunt
1788 2908 1957 2963 animi
1993 2907 2215 2974 lumini-

650 3004 756 3060 bus
791 3004 1080 3068 haerentes,
1120 3004 1330 3074 nitique
1375 3019 1439 3058 ac
1477 3017 1788 3058 commeare
1821 3001 1895 3056 ad
1935 3001 2212 3056 sincerum

649 3091 902 3147 veritatis
951 3107 1259 3147 sermonem
1307 3091 1702 3163 prohibentes,
1756 3097 1872 3143 tum
1913 3088 2014 3144 soli
2060 3088 2211 3144 Scri-

650 3191 826 3255 ptura:
841 3183 1040 3238 litterae
1054 3185 1280 3254 ejusque
1291 3183 1412 3238 velu
1423 3190 1441 3235 t
1452 3181 1644 3236 cortici
1661 3180 1887 3236 addicta:
1902 3179 2209 3251 opiniones,

651 3284 769 3328 tum
804 3289 984 3328 rerum
1013 3273 1428 3342 aSpectabilium
1465 3286 1633 3327 sensu
1670 3279 1829 3326 tenus
1855 3284 1980 3324 eum
2013 3267 2212 3326 aﬂ‘ectu

650 3377 715 3418 ac
743 3362 970 3416 libidine
993 3372 1263 3432 usurpatae
1288 3363 1547 3417 visiones.

722 3470 808 3524 76.
844 3469 1072 3524 Divinus
1101 3469 1322 3539 quidem
1360 3469 1641 3540 apostolus
1681 3470 1907 3536 Paulus,
1950 3485 2018 3526 ex
2051 3478 2214 3539 parte

651 3579 710 3618 se
736 3562 904 3618 Verbi
946 3561 1311 3633 cognitionem
1352 3572 1574 3628 nactum
1612 3577 1735 3625 esse
1763 3563 1842 3620 ait
1867 3561 1947 3628 ³⁸;
1987 3577 2214 3632 magnus

651 3669 784 3708 vero
831 3654 1069 3712 Joannes
1107 3653 1460 3724 evangelista,
1499 3655 1616 3725 ejus
1650 3669 1709 3710 se
1745 3654 1972 3724 gloriam
2010 3654 2214 3714 vidisse

651 3743 805 3798 dicit.
847 3742 1078 3796 Vidimus
1108 3743 1278 3806 enim,
1324 3742 1522 3814 inquit,
1559 3743 1788 3815 gloriam
1824 3746 1958 3815 ejus,
1989 3745 2214 3816 gloriam

652 3835 808 3906 quasi
835 3833 1100 3904 Unigeniti
1118 3851 1150 3887 ιι
1164 3833 1347 3898 Patre,
1367 3834 1581 3904 plenum
1605 3836 1794 3906 gratia:
1822 3843 1870 3889 et
1891 3838 2129 3892 veritatis
2146 3838 2211 3894 ".

651 3922 794 3979 Num
857 3938 993 3978 vero
1054 3930 1278 3978 sanctus
1327 3924 1549 3993 quidem
1613 3925 1814 3980 Paulus
1847 3966 1862 3991 ,
1930 3943 1998 3982 ex
2062 3937 2215 3997 parte

653 4023 876 4082 nactum
905 4029 964 4070 se
990 4012 1278 4084 scientiam
1296 4011 1454 4077 dixit,
1495 4021 1751 4082 tanquam
1778 4015 1875 4069 Dei
1903 4015 2107 4072 Verbi?
2137 4016 2216 4072 Ex

653 4104 1067 4174 operationibus
1090 4104 1237 4168 enim
1267 4119 1489 4174 quoquo
1525 4105 1689 4164 modo
1718 4106 1894 4162 solum
1926 4108 2172 4164 noscitur
2197 4125 2212 4162 :

653 4187 856 4258 quippe
890 4203 1014 4242 cum
1039 4187 1179 4258 ejus,
1209 4186 1356 4256 quod
1393 4186 1462 4246 ad
1495 4189 1788 4244 essentiam
1821 4190 2214 4244 substantiam-

653 4295 760 4348 qne
799 4288 1028 4350 spectat,
1065 4279 1282 4346 notitia,
1315 4279 1478 4351 504
1516 4280 1731 4336 cunctis
1769 4281 2003 4351 perinde
2052 4297 2216 4353 ange-

654 4369 829 4439 lisque
869 4378 925 4425 et
970 4371 1289 4426 hominibus
1325 4372 1398 4426 sit
1440 4372 1738 4439 inaccessa,
1791 4374 1941 4428 nulla
1988 4389 2216 4444 prorsus

2303 551 2788 623 διαπεπλασμένων
2819 555 2994 625 ῥητῶν
3016 553 3375 620 ἐκδυσάμενος
3409 549 3739 617 σύνθεσιν,ὠς
3759 559 3804 608 ἐν

2303 645 2454 712 φωνῇ
2484 641 2657 712 αῦρας
2689 643 2889 713 λεπτῆς
2914 645 3170 715 ὑπάρχων
3197 641 3468 694 δείκνυται
3497 641 3571 710 τῷ
3605 642 3807 711 διορατιο

2304 738 2528 805 κωτέρῳ
2555 736 2637 791 νοΐ
2662 753 2675 764 ·
2705 735 2782 804 τῷ
2812 735 2898 788 διὰ
2929 735 3029 806 τὴν
3057 735 3234 804 ἄκραν
3258 733 3533 802 ἀπόλειψιν
3566 734 3664 786 τῶν
3693 739 3809 791 κατὰ

2304 825 2466 896 φύσιν
2500 827 2806 896 ἐνεργειῶν,
2838 826 3088 896 αἴσθησιν
3125 826 3286 895 μόνον
3324 825 3592 895 δυνηθέντι
3638 825 3809 890 λαϐεῖν,

2303 922 2402 990 τῆς
2452 918 2542 971 τὸν
2589 920 2757 986 Λόγον
2798 918 2977 982 ποσῶς
3040 916 3352 988 μηνυοόσης
3378 916 3680 985 ἁπλότητος,
3699 921 3811 970 κατά

2304 1011 2393 1064 τὸν
2420 1012 2592 1085 μέγαν
2637 1010 2817 1064 Ἠλίαν
2841 1011 2930 1064 τὸν
2952 1013 3009 1064 ἐν
3033 1010 3109 1080 τῷ
3131 1009 3378 1080 σπηλαίῳ
3405 1009 3600 1079 Χωρηὸ
3646 1011 3813 1078 saxi-1.3;

2305 1099 2602 1163 ἀξιωθέντα
2662 1101 2760 1167 τῆς
2826 1099 3022 1169 ὅψεως.
3076 1097 3278 1169 Χωρὴὸ
3333 1097 3441 1166 γὰρ
3500 1099 3814 1168 ἑρμηνεύεται

2305 1191 2677 1263 νέωμα,.[ιιηιιδ
2711 1191 2838 1261 Reg.
2863 1192 2954 1260 νόη
2965 1190 3083 1262 μαῙ,
3117 1191 3254 1259 ὅπερ
3273 1189 3421 1241 ἐστὶν
3454 1189 3487 1259 ἡ
3511 1190 3566 1240 ἐν
3582 1189 3652 1255 τῴ
3679 1189 3818 1258 καινῷ

2307 1280 2575 1350 πνεύματι
2599 1281 2698 1350 τῆς
2739 1282 2959 1349 χάριτος
3000 1280 3110 1346 ἕξις
3137 1279 3246 1331 τῶν
3274 1278 3504 1348 ἀρετῶν.
3527 1278 3596 1328 Τὸ
3623 1278 3674 1329 δὲ
3703 1279 3820 1346 σπή-

2306 1369 2477 1433 λαιον,
2505 1372 2538 1439 ὴ
2570 1373 2668 1441 τῆς
2691 1371 2880 1440 σοφίας
2902 1371 3017 1423 ἐστί⁵
3044 1369 3186 1422 κατά
3210 1369 3332 1422 νοῦν
3353 1368 3656 1439 κρυφιότης·
3681 1369 3732 1421 ἐν
3751 1365 3821 1442 ᾖό

2307 1463 2616 1532 γενόμενος,
2644 1462 2739 1531 τῆς
2771 1461 2913 1532 ὑπὲρ
2939 1463 3188 1531 αἴσθησιν
3234 1459 3511 1530 μυστικῶς
3546 1459 3822 1526 αἰσθήσεται

2307 1551 2580 1620 γνώσεως,
2609 1553 2666 1604 ἐν
2785 1551 2999 1619 λέγεται
3035 1551 3321 1620 τυγχάνειν
3365 1550 3394 1600 ὁ
3426 1549 3574 1611 θεός.
3610 1551 3710 1612 Πᾶς
3728 1545 3822 1616 ζοῦν

2310 1647 2450 1697 κατὰ
2488 1643 2580 1696 τὸν
2623 1643 2794 1713 μέγαν
2830 1641 3014 1695 Ἠλίαν
3048 1643 3226 1712 ζητῶν
3260 1641 3475 1710 ἀληθῶς
3502 1641 3588 1692 τὸν
3615 1643 3749 1700 Θεὸν.
3773 1642 3821 1694 οὐ

2315 1734 2474 1803 μόνον
2489 1736 2547 1786 ἐν
2574 1735 2774 1804 Χωρὴϐ
2801 1737 3090 1805 γενήσεται
3122 1750 3137 1764 ·
3173 1733 3450 1786 τουτέστιν
3470 1773 3485 1796 ,
3521 1733 3592 1796 ὡς
3629 1749 3823 1802 πρακτιο

2308 1827 2402 1889 κὸς
2427 1828 2486 1879 ἐν
2511 1829 2576 1898 τῇ
2602 1825 2711 1890 ἕξει
2731 1827 2839 1879 τῶν
2856 1826 3064 1896 ἀρετῶν
3087 1842 3102 1856 ·
3143 1825 3280 1879 ἀλλὰ
3307 1826 3403 1878 καὶ
3433 1828 3491 1878 ἐν
3509 1825 3585 1893 τῷ
3613 1825 3824 1894 σπηλαίῳ

2307 1917 2386 1988 τῷ
2411 1920 2469 1970 ἐν
2500 1919 2721 1989 Χωρήϐο
2753 1920 3048 1982 τουτέστιν,
3083 1919 3157 1981 ὡς
3185 1919 3517 1988 θεωρητικὸς
3543 1918 3598 1970 ἐν
3626 1921 3688 1989 τῇ
3719 1935 3822 1988 κρυ·

2309 2007 2520 2076 φιότητι
2541 2007 2642 2076 τῆς
2679 2007 2867 2078 σοφίας
2894 2011 2961 2079 τῇ
2991 2010 3049 2060 ἐν
3080 2009 3216 2078 μόνη
3267 2005 3706 2077 τυγχανούσηλτῇ
3737 2008 3824 2072 ἔξει

2307 2097 2416 2150 τῶν
2443 2095 2700 2176 ἀρετῶν..
3635 2136 3658 2149 .

2379 2344 2470 2401 σε’.
2501 2337 2676 2400 Ὅταν
2702 2348 2731 2401 ό
2763 2347 2885 2410 νοῦς
2932 2347 3030 2410 τάς
3066 2347 3418 2417 ἐπικειμένας
3470 2339 3616 2416 αὐτῷ
3663 2344 3823 2406 πολλὰς

2310 2441 2437 2511 περὶ
2470 2439 2578 2493 τῶν
2604 2439 2775 2492 ὄντων
2798 2441 3138 2510 ἐκτινάξηται
3168 2439 3344 2506 δόξας,
3374 2440 3497 2492 τότε
3527 2439 3688 2508 σαφὴς
3711 2437 3825 2506 αὑτῴ

2308 2533 2407 2603 τῆς
2433 2531 2687 2602 ἀληθείας
2706 2534 2734 2585 ό
2759 2532 2914 2600 λόγος
2967 2532 3358 2601 ἀναφαίνεται,
3387 2531 3562 2594 διδοὺς
3595 2529 3727 2599 αὑτῴ
3749 2530 3822 2598 τῆς

2309 2622 2477 2684 ὅντως
2499 2622 2752 2690 γνώσεως
2775 2621 2875 2684 τὰς
2920 2619 3219 2691 ὑποθήκας,
3243 2621 3338 2674 καὶ
3391 2619 3491 2681 τὰς
3540 2616 3713 2688 πρώην
3757 2615 3824 2666 ἐπ’

2311 2712 2459 2782 αὑτῷ
2505 2711 2802 2784 προλήψεις
2847 2712 2978 2764 ὡσεὶ
3019 2710 3237 2773 λεπίδας
3283 2709 3395 2762 τῶν
3433 2709 3664 2768 όπτικῶν
3697 2708 3822 2760 δυνά-

2313 2821 2460 2878 μεων
2509 2803 2918 2873 ἀπωθούμενος,
2945 2803 3084 2855 κατά
3122 2802 3213 2855 τὸν
3243 2801 3535 2855 Θεσπέσιον
3575 2801 3662 2854 καὶ
3689 2800 3824 2869 μέγαν

2322 2895 2641 2952 Ἀπόστολον
2679 2893 2913 2948 Παῦλον.
2940 2894 3169 2957 Λεπίδες
3203 2893 3312 2963 γάρ
3344 2895 3506 2953 εἰσιν,
3537 2892 3609 2955 ὡς
3633 2891 3822 2962 ἀληθῶς,

2311 2988 2655 3058 ἐπικείμεναι
2690 2987 2766 3058 τῷ
2798 2985 3090 3056 διορατικῷ
3115 2985 3214 3053 τῆς
3237 2984 3436 3054 ψυχῆς,
3465 2985 3560 3038 καὶ
3583 2985 3824 3053 ἀπείργουο

2315 3097 2403 3133 σαι
2428 3079 2525 3152 τὴν
2552 3079 2685 3148 πρὸς
2706 3079 2796 3132 τὸν
2818 3077 3093 3148 ἀκραιφνῆ
3121 3077 3222 3146 τῆς
3253 3075 3516 3147 ἀληθείας
3560 3077 3718 3144 λόγον,
3735 3074 3822 3128 ea.

2312 3174 2490 3240 6ασιν,
2513 3172 2577 3226 αἴ
2599 3189 2656 3225 τε
2686 3171 2822 3243 πρὸς
2846 3171 2905 3224 τὸ
2932 3170 3094 3242 ῥητὸν
3119 3171 3276 3241 μόνον
3302 3171 3404 3240 τῆς
3429 3170 3469 3222 Γ
3473 3171 3641 3239 ραφῆς
3665 3169 3824 3237 ὑπολή-

2310 3267 2454 3335 ψεις,
2491 3263 2724 3320 καὶτῶν
2765 3264 3056 3334 ὁρωμένων
3087 3263 3146 3317 αἱ
3184 3263 3304 3328 κατ’
3335 3262 3586 3333 αἴσθησιν
3628 3277 3824 3332 προσπα-

2312 3359 2423 3422 θεΞς
2455 3357 2697 3429 θεωρίαι.

2385 3449 2493 3515 ος-’.
2525 3454 2543 3471 ‘
2579 3453 2638 3503 ὐ
2687 3449 2786 3521 μὲν
2825 3449 2966 3512 θεῖος
3007 3449 3325 3516 ’Λπόστολος
3373 3448 3600 3510 Παῦλος,
3623 3447 3708 3516 τὴν
3753 3442 3822 3495 τοῦ

2313 3543 2488 3611 Λόγου
2513 3541 2734 3610 γνῶσιν,
2761 3543 2827 3594 ἐκ
2863 3542 3062 3612 μέρους
3093 3540 3194 3610 ἔφη
3218 3539 3527 3606 γινώσκειν.
3569 3539 3623 3592 ’0
3664 3537 3711 3589 δὲ

2312 3649 2413 3703 γας
2437 3633 2824 3704 εὖαγγελιστὴς
2864 3633 3116 3702 Ἰωάννης
3156 3631 3447 3698 τεθεᾶσθαι
3487 3631 3625 3698 λέγει
3645 3628 3728 3696 τὴν
3752 3627 3824 3677 ai-

2311 3724 2406 3779 τοῦ
2427 3723 2597 3793 δόξαν.
2630 3723 3030 3792 Ἑθεασάμεθα
3055 3723 3183 3794 γὰρ,
3211 3725 3396 3793 φησὶν,
3426 3722 3538 3790 τὴν
3555 3721 3722 3781 δόξαν
3741 3720 3820 3768 αὺ-

2312 3818 2440 3890 τοῦ,
2468 3816 2657 3882 δόξαν
2686 3817 2766 3884 ὡς
2785 3815 3163 3883 Μονογενοῦς
3191 3815 3349 3883 παρὰ
3367 3813 3612 3880 Πατρός,
3635 3807 3822 3874 πλήρης

2313 3908 2558 3978 χάριτος
2586 3907 2686 3962 καὶ
2730 3909 3037 3974 ἀληθείας.
3081 3907 3189 3968 Καὶ
3251 3907 3466 3976 μήποτε
3491 3907 3520 3957 ό
3573 3903 3664 3973 μὲν
3704 3901 3820 3964 ἅγιος

2316 4001 2525 4063 Παῦλος
2576 4001 2674 4071 τὴν
2729 4000 2803 4064 ὡς
2841 3999 2975 4054 Θεοῦ
3007 3999 3179 4067 Λόγου
3212 3997 3416 4065 γνῶσιν
3447 3999 3510 4050 ἐκ
3541 3997 3719 4065 μέρους
3741 3991 3820 4058 ἔφη

2313 4094 2622 4162 γινώσκειν.
2654 4093 2749 4145 Ἐκ
2799 4092 2907 4162 γὰρ
2956 4092 3064 4144 τῶν
3111 4088 3436 4160 ἐνεργειῶν,
3490 4086 3660 4149 ποσῶς
3699 4084 3820 4155 μόνον

2313 4185 2662 4254 γινώσκεται.
2707 4184 2769 4238 'H
2836 4186 2943 4256 γὰρ
2999 4185 3086 4236 ἐπ’
3115 4183 3261 4252 αὑτῷ
3313 4182 3435 4240 κατ’
3461 4181 3638 4233 οὐσίαν
3662 4195 3712 4230 τι
3751 4174 3821 4227 καὶ

2316 4263 2608 4332 ὑπόστασιν
2650 4277 2881 4346 γνῶσις,
2935 4277 3136 4346 ὁμοίως
3175 4277 3338 4328 πᾶσιν
3378 4273 3625 4342 ἀγγέλοις
3669 4287 3718 4322 τι
3750 4266 3820 4319 καὶ

2316 4365 2623 4436 ἀνθρώποις
2649 4404 2664 4430 ,
2711 4364 3048 4434 καθέστηκεν
3086 4365 3302 4426 ἄϐατος.
3345 4365 3466 4416 κατ’
3502 4362 3644 4416 οὐδὲν
3686 4355 3820 4412 οὐδενὶ

653 4461 868 4516 ratione
902 4461 1000 4516 ulli
1037 4463 1338 4533 explorata.
1369 4461 1602 4519 Sanctus
1636 4479 1768 4519 vero
1799 4464 2058 4528 Joannes,
2086 4481 2215 4534 per-
2248 4474 2258 4528 ι

2213 4497 2215 4503 ι
2248 4474 2290 4528 ι)
2317 4456 2694 4525 γινωσκομένη
2719 4472 2732 4485 ·
2761 4456 2790 4508 ὁ
2831 4456 2888 4509 δὲ
2933 4456 3087 4523 ἆγιος
3120 4457 3391 4525 Ἰωάννης,
3433 4455 3627 4507 τέλειον
3672 4450 3732 4507 ὡς
3777 4449 3818 4498 ἐν

656 4550 818 4611 tecte,
865 4549 1010 4620 quod
1057 4566 1382 4607 concessum
1425 4551 1745 4608 hominibus
1788 4562 1892 4618 est,
1922 4553 2088 4609 Verbi
2128 4554 2215 4608 in-

654 4639 1027 4694 carnationem
1071 4640 1321 4704 edoctus,
1371 4640 1598 4712 gloriam
1657 4656 1738 4706 se,
1789 4642 1945 4712 quasi
1995 4657 2217 4698 carnem

656 4731 922 4796 Verbum,
960 4732 1036 4784 ait
1072 4731 1449 4802 conspexisse;
1481 4747 1698 4802 nempe,
1729 4733 1932 4788 vidisse
1961 4750 2020 4789 se
2048 4734 2220 4789 ratio-

655 4837 782 4878 nem
832 4830 888 4876 et
928 4820 1116 4887 linem,
1168 4821 1475 4878 secundum
1517 4839 1680 4892 quem
1724 4824 1870 4880 Deus
1917 4824 2094 4892 factus
2133 4835 2221 4880 est

658 4913 844 4978 homo,
877 4913 1096 4982 plenum
1138 4913 1325 4984 gratia:
1370 4923 1427 4968 et
1467 4915 1733 4969 veritatis.
1769 4915 1889 4969 Non
1925 4915 2072 4968 enim
2111 4931 2219 4984 qua

656 5005 870 5059 ratione
895 5005 1194 5061 secundum
1221 5005 1513 5060 essentiam
1533 5005 1698 5068 Deus,
1715 5006 2075 5076 ejusdemque
2093 5023 2218 5062 cum

658 5095 820 5149 Patre
858 5095 1112 5149 essentia:
1150 5105 1254 5159 est,
1294 5095 1623 5171 Unigenitus
1658 5096 1832 5166 gratia
1872 5108 2065 5153 auctus
2099 5109 2218 5168 est;

659 5184 756 5239 sed
796 5201 902 5255 qua
933 5186 1145 5241 ratione
1180 5185 1362 5242 altiori
1403 5186 1632 5242 consilio
1680 5201 1744 5240 ac
1788 5187 2217 5258 dispensatione,

659 5273 839 5332 factus
871 5285 957 5330 est
985 5276 1152 5329 homo
1191 5284 1389 5335 natura
1424 5275 1777 5345 ejusdemque
1816 5276 2096 5331 nobiscum
2131 5293 2220 5333 es-

661 5367 873 5434 sentiae,
898 5381 984 5431 ea,
1019 5375 1247 5437 propter
1283 5380 1406 5430 nos,
1438 5365 1531 5434 qui
1567 5367 1740 5436 gratia
1767 5382 2012 5436 egemus,
2042 5383 2218 5439 exque

660 5459 779 5529 ejus
818 5473 1033 5528 semper
1075 5456 1416 5528 plenitudine
1459 5457 1514 5511 in
1561 5458 1708 5512 omni
1745 5457 1992 5528 profectu
2032 5469 2220 5515 nostro

2315 4547 2640 4618 ἀνθρώποις.
2667 4548 2757 4601 τὸν
2785 4549 2882 4617 τῆς
2911 4547 3372 4618 ἐνανθρωπήσεως
3405 4546 3496 4600 τοῦ
3529 4545 3688 4611 Λόγον
3716 4558 3820 4610 μυηο

2317 4637 2431 4702 θεὶς
2457 4639 2635 4707 λόγον,
2667 4639 2766 4710 τὴν
2798 4640 2874 4702 ὡς
2918 4640 3093 4711 σάρκα
3121 4641 3290 4708 Λόγον
3337 4639 3496 4704 δόξαν
3543 4638 3638 4706 ἔφη
3674 4632 3820 4686 τεθεᾶ-

2318 4730 2443 4785 σθαι
2466 4747 2480 4760 '
2515 4731 2781 4796 τουτέστι,
2815 4731 2904 4784 τὸν
2926 4731 3105 4799 λόγον,
3143 4733 3311 4802 ἤγουν
3360 4731 3455 4784 τὸν
3502 4729 3703 4790 σκοπὸν,
3726 4722 3816 4777 καθ’

2317 4821 2377 4874 ὃν
2397 4808 2426 4874 ό
2445 4821 2576 4884 Θεὸς
2604 4822 2826 4890 γέγονεν
2847 4821 3152 4894 ἄνθρωπος,
3181 4822 3360 4895 πλήρη
3401 4824 3613 4894 χάριτος
3639 4817 3817 4872 sese“.

2318 4929 2401 4975 το,
2441 4911 2538 4965 καὶ
2587 4912 2859 4981 ἀληθείας.
2891 4913 2966 4965 Οὐ
3013 4912 3121 4983 γὰρ
3150 4913 3268 4965 καθ’
3293 4914 3320 4965 ὂ
3348 4914 3466 4967 κατ’
3499 4912 3670 4965 οὐσίαν
3697 4907 3834 4969 Θεδςν,

2319 5005 2413 5059 κα).
2438 5003 2517 5074 τῷ
2540 5003 2658 5074 Θεῷ
2678 5005 2851 5075 Πατρὶ
2880 5003 3160 5074 όμοούσιος
3187 5007 3214 5058 ό
3231 5005 3537 5075 Μονογενὴς
3571 4999 3818 5071 κεχαρίτω-

2317 5114 2431 5161 ται,
2457 5096 2592 5150 ἀλλά
2630 5095 2752 5150 καθ’
2776 5095 2804 5148 ὃ
2831 5095 2989 5165 φύσει
3016 5096 3131 5150 κατ’
3151 5097 3460 5167 οἰκονομίαν
3509 5096 3730 5164 γέγονεν,
3751 5089 3818 5140 ἀνα

2320 5185 2538 5257 θρωπος
2588 5186 2682 5239 καὶ
2723 5187 2856 5256 ἡμῖν
2903 5185 3204 5255 όμοούσιος,
3238 5187 3302 5240 δι’
3340 5189 3488 5258 ἡμᾶς
3512 5183 3817 5256 κεχαρίτωται

2320 5276 2448 5339 τοὺς
2478 5276 2774 5349 χρῄζοντας
2816 5277 3036 5348 χάριτος
3065 5293 3080 5308 ⁸
3122 5281 3215 5333 καὶ
3241 5281 3305 5332 ἐκ
3358 5280 3453 5332 τοῦ
3511 5274 3816 5346 πληρώματθς

2324 5367 2490 5422 αὑτοῦ
2520 5367 2809 5432 διαπαντὸς
2832 5369 2973 5423 κατά
3023 5373 3202 5425 πᾶσαν
3229 5371 3385 5442 ἡμῶν
3430 5367 3690 5442 προκοπὴν
3741 5362 3816 5428 τὴν

2324 5460 2692 5532 ἀναλογοῦσαν
2745 5461 3064 5534 δεχομένους
3099 5463 3279 5535 χάριν.
3312 5459 3468 5517 Ὥστε
3508 5463 3536 5516 ὁ
3577 5461 3660 5516 τὸν
3695 5455 3815 5521 λόγον

732 5615 778 5646 ⁸⁸
807 5613 872 5668 lll
897 5614 1030 5685 Reg.
1070 5631 1177 5678 xxx,
1207 5613 1293 5668 12.
1371 5613 1414 5643 ³⁵
1441 5612 1677 5683 Philipp.
1705 5629 1776 5681 tv,
1810 5615 1860 5669 7.
1941 5614 1984 5646 ³⁷
2014 5614 2134 5671 Act.
2165 5631 2238 5686 ιιι,
2268 5617 2333 5673 l8

1810 5615 1860 5669 7.
1941 5614 1984 5646 ³⁷
2014 5614 2134 5671 Act.
2165 5631 2238 5686 ix,
2268 5617 2353 5673 l8.
2432 5619 2475 5654 ⁸⁸
2508 5621 2528 5676 l
2555 5621 2682 5678 Cor.
2716 5637 2827 5687 xm,
2859 5622 2912 5677 9.
2989 5623 3032 5654 ³⁸
3056 5622 3212 5677 Joan.
3241 5639 3276 5687 ι,
3307 5623 3384 5676 Η.

732 5735 751 5756 ‘
774 5732 857 5788 Cf.
884 5732 1081 5799 Quaest.
1107 5731 1138 5786 9
1166 5731 1233 5787 ad
1264 5730 1623 5787 Thalassium.
