4064 6432
212 331 346 401 1164

1027 344 1363 409 CAPITUM
1396 346 1668 409 THEOL.
1708 347 1806 409 ET
1837 348 2078 412 (ECON.
2118 353 2510 422 CENTURIA
2546 361 2629 423 II.

3346 372 3483 447 1162

207 455 415 507 τελειον
466 453 524 508 ἐν
579 454 762 527 ἐαυτῷ
815 456 1079 527 φυλάξας,
1103 459 1372 535 ἀϐέϐηλον
1418 483 1511 519 του
1553 466 1790 537 δι’ἡμᾶς

1892 483 2317 530 convenientem
2372 480 2605 549 gratiam
2659 482 2981 554 recipimus,
3022 490 3198 558 gratia
3243 492 3482 555 donatus

208 544 591 616 σαρκωθέντος
622 546 760 602 Θεοῦ
790 550 967 618 Λόγου
987 592 1003 617 ,
1033 552 1134 624 τὴν
1169 554 1354 627 πλήρη
1420 557 1644 627 χάριτος
1701 557 1795 610 καὶ

205 637 466 709 ἀληθείας
500 642 791 709 κομίσεται
821 643 1001 709 δόξαν,
1031 647 1125 699 τοῦ
1168 647 1237 701 δι’
1268 650 1417 720 ἡμᾶς
1448 650 1639 705 ἑαυτὸν
1671 649 1792 703 καθ’

207 732 358 802 ἡμᾶς
394 732 719 799 δοξάσαντός
746 752 805 789 τε
829 738 924 790 καὶ
943 738 1272 806 ἀγιάσαντος
1302 742 1440 795 κατά
1484 742 1583 813 τὴν
1626 742 1792 797 αὑτοῦ

208 824 536 894 παρουσίαν.
573 826 762 881 Ὅταν
792 828 922 899 γάρ,
955 831 1140 901 φησὶν,
1172 831 1400 899 ἐκεῖνος
1447 832 1790 903 φανερωθῇ,

206 914 400 987 ὅμοιοι
440 919 600 986 αὐτῷ
619 920 900 992 ἐσόμεθα.

274 1178 375 1244 οξ.
408 1181 554 1245 Ἕως
586 1183 619 1254 ἡ
645 1184 816 1257 ψυχὴ,
850 1187 949 1259 τὴν
979 1188 1089 1244 ἀπὸ
1112 1191 1398 1264 δυνάμεως
1422 1195 1505 1258 είς
1532 1194 1787 1267 δύναμιν,

201 1272 301 1326 καὶ
364 1274 464 1347 τὴν
512 1276 621 1331 ἀπὸ
667 1277 828 1350 δόξης
855 1282 935 1345 εἰς
968 1281 1125 1349 δόξαν
1161 1286 1398 1338 ποιεῖται
1445 1287 1746 1357 μετάόασιν
1772 1304 1786 1318 ⁸

200 1364 478 1429 τουτέστι,
530 1368 631 1438 τὴν
684 1371 796 1424 ἀπὸ
860 1373 1065 1445 ἀρετῆς
1132 1378 1213 1440 εἰς
1276 1377 1479 1450 ἀρετὴν
1561 1380 1790 1450 μείζονα

199 1459 514 1528 προκοπὴν,
551 1459 648 1513 καὶ
692 1460 792 1534 τὴν
831 1464 939 1518 ἀπὸ
980 1467 1236 1533 γνώσεως
1275 1470 1355 1534 εἰς
1403 1470 1604 1538 γνῶσιν
1647 1471 1787 1542 ὑψη-

198 1542 427 1617 λοτέραν
455 1549 742 1618 ἀνάϐασιν,
780 1554 881 1607 οὐκ
914 1557 1194 1612 ἐπαύσατο
1226 1562 1572 1631 παροικοῦσα
1594 1600 1611 1625 ,
1642 1564 1788 1619 κατά

196 1637 260 1690 τδ
302 1641 595 1711 εἰρημένον
621 1659 635 1673 ·
695 1647 907 1701 Πολλὰ
963 1650 1327 1721 παρῴκησεν
1366 1655 1404 1722 ἡ
1446 1657 1616 1725 ψυχή
1642 1676 1783 1727 μου.

198 1728 346 1783 Πολὺ
378 1731 486 1802 γάρ
516 1734 633 1786 ἐστι
662 1733 725 1787 τὸ
756 1734 1048 1809 διάστημα,
1074 1741 1168 1793 καὶ
1198 1742 1260 1795 τὸ
1276 1743 1479 1815 πλῆθος
1506 1746 1615 1799 τῶν
1638 1749 1785 1816 όφει-

194 1819 410 1876 λουσῶν
450 1825 578 1895 παρ’
606 1827 777 1897 αὐτῆς
804 1828 1128 1902 διαὸαθῆναι
1173 1835 1455 1904 γνώσεων,
1485 1838 1679 1911 μέχρις
1721 1836 1782 1895 οῦ
1814 1818 1856 1873 Β

196 1911 574 1971 διελεύσεται
601 1917 673 1971 ἐν
699 1921 861 1988 τόπῳ
893 1924 1133 1994 σκηνῆς
1153 1929 1526 2000 θαυμαστῆς,
1552 1932 1664 2000 ἕως
1679 1934 1785 1990 τοῦ

194 2006 373 2060 οἴκου
392 2008 501 2063 τοῦ
520 2011 688 2065 Θεοῦ·
720 2012 792 2067 ἐν
817 2014 989 2085 φωνῇ
1021 2017 1437 2089 ἀγαλλιάσεως
1460 2022 1559 2078 καὶ
1578 2026 1786 2097 ἐξομο-

189 2102 531 2172 λοῃὲσεως,
550 2104 706 2178 ἤχου
740 2108 1122 2179 ἐορτὰζοντος
1146 2130 1160 2143 '
1187 2114 1277 2168 ἀεὶ
1321 2121 1547 2185 φωναῖς,
1578 2121 1782 2192 φωνὴν,

192 2201 440 2268 νοεραῖς,
481 2201 674 2270 νοεράν
712 2204 1073 2274 προστιθεῖσα
1098 2210 1165 2280 τῇ
1201 2214 1456 2283 προκοπῇ
1490 2213 1599 2266 τῶν
1622 2213 1784 2268 θείων

193 2288 594 2363 θεωρημάτων,
614 2296 755 2365 μετά
773 2296 871 2369 τῆς
892 2299 1034 2353 κατά
1056 2300 1179 2354 νοῦν
1195 2303 1289 2356 ἐπὶ
1303 2306 1415 2369 τοῖς
1431 2305 1784 2378 θεωρηθεῖσιν

189 2385 596 2451 ἀγαλλιάσεως,
632 2388 800 2458 ἤγουν
851 2394 1061 2462 χαρᾶς,
1095 2396 1191 2449 καὶ
1248 2398 1348 2468 τῆς
1405 2401 1782 2474 ἀναλογούσης

187 2476 577 2548 εὐχαριστίας.
599 2481 872 2547 Τοιαύτας
905 2485 1016 2557 γὰρ
1045 2487 1365 2559 ἑορτάζουσι
1392 2491 1616 2558 πάντες,
1647 2496 1697 2549 οἱ
1721 2497 1783 2550 τὸ

188 2568 425 2639 Πνεῦμα
458 2572 558 2642 τῆς
582 2574 805 2643 χάριτος
830 2576 1134 2646 εἰληφότες,
1153 2581 1223 2635 ἐν
1249 2582 1379 2650 ταῖς
1394 2586 1785 2655 καρδίαιςαύο

185 2660 315 2715 τῶν
345 2661 593 2731 κράζων·
641 2666 838 2731 Ἀσϐίὶ,
872 2673 905 2724 o’
927 2672 1130 2728 Πατύο

258 2844 367 2916 οη⁹.
417 2846 475 2899 ’0
501 2847 601 2917 τῆς
633 2848 956 2923 θαυμαστῆς
988 2856 1195 2927 σκηνῆς
1227 2858 1413 2924 τόπος,
1438 2861 1535 2915 καὶ
1563 2863 1783 2937 ἀπαθής

189 2938 316 2992 ἔστι
364 2940 462 2993 καὶ
497 2943 741 3014 ἀπήμων
785 2944 899 3011 ἕξις
941 2947 1051 3001 τῶν
1104 2950 1318 3020 ἀρετῶν
1342 2969 1356 2983 ·
1385 2953 1507 3007 καθ’
1531 2956 1599 3026 ἣν
1632 2957 1661 3009 ὁ
1685 2957 1780 3011 τοῦ

186 3029 333 3083 Θεοῦ
359 3033 645 3102 γινόμενος
668 3036 864 3103 Λόγος,
882 3037 1163 3111 διαφόροις
1194 3042 1406 3114 ἀρετῶν
1436 3045 1660 3099 κάλλεσι
1684 3065 1784 3103 κα-

1896 570 2000 617 est.
2036 563 2248 620 Idcirco
2274 569 2371 637 qui
2406 571 2707 640 perfectam
2743 575 2798 629 in
2830 577 3018 648 seipso
3051 583 3320 640 rationem
3363 603 3484 644 ser-

1897 658 2141 721 vaverit,
2175 659 2667 721 incontaminatam
2715 685 3022 741 puramque
3059 675 3155 729 Dei
3180 678 3344 733 Verbi
3378 697 3483 751 pro

1894 745 2056 800 nobis
2092 746 2384 818 incarnati,
2424 753 2642 823 plenam
2671 760 2859 828 gratia:
2885 770 2941 815 et
2971 762 3226 821 veritatis
3247 745 3479 839 glori-am

1894 840 2236 908 reportabit;
2278 843 2400 916 ejus
2444 848 2711 904 nimirum
2752 853 2848 921 qui
2885 856 3065 910 nostri
3109 873 3275 914 causa
3316 864 3481 919 nobis

1893 929 2095 987 similis
2140 933 2197 987 in
2238 951 2338 990 suo
2382 938 2624 996 adventu
2669 942 2786 1013 ipse
2834 961 2894 1001 se
2943 956 3000 1002 et
3042 951 3376 1010 clariﬁcavit
3423 966 3483 1012 et

1894 1022 2266 1082 sanctiﬁcavit
2298 1028 2365 1082 ⁸ο.
2409 1029 2541 1085 Cum
2572 1034 2721 1088 enim
2750 1036 2863 1104 ille,
2900 1039 3106 1110 inquit,
3143 1048 3478 1116 apparuerit,

1893 1113 2095 1169 similes
2130 1118 2178 1170 ei
2212 1120 2409 1174 erimus
2438 1122 2503 1177 η.

1966 1203 2057 1259 77.
2081 1206 2335 1273 Quandiu
2353 1214 2570 1271 animus
2592 1216 2659 1272 de
2683 1219 2887 1276 virtute
2915 1222 2972 1277 in
2989 1224 3272 1292 virtutem,
3297 1231 3479 1301 deque

1892 1298 2140 1356 claritate
2166 1302 2220 1358 in
2251 1306 2559 1364 claritatem
2590 1313 2818 1378 transit,
2849 1315 2957 1370 hoc
2979 1330 3082 1384 est,
3114 1321 3181 1374 ad
3213 1298 3478 1393 majorem

1892 1389 1961 1446 de
1986 1393 2194 1451 virtute
2217 1397 2273 1451 in
2296 1400 2559 1456 virtutem
2586 1404 2918 1472 profectum,
2945 1408 3122 1479 deque
3154 1389 3382 1469 scientia
3410 1416 3478 1471 ad

1891 1483 2182 1543 scientiam
2207 1492 2459 1546 ascendit
2490 1494 2767 1562 altiorem,
2803 1499 3038 1553 necdum
3072 1500 3237 1555 tinem
3273 1504 3480 1559 incola-

1890 1584 1983 1633 tus
2007 1577 2159 1644 fecit,
2190 1583 2349 1653 juxta
2381 1586 2528 1654 quod
2560 1588 2829 1657 scriptum
2871 1600 2957 1645 est
2988 1609 3000 1644 :
3036 1592 3267 1648 Multum
3301 1596 3479 1651 incola

1894 1668 1993 1738 fuit
2032 1672 2216 1727 anima
2256 1692 2372 1730 mea
2407 1675 2473 1730 δ’.
2518 1677 2704 1750 Longa
2748 1681 2897 1735 enim
2939 1682 3201 1739 distantia
3243 1694 3347 1750 est,
3395 1689 3481 1741 in.

1892 1775 2137 1831 gensque
2182 1764 2263 1819 illi
2300 1770 2615 1837 superanda
2646 1770 2967 1828 notitiarum
3015 1790 3080 1829 ac
3117 1777 3478 1833 scientiarum

1891 1855 2071 1922 copia,
2104 1855 2286 1912 donec
2313 1867 2553 1915 transeat
2583 1864 2639 1917 in
2675 1864 2846 1919 locum
2876 1866 3209 1923 tabernaculi
3242 1871 3482 1926 admira-

1886 1945 2028 2011 bilis,
2070 1965 2234 2019 usque
2272 1952 2344 2007 ad
2378 1955 2594 2010 domum
2628 1956 2754 2023 Dei;
2785 1959 2841 2012 in
2871 1976 2992 2014 voce
3030 1962 3399 2019 exsultationis
3429 1974 3479 2019 ct

1886 2038 2253 2107 confessionis,
2290 2047 2495 2100 sonitus
2530 2046 2795 2117 epulanti:
2827 2049 2901 2117 “;
2935 2058 2997 2105 ut
3028 2067 3250 2123 semper
3281 2070 3473 2111 vocem

1887 2130 2151 2197 vocibus,
2212 2134 2577 2207 intelligentis
2636 2140 2805 2197 animi
2859 2158 3052 2198 vocem
3116 2145 3475 2218 intelligentis

1886 2221 2055 2277 animi
2073 2226 2309 2283 vocibus
2327 2228 2643 2285 divinorum
2666 2233 2916 2302 profectu
2944 2239 3476 2308 contemplationum

1885 2327 2288 2388 sensorumque
2330 2320 2517 2386 addat,
2549 2338 2675 2378 cum
2708 2326 2933 2391 mentis,
2968 2328 3023 2382 in
3057 2329 3126 2384 iis
3156 2347 3278 2399 qua:
3307 2332 3475 2387 intel—

1885 2399 2027 2457 lecta
2060 2402 2271 2460 fuerint
2299 2416 2465 2478 atque
2493 2410 2740 2480 dispecta
2768 2417 3160 2482 exsultatione,
3198 2421 3315 2474 sive
3343 2437 3478 2491 gau-

1884 2491 2000 2557 dio,
2046 2498 2517 2569 convenientique
2574 2517 2677 2572 pro
2728 2505 2850 2574 ejus
2905 2508 3122 2562 ratione
3170 2512 3475 2579 gratiarum

1884 2586 2122 2657 actione.
2190 2589 2344 2645 Talia
2409 2594 2558 2648 enim
2632 2597 2795 2665 epula
2867 2601 3167 2668 epulantur
3224 2601 3477 2673 festaque

1884 2690 2075 2751 agunt,
2139 2684 2461 2756 quicunque
2524 2687 2799 2757 Spiritum
2860 2692 3053 2761 gratia:
3113 2705 3473 2764 acceperunt,

1884 2773 2207 2832 clamantem
2236 2778 2292 2831 in
2313 2793 2492 2834 eorum
2513 2781 2780 2835 cordibus:
2801 2781 2968 2843 Abba,
2998 2782 3163 2838 Pater
3189 2784 3255 2838 ⁸⁸.

1955 2865 2044 2919 78.
2077 2866 2261 2922 Locus
2300 2869 2644 2924 tabernaculi
2676 2870 3045 2937 admirabilis,
3090 2874 3478 2944 pacatissimus

1884 2965 1973 3012 est
1999 2963 2057 3012 et
2085 2957 2349 3013 innoxius
2390 2957 2662 3013 virtutum
2700 2959 2961 3025 habitus;
2998 2976 3109 3030 quo
3150 2961 3249 3016 Dei
3280 2961 3476 3017 Sermo

1885 3048 2211 3112 adveniens,
2237 3048 2466 3105 diverso
2498 3051 2771 3106 virtutum
2805 3053 2982 3116 cultu,
3016 3053 3190 3108 instar
3219 3054 3478 3110 taberna-

183 3128 465 3195 τακοσμεῖ
514 3127 767 3200 καθάπερ
809 3132 1015 3203 σκηνὴν
1051 3134 1151 3206 τὴν
1179 3134 1380 3208 ψυχήν.
1425 3137 1483 3191 Ὀ
1534 3138 1593 3192 δὲ
1630 3136 1778 3203 οἶκος

1888 3142 2020 3206 culi,
2050 3144 2315 3213 praeclare
2367 3147 2615 3201 animum
2662 3156 2824 3202 ornat
2858 3158 3023 3217 atque
3070 3148 3318 3203 instruit.
3375 3149 3476 3205 Dei

183 3217 281 3271 τοῦ
316 3218 543 3291 Θεοῦ,ή
587 3221 652 3275 ὲκ
699 3222 910 3277 πολλῶν
961 3224 1059 3279 καὶ
1112 3226 1388 3299 διαφόρων
1440 3233 1778 3305 συγκειμένη

183 3312 572 3383 θεωρημάτων
597 3315 800 3383 γνῶσίς
835 3319 951 3372 ἐστι
984 3336 998 3351 ο
1028 3320 1153 3375 καθ’
1179 3324 1245 3396 ἢν
1269 3324 1518 3395 ἐνδημῶν
1539 3330 1607 3398 τῇ
1631 3328 1778 3401 ψυχῇ

182 3404 212 3455 ὀ
239 3404 402 3471 Θεὸς,
434 3406 529 3458 τοῦ
555 3407 655 3478 τῆς
684 3410 876 3479 σοφίας
922 3412 1205 3483 κρατῆρος
1258 3417 1665 3489 ἐμπίμπλησιν.
1715 3421 1778 3473 Ἦ

181 3499 237 3553 δὲ
269 3499 429 3572 φωνὴ
471 3502 570 3573 τῆς
611 3503 988 3571 ἀγαλλιάσεως
1024 3508 1167 3572 ἐστι,
1208 3509 1270 3563 τὸ
1303 3511 1399 3563 ἐπὶ
1444 3511 1525 3582 τῷ
1556 3513 1777 3584 πλούτῳ

179 3594 297 3647 τῶν
333 3594 549 3664 ἀρετῶν
584 3596 679 3667 τῆς
704 3596 883 3669 ψυχῆς
915 3600 1215 3672 σκίρτημα.
1252 3604 1316 3656 Ἦ
1346 3604 1403 3657 δὲ
1442 3606 1538 3677 τῆς
1590 3606 1781 3678 ἐξομοο

178 3683 490 3757 λογήσεως,
515 3689 549 3759 ἡ
587 3689 681 3742 ἐπὶ
728 3692 794 3760 τῇ
830 3689 955 3763 δόξῃ
1005 3693 1105 3764 τῆς
1138 3696 1277 3749 κατά
1323 3696 1422 3768 τὴν
1463 3701 1655 3769 σοφίαν
1686 3702 1777 3755 εὐ-

178 3778 363 3849 ωχίας
415 3779 564 3833 ἐστὶν
600 3782 942 3855 εὐχαριστία.
987 3787 1047 3839 ’0
1084 3787 1142 3840 δὲ
1175 3783 1329 3859 ἦχος,
1361 3793 1395 3863 ή
1440 3790 1501 3857 ἐξ
1546 3794 1774 3864 ἀμφοῖν,

178 3873 569 3942 ἀγαλλιάσεως
594 3893 737 3947 φημι
763 3877 859 3931 καὶ
878 3878 1344 3950 ἐξομολογήσεως,
1372 3885 1516 3938 κατά
1538 3888 1776 3959 σύγκρα-

181 3986 272 4029 σιν
305 3969 572 4042 γινομένη
588 3970 848 4043 διηνεκης
880 3974 1118 4046 μυστικὴ
1139 3974 1436 4047 δοξολογία.

252 4158 357 4213 σθ’.
404 4159 464 4212 Ὀ
506 4157 772 4228 γενναίως
806 4160 1226 4222 καταπαλαίσας
1262 4161 1330 4216 τά
1363 4162 1512 4235 πάθη
1543 4164 1638 4218 τοῦ
1670 4165 1777 4219 σώ-

182 4270 382 4323 ματος,
413 4252 508 4307 καὶ
535 4256 649 4316 τοῖς
685 4253 1020 4324 ἀκαθάρτοις
1050 4254 1354 4325 πνεύμασιν
1392 4255 1592 4320 ἱκανῶς
1618 4258 1778 4312 πολε-

182 4344 398 4414 μήσας,
432 4341 528 4396 καὶ
554 4343 655 4412 τῆς
690 4342 886 4395 ἑαυτοῦ
932 4341 1074 4396 κατά
1097 4343 1277 4414 ψυχὴν
1301 4342 1484 4415 χώρας
1509 4346 1776 4411 ἐξελάσας

176 4434 370 4490 αὐτῶν
402 4434 471 4487 τὰ
500 4436 771 4506 νοήματα·
804 4434 1032 4506 καρδίαν
1066 4435 1310 4506 εὐχέσθω
1353 4436 1601 4507 καθαρὰν
1625 4437 1774 4506 αὑτῷ

1882 3244 2069 3290 autem
2102 3235 2325 3303 domus,
2369 3239 2605 3294 scientia
2643 3248 2749 3305 est,
2784 3256 2852 3295 ex
2897 3242 3086 3297 multis
3126 3242 3477 3315 diversisque

1884 3331 2247 3386 theorematis
2300 3332 2593 3402 sensisque
2640 3333 2935 3403 exquisitis
2992 3336 3318 3401 constituta,
3366 3354 3475 3407 qua

1880 3421 2030 3479 Deus
2064 3424 2264 3479 animae
2302 3425 2592 3488 immeans,
2622 3426 2909 3495 sapientiae
2952 3442 3075 3482 eam
3122 3437 3337 3485 cratere
3375 3430 3477 3484 im-

1879 3515 2014 3585 plet.
2051 3517 2166 3572 Vox
2193 3532 2328 3572 vero
2346 3518 2756 3583 exsultationis,
2784 3520 2955 3574 animi
2973 3522 3279 3592 tripudium
3311 3523 3473 3595 505

1880 3618 1987 3675 est,
2025 3609 2097 3664 ob
2127 3609 2399 3665 virtutum
2433 3610 2636 3666 uberes
2673 3610 2919 3667 divitias.
2963 3613 3080 3669 Vox
3115 3622 3300 3669 autem
3337 3631 3474 3670 con-

1879 3702 2161 3767 fessionis,
2215 3702 2517 3773 gratiarum
2564 3704 2708 3758 actio
2750 3719 2853 3774 pro
2893 3721 2956 3759 ea
2996 3706 3269 3772 claritate,
3306 3723 3473 3776 quam

1880 3794 2168 3864 sapientiae
2233 3795 2552 3848 convivium
2607 3796 2823 3851 tribuit.
2888 3798 3177 3852 Postremo
3231 3786 3471 3867 sonitus,

1879 3902 2003 3957 quae
2025 3901 2094 3941 ex
2123 3895 2361 3955 utraque
2391 3887 2532 3956 (tum
2556 3887 2771 3942 scilicet
2793 3888 3166 3944 exsultatione
3191 3897 3307 3943 tum
3339 3905 3475 3945 con-

1878 3976 2143 4047 fessione)
2177 3978 2414 4047 quadam
2458 3979 2863 4048 temperatione
2902 3980 3052 4051 jugis
3085 3980 3316 4049 mystica
3348 3981 3472 4036 lau-

1877 4068 2029 4124 datio
2054 4069 2305 4139 emergit.

1951 4162 2038 4217 79.
2063 4160 2169 4227 Qui
2189 4169 2417 4215 strenue
2436 4158 2679 4229 fortique
2703 4160 2906 4214 robore
2938 4160 3190 4230 corporis
3211 4160 3470 4218 libidines

1878 4259 2044 4321 atque
2069 4251 2205 4305 vitia
2235 4250 2559 4316 debellavit,
2589 4265 2653 4305 ac
2686 4260 2955 4320 quantum
2994 4252 3130 4306 satis
3169 4253 3242 4307 sit
3274 4253 3471 4309 adver-

1880 4359 1977 4400 sus
2022 4344 2341 4399 immundos
2383 4342 2618 4413 spiritus
2666 4342 3024 4413 depugnavit,
3070 4359 3247 4413 exque
3295 4345 3468 4400 animi
3515 4348 3525 4363 '

1883 4439 1971 4495 sui
2028 4438 2258 4508 regione
2311 4452 2511 4491 eorum
2563 4436 2839 4506 cogitatus
2893 4436 3108 4505 expulit
3149 4453 3161 4488 :
3207 4437 3471 4506 precibus

177 4527 433 4596 δοθῆναι,
471 4525 568 4579 καὶ
602 4524 823 4594 πνεῦμα
867 4525 1021 4589 εὐθὲς
1048 4527 1107 4578 ἐν
1137 4529 1249 4589 τοῖς
1288 4526 1544 4594 ὲγκάτοις
1586 4529 1777 4595 ἐγκαι-

1885 4530 2131 4586 enitatur
2149 4544 2247 4583 cor
2272 4529 2380 4584 sibi
2408 4528 2677 4583 mundum
2701 4527 2841 4591 dari,
2869 4535 2926 4583 et
2958 4529 3219 4599 spiritum
3253 4542 3470 4585 rectum

178 4620 438 4692 νισθῆναι
461 4634 475 4648 ⁸
506 4618 774 4679 τουτέστι,
814 4618 1037 4681 τελείως
1062 4619 1169 4671 τῶν
1216 4620 1315 4689 μὲν
1349 4619 1569 4688 φαύλων
1605 4638 1776 4673 κενω-

178 4713 352 4785 θῆναι
376 4712 680 4783 λογισμῶν,
711 4711 820 4765 τῶν
849 4712 908 4765 δὲ
956 4712 1115 4765 θείων
1162 4712 1385 4766 ἐννοιῶν
1417 4712 1775 4785 πληρωθῆναι

177 4806 270 4861 διὰ
304 4805 403 4875 τῆς
424 4804 683 4876 χάριτος·
720 4803 808 4856 ἵνα
859 4802 1087 4872 γένηται
1136 4804 1341 4873 κόσμος
1384 4803 1521 4857 Θεοῦ
1565 4804 1775 4876 νοητῶς

177 4896 441 4969 λαμπρός
495 4912 555 4948 τε
594 4895 689 4949 καὶ
740 4895 935 4965 μέγας.
964 4893 1022 4960 ἐξ
1042 4893 1248 4963 ἠθικῶν
1278 4893 1372 4947 καὶ
1407 4894 1655 4964 φυσικῶν
1678 4896 1776 4949 καὶ

178 4990 518 5061 θεολογικῶν
550 4988 823 5054 συνεστὼς
855 4989 1249 5060 Θεωρημάτων.

251 5179 334 5227 π’.
384 5172 442 5225 ὐ
464 5172 565 5241 τὴν
606 5168 833 5241 καρδίαν
876 5168 1124 5242 καθαρὰν
1155 5169 1550 5242 ἐργασάμενος,
1582 5170 1642 5222 οὐ
1674 5170 1773 5241 μό-

178 5283 274 5321 νον
298 5264 412 5319 τῶν
434 5262 859 5334 ὑποϐεϐηκότων
894 5262 990 5315 καὶ
1024 5261 1165 5331 μετά
1186 5262 1318 5315 Θεὸν
1343 5263 1613 5330 γνώσεται
1646 5263 1774 5326 τοὺς

176 5358 404 5431 λόγους,
435 5359 573 5414 ἀλλά
631 5359 726 5413 καὶ
759 5354 909 5428 αὐτῷ
952 5355 1136 5419 ποσῶς
1184 5355 1322 5429 μετά
1351 5354 1451 5425 τὴν
1494 5355 1605 5408 τῶν
1636 5355 1773 5408 ὅλων

176 5451 457 5519 διάϐασιν,
486 5452 648 5523 ἐνορᾷ
676 5468 689 5482 ’
738 5451 878 5521 ὅπερ
929 5450 1079 5503 ἐστὶν
1139 5448 1441 5519 ἀκρότατον
1474 5448 1629 5511 τέλος
1662 5448 1770 5500 τῶν

178 5544 410 5614 ἀγαθῶν
431 5561 444 5575 ·
468 5545 527 5597 ὲν
624 5542 918 5613 γενόμενος
947 5544 975 5595 ό
1004 5541 1159 5605 Θεὸς.
1186 5542 1329 5607 ἀξιοῖ
1358 5541 1426 5595 τά
1454 5541 1561 5594 ἴδια
1582 5542 1766 5613 γράμ-

183 5655 333 5708 ματα
364 5637 452 5691 διὰ
476 5635 569 5691 τοῦ
599 5634 910 5707 πνεύματος
949 5634 1328 5705 ἐγχαράττειν,
1362 5631 1615 5707 καθάπερ
1659 5637 1769 5690 τισὶ

281 5754 324 5785 ⁸⁸
349 5752 507 5809 Joan.
538 5767 665 5817 ατη,
699 5751 785 5817 i0,
822 5751 910 5805 19.
1016 5753 1059 5784 “
1089 5752 1103 5806 l
1131 5751 1286 5806 ιῐοιιιι.
1313 5766 1390 5816 ιιι,
1426 5750 1482 5805 9..

180 5843 213 5881 ι.
271 5824 352 5879 12.

512 5922 784 5983 Pyrum.
818 5921 935 5981 Gn.
974 5911 1017 5971 Χ
1038 5920 1081 5976 (Σ

1883 4624 1941 4678 in
1979 4622 2291 4678 visceribus
2347 4622 2465 4676 suis
2514 4620 2767 4675 innovari
2810 4620 2888 4688 ⁶⁸;
2934 4632 2996 4677 ιιι
3038 4622 3251 4678 scilicet
3287 4624 3471 4693 pravis

1883 4715 2317 4787 cogitationibus
2348 4715 2513 4785 plene
2550 4714 2843 4779 abdicatis,
2890 4713 3097 4769 divinis
3130 4716 3318 4787 gratiae
3348 4732 3471 4771 mu-

1882 4825 2020 4866 nere
2059 4810 2375 4865 rationibus
2400 4810 2736 4879 impleatur;
2776 4826 2888 4881 quo
2922 4810 3188 4865 nimirum
3226 4812 3470 4881 splendi-

1882 4903 1989 4958 dus
2031 4916 2374 4973 magnusque
2409 4902 2505 4955 Dei
2547 4904 2811 4967 mundus,
2845 4917 2913 4956 ex
2941 4902 3266 4966 moralibus,
3301 4914 3470 4957 natu-

1880 4995 2096 5050 ralibus
2126 5002 2290 5064 atque
2322 4992 2528 5047 divinis
2553 4992 2915 5049 theorematis
2938 4993 3231 5063 sensisque
3264 4994 3468 5048 consti-

1881 5096 2057 5151 tutus,
2089 5086 2379 5142 elIiciatur.

1950 5179 2037 5235 80.
2070 5178 2175 5245 Qui
2206 5194 2302 5233 cor
2329 5177 2600 5233 mundum
2627 5177 2890 5241 reddidit,
2924 5176 3130 5231 nedum
3163 5192 3348 5231 rerum
3378 5176 3467 5230 in-

1877 5271 2146 5327 feriorum
2190 5278 2247 5323 et
2305 5285 2427 5339 quae
2474 5284 2502 5323 a
2550 5269 2664 5323 Deo
2714 5266 2971 5322 secunda:
3029 5275 3179 5329 sunt,
3222 5268 3468 5320 rationes

1879 5363 2191 5435 intelliget,
2233 5378 2430 5417 verum
2470 5362 2638 5417 etiam
2667 5361 2721 5414 in
2776 5360 2956 5430 ipsum
2998 5358 3175 5413 Deum
3210 5357 3468 5413 omnibus

1880 5456 2158 5526 superatis
2179 5468 2405 5525 quoquo
2444 5453 2610 5509 modo
2637 5452 2808 5509 animi
2843 5452 3066 5507 oculum
3110 5450 3341 5522 deliget;
3371 5451 3468 5521 qui

1879 5550 2156 5605 bonorum
2191 5562 2487 5617 supremus
2517 5546 2642 5601 ﬁnis
2670 5555 2756 5601 est
2796 5563 2809 5599 :
2857 5546 2947 5599 cui
2989 5559 3189 5615 nempe
3233 5542 3469 5598 illabens

1878 5644 2049 5707 Deus,
2077 5654 2208 5695 suas
2250 5639 2368 5709 ipse
2403 5638 2621 5692 litteras
2658 5637 2811 5691 velut
2848 5636 3105 5691 Mosaicis
3138 5634 3344 5690 tabulis
3369 5649 3468 5705 per

1593 5756 1636 5790 ⁶¹
1664 5758 1801 5814 Psal.

1885 5774 1978 5828 nx,
2013 5758 2068 5814 6.
2145 5757 2193 5790 ⁸³
2224 5755 2368 5812 Psal.
2408 5770 2515 5820 xu,
2554 5754 2608 5809 5.
2686 5752 2733 5784 “
2766 5752 2948 5808 Galat.
2992 5767 3066 5812 tv.
3097 5751 3150 5806 6.
3224 5750 3271 5782 ³⁸
3319 5750 3466 5807 Ρεοιο

3087 5914 3167 5979 37.
