4064 6444
651 361 787 425 1163

1812 367 1869 426 s.
1912 327 2201 428 MAXIMI
2240 363 2751 426 CONFE-SSORIS

3745 371 3853 442 116$

635 473 910 543 Spiritum
965 475 1280 547 insculpere
1343 475 1632 547 dignatur;
1684 487 1953 546 quantum
2010 478 2215 534 scilicet

2331 475 2494 541 πλαξὶ
2524 478 2846 540 Μωσαῖκαῖς
2886 492 2900 508 ο
2926 475 3182 531 τοσοῦτον
3205 518 3220 542 ,
3249 478 3372 533 ὅσον
3417 481 3605 553 ἑαυτὴν
3639 482 3716 536 διὰ
3746 491 3855 557 πρά-

641 564 780 619 illud
811 566 1050 621 actionis
1071 567 1224 622 cultu
1259 582 1322 622 ac
1356 568 1840 637 contemplationis
1861 571 2104 638 seipsum
2137 568 2224 622 di-

641 656 800 710 duxit
827 665 881 712 et
910 657 1221 726 ampliavit,
1257 657 1415 728 juxta
1455 658 1601 727 quod
1635 659 1865 729 mystice
1888 667 2228 729 praeceptum

636 757 743 811 est,
778 747 963 803 Cresae
1005 749 1071 801 “.

607 862 614 913 τ
710 841 798 894 81.
849 841 958 897 Cor
1022 841 1292 896 mundum
1356 841 1498 897 forte
1561 843 1804 909 dicatur,
1867 844 2015 913 quod
2074 844 2227 898 omni

603 907 614 1004 fl
637 947 867 1002 prorsus
893 935 1131 988 naturali
1173 943 1329 990 motu
1370 935 1427 990 in
1471 951 1586 990 rem
1617 937 1921 1006 quamlibet
1951 948 2137 1004 caret;
2171 939 2226 992 in

599 1013 606 1042 ’
636 1041 749 1094 quo
777 1028 922 1082 Deus
963 1030 1114 1084 velut
1160 1030 1349 1085 tabula
1383 1030 1613 1100 pulchre
1657 1032 1900 1102 expolita
1937 1042 2104 1102 atque
2132 1032 2230 1088 de-

639 1133 784 1184 rasa,
816 1135 875 1174 se
901 1120 981 1175 illi
1015 1121 1325 1188 insinuans,
1358 1123 1658 1193 perscribit
1678 1139 1808 1180 suas
1838 1125 2008 1196 leges.

707 1297 796 1352 8‘2.
840 1297 950 1353 Cor
994 1298 1264 1353 mundum
1316 1308 1420 1364 est,
1462 1300 1611 1369 quod
1664 1301 2012 1364 memoriam,
2057 1299 2227 1354 nullis

634 1405 868 1461 prorsus
894 1408 1082 1446 rerum
1109 1393 1423 1448 simulacris
1458 1393 1764 1462 formisque
1790 1393 2081 1456 imbutam,
2112 1393 2224 1445 Deo

635 1484 902 1550 adhibet;
927 1485 1158 1553 ejusque
1185 1485 1453 1540 duntaxat
1485 1485 1700 1549 formis,
1733 1484 1937 1554 quibus
1963 1483 2042 1538 illi
2068 1498 2222 1538 com-

635 1587 887 1646 paratum
953 1585 1013 1632 ut
1068 1577 1159 1633 ﬁat
1223 1579 1603 1648 conspicuum,
1655 1576 1908 1648 insigniri
1963 1585 2221 1647 paratum

634 1677 739 1722 est.

705 1762 795 1816 85.
827 1761 1000 1827 Quam
1043 1758 1250 1815 Christi
1295 1769 1538 1814 mentem
1585 1759 1703 1832 (seu
1746 1757 1992 1830 sensum)
2035 1759 2214 1814 sancti

2330 568 2465 634 ξεως
2485 568 2782 621 ἐπιδέδωκε
2805 569 2900 621 καὶ
2921 567 3175 640 Θεωρίας,
3203 568 3346 622 κατὰ
3362 568 3459 640 τὴν
3481 571 3558 636 τὸ,
3600 570 3854 638 Αὑξιίνου,

2333 662 2611 731 μυστικῶς
2645 662 2975 716 κελεύουσαν
3007 662 3256 731 ἐντολήν.

2402 848 2514 896 πα’.
2552 841 2765 913 Καρδία
2821 842 3039 913 καθαρᾶ
3071 843 3213 914 τάχα
3252 843 3436 916 ἐκείνη
3480 845 3701 913 λέγεται,
3724 850 3754 918 ἡ
3778 869 3863 922 μη-

2328 933 2522 1005 δεμίαν
2538 934 2738 1005 ἔχουσα
2762 934 2998 1006 φυσικὴν
3027 936 3152 989 καθ’
3191 936 3505 1007 οἰονδήποτε
3530 938 3734 1008 τρόπον,
3749 942 3861 1013 πρὸς

2326 1025 2506 1079 ὁτιοῦν
2538 1027 2752 1097 κίνησιν
2775 1044 2789 1058 ο
2824 1028 2883 1080 ὲν
2986 1027 3236 1096 καθάπερ
3267 1029 3481 1099 πτυχίῳ
3510 1029 3681 1092 καλῶς
3718 1031 3862 1086 λειανι

2328 1119 2476 1173 θέντι
2526 1119 2617 1172 διὰ
2664 1119 2764 1190 τὴν
2822 1119 3002 1189 ἄκραν
3045 1119 3325 1191 ἁπλότητα
3380 1121 3658 1189 γινόμενος
3688 1123 3862 1193 όΘεὸς,

2326 1212 2453 1275 τοὺς
2481 1212 2646 1275 ἰδίους
2676 1212 2879 1282 νόμους
2913 1212 3206 1284 ἐγγράφει.

2400 1304 2508 1374 πβ’.
2536 1305 2747 1375 Καρδία
2774 1306 2894 1359 ἐστὶ
2932 1306 3149 1378 καθαρὰ
3176 1347 3191 1372 ,
3224 1307 3258 1378 ἡ
3289 1307 3633 1360 παντάπασιν
3669 1310 3864 1364 ἀνείδεον

2325 1397 2402 1467 τῷ
2419 1396 2537 1467 Θεῷ
2561 1399 2656 1450 καὶ
2679 1397 3006 1467 ἁμόρφωτον
3025 1399 3090 1468 (j)
3110 1400 3511 1469 παραστήσασα
3537 1400 3631 1469 τὴν
3653 1403 3864 1471 μνήμην-

2326 1489 2421 1541 καὶ
2456 1489 2641 1558 μόνοις
2669 1491 2781 1552 τοῖς
2807 1488 2972 1542 αὐτοῦ
3000 1491 3221 1561 ἕτοιμον
3248 1491 3652 1560 ὲνσημανθῆναι
3684 1492 3864 1558 τύποις,

2323 1577 2394 1630 δι’
2415 1572 2490 1632 ὧν
2523 1579 2772 1649 ἐμφανὴς
2810 1577 3024 1648 πέφυκε
3055 1579 3346 1649 γίνεσθαι..

2397 1768 2510 1830 πγ⁹.
2549 1761 2608 1815 Ὀ
2643 1760 2738 1813 τοῦ
2771 1760 3012 1833 Χριστοῦ
3037 1761 3256 1826 νοῦς,ὃν
3276 1761 3644 1833 λαμϐάνουσιν
3660 1765 3704 1818 οἰ
3731 1764 3864 1835 ἅγιοι,

633 1853 934 1921 accipiunt,
956 1853 1113 1921 juxta
1149 1867 1276 1905 cum
1304 1847 1400 1921 qui
1424 1827 1605 1906 dixitt
1647 1851 1753 1905 Nos
1796 1827 1981 1904 autem:
2009 1867 2215 1904 sensum

2329 1853 2468 1906 κατὰ
2483 1852 2572 1905 τὸν
2598 1854 2842 1922 φάμενον
2859 1870 2872 1882 ·
2904 1853 3105 1922 Ἡμεῖς
3127 1854 3196 1907 δὲ
3218 1855 3374 1909 γοῦν
3393 1857 3643 1922 Χριστοῦ
3669 1857 3866 1926 ἔχομεν,

2325 1947 2385 1998 οὐ
2417 1945 2559 1999 κατὰ
2592 1947 2847 2016 στέρησιν
2881 1947 2980 2016 τῆς
3011 1949 3069 1999 ἐν
3104 1949 3236 2018 ἡμῖν
3273 1950 3473 2017 νοερᾶς
3497 1948 3759 2018 δυνάμεως
3773 1951 3865 2003 tm-

634 1946 828 2002 Clm'sti
855 1946 1103 2000 habemus
1134 1947 1198 2009 ⁸⁷,
1228 1962 1338 2000 non
1374 1946 1736 2016 intelligentis
1761 1946 1816 2000 in
1852 1946 2018 2000 nobis
2051 1945 2226 1999 facul-

635 2039 763 2094 tatis
802 2039 1110 2108 privatione
1159 2039 1408 2104 accedit;
1446 2055 1550 2092 nec
1595 2039 1669 2092 ita
1705 2046 1766 2091 ut
1806 2046 2048 2093 mentem
2093 2053 2223 2092 sen-

633 2145 868 2201 sumque
920 2141 1174 2186 nostrum
1230 2132 1528 2202 compleat,
1580 2133 1665 2186 vel
1713 2133 2090 2187 essentialiter
2137 2145 2225 2186 se-

633 2223 879 2278 cundum
925 2225 1295 2280 substantiam
1339 2225 1392 2279 in
1436 2231 1564 2280 e‘um
1611 2234 1895 2280 transeat:
1939 2225 2038 2281 sed
2068 2224 2224 2280 velut

632 2317 726 2387 qui
766 2330 865 2372 sua
913 2317 1180 2388 qualitate
1217 2319 1420 2374 mentis
1452 2327 1656 2374 nostrae
1703 2333 2008 2388 sensusque
2051 2316 2220 2371 animi

633 2410 953 2465 facultatem
998 2411 1262 2475 illustret,
1303 2418 1479 2488 atque
1513 2412 1580 2465 ad
1617 2411 1874 2466 eumdem
1899 2426 2087 2465 secum
2133 2425 2225 2464 ac-

635 2512 750 2555 tum
781 2502 941 2556 ferat.
975 2502 1109 2556 Nam
1135 2517 1268 2556 sane
1301 2518 1430 2556 eum
1459 2519 1562 2573 ego
1595 2501 1801 2557 Christi
1832 2511 2072 2556 mentem
2098 2516 2224 2556 sen-

633 2609 867 2662 sumque
910 2592 1116 2646 habere
1160 2592 1420 2656 dixerim,
1462 2575 1559 2662 qui
1605 2607 1673 2646 ex
1709 2593 1832 2662 ejus
1875 2589 2218 2653 rationibus,

636 2687 930 2755 ipsumque
966 2684 1105 2738 adeo
1135 2700 1353 2753 semper
1376 2685 1584 2754 cogitet
1604 2699 1666 2738 ac
1695 2683 1990 2754 intelligat.

705 2775 793 2829 84.
857 2773 1065 2828 Christi
1119 2790 1324 2845 corpus
1371 2791 1494 2830 esse
1551 2775 1810 2838 dicimur,
1857 2776 2014 2846 juxta
2061 2773 2224 2845 506

635 2864 772 2920 illud
799 2883 813 2918 :
855 2864 960 2918 Nos
984 2873 1162 2919 autent
1188 2863 1383 2919 Christi
1409 2883 1598 2936 corpus
1618 2882 1798 2918 sumus
1821 2875 1870 2918 et
1900 2867 2133 2919 membra
2158 2881 2221 2918 ex

634 2967 788 3028 parte
821 2958 896 3023 M;
933 2973 1042 3012 non
1071 2958 1227 3027 quasi
1264 2969 1454 3013 nostra
1479 2959 1581 3028 ipsi
1611 2975 1845 3029 corpora
1877 2959 2218 3021 amittentes,

635 3049 772 3104 illud
816 3050 1146 3116 efﬁciamur,
1177 3050 1264 3104 vel
1298 3066 1492 3105 rursus
1527 3052 1683 3120 quasi
1731 3050 1868 3104 illud
1914 3051 2217 3106 secundum

2323 2035 2534 2103 γίνεται
2559 2053 2575 2066 ο
2605 2037 2725 2089 οὐδὲ
2747 2037 2823 2100 ὡς
2854 2038 3316 2110 συμπληρωτικὸς
3341 2039 3436 2091 τοῦ
3471 2040 3722 2110 ἡμετέρου
3750 2040 3861 2105 νοὸς,

2323 2129 2432 2182 οὐδ’
2457 2128 2534 2191 ὼς
2566 2127 2904 2197 μεταϐαίνων
2938 2129 3213 2194 οὐσιωδῶς
3237 2131 3363 2183 καθ’
3389 2130 3681 2183 ὑπόστασιν
3703 2132 3772 2196 εἰς
3791 2132 3862 2185 τὸν

2325 2221 2598 2292 ἡμέτερον
2631 2221 2758 2275 νοῦν
2781 2239 2794 2253 ο
2837 2222 2954 2276 ἀλλ’
2980 2223 3056 2287 ὡς
3078 2226 3142 2295 τῇ
3183 2225 3363 2296 οἰκείᾳ
3399 2224 3640 2294 ποιότητι
3678 2225 3766 2295 τὴν
3790 2225 3862 2279 τοῦ

2325 2315 2595 2386 ἡμετέρου
2651 2316 2772 2377 νοὸς
2819 2315 3159 2387 λαμπρύνων
3197 2317 3451 2386 δύναμιν,
3489 2318 3582 2370 ml
3632 2317 3754 2388 πρὸς
3786 2317 3862 2386 τὴν

2323 2405 2494 2476 αὐτὴν
2532 2405 2680 2475 αῦτῷ
2713 2409 2895 2478 φέρων
2928 2408 3235 2476 ἐνέργειαν.
3274 2409 3424 2461 Νοῦν
3457 2410 3566 2481 γὰρ
3598 2410 3728 2480 ἔχειν
3753 2411 3859 2476 Χριο

2325 2497 2453 2550 στοῦ
2501 2497 2676 2566 ἐγωγέ
2706 2516 2870 2569 φημι,
2921 2500 3014 2552 τὸν
3062 2503 3184 2554 κατ’
3217 2501 3384 2555 αὑτὸν
3417 2500 3666 2565 νοοῦντα,
3695 2501 3774 2554 καὶ
3793 2501 3858 2555 διὰ

2323 2591 2541 2643 πάντων
2570 2590 2732 2642 αὑτὸν
2760 2590 3002 2645 νοοῦντα.

2426 2773 2530 2827 πδ’.
2588 2772 2755 2843 Σῶμα
2807 2774 3046 2843 Χριστοῦ
3099 2769 3241 2828 εἶναι
3295 2773 3602 2844 λεγώμεθα,
3646 2773 3767 2827 κατὰ
3797 2773 3855 2834 τὸ,

2335 2864 2532 2933 Ἡμεῖς
2572 2865 2640 2918 δὲ
2692 2865 2863 2934 σῶμα
2895 2867 3151 2934 Χριστοῦ
3175 2868 3399 2936 ἐσμεν,
3430 2867 3526 2920 καί
3544 2866 3686 2937 μέλη
3706 2867 3763 2919 ἐκ
3781 2863 3856 2933 μέ-

2315 2957 2582 3024 ρους·οῦ
2615 2957 2756 3010 κατὰ
2813 2957 3071 3028 στέρησιν
3125 2959 3237 3011 τῶν
3286 2959 3576 3030 ἡμετέρων
3616 2957 3853 3026 σωμάτων,

2322 3049 2532 3102 ἐκείνου
2563 3049 2623 3100 τὸ
2676 3049 2835 3120 σῶμα
2865 3051 3172 3120 γινόμενοιο
3215 3051 3324 3104 οὐδ’
3377 3047 3443 3105 αὖ
3493 3051 3646 3104 πάλιν
3692 3048 3854 3102 ἐκείνου

633 3143 1001 3198 substantiam
1028 3143 1082 3196 in
1109 3151 1362 3197 nostrum
1389 3151 1637 3198 transeat
1669 3159 1891 3214 corpus,
1913 3151 2009 3197 aut
2043 3159 2215 3198 mem-

2325 3139 2449 3192 καθ’
2479 3140 2778 3192 ὑπόστασιν
2827 3141 2908 3202 εἰς
2952 3142 3100 3210 ἡμᾶς
3141 3140 3644 3211 μεταϐαίνοντος,ῆ
3677 3137 3855 3210 μεληδὸν

633 3234 834 3289 hratitn
861 3234 1177 3300 dividatur;
1206 3234 1303 3288 sed
1329 3234 1478 3304 quod
1506 3235 1673 3290 simili
1698 3251 1761 3289 ac
1782 3251 1911 3289 caro
1936 3236 2220 3291 Dominica

633 3328 872 3388 ratione,
925 3327 1342 3396 corruptionem
1396 3326 1609 3395 peccati
1667 3328 2033 3381 excutiamus.
2086 3325 2221 3380 Nam

629 3419 779 3472 sicut
811 3416 1068 3471 Christus
1099 3427 1318 3481 natura,
1359 3432 1524 3471 carne
1550 3417 1761 3487 pariter
1803 3426 1969 3486 atque
2010 3418 2217 3483 animo,

629 3519 908 3580 quatenus
963 3508 1313 3579 intelligitur
1348 3509 1537 3573 homo,
1603 3509 1868 3563 immunis
1918 3523 1949 3562 a
1991 3519 2220 3579 peccato

629 3613 781 3668 erat;
816 3602 896 3656 sic
935 3611 991 3656 et
1030 3617 1133 3655 nos
1168 3601 1286 3672 ejus
1335 3599 1547 3664 ﬁdeles,
1593 3608 1650 3656 et
1681 3601 1774 3670 qui
1809 3615 1910 3669 per
1950 3599 2217 3669 Spiritum

630 3697 811 3765 ipsum
848 3693 1152 3756 induimus,
1192 3693 1495 3747 voluntatis
1518 3702 1658 3746 nutu
1689 3709 1720 3746 a
1759 3702 1984 3762 peccato
2016 3693 2216 3747 immu-

631 3788 809 3843 nesin
844 3803 917 3842 eo
950 3801 1078 3840 esse
1114 3800 1427 3854 possumus.

701 3877 791 3933 85.
821 3877 1057 3930 Exstant
1086 3875 1141 3928 in
1173 3874 1460 3944 Scriptura
1494 3882 1608 3929 tum
1643 3876 1964 3945 temporalia
1992 3876 2212 3939 s:ecula,

631 3977 749 4022 tum
808 3982 932 4038 qua)
989 3966 1224 4020 aliorum
1289 3967 1636 4021 saeculorum
1682 3968 2214 4022 consummationem

630 4059 1095 4129 complectantur,
1129 4058 1284 4128 juxta
1316 4057 1450 4112 illud
1495 4075 1508 4110 :
1553 4058 1708 4112 Nunc
1738 4066 1913 4112 autem
1955 4059 2118 4114 semel
2157 4061 2214 4114 in

629 4152 1084 4207 consummatione
1122 4150 1438 4205 macularum
1487 4151 1556 4214 δ’,
1605 4160 1660 4206 et
1708 4167 1831 4221 qua:
1883 4160 2208 4222 sequuntur.

630 4244 881 4313 Suntque
905 4243 1106 4296 iterum
1140 4243 1246 4297 alia
1285 4243 1482 4298 secula
1520 4259 1550 4297 a
1583 4245 1849 4314 temporis
1885 4255 2081 4298 natura
2116 4244 2214 4299 ab-

627 4336 830 4399 soluta,
883 4344 1006 4406 post
1052 4350 1294 4405 praesens
1346 4335 1494 4390 istud
1547 4343 1745 4390 natura
1791 4345 2210 4405 tcmporaneum

625 4429 912 4492 saeculum,
949 4428 1098 4497 quod
1122 4436 1206 4483 est
1245 4429 1298 4482 in
1343 4428 1817 4483 consummatione
1853 4430 2203 4494 seculorum,

2323 3231 2748 3302 διατεμνομένου
2775 3247 2788 3260 '
2840 3231 2977 3285 ἀλλὰ
3025 3232 3104 3303 τῷ
3155 3231 3276 3285 καθ’
3324 3233 3622 3302 ὁμοιότητα
3665 3233 3748 3300 τῆς
3782 3228 3852 3282 τοῦ

2324 3323 2530 3394 Κυρίου
2570 3325 2772 3394 σαρκὸς
2792 3367 2804 3385 ,
2835 3325 2937 3395 τὴν
2969 3325 3176 3396 φθορὰν
3217 3327 3575 3378 ἀποσείεσθαι
3599 3325 3688 3390 τῆς
3711 3325 3852 3392 ἁμαρ·

2323 3417 2462 3479 τίας.
2501 3417 2590 3477 Ὠς
2617 3420 2724 3486 γὰρ
2771 3418 2799 3468 ὁ
2848 3417 3086 3488 Χριστὸς
3127 3417 3270 3470 κατὰ
3307 3417 3479 3485 φύσιν
3515 3417 3666 3487 σαρκί
3696 3433 3745 3467 τε
3780 3413 3852 3466 καὶ

2319 3507 2464 3577 ψυχῇ
2493 3508 2613 3560 καθ’
2631 3507 2659 3559 ὃ
2687 3510 2888 3560 νοεῖται
2927 3507 3212 3577 ἄνθρωπος
3238 3509 3621 3580 ἀναμάρτητος
3641 3502 3718 3578 ἦν.
3743 3504 3849 3559 οὕτω

2321 3600 2414 3650 καὶ
2450 3600 2613 3668 ἡμεῖς
2659 3601 2708 3651 οἱ
2736 3599 3163 3662 πεπιστευκότες
3193 3598 3344 3669 αὐτῷ
3366 3641 3382 3665 ,
3409 3600 3504 3653 καὶ
3530 3601 3614 3654 διὰ
3642 3597 3849 3665 Πνεῦμα-

2317 3707 2409 3753 τος
2458 3691 2621 3743 αὐτὸν
2659 3691 3057 3762 ἐνδυσάμενοι,
3093 3693 3236 3746 κατὰ
3290 3694 3613 3764 προαίρεσιν
3652 3691 3704 3744 ἐν
3735 3685 3849 3757 αὒτῷ

2317 3782 2487 3852 χωρὶς
2513 3782 2791 3852 ἁμαρτίας
2827 3778 2968 3835 εἶναι
2998 3783 3295 3854 δυνάμεθα.

2389 3873 2495 3926 πε’.
2530 3875 2652 3927 Εἰσὶ
2680 3875 2829 3944 παρὰ
2856 3877 2923 3945 τῇ
2967 3875 3155 3946 Γραφῇ
3197 3877 3293 3930 καὶ
3330 3877 3575 3946 χρονικοὶ
3604 3875 3774 3936 αἰῶνες
3792 3868 3847 3942 (lt)

2317 3967 2410 4020 καὶ
2437 3966 2611 4019 ἄλλων
2643 3966 2852 4020 αἰώνων
2898 3968 3208 4021 συντέλειαν
3235 3969 3602 4039 περιέχοντες,
3636 3964 3845 4026 κατὰτὸ,

2314 4059 2464 4114 Νυνί
2495 4058 2563 4111 δὲ
2585 4058 2749 4119 ἅπαξ
2777 4059 2875 4112 ἐπὶ
2907 4063 3232 4129 συντελείᾳ
3263 4060 3388 4115 τῶν
3429 4063 3668 4123 αἰώνων,
3696 4059 3773 4114 καὶ
3796 4056 3847 4110 τὰ

2315 4152 2467 4222 ἑξῆς.
2501 4153 2610 4205 Καὶ
2652 4153 2835 4222 ἕτεροι
2870 4153 3031 4206 πάλιν
3070 4155 3330 4223 χρονικῆς
3363 4154 3632 4225 ἐλεύθεροι
3675 4151 3845 4222 φύσεως

2313 4245 2530 4310 αἰῶνες,
2557 4246 2696 4314 μετὰ
2726 4247 2817 4298 τὸν
2838 4247 3108 4298 ἐνεστῶτα
3140 4245 3329 4300 τοῦτον
3362 4249 3570 4319 χρόνον,
3593 4241 3845 4302 αἰῶνα.τὸν

2314 4340 2407 4392 ἐπὶ
2441 4337 2720 4408 συντελείᾳ
2743 4337 2851 4390 τῶν
2887 4335 3121 4404 αἰώνων,
3141 4341 3284 4391 κατὰ
3313 4338 3395 4399 τὸ,
3415 4340 3542 4393 Ἵνα
3562 4337 3845 4404 ἐνδείξηται

2313 4431 2383 4484 ἐν
2408 4430 2529 4495 τοῖς
2548 4425 2722 4481 αἰῶσι
2744 4427 2866 4492 τοῖς
2879 4426 3300 4496 ἐπερχομένοις
3319 4428 3430 4482 τὸν
3449 4426 3844 4495 ὑπερϐάλλοιτο

621 4518 776 4588 juxta
797 4516 967 4570 illud:
1000 4517 1065 4571 Ut
1086 4515 1381 4571 ostenderet
1408 4517 1464 4570 in
1486 4515 1692 4571 swculis
1721 4519 2206 4588 supervenientibus

2319 4523 2597 4582 πλοῦτον,
2621 4519 2714 4573 καὶ
2751 4518 2819 4572 τὰ
2837 4518 3342 4590 ἑξῆς.1ζῦρίσκομεν
3361 4519 3414 4573 δὲ
3436 4525 3581 4590 παρά
3605 4522 3664 4588 τῇ
3692 4516 3843 4586 Γραφῇ

626 4610 956 4665 abundantes
983 4610 1195 4664 divitias
1211 4610 1281 4674 ⁵⁸,
1304 4619 1360 4663 et
1381 4625 1503 4678 quae
1531 4621 1860 4680 sequuntur.
1887 4611 2206 4668 Invenimus

625 4710 811 4756 autem
847 4700 902 4755 in
932 4700 1221 4770 Scriptura
1245 4701 1415 4756 etiam
1441 4701 1851 4756 multitudinem
1880 4705 2209 4760 saeculorum

627 4802 743 4848 tum
770 4792 1198 4861 praueritorum,
1235 4802 1463 4861 tumque
1499 4793 1877 4862 prtesentium,
1907 4805 2024 4850 tum
2062 4796 2213 4851 futu-

626 4901 850 4950 rorum;
884 4885 1084 4941 szecula
1121 4885 1251 4940 item
1291 4884 1622 4939 saeculorum
1657 4900 1778 4940 esse
1816 4886 2068 4956 quaedam
2105 4904 2210 4942 sm-

623 4979 768 5042 cula,
795 4988 852 5034 et
880 4978 1142 5034 saeculum
1195 4976 1403 5039 saeculi,
1434 4983 1490 5030 et
1531 4984 1775 5046 tempora
1812 4978 2100 5033 saecularia
2137 4981 2207 5045 ",

690 5116 736 5239 ἔ
764 5115 902 5171 Gen.
928 5130 1084 5178 xxxv,
1115 5128 1170 5165 ιι.

623 5204 661 5248 1,
691 5204 743 5240 υ.

1249 5112 1293 5143 ⁸⁷
1329 5111 1345 5165 1
1378 5109 1506 5165 Cor.
1557 5127 1615 5176 ιι,
1670 5111 1755 5164 16.
1833 5110 2071 5168 “lCor.
2103 5129 2196 5180 xu,
2233 5114 2323 5170 27.

2313 4614 2408 4668 καὶ
2444 4612 2647 4683 πλῆθος
2689 4609 2920 4675 αἰώνων,
2954 4611 3332 4682 παρελθόντων
3375 4629 3437 4664 τε
3467 4614 3558 4666 καὶ
3588 4609 3843 4666 ἐνεστώτων

2313 4707 2407 4760 καὶ
2439 4704 2762 4775 μελλόντωνο
2779 4704 2869 4757 καὶ
2889 4704 3090 4768 αἰῶνας
3108 4704 3322 4759 αἰώνων
3344 4699 3484 4758 εἶναί
3498 4721 3644 4768 τινας
3660 4702 3840 4762 αἰῶνας,

2312 4799 2407 4852 καὶ
2437 4797 2633 4859 αἰῶνος
2659 4797 2850 4860 αἰῶνα,
2874 4797 2968 4850 καὶ
2994 4799 3220 4868 χρόνους
3259 4798 3510 4862 αἰωνίους
3533 4840 3548 4865 ,
3577 4798 3663 4850 καὶ
3687 4792 3841 4862 γενεὰς

2313 4888 2670 4960 συνημμένας
2698 4889 2880 4940 αἰῶσι.
2910 4888 3020 4941 Καὶ
3054 4889 3141 4941 ἵνα
3186 4889 3262 4960 μὴ
3307 4892 3425 4954 νῦν,
3457 4890 3510 4943 τί
3541 4891 3631 4960 μὲν
3654 4885 3732 4940 διὰ
3755 4881 3838 4936 τῶν

2313 4981 2582 5052 χρονικῶν
2610 4979 2822 5034 αἰώνων
2843 5017 2858 5044 ,
2887 4979 2939 5032 τί
2968 4979 3025 5032 δὲ
3055 4980 3142 5033 διὰ
3169 4980 3278 5034 τῶν
3303 4981 3532 5034 αἰωνίων
3551 4980 3737 5050 χρόνων
3766 4971 3836 5026 καὶ

2431 5118 2476 5148 δ”
2501 5115 2669 5171 llebr.
2707 5131 2778 5181 ts,
2809 5113 2900 5168 26.
2999 5117 3045 5147 ³⁸
3088 5116 3288 5186 Ephes.
3323 5133 3380 5182 ιι,
3433 5115 3484 5167 ’1,
3553 5113 3594 5144 ⁸³
3639 5111 3679 5166 ll
3722 5107 3834 5162 Tim.

697 5325 760 5394 υ)
815 5322 1170 5395 Ἄνείδεαν...
1212 5319 1695 5395 καζᾴμόρφωτρν.
1724 5319 1880 5389 Apud
1907 5320 2080 5395 Marc.
2107 5338 2205 5375 cu-

2319 5323 2470 5378 :tiam
2498 5325 2564 5376 τὰ
2585 5323 2778 5376 αἰώνια
2793 5324 2938 5394 vulg.
2969 5325 3199 5395 interpr.
3229 5323 3467 5379 reddidit
3490 5331 3694 5395 (eterna;
3713 5331 3833 5370 mon-

555 5435 558 5440 -
619 5390 818 5467 jus—est
839 5393 1115 5467 vnmtutbv
1143 5408 1265 5462 cap.
1293 5391 1384 5452 24,
1413 5390 1849 5467 ςῦιαμόρξρωτονο
1879 5391 2026 5467 quod
2059 5392 2201 5447 forte

621 5459 839 5525 melius.
870 5459 972 5518 etsi
1004 5464 1147 5518 idem
1172 5459 1389 5518 sensus.
1422 5459 1789 5525 Picus,‘0mui
1806 5459 1974 5531 specie
2001 5462 2205 5530 forma-

619 5553 720 5606 que
748 5551 988 5589 vacuam.

692 5607 764 5675 (Ic)
792 5607 895 5659 Καὶ
929 5603 1198 5675 χρονικοίΔ
1219 5595 1450 5675 αἰῶνες.
1470 5602 1669 5675 Multa
1687 5599 1890 5657 Graecis
1916 5601 2205 5675 ὁμωνυμία

620 5693 673 5729 ιη
702 5671 848 5729 ’νοω
902 5671 1053 5727 αἰών.
1085 5671 1296 5726 Latinis
1343 5672 1514 5742 magis
1545 5672 1818 5726 distincta:
1848 5686 2031 5735 voces,
2063 5672 2195 5725 dum

623 5762 792 5801 mum
837 5754 892 5798 et
937 5744 1194 5801 saeculum
1231 5757 1554 5811 prepensms
1590 5742 1787 5796 creatis
1823 5742 1987 5796 rebus
2020 5742 2196 5796 ascri-

557 5846 560 5850 »
623 5817 784 5881 bunt;
836 5815 946 5870 Deo
1001 5823 1263 5868 aeternum
1297 5828 1392 5867 seu
1442 5811 1841 5880 aeternitatem;
1883 5827 2194 5882 quanquam

2305 5403 2479 5464 tesque
2505 5404 2725 5448 azternos
2751 5393 2996 5466 legamus
3022 5393 3211 5466 :Nquod
3243 5393 3628 5466 voxiswculnris
3654 5405 3712 5443 eo
3729 5401 3832 5466 syn-

2303 5455 2403 5535 ευ(
2425 5472 2481 5535 et
2511 5474 2673 5533 prout
2703 5455 2932 5518 ἁπίῗτοῦ
2970 5455 3188 5528 αἰῶνος,
3224 5465 3369 5535 quod
3406 5463 3596 5534 passim
3618 5455 3828 5535 malum

2305 5534 2576 5611 redditur,
2605 5535 2864 5599 deducta,
2898 5551 3092 5611 parum
3116 5535 3230 5590 visa
3245 5534 3329 5611 sit
3353 5534 3540 5589 Latina
3553 5549 3584 5611 ;.
3597 5534 3830 5611 εεροιξιξε

2305 5603 2641 5659 mundanum
2684 5621 2749 5659 ac
2803 5601 2958 5673 quasi
3013 5621 3082 5661 ex
3136 5606 3317 5661 saeculi
3356 5621 3494 5667 usu,
3543 5601 3825 5673 signiﬁcare.

2304 5673 2484 5746 Etiam
2514 5675 2761 5746 Damasc.
2798 5671 2865 5730 de
2895 5678 3016 5746 ejus
3041 5677 3190 5731 vocis
3219 5675 3366 5731 varia
3387 5671 3715 5745 acceptiOne;
3749 5676 3823 5734 [‘0'

2305 5743 2521 5815 tuitque
2556 5763 2587 5800 a
2625 5745 2855 5801 Maximo
2887 5743 3170 5802 mutuatus
3197 5761 3335 5803 esse.

2340 5941 2380 5950 ε.

3859 5857 3869 5896 l
