4064 6434
197 379 354 449 1165
1026 393 1361 456 CAPITUM
1397 397 1669 459 THEOL.
1709 401 1803 461 ET
1841 401 2077 464 (ECON.
2117 405 2506 469 CENTURIA
2544 411 2626 470 Il.
3343 416 3481 484 1166

195 493 418 563 γενεῶν
446 492 694 566 βούλεται
727 497 924 566 δηλοῦν
954 502 984 555 6
1017 502 1208 572 λόγος,
1249 507 1533 576 λέγοντες·
1565 528 1709 576 τινες
1739 522 1779 567 οι

1901 529 2005 569 nec
2035 532 2148 570 non
2175 530 2562 588 generationes
2597 521 2818 578 saaculis
2841 525 3188 596 conjunctas.
3229 527 3309 584 Ne
3346 546 3482 586 vero

189 584 374 638 πάλιν
404 585 591 650 ἁπλῶς
616 589 666 639 οἰ
709 589 925 655 αἰῶνες,
963 593 1057 647 καὶ
1091 595 1240 659 τίνες
1288 597 1496 664 αἰῶνες
1523 601 1632 654 τῶν
1664 602 1779 656 αἰώ

1900 584 2378 677 inpraesentiarum
2419 613 2784 681 exponendo,
2836 584 2970 684 quid
3017 632 3120 686 per
3156 621 3484 691 temporalia

187 692 334 735 νων.
363 676 447 741 τίς
477 694 535 730 τε
565 679 594 730 ό
628 679 818 744 ἁπλῶς
872 681 1028 746 αἰὼν,
1066 683 1157 736 καὶ
1197 686 1226 738 ό
1253 685 1390 739 αἰὼν
1441 689 1537 741 τοῦ
1571 690 1768 755 αἰῶνος

193 781 229 784 _
267 766 324 784 ς.
530 771 543 784 .
631 771 642 784 .
728 773 741 784 .
810 772 859 784 .-
1021 777 1034 784 -
1155 775 1167 784 .
1380 778 1395 784 -
1427 779 1437 784 -
1623 781 1633 784 _

1897 700 2116 764 saecula,
2157 703 2363 770 quidve
2407 721 2509 774 per
2537 708 2822 763 saecularia
2873 717 3122 779 tempora
3153 720 3210 766 et
3253 729 3484 784 genera-

187 766 374 822 πολὺν
405 771 556 842 παρὰ
591 771 690 843 τὴν
720 772 985 826 ὑπόθεσιν
1017 775 1353 847 ἐκτείνωμεν
1380 778 1558 848 λόγον,
1580 781 1648 836 τὰ
1672 787 1779 855 περ

1895 791 2074 846 tiones
2112 794 2427 865 signiﬁcare
2459 798 2592 852 velit
2633 800 2952 870 Scriptura;
2991 818 3242 871 quamam
3293 814 3481 860 autem

186 859 409 916 τούτων
443 867 559 929 τοῖς
601 866 927 937 φιλομαθέσι
956 870 1182 920 σκοπεῖν
1212 870 1496 937 ἐάσαντες,
1535 876 1674 947 πρὸς
1704 878 1779 930 τοι

1895 899 2087 940 rursus
2107 885 2437 957 simpliciter
2476 891 2694 954 saecula,
2737 907 2801 947 ac
2844 909 2966 964 quae
3008 897 3208 950 saecula
3246 898 3481 953 saeculo-

185 955 405 1009 σκοπὸν
444 957 515 1010 δι’
543 959 603 1012 ὃν
630 959 806 1014 ταῦτα
838 961 1251 1032 προηγάγομεν,
1286 965 1694 1038 ἐπανέλθωμεν.

1895 991 2052 1044 rum;
2089 981 2350 1050 quodque
2386 982 2524 1036 adeo
2573 983 2898 1054 simpliciter
2941 989 3226 1053 saeculum,
3276 998 3335 1044 et
3377 1007 3481 1046 sa:-

185 1053 387 1106 culum
413 1053 625 1118 saeculi,
656 1054 819 1126 longa
855 1071 886 1111 a
950 1060 1241 1130 proposito
1303 1062 1648 1132 digressione
1706 1079 2018 1123 sermonem
2063 1075 2480 1142 protrahamus;
2520 1076 2608 1130 his
2660 1078 3038 1134 studiosorum
3077 1081 3380 1153 diligentia:
3417 1099 3484 1139 ac

182 1142 575 1215 disquisitioni
601 1146 831 1209 relictis,
870 1147 940 1202 ad
968 1152 1316 1221 propositum
1350 1152 1539 1217 linem,
1577 1153 1790 1210 ratione
1827 1159 1988 1230 cujus
2011 1161 2129 1218 haec
2161 1165 2545 1234 produximus,
2585 1178 2952 1226 revertamur.

260 1243 392 1302 πςν.
423 1237 659 1308 Οἵδαμέν
691 1255 744 1291 τι
775 1239 920 1293 κατὰ
963 1243 1063 1313 τὴν
1119 1243 1345 1314 Γραφὴν
1385 1244 1749 1315 ὑπεραιώνιον
1774 1262 1789 1276 ο

179 1330 335 1401 ὅπερ
364 1330 450 1382 ὅτι
484 1331 583 1400 μὲν
616 1330 787 1394 ἐστιν,
814 1332 1056 1402 ὲσήμανε
1082 1350 1097 1364 °
1131 1336 1184 1387 τί
1205 1336 1262 1388 δὲ
1293 1335 1452 1388 τοῦτό
1489 1337 1658 1397 ἐστιν,
1685 1337 1784 1390 οὐκ

180 1422 475 1492 ὠνόμασε,
504 1421 648 1476 κατὰ
679 1422 763 1489 τὸ,
806 1424 1024 1490 Κύριος
1049 1426 1404 1490 βασιλεύων
1437 1426 1545 1480 τὸν
1575 1426 1786 1491 αἰῶνα,

181 1520 289 1569 καὶ
323 1516 420 1568 ἐπ’
444 1513 631 1568 αἰῶνα
658 1515 758 1569 καὶ
784 1518 892 1570 ἔτι.
919 1518 1130 1572 Οὐκοῦν
1156 1519 1271 1572 ἔστι
1300 1537 1353 1572 τι
1385 1520 1622 1592 πρᾶγμα
1645 1520 1786 1590 ὑπὲρ

185 1609 495 1679 αἰῶνας,ή
543 1610 856 1680 ἀκραιφνὴς
904 1609 1000 1663 τοῦ
1053 1610 1190 1663 Θεοῦ
1240 1610 1506 1680 βασιλεία.
1549 1612 1624 1664 Οὐ
1675 1612 1786 1684 γὰρ

181 1700 249 1770 δὴ
296 1700 462 1772 Θέμις
489 1703 664 1754 εἰπεῖν
691 1696 920 1771 ῆρχθαι,
957 1701 990 1774 ἢ
1043 1701 1343 1772 φθάνεσθαι
1374 1703 1480 1756 ὑπὸ
1509 1701 1721 1756 αἰώνων
1751 1702 1785 1774 ἢ

1967 1253 2058 1308 86.
2102 1253 2322 1312 Scimus
2358 1258 2642 1328 Scriptura
2679 1269 2821 1316 teste
2855 1278 2976 1318 esse
3017 1265 3224 1336 aliquid
3263 1268 3482 1323 saaculis

1897 1344 2187 1413 superius;
2215 1347 2363 1416 quod
2399 1349 2490 1403 illa
2521 1350 2748 1420 quidem
2777 1367 2900 1406 esse
2935 1355 3304 1426 significavit;
3345 1359 3478 1430 quid

1895 1443 2078 1490 tamen
2112 1449 2279 1503 esset,
2320 1439 2549 1496 minime
2595 1457 2662 1496 ex
2709 1444 2934 1499 nomine
2977 1450 3284 1517 expressit;
3323 1440 3490 1520 juxta

1893 1529 2040 1597 quod
2071 1531 2342 1601 scriptum
2373 1542 2458 1589 est
2490 1551 2504 1588 :
2544 1534 2804 1590 Dominus
2849 1555 3076 1610 regnans
3117 1542 3392 1607 swculum,
3431 1553 3481 1598 et

1891 1619 1946 1672 in
1994 1621 2247 1677 sacculum
2283 1634 2333 1678 et
2369 1624 2513 1680 ultra
2551 1627 2619 1680 ⁵⁸.
2657 1629 2755 1682 Est
2790 1629 2976 1700 itaque
3012 1633 3221 1703 aliquid
3263 1636 3482 1690 smculis

1893 1712 2172 1780 superius,
2204 1731 2396 1770 verum
2425 1718 2637 1773 scilicet
2666 1721 2762 1774 Dei
2789 1738 3042 1792 regnum.
3069 1725 3182 1781 Nec
3207 1726 3356 1781 enim
3399 1727 3483 1781 fas

185 1794 408 1864 χρόνων
433 1796 532 1864 τὴν
564 1794 658 1847 τοῦ
680 1793 815 1847 Θεοῦ
855 1793 1155 1864 βασιλείαν.
1189 1794 1409 1867 Ταύτην
1437 1795 1494 1848 δὲ
1530 1795 1779 1849 πιστεύο-

1889 1812 1976 1854 est
2005 1811 2064 1856 ut
2114 1803 2251 1858 illud
2283 1806 2557 1876 incepisse
2592 1809 2864 1876 dicamus,
2904 1812 2991 1867 vel
3032 1830 3154 1870 esse
3183 1816 3477 1887 ejusmodi.

186 1907 292 1960 μεν
319 1885 462 1943 εἶναι
511 1889 621 1943 τῶν
659 1891 986 1962 σωζομένων
1016 1892 1418 1964 κληρονομίαν,
1454 1892 1552 1946 καὶ⁹
1594 1891 1782 1963 μονὴν,

183 1985 284 2036 καὶ
332 1983 497 2036 τόπον
520 2024 535 2048 ,
569 1983 750 2048 καθὼς
789 1986 816 2038 6
855 1985 1061 2057 ἀληθὴς
1100 1985 1436 2057 παραδίδωσι
1481 1985 1670 2054 λόγος·
1710 1985 1786 2050 ὡς

183 2075 348 2140 τέλος
378 2076 490 2131 τῶν
517 2077 585 2130 δι’
622 2076 868 2148 ἐφέσεως
899 2077 1035 2149 πρὸς
1078 2078 1140 2133 τὸ
1189 2079 1416 2150 ἔσχατον
1443 2078 1665 2150 ὀρεκτὸν
1699 2095 1786 2132 κι-

185 2171 495 2240 νουμένων·
518 2174 577 2226 ὲν
595 2165 639 2242 ᾧ
655 2173 952 2244 γινόμενοι,
973 2175 1155 2246 πάσης
1176 2177 1272 2245 τῆς
1293 2173 1584 2227 ὁποιασοῦν
1603 2173 1787 2244 δέχον-

186 2247 276 2314 ται
349 2262 562 2317 παῦλαν
630 2266 900 2336 κινήσεως
945 2282 958 2295 ο
1003 2267 1080 2329 ὡς
1135 2266 1335 2337 μηκέτι
1395 2265 1588 2336 χρόνου
1643 2265 1789 2327 τινὸς

183 2353 344 2418 όντος
371 2355 551 2409 αὐτῶν
588 2357 622 2427 ἢ
650 2358 844 2422 αἰῶνος
869 2358 964 2412 τοῦ
991 2358 1312 2430 διαὸαθῆναι
1356 2357 1681 2426 ὀφείλοντος,
1698 2351 1788 2410 οἷα

186 2447 252 2516 δὴ
292 2449 440 2516 μετὰ
473 2450 654 2503 πάντα
696 2453 1105 2522 καταντήσασιν
1130 2453 1210 2516 εἰς
1239 2451 1331 2505 τὸν
1365 2451 1530 2505 Θεόν·
1561 2451 1654 2504 τὸν
1683 2450 1790 2521 πρὸ

183 2542 414 2595 πάντων
447 2545 578 2598 ὄντα
624 2545 732 2597 τῶν
771 2543 986 2600 αἰώνων
1011 2586 1026 2610 ,
1054 2546 1151 2599 καὶ
1207 2545 1267 2598 ὃν
1305 2543 1533 2613 φθάνειν
1569 2541 1785 2596 αἰώνων

182 2634 358 2703 φύσις
409 2636 471 2689 οὐ
519 2635 786 2706 πέφυκεν.

1891 1903 1956 1948 ut
2004 1895 2118 1950 sive
2155 1900 2354 1954 saacula
2392 1901 2507 1955 sive
2551 1908 2802 1972 tempora
2859 1905 3041 1974 ipsum
3086 1917 3473 1977 assequantur.

1893 1985 2008 2041 lloc
2038 1998 2222 2044 autem
2250 2007 2502 2062 regnum,
2531 2009 2726 2047 eorum
2764 1995 3167 2059 hereditatem,
3206 1999 3478 2069 sedesque

1893 2102 1960 2140 ac
1991 2084 2173 2137 locum
2208 2098 2331 2139 esse
2356 2085 2656 2150 credimus,
2695 2089 2789 2156 qui
2821 2089 2983 2143 electi
3020 2090 3254 2146 salutem
3279 2107 3478 2148 conse-

1892 2181 2164 2244 quuntur,
2215 2172 2296 2225 uti
2350 2173 2517 2227 tradit
2565 2190 2738 2229 verus
2799 2192 3016 2242 sermo;
3065 2180 3212 2234 velut
3265 2181 3481 2236 scilicet

1889 2278 2085 2318 eorum
2118 2262 2440 2332 cupiditatis
2473 2263 2660 2331 ﬁnem,
2713 2267 2805 2336 qui
2841 2267 2909 2321 ad
2952 2283 3274 2339 supremum
3313 2287 3478 2342 appe-

1892 2356 2048 2412 tihile
2081 2354 2240 2424 507
2272 2365 2570 2411 moventur
2599 2374 2619 2411 ε’
2660 2359 2818 2430 cujus
2861 2359 2957 2414 ubi
2992 2363 3163 2417 semel
3194 2375 3480 2434 compotes

1889 2447 2071 2503 ellecti
2099 2448 2326 2513 fuerint,
2355 2449 2422 2502 ab
2449 2450 2598 2504 omni
2628 2452 2851 2520 penitus
2878 2463 3028 2508 motu
3061 2471 3124 2510 ac
3154 2455 3478 2513 incitatione

1887 2541 2188 2596 cessabunt
2225 2559 2238 2594 :
2273 2542 2419 2610 quod
2463 2543 2575 2612 jam
2623 2545 2836 2598 nullum
2881 2547 2962 2600 eis
3000 2555 3219 2618 tempus
3253 2559 3348 2604 aut
3377 2567 3476 2606 sm-

1888 2631 2075 2686 culum
2104 2631 2478 2700 superandum
2518 2647 2773 2704 superet;
2819 2652 2944 2691 cum
2984 2640 3262 2707 superatis
3292 2643 3476 2696 omni-

181 2694 295 2778 hus
338 2694 413 2778 vin
469 2694 644 2780 Deum
708 2694 1031 2790 inciderint,
1093 2723 1312 2780 cunctis
1370 2722 1588 2779 saeculis
1638 2720 1996 2789 anteriorem,
2040 2731 2098 2776 et
2138 2737 2305 2792 quem
2353 2724 2504 2778 nulla
2581 2727 2912 2781 surculorum
2988 2740 3187 2786 natura
3253 2733 3476 2802 assequi

185 2817 391 2888 possit.

258 2910 376 2974 1:.2'.
424 2911 539 2979 Ἐφ’
568 2911 692 2964 ὅσον
726 2912 919 2982 χρόνον
961 2912 1045 2975 τίς
1073 2913 1222 2965 ἐστιν
1261 2911 1319 2963 ἐν
1337 2913 1401 2983 τῇ
1436 2911 1549 2982 ζωῇ
1583 2909 1778 2982 ταύτῃ,

183 3003 291 3058 κᾶν
326 3003 531 3068 τέλειός
559 3006 676 3057 ἐστι
725 3003 868 3057 κατὰ
901 3003 1000 3075 τὴν
1031 3003 1220 3058 ἐνθάδε
1273 3004 1613 3057 κατάστασιν
1636 3043 1651 3066 ,
1686 3003 1782 3055 καὶ

1958 2903 2046 2960 87.
2076 2903 2332 2971 Quandiu
2364 2905 2489 2975 quis
2527 2907 2694 2960 vitam
2729 2918 3056 2977 pnesentem
3083 2910 3215 2982 agit,
3237 2913 3339 2968 etsi
3371 2929 3476 2985 pro

1886 2997 2054 3068 hujus
2097 3005 2275 3052 status
2317 2998 2531 3052 ratione
2579 2999 2860 3068 perfectus
2903 3011 3007 3067 est,
3052 3011 3166 3057 tum
3209 3006 3474 3063 nimirum

185 3097 392 3170 πράξει
431 3098 525 3150 καὶ
565 3097 792 3168 θεωρίᾳ,
819 3097 920 3168 τὴν
958 3101 1024 3150 ἐκ
1058 3097 1259 3168 μέρους
1295 3097 1408 3168 ἔχει
1447 3097 1541 3149 καὶ
1577 3095 1778 3164 γνῶσιν

1886 3088 2104 3141 actione
2157 3097 2272 3142 tum
2325 3090 2812 3158 contemplatione,
2865 3107 2932 3146 ex
2981 3103 3134 3162 parte
3191 3104 3374 3154 tamen
3417 3108 3476 3154 et

183 3195 282 3246 vat
328 3191 668 3263 προφητείαν
717 3192 812 3245 καὶ
866 3191 1175 3264 ἀρραϐῶνα
1217 3190 1536 3261 Πνεύματος
1584 3189 1775 3259 ἁγίουο

184 3287 310 3347 ἀλλ’
343 3288 444 3340 οὐκ
471 3286 604 3340 αὐτὸ
632 3285 694 3338 τὸ
722 3288 997 3358 πλήρωμα
1035 3303 1048 3314 ’
1075 3286 1429 3357 ἐλευσόμενός
1470 3302 1602 3338 ποτε
1643 3283 1782 3355 μετὰ

183 3383 284 3454 τὴν
314 3383 428 3436 τῶν
447 3381 662 3436 αἰώνων
687 3383 990 3455 περαίωσιν
1010 3383 1090 3446 εἰς
1120 3383 1221 3453 τὴν
1249 3381 1462 3435 τελείαν
1489 3381 1664 3452 λῆξιν,
1681 3381 1781 3449 τὴν

185 3479 486 3550 πρόσωπον
515 3479 654 3550 πρὸς
689 3479 982 3550 πρόσωπον
1010 3483 1124 3543 τοῖς
1153 3479 1327 3544 ἀξίοις
1356 3477 1649 3532 δεικνῦσαν
1677 3478 1778 3529 αὑ-

184 3571 287 3639 τὴν
321 3571 406 3638 ἐφ’
433 3571 633 3641 ἑαυτῆς
661 3571 909 3624 ἑστῶσαν
929 3570 1027 3641 τὴν
1049 3570 1308 3640 ἀλήθειαν
1339 3587 1353 3602 ο
1381 3569 1456 3631 ὼς
1497 3567 1695 3639 μηκέτι
1716 3569 1780 3621 ὲκ

183 3664 280 3717 τοῦ
310 3662 684 3733 πληρώματος
721 3663 888 3734 μέρος
916 3663 1082 3732 ἔχειν,
1117 3663 1232 3716 ἀλλ’
1257 3663 1392 3717 αὐτὸ
1421 3662 1483 3714 τὸ
1503 3662 1779 3732 πλήρωμα

182 3758 286 3826 τῆς
306 3758 532 3828 χάριτος
562 3757 703 3810 κατὰ
727 3755 944 3826 μέθεξιν
968 3757 1088 3810 ὅλον
1106 3755 1448 3827 κομίζεσθαι.
1474 3753 1780 3820 Καταντή-

183 3853 409 3904 σεσθαι
437 3855 565 3920 γὰρ.
594 3850 759 3919 φησὶν
791 3849 819 3900 6
853 3848 1176 3906 ’Δπόστολος
1197 3889 1212 3910 ,
1241 3849 1471 3913 πάντας
1515 3846 1777 3918 (δηλονότι

189 3945 324 4007 τοὺς
358 3942 721 4014 σωζομένους)
765 3945 854 4008 εἰς
903 3941 1096 4011 ἄνδρα
1134 3941 1368 3995 τέλειον
1395 3981 1411 4004 ,
1442 3943 1531 4006 εἰς
1556 3940 1779 4010 μέτρον·

183 4034 438 4102 ἡλικίας
491 4035 597 4092 τοῦ
647 4034 1043 4103 πληρώματος
1094 4033 1202 4087 τοῦ
1260 4033 1519 4101 Χριστοῦ
1559 4051 1573 4064 ·
1607 4033 1676 4085 ἐν
1728 4025 1778 4099 ᾧ

185 4128 352 4180 εἰσιν
373 4128 427 4179 οἰ
456 4126 748 4194 θησαυροί
802 4125 913 4193 τῆς
945 4126 1168 4194 σοφίας
1193 4124 1293 4178 καὶ
1341 4123 1451 4190 τῆς
1499 4122 1777 4192 γνώσεως

184 4219 573 4287 ἀπόκρυφοι·
597 4213 666 4290 ἧς
706 4217 1068 4289 φαινομένης,
1109 4217 1172 4270 τὸ
1215 4218 1282 4270 ἐκ
1329 4215 1532 4287 μέρους
1565 4231 1774 4286 καταρο

184 4307 516 4380 γηθήσεται.

1886 3179 2174 3233 scientiam
2205 3189 2260 3234 et
2300 3181 2649 3250 prOphctiam
2698 3191 2753 3238 et
2797 3184 3037 3254 Spiritus
3071 3189 3248 3242 sancti
3280 3191 3475 3245 arrha-

1882 3269 2106 3336 bonem,
2144 3287 2255 3326 non
2281 3289 2415 3327 vero
2454 3274 2625 3344 ipsam
2655 3276 3056 3344 plenitudinem
3086 3281 3292 3350 habet;
3335 3300 3476 3339 ven-

1882 3371 2040 3418 turus
2082 3364 2294 3418 scilicet
2330 3365 2626 3436 aliquando
2666 3379 2788 3438 post
2815 3373 3142 3428 saeculorum
3174 3375 3362 3442 ﬁnem,
3402 3378 3472 3432 ad

1881 3455 2182 3525 perfectam
2219 3458 2366 3512 illam
2414 3460 2662 3528 requiem
2705 3462 3032 3534 beatamque
3079 3477 3308 3534 sortem,
3348 3486 3474 3541 qua:

1880 3549 2065 3618 dignis
2100 3551 2405 3620 electisque
2443 3552 2618 3621 ipsam
2661 3553 2716 3608 in
2749 3571 2807 3609 se
2837 3556 2976 3610 facie
3005 3557 3074 3612 ad
3113 3559 3310 3616 faciem
3339 3567 3471 3618 v'ere

1879 3643 2234 3697 cxsistentem
2276 3644 2569 3698 veritatem
2620 3646 2878 3701 ostendet
2920 3664 2936 3703 :
2984 3650 3061 3703 ita
3105 3650 3371 3706 nimirum
3409 3665 3470 3710 ut

1879 3750 1989 3788 non
2029 3735 2264 3805 amplius
2295 3752 2361 3789 ex
2402 3736 2747 3806 plenitudine
2777 3740 2934 3809 quasi
2983 3741 3300 3813 decerptam
3343 3761 3471 3816 par-

1879 3829 1989 3874 tem
2018 3821 2276 3887 habeant,
2312 3824 2407 3877 sed
2436 3823 2608 3894 ipsam
2644 3835 2810 3881 lotam
2843 3831 3031 3900 gratia:
3063 3832 3468 3902 plenitudinem

1878 3917 2182 3970 secundum
2265 3919 2743 3990 participationem
2824 3926 3088 3981 referant.
3160 3928 3254 3983 Ait
3317 3932 3467 3986 enim

1876 4004 2175 4076 Apostolus
2213 4005 2354 4071 fore,
2407 4018 2466 4061 ut
2500 4025 2841 4066 occurramus
2882 4030 3063 4069 omnes
3094 4016 3211 4087 (qui
3255 4019 3468 4076 scilicet

1878 4097 2113 4151 salutem
2139 4101 2568 4172 consequemur)
2607 4103 2663 4155 in
2691 4104 2863 4158 virum
2891 4107 3207 4176 perfectum,
3229 4111 3286 4164 in
3315 4128 3464 4166 men-

1875 4206 2063 4242 suram
2107 4193 2282 4245 artatis
2323 4191 2668 4263 plenitudinis
2719 4194 2916 4251 Christi
2957 4200 3004 4230 ⁸³
3041 4218 3054 4252 :
3094 4203 3151 4254 in
3195 4219 3298 4272 quo
3339 4213 3466 4257 sunt

1877 4299 2057 4336 omnes
2097 4285 2330 4338 thesauri
2369 4287 2645 4356 sapientia:
2695 4298 2744 4341 ct
2789 4291 3024 4346 scientia:
3054 4294 3343 4350 absronditi
3382 4299 3462 4362 ⁸⁵;

1878 4391 1983 4445 qua
2009 4375 2248 4446 prodita,
2277 4379 2638 4436 evacuabitur
2658 4381 2805 4451 quod
2837 4397 2903 4437 ex
2934 4394 3089 4454 parte
3118 4387 3352 4443 exsistit.

253 4487 373 4559 σπη’.
405 4488 640 4560 Ζητοῦσί
693 4506 862 4554 τινες,
908 4489 1029 4552 πῶς
1065 4487 1222 4542 ἕσται
1280 4485 1390 4540 τῶν
1436 4485 1771 4556 ἀξιουμένων

1947 4477 2034 4533 88.
2082 4479 2224 4534 Sunt
2247 4481 2344 4550 qui
2379 4495 2648 4551 qurerant.
2685 4484 2939 4553 quisnam
2972 4494 3198 4543 futurus
3235 4491 3307 4546 sit
3347 4502 3462 4547 sta-

183 4582 286 4653 τῆς
328 4585 388 4636 ὲν
423 4585 489 4652 τῇ
528 4581 779 4654 βασιλείᾳ
810 4580 906 4634 τοῦ
956 4581 1093 4634 Θεοῦ
1135 4580 1476 4649 τελειότητος
1520 4581 1554 4650 ἡ
1606 4579 1776 4633 κατά-

184 4688 380 4734 στασις
403 4687 419 4703 ο
461 4672 690 4743 πότερον
722 4674 868 4727 κατὰ
917 4671 1204 4742 προκοπὴν
1247 4671 1344 4724 καὶ
1377 4669 1675 4740 μετάϐασιν
1695 4712 1709 4733 ,
1739 4671 1773 4741 ἢ

183 4761 330 4815 κατὰ
353 4761 454 4829 τὴν
497 4763 554 4815 ὲν
584 4761 771 4816 στάσει
801 4761 1145 4832 ταυτότηταο
1181 4762 1300 4826 πῶς
1336 4777 1397 4814 τε
1432 4761 1502 4815 τὰ
1544 4759 1776 4831 σώματα

181 4855 280 4908 καὶ
315 4854 413 4918 τὰς
453 4853 634 4926 ψυχὰς
674 4850 813 4908 εἶναι
843 4854 1021 4926 χρεὼν
1075 4855 1505 4926 ὑπολαμῦάνειν.
1535 4853 1680 4926 Πρὸς
1707 4852 1771 4926 δὴ

179 4947 344 5000 τοῦτο
404 4946 779 5017 ποχαστικῶς
823 4948 943 5018 ἐρεῖ
976 4965 1080 5012 τις,
1117 4949 1199 5001 ὅτι
1250 4947 1506 5017 καθάπερ
1553 4947 1646 4999 ἐπὶ
1679 4946 1776 5017 τῆς

184 5039 513 5111 σωματικῆς
543 5040 692 5110 ζωῆς
726 5039 910 5104 διττός
952 5041 1100 5093 ἐστιν
1135 5043 1162 5093 ὁ
1191 5041 1293 5110 τῆς
1332 5039 1543 5111 τροφῆς
1572 5037 1730 5107 λόγος
1756 5053 1770 5068 ·

182 5136 216 5190 ὁ,
236 5134 342 5202 μὲν
372 5132 511 5204 πρὸς
545 5132 776 5203 αὔξησιν
796 5170 810 5196 ,
842 5133 871 5184 ό
897 5132 953 5184 δὲ
990 5132 1127 5203 πρὸς
1150 5133 1483 5204 συντήρησιν
1511 5130 1618 5183 τῶν
1650 5146 1776 5201 τρε-

184 5226 444 5296 φομένων
470 5245 482 5258 ο
530 5227 730 5296 μέχρις
772 5219 834 5279 οὗ
864 5224 974 5297 γὰρ
1007 5224 1304 5295 φθάσωμεν
1335 5225 1397 5276 τὸ
1429 5223 1637 5277 τέλειον
1673 5223 1775 5292 τῆς

185 5318 510 5389 σωματικῆς
539 5318 780 5389 ἡλικίας,
809 5319 1126 5390 τρεφόμεθα
1163 5317 1299 5388 πρὸς
1341 5315 1571 5385 αὒξησιν
1591 5333 1604 5345 ο
1622 5316 1773 5367 ἐπει-

183 5411 284 5464 δὰν
316 5411 373 5464 δὲ
413 5412 476 5463 τὸ
525 5411 687 5482 σῶμα
720 5415 818 5484 στῇ
867 5413 968 5481 τῆς
1025 5414 1108 5474 εἱς
1167 5411 1400 5483 μέγεθος
1453 5409 1769 5474 ἐπιδόσεως,

185 5505 371 5556 οὐκέτι
401 5504 663 5575 τρέφεται
697 5504 839 5576 πρὸς
889 5503 1138 5576 αὔξησιν,
1162 5504 1300 5558 ἀλλὰ
1339 5502 1477 5575 πρὸς
1511 5501 1774 5571 συντήρη-

188 5613 296 5649 σιν.
331 5594 520 5660 υῦτως
545 5595 642 5650 καὶ
673 5597 766 5649 ἐπὶ
807 5598 906 5667 τῆς
944 5596 1122 5666 ψυχῆς
1169 5595 1345 5657 διττὸς
1377 5597 1404 5647 6
1437 5592 1538 5662 τῆς
1565 5592 1772 5662 τροφῆς

188 5686 365 5758 λόγος.
395 5688 667 5761 Τρέφεται
701 5688 809 5760 γάρ
847 5689 1232 5759 προκύπτουσα
1265 5687 1387 5749 ταῖς
1419 5685 1642 5756 ἀρεταῖς
1675 5683 1769 5735 καὶ

1876 4578 1967 4625 tus
2001 4585 2196 4626 eorum
2231 4574 2326 4642 qui
2357 4573 2778 4638 perfectionem,
2797 4593 2921 4646 quae
2946 4578 3002 4633 in
3032 4597 3204 4652 regno
3227 4583 3324 4639 Dei
3354 4595 3461 4651 est,

1875 4670 2322 4730 consequentur;
2385 4671 2574 4717 utrum
2642 4666 2952 4721 secundum
3020 4671 3331 4739 profectum
3398 4691 3462 4729 ac

1876 4751 2261 4816 mutationem,
2308 4769 2379 4806 an
2419 4754 2725 4810 secundum
2779 4758 3029 4814 eamdem
3088 4761 3207 4817 fixa:
3259 4765 3464 4832 quietis

1874 4843 2318 4912 possessionem;
2347 4861 2458 4914 quo
2492 4846 2623 4902 item
2647 4849 2813 4904 modo
2845 4865 2902 4904 se
2926 4859 3041 4905 tum
3066 4867 3320 4923 corpora,
3343 4866 3463 4912 tum

1875 4933 2091 4988 animas
2149 4949 2272 4989 esse
2335 4936 2658 5005 habituras,
2716 4941 2788 4996 sit
2847 4942 3275 4999 existimandum
3359 4946 3459 5006 (In:

1873 5026 2164 5097 quaestioni
2208 5027 2283 5082 ita
2319 5028 2443 5098 quis
2491 5031 2638 5085 haud
2681 5032 2832 5087 inani
2869 5037 3191 5106 conjectura
3235 5054 3464 5110 respon-

1873 5117 2030 5182 deat;
2071 5116 2224 5187 quod
2267 5134 2486 5189 nempe,
2529 5122 2674 5177 sicut
2710 5122 2765 5176 in
2800 5125 3074 5194 corporali
3116 5126 3230 5180 vita
3260 5127 3464 5197 duplex

1872 5226 1959 5274 est
1996 5217 2245 5273 alimenti
2289 5220 2458 5285 ratio;
2493 5221 2667 5276 altera
2703 5223 2950 5292 quidem,
2998 5224 3068 5279 ad
3107 5237 3462 5297 augmentum

1871 5309 2219 5380 provehens;
2253 5311 2426 5366 altera
2461 5328 2614 5378 vero,
2651 5314 2718 5367 ad
2769 5329 2962 5368 eorum
2998 5317 3094 5386 qui
3136 5320 3466 5374 nutriuntur

1869 5405 2166 5459 conferens
2203 5407 2708 5461 conservationem.
2745 5405 3002 5473 Quandiu
3043 5410 3191 5466 enim
3227 5411 3465 5466 necdum

1867 5497 2169 5567 perfectam
2197 5499 2450 5568 corporis
2486 5508 2755 5554 staturam
2800 5502 3113 5572 molemque
3157 5505 3463 5575 attigimus,

1869 5589 2150 5643 nutrimur
2198 5599 2260 5644 ut
2301 5604 2654 5659 augeamur:
2706 5591 2805 5647 ubi
2855 5601 3038 5648 autem
3083 5610 3285 5666 corpus
3331 5610 3468 5666 aug-

1869 5681 2041 5738 menti
2071 5679 2235 5738 ﬁnem
2277 5681 2495 5750 fecerit,
2539 5700 2646 5738 non
2691 5685 2931 5756 amplius
2962 5688 3205 5745 nutritur
3248 5697 3311 5743 ut
3365 5701 3467 5744 au-

262 5844 307 5877 ⁸²
339 5844 513 5901 Exod.
540 5860 630 5910 xv,
659 5841 744 5903 18.
827 5843 875 5876 ⁸⁸
903 5841 1107 5912 Ephes.
1145 5858 1216 5908 tv,
1257 5842 1344 5895 l3.
1422 5842 1466 5871 ⁵⁵
1504 5837 1679 5893 lCor.
1719 5853 1834 5904 xm,
1864 5835 1952 5892 l0.

3555 4263 3721 4350 ἰαί,
3753 4281 3824 4359 I'r'.
