4064 6440
661 403 797 469 1167

1820 405 1898 468 S.’
1927 410 2085 469 ΜΑΧ
2097 410 2216 469 [Ml
2259 407 2772 468 CONFESSORIS

3752 414 3860 481 1168

659 522 876 594 geatur,
894 522 988 577 sed
1022 529 1082 577 ut
1100 539 1265 594 quam
1297 522 1556 593 adeptum
1583 531 1669 577 est
1693 523 1896 578 molem
1920 535 2240 580 conservet:

2349 526 2460 586 τοῖς
2490 523 2831 595 θεωρήμασι,
2861 523 3055 597 μέχρις
3088 520 3150 577 οὗ
3189 513 3417 580 διαϐᾶσα
3460 525 3528 582 τὰ
3567 526 3688 581 ὄντα
3722 531 3864 585 πάντα

659 617 740 670 sic
765 616 902 674 etin
931 617 1114 671 anima
1140 617 1342 686 duplex
1377 616 1624 670 alimenti
1654 617 1795 670 ratio
1824 619 2087 673 occurrit.
2127 619 2242 674 Nu—

662 707 828 762 tritur
851 707 998 762 enim
1028 707 1366 776 proﬁciendo
1392 707 1696 763 virtutibus
1734 723 1798 762 ac
1826 711 2244 778 contemplatio-

661 801 850 865 nibus,
890 801 1068 855 donec
1125 801 1385 856 omnibus
1443 801 1738 870 superatis,
1797 801 1864 857 ad
1925 818 2241 858 mensuram

663 891 941 961 pertingat
969 891 1145 945 mtatis
1173 890 1536 961 plenitudinis
1561 890 1766 946 Christi
1793 909 1806 944 :
1843 909 2004 960 quam
2023 893 2238 964 adepta,

628 983 732 1059 .ab
760 983 908 1036 omni
934 983 1046 1053 jam
1088 983 1336 1052 profectu
1367 993 1566 1047 cessat,
1608 998 1718 1052 quo
1753 999 1852 1054 per
1893 985 2072 1039 media
2115 1002 2243 1056 pro-

627 1066 636 1084 '
663 1072 970 1126 vehebatur
999 1081 1163 1141 atque
1185 1073 1502 1138 crescebat;
1529 1090 1651 1143 qum
1675 1074 1936 1129 videlicet
1962 1075 2082 1131 sine
2124 1092 2242 1130 tne-

662 1164 755 1218 dio
787 1165 1090 1229 nutriatur,
1122 1165 1451 1220 immortalis
1479 1165 1630 1220 illius
1651 1165 1980 1220 nutrimenti
2015 1182 2238 1236 genere,

661 1255 827 1326 508
857 1256 1004 1326 quod
1049 1257 1472 1328 intelligentiam
1519 1273 1737 1312 omnem
1780 1268 2024 1328 superat,
2066 1275 2242 1329 eaque

659 1349 894 1404 forsitan
938 1349 1152 1404 ratione
1182 1359 1479 1420 augmento
1515 1351 1770 1420 superius
1804 1360 1916 1418 est;
1958 1368 2068 1422 quo
2112 1369 2243 1407 con-

659 1456 870 1497 cessam
911 1441 1234 1496 deiformem
1276 1441 1672 1511 perfectionem
1708 1453 2020 1507 conservet,
2055 1443 2240 1497 inﬁni-

659 1542 856 1604 tasque
884 1536 1004 1606 ejus
1039 1533 1366 1588 nutrimenti
1391 1534 1619 1588 delicias
1648 1543 1864 1589 exserat
1886 1543 2049 1604 atque
2065 1535 2239 1604 expli-

2353 616 2534 687 φθάσῃ
2562 617 2621 668 τὸ
2659 617 2857 688 μέτρον
2882 618 2982 686 τῆς
3025 615 3244 686 ἡλικίας
3276 617 3366 671 τοῦ
3413 618 3752 690 πληρώματος
3791 624 3864 676 τοῦ

2348 707 2586 778 Χριστοῦ
2611 725 2624 738 ·
2665 709 2723 760 ὲν
2751 701 2795 775 ᾧ
2828 707 3112 780 γινομένη,
3148 710 3332 780 πάσης
3375 709 3476 780 τῆς
3517 710 3645 782 πρὸς
3673 712 3869 769 ὲπίδοείν

2347 817 2407 853 τε
2438 800 2532 854 καὶ
2578 799 2808 871 αὔξησιν
2853 801 2942 856 διὰ
2997 802 3104 855 τῶν
3139 801 3319 872 μέσων
3351 803 3562 856 ἵσταται
3600 807 3868 876 προκοπῆς·

2348 893 2570 964 ἀμέσως
2610 894 2918 966 τρεφομένη
2954 895 3014 949 τὸ
3055 895 3198 967 ὑπὲρ
3233 895 3416 964 νόησιν
3443 913 3458 926 ο
3505 896 3596 948 καὶ
3636 897 3715 950 διὰ
3744 899 3870 954 τοῦτο

2347 987 2510 1058 τυχὸν
2554 987 2696 1058 ὑπὲρ
2737 987 2963 1058 αῠξησιν
2987 1007 3001 1022 ·
3036 991 3138 1060 τῆς
3189 988 3469 1060 ἀφθάρτου
3507 989 3702 1060 τροφῆς
3742 986 3869 1057 εἶδος,

2351 1080 2488 1152 πρὸς
2524 1081 2855 1152 συντήρησιν
2901 1082 3000 1150 τῆς
3055 1080 3306 1151 δοθείσης
3363 1081 3501 1152 αὐτῇ
3541 1081 3780 1146 θεοειδοῦς
3803 1101 3870 1135 τε-

2348 1172 2658 1243 λειότητος,
2705 1174 2797 1226 καὶ
2851 1172 3112 1242 ἔκφανσιν
3159 1172 3269 1226 τῶν
3319 1173 3419 1244 τῆς
3461 1172 3662 1244 τροςῆς
3704 1175 3873 1245 ἐκείνης

2349 1265 2592 1336 ἀπείρων
2608 1265 2868 1333 ἀγλαῖῶν,
2888 1265 3012 1319 καθ’
3034 1265 3102 1335 ἣν
3116 1264 3178 1318 τὺ
3194 1266 3280 1318 ἀεὶ
3304 1261 3362 1319 εὖ
3388 1264 3644 1329 ὡσαύτως
3668 1259 3789 1319 εἶναι
3814 1269 3877 1320 ὲν-

2348 1354 2600 1426 δημῆσαν
2629 1357 2766 1427 αὐτῇ
2800 1357 3087 1428 δεχομένη,
3115 1357 3327 1426 γίνεται
3347 1356 3466 1421 θεὸς
3497 1360 3563 1429 τῇ
3589 1357 3781 1428 μεθέξει
3803 1361 3878 1430 τῆς

2351 1444 2539 1515 θεῖκῆς
2561 1447 2807 1517 χάριτος,
2837 1447 3028 1502 πασῶν
3058 1448 3166 1501 τῶν
3219 1448 3360 1502 κατά
3387 1449 3514 1501 νοῦν
3543 1449 3636 1502 καὶ⁵
3670 1447 3885 1520 αἴσθησιν

2351 1538 2664 1608 ἐνεργειῶν,
2703 1539 2840 1609 αὐτή
2877 1556 2935 1592 τε
2982 1541 3335 1612 παυσαμένη,
3384 1543 3480 1594 καὶ
3513 1541 3670 1612 ἑαυτῇ
3692 1540 3777 1605 τὰς
3806 1541 3878 1596 τοῦ

661 1637 745 1682 eet
779 1646 792 1682 :
823 1644 934 1698 quo
967 1628 1232 1698 denique,
1261 1627 1457 1682 eodem
1496 1644 1556 1682 se
1588 1628 1752 1683 modo
1781 1644 2001 1698 semper
2036 1629 2242 1683 haben-

2353 1629 2607 1706 σώματος
2642 1632 3101 1686 συναναπαύσασα
3122 1634 3357 1702 φυσικὰς
3379 1634 3672 1705 ἐνεργείας,
3692 1635 3882 1688 συνθεω-

664 1731 774 1775 tem
838 1720 941 1789 ipsi
1012 1720 1362 1789 conjunctam
1432 1726 1599 1788 atque
1671 1727 2001 1788 praesentem
2083 1729 2243 1774 nacta

2351 1719 2538 1784 θέντος
2589 1725 2724 1793 αὐτῇ
2757 1723 2897 1782 κατά
2946 1725 3046 1794 τὴν
3103 1712 3474 1792 ἀναλογοῦσαν
3530 1723 3670 1794 αὑτῷ
3708 1722 3881 1794 μέθεξιν

662 1809 1004 1873 felicitatem,
1030 1809 1229 1863 divinm
1253 1808 1441 1879 gratiae
1469 1809 1803 1864 commercio
1821 1811 1956 1864 deus
1983 1808 2238 1875 efﬁcitur,

2352 1812 2453 1882 τῆς
2483 1814 2751 1878 θεώσεως.
2771 1815 2934 1867 Ὥστε
2972 1815 3131 1885 μόνον
3153 1815 3244 1869 τὸν
3275 1816 3409 1870 Θεὸν
3435 1816 3526 1870 διά
3557 1833 3614 1868 τε
3639 1817 3726 1885 τῆς
3744 1815 3881 1885 ψυχῆς

662 1911 778 1956 tum
803 1902 920 1971 ipsa
950 1902 1018 1955 ab
1054 1901 1315 1955 omnibus
1348 1900 1550 1955 mentis
1574 1917 1881 1972 sensusque
1906 1903 2246 1973 operationi-

2350 1903 2444 1956 καὶ
2480 1904 2573 1956 τοῦ
2623 1904 2876 1975 σώματος
2912 1905 3236 1973 φαίνεσθαι,
3267 1906 3602 1977 νικηθέντων
3642 1905 3798 1958 αὐτῶν
3829 1907 3877 1976 τῇ

659 1993 765 2048 bus
806 2009 1050 2059 cessans,
1102 2003 1218 2048 tum
1274 2009 1382 2048 una
1422 2010 1611 2048 secum
1666 1997 1948 2050 naturales
1998 1995 2248 2065 corporis

2357 1996 2631 2068 ὑπερϐολῇ
2663 1999 2761 2068 τῆς
2801 1997 2959 2068 δόξης
2979 2038 2994 2062 ,
3025 1999 3133 2052 τῶν
3160 1999 3408 2069 φυσικῶν
3447 2000 3827 2070 γνωρισμάτων.

661 2088 1013 2158 operationes
1040 2103 1261 2141 cessare
1305 2095 1594 2156 praestans,
1625 2088 1772 2156 quod
1804 2089 1984 2158 ipsum
2015 2105 2118 2158 pro
2147 2104 2246 2143 sua
2287 2090 2502 2145 ratione
2545 2091 2663 2163 pari
2708 2106 2834 2146 eum
2875 2093 2968 2148 illa
3004 2093 3338 2149 commercio
3407 2093 3614 2149 deitate
3672 2092 3875 2152 donatum

660 2181 775 2235 ait:
811 2180 883 2234 ita
910 2179 1176 2233 nimirum
1213 2187 1274 2232 ut
1310 2187 1367 2234 et
1395 2179 1581 2233 animo
1619 2188 1784 2249 atque
1824 2196 2078 2250 corpore,
2123 2180 2414 2235 amborum
2469 2183 2819 2238 naturalibus
2876 2187 3240 2254 qualitatibus
3296 2186 3567 2242 claritatis
3615 2185 3876 2242 excellentia

662 2273 827 2329 victis
855 2273 1116 2342 velutque
1155 2273 1487 2340 suppressis,
1513 2288 1657 2326 unus
1693 2273 1840 2328 Deus
1869 2273 2103 2328 eluceat.

731 2364 818 2418 89.
870 2356 1020 2419 Sunt'
1056 2363 1152 2430 qui
1206 2361 1529 2430 indaganda}
1573 2362 1827 2417 veritatis
1867 2361 2054 2418 studio
2093 2379 2246 2434 quae—

662 2466 805 2521 rant,
821 2470 1061 2526 quonam
1081 2453 1244 2509 modo
1269 2454 1454 2508 futura
1478 2456 1550 2510 sit
1572 2455 1880 2510 caelestium
1900 2457 2246 2510 mansionum

662 2547 1209 2618 promissionumque
1241 2546 1551 2610 distinctio,
1580 2562 1711 2600 num
1747 2547 1909 2602 locali
1953 2549 2071 2616 ipsa
2117 2548 2250 2601 sub—

665 2637 889 2698 stantia,
922 2653 992 2690 an
1027 2637 1297 2706 cujusque
1340 2637 1562 2706 propria
1596 2635 1921 2700 mansionis,
1953 2652 2052 2705 per
2075 2637 2218 2691 ratio

664 2743 814 2792 nem,
844 2727 1082 2797 spiritali
1109 2736 1225 2780 tum
1257 2726 1525 2796 qualitate
1557 2735 1672 2779 tum
1703 2726 2033 2796 quantitate.
2069 2726 2250 2796 Atque

664 2818 792 2873 aliis
833 2819 1055 2888 quidem
1104 2811 1373 2888 primum,
1410 2816 1534 2872 aliis
1577 2818 1811 2872 alterum
1844 2818 2043 2887 placet.
2077 2817 2250 2873 Caete-

664 2925 787 2964 rum
811 2912 906 2979 qui
946 2909 1163 2963 noverit
1193 2909 1325 2978 quid
1352 2908 1458 2962 sibi
1493 2908 1628 2962 velit
1656 2927 1669 2960 :
1703 2907 1939 2978 Regnum
1975 2907 2072 2961 Dei
2104 2909 2250 2963 intra

663 3019 753 3057 vos
781 3012 858 3055 est
887 3002 969 3068 ";
1001 3001 1227 3070 quidve,
1273 3000 1576 3055 Mansiones
1617 2998 1798 3054 multa:
1826 3008 1950 3053 sunt
1979 3000 2122 3070 apud
2145 3000 2251 3054 Pa-

664 3105 801 3149 trem
837 3094 905 3158 ”,
932 3094 1188 3148 secundm
1211 3093 1500 3147 sententize
1540 3094 1722 3163 potius
1751 3092 2074 3147 adlimrebit.

734 3187 823 3240 90.
851 3184 994 3239 Sunt
1019 3185 1115 3255 qui
1138 3194 1410 3252 quaerant,
1447 3199 1555 3253 qua
1587 3184 1797 3238 ratione
1828 3200 2056 3255 regnum
2083 3185 2249 3239 caelo-

665 3294 812 3342 rum,
839 3286 896 3333 et
927 3291 1157 3347 regnum
1184 3275 1282 3330 Dei
1315 3275 1754 3346 distinguantur;
1789 3291 1920 3330 num
1942 3276 2248 3331 secundum

665 3366 1032 3424 substantiam
1065 3375 1230 3436 atque
1263 3366 1535 3436 subjecto,
1575 3380 1646 3419 an
1686 3366 1890 3420 mentis
1927 3366 2170 3436 cogitatu
2195 3375 2253 3421 et

666 3460 902 3515 ratione.
930 3459 1149 3526 Quibus
1175 3474 1240 3513 ea
1266 3459 1554 3529 responsio
1577 3467 1682 3522 est,
1719 3457 1985 3529 distingui
2012 3459 2105 3514 illa
2127 3459 2253 3529 qui-

666 3554 812 3616 dem,
869 3569 982 3606 non
1029 3561 1214 3607 tamen
1264 3551 1572 3606 substantia
1625 3561 1792 3622 atque
1841 3552 2113 3622 subjecto,
2153 3553 2248 3608 sed

667 3643 858 3698 subtili
885 3642 1126 3713 cogitatu
1162 3649 1220 3696 et
1257 3641 1492 3696 ratione.
1536 3643 1713 3697 Ambo
1739 3645 1887 3696 enim
1927 3660 2096 3698 unum
2128 3645 2254 3700 sub-

664 3731 868 3786 stantia
899 3747 963 3786 ac
993 3731 1243 3801 subjecto
1279 3739 1441 3796 sunt;
1475 3747 1666 3785 verum
1707 3731 1924 3786 ratione
1951 3733 2251 3803 subtilique

667 3823 933 3892 cogitatu,
965 3837 1193 3892 regnum
1229 3822 1518 3886 malorum,
1551 3837 1696 3877 verte
1722 3831 1808 3877 est
1837 3839 2027 3877 rerum
2053 3839 2252 3878 secun-

667 3914 799 3968 dum
835 3913 1091 3983 proprias
1114 3913 1168 3968 in
1202 3913 1316 3968 Deo
1355 3913 1800 3984 pratexsistentes
1828 3915 2074 3970 rationes
2110 3931 2251 3985 pra:-

667 4016 894 4062 aeternze
940 4005 1274 4075 cognitionis
1314 4006 1738 4076 comprehensio
1768 4025 1780 4060 :
1818 4007 1913 4061 Dei
1949 4016 2132 4062 autem
2163 4025 2252 4063 re-

667 4113 860 4167 gnum,
910 4097 1185 4152 bonorum
1232 4112 1354 4166 qua:
1393 4097 1722 4150 naturaliter
1759 4097 1873 4154 Deo
1925 4097 2115 4150 insunt
2154 4114 2255 4168 per

667 4188 899 4259 gratiam
938 4187 1245 4258 impartitio
1289 4205 1303 4240 :
1341 4194 1508 4257 atque
1549 4187 1782 4242 alterum
1823 4187 2046 4258 quidem
2085 4204 2254 4258 penes

670 4298 858 4336 rerum
886 4284 1049 4336 tinem
1072 4322 1086 4346 ,
1119 4281 1358 4335 alterum
1382 4295 1539 4344 vero,
1573 4288 1842 4350 quantum
1879 4280 2069 4334 subtili
2101 4281 2251 4351 cogi-

669 4383 787 4428 tatu
823 4369 1204 4444 intelligimus,
1240 4382 1365 4443 post
1399 4389 1585 4428 rerum
1619 4373 1783 4428 ﬁnem
1802 4381 1907 4428 est.

2428 2363 2536 2418 πθ’.
2576 2364 2808 2436 Ζητοῦσί
2850 2383 2996 2431 τινες
3046 2367 3156 2420 τῶν
3205 2367 3562 2440 φιλομαθῶν,
3604 2369 3732 2423 κατά
3765 2370 3872 2423 ποῖον

2355 2455 2508 2510 ἔσται
2559 2457 2827 2528 τρόπονὴ
2889 2459 2999 2514 τῶν
3057 2461 3291 2514 αἰωνίων
3346 2459 3528 2530 μονῶν
3571 2477 3629 2514 τε
3680 2462 3762 2514 καὶ
3804 2463 3873 2515 ἐτ-

2355 2547 2627 2615 αγγελιῶν
2663 2549 2935 2621 διαφορά·
2979 2551 3212 2622 πότερον
3261 2551 3390 2606 καθ’
3439 2553 3722 2607 ὑπόστασιν
3759 2569 3872 2608 τοπι-

2355 2640 2458 2710 κὴν
2486 2639 2571 2711 (Ι),
2603 2641 2635 2713 ἢ
2695 2645 2816 2697 κατ’
2861 2643 3104 2698 ἐπίνοιαν
3137 2645 3237 2716 τῆς
3283 2644 3598 2717 ἰδιαζούσης
3643 2644 3750 2699 καθ’
3779 2645 3871 2698 ἑκά-

2354 2748 2489 2801 στην
2515 2733 2683 2805 μονὴν
2723 2737 3102 2807 πνευματικῆς
3145 2737 3434 2808 ποιότητός
3481 2755 3540 2791 τε
3569 2738 3657 2792 καὶ
3696 2739 3869 2806 ποσότη-

2351 2840 2462 2888 τος,
2488 2826 2600 2879 Καὶ
2629 2829 2742 2890 τοῖς
2786 2828 2884 2898 μὲν
2922 2828 3071 2882 δοκεῖ
3102 2829 3163 2883 τὸ
3189 2829 3408 2901 πρῶτον
3431 2848 3446 2862 ο
3479 2833 3594 2894 τοῖς
3618 2830 3691 2892 δὲ,
3715 2831 3764 2883 τὸ
3784 2829 3870 2883 Bai-

2353 2933 2544 2987 τερονο
2575 2918 2604 2969 ὁ
2635 2917 2694 2970 δὲ
2727 2921 2912 2988 γνοὺς,
2956 2921 3010 2974 τί
3039 2921 3131 2984 τὸ,
3177 2922 3239 2976 Ἠ
3269 2923 3568 2988 βασιλεία
3619 2923 3716 2978 τοῦ
3762 2923 3867 2976 Θεοῦ

2348 3006 2523 3074 ἐντὸς
2555 3009 2724 3078 ὑμῶν
2759 3011 2912 3077 ἐστι,
2949 3012 3044 3065 καὶ
3079 3011 3133 3065 τί
3158 3012 3220 3064 τὸ
3240 3054 3254 3076 ,
3289 3014 3526 3070 Πολλαι
3553 3014 3720 3083 μοναὶ
3752 3012 3867 3080 ,παρὰ

2354 3099 2434 3164 τῷ
2463 3102 2674 3170 Πατρὶ,
2697 3101 2792 3155 τοῦ
2827 3103 3089 3175 δευτέρου
3129 3104 3331 3175 μᾶλλον
3362 3107 3667 3177 γενήσεται.

2425 3197 2496 3259 k'.
2531 3194 2766 3264 Ζητοῦσί
2791 3213 2970 3260 τινες,
3009 3198 3168 3251 ποίαν
3201 3198 3472 3269 διαφορὰν
3511 3199 3618 3270 ἔχει
3657 3198 3773 3270 πρὸς
3797 3198 3866 3268 τὴν

2351 3283 2446 3336 τοῦ
2475 3285 2614 3339 Θεοῦ
2645 3286 2924 3357 βασιλείαν
2950 3291 2983 3360 ἡ
3015 3289 3122 3342 τῶν
3164 3291 3415 3361 οὐρανῶν
3447 3291 3681 3362 βασιλεία
3709 3308 3722 3321 ·
3752 3290 3864 3342 πότε·

2356 3391 2448 3446 ρον
2495 3378 2619 3431 καθ’
2680 3381 2979 3436 ὑπόστασιν
3027 3381 3379 3454 διαφέρουσιν
3424 3382 3745 3455 ἀλλήλων,ῆ
3780 3381 3864 3435 κατ’

2353 3471 2614 3524 ἐπίνοιαν.
2648 3472 2792 3544 Πρὸς
2836 3472 2930 3536 οὓς
2961 3474 3177 3544 ῥητέον,
3207 3475 3288 3528 ὅτι
3343 3474 3657 3547 διαφέρουσι
3693 3471 3860 3545 μένοοό

2352 3562 2475 3614 καθ’
2498 3562 2797 3616 ὑπόστασιν
2825 3565 2902 3620 δέ.
2935 3565 3050 3618 Μία
3084 3565 3193 3638 γὰρ
3243 3567 3368 3620 καθ’
3408 3568 3694 3621 ὑπόστασιν
3712 3568 3861 3636 anew

2352 3653 2490 3708 ἀλλὰ
2534 3656 2655 3709 κατ’
2684 3657 2932 3711 ἐπίνοιαν
2964 3675 2978 3692 ο
3007 3660 3039 3729 ὴ
3075 3658 3174 3729 μὲν
3205 3667 3313 3730 γὰρ
3347 3659 3597 3730 βασιλεία
3621 3660 3717 3713 τῶν
3748 3659 3863 3729 οὐρι-

2352 3745 2479 3811 νῶν,
2514 3751 2614 3818 τῆς
2649 3749 2759 3803 τῶν
2813 3750 2982 3803 ὄντων
3038 3751 3377 3822 ἀκραιφνοῦς
3405 3753 3550 3808 κατά
3569 3754 3683 3816 τοὺς
3710 3747 3864 3805 ἑαυτῶν

2352 3837 2547 3906 λόγους
2576 3842 2634 3895 ἐν
2665 3841 2742 3911 τῷ
2773 3841 2892 3912 Θεῷ
2934 3844 3261 3914 προαιωνίου
3308 3845 3565 3913 γνώσεώς
3601 3848 3704 3898 ἐστι
3743 3840 3865 3894 κατὰ·

2353 3927 2545 3998 ληψις·
2578 3933 2609 4000 ἡ
2650 3931 2707 3984 δὲ
2733 3931 2828 3984 τοῦ
2859 3933 2996 3987 Θεοῦ
3045 3933 3313 4004 βασιλεία,
3345 3937 3457 3989 τῶν
3505 3935 3778 4008 προσόντων
3810 3929 3865 3997 τῷ

2353 4020 2476 4092 Θεῷ
2515 4024 2761 4092 φυσικῶς
2793 4026 3017 4094 ἀγαθῶν
3065 4026 3208 4080 κατὰ
3237 4029 3401 4098 χάριν
3450 4032 3566 4082 ἐστὶ
3603 4025 3861 4099 μετάδοσις·

2357 4119 2452 4168 καὶ
2476 4118 2508 4185 ἡ
2544 4117 2645 4185 μὲν
2668 4117 2811 4170 κατά
2843 4118 2904 4170 τὸ
2927 4118 3080 4182 τέλος
3108 4122 3218 4174 τῶν
3247 4121 3419 4174 ὄντων
3447 4163 3462 4184 ,
3497 4123 3529 4192 η
3557 4122 3610 4176 δὲ
3654 4121 3755 4174 κατ’
3773 4118 3862 4171 Etti-

2355 4224 2505 4262 νοιαν
2536 4209 2678 4279 μετὰ
2706 4210 2767 4263 τὸ
2795 4211 2948 4276 τέλος
2985 4213 3093 4266 τῶν
3117 4213 3288 4267 ὄντων
3318 4215 3454 4268 ἐστί.

736 4465 827 4519 91.
854 4465 1013 4535 Quod
1052 4465 1125 4519 ita
1161 4464 1373 4519 dictum
1405 4474 1510 4527 est,
1540 4465 1997 4535 Appropinquavit
2035 4481 2248 4534 regnum

2427 4463 2536 4530 ιμ’.
2563 4465 2674 4530 Τὸ,
2708 4465 2991 4535 Ἤγγικεν
3035 4468 3074 4536 ἡ
3113 4470 3406 4533 ,βασιλεία
3461 4469 3575 4524 τῶν
3615 4465 3861 4536 οὐρανῶν,

668 4556 918 4614 caelorum
942 4557 1012 4621 ⁵⁷,
1041 4564 1104 4608 ut
1127 4555 1352 4625 quidem
1387 4556 1665 4620 existimo,
1693 4572 1802 4610 non
1832 4571 1900 4611 eo
1924 4565 2156 4625 spectat,
2192 4566 2252 4610 ut

669 4648 1013 4702 contractior
1051 4649 1321 4718 temporis
1349 4664 1504 4704 mora
1541 4648 1922 4718 intelligatur:
1957 4649 2078 4704 Νοη
2103 4652 2250 4706 enim

669 4742 841 4794 veniet
863 4757 984 4794 cum
1003 4740 1391 4804 observatione;
1415 4759 1579 4811 neque
1608 4743 1815 4795 dicent:
1843 4741 1977 4794 Ecce
1997 4743 2100 4803 hic,
2141 4757 2254 4794 ecce

740 4882 787 4912 ⁸⁵
819 4879 952 4934 Luc.
988 4866 1117 4946 ιινιι,
1157 4880 1248 4934 21.
1325 4881 1371 4911 ⁸⁸
1393 4881 1550 4935 Joan.
1583 4898 1690 4944 xw,
1713 4881 1767 4933 ‘2.
1846 4880 1889 4910 ⁵⁷
1911 4879 2103 4934 Matth.
2129 4896 2207 4944 ιιι,
2239 4879 2292 4933 5.

742 4997 801 5068 (Ι)
877 4995 1135 5068 Πότερον
1183 4994 1311 5048 καθ’
1360 4995 1705 5068 ὑπόστασιν
1737 4994 2016 5068 τοπικήν.
2047 4992 2253 5068 Crebra

670 5064 854 5123 Marco
883 5066 1178 5128 ὑπόστασις
1208 5080 1333 5122 vox.
1372 5074 1428 5117 et
1453 5064 1835 5119 ὐποστατικόν.
1862 5081 1963 5135 pro
2000 5080 2067 5118 eo
2103 5064 2252 5134 quod

665 5151 752 5194 est
775 5152 903 5192 vere
949 5144 1144 5190 natura
1187 5135 1476 5193 exsistens.
1505 5143 1563 5187 et
1600 5143 1763 5203 prout
1791 5134 2153 5204 distinguitur
2183 5135 2252 5188 ab

667 5227 756 5272 eo,
791 5207 939 5277 quod
993 5215 1176 5277 mente
1215 5204 1616 5277 consideratur,
1679 5205 1977 5277 subtilique
2011 5205 2252 5277 cogitatu

667 5275 1048 5348 distinguitur.
1088 5275 1641 5348 Sicquemansiones
1675 5275 2027 5348 probabilius
2069 5275 2251 5348 docet,

667 5365 779 5404 non
824 5343 954 5402 v'era
1000 5343 1246 5400 locorum
1286 5344 1564 5415 distantia,
1596 5343 1691 5398 sed
1722 5345 1837 5415 ipsa
1863 5345 2049 5415 gloriae
2073 5343 2250 5415 quali-

671 5429 780 5474 tate
802 5426 858 5472 et
892 5417 1217 5485 quantitate,
1268 5430 1362 5470 seu
1395 5414 1734 5484 perfectione
1767 5414 2030 5485 disCerni.
2080 5414 2151 5485 At
2181 5429 2251 5467 ne

669 5492 759 5545 hic
811 5484 1033 5557 quidem
1084 5487 1270 5540 omisit
1318 5487 1478 5540 Picus
1515 5500 1647 5540 suos
1693 5484 2239 5557 spargerefurfures,

667 5554 950 5614 laborante
995 5557 1046 5612 ei
1087 5565 1258 5618 textu,
1280 5571 1443 5625 quem
1484 5563 1665 5610 tamen
1696 5554 1855 5610 facile
1887 5554 1994 5609 fuit
2026 5569 2243 5625 sanare,

669 5630 887 5697 qualem
933 5643 1000 5681 ex
1046 5623 1804 5695 Maximo'repraesentamus,
1862 5628 1962 5696 τῆς
2020 5623 2250 5697 ἰδιαζού-

670 5694 771 5766 σης
807 5697 1180 5765 πνευματικῆς
1231 5694 1495 5765 ποιότητά
1526 5713 1584 5749 τε
1639 5698 1732 5749 καὶ
1775 5694 2067 5766 ποσότητα.
2109 5694 2247 5766 Quis

668 5763 814 5821 enim
874 5763 984 5822 non
1016 5763 1200 5822 videat
1227 5767 1332 5835 leg.
1374 5763 1656 5832 ποιότητος
1692 5783 1751 5819 τε
1776 5768 1870 5819 καὶ
1901 5763 2200 5832 ποσότητος
2225 5763 2249 5816 ?

673 5838 873 5893 Reddit
895 5838 1100 5907 itaque,
1124 5837 1202 5891 Αη
1228 5837 1510 5891 seczmdum
1536 5835 1963 5904 intellectionem,
1987 5837 2256 5908 hypostasi

2357 4555 2457 4609 οὐκ
2486 4555 2654 4621 ἐστιν,
2683 4555 2758 4620 ὡς
2779 4555 2956 4625 οἶμαι,
2979 4559 3241 4629 χρονικῆς
3269 4560 3535 4629 συστολῆς
3550 4560 3639 4630 (m)
3657 4571 3671 4587 °
3695 4557 3763 4608 Οὐ
3785 4551 3862 4621 γὰρ

2358 4646 2594 4715 ἔρχεται
2609 4647 2760 4715 μετὰ
2788 4649 3254 4718 παρατηρήσεως
3275 4669 3289 4683 ·
3321 4653 3462 4706 οὔτε
3481 4649 3727 4720 ἐροῦσιν·
3749 4641 3861 4699 Ἰδοὺ

2359 4735 2496 4803 ὧδε,
2527 4739 2656 4794 ἰδοὺ
2708 4741 2870 4796 ἐκεῖ·
2908 4742 3047 4796 ἀλλά
3084 4743 3182 4814 τῆς
3214 4744 3352 4815 πρὸς
3394 4744 3564 4814 αὐτὴν
3611 4740 3707 4795 τῶν
3741 4735 3861 4800 ἀξίων

2356 4994 2610 5063 spiritali,
2627 5002 2733 5048 etc.
2778 4995 2910 5060 Quae
2931 4993 3078 5047 enim
3120 4995 3234 5049 haec
3261 4994 3516 5064 spiritalis
3541 4989 3806 5064 hypostgsis,
3820 4992 3856 5038 et

2360 5059 2503 5117 unde
2546 5065 2714 5133 petita
2734 5064 2757 5117 ?
2777 5059 2991 5130 Quibus
3025 5065 3206 5134 Marco
3243 5059 3429 5119 verbis
3452 5059 3729 5134 expressa?

2431 5135 2526 5204 (ιιι)
2546 5129 2666 5186 Οὐκ
2694 5129 2866 5188 ἐστιν
2889 5133 3178 5203 χρονικῆς
3207 5129 3536 5202 συστολῆςξ
3574 5129 3750 5204 Eadem
3771 5139 3858 5179 sen-

2362 5206 2532 5275 tentia
2580 5204 2744 5275 Marei
2809 5205 2911 5258 sub
2952 5204 3169 5260 initium
3222 5205 3348 5260 libri
3397 5204 3472 5259 De
3503 5203 3858 5275 pertinenti”

2359 5274 2540 5344 potuit
2578 5274 2843 5328 Maximus
2877 5277 3138 5329 mutuari.
3163 5278 3235 5330 Οὐ
3257 5277 3470 5338 πάντως
3493 5268 3721 5344 ἀρονικὴν
3743 5268 3856 5335 εἰρη-

2361 5340 2472 5407 κὼς
2521 5344 2832 5415 éYYtitﬁ‘tad
2853 5346 2951 5414 τῆς
3003 5344 3295 5414 βασιλείας.
3347 5340 3542 5415 inquit,
3591 5343 3659 5415 ᾡς
3683 5340 3855 5415 ἓῖατλθὶ

2359 5409 2723 5486 ἐπικειμένην
2768 5413 2844 5483 τῷ
2877 5409 3095 5486 κόσμῳ
3133 5432 3146 5446 ·
3204 5415 3319 5469 ἀλλ’
3379 5409 3529 5486 εἰδὼς
3578 5409 3853 5486 τὸν-ἑαυτοὺ

2352 5485 2527 5549 λόγον,
2549 5479 2652 5538 ’καὶ
2671 5479 2952 5552 βασιλείας
2979 5479 3077 5538 κάἷ
3125 5486 3410 5556 μετανοίας
3436 5479 3852 5556 δύναμιν-ἔχοντα’

2359 5574 2401 5628 σγ
2427 5550 2769 5628 Μετανοεῖτε
2788 5593 2802 5615 ,
2858 5557 3023 5628 φησίν
3043 5571 3056 5583 ·
3098 5550 3295 5628 ἧγγικε
3347 5557 3454 5627 γὰρ
3486 5556 3518 5626 ἡ
3541 5550 3752 5628 βασιλεία
3774 5550 3853 5628 τῷν

2353 5624 2598 5698 οὐρανῶν
2623 5643 2636 5655 ·
2663 5646 2680 5676 ι
2717 5623 2882 5679 Haud
2907 5623 3266 5698 prorsusﬂtm
3296 5623 3520 5696 tempore
3543 5623 3850 5698 ρνορίηῃαιξῖο

2355 5643 2414 5678 ου
2456 5642 2598 5676 ανων
2623 5643 2636 5655 ·
2663 5646 2680 5676 ι
2717 5642 2873 5679 uana
2943 5642 3120 5680 rvrsus
3144 5644 3266 5696 Jum
3296 5642 3520 5696 tempore
3546 5642 3850 5698 propinqui-"to

2355 5642 2494 5748 veru!
2525 5697 2699 5764 ipsum
2752 5645 2946 5750 tumul;
2973 5699 3214 5767 proxime
3247 5698 3552 5763 imminens,
3596 5682 3852 5767 regmfm‘df‘

2356 5782 2512 5828 cens;
2540 5757 2632 5819 sed
2679 5768 2770 5837 qui
2811 5757 2988 5820 δάνει’
3020 5783 3314 5820 sermonem
3343 5783 3493 5820 suum
3539 5757 3679 5835 atque
3702 5757 3852 5811 ὀοιτη-

2360 5851 2508 5900 nam,
2543 5838 2691 5906 regni
2721 5838 2824 5890 vim
2853 5837 3042 5890 habere
3063 5853 3125 5891 ac
3146 5839 3503 5908 paenitentia“
