4064 6430
181 336 330 404 1169

1025 343 1362 404 CAPITUM
1399 344 1658 404 I‘HEOL.
1692 344 1784 406 ET
1823 343 2058 403 (ECON.
2095 345 2483 408 CENTURIA
2513 351 2588 413 ΙΙ.

3312 357 3450 424 1170

175 453 358 522 αὐτῆς
390 449 528 502 κατὰ
554 448 794 503 διάθεσιν
839 451 1074 522 σχέσεως
1110 455 1288 506 ἐστιν·
1330 453 1391 509 Ἡ
1438 455 1545 526 γὰρ
1577 456 1756 520 ,ϐασι-

1861 453 1970 508 ιιιεε
2003 455 2084 520 ³⁴;
2119 457 2212 510 sed
2245 465 2303 511 ut
2326 475 2539 525 eorum,
2566 460 2660 530 qui
2693 463 2788 518 illo
2809 464 2962 536 digni
2995 475 3146 533 sunt,
3165 469 3231 525 ad
3265 473 3444 542 ipsum

171 545 316 600 λεία
345 542 448 597 τοῦ
484 543 654 606 Θεοῦ,
690 546 874 614 φησὶν,
898 544 1073 612 ἐντὸς
1113 546 1281 615 ὑμῶν
1317 548 1507 602 ἐστιν.

247 723 362 792 ιβ’.
395 722 460 775 Ἢ
496 721 588 774 τοῦ
631 721 766 776 Θεοῦ
816 724 910 776 καὶ
959 723 1172 795 [ἰατρὸς
1211 725 1459 796 βασιλεία
1485 763 1505 796 ,
1532 726 1759 798 δυνάμει

175 814 278 884 μὲν
305 815 365 866 ὲν
396 814 530 866 πᾶσί
565 815 714 867 ἐστιν
763 818 877 879 τοῖς
909 815 1256 871 πιστεύουσιν
1287 836 1301 850 ·
1335 819 1586 890 ἐνεργείᾳ
1615 819 1671 872 δὲ
1702 823 1760 873 ἐν

169 909 290 970 τοῖς
329 906 689 975 ἀποθεμένοις
723 907 899 960 διόλου
935 907 1230 973 διαθέσεως
1262 912 1445 964 πᾶσαν
1485 911 1582 982 τὴν
1617 912 1760 965 κατὰ

172 997 343 1064 φύσιν
369 998 548 1069 ψυχῆς
569 1015 626 1050 τε
653 1000 748 1051 καὶ
776 998 1028 1068 σώματος
1073 999 1240 1071 ζωὴν,
1281 1002 1374 1055 καὶ
1416 1003 1586 1072 μόνην
1627 1020 1750 1072 κτη-

174 1091 441 1160 σαμένοις
490 1089 590 1161 τὴν
633 1090 728 1143 τοῦ
779 1090 1132 1162 πνεύματος,
1181 1093 1627 1165 καὶνδυναμένοις
1673 1095 1762 1148 λέ-

171 1201 296 1250 γειν
324 1200 339 1216 ο
389 1183 480 1237 Ζῶ
506 1182 612 1248 δὲ,
648 1182 852 1239 οὐκέτι
910 1183 1060 1254 ἐγὼ,
1093 1182 1160 1253 ζῇ
1218 1185 1288 1239 δὲ
1333 1185 1406 1239 ἐν
1448 1186 1574 1256 ἐμοὶ
1628 1189 1762 1254 Χρι-

169 1275 344 1341 στός.

245 1371 356 1435 ιιγθ.
397 1366 509 1439 Τὴν
547 1366 830 1438 βασιλείαν
872 1367 982 1421 τῶν
1021 1368 1270 1439 οὐρανῶν
1303 1364 1441 1420 εἶναί
1490 1384 1636 1430 τινες
1669 1365 1759 1418 λέ-

170 1474 356 1524 γουσι,
397 1459 496 1529 τὴν
526 1459 584 1511 ἐν
616 1459 866 1531 οὐρανοῖς
892 1459 1001 1512 τῶν
1035 1459 1202 1526 ἀξίων
1247 1459 1547 1527 διαγωγήν·
1578 1457 1759 1529 ἕτεροι

169 1550 245 1611 δὲ,
284 1547 386 1620 τὴν
415 1549 608 1619 ὁμοίαν
648 1554 762 1614 τοῖς
801 1551 1057 1621 ἀγγέλοις
1087 1552 1196 1603 τῶν
1227 1552 1551 1622 σωζομένων
1593 1552 1760 1604 κατά-

173 1657 367 1694 στασιν
389 1655 405 1671 ·
434 1641 580 1696 ἄλλοι
603 1641 680 1705 δὲ,
711 1643 771 1696 τὸ
802 1638 938 1706 εἶδος
976 1641 1105 1696 αὐτὸ
1143 1643 1240 1714 τῆς
1271 1642 1459 1714 θεῖκῆς
1492 1640 1759 1712 ὡραιότη-

167 1748 258 1794 τος
297 1733 413 1786 τῶν
464 1735 812 1806 φορεσάντων
858 1735 959 1805 τὴν
1007 1734 1192 1788 εἰκόνα
1233 1733 1328 1787 τοῦ
1373 1733 1753 1804 Ἐπουρανίου.

171 1819 473 1897 Συνᾴδουσι
506 1827 561 1880 δὲ
590 1830 655 1898 τῇ
691 1827 942 1898 ἀληθεία,
973 1828 1113 1881 κατά
1156 1827 1218 1880 τὸ
1257 1827 1380 1898 ἐμοὶ
1417 1825 1627 1891 δοκοῦν,
1662 1826 1756 1879 καὶ
1788 1819 1828 1873 Β

169 1918 225 1973 αἱ
247 1923 404 1990 τρεῖς
430 1921 560 1993 περὶ
591 1920 783 1975 τούτου
807 1919 979 1988 δόξαι.
1017 1921 1159 1973 Πᾶσι
1187 1919 1295 1992 γάρ
1325 1919 1468 1973 κατά
1498 1920 1597 1991 τὴν
1621 1921 1754 1973 ἀνα-

169 2009 358 2078 λογίαν
400 2011 500 2081 τῆς
551 2012 608 2064 ὲν
646 2011 832 2074 αὐτοῖς
865 2010 1007 2063 κατὰ
1045 2009 1198 2062 ποιόν
1232 2027 1292 2062 τε
1337 2010 1433 2064 καὶ
1470 2012 1637 2064 ποσὸν
1675 2010 1756 2063 δι-

169 2103 488 2174 καιοσύνης,
521 2106 556 2176 ἡ
592 2104 861 2176 μέλλουσα
890 2102 1091 2157 δίδοται
1121 2102 1300 2174 χάρις.

236 2281 342 2347 ιδ’.
386 2282 530 2346 Ἕως
579 2284 702 2337 ὅτου
749 2281 892 2336 κατά
930 2274 1028 2354 τὴν
1073 2282 1384 2355 πρακτικὴν
1411 2283 1754 2354 φιλοσοφίαν,

168 2374 445 2446 ἀνδρικῶς
497 2376 623 2437 τοὺς
658 2376 834 2439 θείους
881 2375 1218 2447 διεξέρχεταί
1254 2394 1337 2440 τις
1367 2376 1584 2444 ἀγῶνας
1609 2393 1623 2406 ο
1664 2376 1757 2429 τὸν

165 2465 252 2518 διὰ
279 2467 399 2519 τῶν
427 2467 656 2519 ἐντολῶν
688 2465 974 2533 ἐξελθόντα
1003 2467 1156 2538 παρά
1191 2465 1286 2519 τοῦ
1318 2467 1528 2537 Πατρὸς
1562 2469 1641 2530 εἰς
1666 2468 1756 2523 τὸν

166 2559 399 2629 κόσμον,
433 2561 565 2629 παρ’
596 2559 772 2629 ἑαυτῷ
799 2559 1020 2630 κατέχει
1053 2559 1248 2627 Λόγον.
1285 2559 1539 2614 Ἐπειδὰν
1560 2559 1618 2613 δὲ
1647 2559 1756 2614 τῶν

166 2653 306 2704 κατά
355 2651 459 2721 τὴν
505 2650 702 2721 πρᾶξιν
742 2650 878 2723 πρὸς
921 2651 992 2704 τὰ
1041 2649 1188 2722 πάθη
1223 2651 1618 2722 παλαισμάτων
1648 2653 1755 2722 ἀφ-

168 2743 386 2812 έμενος,
423 2743 498 2806 ὡς
518 2741 742 2814 νικητὴς
765 2742 952 2796 παθῶν
980 2743 1074 2795 καὶ
1103 2742 1374 2812 δαιμόνων
1398 2742 1751 2811 ἀποφανθεὶς,

168 2838 302 2910 πρὸς
345 2839 451 2909 τὴν
492 2838 580 2892 διὰ
636 2837 867 2908 θεωρίας
913 2836 1218 2907 γνωστικὴν
1271 2837 1504 2908 μετέλθῃ
1543 2839 1756 2906 φιλοσοο

168 2931 316 2999 φίαν,
367 2931 644 3000 συγχωρεῖ
690 2929 770 3000 τῷ
809 2929 967 3000 Λόγῳ
1003 2929 1280 2997 μυστικῶς
1331 2931 1546 2998 ἀφεῖναι
1594 2931 1754 2984 πάλιν

167 3024 256 3077 τὸν
283 3023 521 3093 κόσμον,
564 3022 661 3075 καὶ
708 3021 1044 3092 πορευθῆναι
1084 3020 1219 3093 πρὸς
1245 3022 1338 3074 τὸν
1381 3022 1623 3093 Πατέρα.
1665 3024 1754 3075 Διό

170 3133 333 3184 φησιν
373 3118 403 3168 ὁ
431 3115 634 3184 Κύριος
661 3117 772 3177 τοῖς
805 3114 1196 3186 μαθηταῖς,ὄτι
1223 3113 1423 3180 ’Υμεῖς
1448 3114 1551 3183 ἐμὲ
1577 3133 1752 3183 περι-

167 3204 422 3270 λήκοιτε.
443 3205 539 3258 καὶ
569 3204 1012 3257 πεπιστεύκατε
1039 3203 1128 3256 ὅτι
1156 3201 1271 3272 ἐγὼ
1294 3204 1453 3272 παρὰ
1479 3204 1584 3257 τοῦ
1604 3203 1752 3256 Θεοῦ

168 3296 455 3365 ἐξῆλθον.
513 3296 812 3364 Ἐξῆλθον
856 3297 1016 3363 παρὰ
1049 3294 1155 3349 τοῦ
1199 3295 1450 3364 Πατρός,
1486 3296 1582 3348 καὶ
1611 3297 1754 3363 ἐλή-

168 3391 323 3443 λυθα
357 3390 448 3453 εἰς
477 3387 584 3442 τὸν
617 3389 872 3456 κόσμον·
901 3385 1090 3440 πάλιν
1125 3386 1340 3456 ἀφίημι
1364 3385 1470 3439 τὸν
1497 3387 1750 3455 κόσμον,

169 3480 260 3533 καὶ
309 3480 637 3548 πορεύομαι
693 3477 841 3547 πρὸς
873 3479 983 3532 τὸν
1026 3477 1294 3546 Πατέρα⁸
1341 3479 1544 3547 κόσμον
1583 3479 1751 3531 εἰπὼν

167 3573 351 3642 τυχὸν,
386 3571 486 3642 τὴν
524 3568 667 3622 κατά
716 3568 814 3639 τὴν
861 3570 1059 3640 πρᾶξιν
1099 3569 1206 3621 τῶν
1257 3569 1467 3636 ἀρετῶν
1497 3568 1752 3622 ἐπίπονον

169 3663 474 3734 ἐργασίανο
518 3660 738 3732 Πατέρα
785 3661 864 3724 δὲ,
911 3661 1007 3731 τὴν
1043 3658 1184 3713 κατά
1219 3659 1344 3712 νοῦν
1382 3661 1752 3731 ὑπερκόσμιον

169 3753 257 3804 καὶ
295 3749 503 3812 παντὸς
540 3749 830 3819 ἐλευθέραν
865 3749 1048 3803 ὑλικοῦ
1086 3753 1435 3818 φρονήματος
1475 3751 1750 3804 κατάστα-

171 3859 270 3894 σιν·
307 3840 439 3894 καθ’
467 3843 533 3912 ἣν
559 3843 615 3894 ὲν
639 3842 768 3912 ἡμῖν
813 3842 840 3893 ὁ
876 3839 967 3893 τοῦ
1008 3839 1144 3893 Θεοῦ
1180 3841 1392 3909 γίνεται
1431 3841 1621 3910 Λόγος,
1652 3844 1747 3912 τῆς

170 3934 301 4006 πρὸς
332 3933 406 3987 τὰ
430 3933 574 4002 πάθη
615 3933 710 3984 καὶ
735 3933 860 3996 τοὺς
887 3931 1148 4002 δαίμονας
1193 3933 1374 4004 μάχης
1408 3935 1741 4006 παυόμενος.

237 4024 338 4094 ιβ’.
385 4023 443 4078 '0
484 4023 735 4095 δυνηθεὶς
771 4023 1045 4093 νεκρῶσαι
1093 4024 1182 4077 διὰ
1224 4019 1478 4093 πράξεως
1515 4025 1582 4079 τὰ
1611 4027 1748 4098 μέλη

172 4119 236 4171 τὰ
265 4118 361 4171 ἐπὶ
401 4116 504 4186 τῆς
540 4117 661 4186 γῆς,
683 4116 776 4169 καὶ
810 4115 1034 4183 νικῆσαι
1063 4115 1150 4168 διὰ
1177 4116 1273 4170 τοῦ
1314 4117 1490 4185 Λόγου
1525 4120 1633 4170 τῶν
1667 4122 1752 4172 ἐν-

171 4211 335 4262 τολῶν
369 4207 462 4261 τὸν
488 4209 544 4260 ὲν
572 4207 721 4278 αὑτῷ
751 4207 860 4260 τῶν
893 4207 1078 4260 παθῶν
1114 4208 1340 4277 κόσμον,
1363 4209 1616 4279 οὐδεμίαν
1640 4211 1750 4274 ἕξει

172 4300 355 4354 λοιπὸν
387 4299 598 4369 θλίψιν·
628 4299 720 4352 τὸν
759 4300 963 4370 κόσμον
1005 4300 1174 4362 ἐάσας
1225 4299 1347 4370 ἥδη,
1381 4301 1472 4352 καὶ
1518 4301 1578 4353 ὲν
1617 4304 1752 4373 Χρι-

175 4393 281 4465 στῷ
309 4392 701 4462 γεγενημένος,
733 4391 808 4461 τῷ
833 4393 924 4445 τὸν
954 4393 1157 4462 κόσμον
1188 4391 1470 4458 νικήσαντι
1501 4392 1611 4445 τῶν
1648 4413 1751 4447 παο

173 4484 297 4550 θῶν,
341 4483 439 4536 καὶ
466 4484 646 4551 πάσης
687 4483 910 4554 εἰρήνης
939 4481 1180 4553 χορηγῷ.
1214 4483 1275 4532 Ὀ
1314 4481 1423 4550 γὰρ
1454 4479 1553 4552 τὴν
1582 4501 1751 4554 προσο
1787 4523 1828 4575 D

174 4579 406 4631 πάθειαν
447 4576 556 4629 τῶν
598 4576 802 4628 ὑλικὼν
845 4575 921 4646 μὴ
963 4577 1144 4644 ἀφεὶς,
1185 4574 1273 4628 διὰ
1323 4573 1526 4639 παντὸς
1575 4575 1753 4646 θλίψιν

174 4669 303 4734 ’ἐξευ
351 4671 466 4732 τοῖς
528 4668 672 4722 κατά
729 4667 890 4737 φύσιν
937 4668 1341 4738 ἀλλοιουμένοις
1384 4667 1484 4736 τὴν
1525 4667 1753 4740 γνώμην

179 4759 681 4830 συναλλοιούμενος.
737 4761 795 4814 '0
819 4761 877 4813 δὲ
908 4760 1200 4830 γενόμενος
1243 4763 1300 4815 ὲν
1352 4761 1596 4833 Χριστῷ,
1630 4761 1754 4814 κατ’

175 4856 365 4911 οὐδένα
410 4856 567 4925 λόγον
605 4853 925 4925 αἰσθήσεται
968 4855 1068 4923 τῆς
1109 4855 1329 4907 οίασοῠν
1359 4857 1551 4926 ὑλικῆς
1589 4871 1755 4925 μετα-

175 4949 454 5007 πτώσεως.
495 4947 588 4997 Διό
629 4959 796 5013 φησιν
846 4945 874 4995 ὁ
927 4942 1154 5013 Κύριος
1207 4943 1396 4996 Ταῦτα
1437 4942 1754 5010 λελάληκα

175 5036 336 5104 ὑμῖν,
384 5036 485 5088 ἵνα
521 5035 594 5088 ἐν
617 5033 748 5103 ἐμοὶ
785 5033 1037 5101 εἰρήνην
1076 5032 1274 5101 ἔχητε.
1316 5035 1418 5087 Ἔν
1441 5033 1520 5099 τῷ
1550 5037 1755 5104 κόσμῳ

178 5125 386 5193 θλίψιν
421 5125 610 5191 ἑξετεο
641 5125 804 5179 ἀλλὰ
849 5124 1140 5192 θαρσεῖτε,
1183 5125 1298 5192 ἐνὼ
1329 5125 1619 5191 νενίκηκα
1650 5128 1756 5179 τὸν

178 5220 426 5288 κόσμον.
457 5219 770 5281 Τουτέστιν,
809 5218 900 5272 Ἐν
937 5217 1059 5286 ἐμοὶ
1096 5216 1176 5286 τῷ
1218 5218 1375 5286 Λόγῳ
1405 5218 1502 5287 ei];
1530 5218 1755 5286 ἀρετῆς,

179 5310 396 5384 εἰρήνην
422 5311 594 5382 ἔχετε·
624 5309 1032 5382 ἀπηλλαγμένοι
1061 5310 1161 5379 τῆς
1190 5308 1313 5361 τῶν
1343 5309 1541 5362 ὑλικῶν
1568 5309 1756 5364 παθῶν

178 5417 236 5455 τε
269 5404 368 5457 καὶ
394 5403 736 5472 πραγμάτων
784 5398 1135 5472 στροϐώσεώς
1181 5416 1238 5452 τε
1279 5399 1372 5453 καὶ
1407 5399 1671 5470 ταραχῆςο
1696 5403 1754 5454 ἐν

181 5491 234 5544 δὲ
254 5493 334 5563 τῷ
357 5494 570 5563 κόσμῳ,
610 5494 887 5546 τουτέστιν
929 5495 988 5544 ὲν
1018 5494 1082 5563 τῇ
1123 5491 1467 5561 προσπαθεία
1497 5492 1606 5544 τῶν
1635 5493 1753 5545 ὑλι-

184 5584 330 5648 κῶν,
372 5585 573 5655 θλίψιν,
625 5585 716 5640 διὰ
757 5587 858 5656 τὴν
891 5584 1071 5638 αὐτῶν
1125 5583 1527 5654 ἀλλεπάλληλον
1582 5586 1753 5654 μετά-

251 5699 297 5732 ⁸⁸
325 5699 461 5755 Luc.
490 5717 618 5763 xvii,
641 5701 728 5756 20.
807 5703 850 5734 ³³³
884 5701 1020 5757 lbid.
1050 5703 1136 5756 2|.
1215 5702 1258 5734 ⁶⁰
1282 5700 1455 5756 Calat.
1492 5713 1548 5763 η,
1575 5701 1663 5757 “20.

191 5767 232 5801 “
256 5765 546 5840 domini,
580 5773 672 5827 5'5.

1778 5705 1816 5736 °‘
1846 5704 1864 5759 Ι
1893 5705 2017 5760 Cor.
2049 5723 2136 5773 xv,
2163 5707 2245 5762 i9.

1860 545 2090 603 all‘ectus
2112 550 2465 605 necessitudo
2489 553 2852 624 signiﬁcetur.
2885 557 3126 630 Regnum
3147 564 3295 616 enim
3323 565 3441 632 Dei,

1861 639 2061 709 inquit,
2092 641 2234 694 intra
2255 658 2344 695 vos
2383 652 2457 695 est
2489 643 2556 696 ".

1928 731 2018 786 9’2.
2052 733 2145 787 Dei
2171 749 2233 788 ac
2260 735 2438 789 Patris
2470 753 2721 808 regnum,
2756 742 3002 810 potentia
3031 741 3194 814 509
3220 745 3442 814 quidem

1865 823 1919 877 in
1971 825 2189 879 cunctis
2221 825 2479 883 ﬁdelibus
2507 838 2592 885 cst
2613 849 2626 896 ;
2650 841 2776 886 actu
2812 849 2966 896 vero,
2997 835 3052 887 in
3089 835 3200 890 illis
3227 837 3322 906 qui
3351 855 3447 892 na-

1860 918 2022 972 turali
2073 919 2223 972 omni
2281 920 2450 975 animi
2503 925 2860 995 corporisque
2903 927 3012 980 vita
3047 927 3246 984 affectu
3295 933 3446 985 omni

1858 1009 2094 1079 ahjecta,
2118 1011 2422 1080 spiritalem
2444 1012 2712 1070 duntaxat
2728 1018 2875 1072 nacti
2901 1031 3066 1087 sunt;
3103 1035 3446 1095 possuntque

1859 1102 2083 1158 dicere:
2128 1103 2249 1158 Vivo
2278 1121 2406 1176 ego;
2431 1107 2554 1176 jam
2593 1125 2695 1161 non
2730 1125 2863 1179 ego:
2905 1113 3028 1167 vivit
3060 1124 3238 1169 autem
3273 1118 3329 1171 in
3364 1135 3448 1172 me

1860 1187 2098 1246 Christus
2124 1193 2191 1246 ⁸ο.

1927 1389 2016 1444 95.
2047 1389 2294 1462 Regnum
2321 1395 2589 1450 caelorum
2617 1398 2844 1467 quidam
2873 1416 2996 1456 esse
3039 1403 3252 1467 dicunt,
3279 1421 3442 1474 quam

1859 1479 1914 1534 in
1944 1481 2100 1536 caelis
2143 1482 2294 1553 digni
2329 1493 2494 1554 atque
2537 1487 2701 1544 electi
2757 1491 2882 1546 vitae
2924 1493 3196 1550 rationem
3239 1507 3439 1568 agunt;

1856 1572 1970 1637 alii,
2002 1589 2198 1628 eorum
2225 1577 2319 1646 qui
2357 1579 2592 1633 salutem
2627 1593 3050 1654 consequuntur
3101 1591 3311 1660 angelis
3347 1609 3444 1661 pa—

1857 1679 1974 1719 rem
2007 1673 2244 1734 statum;
2278 1668 2371 1724 alii
2395 1670 2672 1742 denique,
2737 1675 2910 1744 ipsam
2957 1678 3192 1734 formam
3241 1681 3444 1738 divina:

1856 1756 2312 1838 pulchritudinis,
2339 1777 2558 1829 eorum,
2583 1764 2680 1830 qui
2708 1765 2966 1823 Caelestis
2990 1770 3283 1842 imaginem
3310 1791 3441 1844 por-

1860 1855 1978 1902 tant
2000 1848 2065 1901 “.
2101 1850 2468 1908 Consentiunt
2489 1864 2696 1922 autem,
2760 1867 2819 1913 ut
2871 1861 3098 1930 quidem
3145 1865 3440 1930 existimo,

1857 1949 2273 2012 consonantque
2321 1945 2542 2000 veritati
2587 1956 2700 2002 tres
2729 1949 2835 2004 illa:
2867 1953 3179 2008 sententiae.
3211 1954 3443 2012 Cunctis

1856 2031 2027 2095 enim,
2054 2049 2154 2102 pro
2189 2044 2304 2090 rata
2335 2037 2586 2107 iustitiae,
2613 2056 2723 2109 qua
2753 2042 2992 2112 quisque
3028 2046 3296 2114 praeditus
3321 2057 3405 2104 est
3425 2091 3439 2112 ,

1855 2123 2121 2192 qualitate
2150 2142 2216 2182 ac
2255 2129 2586 2198 quantitate,
2615 2131 2818 2189 futurae
2849 2150 3052 2191 munus
3081 2138 3272 2207 gratim-
3305 2155 3440 2196 con-

1855 2212 2052 2270 fertur.

1923 2307 2013 2363 94.
2045 2307 2298 2375 Quandiu
2343 2312 2468 2382 quis
2493 2329 2592 2382 per
2615 2315 3020 2388 philosophiam
3069 2319 3274 2375 actioni
3321 2328 3438 2376 stu-

1855 2393 2101 2464 dentem,
2145 2399 2331 2456 divina
2373 2413 2601 2459 strenue
2631 2407 2934 2462 certamina
2973 2409 3136 2478 gerit,
3167 2426 3316 2474 eum,
3343 2413 3438 2479 qui

1854 2501 1887 2540 a
1921 2487 2080 2543 Patre
2095 2491 2267 2546 exivit
2291 2507 2388 2561 per
2423 2503 2718 2565 przecepta,
2749 2508 2805 2551 et
2836 2497 2990 2552 venit
3029 2499 3085 2553 in
3121 2502 3389 2556 mundum
3421 2542 3438 2564 ,

1855 2578 1998 2646 apud
2031 2595 2087 2634 se
2105 2580 2428 2638 Sermonem
2456 2586 2688 2642 detinet.
2726 2590 2828 2645 Ubi
2865 2600 3050 2646 autem
3085 2593 3322 2647 actionis
3345 2593 3442 2648 ad—

1855 2683 2048 2726 versus
2071 2671 2304 2728 aﬂ'ectus
2342 2675 2586 2748 vitiaque
2615 2680 2760 2734 lucta
2790 2682 3029 2746 solutus,
3062 2684 3216 2738 velut
3244 2700 3444 2740 eorum

1855 2771 2020 2830 atque
2037 2763 2349 2821 dazmonum
2374 2769 2554 2826 victor
2579 2773 2954 2838 renuntiatus,
2981 2792 3081 2845 per
3102 2778 3443 2846 contempla-

1857 2854 2062 2909 tionem
2087 2857 2155 2913 ad
2186 2859 2402 2914 doctam
2447 2877 2512 2917 ac
2545 2864 2850 2933 sapientem
2884 2868 3292 2942 philosophiam
3318 2871 3441 2924 ani-

1855 2962 2004 3000 mum
2057 2951 2435 3016 transtulerit,
2473 2954 2749 3022 Sermoni,
2807 2966 2870 3011 ut
2931 2958 3132 3013 iterum
3171 2960 3440 3017 mundum

1856 3038 2154 3107 relinquat,
2202 3050 2258 3096 et
2295 3043 2458 3096 vadat
2499 3045 2566 3098 ad
2600 3046 2852 3114 Patrem,
2890 3052 3183 3118 permittit.
3225 3053 3441 3108 Idcirco

1855 3145 2093 3199 namque
2137 3132 2214 3186 ait
2257 3133 2524 3190 Dominus
2547 3136 2846 3207 discipulis
2881 3158 2894 3193 :
2936 3141 3031 3195 Vos
3076 3159 3158 3196 me
3194 3146 3439 3209 amastis,

1861 3226 1911 3270 et
1943 3221 2233 3275 credidistis
2261 3228 2385 3293 quia
2413 3241 2443 3278 a
2470 3225 2578 3278 Deo
2606 3229 2762 3281 exivi.
2797 3229 2954 3284 Exivi
2975 3249 3007 3285 a
3033 3231 3218 3298 Patre,
3247 3242 3298 3287 et
3323 3236 3444 3288 veni

1860 3312 1914 3364 in
1962 3313 2253 3368 nmndum:
2290 3317 2484 3370 iterum
2529 3317 2771 3390 relinquo
2799 3323 3078 3388 mundum,
3109 3333 3157 3378 et
3210 3326 3346 3379 vado
3371 3326 3442 3381 ad

1860 3403 2078 3458 Patrem
2108 3407 2153 3437 ⁸³
2199 3424 2213 3458 :
2250 3408 2518 3462 mundum
2543 3447 2548 3451 ~
2575 3410 2714 3466 forte
2771 3414 3094 3483 appellans,
3149 3430 3441 3484 operosam

1860 3495 2096 3549 actionis
2131 3495 2283 3550 cultu
2320 3497 2586 3553 virtutum
2618 3501 2992 3568 iunctionem;
3041 3504 3256 3558 Patrem
3282 3491 3438 3568 vero,

1860 3594 2064 3640 statum
2114 3589 2315 3643 mentis
2344 3592 2552 3646 mundo
2589 3594 2903 3658 celsiorem,
2936 3603 2993 3649 et
3037 3595 3107 3649 ab
3157 3596 3308 3650 omni
3335 3604 3443 3651 ter—

1859 3694 1995 3732 reno
2050 3694 2216 3734 sensu
2264 3681 2498 3736 liberum
2534 3684 2792 3753 :qualem
2821 3685 2878 3739 in
2918 3685 3080 3740 nobis
3109 3686 3204 3741 Dei
3245 3686 3442 3741 Sermo

1863 3771 2119 3836 sortitur,
2151 3788 2180 3826 a
2209 3789 2392 3844 pugna
2415 3774 2684 3830 adversus
2711 3776 2946 3832 atiectus
2985 3777 3231 3847 vitiaque
3275 3787 3442 3850 atque

1859 3860 2135 3918 daemones
2168 3874 2362 3920 nactus
2395 3868 2660 3936 requiem.

1927 4041 2016 4096 95.
2051 4042 2154 4108 Qui
2187 4045 2428 4099 actionis
2457 4047 2633 4109 cultu,
2667 4047 2915 4101 membra
2967 4064 3090 4118 qua:
3110 4058 3241 4104 sunt
3275 4067 3443 4120 super

1859 4140 2060 4185 terram
2101 4134 2436 4189 mortificare
2467 4138 2642 4192 valuit
2669 4138 2733 4201 “,
2788 4138 3186 4209 Sermonisque
3219 4141 3446 4196 manda-

1860 4231 2043 4277 torum
2069 4240 2174 4294 ope
2208 4235 2372 4295 atque
2402 4227 2478 4291 vi,
2512 4229 2810 4300 affectuum
2837 4230 3210 4300 vitiorumque
3239 4231 3295 4284 in
3323 4231 3444 4301 ipso

1859 4315 2126 4369 n‘iundum
2173 4316 2394 4371 vincere
2437 4318 2638 4386 potuit,
2671 4319 2879 4372 nullam
2918 4319 3181 4389 deinceps
3218 4337 3444 4390 pressu-

1859 4422 1975 4459 ram
2025 4406 2276 4471 habebit,
2321 4407 2438 4476 qui,
2477 4408 2673 4463 relicto
2713 4412 2824 4479 jam
2863 4410 3109 4476 mundo,
3163 4419 3218 4464 ut
3274 4411 3344 4465 sit
3385 4411 3441 4465 in

1857 4494 2079 4551 Christo
2103 4498 2294 4552 mundi
2321 4495 2618 4554 affectuum
2656 4501 2921 4556 vitiorum
2957 4502 3168 4556 victore
3204 4517 3269 4557 ac
3292 4503 3445 4572 pacis

1856 4587 2036 4640 omnis
2057 4597 2305 4654 auctore,
2339 4599 2534 4645 nactus
2556 4590 2646 4646 sit.
2672 4590 2777 4659 Qui
2795 4593 2943 4646 enim
2984 4602 3331 4648 terrenorum
3359 4592 3442 4648 af-

1844 4675 2059 4730 fectum
2093 4691 2157 4731 ac
2204 4677 2496 4732 libidinem
2530 4696 2642 4734 non
2686 4681 2930 4751 reliquit,
2970 4699 3191 4752 semper
3223 4698 3446 4752 pressu-

1854 4780 1970 4818 ram
1999 4765 2255 4832 habebit;
2298 4769 2392 4837 qui
2423 4785 2621 4838 nempe
2648 4787 2756 4824 una
2789 4787 2914 4825 cum
2946 4771 3056 4826 illis
3095 4787 3219 4838 qua:
3245 4784 3444 4826 natura

1855 4866 2161 4923 mutantur,
2201 4859 2319 4929 ipse
2359 4861 2590 4930 perinde
2623 4861 2766 4917 alius
2805 4879 2872 4917 ex
2895 4864 3006 4918 alio
3031 4873 3296 4918 mutetur.
3329 4864 3400 4918 At
3427 4904 3441 4928 ,

1857 4949 1952 5019 qui
1994 4959 2189 5004 nactus
2242 4961 2329 5006 est
2389 4961 2450 5006 ut
2500 4954 2573 5007 sit
2651 4953 2707 5008 in
2751 4954 3004 5017 Christo,
3058 4954 3270 5008 nullam
3329 4957 3443 5010 ullo

1857 5041 2023 5094 modo
2065 5041 2338 5110 ejusmodi
2377 5058 2607 5098 casuum
2645 5045 3131 5114 mutationumque
3161 5045 3446 5099 vicissitu-
3506 5095 3514 5102 .

1855 5131 2042 5186 dinem
2068 5130 2230 5201 510
2257 5133 2480 5188 sentiet.
2506 5134 2719 5190 Idcirco
2739 5135 2818 5190 ait
2844 5135 3113 5189 Dominus
3149 5151 3164 5187 :
3201 5135 3325 5189 Haec
3363 5135 3444 5188 lo-

1855 5235 2006 5277 cutus
2023 5241 2141 5277 sum
2164 5225 2326 5289 vobis,
2359 5235 2415 5278 ut
2441 5227 2495 5279 in
2530 5244 2612 5280 me
2634 5245 2817 5298 pacem
2855 5230 3112 5284 habeatis.
3146 5226 3210 5284 In
3249 5231 3446 5284 mundo

1857 5331 2161 5384 pressuram
2201 5316 2496 5384 habebitis;
2541 5319 2632 5372 sed
2685 5319 2963 5388 conﬁdite;
3001 5337 3093 5392 ego
3137 5321 3236 5374 vici
3287 5337 3446 5374 mun-

1859 5405 1986 5458 dum
2002 5405 2067 5459 ⁸⁵.
2091 5407 2152 5460 1η
2174 5423 2260 5463 me
2294 5409 2524 5473 scilicet,
2552 5412 2646 5480 qui
2670 5411 2894 5467 virtutis
2927 5411 3121 5468 Sermo
3154 5412 3255 5466 sim
3279 5423 3446 5480 atque

1861 5499 2024 5562 ratio,
2058 5515 2250 5568 pacein
2308 5501 2606 5566 habebitis,
2656 5504 2932 5559 liberalia
2963 5512 3314 5560 terrenarum
3366 5503 3443 5557 af-

1856 5588 2103 5643 fectuum
2157 5607 2454 5663 rerumque
2495 5610 2640 5649 cazca
2686 5596 2956 5666 vertigine
2989 5612 3053 5651 ac
3087 5596 3442 5661 turbatione;

2316 5707 2366 5737 ’⁸⁵⁸
2397 5709 2551 5767 Joan.
2610 5711 2834 5776 “1,27.
2914 5711 2957 5743 "
3004 5709 3213 5766 Coloss.
3259 5727 3338 5777 Ill,
3386 5709 3439 5764 5.
