3972 6440
572 355 705 423 1171

1717 368 1778 427 S.
1814 367 2103 428 MAXIMI
2141 366 2647 428 CONFESSORIS

3709 333 3831 409 im

573 493 627 530 Ill
677 475 886 531 mundo
929 486 1113 532 autem
1137 519 1152 544 ,
1196 486 1546 535 terrenorum
1580 480 1792 538 scilicet
1823 483 2155 553 procliviore

2281 502 2487 540 ττωσιν.
2516 486 2707 556 auom
2749 483 2857 554 γὰρ
2892 482 3078 553 ἔχουσι
3111 478 3434 549 ἀμφότεροι,
3477 475 3573 527 καὶ
3602 473 3632 525 ὁ
3674 470 3833 541 πράτ-

574 569 809 635 all‘ectu,
865 586 1221 640 pressuram;
1267 581 1495 642 propter
1525 573 1791 628 nimirum
1833 575 2156 629 continuam

574 662 797 716 illorum
823 663 986 718 aliam
1006 665 1282 736 aliamque
1315 666 1703 720 mutationem.
1727 667 1972 736 Uterque
1996 683 2157 722 nam-

575 769 680 822 que
711 769 1028 822 pressuram
1059 756 1248 820 habet,
1273 765 1388 810 tum
1424 756 1634 811 scilicet
1665 756 1759 826 qui
1783 756 2046 810 virtutem
2066 771 2160 811 co-

575 844 657 908 Iit,
695 845 766 898 ob
795 845 1155 915 coniunctum
1201 845 1251 902 ei
1292 847 1574 912 laborem;
1609 855 1724 900 tum
1771 846 1865 916 qui
1891 846 2158 900 mundum

575 935 773 1008 diligit,
788 937 935 1007 quod
956 939 1191 994 terrenis
1218 939 1543 1009 plerumque
1556 939 1814 994 frustrari
1837 939 2152 1009 contingat:

575 1039 737 1098 atque
789 1028 939 1083 illius
965 1029 1192 1099 quidem
1237 1030 1474 1085 salubris
1523 1045 1816 1100 pressura;
1852 1029 2019 1099 hujus
2053 1043 2155 1082 au-

575 1127 707 1187 tem,
763 1120 926 1190 plane
972 1121 1136 1175 noxia
1184 1129 1240 1175 et
1286 1121 1542 1176 exitiosa.
1597 1120 1675 1174 Ac
1714 1135 1847 1174 vero
1889 1118 2159 1173 Dominus

575 1220 871 1283 utrumque
891 1212 1081 1268 labore
1113 1214 1259 1268 levat
1288 1229 1352 1267 ac
1377 1213 1586 1278 reiicit;
1622 1213 1858 1268 alterum
1891 1211 2115 1282 quidem
2142 1251 2157 1276 ,

2255 594 2364 630 των
2391 576 2491 649 τὴν
2524 577 2747 649 ἀρετὴν,
2799 575 2889 630 διὰ
2920 575 3014 627 τὸν
3064 573 3205 642 αὐτῇ
3267 566 3623 638 συνημμένον
3668 565 3836 614 πίνειν

2257 668 2352 720 καὶ
2381 670 2408 720 ὀ
2449 667 2540 720 τὸν
2568 667 2774 737 κόσμον
2799 664 3055 733 ἀγαπᾶν),
3088 661 3178 716 διὰ
3208 659 3308 729 τὴν
3353 658 3461 712 τῶν
3494 653 3700 709 ὑλικῶν
3718 651 3844 704 ἀπο-

2255 756 2470 827 τυχίαν⁸
2506 756 2621 810 ἀλλ’
2648 758 2677 808 ὁ
2709 756 2828 827 μὲν.
2851 752 3030 822 θλίψιν
3063 754 3347 821 σωτήριονο
3385 751 3411 801 ὁ
3440 747 3522 806 δὲ,
3543 742 3849 814 φθαρτικὴν

2259 851 2355 902 καὶ
2397 848 2659 919 ὀλέθριον.
2723 847 3081 919 ’Λμφοτέρων
3126 845 3184 899 δέ
3233 847 3380 897 ἐστιν
3424 844 3453 894 ὁ
3507 839 3717 907 Κύριος
3763 834 3852 887 ἇν-

2267 957 2386 1004 εσις
2410 956 2424 970 ⁹
2456 941 2552 996 τοῦ
2583 943 2703 1012 μὲν,
2753 941 3088 996 καταπαύων
3116 940 3174 991 ὲν
3203 935 3380 1007 ἑαυτῷ
3413 932 3558 988 κατὰ
3591 930 3691 1001 τὴν
3718 929 3853 980 θεω-

2265 1031 2388 1103 ρίαν
2426 1032 2494 1085 δι’
2533 1033 2802 1096 ἀπαθείας
2846 1034 2975 1095 τοὺς
3019 1031 3213 1092 πόνους
3238 1026 3348 1080 τῶν
3379 1022 3622 1094 ἀρετῶν·
3654 1018 3751 1071 τοῦ
3779 1019 3851 1081 δὲ,

2261 1122 2362 1194 τὴν
2397 1124 2534 1196 πρὸς
2577 1126 2648 1180 τὰ
2693 1124 3030 1195 φθειρόμενα
3060 1119 3313 1192 σχετικὴν
3351 1113 3742 1189 προσπάθειαν
3772 1108 3849 1161 διὰ

2263 1215 2363 1284 τῆς
2399 1215 2690 1286 μετανοίας
2715 1217 3139 1288 ἀφαιρούμενος.

575 1305 719 1375 quod
746 1305 800 1359 in
825 1321 884 1360 se
910 1308 1026 1376 ipse
1046 1306 1501 1362 virtutislabores
1530 1307 2019 1377 contemplationis
2038 1306 2153 1361 otio
2191 1320 2293 1374 per
2319 1307 2876 1379 imperturbationem
2897 1323 3116 1364 cessare
3165 1306 3370 1370 faciat;
3401 1303 3652 1357 alterum
3706 1313 3834 1352 vero.

575 1394 722 1468 quod
755 1394 1198 1450 libidinosiorem
1245 1396 1314 1451 ad
1355 1413 1445 1452 res
1475 1395 1835 1468 'corruptioni
1891 1397 2160 1452 obnoxias
2197 1395 2480 1466 aﬂ‘eetum,
2516 1401 2844 1472 paenitentia
2868 1400 3104 1455 auferat.

641 1485 731 1542 96.
780 1485 914 1554 Qua:
959 1488 1015 1542 in
1080 1489 1245 1543 titulo
1292 1491 1616 1560 praescripta
1675 1498 1799 1545 erat
1857 1488 2164 1545 Salvatoris

577 1594 762 1645 causa,
800 1595 929 1634 eum
965 1581 1059 1650 qui
1090 1583 1244 1636 cruci
1303 1582 1496 1638 atiixus
1552 1592 1672 1638 erat
1698 1624 1712 1647 ,
1766 1583 2045 1637 studentis
2069 1597 2164 1637 ac-

578 1671 734 1738 tioni,
771 1674 1039 1728 naturalis
1094 1689 1159 1729 ac
1193 1675 1395 1731 divina:
1443 1675 1813 1746 philosophia:
1862 1677 2069 1745 Regem
2099 1690 2163 1729 ac

2333 1489 2448 1559 ιις·’.
2505 1492 2571 1546 Ἦ
2615 1494 2674 1546 ἐν
2707 1493 2786 1564 τῷ
2814 1493 2981 1563 τίτλῳ
3016 1487 3311 1561 προγραφὴ
3338 1486 3436 1556 τῆς
3464 1483 3564 1537 τοῦ
3607 1480 3848 1549 Σωτῆρος

2259 1585 2464 1650 αίτίας,
2489 1586 2802 1656 πρακτικῆς
2831 1585 2928 1639 καὶ
2955 1585 3194 1654 φυσικῆς
3220 1581 3314 1634 καὶ
3345 1575 3681 1645 θεολογικῆς
3709 1573 3853 1641 φιλη-

2265 1677 2458 1746 σοφίας
2503 1678 2635 1732 ὄντα
2693 1677 2933 1731 Βασιλέα
2978 1677 3070 1730 τὸν
3115 1671 3504 1744 σταυρωθέντα
3537 1666 3738 1735 σαρρῶς
3772 1666 3859 1716 καὶ

578 1767 869 1821 Dominum
895 1767 1110 1837 liquido
1153 1734 1503 1824 ostendebat.
1537 1769 1630 1824 Ait
1655 1734 1807 1824 enim
1842 1734 2157 1838 Scriptura,

2281 1734 2472 1842 Κέριον
2507 1770 2699 1836 ἔδειξε.
2758 1769 3064 1841 Ἱῖωμαῖστὶ
3101 1766 3231 1838 γὰρ,
3258 1734 3365 1818 ’καὶ
3404 1763 3743 1833 Ἑλληνιστὶ,
3770 1761 3861 1811 καί

578 1861 747 1916 fuisse
775 1861 990 1926 Latine,
1018 1861 1206 1921 Graece
1259 1872 1316 1916 et
1358 1862 1628 1917 Hebraice
1687 1863 1954 1931 scriptum
1983 1862 2048 1914 ⁸⁸.
2077 1861 2166 1914 ln-

579 1952 764 2023 telligo
791 1961 977 2007 autem
1006 1953 1153 2022 quod
1180 1949 1377 2008 Latine
1403 1955 1646 2023 scriptus
1673 1953 1867 2007 titulus
1895 1960 2037 2018 erat,
2075 1968 2166 2007 ac-

579 2044 715 2097 tioni
753 2044 1070 2099 studentem
1122 2045 1532 2114 philosophiam
1565 2083 1578 2108 ,
1612 2044 1760 2115 quod
1809 2043 2023 2098 scilicet
2077 2059 2166 2098 re-

579 2150 746 2204 gnum
775 2135 1150 2190 Romanorum
1173 2151 1238 2190 ex
1257 2135 1500 2190 Danielis
1514 2136 1866 2200 sententia“,
1891 2133 2166 2188 universis

579 2229 764 2299 regnis
789 2237 952 2284 terra:
969 2229 1169 2283 fortius
1214 2245 1340 2284 esse
1374 2237 1722 2300 compertum
1745 2229 1818 2284 sit
1851 2246 1866 2296 ;
1895 2227 2166 2282 fortitudo

578 2331 786 2385 autem,
819 2322 863 2375 si
886 2321 1019 2392 quid
1043 2322 1215 2386 aliud,
1245 2322 1520 2377 actionem
1561 2322 1767 2376 colenti
1803 2318 2168 2390 philosophia:

581 2411 802 2482 pr0pria
829 2412 1061 2467 exsistit.
1082 2411 1238 2478 Quod
1270 2422 1454 2466 autem
1473 2411 1683 2474 Graece,
1713 2409 2022 2464 naturalem
2045 2422 2169 2476 spe-

580 2503 938 2567 culationem,
972 2504 1120 2573 quod
1168 2503 1432 2557 nimirum
1480 2503 1796 2557 Graecorum
1839 2515 1974 2570 gens
2001 2514 2169 2569 supra

581 2595 827 2665 reliquos
885 2596 1149 2650 mortales
1206 2595 1446 2649 naturali
1503 2594 1870 2664 philosophiae
1931 2593 2169 2646 maxime

581 2700 806 2754 operam
860 2686 1164 2740 navaverit.
1197 2685 1353 2751 Quod
1407 2700 1538 2739 vero
1584 2683 1876 2747 Hebraice,
1925 2681 2170 2735 divinam

583 2774 734 2830 illam
755 2776 1153 2832 abstrusiorem
1179 2777 1507 2841 doctrinam,
1535 2775 1684 2845 quod
1707 2775 1837 2828 olim
1859 2773 2045 2843 palam
2068 2772 2173 2826 He-

583 2863 861 2920 braeorum
921 2867 1162 2936 populus
1217 2867 1363 2921 avita
1407 2866 1613 2921 pietate
1646 2865 1742 2920 Dei
1793 2864 1976 2919 cultor
2004 2862 2172 2917 exsti-

585 2954 734 3010 terit.

658 3048 746 3104 97.
771 3051 965 3118 Operm
992 3050 1232 3120 pretium
1255 3060 1362 3115 est,
1393 3057 1456 3104 ut
1485 3049 1689 3104 nedum
1714 3047 2022 3118 corporalia
2039 3047 2171 3102 vitia
2200 3076 2244 3134 ε

585 3139 926 3217 affectusque
951 3158 1234 3209 necemus,
1256 3158 1448 3197 verum
1471 3142 1638 3196 etiam
1656 3140 1982 3195 libidinosas
2002 3138 2171 3193 animi

586 3235 950 3306 cogitationes
985 3236 1304 3306 perdamus,
1341 3252 1443 3306 pro
1480 3236 1628 3290 illius
1662 3233 1838 3290 sancti
1869 3248 2045 3296 more,
2079 3233 2173 3303 qui

587 3329 712 3383 ait:
752 3331 819 3382 In
885 3330 1147 3382 matutino
1212 3328 1600 3397 interﬁciebam
1664 3344 1844 3381 omnes
1877 3334 2176 3397 peccatores

589 3429 764 3484 terrm,
802 3429 859 3474 ut
882 3423 1238 3491 disperderent
1262 3422 1325 3475 de
1359 3423 1571 3476 civitate
1605 3421 1816 3475 Domini
1847 3435 2026 3474 omnes
2056 3434 2179 3489 ape-

588 3524 770 3568 rantes
822 3515 1256 3586 iniquitatem";
1312 3524 1425 3570 tum
1489 3515 1703 3570 scilicet
1734 3513 1988 3585 corporis
2015 3513 2174 3578 vitia,

589 3613 705 3658 tum
737 3605 928 3675 inique
962 3617 1188 3677 agentes
1223 3607 1395 3662 animi
1425 3608 1815 3678 cogitationes.

661 3785 751 3840 98.
786 3787 890 3852 Qui
923 3789 1066 3842 viam
1099 3790 1392 3854 virtutum,
1430 3791 1570 3844 nihil
1605 3791 1658 3844 in
1701 3791 2022 3846 alterutram
2048 3803 2176 3858 par-

591 3889 701 3932 tem
752 3879 1121 3943 declinando,
1173 3883 1263 3952 pia
1304 3894 1564 3955 rectaque
1599 3884 1756 3954 511
1813 3884 2045 3938 scientia
2085 3898 2178 3936 co-

590 3971 746 4034 mite,
794 3971 1016 4027 illazsam
1057 3973 1438 4046 integramque
1479 3976 1821 4038 servaverit,
1853 3977 1949 4030 Dei
2002 3975 2069 4029 ad
2119 3989 2178 4029 se

590 4061 886 4117 adventum
914 4065 1429 4134 imperturbationis
1452 4069 1733 4138 animique
1763 4066 2180 4137 tranquillitatis

591 4171 823 4211 munere
851 4156 1138 4228 intelliget.
1175 4160 1268 4214 Ait
1305 4161 1454 4214 enim
1479 4178 1492 4214 :
1520 4160 1764 4215 Psallam
1799 4170 1847 4214 et
1877 4160 2176 4229 intelligant

589 4248 644 4300 in
676 4249 762 4301 via
785 4249 1164 4317 immaculata,
1197 4254 1410 4323 quando
1439 4255 1609 4306 venies
1634 4252 1704 4306 ad
1725 4269 1805 4304 me
1834 4253 1900 4305 ⁸⁸.
1925 4252 2177 4305 Psalmus

589 4339 735 4392 enim
787 4341 1090 4396 studiosam
1127 4359 1304 4413 exque
1353 4343 1578 4399 virtutis
1629 4344 1843 4398 ratione
1897 4344 2174 4398 actionem

2277 1862 2554 1934 Ἐϐραϊστί
2586 1880 2750 1932 φησιν
2793 1859 3210 1930 ἀναγεγράφθαι
3263 1857 3323 1911 τὸ
3362 1856 3567 1923 λόγιον.
3625 1851 3755 1905 Na?)
3785 1851 3858 1912 δὲ,

2264 1954 2353 2008 διὰ
2414 1957 2513 2026 μὲν
2566 1955 2661 2008 τοῦ
2711 1954 3042 2025 Ῥωμαϊστὶ,
3098 1953 3199 2022 τὴν
3244 1949 3587 2022 πρακτικήνο
3643 1944 3721 2007 ὡς
3767 1944 3860 2010 τῆς

2277 2048 2566 2120 Ῥωμαίων
2614 2049 2894 2120 βασιλείας
2947 2047 3090 2102 κατά
3137 2045 3229 2098 τὸν
3295 2042 3496 2112 Δανιὴλ
3545 2037 3861 2109 ὁρισθείσης

2265 2134 2405 2194 εἶναι
2437 2139 2626 2195 πασῶν
2659 2140 3068 2210 ἀνδρικωτέρας
3112 2138 3219 2191 τῶν
3260 2137 3352 2189 ἐπὶ
3393 2134 3502 2203 γῆς
3539 2129 3856 2201 βασιλειῶν·

2267 2230 2579 2300 πρακτικῆς
2625 2228 2683 2282 δὲ
2726 2227 2882 2290 ἴδιον,
2931 2227 3090 2294 εἴπερ
3123 2243 3176 2277 τι
3208 2222 3358 2287 ἄλλο,
3385 2223 3419 2290 ἡ
3467 2219 3732 2288 ἀνδρεία.
3769 2216 3859 2267 Διὰ

2265 2320 2325 2373 δὲ
2352 2321 2446 2374 τοῦ
2486 2320 2813 2391 Ἑλληνιστὶ,
2841 2318 2938 2390 τὴν
2964 2316 3200 2387 φυσικὴν
3248 2314 3506 2385 Θεωρίαν·
3549 2311 3636 2371 ὡς
3671 2307 3856 2379 pillea

2267 2411 2361 2466 τοῦ
2409 2413 2682 2482 Ἑλλήνων
2709 2411 2896 2475 ἔθνους
2921 2410 3074 2482 παρά
3097 2410 3224 2471 τοὺς
3250 2406 3476 2468 λοιποὺς
3508 2401 3614 2456 ἀνθ
3626 2400 3857 2472 ρώπους,

2268 2509 2335 2577 τῇ
2411 2509 2615 2578 φυσικῇ
2687 2505 3053 2575 σχολάσαντος
3114 2499 3424 2571 φιλοσοφίᾳ.
3496 2495 3601 2548 Διά
3664 2495 3728 2547 δὲ
3775 2490 3862 2544 τοῦ

2282 2593 2585 2662 Ἐϐραϊστὶ,
2624 2594 2725 2664 τὴν
2783 2590 3103 2670 θεολογικὴν
3159 2584 3592 2658 μυσταγωγίαν
3651 2581 3733 2644 ὡς
3779 2579 3868 2631 τοῦ

2271 2684 2460 2749 ἔθνους
2505 2683 2697 2736 τούτου
2767 2682 3054 2754 προδήλως
3106 2676 3371 2733 ἀνέκαθεν
3429 2675 3512 2746 τῷ
3558 2674 3695 2743 Θεῷ
3751 2671 3868 2731 τοὺς

2265 2778 2515 2854 ,πατέρας
2541 2778 2914 2840 ἀνατεθέντος.

2345 3047 2450 3110 ιπςν.
2505 3045 2601 3096 Δεῖ
2639 3043 2713 3113 μὴ
2751 3042 2910 3113 μόνον
2939 3043 3088 3113 ἡμᾶς
3128 3058 3269 3095 ειναι
3304 3037 3495 3093 παθῶν
3529 3034 3875 3105 σωματικῶν

2279 3134 2565 3203 φονευτάς,
2605 3134 2741 3188 ἀλλὰ
2774 3134 2869 3186 καὶ
2907 3134 3014 3186 τῶν
3040 3133 3184 3186 κατά
3205 3132 3385 3202 ψυχὴν
3409 3127 3694 3199 ὲμπαθῶν
3733 3127 3876 3192 λογι-

2281 3227 2432 3296 σμῶν
2464 3226 2752 3298 ὀλετῆρας,
2783 3227 2926 3280 κατά
2961 3226 3056 3280 τὸν
3101 3226 3328 3293 λέγοντα
3366 3224 3544 3290 ἆγιον’
3600 3223 3724 3286 Εἷς
3779 3218 3875 3281 τὰς

2277 3320 2504 3386 πρωΐας
2539 3318 2875 3374 ἀπέκτενον
2903 3319 3137 3384 πάντας
3159 3317 3303 3383 τοὺς
3330 3313 3747 3384 ἁμαρτωλοὺς
3775 3309 3874 3377 τῆς

2277 3411 2411 3480 γῆς·
2441 3411 2549 3465 τοῦ
2575 3412 3003 3480 ἐξολοθρεῦοναι
3027 3411 3095 3463 ἐκ
3121 3411 3345 3474 πόλεως
3379 3407 3610 3473 Κυρίου
3643 3403 3870 3464 πάντας

2278 3507 2421 3570 τοὺς
2448 3502 2877 3574 ἐργαζομένους
2908 3502 3023 3570 τὴν
3058 3503 3335 3569 ἀνομίαι-ο
3362 3497 3650 3558 τουτέστι,
3701 3496 3764 3548 τὰ
3786 3493 3868 3546 τοῖν

2281 3596 2533 3668 σώματος
2566 3597 2737 3668 πάθη,
2782 3596 2876 3650 nati.
2908 3595 3006 3665 τῆς
3043 3594 3220 3664 ψυχῆς
3248 3593 3374 3654 τοὺς
3403 3588 3762 3658 ἀνομοῦντας
3795 3588 3865 3638 λο-

2279 3689 2534 3761 γισμούς.

2350 3781 2459 3854 ἰητί.
2504 3784 2561 3835 Ὀ
2585 3781 2683 3854 τὴν
2719 3782 2836 3836 ὁδὸν
2864 3781 2971 3834 τῶν
3009 3778 3223 3849 ἀρετῶν
3276 3777 3443 3848 χωρίς
3473 3775 3578 3844 τῆς
3612 3776 3712 3842 ἐᾷ’
3752 3775 3873 3826 ἑκά-

2278 3894 2414 3947 τερα
2450 3878 2626 3948 ῥοπῆς
2666 3877 2786 3947 μετ’
2818 3874 3077 3937 εὐσεϐοῦς
3127 3873 3219 3926 καὶ
3247 3871 3416 3941 ὀρθῆς
3443 3868 3717 3937 γνώσεως
3756 3883 3876 3919 suae

2278 3971 2526 4040 τηρήσας
2562 3969 2864 4039 ἁλώδητον,
2911 3966 3117 4021 εἴσεται
3148 3965 3247 4035 τὴν
3286 3963 3580 4033 γινομένην
3612 3963 3764 4032 πρὸς
3787 3963 3876 4012 αὑ-

2278 4069 2372 4120 τὸν
2403 4065 2498 4121 τοῦ
2540 4066 2675 4119 Θεοῦ
2721 4067 2813 4119 διὰ
2840 4066 2940 4135 τῆς
2989 4063 3260 4123 ἀπαθείας
3311 4059 3648 4129 παρουσίαν.
3701 4055 3876 4110 Tale?)

2279 4159 2409 4228 γὰρ,
2455 4159 2555 4212 καί
2613 4157 2868 4224 συνήσω
2913 4156 2986 4208 ἐν
3025 4152 3144 4218 ὀδῷ
3194 4149 3448 4220 ἀμώμῳ,
3500 4147 3659 4199 πότε
3721 4146 3875 4211 ἣξεις

2279 4251 2431 4318 πρός
2467 4267 2565 4319 με.
2611 4249 2671 4302 Ὀ
2701 4249 2814 4320 γὰρ
2854 4246 3066 4317 ψαλμδς
3109 4245 3209 4314 τὴν
3255 4243 3514 4313 ἐνάρετον
3550 4240 3768 4308 πρᾶξιν
3791 4239 3876 4306 ὀξ-

2279 4341 2382 4394 λοῖ·
2419 4343 2454 4410 ή
2491 4341 2548 4394 δὲ
2586 4340 2822 4404 σύνεσις,
2852 4338 2951 4410 τὴν
2984 4339 3070 4391 ἐπ’
3093 4337 3265 4408 ἀρετῇ
3297 4330 3613 4402 γνωστικὴν
3655 4332 3875 4396 ἐτειστή-

591 4432 892 4504 signiﬂcat;
925 4436 1289 4508 intelligentia
1318 4454 1472 4504 vero,
1505 4455 1628 4508 qua:
1657 4455 1688 4492 a
1717 4439 1926 4492 virtute
1956 4435 2172 4491 accedit

2282 4450 2412 4503 μην⁸
2449 4431 2572 4486 καθ’
2598 4434 2666 4503 ἣν
2700 4434 2801 4501 τῆς
2831 4429 2982 4494 θείας
3016 4428 3334 4484 αἰσθάνεται
3364 4423 3708 4494 παρουσίας,
3749 4425 3779 4476 ὀ
3813 4423 3874 4474 δι’

592 4525 874 4593 sapientiae
904 4527 1074 4582 radiis
1101 4529 1368 4583 nitentem
1405 4529 1730 4584 scientiam:
1764 4544 1872 4598 qua
1922 4526 2170 4580 divinum

592 4619 943 4687 persentiscit
971 4620 1266 4676 adventum
1286 4663 1299 4687 ,
1335 4622 1429 4691 qui
1459 4623 1730 4676 virtutum
1756 4622 1908 4676 cultu
1940 4619 2176 4690 pervigil

595 4724 660 4763 ac
694 4719 953 4765 strenuus
977 4712 1269 4767 Dominum
1304 4729 1465 4767 suum
1489 4721 1790 4782 exspectat.

665 4821 756 4876 99.
791 4823 944 4877 llaud
975 4840 1071 4894 par
1099 4835 1219 4891 est,
1249 4836 1310 4880 ut
1336 4828 1428 4896 qui
1461 4827 1704 4882 novitius
1744 4844 1810 4882 ac
1841 4827 1946 4881 tiro
1971 4827 2036 4882 ad
2063 4829 2180 4897 pie-

598 4927 766 4972 tatem
800 4916 1104 4980 indueitur,
1134 4920 1249 4973 sola
1278 4919 1521 4975 bonitate
1548 4920 1614 4974 ad
1647 4921 1904 4974 mandata
1937 4930 2060 4974 actu
2086 4937 2186 4974 es-

598 5009 880 5078 sequenda
897 5010 1161 5076 ducatur;
1196 5010 1291 5064 sed
1328 5021 1387 5066 ut
1415 5013 1581 5066 etiam
1609 5013 1924 5066 divinorum
1943 5012 2182 5083 judicio-

601 5118 721 5156 rum
750 5118 983 5166 memor,
1040 5103 1322 5158 severiore
1367 5105 1518 5159 cultu
1547 5121 1611 5159 ac
1645 5105 1965 5175 disciplina,
1997 5113 2181 5161 certa-

597 5195 748 5248 mine
778 5194 1033 5249 crebrius
1061 5194 1393 5266 defungatur
1430 5213 1446 5260 ;
1505 5204 1564 5249 ut
1591 5195 1795 5250 nedum
1827 5195 2010 5249 divina
2038 5195 2183 5250 desi-

597 5285 757 5340 derio
785 5295 954 5352 amet,
986 5285 1082 5341 sed
1111 5295 1168 5341 et
1210 5297 1361 5342 metu
1391 5304 1422 5342 a
1452 5287 1606 5341 vitiis
1641 5297 1944 5358 temperet:
1968 5287 2184 5342 Miseri-

599 5378 833 5432 cordiam
854 5379 992 5432 enim
1015 5391 1064 5433 et
1089 5381 1354 5450 judicium
1383 5379 1608 5434 cantabo
1649 5381 1758 5444 tibi,
1787 5380 2092 5446 Domine";
2122 5389 2184 5435 ut

599 5482 786 5522 amore
814 5468 1060 5537 gaudens
1093 5471 1262 5524 Deum
1299 5471 1630 5540 alloquatur,
1652 5479 1708 5524 et
1753 5470 1820 5524 ad
1851 5470 2030 5525 laudis
2050 5487 2182 5526 can-

603 5558 774 5614 ticum
807 5560 1006 5615 timore
1029 5561 1263 5616 duratus
1292 5562 1614 5618 contendat.

677 5650 796 5704 100.
830 5651 933 5718 Qui
962 5651 1186 5708 virtutis
1226 5669 1290 5707 ac
1319 5652 1564 5708 scientiae
1594 5654 1743 5709 cultu
1773 5670 1974 5724 corpus
1997 5653 2181 5708 animo

680 5806 724 5839 "
751 5807 906 5864 Joan.
953 5825 1060 5877 xxx,
1100 5812 1187 5866 20.
1267 5812 1307 5844 ⁸⁵
1340 5812 1470 5866 Dan.
1513 5827 1622 5878 τω,
1793 5813 1831 5841 ’πῖ
1869 5811 2004 5866 Psal.
2044 5829 2091 5877 (ι,
2131 5813 2179 5867 8.

2261 5812 2302 5842 "‘
2336 5809 2468 5864 ibid.
2502 5810 2552 5864 Ξ.

2277 4526 2585 4595 ἀγρυπνίας
2619 4524 2730 4578 τῶν
2781 4523 2991 4595 ἀρετῶν
3037 4519 3472 4592 προσδεχόμενος
3522 4517 3620 4569 τὸν
3676 4517 3871 4585 Κύριον

2276 4636 2464 4673 αυτου.

2352 4820 2456 4888 ἱο,θ’.
2490 4821 2565 4874 Οὐ
2591 4820 2674 4873 δεῖ
2705 4819 2798 4870 τὸν
2826 4819 3184 4885 είσαγομενον
3209 4815 3290 4876 εἰς
3318 4812 3627 4873 εὐσέϐειαν.
3667 4813 3761 4865 διὰ
3785 4810 3856 4880 μὲ-

2281 4933 2379 4984 νης
2409 4912 2642 4982 ἄγεσθαι
2680 4910 3048 4981 χρηστότητος
3097 4906 3233 4978 πρὸς
3261 4905 3360 4974 τὴν
3411 4905 3616 4973 πρᾶξιν
3647 4905 3765 4958 τῶν
3791 4907 3855 4954 ἐγ-

2281 5005 2472 5069 τολῶν,
2499 5004 2636 5056 ἀλλὰ
2673 5002 2780 5072 μὴν
2817 5001 2914 5054 καὶ
2962 5003 3027 5071 τῇ
3081 5002 3270 5071 μνήμῃ
3306 4996 3418 5049 τῶν
3456 4997 3626 5048 θείων
3658 4996 3854 5049 δικαιω-

2285 5101 2495 5169 μάτων,
2538 5097 2608 5149 δι’
2643 5094 2949 5163 ἀποτομίας
3001 5091 3330 5161 συχνὸτερον
3380 5087 3550 5142 αὑτὸν
3595 5088 3860 5154 ἀγωνίσαο

2283 5191 2427 5244 σθαι⁶
2456 5189 2542 5257 ἐφ’
2562 5181 2606 5255 ᾧ
2635 5187 2708 5258 μὴ
2739 5186 2900 5256 μόνον
2923 5182 3072 5251 πόθῳ
3097 5181 3205 5234 τῶν
3233 5179 3396 5232 θείων
3427 5179 3586 5248 aps»),
3619 5176 3760 5230 ἀλλὰ
3783 5177 3866 5226 καὶ

2290 5282 2444 5352 φόϐῳ
2494 5278 2595 5348 τῆς
2641 5277 2840 5339 κακίας
2873 5273 3195 5346 ἀπέχεσθαι’
3233 5273 3446 5325 Ἕλεον
3473 5271 3590 5338 γὰρ
3627 5272 3730 5324 καί
3752 5273 3858 5336 κρί-

2289 5392 2395 5429 om
2430 5373 2656 5442 ᾄσομαι
2683 5387 2802 5429 σοι.
2836 5370 3031 5437 Κύριε·
3064 5367 3155 5419 ἵνα
3193 5366 3288 5417 καὶ
3321 5362 3459 5433 αὐδῇ
3486 5363 3568 5432 τῷ
3588 5362 3712 5431 Θεῷ
3737 5362 3864 5414 κατὰ

2266 5467 2456 5528 πόθον
2509 5466 2865 5536 τερπόμενος,
2925 5462 3020 5515 καὶ
3061 5459 3254 5529 εὐτονῇ
3296 5457 3437 5527 πρὸς
3485 5456 3551 5509 τὸ
3592 5453 3765 5527 ᾆσμα,
3796 5453 3862 5521 τῷ

2291 5559 2442 5630 φόϐῳ
2484 5556 2684 5628 στομοὺ
2693 5572 2872 5627 μενος.

2365 5650 2430 5724 ρ’.
2477 5652 2535 5704 ὐ
2582 5649 2650 5703 δι’
2698 5649 2899 5719 ἀρετῆς
2947 5665 3041 5703 και
3077 5643 3332 5716 γνώσεως
3378 5640 3765 5716 ἁρμοσάμενος
3809 5632 3861 5688 τὲ

2634 5809 2675 5838 ⁸⁵⁵³
2707 5805 2838 5861 ibid.
2874 5807 2917 5862 ί.
