4064 6434
214 332 356 398 1⁸173
1051 339 1385 400 CAPITUM
1424 337 1694 399 THEOL.
1737 337 1782 398 Ε

1876 333 2105 395 [ΕΟΟΝ.
2142 336 2533 396 CENTURIAr
2580 336 2658 397 II.
3337 337 3473 404 1176
3519 419 3522 422 ἢ

207 447 370 518 σῶμα
393 443 526 515 πρὸς
559 444 657 516 τὴν
684 445 883 516 ψυχὴν,
914 447 1106 516 γέγονε
1136 448 1338 518 κιθάρα
1371 447 1507 500 Θεοῦ
1550 464 1644 499 και
1682 446 1782 498 αὐ-

1883 445 2152 500 concinne
2178 446 2409 514 aptavit,
2438 446 2532 499 Dei
2575 445 2791 500 cithara
2815 445 3062 516 tibiaque
3091 462 3156 502 ac
3206 450 3472 519 templum

202 540 299 603 λδς
345 540 436 593 καὶ
459 539 602 602 ναός.
647 540 863 612 Κιθάρα
909 540 1028 610 μὲν.
1059 539 1135 605 ὼς
1180 541 1362 604 καλῶς
1411 539 1656 610 φυλάξας
1685 539 1782 607 τὴν

1885 535 2080 590 evasit.
2111 535 2338 591 Cithara
2363 537 2610 606 quidem,
2648 546 2710 592 ut
2745 537 2839 608 qui
2873 538 3100 592 virtutis
3137 550 3468 594 concentum

199 632 317 683 τῶν
343 629 552 702 ἀρετῶν
593 630 880 702 ἁρμονίαν
912 630 1076 694 αὐλὸς
1116 631 1195 694 δὲ,
1240 631 1316 693 ὼς
1353 631 1444 684 διά
1479 630 1588 683 τῶν
1622 628 1782 681 θείων

1877 627 2150 696 praeclare
2192 628 2428 682 servarit
2465 647 2478 682 :
2517 629 2649 684 tibia
2680 639 2888 696 autem,
2924 641 2986 686 ut
3016 632 3110 702 qui
3150 648 3249 702 per
3284 633 3470 688 divina

199 723 578 794 θεωρημάτων
627 723 1006 794 εἰσδεχόμενος
1053 723 1151 795 τὴν
1201 722 1295 776 τοῦ
1334 722 1653 792 [Ινεύματος
1681 719 1782 786 εμ-

1885 732 2072 781 sensa,
2123 717 2366 788 Spiritus
2410 719 2464 773 in
2493 735 2552 775 se
2603 721 2845 775 amatum
2888 722 3156 791 recipiat;
3206 723 3472 794 templum

198 831 450 867 πνευσινο
475 814 600 878 ναὸς
628 815 706 881 δὲ,
725 815 802 879 ὼς
839 815 928 870 διά
953 815 1053 886 τὴν
1083 814 1226 869 κατά
1254 813 1379 868 νοῦν
1413 813 1780 882 καθαρότητα,

197 903 297 955 τοῦ
340 905 512 973 Λόγου
537 905 775 975 γεγονὼς
802 907 1243 978 κατοικητήριον.

572 1127 1060 1181 ΑΝΕΠΙΓΡΑΦΟΥ
1106 1128 1360 1181 ΣΧΟΛΙΑ
1377 1130 1415 1180 ⁸.

266 1216 342 1271 α’.
379 1217 492 1287 οὐχ
518 1217 593 1282 ὡς
634 1219 1110 1288 ὲπιτυγχανόντων
1139 1217 1302 1270 τινῶν
1348 1215 1459 1270 τῶν
1497 1213 1633 1286 πρὸς
1667 1211 1786 1266 ὲπί-

192 1306 366 1372 δειξιν
417 1308 743 1378 ἐφιεμένων,
775 1309 804 1362 ὁ
845 1308 1026 1375 λόγος,
1049 1307 1168 1362 ἀλλ’
1190 1308 1266 1371 ὼς
1293 1306 1512 1369 πάντως
1539 1305 1786 1370 ἀποτυγ-

197 1402 493 1471 χανόντων.
520 1401 618 1479 [ξιά
649 1400 705 1454 δὲ
725 1399 843 1464 τοῦ,
864 1403 978 1456 Ἔν
996 1418 1112 1455 τινι
1132 1399 1252 1454 τῶν
1272 1401 1504 1469 ὁμόρων
1526 1396 1787 1469 ποιείτω⁹

195 1493 291 1545 καὶ
317 1493 388 1546 τά
417 1491 565 1563 ἑξῆς,
599 1492 880 1564 σημαίνει,
911 1492 975 1546 τὸ
1011 1492 1087 1563 μὴ
1117 1489 1467 1560 ἑπιγίνεσθαί
1512 1505 1618 1541 τινι
1650 1485 1784 1554 γνῶ.

196 1601 284 1636 σιν
314 1583 414 1656 τὴν
451 1585 648 1656 ἀληθῆ,
679 1587 728 1638 εί
759 1586 833 1657 μὴ
870 1586 959 1639 διά
989 1585 1170 1639 πόνων
1199 1582 1556 1652 σωματικῶν,
1589 1581 1781 1652 ἤγουν.

192 1677 264 1729 δι’
295 1678 633 1748 ἐγκρατείας
678 1680 776 1733 καὶ
828 1679 1073 1748 ἀγάπης,
1125 1677 1195 1732 δι’
1225 1673 1300 1731 ὢν
1343 1678 1378 1747 ἡ
1414 1674 1685 1745 κάθαρσις
1711 1675 1780 1744 τῇ

193 1769 340 1841 ψυχῇ
362 1785 379 1800 ’
412 1771 702 1838 Μακάριοι
731 1771 869 1841 γὰρ,
905 1771 1073 1841 φησὶν
1093 1811 1108 1835 ,
1133 1773 1186 1825 οἱ
1213 1767 1459 1838 καθαροὶ
1493 1766 1610 1835 τὴν
1636 1781 1779 1832 καρ-

193 1862 355 1927 δίαν,
393 1862 484 1916 ὅτι
514 1861 830 1918 αὑτοῖτὸν
861 1864 1011 1918 Θεὸν
1038 1863 1313 1933 ὄψονται.

267 2039 336 2110 β’.
367 2041 588 2108 Τούτοις
621 2043 856 2114 μάλιστα
888 2044 1243 2116 ἐλεγχόμεθα,
1280 2045 1382 2116 τὴν
1411 2045 1782 2116 φιλαργυρίαν

196 2133 505 2199 νοσοῦντες,
535 2138 630 2189 καὶ
657 2135 736 2206 τῷ
770 2139 1009 2208 μαμωνᾷ
1035 2135 1424 2200 καταθύοντες.

263 2229 336 2293 γ’.
375 2227 487 2279 Καὶ
524 2225 698 2280 ταῦτα
740 2228 882 2281 κατὰ
929 2228 1038 2281 τῶν
1079 2229 1466 2300 Εἰκονομάχων
1494 2228 1777 2299 ἄντικρυς.

199 2317 339 2387 Ὅρα
369 2318 430 2371 δὲ.
459 2319 540 2372 ὅτι
573 2320 775 2387 γνῶσις
800 2322 834 2391 ὴ
879 2319 1114 2374 ἐνταῦθα
1147 2321 1365 2390 λέγεται
1401 2322 1622 2394 μερικήο
1659 2323 1693 2390 ἡ
1723 2321 1780 2374 δὲ

194 2409 287 2461 τοῦ
314 2409 456 2462 Θεοῦ
489 2411 669 2478 σοφία,
711 2412 808 2482 ὅλη
847 2414 905 2467 ὲν
937 2412 1016 2483 τῷ
1045 2413 1236 2483 κόσμῳ
1266 2415 1408 2478 ἐστὶ,
1430 2415 1553 2467 καθ’
1587 2413 1615 2466 ὃ
1643 2414 1779 2466 Θεο-

195 2501 351 2569 λόγος
401 2501 598 2571 φησίν·
646 2503 749 2556 Ἐν
787 2503 867 2570 τῷ
901 2505 1108 2574 κόσμῳ
1145 2505 1251 2576 γάρ
1289 2500 1388 2575 ἦν,
1420 2506 1518 2560 καὶ
1548 2507 1780 2574 κόσμος

194 2590 268 2644 δι’
299 2590 496 2646 αὑτοῦ
534 2591 791 2661 ἐγένετο.

262 2680 329 2736 δ’.
365 2685 490 2736 Ἔτι
518 2686 612 2738 καὶ
656 2683 814 2755 ἡμῶν
845 2685 1077 2750 ἕκαστος
1115 2689 1231 2751 τοῖς
1272 2687 1554 2757 αἰσθητοῖς
1609 2705 1780 2760 προσ-

196 2776 456 2846 κείμενος
544 2776 603 2841 ἐξ
695 2777 918 2845 ἀγνοίας
955 2817 972 2842 ,
1053 2780 1146 2832 τὸν
1221 2779 1479 2850 Καίσαρα
1555 2780 1779 2848 βασιλέα

193 2868 601 2940 ἐπιγράφεται·
651 2869 744 2922 καὶ
799 2869 876 2939 τῷ
924 2871 1170 2941 Πιλάτῳ,
1219 2875 1284 2943 τῇ
1338 2872 1608 2942 αἰσθήσει,
1643 2890 1777 2943 προ-

193 2959 381 3013 δίδωσι
411 2960 501 3012 τὸν
535 2961 707 3030 Λόγον
740 2964 818 3026 είς
852 2962 1101 3017 θάνατον.
1135 2964 1359 3028 Πάντως
1384 2967 1442 3019 δὲ
1474 2967 1612 3036 μετά
1642 2969 1780 3021 Καί-

194 3066 361 3121 σαρος
417 3051 512 3106 καὶ
548 3052 626 3121 τῷ
663 3052 877 3124 Ἡρώδη
943 3055 1248 3120 ὑπόκειται,
1283 3057 1312 3109 ὁ
1345 3058 1462 3108 κατ’
1494 3057 1776 3128 ἐνέργειαν
1801 3086 1846 3145 C

195 3144 555 3214 ἁμαρτάνων,
582 3145 678 3198 καὶ
703 3147 763 3198 ὲν
791 3145 902 3211 ἕξει
943 3148 1235 3217 γενόμενος
1270 3148 1366 3202 τοῦ
1409 3149 1600 3205 κακοῦ.
1640 3151 1775 3204 Ἰου-

192 3235 338 3298 δαῖός
382 3237 500 3288 ἐστι
535 3236 636 3305 τὴν
668 3236 871 3308 ἀρετὴν
913 3239 1198 3309 προδιδοὺς
1224 3242 1288 3311 τῇ
1316 3240 1428 3304 ἕξει
1454 3241 1554 3310 τῆς
1575 3242 1776 3306 κακίας

196 3326 531 3398 ὑποχείριον’
563 3329 658 3381 καὶ
693 3328 794 3399 τὴν
831 3331 932 3399 μὲν
972 3331 1067 3384 τοῦ
1105 3331 1239 3386 Θεοῦ
1271 3332 1549 3402 βασιλείαν
1576 3335 1774 3405 ἀρνού-

197 3435 386 3487 μενος,
424 3419 518 3472 τοῦ
557 3421 804 3475 διαϐόλου
839 3422 894 3476 δὲ
942 3425 1008 3494 τῇ
1039 3425 1317 3496 τυραννίδι
1350 3427 1771 3497 προσκείμενος.

258 3513 326 3562 ε’.
368 3507 493 3564 Ὅτι
531 3511 596 3564 ἐκ
633 3511 734 3581 τῆς
758 3512 852 3565 τοῦ
885 3513 1020 3566 Θεοῦ
1043 3514 1290 3582 ἀγνοίας,
1321 3518 1354 3586 ή
1391 3516 1650 3583 φιλαυτία
1679 3517 1776 3570 καὶ⁵

191 3597 252 3650 τὸ
278 3600 736 3672 γαστρίμαργον·
780 3603 847 3656 δι’
875 3602 912 3656 ἃ
956 3602 1054 3674 τὴν
1089 3605 1268 3675 σάρκα
1319 3606 1411 3658 καὶ
1449 3607 1540 3658 τὸν
1571 3607 1776 3676 κόσμον

191 3690 356 3754 εὐθὺς
385 3693 772 3764 ἠγαπήσαμενο
805 3696 899 3748 καὶ
929 3695 978 3748 εί
1019 3696 1094 3770 μὴ
1117 3698 1323 3752 τούτων
1355 3699 1460 3764 ἔξω
1489 3699 1778 3770 γενώμεθα

191 3782 278 3836 διὰ
305 3784 410 3852 τῆς
451 3784 588 3854 πρὸς
617 3783 752 3838 Θεὸν
792 3785 1035 3857 ἀγάπης,
1067 3787 1166 3858 τῆς
1198 3790 1278 3851 είς
1319 3788 1410 3842 τὸν
1437 3790 1664 3860 πλησίον
1687 3789 1777 3843 διά

189 3874 286 3944 τῆς
310 3876 559 3944 φυλακῆς
583 3875 692 3929 τῶν
714 3877 944 3930 ἐντολῶν
962 3879 1386 3954 ἐνεργουμένης,
1414 3880 1588 3945 άλλως
1616 3881 1776 3953 ἀτρε-

192 3985 315 4021 πτοι
345 3968 528 4038 μένειν
569 3970 627 4022 ὲν
665 3969 743 4040 τῷ
777 3969 926 4040 καλῷ
950 3971 1010 4024 οὐ
1049 3971 1344 4042 δυνάμεθα.

261 4067 340 4124 ς’.
380 4062 640 4134 Πάροικοι
680 4063 886 4127 πάντες
934 4066 984 4116 οἱ
1033 4063 1200 4132 ἅγιοι,
1262 4067 1339 4128 ὡς
1392 4066 1450 4118 ὲν
1487 4067 1776 4139 ἐσόπτροις

194 4153 285 4205 καὶ
321 4153 612 4223 αἰνίγμασι
657 4153 948 4224 βλέποντες
989 4155 1088 4228 τὴν
1121 4157 1399 4227 ἀλήθειαν.
1434 4161 1494 4212 Οἱ
1519 4159 1575 4212 δὲ
1617 4161 1775 4213 Εἰκοο

193 4245 424 4315 νομάχοι
472 4248 546 4316 μὴ
575 4248 1010 4319 παραδεχόμενοι
1071 4251 1305 4302 κατιδεῖν
1361 4251 1419 4303 ὲν
1463 4252 1771 4322 ἐσόπτροις,

194 4335 510 4389 παντάπασι
541 4337 643 4407 τῆς
666 4337 924 4409 ἀληθείας
953 4337 1405 4394 ἀποπεπτὼκασι.

259 4515 330 4581 ζ’.
377 4517 441 4570 '0
472 4517 616 4582 Θεὸς
666 4519 816 4584 ἔστη
847 4519 919 4571 ἐν
944 4515 1270 4586 συναγωγῇ
1297 4515 1466 4572 θεῶν.
1509 4517 1620 4571 Καὶ
1665 4519 1770 4586 ὅρα

191 4605 289 4676 τὴν
323 4604 556 4676 δύναμιν
599 4605 708 4660 τῶν
752 4608 1020 4676 ἀγγέλωνο
1072 4608 1168 4662 καὶ
1212 4610 1292 4662 ὃτι
1336 4613 1364 4663 ὁ
1398 4610 1472 4680 μὴ
1503 4610 1773 4664 πιστεύων

193 4700 392 4771 χρῆναι
431 4699 569 4771 πρὸς
612 4701 713 4766 τὴν
755 4699 997 4770 κεφαλὴν
1041 4700 1316 4770 συνῆφθαι
1358 4703 1428 4756 τά
1462 4703 1620 4773 μέλη,
1649 4705 1775 4758 am-

195 4792 320 4855 στός
357 4792 494 4851 ἐστι.
533 4791 628 4845 καὶ
653 4791 907 4845 ὲνιεῦθεν
939 4793 1038 4864 ἤδη
1080 4793 1353 4865 κέκριται.

259 4887 334 4952 η’.
369 4882 464 4946 Τίς
491 4884 630 4936 οξκεῐ
655 4882 762 4935 τῶν
789 4883 1070 4937 Χαλδαίων
1098 4885 1196 4953 τὴν
1227 4885 1350 4954 γῆν·
1383 4885 1466 4947 τίς
1489 4887 1586 4957 τὴν
1619 4888 1770 4958 Χαρο

195 4974 297 5043 ῥάν
329 4974 432 5044 τῆς
473 4976 935 5045 Μεσοποταμίας;
969 4977 1063 5040 Τίς
1095 4977 1230 5049 πρὸς
1268 4977 1367 5048 τὴν
1401 4979 1506 5048 γῆν
1535 4980 1770 5048 μετάγε-

191 5080 283 5118 ται
311 5065 412 5136 τὴν
437 5066 669 5137 ἀγαθὴν,
703 5067 770 5136 ἢν
819 5066 1213 5135 ἐπαγγέλλεται
1240 5067 1433 5122 δώσειν
1471 5071 1586 5132 τοῖς
1626 5071 1769 5138 ἁγα-

195 5155 373 5208 πῶσιν
391 5154 552 5208 αὑτὸν
578 5159 606 5209 ὁ
629 5157 798 5222 Θεός;

266 5245 334 5303 θ’.
371 5247 462 5302 Fr.
491 5249 615 5301 Ὀτι
662 5250 758 5303 καὶ
808 5250 974 5304 πάλαι
1025 5250 1130 5322 πρὸ
1170 5251 1271 5321 τῆς
1319 5251 1634 5321 ἐπιδημίας,
1676 5253 1772 5306 καὶ

196 5339 291 5393 νῦν
327 5339 464 5410 μετὰ
505 5339 606 5411 τὴν
643 5341 964 5413 ἐπιδημίαν,
1009 5341 1218 5413 νοητῶς
1251 5343 1309 5394 ἐν
1341 5345 1476 5414 ἡμῖν
1503 5343 1772 5414 ἐνδημεῖὸ

193 5433 287 5486 τοῦ
318 5433 452 5486 Θεοῦ
485 5435 689 5502 Λόγος,
733 5435 978 5505 κρυφίως
1031 5435 1318 5506 ἀναφέρων
1363 5435 1499 5498 πρὸς
1526 5435 1592 5489 τά
1628 5435 1768 5490 θειό-

196 5539 348 5596 τερα.

269 5677 313 5710 ⁷⁸
340 5677 528 5735 Matth.
560 5697 612 5744 v,
647 5681 698 5735 8.
775 5681 815 5711 "
849 5679 1003 5734 Joan.
1039 5697 1074 5743 l,
1109 5681 1188 5734 lO.
1265 5683 1310 5712 '”
1339 5681 1480 5737 Psal.
1519 5697 1694 5745 um,
1736 5682 1780 5738 ι.

1885 823 2038 873 vero,
2073 810 2258 880 utqui
2294 811 2366 865 ob
2408 813 2610 866 mentis
2646 813 2945 869 puritatem
2977 813 3145 868 Verbi
3188 815 3476 869 habitacu-

1884 899 1998 955 lum
2021 901 2200 960 l‘actus
2229 905 2320 960 sit.

2177 1123 2454 1178 INCERTI
2488 1123 2833 1179 AUCTORIS
2876 1123 3187 1179 SCHOLIA.

1963 1215 2013 1268 1.
2055 1214 2174 1269 Non
2220 1216 2381 1286 quasi
2425 1216 2618 1286 aliqui,
2677 1232 2896 1279 eorum.
2933 1217 3029 1286 qui
3079 1215 3476 1272 ostentationis

1891 1321 2058 1361 causa
2086 1316 2371 1378 expetunt,
2422 1315 2706 1379 compotes
2759 1307 2914 1372 ﬁant,
2945 1306 3020 1362 ita
3070 1308 3337 1378 loquitur,
3375 1307 3474 1362 scd

1890 1401 2046 1456 velut
2066 1401 2204 1456 nulli
2228 1417 2459 1472 prorsus
2489 1401 2642 1457 (iant.
2666 1400 2913 1455 Dicendo
2947 1409 3154 1461 autem.
3196 1400 3260 1455 1η
3279 1401 3474 1455 vicinia

1889 1492 2126 1562 quadam
2159 1510 2249 1548 seu
2279 1492 2526 1562 conﬁnio,
2575 1501 2708 1556 etc...
2755 1491 3050 1562 signiﬁcat,
3089 1492 3298 1547 nemini
3339 1507 3474 1546 con-

1887 1584 2101 1655 tingere
2137 1595 2200 1639 ut
2244 1601 2434 1639 veram
2482 1583 2736 1654 acquirat
2766 1583 3081 1647 scientiam,
3117 1583 3252 1652 quin
3276 1599 3476 1652 corpo—

1882 1675 2094 1731 ralibus
2129 1676 2411 1732 laboribus
2455 1675 2833 1746 ('continentia
2863 1675 3080 1730 scilicet
3100 1684 3156 1730 et
3179 1674 3472 1738 charitate,

1813 1746 1856 1802 Β
1883 1769 2087 1840 quibus
2115 1771 2452 1825 emundatur
2494 1768 2734 1839 animus)
2779 1767 3058 1839 fungatur.
3092 1767 3247 1821 Beati
3280 1768 3429 1821 enim
3453 1807 3468 1830 ,

1883 1861 2099 1932 inquit,
2141 1862 2338 1916 mundo
2406 1861 2601 1926 corde,
2650 1860 2908 1930 quoniam
2957 1859 3060 1930 ipsi
3115 1858 3284 1912 Deum
3324 1857 3471 1912 ride-

1882 1954 2010 2008 bunt
2035 1955 2102 2008 ⁷ο.

1947 2047 2001 2100 2.
2031 2047 2126 2102 His
2179 2047 2415 2102 maxime
2454 2045 2860 2109 convincimur,
2901 2043 3161 2098 laborare
3195 2057 3301 2095 nos
3339 2055 3465 2096 ava-

1879 2139 2020 2194 ritia:
2053 2139 2266 2204 morbo,
2295 2156 2359 2194 ac
2379 2153 2704 2194 mammonae
2727 2137 3058 2192 sacriﬁcare.

1947 2229 2002 2282 5.
2033 2227 2158 2284 Haec
2183 2245 2404 2300 quoque
2434 2230 2614 2300 palam
2659 2237 2854 2284 contra
2903 2225 3324 2280 lconomachos.
3354 2222 3466 2278 Ob-

1878 2333 2038 2373 serva
2071 2326 2276 2374 autem.
2303 2335 2424 2389 qua:
2448 2319 2612 2389 hujus
2631 2318 2732 2372 aevi
2761 2326 2866 2380 est,
2896 2315 3205 2380 scientiam,
3237 2322 3470 2385 exparte

1879 2411 1988 2465 dici
2012 2429 2024 2464 :
2053 2411 2146 2466 Dei
2177 2421 2362 2465 autem
2389 2409 2681 2480 sapientia,
2706 2417 2818 2462 tota
2843 2409 2897 2462 in
2919 2407 3125 2461 mundo
3140 2415 3246 2470 est,
3275 2421 3469 2475 quem-

1859 2499 2174 2557 ‘admodum
2207 2502 2344 2557 dicit
2373 2502 2686 2572 Tbeologus
2711 2519 2724 2554 :
2751 2500 2816 2553 In
2843 2500 3038 2554 "tundo
3068 2498 3218 2553 enim
3255 2506 3392 2563 erat,
3416 2504 3467 2551 et

1880 2593 2104 2646 tumulus
2130 2609 2223 2664 per
2243 2594 2416 2664 ipsum
2447 2593 2620 2661 [actus
2653 2600 2728 2645 est
2752 2591 2820 2645 7‘.

1949 2686 2004 2739 2i.
2041 2683 2239 2738 Adhuc
2283 2683 2451 2738 etiam
2493 2683 2728 2752 quisque
2765 2692 3016 2737 nostrum
3054 2699 3123 2738 ex
3151 2680 3467 2752 ignorantia

1878 2776 2112 2832 terrenis
2145 2775 2446 2839 addicitur,
2481 2773 2752 2829 Caesarem
2787 2775 2894 2829 sibi
2923 2791 3106 2845 regem
3131 2775 3376 2837 asciscit,
3398 2790 3466 2829 ac

1877 2870 2055 2924 Pilato
2083 2868 2161 2938 (id
2187 2878 2294 2932 est,
2339 2867 2548 2935 sensui)
2600 2867 2923 2922 Sermonem
2972 2867 3093 2923 neci
3135 2867 3468 2922 tradendum

1878 2960 2082 3031 prodit.
2115 2960 2352 3014 Prorsus
2397 2975 2551 3022 vero,
2599 2974 2725 3012 cum
2772 2959 2996 3014 Caesare
3039 2961 3208 3013 etiam
3252 2956 3461 3012 llerodi

1878 3055 2160 3126 subjectus
2195 3063 2301 3117 est,
2333 3055 2428 3124 qui
2477 3069 2644 3123 opere
2692 3062 2885 3121 peccat
2926 3064 2983 3107 et
3015 3053 3068 3107 in
3097 3051 3224 3106 mali
3271 3051 3465 3105 habitu

1878 3157 2154 3204 versatur.
2198 3147 2423 3203 Iudaeus
2472 3156 2580 3210 est,
2630 3147 2726 3216 qui
2767 3147 3030 3200 virtutem
3089 3144 3302 3198 habitui
3343 3142 3464 3197 vitii

1876 3239 2242 3308 mancipatam
2273 3238 2494 3308 prodit;
2527 3238 2623 3293 Dei
2649 3238 2872 3308 quidem
2903 3238 3182 3307 abnegans
3209 3253 3463 3309 regnum,

1876 3331 2082 3387 diaboli
2116 3346 2248 3386 vero
2280 3331 2594 3402 tyrannidis
2615 3331 2852 3386 devotus
2885 3332 3087 3385 cultor.

1947 3512 2000 3566 5.
2038 3511 2116 3564 Ex
2163 3510 2260 3564 Dei
2310 3510 2622 3580 ignorantia
2673 3509 2932 3580 provenit
2977 3524 3154 3564 czecus
3209 3509 3467 3580 corporis

1876 3618 2033 3657 amor
2057 3611 2115 3656 et
2147 3603 2307 3672 gula;
2339 3617 2578 3672 quorum
2611 3601 2785 3672 gratia
2824 3601 3012 3656 statim
3040 3617 3265 3657 carnem
3298 3617 3463 3657 mun-

1876 3697 2120 3767 dumque
2158 3695 2472 3751 dileximus.
2527 3696 2606 3751 Ac
2651 3696 2756 3750 nisi
2781 3696 2878 3751 Dei
2924 3695 3199 3750 charitate
3225 3695 3334 3751 illis
3370 3712 3466 3751 cx-

1876 3787 2234 3851 cesserimus,
2265 3803 2388 3857 quae
2413 3787 2675 3842 videlicet
2699 3787 2814 3856 ipsa
2843 3785 3234 3840 mandatorum
3265 3785 3462 3840 obser-

1875 3881 2098 3936 vatione
2127 3895 2255 3950 erga
2294 3880 2608 3947 proximum
2641 3878 2832 3933 eﬂicax
2863 3879 2956 3940 sit,
2990 3886 3050 3931 ut
3095 3877 3150 3930 in
3178 3877 3325 3931 bono
3363 3877 3464 3932 im-

1875 3973 2110 4027 mobiles
2137 3971 2524 4042 persistamus,
2559 3970 2985 4040 haudquaquam
3016 3969 3135 4024 ﬁeri
3161 3969 3356 4039 possit.

1946 4065 2107 4136 512
2127 4065 2179 4119 6.
2205 4064 2595 4119 Sanctiomnes
2617 4064 2811 4118 incola:
2835 4071 3036 4118 suntet
3053 4063 3356 4132 peregrini,
3403 4070 3459 4118 ut

1874 4156 1971 4226 qui
1998 4157 2286 4211 veritatem
2307 4155 2363 4209 in
2393 4156 2636 4225 speculis
2669 4155 2968 4209 videantet
2996 4154 3306 4224 mnigmatis
3338 4153 3459 4224 (ob-

1874 4248 2055 4303 scuris
2075 4248 2284 4303 scilicet
2305 4246 2926 4317 reprzesentationibus).
2943 4247 3460 4311 lconomachivero,

1875 4338 1971 4408 qui
2021 4353 2132 4392 non
2164 4338 2476 4393 sustineant
2511 4339 2569 4392 in
2621 4338 2862 4408 speculis
2900 4337 3114 4402 videre,
3149 4352 3180 4391 a
3225 4337 3462 4394 veritate

1807 4429 1851 4484 D
1881 4447 2111 4501 prorsus
2128 4430 2473 4485 exciderunt.

1951 4525 2004 4576 7.
2031 4523 2168 4577 Deus
2207 4525 2350 4577 stetit
2393 4525 2450 4577 in
2475 4540 2748 4594 synagoga
2769 4523 3060 4577 deorum".
3091 4523 3168 4578 Ac
3199 4522 3324 4578 vide
3351 4539 3457 4578 an-

1879 4613 2128 4685 gelorum
2171 4614 2507 4684 potentiam;
2542 4614 2823 4683 itemque,
2862 4614 2958 4683 qui
2987 4631 3096 4669 non
3143 4613 3322 4669 credit
3360 4630 3458 4670 ne-

1878 4721 2033 4760 cesse
2069 4721 2193 4760 esse
2244 4713 2305 4759 ut
2352 4705 2600 4760 membra
2631 4706 3041 4775 coniungantur
3087 4721 3215 4760 cum
3253 4705 3457 4776 capite,

1880 4795 2180 4860 inﬁdelem,
2217 4811 2395 4865 eoque
2432 4797 2656 4852 nomine
2683 4797 2794 4866 jam
2815 4797 3144 4867 judicalum,
3171 4813 3314 4852 esse.

1949 4886 2002 4940 8.
2036 4885 2301 4952 Quisnam
2337 4886 2550 4941 habitet
2584 4897 2787 4941 terram
2832 4886 3250 4953 Chaldmorum;
3298 4888 3456 4959 quis-

1873 4995 2000 5033 nam
2027 4993 2159 5032 vero
2188 4977 2475 5032 Charrhan
2509 4978 2954 5048 Mesopotamia)?
2989 4979 3125 5046 Quis
3155 4980 3456 5034 transfera-

1875 5081 1964 5125 tur
1985 5071 2041 5125 in
2073 5080 2274 5125 terram
2302 5070 2524 5131 bonam,
2558 5086 2722 5140 quam
2765 5072 2911 5126 Deus
2941 5087 3000 5126 se
3032 5070 3291 5125 daturum
3327 5070 3450 5140 pol-

1874 5159 2058 5216 licitus
2088 5170 2192 5222 est,
2225 5161 2313 5215 his
2334 5161 2428 5231 qui
2451 5161 2728 5230 diligunt?

1945 5253 1997 5306 9.
2028 5253 2167 5306 Olim
2205 5268 2426 5323 quoque
2475 5260 2604 5307 ante
2643 5251 2965 5314 adventum,
3015 5265 3272 5320 nuncque
3311 5250 3452 5304 adeo

1879 5353 2004 5414 post
2053 5344 2255 5414 ipsum,
2299 5344 2558 5400 advenire
2592 5343 2660 5398 ad
2691 5358 2793 5398 nos
2825 5342 3150 5413 spiritaliter
3183 5341 3280 5396 Dei
3310 5342 3450 5396 Ver-

1878 5437 2032 5500 bum,
2055 5435 2288 5490 occultis
2305 5435 2615 5506 augmentis
2641 5435 2952 5505 provehcns
2971 5435 3038 5488 ad
3063 5449 3126 5490 ea
3161 5449 3282 5505 qua:
3315 5433 3450 5488 divi-

1876 5530 2026 5584 niora
2059 5536 2205 5583 sunt.

269 5793 287 5812 ‘
316 5791 397 5846 Ex
436 5791 492 5847 V.
558 5791 636 5849 Cl.
705 5792 985 5863 Raphaclis
1030 5792 1270 5863 Dttfrcnii
1337 5793 1474 5861 cod.,
1520 5811 1656 5849 nunc
1703 5794 1879 5866 Regio.
