4064 6428
283 362 429 429 ’1177
951 370 1283 431 CAPITUM
1319 370 1736 444 QUINQUIES
1773 376 1888 438 CEl

1911 377 2290 439 TENOBUM
2322 380 2706 443 CENTURIA
2740 388 2782 450 Ι.
3384 382 3516 446 1178

304 576 3513 617 WWW

1146 769 1377 855 ΤΟΥ
1438 771 1781 857 ΑΓΙΟΥ
1836 773 2270 858 ΠΑΤΡΟΣ
2311 772 2635 891 ΗΜΩΝ

1621 966 1745 1022 ΚΑΙ
1774 968 2203 1024 ΔΙΔΑΣΚΛΛΟΥ

668 1147 1468 1291 ΜΑΞΙΜΟΥ
1541 1159 1889 1293 ΤΟΥ
1962 1162 3169 1304 ΟΜΟΛΟΓΗΤΟΥ

967 1407 1316 1463 ΚΕΦΛΛΛΙΛ
1353 1409 1645 1464 ΔΙΑΦΟΡΛ
1677 1412 2066 1470 ΘΕΟΛΟΓῙΚΔ
2095 1416 2182 1471 TE
2209 1415 2331 1471 ΚΑΙ
2353 1415 2795 1471 ΟΙΚΟΝΟΜῙΚΔ

1461 1576 1574 1630 Kal
1601 1574 1733 1645 περὶ
1762 1575 1987 1644 ἀρετῆς
2012 1575 2113 1630 καὶ
2138 1576 2375 1643 κακίας.

530 1904 944 1996 SANCTI
1052 1905 1472 1996 PATRIS
1572 1906 2010 2001 NOSTRI
2142 1907 2540 2007 ATOUE
2640 1907 3262 2011 ΜΛΕΙΞΤΒΙο

1152 2142 1625 2256 MAXIM
1641 2145 1679 2255 Ι
1764 2142 2721 2260 CONFESSORIS

651 2363 981 2428 DIVERSA
1010 2367 1281 2429 CAPITA
1308 2367 1408 2427 AD
1462 2367 1964 2428 THEOLOGIAM
1992 2368 2092 2428 ET
2146 2369 2614 2432 (ECONOMIAM
2668 2370 3130 2433 SPECTANTIA

1433 2532 1664 2602 DEQUE
1693 2534 2001 2593 VIRTUTE
2040 2535 2129 2593 AC
2169 2533 2374 2595 VITIO.

700 2847 1117 2903 ΕΚΛΤΟΝΤΛΣ
1146 2848 1400 2904 ΠΡΩΤΗ.
1866 2862 1921 2919 Α
2296 2858 2305 2903 4

1866 2862 1921 2919 Α
2296 2850 2620 2908 CENTENA
2652 2852 2867 2909 PRIMA
2900 2851 3167 2908 CAPITA.

330 2961 408 3018 α’.
436 2962 536 3017 Ἔν
565 2963 682 3016 ἐστι
710 2962 772 3016 τὸ
804 2962 1183 3035 ὑπεράναρχον
1214 2965 1308 3017 καὶ
1342 2963 1669 3036 ὑπερούσιον
1706 2966 1843 3035 ἀγα-

2015 2965 2067 3017 1.
2086 2963 2267 3020 Unum
2281 2971 2365 3018 est
2385 2963 2588 3018 bonum
2608 2972 2985 3032 praaaaternum
3021 2974 3078 3019 et
3103 2964 3523 3034 supersubstan-

258 3056 377 3120 οόν,
412 3057 447 3127 ἡ
490 3055 619 3124 ἁγία
657 3056 1087 3127 τρισυπόστατος
1119 3057 1338 3122 Μονὰς,
1369 3058 1560 3128 Πατὴρ
1591 3059 1685 3111 καὶ
1711 3059 1841 3121 Υἰὸς

1946 3052 2097 3117 tiale,
2158 3060 2345 3107 sancta
2373 3052 2514 3106 trine
2546 3052 2855 3106 subsistens
2892 3054 3104 3118 Unitas,
3142 3054 3322 3118 Pater,
3350 3054 3522 3110 Filius

256 3148 358 3201 καὶ
406 3148 560 3215 ἆγιον
621 3144 848 3216 Πνεῦμα
879 3163 893 3177 ’
947 3146 1114 3217 τριῶν
1166 3145 1409 3217 ἀπείρων
1445 3145 1669 3219 ἄπειρος
1707 3163 1842 3218 συμ-

1945 3149 2003 3193 ει
2041 3140 2285 3209 Spiritus
2315 3150 2571 3205 sanctus;
2602 3141 2769 3194 trium
2801 3141 3141 3196 inﬁnitorum
3184 3143 3399 3198 inﬁnita
3422 3159 3520 3214 pa-

257 3238 419 3308 φυῒα·
452 3238 544 3291 τόν
567 3253 628 3289 τε
665 3235 761 3289 τοῦ
804 3232 964 3304 εἶναι,
1019 3239 1112 3291 καὶ
1159 3236 1297 3301 πῶς,
1328 3238 1422 3292 καὶ
1453 3238 1527 3303 τί,
1564 3239 1658 3290 καὶ
1686 3240 1841 3292 ποῖον

1941 3230 2020 3284 ris
2081 3238 2295 3285 natura:
2334 3231 2653 3301 conjunctio
2692 3248 2705 3284 :
2750 3231 2908 3301 cujus
2964 3233 3125 3297 ratio,
3167 3248 3276 3303 qua
3300 3244 3417 3301 est,
3464 3242 3521 3290 et

257 3330 429 3397 εἶναι,
459 3332 617 3401 λόγον
650 3334 884 3405 πάμπαν
910 3336 1021 3395 τοῖς
1052 3329 1204 3387 οὖσιν
1238 3332 1440 3387 ἄϐατον
1470 3330 1688 3403 ἔχουσα.
1724 3332 1840 3386 Πᾶ-

1941 3322 2244 3391 qnomodo,
2287 3323 2490 3392 quidve
2523 3339 2588 3378 ac
2611 3323 2793 3393 qualis
2839 3334 2944 3391 est,
2972 3325 3252 3381 inaccessa
3296 3342 3520 3397 prorsus

257 3442 363 3478 σαν
397 3426 508 3495 γὰρ
540 3426 826 3495 διαφεύγει
871 3425 1055 3496 νόησιν
1091 3424 1201 3478 τῶν
1230 3424 1514 3493 νοούντων,
1555 3425 1657 3496 τῆς
1698 3426 1841 3480 κατὰ

1941 3414 2111 3468 rebus
2137 3424 2241 3469 est.
2263 3415 2494 3469 Omnem
2507 3415 2655 3470 enim
2680 3417 2947 3471 mentium
2980 3418 3409 3489 intelligentiam
3430 3417 3518 3473 l‘u-

255 3519 425 3586 φύσιν
447 3519 696 3590 οὐδαμῶς
726 3520 959 3591 κρυφίας
980 3518 1261 3591 ὲνδότητος
1282 3518 1519 3587 ἐξιοῦσα,
1547 3520 1642 3572 καὶ
1660 3519 1840 3590 πάσης

1941 3506 2039 3576 git,
2065 3521 2190 3561 cum
2216 3508 2450 3561 naturali
2479 3523 2580 3563 suo
2602 3523 2823 3576 arcano,
2860 3518 2918 3565 et
2952 3511 3033 3582 (ut
3056 3512 3135 3567 sic
3158 3512 3358 3583 dicam)
3387 3512 3521 3566 inti-

254 3612 452 3665 πασῶν
476 3611 729 3681 γνώσεων
754 3611 996 3682 ἀπείρως
1026 3611 1468 3682 ὑπερεκτείνεται
1497 3608 1769 3679 γνώσεως.

1941 3600 2132 3653 mltate
2153 3614 2263 3653 non
2288 3607 2466 3665 exeat,
2508 3614 2838 3671 omnemque
2875 3604 3123 3657 omnium
3159 3603 3517 3659 scientiarum

1942 3692 2231 3746 scientiam
2258 3691 2471 3747 inﬁnite
2504 3693 2921 3761 superexcedat.

332 3788 402 3861 β’.
451 3790 526 3844 Τὸ
563 3789 685 3844 κατ’
739 3790 929 3844 οὐσίαν
972 3792 1176 3860 κυρίως
1228 3786 1289 3841 ὃν
1338 3786 1574 3857 ἀγαθὸν,
1627 3788 1746 3842 ἐστὶ
1782 3787 1842 3843 τὺ

2008 3782 2064 3839 2.
2095 3782 2250 3848 Quod
2291 3797 2421 3837 vere
2461 3784 2767 3839 secundum
2817 3785 3117 3839 essentiam
3163 3786 3371 3840 bonum
3411 3796 3517 3854 est,

256 3884 402 3955 μήτε
428 3883 623 3953 ἀρχὴν,
658 3883 797 3953 μήτε
824 3882 996 3944 τέλος.
1040 3883 1176 3951 μήτε
1212 3879 1387 3935 αἰτίαν
1414 3878 1509 3932 τοῦ
1543 3875 1700 3945 εἶναι,
1738 3881 1843 3952 μή-

1942 3874 2049 3930 hoc
2072 3885 2175 3941 est,
2213 3876 2361 3945 quod
2393 3892 2574 3947 neque
2598 3878 2935 3947 principium
2978 3894 3158 3948 neque
3195 3879 3383 3945 ﬁnem,
3417 3897 3516 3937 ne-

252 3994 316 4029 τε
348 3976 451 4045 τὴν
497 3973 711 4028 οἰανοῦν
750 3972 895 4027 κατὰ
938 3972 999 4026 τὸ
1029 3967 1332 4042 εἶναιπρὸς
1375 3972 1555 4026 αἰτίαν
1602 3972 1724 4025 τινὰ
1752 3973 1841 4026 κίσ-

1942 3986 2049 4041 que
2083 3986 2304 4026 causam
2340 3978 2401 4023 ut
2434 3970 2528 4036 sit,
2578 3986 2681 4025 nec
2722 3986 2855 4026 vero
2904 3971 3112 4037 ullum,
3164 3971 3383 4026 essendi
3428 3987 3518 4027 ra-

252 4087 416 4141 νησιν
445 4068 565 4138 ἔχον
590 4067 689 4138 (a).
715 4067 789 4120 Τὸ
816 4065 873 4119 δὲ
905 4065 978 4136 μὴ
1005 4063 1180 4127 οὕτως
1213 4064 1356 4134 ἔχον,
1389 4064 1509 4117 οὐδὲ
1531 4065 1737 4135 κυρίως
1756 4064 1839 4130 ὃν,

1942 4065 2114 4128 tione,
2169 4063 2238 4118 ad
2294 4078 2512 4119 causam
2557 4062 2716 4133 513
2777 4063 3017 4134 aliquam
3067 4072 3279 4117 motum
3328 4064 3516 4119 habet.

252 4162 331 4224 ὡς
363 4161 539 4231 ἀρχὴν
590 4159 685 4212 καὶ
740 4158 893 4221 τέλος
931 4158 1024 4210 καὶ
1080 4155 1262 4209 αἰτίαν
1289 4153 1383 4207 τοῦ
1430 4148 1592 4219 εἶναι,
1618 4154 1711 4207 καὶ
1738 4154 1839 4225 τὴν

1942 4156 2097 4223 Quod
2132 4165 2315 4210 autem
2345 4170 2457 4209 non
2503 4154 2579 4210 ita
2610 4171 2667 4209 se
2690 4155 2875 4219 habet,
2904 4168 3084 4224 neque
3125 4170 3254 4210 vere
3296 4170 3360 4209 ac
3388 4170 3524 4225 pro-

252 4250 401 4305 κατὰ
428 4250 490 4304 τὸ
529 4245 672 4303 εἶναι
721 4248 860 4320 πρὸς
892 4246 1071 4301 αἰτίαν
1096 4246 1220 4299 τινὰ
1256 4245 1470 4314 κίνησιν
1494 4243 1635 4315 ἔχον.
1676 4244 1750 4297 Τὸ
1778 4244 1839 4297 δὲ

1939 4247 2059 4315 prie
2098 4254 2220 4311 est;
2271 4245 2480 4317 quippe
2514 4245 2663 4316 quod
2694 4245 3028 4315 principium
3056 4253 3113 4299 et
3137 4244 3324 4310 linem,
3369 4246 3521 4316 ejus-

252 4345 465 4417 κυρίως
503 4345 605 4398 οὐκ
648 4343 729 4408 ὃν,
780 4341 885 4396 κᾶν
921 4337 1062 4394 εἶναι
1110 4339 1371 4408 λέγηται,
1430 4338 1575 4391 κατὰ
1621 4336 1840 4407 μέθεξιν

1937 4353 2046 4407 que
2074 4336 2222 4408 quod
2248 4346 2335 4394 est
2361 4352 2505 4403 esse,
2534 4352 2777 4402 causam,
2807 4345 2864 4391 et
2890 4336 2957 4390 ad
2980 4351 3199 4392 causam
3217 4378 3231 4403 ,
3275 4352 3343 4393 eo
3371 4337 3520 4407 quod

252 4440 512 4511 βουλήσει
538 4437 634 4491 τοῦ
667 4435 875 4507 κυρίως
903 4434 1078 4500 ὄντος,
1118 4431 1214 4486 καὶ⁹
1244 4431 1360 4484 ἔστι
1396 4431 1491 4484 καὶ
1524 4430 1763 4498 λέγεται.

1937 4438 2041 4494 est,
2074 4438 2285 4484 motum
2304 4431 2596 4500 quemdam
2621 4429 2806 4484 habet.
2843 4428 3001 4495 Quod
3035 4440 3217 4485 autem
3254 4447 3364 4485 non
3392 4446 3520 4486 vero

248 4549 316 4587 ac
352 4531 579 4602 proprie
624 4539 729 4596 est,
768 4544 1084 4599 quanquam
1118 4541 1239 4582 esse
1264 4524 1500 4580 dicatur.
1566 4539 1668 4593 per
1728 4523 2238 4595 participationem,
2294 4537 2351 4580 et
2416 4532 2502 4580 est
2539 4532 2597 4578 et
2615 4523 2821 4579 dicitur
2860 4538 3015 4589 esse,
3076 4524 3198 4595 ejus
3238 4525 3521 4580 voluntate

248 4624 404 4695 quod
431 4637 564 4678 vere
596 4638 661 4677 ac
688 4620 910 4693 pr0prie
934 4629 1041 4675 est.

319 4726 393 4789 τ.
434 4720 495 4771 Εἰ
522 4717 693 4785 Λόγος
729 4714 1163 4785 προκαθηγεῖται
1212 4712 1309 4784 τῆς
1336 4711 1445 4765 τῶν
1475 4709 1647 4764 ὄντων
1669 4709 1832 4779 γενέ-

2033 4709 2070 4762 5.
2101 4707 2239 4764 Cum
2260 4707 2498 4763 Verbum
2544 4724 2730 4763 rerum
2772 4707 3306 4778 creationipraecat,
3340 4723 3521 4777 neque
3631 4774 3638 4781 _

249 4829 414 4876 σεως,
457 4808 581 4863 οὔτε
625 4804 715 4880 ἦν,
762 4805 888 4861 οὔτε
937 4805 1107 4871 εστιν,
1142 4804 1268 4859 οὔτε
1321 4802 1477 4857 ἔσται
1522 4803 1619 4856 τοῦ
1653 4802 1830 4871 Λόγου

1931 4808 2071 4863 erat,
2096 4814 2279 4868 nequc
2304 4806 2410 4863 est,
2434 4806 2600 4853 autve
2627 4798 2738 4853 erit
2765 4798 2999 4852 verbum
3030 4798 3212 4853 Verbo
3251 4797 3518 4853 anterius.

248 4903 410 4971 λόγος
440 4899 735 4971 ἀνώτερος.
775 4901 947 4966 Λόγος
977 4898 1055 4963 δὲ,
1080 4898 1181 4950 οὐκ
1210 4897 1370 4960 ἄνους
1403 4896 1437 4967 ἦ
1487 4895 1634 4967 ζωῆς
1670 4895 1832 4966 ἄμοιο

1931 4891 2176 4948 Verbum
2197 4901 2381 4945 autem
2407 4897 2512 4953 est,
2561 4904 2673 4943 non
2723 4890 2967 4955 mentis,‘
2991 4899 3088 4945 aut
3120 4890 3245 4943 vita:
3285 4904 3515 4959 expers,

254 5011 351 5065 ρος
370 5010 384 5025 ⁸
415 4993 532 5048 ἀλλ’
564 4991 747 5056 ἔννους
782 4991 878 5044 καὶ
911 4988 1042 5055 ζῶν,
1072 4988 1149 5052 ὡς
1198 4987 1476 5057 γεννῶντα
1511 4986 1657 5041 Νοῦν
1686 4987 1828 5058 ἔχων

1929 4984 2027 5041 sed
2061 4984 2211 5055 quod
2250 4993 2433 5039 mente
2459 4982 2661 5053 polleat
2688 4998 2754 5038 ac
2773 4983 2954 5049 vivat;
2999 4985 3206 5056 quippe
3248 4996 3375 5038 cum
3421 4982 3521 5054 gi-

320 5151 398 5223 (a)
427 5152 584 5220 Πρὸς
606 5150 802 5225 αἰτίαν
825 5149 957 5204 τινὰ
1004 5149 1253 5225 κίγηῂσιν
1272 5150 1436 5225 ἕχονς.
1468 5148 1691 5217 Spectat
1718 5150 1827 5205 hoc

1925 5147 2288 5225 ac_C_atholici
2325 5145 2545 5225 dicant;
2605 5143 2753 5225 quod
2796 5159 2915 5225 .non
2968 5144 3049 5225 sit
3072 5153 3298 5215 prOpter
3323 5142 3509 5225 linem,

245 5214 529 5294 praecipue
558 5214 626 5276 ad
663 5236 884 5294 causam
908 5236 1027 5294 qua;
1062 5214 1185 5273 ﬁnis
1216 5214 1417 5294 estfad
1444 5214 1609 5294 quam
1634 5236 1826 5294 move-
1926 5219 2022 5294 sed
2050 5220 2166 5294 ipse
2196 5233 2333 5294 _cum
2367 5217 2547 5294 Patre,
2576 5214 2874 5294 et_Spi_ritu
2903 5214 3093 5294 sancto
3121 5230 3266 5294 unus
3296 5214 3367 5268 sit
3395 5229 3517 5294 oni-

248 5283 361 5357 tur,
391 5283 538 5364 q'uod
566 5308 635 5347 ex
661 5291 855 5365 illaut
885 5283 1177 5353 efﬁciente,
1203 5283 1312 5343 est.
1346 5283 1629 5365 Necibcne
1661 5289 1829 5345 Picus
1927 5283 2087 5365 niani
2116 5286 2262 5365 finis,
2300 5284 2449 5365 quod
2496 5300 2604 5365 una
2643 5283 2898 5365 bonitas,
2946 5286 3110 5365 uti__et
3134 5293 3341 5365 natura
3376 5300 3389 5336 :
3428 5283 3515 5365 id-

248 5354 542 5433 expréssit,
589 5361 671 5418 Ad
702 5361 895 5433 ullam;
923 5376 1136 5433 prorsus
1159 5376 1378 5414 causam
1402 5362 1670 5433 refertur;
1703 5375 1830 5413 cum
1930 5361 2080 5433 circo
2110 5359 2293 5433 dictus
2316 5354 2479 5433 Grcg.
2507 5354 2786 5423 Theologo
2814 5361 2978 5422 atque
2994 5354 3264 5433 “Maximo,
3292 5361 3518 5433 propter

248 5423 446 5489 referri
468 5423 541 5490 ad
564 5447 785 5503 causam
825 5423 991 5503 etiam
1039 5430 1277 5503 dicatur,
1314 5423 1472 5503 quod
1494 5429 1562 5482 ad
1605 5444 1725 5503 eam
1770 5438 1833 5503 ut
1932 5445 2013 5494 se,
2058 5423 2572 5503 amictae-pullam
2610 5438 2832 5503 causam
2857 5433 2949 5475 aut
2979 5423 3141 5492 ﬁnem
3168 5424 3381 5487 habens,
3422 5423 3517 5503 qui

244 5514 528 5560 auctorem
546 5502 742 5574 quovis
760 5501 925 5556 modo
943 5516 1098 5574 suam
1118 5500 1283 5574 refert
1307 5494 1593 5574 originem,
1612 5500 1828 5574 etiamsi
1857 5544 1898 5574 ,η
1931 5508 2163 5574 propter
2195 5512 2316 5574 nos,
2346 5498 2411 5549 δι’
2436 5494 2656 5574 αἰτίανλ
2681 5500 2894 5574 propter
2914 5504 3390 5574 causam_est,_qua
3415 5494 3520 5572 sci-

246 5544 919 5645 Ξΐὲἴιὶἰῗιὶἓιῖἶηονομῖυτ
995 5580 1056 5645 ut
1075 5572 1147 5645 in
1167 5544 1593 5645 divini_s,°Fi_lius
1623 5569 1690 5645 ad
1722 5570 1827 5645 Pa-
1857 5544 1900 5601 δ
1932 5544 2067 5645 licet
2089 5569 2253 5645 homo
2275 5544 2455 5621 factus
2480 5572 2587 5645 est.
2616 5544 2945 5645 pastiéatius
2972 5578 3102 5645 ergo
3129 5565 3185 5618 in
3217 5544 3514 5645 .theOlogia

247 5655 391 5699 trem
423 5654 484 5700 ut
512 5631 960 5714 alrlavrefertur
987 5638 1315 5714 (uti_Graacis
1336 5631 1487 5709 laqui
1509 5640 1677 5714 moris
1695 5639 1824 5708 est),
1934 5632 2567 5714 loquendum,_ne_quid
2614 5631 2741 5686 inde
2774 5631 2976 5714 nedum
3007 5631 3386 5714 obscuritatis,
3419 5631 3515 5712 sed

247 5730 359 5770 non
389 5724 574 5771 tamen
594 5712 663 5769 ad
699 5712 880 5781 ipsum
910 5703 1118 5767 moveri
1148 5703 1488 5781 seumottim
1516 5709 1741 5781 habere,
1768 5703 1829 5763 ut
1934 5703 2238 5781 ct'erroris
2288 5704 2667 5781 theologorum
2690 5703 3118 5781 ‘castigatissimo
3162 5703 3421 5771 Maximo,
3456 5703 3514 5757 in

240 5786 387 5858 ,πρὸς
430 5786 611 5843 αἰτίαν
657 5772 939 5857 (ta-nquam
966 5781 1162 5838 scilicet
1202 5779 1271 5834 ad
1297 5778 1480 5851 ﬁnem)
1509 5779 1605 5835 ulli
1632 5772 1827 5836 eorum
1934 5780 2051 5838 suis
2084 5780 2152 5837 dc
2179 5775 2453 5849 theologia
2482 5772 2724 5830 accedat.
