4064 6432
292 364 424 431 1181

989 346 1324 429 CAPITUM
1362 368 1785 441 QUINQUIES
1819 368 1881 429 c1

1983 369 2336 433 I‘ENORUM
2373 376 2760 443 CENTURIA
2799 383 2847 442 Ι.

3400 381 3535 448 1182

285 484 377 546 τὸς
395 478 507 535 οἶδε
538 480 769 553 τρόπον’
814 481 959 536 οὑτω
989 486 1085 537 καὶ
1124 484 1295 537 θέλων
1326 485 1602 554 ὑπέστησε
1643 485 1712 537 τὰ
1742 501 1872 553 μετ-

1983 495 2191 540 maneat
2215 488 2636 559 inexplicabilis.
2673 494 3151 562 Quemadmodum
3179 497 3352 568 igitur
3369 497 3537 563 DeUs,

287 578 504 648 ἔχοντα,
541 573 661 628 καθ’
687 574 747 627 ὃν
775 576 938 638 αὑτὸς
969 575 1259 628 ἐπίσταται
1298 576 1477 644 λόγον,
1502 576 1571 628 δι’
1593 576 1865 647 ὑπερϐάλ-

285 668 487 722 λουσαν
524 666 861 737 ἀγαθότητος
901 666 1150 738 δύναμιν.
1184 667 1393 720 Οὐκοῦν
1437 668 1499 722 τὸ
1528 668 1745 738 θελήσει
1771 667 1865 721 τοῦ

289 759 657 830 πεποιηκότος
699 760 1016 829 γενόμενον,
1064 760 1164 813 οὑκ
1198 760 1264 813 ἂν
1294 761 1383 830 εἴη
1408 761 1538 813 ποτε
1581 760 1867 831 θελήσαντι

286 850 420 904 αὑτὸ
452 850 729 919 γενέσθαι,
764 851 1055 905 ωναῖδιον.

359 1035 433 1099 η’.
486 1030 547 1081 Ὀ
582 1026 675 1081 τοῦ
710 1025 846 1080 Θεοῦ
890 1025 1063 1094 Λόγος
1096 1025 1317 1096 ἐφάπαξ
1365 1026 1511 1081 κατὰ
1540 1026 1719 1097 σάρκα
1742 1043 1869 1096 γεν.

289 1121 499 1190 νηθεὶς,
527 1120 615 1173 dei.
643 1120 899 1187 γεννᾶται
932 1117 1100 1170 θέλων
1129 1117 1273 1171 κατὰ
1306 1119 1525 1188 πνεῦμα
1558 1118 1647 1172 διὰ
1680 1118 1872 1186 φιλαν-

291 1211 541 1283 θρωπίαν
583 1213 698 1273 τοῖς
750 1210 999 1263 θέλουσι·
1038 1210 1134 1263 καὶ
1177 1210 1387 1279 γίνεται
1421 1209 1641 1280 βρέφος,
1676 1207 1872 1262 ἑαυτὸν

290 1304 348 1356 ὲν
381 1301 612 1363 ἐκείνοις
662 1300 1008 1354 διαπλάττων
1048 1301 1172 1362 ταῖς
1198 1300 1452 1371 ἀρεταῖς’
1485 1302 1580 1353 καὶ
1615 1297 1871 1352 τοσοῦτον

290 1392 639 1460 φαινόμενος,
683 1390 807 1443 ὅσον
840 1392 1040 1460 χωρεῖν
1086 1388 1375 1441 ἐπίσταται
1416 1388 1508 1441 τὸν
1547 1388 1866 1458 δεχόμενον·

288 1484 351 1535 οὑ
384 1481 565 1553 φθόνῳ
601 1479 920 1552 σμικρύνων
952 1479 1049 1534 τοῦ
1096 1479 1300 1533 οἰκείου
1353 1479 1616 1551 μεγέθους
1653 1480 1751 1551 τὴν
1777 1479 1872 1532 ἐκ·

290 1592 510 1643 φανσιν,
542 1573 682 1628 ἀλλὰ
717 1574 903 1645 μέτρῳ
930 1573 1246 1645 σταθμίζων
1274 1573 1383 1627 τῶν
1406 1576 1538 1645 όρᾷν
1565 1572 1874 1626 ποθούντων

289 1665 392 1737 τὴν
425 1664 676 1735 δύναμιν.
721 1663 910 1728 Οὕτως
954 1665 1043 1717 ἀεὶ
1092 1667 1185 1719 καὶ
1216 1665 1539 1735 φαινόμενος
1558 1667 1586 1718 6
1611 1664 1706 1717 τοῦ
1735 1663 1871 1717 Θεοῦ

289 1758 467 1827 Λόγος
489 1759 602 1821 τοῖς
632 1756 859 1828 τρόποις
887 1755 995 1809 τῶν
1030 1756 1294 1827 μετόχων,
1325 1757 1411 1810 ἀεὶ
1442 1756 1687 1826 διαμένει
1729 1755 1872 1809 κατὰ

288 1854 393 1921 τὴν
427 1851 735 1923 ὑπερϐολὴν
764 1850 859 1904 τοῦ
899 1850 1225 1920 μυστηρίου,
1256 1852 1371 1913 τοῖς
1414 1851 1584 1902 πᾶσιν
1619 1847 1870 1909 ἀθέατος.
1904 1828 1947 1882 Β

292 1944 462 1998 Ὀθεν
490 1943 667 2013 σοφῶς
701 1944 797 1997 τοῦ
833 1943 1139 2014 μυστηρίου
1173 1942 1274 2014 τὴν
1312 1942 1542 2012 δύναμιν
1569 1940 1873 2007 διασκοπή-

293 2054 397 2100 σας
425 2038 454 2090 6
488 2036 631 2099 θεῖος
674 2034 1019 2100 Ἀπόστολος,
1074 2035 1275 2105 φησίν·
1321 2032 1556 2102 Ἰησοῦς
1595 2030 1870 2100 Χριστὸς,

291 2129 439 2197 χθὲς
468 2129 565 2181 καὶ
594 2128 882 2198 σήμερον,
911 2131 944 2182 ό
984 2129 1167 2193 αὐτὸς
1198 2128 1297 2181 καὶ
1329 2130 1414 2191 εις
1442 2125 1583 2191 τοὺς
1617 2125 1870 2190 αἰῶνας·

290 2220 451 2284 εἰδὼς
475 2221 564 2274 ἀεὶ
587 2222 770 2273 καινὸν
798 2220 856 2273 τὸ
884 2220 1205 2290 μυστήριον,
1236 2220 1328 2273 καὶ
1353 2217 1621 2293 μηδέποτε
1649 2215 1875 2288 περιλή-

289 2312 387 2382 ψει
416 2313 536 2376 νοὸς
556 2311 979 2381 παλαιούμενον.

367 2407 436 2461 θ¹.
481 2408 750 2459 Γεννᾶται
797 2406 1036 2477 Χριστὸς
1082 2407 1109 2458 ὁ
1144 2403 1299 2467 Θεὸς,
1330 2402 1637 2475 προσλήψει
1673 2401 1874 2473 σαρκὸς

290 2498 473 2569 ψυχὴν
492 2497 735 2569 Δἐχούσης
772 2496 964 2566 νοερὰν
996 2493 1284 2564 γενόμενος
1302 2492 1397 2547 ἄνθ
1408 2510 1587 2562 ρωπος
1603 2510 1616 2522 ο
1640 2492 1669 2543 6
1694 2507 1875 2561 παρα-

295 2591 562 2661 σχόμενος
609 2593 724 2652 τοίς
764 2585 918 2641 οὖσιν
966 2589 1031 2639 ὲκ
1090 2586 1167 2656 μὴ
1198 2585 1368 2638 ὄντων
1401 2584 1500 2656 τὴν
1536 2585 1780 2654 γένεσιν
1814 2582 1875 2636 ὃν

294 2681 575 2752 Παρθένιος
605 2679 900 2751 ὑπερφυῶς
942 2678 1199 2741 τεκοῦσα,
1233 2677 1542 2747 παρέλυσεν
1576 2676 1730 2728 οὐδὲν
1775 2677 1876 2745 τῆς

292 2774 595 2845 παρθενίας
622 2775 947 2845 τεκμήριον.
990 2773 1076 2835 Ὠς
1098 2772 1206 2842 γὰρ
1228 2772 1389 2834 αὑτὸς
1418 2770 1704 2839 ἄνθρωπος
1724 2768 1877 2836 γέγο-

295 2884 409 2931 νεν,
445 2868 548 2919 οὑκ
596 2865 899 2926 ἀλλοιώσας
946 2865 1045 2936 τὴν
1090 2864 1275 2933 φύσιν,
1333 2863 1442 2916 οὐδ’
1483 2862 1727 2932 ἀμείψας
1775 2859 1875 2930 τὴν

297 2960 528 3029 δύναμιν
548 2976 561 2987 ·
587 2957 731 3012 οὑτω
772 2959 873 3028 τὴν
916 2955 1180 3009 τεκοῦσαν
1209 2955 1302 3009 καὶ
1329 2955 1543 3026 μητέρα
1582 2956 1748 3016 ποιεῖ,
1780 2952 1876 3005 καὶ

300 3051 570 3123 παρθένον
600 3051 869 3122 διατηρεῖ,
907 3048 1146 3119 θαύματι
1169 3047 1355 3119 θαῦμα
1380 3049 1521 3101 κατὰ
1543 3047 1705 3099 ταυτὸ
1734 3047 1877 3117 διερ-

302 3142 556 3213 μηνεύων
580 3140 716 3211 ἅμα,
745 3142 839 3194 καὶ
866 3139 1078 3211 θατέρῳ
1102 3138 1362 3209 κρύπτων
1390 3139 1451 3191 τὸ
1473 3140 1675 3209 ἓτερον.
1695 3139 1876 3191 Ἐπει-

298 3234 367 3305 δὴ
406 3233 473 3287 δι’
512 3234 703 3287 ἑαυτὸν
742 3235 770 3286 ό
802 3232 935 3293 Θεὸς
986 3234 1073 3284 ἀεὶ
1120 3232 1241 3284 κατ’
1288 3231 1475 3283 οὐσίαν
1506 3232 1741 3301 ὑπάρχει
1776 3248 1880 3300 μυ-

301 3327 545 3398 στήριον,
580 3326 833 3380 τοσοῦτον
864 3325 1056 3378 ἑαυτὸν
1089 3324 1304 3393 ἐξάγων
1343 3324 1442 3393 τῆς
1477 3324 1711 3393 φυσικῆς
1744 3340 1880 3392 κρυ-

301 3419 581 3488 φιότητος,
635 3418 762 3471 ὅσον
804 3418 1008 3486 ταύτην
1068 3416 1231 3470 πλέον
1277 3416 1365 3469 διὰ
1418 3415 1518 3485 τῆς
1565 3416 1882 3484 ἐκφὰνσεως

302 3511 693 3581 κρυφιωτέραν
743 3509 1083 3582 ἐργάζεσθαι
1104 3526 1117 3538 ·
1152 3508 1247 3561 καὶ
1280 3506 1533 3560 τοσοῦτον
1583 3507 1745 3559 πάλιν
1776 3523 1882 3576 μη-

302 3604 440 3675 τέρα
487 3604 585 3673 τὴν
624 3602 888 3655 τεκοῦσαν
928 3602 1195 3673 παρθένον
1231 3598 1577 3668 ποιούμενος,
1608 3599 1732 3651 ὅσον
1784 3599 1883 3667 τὴν

304 3695 503 3767 κύησιν
536 3694 731 3749 ἄλυτον
763 3695 861 3764 τῆς
903 3693 1199 3764 παρθενίας
1227 3692 1428 3763 δεσμὸν
1469 3688 1883 3763 ἀπεργάζεσθαι

308 3784 468 3858 [unus
497 3786 622 3857 Reg.
650 3783 1097 3857 ἀπεργάσασθαι]

381 3971 434 4017 ι’.
476 3963 545 4034 (e)
581 3960 1050 4032 Καινοτομοῦνται
1081 3960 1291 4030 φύσεις,
1325 3964 1420 4012 καὶ
1439 3958 1570 4021 Θεὸς
1600 3958 1885 4028 ἄνθρωπος

308 4057 555 4125 γίνεται·
584 4057 644 4109 ού
681 4057 841 4126 μόνον
872 4056 907 4126 ἡ
938 4054 1059 4107 θεία
1081 4054 1176 4107 καὶ
1209 4052 1448 4123 σταθερὰ
1477 4052 1574 4104 καὶ
1603 4049 1883 4120 ἀκίνητος,

309 4150 606 4220 κινουμένη
657 4148 792 4218 πρὸς
840 4146 940 4216 τὴν
986 4144 1311 4214 κινουμένην
1368 4142 1459 4195 καὶ
1506 4141 1761 4204 ἄστατον,
1798 4141 1888 4193 ἴνα

310 4242 488 4311 στήσῃ
517 4240 611 4292 τοῦ
644 4236 909 4309 φέρεσθαι
934 4252 945 4264 ·
975 4235 1097 4288 οὑδὲ
1132 4235 1292 4305 μόνον
1326 4235 1360 4303 ἡ
1402 4231 1716 4304 ἀνθρωπίνη
1765 4232 1888 4302 δίχα

310 4334 522 4403 σπορᾶς
558 4332 697 4401 ὑπὲρ
738 4329 899 4400 φύσιν
939 4325 1262 4397 γεωργοῦσα
1303 4325 1484 4395 σάρκα
1518 4323 1594 4393 τῷ
1618 4326 1775 4394 Λόγῳ
1801 4341 1889 4376 τε-

309 4423 771 4494 λεσφορουμένην,
823 4421 910 4473 ἵνα
950 4421 1048 4489 στῇ
1098 4418 1193 4471 τοῦ
1249 4417 1546 4488 φέρεσθαι·
1596 4416 1731 4470 ἀλλὰ
1793 4416 1888 4469 καὶ

1905 3180 1948 3239 C

1967 575 2112 643 quod
2135 577 2285 642 velit,
2313 577 2693 651 participatur,
2718 604 2826 656 qua
2852 588 2969 657 ipse
3002 588 3211 642 ratione
3238 588 3392 642 novit
3426 606 3438 641 :
3461 590 3544 645 sic

1967 676 2022 721 et
2044 683 2107 721 ea
2128 685 2250 737 quae
2273 672 2623 743 participant,
2656 679 2947 733 excellenti
2984 679 3247 734 bonitatis
3273 681 3541 749 potentia,

1969 774 2074 827 qua
2114 761 2267 816 novit
2312 763 2541 832 ratione,
2571 770 2851 826 voluntate
2895 772 3162 827 condidit.
3198 772 3368 843 Igitur
3396 773 3541 843 quod

1970 850 2206 904 creantis
2232 853 2510 909 voluntate
2552 856 2755 913 factum
2790 868 2895 925 est,
2928 876 3211 932 nunquam
3259 860 3333 928 ei,
3362 862 3456 931 qui
3483 870 3546 917 ut

1971 939 2126 995 ﬁeret
2154 943 2348 1009 voluit,
2372 956 2703 1002 eoaeternum
2724 952 3021 1006 exstiterit.

2041 1036 2093 1090 8.
2142 1038 2239 1092 Dei
2286 1038 2549 1105 Verbum,
2595 1059 2761 1098 carne
2802 1046 2972 1100 semel
3028 1056 3215 1100 natum
3250 1045 3395 1116 (quae
3425 1045 3548 1117 ejus

1969 1141 2238 1197 propensa
2286 1130 2596 1201 benignitas
2626 1150 2691 1189 ac
2725 1135 3038 1191 humanitas
3064 1137 3167 1207 est)
3198 1137 3284 1191 his
3326 1137 3421 1205 qui
3456 1153 3551 1191 ve-

1970 1218 2093 1285 lint,
2125 1236 2342 1291 semper
2365 1222 2556 1277 volens
2591 1225 2789 1293 spiritu
2822 1227 3104 1292 nascitur;
3134 1228 3303 1297 ﬁtque
3346 1228 3546 1291 infans,

1971 1323 2029 1362 se
2058 1308 2111 1362 in
2139 1309 2248 1364 illis
2276 1311 2575 1365 virtutibus
2604 1312 2942 1379 informans;
2975 1330 3039 1368 ac
3071 1330 3181 1384 quo
3206 1315 3431 1369 modulo
3456 1330 3551 1369 ca-

1970 1416 2101 1470 pere
2129 1402 2283 1455 novit
2316 1403 2731 1473 suscipientem,
2764 1405 3005 1475 seipsum
3031 1406 3366 1471 manifestat,
3399 1407 3549 1460 nulla

1970 1491 2163 1547 livoris
2191 1493 2314 1549 labe
2348 1510 2413 1550 ac
2459 1496 2687 1561 invidia,
2721 1512 2837 1552 sua:
2872 1498 3267 1569 magnitudinis
3295 1500 3552 1569 amplitu-

1973 1582 2158 1639 dinem
2188 1586 2464 1652 minuens,
2504 1587 2601 1643 sed
2634 1589 2791 1659 quasi
2820 1605 3076 1644 mensura
3128 1606 3191 1644 ae
3246 1591 3408 1644 modo
3459 1605 3554 1644 cu-

1972 1677 2245 1746 pientium
2280 1679 2470 1734 videre
2509 1681 2827 1735 facultatem
2862 1683 3178 1752 explorans,
3225 1696 3552 1752 semperque

1974 1783 2087 1836 prae
2116 1770 2361 1839 mysterii
2377 1772 2721 1837 excellentia,
2755 1773 2970 1827 cunctis
2992 1772 3402 1843 inaspectahilis
3430 1787 3555 1842 per—
3584 1818 3599 1837 ,

1980 1862 2107 1916 inde
2165 1878 2549 1932 perseverans.
2580 1862 2948 1929 Quamobrem
2995 1864 3215 1918 divinus
3256 1864 3554 1933 Apostolus

1979 1955 2225 2026 mysterii
2250 1955 2359 2011 vim
2382 1957 2657 2027 sapienter
2686 1957 3046 2011 considerans
3071 1974 3085 2009 :
3111 1956 3262 2009 Iesus
3294 1955 3552 2019 Christus,

1980 2047 2179 2116 inquit,
2214 2048 2326 2101 heri
2346 2057 2394 2100 et
2423 2048 2607 2112 hodie;
2636 2049 2745 2118 ipse
2783 2057 2831 2101 et
2860 2049 2916 2101 in
2941 2048 3138 2102 swcula
3165 2050 3179 2079 ¹
3218 2065 3232 2111 ;
3266 2047 3342 2100 ita
3391 2045 3554 2100 nilni-

1980 2152 2125 2200 rum,
2155 2121 2473 2208 mysterium
2526 2154 2745 2206 semper
2796 2154 2999 2193 novum
3058 2139 3393 2209 intelligens,
3424 2136 3552 2189 nul-

1978 2228 2139 2298 laque
2206 2246 2444 2300 unquam
2506 2231 2707 2284 mentis
2746 2231 3239 2301 comprehensione
3288 2244 3557 2284 consene»

1980 2333 2160 2373 scens.

2050 2410 2102 2465 9.
2142 2411 2397 2466 Nascitur
2446 2410 2699 2466 Christus
2740 2412 2905 2475 Deus,
2952 2411 3327 2481 assumptione
3374 2410 3557 2464 carnis

1980 2502 2159 2557 anima
2187 2503 2527 2573 intelligente
2561 2504 2832 2573 przeditaa,
2889 2502 3068 2557 factus
3093 2503 3291 2565 homo;
3320 2502 3413 2571 qui
3442 2502 3555 2570 ipse

1982 2594 2151 2647 rebus
2203 2604 2592 2656 concesserat,
2652 2600 2715 2647 ut
2756 2609 2823 2647 ex
2884 2593 3059 2647 nihilo
3135 2592 3552 2661 procederent:

1980 2699 2143 2754 quem
2190 2685 2355 2753 Virgo
2410 2684 2595 2738 altiori
2645 2700 2810 2754 supra
2854 2693 3104 2738 naturam
3152 2683 3317 2737 modo
3355 2682 3554 2745 enixa,

1981 2777 2193 2829 nullum
2224 2775 2561 2846 virginitatis
2599 2776 2765 2829 solvit
2795 2776 3158 2846 signaculum.
3186 2774 3554 2839 Quemadmo-

1981 2864 2111 2918 dum
2132 2866 2279 2919 enim
2310 2864 2487 2919 [actus
2523 2874 2607 2919 est
2641 2866 2826 2929 homo,
2856 2865 2992 2918 nihil
3029 2865 3084 2918 in
3132 2864 3412 2919 diversum
3456 2864 3558 2917 im-

1980 2963 2188 3008 mutata
2246 2964 2460 3019 natura,
2485 2957 2572 3009 vel
2620 2964 2953 3010 commutata
2990 2956 3269 3025 potentia;
3297 2956 3377 3009 sic
3416 2970 3555 3025 quo-

1983 3062 2090 3115 que
2134 3062 2485 3116 puerperam,
2512 3056 2569 3101 et
2611 3056 2845 3101 matrem
2896 3047 3044 3111 facit,
3079 3056 3136 3101 et
3177 3056 3360 3102 servat
3390 3047 3558 3117 virgi-

1984 3153 2132 3201 nem,
2177 3138 2234 3191 in
2275 3138 2467 3192 eodem
2490 3138 2785 3207 simulque,
2814 3138 3141 3193 miraculum
3168 3140 3435 3193 miraculo
3464 3154 3558 3192 ex-

1985 3246 2226 3301 ponens,
2278 3229 2623 3298 alterumque
2671 3229 2846 3283 altero
2880 3230 3184 3283 occultans.
3228 3230 3373 3283 Deus
3406 3228 3555 3283 enim

1986 3323 2071 3378 sui
2102 3323 2217 3393 ipse
2255 3322 2466 3375 ratione
2512 3321 2919 3385 essentialiter,
2973 3337 3190 3391 semper
3234 3321 3558 3391 mysterium

1986 3424 2100 3479 est;
2136 3422 2348 3468 tantum
2397 3413 2663 3467 naturalis
2706 3412 2878 3466 abditi
2910 3413 2997 3467 sui
3034 3412 3261 3467 latebris
3311 3413 3556 3481 seipsum

1986 3506 2386 3575 exproducens,
2415 3512 2681 3573 quantum
2717 3504 2947 3558 suﬂiciat
2977 3482 3208 3558 ut'illud
3244 3505 3420 3574 ipsum
3453 3520 3560 3574 qua

1988 3598 2330 3667 explanatur,
2374 3597 2547 3667 magis
2576 3596 2822 3650 abditum
2849 3612 2912 3650 ac
2959 3596 3236 3650 occultum
3274 3596 3402 3661 ﬁat;
3442 3606 3561 3650 tan-

1990 3700 2217 3759 tumque
2243 3704 2441 3742 rursus
2489 3703 2818 3757 puerperam
2849 3698 3078 3741 matrem
3106 3687 3379 3757 virginem
3429 3704 3560 3757 pra:-

1989 3792 2161 3845 stans,
2202 3790 2468 3850 quantum
2516 3796 2739 3834 necesse
2774 3779 2873 3845 sit,
2910 3789 2970 3834 ut
3018 3789 3227 3850 partus,
3264 3780 3559 3835 insolubile

1990 3872 2324 3943 virginitatis
2340 3870 2621 3925 vinculum
2654 3870 2900 3924 exsistat.

2063 3964 2151 4017 10.
2194 3963 2529 4016 lnnovantur
2556 3969 2768 4016 naturw
2792 3979 2806 4027 ;
2852 3962 3107 4030 Deusque
3134 3962 3301 4016 homo
3330 3962 3409 4015 fit.
3439 3962 3561 4016 Non

1992 4055 2169 4110 solum
2187 4052 2370 4107 divina
2395 4052 2718 4121 stabilisque
2754 4067 2818 4105 ac
2841 4051 3163 4116 immobilis,
3197 4052 3263 4107 ad
3291 4068 3411 4107 eam
3441 4067 3562 4105 nio-

1991 4155 2170 4209 vetur,
2206 4160 2328 4214 qua:
2355 4142 2590 4198 obnoxia
2615 4143 2786 4197 motui
2818 4159 2881 4196 ae
2919 4144 3194 4197 instabilis
3222 4153 3324 4208 est,
3362 4153 3561 4199 uteam

1992 4253 2022 4291 a
2048 4246 2199 4291 motu
2228 4235 2418 4300 sistat;
2455 4249 2555 4288 nec
2579 4233 2757 4288 solum
2792 4234 3033 4289 humana
3061 4236 3198 4289 citra
3233 4252 3450 4289 omnem
3480 4252 3566 4291 se-

1994 4336 2233 4383 mentem
2265 4342 2429 4395 supra
2461 4334 2732 4388 naturam,
2753 4340 2973 4377 carnem
3014 4325 3203 4397 514·
3236 4326 3412 4381 Verbo
3444 4342 3565 4395 per—

1995 4422 2191 4475 fectam
2229 4417 2592 4488 exproducit,
2637 4428 2697 4471 ut
2745 4416 2860 4485 ipsa
2904 4425 3059 4469 motu
3090 4417 3219 4470 ferri
3270 4432 3334 4470 ac
3370 4418 3563 4487 jactari

309 4516 486 4587 ἀστὴρ
515 4516 574 4582 ὲξ
603 4513 880 4568 ἀνατολῶν
911 4510 1194 4582 ὲνηὴμέρα
1231 4508 1577 4578 φαινόμενος,
1630 4509 1725 4561 καὶ
1762 4506 1881 4569 τοὺς

1995 4513 2210 4569 desinat
2239 4529 2251 4564 :
2285 4509 2380 4564 sed
2404 4518 2457 4563 et
2483 4508 2639 4563 stella
2662 4509 2731 4562 ab
2754 4506 2978 4562 Oriente
3008 4509 3248 4563 interdiu
3270 4509 3565 4578 conspicua

313 4609 524 4679 μάγους
559 4605 769 4677 ὁδηγῶν
818 4606 900 4665 εἰς
945 4603 1035 4656 τὸν
1086 4603 1253 4655 τόπον
1288 4601 1387 4671 τῆς
1416 4599 1511 4654 τοῦ
1545 4599 1721 4667 Λόγου
1756 4615 1889 4669 σαρι-

310 4703 560 4767 κώσεως,
593 4700 680 4753 ἴνα
723 4698 874 4769 δείξῃ
907 4695 1185 4768 μυστικῶς
1217 4693 1455 4747 νικῶντα
1486 4692 1583 4763 τὴν
1614 4691 1892 4759 αἴσθησιν,

310 4796 405 4847 τὸν
427 4796 486 4849 ἐν
512 4794 660 4863 νόμῳ
691 4793 787 4845 καὶ
821 4795 1129 4863 προφήταις
1154 4787 1333 4855 λόγον,
1365 4785 1460 4839 καὶ
1502 4783 1802 4855 ὁδηγοῦντα
1826 4780 1898 4835 τὰ

313 4885 443 4954 ἔθνη
476 4884 613 4955 πρὸς
656 4883 717 4936 τὸ
755 4882 1014 4952 μέγιστον
1050 4878 1165 4948 φῶς
1207 4879 1309 4947 τῆς
1342 4873 1719 4943 ἐπιγνώσεως.
1753 4872 1896 4942 Πρὸς

313 4976 424 5046 γὰρ
471 4976 768 5042 ἐπίγνωσιν
818 4973 912 5026 τοῦ
968 4970 1350 5041 σαρκωθέντος
1400 4967 1578 5035 Λόγου
1642 4964 1827 5032 σαφῶς
1865 4965 1893 5015 6

314 5069 536 5137 νομικός
572 5083 632 5120 τε
671 5065 767 5118 καὶ
816 5063 1157 5135 προφητικὸς
1210 5061 1390 5129 λόγος,
1427 5057 1676 5127 καθάπερ
1719 5054 1893 5126 ἀστὴρ

316 5159 558 5222 εὐσεϐῶς
592 5157 1048 5227 κατανοούμενος,
1081 5156 1269 5225 ὁδηγεῖ
1302 5155 1429 5215 τοὺς
1477 5150 1617 5204 κατὰ
1640 5147 1895 5229 πρόθεσιν

316 5254 385 5321 τῇ
414 5252 640 5321 δυνάμει
674 5249 1051 5319 κεκλημένους
1082 5250 1177 5317 τῆς
1212 5246 1457 5317 χάριτος.

395 5351 483 5397 ια’.
538 5342 757 5413 Ἐπειδὴ
791 5342 961 5395 θέλων
1010 5339 1143 5408 ἐγὼ,
1187 5339 1286 5408 τὴν
1324 5337 1475 5389 θείαν
1509 5334 1728 5404 ἐντολὴν
1754 5349 1903 5403 παρ-

321 5437 455 5506 έϐην
486 5439 515 5489 6
537 5438 844 5508 ἄνθρωπος,
891 5435 987 5487 καὶ
1022 5432 1084 5486 τὸ
1126 5430 1354 5502 στερρόν
1393 5446 1492 5498 μου
1525 5427 1626 5496 τῆς
1659 5426 1895 5495 φύσεως,

323 5530 575 5600 θεότητος
618 5529 794 5582 ἐλπίδι
834 5527 1096 5588 δελεάσας
1126 5524 1260 5594 πρὸς
1296 5521 1491 5592 ἡδονὴν
1536 5520 1839 5588 κατέσυρεν
1871 5519 1899 5570 6

396 5665 414 5693 ‘
464 5663 629 5718 Hebr.
669 5680 779 5727 χιιι,
816 5663 866 5717 8.
946 5664 966 5693 ¹
1002 5658 1191 5714 Matth.
1220 5673 1276 5722 ιι,
1310 5658 1333 5710 l
1364 5670 1515 5724 seqq.

401 5777 471 5848 (ε’)
497 5778 578 5832 Cf.
607 5778 769 5849 Greg.
800 5778 928 5833 Nam.
965 5779 1015 5831 in
1048 5778 1180 5831 diem
1215 5771 1405 5829 Christi
1440 5768 1693 5824 natalem.

1991 4606 2192 4668 micat,
2243 4602 2535 4671 Magosque
2566 4600 2720 4654 ducit
2745 4614 2854 4668 quo
2880 4601 3002 4653 loco
3028 4600 3296 4664 Verbum,
3351 4615 3565 4654 assum-

1992 4707 2083 4767 pta
2109 4694 2501 4764 carnejacet‘;
2536 4707 2646 4761 quo
2672 4690 2900 4761 mystice
2927 4707 3089 4747 sensu
3134 4692 3479 4760 superiorem
3510 4693 3564 4745 in

1991 4789 2112 4857 lege
2160 4800 2224 4839 ac
2268 4783 2555 4853 prophetis
2582 4790 2891 4837 exstantem
2936 4782 3193 4837 ostendat
3223 4798 3564 4845 sermonem,

1993 4885 2295 4949 gentesque
2325 4874 2393 4928 ad
2439 4874 2738 4927 maximum
2773 4873 3070 4943 agnitionis
3110 4874 3295 4926 lumen
3330 4872 3568 4942 dirigen-

1997 4979 2129 5023 tem.
2157 4968 2323 5021 Plane
2356 4966 2503 5020 enim
2530 4965 2665 5035 legis
2694 4980 2876 5018 sermo
2909 4980 2972 5019 ac
3004 4965 3381 5034 propheticus,
3401 4965 3569 5018 stellae

2000 5063 2196 5126 instar,
2226 5060 2315 5130 pie
2362 5058 2697 5121 intellectus,
2730 5071 2827 5110 eos
2854 5056 2947 5125 qui
2977 5056 3165 5124 gratia:
3192 5055 3243 5109 vi
3266 5054 3568 5109 secundum

2003 5150 2345 5222 propositum
2388 5147 2567 5202 vocati
2617 5157 2779 5210 sunt,
2822 5144 2890 5198 ad
2935 5144 3178 5199 Verbum
3224 5144 3567 5198 incarnatum

2003 5238 2410 5312 agnoscendum
2439 5237 2668 5300 adducit
2687 5236 2728 5287 ³.

2080 5332 2164 5385 ll.
2196 5329 2353 5396 Quod
2382 5344 2483 5399 ego
2514 5328 2681 5381 homo
2727 5325 2979 5379 divinum
3026 5322 3343 5378 mandatum
3377 5336 3568 5394 sponte

2004 5433 2379 5493 transgressus
2408 5436 2581 5483 eram,
2615 5432 2860 5487 meaeque
2883 5425 3097 5470 natura:
3141 5416 3475 5472 soliditatem
3515 5424 3564 5470 et

2007 5516 2178 5570 robur
2221 5531 2315 5569 seu
2377 5511 2764 5569 constantiam.
2809 5508 3064 5565 diabolus
3124 5508 3434 5567 divinitatis
3474 5522 3569 5577 spe

1595 5653 1616 5683 ³
1647 5652 1804 5705 Rom.
1836 5666 1950 5716 \‘lll,
1981 5651 2068 5705 28.
