4064 6474
483 469 485 472 ρ
535 394 674 478 tuta

1695 402 1735 462 S
1799 396 2086 464 ΜΑΧΙΜΙ
2122 404 2632 466 CONFESSORIS

3641 397 3762 468 1184

530 507 806 564 deliniens
839 507 906 564 ad
932 510 1270 582 voluptatem
1299 512 1660 582 detrahebat;
1695 534 1802 587 qua
1828 531 1887 572 se
1916 519 2113 573 mortis
2142 533 2163 585 ,ι

2252 519 2482 582 ιάόολος,
2521 519 2591 572 δι’
2634 513 2704 588 ἦς
2753 518 3068 588 ὑποστήσας
3119 517 3209 570 τὸν
3245 516 3475 570 θάνατον
3504 515 3767 585 ἡϐρύνετο,

532 611 820 656 auctorem
875 604 1156 659 exstitisse
1211 606 1588 674 gloriabatur,
1644 622 1857 666 naturae
1895 611 2019 665 labe
2053 625 2118 665 ac

535 692 767 749 interitu
797 695 1042 764 gaudens
1067 713 1082 762 ;
1111 697 1319 752 idcirco
1349 698 1496 754 Deus
1526 699 1586 753 ﬁt
1616 701 1895 771 perfectus
1927 704 2116 767 homo,

536 785 677 840 nihil
708 802 902 842 eorum
928 805 1050 858 qua:
1077 799 1236 845 erant
1260 801 1491 855 naturae,
1527 807 1638 847 uno
1666 793 1932 849 duntaxat
1961 795 2121 849 dem-

539 886 636 950 pto
665 889 892 948 peccato
925 879 1166 950 (quando
1215 898 1318 936 nec
1345 882 1524 952 ipsum
1581 901 1650 938 ex
1697 901 1867 940 censu
1912 897 2124 941 natura:

543 965 683 1036 erat)
717 967 1041 1034 demutans;
1074 977 1135 1023 ut
1164 972 1346 1026 carnis
1375 987 1501 1027 esca
1527 974 1746 1045 objecta
1778 1015 1793 1039 ,
1854 977 1974 1044 ejus
2023 992 2126 1030 vo-

546 1057 732 1112 randa:
760 1058 1129 1114 insatiabilem
1173 1061 1470 1118 draconem
1500 1105 1514 1129 ,
1561 1066 1752 1135 illique
1795 1065 2124 1132 inhiantem,

542 1154 915 1215 provocaret;
953 1150 1138 1204 carnis
1161 1150 1407 1217 scilicet,
1462 1169 1584 1223 qua:
1610 1155 1688 1208 illi
1718 1171 1995 1210 venenum
2041 1157 2130 1210 fu-

547 1248 670 1292 tura
697 1248 837 1304 erat,
873 1240 1125 1305 obtentu,
1161 1243 1382 1300 deitatis
1408 1246 1466 1299 in
1501 1262 1567 1300 ea
1595 1249 1828 1302 occulte
1860 1249 2128 1318 pot-entia,

547 1330 730 1400 ipsum
784 1331 1011 1401 penitus
1041 1334 1339 1406 proﬂigans
1378 1354 1391 1390 :
1436 1337 1692 1394 humanae
1744 1356 1879 1395 vero
1926 1349 2135 1396 naturae

549 1422 854 1478 remedium
883 1424 1046 1489 foret,
1072 1426 1140 1481 ad
1175 1428 1466 1497 pristinam
1498 1446 1620 1485 eam
1655 1433 1889 1502 gratiam
1924 1433 2134 1487 instau-

551 1530 703 1580 rans,
738 1515 965 1572 deitat-is
1006 1519 1202 1574 itidem
1247 1522 1304 1577 in
1343 1537 1406 1577 ea
1454 1525 1726 1594 potentia.
1769 1525 2138 1592 Quemadmo-

553 1606 686 1662 dum
736 1610 1028 1676 enimille,
1062 1612 1241 1667 effuso
1291 1614 1345 1668 in
1394 1617 1640 1672 scientiae
1677 1618 1886 1688 lignum
1922 1633 2138 1673 veneno

555 1713 679 1764 suo,
711 1712 962 1756 naturam
988 1715 1151 1773 gustu
1175 1716 1535 1784 corruperat;
1584 1709 1665 1763 sic
1703 1719 1759 1763 et
1795 1711 1915 1779 ipse
1948 1710 2138 1764 Domi-

558 1793 740 1847 nicam
780 1809 1005 1850 carnem
1045 1798 1346 1853 vorandam
1393 1809 1735 1869 praesumens
1763 1843 1776 1866 ,
1821 1802 2047 1857 deitatis
2080 1803 2136 1856 in

557 1900 623 1939 ea
655 1886 881 1952 virtute,
914 1901 1215 1958 corruptus
1246 1891 1588 1963 interituque
1621 1895 1873 1951 sublatus
1907 1906 2011 1952 est.

631 1980 720 2034 12.
766 1981 1019 2050 Magnum
1077 1983 1280 2039 divinas
1327 1986 1724 2042 incarnationis
1777 1991 2097 2060 mysterium
2127 2034 2143 2056 ,

559 2085 781 2141 semper
813 2074 1136 2144 mysterium
1169 2086 1398 2142 manet;
1454 2078 1616 2147 plane
1659 2078 1873 2134 scilicet
1927 2081 2148 2134 abstru-

561 2179 685 2218 sum
720 2181 734 2218 :
760 2181 871 2220 non
897 2182 962 2222 ea
1001 2175 1212 2222 tantum
1241 2169 1476 2233 ratione,
1497 2171 1644 2240 quod
1669 2188 1794 2226 cum
1821 2188 1921 2241 pro
1952 2188 2148 2227 eorum

563 2257 658 2326 qui
692 2273 790 2327 per
819 2258 955 2314 illud
986 2260 1234 2315 salvandi
1268 2271 1419 2325 sunt,
1463 2262 1741 2318 facultatis
1773 2264 1999 2318 modulo
2028 2273 2152 2319 tan-

565 2348 739 2417 tisper
771 2350 1011 2414 eluceat,
1071 2367 1138 2405 eo
1195 2354 1342 2422 quod
1393 2353 1541 2408 illius
1587 2357 1937 2425 explanatur,
1973 2357 2152 2426 majus

565 2439 700 2508 quid
730 2441 977 2495 nondum
1020 2455 1376 2514 conspectum
1412 2446 1612 2512 habet;
1644 2463 1836 2501 verum
1877 2457 1934 2502 et
1973 2449 2152 2518 ipsum

567 2533 717 2601 quod
747 2534 941 2599 eluxit,
969 2535 1150 2590 adhuc
1185 2553 1412 2606 prorsus
1440 2539 1720 2593 occultum
1759 2547 1964 2602 manet,
1997 2541 2151 2595 nulla

571 2624 765 2694 utique
812 2627 1050 2692 ratione,
1087 2629 1253 2682 sicuti
1307 2630 1488 2698 ipsum
1525 2638 1630 2696 est,
1693 2631 1996 2700 cognitum.
2039 2631 2152 2684 Nec

571 2713 835 2782 cuiquam
880 2716 1083 2769 mirum
1136 2731 1201 2770 ac
1232 2717 1546 2772 inauditum
1597 2718 1877 2782 videatur,
1923 2717 1978 2771 id
2005 2718 2156 2786 quod

570 2802 796 2859 dicitur.
839 2805 983 2859 Deus
1012 2805 1160 2859 enim
1188 2822 1315 2860 cum
1353 2807 1426 2862 sit
1486 2808 1974 2878 superessentialis
1996 2849 2009 2872 ,
2041 2825 2158 2862 om-

573 2910 815 2966 nemque
839 2899 1463 2967 superessentialitatem
1501 2901 1661 2971 longe
1691 2901 1941 2964 excedat,
1986 2915 2158 2970 spon-

574 2998 631 3066 te
693 2989 762 3043 ad
807 2993 1110 3045 essentiam
1167 2993 1442 3059 veniens,
1511 2995 1695 3049 altiori
1751 3010 1918 3064 supra
1972 3007 2160 3048 essen-

576 3078 708 3132 tiam
742 3079 934 3144 modo,
969 3083 1265 3137 essentiam
1312 3084 1492 3138 induit
1526 3102 1539 3138 :
1585 3085 1733 3140 unde
1787 3095 1844 3140 et
1872 3085 2162 3139 hominum

578 3187 742 3228 causa
799 3173 1180 3243 (humanitate
1243 3177 1458 3232 scilicet
1521 3177 2040 3249 propensissimus)
2095 3192 2163 3232 ex

2217 611 2441 682 τρυφῶν
2471 612 2570 681 τὴν
2598 608 2803 681 φθορὰν
2833 610 2931 678 τῆς
2978 609 3228 677 φύσεως·
3267 609 3353 660 διὰ
3389 607 3546 660 τοῦτο
3583 611 3771 676 γίνεται

2221 698 2424 766 τέλειος
2466 703 2754 774 ἄνθρωπος
2799 704 2827 754 ὀ
2876 701 3030 766 Θεὸς,
3087 701 3255 772 μηδὲν
3299 701 3648 770 παραμείᾲας
3689 704 3774 773 τῆς

2224 795 2460 864 φύσεως,
2493 797 2632 866 πλὴν
2665 797 2762 866 τῆς
2806 795 3080 865 ἁμαρτίας
3101 811 3114 824 ·
3149 794 3272 846 ἐπεὶ
3301 794 3436 864 μηδὲ
3462 794 3559 862 τῆς
3587 794 3778 862 φὲσεως

2223 881 2326 957 ἦν’
2356 887 2444 940 ἵνα
2492 887 2695 958 σαρκὸς
2744 885 3093 958 προϐλήματι
3123 884 3406 948 δελεάσας,
3452 884 3666 955 ὲρεθίσῃ
3702 885 3782 938 τὸν

2226 980 2505 1050 ἄπληστον
2537 980 2808 1051 δράκοντα
2853 979 3219 1049 περιχανόντα
3264 978 3363 1048 τὴν
3411 977 3590 1047 σάρκα
3639 997 3784 1032 κατα-

2229 1076 2411 1135 πιεῖν,
2447 1071 2823 1143 γενησομένην
2863 1070 3012 1141 αὑτῷ
3049 1070 3149 1142 μὲν
3192 1070 3541 1142 δηλητήριον,
3566 1074 3629 1140 τῇ
3649 1067 3788 1123 δυνὰ-

2234 1181 2323 1234 μει
2365 1164 2464 1234 τῆς
2498 1165 2554 1216 ἐν
2592 1164 2729 1234 αὑτῇ
2762 1162 3016 1232 θεότητος
3060 1160 3342 1224 παντελῶς
3376 1160 3541 1215 αὑτὸν
3569 1160 3789 1230 διαιρθεί-

2236 1271 2466 1327 ρονσαν⁸
2503 1258 2569 1326 τῇ
2611 1255 2668 1308 δὲ
2713 1255 2874 1325 φύσει
2917 1253 3024 1306 τῶν
3065 1252 3374 1324 ἀνθρώπων
3437 1253 3791 1324 ἀλεξητήριον,

2233 1350 2371 1420 πρὸς
2401 1349 2501 1420 τὴν
2541 1349 2600 1414 ἐξ
2630 1349 2808 1419 ἀρχῆς
2841 1347 3001 1418 χάριν
3030 1346 3383 1417 δυνάμειτῆς
3417 1347 3477 1400 ἐν
3522 1347 3655 1417 αὑτῇ
3691 1348 3794 1401 θεό-

2234 1457 2396 1508 τητος
2431 1438 2901 1510 ἀνακαλουμένην.
2946 1439 3035 1502 Ὠς
3065 1437 3176 1511 γὰρ
3209 1439 3374 1502 αὑτὸς
3414 1440 3507 1492 τὸν
3539 1440 3614 1492 ἱὸν
3652 1441 3796 1494 αὑτοῦ

2235 1527 2338 1596 τῆς
2381 1529 2579 1591 κακίας
2608 1528 2686 1599 τῷ
2718 1528 2861 1599 ξύλῳ
2901 1527 3002 1596 τῆς
3039 1527 3297 1596 γνώσεως
3330 1528 3532 1598 ἐγχέας
3559 1529 3654 1600 τὴν
3682 1547 3798 1598 γευ-

2239 1619 2483 1691 σαμένην
2513 1621 2785 1691 διέφθειρε
2818 1620 3002 1690 φύσιν,
3031 1619 3172 1674 οὑτω
3225 1622 3320 1674 καὶ
3355 1621 3522 1685 αὑτὸς
3562 1623 3802 1692 ἐμφαγεῖν

2239 1710 2524 1781 ’βουληθεὶς
2556 1711 2654 1780 τῆς
2681 1712 2884 1783 σαρκὸς
2919 1711 3014 1765 τοὺ
3043 1712 3342 1778 Δεσπότου,
3365 1717 3433 1784 τῇ
3467 1715 3685 1786 δυνάμει
3720 1715 3803 1786 τῆς

2242 1803 2300 1855 ὲν
2324 1804 2462 1875 αὐτῇ
2491 1802 2740 1874 θεότητος
2767 1805 3049 1877 διεφθάρη.

2321 1981 2406 2050 ιβ’·
2449 1980 2523 2034 Τδ
2571 1982 2713 2052 μέγα
2772 1983 2873 2053 τῆς
2915 1982 3066 2048 Θείας
3115 1984 3586 2055 ὲνανθρωπήσεως
3629 1986 3806 2057 pomi-

2254 2091 2387 2145 ριον,
2421 2075 2510 2127 ἀεὶ⁸
2543 2076 2693 2145 μένει
2727 2078 3029 2148 μυστήριον
3052 2094 3065 2106 °
3098 2079 3158 2130 οὑ
3196 2081 3358 2148 μόνον
3397 2080 3481 2132 ὃτι
3508 2081 3806 2149 συμμέτρως

2251 2169 2317 2236 τῇ
2345 2166 2572 2236 δυνάμει
2597 2167 2708 2218 τῶν
2741 2167 2834 2219 ὑπ’
2869 2167 3034 2220 αὑτοῦ
3067 2169 3395 2237 σωζομένων
3418 2169 3803 2237 ὲκφαινόμενον.

2252 2254 2365 2326 ἔχει
2399 2255 2581 2326 μεῖζον
2608 2256 2700 2308 τοῦ
2726 2257 3088 2325 ὲκφανθέντος
3109 2259 3171 2310 τὸ
3193 2259 3366 2329 μήπω
3389 2258 3689 2328 ὁρώμενον,
3712 2259 3805 2311 ἀλλ’

2252 2348 2333 2402 ὃτι
2355 2348 2446 2401 καὶ
2476 2348 2608 2401 αὑτὸ
2630 2348 2692 2402 τὸ
2728 2349 2916 2416 φανὲν,
2951 2349 3030 2401 ἔτι
3061 2350 3212 2420 μένει
3239 2353 3478 2420 πάμπαν
3503 2349 3805 2420 ἀπόκρυφον,

2257 2440 2433 2494 οὑδενὶ
2475 2441 2620 2510 λόγῳ
2669 2440 2854 2504 καθὼς
2907 2441 3024 2493 ἐστι
3057 2441 3492 2512 γινωσκόμενον.
3533 2441 3638 2494 Καὶ
3666 2442 3729 2510 μή
3748 2458 3809 2511 τῳ

2257 2531 2385 2604 δόξῃ
2419 2531 2720 2602 παράδοξον
2763 2531 2823 2584 τὸ
2862 2529 3180 2600 λεγόμενον.
3222 2531 3281 2584 '0
3314 2531 3430 2601 γὰρ
3460 2529 3590 2593 Θεὸς
3612 2528 3807 2598 ὑπερθύ-

2259 2641 2373 2686 σιος
2404 2624 2500 2687 ὢν,
2534 2623 2630 2677 καὶ
2678 2623 3138 2694 ὑπερουσιότητος
3188 2622 3414 2692 ἁπάσης
3473 2622 3808 2692 ὑπερανεστη-

2257 2716 2390 2779 κὼς,
2436 2717 2516 2779 εἰς
2555 2716 2746 2768 οὑσίαν
2795 2715 2970 2768 ἐλθεῖν
3011 2713 3313 2784 βουληθεὶς,
3372 2713 3704 2784 ὑπερουσὶως
3737 2713 3807 2766 οὐ·

2262 2807 2453 2876 σιώθη.
2495 2807 2586 2858 Διὸ
2627 2806 2721 2859 καὶ
2772 2806 2915 2876 ὑπὲρ
2960 2804 3287 2876 ἀνθρώπων,
3320 2803 3398 2866 ὡς
3445 2803 3807 2874 φιλάνθρωπος,

2262 2898 2327 2950 ὲκ
2361 2896 2462 2965 τῆς
2513 2896 2818 2968 ἀνθρώπων
2865 2896 3054 2958 οὑσίας
3098 2895 3317 2964 ἀληθῶς
3361 2894 3643 2967 ἄνθρωπος
3684 2905 3810 2964 1:10-

2261 2987 2389 3052 νὼς,
2432 2988 2526 3042 τὸν
2562 2989 2657 3042 τοῦ
2697 2989 2815 3053 πῶς
2857 2989 3145 3061 ἄνθρωπος
3195 2987 3389 3056 γέγονε
3437 2988 3653 3058 τρόπον,
3691 2987 3808 3055 μένει

2263 3080 2352 3135 διὰ
2381 3079 2581 3144 παντὸς
2610 3082 2747 3152 ἔχων
2770 3083 3106 3152 ἀνέκφαντον
3125 3096 3138 3110 ·
3168 3081 3310 3151 ὑπὲρ
3337 3079 3626 3151 ἄνθρωπον
3646 3078 3704 3149 (f)
3729 3077 3809 3148 γὰρ

2266 3172 2495 3239 γέγονεν
2521 3172 2830 3243 ἅνθρωπος.

579 3263 863 3320 hominum
889 3267 1129 3322 essentia
1164 3284 1261 3323 seu
1289 3278 1486 3324 natura
1509 3287 1638 3326 vere
1664 3271 1844 3326 factus
1865 3272 2052 3332 homo,
2080 3264 2304 3321 modum
2321 3278 2430 3333 quo
2459 3264 2635 3319 factus
2663 3275 2769 3329 est,
2800 3265 3098 3320 obscurum
3119 3262 3284 3335 515
3305 3279 3551 3334 semper,
3584 3271 3637 3317 et
3665 3270 3716 3317 ut
3739 3276 3811 3316 ex-

580 3357 794 3427 planari
822 3374 930 3412 non
962 3359 1157 3428 possit,
1181 3371 1366 3415 servat
1388 3377 1452 3416 ac
1476 3361 1659 3416 habet.
1687 3362 1883 3417 Altiori
1907 3363 2133 3431 quippe,
2161 3370 2323 3426 quam
2343 3371 2441 3425 pro
2469 3356 2711 3410 hominis
2727 3356 2961 3420 ratione,
2995 3356 3159 3410 homo
3189 3355 3371 3410 factus
3387 3363 3492 3410 est.

655 3450 744 3506 15.
779 3451 1170 3540 Expendamus
1215 3452 1323 3508 [ide
1355 3455 1555 3508 comite
1589 3454 1791 3509 divinae
1833 3455 2175 3510 incarnatio-
2203 3455 2248 3512 C

582 3543 675 3598 nis
694 3544 1040 3615 mysterium,
1067 3560 1309 3615 eumque
1343 3546 1696 3601 solummodo
1735 3548 1944 3617 absque
1984 3547 2176 3602 curio-

485 3691 488 3694 ι
585 3635 747 3690 sitate
759 3636 1050 3691 laudemus
1064 3652 1128 3692 ac
1151 3638 1538 3706 praedicemus,
1560 3639 1651 3692 cui
1676 3655 1949 3709 propensa
1967 3639 2176 3708 placuit

587 3727 877 3785 voluntate
920 3732 1098 3785 nostri
1134 3747 1301 3786 causa
1348 3733 1628 3787 hominem
1675 3733 1816 3788 ﬁeri.
1865 3733 1998 3801 Quis
2030 3735 2179 3788 enim

591 3831 744 3876 tanta
775 3822 830 3876 vi
868 3823 1138 3878 orationis
1193 3824 1584 3894 rationumque
1629 3825 1872 3895 pondere
1914 3825 2177 3890 confidat,

591 3923 654 3968 ut
687 3913 1148 3983 possitenarrare
1183 3956 1198 3980 ,
1243 3932 1353 3986 quo
1403 3916 1626 3970 tandem
1677 3917 1843 3971 modo
1877 3917 1976 3972 Dei
2013 3917 2181 3972 Verbi

592 4004 884 4074 conceptio
933 4006 1063 4071 ﬁat;
1109 4007 1389 4076 quomodo
1433 4016 1761 4079 procreetur
1806 4023 1936 4063 caro
1973 4009 2183 4078 absque

597 4097 850 4164 semine;
889 4099 1171 4168 quomodo
1201 4101 1464 4172 nativitas
1529 4103 1682 4156 nulla
1720 4101 1949 4157 exsistat
1987 4116 2184 4157 corru-

598 4188 802 4258 ptionis
831 4189 984 4255 labe;
1009 4193 1293 4262 quomodo
1323 4203 1502 4249 mater
1523 4237 1537 4260 ,
1580 4211 1702 4264 qua:
1728 4206 1778 4251 et
1810 4206 1934 4266 post
1965 4207 2184 4266 partum

596 4283 754 4355 virgo
794 4299 1118 4354 perseverat
1152 4305 1166 4342 :
1199 4289 1478 4359 quomodo
1529 4291 1625 4361 qui
1655 4291 1806 4345 omni
1840 4292 2014 4362 major
2057 4307 2182 4360 per-

596 4376 836 4433 fectione
868 4389 972 4444 est,
999 4381 1324 4450 proﬁciebat
1352 4393 1514 4440 aetate
1533 4401 1596 4439 ac
1626 4385 1878 4455 corporis
1908 4392 2119 4439 statura
2139 4383 2182 4452 ις

598 4471 876 4538 quomodo
893 4472 1170 4542 quipurus
1186 4485 1293 4540 est,
1313 4493 1454 4547 aqua
1473 4477 1876 4548 intingebatur;
1897 4493 2008 4548 quo
2021 4477 2184 4532 modo

602 4561 719 4630 ipse
743 4562 1000 4618 esuriens
1016 4605 1030 4628 ,
1066 4567 1380 4634 nutriebat;
1405 4570 1685 4638 quomodo
1706 4569 1906 4634 fessus,
1923 4569 2187 4626 virtutem

603 4650 946 4717 conferebat;
974 4655 1254 4722 quomodo
1277 4672 1420 4728 aegre
1442 4658 1656 4714 habens
1686 4658 1985 4714 sanitatum
2005 4675 2187 4715 reme-

603 4742 694 4797 dia
725 4745 1046 4814 praebebat;
1078 4749 1358 4817 quomodo
1385 4751 1985 4808 morieusviviﬁcabat?
2007 4753 2188 4823 Atque

605 4843 666 4888 ut
686 4835 924 4904 primum
943 4845 1222 4906 postremo
1245 4839 1366 4894 loco
1386 4841 1832 4911 dicam,quonam
1857 4841 2022 4897 modo
2042 4843 2190 4897 Deus

607 4926 668 4980 ﬁt
692 4925 892 4992 homo;
920 4942 984 4981 ac
1017 4928 1186 4998 (quod
1216 4929 1378 5000 longe
1408 4931 1716 4987 abstrusius
1751 4932 1855 5002 est)
1889 4946 2001 5002 quo
2029 4933 2190 5001 plane

608 5018 774 5074 modo
797 5019 1041 5075 Verbum
1091 5021 1146 5076 in
1194 5038 1382 5087 carne,
1428 5039 1663 5093 persona
1722 5040 1820 5079 sua
1876 5025 2190 5080 essentiali-

614 5117 688 5164 tet
739 5118 843 5175 est,
877 5110 1025 5182 quod
1058 5113 1434 5168 essentialiter
1484 5114 1676 5168 eadem
1731 5127 1971 5184 persona
2014 5124 2191 5169 totum

612 5203 803 5274 utique
826 5205 1040 5259 exsistit
1064 5205 1212 5275 apud
1232 5205 1496 5261 Patrem?
1534 5205 1823 5272 Quomodo
1857 5206 2038 5272 idem,
2073 5217 2190 5262 tum

614 5305 792 5353 totum
836 5297 982 5353 Deus
1027 5309 1225 5353 natura
1269 5308 1373 5363 est,
1433 5306 1722 5368 totumque
1771 5305 1966 5352 natura
2021 5300 2188 5353 homo

2354 3457 2445 3517 ιγ’.
2483 3449 2858 3520 Σκοπήσωμεν
2893 3448 3105 3512 πιστῶς
3134 3449 3195 3502 τὸ
3228 3448 3535 3519 μυστήριον
3575 3446 3668 3517 τῆς
3694 3444 3812 3510 θείας

2277 3541 2768 3611 ὲνανθρωπήσεως,
2816 3539 2911 3591 καὶ
2959 3538 3124 3608 μόνον
3158 3536 3483 3605 δοξάσωμεν
3514 3535 3810 3605 ἀπεριέργως

2276 3633 2368 3685 τὸν
2413 3631 2574 3684 τοῦτο
2629 3630 2885 3699 γενέσθαι
2926 3630 2993 3682 δι’
3019 3632 3167 3700 ἡμᾶς
3211 3630 3602 3699 εὑδοκήσαντα.
3631 3628 3712 3689 Τίς
3731 3626 3813 3695 γὰρ

2279 3723 2509 3792 δυνάμει
2543 3722 2765 3794 θαρρῶν
2798 3723 3021 3793 λογικῆς
3050 3722 3406 3787 ἀποδείξεως,
3438 3722 3662 3787 ἐξειπεῖν
3691 3719 3813 3772 δύνα-

2278 3834 2392 3880 ται,
2421 3817 2539 3878 πῶς
2567 3816 2703 3869 Θεοῦ
2730 3815 2905 3884 Λόγου
2931 3815 3140 3884 γίνεται
3177 3813 3443 3885 σύλληψις
3465 3831 3479 3844 ·
3510 3815 3623 3875 πῶς
3644 3812 3813 3880 γένεσις

2282 3910 2486 3980 σαρκὸς
2519 3909 2648 3963 ἄνευ
2694 3908 2938 3980 σπορᾶςο
2972 3907 3091 3971 πῶς
3137 3907 3397 3977 γέννησις
3444 3905 3570 3959 ἄνευ
3623 3901 3808 3971 φθορᾶς·

2282 4001 2402 4064 πῶς
2428 4001 2632 4072 μήτηρ,
2660 4002 2694 4070 ἠ
2727 3999 2823 4052 καὶ
2857 3998 2993 4071 μετὰ
3024 3997 3183 4050 τόκον
3219 3997 3544 4066 διαμείνασα
3572 3992 3808 4063 παρθένος

2285 4093 2401 4158 πῶς
2448 4094 2476 4145 ό
2522 4091 2845 4162 ὑπερτελὴς,
2893 4091 3018 4144 καθ’
3060 4089 3278 4160 ἠλικίαν
3329 4081 3812 4160 προέκοπτε’πῶς6

2285 4186 2549 4259 καθαρὸς,
2607 4185 2972 4249 ἐϐαπτίζετοο
3020 4183 3136 4245 πῶς
3196 4183 3502 4254 διέτρεφεν,
3539 4180 3566 4232 ὁ
3621 4172 3810 4228 πεινῶν

2285 4283 2406 4344 ’πῶς
2435 4283 2464 4335 ὁ
2501 4279 2732 4344 κοπιῶν,
2766 4277 3054 4347 ἐχαρίζετο
3086 4274 3316 4345 δύναμιν
3338 4291 3351 4304 ·
3394 4273 3511 4334 πῶς
3544 4273 3571 4324 ὁ
3609 4267 3808 4334 πάσχων,

2289 4375 2461 4428 ἐδίδου
2498 4374 2737 4443 ἰάματα·
2778 4370 2896 4432 πῶς
2930 4371 2959 4422 ό
2994 4368 3265 4437 θνήσκων,
3299 4364 3584 4430 ὲζωοποίει
3611 4379 3625 4394 ο
3652 4355 3811 4411 καὶἴνα

2285 4468 2349 4520 τὸ
2380 4465 2598 4538 πρῶτον
2631 4463 2946 4516 τελευταῖον
2968 4461 3128 4524 εἴπω,
3167 4458 3284 4520 πῶς
3306 4457 3442 4520 Θεὸς
3469 4454 3727 4523 ἄνθρωπος
3751 4445 3812 4512 γί-

2289 4575 2468 4616 νεται·
2504 4558 2600 4612 καὶ
2637 4556 2698 4612 τὸ
2728 4555 2792 4626 δὴ
2824 4553 2987 4606 πλέον
3033 4550 3591 4624 μυστηριωδέστερον,
3622 4543 3720 4602 πῶς
3744 4539 3812 4590 οὑ·

2292 4651 2498 4714 σιωδῶς
2527 4651 2586 4702 ὲν
2613 4647 2779 4719 σαρκὶ
2806 4643 2928 4699 καθ’
2953 4642 3252 4697 ὑπόστασιν
3282 4641 3311 4692 ὁ
3336 4639 3530 4708 Λόγος,
3562 4637 3589 4688 ό
3615 4631 3718 4686 κατ’
3742 4628 3810 4682 οὑ-

2295 4746 2417 4799 σίαν
2447 4739 2820 4802 ὅποστατικῶς
2855 4737 2978 4800 ὅλος
3009 4735 3272 4818 ὑπάρχων
3309 4733 3367 4785 ὲν
3397 4730 3474 4800 τῷ
3505 4725 3695 4818 Πατρίξ

2222 4811 2268 4868 D
2296 4833 2529 4896 ὁαὺτὺς,
2574 4832 2671 4884 καὶ
2711 4829 2832 4892 ὅλος
2878 4827 2997 4879 ἐστὶ
3039 4811 3367 4886 Θεὸξκατὰ
3412 4821 3585 4891 φύσιν,
3623 4813 3704 4867 καὶ
3725 4811 3813 4868 ὅλος

2298 4927 2488 4995 γέγονε
2538 4921 2683 4976 κατὰ
2727 4919 2889 4988 φύσιν
2929 4916 3242 4987 ἄνθρωπος,
3273 4913 3544 5008 μηδεμίαν
3571 4909 3711 5008 φ-ύσιν
3740 4904 3812 5008 i19-

2299 5018 2533 5090 νημένος
2561 5014 2900 5075 παντάπασι,
2930 5011 3069 5080 μήτε
3110 5007 3210 5077 τὴν
3250 5006 3425 5071 θείαν,
3450 5003 3566 5058 καθ’
3591 5002 3649 5071 ἦν
3674 4999 3812 5090 ὑπαρ-

2407 5109 2559 5172 Θεὸς,
2598 5109 2734 5176 μήτε
2779 5103 2879 5173 τὴν
2907 5101 3211 5172 ἡμετέραν,
3251 5097 3372 5152 καθ’
3417 5100 3480 5169 ἢν
3517 5095 3714 5164 γέγονεν
3745 5086 3812 5186 ἂν

2299 5203 2516 5274 θρωπος
2539 5215 2555 5264 ;
2578 5196 2767 5251 Ταῦτα
2795 5194 2976 5254 πίστις
3010 5191 3145 5262 μόνη
3164 5189 3415 5260 χωρεῖτὰ
3442 5187 3707 5258 μυστήρια,
3731 5191 3812 5229 των

2297 5294 2439 5365 ὑπὲρ
2454 5291 2578 5345 νοὺν
2590 5291 2681 5344 καὶ
2696 5289 2852 5355 λόγον
2869 5284 3121 5354 ὑπάρχου
3129 5299 3198 5336 σα
3211 5281 3541 5352 πραγμάτιον
3554 5277 3808 5332 ὑπόστασις.

524 5461 528 5465 ι
615 5393 818 5452 factum
840 5407 957 5463 est;
983 5405 1177 5451 neutra
1213 5412 1441 5467 prorsus
1483 5395 2034 5460 desideratanatura,
2082 5411 2163 5450 net

2252 5410 2265 5449 ι
2299 5392 2508 5454 divina,
2547 5403 2655 5458 qua
2681 5387 2827 5440 Deus
2855 5388 2963 5446 est,
2985 5393 3169 5448 neque
3191 5395 3324 5432 vero
3350 5387 3548 5441 nostra,
3572 5387 3666 5443 qua
3684 5370 3810 5423 homo

687 5527 710 5561 ⁸
737 5528 872 5586 Luc.
906 5547 963 5596 n,
994 5531 1083 5587 52.

696 5639 761 5711 (ι’)
815 5642 1381 5716 ’Υπὲρἄνθρωπον⁶
1421 5643 1578 5712 Quod
1613 5645 1778 5716 paulo
1812 5656 1940 5701 ante
1991 5647 2199 5716 legerat

623 5710 809 5797 Picus,
835 5710 975 5797 ὑπὲρ
1002 5710 1324 5797 ἀνθρώπων,
1350 5710 1860 5797 fallentibusoculis
1877 5732 1939 5797 ac
1964 5710 2199 5797 praefur-

624 5785 1035 5855 ren‘te‘calamo,
1066 5785 1157 5840 hic
1184 5786 1317 5855 legit
1345 5802 1409 5840 ac
1448 5786 1708 5851 reddidit,
1744 5803 1839 5855 pro
1869 5785 2196 5850 hominibus;

625 5851 731 5910 etsi
759 5851 910 5914 illius
937 5855 1124 5913 Grzeca
1161 5851 1392 5926 perinde
1427 5857 1665 5914 habeant
1708 5851 1849 5930 ὑπὲρ
1885 5858 2193 5930 ἄνθρωπον,

2304 5660 2469 5714 supra
2502 5641 2766 5714 hominem
2802 5635 2990 5708 :quod
3003 5649 3180 5714 unum
3231 5641 3417 5703 aptum
3447 5635 3542 5685 est.

2309 5696 2448 5768 ratio
2468 5727 2570 5766 cur
2599 5696 2928 5779 ignotum'et
2969 5696 3285 5760 abstrusum
3307 5711 3614 5827 semperque
3646 5696 3804 5769 ιηὶῖδξετ

2310 5785 2453 5827 rium
2487 5779 2884 5827 incarnationis
2916 5775 3274 5827 mvsterium;
3299 5789 3410 5827 nuo
3473 5759 3804 5825 εςιιιωιάινωι

2310 5759 2445 5768 ηυ-
2472 5759 2560 5766 ν--
2881 5759 2924 5762 -τ
2975 5759 2982 5760 κ
3020 5759 3026 5760 κ
3128 5775 3138 5785 ,
3697 5759 3716 5769 κ.
3749 5759 3799 5765 ..

2310 5785 2453 5838 rium
2487 5779 2884 5836 incarnationis
2915 5784 3274 5847 mysterium;
3299 5759 3444 5847 quod
3473 5771 3654 5847 setmet
3674 5759 3805 5847 ὼγωι

2308 5854 2634 5924 altiorisque
2669 5848 2884 5906 ordinis
2913 5841 3016 5916 est,
3051 5862 3162 5902 non
3187 5861 3286 5917 pro
3317 5841 3545 5900 humana
3572 5841 3756 5892 ratione.
