4064 6436
305 409 447 481 1185

1009 422 1343 484 CAPITUM
1378 423 1799 496 QUINQUIES
1832 425 2349 487 CENTENOBUM
2384 426 2770 491 CENTURIA
2808 431 2860 491 Ι.

3422 424 3564 500 1186

304 527 511 585 factum
535 537 621 585 est
644 528 669 583 ?
694 529 817 586 Haec
852 531 967 587 sola
1002 533 1139 589 fides
1180 535 1326 605 capit
1358 544 1643 607 mysteria,
1674 538 2053 606 ipsanimirum
2090 538 2370 593 subtantia
2404 549 2461 594 et
2498 540 2649 596 basis
2694 557 2887 597 earum
2938 550 3148 610 rerum,
3182 562 3305 617 qum
3342 552 3563 606 Omnem

304 620 508 674 mentis
532 636 753 675 sensum
779 632 835 677 et
862 625 1126 680 rationem
1151 627 1425 682 excedunt
1450 631 1492 681 ⁵.

378 713 463 766 ιδ’.
515 714 573 768 '0
615 716 787 785 ’Δδάμ
827 717 1207 786 παρακούσας,
1258 719 1317 785 ἐξ
1368 720 1563 790 ἡδονῆς
1616 720 1881 791 ἄρχεσθαι
1912 736 1959 791 Α

302 803 405 874 τὴν
443 804 545 871 τῆς
583 804 799 875 φύσεως
834 806 1037 873 ἐδίδαξε
1072 810 1286 877 γένεσιν
1308 827 1321 841 ⁶
1367 813 1395 863 ὁ
1445 812 1648 882 Κύριος
1683 814 1884 884 ταύτην

304 894 588 961 ἐξοικίζων
619 898 718 967 τῆς
750 900 988 966 φύσεως,
1019 899 1117 971 τὴν
1139 902 1203 954 ἐκ
1238 905 1446 972 σπορᾶς
1469 906 1530 956 οὐ
1566 905 1885 974 προσήκατο

305 987 590 1057 σύλληψιν.
627 990 690 1043 ’11
721 990 860 1062 γυνὴ
883 993 1181 1061 παραϐᾶσα
1204 995 1303 1066 τὴν
1324 996 1564 1065 ἐντολὴν,
1600 998 1657 1061 ἐξ
1692 996 1884 1068 ὀδύνης

304 1079 571 1149 ἄρχεσθαι
600 1081 700 1151 τὴν
729 1082 829 1151 τῆς
856 1084 1071 1151 φύσεως
1107 1084 1383 1150 κατέδειξε
1409 1086 1686 1159 γέννησιν·
1713 1088 1742 1138 ὁ
1774 1087 1885 1139 Κύ-

307 1187 424 1241 ριος
461 1171 667 1243 ταύτην
714 1175 1099 1228 ἀπο-τινάσσων
1140 1178 1241 1248 τῆς
1290 1177 1527 1245 φύσεως,
1574 1177 1882 1250 γεννηθεὶς,

305 1262 515 1334 φθορὰν
552 1265 843 1334 ὑπομεῖναι
866 1266 965 1339 τὴν
983 1268 1248 1322 τεκοῦσαν
1270 1271 1328 1322 ού
1372 1271 1753 1343 συνεχώρησεν
1778 1290 1791 1303 ·
1817 1272 1884 1325 ἵν’

301 1355 441 1424 ἐμοῦ
485 1358 584 1425 τήν
618 1373 678 1409 τε
732 1357 980 1411 ἑκούσιον
1028 1359 1239 1431 ἡδονὴν,
1292 1361 1387 1414 καὶ
1446 1363 1547 1433 τὴν
1592 1363 1660 1416 δι’
1712 1365 1885 1434 αὐτὴν

304 1446 564 1499 ἀκούσιον
597 1446 811 1519 ὀδύνην,
856 1449 1011 1521 ἐξέλῃ
1057 1451 1155 1520 τῆς
1198 1452 1432 1522 φύσεως,
1462 1448 1536 1507 ὧν
1564 1455 1663 1508 οὐκ
1695 1450 1764 1526 ἦν
1792 1456 1885 1526 δη·-

307 1538 593 1609 μιουργὸς,
638 1540 933 1611 ἀναιρὲτης
974 1544 1298 1613 γενόμενος·
1350 1544 1442 1598 καὶ
1472 1546 1657 1617 διδάξῃ
1697 1564 1887 1616 μυστι-

303 1630 422 1694 κῶς
457 1631 598 1682 κατά
625 1628 874 1701 γνώμην,
903 1631 1067 1696 ἄλλης
1100 1634 1448 1705 ἀπάρχεσθαι
1473 1635 1640 1704 ζωῆς,
1678 1635 1738 1700 ἐξ
1766 1635 1886 1689 ὀδύ-

302 1740 405 1792 νης
449 1724 548 1793 μὲν
592 1722 751 1792 τυχὸν
794 1724 1105 1796 ἀρχομένης
1141 1729 1235 1780 καὶ
1283 1727 1482 1792 πόνων,
1515 1728 1791 1799 ληγούσης
1830 1729 1886 1781 δὲ

308 1812 527 1875 πάντως
559 1812 638 1875 είς
668 1812 858 1883 ἡδονὴν
884 1813 1034 1868 θείαν
1062 1816 1156 1869 καὶ
1183 1817 1522 1888 εὐφροσύνην
1557 1820 1885 1889 ἀπέραντον.

304 1904 409 1957 Διά
480 1903 638 1957 τοῦτο
695 1905 903 1972 γίνεται
973 1907 1283 1979 ἄνθρωπος,
1332 1910 1426 1962 καὶ
1496 1913 1752 1977 γεννᾶται
1814 1910 1889 1974 ὡς

306 1995 612 2067 ἄνθρωπος,
654 1998 681 2050 ὁ
723 1999 958 2068 ποιήσας
990 2000 1081 2053 τὸν
1137 2001 1445 2072 ἄνθρωπον,
1496 2002 1583 2055 ἵνα
1618 2002 1766 2075 σώσῃ
1798 2004 1887 2056 τὸν

306 2089 616 2160 ἄνθρωπον,
650 2090 743 2144 καὶ
780 2092 925 2163 πάθη
954 2093 1187 2146 πάθεσιν
1236 2096 1549 2165 ἰασάμενος,
1587 2095 1759 2158 πάθος
1793 2097 1894 2148 αὐ-

2058 722 2145 775 M.
2183 721 2424 777 Adamus
2444 727 2701 795 praecepti
2736 727 2923 783 violati
2959 745 3105 795 reus,
3144 740 3355 787 naturte
3382 742 3565 792 ortum

1991 828 2057 867 ex
2084 814 2364 883 voluptate
2392 830 2457 868 ac
2496 816 2728 871 libidine
2761 820 3156 889 auspicandum
3181 822 3386 877 docuit.
3415 824 3567 881 Hanc

1991 905 2257 961 Dominus
2291 923 2321 961 a
2357 916 2555 963 natura
2600 910 2891 967 eliminans
2917 954 2931 979 ,
2982 923 3311 984 conceptum
3354 917 3447 987 qui
3499 934 3567 972 ex

1992 1001 2202 1055 semine
2230 1011 2315 1056 est
2346 1018 2453 1055 non
2491 1003 2736 1058 admisit.
2768 1005 2965 1060 Mulier
2991 1016 3047 1061 et
3088 1008 3204 1077 ipsa
3244 1012 3570 1079 prmvarica-

1993 1093 2160 1148 tionis
2186 1110 2301 1156 rea,
2333 1110 2361 1148 a
2392 1095 2580 1150 dolore
2616 1096 2939 1152 initiandam
2965 1111 3176 1155 natum
3223 1104 3568 1159 nativitatem

1990 1185 2252 1239 ostendit.
2284 1187 2441 1241 Hunc
2488 1188 2753 1242 Dominus
2788 1206 2817 1243 a
2852 1199 3069 1255 natura,
3120 1194 3237 1262 ipse
3292 1196 3568 1251 nascendo

1992 1277 2299 1340 excutiens,
2316 1293 2650 1348 puerperam
2670 1289 2897 1334 matrem
2918 1285 3260 1353 corruptioni
3274 1285 3567 1341 obnoxiam

1991 1365 2110 1420 fore
2140 1384 2251 1421 non
2286 1369 2538 1437 permisit
2566 1386 2580 1434 ;
2640 1380 2702 1423 ut
2745 1370 2908 1423 simul
2932 1379 3048 1424 tum
3081 1382 3435 1441 spontaneam
3466 1392 3569 1430 v0-

1991 1459 2261 1529 lnptatem
2289 1477 2351 1515 ac
2382 1461 2696 1527 libidinem,
2743 1472 2859 1517 tum
2888 1466 3007 1535 ejus
3044 1482 3208 1521 causa
3256 1468 3568 1525 involunta-

1994 1551 2137 1604 rium
2165 1552 2439 1607 invectum
2467 1553 2710 1608 dolorem
2761 1571 2790 1609 e
2818 1564 3017 1611 natura
3072 1557 3317 1614 auferret
3351 1560 3571 1631 (nempe

1992 1657 2229 1712 quorum
2265 1660 2375 1696 non
2406 1644 2585 1698 fuerat
2609 1645 2882 1709 conditor,
2919 1646 3034 1702 hzec
3067 1648 3310 1716 proclive
3358 1649 3569 1720 delens)

1995 1736 2337 1805 mysticeque
2384 1738 2586 1790 mentis
2633 1738 2919 1807 proposito
2967 1754 3030 1793 ac
3083 1741 3364 1809 voluptate
3409 1741 3573 1795 aliam

1996 1825 2228 1881 doceret
2283 1828 2677 1897 auspicandam
2726 1830 2916 1893 vitam,
2963 1832 3119 1901 cujus
3162 1834 3386 1901 quidem
3428 1832 3573 1888 forte

1994 1931 2023 1969 a
2062 1917 2255 1971 dolore
2289 1918 2650 1977 etlaboribus
2677 1918 2927 1973 ducenda
2960 1921 3204 1985 exordia,
3234 1939 3355 1992 qua:
3387 1931 3572 1978 tamen

1996 2009 2223 2061 omnino
2253 2008 2307 2060 in
2336 2008 2579 2062 divinam
2625 2011 2962 2079 voluptatem
2996 2012 3573 2085 interminabilemque

1993 2095 2237 2149 laetitiam
2262 2096 2561 2151 desineret.
2585 2098 2772 2168 515‘
2798 2100 3008 2155 Idcirco
3038 2100 3096 2153 fit
3117 2103 3302 2165 homo,
3335 2114 3498 2174 atque
3513 2113 3574 2158 ut

303 2180 399 2243 τὸς
434 2182 695 2252 ὑπάρχων
722 2183 1016 2255 ἀποδειχθῇ
1044 2185 1152 2239 τῶν
1170 2186 1458 2257 ἡμετέρων
1485 2187 1693 2252 παθῶν,
1721 2188 1890 2258 ὑπερ-

2000 2187 2168 2241 homo
2190 2189 2474 2253 nascitur,
2511 2190 2606 2259 qui
2645 2190 2971 2245 condiderat
3023 2192 3326 2259 hominem,
3386 2204 3447 2248 ιιι
3472 2196 3573 2250 1ιο-

306 2271 460 2340 φυῶς
496 2277 617 2336 ταῖς
645 2275 840 2329 ἑαυτοῦ
876 2277 1019 2329 κατὰ
1051 2277 1232 2348 σάρκα
1269 2279 1581 2349 στερήσεσι,
1606 2280 1705 2341 τὰς
1735 2280 1891 2350 ήμῶν

307 2363 712 2435 φιλανθρώπως
738 2366 880 2420 κατά
908 2368 1124 2438 πνεῦμα
1153 2368 1293 2435 ἕξεις
1319 2369 1735 2441 ἀνανεούμενος.

1998 2279 2135 2333 mini
2183 2280 2415 2333 salutem
2460 2281 2777 2348 conferrct;
2843 2283 3309 2356 mgritudinesque
3350 2288 3573 2358 aegritu-

1999 2370 2222 2425 dinibus
2251 2385 2485 2438 sanans;
2532 2373 2805 2442 azgritudo
2836 2375 2954 2444 ipse
2987 2392 3051 2430 ac
3106 2377 3369 2433 interitus
3411 2380 3572 2451 aegri-

308 2454 566 2509 tudinum
604 2467 921 2511 nostrarum
945 2460 1210 2525 eniteret;
1239 2460 1440 2516 eximia
1464 2462 1702 2531 quadam
1742 2461 1957 2518 ratione
1996 2464 2113 2518 suis
2153 2463 2460 2519 secundum
2495 2478 2716 2519 carnem
2748 2466 3177 2535 privationibus,
3216 2479 3437 2526 nostros
3474 2472 3573 2527 be-

306 2550 474 2621 nigne
504 2550 808 2607 secundum
840 2554 1096 2623 spiritum
1123 2556 1349 2611 habitus
1380 2556 1715 2613 instaurans.

383 2647 467 2696 ιε’.
519 2643 576 2696 Ὀ
612 2644 692 2713 τῷ
737 2643 866 2715 θείῳ
912 2645 1062 2699 πάθω
1096 2649 1328 2716 νικήσας
1352 2650 1450 2721 τὴν
1481 2650 1619 2721 πρὸς
1649 2652 1708 2705 τὸ
1731 2652 1890 2725 σῶμα

306 2732 412 2802 τῆς
437 2732 618 2804 ψυχῆς
644 2733 911 2799 διάθεσιν,
938 2735 1315 2807 ἁπερίγραφος
1354 2739 1563 2805 γέγονε,
1605 2742 1707 2793 κᾶν
1740 2743 1890 2794 ἐστιν

309 2826 370 2877 ὲν
408 2825 639 2894 σώματι.
677 2824 736 2879 Ὀ
771 2826 881 2896 γὰρ
921 2826 1095 2880 ἕλκων
1135 2829 1232 2899 τὴν
1255 2828 1348 2882 τοῦ
1379 2830 1671 2895 ποθοῦντος
1705 2832 1889 2901 ἔφεσιν

309 2915 466 2980 Θεδς,
519 2918 736 2971 πάντων
791 2918 1151 2989 άσυγκρίτωςς
1189 2922 1338 2974 ἐστὶν
1386 2923 1738 2995 ὑψηλότερος,
1788 2926 1888 2979 οὐκ

309 3008 418 3062 ὲῶν
453 3010 544 3063 τὸν
588 3009 860 3063 ποθοῦντα
901 3012 1007 3063 τινὶ
1050 3012 1157 3064 τῶν
1188 3015 1325 3082 μετά
1364 3014 1495 3067 Θεὸν
1534 3017 1887 3087 προσηλῶσαι

308 3099 413 3172 τὴν
440 3100 647 3169 ἔφεσιν.
674 3102 1010 3172 Ποθήσωμεν
1034 3098 1126 3157 οὖν
1143 3104 1232 3156 τὸν
1260 3105 1394 3158 Θεὸν
1422 3105 1546 3158 καθ’
1573 3108 1701 3177 ὅλην
1730 3107 1889 3176 ἡμῶν

309 3192 414 3263 τὴν
447 3196 545 3261 τῆς
588 3193 803 3260 φύσεως
833 3193 1087 3264 δύναμιν,
1120 3195 1218 3247 καὶ
1244 3198 1378 3249 πᾶσι
1416 3199 1528 3260 τοῖς
1556 3200 1891 3267 σωματικοῖς

308 3284 414 3356 τὴν
435 3286 755 3356 προαίρεσιν
787 3287 1097 3357 ἀκράτητον
1127 3287 1506 3358 ποιησώμεθα,
1544 3290 1636 3342 καὶ
1670 3290 1889 3342 πάντων

2070 2650 2158 2705 15.
2193 2649 2297 2716 Qui
2326 2649 2516 2705 divino
2540 2665 2727 2705 amore
2764 2665 2827 2704 ac
2857 2649 3171 2716 desiderio,
3224 2651 3394 2707 animi
3444 2669 3574 2725 erga

1998 2756 2201 2811 corpus
2224 2743 2376 2812 justo
2398 2741 2748 2810 proclivioris
2782 2741 3011 2795 affectus
3064 2757 3291 2811 compos
3337 2744 3571 2809 exstitit,

1994 2835 2099 2889 etsi
2132 2834 2188 2887 in
2221 2850 2454 2904 corpore
2488 2844 2757 2896 versatur,
2792 2834 3347 2905 incircumpscriptns
3374 2836 3573 2894 evasit.

1994 2926 2140 2980 Deus
2161 2925 2310 2979 enim
2340 2924 2436 2994 qui
2461 2926 2695 2981 amantis
2728 2940 2791 2979 ac
2816 2925 3181 2979 desiderantis
3214 2926 3572 2996 cupiditatem

1995 3017 2186 3080 trahit,
2227 3017 2365 3070 citra
2398 3031 2619 3069 omnem
2641 3016 3111 3085 comparationem
3142 3018 3359 3072 cunctis
3412 3034 3575 3088 supe-

1996 3107 2111 3161 rior
2136 3116 2241 3169 est,
2270 3121 2373 3160 nec
2402 3115 2677 3160 amantem
2708 3121 2773 3159 ac
2802 3105 3233 3170 desiderantem,
3259 3106 3353 3161 ulli
3379 3123 3573 3162 eorum

1996 3213 2119 3267 quae
2146 3213 2178 3251 a
2212 3197 2325 3251 Deo
2357 3196 2600 3250 secunda
2627 3204 2774 3260 sunt,
2795 3195 2995 3251 affectu
3025 3197 3385 3252 inhaerescere
3417 3198 3569 3254 sinit.

1997 3290 2171 3343 Deum
2204 3289 2375 3358 igitur
2400 3303 2649 3343 amemus
2688 3303 2750 3342 ac
2783 3287 3164 3343 desideremus
3196 3289 3326 3344 totis
3361 3299 3573 3345 natura:

308 3375 425 3429 τῶν
463 3376 632 3430 ὅντων
670 3377 943 3447 αἰσθητῶν
994 3395 1055 3431 τε
1102 3379 1197 3432 καὶ
1250 3380 1456 3448 νοητῶν
1519 3382 1775 3451 ὑπεράνω
1826 3384 1890 3453 τῇ

2000 3380 2247 3441 viribus,
2299 3379 2578 3449 nullisque
2625 3379 2869 3432 animum
2919 3380 3207 3449 corporeis
3256 3380 3570 3434 devinctum

310 3467 556 3522 διαθέσει
604 3468 919 3538 γενώμεθα,
979 3470 1073 3523 καὶ
1120 3470 1271 3522 οὐδὲν
1328 3472 1470 3523 κατά
1521 3472 1619 3543 τὴν
1666 3472 1892 3542 γνώμην

312 3562 455 3634 πρὸς
494 3563 555 3616 τὸ
602 3566 839 3617 συνεῖναι
871 3561 989 3633 Θεῷ
1018 3562 1095 3632 τῷ
1141 3562 1284 3614 κατὰ
1316 3560 1478 3631 φύσιν
1504 3564 1891 3635 ἀπεριγράφῳ,

310 3654 594 3718 παντελῶς
630 3654 735 3708 ὑπὸ
782 3655 881 3725 τῆς
920 3654 1155 3724 φυσικῆς
1214 3654 1560 3724 περιγραφῆς
1615 3652 1893 3725 ζημιωθη-

314 3745 561 3818 σώμεθα.

388 3930 487 3990 ις’.
543 3923 720 3994 Ἀγών
750 3925 869 3977 ἐστι
912 3925 1107 3993 φθόνου
1145 3925 1239 3979 καὶ
1267 3924 1549 3996 ἀρετῆς,ή
1582 3924 1692 3977 τῶν
1722 3925 1894 3993 ἁγίων

310 4016 621 4072 δυσπάθεια
671 4019 785 4089 (g)'
840 4017 933 4071 τοῦ
993 4019 1114 4086 μὲν,
1170 4019 1318 4082 ὅπως
1356 4019 1608 4091 κρατήσῃ
1658 4018 1894 4087 φιλονει-

312 4108 578 4172 κοῦντος·
615 4109 718 4178 τῆς
766 4109 845 4171 δὲ,
896 4111 1044 4172 ὅπως
1093 4110 1362 4180 ἀήττητος
1399 4110 1673 4183 διαμείνῃ,
1716 4110 1895 4164 πάντα

314 4199 619 4271 φερούσης·
658 4200 866 4253 καὶτοῦ
897 4201 1018 4271 μὲν,
1047 4201 1194 4262 ὅπως
1221 4201 1460 4274 εὐοδώσῃ
1496 4202 1664 4255 κακία
1695 4203 1895 4271 ἀγωνι-

313 4291 571 4362 ζομένου,
617 4292 707 4345 διὰ
746 4293 843 4362 τῆς
870 4293 979 4346 τῶν
1010 4292 1423 4363 κατορθούντων
1456 4292 1762 4355 κολάσεως’
1793 4292 1895 4361 τῆς

311 4384 393 4449 δὲ,
437 4385 587 4447 ὅπως
635 4387 882 4457 κατάσχῃ
915 4386 1045 4449 τοὺς
1092 4385 1333 4452 ἀγαθοὺς
1385 4386 1488 4438 κὰν
1530 4388 1651 4449 ταῖς
1685 4402 1896 4455 συμφο-

318 4478 440 4545 ρατς
459 4477 519 4529 τὸ
554 4476 715 4530 πλέον
752 4476 991 4547 ἔχοντας.

1992 3480 2337 3540 praestemus,
2370 3480 2534 3539 atque
2561 3470 2762 3524 affectu
2787 3486 2851 3525 ac
2871 3472 3175 3533 voluntate,
3204 3471 3419 3526 cunctis
3449 3488 3573 3542 quas

1992 3559 2047 3612 in
2077 3574 2299 3613 sensum
2341 3560 2546 3614 cadunt
2592 3569 2907 3614 aut-mente
2942 3561 3363 3632 intelliguntur,
3410 3577 3574 3632 supe-

1992 3651 2171 3706 riores
2208 3652 2536 3717 efliciamur,
2568 3652 2819 3722 nihilque
2864 3668 3093 3722 prorsus
3136 3655 3402 3709 naturalis
3456 3655 3569 3709 cir-

1991 3746 2348 3814 cumscriptio
2374 3745 2577 3808 oberit,
2604 3745 2737 3814 quin
2773 3752 2957 3800 mente
2990 3752 3046 3800 ct
3067 3745 3274 3809 animo,
3302 3760 3427 3800 cum
3454 3745 3570 3801 Deo

1990 3842 2187 3888 natura
2216 3835 2699 3904 incircumscripto
2730 3849 3039 3889 versemur.

2065 3926 2153 3983 16.
2188 3927 2416 3983 Invidiae
2443 3929 2778 3997 virtutisque
2834 3936 3119 3983 certamen
3156 3934 3243 3982 est
3287 3941 3350 3982 ae
3385 3942 3568 3997 pugna

1992 4029 2311 4076 sanctorum
2346 4021 2508 4076 malis
2530 4020 2852 4076 obsistendo
2875 4020 3109 4075 firmitas
3133 4035 3198 4075 ac
3217 4019 3525 4075 constantia
3549 4037 3565 4074 :

1998 4113 2169 4165 altera
2201 4112 2423 4182 quidem
2451 4114 2695 4168 enitente
2726 4124 2787 4167 ut
2817 4113 3045 4167 victoria
3074 4112 3357 4182 poliatur;
3394 4112 3568 4166 altera

1995 4220 2131 4257 vero
2161 4214 2360 4259 cuncta
2388 4205 2598 4259 ferente
2632 4214 2690 4259 ut
2718 4206 2923 4258 invicta
2944 4207 3240 4259 consistat:
3262 4220 3323 4259 ac
3338 4206 3563 4274 quidem

1994 4293 2200 4349 invidia
2232 4294 2287 4349 in
2321 4296 2426 4351 hoc
2454 4304 2701 4351 certante
2733 4306 2793 4351 nt
2830 4295 3027 4350 vitium
3076 4312 3141 4351 ac
3192 4297 3399 4350 malitia
3434 4311 3567 4366 pro—

1999 4402 2191 4456 speros
2223 4402 2514 4442 successus
2542 4387 2763 4453 habeat,
2796 4403 2987 4442 eorum
3020 4404 3201 4458 ptena.
3225 4388 3318 4457 qui
3355 4403 3416 4442 ea
3444 4402 3568 4456 qua:

1999 4479 2161 4534 ofﬁcii
2187 4489 2316 4534 sunt
2342 4490 2606 4550 peragant
2632 4496 2696 4536 ac
2724 4480 2986 4535 virtutem
3020 4488 3316 4550 praestent;
3341 4478 3569 4550 ipsaque

313 4569 545 4633 virtute,
579 4578 641 4623 ut
674 4568 901 4640 probos,
931 4570 1016 4623 vel
1054 4569 1108 4623 in
1136 4571 1400 4624 agrumnis
1438 4585 1501 4625 ac
1528 4568 1655 4625 vitm
1698 4571 1879 4637 malis,
1922 4573 2139 4642 potiore
2166 4583 2315 4627 sorte
2339 4572 2637 4628 contineat.

388 4688 409 4719 "
440 4687 606 4742 Ilcbr.
648 4704 719 4751 Kl,
752 4687 802 4740 ’1.

390 4802 467 4873 (g)
519 4802 582 4855 Ἠ
630 4799 748 4853 τῶν
792 4798 991 4873 dfligi»
1041 4794 1647 4873 δυσξτάθειαηδριιειιε
1678 4794 1890 4873 Maximi

2001 4797 2248 4873 potiores
2271 4803 2401 4850 sunt
2438 4812 2450 4848 :
2495 4794 2687 4873 Melior
2717 4795 2886 4873 longe
2905 4794 3164 4873 nconditio
3187 4773 3369 4873 quam
3390 4794 3569 4873 malo-

311 4864 434 4935 est,"
449 4864 515 4925 'ea
541 4885 722 4941 pugna
753 4864 873 4941 vitii
914 4866 1243 4941 ac_virtutis,
1275 4865 1433 4941 quasi
1454 4864 1772 4941 durpriqni
1796 4882 1895 4941 se-

315 4944 402 4998 rio
430 4935 660 4995 virtutis
688 4940 931 4993 cultores
960 4937 1091 4999 sint,
1136 4945 1196 4989 ιιι
1226 4951 1335 4989 non
1364 4935 1523 4988 facile
1561 4936 1679 4988 laedi
1702 4952 1729 4989 a
1756 4937 1893 4989 vitio

312 5014 549 5084 possint.
592 5011 719 5065 llaec
749 5010 896 5084 enim
927 5008 1184 5084 visejus
1219 5006 1402 5084 vocis,
1438 5015 1498 5058 ut
1541 5005 1629 5058 hic
1659 5006 1891 5084 Maximo

312 5076 636 5151 usurpatur,
698 5081 858 5151 cujus
899 5076 1584 5151 significationisuexstant
1642 5077 1891 5151 exempla

313 5145 470 5223 apud
511 5151 651 5207 Bud.
687 5145 967 5223 etgllenr.‘
1002 5147 1269 5223 Stephan.
1316 5145 1465 5199 Nihil
1493 5145 1560 5198 ad
1589 5161 1703 5223 rem
1740 5145 1888 5216 quod

315 5218 502 5277 reddit
526 5223 709 5283 Picus,
739 5220 1111 5289 Repugnantia
1133 5219 1411 5289 aﬁectuum
1434 5232 1552 5289 qute
1579 5225 1656 5268 est
1680 5218 1731 5289 in
1759 5234 1888 5270 san-

313 5294 411 5348 clis
447 5310 465 5347 :
501 5310 666 5364 quem
698 5287 920 5364 sensum
948 5304 1052 5343 vox
1101 5288 1193 5364 illa
1234 5302 1345 5341 non
1390 5287 1648 5355 partitur.
1696 5288 1888 5364 Posset

314 5357 550 5438 quidem
589 5362 767 5438 reddi,
800 5360 1061 5438 Molestia,
1100 5358 1287 5438 labor_,_
1310 5365 1452 5437 etc...
1480 5367 1542 5438 ut
1574 5357 1889 5438 capulQret

313 5427 380 5500 ΞΙ
412 5452 427 5500 ;
457 5435 552 5489 sed
605 5433 789 5487 minus
823 5432 1059 5500 quadrat
1102 5427 1456 5500 ,prohMaximi
1488 5427 1579 5480 hic
1605 5427 1885 5500 instituto.

314 5497 472 5579 ρυὸς]
498 5506 557 5579 in
598 5505 705 5579 fine
734 5497 857 5579 cap:
903 5510 1009 5562 est,
1049 5499 1165 5579 Τῆς
1206 5497 1280 5579 δε,
1304 5498 1453 5579 ὅπως
1482 5497 1729 5579 κατάσχῃ
1763 5499 1888 5579 τοῦς

315 5566 580 5642 ἇγαθοῦς,
602 5576 704 5627 κάν
732 5566 851 5646 ταῖς
887 5566 1192 5646 συμφοραξς
1215 5568 1275 5619 τὸ
1301 5566 1486 5646 ’πλέον
1510 5566 1754 5646 ἔχοντας,
1788 5568 1892 5621 ιιιὶ-

316 5636 441 5700 sere
467 5636 729 5715 depravat
762 5643 907 5715 idem
930 5636 1113 5715 Piens,
1137 5639 1269 5715 dum
1300 5637 1376 5715 ita
1392 5636 1613 5715 reddit;
1643 5636 1764 5691 Haec
1792 5654 1893 5715 att-

316 5726 444 5779 tem,
470 5707 723 5769 ut'bonos
749 5723 797 5767 et
823 5711 1187 5781 locupletiores
1216 5710 1272 5761 in
1292 5707 1688 5781 calamitatibus
1720 5710 1890 5781 conti-

315 5778 462 5840 neat.
498 5786 665 5840 Plene
710 5787 828 5839 vult
863 5778 1150 5840 Maximus,
1189 5778 1474 5832 continere
1527 5779 1787 5829 virtutem
1832 5778 1885 5831 in

315 5854 498 5912 oﬂlcio
558 5855 778 5926 probos,
835 5866 1073 5923 quorum
1106 5849 1272 5905 etiam
1308 5849 1361 5902 in
1400 5850 1660 5902 aerumnis
1706 5859 1891 5917 partes

2002 4863 2144 4920 rum.
2185 4867 2442 4920 Dicamus
2468 4882 2591 4929 nos,
2627 4864 2728 4930 Qui
2773 4863 2861 4917 ant
2897 4863 3194 4934 l’avantage
3226 4865 3390 4917 méme
3431 4864 3567 4917 dans

2000 4935 2074 4989 les
2125 4936 2418 5005 aﬂlictions,
2496 4944 2604 4990 etc.
2643 4936 2767 4989 Haec
2789 4935 3050 4988 nimirum
3092 4934 3404 5001 evangelica
3439 4950 3568 5003 pro-

1998 5008 2189 5061 missio
2221 5011 2269 5059 :‘
2294 5005 2498 5059 Centies
2548 5015 2754 5059 tantum
2784 5022 2921 5058 nunc
2961 5005 3016 5057 in
3053 5014 3286 5072 tempore
3307 5005 3421 5063 hoc.
3446 5020 3564 5058 eum

1994 5077 2455 5147 persecutionibus,
2482 5076 2648 5130 Marc.
2675 5092 2727 5147 ς,
2751 5076 2817 5128 50
2837 5075 3029 5147 {quod
3048 5073 3278 5147 egregie
3298 5073 3569 5147 maximus

1993 5144 2151 5212 dicit,
2202 5147 2599 5216 κατορθοῦντας
2627 5145 2967 5216 κολάζεσθαι,
3002 5144 3193 5197 idcirco
3235 5145 3412 5216 puniri
3446 5162 3564 5199 ma-

1992 5217 2156 5287 lisque
2178 5214 2349 5285 afﬁci,
2373 5216 2512 5285 quod
2538 5218 2784 5270 virtutem
2813 5214 3045 5287 colamus
3066 5255 3079 5277 ,
3106 5214 3567 5287 etc/liciitenaces

1984 5284 2170 5343 simus.
2206 5284 2262 5342 ld
2292 5284 2442 5343 certe
2476 5288 2571 5355 qui
2604 5294 2881 5355 praestent,
2916 5285 3079 5354 inque
3104 5284 3213 5339 illis
3242 5284 3563 5354 patientiam

1990 5368 2234 5423 teneant,
2272 5375 2367 5414 seu
2415 5354 2618 5427 etiam’
2645 5354 2938 5427 gaudeant,
3003 5356 3208 5410 virtute
3237 5424 3251 5427 _
3276 5355 3453 5427 adulti
3498 5371 3564 5427 ac

1987 5429 2301 5483 Christiana
2349 5424 2698 5484 fortitudine.
2748 5425 2993 5479 omnium
3062 5440 3191 5479 vere
3237 5424 3562 5490 beatissimi,

1990 5501 2395 5568 adversumque
2438 5512 2631 5551 omnes
2661 5496 2723 5548 τὸ
2751 5496 2910 5568 πλέον
2948 5495 3180 5568 ἔχοντες.
3228 5496 3360 5568 Rem
3392 5494 3564 5549 Maxi-

1995 5586 2116 5624 mus
2147 5564 2323 5639 magis
2359 5564 2873 5639 explicatirsequenti
2901 5564 3020 5639 cap.
3049 5566 3205 5639 cujus
3236 5565 3293 5619 in
3322 5566 3428 5639 fine
3461 5580 3564 5619 au-

1992 5656 2086 5694 rea
2139 5635 2411 5694 sententia
2442 5646 2548 5700 est,
2573 5636 2769 5698 Ῥῶσις
2801 5635 2977 5704 ψυχῆς
3011 5638 3123 5699 τοῖς
3178 5636 3562 5705 ὑπομένουσιν,

1989 5713 2017 5761 ὁ
2050 5708 2143 5763 τοῦ
2191 5708 2442 5777 σώματος
2476 5708 2732 5778 αἰκισμός
2753 5722 2765 5734 ⁸
2810 5704 3002 5778 Robur
3036 5707 3201 5760 animi
3228 5704 3319 5778 per
3353 5707 3566 5776 putica.

1990 5782 2140 5845 tiam,
2163 5774 2373 5850 injuria
2404 5794 2464 5831 ac
2493 5774 2765 5848 sugillatio
2798 5777 3053 5854 corporis.
