4064 6432
475 481 494 492 ,
579 401 718 470 ne:

566 613 726 670 tare;
789 619 912 673 qua:
964 603 1226 657 nimirum
1277 600 1527 654 victoriae
1592 597 1841 668 priemio,
1899 597 2007 657 his,
2045 593 2140 662 qui

564 695 887 764 patientiam
913 701 1158 757 teneant,
1198 691 1368 745 animi
1401 690 1958 760 imperturbationem
1974 686 2140 741 ferat:

565 801 674 854 qua
709 785 800 840 ille
830 801 929 855 per
960 784 1285 840 charitatem
1329 784 1440 836 Deo
1469 783 1682 845 unitns,
1733 779 1933 834 affectu
1985 793 2142 832 men-

568 875 748 945 tisque
775 877 1085 946 proposito,
1115 890 1145 928 a
1173 891 1404 944 corpore
1463 873 1782 941 mundoque
1832 879 2140 940 separatur.

567 966 750 1020 Animi
776 968 922 1021 enim
940 967 1110 1021 robur
1137 975 1302 1035 atque
1327 965 1555 1019 ﬁrmitas
1585 963 1907 1019 tenentibus
1935 961 2146 1032 patien-

570 1059 700 1112 tiam
724 1058 839 1127 ipsa
869 1058 1118 1127 corporis
1143 1059 1360 1112 vexatio
1392 1066 1477 1112 est
1495 1072 1562 1111 ac
1593 1055 1812 1127 injuria.

637 1146 723 1200 18.
777 1133 1085 1216 Voluptatis
1157 1147 1631 1202 circumventione
1687 1145 1757 1200 ab
1829 1143 1989 1198 initio
2049 1141 2147 1198 de-

569 1237 736 1306 cepti,
794 1239 941 1303 vitae,
991 1255 1112 1308 qua:
1163 1255 1292 1294 vere
1343 1247 1447 1304 est,
1499 1249 1736 1294 mortem
1779 1238 2142 1308 praetulimus.

570 1327 735 1384 Grato
760 1330 924 1400 igitur
950 1331 1156 1396 animo,
1189 1347 1300 1400 quo
1336 1331 1428 1384 illa
1461 1340 1692 1389 necatur
1717 1370 1733 1386 .
1788 1328 2035 1399 corporis
2067 1328 2149 1381 la-

572 1418 761 1472 borem
791 1435 1200 1490 mrumnamque
1232 1421 1513 1485 feramus;
1562 1435 1672 1490 quo
1703 1420 1966 1472 nimirum
1999 1416 2147 1472 illius

572 1519 769 1573 morte,
795 1527 916 1580 quae
941 1527 1126 1566 secum
1145 1512 1261 1583 ipsa
1283 1512 1501 1566 aboleat
1525 1511 1674 1566 illius
1694 1527 1856 1566 causa
1876 1511 2145 1564 invectam

573 1612 830 1666 mortem,
864 1604 1144 1674 voluptate
1185 1621 1248 1660 ac
1291 1604 1520 1658 libidine
1549 1604 1849 1667 venditam,
1899 1602 2145 1672 exiguis-

573 1709 682 1763 que
715 1695 898 1750 carnis
926 1696 1209 1752 laboribus
1238 1697 1600 1766 redemptam,
1633 1695 1703 1750 ad
1732 1711 1834 1750 nos
1859 1701 2147 1750 reverten-

578 1791 687 1837 tem
711 1784 874 1837 vitam
913 1785 1262 1854 recipiamus.

653 1877 737 1930 19.
769 1875 904 1931 Cum
931 1877 1004 1931 ita
1029 1878 1144 1932 fere
1165 1886 1538 1948 comparatum
1569 1877 1661 1942 sit,
1692 1884 1756 1929 ut
1797 1875 1959 1946 516
2007 1874 2153 1928 bona

579 1969 762 2023 carnis
787 1969 1132 2033 habitudine,
1168 1971 1380 2040 peccati
1407 1973 1562 2041 vigor
1593 1975 1945 2033 concrescat;
1979 1967 2155 2036 liquet

579 2062 738 2131 plane
795 2063 915 2132 ejus
964 2079 1209 2118 aerumna
1263 2064 1514 2133 malaque
1568 2061 1893 2116 habitudine
1933 2061 2157 2115 virtutis

582 2153 781 2207 merito
815 2164 1060 2208 tenorem
1088 2157 1414 2225 pubescere.
1448 2156 1486 2210 F
1490 2156 1595 2210 orti
1621 2156 1788 2226 igitur
1818 2154 2002 2208 animo
2033 2169 2156 2208 car-

583 2245 669 2300 nis
695 2246 913 2302 labores
945 2264 1009 2303 ac
1063 2249 1346 2304 molestias
1400 2249 1684 2314 feramus,
1730 2247 1933 2318 quibus
1989 2246 2157 2300 animi

583 2338 775 2392 sordes
801 2340 1209 2411 abstergantur.
1262 2357 1326 2396 ac
1355 2341 1684 2397 concilietur
1723 2341 1909 2394 futura
1935 2340 2109 2410 gloria
2140 2355 2153 2390 :

583 2427 702 2483 Non
725 2430 871 2484 enim
901 2440 1024 2484 sunt
1053 2432 1326 2503 condigna:
1364 2433 1634 2502 passiones
1677 2433 1832 2501 hujus
1859 2430 2106 2500 temporis
2141 2469 2156 2495 ,

586 2521 657 2574 ad
693 2521 928 2590 futuram
963 2523 1214 2594 gloriam,
1247 2540 1365 2594 qua:
1397 2526 1541 2578 nobis
1575 2524 1721 2576 debet
1753 2521 1977 2576 revelari
2009 2523 2052 2574 ⁸.

654 2613 742 2668 20.
776 2615 844 2670 Ut
876 2631 1056 2685 neque
1086 2615 1286 2671 medici
1317 2615 1575 2670 curandis
1602 2613 1948 2684 corporibus,
1989 2626 2162 2666 unum

587 2703 843 2773 idemque
891 2707 1105 2762 cunctis
1159 2708 1428 2762 adhibent
1475 2693 1816 2772 remedium;
1863 2705 1943 2758 sic
1985 2718 2163 2772 neque

588 2796 899 2851 animorum
925 2801 1193 2864 medicus,
1218 2801 1387 2863 Deus,
1425 2815 1596 2854 unum
1619 2798 1882 2852 duntaxat
1906 2796 2164 2850 omnibus

585 2899 983 2956 congruentem
1017 2891 1170 2944 novit
1197 2891 1505 2945 curationis
1547 2890 1806 2954 modum;
1831 2887 1928 2942 scd
1966 2887 2164 2956 cuique

588 2979 859 3044 tribuens,
881 2983 1024 3050 quod
1049 2999 1146 3052 pro
1164 2983 1312 3037 illius
1328 2983 1540 3037 ratione
1556 2981 1904 3036 commodum
1916 2980 2162 3043 exsistat,

589 3071 854 3126 sanitates
882 3081 1163 3142 operatur.
1197 3073 1416 3128 Gratias
1451 3089 1581 3143 ergo
1605 3087 1827 3143 agamus
1850 3072 1981 3126 dum
2006 3086 2166 3125 cura-

591 3163 994 3229 ttoadhibetur,
1025 3165 1242 3220 tametsi
1268 3181 1356 3220 res
1373 3165 1572 3220 habeat
1591 3165 1894 3220 cruciatum
1917 3181 1932 3230 ;
1961 3163 2162 3234 quippe
2189 3185 2231 3242 ς

590 3266 756 3319 quem
791 3251 985 3306 beatus
1008 3252 1330 3322 faustusque
1363 3252 1490 3306 linis
1525 3262 1917 3321 consequatur.

659 3342 749 3394 21.
805 3343 951 3396 Nihil
988 3343 1069 3396 sic
1110 3343 1280 3397 animi
1323 3343 1580 3398 aﬂ‘ectum
1627 3343 1830 3412 prodit,
1881 3356 1945 3396 ac
1982 3339 2166 3395 carnis

590 3431 896 3487 laborantis
941 3434 1210 3503 malisque
1263 3435 1520 3504 appetiue
1563 3435 1905 3504 insurgentes
1942 3440 2163 3486 motus:

591 3525 795 3593 quibus
824 3525 1099 3594 siquidem
1137 3526 1228 3580 ille
1262 3527 1518 3591 cesserit,
1557 3541 1780 3580 carnem
1807 3525 1980 3593 magis
2001 3538 2166 3592 quam

592 3617 766 3672 Deum
800 3619 980 3672 colere
1012 3635 1076 3673 ac
1103 3634 1288 3673 amare
1319 3619 1554 3688 liquebit
1591 3639 1604 3672 :
1639 3619 1724 3674 sin
1747 3627 1929 3672 autem
1947 3617 2166 3670 illorum

595 3711 899 3765 insultibns
929 3710 1298 3764 inconcussus
1345 3711 1730 3778 permanserit,
1782 3708 1956 3779 pluris
1997 3706 2172 3760 virtu-

595 3809 705 3853 tem
744 3799 947 3863 facere,
986 3816 1150 3869 quam
1179 3815 1400 3854 carnem
1429 3801 1758 3854 monstrabit
1793 3817 1805 3852 :
1840 3799 1998 3868 cujus
2016 3797 2166 3852 cultu

595 3891 768 3945 Deum
799 3891 1253 3945 contubernalem
1286 3892 1590 3959 suscipiet,
1625 3891 1771 3944 illius
1813 3905 1974 3944 causa
2005 3888 2167 3943 simili

595 3983 757 4036 nobis
786 3984 1000 4036 ratione
1032 3982 1317 4052 dignatum
1347 3983 1454 4051 pati
1486 3997 1551 4037 ac
1591 3982 1872 4036 laboribus
1910 3979 2166 4050 defungi,

594 4073 689 4143 qui
721 4083 778 4127 et
812 4073 1029 4138 clamet,
1056 4073 1206 4128 velut
1239 4073 1370 4127 olim
1415 4072 1736 4142 discipulis:
1765 4070 2042 4140 Conﬁdite,
2077 4086 2170 4141 ego

594 4163 694 4215 vici
731 4163 984 4216 mundum
1013 4163 1052 4216 ⁷.

665 4255 756 4310 22.
801 4254 940 4310 Cum
989 4271 1181 4311 omnes
1226 4255 1404 4310 sancti
1455 4254 1827 4325 castigationis
1881 4253 2173 4323 participes

595 4348 824 4412 fuerint,
857 4364 959 4403 nos
988 4364 1210 4418 quoque
1243 4349 1337 4418 qui
1368 4348 1484 4418 pari
1515 4348 1624 4400 illis
1641 4355 1788 4402 sorte
1820 4347 2170 4416 castigemur,

592 4439 798 4509 gratias
823 4454 1069 4508 agamus,
1108 4448 1167 4493 ut
1210 4439 1432 4494 illorum
1478 4439 1666 4510 gloria:
1697 4438 1832 4493 socii
1863 4437 2006 4491 eftici
2052 4453 2170 4492 me-

1281 460 1284 464 .
1714 401 1775 461 S.
1815 395 2006 460 ΜΑΧΙ
2015 391 2105 453 Ml
2143 384 2654 448 CONFESSORIS

637 512 724 568 l7.
761 511 992 568 Virtutis
1024 511 1241 567 lucrum
1270 524 1336 564 ac
1386 516 1651 579 quaestus,
1697 505 1982 561 laboribus
2009 516 2130 558 cer-

2309 493 2396 558 ιζ’.
2449 490 2678 560 Ἀρετῆς
2712 484 2877 542 ἆθλόν
2904 487 3046 549 ἐστι,
3078 485 3138 539 τὸ
3169 487 3281 548 τοῖς
3332 485 3511 548 πόνοις
3544 487 3772 555 ἐναγωνε.

3651 381 3769 447 1188

2245 585 2463 649 ζεσθαι⁹
2497 583 2654 652 νίκης
2709 580 2942 634 ἔπαθλον
2993 579 3268 651 φερούσης
3297 581 3406 642 τοῖς
3456 579 3772 652 ὑπομένωσι,

2243 676 2344 746 τῆς
2385 674 2566 744 ψυχῆς
2597 672 2695 742 τὴν
2741 671 3030 737 ἀπάθειαν,
3062 670 3186 724 καθ’
3213 671 3283 740 ἢν
3310 669 3378 724 δι’
3405 671 3617 743 ἀγάπης
3653 676 3778 730 ἔνου-

2248 765 2386 835 μένη
2417 763 2555 834 Θεῷ,
2583 762 2832 833 σώματος
2871 763 2965 814 καὶ
2992 761 3197 831 κόσμου
3233 762 3299 832 τῇ
3325 760 3558 814 διαθέσει
3584 766 3781 836 χωρίζε.

2242 874 2352 911 ται.
2385 856 2576 926 Ψυχῆς
2605 857 2714 925 γάρ
2743 854 2909 924 ρὦίς
2941 855 3058 906 ἐστι
3095 855 3209 915 τοῖς
3255 853 3628 923 ὑπομένουσιν,
3653 859 3679 909 6
3702 859 3782 912 τοῦ

2246 947 2497 1019 σώματος
2520 947 2796 1016 αἰκισμός.

2317 1143 2408 1206 ιη’.
2462 1134 2686 1203 Ἡδονῆς
2733 1133 2919 1205 ἀπάτῃ
2967 1131 3268 1194 κλαπέντες
3307 1131 3369 1184 τὸ
3415 1131 3683 1202 ἀπαρχῆς,
3711 1134 3788 1189 τὸν

2247 1227 2477 1282 θάνατον
2507 1226 2605 1297 τῆς
2638 1227 2811 1286 ὅντως
2846 1224 2992 1294 ζωῆς
3026 1223 3455 1295 προεκρίναμεν.
3488 1224 3690 1296 Ταύτης
3710 1225 3790 1281 οὖν

2244 1321 2337 1372 τὸν
2368 1319 2631 1389 φονευτὴν
2675 1317 3016 1388 εὐχαρίστως
3057 1316 3369 1385 ὲνέγκωμεν
3415 1315 3573 1368 πόνον
3599 1316 3684 1370 τοῦ
3710 1319 3791 1372 σώ-

2251 1429 2438 1481 ματος,
2471 1412 2619 1473 ὅπως
2663 1409 2759 1462 τοῦ
2794 1407 2995 1477 ταύτης
3054 1407 3286 1461 Θανάτου
3317 1407 3498 1477 ἑαυτῷ
3531 1411 3792 1476 συναφανί-

2249 1521 2439 1566 σαντος
2473 1503 2565 1556 τὸν
2597 1503 2666 1556 δι’
2694 1500 2862 1571 αὐτὴν
2901 1500 3193 1570 γενόμενον
3241 1497 3498 1564 θάνατον,
3536 1499 3792 1553 ἀπολάϐω⁸

2251 1611 2351 1665 μεν
2406 1597 2540 1664 ἡμῖν
2590 1592 3070 1663 ὲπανατρέχουσαν
3137 1590 3238 1660 τὴν
3297 1589 3465 1660 ἡδονῇ
3520 1589 3794 1662 πραθεῖσαν

2248 1685 2413 1758 ζωὴν,
2443 1686 2657 1756 μικροῖς
2692 1683 2873 1746 πόνοις
2903 1681 3102 1754 σαρκὸς
3121 1678 3542 1751 ἁγορασθεῖσαν.

2327 1865 2414 1920 ιϐ’.
2453 1865 2518 1917 El
2550 1862 2749 1934 σαρκὸς
2777 1859 3147 1930 εὐπαθοόσης,
3177 1859 3206 1911 ό
3226 1875 3327 1929 της
3360 1857 3635 1928 αμαρτίας
3665 1856 3797 1910 εἷωθι

2246 1957 2565 2026 ,πιαίνεσθαι
2594 1956 2765 2019 τόνος.
2809 1955 2966 2024 δῆλον
3001 1954 3080 2006 ὅτι
3127 1953 3337 2023 ταύτης
3364 1949 3746 2020 δυσπαθούσης.
3775 1952 3798 2002 ό

2253 2057 2354 2124 τῆς
2399 2053 2602 2124 ἀρετῆς
2645 2050 2852 2122 ἀνηὸᾷν
2887 2048 3112 2111 εἰκότως
3156 2048 3389 2116 πέφυκε.
3432 2045 3685 2108 Γενναίως
3722 2039 3798 2097 οὖν

2257 2148 2569 2216 ὲνέγκωμεν
2605 2145 2706 2214 τῆς
2752 2143 2959 2214 σαρκὸς
3006 2143 3104 2211 τὴν
3144 2138 3500 2203 δυσπάθειαν,
3534 2136 3638 2188 τῶν
3680 2136 3798 2190 κατὰ

2255 2239 2432 2309 ψυχὴν
2469 2233 2634 2290 οὖσαν
2677 2233 2945 2306 ρυπτικὴν
2983 2230 3297 2302 μολυσμῶν,
3336 2228 3435 2282 καὶ
3479 2227 3577 2296 τῆς
3607 2226 3797 2296 μελλού-

2259 2348 2359 2402 σης
2396 2329 2554 2399 δόξης
2601 2327 2862 2398 πρόξενον
2883 2344 2896 2354 ·
2937 2327 3059 2378 Οὐκ
3101 2323 3241 2386 ἄξια
3268 2321 3378 2392 γὰρ
3413 2319 3487 2374 τὰ
3519 2317 3799 2389 παθήματα

2256 2426 2365 2481 τοῦ
2393 2425 2512 2478 νῦν
2527 2422 2755 2492 καιροῦ,
2778 2420 2926 2490 πρὸς
2952 2419 3070 2488 τὴν
3087 2420 3452 2489 μέλλουσαν
3484 2414 3665 2478 δόξαν
3683 2411 3800 2480 ἡμῖν

2257 2516 2798 2571 ἀποκαλύπτεσθαι

2330 2614 2399 2662 κ’.
2442 2605 2578 2658 υῦτε
2617 2605 2777 2673 σῶμα
2819 2603 3216 2674 θεραπεύοντες
3281 2601 3486 2670 ῖατροῖ,
3528 2599 3585 2652 ἓν
3623 2597 3710 2651 καὶ
3751 2597 3799 2648 τὺ

2261 2702 2395 2756 αὐτὸ
2430 2703 2565 2754 πᾶσι
2587 2697 2964 2769 προσφέρουσι
3000 2698 3315 2768 φάρμακον,
3346 2693 3472 2748 οὔτε
3492 2693 3621 2756 Θεὸς
3644 2689 3798 2760 ψυχῶν

2265 2792 2531 2865 ἰατρεύων
2559 2793 2864 2860 νοσήματα,
2895 2790 2993 2843 ’ἐνα
3037 2790 3199 2856 μόνον
3251 2787 3551 2858 θεραπείας
3574 2779 3671 2837 οἶδε
3702 2783 3798 2852 τρό-

2264 2901 2366 2937 πον
2403 2885 2611 2946 πάσαις
2653 2882 2949 2953 ἁρμόδιον·
2983 2881 3099 2936 ἀλλ⁹
3134 2880 3346 2953 ἑκάστῃ
3389 2880 3483 2933 τὸν
3532 2877 3798 2947 πρόσφορον

2264 2975 2594 3046 ἀπονείμας,
2633 2975 2732 3038 τὰς
2776 2975 2949 3037 ἰάσεις
2994 2971 3312 3044 ἐργάζεται.
3339 2967 3796 3042 Εὐχαριστήσωμεν

2264 3065 2358 3122 οὖν
2391 3067 2843 3139 θεραπευόμενοι,
2871 3066 2973 3120 κᾶν
3007 3065 3105 3138 ἔχῃ
3143 3066 3379 3137 βάσανον
3416 3062 3477 3116 τὸ
3513 3059 3794 3130 γινόμενον·

2264 3159 2325 3213 τὸ
2341 3160 2411 3228 γὰ
2419 3177 2449 3230 ρ
2465 3159 2640 3221 τέλος,
2672 3157 2964 3229 μακάριον.

2339 3341 2446 3389 κα’.
2488 3333 2653 3386 Οὐδὲν
2682 3330 2825 3385 οὕτω
2854 3329 3032 3399 ψυχῆς
3059 3327 3274 3396 ἐλέγχει
3307 3322 3570 3383 διάθεσιν,
3605 3320 3673 3383 ὡς
3692 3333 3796 3386 σαρ-

2268 3429 2360 3490 κὸς
2380 3423 2764 3493 δυσπαθούσης
2799 3419 3258 3490 ὲπαναστήματα·
3283 3412 3388 3479 οἷς,
3423 3415 3517 3468 ἐὰν
3548 3413 3641 3483 μὲν
3666 3411 3797 3462 ὑπεν-

2266 3518 2362 3588 δῷ,
2399 3515 2537 3569 Θεοῦ
2582 3515 2742 3567 πλέον
2790 3510 3093 3581 στέργουσα
3140 3508 3240 3577 τὴν
3275 3509 3463 3578 σάρκα
3505 3504 3795 3572 φανήσεταιο

2269 3610 2363 3662 ἐὰν
2399 3609 2458 3662 δὲ
2500 3611 2607 3669 τοῖς
2648 3605 2854 3658 τούτων
2888 3602 3145 3674 διαμείνῃ
3194 3599 3526 3668 τινάγμασιν
3569 3595 3796 3651 ἄσειστος.

2273 3700 2477 3771 σαρκὸς
2510 3698 2671 3751 πλέον
2690 3697 2891 3766 ἀρετὴν
2913 3693 3132 3764 τιμῶσα
3151 3691 3532 3761 δειχθήσεται⁸
3559 3685 3622 3738 δι’
3653 3679 3710 3754 ἦς
3728 3681 3798 3771 τὸν

2269 3769 2402 3848 Θεδν
2436 3791 2644 3844 ἐνοικον
2689 3787 3036 3853 ὑποδέξεται,
3065 3785 3156 3837 τὸν
3186 3783 3253 3835 δι’
3283 3782 3458 3850 αὐτὴν
3496 3776 3675 3832 παθεῖν
3701 3769 3796 3826 καθ’

2270 3887 2417 3956 ἡμᾶς
2442 3883 2835 3953 ἀνασχόμενον,
2861 3879 3088 3949 βοῶντα,
3112 3875 3366 3947 καθάπερ
3401 3871 3566 3926 πάλαι
3588 3870 3691 3930 τοῖς
3715 3881 3796 3936 μα-

2271 3979 2496 4049 θηταῖς·
2532 3974 2839 4044 Θαρσεῖτε,
2866 3973 2981 4041 ἐγὼ
3017 3970 3309 4036 νενίκηκα
3346 3968 3458 4021 τὸν
3479 3965 3710 4033 κόσμον.

2341 4246 2447 4320 κβ’.
2489 4249 2553 4301 Εἰ
2596 4256 2800 4308 παντες
2836 4242 3086 4306 παιδείας
3122 4243 3173 4294 οἱ
3219 4239 3370 4308 ἅγιοι
3414 4233 3658 4305 γεγόνασ.
3685 4223 3794 4320 μὲι-

2273 4359 2409 4413 οχοι,
2438 4341 2531 4393 καὶ
2556 4341 2721 4409 ἡμεῖς
2743 4335 3232 4407 εὐχαριστήσωμεν
3261 4329 3360 4382 σὺν
3382 4327 3564 4388 αὐτοῖς
3589 4313 3795 4413 παιδευόο

2277 4409 2450 4503 μενοι,
2482 4432 2570 4484 ἵνα
2595 4433 2694 4501 τῆς
2727 4428 2907 4482 αὐτῶν
2943 4427 3163 4497 μέτοχοι
3195 4421 3454 4492 γενέσθαι
3495 4415 3642 4484 δόξης
3668 4409 3794 4503 ἀξιως

595 4545 832 4584 reamur.
870 4529 1038 4594 Quem
1067 4533 1206 4584 enim
1238 4498 1508 4584 Domina;
1521 4530 1715 4600 diligit,
1753 4531 2013 4600 castigat;
2068 4531 2161 4601 ﬂa-

2274 4498 2480 4598 θῶμεν.
2505 4527 2606 4578 Ὃν
2623 4498 2733 4594 rep
2759 4517 2961 4592 ἀγαπᾶ
2981 4518 3214 4586 Κύριος,
3241 4513 3508 4568 παιδεύει
3527 4527 3542 4542 ο
3562 4498 3795 4578 μαστιγοῖ

595 4620 759 4694 gellat
793 4629 969 4674 autem
999 4638 1206 4676 omnem
1236 4622 1433 4690 ﬁlium,
1465 4639 1618 4692 quem
1649 4623 1863 4693 suscipit
1892 4624 1933 4675 ⁸.

665 4714 757 4768 25.
797 4713 1038 4768 Adamus
1058 4713 1301 4782 quidem,
1325 4726 1534 4769 costam
1559 4715 1896 4784 voluptatem
1934 4723 2165 4783 proten-

595 4800 816 4855 dentem
847 4817 913 4855 ac
948 4801 1235 4856 libidinem
1276 4805 1519 4872 proclive
1558 4803 1822 4872 probans,
1867 4803 2027 4873 eique
2073 4819 2169 4858 ac-

595 4889 905 4959 quiescens,
923 4889 1222 4944 humanum
1242 4905 1416 4960 genus
1436 4891 1694 4960 paradiso
1727 4892 1905 4960 ejecit,
1931 4893 1951 4922 ⁹
1977 4893 2166 4946 Ι)οωί-

597 4997 704 5036 nus
729 4996 860 5035 vero
885 4995 1011 5034 cum
1043 4981 1230 5036 labore
1260 4981 1362 5036 hac
1392 4990 1549 5050 parte
1587 4981 1778 5036 lancea
1804 4982 2071 5037 discissus
2099 4983 2165 5047 ⁸ο,

598 5071 654 5125 in
682 5072 998 5142 paradisum
1044 5072 1313 5128 latronem
1351 5073 1570 5127 induxit
1622 5074 1687 5125 ”.
1748 5072 1942 5128 Carnis
1981 5075 2168 5144 itaque

599 5164 840 5219 laborem
868 5163 1180 5233 diligamus,
1209 5165 1457 5234 ejusdem
1499 5165 1839 5234 voluptatem
1888 5181 1952 5220 ac
1982 5166 2172 5220 libidi-

601 5273 726 5313 nem
765 5257 893 5311 odio
921 5257 1223 5311 habeamus
1254 5273 1268 5309 :
1301 5255 1391 5310 ille
1428 5271 1666 5325 namque
1714 5256 1907 5324 pandit
1937 5258 2172 5323 aditum,

506 5419 510 5424 '
602 5349 870 5419 bonisque
899 5350 1174 5415 restituit;
1200 5349 1316 5404 haec
1342 5348 1511 5419 ejicit,
1562 5358 1727 5418 atque
1762 5366 1792 5404 a
1823 5350 1985 5404 bonis
2017 5351 2177 5421 longe

600 5440 833 5495 dirimit.

671 5532 764 5586 24.
797 5531 936 5587 Cum
971 5532 1117 5586 Deus
1142 5530 1318 5585 factus
1340 5531 1506 5586 homo
1544 5547 1708 5587 carne
1745 5531 2007 5602 patiatur,
2052 5531 2178 5602 quis

583 5639 718 5678 .non
749 5625 862 5694 pati
913 5625 1130 5694 gestiat,
1162 5623 1249 5676 cui
1291 5624 1438 5678 Deus
1474 5623 1747 5692 passionis
1779 5637 1942 5694 atque
1977 5624 2183 5679 laboris

679 5741 700 5772 ‘
731 5741 888 5795 Rom.
930 5758 1043 5804 νιιι,
1091 5741 1173 5795 18.
1249 5742 1268 5770 ⁷
1299 5741 1456 5796 Joan.
1511 5759 1618 5807 xvr,
1646 5743 1732 5797 35.
1812 5743 1832 5774 ⁸
1869 5742 2033 5798 Prov.
2083 5759 2158 5807 Ill,

2256 5741 2312 5794 ι·
2375 5739 2546 5795 Hebr.
2583 5737 2758 5802 xn,6.
2837 5734 3016 5790 9Gen.
3072 5732 3268 5796 "1,25.

611 5809 651 5843 “
684 5810 813 5866 Luc.
852 5827 998 5876 mn,
1046 5811 1132 5875 40,
1166 5811 1252 5881 43.

2273 4618 2342 4672 δὲ
2366 4617 2562 4670 πάντα
2590 4614 2744 4677 υἱὸν,
2771 4613 2845 4666 ὃν
2871 4609 3282 4678 παραδέχεται.

2345 4707 2452 4777 κγ’.
2506 4710 2564 4759 Ὁ
2596 4706 2696 4776 μὲν
2741 4703 2916 4772 Ἀδάμ
2972 4700 3072 4768 τὴν
3107 4696 3348 4768 πλευρὰν
3390 4692 3580 4766 ἡδονὴν
3621 4681 3795 4777 «potel-

2275 4819 2475 4856 νουσαν
2501 4798 2974 4871 παραδεξάμενος,
3007 4793 3113 4859 ἔξω
3141 4790 3234 4844 τοῦ
3261 4787 3587 4860 παραδείσου
3612 4774 3797 4871 ποιεῖλτδ

2275 4869 2646 4967 ἀνθρώπινον’
2671 4894 2700 4946 ὁ
2737 4891 2795 4944 δὲ
2827 4889 3034 4959 Κύριος
3065 4885 3212 4955 πόνῳ
3253 4881 3458 4952 ταύτην
3488 4878 3572 4932 διὰ
3702 4869 3796 4967 δότ·

2275 4963 2397 5062 χηςν
2438 4983 2804 5056 ἀνασχισθεὶς,
2857 4981 2950 5036 τὸν
2998 4978 3202 5052 λῃστὴν
3255 4976 3364 5028 ἔσω
3394 4972 3488 5026 τοῦ
3519 4963 3796 5039 παραδείσου

2279 5082 2555 5153 ἐποίησεν.
2599 5077 3003 5146 Ἀγαπήσωμεν
3039 5071 3220 5124 τοίνυν
3254 5067 3344 5121 τὸν
3382 5065 3541 5119 πόνον
3568 5063 3657 5153 τῆς
3691 5067 3792 5153 cap-

2280 5175 2373 5237 κός
2395 5144 2768 5242 ’.μισήσωμεν
2799 5144 2856 5220 δὲ
2891 5144 3095 5233 ταύτης
3127 5160 3225 5231 τὴν
3264 5159 3492 5231 ἡδονήν·
3533 5156 3560 5227 6
3601 5151 3695 5242 μὲνΔ

2279 5232 2490 5333 εἰσάγει
2535 5232 2632 5316 καὶ
2667 5232 2782 5322 τοῖς
2820 5232 3060 5326 ἀγαθοῖς
3099 5251 3559 5320 ἀποκαθίστησιν·
3598 5245 3628 5312 ἡ
3659 5239 3707 5293 δὲ
3732 5232 3780 5296 ἐξ

2283 5357 2405 5423 άγει
2429 5351 2654 5408 καὶτῶν
2685 5348 2906 5420 ἀγαθῶν
2933 5344 3309 5412 ἀποδιίστησιν

2354 5532 2453 5587 κδ’.
2497 5533 2560 5585 Ei
2597 5530 2734 5594 Θεὸς
2761 5529 2962 5598 πάσχει
3009 5526 3199 5597 σαρκί,
3229 5523 3516 5592 γενόμενος
3540 5513 3790 5598 ἄνθρωπος·

2281 5625 2364 5687 τίς
2394 5624 2622 5690 πάσχων
2652 5621 2713 5672 οὑ
2734 5594 3096 5688 γέγηθεκθεὸν
3113 5616 3254 5686 ἔχων
3281 5615 3378 5668 τοῦ
3405 5610 3598 5670 πάθους
3623 5594 3787 5668 συμμέο

3347 5731 3388 5760 ὀ
3415 5727 3560 5780 Joan.
3607 5730 3696 5775 XIX,
3723 5705 3785 5761 Ἆ
