4064 6438
276 419 412 483 1189

963 425 1299 485 CAPITUM
1337 426 1761 497 QUINQUIES
1800 427 2319 489 CENTENORUM
2361 427 2746 489 CENTURIA
2783 428 2835 486 Ι.

3413 422 3549 488 1190

268 551 462 604 τοχον;
503 527 547 602 ᾧ
594 535 655 588 τὸ
704 536 1072 608 συμπάσχειν,
1107 537 1392 607 βασιλείας
1421 538 1682 609 πρόξενον
1713 540 1847 608 γίνε·

1965 541 2149 595 socius
2172 539 2244 593 sit
2268 540 2291 592 ’ί
2340 540 2501 609 cujus
2529 540 2677 593 socia
2707 536 2911 607 passio,
2944 550 3174 606 regnum
3200 549 3460 605 procurat
3486 552 3550 593 ac

270 644 382 683 ται.
441 626 674 699 ’Δληθὴς
716 629 826 700 γὰρ
854 631 882 683 ό
918 631 1120 683 εἰπών·
1169 630 1352 699 Εἴπερ
1391 631 1856 702 συμπάσχομεν,

269 717 369 770 Ira
397 717 495 770 καὶ
524 718 1059 790 συνδοξασθῶμεν.

340 806 440 863 κε’.
482 809 543 863 El
575 810 794 875 πάντως
825 812 1059 882 πονῆσαι
1084 813 1185 878 δεῖ,
1240 813 1327 867 διά
1381 814 1481 885 τὴν
1515 814 1859 886 ὲμφυρεῖσαν

268 900 335 969 τῇ
364 898 528 967 φύσει
564 899 656 953 διὰ
684 901 778 953 τοῦ
810 902 1159 974 προπάτορος
1190 903 1406 973 ἡδονὴν,
1434 905 1697 973 γενναίως
1732 906 1858 969 τοὺς

268 992 644 1066 προσκαίρους
696 997 1128 1067 καρτερὴσωμεν
1176 998 1392 1063 πόνους,
1420 999 1519 1068 τῆς
1566 1015 1624 1051 τε
1658 998 1858 1069 ἡδονῆς

265 1085 330 1135 τὸ
380 1084 610 1156 κέντρον
649 1088 782 1158 ἡμῖν
830 1088 1232 1157 ἀμϐλύνοντας,
1272 1090 1511 1142 καὶτῶν
1562 1090 1629 1143 δι’
1680 1090 1857 1159 αὐτῆς

268 1178 419 1246 ἡμᾶς
445 1179 679 1232 αἰωνίων
716 1179 1140 1249 ἐλευθεροῦντας
1165 1180 1463 1236 κολάσεων.

336 1354 453 1419 κς’.
492 1354 716 1407 Πάντων
744 1354 856 1406 τῶν
904 1354 1127 1421 ἀγαθῶν
1159 1355 1314 1416 τέλος
1348 1356 1499 1409 ἐστὶν
1545 1356 1579 1426 ἠ
1636 1355 1852 1426 ἀγάπη,

264 1446 343 1510 ὼς
381 1448 517 1517 πρὸς
539 1448 671 1499 Θεὸν
694 1447 755 1499 τὸ
776 1446 886 1499 τῶν
916 1447 1140 1516 ἀγαθῶν
1171 1448 1498 1519 ἀκρότατον,
1526 1449 1619 1501 καὶ
1648 1448 1855 1513 παντὸς

265 1539 445 1591 αἴτιον
473 1538 704 1607 ἀγαθοῦ.
742 1540 870 1602 τοὺς
901 1540 961 1593 ὲν
999 1540 1137 1612 αὐτῇ
1178 1539 1617 1611 περιπατοῦντας
1644 1541 1856 1609 ἄγουσα

264 1631 363 1683 καὶ
394 1632 747 1701 προσάγουσα
778 1632 874 1684 καὶ
906 1633 1236 1700 συνάγουσα,
1268 1631 1344 1694 ὼς
1378 1632 1545 1702 πιστὴ
1582 1632 1675 1685 καὶ
1700 1632 1853 1686 ἀδιά-

265 1743 486 1790 πτωτος
515 1726 592 1795 (h)
624 1726 722 1780 καὶ
753 1728 1014 1797 μένουσα.
1053 1729 1117 1781 Ἥ
1150 1728 1333 1792 πίστις
1361 1726 1491 1798 γάρ,
1525 1728 1688 1797 βάσις
1736 1730 1853 1781 ἐστὶ

264 1818 377 1871 τῶν
406 1818 525 1888 μετ’
549 1818 737 1888 αὐτὴν,
769 1818 984 1883 ἐλπίδος
1013 1819 1157 1887 λέγω
1206 1818 1304 1871 καὶ
1339 1819 1584 1889 ἀγάπης,
1621 1818 1853 1889 βεϐαίως

1963 629 2241 683 conciliat.
2275 628 2456 683 Verax
2486 630 2634 683 enim
2664 638 2772 693 est,
2797 626 2890 696 qui
2924 626 3003 682 ait
3032 645 3044 679 :
3084 626 3143 681 Si
3170 630 3547 697 compatimur,

1960 728 2019 772 ut
2049 729 2098 773 et
2125 718 2583 790 conglori/icemur
2615 721 2679 773 ".

2031 810 2121 864 25.
2163 810 2300 865 Cum
2373 810 2601 865 omnino
2654 811 2874 864 labores
2918 810 3224 866 desudandi
3271 811 3425 877 sint,
3477 811 3549 865 ob

1962 903 2317 959 commistam
2352 912 2565 957 natura:
2598 903 2787 971 proavi
2850 904 3051 974 injuria
3100 905 3442 974 voluptatem
3484 920 3549 958 ac

1959 989 2272 1057 libidinem,
2305 1006 2690 1065 temporaneos
2720 995 2879 1065 517
2905 1005 3130 1051 strenue
3169 997 3391 1052 labores
3425 1013 3551 1067 per-

1959 1086 2226 1150 feramus,
2260 1086 2354 1155 qui
2406 1096 2463 1140 et
2500 1086 2802 1155 voluptatis
2857 1102 2919 1140 ac
2968 1087 3221 1142 libidinis
3260 1089 3546 1143 stimulum

1957 1180 2122 1233 nobis
2153 1179 2472 1244 retundant,
2500 1179 2835 1248 aeternisque
2868 1181 3153 1249 suppliciis
3185 1197 3423 1251 quorum
3456 1183 3547 1236 illa

1959 1279 2154 1324 auctor
2180 1279 2286 1332 est,
2326 1271 2589 1323 eximant.

2028 1364 2117 1417 9.6.
2150 1362 2406 1417 Omnium
2437 1363 2710 1427 bonorum
2758 1362 2883 1416 ﬁnis
2916 1373 2999 1416 est
3044 1364 3304 1428 charitas,
3335 1372 3396 1417 ut
3424 1380 3547 1434 qum

1960 1451 2016 1505 in
2048 1452 2166 1521 ipsa
2194 1453 2541 1506 ambulantes
2564 1452 2630 1505 ad
2659 1452 2827 1505 Deum
2858 1468 3173 1521 supremum
3201 1453 3403 1507 bonum
3431 1471 3519 1508 om

1956 1544 2151 1611 nisque
2198 1543 2327 1597 boni
2362 1553 2667 1607 auctorem,
2720 1554 2978 1613 tanquam
3018 1545 3142 1609 ﬁda,
3188 1555 3243 1599 et
3277 1563 3397 1616 qua:
3434 1562 3545 1601 non

1955 1635 2171 1689 excidat
2233 1645 2596 1705 maneatque,
2667 1635 2867 1699 ducat,
2923 1637 3243 1701 admoveat,
3302 1640 3543 1708 colligat.

1956 1723 2119 1777 Fides
2149 1724 2318 1787 enim,
2348 1726 2695 1794 sequentium
2726 1725 3142 1780 fundamentum
3170 1738 3255 1782 est
3282 1729 3416 1797 (spei
3442 1730 3547 1783 sci-

1954 1815 2085 1869 licet
2114 1825 2170 1869 et
2200 1816 2508 1885 charitatis)
2537 1834 2658 1887 quae.
2700 1818 2989 1873 veritatem
3040 1819 3275 1874 ﬁrmiter
3318 1830 3540 1876 statuat.

265 1913 329 1963 τὸ
362 1911 565 1981 ἀληθὲς
606 1911 919 1980 ὑφεστῶσα.
953 1912 1019 1965 Ἦ
1048 1911 1103 1965 δὲ
1137 1911 1317 1976 ἐλπὶς,
1342 1911 1452 1964 τῶν
1484 1911 1670 1983 ἄκρων
1696 1911 1847 1964 ἐστὶν

1955 1907 2113 1977 Spes,
2149 1919 2520 1964 extremorum
2576 1911 2882 1982 (cbaritatis
2931 1927 2994 1965 ac
3044 1912 3195 1983 ﬁdei)
3234 1914 3410 1968 robur
3456 1921 3544 1969 est

271 2004 449 2073 ἰσχὺς.
498 2003 719 2073 ἀγάπης
755 2003 899 2072 λέγω
942 2004 1037 2057 καὶ
1071 2002 1331 2067 πίστεως,
1360 2003 1422 2055 τὸ
1461 2003 1653 2057 πιστόν
1693 2020 1752 2057 τε
1780 2003 1846 2056 δι’

266 2096 476 2164 ἑαυτῆς
506 2096 601 2149 καὶ
648 2096 708 2149 τὸ
764 2095 995 2167 ὲραστὸν
1051 2097 1257 2167 ἀμφοῖν
1313 2096 1712 2164 ὑποφαίνουσα,
1752 2095 1848 2148 καλ⁸

263 2188 406 2259 πρὸς
427 2189 561 2241 αὐτὸ
592 2189 683 2241 τὸν
708 2188 912 2259 δρόμον
941 2188 1008 2241 δι’
1038 2190 1239 2260 ἑαυτῆς
1262 2190 1537 2243 ποιεῖσθαι
1563 2189 1849 2243 διδάσκου-

222 2258 361 2333 ’κα.
402 2280 464 2331 Ἥ
522 2280 580 2332 δὲ
642 2258 853 2349 ἀγάπη,
903 2280 1112 2333 τούτων
1164 2258 1281 2334 ἐστὶ
1335 2282 1752 2353 συμπλήρωσις,
1786 2283 1847 2336 τὸ

263 2368 497 2439 ἔσχατον
531 2370 753 2440 ὀρεκτὸν
776 2370 899 2423 ὅλον
926 2371 1019 2441 ὅλη
1050 2374 1562 2444 περιπτυσσομένη,
1592 2375 1689 2428 καὶ
1720 2375 1848 2429 ταύ-

260 2476 389 2522 ταις
412 2462 511 2530 τῆς
536 2462 625 2515 ἐπ’
646 2462 779 2515 αὐτὸ
823 2465 1090 2532 κινήσεως
1125 2466 1316 2519 στάσιν
1344 2468 1717 2537 παρεχομένη,
1750 2468 1845 2521 τοῦ

265 2551 549 2605 πιστεύειν
596 2548 759 2614 εἶναι,
814 2554 910 2606 καὶ
940 2554 1185 2617 ἐλπίζειν
1231 2557 1593 2626 παρέσεσθαι,
1624 2560 1685 2611 τὸ
1713 2564 1847 2615 ἀπο-

263 2643 457 2697 λαῦειν
485 2646 750 2715 παρόντος
780 2646 845 2699 δι’
872 2648 1072 2718 ἑαυτῆς
1105 2649 1525 2717 ἀντεισάγουσα.

339 2735 445 2801 κζ’.
480 2738 680 2807 Ἔργον
709 2739 807 2809 τῆς
832 2739 1055 2809 ἀγάπης
1074 2740 1434 2803 τελειότατον,
1470 2742 1565 2795 καὶ
1598 2742 1697 2810 τῆς
1724 2742 1846 2795 κατ’

264 2829 443 2899 αὐτὴν
482 2830 761 2900 ἐνεργείας
792 2832 986 2900 πέρας,
1010 2833 1077 2885 δι’
1100 2835 1420 2898 ἀντιδόσεως
1452 2836 1710 2905 σχετικῆς
1737 2834 1845 2887 τῶν

264 2923 392 2974 κατ’
418 2921 586 2991 αὐτὴν
610 2924 993 2992 συνημμένων,
1019 2924 1270 2995 ἀλλήλοις
1297 2927 1605 2997 ἐμπρέπειν
1618 2928 1685 2979 τά
1709 2925 1846 2979 ἰδιώ-

269 3014 567 3082 ματα,καὶ
621 3014 722 3076 τάς
757 3014 981 3084 κλήσεις
1036 3018 1513 3087 παρασκευάζειν·
1576 3019 1668 3071 καὶ
1723 3018 1845 3071 θεὸν

268 3106 373 3175 μὲν
394 3105 484 3157 τὸν
503 3105 788 3175 ἄνθρωπον
810 3109 1006 3169 ποιεῖν,
1033 3108 1320 3180 ἄνθρωπον
1345 3109 1401 3163 δὲ
1434 3109 1527 3162 τὸν
1557 3110 1689 3162 Θεὸν
1712 3128 1847 3187 χρη-

268 3195 526 3264 ματίζειν
561 3196 655 3248 καὶ
686 3194 993 3264 φαίνεσθαι,
1019 3195 1108 3250 διὰ
1135 3198 1233 3265 τὴν
1281 3197 1410 3267 μίαν
1457 3198 1552 3251 καὶ
1594 3199 1843 3269 ἀπαράλ-

1956 2010 2120 2069 atque
2168 2000 2432 2067 firmitas;
2468 2019 2590 2072 qua:
2632 2004 2749 2073 ipsa
2799 2004 3020 2074 utrique
3067 2004 3148 2059 rei
3191 2004 3352 2060 ﬁdem
3386 2022 3541 2060 amo-

1956 2107 2184 2162 remque
2230 2094 2512 2157 ostendat,
2559 2109 2893 2165 cursumque
2948 2095 3003 2149 iu
3056 2110 3178 2149 eam
3229 2113 3328 2151 sua
3374 2113 3541 2167 opera

1955 2185 2401 2239 contendendum
2448 2186 2661 2241 doceat.
2715 2186 2968 2242 Charitas
3011 2205 3162 2254 vero,
3212 2189 3406 2243 harum
3456 2199 3541 2244 est

1955 2278 2417 2346 complementum
2443 2320 2457 2341 ,
2510 2287 2685 2332 totum
2722 2287 2832 2333 tota
2885 2295 3202 2349 supremum
3243 2280 3541 2350 appetibile

1953 2371 2345 2440 complectens,
2382 2371 2624 2441 ipsisque
2656 2388 2684 2425 a
2722 2382 2874 2426 motu
2924 2374 2978 2426 in
3024 2373 3158 2427 illud
3202 2374 3441 2443 quietem
3477 2390 3543 2428 ac

1955 2463 2315 2517 cessationem
2352 2465 2633 2534 pnebens;
2674 2466 2795 2535 ejus
2838 2466 2960 2518 loco
2995 2482 3059 2519 ac
3101 2467 3389 2521 credamus
3418 2483 3541 2522 esse

1952 2555 2312 2626 futurumque
2358 2574 2664 2627 speremus,
2697 2567 2756 2611 ut
2797 2574 2895 2627 per
2922 2574 3042 2612 eam
3086 2567 3359 2630 praesente
3388 2560 3539 2614 frua-

1955 2664 2080 2703 mur
2114 2665 2176 2703 ac
2206 2650 2609 2719 possideamus,
2647 2650 2931 2705 inducens.

2022 2742 2110 2793 ‘27.
2143 2741 2443 2795 Charitatis
2492 2741 2952 2811 perfectissimum
2996 2757 3135 2810 opus
3165 2750 3268 2803 est,
3312 2742 3542 2811 ejusque

1953 2833 2290 2901 operationis
2318 2832 2461 2896 linis,
2491 2842 2550 2887 ut
2576 2850 2674 2903 per
2698 2850 2839 2898 eam,
2870 2835 3148 2903 reciproca
3181 2834 3413 2903 quadam
3445 2834 3543 2887 ha-

1953 2925 2222 2979 bitudiuis
2278 2926 2675 2989 attributione,
2726 2941 2916 2979 eorum
2972 2926 3065 2994 qui
3118 2925 3207 2979 illa
3259 2924 3539 2997 conjuncti

1952 3027 2101 3080 sunt,
2127 3018 2244 3072 aliae
2271 3018 2394 3071 aliis
2418 3018 2787 3086 proprietates
2810 3018 3139 3086 nominaque
3163 3017 3495 3072 conveniant
3519 3033 3535 3069 :

1954 3118 2015 3164 ut
2065 3119 2121 3164 et
2163 3110 2441 3163 hominem
2470 3110 2655 3173 deum,
2686 3110 2971 3180 Deumque
3019 3109 3298 3162 hominem
3344 3108 3539 3162 audire

1952 3216 2015 3255 ac
2047 3201 2221 3255 videri
2273 3201 2456 3265 faciat,
2504 3201 2573 3255 ob
2620 3201 2867 3255 eamdem
2918 3200 3167 3270 nihilque
3214 3199 3538 3254 dissimilem

262 3287 464 3339 λακτον
494 3286 821 3357 ἀμφοτέρων
863 3288 1006 3341 κατά
1037 3288 1097 3341 τὸ
1132 3288 1345 3360 θέλημα
1388 3289 1642 3360 βούλησίν
1680 3289 1739 3361 (i)
1788 3308 1846 3344 τε

1952 3292 2236 3347 amborum
2265 3293 2609 3346 voluntatem
2639 3307 2702 3345 ac
2734 3290 3150 3361 appetitionem.

263 3376 363 3429 καὶ
400 3377 632 3445 κίνησιν.

337 3475 447 3537 κη’.
478 3469 540 3520 Εἰ
568 3470 687 3521 κατ’
718 3470 902 3522 εἰκόνα
929 3469 1067 3523 Θεοῦ
1092 3470 1310 3532 πάντως
1333 3472 1515 3541 ἡμεῖς,
1552 3470 1844 3540 γενώμεθα

262 3560 479 3613 ἑαυτῶν
517 3562 609 3614 καὶ
639 3563 734 3615 τοῦ
783 3562 953 3617 Θεοῦ·
1018 3564 1220 3633 μᾶλλον
1270 3564 1348 3629 δὲ,
1385 3565 1547 3632 μόνου
1598 3568 1691 3619 καὶ
1721 3566 1843 3619 ὅλου

261 3652 427 3712 Θεοῦ,
459 3655 554 3707 καὶ
598 3654 734 3718 ὅλοι,
772 3655 941 3725 μηδὲν
974 3656 1219 3723 ἐπίγειον
1269 3657 1326 3707 ὲν
1356 3658 1488 3725 ἡμῖν
1518 3658 1701 3720 αὐτοῖς
1746 3658 1843 3724 φέ-

266 3760 478 3813 ροντες,
512 3746 599 3797 ἵνα
634 3745 755 3816 Θεῷ
808 3746 1223 3816 πλησιάσωμεν,
1261 3749 1354 3799 καὶ
1391 3747 1501 3800 θεοὶ
1534 3747 1845 3817 γενώμεθα,

262 3836 333 3887 ὲκ
360 3835 499 3889 Θεοῦ
532 3838 595 3890 τὸ
625 3838 738 3891 θεοὶ
789 3835 928 3892 εἶναι
974 3840 1251 3903 λαϐόντες.
1294 3840 1451 3893 Οῦτω
1480 3840 1590 3911 γάρ
1618 3844 1846 3909 τιμᾶται

259 3926 337 3981 τά
367 3927 483 3980 θεῖα
508 3929 829 4000 δωρήματα,
853 3932 949 3985 καὶ
980 3933 1012 3983 ὖ
1040 3934 1138 4003 τῆς
1168 3931 1318 3996 θείας
1338 3935 1561 4004 εἰρήνης
1586 3934 1841 4003 φιλοφρο-

261 4019 439 4071 νεῖται
472 4021 763 4092 παρουσία.

343 4203 447 4257 κθν.
473 4205 635 4273 Μέγα
664 4204 872 4273 ἀγαθὸν
924 4207 957 4275 ἡ
992 4206 1203 4275 ἀγάπη,
1258 4204 1354 4258 καὶ
1382 4203 1490 4258 τῶν
1525 4204 1747 4273 ἀγαθῶν
1779 4206 1842 4260 τὸ

262 4294 488 4363 πρῶτον
513 4296 608 4348 καὶ
640 4294 917 4367 ἐξαίρετον
947 4297 1172 4365 ἀγαθὸν,
1212 4295 1286 4359 ὼς
1315 4295 1447 4349 Θεὸν
1478 4295 1572 4349 καὶ
1628 4294 1840 4365 ἀνθρώ-

340 4448 387 4481 ⁸⁸
416 4449 575 4505 Rom.
606 4466 721 4516 vni,
760 4453 849 4506 17.

2018 3472 2105 3527 28.
2143 3470 2422 3541 Siquidem
2468 3469 2693 3523 omnino
2724 3468 2791 3523 ad
2838 3468 2933 3523 Dei
2984 3483 3174 3522 sumus
3216 3465 3532 3537 imaginem,

1948 3566 2123 3618 nostri
2174 3566 2417 3633 ipsorum
2454 3562 2662 3630 Deique
2707 3560 3040 3623 eﬂiciamur;
3088 3560 3196 3612 imo
3226 3560 3407 3628 potius
3435 3559 3534 3613 toti

1941 3655 2007 3709 ad
2039 3672 2207 3709 unum
2240 3663 2525 3724 totumque
2556 3655 2751 3717 Dcum,
2783 3654 2917 3706 nihil
2952 3653 3053 3721 ipsi
3088 3653 3141 3706 in
3172 3653 3332 3706 nobis
3356 3662 3530 3707 terre-

1942 3764 2072 3800 num
2126 3748 2395 3811 ferentes,
2450 3756 2789 3815 spectemus,
2834 3754 2895 3798 ut
2940 3746 3051 3799 Deo
3099 3744 3535 3814 propinquemus

1943 3838 2129 3907 diique
2178 3839 2404 3901 liamus;
2458 3836 2554 3890 Ι)ρί
2606 3836 2711 3889 hoc
2754 3850 2982 3889 munere
3013 3834 3324 3894 consecuti,
3361 3844 3421 3888 ut
3457 3833 3532 3888 dii

1947 3929 2293 3983 exsistamus.
2332 3927 2423 3981 Sic
2446 3927 2592 3981 enim
2621 3926 2822 3980 divinis
2854 3924 3016 3978 donis
3059 3925 3293 3979 habetur
3332 3925 3530 3988 honor,

1950 4022 2260 4091 divinaeque
2307 4022 2457 4091 pacis
2501 4019 2792 4089 praesentia
2843 4027 3122 4088 gratanter
3146 4018 3420 4086 excipitur
3447 4024 3534 4071 at-

1945 4130 2052 4185 que
2082 4114 2368 4183 probatur.

2012 4206 2102 4259 29.
2136 4205 2333 4273 Ingens
2366 4203 2608 4258 charitas
2656 4202 2891 4265 bonum,
2923 4203 3173 4270 interque
3222 4202 3366 4255 bona
3413 4199 3531 4270 pri-

1942 4311 2093 4349 mum
2122 4310 2186 4349 ac
2220 4294 2516 4359 eximium;
2549 4309 2669 4364 quae
2704 4294 2819 4363 ipsa
2857 4293 3029 4347 Deum
3056 4301 3113 4347 et
3148 4293 3403 4347 homines
3434 4305 3532 4361 per

336 4582 414 4656 ([2)
454 4584 558 4637 Kal
593 4583 981 4656 ἀδιάπτωτος.
1013 4584 1178 4656 Quasi
1210 4584 1350 4656 ipsa
1385 4566 1545 4656 inse.
1578 4593 1836 4656 constans

1952 4585 2365 4656 ἀπαραλλάκτῳ,
2417 4584 2606 4656 ὁμοίῳ,
2648 4582 3005 4656 παράᾲμηδὲν
3069 4580 3524 4656 παραλλάσσοντι.

239 4653 525 4725 ἐιλίίι-ιηε.
553 4663 608 4709 et
631 4656 778 4723 quod
807 4655 884 4709 ait
923 4656 1112 4725 Apost.
1133 4655 1173 4708 1.
1196 4653 1322 4710 Cdr.
1352 4671 1466 4719 χιιι,
1495 4654 1528 4706 8
1550 4672 1562 4708 :
1584 4657 1616 4723 ἡ
1649 4655 1836 4725 ἀγάπη

259 4722 520 4795 οὐδέποτε
542 4722 814 4795 ἐκπίπτει.
835 4722 1083 4779 Charitas
1108 4742 1379 4795 nunquam
1403 4722 1640 4779 excidit:
1666 4741 1727 4778 ea
1760 4722 1845 4778 nil-

239 4794 468 4863 ,mirum
500 4794 732 4858 ratione,
765 4812 873 4865 qua
896 4796 1233 4865 reliquarum
1262 4795 1529 4849 virtutum
1577 4796 1848 4864 theologi-

260 4878 477 4935 carumj
510 4866 970 4934 complementum
1026 4872 1145 4926 est;
1222 4865 1282 4917 τὸ
1346 4865 1570 4935 ἔσχατον
1620 4866 1847 4934 ὀρεκτὸν

240 4934 387 4989 ὅλον
436 4933 532 5002 ὅλη
583 4933 1084 5005 περιπτυσσυμένη,
1137 4944 1304 4988 totum
1354 4933 1463 4988 tota
1500 4933 1847 5004 complectens

260 5019 573 5075 supremum
620 5006 933 5075 appetibile,
968 5008 1193 5075 ejusque
1231 5006 1518 5075 praesentis
1563 5005 1844 5069 fruitione,

262 5021 573 5127 surremum
620 5021 933 5075 appenoue,
968 5021 1193 5075 ejusque
1231 5021 1518 5075 praesentis
1563 5021 1844 5069 trumone,

262 5073 307 5145 li
348 5074 399 5128 ei
426 5090 512 5145 ac
541 5075 656 5144 spei
699 5077 754 5130 in
800 5076 974 5145 ipsum
1018 5084 1201 5129 motus
1233 5077 1418 5145 quiete
1460 5076 1680 5129 sistens.
1713 5076 1845 5141 Qua:

261 5144 348 5197 sic
392 5144 536 5198 clara
569 5161 632 5199 ac
668 5144 993 5215 theologica,
1049 5146 1173 5213 quis
1215 5144 1355 5199 ferat
1406 5146 1480 5199 ita
1521 5146 1651 5199 Pico
1686 5146 1841 5199 nullo

261 5229 430 5269 sensu
456 5215 686 5287 reddita,
706 5216 836 5281 Quae
866 5226 979 5286 post
1001 5216 1180 5268 omnia
1213 5232 1429 5286 prorsus
1456 5216 1749 5287 expetenda
1772 5225 1848 5271 est

263 5295 315 5337 et
339 5295 449 5337 tota
476 5286 742 5340 induenda
765 5288 791 5339 ?

340 5355 402 5420 (ί)
438 5356 538 5407 Διὰ
561 5355 834 5424 τήν-μίαν
857 5354 1845 5424 καίἀπυρὰλλακτον...βούλησιν.

263 5423 432 5498 Picus
449 5426 595 5494 quod
622 5423 740 5481 eam
763 5443 951 5482 vocem
970 5423 1406 5498 ἀπαράλλακτον,
1428 5427 1845 5498 immutabilem,

266 5494 483 5569 reddit;
514 5497 809 5569 statimque
839 5505 963 5569 post
986 5513 1034 5551 c.
1057 5494 1229 5569 2'9,in
1250 5496 1357 5569 illis
1384 5496 1590 5560 verbis,
1612 5497 1726 5569 fript
1753 5499 1848 5569 τοῦ

265 5564 297 5637 θ
304 5581 400 5637 eoo
400 5564 560 5633 μένου
574 5567 709 5637 πρὸς
722 5564 812 5620 τὸν
826 5564 957 5620 Θεὸν
978 5572 1113 5620 κατά
1126 5567 1186 5620 τὸ
1203 5567 1403 5635 ἀγαθὸν
1419 5564 1847 5637 ἀπαραλλαξίαν,

266 5633 511 5702 Deiﬁcati
549 5654 582 5690 a
620 5633 728 5691 Deo
765 5638 1134 5708 impossibilem
1176 5654 1230 5691 se
1252 5633 1596 5703 arationem;
1626 5638 1785 5708 longe
1818 5654 1847 5693 a

267 5719 422 5763 vero.
458 5715 564 5763 est.
620 5722 862 5763 sanaaue
896 5708 1164 5761 doctrina.
1225 5655 1534 5763 ﬁtrobiaue
1582 5709 1731 5762 enim
1789 5710 1846 5763 τὸ

267 5719 422 5777 vero,
445 5715 564 5777 est,
620 5722 862 5777 sanaque
896 5708 1164 5761 doctrina.
1225 5708 1534 5777 Utrohique
1582 5709 1731 5762 enim
1789 5710 1846 5763 τὸ

267 5775 688 5847 ἀπαράλλακτον
734 5775 790 5832 et
853 5778 1228 5847 ἀπαραλλαξία
1255 5816 1270 5840 ,
1319 5775 1508 5833 exacta
1544 5778 1844 5833 similitudo

269 5851 372 5909 est,
400 5846 546 5902 nulla
568 5850 725 5918 quasi
759 5847 1068 5904 differentia
1092 5858 1149 5903 et
1190 5850 1529 5904 evariatione
1563 5866 1577 5902 :
1607 5849 1839 5922 llesych.

1948 4636 2110 4721 Quod
2172 4636 2700 4711 reddeiei'voluerit
2730 4636 2737 4645 ’
2763 4636 2976 4707 Philox.
3046 4662 3102 4707 et
3145 4636 3305 4705 vetus
3348 4651 3529 4704 Gloss.

1951 4720 2143 4796 Steph.
2191 4742 2315 4780 cum
2348 4726 2692 4796 indiscretum
2715 4734 3026 4796 exponunt.
3055 4722 3244 4796 _Grc.g.
3280 4722 3335 4775 in
3383 4720 3529 4775 diem

1948 4793 2155 4851 Christi
2195 4797 2372 4850 Natal.
2421 4798 2453 4863 ἡ
2492 4794 2909 4863 ἀπαράλλακτος
2944 4793 3109 4847 εἰκών
3146 4810 3157 4821 °
3218 4793 3403 4861 Imago
3437 4807 3532 4863 per

1948 4868 2126 4919 omnia
2155 4866 2361 4919 similis.
2395 4861 2653 4933 Nihilque
2689 4864 2955 4935 theologis
2985 4864 3253 4924 crebrius,
3288 4877 3351 4935 ea
3381 4861 3531 4935 vocis

1949 4937 2096 5011 illius
2120 4936 2455 5011 acceptione,
2478 4931 2647 5011 velin
2680 4931 2897 5011 divinis
2917 4935 3188 5004 personis,
3224 4931 3384 5011 vel_in
3410 4931 3531 5011 qui:

1948 5007 2054 5061 bus
2082 5001 2321 5076 perfecta
2354 5006 2655 5061 secundum
2694 5001 3015 5067 bonitatem,
3065 5012 3268 5076 quanta
3316 5001 3526 5076 homini

1953 5071 2233 5141 concessa,
2284 5093 2406 5131 cum
2444 5078 2551 5130 Deo
2603 5077 3027 5152 similitndoest
3062 5071 3157 5142 per
3204 5071 3529 5152 charitatem

1955 5164 2075 5216 qua:
2100 5156 2279 5201 tamen
2323 5163 2421 5201 nec
2467 5158 2665 5201 statum
2694 5146 3110 5205 immutabilem.
3144 5160 3247 5216 nec
3282 5143 3530 5211 impossi-

1951 5215 2117 5272 bilem
2154 5234 2182 5271 a
2208 5219 2319 5272 Deo
2364 5218 2765 5286 scparationem
2795 5218 2944 5275 facit,
2988 5226 3161 5286 extra,
3185 5215 3357 5286 ipsam
3394 5228 3529 5286 con-

1950 5289 2371 5343 summationem
2401 5282 2455 5341 et
2487 5288 2581 5341 Dei
2602 5289 2891 5349 visionem,
2923 5287 2990 5340 de.
3014 5301 3119 5353 qua
3149 5282 3414 5338 maximus
3439 5282 3530 5339 hic

1950 5374 2059 5413 non
2093 5362 2223 5429 agit.
2273 5358 2543 5412 Fraudem
2569 5357 2939 5429 feceritri’ico
2971 5356 3161 5425 Steph.
3188 5355 3241 5408 in
3275 5354 3529 5429 Thesauri

1952 5424 2153 5492 indice,
2193 5428 2284 5483 ubi
2319 5430 2471 5481 nullo
2516 5440 2741 5482 auctore
2774 5426 2981 5495 (nescio
3006 5424 3077 5480 an
3105 5442 3172 5479 ex
3205 5424 3375 5479 veteri
3418 5424 3526 5495 ali-

1955 5516 2060 5570 quo
2093 5491 2378 5570 glossario,
2408 5500 2494 5553 vel
2524 5514 2591 5552 ex
2621 5514 2721 5570 suo
2760 5491 2957 5567 capite)
2983 5496 3383 5570 ἀπαραλλαξία·
3410 5491 3527 5548 Νοη

1950 5568 2168 5633 mutari,
2211 5586 2302 5623 seu
2352 5568 2780 5632 immutabilitas,
2812 5568 3141 5629 constantia;
3196 5574 3526 5621 cumtamen

1952 5640 2119 5706 idem,
2150 5649 2188 5695 t.
2222 5640 2263 5703 l,
2300 5640 2441 5694 bene
2465 5648 2729 5709 exponat;
2754 5648 3052 5709 arguatque
3074 5637 3300 5709 VBiIibal.
3334 5635 3387 5689 in
3404 5635 3525 5693 loro

1950 5712 2113 5765 allato
2134 5709 2293 5780 Greg.
2318 5710 2473 5779 quasi
2501 5707 2788 5779 perperam
2814 5707 3133 5774 reddiderit,
3167 5709 3525 5765 incommuta-

1950 5781 2066 5834 bilis
2094 5780 2405 5834 similitudo.

1949 5782 2066 5836 bilis
2094 5782 2405 5835 similitudo.
