4064 6440
624 374 758 444 1191

1788 451 1792 454 ﬁ
1813 368 1880 431 S.
1919 367 2212 431 MAXIMl
2251 365 2765 428 CONFESSORIS

3713 369 3822 439 1192

623 505 682 547 se
706 486 950 559 copulet,
981 485 1131 542 circa
1155 497 1307 548 eum,
1338 479 1436 552 qui
1471 478 1562 534 illa
1587 476 1856 549 praeditus
1874 486 1996 544 est;
2023 477 2214 532 faciat-

2322 492 2456 542 πους
2490 476 2557 529 δι’
2590 477 2789 547 ἑαυτῆς
2830 475 2959 548 περὶ
2985 473 3076 528 τὸν
3103 474 3275 547 αὐτὴν
3297 473 3483 546 ἔχοντα
3513 477 3826 541 συνάπτουσαι

623 596 752 651 que,
779 589 845 635 ut
873 579 970 650 qui
1013 577 1298 652 hominum
1331 587 1505 646 genus
1537 571 1803 633 condidit,
1838 582 1901 627 ut
1929 570 2092 625 homo
2121 584 2216 639 ap-

590 700 596 709 -
625 681 835 745 pareat,
883 673 955 728 ob
983 686 1254 728 summam
1289 670 1411 742 ejus
1442 668 1538 738 qui
1570 667 1773 724 deitate
1820 666 2058 722 donatur
2091 679 2216 720 cum

625 765 759 828 Deo,
798 764 1014 820 ratione
1053 762 1205 826 boni,
1246 758 1428 830 quoad
1478 758 1690 816 homini
1734 771 2058 812 concessum
2097 763 2216 820 est,

624 856 1081 920 similitudinem;
1132 868 1297 924 quam
1340 859 1604 922 praestare
1632 851 1910 913 existimo,
1941 848 2047 904 hoc
2071 848 2219 918 quod

622 961 729 1017 est,
751 953 990 1022 Diligere
1015 950 1312 1005 Dominum
1336 950 1509 1004 Deum
1533 964 1602 1004 ex
1631 955 1748 1002 toto
1773 945 1940 1002 corde
1961 956 2018 1001 et
2037 945 2221 999 anima

624 1053 682 1100 et
708 1045 950 1108 virtute;
981 1049 1040 1097 et
1068 1042 1379 1112 proximum
1416 1041 1560 1095 sicut
1593 1041 1835 1109 seipsum
1870 1038 1934 1091 “.

699 1134 790 1188 30.
848 1133 1266 1189 Observandum
1310 1132 1613 1195 diabolum,
1643 1132 1771 1186 dolo
1796 1139 1976 1187 astute
1999 1146 2223 1201 compo—

628 1226 759 1290 sito,
796 1241 896 1296 per
928 1225 1215 1294 φιλαυτίαν
1251 1225 1478 1295 (caecum
1506 1224 1719 1279 scilicet
1741 1238 1807 1278 ac
1830 1223 2103 1277 carnalem
2135 1222 2222 1277 sui

628 1319 898 1388 amorem)
947 1318 1248 1388 voluptatis
1279 1317 1502 1388 objectu
1557 1315 1874 1372 seducendo
1907 1315 2219 1380 hominem,

629 1411 812 1481 ipsum
848 1411 1012 1480 518
1043 1427 1075 1466 a
1105 1411 1239 1474 Deo,
1270 1409 1517 1478 aliosque
1545 1408 1616 1462 ab
1659 1407 1804 1472 aliis,
1850 1407 2225 1478 pugnantibus

631 1503 831 1558 animis
853 1519 918 1558 ac
946 1502 1239 1559 sententiis
1270 1500 1639 1573 disjunxisse;
1669 1515 1930 1569 perversa
1959 1498 2222 1552 nimirum

631 1595 991 1658 rectitudine,
1037 1595 1205 1664 inque
1253 1594 1402 1646 hunc
1439 1593 1662 1646 modum
1691 1591 1868 1646 divisa
1911 1599 2129 1655 natura,
2159 1605 2225 1644 ac

635 1684 692 1740 in
725 1686 923 1742 multas
947 1685 1237 1754 opiniones
1263 1683 1584 1754 judiciaque
1605 1681 1798 1736 scissa.

706 1775 793 1829 5i.
829 1775 960 1828 Tria
992 1782 1121 1828 sunt
1169 1773 1408 1828 maxima
1449 1781 1505 1826 et
1541 1769 1869 1842 primigenia
1899 1768 2072 1834 vitia;
2102 1783 2224 1823 om-

634 1867 852 1936 nisque,
883 1875 944 1920 ut
973 1867 1143 1922 semel
1170 1866 1372 1930 dicam,
1395 1864 1519 1919 vitii
1547 1864 1702 1934 origo
1725 1873 1780 1919 et
1803 1878 2002 1927 causa;
2029 1875 2228 1932 nempe

636 1959 968 2031 ignorantia,
991 1959 1249 2028 φιλαυτία
1269 1957 1579 2029 (improbus
1603 1957 1689 2012 sui
1710 1972 1775 2011 ac
1795 1955 2034 2010 carnalis
2053 1952 2228 2024 amor)

633 2060 694 2107 et
725 2051 1010 2123 tyrannis;
1039 2067 1070 2106 a
1101 2066 1159 2106 se
1205 2051 1470 2106 nimirum
1516 2060 1713 2114 mutuo
1739 2047 2061 2120 pendentia,
2091 2047 2231 2106 alia-

635 2158 743 2213 que
774 2143 898 2198 aliis
930 2143 1041 2198 vim
1091 2159 1157 2198 ac
1202 2143 1638 2200 stabilimentum
1669 2143 1990 2214 praebentia.
2024 2142 2105 2196 Ex
2132 2140 2231 2198 Dei

635 2237 784 2298 enim
814 2235 1145 2307 ignorantia,
1171 2246 1258 2292 est
1279 2236 1538 2305 φιλαυτία
1564 2237 1763 2308 (aecus
1784 2236 1876 2291 ille
1906 2235 2105 2306 amor),
2133 2251 2233 2291 ex-

637 2346 747 2400 que
773 2329 886 2394 itla,
921 2330 1174 2400 tyrannis
1201 2329 1306 2400 (vis
1335 2329 1551 2385 scilicet
1585 2329 1796 2400 iniqua)
1824 2343 1951 2399 erga
1975 2343 2073 2383 eos
2095 2343 2233 2398 quos

637 2422 929 2494 conjungit
967 2421 1186 2493 generis
1214 2421 1463 2493 ejusdem
1511 2420 1884 2477 necessitudo.
1931 2420 2046 2475 Nec
2077 2419 2232 2490 quis-

637 2530 805 2586 quam
841 2521 933 2569 eat
967 2513 1204 2578 inﬁcias,
1249 2513 1386 2583 quin
1426 2513 1807 2583 nequissimus
1850 2528 1952 2582 per
1997 2512 2234 2567 abusum

638 2609 988 2679 propriarum
1026 2607 1227 2661 virium
1273 2606 1530 2678 (rationis
1569 2605 1806 2670 scilicet,
1841 2604 2158 2676 cupiditatis
2177 2612 2235 2660 et

639 2701 758 2771 ine)
793 2701 910 2762 haec
945 2699 1003 2754 in
1035 2698 1197 2754 nobis
1229 2699 1464 2754 suscitet
1494 2713 1560 2753 ac
1587 2696 1806 2752 eﬁiciat.

712 2795 802 2850 52.
846 2793 1089 2864 Ᾱῑιιιιιιιιη
1119 2809 1254 2850 sane
1295 2807 1360 2854 ac
1388 2809 1487 2863 par
1515 2801 1619 2857 εει,
1667 2801 1730 2854 ut
1771 2806 1873 2862 pro
1902 2790 2232 2862 ignorantia,

640 2902 743 2958 per
766 2885 1052 2944 scientiam
1085 2885 1154 2940 ad
1182 2887 1356 2940 Deum
1397 2883 1832 2955 singularissime
1865 2898 2058 2949 unum,
2089 2898 2237 2954 quaa-

643 2979 818 3036 rendo
854 2994 1206 3044 moveamur;
1251 2977 1554 3048 cupiditate
1590 2991 1744 3040 vero,
1778 2975 2066 3044 φιλαυτίας
2108 2990 2236 3046 pra-

643 3071 809 3143 vique
839 3071 1044 3128 amoris
1071 3070 1196 3126 labe
1226 3085 1389 3140 pura,
1421 3069 1478 3124 in
1503 3069 1679 3124 Deum
1715 3068 1896 3123 solum
1931 3084 2118 3123 amore
2143 3068 2239 3123 de-

2319 570 2414 622 καὶ
2439 568 2515 634 ὡς
2553 567 2841 635 ἄνθρωπον
2867 569 2962 621 τὸν
2987 568 3221 639 ποιητὴν
3251 566 3359 621 τῶν
3387 566 3668 639 ἀνθρώπων
3694 579 3831 648 φανῆ.

2320 676 2410 712 ναι
2439 658 2962 728 παρασκευάζουσα,
3013 656 3103 711 διὰ
3145 658 3244 730 τὴν
3281 656 3376 710 τοῦ
3425 657 3692 730 θεουμένου
3723 669 3832 737 πρὸς

2319 750 2414 804 τὸν
2445 749 2580 803 Θεὸν
2637 750 2781 804 κατά
2833 750 2895 804 τὸ
2942 749 3144 820 ἀγαθὸν
3194 749 3272 814 ὡς
3321 751 3536 820 ἐφικτὸν
3590 754 3832 831 ἀνθριὶιπῳ,

2319 842 2741 915 ἀπαραλλαξίαν
2765 860 2779 874 ⁸
2812 843 2880 916 ἢν
2911 844 3160 914 ἐνεργεῖν
3205 842 3568 914 ὑπολαμϐάνω
3602 847 3675 912 τὸ,
3707 851 3836 920 Ἀγα.

2323 940 2495 1008 πῆσαι
2525 936 2731 1008 Κύριον
2757 936 2849 990 τὸν
2882 936 3016 990 Θεὸν
3048 937 3108 1004 ἐξ
3152 935 3284 1006 ὅλης
3311 935 3558 1008 καρδίας,
3581 938 3667 992 καὶ
3693 939 3836 1014 ψυχῆς

2322 1030 2416 1083 καὶ
2441 1029 2723 1100 δυνάμεως
2746 1045 2761 1058 ·
2791 1029 3002 1084 καὶτὸν
3036 1028 3268 1099 πλησίον
3301 1026 3376 1090 ὡς
3404 1027 3608 1084 ἑαυτόν.

2392 1120 2457 1175 λ’.
2503 1121 2722 1185 Ἰστέον,
2757 1121 2834 1186 ὡς
2884 1121 3020 1193 δόλῳ
3076 1120 3406 1192 κακούργως
3457 1124 3842 1197 μεμηχανημένῳ

2321 1212 2412 1266 διά
2456 1213 2764 1284 φιλαυτίας,
2817 1213 2940 1268 καθ’
2995 1213 3194 1286 ἡδονῆς
3251 1212 3558 1285 προσϐολὴν
3601 1216 3842 1288 ἀπατήσας

2322 1308 2473 1378 ἡμᾶς
2508 1309 2538 1360 ὁ
2593 1306 2862 1371 διάϐολος,
2893 1305 3031 1360 Θεοῦ
3073 1307 3173 1359 καὶ
3203 1302 3450 1374 ἀλλήλων
3499 1305 3636 1358 κατά
3662 1306 3846 1378 γνώμην

2322 1399 2596 1469 διέστησε,
2632 1399 2694 1454 τὸ
2724 1399 2880 1463 εύθὲς
2909 1396 3263 1470 διαστρέψας,
3294 1394 3392 1450 καὶ
3433 1394 3530 1466 τὴν
3558 1394 3702 1464 φύσιν
3733 1402 3848 1454 κατὰ

2323 1495 2416 1548 τὸν
2447 1494 2652 1565 τρόπον
2689 1493 2878 1548 τοῦτον
2913 1491 3164 1563 μερίσας,
3201 1490 3296 1544 καὶ
3322 1487 3641 1558 κατατεμὼν
3659 1491 3730 1556 είς
3753 1493 3848 1546 πολι

2325 1586 2425 1648 λὰς
2454 1586 2614 1652 δόξας
2645 1586 2742 1640 καὶ
2771 1586 3092 1656 φαντασίας.

2399 1774 2500 1828 λα’.
2536 1774 2678 1846 Τρία
2713 1774 2832 1830 ἐστὶ
2861 1774 2930 1828 τὰ
2957 1774 3192 1847 μέγιστα
3222 1774 3317 1829 καὶ
3341 1774 3640 1848 ἀρχέκακα,
3673 1775 3752 1829 καὶ
3773 1775 3851 1829 πά-

2335 1884 2456 1938 σης,
2474 1865 2661 1930 ἁπλῶς
2693 1869 2890 1932 εἰπεῖν,
2918 1867 3120 1932 κακίας
3150 1867 3482 1938 γεννητικά⁶
3512 1869 3850 1938 ἄγνοια,φημὶ,

2332 1962 2429 2014 καὶ
2475 1959 2736 2028 φιλαυτία
2780 1961 2872 2014 καὶ
2927 1961 3210 2033 τυραννίςο
3271 1961 3516 2031 ἀλλήλων
3564 1961 3852 2032 ἐξηρτημένα

2334 2053 2430 2106 καὶ
2482 2053 2550 2107 δι’
2602 2053 2850 2124 ἀλλήλων
2903 2055 3293 2125 συνιστάμενα.
3334 2055 3433 2108 Ἐκ
3485 2054 3591 2126 γάρ
3639 2055 3726 2125 τῆς
3754 2055 3853 2125 περὶ

2334 2143 2468 2197 Θεοῦ
2495 2143 2740 2211 ἀγνοίας,
2769 2147 2803 2216 ὴ
2829 2144 3090 2214 φιλαυτία
3110 2163 3123 2175 ·
3167 2147 3233 2200 ὲκ
3261 2144 3320 2198 δὲ
3353 2144 3580 2215 ταύτης,
3605 2145 3636 2216 ὴ
3667 2143 3781 2217 πρὸς
3811 2144 3852 2201 τὸ

2337 2236 2597 2305 συγγενὲς
2618 2237 2878 2310 τυραννίς
2916 2240 3054 2293 ἐστι.
3109 2239 3221 2292 Καὶ
3253 2237 3432 2302 οὐδεὶς
3464 2239 3673 2309 ἀντερεῖ
3716 2237 3851 2305 λόγος,

2338 2331 2412 2401 μὴ
2445 2330 2565 2400 οὐχὶ
2613 2329 2692 2400 τῷ
2724 2331 2867 2384 κατά
2921 2331 3274 2402 παράχρησιν
3304 2331 3495 2402 τρόπῳ
3541 2330 3644 2384 τῶν
3686 2328 3854 2383 οἰκείων

2333 2419 2638 2492 δυνάμεων,
2663 2420 2823 2489 λόγου
2848 2439 2906 2474 τε
2934 2423 3030 2476 καὶ
3058 2421 3353 2494 ἐπιθυμίας
3378 2421 3475 2476 καὶ
3499 2421 3683 2494 θυμοῦ,
3700 2419 3852 2483 ταύτας

2334 2514 2394 2568 ὲν
2433 2514 2569 2585 ἡμῖν
2606 2511 2698 2568 τὸν
2724 2513 2963 2586 πονηρὸν
2991 2513 3426 2586 ὑποστήσασθαι.

2408 2787 2475 2861 λβ
2495 2827 2510 2843 .
2540 2806 2694 2852 Δεον,
2724 2788 2869 2858 λόγῳ
2920 2787 3043 2860 μὲν,
3089 2788 3212 2844 ἀντὶ
3249 2786 3354 2858 τῆς
3394 2785 3634 2857 ἀγνοίας,
3661 2783 3774 2858 πρὸς
3789 2781 3854 2836 τὸν

2337 2883 2473 2937 Θεὸν
2503 2881 2594 2935 διὰ
2641 2881 2897 2950 γνώσεως
2951 2880 3101 2934 κατά
3134 2878 3365 2952 ζήτησιν
3406 2877 3702 2950 μονώτατον
3734 2877 3852 2929 κινεί-

2341 2973 2508 3029 σθαι·
2540 2974 2609 3028 δι’
2639 2974 2941 3046 ἐπιθυμίας
2985 2973 3066 3036 δὲ,
3097 2972 3193 3027 τοῦ
3233 2972 3333 3042 τῆς
3381 2970 3662 3041 φιλαυτίας
3701 2967 3853 3030 πάθους

2339 3067 2612 3140 καθαρᾶς,
2636 3066 2781 3120 κατά
2827 3065 2994 3120 πόθον
3028 3065 3167 3138 πρὸς
3208 3065 3302 3118 τὸν
3348 3064 3487 3119 Θεὸν
3517 3064 3668 3134 μόνον
3691 3060 3852 3116 ἐλαύνε-

644 3166 961 3236 siderioque
987 3179 1246 3234 agamur;
1281 3163 1366 3217 ira
1397 3161 1660 3232 denique,
1706 3160 1796 3215 cui
1841 3160 1994 3214 nulla
2025 3159 2110 3214 vis
2135 3159 2231 3214 ini-

2343 3159 2468 3215 σθαι
2487 3177 2502 3192 ’
2538 3160 2636 3214 καὶ
2658 3159 2739 3231 τῷ
2765 3159 2926 3232 θυμῷ
2949 3158 3267 3231 τυραννίδος
3313 3158 3718 3231 κεχωρισμένῳ,
3757 3153 3852 3226 πρὸς

645 3273 755 3328 qua
787 3271 995 3320 comes,
1021 3255 1194 3311 Deum
1221 3253 1569 3314 solummodo
1601 3251 1822 3321 assequi
1853 3252 2232 3316 connitamur;

647 3361 814 3421 atque
847 3349 1010 3404 nobis
1042 3348 1242 3402 horum
1288 3346 1522 3416 prolem,
1566 3361 1632 3400 ac
1679 3346 1736 3399 in
1768 3346 1927 3416 cujus
1969 3344 2085 3399 haec
2117 3359 2238 3414 gra-

647 3442 781 3496 tiam
815 3439 1078 3509 (divinam
1109 3437 1324 3493 scilicet
1364 3450 1429 3490 ac
1473 3435 1691 3492 beatam
1737 3435 2082 3500 charitatem,
2115 3450 2238 3505 quae

646 3541 707 3587 et
749 3533 864 3587 Deo
899 3531 1148 3600 copulet,
1183 3529 1460 3598 deumque
1489 3529 1670 3583 virum
1707 3527 2022 3598 religiosum
2051 3543 2114 3582 ac
2140 3527 2238 3583 Dei

649 3625 919 3680 cultorem
945 3622 1164 3690 efﬁciat)
1191 3620 1511 3676 conﬁemus.

719 3717 809 3772 55.
833 3715 1114 3779 Φιλαυτία,
1142 3714 1222 3769 ιιιί
1263 3713 1471 3768 dictum
1506 3722 1611 3778 est,
1635 3713 1788 3768 velut
1806 3713 2066 3768 vitiorum
2086 3712 2238 3783 prin-

651 3807 775 3877 cipe
820 3816 986 3876 atque
1031 3814 1259 3876 parente
1293 3805 1503 3868 evulsa,
1546 3805 1666 3874 ejus
1693 3803 1966 3860 universa:
1996 3805 2233 3870 soboles,

651 3913 828 3968 eaque
873 3897 1128 3967 sequiora
1178 3895 1428 3967 germina
1473 3895 1636 3949 simul
1683 3895 1845 3949 evelli
1893 3896 2092 3951 solent.
2141 3896 2238 3951 llla

650 4006 890 4062 namque
931 3990 1168 4054 sublata,
1200 3989 1415 4043 nullum
1446 4003 1675 4059 prorsus
1703 3988 1925 4044 malitia
1950 4004 2122 4060 genus
2142 3999 2238 4044 aut

651 4080 943 4150 vestigium
971 4090 1151 4150 potest
1172 4079 1494 4150 consistere.

851 4143 1088 4225 Tantum
1123 4143 1526 4240 nosmetipsos,
1567 4169 1771 4242 aliique
1817 4171 1957 4227 alios
2001 4173 2239 4244 comple-

651 4272 869 4319 ctamur
887 4279 952 4319 ac
968 4263 1214 4318 colamus
1236 4277 1418 4332 opera:
1437 4263 1677 4332 pretium
1701 4273 1808 4329 est,
1826 4275 2094 4335 quantum
2119 4267 2238 4336 ipse

651 4370 753 4425 per
782 4356 1023 4427 seipsum
1053 4353 1310 4410 Christus
1348 4354 1502 4425 prior
1524 4356 1786 4421 ostendit,
1819 4359 1914 4427 qui
1953 4374 2053 4429 pro
2080 4359 2240 4414 nobis

653 4446 795 4516 parti
827 4462 894 4501 ac
923 4447 1064 4500 mori
1093 4461 1364 4517 propense
1399 4445 1656 4517 dignatus
1681 4456 1784 4502 est.

2347 3251 2410 3304 τὸ
2447 3249 2587 3305 Θεοῦ
2617 3251 2781 3308 μόνου
2809 3252 2996 3322 τυχεῖν
3029 3249 3424 3318 ἀγωνίζεσθαι,
3453 3251 3548 3305 καὶ
3576 3249 3670 3321 τὴν
3694 3248 3747 3301 ἐκ
3769 3245 3852 3300 τοὺ-

2343 3362 2454 3399 των
2511 3347 2608 3400 καὶ
2651 3345 2718 3399 δι’
2755 3346 2824 3417 ἣν
2871 3344 3044 3399 ταῦτα
3087 3344 3240 3399 θείαν
3269 3345 3366 3398 καὶ
3397 3344 3666 3417 μακαρίαν
3689 3341 3853 3410 ἀγάπην

2343 3438 2770 3512 δημιουργῆσαι,
2830 3437 2910 3509 τῷ
2957 3438 3077 3510 Θεῷ
3125 3438 3510 3494 συνάπτουσαν
3547 3454 3604 3492 τε
3647 3434 3732 3490 καὶ
3770 3431 3853 3486 θεὸν

2345 3533 2753 3602 ἀποφαίνουσαν
2777 3531 2868 3586 τὸν
2893 3531 3140 3603 φιλόθεον

2417 3709 2519 3778 λγ⁸.
2565 3709 2679 3778 Τῆς
2722 3707 3010 3778 φιλαυτίας
3055 3705 3132 3770 ὡς
3177 3705 3376 3776 ἀρχῆς,
3409 3702 3589 3766 καθὼς
3619 3700 3764 3766 εἷπον,
3788 3701 3852 3754 καὶ

2347 3802 2557 3875 μητρὸς
2579 3802 2687 3855 τῶν
2715 3801 2903 3856 κακῶν
2940 3799 3312 3870 ἀποτιλείσης.
3343 3799 3529 3862 πάντα
3554 3797 3619 3850 τὰ
3659 3796 3709 3863 ἐξ
3731 3794 3854 3862 αὐτῆς

2344 3911 2404 3948 τε
2435 3897 2528 3950 καὶ
2564 3895 2683 3965 μετ’
2728 3894 2921 3965 αὐτὴν,
2969 3891 3461 3946 συναποτίλλεσθαι
3491 3890 3671 3944 εἴωθεν
3712 3886 3851 3954 ἐπειδὴ

2343 3987 2552 4060 ταύτης
2583 3987 2660 4060 μὴ
2683 3985 2874 4057 ούσης,
2910 3986 3030 4039 οὐδὲ
3059 3984 3314 4054 οὐδαμῶς
3337 3984 3404 4037 τὸ
3434 3983 3683 4053 παράπαν
3710 3977 3854 4036 κακίας

2347 4079 2484 4148 εἶδος
2514 4083 2548 4154 ἢ
2582 4083 2728 4153 ῖχνος
2752 4078 3082 4149 ὑφίστασθαι
3110 4078 3357 4134 δύναται.

2417 4174 2512 4230 λδ’.
2544 4173 2862 4236 Δέον-ἐστὶν,
2893 4171 3099 4226 ἑαυτῶν
3133 4172 3226 4226 καὶ
3249 4170 3499 4241 ἀλλήλων
3529 4166 3748 4223 τοσοῦτον
3766 4163 3853 4215 ἀντ·

2345 4268 2589 4339 ἔχεσθαι,
2640 4268 2764 4322 ὅσον
2789 4265 2953 4328 αὐτὸς
2980 4265 3046 4318 δι’
3077 4264 3241 4319 αὑτοῦ
3290 4263 3320 4316 ὁ
3349 4263 3587 4337 Χριστὸς
3626 4253 3850 4331 προλαϐὼν

2346 4361 2694 4425 ἀπεδείξατο,
2723 4360 2866 4431 ὑπὲρ
2892 4359 3051 4431 ἡμῶν
3079 4358 3272 4412 παθεῖν
3306 4357 3685 4428 ἀνασχόμενος.

722 4537 810 4591 55.
871 4536 1060 4592 Sancti
1111 4553 1304 4592 omnes
1352 4546 1578 4607 propter
1634 4539 1956 4595 charitatem
2013 4541 2231 4612 ejusque

2419 4543 2516 4598 λε’.
2562 4542 2663 4596 Διά
2702 4541 2801 4612 τὴν
2829 4539 3054 4611 ἀγάπην
3094 4540 3143 4592 οἱ
3196 4538 3343 4607 ἆγιοι
3399 4537 3595 4599 πάντες
3639 4547 3752 4602 προς
3787 4542 3854 4594 την

650 4635 790 4682 nutu
816 4637 1042 4698 peccato
1066 4630 1410 4692 restiterunt,
1445 4631 1650 4685 nullam
1687 4633 1973 4702 praesentis
1999 4633 2124 4689 vita:
2152 4650 2242 4688 ra-

656 4720 862 4774 tionem
909 4720 1210 4788 habentes;
1243 4721 1570 4792 diversaque
1605 4725 1798 4780 mortis
1832 4742 2032 4796 genera
2074 4727 2213 4783 susli

655 4821 919 4877 nuerunt,
945 4822 1006 4866 ut
1035 4813 1140 4882 ipsi
1167 4813 1222 4866 in
1245 4829 1302 4868 se
1330 4830 1394 4869 ac
1421 4816 1592 4870 Deum
1625 4833 1656 4872 a
1681 4819 1888 4873 mundo
1913 4820 2240 4891 colligereno

654 4915 765 4969 tur,
796 4905 1128 4974 unirentque
1171 4905 1226 4960 in
1272 4921 1332 4961 se
1375 4906 1506 4977 ipsis
1550 4919 1762 4967 natura:
1805 4914 2069 4984 segmina.
2115 4914 2240 4970 Haec

651 4997 802 5053 enim
835 5012 964 5050 vera
1010 5011 1074 5050 ac
1118 4996 1394 5066 inculpata
1448 4996 1692 5052 ﬁdelium
1742 5000 1927 5056 divina
1973 5003 2242 5072 sapientia

654 5091 835 5163 (cujus
878 5087 1004 5144 ﬁnis
1051 5088 1255 5143 bonum
1302 5097 1387 5143 est
1433 5099 1595 5159 atque
1640 5092 1849 5148 veritas
1903 5113 1916 5149 :
1965 5096 2242 5166 siquidem

653 5183 884 5245 bonum,
918 5196 1194 5251 propensa
1237 5180 1550 5251 benignitas
1571 5191 1657 5236 est
1686 5192 1742 5237 et
1772 5184 2115 5254 humanitas;
2140 5205 2237 5243 ve-

651 5288 922 5341 rumque,
971 5289 1038 5327 ex
1085 5272 1212 5326 ﬁdei
1261 5273 1566 5327 rationibus
1616 5278 1918 5345 composita
1960 5279 2134 5347 pietas
2173 5296 2238 5336 ac

653 5368 881 5438 religio;
925 5383 1055 5422 vera
1102 5365 1316 5421 scilicet
1376 5365 1663 5421 charitatis
1709 5367 1967 5438 insignia)
2011 5381 2073 5426 ut
2116 5388 2238 5442 qua:

651 5460 788 5524 Deo,
823 5460 1071 5528 aliosque
1103 5458 1228 5512 aliis
1262 5457 1516 5512 homines
1556 5458 1872 5530 conjungat,
1905 5475 2136 5530 eamque
2166 5463 2237 5517 ob

653 5563 770 5604 rem
803 5549 959 5605 ﬁrma
989 5565 1054 5604 ac
1095 5546 1373 5603 constanti
1416 5547 1687 5604 bonorum
1720 5552 2063 5620 percnnitate
2102 5569 2236 5625 gau-

652 5639 798 5697 deat.

728 5816 774 5850 ⁸³
804 5816 961 5871 Deut.
999 5834 1071 5884 vt,
1100 5818 1166 5886 5;
1197 5819 1390 5894 Matth.
1415 5836 1545 5885 xm,
1578 5820 1666 5875 57.

2351 4634 2630 4706 ἁμαρτίαν
2672 4632 3167 4703 ἀντικατέστησαν,
3196 4630 3298 4700 τῆς
3329 4629 3612 4700 παρούσης
3641 4623 3762 4692 ζωῆς
3788 4619 3851 4673 οὐ·

2346 4727 2474 4783 δένα
2503 4725 2663 4793 λόγον
2691 4724 3092 4796 ποιησάμενοι·
3157 4723 3254 4776 καὶ
3308 4722 3438 4784 τοὺς
3491 4717 3756 4776 πολυειδεῖς
3789 4707 3849 4762 τοῦ

2349 4820 2586 4875 θανάτου
2616 4819 2855 4890 τρόπους
2883 4817 3221 4887 ὑπέστησαν,
3264 4816 3352 4870 ἵνα
3387 4814 3523 4889 πρὸς
3564 4809 3760 4872 ἑαυτοὺς
3779 4801 3850 4861 ἀπδ

2345 4913 2442 4968 τοῦ
2481 4915 2689 4985 κόσμου
2717 4913 2812 4966 καὶ
2842 4912 2934 4967 τὸν
2967 4910 3100 4966 Θεὸν
3132 4909 3462 4981 συναχθῶσι,
3492 4905 3666 4962 καὶτὰ
3688 4901 3767 4968 τῆς
3789 4896 3848 4964 φίλ’

2349 5022 2489 5067 σεως
2511 5005 2598 5072 ἐφ’
2627 5002 2837 5056 ἑαυτῶν
2861 4999 3104 5055 ἑνώσωσι
3138 5001 3420 5071 ῥήγματα.
3449 4996 3593 5066 Αὕτη
3617 4993 3713 5062 γάρ
3745 4990 3847 5040 ἐστιν

2347 5100 2379 5169 ἠ
2413 5097 2620 5168 ἀληθὴς
2665 5095 2762 5152 καὶ
2801 5094 3107 5167 ἀμώμητος
3138 5094 3248 5147 τῶν
3297 5091 3503 5147 πιστῶν
3535 5073 3846 5153 θεοσοφία⁶ἧς

2347 5189 2536 5252 τέλος,
2572 5189 2634 5241 τὸ
2676 5187 2882 5255 ἀγαθόν
2921 5189 3038 5240 ἐστι
3071 5186 3168 5242 καὶ
3202 5187 3235 5256 ἡ
3276 5183 3505 5256 ἀλήθεια
3526 5196 3540 5210 ·
3578 5181 3720 5248 είπερ
3749 5173 3846 5239 ἀμ’

2348 5279 2440 5334 θὸν
2480 5281 2540 5334 τὸ
2584 5279 2991 5350 φιλάνθρωπον,
3044 5279 3140 5333 καὶ
3195 5277 3400 5347 ἀληθὲς
3437 5274 3497 5328 τὸ
3545 5271 3673 5326 κατά
3716 5267 3846 5319 πίστιν

2346 5375 2617 5449 φιλόθεον,
2652 5375 2724 5429 τὰ
2751 5375 2850 5444 τῆς
2882 5373 3106 5443 ἀγάπης
3135 5371 3493 5442 γνωρίσματα
3515 5383 3528 5396 ο
3572 5364 3640 5428 ὡς
3663 5357 3760 5428 Θεῷ
3781 5353 3845 5449 tui

2346 5447 2602 5540 ἀλλήλοις
2622 5470 2751 5532 τοὺς
2781 5465 3105 5539 ἀνθρώπους
3137 5465 3504 5526 συνάπτουσα,
3534 5458 3621 5513 καὶ
3641 5453 3715 5508 διὰ
3734 5447 3846 5504 tofm

2346 5561 2458 5614 τῶν
2499 5560 2721 5630 ἀγαθῶν
2749 5559 2851 5631 τὴν
2888 5557 3150 5630 διαμονὴν
3176 5557 3511 5612 ἀδιάπτωτον
3540 5552 3732 5623 ἔχουσα.
