4064 6444
275 323 414 394 1193

972 331 1310 396 CAPITUM
1345 333 1769 408 QUINQUIES
1805 331 2326 399 CENTENORUM
2363 332 2754 396 CENTURIA
2792 335 2842 394 Ι.

3397 331 3534 396 1194

337 443 447 508 λς’.
489 442 774 515 Ἐνέργεια
825 443 922 498 καὶ
965 445 1240 511 ἀπόδειξις
1285 449 1384 518 τῆς
1413 446 1550 518 πρὸς
1581 447 1714 502 Θεὸν
1753 465 1844 502 τε·

2021 447 2186 520 519
2211 448 2300 503 56.
2325 448 2585 503 Perfecta:
2609 448 2663 502 in
2691 448 2864 502 Deum
2896 446 3187 504 charitatis
3211 445 3295 503 v‘is
3319 461 3384 503 ac
3412 465 3536 519 pro-

267 533 420 599 λείας
447 535 672 607 ἀγάπης
701 537 870 600 ἐστὶν,
899 537 933 607 ή
962 538 1164 608 γνησία
1215 539 1286 592 δι’
1330 539 1548 602 εὐνοίας
1594 539 1843 595 ἑκουσίου

267 625 408 698 πρὸς
434 628 528 680 τδν
555 627 785 698 πλησίον
811 627 1077 692 διάθεσις.
1108 629 1172 682 '0
1202 630 1313 700 γὰρ
1335 629 1423 699 μὴ
1450 631 1702 701 ἀγαπῶν
1739 632 1846 687 τὸν

264 715 538 785 ἀδελφὸν
565 717 777 782 αὐτοῦ,
816 717 890 770 ὃν
926 716 1167 786 ἑώρακε,
1208 721 1376 791 φησὶν
1409 722 1438 774 6
1477 720 1620 785 θεῖος
1660 721 1845 776 Ἰωάν-

265 824 389 878 νης,
421 808 527 862 τόν
557 810 705 863 Θεὸν
729 809 805 864 ὃν
828 811 940 878 οὐχ
989 809 1270 879 ἑώρακεν,
1314 813 1387 865 οὐ
1424 812 1674 866 δύναται
1702 813 1844 882 ἀγα-

264 917 413 969 aur.

335 992 438 1058 λζ’.
471 995 536 1047 'H
593 994 694 1063 τῆς
751 993 1009 1065 ἀληθείας
1054 993 1193 1060 ὁδὸς,
1247 998 1280 1066 ή
1332 995 1524 1067 ἀγάπη
1553 998 1721 1064 ἐστὶν,
1778 997 1846 1069 ἣν

267 1086 463 1139 ἑαυτὸν
491 1086 765 1157 ὀνομάσας
799 1089 828 1140 6
871 1086 966 1140 τοῦ
1015 1086 1151 1140 Θεοῦ
1199 1087 1396 1156 Λόγος,
1427 1089 1556 1152 τοὺς
1607 1090 1667 1144 ὲν
1703 1090 1844 1162 αὐτῇ

264 1177 571 1242 ὁδεύοντας,
618 1178 698 1249 τῷ
744 1177 866 1249 Θεῷ
915 1179 1010 1232 καὶ
1043 1179 1221 1251 Πατρὶ
1273 1179 1548 1253 καθαροὺς
1577 1182 1846 1237 παντοίων

264 1271 598 1340 γενομένους
625 1270 984 1341 παρίστησιν.

335 1359 441 1431 λη’.
468 1362 615 1432 Αὕτη
652 1363 799 1416 ἐστὶν
827 1365 862 1433 ή
891 1362 1048 1433 θύρα,
1079 1363 1148 1418 δι’
1177 1359 1244 1436 ἧς
1272 1366 1302 1418 6
1331 1365 1732 1436 εἰσερχόμενος,
1764 1367 1846 1428 είς

261 1451 334 1504 τὰ
360 1455 530 1521 ’Ἀγια
562 1455 772 1520 γίνεται
795 1455 904 1506 τῶν
938 1455 1130 1522 ἁγίων,
1164 1458 1254 1509 καὶ
1283 1456 1376 1508 τοῦ
1404 1457 1701 1528 ἀπροσίτου
1718 1457 1847 1511 κάλ-

261 1546 394 1609 λους
447 1546 544 1615 τῆς
584 1546 748 1614 ἁγίας
777 1545 874 1600 καὶ
931 1545 1218 1619 βασιλικῆς
1249 1547 1478 1620 Τριάδος
1524 1547 1846 1602 καθίσταται

259 1636 415 1703 ἄξιος
453 1637 653 1708 θεατὴς
686 1638 963 1706 γενέσθαι.

332 1728 433 1783 .'.0'.
467 1729 702 1799 Φοϐερὸν
733 1729 903 1792 ὅντως
928 1730 1024 1782 καὶ
1059 1730 1238 1799 πάσης
1265 1732 1642 1803 κατακρίσεως
1677 1733 1846 1803 ὑπερ-

261 1825 542 1885 επέκεινι,
567 1822 628 1874 τὸ
647 1821 746 1892 τὴν
771 1821 1021 1876 δοθεῖσαν
1052 1824 1184 1893 ἡμῖν
1213 1824 1364 1894 παρὰ
1391 1823 1526 1875 Θεοῦ
1564 1826 1705 1876 κατά
1736 1823 1841 1878 δω-
1879 1803 1918 1857 Β

261 1914 397 1985 ρεάν
421 1913 513 1965 τοῦ
545 1913 705 1979 ἁγίου
735 1912 1055 1984 Πνεύματος
1083 1915 1348 1977 ἑκουσίως
1371 1915 1645 1984 νεκρῶσαι
1676 1916 1840 1987 ζωὴν,

257 2005 352 2058 διὰ
376 2005 476 2075 τῆς
507 2005 644 2074 πρὸς
666 2005 736 2058 τά
765 1989 1100 2076 φθειρόμενα
1130 2005 1350 2076 ἀγάπης
1371 2023 1386 2036 ο
1417 2006 1510 2058 καὶ
1536 2006 1683 2059 ίσασι
1710 2005 1844 2059 πάν-

257 2113 371 2160 τως
395 2097 583 2150 τοῦτον
607 2098 701 2150 τὸν
732 2097 918 2168 φόϐον,
951 2099 1000 2151 οί
1025 2099 1126 2168 τὴν
1149 2097 1406 2165 ἀλήθειαν
1432 2097 1529 2168 τῆς
1560 2097 1843 2166 φιλαυτίας

260 2191 544 2260 ⁵ιτροτιμᾷν
575 2189 1001 2260 μελετήσαντες.

336 2288 412 2351 μ’.
440 2280 789 2352 Χρησώμεθα
827 2285 904 2347 είς
930 2283 1048 2336 δέον
1075 2285 1139 2354 τῇ
1172 2284 1387 2354 εἰρήνῃ,
1443 2283 1539 2337 καὶ
1575 2282 1673 2354 τὴν
1705 2283 1841 2353 πρὸς

257 2373 354 2426 τὸν
388 2372 612 2443 κόσμον,
656 2373 868 2428 καὶτὸν
913 2375 1335 2446 κοσμοκράτορα
1371 2375 1557 2438 κακῶς
1587 2375 1720 2445 ἡμῖν
1753 2376 1840 2427 ὲν-

261 2465 595 2531 υπάρξασαν
622 2466 998 2539 ἁθητήσαντες
1020 2467 1224 2536 φιλίαν,
1251 2469 1343 2522 τὸν
1381 2467 1470 2521 διὰ
1501 2467 1611 2521 τῶν
1648 2467 1842 2521 παθῶν

259 2558 402 2628 πρὸς
432 2557 524 2611 τὸν
552 2558 685 2611 Θεὸν
716 2561 1131 2630 συνιστάμενον,
1165 2560 1271 2617 κᾶν
1295 2559 1393 2628 ὀψέ
1425 2576 1557 2614 ποτε
1605 2559 1842 2614 καταλύο-

262 2666 448 2720 σωμεν
487 2650 724 2722 πόλεμον
745 2667 758 2679 ·
795 2653 892 2705 καὶ
921 2651 1153 2714 σπονδὰς
1185 2651 1415 2716 ἀλύτους
1451 2653 1552 2723 τῆς
1583 2651 1718 2723 πρὸς
1744 2652 1842 2704 αὑ-

257 2741 356 2794 τὸν
387 2742 614 2814 είρήνης
662 2745 1009 2814 ποιήσαντες,
1038 2746 1096 2797 ὲν
1125 2746 1192 2815 τῇ
1223 2745 1565 2817 καταργήσει
1602 2744 1696 2798 τοῦ
1734 2743 1840 2797 σώ-

262 2849 437 2903 ματος
467 2834 568 2905 τῆς
623 2835 917 2906 ἁμαρτίας,
947 2837 1050 2907 τῆς
1097 2838 1236 2910 πρὸς
1266 2838 1431 2892 αὑτὸν
1460 2837 1662 2911 ἔχθρας
1693 2853 1838 2892 Mu-

259 2925 510 2998 σὼμεθα.

336 3017 447 3090 μα’.
490 3017 780 3074 Ἀδύνατόν
817 3021 966 3074 ἐστιν
1011 3023 1157 3092 ἡμᾶς
1190 3023 1515 3095 φιλιωθῆναι
1565 3023 1707 3095 Θεῷ,
1749 3024 1841 3080 διὰ

256 3110 374 3165 τῶν
402 3111 591 3167 παθῶν
631 3113 767 3183 πρὸς
802 3113 966 3166 αὑτὸν
994 3113 1408 3180 στασιάζοντας,
1439 3114 1635 3185 καὶτῷ
1669 3133 1838 3184 πονη-
1869 3163 1912 3221 C

310 3203 337 3217 -
512 3203 525 3221 .
766 3206 778 3221 .
1025 3208 1051 3221 -
1142 3206 1168 3218 ..
1270 3207 1282 3221 .
1376 3207 1402 3220 ..
1483 3207 1507 3221 ..
1574 3207 1654 3221 ..η
1755 3208 1778 3221 .
1817 3209 1828 3221 .

264 3203 347 3274 ρῷ
394 3203 644 3276 τυράννῳ
693 3206 789 3259 καὶ
823 3208 1054 3277 φονευτῇ
1099 3206 1210 3259 τῶν
1255 3207 1445 3277 ψυχῶν
1479 3207 1713 3279 διαϐόλῳ
1749 3208 1842 3262 διὰ

257 3295 461 3359 κακίας
495 3295 860 3368 ὼσμοφορείν
907 3298 1290 3368 ἀνεχομένους,
1335 3299 1409 3369 μὴ
1444 3297 1710 3370 πρότερον
1759 3299 1841 3353 δι·

254 3386 383 3440 όλου
414 3387 830 3458 πολεμωθέντας
867 3388 944 3458 τῷ
981 3389 1224 3460 πονηρῷ.
1254 3389 1434 3462 Μέχρι
1465 3391 1572 3460 γὰρ
1596 3390 1714 3443 τότε
1745 3390 1839 3444 τοῦ

257 3476 400 3530 Θεοῦ
437 3478 859 3551 καθεστήκαμεν
893 3479 1082 3551 ἐχθροὶ
1129 3481 1223 3533 καὶ
1281 3479 1556 3549 πολέμιοι,
1602 3480 1706 3534 κᾶν
1751 3499 1840 3534 πι-

262 3569 409 3623 στῶν
448 3571 825 3644 προσηγορίαν
849 3574 983 3642 ήμῖν
1018 3573 1203 3637 αὐτοῖς
1231 3573 1710 3645 περιπλάττωμεν,
1745 3573 1841 3641 μέ-

259 3678 387 3732 χρις
415 3653 476 3714 οὗ
503 3662 734 3716 πάθεσιν
767 3664 995 3734 ἀτιμίας
1050 3663 1327 3717 δουλεύειν
1359 3663 1664 3734 βουλόμεθα
1684 3680 1697 3694 ο
1749 3663 1842 3714 καὶ

258 3753 418 3807 οὐδὲν
444 3754 635 3825 ὄφελος
664 3756 795 3826 ἡμῖν
840 3755 904 3808 ὲκ
933 3756 1030 3826 τῆς
1062 3755 1203 3810 κατὰ
1232 3755 1323 3809 τὸν
1371 3757 1577 3826 κόσμον
1619 3757 1841 3827 εἰρήνης

258 3841 450 3896 λοιπὸν
496 3846 915 3915 περιγενήσεται
944 3883 960 3908 ,
987 3845 1095 3916 ’τῆς
1125 3845 1305 3916 ψυχῆς
1349 3845 1533 3909 κακῶς
1566 3845 1842 3914 διακειμέ-

257 3951 382 4003 νης,
415 3935 511 3988 καὶ
545 3934 682 4007 πρὸς
712 3935 805 3989 τὸν
837 3935 968 3989 ἴδιον
1004 3939 1236 4009 ποιητὴν
1287 3938 1712 4010 στασιαζούσης,
1745 3939 1839 3992 καὶ

256 4025 368 4079 ὑπὸ
394 4026 493 4097 τὴν
537 4025 704 4081 αὑτοῦ
742 4026 1019 4098 βασιλείαν
1051 4028 1304 4097 γενέσθαι
1333 4031 1434 4084 οὐκ
1465 4031 1800 4102 ἀνεχομένης
1822 4046 1836 4059 ·

257 4117 343 4171 ἔτι
376 4118 593 4189 μυρίοις
630 4118 990 4191 πεπραμένης
1021 4118 1194 4191 ὠμοῖς
1219 4120 1506 4184 δεσπόταις
1533 4123 1613 4186 εἰς
1642 4121 1840 4174 κακίαν

257 4209 434 4280 αὐτὴν
459 4211 868 4281 κατεπείγουσι,
897 4213 990 4266 καὶ
1017 4212 1118 4285 τὴν
1153 4214 1232 4276 εἰς
1257 4213 1537 4268 ἀπώλειαν
1567 4213 1840 4285 φέρουσαν

256 4301 401 4364 666v,
451 4303 550 4372 τῆς
618 4303 898 4375 σωζοῦσης
951 4305 1156 4375 μᾶλλον
1208 4305 1502 4377 ἀωτηλῶς
1566 4308 1838 4380 αἱρεῖσθαι

260 4393 794 4462 παρασκευάζουσιν.

1949 541 2123 607 batio,
2149 557 2283 596 vera
2307 549 2392 595 est
2417 557 2547 612 erga
2578 542 2890 612 proximum
2914 541 3167 597 ultronea
3198 541 3533 597 benevolen-

1949 636 2023 690 tia
2060 635 2343 704 animique
2375 635 2614 690 affectio.
2651 632 2754 699 Qui
2782 633 2951 699 enim,
2976 627 3155 703 inquit
3180 633 3339 688 divus
3365 633 3533 688 Joan-

1947 739 2068 790 nes,
2120 741 2224 779 non
2257 723 2429 794 diligit
2462 723 2684 793 fratrem
2715 739 2890 787 suum,
2922 738 3075 792 quem
3124 721 3293 787 videt,
3343 723 3532 787 Deum,

1949 833 2100 887 quem
2129 832 2232 870 non
2263 816 2421 881 videt,
2450 813 2670 884 diligere
2705 829 2806 867 non
2839 821 3006 884 potest
3041 812 3104 866 ίδ.

2019 997 2108 1050 ⁸57.
2146 997 2244 1050 Via
2271 996 2538 1060 veritatis,
2564 996 2810 1050 cbaritas
2833 1004 2937 1061 est,
2965 1010 3130 1065 quam
3162 995 3401 1066 seipsum
3443 1010 3538 1048 vo-

1946 1105 2078 1146 cans
2109 1089 2206 1144 Dei
2232 1089 2472 1145 Verbum
2520 1089 2585 1154 ¹³,
2625 1088 2972 1144 ambulantes
3016 1088 3070 1142 in
3111 1103 3196 1152 ea,
3236 1088 3388 1142 oumi
3414 1086 3536 1142 labe

1947 1195 2139 1249 puros,
2171 1181 2284 1235 Deo
2313 1195 2376 1234 ac
2412 1180 2557 1235 Patri
2592 1187 2968 1280 repmsentat.

2017 1369 2108 1424 58.
2142 1368 2267 1423 Haec
2295 1377 2382 1424 est
2408 1377 2586 1438 porta,
2633 1384 2732 1437 per
2771 1385 2934 1438 quam
2979 1369 3072 1439 qui
3118 1370 3446 1439 ingreditur,
3478 1370 3532 1424 in

1949 1459 2148 1513 Sancta
2175 1468 2489 1514 sanctorum
2523 1468 2798 1530 penetrat,
2823 1462 3129 1531 dignusque
3156 1461 3408 1524 efﬁcitur,
3439 1463 3532 1530 qui

1947 1561 2149 1606 sancta:
2176 1569 2240 1608 ac
2270 1554 2467 1622 regalis
2488 1554 2775 1608 Trinitatis
2795 1555 3063 1610 inaccessi
3089 1554 3305 1609 decoris
3325 1564 3536 1624 specta-

1950 1652 2036 1696 tor
2077 1643 2324 1698 exsistat.

2015 1729 2106 1785 59.
2136 1729 2507 1786 Tremendum
2548 1747 2679 1787 sane
2713 1732 2971 1802 onmique
3002 1734 3177 1804 majus
3201 1733 3533 1790 condemna-

1948 1821 2120 1887 tione,
2149 1822 2296 1891 quod
2321 1838 2640 1880 concessam
2667 1824 2830 1879 nobis
2851 1824 3121 1880 divinitus
3144 1825 3381 1896 Spiritus
3411 1841 3534 1880 san-

1949 1913 2024 1968 cti
2054 1929 2284 1970 munere
2313 1914 2506 1980 vitam,
2541 1914 2810 1970 fluxarum
2857 1931 3042 1970 rerum
3086 1931 3152 1972 ac
3180 1917 3532 1986 pereuntium

1949 2021 2160 2072 amore,
2191 2017 2388 2077 sponte
2415 2008 2769 2078 perimamus.
2801 2008 3053 2078 Eumque
3077 2010 3237 2079 plane
3261 2018 3534 2063 noverunt

1949 2107 2179 2163 metum,
2210 2099 2306 2167 qui
2334 2098 2625 2153 veritatem
2651 2099 2911 2171 φιλαυτία
2945 2100 3112 2173 (εαξσο
3146 2101 3224 2155 illi
3265 2102 3436 2156 amori
3467 2117 3534 2156 ac

1950 2188 2178 2261 carnali)
2209 2192 2486 2247 anteferre
2516 2193 2870 2248 studuerunt.

2016 2280 2108 2335 40.
2135 2282 2244 2337 Pro
2266 2297 2335 2338 eo
2368 2297 2433 2338 ac
2469 2283 2631 2339 decet
2662 2299 2798 2353 pace
2825 2291 3066 2351 utamur,
3095 2285 3344 2355 maleque
3371 2284 3533 2340 nobis

1948 2383 2075 2424 cum
2111 2372 2339 2438 mundo,
2391 2373 2694 2444 mundique
2739 2384 2954 2430 rectore
2994 2385 3302 2432 consertam
3341 2375 3532 2432 amici-

1949 2459 2081 2514 tiam
2112 2460 2324 2516 irritam
2349 2477 2672 2533 cassamque
2697 2465 3016 2530 reddentes,
3043 2467 3262 2522 tandem
3283 2467 3534 2538 aliquan-

1947 2552 2019 2608 do
2049 2553 2348 2610 conflatum
2377 2556 2540 2612 nobis
2561 2556 2828 2611 vitiorum
2858 2557 2982 2612 labe
3004 2571 3071 2613 ac
3096 2557 3392 2612 atiectuum
3417 2559 3534 2615 bel-

1946 2645 2060 2700 lum
2089 2646 2353 2702 adversus
2384 2649 2555 2703 Deum
2595 2648 2980 2712 dissolvamus,
3014 2650 3269 2719 pacisque
3303 2665 3428 2704 cum
3463 2666 3532 2705 eo

1947 2737 2262 2793 insolubilia
2305 2741 2600 2810 iungentes
2648 2741 2879 2805 fcedera,
2922 2741 2976 2796 in
3010 2741 3382 2797 destructione
3411 2758 3533 2798 cor-

1946 2827 2097 2896 poris
2127 2829 2337 2898 peccati
2372 2830 2437 2894 ”,
2470 2829 2884 2885 inimicitiarum
2913 2845 3039 2885 cum
3085 2832 3203 2900 ipso
3261 2830 3423 2886 tinem
3453 2834 3532 2886 fa-

1945 2919 2174 2975 ciamus.

2016 3013 2106 3068 M.
2143 3013 2437 3082 Nunquam
2465 3013 2558 3070 fiat
2586 3023 2648 3069 ut
2675 3015 2790 3070 Deo
2818 3015 3064 3071 amicitia
3098 3017 3406 3086 iungamur,
3435 3017 3529 3086 qui

1945 3124 2047 3179 per
2078 3109 2210 3164 vitia
2241 3117 2404 3179 atque
2432 3109 2667 3165 aﬂ‘ectus
2712 3111 2791 3165 illi
2843 3110 3078 3165 rebelles
3107 3111 3279 3164 simus
3299 3151 3312 3174 ,
3361 3111 3532 3179 pessi-

1946 3216 2142 3270 moque
2190 3203 2496 3256 animorum
2545 3211 2781 3273 tyranno
2827 3217 2893 3258 ac
2941 3203 3230 3258 homicida:
3279 3201 3527 3266 diabolo,

1946 3293 2129 3361 pravis
2183 3293 2379 3346 studiis
2429 3294 2719 3363 vestigales
2771 3307 2892 3348 esse
2941 3295 3343 3357 sustineamus,
3395 3294 3529 3362 quin

1945 3381 2097 3451 prius
2127 3383 2467 3453 nequissimo
2504 3384 2711 3438 inimici
2762 3400 2993 3454 prorsus
3038 3383 3358 3438 efﬁciamur.
3387 3384 3531 3438 Tan-

1944 3475 2038 3527 diu
2067 3475 2215 3528 enim
2245 3475 2340 3530 Dei
2373 3476 2557 3531 hostes
2582 3491 2772 3532 sumus
2801 3492 2866 3532 ac
2898 3477 3128 3541 inimici,
3157 3476 3369 3532 tametsi
3398 3476 3532 3532 fide-

1947 3567 2079 3621 lium
2123 3567 2284 3622 nobis
2323 3583 2524 3624 nomen
2569 3568 2905 3639 aﬂingimus,
2956 3569 3201 3639 quandiu
3245 3568 3530 3638 probrosis

1942 3657 2232 3713 affectibus
2260 3660 2467 3714 servire
2514 3659 2569 3713 in
2614 3661 2859 3714 animum
2890 3659 3206 3714 inducimus
3234 3679 3246 3712 ι
3275 3675 3376 3714 nec
3415 3659 3526 3729 jam

1943 3750 2103 3805 nobis
2134 3767 2201 3806 ex
2231 3751 2418 3806 mundi
2448 3767 2581 3822 pace
2616 3753 2840 3808 accedet
2866 3752 3076 3822 aliquid
3112 3751 3404 3818 commodi,
3431 3751 3526 3820 qui

1943 3845 2085 3898 male
2115 3845 2299 3900 animo
2331 3845 2512 3900 aﬂ‘ecti
2559 3846 2753 3909 simus,
2787 3845 3191 3915 advel-sumque
3239 3845 3524 3916 proprium

1942 3944 2224 3992 auctorem
2273 3937 2636 3999 rebellemus,
2690 3952 2792 3992 nec
2840 3937 2962 4008 ejus
3004 3936 3247 3992 feramus
3298 3935 3528 4006 imperio

1943 4029 2140 4100 subjici
2180 4046 2194 4083 :
2238 4029 2545 4085 innumeris
2583 4029 2796 4086 scilicet
2824 4029 3124 4085 venundati
3159 4029 3316 4084 saevis
3346 4028 3526 4083 domi-

1943 4122 2049 4184 nis,
2104 4121 2157 4175 in
2207 4121 2402 4176 vitium
2452 4138 2516 4176 ac
2558 4122 2820 4176 malitiam
2861 4120 3328 4191 propellentibus,
3361 4128 3417 4174 et
3456 4117 3527 4174 ad

1943 4214 2084 4267 viam
2111 4229 2234 4282 quae
2278 4213 2430 4268 ducit
2462 4213 2528 4267 ad
2570 4213 2955 4283 perditionem,
2985 4227 3099 4282 prae
3127 4227 3192 4266 ea
3232 4227 3339 4280 qua
3380 4210 3528 4268 salus

1945 4315 2184 4372 paratur,
2209 4320 2398 4359 errore
2423 4305 2752 4375 eligendam,
2783 4303 2942 4358 nobis
2968 4301 3306 4357 auctoribus.

334 4457 446 4553 με’.
481 4485 573 4547 Εἰς
601 4485 760 4539 τοῦτο
797 4488 944 4556 ἡμᾶς
987 4491 1289 4560 πεποίηκεν
1318 4488 1346 4540 6
1370 4488 1519 4558 θεὸς,
1557 4492 1643 4546 ἴνα
1669 4495 1838 4562 γενώ-

2013 4483 2100 4539 42.
2152 4483 2210 4537 1η
2263 4483 2370 4536 hoc
2414 4497 2516 4536 nos
2554 4482 2699 4536 Deus
2728 4479 2997 4543 condidit,
3028 4488 3090 4533 ut
3117 4477 3418 4533 efﬁciamur
3445 4457 3528 4529 di-
3557 4483 3560 4487 ‘

262 4571 410 4642 μεθα
442 4574 592 4639 θείας
631 4578 880 4631 κοινωνοὶ
911 4577 1150 4646 φύσεως,
1184 4582 1279 4634 καὶ
1327 4582 1424 4652 τῆς
1475 4583 1643 4638 αὑτοῦ
1673 4586 1839 4640 ἁῖδιό-

257 4679 425 4732 τητος
465 4663 706 4736 μέτοχοι,
752 4666 847 4720 καὶ
877 4669 1137 4739 φανῶμεν
1169 4670 1320 4740 αὐτῷ
1356 4672 1535 4742 ὅμοιοι
1564 4676 1705 4730 κατὰ
1738 4679 1838 4748 τὴν

257 4754 328 4806 ἐκ
358 4755 582 4826 χάριτος
612 4756 832 4822 θέωσιν,
864 4759 933 4813 δι’
959 4762 1027 4832 ἢν
1058 4761 1213 4816 πᾶσά
1244 4778 1304 4814 τε
1333 4762 1444 4816 τῶν
1478 4764 1647 4819 όντων
1680 4768 1712 4838 ή
1741 4770 1838 4821 σύ-

263 4847 455 4912 στασίς
483 4849 600 4902 ἐστι
632 4849 729 4902 καὶ
753 4850 1007 4922 διαμονὴ,
1054 4853 1148 4907 καὶ
1174 4855 1208 4924 ἠ
1249 4854 1358 4908 τῶν
1385 4855 1461 4926 μὴ
1486 4857 1655 4912 ὄντων
1693 4877 1837 4932 παρ-

264 4938 460 5010 αγωγὴ
499 4939 592 4993 καὶ
628 4939 858 5011 γένεσις.

333 5103 446 5174 μγ’.
477 5106 541 5159 Εί
591 5106 684 5160 τοῦ
731 5107 868 5165 Θεοῦ
896 5107 1256 5180 ὀνομάζεσθαί
1285 5128 1342 5165 τε
1375 5111 1469 5165 καὶ
1513 5108 1654 5166 εἶναι
1689 5115 1830 5183 ἐφιέ-

259 5195 426 5266 μεθα,
460 5197 863 5271 ἀγωνισώμεθα
921 5202 997 5272 μὴ
1045 5203 1334 5273 προδοῦναι
1359 5206 1474 5268 τοίς
1515 5205 1716 5260 πάθεσι
1744 5207 1836 5262 τὸν

257 5288 456 5356 Λόγον,
511 5290 655 5344 κατά
687 5291 778 5344 τὸν
807 5291 1045 5347 Ἰούδαν·
1081 5293 1114 5364 ἣ
1155 5294 1232 5365 μὴ
1287 5295 1651 5368 ἀρνήσασθαι,
1697 5301 1838 5354 κατὰ

255 5379 350 5433 τὸν
380 5381 604 5452 Πέτρον.
641 5385 907 5455 ’Δρνησις
940 5385 1050 5456 γάρ
1098 5387 1216 5441 ἐστι
1267 5386 1362 5440 τοῦ
1409 5389 1608 5458 Λόγου,
1655 5394 1688 5464 ή
1740 5393 1834 5449 τοῦ

255 5471 526 5544 πράττειν
569 5476 632 5528 τὸ
669 5477 875 5546 ἀγαθὸν
913 5478 1001 5532 διὰ
1035 5478 1201 5548 φόϐον
1235 5481 1599 5553 παραίτησις·
1642 5487 1836 5556 προδο·

258 5563 352 5616 σία
401 5564 482 5633 δὲ,
518 5568 552 5639 ή
586 5569 711 5622 κατ’
756 5569 1041 5641 ἐνέργειαν
1070 5572 1410 5643 ὲμπρόθετος
1444 5575 1708 5648 ἁμαρτία,
1742 5581 1836 5633 καὶ

256 5657 292 5725 ἡ
322 5655 459 5727 πρὸς
486 5659 584 5730 τὴν
607 5660 888 5732 ἁμαρτίαν
916 5664 1086 5734 ὁρμή.

1943 4577 2084 4630 vina:
2113 4582 2399 4630 consortes
2441 4580 2648 4626 natura:
2679 4570 2743 4628 ¹⁷.
2779 4569 3008 4639 ejusque
3041 4566 3364 4622 aeternitatis
3407 4580 3530 4633 par-

1946 4669 2160 4738 ticipes,
2213 4674 2377 4735 atquc
2419 4665 2495 4718 illi
2538 4663 2748 4717 similes
2783 4660 2826 4692 ¹⁸
2860 4675 3219 4731 appareamus
3253 4674 3350 4728 per
3373 4655 3530 4711 deiti-

1943 4760 2241 4824 cationem,
2273 4774 2396 4829 quae
2434 4773 2501 4812 ex
2543 4756 2718 4826 gratia
2746 4763 2830 4809 cst
2862 4771 2875 4807 :
2905 4754 2976 4808 ob
3005 4767 3168 4822 quam
3197 4767 3381 4806 rerum
3410 4765 3530 4804 om-

1947 4852 2097 4905 nium
2128 4851 2295 4922 520
2338 4847 2660 4904 constitutio
2707 4854 2765 4902 et
2807 4846 3158 4917 perennitas,
3191 4858 3524 4912 eorumque,

1944 4960 2068 5014 quas
2104 4944 2340 4998 necdum
2381 4942 2438 4996 in
2482 4956 2669 4996 rerum
2697 4954 2869 4995 censu
2913 4938 3206 5006 exsistunt,
3237 4934 3528 5006 productio

1941 5045 1993 5089 οι
2018 5045 2191 5090 οηυε.

2018 5129 2103 5183 45.
2141 5127 2196 5183 Si
2242 5127 2338 5182 Dei
2383 5142 2444 5182 re
2486 5133 2652 5196 atque
2695 5123 2920 5182 nomine
2962 5137 3082 5178 esse
3123 5118 3522 5181 desideramus,

1941 5220 2048 5274 hoc
2068 5219 2367 5284 enitamur,
2405 5233 2512 5275 nec
2541 5218 2598 5272 in
2626 5215 2782 5273 Juda:
2807 5230 3017 5270 morem
3042 5213 3286 5268 Verbum
3314 5225 3410 5265 seu
3438 5224 3524 5263 ra-

1942 5313 2146 5368 tionem
2181 5311 2473 5368 affectibus
2512 5311 2842 5382 prodamus;
2874 5322 3012 5362 neve
3042 5305 3214 5360 instar
3238 5302 3387 5359 Petri
3426 5301 3524 5356 ab-

1941 5421 2224 5474 negemus.
2253 5405 2421 5462 Verbi
2444 5404 2591 5460 enim
2627 5403 2966 5470 rationisque
2999 5397 3216 5470 negatio
3238 5405 3343 5462 est,
3374 5397 3522 5465 quod

1939 5499 2066 5567 quis
2094 5507 2274 5554 metus
2291 5512 2456 5552 causa
2488 5501 2708 5552 recuset
2730 5503 2990 5564 prwstare
3014 5493 3221 5548 bonum
3242 5509 3257 5558 ;
3282 5489 3522 5563 proditio

1940 5602 2094 5654 vero,
2127 5601 2251 5643 cum
2277 5603 2344 5643 ex
2375 5584 2663 5657 proposito
2688 5593 2974 5655 peccatum
3003 5584 3058 5639 in
3085 5591 3211 5638 actu
3247 5587 3521 5652 perpetra—

1943 5694 2084 5746 mus,
2117 5679 2283 5748 inque
2313 5678 2449 5734 illud
2480 5679 2664 5735 animo
2692 5680 3006 5738 incitamur.

333 5767 379 5799 “
410 5769 428 5822 Ι
459 5771 615 5825 Joan.
649 5790 718 5838 tv,
745 5774 835 5830 20.
915 5777 958 5808 ’⁵
990 5775 1149 5832 Joan.
1180 5795 1286 5844 xw,
1318 5781 1368 5834 6.
1450 5783 1490 5814 ⁸⁸
1521 5783 1674 5838 Rom.
1725 5804 1795 5853 vr,
1827 5791 1844 5843 f

1959 5795 1997 5824 ¹⁷
2027 5794 2070 5847 ll
2102 5795 2246 5850 Pctr.
2280 5813 2315 5861 ι,
2346 5799 2396 5852 ιί.
2479 5797 2520 5828 ¹⁰
2550 5797 2568 5850 Ι
2601 5797 2757 5854 Joan.
2788 5815 2864 5866 ιιι,
2894 5801 2948 5854 2.

578 5872 845 5932 Pnnm.
895 5875 1011 5935 Gtt.
1075 5876 1199 5937 XC.

3067 5895 3147 5958 38
