4064 6438
204 412 342 483 1197

909 421 1243 484 CAPITUM
1282 421 1706 496 QUINQUIES
1743 418 2260 481 CENTENORUM
2298 418 2684 480 CENTURIA
2726 418 2772 477 Ι.

3320 414 3454 479 1198

205 526 451 598 ναμένης
482 526 807 599 ταύτότητα.
837 530 947 585 Καὶ
984 532 1098 604 γὰρ
1123 533 1255 590 ίδιον
1278 537 1379 605 τῆς
1402 534 1644 606 ἀγάπης,
1665 532 1776 588 τῶν
1803 581 1807 592 .

1905 538 2125 586 »αοειειιῐι
2155 529 2322 585 animi
2366 531 2639 585 sententia
2681 528 3027 585 identitatem
3071 535 3331 597 praestare
3358 545 3449 583 va-

206 618 279 671 τά
306 620 431 672 κατ’
458 617 627 689 αὐτὴν
653 617 984 692 ζητούντων,
1019 623 1151 693 μίαν
1187 623 1465 691 ἀποδεῖξαι
1498 624 1599 695 τὴν
1634 622 1777 693 γνὼ-

207 726 343 780 iniv-

282 888 398 958 μθ⁸.
457 888 521 942 Εί
561 887 724 958 φύσει
764 888 825 941 τὸ
872 889 1038 942 καλόν
1087 892 1234 944 ἐστιν
1270 892 1641 963 ὲνοποιητικὸν
1673 892 1779 943 τῶν

204 975 558 1050 διῃρημένων
587 977 683 1030 καὶ
717 978 1057 1044 συνεκτικὸν,
1097 979 1160 1033 τὸ
1198 980 1369 1034 κακὸν
1394 981 1636 1050 δηλονότι
1670 980 1781 1033 τῶν

209 1067 507 1140 ἡνωμένων
554 1068 673 1121 ἐστὶ
710 1068 1038 1139 διαιρετικόν
1070 1087 1131 1123 τε
1184 1072 1278 1124 καὶ
1320 1071 1639 1142 φθαρτικόν.
1671 1072 1783 1125 Καὶ

205 1160 319 1229 γὰρ
346 1158 504 1227 φύσει
536 1157 598 1211 τὸ
622 1158 793 1212 κακὸν
823 1158 1114 1214 σκεδαστὸν
1142 1162 1401 1235 ὑπάρχει,
1427 1165 1524 1218 καὶ
1550 1162 1782 1219 ἄστατον

208 1250 307 1304 καὶ
344 1248 694 1321 πολύμορφον
723 1248 821 1305 καὶ
845 1250 1194 1325 διαιρετικόν.

278 1430 345 1479 ν’.
377 1424 602 1479 Πάντων
657 1422 769 1479 τῶν
804 1424 989 1480 κακῶν
1040 1426 1330 1499 ἀπαλλαγὴ
1378 1430 1474 1483 καὶ
1518 1428 1784 1501 σύντομος

210 1516 354 1585 πρὸς
377 1515 656 1586 σωτηρίαν
680 1516 820 1582 ὁδὸς,
854 1518 887 1587 ἡ
923 1517 1132 1591 ἀληθὴς
1171 1520 1267 1574 τοῦ
1320 1520 1457 1574 Θεοῦ
1495 1523 1621 1575 κατ’
1666 1521 1787 1575 ἐπί-

210 1620 417 1673 γνωσιν
444 1606 632 1677 ἀγάπη
664 1606 805 1672 ἐστὶ,
849 1607 946 1661 καὶ
969 1609 1003 1679 ἡ
1046 1607 1278 1681 καθόλου
1308 1612 1408 1681 τῆς
1438 1610 1581 1664 κατά
1607 1610 1786 1681 ψυχὴν

211 1694 354 1765 πρός
384 1711 447 1747 τε
490 1694 553 1748 τδ
613 1695 773 1767 σῶμα
817 1697 914 1751 καὶ
962 1677 1054 1752 τδν
1084 1677 1293 1770 κόσμον
1320 1677 1509 1756 τοῦτον
1551 1677 1787 1773 στοργῆς

213 1781 528 1853 ἑξάρνησις,
563 1782 685 1837 καθ’
717 1785 805 1857 ῆν,
836 1786 937 1857 τῆς
984 1786 1085 1859 μὲν
1106 1788 1301 1862 ἡδονῆς
1332 1789 1650 1861 ἐπιθυμίαν,
1688 1790 1787 1861 τῆς

210 1872 410 1943 ὀδύνης
454 1873 515 1927 δὲ
563 1873 655 1929 τὸν
712 1875 877 1946 φόϐον
932 1877 1384 1951 ἀποδαλλόμενοι,
1453 1883 1555 1953 τῆς
1610 1883 1788 1953 κακῆς
1820 1873 1861 1929 Β

213 1964 655 2039 δευθερούμεθα
691 1968 1000 2039 φιλαυτίας,
1054 1972 1193 2043 πρὸς
1223 1973 1324 2045 τὴν
1363 1974 1568 2042 γνῶσιν
1597 1973 1791 2029 ἀναϐι-

212 2055 515 2122 6ασθέντες
544 2057 638 2112 τοῦ
667 2057 961 2126 κτίσαντος
981 2078 996 2093 ο
1037 2062 1132 2116 καλ⁵
1162 2066 1406 2136 πονηρᾶς
1444 2064 1658 2137 ἀγαθὴν
1691 2066 1791 2121 ἀν-

215 2147 533 2226 τιλαϐόντες
559 2147 751 2222 νωράν
780 2150 1069 2221 φιλαυτίαν
1102 2155 1425 2226 σωματικῆς
1452 2154 1794 2227 κεχωρισμέ-

215 2256 317 2310 νην
354 2241 613 2313 στοργῆς,
638 2242 701 2296 ού
737 2242 1027 2315 παυόμεθα
1058 2244 1416 2317 λατρεύοντες
1446 2246 1527 2319 τῷ
1555 2247 1675 2319 Θεῷ
1705 2245 1795 2300 διά

215 2331 426 2401 ταύτης
464 2332 563 2403 τῆς
595 2333 771 2405 καλῆς
808 2335 1118 2405 φιλαυτίας,
1151 2339 1217 2391 ὲκ
1276 2337 1414 2392 Θεοῦ
1467 2337 1571 2409 τῆς
1614 2338 1794 2409 ψυχῆς

215 2422 311 2477 ἀεὶ
339 2421 628 2493 ζητοῦντες
664 2426 764 2496 τὴν
798 2425 1078 2482 σύστασιν.
1133 2430 1284 2500 Αὕτη
1316 2430 1441 2503 ,γάρ
1486 2432 1633 2484 ἐστιν
1660 2432 1796 2503 ἀλη-

218 2512 323 2587 θὴς
348 2514 595 2587 λατρεία,
624 2516 720 2570 καὶ
747 2518 919 2582 ὅντως
950 2517 1269 2591 θεάρεστος,
1299 2522 1334 2593 ἡ
1363 2522 1462 2593 τῆς
1491 2520 1673 2595 ψυχῆς
1704 2523 1796 2577 διὰ

216 2605 335 2659 τῶν
360 2607 573 2678 ἀρετῶν
599 2607 837 2679 ἀκριόὴς
866 2609 1177 2681 ἐπιμέλεια.

294 2703 399 2753 va’.
438 2698 498 2753 '0
530 2701 852 2772 σωματικῆς
874 2699 1069 2771 ἡδονῆς
1099 2700 1175 2773 μὴ
1205 2701 1513 2774 ἐφιέμενος,
1544 2703 1641 2757 καὶ
1676 2702 1797 2756 ὀδύ-

222 2805 325 2860 νην
350 2789 636 2854 παντελῶς
668 2789 741 2862 μὴ
767 2789 1122 2862 φοϐούμενος,
1151 2791 1376 2862 γέγονεν
1399 2794 1641 2865 ἀπαθὴς.
1665 2791 1801 2847 Ταύ-

220 2895 348 2943 ταις
377 2879 482 2951 γάρ
506 2880 646 2951 μετὰ
673 2883 770 2952 τῆς
793 2882 1056 2953 τεκούσης
1085 2882 1255 2948 αὑτὰς
1280 2884 1586 2954 φιλαυτίας,
1624 2885 1802 2940 πάντα

1878 618 2007 674 leat.
2035 618 2093 672 ld
2120 619 2267 674 enim
2294 618 2584 675 charitatis
2610 620 2912 690 pveprium,
2942 627 3000 672 ut
3023 633 3237 684 eorum,
3267 619 3363 688 qui
3393 635 3458 675 ea

1880 726 2002 780 qua:
2032 712 2154 781 ejus
2181 717 2310 766 sunt
2339 721 2612 780 quaerunt,
2640 726 2812 765 unum
2840 711 3087 765 animum
3117 724 3184 765 ac
3207 711 3459 765 volunta-

1884 810 1991 857 tem
2023 799 2241 857 etliciat.

1951 892 2039 947 49.
2070 892 2353 962 Siquidem
2383 908 2449 948 ea
2470 892 2600 947 boui
2628 902 2824 947 natura
2847 901 2932 949 est
2955 900 3119 963 atque
3141 892 3375 955 indoles,
3403 902 3463 947 ut

1882 997 2006 1052 quas
2033 982 2208 1038 divisa
2239 992 2369 1039 sunt
2402 983 2559 1038 uniat
2589 991 2647 1038 et
2675 982 2954 1038 contineat
2983 1000 2996 1036 :
3026 982 3153 1037 mali
3184 983 3342 1054 plane
3372 999 3465 1054 ge-

1884 1071 2012 1126 nius
2040 1072 2171 1137 erit,
2207 1081 2270 1127 ut
2298 1087 2422 1142 qua:
2455 1078 2585 1126 sunt
2622 1069 2772 1124 unita
2814 1069 3026 1125 dividat
3055 1085 3120 1125 ac
3162 1068 3459 1123 interimat.

1885 1162 2086 1217 Malum
2114 1163 2264 1218 enim
2291 1170 2487 1216 natura
2520 1159 2845 1229 dissipatum
2869 1168 2953 1214 est
2980 1167 3036 1214 et
3067 1158 3349 1221 mutabile,
3384 1156 3466 1210 in-

1885 1255 2194 1327 stabileque
2227 1264 2288 1312 et
2328 1253 2700 1318 multiforme,
2731 1268 2797 1308 ae
2837 1252 2985 1324 quod
3015 1252 3340 1309 divisionem
3376 1250 3463 1306 in-

1888 1346 2073 1402 ducat.

1961 1439 2050 1495 50.
2088 1434 2369 1492 Liberatio
2402 1450 2433 1490 a
2465 1433 2625 1490 malis
2654 1432 2931 1496 omnibus,
2957 1430 3249 1500 brevisque
3280 1429 3348 1484 ad
3377 1444 3469 1484 sa-

1888 1533 2059 1589 lutem
2086 1532 2196 1596 via,
2226 1544 2357 1584 vera
2381 1536 2468 1582 est
2493 1542 2618 1582 cum
2648 1525 2928 1598 agnitione
2954 1523 3049 1578 Dei
3078 1522 3321 1586 dilectio,
3349 1538 3468 1576 om-

1889 1623 2086 1691 nisque
2143 1634 2273 1690 erga
2325 1633 2527 1689 corpus
2586 1616 2998 1684 mundumque,
3051 1612 3472 1683 indulgentioris

1890 1711 2062 1767 animi
2094 1708 2407 1774 abdicatio;
2452 1722 2581 1778 qua,
2630 1705 2928 1776 voluptatis
2971 1703 3270 1774 cupiditate
3312 1702 3470 1755 dolo-

1892 1803 2080 1873 risque
2123 1809 2273 1856 metu
2303 1799 2573 1864 excussis,
2604 1813 2635 1852 a
2665 1813 2835 1867 pravo
2869 1796 2963 1850 illo
2985 1810 3241 1866 caseoque
3270 1807 3470 1862 corpo-

1890 1895 1969 1950 ris
1992 1908 2179 1950 amore
2209 1892 2530 1953 liberamur,
2566 1888 2634 1943 ad
2658 1888 2916 1944 Auctoris
2947 1887 3313 1959 cognitionem
3336 1885 3467 1941 sub~
3556 1941 3558 1944 ,

1889 1986 2071 2051 vecti;
2106 1986 2337 2056 ejusque
2386 1983 2508 2037 loco
2555 1983 2762 2037 bonum
2797 1980 2949 2035 illum
2979 1990 3143 2049 atque
3176 1980 3469 2034 honestum

1892 2075 2248 2147 intelligentis
2278 2074 2445 2129 animi
2480 2088 2745 2138 amorem,
2768 2071 3072 2141 corporalis
3099 2070 3328 2126 affectus
3348 2069 3470 2124 labe

1892 2182 2091 2238 purum
2128 2166 2336 2236 adepti,
2380 2180 2448 2220 eo
2490 2164 2721 2233 obsequi
2752 2163 2866 2218 Deo
2894 2176 3005 2217 non
3032 2176 3330 2224 cessamus,
3377 2159 3471 2230 qui

1892 2259 2064 2315 animi
2107 2271 2324 2328 semper
2374 2255 2811 2311 incolumitatem
2860 2269 2929 2309 ex
2976 2252 3090 2308 Deo
3141 2266 3470 2322 quzeramus.

1895 2352 1998 2408 llic
2036 2350 2185 2407 enim
2216 2363 2384 2404 verus
2416 2347 2619 2413 cultus,
2653 2361 2895 2417 vereque
2934 2344 3048 2401 Deo
3080 2352 3338 2414 acceptus
3367 2352 3472 2407 est,

1896 2450 1958 2497 ut
1989 2455 2188 2509 nempe
2226 2438 2548 2509 diligentem
2593 2437 2779 2491 animo
2807 2435 3073 2492 virtutum
3121 2433 3344 2500 solliciti
3375 2448 3473 2488 cu-

1898 2549 2018 2590 ram
2048 2530 2428 2588 adhibeamus.

1972 2711 2060 2765 51.
2088 2706 2194 2776 Qui
2218 2708 2556 2778 corporalem
2588 2706 2925 2776 voluptatem
2953 2720 3017 2759 ac
3054 2702 3337 2758 libidinem
3368 2718 3480 2757 non

1900 2799 2270 2870 concupiscit,
2312 2813 2415 2853 nec
2457 2797 2703 2852 dolorem
2747 2794 2974 2850 omnino
3010 2793 3239 2857 metuit,
3278 2794 3469 2862 imper-

1903 2892 2106 2946 turbati
2158 2892 2435 2960 solutique
2482 2890 2632 2943 vitiis
2682 2889 2848 2942 animi
2911 2887 3139 2941 exstitit.
3197 2885 3334 2940 Cum
3399 2886 3484 2941 his

220 2970 297 3023 τὰ
332 2971 399 3023 δι’
433 2971 603 3035 αὐτάς
641 2989 701 3024 τε
731 2971 826 3025 καὶ
875 2972 935 3037 ἐξ
983 2974 1166 3027 αὐτῶν
1196 2975 1333 3046 μετὰ
1363 2976 1462 3047 τῆς
1489 2977 1801 3047 άρχηγικω-

1905 2984 2072 3046 enim,
2100 2996 2403 3051 eorumque
2426 2990 2675 3050 parente,
2705 2994 2878 3049 pravo
2906 2979 2999 3033 illo
3023 2993 3088 3033 ac
3118 2992 3263 3031 caeco
3288 2991 3487 3046 corpo-

220 3064 397 3133 τάτης
418 3062 527 3116 τῶν
556 3062 743 3117 κακῶν
775 3064 1018 3133 ἀγνοίας,
1042 3064 1386 3137 ὁμοθυμαδὸν
1418 3066 1802 3123 συναπέκτεινε

1905 3074 1981 3127 ris
2014 3087 2223 3135 amore,
2254 3079 2483 3125 cunctos
2531 3070 2726 3124 horum
2774 3084 2963 3133 causa,
2995 3082 3170 3136 exque
3217 3065 3326 3121 illis
3357 3081 3489 3120 suc-

222 3154 404 3225 πάθη,
449 3155 545 3208 καὶ
572 3155 694 3218 ὅλος
730 3155 922 3225 γέγονε
969 3154 1066 3209 τοῦ
1118 3156 1354 3222 ἑστῶτος
1405 3157 1502 3211 καὶ
1550 3158 1803 3229 μένοντος

1905 3172 2218 3221 crescentes
2245 3162 2497 3228 affectus,
2529 3176 2654 3216 eum
2690 3160 2950 3216 vitiorum
2990 3173 3203 3215 summe
3240 3157 3489 3229 principe

221 3246 323 3300 καὶ
356 3244 444 3301 ἀεὶ
476 3245 739 3311 ὡσαύτως
767 3246 981 3318 ἔχοντος
1032 3246 1192 3318 φύσει
1226 3248 1416 3316 καλοῦ,
1452 3250 1801 3306 παντάπασιν

1910 3254 2195 3325 primaque
2225 3251 2460 3323 origine,
2490 3249 2820 3321 ignorantia,
2846 3264 2958 3304 uno
2981 3248 3135 3304 velut
3171 3247 3283 3302 ictu
3314 3246 3486 3301 inter-

221 3336 383 3408 αὐτῷ
408 3337 779 3409 συνδιαμινων
808 3339 1086 3411 ἀκίνητος,
1136 3340 1233 3395 καὶ
1280 3340 1797 3413 ἀνακεκαλυμμένῳ

1907 3344 2080 3410 emit,
2127 3351 2387 3413 totusque
2420 3340 2605 3397 stabili
2656 3339 2733 3395 illi
2781 3348 2837 3396 et
2883 3338 3147 3405 manenti,
3183 3338 3491 3407 eodemque

223 3426 512 3501 προσώπῳ
537 3429 638 3501 τὴν
664 3429 821 3495 δόξαν
848 3429 944 3485 τοῦ
993 3429 1130 3485 Θεοῦ
1164 3430 1665 3504 κατοπτριζόμενος
1684 3448 1699 3463 ·
1736 3434 1805 3487 ἐκ

1909 3454 1969 3494 se
1998 3437 2163 3493 modo
2192 3450 2411 3506 semper
2438 3434 2686 3499 habenti,
2717 3448 2781 3488 ac
2813 3443 3011 3489 natura
3052 3432 3201 3489 bono
3227 3431 3491 3487 honesto-

222 3521 332 3591 τῆς
377 3522 436 3574 ιν
482 3520 631 3593 αύτῷ
677 3522 1001 3593 φωτοειδοῦς
1042 3522 1450 3596 λαμπρότητος,
1503 3524 1605 3597 τὴν
1652 3524 1806 3580 Θείαν

1910 3546 2020 3602 que
2050 3529 2297 3593 adhaesit,
2333 3543 2457 3583 cum
2508 3527 2600 3581 illo
2629 3525 2926 3581 immobilis
2968 3538 3195 3596 prorsus
3240 3537 3496 3594 perseve—

222 3614 327 3668 xal.
359 3614 652 3685 ἀπρόσιτον
692 3614 851 3680 δόξαν
882 3613 1174 3686 θεώμενος.

1914 3636 2079 3685 rans,
2120 3634 2185 3674 ac
2214 3618 2455 3673 revelata
2499 3616 2636 3673 facie
2683 3616 2839 3687 quasi
2887 3616 2943 3670 in
2993 3615 3218 3686 speculo
3251 3613 3494 3669 divinam

222 3706 464 3780 gloriam
506 3710 887 3781 contemplans
917 3710 994 3779 ’°;
1028 3726 1097 3768 ex
1127 3711 1314 3770 lucido
1354 3727 1524 3785 penes
1569 3714 1811 3788 seipsum
1847 3714 2163 3791 splendore,
2186 3712 2428 3769 divinam
2459 3727 2524 3769 ac
2551 3711 2889 3769 inaccessam
2940 3709 3249 3767 claritatem
3308 3706 3496 3763 animo

222 3802 611 3859 considerans.

304 3892 411 3946 νῦ.
441 3891 555 3963 Τὴν
588 3890 783 3963 ἡδονὴν
808 3890 909 3963 τῆς
943 3892 1225 3966 παρούσης
1264 3894 1410 3967 ζωῆς
1440 3896 1535 3951 κατ⁹
1564 3897 1662 3970 τὴν
1687 3897 1807 3952 ὀδύ-

1986 3896 2148 3967 522
2175 3894 2265 3950 52.
2289 3895 2426 3950 Vita:
2455 3892 2621 3964 hujus
2651 3892 2987 3962 voluptatem
3024 3898 3191 3962 atque
3225 3890 3493 3957 dolorem,

226 3996 355 4055 νην,
386 3982 488 4053 ὅση
518 3982 769 4054 δύναμις,
824 3982 1211 4055 ἀρνησιῖῳεθα,
1263 3986 1360 4041 καὶ⁹
1411 3989 1591 4061 πάσης
1619 3990 1807 4044 παθῶν

1916 3998 2123 4059 quanta
2168 3986 2399 4042 facultas
2441 3992 2548 4049 est,
2578 3984 2917 4047 abdiccmus,
2950 3982 3209 4054 omnique
3235 3982 3494 4038 vitiorum

234 4071 491 4136 επινοίας
521 4072 584 4144 (Ι)
616 4074 716 4128 καὶ
738 4073 1127 4144 δαιμονιὼδους
1169 4078 1508 4149 κακουργίας
1533 4080 1807 4145 παντελῶς

1915 4078 2102 4135 animo
2132 4077 2277 4144 labe,
2312 4076 2731 4146 dzemonumque
2780 4076 3119 4146 malignitate
3161 4077 3385 4147 penitus
3426 4078 3495 4132 li-

231 4163 760 4236 ἀπαλλαγησόμεθα.
816 4164 915 4219 Διά
961 4166 1071 4237 γὰρ
1117 4166 1217 4240 τὴν
1258 4168 1451 4242 ἡδονὴν
1507 4172 1807 4244 ἀγαπῶμεν

1917 4166 2258 4223 berabimur.
2288 4166 2598 4235 Voluptatis
2633 4167 2777 4220 enim
2814 4164 3168 4235 libidinisque
3214 4166 3493 4232 illecebra,

232 4256 309 4311 τά
340 4256 512 4327 πάθη.
544 4258 641 4311 καὶ
667 4256 755 4311 διά
793 4255 892 4329 τὴν
932 4256 1127 4330 ὀδύνην
1157 4260 1433 4332 φεύγομεν
1460 4262 1559 4334 τὴν
1588 4264 1810 4336 ἀρετήν.

321 4434 414 4503 ιγ’.
465 4434 684 4507 Ἐπειδὴ
721 4436 872 4490 πᾶσα
900 4436 1069 4491 κακία
1109 4435 1322 4507 πέφυκε
1354 4438 1466 4501 τοῖς
1496 4436 1818 4492 συνιστῶσιν

1918 4257 2051 4313 vitia
2074 4256 2414 4325 affectusque
2439 4254 2748 4324 diligimus;
2778 4261 3036 4325 metuque
3060 4253 3286 4321 doloris,
3319 4256 3497 4310 virtu-

1921 4358 2031 4404 tem
2056 4348 2296 4417 fugimus
2317 4361 2380 4401 ac
2402 4360 2738 4400 aversamur.

1994 4440 2082 4495 53.
2117 4439 2252 4495 Cum
2299 4453 2467 4493 omne
2518 4436 2711 4490 vitium
2764 4452 2871 4491 una
2920 4453 3043 4492 cum
3100 4437 3280 4493 modis
3319 4438 3498 4507 ipsum

242 4526 424 4598 αὐτὴν
459 4526 893 4599 συμφθείρεσθαι
945 4528 1188 4601 τρόποις,
1238 4529 1509 4602 εὑρίσκων
1549 4530 1616 4585 δι’
1646 4530 1807 4600 αὐτῆς

1922 4529 2380 4602 promoventibus
2417 4544 2514 4583 seu
2559 4527 2925 4583 conflantibus
2957 4528 3200 4598 proclive
3232 4528 3497 4594 intereat;

240 4616 349 4685 τῆς
376 4614 574 4683 πείρας
605 4616 635 4669 ό
672 4616 982 4689 ἄνθρωπος,
1018 4619 1198 4691 πάσης
1221 4620 1414 4692 ἡδονῆς
1443 4616 1583 4674 εἶναι
1606 4622 1821 4684 πάντως

242 4708 353 4778 τὴν
382 4706 575 4779 ὀδύνην
611 4707 875 4779 διάδοχον,
905 4710 1041 4781 πρὸς
1077 4710 1175 4781 μὲν
1199 4710 1297 4781 τὴν
1330 4711 1544 4783 ἡδονὴν,
1575 4710 1674 4781 τὴν
1696 4710 1823 4781 ὃλην

250 4802 415 4871 Εσχεν
450 4800 632 4871 ὁρμήν
653 4814 667 4829 ’
709 4801 842 4871 πρὸς
873 4800 930 4853 δὲ
959 4800 1056 4871 τὴν
1082 4801 1293 4873 ὀδύνην,
1323 4801 1421 4874 τὴν
1454 4802 1581 4873 ὃλην
1608 4803 1824 4871 ἀποφυ-

247 4892 394 4962 γὴνο
424 4893 524 4963 τῆς
554 4892 678 4961 μὲν⁹
718 4892 858 4947 κατά
885 4892 1066 4946 πᾶσαν
1097 4892 1637 4965 ὑπεραγωνιζόμενος
1665 4893 1824 4947 δύνα-

251 5004 353 5059 μιν
375 5002 391 5017 ο
423 4988 521 5056 τῆς
551 4986 629 5051 δὲ,
657 4988 798 5041 κατά
827 4989 1012 5041 πᾶσαν
1036 4988 1271 5059 σπουδὴν
1297 4988 1824 5059 καταγωνιζόμενος,

246 5078 524 5150 οἰόμενος,
557 5079 694 5151 ὅπερ
718 5080 999 5151 ἀμήχανον
1027 5075 1120 5151 ἦν,
1155 5079 1245 5134 διὰ
1267 5080 1368 5151 τῆς
1395 5079 1651 5148 τοιαύτης
1699 5080 1828 5149 μεθ-

244 5171 450 5238 οδείας,
469 5171 714 5244 ἀλλήλων
736 5172 937 5236 ταύτας
956 5172 1263 5243 διαστῆσαι,
1291 5172 1385 5225 καὶ
1405 5170 1543 5243 μόνῃ
1572 5172 1637 5242 τῇ
1664 5170 1826 5242 ἡδονῇ

322 5320 371 5363 ’⁸
400 5328 446 5384 ll
469 5326 597 5383 Cor.
624 5344 701 5394 Ill,
736 5328 821 5383 1‘2.

325 5486 391 5543 υ)
416 5473 628 5537 Πάσης
654 5466 859 5543 audibat
874 5465 1168 5543 ἐπινοίας.
1201 5463 1312 5543 Pro
1325 5460 1588 5543 λογισμοῦ
1613 5462 1835 5543 videtur

254 5531 556 5612 usurpasse
576 5531 697 5606 i'ut
723 5535 993 5612 significet
1026 5532 1451 5612 ipsumnvitium
1480 5540 1536 5612 et
1574 5531 1833 5612 affectum

254 5601 443 5669 animo
494 5601 801 5666 haerentem
832 5601 1165 5674 juxtaqq’uod
1194 5601 1381 5674 Varin.
1435 5601 1667 5674 ἐπίνοια,
1691 5602 1834 5674 ζὸταν

254 5700 340 5745 τις
394 5681 459 5733 τὰ
497 5680 631 5732 ὂντα
656 5680 713 5731 ὲν
737 5679 804 5746 τῇ
832 5670 1053 5744 διανοίᾴ
1082 5673 1284 5746 θεωρῇ.
1326 5671 1446 5746 Non
1495 5670 1631 5746 satis
1690 5672 1834 5746 bene

260 5740 420 5806 Picus
446 5767 461 5802 :
486 5749 561 5804 Ab
582 5750 726 5801 omni
753 5740 1030 5816 affectuum
1049 5740 1327 5816 Aopinione.
1366 5740 1624 5816 Possit_et
1659 5742 1836 5816 subtif

256 5821 368 5877 lem
386 5820 686 5891 cogitatum
708 5825 762 5873 et
783 5810 1227 5871 adinventionem
1246 5824 1461 5877 sonare,
1486 5810 1564 5864 uti
1583 5812 1835 5881 sequenti

1927 4631 2210 4691 comperto
2239 4620 2425 4684 homo,
2473 4618 2551 4673 rei
2602 4617 2719 4688 ipso
2747 4617 3013 4687 periculo,
3056 4616 3205 4672 omni
3232 4616 3499 4686 voluptati

1927 4713 2153 4767 omnino
2178 4710 2422 4766 dolorem
2454 4709 2707 4765 comitem
2734 4724 2855 4765 esse
2884 4726 2897 4763 :
2932 4709 2989 4764 in
3012 4709 3346 4778 voluptatem
3382 4706 3504 4777 qui-

1931 4805 2093 4869 dem,
2131 4803 2240 4857 vim
2276 4816 2495 4857 omnem
2547 4802 2855 4871 appetentis
2904 4801 3107 4863 animi,
3157 4801 3212 4855 in
3259 4801 3502 4855 dolorem

1932 4910 2086 4960 vero,
2108 4894 2289 4965 fugam
2316 4907 2534 4947 omnem
2572 4892 2839 4949 convertit
2862 4910 2875 4946 :
2901 4893 3050 4948 illius
3069 4892 3289 4962 quidem
3317 4907 3503 4953 causa,

1936 4990 2064 5044 totis
2090 4988 2302 5042 viribus
2333 4986 2651 5052 decertans;
2682 4986 2829 5041 hunc
2860 5001 3013 5051 vero,
3044 4984 3193 5040 omni
3227 4984 3506 5054 diligentia

1934 5096 2291 5151 oppugnans;
2328 5094 2525 5149 nempe
2570 5086 2722 5133 ratus
2768 5077 2885 5133 fore
2938 5076 3102 5149 (quod
3152 5077 3375 5131 omnino
3406 5077 3508 5130 im-

1936 5172 2203 5242 possibile
2238 5171 2378 5242 erat)
2418 5179 2477 5225 ut
2517 5187 2578 5227 ea
2621 5170 2841 5226 solertia
2883 5178 3130 5241 arthue,
3161 5168 3506 5225 alterum.ab

1933 5463 2273 5533 statimgcap.
2303 5462 2414 5525 Τὰς
2451 5458 2909 5533 ἀμυθᾼὴτουςμτῶν
2937 5459 3275 5533 φθ-οροποιῶν
3319 5460 3508 5533 παθῶν

1932 5529 2257 5600 ἐπινοοῦμεν
2285 5529 2549 5599 γενέσεις.
2590 5530 2659 5586 Ut
2693 5530 2825 5585 velit
2850 5529 2967 5585 fore
2998 5529 3207 5600 liberos
3248 5530 3396 5586 omni
3428 5531 3511 5585 vi-

1937 5603 2010 5657 tio
2037 5617 2101 5657 ae
2126 5599 2351 5666 affectu,
2385 5609 2498 5654 tum
2531 5600 2687 5670 cujus
2715 5599 2874 5656 nobis
2905 5599 3011 5670 ipsi
3041 5607 3295 5670 auctores
3338 5600 3512 5657 simus

1932 5672 2170 5742 propria
2214 5670 2631 5735 adinventione,
2695 5678 2808 5725 tum
2869 5669 3029 5742 cujus
3081 5669 3358 5725 daemones
3411 5684 3510 5725 sua

1933 5741 2309 5814 Suggestione.
