3972 6428
541 408 677 474 1199

1709 398 1768 462 S.
1807 397 2099 462 MAXIMI
2136 391 2648 460 CONFESSORIS

3676 396 3799 471 nos

539 521 716 579 altero
762 517 1130 588 dispesceret;
1186 515 1397 584 solique
1447 511 1715 582 voluptati
1775 514 2125 585 conjunctum

2237 513 2593 585 συνημμένην
2647 512 2744 585 τὴν
2794 510 3080 584 φιλαυτίαν
3131 512 3276 585 ἐχειν
3305 511 3588 580 παντελῶς
3621 515 3800 591 ὀδύνης

540 623 772 678 pravum
812 608 967 661 illum
1008 618 1325 674 caecumque
1369 602 1621 672 Corporis
1667 617 1934 667 amorem,
1980 601 2131 655 nullo

538 717 770 772 prorsus
815 699 1026 755 doloris
1075 697 1344 768 periculo,
1396 696 1656 762 haberet;
1690 695 1951 768 ignorans
1983 693 2132 748 scili-

537 805 630 851 cet
679 795 904 867 (aﬂ‘ectu
969 800 1104 863 puto
1166 805 1392 846 sensum
1449 787 1749 858 adimente)
1797 787 2132 857 voluptatem

541 889 715 958 ipsam
753 902 853 955 per
898 901 958 940 se
985 898 1236 938 seorsum
1272 897 1303 937 a
1355 880 1546 936 dolore
1575 895 1858 949 nunquam
1906 876 2134 932 omnino

537 991 702 1045 posse
750 973 1036 1029 exsistere.
1073 970 1171 1026 Est
1204 970 1354 1024 enim
1383 968 1712 1025 commistus
1735 965 2008 1039 voluptati
2037 967 2136 1022 do-

537 1067 674 1122 loris
718 1066 896 1128 labor,
931 1063 1152 1119 tametsi
1194 1061 1368 1118 latere
1406 1076 1504 1118 eos
1543 1060 1820 1127 videatur,
1868 1059 1964 1130 qui
2013 1057 2135 1130 ejus

511 1165 823 1227 ‘compotes
857 1162 1007 1221 sunt,
1037 1155 1108 1210 ob
1156 1160 1586 1224 exsuperantem
1633 1151 1847 1208 scilicet
1883 1151 2136 1222 volupta-

539 1250 612 1304 tis
641 1249 921 1304 aﬂ‘ectum.
965 1246 1199 1317 Semper
1245 1245 1396 1300 enim
1440 1243 1588 1315 quod
1630 1243 1910 1314 pmcipue
1957 1241 2135 1298 domi-

538 1351 705 1398 natur
739 1357 805 1397 ac
838 1341 1008 1412 viget,
1041 1347 1232 1394 natum
1265 1345 1353 1394 est
1393 1337 1636 1401 elucere,
1664 1336 1785 1408 ejus
1823 1333 2134 1406 obtegendo

539 1447 764 1489 sensum
798 1431 946 1502 quod
975 1429 1055 1485 illi
1089 1431 1448 1502 conjunctum
1480 1433 1586 1483 est.
1620 1425 1782 1482 Pravi
1823 1425 1991 1497 igitur
2025 1439 2134 1481 cas-

540 1526 702 1596 cique
735 1525 883 1579 illius
919 1523 1128 1578 amoris
1155 1521 1341 1578 studio
1366 1520 1703 1591 voluptatem
1737 1515 2132 1606 consectando,

543 1613 863 1667 innumeros
892 1611 1156 1666 cxitiosos
1185 1610 1417 1665 aﬂ‘ectus
1439 1608 1684 1677 vitiaque
1723 1603 2132 1660 adinvenimu‘s.

610 1705 698 1760 54.
737 1704 924 1760 Nescit
956 1702 1074 1774 ipso
1105 1703 1185 1758 rei
1223 1701 1474 1773 periculo
1503 1698 1802 1769 voluptatis
1830 1712 1896 1752 ac
1926 1694 2136 1751 doloris

2234 606 2552 675 ἀπείρατον,
2607 605 2884 677 ἀγνοήσας
2922 605 3028 658 ὑπὸ
3070 605 3169 659 τοῦ
3220 605 3450 670 πάθους,
3493 607 3574 670 ὡς
3613 607 3800 675 ἔοικεν,

2233 694 2307 757 ὡς
2337 695 2439 748 ούκ
2477 693 2754 765 ἐνδέχεταί
2783 711 2916 748 ποτε
2948 696 3117 766 χωρὶς
3148 695 3342 767 ὀδύνης
3370 691 3518 750 εἶναι
3551 696 3649 768 τὴν
3691 699 3820 767 ηδο-“

2234 786 2354 857 νην.
2395 785 2762 858 Ἐγκέκραται
2800 787 2910 858 γὰρ
2963 790 3030 858 τῇ
3071 787 3236 860 ἡδονῇ
3268 787 3370 859 τῆς
3417 788 3615 861 ὀδύνης
3645 791 3674 843 ὀ
3711 793 3807 844 πό-

2234 894 2345 943 νος,
2373 877 2479 932 κᾶν
2511 877 2798 933 λανθάνειν
2829 879 2960 951 δοκῇ
2993 881 3119 943 τοὺς
3142 880 3387 950 ἔχοντας,
3423 881 3519 935 διὰ
3551 881 3651 953 τὴν
3673 884 3811 936 κατὰ

2233 970 2294 1023 τὸ
2344 969 2518 1035 πάθος
2554 970 2658 1040 τῆς
2698 970 2898 1042 ἡδονῆς
2937 971 3302 1042 ἐπικράτειαν
3327 987 3340 1000 ·
3385 971 3579 1044 ἐπειδὴ
3605 971 3667 1025 τὸ
3691 973 3812 1025 ἐπι-
3863 1022 3870 1026 .

2235 1062 2497 1134 κρατοῦν,
2552 1063 2644 1118 ἀεὶ.
2683 1063 3062 1133 διαφαίνεσθαι
3120 1064 3356 1133 πέφυκε,
3393 1062 3681 1118 καλύπτον
3718 1051 3816 1119 τοῦ

2237 1155 2650 1226 παρακειμένου
2709 1152 2810 1226 τὴν
2861 1155 3135 1227 αἴσθησιν.
3183 1155 3410 1228 Ἡδονῆς
3463 1152 3560 1212 οῦν
3587 1157 3677 1211 διὰ
3716 1157 3820 1228 τήν

2236 1246 2528 1317 φιλαυτίαν
2557 1247 3021 1320 ἀντιποιούμενοι,
3054 1250 3150 1304 καὶ
3181 1249 3377 1322 ὀδύνην
3395 1250 3485 1304 διὰ
3517 1251 3617 1323 τὴν
3650 1250 3819 1321 αὐτὴν

2235 1336 2422 1393 αἰτίαν
2448 1337 2614 1394 πάλιν
2647 1338 2872 1410 φεύγειν
2909 1341 3328 1408 σπουδάζοντες,
3358 1341 3460 1405 τὰς
3498 1341 3821 1413 ἀμυθήτου-ς

2236 1429 2349 1485 τῶν
2381 1429 2728 1502 φθοροποιῶν
2759 1431 2952 1488 παθῶν
2978 1431 3304 1505 ἐπινοοῦμεν
3331 1433 3603 1504 γενέσεις.

2307 1688 2401 1742 νδ¹.
2438 1690 2653 1760 ’Δγνοετ
2703 1707 2790 1756 τις
2837 1691 2939 1764 τὴν
2978 1693 3103 1748 καθ⁹
3134 1694 3330 1768 ἡδονὴν
3367 1698 3464 1751 καὶ
3497 1697 3700 1771 ὀδύνην
3727 1700 3826 1773 τῆς

541 1813 787 1864 sensum,
822 1797 917 1868 qui
969 1797 1082 1852 Deo
1127 1810 1259 1850 vere
1307 1791 1654 1859 charissima,
1690 1789 2022 1858 amabilique
2071 1800 2125 1842 ac

2238 1779 2549 1850 αἰσθήσεως
2577 1783 2797 1854 πεῖραν,
2837 1783 2971 1839 ὅταν
2996 1785 3076 1858 τῷ
3101 1785 3224 1858 Θεῷ
3245 1786 3326 1858 τῷ
3349 1787 3528 1854 ὅντως
3552 1790 3826 1863 ἀγαπητῷ

542 1867 876 1954 desiderato,
904 1887 1183 1959 corporali
1211 1886 1361 1942 omni
1396 1884 1600 1941 aﬂ‘ectu
1637 1897 1704 1938 ac
1731 1880 1966 1938 libidine
1998 1877 2125 1934 libe-

2237 1872 2333 1927 καὶ
2359 1873 2578 1946 ἐραστῷ
2604 1877 2699 1931 καὶ
2722 1876 2902 1950 ἐφετῷ
2929 1879 3232 1955 προσδήση.
3265 1881 3470 1952 μᾶλλον
3495 1882 3558 1936 δέ
3585 1884 3832 1956 nonnon

545 1997 689 2050 rum,
725 1980 1061 2053 dcjunxerit.
1110 1993 1207 2034 seu
1252 1977 1426 2049 magis
1477 1972 1961 2047 conglutinaverit,
2009 1970 2132 2026 ani-

545 2089 720 2129 mum.

614 2164 704 2219 55.
725 2160 1198 2231 Quemadmodum
1230 2159 1347 2216 ﬁeri
1375 2173 1486 2214 non
1515 2167 1715 2228 potest,
1741 2165 1804 2212 ut
1827 2155 1954 2226 quis
1971 2153 2136 2210 aliter

544 2269 743 2325 purum
774 2255 886 2310 Deo
911 2253 1123 2310 cultum
1154 2251 1441 2316 adhibeat,
1469 2249 1603 2320 quin
1639 2248 1864 2320 penitus
1886 2245 2131 2302 animum

543 2346 808 2403 emundet
837 2365 849 2400 :
877 2346 959 2402 sic
988 2361 1091 2402 nec
1119 2353 1388 2401 creaturae
1422 2342 1632 2399 servire
1662 2348 1864 2412 potest,
1904 2339 2039 2410 quin
2072 2354 2132 2395 se

545 2439 762 2509 corpori
819 2438 1155 2510 diligentiori
1199 2452 1333 2493 cura
1379 2435 1663 2506 impendat
1708 2452 1723 2488 :
1774 2447 1886 2504 quo
1933 2447 2133 2504 nempe

546 2531 732 2595 homo,
765 2520 1060 2593 exitiosum
1083 2542 1314 2599 corpore
1343 2527 1554 2582 cultum
1587 2538 1877 2596 peragens,
1901 2523 2131 2595 ejusque

547 2621 758 2676 ratione
797 2621 883 2676 sui
923 2620 1038 2690 ipse
1071 2634 1135 2673 ac
1179 2616 1480 2673 carnaliter
1519 2629 1747 2679 amans,
1792 2613 2129 2684 voluptatem

540 2714 742 2785 jugiter
796 2714 1068 2784 vigentem
1118 2719 1285 2780 atque
1319 2709 1569 2765 dolorem
1620 2705 1893 2772 habebat,
1937 2705 2130 2760 inobe-

545 2803 768 2858 dientize
814 2817 1030 2873 semper
1062 2802 1211 2873 ligno
1253 2813 1510 2865 vescens;
1552 2797 1698 2868 quod
1739 2797 1954 2853 scilicet
1999 2795 2131 2852 boni

544 2909 609 2950 ac
659 2896 789 2950 mali
845 2893 1189 2951 commistam
1242 2907 1460 2963 semper
1509 2905 1708 2947 sensus
1752 2889 2132 2960 experimento

544 2985 830 3042 scientiam
875 2985 1125 3042 haberet.
1178 2985 1292 3041 Nec
1338 2983 1480 3039 forte
1511 2998 1543 3038 a
1583 2996 1720 3038 vero
1751 2980 2129 3046 aberraverit,

542 3077 638 3148 qui
669 3077 837 3142 dicat,
870 3077 1075 3149 lignum
1119 3076 1367 3132 scientias
1404 3075 1536 3130 boni
1564 3081 1622 3130 et
1646 3072 1778 3128 mali
1819 3081 2132 3129 creaturam

2235 1961 2330 2018 τὸν
2355 1963 2504 2030 νοῦν,
2535 1965 2638 2038 τῆς
2684 1969 3010 2042 σωματικῆς
3037 1973 3334 2042 γενόμενον
3365 1971 3669 2048 ἐλεύθερον
3706 1976 3829 2048 σχέ-

2238 2070 2400 2120 σεως.
3493 2102 3496 2103 ν

2307 2153 2402 2204 νε⁹.
2428 2149 2641 2223 Ὠσπερ
2688 2151 2749 2205 ού
2783 2150 3009 2208 δύναταί
3061 2169 3147 2221 τις
3176 2154 3352 2222 ἄλλως
3401 2156 3703 2230 λατρεύειν
3751 2162 3831 2233 τῷ

2235 2238 2358 2310 Θεῷ
2392 2239 2674 2314 καθαρῶς,
2707 2243 2783 2316 μὴ
2809 2244 2908 2318 τὴν
2934 2245 3113 2318 ψυχὴν
3140 2247 3311 2320 ἄρδην
3331 2248 3718 2324 ἐκκαθαίρων
3741 2253 3833 2307 οῦ-

2235 2347 2346 2394 τως
2385 2330 2510 2409 οὔτε
2537 2335 2604 2405 τῇ
2634 2336 2812 2390 κτίσει
2839 2335 3150 2412 λατρεύειν,
3187 2340 3263 2414 μὴ
3292 2340 3354 2396 τὸ
3378 2341 3542 2414 σῶμα
3569 2361 3833 2418 περιποι-

2234 2423 2466 2496 ούμενος
2494 2426 2614 2500 (m)°
2654 2427 2778 2484 καθ’
2808 2430 2838 2485 ὀ
2873 2430 3038 2504 σῶμα
3063 2433 3165 2507 τὴν
3194 2434 3520 2508 φθοροποιὸν
3551 2439 3834 2496 ἐπιτελῶν

2235 2515 2493 2590 λατρείαν
2519 2521 2549 2575 ὀ
2575 2521 2884 2596 ἄνθρωπος,
2919 2526 3015 2582 καὶ
3044 2529 3168 2582 κατ’
3193 2528 3328 2584 αὐτὸ
3359 2531 3671 2603 γενόμενος
3711 2534 3833 2603 φίλ-

2235 2627 2420 2679 αυτος,
2451 2613 2650 2686 ἡδονὴν
2678 2613 2826 2688 εἶχεν
2851 2618 3149 2686 ἀπαύστως
3193 2622 3288 2676 καὶ
3328 2622 3833 2698 scrinium).

2240 2705 2432 2795 μένην,
2462 2707 2660 2764 ἐσθίων
2691 2711 2782 2766 ἀεὶ
2809 2713 2876 2767 τὸ
2903 2712 3063 2781 ξύλον
3087 2716 3190 2788 τῆς
3217 2719 3530 2792 παρακοῆς,
3558 2720 3633 2776 τὸ
3664 2721 3837 2776 κα.λῶ

2235 2815 2296 2852 τε
2330 2800 2425 2854 καὶ
2456 2802 2652 2867 κακοῦ,
2682 2804 2826 2859 κατά
2879 2807 3078 2864 ταύτὸν
3125 2811 3476 2883 μεμιγμένην
3526 2813 3690 2868 κατὰ
3736 2815 3835 2888 τὴν

2236 2891 2494 2964 αἴσθησιν
2522 2894 2613 2951 διὰ
2644 2896 2746 2969 τῆς
2773 2898 2971 2970 πείρας
2995 2899 3119 2973 ἔχον
3148 2903 3247 2974 τὴν
3274 2903 3495 2972 γνῶσιν.
3531 2907 3662 2960 Καὶ
3687 2908 3834 2980 τάχα

2236 2985 2396 3053 ξύλον
2424 2982 2568 3043 εἶναι
2597 2991 2845 3060 γνωστὸν
2871 2991 3041 3048 καλοῦ
3075 2995 3173 3048 καὶ
3196 2993 3461 3068 πονηροῦ,
3499 2997 3608 3070 τὴν
3643 3017 3836 3068 ipsum

2241 3079 2410 3154 μένην
2459 3082 2642 3137 κτίσιν
2693 3083 2866 3139 είπὼν
2914 3103 3024 3152 τις,
3083 3087 3184 3160 οὐχ
3221 3089 3532 3161 ἁμαρτήσει
3558 3091 3679 3163 τῆς
3704 3092 3836 3164 ἀληο

541 3183 663 3224 esse
702 3169 880 3224 oculis
908 3168 1212 3239 subjectam
1236 3185 1251 3235 ;
1279 3166 1427 3238 quod
1453 3179 1653 3236 nempe
1678 3164 1771 3221 illa
1797 3163 1852 3220 vi
1877 3163 2125 3234 volupta-

544 3261 580 3276 -.
680 3266 692 3276 .
1007 3260 1041 3276 η
1095 3257 1183 3276 -..ε
1423 3257 1580 3276 η...
1617 3271 1672 3276 __
1712 3255 1852 3276 μμ,
1889 3254 2098 3276 ____,_,

2237 3171 2389 3276 θείας
2415 3191 2431 3206 ·
2463 3174 2662 3248 ἡδονῆς
2683 3175 2795 3251 γὰρ
2828 3177 2924 3234 καὶ
2953 3177 3148 3252 ὀδύνης
3178 3181 3465 3254 ποιητικὴν
3505 3182 3644 3254 ἔχει
3674 3163 3836 3256 quoi-

543 3261 614 3316 tis
642 3266 808 3331 atque
843 3260 1052 3316 doloris
1084 3257 1388 3326 en‘ectrice,
1419 3257 1581 3329 523
1610 3271 1678 3312 co
1707 3255 1855 3328 quod
1889 3254 2129 3327 percipi-

544 3362 664 3418 tur,
696 3363 892 3409 natura
922 3351 1149 3424 prmdita
1183 3351 1276 3408 sit.

612 3445 700 3500 56.
733 3443 838 3500 Ubi
888 3459 999 3499 non
1044 3443 1262 3500 obtinet
1293 3458 1358 3499 ac
1378 3442 1702 3499 dominatur
1731 3440 1896 3507 ratio,
1931 3453 2129 3496 sensus

541 3536 698 3607 vigor
744 3547 801 3593 et
851 3536 1145 3607 imperium
1201 3536 1292 3592 cui
1339 3534 1630 3591 commista
1671 3543 1838 3604 atque
1872 3539 2127 3588 conserta

543 3628 750 3697 peccati
784 3627 889 3692 vis,
921 3637 1124 3698 praesto
1149 3642 1273 3683 esse
1302 3628 1476 3693 solet;
1509 3625 1809 3696 voluptatis
1844 3622 2125 3688 illecebra,

540 3719 608 3774 ad
639 3720 820 3774 carnis
852 3736 960 3775 una
988 3719 1545 3789 subsistentisgeoque
1574 3717 1782 3781 amnis,
1815 3715 2129 3771 miseratio-

541 3825 666 3865 nem
695 3810 941 3880 proclive
967 3811 1212 3865 animum
1249 3811 1478 3866 trahens
1514 3828 1527 3864 :
1560 3823 1662 3880 pro
1691 3809 1858 3886 cujus
1889 3808 2122 3874 ratione,

541 3907 799 3969 tanquam
835 3914 976 3969 opus
998 3899 1049 3954 ei
1075 3900 1349 3976 naturale,
1377 3898 1633 3954 vitiosam
1667 3913 1731 3953 ac
1755 3897 2124 3969 voluptariam

456 3979 463 3985 ’
540 4005 639 4045 seu
669 3989 1025 4046 libidinosam
1052 3990 1237 4046 carnis
1264 4005 1454 4046 curam
1482 4003 1790 4056 assumens,
1823 4004 1854 4045 a
1874 3989 1990 4044 vita
2021 4004 2123 4044 na-

541 4081 702 4136 turali
751 4081 1024 4147 abducit,
1073 4091 1378 4153 auctorque
1423 4081 1503 4136 illi
1558 4089 1676 4148 est,
1735 4091 1799 4138 ut
1844 4081 1950 4137 sibi
2005 4081 2124 4152 ipse

537 4173 824 4243 pravitatis
857 4188 922 4230 ac
947 4173 1193 4240 malitiae,
1219 4189 1344 4245 quae
1372 4190 1476 4232 nec
1525 4189 1657 4230 vere
1685 4182 1790 4240 est,
1821 4173 2124 4229 fabricator

537 4265 784 4321 exsistat.

607 4357 696 4414 57.
727 4360 908 4414 Animi
939 4359 1297 4432 intelligentis
1317 4359 1515 4414 vitium
1540 4374 1604 4414 ac
1623 4358 1866 4430 pravitas
1887 4367 1993 4424 est,
2018 4373 2121 4414 na-

536 4450 797 4505 turalium
827 4450 1100 4505 bonorum
1131 4450 1360 4517 oblivio,
1385 4465 1453 4505 ex
1482 4449 1779 4505 libidinosa
1811 4449 1866 4504 in
1895 4463 2120 4505 carnem

536 4539 916 4610 mundumque
941 4541 1233 4596 an‘ectionc
1265 4540 1632 4612 proveniens;
1656 4554 1822 4611 quam
1837 4539 1985 4595 delet
2010 4539 2121 4610 spi-

535 4633 685 4687 ritali
723 4632 954 4688 scientia
976 4631 1254 4704 imperans
1287 4646 1391 4702 pro
1423 4629 1585 4685 ducis
1606 4645 1834 4686 munere
1867 4629 2030 4695 ratio,
2051 4644 2118 4685 ac

535 4725 727 4780 mundi
765 4724 1061 4795 carnisque
1099 4732 1284 4779 ortum
1319 4731 1683 4794 naturamque
1721 4730 1997 4788 scrutans,
2029 4731 2116 4777 at-

535 4834 644 4890 que
688 4817 758 4874 ad
783 4817 1022 4886 amnem,
1063 4833 1255 4873 earum
1279 4833 1465 4874 rerum
1490 4833 1613 4889 qua:
1640 4815 1758 4873 sola
1777 4825 1962 4872 mente
1993 4830 2119 4887 per-

535 4911 838 4981 cipiuntur,
900 4911 1184 4982 regionem
1237 4910 1549 4982 provehens
1585 4925 1650 4966 ac
1704 4909 1965 4974 minans,
2019 4908 2115 4964 ubi

535 5005 685 5058 nulla
718 5003 966 5059 excurrit
1003 5012 1102 5059 aut
1144 5005 1344 5058 transit
1385 5003 1598 5075 peccati
1645 5003 1764 5071 lex;
1808 5017 1973 5074 quam
1999 5003 2114 5076 jam

534 5113 732 5153 sensus
760 5097 1002 5163 deﬁciat,
1029 5097 1214 5168 pontis
1244 5096 1422 5152 instar
1447 5095 1516 5152 ad
1543 5104 1784 5152 mentem
1808 5096 1930 5152 eain
1957 5095 2116 5166 traji-

533 5192 714 5257 ciens;
745 5193 866 5263 ejus
893 5191 1105 5248 scilicet
1129 5207 1256 5277 cum
1283 5191 1472 5247 animo
1497 5192 1610 5264 jam
1634 5191 1902 5248 dissoluta
1924 5208 2117 5248 neces-

531 5282 776 5339 situdine
797 5323 813 5349 ,
852 5283 1082 5355 ipsoque
1120 5285 1422 5340 sensilibus
1451 5284 1780 5356 spectaculis
1816 5285 2066 5358 proiecto
2095 5301 2110 5340 :

533 5390 771 5444 quorum
812 5390 969 5431 mens
1008 5375 1332 5432 habitudine
1361 5384 1527 5446 atque
1569 5383 1765 5432 natura
1812 5377 2110 5450 superatis,

532 5479 604 5521 ne
631 5481 862 5538 prorsus
881 5465 1107 5539 quidem
1142 5466 1336 5524 sentit.

601 5645 698 5717 (gn)
734 5647 830 5716 Μὴ
857 5647 1123 5721 τὸ-σῶμα
1153 5648 1666 5721 περιποιούμενος.
1691 5648 1906 5721 Ubique
1932 5651 1988 5706 in
2024 5651 2108 5706 ni-

529 5718 702 5788 mium
725 5718 975 5788 corporis
1007 5733 1271 5781 amorem,
1296 5717 1552 5788 illiusque
1577 5733 1765 5774 curam
1798 5717 1910 5775 rion
1929 5737 1998 5777 ex
2021 5738 2109 5777 ra-

531 5787 682 5842 tione
713 5787 857 5857 (que
885 5787 974 5841 illa
1000 5788 1193 5843 vitiosa
1219 5787 1479 5856 φιλαυτία
1509 5789 1615 5856 est)
1641 5789 1809 5844 refert
1840 5791 2110 5848 Maximus

530 5857 665 5914 vitia
702 5858 944 5927 reliqua;
975 5867 1030 5915 et
1061 5859 1171 5926 hic,
1214 5857 1360 5928 quod
1397 5859 1525 5930 quis
1557 5867 1823 5917 creaturae
1872 5863 2097 5919 serviat.

2233 3265 2346 3332 κῶς
2369 3268 2469 3338 τὴν
2501 3268 2825 3343 μετάληψιν.

2301 3456 2408 3517 νςθ.
2449 3451 2619 3508 Ἔνθα
2648 3451 2807 3524 λόγος
2831 3455 2894 3510 οῦ
2920 3458 3146 3530 κρατετ,
3207 3457 3268 3512 τὸ
3294 3459 3413 3513 κατ’
3427 3458 3714 3532 αἴσθησιν
3740 3463 3834 3517 πέ-

2230 3557 2402 3610 φυκεν
2445 3542 2787 3614 ἐπιγίνεσθαι
2831 3546 3035 3617 κράτος
3059 3589 3074 3609 .
3135 3548 3194 3601 ἐν
3220 3541 3266 3618 ᾧ
3290 3550 3390 3621 τῆς
3409 3550 3711 3622 ἁμαρτίας
3740 3554 3831 3607 πέ-

2229 3634 2435 3704 φυρταί
2488 3652 2606 3698 πως
2637 3638 2672 3708 ἡ
2703 3636 2955 3708 δύναμις,
3019 3655 3158 3710 προς
3181 3634 3364 3694 οἶκτον
3393 3640 3489 3711 τῆς
3518 3642 3830 3712 συγγενοῦς

2229 3724 2438 3797 σαρκὸς
2468 3726 2594 3781 καθ’
2616 3728 2914 3783 ὑπόστασιν
2933 3770 2949 3797 ,
2979 3730 3080 3803 τὴν
3103 3730 3283 3804 ψυχὴν
3306 3731 3374 3785 δι’
3391 3731 3593 3804 ἡδονῆς
3626 3734 3829 3790 ὑποσύ-

2228 3832 2400 3889 ρουσα
2419 3831 2436 3850 ο
2492 3819 2616 3873 καθ’
2638 3819 2706 3890 ἢν
2733 3819 2809 3884 ὡς
2837 3820 2998 3890 ἔργον
3025 3823 3166 3894 αὐτῇ
3199 3823 3426 3894 φυσικὸν
3452 3823 3828 3899 ἐγχειρίσασα

2225 3905 2328 3978 τὴν
2375 3907 2602 3980 ἐμπαθῆ
2631 3909 2743 3984 ,καὶ
2783 3911 3079 3982 καθήδονον
3109 3915 3208 3985 τῆς
3241 3915 3442 3988 σαρκὸς
3469 3916 3827 3988 ἐπιμέλειαν,

2227 3999 2432 4070 ἀπάγει
2460 4001 2562 4072 τῆς
2585 4002 2728 4057 κατὰ
2757 4003 2920 4075 φύσιν
2949 4003 3120 4078 ζωῆς,
3147 4007 3244 4061 καὶ
3272 4007 3448 4062 πείθει
3479 4008 3589 4080 τῆς
3618 4013 3826 4066 ἀνυπο-

2228 4093 2424 4148 στάτου
2459 4093 2660 4160 κακίας
2689 4095 2948 4164 γενέσθαι
2975 4097 3182 4170 ταύτην
3206 4099 3565 4171 δημιουργόν.

2294 4356 2393 4422 νζν.
2447 4358 2634 4412 Κακία
2661 4357 2780 4413 ἐστὶ
2819 4357 3000 4430 ψυχῆς
3023 4359 3220 4431 νοερᾶς
3240 4399 3258 4425 ,
3307 4359 3342 4431 η
3368 4357 3508 4431 λήθη
3539 4361 3668 4415 τῶν
3697 4365 3826 4417 κατὰ

2222 4448 2388 4519 φύσιν
2418 4449 2626 4517 καλῶν,
2659 4450 2784 4522 ἥτις
2816 4451 2883 4505 ἐκ
2909 4449 3011 4522 τῆς
3043 4451 3172 4522 περὶ
3194 4449 3293 4522 τὴν
3320 4451 3502 4522 σάρκα
3525 4468 3592 4505 τε
3628 4456 3732 4508 καὶ
3750 4455 3825 4506 κό-

2223 4555 2361 4612 σμον
2391 4581 2408 4608 ,
2462 4539 2750 4612 ἐμπαθοῦς
2782 4543 3090 4611 ἐπιγίνεται
3124 4541 3363 4614 σχέσεως
3391 4580 3407 4606 ,
3461 4542 3537 4614 ῆν
3563 4544 3822 4614 ἀφανίζει

2225 4632 2548 4704 στρατηγῶν
2598 4633 2628 4686 ὀ
2678 4632 2839 4703 λόγος
2886 4632 3008 4688 κατ’
3045 4633 3359 4705 ἐπιστήμην
3407 4636 3816 4706 πνευματικὴν,

2224 4726 2323 4796 τήν
2342 4742 2402 4780 τε
2417 4724 2514 4779 τοῦ
2537 4725 2745 4798 κόσμου
2762 4725 2858 4780 καὶ
2877 4726 2978 4798 τῆς
2993 4726 3196 4800 σαρκὸς
3209 4728 3289 4781 διε
3298 4726 3662 4799 ρευνὼμενος
3685 4734 3818 4801 γένε.

2225 4819 2310 4872 σίν
2339 4835 2400 4872 τε
2433 4819 2530 4872 καὶ
2561 4817 2745 4888 φύσιν,
2781 4818 2876 4872 καὶ
2903 4817 3044 4890 πρὸς
3070 4817 3171 4890 τὴν
3198 4819 3434 4891 συγγενῆ
3469 4820 3588 4873 τῶν
3616 4822 3814 4896 mea?»

2222 4909 2409 4980 χώραν
2437 4908 2536 4982 τὴν
2560 4908 2743 4981 ψυχὴν
2765 4907 3027 4963 ἐλαύνων·
3059 4909 3202 4981 πρὸς
3225 4910 3296 4982 ἢν
3319 4909 3586 4981 οὐδεμίαν
3613 4914 3650 4965 ὁ
3671 4914 3811 4984 “ipa;

2221 5000 2321 5071 τῆς
2349 5000 2626 5074 ἁμαρτίας
2652 5001 2894 5056 ποιεῖται
2917 4999 3206 5066 διάϐασιν,
3256 5000 3360 5054 ούκ
3389 4999 3534 5072 ἔχων
3560 5005 3808 5070 καθάπερ

2222 5096 2471 5170 γέφυραν
2505 5097 2646 5169 πρὸς
2665 5096 2758 5152 τδν
2784 5096 2911 5152 νοῦν
2939 5095 3364 5164 διαδιδάζουσαν
3389 5098 3560 5154 aia-ob»
3601 5101 3694 5156 lt;
3727 5100 3806 5169 τὴν

2221 5191 2497 5262 αἴσθησιν,
2545 5190 2888 5246 διαλυθεῖσαν
2914 5191 3017 5263 ἥδη
3044 5191 3183 5264 πρὸς
3210 5191 3311 5263 τὴν
3330 5190 3514 5262 ψυχὴν
3543 5195 3704 5249 κατὰ
3726 5193 3808 5261 τὴν

2223 5285 2430 5358 σχέσιν,
2461 5284 2558 5340 καὶ
2583 5285 2699 5350 τοῖς
2723 5284 3004 5357 αἰσθητοῖς
3028 5285 3496 5357 ἐναπρῤιφείσαν
3519 5283 3805 5358 θεάμασιν,

2219 5371 2295 5433 ὧν
2321 5375 2516 5441 διαϐὰς
2537 5375 2638 5447 τὴν
2667 5376 2856 5448 σχέσιν
2883 5376 2980 5430 καὶ
3003 5375 3105 5448 τὴν
3126 5375 3289 5447 φύσιν
3311 5375 3343 5429 ὀ
3359 5375 3512 5442 νοῦς,
3533 5377 3805 5438 παντελῶς

2208 5469 2320 5525 “ούκ
2349 5470 2685 5527 αἰσθάνεται.

2211 5651 2350 5734 Diale
2370 5664 2490 5706 rem
2529 5647 2695 5734 Picus
2719 5646 3002 5732 exprimit,
3026 5645 3580 5734 στεαεκνςιιιεεηιτε
3609 5647 3798 5734 uegit,

2212 5723 2316 5776 nisi
2347 5727 2651 5846 gramarum
2671 5717 2823 5789 prius
2847 5734 3084 5788 corpore.
3103 5717 3164 5773 In
3195 5717 3430 5787 reliquis
3459 5718 3640 5774 etiam

2213 5801 2298 5846 rat
2393 5791 2532 5854 icus,
2583 5805 2707 5862 ne_c_
2730 5789 2874 5844 altos
2913 5788 3132 5845 Maximi
3163 5803 3366 5845 sensus
3406 5791 3637 5862 assequi
3680 5797 3798 5846 satis

2213 5801 2298 5846 rat
2349 5801 2532 5854 Picus,
2583 5805 2686 5844 nec
2730 5801 2829 5844 alte

2213 5868 2416 5932 potest,
2445 5868 2540 5916 aut
2575 5858 2829 5916 reddere.
