4064 6432
286 429 428 498 1201

1006 438 1343 506 CAPITUM
1377 431 1802 524 OUINQUIES
1833 454 2354 521 CENTENORUM
2394 448 2783 523 CENTURIA
2819 462 2870 523 Ι.

3410 464 3549 532 1202

361 546 467 614 νηθ.
501 540 773 651 Καθάπερ
798 545 829 601 6
850 545 1009 651 λδγος
1035 551 1256 623 κρατῶν
1280 554 1391 609 τῶν
1416 557 1608 615 παθῶν
1623 599 1640 626 ,
1674 562 1845 635 ἀρετῆ

1950 618 1952 625 ,
2046 567 2136 621 58.
2191 568 2663 635 Quemadmodum
2716 573 2860 626 ratio
2900 570 3187 630 affectibus
3233 575 3544 651 dominans,

282 632 522 728 ὄργανον
563 638 801 693 ποιεῖται
838 638 940 705 τὰς
966 640 1253 715 αἰσθήσεις
1274 662 1290 678 ο
1325 646 1469 703 οὕτω
1499 652 1593 706 καὶ
1620 653 1692 708 τά
1714 632 1870 728 πάθη

284 725 599 817 κρατοῦντα
628 728 724 783 τοῦ
754 730 947 800 λόγου,
1004 735 1273 807 μορφοῠσι
1300 738 1399 805 τὰς
1422 743 1702 815 αἰσθήσεις
1733 725 1872 817 πρὸς

283 815 587 907 ἀμαρτίαν.
644 819 754 874 Καὶ
797 821 903 893 χρὴ
952 825 1232 895 νηφόντως
1280 834 1504 887 σκοπεῖν
1537 851 1597 887 τε
1642 837 1736 889 καὶ
1772 815 1867 907 μεθ

281 904 448 978 Μτᾷν
471 947 490 975 ,
542 907 663 975 πῶς
707 912 742 982 ἡ
787 912 933 986 ψυχὴ
981 914 1080 988 τὴν
1111 918 1284 991 καλὴν
1325 923 1614 994 ποιήσεται
1641 904 1869 994 δεόντως

196 1000 203 1007 ’
277 996 669 1094 ἀντιστροφὴν,
698 1006 815 1067 τοῖς
834 1004 902 1059 δι’
918 998 994 1061 ὧν
1016 1007 1077 1062 τὸ
1097 1010 1227 1081 πρὶν
1248 1013 1586 1087 ἑπλημμέλει
1607 1023 1864 1094 χρωμένη

284 1088 429 1161 πρὸς
452 1089 675 1161 γένεσιν
700 1093 915 1167 ἀρετῶν
947 1099 1043 1154 καὶ
1069 1100 1385 1161 ὑπόστασιν.

352 1264 455 1360 νϐ’.
470 1266 562 1360 τὸ
587 1269 744 1339 άγιον
765 1269 1123 1345 Εὐαγγὲλιον,
1150 1282 1421 1353 σαρκικῆς
1442 1284 1541 1355 μὲν
1561 1288 1862 1360 εἰσηγεῖται

278 1355 439 1452 ζωῆς
451 1358 706 1452 ἀρῇσιν,
741 1367 1125 1439 πνευματικῆς
1144 1369 1203 1424 δὲ
1229 1372 1541 1444 ὁμολογίαν.
1575 1355 1713 1452 Περί
1737 1382 1862 1437 τοὺ-

276 1448 475 1540 τωνᾲδὲ
498 1449 643 1520 λέγω
662 1491 680 1519 ,
739 1452 850 1509 τῶν
878 1454 968 1509 ἀεὶ
995 1458 1099 1528 μὲν
1129 1463 1275 1517 κατά
1302 1464 1394 1519 τὸν
1417 1448 1701 1540 ἄνθρωπον
1718 1513 1735 1535 ,
1766 1473 1861 1528 λέ-

278 1555 367 1607 γω
392 1538 451 1593 δὲ
480 1541 581 1613 τὴν
607 1543 959 1619 ἀνθρωπίνην
986 1550 1045 1604 ὲν
1072 1557 1239 1625 σαρκὶ
1269 1557 1414 1613 κατά
1435 1538 1529 1613 τὸν
1548 1562 1721 1619 αἰῶνα
1740 1565 1864 1620 τοῦ·

273 1645 372 1683 τον
421 1631 595 1703 ζωὴν,
631 1635 1090 1709 ἀποθνησκόντων
1106 1683 1123 1712 ,
1175 1644 1395 1711 ζώντων
1433 1650 1492 1705 δὲ
1538 1655 1684 1709 κατά
1729 1656 1861 1713 Θεὸν

277 1720 432 1793 μόνῳ
470 1722 548 1794 τῷ
589 1725 869 1797 Πνεῦματι
889 1772 906 1799 ,
962 1733 1105 1790 κατὰ
1128 1735 1221 1791 τὸν
1245 1737 1387 1794 θεῖον
1418 1742 1738 1801 Ἀπόστολον
1766 1750 1862 1804 καὶ

272 1811 406 1876 τοὺς
437 1813 576 1886 ἀμφ’
594 1818 757 1873 αὐτὸν
778 1819 886 1892 (ιι),
938 1825 1067 1889 τοὺς
1090 1824 1300 1891 ζῶντας
1323 1833 1424 1903 μὲν
1447 1836 1698 1908 οὐδαμῶς
1721 1840 1860 1896 ἰδίαν

1974 656 2196 714 virtutis
2218 675 2484 731 organum
2499 677 2723 718 sensum
2747 661 2914 719 efﬁcit
2932 680 2948 718 :
2968 665 3049 720 sic
3066 681 3287 735 quoque
3313 668 3548 727 allectus

1975 750 2173 805 rationi
2202 750 2550 809 dominantes
2577 769 2774 810 sensus
2811 754 2881 810 ad
2907 763 3193 825 peccatum
3223 757 3541 816 informant.

1970 842 2151 913 Atque
2180 844 2321 900 adeo
2347 846 2532 901 sobria
2558 857 2742 904 mente
2766 848 3163 905 attendendum
3189 865 3253 905 ac
3285 852 3545 907 conside-

1971 934 2225 1000 randum,
2257 951 2496 1006 quonam
2525 939 2690 993 modo
2714 940 2934 996 animus
2973 943 3371 999 convenienter
3412 959 3546 999 con-

1968 1025 2278 1080 versionem
2308 1026 2555 1082 facturus
2573 1028 2676 1096 sit;
2708 1031 2912 1100 quibus
2931 1032 3146 1102 pridem
3161 1033 3543 1105 delinquebat,

1966 1112 2084 1169 haec
2106 1115 2174 1170 ad
2201 1115 2474 1186 parandas
2496 1117 2732 1174 virtutes
2751 1134 2953 1190 easque
2979 1121 3365 1197 stytentandas
3385 1121 3543 1177 adhi-

1964 1204 2122 1263 hens.

2034 1300 2123 1357 59.
2158 1300 2421 1356 Sanctum
2466 1302 2849 1374 Evangelium,
2875 1303 3000 1359 vitae.
3041 1305 3278 1361 carnalis
3314 1304 3539 1360 abdica-

1964 1390 2194 1455 tionem,
2241 1406 2307 1445 ac
2332 1391 2597 1461 spiritalis
2624 1392 3027 1462 professionem
3066 1394 3249 1450 docet.
3282 1394 3439 1461 Quod
3469 1396 3539 1451 ad

1963 1480 2107 1547 illos,
2133 1483 2380 1552 inquam,
2412 1482 2629 1549 attinet,
2663 1485 2756 1555 qui
2780 1484 3085 1540 secundum
3110 1486 3390 1543 hominem
3412 1489 3543 1559 (hu;

1962 1588 2179 1627 manam
2218 1573 2430 1629 scilicet
2466 1575 2523 1629 in
2560 1591 2727 1631 carne
2755 1590 2856 1647 pro
2887 1576 3054 1648 hujus
3081 1578 3267 1632 saeculi
3303 1594 3426 1643 usu,
3450 1579 3539 1633 vi.

1962 1663 2093 1735 tam)
2132 1680 2351 1734 semper
2396 1665 2711 1721 moriuntur
2732 1668 2800 1733 ¹¹,
2832 1667 3061 1738 soloque
3097 1667 3297 1738 spiritu
3341 1685 3539 1724 secun-

1961 1754 2094 1810 dum
2114 1756 2289 1812 Deum
2314 1758 2531 1823 vivunt,
2564 1758 2713 1813 haud
2732 1773 2893 1814 secus
2922 1774 2985 1814 ac
3004 1759 3225 1815 divinus
3242 1761 3539 1830 Apostolus

1960 1860 2027 1901 ac
2060 1846 2155 1916 qui
2185 1846 2375 1903 aﬂines
2400 1848 2549 1903 illius
2577 1856 2735 1916 sunt;
2762 1850 2855 1920 qui
2886 1850 3093 1915 vivant,
3122 1866 3234 1905 non
3251 1852 3364 1922 jam
3402 1869 3535 1922 pro~

269 1908 425 2010 ςωὴν
447 1954 464 1978 ,
519 1912 781 2010 ζῶνταμᾶ
811 1918 903 2010 τὸν
928 1922 1162 1992 Χριστὸν
1192 1926 1250 1979 ἐν
1276 1925 1489 1995 ἑαυτοῖς
1516 1934 1657 1989 κατά
1687 1937 1848 2010 μόνην

1958 1936 2133 2008 priam
2168 1939 2370 2005 vitam,
2415 1939 2513 1997 sed
2566 1939 2843 1995 viventem
2890 1942 2946 1995 in
2997 1956 3055 1996 se
3085 1941 3365 1997 Christum
3417 1942 3537 2000 Solo

268 1998 502 2100 ἕζοντας
543 2006 652 2100 *τὴν
690 2005 889 2081 ψυχήν.
951 2013 1139 2081 Οὕτως
1179 2018 1231 2072 οἰ
1273 2018 1362 2074 διὰ
1400 2021 1492 2076 τὸν
1522 2023 1656 2079 Θεὸν
1688 1998 1748 2082 ἓν
1779 1998 1857 2100 τῶ

267 2091 432 2187 αἰῶνι
463 2094 639 2168 τούτῳ
675 2101 864 2171 νεκροὶ
893 2108 1058 2175 σαρκὶ
1082 2146 1097 2170 ,
1154 2110 1433 2181 κρίνονται
1460 2152 1475 2178 ,
1527 2113 1735 2187 θλίψεις
1764 2091 1857 2175 καὶ

267 2180 547 2251 βασάνους
589 2188 793 2256 πολλὰς
829 2195 926 2249 καὶ
956 2180 1318 2273 στενοχωρίας
1358 2203 1593 2276 ἔχοντες,
1626 2180 1731 2265 ⁷καί
1771 2211 1855 2266 δι-

262 2277 518 2372 ωγμοὺς,
543 2280 638 2335 καὶ
654 2283 829 2355 μυρία
859 2292 1184 2361 πειρασμῶν
1209 2293 1325 2366 εῑδη
1357 2297 1496 2368 μετὰ
1515 2302 1693 2372 χαρᾶς
1719 2303 1853 2358 ὐπο-

265 2365 551 2435 μένοντες.

338 2460 407 2526 ξ’.
459 2465 577 2559 Πάν
607 2467 782 2535 πάθος
819 2472 961 2528 κατά
997 2476 1317 2549 συμπλοκὴν
1348 2480 1564 2547 πάντως
1591 2486 1850 2559 αἰσθητοῦ

261 2565 416 2650 τινος
446 2555 872 2650 καὶαίσθήσεως
890 2605 908 2631 ,
956 2566 1052 2620 καί
1086 2569 1322 2640 φυσικῆς
1346 2572 1647 2645 δυνάμεως,
1677 2555 1851 2650 θυμοῦ

260 2638 415 2737 λέγω
440 2646 603 2718 τυχὸν
624 2688 641 2714 ,
694 2650 729 2723 ἢ
754 2652 1049 2725 ἐπιθυμίας
1074 2698 1090 2723 ,
1144 2657 1178 2729 ἢ
1218 2638 1376 2729 λόγου
1400 2638 1852 2737 παρατραπέντος

406 2738 550 2792 κατά
595 2740 778 2811 φύσιν,
837 2746 1172 2804 συνίσταται.
1221 2750 1347 2805 Ἐὰν
1371 2730 1559 2808 οὗν-τὸ
1586 2730 1724 2828 πρὸς
1751 2730 1849 2814 άλί

261 2820 577 2929 κατά
606 2831 859 2929 σύνθεσιν
880 2836 1070 2929 τέλος,
1118 2839 1213 2893 τοῦ
1245 2857 1304 2894 τε
1343 2842 1603 2929 αἰσθητοῦ
1750 2851 1850 2922 τῆς

261 2912 599 3007 αἰσθήσεως,
630 2922 726 2975 καὶ
752 2924 853 2995 τῆς
878 2926 970 2980 ὲπ⁴
988 2928 1127 3000 αὑτῇ
1158 2931 1394 3004 φυσικῆς
1417 2912 1700 3007 δυνάμεως
1724 2912 1851 2994 θεᾷ

263 3002 446 3097 ρησας
472 3008 501 3061 6
528 3008 653 3075 νοῦς
670 3050 686 3076 ,
741 3012 945 3089 δυνηθῇ
978 3018 1116 3090 πρὸς
1143 3020 1236 3074 τὸν
1257 3002 1456 3077 οἰκεῖον
1480 3002 1640 3095 φύσει
1667 3002 1845 3097 λόγον,

259 3094 476 3150 τούτων
529 3099 765 3158 ἕκαστον
808 3106 1096 3179 διακρίνας
1138 3094 1526 3183 ἐπαναγαγεῖν,
1583 3119 1680 3173 καὶ
1710 3094 1846 3174 θεωέ

1956 2029 2140 2085 animo
2164 2030 2479 2086 habeant".
2496 2031 2557 2085 In
2571 2034 2698 2086 etim
2723 2032 2948 2087 modum
2962 2032 3283 2104 judicantur
3295 2035 3531 2102 carne”,

1955 2117 2050 2188 qui
2095 2127 2325 2189 propter
2375 2120 2549 2175 Deum
2606 2121 2662 2175 in
2709 2121 2817 2177 hoc
2861 2122 3062 2177 sazculo
3120 2123 3326 2178 mortui
3379 2132 3531 2191 sunt,

1953 2225 2232 2268 aerumnas
2250 2211 2452 2266 multas
2477 2222 2533 2268 ct
2562 2212 2841 2269 cruciatus
2876 2228 2942 2269 ac
2983 2214 3402 2283 persecutiones
3431 2214 3532 2269 ha-

1954 2301 2189 2369 bentes,
2247 2303 2652 2374 innumeraque
2711 2304 3076 2359 tentationum
3135 2320 3335 2376 genera
3403 2320 3531 2361 cum

1951 2394 2152 2466 gaudio
2178 2396 2533 2451 sustinentes.

2025 2486 2115 2540 60.
2170 2487 2414 2542 Affectus
2459 2488 2678 2552 omnis,
2716 2503 2811 2543 seu
2865 2488 3047 2557 passio
3095 2498 3259 2557 atque
3312 2489 3528 2556 vitium,

1951 2579 2178 2633 omnino
2204 2595 2272 2632 cx
2302 2579 2589 2648 complexu
2624 2578 2703 2632 rei
2738 2578 2970 2649 alicujus
2992 2579 3047 2632 in
3071 2594 3295 2635 sensum
3326 2580 3530 2637 caden-

1954 2669 2045 2735 tis,
2093 2683 2426 2739 sensusque,
2460 2684 2524 2724 ac
2577 2668 2740 2740 524
2776 2669 3046 2725 naturalis
3074 2668 3352 2726 facultatis
3396 2671 3531 2741 (ira:

1952 2771 2083 2832 puta
2126 2770 2220 2816 aut
2259 2760 2597 2830 cupiditatis,
2628 2769 2723 2815 aut
2760 2760 2990 2816 rationis
3035 2761 3106 2816 ab
3144 2776 3213 2817 eo
3257 2776 3532 2831 perversa:

1949 2852 2097 2923 quod
2125 2860 2294 2908 estex
2319 2850 2534 2924 natura)
2570 2852 2874 2921 consurgit.
2907 2851 3060 2909 Mens
3092 2852 3297 2923 igitur,
3330 2853 3528 2908 horum

1953 2944 2102 3000 inter
2149 2958 2210 2998 se
2262 2943 2567 2999 secundum
2621 2943 3075 3013 compositionem
3114 2944 3361 3013 dispecto
3421 2944 3531 3000 ﬁne

1951 3035 2091 3106 (tum
2135 3032 2348 3089 scilicet
2396 3033 2477 3087 rei
2504 3048 2627 3103 quae
2666 3048 2887 3088 sensum
2925 3042 3141 3097 movet,
3196 3041 3314 3088 tum
3355 3033 3530 3103 ipsius

1949 3139 2165 3189 sensus,
2187 3132 2302 3179 tum
2316 3123 2553 3193 denique
2583 3125 2847 3180 naturalis
2872 3125 2927 3179 in
2951 3140 3018 3179 eo
3048 3123 3370 3194 facultatis),
3396 3124 3527 3178 dum

264 3185 438 3286 plicat
457 3189 595 3298 ⁹καθ’
620 3192 781 3247 ἑαυτὸ
813 3196 874 3250 τὸ
901 3197 1157 3271 αἰσθητὸν
1179 3243 1196 3268 ,
1252 3202 1382 3257 ἄνευ
1419 3208 1516 3278 τῆς
1548 3211 1684 3280 πρὸς
1713 3212 1848 3266 αὐτὸ

1951 3185 2163 3287 singula
2183 3185 2834 3282 subtiliter-discernens,
2864 3216 2922 3271 in
2958 3216 3235 3286 propriam
3269 3216 3528 3286 quodque

260 3279 372 3377 τῆς
416 3279 719 3377 αἰσθήσεως
762 3287 1032 3359 σχέσεως,
1080 3294 1176 3347 καὶ
1203 3296 1303 3367 τὴν
1324 3279 1725 3373 αῐσθησινίδίχα
1750 3306 1848 3375 τῆς

1950 3315 2145 3364 natura
2203 3308 2473 3364 rationem
2520 3308 2788 3364 reducere
2834 3308 3117 3377 potuerit:
3151 3322 3267 3362 rem
3316 3308 3530 3363 scilicet

260 3366 364 3465 τοῦ
392 3370 653 3444 αἰσθητοῦ
687 3378 825 3449 πρὸς
853 3380 1021 3453 αὐτὴν
1050 3387 1382 3460 οἰκειότητος
1406 3406 1421 3419 ·
1478 3392 1574 3448 καί
1603 3394 1702 3465 τὴν
1730 3396 1850 3448 ἐπι-

259 3458 472 3556 θυμίαν
518 3466 651 3538 φέρε
698 3471 872 3525 εἰπεῖν
891 3511 909 3540 ,
968 3474 1003 3545 ἢ
1040 3476 1206 3550 ἀλλην
1236 3458 1360 3535 τινὰ
1388 3482 1496 3537 τῶν
1524 3458 1669 3539 κατά
1687 3486 1849 3556 φύσιν

255 3550 551 3646 δυνάμεων
600 3562 766 3631 χωρὶς
819 3564 920 3636 τῆς
962 3567 1242 3640 ἐμπαθοῦς
1277 3573 1367 3627 ἐπ’
1381 3574 1630 3646 αἰσθήσει
1657 3550 1717 3631 τε
1754 3581 1848 3635 καὶ

254 3642 512 3740 αἰσθητῷ
554 3646 846 3740 διαθέσεως
869 3670 885 3685 ο
947 3655 1025 3721 ὡς
1070 3659 1103 3729 ἡ
1150 3660 1243 3714 τοῦ
1274 3662 1481 3727 πάθους
1507 3642 1639 3720 ποιὰ
1667 3685 1846 3740 παρα-

259 3737 523 3801 σκευάζει
553 3739 652 3811 τὴν
681 3741 917 3816 θεωρίαν
952 3749 1198 3816 γίνεσθαι
1227 3753 1440 3824 κίνησις
1462 3797 1478 3823 ,
1534 3737 1844 3814 διεσκέδασε

258 3826 360 3921 καί
408 3827 670 3921 ὲλέπτυνε
690 3874 705 3900 ,
760 3837 902 3892 κατά
939 3838 1031 3893 τὸν
1056 3840 1225 3897 πάλαι
1252 3844 1347 3898 τοῦ
1378 3846 1594 3919 Ἰσραὴλ
1619 3849 1840 3921 μόσχον.

253 3916 357 3969 τοῦ
398 3918 710 3993 οἰουδήποτε
757 3928 1143 3999 συμϐαίνοντος
1197 3934 1404 3999 πάθους
1435 3916 1535 4009 τὴν
1549 3916 1839 4009 σύστασιν,

259 4010 360 4061 καὶ
558 4014 620 4069 τὸ
667 4014 813 4086 ὕδωρ
842 4019 944 4091 τῆς
970 4022 1223 4091 γνώσεως
1250 4025 1524 4101 ἔσπειρεν,
1574 4032 1844 4102 ἀφανίσας

257 4100 542 4192 παντελῶς
571 4105 666 4189 καὶ
680 4107 850 4180 αὐτὴν
870 4110 981 4165 τῶν
1002 4113 1190 4168 παθῶν
1209 4117 1309 4187 τὴν
1328 4100 1489 4192 ψιλὴν
1513 4100 1840 4190 φαντασίαν,

257 4191 353 4246 διὰ
380 4197 479 4267 τῆς
495 4198 630 4270 πρὸς
659 4201 827 4258 ἑαυτά
852 4204 962 4260 τῶν
986 4208 1394 4267 ἀποτελούντων
1422 4191 1555 4268 αὐτὸ
1576 4218 1718 4271 κατά
1741 4217 1841 4286 φύ-

260 4296 350 4336 σιν
380 4287 720 4358 πραγμάτων
743 4291 1260 4362 ἀποκαταστάσεως.

1948 3402 2071 3467 quae
2094 3412 2319 3453 sensum
2357 3406 2563 3462 movet,
2594 3396 2767 3467 ipsam
2799 3412 2897 3466 per
2923 3411 2983 3452 se
3010 3396 3218 3467 absque
3244 3411 3441 3452 sensus
3470 3396 3526 3451 in

1946 3503 2070 3544 eam
2115 3488 2558 3554 necessitudine;
2614 3502 2680 3542 ac
2710 3487 3095 3557 cupiditatem,
3123 3487 3277 3542 verbi
3313 3487 3486 3557 gratia
3507 3527 3522 3551 ,

1947 3591 2045 3631 seu
2071 3576 2234 3631 aliam
2257 3575 2549 3646 quamdam
2587 3574 2922 3630 naturalium
2953 3574 3275 3629 facultatum
3315 3573 3524 3645 absque

1942 3665 2243 3723 libidinosa
2298 3666 2356 3719 in
2400 3680 2622 3721 sensum
2672 3679 2897 3733 remque
2948 3679 3170 3718 sensum
3212 3674 3525 3720 moventem

1944 3757 2113 3812 animi
2138 3757 2432 3813 affectione
2475 3756 2713 3828 (qualem
2752 3756 2878 3811 talis
2914 3754 3164 3825 quaedam
3204 3754 3438 3811 allectus
3459 3772 3525 3812 ac

1942 3848 2190 3904 libidinis
2243 3848 2415 3904 motio
2446 3890 2450 3894 Α
2485 3848 2625 3904 solet
2673 3855 2935 3918 prmstare
2987 3846 3521 3918 considerationem)

1944 3941 2036 3996 hic
2064 3940 2352 4009 dissipavit
2386 3953 2452 3994 ac
2474 3937 2825 4004 comminuit,
2852 3938 3005 3993 velut
3039 3937 3277 3993 senioris
3306 3937 3525 3993 lsraelis

1942 4032 2178 4087 vitulum
2194 4032 2262 4097 ’⁵,
2294 4031 2528 4086 allectus
2568 4029 2871 4101 cujuslibet
2899 4044 2997 4085 seu
3021 4029 3140 4085 vitii
3164 4045 3228 4085 ac
3251 4029 3523 4099 passionis

1941 4125 2122 4180 labem
2151 4131 2319 4195 atque
2352 4138 2492 4187 rem,
2536 4123 2750 4191 subque
2780 4121 3022 4177 scientia:
3046 4138 3184 4191 aqua
3207 4121 3518 4187 seminavit;

1941 4218 2058 4287 ipsa
2085 4231 2306 4287 quoque
2340 4215 2487 4269 nuda
2521 4229 2748 4283 prorsus
2773 4213 3070 4267 affectuum
3119 4212 3520 4281 libidinumque

1939 4308 2272 4379 cogitatione
2293 4306 2514 4371 abolita,
2541 4321 2604 4360 ca
2630 4305 2864 4367 ratione,
2883 4303 3032 4373 quod
3057 4304 3269 4373 singula
3288 4318 3519 4372 quaeque

1940 4401 2057 4457 haec
2084 4398 2395 4462 efﬁcientia,
2426 4396 2729 4453 secundum
2753 4402 3006 4450 naturam
3027 4395 3095 4451 ad
3114 4395 3292 4464 seipsa
3311 4392 3519 4448 fuerint

1940 4498 2197 4547 revocata
2220 4488 2441 4558 sibique
2472 4487 2705 4543 reddita.

328 4549 434 4618 51'.
480 4551 538 4606 Ὀ
566 4555 782 4621 πολλοῖς
811 4558 1248 4636 πλημμελήμασι
1280 4567 1389 4621 τῶν
1417 4569 1482 4624 ἐκ
1507 4573 1606 4642 τῆς
1636 4576 1836 4646 σαρκὸς

2010 4583 2100 4639 6i.
2135 4582 2260 4637 Vita
2292 4549 2482 4635 multis
2531 4578 2751 4634 delictis
2793 4594 2861 4632 ex
2913 4576 3096 4632 carnis
3128 4574 3517 4630 affectionibus

254 4645 602 4717 παθημάτων
632 4653 1065 4727 κεκηλιδωμένος
1094 4659 1209 4730 βίος
1231 4700 1247 4726 ,
1311 4663 1477 4735 χιτών
1502 4667 1654 4720 ἐστιν
1679 4645 1835 4723 ἐσπι-

253 4737 519 4809 λωμίνος.
563 4742 652 4807 ὀς
705 4745 770 4799 εκ
800 4764 945 4813 τινος
979 4750 1087 4822 γάρ
1127 4752 1424 4824 ἐνδύματος
1449 4758 1548 4827 τῆς
1577 4760 1717 4814 κατά
1743 4760 1837 4814 τὸν

242 4828 375 4899 βίον
422 4834 772 4907 ἀναστροφῆς
795 4877 812 4903 ,
869 4840 1101 4907 ἕκαστος
1143 4844 1253 4898 τῶν
1285 4846 1589 4917 ἀνθρώπων
1619 4850 1833 4921 διαφαί-

252 4922 445 5017 νεσθαι
495 4927 760 4999 πέφυκεν,
810 4934 920 4987 εἴτε
969 4935 1196 5003 δίκαιος,
1233 4940 1341 4992 εῐτε
1370 4941 1591 5006 ἄδικος⁹
1655 4948 1684 5000 6
1711 4947 1830 5017 μὲν,

252 5013 462 5085 χιτῶνα
518 5019 757 5093 καθαρὸν
813 5023 971 5095 ἔχων,
1032 5027 1124 5081 τὸν
1167 5030 1420 5100 ἐνάρετον
1466 5032 1580 5102 βίον
1605 5051 1618 5065 ο
1676 5013 1723 5089 δ’
1748 5038 1829 5103 δὲ,

252 5109 514 5198 πονηροῖς
543 5111 925 5187 ὲσπιλωμίνην
949 5116 1131 5188 ἔργοις
1155 5121 1254 5192 τὴν
1294 5120 1439 5193 ζωὴν
1470 5128 1826 5198 κεκτημένος.

253 5197 330 5288 ΤΗ
361 5200 583 5268 μᾶλλον,
620 5204 995 5279 ὲσπιλωμένος
1020 5210 1126 5265 ἀπὸ
1149 5214 1250 5283 τῆς
1274 5214 1470 5284 σαρκός
1496 5216 1612 5269 ἐστι
1636 5217 1825 5288 χιτὼν,

249 5285 286 5358 ἡ
322 5288 467 5341 κατά
515 5294 820 5360 συνείδησιν
864 5299 1149 5370 μορφοῦσα
1206 5300 1295 5354 διὰ
1331 5301 1432 5373 τῆς
1462 5285 1685 5377 μνήμης
1721 5309 1828 5361 τῶν

322 5442 372 5474 ’⁸
404 5444 424 5500 l
451 5444 580 5501 Cor.
617 5462 705 5513 xv,
732 5445 821 5506 5|.
897 5451 941 5482 “
969 5449 1141 5507 Galat.
1172 5469 1232 5517 ιι,
1256 5454 1347 5509 20.
1423 5457 1470 5490 ’³
1502 5458 1524 5513 ι
1557 5457 1703 5513 Petr.
1731 5474 1803 5523 iv,
1833 5460 1884 5514 6.

326 5581 409 5665 (η)
450 5585 622 5665 Κείςὰ-
646 5587 754 5665 τὸν·
799 5587 1367 5665 θεῖονᾊπόστοίίον,
1394 5594 1494 5665 καί
1526 5594 1669 5661 τοὺς
1691 5597 1838 5665 ἀμφ’

255 5652 484 5729 αὐτόν.-
507 5655 699 5729 Etliic
720 5657 887 5729 longe
927 5659 1179 5727 aberrat,
1212 5652 1363 5718 dum.
1390 5664 1464 5719 ita
1512 5652 1838 5729 reddit,'l§':c

255 5725 520 5807 εςριιςζιίἱᾳ
546 5725 1002 5807 ’άίυὶηἰΑῇοειοίί
1041 5725 1198 5807 etei:
1235 5734 1348 5804 ejus
1380 5745 1660 5807 prwcepto.
1698 5725 1835 5792 Cum

259 5791 353 5867 sit,
380 5790 558 5867 Diuim'
592 5790 830 5866 Apostoli
863 5808 910 5852 et
957 5801 1214 5855 similium
1248 5790 1410 5867 ἦιονέ,
1443 5790 1593 5860 velut
1619 5790 1840 5863 divinus

264 5861 563 5933 Apostolus
619 5861 799 5939 (cujus
840 5870 1040 5926 nedum
1089 5872 1203 5927 haec
1254 5861 1617 5945 suntn'erbu,
1648 5861 1834 5935 verum

1941 4690 2041 4731 seu
2068 4671 2421 4744 passionibus
2442 4670 2858 4733 commaculata,
2883 4668 3068 4722 tunica
3083 4676 3167 4722 est
3190 4666 3414 4722 sordida
3453 4680 3516 4720 ac

1942 4764 2226 4835 inquinata
2248 4765 2315 4818 ".
2358 4763 2522 4818 Velut
2543 4761 2693 4817 enim
2718 4775 2785 4814 ex
2814 4758 3051 4828 quodam
3078 4757 3422 4819 indumento,
3448 4770 3515 4808 ex

1940 4858 2067 4912 vitae
2117 4855 2541 4912 conversatione
2597 4853 2833 4922 quisque
2876 4851 3160 4905 hominum
3197 4859 3259 4903 ut
3298 4847 3516 4901 eluceat

1938 4953 2293 5015 comparatus
2322 4952 2427 5008 est,
2456 4942 2571 4997 sive
2596 4942 2802 5013 justus,
2831 4939 2946 4993 sive
2971 4937 3193 5004 iniquus
3221 4941 3305 4988 est
3335 4950 3348 4987 :
3375 4933 3513 4986 alter

1937 5035 2185 5108 quidem,
2216 5033 2477 5091 mundam
2508 5031 2748 5087 tunicam
2774 5028 3004 5090 habens,
3027 5025 3194 5079 vitam
3215 5020 3515 5076 virtutibus

1934 5134 2218 5192 ornatam;
2253 5126 2391 5180 alter
2428 5138 2591 5185 vero,
2628 5122 2795 5176 vitam
2844 5117 3032 5194 pravig
3074 5113 3336 5185 operibus
3381 5126 3514 5167 con-
3560 5177 3565 5183 _

1934 5225 2265 5287 spurcatam.
2294 5214 2391 5271 Vel
2415 5214 2620 5285 potius,
2652 5211 2834 5266 tunica
2855 5207 3036 5264 carnis
3059 5203 3515 5272 sordibusinqui~
3630 5244 3631 5247 η

1934 5318 2083 5375 nata,
2110 5307 2343 5364 habitus
2363 5314 2450 5363 est
2470 5314 2731 5375 certaque
2756 5300 3069 5371 dispositio,
3107 5314 3171 5353 ex
3201 5293 3508 5353 carnalium

1963 5458 2009 5491 ”
2034 5458 2207 5515 Exod.
2233 5475 2400 5525 χχιιι,
2429 5457 2519 5514 20.
2596 5458 2641 5488 ’⁵
2671 5452 2824 5511 Judae
2845 5452 2935 5506 25.

1933 5597 2099 5670 etiam
2123 5597 2193 5654 de
2216 5598 2337 5670 ipso
2365 5606 2422 5654 et
2448 5598 2504 5670 in
2537 5610 2633 5670 sua
2671 5606 2899 5670 Ρρνδοηεὲ
2938 5588 3105 5670 ditia)
3132 5586 3353 5670 ,νίτίίιιμβ
3378 5599 3506 5670 θ’·ξιη
3598 5604 3601 5608 ’

1934 5667 2029 5740 illo
2053 5659 2338 5739 apostolici
2362 5685 2428 5725 ac
2451 5667 2564 5723 divi
2601 5659 2802 5740 quibus
2853 5661 2933 5717 sic
2960 5659 3242 5740 Christus.
3261 5659 3372 5717 vita
3407 5660 3498 5740 sit.

1936 5730 2105 5808 Pigct'
2120 5740 2201 5795 sic
2220 5756 2286 5793 ex
2315 5740 2478 5794 trivio
2502 5753 2588 5793 res
2616 5730 2909 5797 adnotare;
2941 5730 3035 5788 8οα
3064 5730 3118 5782 in
3146 5730 3343 5787 νίίίυω
3370 5730 3509 5785 Viuo-

1938 5824 2103 5877 cogor
2130 5810 2331 5866 alieno.
