3972 6438
519 448 662 515 ’1203

1690 447 1752 507 S.
1793 445 2081 506 MAXIMI
2119 445 2650 508 CONFESSORIS.

3633 435 3751 503 ιωι

519 575 812 636 pravorum
848 567 1096 616 motuum
1145 567 1312 629 atque
1361 572 1592 627 operum
1639 557 1926 623 memoria,
1973 555 2095 611 ani-

2221 573 2265 612 ικ
2308 557 2411 628 τῆς
2447 553 2650 628 σαρκδς
2694 551 2948 624 πονηρῶν
2976 550 3301 623 κινημάτων
3324 565 3386 603 τε
3435 547 3532 602 καὶ
3551 550 3756 622 Evam.

519 669 672 710 mum
717 651 1024 709 secundum
1054 649 1449 706 conscientiam
1497 647 1772 715 formans;
1821 662 1988 718 quam
2043 648 2091 702 is

520 749 674 802 velut
717 745 976 800 tunicam
1007 743 1113 797 sibi
1163 743 1500 813 adiacentem
1552 740 1812 796 continue
1873 739 2088 805 videns,

519 839 777 894 vitiorum
806 837 979 891 fetore
1014 834 1278 904 repletur.
1314 832 1784 899 Quemadmodum
1818 831 1968 886 enim
1992 831 2092 887 abs

519 929 740 1000 spiritu,
767 927 1068 982 virtutibus
1115 925 1240 980 aliis
1280 925 1403 979 aliis
1442 940 1511 979 ex
1555 924 1767 979 ratione
1787 923 2090 996 contextis,

521 1015 950 1087 incorruptionis
965 1015 1166 1069 animae
1185 1013 1422 1069 amictus
1437 1013 1727 1080 conﬂatur,
1747 1028 1858 1083 quo
1881 1013 2091 1078 induta,

519 1110 751 1181 pulchra
801 1109 977 1162 enitet
1003 1121 1073 1162 ac
1099 1105 1381 1174 gloriosa:
1419 1105 1500 1160 sic
1540 1115 1597 1160 et
1631 1121 1663 1160 a
1712 1121 1900 1170 carne,
1940 1105 2095 1162 vitiis

519 1198 980 1270 passionibusque
1009 1195 1129 1251 aliis
1160 1195 1392 1264 aliisque
1423 1204 1570 1249 certa
1613 1195 1970 1264 proportione
2006 1195 2096 1250 in.

521 1291 687 1345 textis
710 1330 724 1354 ,
767 1288 1050 1343 immunda
1079 1286 1329 1358 quadam
1356 1301 1420 1342 ac
1445 1286 1713 1340 maculata
1743 1287 1928 1342 tunica
1960 1301 2096 1342 con-

520 1380 717 1452 surgit,
773 1395 842 1435 ex
890 1393 949 1434 se
1000 1381 1242 1432 animum
1292 1377 1682 1441 manifestans,
1733 1377 2010 1448 aliamque
2041 1378 2096 1434 ei

523 1473 754 1528 formam
795 1486 864 1526 ac
890 1470 1182 1541 imaginem
1208 1477 1406 1540 praeter
1429 1468 1670 1524 divinam
1701 1468 1969 1525 tribuens.

593 1562 683 1616 69..
725 1562 964 1616 Firmam
994 1559 1395 1630 consequendaa
1430 1559 1796 1615 deificationis
1839 1559 2097 1615 ﬁduciam

2194 649 2383 721 μάτων
2438 648 2541 720 τὴν
2576 644 2757 717 ψυχὴν
2778 685 2794 710 ,
2847 643 2962 709 ἒξις
2989 661 3049 698 τε
3079 643 3176 696 καὶ
3201 641 3467 707 διάθεσις,
3503 641 3572 712 ἢν
3592 642 3757 712 όρῶσιι

2191 740 2484 804 διαπαντὸς
2529 737 2782 810 καθάπερ
2811 735 3017 808 χιτῶνά
3043 735 3180 805 τινας
3212 734 3343 804 περὶ
3390 734 3610 804 ἑαυτὴν,
3649 734 3759 788 δυσ-

2191 833 2358 895 ωδίας
2380 829 2684 903 πληροῦται
2708 829 2913 884 παθῶν.
2945 828 3036 891 Ὠς
3050 825 3160 898 γὰρ
3187 826 3294 880 ἀπὸ
3321 823 3418 878 τοῦ
3446 823 3761 894 πνεύματος,

2191 922 2281 977 διὰ
2297 921 2408 976 τῶν
2422 920 2631 992 ἀρετῶν
2645 920 2904 990 ἀλλήλαις
2919 916 3060 972 κατά
3085 917 3246 984 λόγον
3272 913 3756 984 σδνυφαινομίνων,

2193 1014 2503 1085 ἀφθαρσίας
2547 1013 2756 1081 γίνεται
2800 1013 2870 1082 τῇ
2895 1009 3041 1081 ψυχῇ
3092 1007 3258 1078 χιτὼν
3283 1049 3300 1073 ,
3347 1007 3411 1060 ὃν
3445 1007 3768 1076 ὲνδυοαμένη

2192 1105 2403 1177 γίνεται
2423 1103 2563 1176 καλὴ
2601 1103 2693 1156 καὶ
2715 1100 2978 1168 ἐπίδοξος
3009 1097 3152 1153 οὕτω
3174 1099 3270 1152 καὶ
3290 1097 3401 1152 ἀπὸ
3426 1097 3530 1167 τῆς
3559 1096 3772 1166 σαρκὸς,

2192 1199 2302 1256 τῶν
2324 1200 2515 1255 παθῶν
2536 1199 2787 1271 ἀλλήλοις
2814 1197 2954 1250 κατά
2971 1195 3260 1264 ἀναλογίαν
3281 1193 3774 1263 συνυφαινομένων,

2193 1293 2402 1364 γίνεταί
2457 1309 2543 1357 τις
2586 1291 2751 1364 χιτὼν
2807 1289 3116 1362 ἀκάθαρτος
3144 1289 3236 1341 καὶ
3276 1286 3670 1357 ἒσπιλωμένος.
3719 1285 3781 1351 ἐξ

2196 1371 2390 1440 ἑαυτοῦ
2411 1384 2623 1448 δεικνὺς
2649 1381 2924 1454 γνώριμον
2941 1381 3046 1454 τὴν
3061 1380 3238 1452 ψυχὴν
3265 1379 3359 1450 (ο),
3385 1376 3606 1449 μορφὴν
3624 1377 3781 1446 ἀλλην

2197 1478 2336 1548 αὐτῇ
2364 1477 2458 1531 καὶ
2486 1475 2671 1530 είκόνα
2701 1473 2852 1544 παρά
2878 1472 2978 1544 τὴν
3003 1471 3154 1526 θείαν
3182 1470 3490 1541 ἐνθέμενος.

2268 1567 2368 1640 ἒβη
2406 1567 2610 1622 Βεϐαία
2640 1565 2826 1629 πίστις
2849 1564 2968 1619 ἐστὶ⁸
2991 1562 3092 1634 τῆς
3117 1561 3255 1633 πρὸς
3276 1561 3546 1616 ἐκθέωσιν
3571 1560 3780 1625 ἐλπίδος

524 1651 736 1723 praebet
770 1651 1028 1706 humana:
1052 1659 1282 1716 naturae,
1332 1649 1480 1720 quod
1520 1650 1667 1706 Deus
1710 1650 1878 1705 homo
1921 1650 2100 1706 factus

2221 1661 2265 1730 τῇ
2294 1656 2456 1728 φύσει
2482 1655 2592 1710 τῶν
2618 1651 2953 1726 ἀνθρώπων,
3005 1653 3042 1722 ὴ
3068 1649 3167 1704 τοῦ
3185 1649 3322 1704 Θεοῦ
3349 1647 3786 1720 ινανθρώπησις,

523 1752 642 1810 est;
686 1749 896 1798 tantum
936 1743 1057 1813 ejus
1099 1742 1459 1797 humanitatis
1489 1758 1651 1798 causa
1685 1743 1850 1798 deum
1893 1741 2101 1798 faciens

2221 1747 2456 1804 ιοσοῦτον
2477 1746 2601 1802 θεὸν
2626 1745 2858 1802 ποιοῦσα
2879 1744 2974 1800 τδν
2998 1743 3307 1816 ἄνθρωπον,
3358 1741 3489 1796 ὅσον
3510 1741 3676 1804 αὐτὸς
3694 1739 3790 1809 γέ-

527 1834 835 1896 hominem.
868 1843 1135 1904 quantum
1164 1833 1282 1903 ipse
1316 1833 1482 1888 homo
1508 1833 1686 1888 factus
1713 1834 1982 1890 est.'Nam
2007 1835 2100 1906 qui

2221 1859 2356 1912 γονεν
2383 1839 2688 1912 ἅνθρωπος.
2746 1836 2808 1890 '0
2839 1835 2951 1907 γὰρ
2979 1835 3148 1907 χωρὶς
3185 1833 3463 1905 ἁμαρτίας
3499 1832 3790 1902 γενόμενος

527 1925 648 1981 sine
689 1933 916 1995 peccato
955 1924 1134 1980 factus
1163 1933 1247 1979 est
1273 1924 1460 1988 homo,
1501 1924 1661 1995 525
1700 1926 1840 1980 citra
1881 1941 2102 1982 omnem

2221 1895 2527 2004 ἱνθρωποέ,
2569 1895 2730 2000 δῆλον
2767 1895 3192 2000 δτίχωρίξτξτις
3227 1895 3324 1991 ἐιξ
3355 1895 3593 1998 θεόῆτα
3620 1895 3788 1995 pata.-

527 2019 888 2074 mutationem
917 2017 972 2072 in
1001 2017 1286 2082 deitatem,
1331 2013 1583 2072 natdram
1619 2018 1897 2074 deificabit
1935 2037 1948 2072 :
1980 2028 2103 2074 tan-

2221 2025 2371 2093 Βολῆς
2399 2064 2413 2089 ,
2468 2023 2567 2095 τὴν
2596 2021 2760 2092 φύσιν
2788 2020 3098 2090 θεοποιήσει
3119 2035 3136 2051 ο
3190 2019 3286 2073 καὶ
3313 2017 3573 2072 τοσοῦτον
3598 2017 3792 2071 ἀναϐι-

530 2119 754 2180 tumque
791 2119 1015 2180 propter
1042 2125 1101 2165 se
1125 2109 1412 2180 proveliet,
1442 2117 1708 2179 quantum
1759 2125 1818 2165 se
1862 2111 1978 2180 ipse
2008 2109 2107 2164 lio-

2221 2116 2364 2171 Ξάσει
2383 2115 2451 2170 δι’
2473 2112 2685 2177 ἑαυτὸν,
2715 2113 2842 2166 ὅσον
2865 2111 3030 2175 αὐτὸς
3056 2110 3146 2165 διά
3168 2110 3260 2163 τδν
3279 2109 3574 2180 ἄνθρωπον
3595 2110 3794 2162 ἑαυτὸν

528 2201 694 2256 minis
729 2201 901 2272 gratia
953 2200 1195 2256 demisit.
1247 2200 1418 2270 quue
1463 2200 1692 2271 mystice
1720 2199 1927 2256 docens
1987 2215 2104 2254 ma-

528 2307 670 2360 gnus
701 2290 1016 2361 Apostolus,
1053 2289 1214 2354 ait",
1245 2289 1300 2344 in
1332 2290 1547 2345 saeculis
1566 2289 2104 2360 supervenientibus,

529 2381 962 2442 manifestandas
1009 2381 1064 2436 in
1107 2381 1268 2436 nobis
1297 2381 1779 2451 supereminentes
1805 2381 1904 2437 Dei
1940 2382 2101 2438 boni-

530 2477 660 2533 tatis
688 2477 928 2533 divitias.

600 2569 690 2626 63.
727 2570 888 2624 Ratio
919 2583 1020 2640 pro
1064 2569 1295 2639 imperio
1323 2569 1459 2623 iram
1505 2583 1706 2639 regens
1733 2583 1800 2624 ac
1831 2569 2107 2640 cupidita-

530 2670 664 2729 tem,
685 2661 921 2717 virtutes
966 2659 1108 2730 parit
1137 2677 1151 2714 :
1182 2675 1448 2730 mensque
1493 2661 1738 2716 rationes
1770 2660 2104 2731 intelligens,

531 2768 718 2809 rerum
754 2752 1100 2808 conditarum
1141 2761 1344 2808 certam
1380 2751 1748 2822 cognitionem
1780 2752 1978 2822 carpit.
2003 2752 2108 2808 Ubi

531 2841 700 2913 igitur
725 2842 887 2906 ratio,
920 2841 1151 2913 abiectis
1193 2842 1507 2908 contrariis,
1537 2841 1686 2913 quod
1731 2851 1928 2898 natura
1956 2857 2110 2898 ama-

531 2935 643 2990 bile
699 2945 816 3000 cst,
873 2934 1178 2999 invenerit;
1220 2949 1482 3004 mensque
1537 2934 1623 2988 his
1677 2934 1950 3003 superatis
1991 2949 2112 3003 quae

530 3026 764 3082 scientia
814 3034 1160 3091 noscuntur,
1207 3027 1386 3095 ipsum
1427 3041 1612 3081 rerum
1664 3026 1959 3080 Auctorem
1983 3065 1998 3089 ,
2027 3040 2115 3080 es-

530 3118 766 3173 sentiam
806 3133 1024 3173 omnem
1059 3133 1123 3172 ac
1174 3118 1462 3173 scientiam
1507 3116 1888 3181 excedentem,
1919 3132 2115 3186 appre-

2214 2208 2599 2264 κατεϐίϐασεν.
2653 2205 2835 2276 Ὅπερ
2903 2202 3180 2274 μυστικῶς
3227 2201 3494 2256 διδάσκων
3543 2203 3574 2254 ό
3620 2201 3795 2272 μέγας

2218 2301 2560 2366 Ἀπόστολος,
2591 2301 2759 2374 φησὶν
2774 2343 2789 2370 ,
2822 2301 2884 2355 ὲν
2907 2303 3020 2366 τοῖς
3047 2300 3207 2357 αῑῶσι
3231 2302 3347 2365 τοῖς
3371 2299 3796 2371 ἐπερχομένοις,

2205 2393 2296 2448 τδν
2341 2395 2422 2458 εἰς
2465 2394 2614 2464 ἡμᾶς
2657 2392 3070 2465 ὑπερϐάλλοντα
3115 2391 3344 2448 πλοῦτον
3384 2391 3485 2464 τῆς
3525 2389 3627 2444 τοῦ
3659 2390 3798 2444 Θεοῦ

2205 2483 2576 2556 χρηστότητος
2603 2482 3005 2554 δειχθήσεσθαι.

2277 2575 2379 2644 ἔτ’.
2425 2572 2533 2627 Τοῦ
2568 2573 2672 2644 μὲν
2699 2574 2872 2645 θυμοῦ
2905 2575 3001 2628 καὶ
3027 2576 3128 2646 τῆς
3154 2572 3450 2644 ἐπιθυμίας
3481 2571 3802 2625 ἐπιστατῶν

2206 2669 2237 2722 ό
2262 2666 2444 2735 λόγος,
2475 2666 2624 2719 ποιεῖ
2652 2664 2754 2729 τὰς
2782 2664 3005 2734 ἀρετάς·
3041 2666 3070 2718 ό
3093 2664 3151 2719 δὲ
3177 2664 3303 2728 νοῦς
3330 2666 3439 2728 τοῖς
3458 2663 3654 2732 λόγοις
3679 2663 3803 2715 ἐπι.

2209 2759 2422 2815 ϐἀλλων
2444 2798 2460 2825 ,
2512 2757 2625 2812 τῶν
2666 2756 2973 2826 γεγονότων
3011 2757 3112 2828 τὴν
3143 2757 3440 2811 ἄπταιστον
3469 2754 3805 2823 συλλέγεται

2207 2853 2410 2922 γνῶσιν
2432 2849 2528 2922 (p).
2565 2849 2738 2904 Ὅταν
2775 2843 2870 2903 οὖν
2925 2849 2955 2902 ό
2995 2848 3154 2926 λόγος
3198 2846 3337 2917 μετά
3365 2846 3462 2917 τὴν
3506 2845 3625 2899 τῶν
3657 2846 3806 2899 ἀντι-

2209 2943 2483 3017 κειμένων
2527 2941 2801 3012 ἀποϐολὴν
2822 2981 2838 3006 ,
2893 2939 3030 3012 εὕρῃ
3071 2939 3134 2994 τὸ
3166 2938 3309 2994 κατὰ
3343 2939 3507 3009 φύσιν
3538 2937 3806 3008 ἔραστδν,

2213 3038 2307 3092 καὶ
2333 3038 2362 3090 ό
2387 3032 2514 3098 νοῦς
2548 3031 2688 3104 μετά
2709 3033 2812 3104 τὴν
2838 3031 2950 3086 τῶν
2976 3031 3396 3102 γινωσκομένων
3420 3029 3691 3084 διάϐασιν
3718 3030 3810 3083 λά-

2214 3129 2375 3200 ϐηται
2403 3128 2503 3198 τῆς
2524 3125 2664 3198 ὑπὲρ
2683 3123 2871 3178 οὐσίαν
2911 3125 3003 3178 καὶ
3025 3123 3227 3193 γνῶσιν
3254 3123 3364 3176 τῶν
3390 3123 3556 3177 όντων
3581 3123 3806 3188 Attice,

531 3208 816 3275 henderit;
865 3217 998 3264 tunc
1053 3225 1152 3278 per
1183 3208 1453 3279 gratiam,
1510 3208 1685 3264 beatae
1739 3207 2103 3263 deificationis

2221 3218 2506 3292 τηνικαῦτα
2523 3217 2585 3271 τὸ
2603 3217 2704 3288 τῆς
2731 3215 2980 3280 θεὼσεως
3009 3215 3151 3270 κατὰ
3179 3216 3337 3286 χάριν
3364 3215 3681 3284 ἐπιγίνεται
3709 3216 3810 3271 πά-

532 3301 734 3370 passio,
766 3315 799 3354 a
845 3301 1081 3356 naturali
1134 3300 1402 3356 rationem
1453 3299 1786 3355 discretione
1827 3300 2108 3355 abduccns

533 3391 651 3454 (ubi
699 3407 809 3446 non
835 3401 919 3446 est
941 3391 1088 3462 quod
1122 3391 1493 3462 discernatur)
1523 3390 1774 3456 accedit;
1825 3388 2110 3462 mentique

532 3481 896 3535 cessationem
923 3496 954 3535 a
981 3482 1220 3536 naturali
1265 3481 1640 3538 intellectione
1681 3497 1746 3537 ac
1779 3481 2110 3553 cogitatione

535 3573 650 3640 (ubi
709 3589 818 3626 non
865 3580 950 3628 est
994 3573 1140 3642 quod
1199 3573 1602 3644 cognoscatur)
1663 3573 1910 3638 inducit;
1946 3581 2112 3643 atque

532 3663 779 3733 ejusdem
807 3665 1012 3733 quietis
1032 3681 1094 3718 ac
1119 3675 1293 3720 status
1325 3665 1604 3726 firmitate.
1633 3680 1783 3730 eum,
1811 3665 1906 3734 qui
1924 3664 2114 3720 divino

534 3754 734 3824 dignus
757 3756 1036 3810 consortio
1064 3757 1350 3820 habeatur,
1385 3757 1551 3812 deum
1587 3757 1739 3812 facit.

608 3848 696 3902 64.
743 3847 1002 3901 Animum
1048 3849 1393 3918 voluptatum
1427 3849 1686 3904 sordibus
1727 3858 1986 3919 tanquam
2020 3865 2116 3904 ru-

538 3939 720 4010 bigine
758 3937 1017 3994 infectum
1039 3979 1054 4004 ,
1108 3940 1371 3997 emundat
1402 3941 1558 3996 labor
1580 3981 1594 4005 ,
1655 3949 2116 4011 terrenorumque

537 4045 767 4101 prorsus
790 4029 859 4085 ab
883 4045 950 4085 eo
981 4030 1268 4087 libidinem
1295 4031 1531 4096 revellit,
1555 4031 1652 4086 ubi
1687 4033 1755 4097 is,
1781 4047 1892 4102 quo
1917 4033 2118 4088 damno

537 4120 736 4177 alliciat
754 4137 944 4176 eorum
969 4137 1144 4186 amor,
1169 4123 1376 4178 saniori
1398 4123 1631 4179 consilio
1647 4124 1926 4179 didicerit.
1947 4124 2117 4193 quue

540 4213 595 4268 in
631 4229 794 4268 causa
826 4223 932 4279 est,
963 4230 1065 4270 cur
1091 4215 1238 4271 Deus
1261 4215 1413 4287 justo
1456 4215 1668 4288 judicio
1696 4217 1952 4272 homines
1973 4217 2120 4271 sinat

538 4322 568 4361 a
601 4305 818 4361 diabolo
841 4307 1108 4375 torqueri.

611 4397 700 4452 65.
725 4398 990 4467 Voluptas
1013 4405 1068 4451 ct
1089 4397 1265 4462 dolor,
1299 4399 1572 4468 cupiditas
1602 4406 1659 4453 et
1682 4406 1879 4460 metus,
1906 4412 1968 4451 ac
2001 4411 2122 4466 qua:

543 4489 660 4543 limo
683 4489 1036 4554 comitantur,
1077 4505 1192 4544 non
1221 4491 1398 4560 primo
1421 4506 1530 4545 una
1555 4505 1682 4545 cum
1708 4490 1994 4544 hominum
2023 4505 2122 4543 na-

2209 3313 2321 3375 θος,
2355 3311 2450 3365 τδν
2478 3309 2580 3381 μὲν
2610 3308 2771 3377 λόγον
2801 3307 3016 3376 ἀπάγον
3046 3308 3148 3377 τῆς
3178 3307 3413 3377 φυσικῆς
3440 3307 3805 3378 διακρίσεως,

2209 3403 2339 3458 ἔνθα
2370 3403 2433 3456 τὸ
2474 3400 2888 3471 διακρινόμενον
2916 3400 3016 3454 οὐκ
3043 3399 3159 3452 ἔστι
3178 3416 3194 3430 ·
3257 3399 3349 3452 τὸν
3378 3399 3432 3452 δὲ
3464 3398 3600 3453 νοῦν
3640 3417 3809 3456 κατα-

2214 3495 2389 3549 παῦον
2413 3495 2514 3564 τῆς
2545 3495 2689 3547 κατὰ
2721 3491 2882 3562 φύσιν
2912 3492 3172 3561 νοήσεως,
3206 3490 3333 3544 ἔνθα
3367 3491 3437 3562 μὴ
3466 3490 3588 3545 ἔστι
3640 3492 3706 3547 τδ
3731 3509 3811 3561 γιο

2210 3587 2572 3658 νωσκόμενον,
2607 3584 2702 3640 καὶ
2728 3583 2917 3637 ποιοῦν
2933 3585 2998 3652 τῇ
3015 3583 3156 3636 κατά
3176 3581 3275 3653 τὴν
3301 3583 3485 3636 στάσιν
3510 3584 3810 3657 ταῦτότητι

2221 3676 2364 3739 θεὸν,
2399 3675 2492 3729 τὸν
2523 3673 2847 3745 ἀξιούμενον
2878 3672 2978 3742 τῆς
3005 3671 3156 3734 θείας
3184 3672 3474 3744 μεθέξεως.

2288 3853 2381 3919 ξδ’.
2417 3851 2796 3906 Κατιωθεῖσαν
2827 3850 2928 3922 τὴν
2951 3849 3129 3923 ψυχὴν
3158 3850 3237 3922 τῷ
3267 3851 3422 3922 ῥύπῳ
3453 3853 3568 3921 τῆς
3595 3853 3809 3924 ἡδονῆς,

2216 3943 2588 4015 ἀποκαθαίρει
2613 3943 2804 4007 πόνος,
2861 3943 2957 3996 καλ⁵
2985 3941 3186 4013 ἀφηλοῖ
3209 3941 3488 4004 παντελῶς
3512 3943 3698 4014 αύτῆς
3721 3945 3811 4013 τὴν

2219 4036 2402 4107 σχέσιν
2425 4035 2536 4088 τῶν
2558 4033 2780 4099 ὑλικῶν,
2808 4030 2911 4104 τῆς
2937 4033 3076 4104 πρὸς
3097 4033 3237 4088 αύτά
3262 4033 3443 4102 φιλίας
3466 4034 3583 4103 τὴν
3611 4033 3814 4105 ζημίαν

2223 4124 2646 4199 μεταμαθοῦσαν
2693 4124 2803 4197 [οι.
2841 4123 3344 4196 μεταμαθούσης]’
3397 4123 3467 4177 δι’
3515 4126 3592 4196 ἦν
3640 4125 3813 4178 αἰτίαν

2217 4221 2248 4273 ό
2285 4218 2420 4280 Θεὸς
2463 4217 2744 4287 συγχωρεῖ
2781 4213 2863 4284 τῷ
2889 4214 3120 4284 διαϐόλῳ
3145 4254 3161 4280 ,
3212 4213 3355 4267 κατά
3387 4213 3582 4286 κρίσιν
3602 4215 3814 4269 δικαίαν

2220 4312 2349 4375 τοὺς
2373 4307 2698 4380 ἀνθρώπους
2728 4306 2982 4377 βασάνοις
3011 4305 3384 4370 καταπιέζειν.

2293 4400 2388 4467 ξε’.
2431 4397 2624 4470 Ἡδονὴ
2677 4398 2773 4453 καὶ
2799 4397 2947 4468 λύπη
2972 4436 2988 4461 ,
3043 4396 3309 4467 ἐπιθυμία
3336 4394 3428 4448 καὶ
3456 4395 3643 4464 φόϐος
3664 4437 3683 4461 ,
3729 4397 3811 4448 καὶ

2223 4491 2293 4545 τὰ
2333 4489 2547 4553 τούτοις
2587 4489 2832 4561 ἑπόμενα
2853 4527 2870 4554 ,
2924 4491 2990 4559 τῇ
3020 4487 3182 4558 φύσει
3205 4486 3315 4541 τῶν
3337 4485 3661 4556 ἀνθρώπων
3689 4505 3808 4559 προ-

544 4587 667 4634 tura
693 4580 911 4634 condita
936 4589 1101 4647 sunt;
1128 4556 1256 4637 nam
1283 4582 1487 4652 alioqui
1508 4583 1576 4636 ad
1604 4590 1813 4636 naturae
1841 4581 2110 4636 definitio-

2225 4580 2546 4652 ηγουμένως
2596 4580 2658 4634 ού
2694 4556 3076 4650 ’συνεκτίσθηήο
3134 4579 3256 4632 ἐπεὶ
3307 4578 3402 4632 καὶ
3448 4579 3539 4642 εἰς
3572 4579 3673 4631 τὸν
3698 4556 3812 4647 ὃᾴν

545 4685 670 4724 nem
706 4680 1040 4740 spectarent.
1074 4672 1346 4742 Quocirca
1374 4674 1522 4740 dico,
1567 4681 1850 4728 auctorem
1898 4680 2124 4728 secutus

616 4825 662 4858 ⁸⁸
690 4825 888 4895 Ephes.
919 4843 978 4892 ιι,
1017 4827 1070 4881 7.

738 4958 834 4994 ἘΙ-⁸
861 4958 1075 4994 δηαιςνηῧ
1105 4957 1348 4994 λοινιμῗιη
1392 4957 1682 4994 ΛΜΙΞὶΛΙΙΙΛυ
1727 4960 1842 4994 τδιυ
1891 4963 1922 4994 ει

617 4959 691 5031 (ο)
738 4958 834 5024 Ἐξ
857 4958 1075 5014 ἑαυτοῦ
1104 4957 1348 5025 δεικνὺς
1392 4957 1682 5030 γνώριμον
1727 4960 1842 5027 τὴν
1890 4961 2116 5029 ψυχήν.

541 5030 616 5087 Et
646 5031 751 5102 hoc
787 5037 900 5083 tam
935 5029 1168 5102 clarum,
1210 5030 1286 5084 ita
1314 5030 1480 5102 Picus
1509 5029 1849 5102 τετε-,δείριο
1882 5030 2124 5102 declarat

543 5098 864 5171 punctorum
895 5098 1134 5171 quidem_
1163 5115 1275 5171 esse
1309 5100 1569 5171 animant.
1625 5097 1825 5171 Haecine
1876 5101 1982 5163 vis,
2025 5100 2121 5156 τοῦ

542 5168 853 5239 ἀκαθάρτου
881 5168 974 5222 καὶ
993 5169 1368 5238 ὲσπιλωμένου
1401 5168 1627 5239 χιτῶνος
1648 5183 1664 5200 ’
1687 5169 1951 5239 immundi
1976 5171 2123 5225 illius

545 5247 596 5294 et
631 5237 1276 5313 conspurcati_involu_cri
1325 5237 1948 5313 acqulic'Ldeclai-are
1998 5256 2124 5296 esse

544 5307 868 5379 praeclaram
911 5307 1202 5379 animam?
1230 5307 1447 5379 Nugae.’
1480 5308 1792 5365 ManifeStat
1828 5326 1950 5366 eam
1973 5352 1987 5374 ,
2025 5326 2120 5366 seu

545 5377 731 5451 reddit
776 5377 1126 5451 manifestam
1158 5395 1227 5451 ex
1283 5377 1504 5448 séipso;
1536 5379 1616 5433 sic
1669 5395 1867 5451 nempe
1921 5381 2120 5435 factam

547 5448 888 5521 immundam
921 5464 996 5521 ac
1024 5449 1429 5521 iniquinatami;
1477 5464 1599 5518 quat
1649 5450 1772 5521 sibi,
1799 5448 1904 5520 pro
1937 5451 2121 5504 divina

548 5527 765 5591 turpem
799 5519 949 5576 illam
976 5519 1206 5575 formam
1238 5520 1641 5591 imaginemque
1665 5519 1968 5591 _i_ndiderit.
2008 5521 2122 5575 Ma-

551 5589 658 5671 gni
679 5589 883 5671 ubique
904 5605 1029 5644 cum
1068 5591 1186 5671 pari
1218 5589 1421 5671 pietate
1444 5603 1640 5671 se_nsus
1663 5589 1900 5644 Maximi.

624 5656 702 5728 (p)
740 5656 864 5712 Τῶν
909 5656 1240 5728 τεγονῖότωιῗ·
1309 5659 1424 5726 τὴν
1479 5659 1816 5712 ἀπταιστον
1872 5659 2118 5727 γνῶσιν.

552 5727 719 5799 Quasi
741 5727 962 5799 absque
988 5727 1102 5785 ullo
1128 5744 1341 5793 errore,
1367 5731 1423 5783 in
1454 5744 1562 5799 qua
1587 5743 1698 5783 non
1724 5729 1798 5784 sit
1820 5731 2123 5799 impingere

555 5807 613 5852 et
640 5797 774 5851 labi.
808 5797 993 5870 Utitur
1021 5815 1164 5868 saepe
1194 5797 1598 5870 Maximus—pro,
1619 5808 1768 5853 certa
1805 5797 1915 5870 jani
1944 5797 2125 5870 perfe-

557 5878 751 5940 ctaque
789 5868 1038 5935 scientia,
1083 5884 1192 5924 non
1234 5885 1471 5935 morum,
1508 5869 1602 5924 sed
1664 5868 2122 5951 speculabilium;

2229 4672 2296 4727 ἀν
2347 4669 2664 4727 συνετέλουν
2709 4670 2809 4742 τῆς
2848 4667 3064 4740 φύσεως
3085 4667 3183 4740 (q).
3238 4667 3393 4740 Λέγω
3419 4665 3486 4739 δὴ
3539 4669 3703 4740 παρὰ
3729 4667 3810 4721 τοῦ

2226 4961 2306 5016 uti
2332 4961 2423 5016 hic
2444 4961 2633 5016 etiam.
2663 4959 2722 5015 Id
2742 4960 2891 5015 enim
2911 4959 3020 5013 τῶν
3040 4958 3340 5028 γεγονότων
3357 4957 3570 5027 γνῶσις
3598 4978 3615 4992 ο
3642 4961 3812 5016 Scielr

2227 5031 2303 5086 tia
2349 5047 2535 5086 rerum
2570 5046 2599 5084 a
2632 5031 2746 5085 Deo
2771 5029 3156 5100 conditarum;
3202 5030 3362 5100 cujus
3386 5029 3677 5100 perfectio
3707 5032 3811 5098 ipsa

2227 5101 2435 5156 veritas
2457 5108 2516 5156 et
2543 5099 2846 5156 certitudo.
2874 5099 2993 5168 Non
3019 5100 3160 5154 bene
3177 5099 3366 5168 itaque
3396 5099 3596 5162 Picus,
3636 5104 3792 5155 iam

2227 5170 2464 5225 culatam
2496 5168 2678 5225 reddit
2708 5186 2728 5240 ;
2770 5170 2912 5224 forte
2951 5167 3185 5240 Hesych.
3227 5167 3443 5240 fretus.
3490 5172 3594 5224 cui
3629 5172 3812 5223 ἀπταί-

2231 5257 2391 5303 στως,
2436 5239 3019 5309 ἀκαταγνὼστωςεει,
3065 5238 3351 5309 refertque
3383 5239 3591 5309 Varii).
3629 5254 3810 5295 verum

2227 5310 2283 5365 id
2321 5325 2445 5364 cum
2478 5310 2548 5365 de
2584 5306 2803 5364 morum
2837 5307 3049 5364 offensa
3079 5306 3279 5362 sermo
3307 5308 3399 5363 sit.
3443 5306 3620 5363 Suid.
3647 5310 3809 5363 addu-

2229 5387 2374 5435 ctam
2420 5394 2614 5434 vocem
2655 5395 2765 5450 non
2794 5378 3069 5448 exposuit,
3100 5379 3256 5450 quod
3287 5393 3352 5432 ex
3385 5378 3673 5450 simplicis
3709 5381 3808 5450 ipsa

2230 5451 2468 5510 ratione.
2506 5465 2604 5519 pro
2632 5449 2881 5519 subjecta
2914 5449 3147 5519 materia
3169 5448 3492 5519 exponenda
3529 5451 3633 5504 sit.

2302 5520 2378 5589 (q)
2416 5517 2521 5585 Εὶςῖ
2541 5520 2647 5572 τὸν
2671 5517 2812 5586 ὅρον
2841 5517 3215 5589 συνετέλουν
3232 5517 3344 5584 τῆς
3363 5520 3640 5589 φύσεως.
3658 5517 3808 5589 Quasi

2231 5586 2710 5652 contribuerentur,
2741 5588 2970 5657 etquod
2995 5588 3272 5658 vulgatius
3322 5588 3652 5658 clariusque
3696 5586 3808 5642 red-

2231 5659 2371 5721 didi,
2402 5667 2723 5729 spectarent,
2759 5660 3083 5729 pertinerent
3102 5657 3174 5729 αα
3199 5667 3406 5729 natura:
3432 5657 3806 5725 deﬁnitionem.

2231 5677 2371 5721 σιω,
2402 5677 2426 5713 s
2467 5677 2723 5722 ectarem,
2759 5677 3083 5729 pertinerent
3105 5677 3173 5710 aa
3199 5677 3406 5712 neutra,-
3432 5677 3787 5725 αρμιιιιιοπειιι

2230 5729 2380 5783 Nihil
2423 5677 2563 5784 Keue
2596 5727 2760 5783 Picus
2791 5745 2804 5780 :
2849 5727 3160 5798 EtenimAad
3187 5728 3347 5796 ﬁnem
3394 5744 3610 5798 quoque
3643 5736 3787 5780 contu

2234 5799 2432 5878 (issent.
2475 5799 2640 5878 Aliud
2668 5799 2814 5868 ὅρος,
2859 5799 3003 5878 alius
3052 5795 3226 5878 ﬁnjsé:
3251 5797 3372 5878 etsi
3407 5795 3806 5878 'Epoqnquoquc

2233 5871 2484 5924 terminus
2533 5864 2769 5937 dicitur,
2821 5869 2916 5939 qui
2955 5869 3072 5941 ipsa
3099 5867 3348 5924 deﬁnitio
3383 5864 3489 5923 est.
3538 5864 3732 5922 Etiam
3756 5864 3805 5914 τὲ
