4064 6438
272 453 415 521 1205

983 452 1321 513 CAPITUM
1356 450 1782 525 QUINOUIES
1815 449 2340 514 CENTENORUM
2375 448 2766 513 CENTURIA
2802 446 2846 510 I.

3397 440 3537 506 1206

266 561 532 625 Νυσαέως
581 561 821 634 μεγάλου
870 559 1178 633 Γρηγορίου
1230 560 1419 632 μαθὼν
1443 602 1459 627 ,
1516 564 1600 617 ὅτι
1635 561 1725 616 διὰ
1753 560 1883 633 τὴν,

1982 580 2215 637 nagnum
2245 562 2575 635 Gregorium
2602 562 2911 633 Nyssenum
2945 556 3065 630 (lib.
3091 555 3167 609 De
3201 554 3411 626 Opiﬁcio
3446 530 3540 609 Ιιοέ

259 656 369 726 τῆς
426 654 766 726 τελειότητος
811 654 1085 708 ἔκπτωσιν
1110 694 1126 720 ,
1184 654 1486 725 ὲπεισήχθη
1528 654 1725 715 ταῦτα,
1773 652 1853 725 τῷ

264 747 581 819 ἀλογοτίρῳ
628 745 788 817 μέρει
830 742 1181 817 προσφυέντα
1222 745 1323 815 τῆς
1356 744 1609 814 φύσεως“
1664 738 1849 809 δι’ὧν,

263 839 394 892 ἀντὶ
438 841 540 909 τῆς
587 836 866 909 μακαρίας
918 836 1015 891 καὶ
1054 835 1206 900 θείας
1242 836 1490 902 εἰκόνος,
1547 837 1709 902 εὐθὺς
1735 838 1854 911 ἅμα

267 933 339 1001 τῇ
366 930 700 1000 παραόἀσει,
720 928 987 1000 διαφανὴς
1008 928 1103 982 καὶ
1128 928 1382 1000 ὶπίδηλος
1402 931 1461 983 ιν
1482 929 1561 1001 τῷ
1581 930 1857 1003 ἀνθρώπῳ

273 1021 500 1090 γιγονεν
548 1022 583 1090 ὴ
629 1020 740 1074 τῶν
784 1019 998 1088 ἀλόγων
1038 1016 1196 1083 ζώων
1240 1021 1524 1091 ὁμοίωσις.
1563 1023 1713 1077 Ἔδει
1749 1022 1859 1095 γὰρ

273 1113 379 1183 τῆς
411 1112 575 1177 ἀξίας
614 1112 710 1168 τοῦ
738 1111 899 1180 λόγου
926 1112 1297 1184 καλυφθείσης
1322 1151 1337 1178 ,
1394 1114 1488 1184 ὑφ’
1507 1110 1584 1170 ὧν
1612 1117 1859 1172 ἐπεσπά-

276 1221 415 1258 σατο
446 1206 549 1273 τῆς
580 1203 807 1272 ἀλογίας
835 1203 1233 1275 γνωρισμάτων
1254 1245 1271 1271 ,
1325 1204 1549 1269 ἐνδίκως
1574 1205 1675 1277 τὴν
1698 1205 1862 1275 φύσιν

273 1296 390 1349 τῶν
445 1294 748 1367 ἀνθρώπων
793 1294 1151 1360 κολάζεσθαι*
1189 1296 1371 1364 σοφῶς
1398 1296 1479 1360 είς
1506 1296 1862 1369 συναίσθησιν

276 1386 384 1455 τῆς
434 1386 661 1456 λογικῆς
710 1386 1067 1457 μεγαλονοίας
1108 1386 1285 1442 ἐλθεῖν
1324 1388 1737 1461 οίκονομοῦντος
1768 1387 1862 1443 τοῦ

276 1477 431 1533 Θεοῦ*
447 1480 541 1533 τὸν
559 1478 877 1551 ἄνθρωπον.

347 1655 466 1723 ξςν.
498 1654 658 1710 Καλὰ
678 1655 892 1725 γίνεται
918 1656 1015 1712 καὶ
1037 1655 1108 1711 τά
1130 1656 1277 1729 πάθη
1308 1658 1367 1712 ὲν
1390 1658 1503 1722 τοῖς
1533 1658 1865 1726 σπουδαίοις,

277 1746 524 1816 ὁπηνίκα
556 1747 734 1817 σοφῶς
761 1747 903 1803 αὺτά
927 1747 1036 1802 τῶν
1063 1749 1399 1820 σωματικῶν
1429 1750 1866 1821 ἀποστήσαντες,

281 1837 426 1909 πρὸς
474 1839 577 1910 τὴν
627 1838 738 1894 τῶν
788 1839 1056 1912 οὐρανίων
1103 1840 1614 1912 μεταχειριζὼμεθα
1652 1843 1865 1913 κτῆσιν·

281 1926 419 1998 οἷον,
479 1932 569 1985 ὅτε
600 1931 701 2003 τὴν
729 1932 827 2003 μὶν
857 1932 1176 2003 ἐπιθυμίαν,
1223 1933 1322 2003 τῆς
1348 1934 1539 2005 νοερᾶς
1561 1933 1672 1988 τῶν
1700 1935 1862 1988 θείων
1896 1920 1939 1977 Β

283 2019 530 2090 ἐφέσεως
547 2022 844 2094 όρεκτικὴν
868 2022 1220 2094 ἐργασόμεθα
1247 2023 1495 2095 κίνησιν·
1547 2024 1647 2095 τὴν
1672 2024 1869 2096 ἡδονὴν

280 2111 345 2165 δὲ
373 2154 388 2175 ,
418 2115 520 2185 τῆς
548 2114 642 2166 επὶ
668 2116 783 2179 τοῖς
812 2113 979 2179 θείοις
1006 2114 1310 2186 χαρίσμασι
1342 2113 1435 2169 τοῦ
1459 2114 1550 2169 νοῦ
1580 2114 1872 2186 θελκτικῆς

281 2204 568 2274 ἐνεργείας
600 2205 944 2279 εὐφροσύνην
971 2208 1233 2278 ἀπήμονα
1256 2221 1272 2237 ·
1326 2207 1421 2261 τὸν
1449 2206 1508 2261 δὲ
1551 2207 1738 2276 φόϐον.
1771 2208 1873 2277 τῆς

283 2293 594 2366 μελλούσης
644 2295 738 2350 ἐπὶ
790 2297 1231 2369 πλημμελήμασι
1275 2298 1548 2368 τιμωρίας
1588 2296 1873 2370 προφυλα-

282 2386 486 2458 κτικὴν
514 2388 833 2458 ἐπιμέλειαν
852 2403 867 2421 ⁸
919 2390 1023 2461 τὴν
1047 2390 1105 2445 δὲ
1131 2389 1312 2463 λύπην
1329 2428 1346 2454 ,
1390 2389 1750 2461 διορθωτικὴν
1778 2388 1873 2443 ἐπὶ

282 2477 527 2549 παρόντι
565 2478 723 2549 κακῷ
759 2480 1148 2552 μεταμέλειαν.
1200 2482 1312 2535 Καὶ
1352 2480 1633 2552 συντόμως
1674 2481 1873 2547 εἰπεῖν,

284 2570 435 2622 κατά
483 2570 611 2634 τοὺς
654 2572 853 2641 σοφοὺς
893 2572 1004 2627 τῶν
1049 2572 1275 2644 ίατρῶν,
1327 2572 1539 2644 σώματι
1566 2570 1873 2644 φθαρτικοῦ

282 2658 460 2730 θηρὸς
510 2659 610 2729 τῆς
650 2659 887 2732 ἐχίδνης,
911 2661 1011 2733 τὴν
1038 2658 1204 2716 οὖσαν
1228 2661 1262 2733 ἢ
1294 2660 1681 2733 μελετωμένην
1708 2661 1877 2731 ἀφαι-

286 2748 593 2819 ρουμένους
635 2750 898 2823 λώὸησιν,
945 2754 1061 2817 τοῖς
1092 2751 1291 2806 πάθεσι
1320 2750 1533 2815 τούτοις
1557 2753 1695 2825 πρὸς
1721 2751 1876 2806 ἀναί-

283 2856 446 2911 ρεσιν
484 2839 757 2913 χρώμενοι
799 2842 1084 2915 παρούσης
1108 2843 1311 2906 κακίας
1338 2842 1372 2916 ἢ
1398 2842 1876 2916 προσδοκωμένης,

286 2931 391 2985 καὶ
422 2931 620 3003 κτῆσιν
656 2934 752 2987 καὶ
780 2932 1025 3005 φυλακὴν
1050 2932 1256 3004 ἀρετῆς
1279 2950 1342 2987 τε
1375 2933 1472 2987 καὶ
1493 2932 1769 3001 γνώσεως.

1961 659 2163 729 minis),
2197 674 2266 714 eo
2294 657 2443 727 quod
2474 655 2673 710 amissa
2712 649 2979 722 perfectio
3010 656 3151 713 erat,
3176 646 3543 703 subintrodu-

1962 762 2050 809 cta
2084 751 2221 815 haac,
2256 750 2308 805 ei
2330 747 2501 804 animi
2537 747 2682 817 parti
2704 743 3061 807 cohaerentia,
3096 756 3219 811 qum
3255 756 3285 794 a
3327 740 3543 795 ratione

1964 843 2232 901 remotior
2265 849 2350 898 est
2383 839 2646 911 :quibus,
2676 839 2800 893 loco
2850 837 3024 892 beatae
3052 834 3366 904 divinaeque
3409 832 3546 886 ima-

1964 936 2130 1009 ginis,
2183 934 2372 992 statim
2402 948 2433 987 a
2483 931 2956 1002 transgressione,
2992 926 3235 983 dilucida
3286 940 3353 980 ac
3394 925 3545 980 clara

1966 1029 2260 1085 brutarum
2290 1022 2655 1080 animantium
2686 1020 2992 1078 similitudo
3017 1020 3073 1074 in
3108 1016 3333 1074 homine
3368 1014 3543 1071 exsti—

1966 1123 2053 1177 tit.
2081 1118 2323 1177 Deeebat
2351 1115 2499 1172 enim
2533 1114 2765 1171 rationis
2807 1110 3123 1184 prastantia
3158 1109 3215 1165 in
3242 1108 3546 1164 obscurum

1966 1218 2178 1274 coacta,
2230 1208 2430 1263 merito
2477 1204 2664 1276 puniri
2719 1204 3023 1259 humanum
3067 1216 3260 1271 genus,
3294 1199 3362 1254 iis
3409 1211 3546 1268 quas

1968 1299 2259 1362 asciverat,
2307 1303 2520 1352 naturae
2554 1292 2799 1350 carentis
2836 1291 3047 1346 ratione
3076 1290 3256 1355 notis;
3292 1290 3405 1343 Dco
3451 1302 3543 1341 sa-

1968 1387 2316 1460 pientissime
2369 1385 2721 1454 disponente,
2776 1389 2839 1436 ut
2873 1396 2972 1451 per
3012 1380 3163 1435 hunc
3205 1378 3454 1443 modum,
3488 1377 3545 1432 in

1972 1479 2262 1537 rationalis
2287 1476 2619 1549 praestantia:
2646 1472 2815 1529 animi
2844 1486 3068 1528 sensum
3112 1470 3280 1525 homo
3304 1469 3549 1525 adduce-

1974 1579 2153 1629 retur.

2044 1663 2133 1720 66.
2170 1662 2308 1732 ipsae
2357 1673 2581 1731 quoque
2615 1656 2940 1729 passiones,
2994 1652 3336 1722 affectusque
3382 1649 3439 1707 in
3482 1651 3551 1707 iis

1972 1753 2071 1825 qui
2102 1752 2357 1817 studiosi,
2396 1748 2729 1819 honestique
2749 1748 2992 1802 cultores
3018 1751 3169 1809 sunt,
3190 1741 3322 1799 boni
3347 1757 3410 1797 ac
3434 1741 3555 1795 Iau-

1975 1846 2188 1904 dabiles
2218 1844 2566 1908 redduntur;
2596 1855 2722 1897 cum
2753 1838 3036 1909 sapienter
3064 1853 3096 1892 a
3124 1834 3408 1907 corporeis
3427 1848 3555 1889 avo-

1967 1947 2159 1993 cantes
2184 1936 2253 1991 ad
2276 1932 2645 2004 comparanda
2666 1946 2789 2002 quae
2820 1928 3067 1986 coelestia
3092 1934 3243 1993 sunt,
3274 1941 3371 1982 eos
3392 1941 3556 1980 usur-

1969 2044 2198 2102 pamus;
2234 2034 2297 2082 ut
2349 2040 2500 2090 cum,
2542 2022 2696 2081 verbi
2733 2020 2931 2093 gratia,
2965 2019 3127 2091 526
3169 2016 3553 2088 cupiditatem,

1970 2121 2175 2177 mentis
2204 2126 2413 2174 motum
2430 2115 2744 2188 appetentis
2767 2114 2952 2169 divina
2979 2112 3244 2167 faciemus
3266 2127 3281 2175 ;
3302 2108 3557 2178 volupta-

1972 2219 2108 2277 tem,
2156 2209 2440 2266 innoxiam
2490 2207 2733 2263 animum
2768 2192 3067 2261 mulcentis
3120 2218 3184 2258 ac
3234 2198 3544 2265 illicientis,

1973 2301 2294 2359 divinorum
2322 2299 2593 2356 donorum
2618 2298 2893 2370 largitate,
2916 2294 3257 2369 operationis
3280 2292 3553 2358 ltetitiam,

1978 2403 2208 2458 metum,
2232 2392 2406 2450 futuri
2435 2391 2769 2449 delictorum
2792 2404 2956 2445 causa
2983 2386 3260 2458 supplicii,
3285 2384 3358 2439 ob
3382 2397 3557 2453 eaque

1980 2483 2376 2556 impendentis,
2398 2492 2619 2539 cautam
2647 2480 3028 2552 diligentiam;
3055 2478 3331 2534 tristitiam
3356 2473 3559 2544 animi-

1977 2592 2089 2649 que
2117 2576 2388 2638 dolorem,
2424 2584 2533 2645 qua
2558 2589 2804 2645 praesens
2829 2572 3035 2627 malum
3059 2570 3417 2627 emendcmus
3436 2581 3559 2639 poe-

1971 2666 2290 2724 nitentiam.
2325 2667 2530 2737 Atque,
2563 2673 2625 2721 ut
2650 2666 2819 2720 semel
2846 2664 3046 2729 dicam,
3087 2678 3213 2719 cum
3248 2661 3561 2732 sapientum

1974 2758 2318 2815 medicorum
2352 2772 2528 2823 more,
2564 2756 2724 2827 cujus
2751 2756 2808 2810 in
2836 2755 2971 2811 feris
2992 2770 3239 2825 praesens
3276 2748 3589 2808 venenum‘

1972 2858 2081 2910 est.
2108 2850 2314 2920 viperae
2366 2863 2624 2918 corpore,
2665 2855 2993 2918 prtesentem
3038 2860 3137 2903 seu
3181 2844 3564 2900 imminentem

1976 2937 2263 3008 gibberem
2302 2936 2699 3007 depellentium
2721 2976 2735 3001 ,
2784 2936 2871 2991 his
2905 2936 2981 2991 ita
3009 2935 3302 2991 affectibus
3355 2934 3566 2988 utimur

288 3023 491 3080 utiﬂis
512 3034 845 3097 praesentem
875 3026 1144 3083 malitiam
1183 3034 1283 3087 aut
1307 3026 1691 3085 imminentem
1730 3026 2070 3099 perimamus
2127 3045 2194 3087 ac
2238 3038 2355 3086 tum
2388 3030 2650 3085 virtutem
2706 3038 2821 3084 tum
2866 3027 3151 3084 scientiam
3214 3026 3567 3097 acquiramus

284 3129 363 3169 ac
384 3112 786 3171 custodiamus.

370 3205 469 3272 εἶ’.
515 3206 575 3261 'U
614 3204 714 3276 μὲν
759 3206 860 3278 τῆς
888 3205 1110 3279 πρώτης
1140 3206 1418 3279 Διαθήκης
1446 3206 1630 3278 νόμος,
1659 3204 1751 3261 διὰ
1773 3206 1877 3278 τῆς

2051 3209 2142 3265 67.
2164 3207 2374 3264 Prioris
2396 3206 2738 3264 Testamenti
2764 3207 2874 3271 lex,
2889 3222 2991 3278 per
3014 3221 3135 3262 eam
3158 3205 3567 3277 philosophiam

291 3297 610 3369 πρακτικῆς
639 3297 956 3367 φιλοσοφίας
976 3338 993 3363 ,
1047 3298 1249 3362 παντὸς
1282 3298 1562 3369 μολυσμοῦ
1592 3299 1691 3370 τὴν
1716 3298 1881 3369 φύσιν

290 3388 687 3459 ἀποκαθαίρει.
728 3388 787 3443 '0
814 3388 872 3442 δὲ
900 3389 1001 3461 τῆς
1026 3389 1254 3460 Καινῆς,
1301 3389 1390 3444 διὰ
1412 3389 1515 3460 τῆς
1543 3390 1886 3463 θεωρητικῆς

296 3479 697 3551 μυσταγωγίας
714 3520 729 3543 ,
764 3479 872 3534 ἀπὸ
895 3480 1006 3534 τῶν
1033 3480 1365 3551 σωματικῶν
1391 3481 1529 3553 πρὸς
1551 3483 1621 3537 τά
1646 3482 1881 3554 συγγενῆ

292 3573 413 3627 τῶν
458 3572 667 3644 νοητῶν
712 3570 962 3645 θεάματα
984 3611 1005 3640 ,
1064 3571 1158 3626 τδν
1198 3572 1325 3627 νοῦν
1360 3572 1675 3642 γνωστικῶς
1697 3574 1885 3629 ἀναδι-

291 3663 487 3728 ϐάζει.

377 3755 485 3827 ξη⁶.
528 3754 597 3809 Ἦ
629 3754 751 3809 θεία
782 3754 1007 3827 Γραφὴ,
1059 3755 1189 3819 τοὺς
1216 3754 1316 3825 μὲν
1344 3754 1753 3827 εἰσαγομένους,
1789 3757 1886 3811 καὶ

296 3847 401 3905 uti.
443 3847 515 3901 τά
551 3846 867 3919 προπύλαιά
897 3863 1001 3901 που
1027 3846 1399 3918 τυγχάνοντας
1425 3848 1525 3918 τῆς
1546 3847 1695 3912 θείας
1716 3848 1886 3919 αὐλῆς

299 3938 415 3992 τῶν
436 3937 666 4010 ἀρετῶν,
700 3936 1114 4008 φοϐουμένους
1142 3937 1298 3993 καλεῖ
1315 3943 1329 3957 ’
1364 3939 1493 4002 τοὺς
1517 3937 1577 3992 δὲ
1605 3939 1888 4011 κτησαμέ-

300 4049 434 4096 νους
478 4031 792 4104 σύμμετρον
831 4032 947 4098 ἕξιν
985 4031 1095 4088 τῶν
1134 4034 1257 4088 κατ’
1278 4035 1480 4107 ἀρετὴν
1505 4034 1679 4105 λόγων
1701 4054 1762 4090 τε
1793 4037 1888 4091 καὶ

300 4125 570 4195 τρόπων,
618 4120 760 4179 οἶδεν
809 4124 1096 4196 ὀνομάζειν
1142 4128 1629 4196 προκόπτοντας’
1685 4128 1889 4193 τοὺςδὲ

302 4216 432 4271 κατ’
458 4217 628 4288 αὐτὴν
678 4217 996 4287 γνωστικῶς
1044 4218 1145 4290 ἤδη
1193 4220 1593 4289 γεγενημένους
1638 4220 1737 4291 τῆς
1780 4220 1889 4274 τῶν

302 4307 523 4378 ἀρετῶν
554 4308 888 4379 ὶκφαντικῆς
914 4308 1171 4379 ἀληθείας
1201 4309 1298 4380 τὴν
1326 4309 1591 4381 κορυφὴν,
1625 4328 1891 4382 προσαγο-

308 4390 463 4465 ρεύει
489 4392 777 4460 τελείους.
795 4394 853 4448 '0
872 4394 1051 4448 τοίνυν
1063 4395 1164 4466 τὴν
1194 4397 1251 4450 ὲν
1274 4398 1386 4459 τοῖς
1402 4397 1634 4452 πάθεσιν
1656 4398 1891 4469 ἀρχαίαν

306 4485 659 4555 ἀναστροφὴν
708 4486 1103 4559 ἀποστραφεὶς,
1154 4488 1248 4542 καὶ
1300 4489 1482 4544 πᾶσαν
1533 4489 1727 4543 ἑαυτοῦ
1791 4488 1889 4560 τὴν

307 4545 668 4653 διάθεσιν-δίά
694 4577 787 4633 τὸν
808 4545 986 4649 φόύον
1018 4545 1333 4644 ἐκδεδωκὼς
1366 4582 1478 4644 τοῖς
1516 4579 1682 4645 θείοις
1720 4545 1889 4652 προσ.
1925 4545 1969 4601 D

309 4666 615 4739 τάγμασιν,
644 4668 856 4734 οὐδενὸς
874 4669 1038 4725 καλοῦ
1055 4670 1164 4725 τῶν
1188 4671 1560 4740 εἰσαγομένοις
1579 4672 1897 4744 πρεπόντων

312 4756 664 4830 καθυστερεΡ
698 4758 801 4813 κᾶν
826 4758 981 4814 οὔπω
1012 4759 1109 4825 τὴν
1139 4761 1201 4814 ἑν
1221 4761 1444 4831 ἀρεταῖς
1468 4760 1582 4826 ἕξιν
1604 4762 1894 4833 ἐκτήσατο,

314 4848 416 4901 καὶ⁵
458 4847 559 4919 τῆς
610 4848 670 4901 ιν
710 4852 825 4913 τοῖς
851 4849 1086 4926 ’τελείοις
1113 4850 1451 4923 λαλουμένης
1486 4852 1679 4921 σοφίας
1706 4851 1899 4921 γέγονε

316 4938 571 5011 μέτοχος.
620 4940 762 4995 Ἀλλ’
793 4940 913 4996 οὐδὲ
958 4941 994 4994 ό
1035 4941 1361 5013 προκόπτων
1385 4982 1401 5010 ,
1457 4942 1565 4997 τῶν
1613 4942 1902 5014 ἐπιϐεϐλη-

388 5052 437 5085 ³⁷
470 5051 493 5107 ι
522 5052 653 5108 Cor.
688 5069 747 5117 ιι,
778 5054 830 5109 6.

319 5164 754 5245 πρρηγουμένως
784 5180 799 5217 :
831 5180 942 5221 non
957 5165 1114 5245 bene
1135 5168 1200 5245 ας)
1226 5168 1376 5245 initio
1403 5184 1427 5245 ς
1460 5178 1566 5233 est,
1599 5170 1769 5239 prima
1798 5184 1900 5245 seu

318 5234 616 5361 Eimario;
658 5233 835 5302 prima
893 5235 1111 5291 scilicet
1158 5236 1529 5293 destinatione
1557 5279 1573 5303 ,
1600 5233 1672 5293 'ac
1738 5239 1899 5309 quasi

402 5318 469 5358 us
498 5303 735 5358 creando
762 5304 1068 5361 hominem.
1101 5305 1190 5361 his
1214 5307 1369 5361 illum
1404 5308 1614 5361 stioare
1646 5308 1899 5361 intende-

402 5303 735 5377 us__creand_o
762 5304 1068 5377 hominem,
1101 5305 1190 5377 his
1214 5307 1369 5361 illum
1404 5308 1614 5377 stipare
1646 5303 1902 5365 intende-

320 5374 420 5447 rit.
458 5372 930 5447 NegatMMaaimus
954 5390 1080 5430 cum
1130 5372 1510 5447 Nysseno;ac
1539 5392 1734 5433 verum
1781 5394 1903 5434 om-

319 5445 458 5517 nino
487 5442 561 5497 de
587 5442 880 5517 aﬂ'ectibus
916 5452 977 5500 ut
1009 5456 1145 5517 sunt
1167 5442 1299 5501 vere
1365 5446 1512 5517 πάθη
1548 5462 1645 5501 seu
1677 5458 1899 5517 pertur-

320 5513 598 5587 bationes,
633 5513 941 5587 vitiumque
972 5515 1146 5581 olent,
1182 5531 1286 5587 nec
1318 5513 1561 5587 perfecte
1583 5513 1899 5587 subjiciun-

324 5593 427 5655 tur
451 5583 674 5655 rationi.
711 5584 932 5653 Alioqui
978 5595 1129 5642 certe
1172 5583 1337 5655 etiam
1373 5586 1479 5655 ipsi
1506 5585 1600 5655 ,ad
1654 5583 1895 5642 hominis

320 5650 702 5735 deﬁnitionem
723 5650 997 5735 spectant,
1038 5671 1149 5735 non
1178 5650 1412 5735 quidem
1433 5654 1537 5735 sub
1561 5655 1774 5735 formali
1807 5674 1896 5712 ra-

323 5723 477 5783 tione
526 5722 788 5788 hominis,
812 5723 911 5779 sed
945 5734 1006 5779 ut
1042 5722 1213 5780 etiam
1256 5726 1459 5781 animal
1498 5726 1749 5788 exsistit;
1793 5742 1895 5782 nec

321 5792 474 5867 enim
508 5792 679 5867 homo
724 5810 899 5867 purus
931 5796 1150 5867 animus
1177 5811 1247 5867 ac
1284 5811 1449 5867 mens
1480 5804 1598 5867 est,
1630 5796 1687 5851 ni
1718 5794 1898 5867 Origi-

312 5861 488 5916 ‘niane
510 5861 742 5919 sentire'
755 5863 1009 5919 velimus.
1040 5865 1360 5936 Passimque
1400 5865 1665 5921 Maximus
1688 5861 1893 5937 aliiqiie

1982 3315 2108 3372 qua:
2132 3298 2338 3355 actioni
2377 3299 2587 3363 studet,
2624 3298 2693 3353 ab
2725 3298 2875 3355 omni
2902 3297 3067 3353 sorde
3088 3307 3338 3352 naturam
3366 3310 3565 3350 cmun-

1981 3392 2097 3449 ἀει.
2150 3390 2291 3447 Novi
2343 3406 2476 3446 vero
2510 3388 2850 3446 Testamenti
2896 3389 2987 3444 iex
3010 3428 3026 3452 ,
3084 3387 3570 3457 contemplationis

1985 3483 2297 3540 initiatione
2326 3482 2785 3551 abstrusioreque
2818 3478 3095 3545 doctrina,
3120 3494 3150 3534 a
3182 3478 3466 3549 corporeis
3494 3479 3568 3534 ad

1983 3573 2167 3630 amnia
2197 3571 2633 3644 intelligibitium
2675 3568 3017 3641 spectacula,
3054 3578 3294 3623 mentem
3340 3567 3570 3638 mystice

1984 3673 2296 3738 promovet.

2058 3759 2149 3815 68.
2187 3758 2386 3815 Divina
2416 3755 2722 3828 Scriptura,
2743 3770 2843 3812 eos
2864 3756 2959 3826 qui
2980 3754 3341 3821 inducuntur,
3363 3753 3569 3825 quique

1986 3852 2043 3907 in
2068 3848 2361 3907 vestibulis
2387 3848 2590 3903 divina:
2620 3846 2891 3903 virtutum
2936 3846 3075 3904 aulae
3120 3845 3274 3902 velut
3316 3859 3566 3901 commo-

1987 3950 2201 4007 rantur,
2230 3942 2471 3996 timenm
2504 3946 2691 4005 vocat;
2714 3938 2809 4008 qui
2831 3952 2964 3993 vero
2982 3946 3348 4008 temperatum
3373 3937 3570 3992 saltem

1986 4033 2212 4088 virtutis
2238 4031 2517 4087 rationum
2542 4029 2944 4099 modorumque
2974 4028 3223 4085 habitum
3248 4028 3393 4083 nacti
3416 4036 3567 4093 sunt,

1988 4125 2319 4197 proﬁcientes
2363 4124 2506 4180 solet
2533 4122 2817 4192 appellare
2846 4138 2861 4175 :
2899 4121 2993 4191 qui
3021 4121 3260 4191 denique
3289 4121 3359 4177 ad
3390 4120 3570 4190 ipsum

1987 4218 2097 4289 iam
2132 4216 2381 4271 veritatis
2408 4214 2647 4269 virtutes
2677 4212 3027 4282 explanantis
3060 4213 3327 4268 verticem
3347 4253 3362 4278 ,
3387 4213 3571 4268 scien-

1991 4305 2082 4360 tia:
2100 4304 2254 4359 cultu
2291 4318 2357 4358 ac
2390 4301 2878 4373 contemplationis
2905 4310 3296 4371 provexerunt,
3319 4301 3572 4373 perfectos

1990 4405 2297 4466 nuncupat.
2344 4395 2451 4462 Qui
2480 4394 2647 4467 igitur
2684 4401 2953 4459 veterem,
2988 4409 3098 4464 qua
3133 4393 3289 4450 vitiis
3330 4393 3575 4449 haerebat

1992 4502 2059 4544 ac
2085 4486 2378 4543 affectibus
2398 4486 2733 4559 iactabatur,
2763 4485 3237 4541 conversationem
3266 4494 3573 4547 aversatus.

1995 4592 2219 4633 omnem
2239 4577 2413 4633 animi
2439 4576 2724 4641 affectum,
2755 4592 2869 4647 quo
2902 4576 3103 4633 timore
3136 4577 3341 4648 agitur,
3372 4576 3577 4632 divinis

1990 4669 2282 4741 praeceptis
2310 4667 2556 4733 addixit;
2595 4668 2662 4733 is,
2699 4668 2857 4723 nullo
2886 4668 3017 4723 boni
3051 4684 3277 4739 genere,
3306 4668 3455 4739 quod
3481 4676 3577 4723 eos

1993 4761 2191 4818 deceat
2210 4760 2308 4831 qui
2338 4760 2732 4825 instituuntur,
2768 4760 3055 4827 deficitur;
3083 4760 3301 4816 tametsi
3338 4757 3577 4814 necdum

1997 4852 2217 4908 firmum
2245 4851 2305 4908 in
2326 4852 2635 4909 virtutibus
2660 4852 2911 4908 habitum
2959 4859 3156 4912 nactus
3189 4861 3291 4917 est,
3315 4865 3420 4905 nec
3456 4850 3577 4919 ejus

1997 4942 2285 5016 sapientiae
2310 4958 2478 5015 quam
2503 4943 2809 5014 loquuntur
2832 4943 2978 4999 inter
3000 4942 3277 5014 perfectos
3296 4940 3363 5006 ⁸⁷,
3396 4938 3575 4995 factus

1998 5167 2189 5252 Patres
2219 5168 2460 5252 ‘horum‘
2496 5167 2780 5252 ἐνέργειαν
2830 5168 2888 5222 in
2926 5166 3152 5252 Christo
3206 5165 3576 5252 necessariam

1998 5236 2361 5301 contendunt,
2406 5247 2467 5293 nt
2490 5236 2693 5294 veritas
2719 5240 2775 5293 in
2800 5252 2867 5293 eo
2889 5245 3099 5292 natura:
3125 5236 3379 5291 humana:
3417 5251 3576 5291 mon-

1998 5315 2295 5379 straretur,
2335 5308 2491 5364 Sicut
2519 5324 2650 5379 ergo
2672 5315 2832 5364 erant
2871 5306 2929 5379 in
2957 5306 3170 5379 Adamo
3197 5317 3254 5361 et
3287 5307 3420 5369 Eva,
3449 5305 3575 5375 qui-

1999 5377 2103 5432 bus
2130 5393 2232 5433 nos
2253 5379 2420 5434 nudis
2450 5376 2850 5441 erubescimus,
2876 5376 2995 5446 ipsa
3025 5376 3194 5439 nuda,
3225 5384 3281 5431 et
3307 5391 3419 5430 non
3450 5391 3577 5431 eru-

1997 5447 2323 5513 bescebant,
2352 5448 2480 5518 quia
2512 5448 2566 5502 in
2603 5448 2684 5502 eis
2710 5447 2922 5518 nullum
2975 5446 3333 5501 rebellantem
3366 5454 3578 5518 motum

1998 5519 2339 5589 sentiebant;
2360 5515 2525 5589 inque
2557 5532 2682 5589 eum
2696 5516 2917 5589 modum
2934 5532 3127 5589 eorum
3147 5531 3377 5589 corpora
3391 5515 3578 5589 “etiam

2002 5584 2671 5657 uponyoupémg'condita
2693 5586 2909 5657 fuerant
2933 5604 2947 5641 :
2978 5586 3059 5642 sic
3081 5594 3138 5641 et
3160 5584 3328 5653 πάθη,
3348 5584 3579 5640 aﬂ‘ectus

2002 5655 2203 5711 virium
2226 5655 2581 5740 sentientium
2606 5665 2663 5740 et
2688 5655 2986 5740 ἐνέργειαι,
3010 5665 3179 5740 prout
3204 5669 3434 5740 qumque
3451 5668 3581 5723 pro.

2003 5742 2172 5796 pensa
2229 5737 2347 5783 erat
2403 5742 2563 5781 suum
2618 5724 2887 5797 ﬁnem'fet
2935 5724 3246 5797 obiectum}
3302 5724 3395 5797 sed
3451 5740 3589 5779 cum.

2000 5794 2219 5921 Summ?
2251 5796 2645 5867 tranquillitate
2668 5836 2683 5864 ,
2733 5794 3018 5867 nullaque'
3031 5794 3447 5871 perturbatione
3486 5803 3581 5853 aut

2003 5881 2093 5921 mo
2118 5882 2176 5921 es
2207 5882 2275 5921 Ia.
3032 5880 3035 5883 ·

2003 5880 2275 5928 ιηοΙθεῑια.
3032 5880 3035 5883 ’
