4064 6456
564 441 702 513 1207

1737 451 1799 513 S.
1839 449 2128 513 MAXIM!
2166 443 2677 516 CONFESSORIS

559 547 654 616 est
695 556 990 632 particeps.
1039 557 1108 614 At
1148 573 1330 630 neque
1360 557 1456 630 qui
1505 559 1751 631 proiicit,
1792 561 1902 619 ulla
1938 579 2124 620 eorum

2241 566 2419 638 μένων
2456 563 2623 619 αὑτοῦ
2651 562 2730 636 τῷ
2768 563 2785 587 ⁸
2813 561 3008 635 βαθμῷ
3034 560 3218 617 καλῶν
3239 577 3390 628 τινος
3416 560 3675 635 ὑστερεῖ*
3720 566 3819 621 κᾶν

557 649 836 737 bonorum
882 658 1038 721 parte
1072 649 1417 718 destituitur,
1452 668 1574 723 qua:
1619 651 1686 708 ad
1735 656 1855 726 ejus
1901 655 2133 727 gradum

559 742 819 808 attinent,
853 757 1166 813 quanquam
1210 743 1452 798 necdum
1475 745 1724 800 eamdem
1759 757 1925 818 atque
1948 748 2135 818 perfe-

557 833 633 888 cti
666 829 1027 889 excellentem
1069 831 1384 889 divinorum
1427 837 1714 893 scientiam
1744 839 1977 910 adeptus
2025 847 2130 894 est.

556 919 794 979 Perfecti
835 922 1009 988 enim,
1048 924 1556 994 contemplatricem
1583 927 1698 997 jam
1732 927 1962 999 mystice
1997 927 2132 982 ade-

556 1012 637 1083 pti
671 1013 1022 1085 theologiam,
1060 1013 1358 1085 animoque
1389 1031 1421 1070 a
1451 1022 1674 1072 terreno
1695 1018 1848 1073 omni
1886 1019 2133 1090 cogitatu

556 1119 834 1176 sensuque
870 1112 1126 1177 purgato,
1157 1121 1282 1176 quae
1320 1107 1493 1163 divini
1531 1109 1752 1166 decoris
1775 1118 1948 1166 totam
1978 1112 2132 1168 nullo

555 1195 868 1252 desiderato
932 1211 1250 1266 expressam
1316 1198 1609 1270 imaginem
1666 1215 1731 1257 ac
1775 1201 2132 1258 simulacrum

555 1285 734 1349 (erat,
788 1285 1034 1340 divinam
1089 1286 1413 1343 charitatem
1453 1290 1581 1344 sinu
1616 1305 1722 1345 suo
1769 1291 2130 1362 intimiusque

426 1431 440 1446 ,
552 1377 826 1449 complexi
859 1377 1141 1434 videntur.

622 1486 710 1543 69.
740 1487 951 1558 Duplex
999 1496 1085 1544 est
1121 1487 1320 1556 timor;
1368 1488 1512 1544 alius
1545 1495 1763 1556 castus,
1813 1489 1958 1546 alius
2016 1503 2129 1545 non

553 1589 758 1636 castus.
791 1580 896 1649 Qui
931 1581 1081 1636 enim
1111 1581 1444 1637 delictorum
1473 1597 1659 1649 causa,
1686 1583 1970 1653 suspensis
2000 1599 2131 1655 sup-

552 1670 705 1744 plicii
735 1684 884 1730 metu
921 1674 1124 1730 animis
1161 1673 1323 1745 527
1363 1673 1528 1730 timor
1558 1673 1859 1740 conﬂatur,
1900 1691 2025 1731 cum
2060 1692 2129 1730 ex

551 1773 781 1836 peccato
822 1766 989 1822 ducat
1017 1767 1308 1836 originem,
1353 1783 1418 1822 ac
1446 1766 1591 1837 quod
1640 1768 1838 1833 oritur,
1892 1767 1948 1822 in
1991 1767 2126 1823 illud

551 1872 776 1912 causam
816 1851 1044 1923 referat,
1074 1865 1260 1913 castus
1301 1872 1412 1912 non
1441 1865 1559 1924 est;
1601 1873 1706 1913 nec
1732 1858 1840 1912 erit
1884 1873 2122 1928 semper,

2235 660 2335 729 τὴν
2365 657 2535 729 αὐτὴν
2564 657 2719 711 οὔπω
2739 658 2855 720 τοῖς
2874 654 3099 719 τελείοις
3120 651 3501 728 ὑπερέχουσαν
3525 655 3646 709 τῶν
3663 655 3817 712 θείων

2235 750 2504 822 ἐκτήσατο
2546 749 2767 817 γνῶσιν.
2833 749 2894 799 Oi
2932 745 3042 817 γὰρ
3079 744 3301 807 τέλειοι,
3345 746 3448 816 τῆς
3475 744 3818 818 θεωρητικῆς

2235 841 2336 913 ἥδη
2371 840 2652 912 μυστικῶς
2681 839 3003 904 ἀξιωθέντες
3027 837 3324 906 θεολογίας,
3360 839 3459 893 καὶ
3488 839 3680 910 πάσης
3699 854 3818 908 φαν-

2232 932 2429 996 τασίας
2461 931 2652 1003 ὑλικῆς
2678 931 2772 985 τὸν
2799 929 2924 985 νοῦν
2951 929 3193 1000 καθαρὸν
3221 920 3702 999 καταστήσαντες,
3728 932 3818 985 καὶ

2233 1025 2439 1088 εἰκόνος
2487 1025 2591 1096 τῆς·
2626 1023 2780 1086 θείας
2823 1020 3160 1093 ὥραιότητος
3201 1020 3334 1092 δλην
3371 1021 3688 1086 ἁνιλλιπῶς
3722 1021 3816 1093 φέ-

2235 1134 2433 1190 ρουσαν
2462 1116 2561 1189 τὴν
2584 1114 2917 1187 ἑκμίμησιν,
2951 1113 3053 1186 τὴν
3080 1111 3233 1168 θείαν
3259 1109 3487 1184 ἀγάπην
3516 1113 3580 1168 ἑν
3604 1109 3816 1178 ἑαυτοῖς

2231 1207 2710 1280 ὲνστερνισάμενοι
2735 1205 3037 1276 φαίνονται.

2301 1491 2400 1559 ξθ’.
2455 1489 2640 1554 Διττός
2669 1489 2820 1541 ἔστιν
2846 1488 2875 1541 ό
2900 1485 3084 1555 φόϐος
3119 1487 3148 1542 ὀ
3176 1486 3277 1552 μὲν
3317 1484 3508 1554 ἁγνόςο
3538 1487 3572 1541 ό
3615 1485 3674 1540 δι
3721 1486 3818 1559 οὐχ

2231 1585 2415 1654 ἁγνός.
2462 1577 2520 1638 ’0
2554 1581 2654 1654 μὲν
2685 1581 2792 1652 γὰρ
2838 1580 2931 1634 ἐπὶ
2962 1577 3401 1650 πλημμελήμασι
3434 1579 3562 1634 κατ’
3593 1577 3816 1651 ἐκδοχὴν

2230 1671 2508 1733 κολάσεως
2538 1669 2928 1740 συνιστάμενος
2973 1667 3160 1736 φόϐος,
3192 1667 3377 1722 αἰτίαν
3424 1667 3568 1739 ἔχων
3593 1669 3696 1738 τῆς
3740 1669 3815 1722 0i-

2229 1763 2387 1828 κείας
2406 1761 2678 1832 γενέσεως
2708 1761 2808 1832 τὴν
2835 1760 3131 1832 ἁμαρτίαν,
3163 1759 3263 1830 οὐχ
3292 1759 3477 1829 ἁγνὸς,
3513 1760 3644 1814 οὐδὶ
3667 1759 3813 1814 ἔσται

2227 1855 2542 1924 διαπαντὸς,
2575 1857 2643 1926 τῇ
2673 1853 2921 1925 ἁμαρτίᾳ
2951 1853 3040 1908 διὰ
3067 1853 3169 1924 τῆς
3199 1852 3493 1924 μετανοίας
3518 1869 3814 1921 συναφανι-

549 1945 646 2018 qni
674 1963 783 2005 una
826 1964 952 2004 cum
994 1958 1219 2019 peccato
1267 1963 1367 2020 per
1405 1947 1784 2019 pcenitentiam
1817 1925 2122 2004 aboleatur.

2227 1949 2453 2020 ζόμενος
2477 1947 2572 2020 (r).
2607 1925 2667 2002 Ὅ
2694 1946 2752 2002 δὲ
2780 1945 2906 2017 δίχα
2927 1945 3030 2016 τῆς
3054 1945 3148 1999 ἐπὶ
3174 1945 3616 2016 πλημμελήμασι
3642 1944 3814 2016 λύπης

549 2037 654 2104 Qui
685 2045 870 2095 autem
901 2039 1111 2110 absque
1142 2039 1354 2104 dolore,
1405 2041 1503 2110 qui
1540 2056 1606 2095 ex
1634 2039 1854 2096 delictis
1879 2039 2125 2110 concipi-

549 2139 663 2197 tur,
688 2130 806 2202 ipse
833 2146 1056 2202 semper
1095 2131 1290 2186 iirmus
1317 2138 1561 2202 perstat,
1603 2131 1696 2187 hic
1738 2131 1904 2186 timor
1940 2141 2126 2187 castus

547 2227 657 2284 est,
677 2235 782 2276 nec
811 2235 1052 2291 unquam
1079 2220 1295 2277 desinet
1330 2239 1344 2275 :
1369 2220 1516 2291 quod
1534 2237 1730 2292 nempe
1756 2220 1908 2276 velut
1939 2236 2127 2277 essen-

549 2311 757 2367 tialiter
792 2313 907 2368 Deo
936 2329 1063 2385 erga
1099 2321 1411 2369 creaturam
1446 2313 1646 2368 insitus
1668 2321 1774 2378 est,
1809 2313 1928 2385 ejus
1959 2329 2125 2385 supra

547 2417 710 2458 omne
734 2418 963 2476 regnum
991 2419 1057 2460 ac
1085 2413 1433 2476 potestatein,
1471 2406 1779 2462 naturalem
1812 2406 2126 2462 eminentia:

547 2495 888 2566 majestatem
915 2499 1135 2552 cunctis
1160 2485 1505 2554 manifestam
1549 2497 1809 2572 reddens.

618 2607 709 2664 '10.
733 2607 838 2676 Qui
870 2610 1043 2664 Deum
1073 2625 1184 2665 non
1216 2619 1276 2666 ut
1295 2611 1537 2683 judicem
1565 2612 1740 2677 timet,
1767 2611 1864 2668 sed
1897 2620 2127 2682 propter

543 2699 803 2756 eximiam
832 2700 1062 2760 inﬁnitae
1090 2702 1312 2758 virtutis
1335 2703 1716 2760 excellentiam
1746 2719 1872 2760 eum
1907 2719 2127 2760 revere-

545 2800 661 2856 tur,
676 2792 768 2848 hic
798 2792 997 2848 merito
1018 2794 1168 2850 nulla
1198 2794 1411 2852 laborat
1436 2795 1620 2867 inopia
1637 2797 1705 2862 ¹⁸,
1729 2796 1823 2866 qui
1847 2797 2126 2867 perfectus

543 2884 621 2940 sit
648 2884 706 2939 in
753 2884 1054 2953 charitate;
1089 2887 1262 2942 Deum
1305 2887 1518 2944 scilicet
1545 2903 1671 2943 cum
1708 2888 2021 2945 reverentia
2060 2904 2126 2946 ac

542 2976 764 3032 decenti
788 2977 992 3048 pietate
1009 2977 1264 3049 diligens.
1292 2979 1502 3050 llicque
1521 2979 1660 3035 adeo
1679 2988 1784 3045 est,
1804 2981 1897 3051 qui
1927 2981 2124 3036 timore

543 3066 640 3122 illo
660 3068 924 3138 praeditus
943 3077 1048 3133 est,
1067 3069 1162 3140 qui
1178 3079 1463 3142 permanet
1492 3071 1549 3126 in
1574 3072 1834 3127 saeculum
1867 3072 2121 3138 saeculi",

540 3167 600 3214 et
630 3158 722 3214 cui
754 3159 907 3216 nulla
935 3175 1166 3232 prorsus
1195 3160 1383 3232 inopia
1408 3171 1515 3219 cst.

613 3360 700 3416 7i.
727 3360 810 3416 Ex
855 3363 1046 3422 rebus.
1112 3375 1299 3418 rerum
1350 3363 1650 3420 Auctorem
1704 3367 2118 3438 cognoscimus;

538 3467 718 3522 exque
763 3468 950 3508 rerum
999 3454 1296 3520 varietate,
1325 3455 1448 3525 ejus
1470 3455 1566 3526 qui
1604 3465 1690 3512 est
1728 3458 2120 3514 subsistentem

540 3541 807 3596 docemur
860 3542 1188 3612 sapientiam
1223 3560 1366 3599 :nec
1396 3559 1507 3600 non
1547 3560 1612 3601 ex
1658 3563 1845 3604 rerum
1880 3551 2121 3606 naturali

541 3638 731 3696 motu,
771 3631 890 3700 ejus
933 3631 1026 3702 qui
1075 3640 1160 3687 est
1202 3634 1597 3690 subsistentem
1638 3638 1804 3693 vitam
1847 3641 2122 3697 condisci-

541 3736 702 3787 mus;
743 3721 856 3776 vim
887 3723 1100 3778 scilicet
1135 3738 1200 3777 ac
1232 3725 1533 3794 potentiam
1569 3741 1756 3782 rerum
1796 3729 2118 3786 viviﬁcatri-

538 3827 684 3879 ccm,
721 3811 990 3883 Spiritum
1021 3823 1297 3869 sanctum.

609 3949 697 4002 72.
732 3939 971 4018 Spiritus
1000 3957 1224 4004 sanctus
1246 3965 1274 4002 a
1295 3948 1443 4002 nulla
1484 3957 1736 4005 creatura
1768 3951 1944 4019 abest,
1975 3970 2116 4025 pra:-

541 4033 731 4094 sertim
762 4033 808 4088 si
841 4034 1157 4106 aliqualiter
1185 4035 1415 4090 rationis
1438 4037 1510 4090 sit
1537 4037 1833 4110 particeps.
1857 4041 2118 4099 Contiuet

535 4123 684 4178 enim
707 4139 772 4180 ac
785 4133 1075 4180 conservat
1094 4125 1528 4196 uniuscujusque
1545 4128 1854 4198 scientiam,
1872 4149 1940 4188 eo
1968 4136 2116 4203 quod

496 4229 498 4232 '
535 4215 684 4270 Deus
714 4231 779 4271 ac
835 4214 934 4270 Dei
991 4213 1254 4286 Spiritus,
1292 4232 1400 4288 qua
1453 4217 1662 4274 virtute
1711 4221 1978 4290 praeditus
2008 4237 2113 4290 cst,

537 4305 909 4362 Providentiae
952 4306 1265 4363 rationibus
1312 4308 1496 4364 omnia
1534 4325 1846 4382 permeans,
1896 4329 1962 4369 ac
1994 4331 2117 4386 qua:

539 4395 841 4467 unicuique
896 4405 1094 4452 natura
1151 4396 1318 4463 inest,
1368 4413 1596 4455 movens
1651 4402 1961 4470 rationem;
2015 4421 2116 4474 per

2226 2042 2317 2097 ἀεὶ
2347 2040 2638 2107 συνεστὼς,
2686 2033 2844 2104 οὗτος
2871 2037 3037 2109 φόϐος
3058 2037 3243 2108 ἁγνὸς,
3287 2037 3385 2091 καὶ
3412 2037 3514 2091 οὐκ
3535 2038 3810 2108 ἁπογενή-

2227 2133 2381 2187 σεταί
2425 2149 2558 2187 ποτε
2581 2147 2597 2162 ο
2661 2130 2904 2202 διότιπερ
2949 2127 3224 2193 οὕσιωδῶς
3261 2127 3554 2200 ἐμπέφυκὲ
3589 2146 3710 2192 πως
3737 2126 3813 2199 τῷ

2225 2224 2343 2297 Θεῷ
2395 2225 2534 2294 πρὸς
2579 2225 2681 2298 τὴν
2725 2224 2906 2278 κτίσιν
2929 2263 2945 2286 .
3009 2221 3335 2293 ποιούμενος
3377 2220 3609 2292 ἔκδηλον
3649 2220 3811 2275 αὐτοῦ

2225 2316 2362 2369 πᾶσι
2414 2315 2514 2386 τὴν
2557 2312 2794 2385 φυσικὴν
2838 2312 3262 2384 αίδεσιμότητα,
3326 2309 3426 2382 τῆς
3458 2310 3604 2383 ὑπὲρ
3631 2311 3810 2367 πᾶσαν

2227 2406 2505 2479 βασιλείαν
2533 2405 2628 2461 καὶ
2653 2406 2884 2477 δύναμιν
2914 2404 3211 2478 ὑπεροχῆς.

2293 2598 2354 2656 0'.
2404 2599 2462 2655 Ὀ
2499 2602 2575 2673 μὴ
2628 2600 2962 2671 φοϐούμενος
3002 2598 3094 2653 τὸν
3144 2599 3278 2654 Θεὸν
3320 2599 3398 2664 ὡς
3442 2596 3662 2671 κριτὴν,
3695 2593 3806 2648 ἀλλ’

2224 2694 2544 2766 αἰδούμενος
2579 2693 2742 2748 αὐτὸν
2773 2692 2859 2746 διὰ
2892 2692 2988 2758 τὴν
3027 2691 3476 2765 ὑπερϐάλλουσαν
3515 2689 3621 2759 τῆς
3657 2685 3806 2742 dmi-

2228 2805 2323 2859 ρου
2345 2787 2628 2858 δυνάμεως
2653 2784 2949 2858 ὑπεροχὴν,
2969 2785 3070 2839 οὐκ
3090 2785 3205 2856 ἔχει
3241 2783 3469 2848 δικαίως
3496 2779 3801 2852 ὑστέρημα,

2223 2879 2428 2943 τέλειος
2490 2877 2751 2951 ὑπάρχων
2795 2877 2854 2932 ὲν
2887 2880 2952 2949 τῇ
2979 2878 3188 2952 ἀγάπῃ,
3218 2878 3336 2946 μετ’
3365 2873 3551 2938 αἰδοῦς
3585 2873 3682 2926 καὶ
3709 2870 3806 2941 τῆς

2224 2970 2546 3043 πρεπούσης
2611 2969 3042 3040 σεϐασμιότητος
3097 2967 3334 3038 ἀγαπῶν
3370 2965 3465 3020 τὸν
3506 2958 3644 3018 θεόν
3668 2979 3685 2996 ο
3716 2961 3804 3016 καὶ

2223 3056 2378 3124 οὗτός
2406 3063 2602 3117 ἐστινὸ
2636 3060 2980 3133 κτησάμενος
3018 3059 3109 3114 τὸν
3153 3058 3479 3130 διαμένοντα
3510 3054 3679 3125 φόϐον
3729 3053 3805 3117 είς

2222 3155 2394 3210 αἰῶνα
2420 3153 2635 3221 αἰῶνος,
2665 3153 2760 3208 καὶ
2774 3153 2876 3207 οὐκ
2904 3141 3062 3206 ἐστιν’
3082 3150 3230 3222 αὐτῷ
3251 3149 3537 3222 ὑστέρημα
3566 3145 3802 3219 τοπαρά-

2151 3263 2194 3320 c
2228 3266 2336 3304 παν
2361 3245 2539 3303 οὐδέν.

2292 3360 2394 3418 οα’.
2427 3363 2524 3418 Ἐκ
2550 3361 2658 3414 τῶν
2682 3361 2872 3426 ὄντων,
2902 3359 2994 3414 τὸν
3023 3358 3133 3413 τῶν
3165 3359 3335 3412 όντων
3357 3357 3703 3428 γινώσκομεν
3724 3355 3800 3412 αῐο

2221 3471 2338 3510 τιον
2360 3472 2375 3487 °
2404 3454 2498 3509 καὶ
2519 3456 2582 3509 ὲκ
2611 3453 2714 3522 τῆς
2732 3451 2996 3523 διαφορᾶς
3024 3451 3132 3505 τῶν
3159 3451 3351 3517 ὄντων,
3382 3451 3482 3520 τὴν
3505 3450 3797 3505 ἔνυπόστα-

2220 3564 2313 3602 τον
2336 3547 2430 3608 τοῦ
2454 3547 2604 3610 ὄντος
2623 3544 2986 3616 διδασκόμεθα
3000 3543 3216 3613 σοφίαν·
3241 3543 3335 3596 καὶ
3356 3545 3422 3596 ἔκ
3450 3542 3551 3612 τῆς
3580 3542 3690 3596 τῶν
3715 3542 3798 3595 δν-

2221 3659 2330 3694 των
2359 3639 2596 3710 φυσικῆς
2627 3639 2917 3710 κινήσεως,
2951 3635 3051 3706 τὴν
3087 3636 3454 3689 ὲνυπόστατον
3503 3633 3603 3689 τοῦ
3655 3635 3797 3696 ὄντος

2231 3732 2580 3803 μανθάνομεν
2610 3729 2780 3802 ζωὴν,
2810 3729 2911 3799 τὴν
2943 3727 3051 3782 τῶν
3073 3727 3244 3782 ὅντων
3270 3726 3535 3793 ζωοποιδν
3550 3726 3792 3799 δύναμιν,

2221 3826 2280 3879 τὸ
2313 3822 2539 3894 Πνεῦμα
2559 3821 2622 3877 τδ
2650 3822 2827 3892 ἅγιον.

2289 3953 2389 4025 οβ’.
2429 3953 2504 4009 Τὸ
2530 3953 2754 4026 Πνεῦμα
2783 3955 2846 4009 τὸ
2885 3955 3040 4024 ἅγιον
3091 3953 3303 4016 οῦδενδς
3346 3954 3545 4008 ἄπεστι
3580 3953 3690 4007 τῶν
3715 3952 3794 4006 6v-

2218 4062 2350 4110 των,
2379 4046 2474 4098 καὶ
2529 4044 2765 4116 μάλιστα
2816 4045 2926 4100 τῶν
2971 4046 3132 4115 λόγου
3179 4045 3304 4099 καθ’
3332 4030 3514 4100 ότιοῧν
3562 4044 3792 4115 μετειλη·

2220 4139 2418 4206 φότων.
2451 4137 2779 4192 Συνεκτικδν
2811 4138 2919 4210 γὰρ
2966 4139 3203 4210 ὑπάρχει
3243 4139 3346 4208 τῆς
3384 4139 3622 4193 ἑκάστου
3665 4135 3793 4205 γνὼ-

2220 4247 2379 4297 σεως,
2404 4230 2487 4284 ὅτι
2529 4230 2664 4295 Θεὸς
2709 4231 2803 4285 καὶ
2825 4219 2960 4284 Θεοῧ
2989 4229 3235 4301 Πνεῦμα,
3257 4230 3399 4284 κατὰ
3418 4227 3651 4298 δύναμιν
3665 4244 3789 4297 προ-

2218 4322 2485 4393 νοητικῶς
2533 4322 2620 4377 διὰ
2669 4323 2889 4378 πάντων
2927 4319 3174 4394 χωροῦν,
3205 4321 3427 4376 καὶτὸν
3474 4321 3536 4374 ὲν
3585 4321 3788 4388 ἑκάστῳ

2216 4417 2374 4485 λόγον
2419 4417 2565 4470 κατὰ
2611 4415 2773 4485 φύσιν
2823 4415 3134 4483 ἀνακινοῦν,
3174 4415 3270 4469 καὶ
3323 4413 3394 4467 δι’
3438 4410 3607 4468 αὐτοῦ
3661 4411 3786 4481 πρὸς

535 4503 722 4558 quam,
765 4504 893 4546 eum
925 4490 1020 4560 qui
1052 4505 1216 4546 sensu
1245 4492 1357 4546 ullo
1390 4491 1656 4562 praeditus
1696 4494 1789 4561 sit,
1814 4495 1882 4550 ad
1915 4512 2113 4553 eorum

2226 4509 2571 4580 συναίσθησιν
2607 4509 2716 4562 τῶν
2751 4505 3091 4579 πλημμελῶς
3127 4505 3278 4579 παρὰ
3330 4505 3425 4558 τὸν
3467 4504 3670 4574 θεσμὸν
3693 4503 3783 4572 τῆς

533 4593 659 4647 quae
688 4577 892 4633 delicto
915 4579 1191 4634 commisit
1242 4589 1433 4636 contra
1468 4581 1644 4652 legem
1690 4592 1905 4640 natura:
1929 4627 1943 4651 ,
1982 4601 2113 4640 sen-

2226 4601 2438 4672 φύσεως
2466 4577 2896 4673 ιτεπραγμένων,
2916 4577 3054 4670 Ϋᾶγον
3107 4577 3634 4668 τδνὴαίσθανόμενον
3654 4612 3670 4627 ο
3699 4592 3782 4646 καὶ

534 4667 660 4722 sum
695 4667 1009 4733 adducens;
1037 4685 1104 4725 ac
1133 4672 1291 4740 cujus
1320 4671 1484 4740 paulo
1521 4671 1739 4728 facilior
1767 4675 2026 4730 voluntas
2055 4686 2116 4732 ut

2226 4667 2321 4762 τὴν
2380 4667 2710 4765 προαίρεσιν
2757 4667 3002 4746 εὕεικτον
3058 4691 3268 4762 ἔχοντα,
3333 4667 3479 4758 πρὸς
3526 4685 3781 4754 ὑποδοχὴν

533 4774 746 4816 morem
772 4765 948 4830 gerat,
977 4759 1046 4815 ad
1080 4772 1260 4816 rectas
1291 4775 1359 4816 ex
1380 4771 1576 4818 natura
1600 4765 1963 4836 cogitationes
1989 4782 2117 4837 pro-

2226 4759 2331 4840 τῶν
2384 4759 2450 4839 ἐκ
2497 4759 2713 4855 φόσεως
2757 4783 2936 4856 ὀρθῶν
2957 4759 3257 4854 λογισμῶν.
3299 4779 3390 4835 Διὸ
3427 4780 3525 4834 καὶ
3573 4777 3781 4837 πολλοὺς

531 4852 674 4907 clive
722 4851 1106 4923 suscipiendas
1167 4853 1475 4924 impellens.
1527 4852 1897 4922 Quamobrem
1943 4859 2113 4914 etiam

2226 4851 2556 4949 εὑρίσκομεν
2587 4877 2681 4930 καὶ
2706 4851 2818 4928 τῶν
2845 4875 2982 4944 ἄγαν
3006 4851 3298 4946 βαρϐάρων
3320 4871 3415 4925 καὶ
3436 4871 3684 4942 νομάδων
3702 4870 3780 4922 ἀνι

533 4945 736 5001 multos
761 4945 1094 5012 invenimus,
1133 4960 1326 5000 eorum
1369 4947 1535 5002 etiam
1566 4948 1841 5018 quivalde
1893 4951 2114 5007 barbari

2226 4945 2484 5038 θρῶπων,
2519 4963 2928 5034 καλοκαγαθίας
2967 4945 3464 5034 μεταποιουμένους
3485 5000 3501 5023 ,
3533 4959 3628 5013 καὶ
3669 4955 3780 5016 τοὺς

531 5047 663 5094 sunt
701 5053 766 5093 ac
796 5039 1091 5093 nomadum
1123 5039 1292 5094 vitam
1312 5049 1502 5110 agunt,
1532 5042 1867 5110 probitatem
1899 5059 2111 5100 morum

2226 5057 2492 5112 ἀνέκαθεν
2519 5057 2902 5128 κρατήσαντας
2927 5056 2986 5110 ὲν
3010 5054 3195 5117 αὐτοῖς
3245 5051 3532 5127 θηριώδεις
3551 5045 3778 5104 ﬂeto-3v-

529 5141 897 5198 consecutos,
929 5131 1205 5189 belluinas
1233 5130 1520 5188 abdicasse
1549 5133 1724 5205 leges,
1753 5150 1890 5206 quas
1929 5153 1958 5193 a
1993 5153 2111 5193 ma-
2217 5169 2317 5216 τας
2353 5135 2569 5222 νόμους,

528 5226 748 5296 joribus
773 5227 910 5282 olim
939 5233 1257 5282 tenuerant.

604 5370 652 5403 '°
676 5369 820 5424 Psal.
853 5382 1040 5434 χχχιιι,
1070 5365 1157 5421 lt).
1233 5365 1282 5398 ”
1314 5365 1458 5421 Psal.
1486 5381 1639 5432 xvm,
1670 5365 1759 5421 10.

599 5491 620 5511 ⁶
648 5488 784 5544 Male
806 5486 977 5551 edita,
1007 5481 1145 5540 εἶναι
1170 5483 1271 5556 τῷ,
1302 5483 1448 5554 quod
1473 5484 1726 5555 sequitur
1747 5484 1930 5541 Picus.

604 5607 676 5680 (r)
708 5606 862 5680 Οὐδὲ
887 5606 1061 5661 ἔσται
1092 5607 1439 5680 διαπαντὸς,
1466 5603 1551 5680 ’ζῇ
1580 5605 1836 5680 ἁμαρτίᾳ
1872 5603 1972 5680 διὰ
1999 5603 2108 5680 τοῖς

2226 5605 2509 5680 [charitate
2533 5601 3024 5680 scilice_t_perl‘ecl_a
3047 5616 3173 5656 eum
3196 5599 3344 5680 foras
3357 5600 3651 5680 mittente),
3675 5607 3769 5680 non

527 5665 847 5749 partiretur;
866 5665 1437 5749 συναφανιζόμενοξιξ
1460 5665 1589 5749 Haec
1615 5665 1730 5729 tam
1753 5665 1922 5740 clara,
1941 5675 2008 5731 de
2040 5665 2108 5730 ι’ίὶ

2226 5665 2446 5749 θετοηιιο
2484 5691 2676 5749 errore
2693 5665 2870 5749 ficus
2891 5714 2905 5738 ,
2938 5673 3266 5749 adversante
3289 5670 3577 5749 Scriptura
3608 5665 3766 5749 cum}.

531 5741 687 5806 inore
713 5749 808 5803 illo
827 5741 1248 5819 incipientium,‘
1271 5749 1366 5819 qui
1391 5741 1661 5819 originem
1693 5753 1850 5800 actus
1877 5761 1946 5800 ex
1974 5762 2108 5816 pcc-
2211 5764 2318 5818 quc
2359 5747 2656 5819 theologia,
2685 5744 2793 5800 Nec
2844 5761 3082 5818 unquam
3131 5741 3392 5798 delebitur
3419 5757 3536 5796 cum
3577 5741 3760 5810 peccato

534 5827 659 5890 cato
685 5859 700 5883 ,
739 5827 924 5872 castus
954 5817 1075 5871 non
1113 5817 1206 5881 sit,
1235 5817 1305 5890 et:
1337 5817 1430 5890 qui
1467 5832 1576 5870 non
1608 5831 1828 5885 semper
1855 5826 2101 5890 maneat,
2209 5817 2302 5889 per
2321 5817 2707 5890 paenitentiam.

535 5889 632 5948 sed
680 5903 791 5944 una
824 5902 952 5942 cum
994 5897 1220 5958 peccato
1250 5888 1536 5944 aboleatur
1568 5901 1666 5955 per
1693 5888 2102 5957 .pmnitentiam
