3972 6434
130 425 278 492 1-209

840 430 1174 493 CAPITUM
1210 431 1634 505 QUINQUIES
1665 431 2183 525 CENTENORUM
2222 428 2612 491 CENTURIA
2652 428 2703 488 Ι.

3247 418 3386 488 1210

199 532 311 603 οῖ’.
342 533 501 591 Ἔστι
560 536 662 611 μὲν
707 537 766 590 ὲν
823 539 989 594 πᾶσιν
1031 540 1220 607 ἁπλῶς
1269 540 1335 596 τὸ
1384 541 1609 613 Πνεῦμα
1647 541 1711 596 τὸ

1883 541 1972 596 73.
2014 540 2253 611 Spiritus
2292 546 2517 594 sanctus
2546 537 2603 591 in
2634 532 2893 591 omnibus
2916 530 3242 603 simpliciter
3276 540 3384 597 est,

126 624 316 693 ἅγιον,
340 626 479 680 καθὸ
512 628 731 683 πάντων
755 630 874 683 ἐστὶ
911 632 1230 687 συνεκτικὸν
1280 635 1376 687 καὶ
1419 650 1712 706 προνοητι-

128 716 236 770 κὸν
259 757 277 784 ,
339 718 437 771 καὶ
505 718 615 773 τῶν
686 720 931 790 φυσικῶν
1001 724 1332 795 σπερμάτων
1400 726 1715 795 άνακινητι-

1810 650 1875 689 ea
1920 634 2133 688 ratione
2163 648 2271 701 qua
2300 631 2484 686 omnia
2526 628 2772 685 continet
2797 634 2854 681 et
2890 631 3205 690 conservat,
3253 637 3387 693 pro-

1811 726 2075 795 videtque
2136 721 2414 777 universis
2441 762 2456 786 ,
2510 726 2566 775 et
2607 716 2882 773 naturalia
2928 714 3137 769 semina
3183 721 3387 767 movet.

130 806 259 865 x6v.
312 809 841 884 Προσδιωρισμένως
864 814 945 878 δὲ,
989 818 1083 870 καὶ
1106 818 1166 870 ὲν
1204 818 1342 870 πᾶσι
1374 820 1487 881 τοῖς
1526 821 1585 871 ὲν
1625 817 1715 870 νό-

1837 818 1976 874 Zerta
2005 824 2190 873 autem
2219 815 2433 869 ratione
2456 812 2621 867 etiam
2661 811 2716 864 in
2755 807 3015 863 omnibus
3044 806 3141 877 qui
3186 805 3241 859 in
3270 805 3391 874 lege

132 916 255 971 μιν,
283 901 476 957 καθότι
496 903 597 975 τῆς
625 904 735 960 τῶν
761 907 989 962 ἐντολῶν
1017 908 1168 964 ἔστιν
1197 910 1576 965 ὑποδεικτικδν
1598 927 1707 965 πα-

135 991 453 1061 ρεισάσιως,
491 995 589 1050 καὶ
638 998 740 1069 τῆς
769 999 912 1054 κατὰ
951 1001 1186 1072 Χριστὸν
1215 1001 1717 1073 προαγορευθείσης

132 1082 526 1181 ,ι
571 1088 898 1181 φωτ-ιστικόν
926 1102 942 1117 ⁸
992 1090 1053 1143 ἐν
1096 1090 1156 1144 δὲ
1207 1092 1340 1145 πᾶσι
1401 1094 1516 1156 τοῖς
1571 1090 1715 1146 κατὰ

136 1168 386 1275 ξρισέδν
429 1170 569 1275 πρὸς
616 1176 730 1239 τοῖς
766 1178 1103 1248 είρημένοις,
1134 1179 1231 1233 καὶ
1278 1180 1357 1245 ὡς
1394 1181 1715 1237 υίοθετικόν.

169 1259 246 1324 Ως
273 1260 333 1315 δὲ
363 1263 558 1334 σοφίας
608 1269 909 1339 ποιητικὸν,
932 1272 993 1325 ὲν
1035 1270 1212 1325 οὐδενὶ
1248 1272 1359 1327 τῶν
1412 1274 1719 1345 εἰρημένων

140 1352 298 1407 ἐστὶν
349 1354 555 1420 ἁπλῶς,
600 1357 739 1430 πλὴν
784 1360 896 1414 τῶν
933 1364 1243 1429 συνιέντων,
1273 1364 1368 1418 καὶ
1386 1365 1614 1428 ἑαυτοὺς
1632 1365 1722 1419 διὰ

137 1446 245 1513 τῆς
269 1445 459 1502 ἐνθέου
488 1448 766 1516 πολιτείας
793 1452 980 1518 ἀξίους
1008 1456 1398 1527 ποιησαμένων
1426 1456 1530 1526 τῆς
1551 1456 1718 1511 αὐτοῦ

143 1534 423 1609 θεωτικῆς
469 1542 820 1615 ἐνοικήσεως.
864 1547 981 1610 Πᾶς
1006 1545 1127 1617 εγὰρ
1170 1545 1245 1618 μὴ
1299 1548 1470 1601 nequ
1505 1548 1575 1601 τὰ
1602 1545 1723 1603 θεῖα

141 1630 455 1701 θελήματα,
478 1634 585 1688 κᾶν
616 1637 809 1701 πιστὸς
841 1635 901 1713 ᾖ,
924 1638 1182 1694 ἀσύνετον
1211 1640 1322 1711 ἔχει
1348 1641 1447 1712 τὴν
1470 1642 1720 1712 καρδίαν,

138 1723 222 1786 ὡς
255 1725 514 1796 πονηρῶν
546 1726 826 1799 λογισμῶν
891 1733 1279 1803 ἐργαστήριον,
1311 1734 1407 1787 καὶ
1451 1733 1515 1786 τὸ
1563 1732 1724 1802 σῶμα

142 1818 471 1889 κατάχρεων
500 1821 818 1893 ἁμαρτίαις,
854 1822 932 1888 ὡς
956 1825 1251 1890 διαπαντὸς
1273 1826 1572 1897 μολυσμοῖς
1619 1840 1726 1878 παι

140 1908 257 1963 θῶν
292 1909 635 1983 ἐνεχόμενον.

216 2186 319 2248 ηδ’.
361 2188 425 2245 ’0
447 2191 551 2263 τῆς
576 2193 853 2265 σωτηρίας
886 2195 1216 2268 ὀρεγόμενος
1261 2197 1482 2253 πάντων
1513 2196 1726 2270 ἀνθρὼ-

142 2281 443 2349 πωνΘεὸς,
479 2285 573 2339 καὶ
602 2287 805 2341 πεινῶν
836 2288 1017 2342 αὐτῶν
1041 2289 1139 2360 τὴν
1169 2289 1453 2355 ὲκθέωσιν,
1482 2290 1583 2361 τὴν
1601 2289 1727 2344 τού-

140 2389 261 2427 των
285 2375 465 2446 οῐησιν
488 2377 562 2441 ὡς
590 2379 690 2450 τὴν
717 2379 969 2451 ἄκαρπον
1000 2381 1388 2452 καταρώμενος
1421 2382 1726 2453 ἀποξηραί-

143 2484 233 2520 vet
286 2469 480 2539 συκῆν,
515 2470 664 2534 ὅπως
714 2470 810 2525 τοῦ
843 2472 1020 2526 δοκεῖν
1054 2470 1193 2526 εἶναι
1225 2473 1449 2538 δίκαιοι,
1481 2473 1541 2526 τὸ
1584 2467 1724 2526 εἶναι

150 2560 359 2632 μᾶλλον
389 2563 804 2635 προκρίναντες,
852 2564 943 2620 τὸν
988 2566 1086 2636 μὲν
1140 2565 1264 2619 καθ’
1295 2565 1586 2633 ὑπόκρισιν
1626 2568 1729 2636 τῆς

148 2651 358 2723 ἠθικῆς
386 2652 699 2717 ἐπιδείξεως
728 2654 1088 2725 ὲκδυσάμενοι
1138 2654 1371 2725 χιτῶνα,
1402 2655 1495 2709 τὸν
1542 2656 1729 2727 ἐνάρε-

144 2761 244 2798 τον
269 2745 359 2808 δὲ,
395 2746 577 2809 καθὼς
621 2748 651 2800 ό
703 2746 843 2810 θεῖος
884 2746 1147 2817 βούλεται
1199 2746 1379 2816 λόγος,
1427 2745 1729 2810 ἀνοθεύτως

154 2836 514 2907 μετελθόντες
557 2837 697 2908 βίον,
732 2839 973 2902 εὐσεϐῶς
1016 2838 1116 2909 τὴν
1167 2837 1312 2909 ζωὴν
1372 2838 1726 2907 διενέγκωσι,

146 2926 276 2997 Θεῷ
332 2926 534 2998 μᾶλλον
586 2929 686 3000 τῆς
731 2928 909 2999 ψυχῆς
952 2928 1051 3000 τὴν
1102 2928 1421 2999 διάθεσιν,ἢ
1471 2932 1583 2993 τοῖς
1634 2929 1731 2982 ἀν-

150 3017 400 3090 θρώποις
456 3019 550 3073 τὸν
618 3020 779 3084 ἐκτὸς
826 3020 1264 3092 ἐπιδεικνύμενοι
1310 3022 1440 3092 περὶ
1479 3022 1551 3075 τὰ
1621 3019 1726 3093 ἤθη

148 3108 562 3181 σχηματισμόν.

1815 918 1964 976 sunt,
2006 917 2281 979 quatenus
2329 904 2711 961 mandatorum
2739 898 3232 971 transgressionem
3260 895 3393 949 sub-

1817 1009 2122 1065 monstrat,
2160 1008 2217 1055 et
2245 997 2314 1054 ad
2359 996 2567 1053 Christi
2603 995 2923 1067 praedictam
2965 990 3393 1062 promissionem

1817 1093 2253 1166 cognoscendam
2279 1132 2294 1154 ,
2340 1090 2523 1146 lucem
2571 1088 2798 1159 praebet.
2832 1088 3037 1142 Praeter
3071 1083 3173 1138 hos
3209 1088 3394 1135 autem

1818 1187 2013 1242 modos
2040 1226 2056 1251 ,
2117 1185 2174 1240 in
2225 1184 2487 1239 omnibus
2533 1190 2618 1237 est
2661 1180 2757 1251 qui
2817 1176 3133 1235 Christiano
3168 1172 3395 1228 nomine

1819 1286 2137 1342 censentur,
2165 1277 2333 1331 etiam
2389 1286 2449 1330 ut
2496 1272 2809 1343 adoptionis
2857 1274 3067 1324 auctor.
3118 1265 3283 1336 528
3325 1263 3398 1319 Ut

1819 1382 2003 1427 autem
2035 1378 2227 1425 auctor
2260 1367 2563 1438 sapientim,
2593 1364 2648 1418 in
2676 1364 2828 1417 nullo
2854 1375 3068 1423 eorum,
3098 1372 3238 1427 quos
3256 1353 3399 1409 dixi-

1822 1480 1965 1529 mus,
2001 1461 2329 1533 simpliciter
2361 1469 2467 1524 est,
2505 1466 2870 1527 praeterquam
2917 1453 2973 1506 in
3004 1449 3113 1505 illis
3141 1447 3235 1518 qui
3265 1461 3398 1517 prn-

1822 1553 2006 1610 dentia
2034 1566 2098 1606 ac
2123 1546 2485 1620 intelligentia
2524 1543 2739 1616 prazditi
2778 1551 2926 1605 sunt,
2958 1539 3165 1609 quique
3189 1551 3292 1606 per
3320 1534 3401 1587 vi-

1824 1656 1935 1701 tam
1988 1643 2192 1699 divinis
2222 1640 2471 1696 moribus
2521 1636 2849 1699 institutam,
2906 1633 3028 1703 ejus
3092 1626 3403 1684 deiflcantis

1824 1734 2243 1792 inhabitationis
2270 1748 2329 1789 se
2355 1731 2548 1802 dignos
2572 1730 2942 1799 praebuerunt.
2970 1721 3233 1792 Quisquis
3251 1718 3398 1774 enim

1826 1830 2040 1885 divinas
2063 1829 2373 1883 voluntates
2400 1840 2512 1879 non
2542 1822 2692 1885 facit,
2721 1819 2823 1875 etsi
2851 1816 3025 1870 fidelis
3058 1820 3161 1878 est,
3195 1827 3292 1866 cor
3312 1810 3399 1864 in-

1756 1894 1796 1949 B
1824 1922 2030 1994 sipiens
2056 1919 2243 1983 habet,
2276 1930 2531 1986 tanquam
2568 1913 2835 1967 malorum
2863 1906 3256 1978 cogitationum
3286 1900 3405 1955 olli-

1825 2015 2028 2079 cinam,
2058 2028 2123 2068 ac
2149 2026 2353 2081 corpus
2382 2007 2683 2064 obnoxium
2714 2001 2975 2074 peccatis,
3003 2007 3065 2052 ut
3098 1994 3247 2065 quod
3264 2008 3403 2048 sem-

1827 2123 1925 2178 per
1954 2105 2215 2161 vitiorum
2244 2117 2309 2157 ac
2351 2098 2646 2157 libidinum
2685 2088 3118 2164 inquinamentis
3158 2085 3401 2141 sordeat.

1896 2200 1985 2254 74.
2011 2199 2117 2266 Qui
2145 2196 2394 2251 omnium
2423 2194 2654 2248 salutem
2682 2188 2889 2259 expetit
2910 2187 3077 2247 Deus,
3100 2192 3405 2248 eorumque

1826 2291 2003 2347 esurit
2017 2288 2443 2348 deificationem,
2462 2284 2684 2338 illorum
2702 2277 2871 2333 animi
2895 2275 3093 2329 fastum
3116 2287 3179 2325 ac
3195 2271 3407 2341 jactan-

1830 2382 1984 2445 tiam,
2031 2380 2183 2435 velut
2220 2376 2618 2432 infructuosam
2662 2369 2822 2424 ficum
2854 2362 3171 2419 maledictio
3222 2358 3404 2413 arefa-

1829 2470 1905 2525 cit
1926 2471 2005 2536 ³⁰;
2034 2477 2112 2533 ιιι,
2142 2482 2253 2538 pra:
2288 2480 2355 2521 eo
2378 2461 2525 2534 quod
2555 2471 2641 2515 est
2669 2460 2847 2529 justos
2874 2452 3080 2516 videri,
3111 2448 3285 2521 pluris
3322 2446 3406 2501 fa-

1830 2562 2041 2617 cientes
2070 2566 2131 2614 ut
2156 2556 2288 2629 justi
2312 2555 2492 2624 reipsa
2520 2551 2653 2614 sint,
2688 2544 3037 2602 simulatione
3064 2546 3409 2596 constantem

1830 2666 2045 2708 morum
2082 2645 2466 2706 ostentationis
2507 2642 2746 2698 tunicam
2779 2643 3068 2696 ementes,
3115 2630 3412 2684 virtutum-

1830 2760 1937 2815 que
1968 2745 2092 2798 luce
2125 2741 2394 2796 nitentem
2428 2751 2492 2791 ac
2529 2732 2851 2792 studiosam,
2883 2736 2943 2781 ut
2967 2725 3153 2779 divina
3197 2722 3286 2775 lex
3324 2719 3413 2789 ju-

1831 2808 1944 2899 bet,
1973 2833 2187 2888 sincere
2216 2828 2384 2882 vitam
2410 2826 2813 2881 consectantes‘,
2839 2817 2924 2886 pie
2954 2812 3099 2884 quod
3126 2818 3212 2865 est
3246 2808 3415 2877 hujus

1834 2925 2094 2996 temporis
2122 2919 2461 2990 transigant;
2486 2915 2562 2969 ita
2590 2912 2851 2967 nimirum
2878 2916 2939 2962 ut
2965 2907 3075 2961 Deo
3100 2902 3285 2974 potius
3299 2898 3416 2953 ani-

1832 3033 1982 3073 mum
2008 3014 2325 3073 exhibeant,
2370 3022 2537 3079 quam
2566 3004 2812 3060 exterius
2850 2999 3163 3057 simulatam
3198 3007 3415 3049 morum

1832 3110 2071 3184 speciem
2093 3105 2417 3162 hominibus
2436 3108 2736 3157 ostentent.

222 3179 319 3259 δι’.
348 3202 577 3273 Ἐτερός
612 3204 762 3257 ἔστιν
791 3205 819 3258 ὁ
848 3201 945 3258 τοῦ
975 3204 1169 3268 ποιεῖν,
1199 3202 1293 3257 καὶ
1345 3203 1534 3273 ἔτερος
1566 3202 1596 3255 ό
1632 3200 1728 3256 τοῦ

1861 3179 1879 3184 -
1904 3204 1991 3259 75.
2026 3201 2144 3256 Alia
2165 3206 2251 3254 est
2281 3194 2477 3267 agendi
2498 3190 2660 3254 ratio,
2685 3189 2789 3244 alia
2823 3182 3087 3257 patiendi.
3122 3182 3200 3236 Ac
3220 3179 3416 3251 agendi

148 3298 391 3369 πάσχειν
411 3298 569 3366 λόγος
594 3313 608 3328 ’
647 3298 743 3352 καὶ
786 3299 815 3351 ό
855 3299 955 3369 μὲν
992 3299 1087 3353 τοῦ
1130 3301 1305 3352 ποιεῖν
1358 3298 1518 3366 λόγος
1558 3297 1728 3362 ἐστὶν,

148 3393 189 3463 ἡ
215 3365 421 3462 φυσικὴ
470 3391 605 3463 πρὸς
644 3365 868 3463 ἀρετῶν-
892 3390 1175 3463 ἐνέργειαν
1206 3391 1437 3463 δύναμις
1468 3391 1537 3461 (ε)
1566 3406 1583 3422 ’
1617 3392 1646 3444 ό
1677 3365 1745 3443 δὲ.

148 3483 250 3538 τοῦ
278 3484 510 3554 πάσχειν
532 3526 547 3551 ,
582 3484 614 3554 ἢ
663 3485 822 3555 χάρις
845 3485 953 3539 τῶν
998 3485 1141 3555 ὑπὲρ
1190 3483 1429 3555 φύσιν,ἢ
1464 3482 1736 3554 σύμϐασις

152 3577 267 3631 τῶν
317 3576 471 3647 παρὰ
522 3576 703 3644 φύσιν.
744 3578 832 3642 Ὦς
872 3579 982 3647 γὰρ
1030 3577 1127 3631 τοῦ
1160 3577 1455 3649 ὑπερόντος
1496 3576 1735 3646 φυσικὴν

150 3668 259 3722 οὐκ
297 3666 495 3738 ἔχομεν
513 3667 764 3738 δύναμιν,
798 3668 972 3731 οὕτως
997 3666 1123 3720 οὔτε
1162 3664 1256 3720 τοῦ
1301 3666 1376 3737 μὴ
1413 3665 1566 3729 θντος
1610 3665 1734 3735 ἔχο-

155 3777 263 3831 μεν
302 3759 459 3827 φύσει
489 3758 589 3828 τὴν
611 3758 859 3831 δύναμιν.
886 3758 1172 3829 Πάσχομεν
1209 3754 1304 3812 οὖν
1351 3758 1427 3822 ὠς
1458 3758 1599 3828 ὑπὲρ
1630 3756 1735 3826 φύ-

154 3867 246 3906 σιν
273 3846 441 3905 οὖσαν
462 3849 604 3904 κατὰ
632 3850 817 3922 χάριν,
844 3849 959 3904 ἀλλ’
980 3849 1041 3903 οὐ
1073 3849 1335 3918 ποιοῦμεν
1371 3848 1473 3920 τὴν
1500 3848 1731 3902 θέωσιν·

148 3943 220 3997 οὗ
250 3941 362 4013 γὰρ
395 3941 590 4012 ἔχομεν
615 3941 776 4013 φύσει
796 3940 1053 4010 δεκτικὴν
1081 3941 1181 4011 τῆς
1214 3939 1461 4004 θεώσεως
1484 3940 1734 4010 δύναμιν.

154 4031 273 4086 Καὶ
319 4033 603 4103 πάσχομεν
652 4030 818 4086 πάλιν
863 4032 940 4096 ὡς
984 4031 1132 4102 παρὰ
1160 4030 1322 4100 φύσιν
1345 4019 1576 4103 ,γνώμῃ
1597 4032 1738 4083 κατὰ

158 4123 439 4195 σύμϐασιν
464 4125 563 4196 τὴν
590 4124 791 4179 κακίαν
813 4140 831 4158 ο
864 4125 927 4177 οὐ
962 4124 1071 4193 γὰρ
1098 4123 1294 4194 ἔχομεν
1340 4122 1478 4194 πρὸς
1524 4123 1739 4191 γένεσιν

155 4215 364 4279 κακίας
400 4218 633 4287 φυσικὴν
660 4216 904 4287 δύναμιν.
942 4214 1212 4285 Ποιοῦμεν
1237 4209 1329 4267 οὖν
1372 4213 1606 4269 ἐνταῦθα
1637 4215 1738 4284 φύ-

159 4325 246 4362 σει
274 4308 429 4372 ὄντες
460 4308 560 4372 τὰς
581 4307 806 4377 ἀρετὰς,
840 4306 976 4377 πρὸς
1012 4306 1073 4359 τὸ
1095 4306 1295 4369 ταύτας
1327 4307 1502 4358 ποιεῖν
1526 4305 1739 4375 ἔχοντες

158 4399 401 4469 φυσικὴν
430 4398 532 4469 τὴν
560 4397 793 4468 δύναμιν
819 4415 833 4427 ·
872 4399 1155 4466 πάσχομεν
1186 4396 1242 4449 δὲ
1281 4398 1422 4450 κατὰ
1450 4396 1511 4450 τὸ
1546 4397 1740 4467 μέλλον

155 4493 262 4564 τὴν
296 4491 493 4544 θέωσιν
520 4531 535 4555 ,
569 4491 671 4560 τὴν
700 4490 837 4561 πρὸς
872 4488 934 4541 τὸ
972 4488 1166 4541 παθεῖν
1211 4486 1416 4559 ταύτην
1457 4491 1600 4544 κατὰ
1638 4489 1737 4542 δωσ

165 4586 297 4653 ρεεὶς
329 4584 491 4653 χάριν
517 4583 819 4653 δεχόμενοι.

1833 3296 2057 3368 quidem
2081 3293 2244 3354 ratio,
2273 3285 2543 3343 naturalis
2571 3282 2803 3336 facultas
2833 3286 2919 3333 est
2942 3272 3279 3345 operationis
3299 3270 3417 3323 vir-

1832 3363 2046 3449 tutum;
2084 3378 2327 3454 patiendi
2378 3391 2513 3430 vero
2548 3372 2718 3437 ratio,
2768 3369 2854 3425 vel
2886 3382 3077 3423 eorum
3119 3363 3294 3434 gratia
3330 3368 3417 3415 est

1832 3494 1953 3548 quae
1977 3482 2228 3530 naturam
2260 3474 2546 3539 superant,
2563 3463 2648 3519 νϐ]
2675 3476 2867 3517 eorum
2898 3472 3059 3513 casus
3078 3471 3143 3511 ac
3161 3460 3412 3515 eventus,

1832 3543 1955 3639 quae
1992 3572 2122 3621 sunt
2170 3569 2371 3635 praeter
2426 3568 2702 3613 naturam.
2734 3546 3211 3619 Quemadmodum
3265 3543 3413 3600 enim

1832 3637 1954 3728 ejus
1978 3653 2125 3725 quod
2159 3651 2325 3706 rebus
2357 3645 2613 3717 superius
2649 3654 2755 3707 est,
2780 3637 3206 3708 haudquaquam
3250 3637 3415 3687 natu-

1834 3726 2005 3807 ralem
2048 3747 2364 3804 facultatem
2399 3741 2691 3803 habemus,
2737 3735 2812 3790 ita
2848 3748 2952 3787 nec
2975 3731 3095 3801 ejus
3140 3726 3285 3798 quod
3314 3738 3417 3779 nec

1835 3853 1923 3899 est
1947 3844 2003 3897 in
2044 3841 2233 3903 rebus,
2260 3833 2510 3892 seunihil
2537 3839 2645 3897 est,
2681 3827 2944 3883 facultate
2967 3830 3167 3877 natura
3198 3816 3418 3888 pmditi

1837 3951 2046 3993 sumus.
2091 3932 2339 3989 Patimur
2368 3942 2521 3998 ergo,
2578 3918 2816 3991 utquod
2851 3926 3103 3972 naturam
3154 3913 3418 3978 superet,

1837 4044 1946 4084 non
1984 4040 2116 4080 vero
2158 4021 2408 4083 facimus,
2450 4017 2609 4086 cujus
2652 4010 2816 4067 nobis
2861 4014 3054 4062 auctor
3085 4002 3284 4073 gratia,
3312 3998 3421 4051 hoc

1838 4119 1985 4190 quod
2015 4116 2373 4175 deilicamur;
2410 4109 2614 4179 quippe
2659 4103 2754 4173 qui
2794 4102 2913 4171 ejus
2936 4109 3191 4167 capacem
3222 4102 3421 4145 natura

1837 4211 2155 4269 facultatem
2209 4204 2415 4259 nullam
2452 4199 2771 4253 habeamus.
2821 4192 3036 4245 Rursus
3078 4198 3210 4239 vero
3268 4180 3424 4235 mali-

1841 4303 1971 4356 tiam
1998 4311 2163 4368 atque
2194 4296 2414 4355 vitium,
2436 4288 2583 4361 quod
2614 4294 2805 4341 contra
2835 4290 3109 4341 naturam,
3141 4273 3423 4328 voluntate

1842 4395 2123 4463 animique
2154 4389 2439 4445 sententia
2469 4381 2704 4443 accidat,
2730 4376 2999 4447 patimur;
3037 4368 3240 4438 quippe
3267 4362 3427 4432 cujus

1842 4455 2071 4559 originis
2116 4483 2267 4539 nulla
2321 4480 2377 4533 in
2406 4476 2569 4533 nobis
2612 4467 2881 4526 naturalis
2907 4462 3141 4518 facultas
3177 4455 3426 4512 exsistat.

1777 4576 1818 4630 ί)
1847 4545 2212 4649 Quamobrem
2244 4573 2375 4628 dum
2417 4565 2671 4641 praesenti
2692 4577 2809 4618 aevo
2834 4557 3067 4629 agimus.
3099 4558 3298 4611 natura
3318 4545 3432 4599 vir-

159 4688 313 4735 tutes
342 4694 655 4749 operamur,
684 4679 752 4734 ad
784 4694 920 4749 quas
948 4678 1244 4749 praestandi
1268 4677 1504 4733 naturali
1540 4677 1795 4731 instructi
1857 4677 2115 4731 facultate
2140 4685 2371 4727 sumus:
2408 4666 2464 4721 in
2530 4663 2719 4718 futuro
2775 4664 2959 4710 autem
3023 4643 3430 4703 deiﬁeationem

159 4770 426 4842 patimur,
456 4770 616 4841 cujus
643 4769 915 4839 patienda:
940 4769 1171 4839 gratiam
1202 4783 1265 4823 ac
1297 4781 1499 4822 munus
1533 4781 1563 4820 a
1600 4767 1710 4821 Deo
1752 4778 2179 4834 consequamur.

232 4868 342 4927 0;".
369 4861 635 4930 Ποιοῦμεν
664 4862 845 4931 ἡμεῖς,
882 4861 967 4929 ἐφ’
996 4861 1135 4914 ὅσον
1156 4862 1257 4931 τήν
1287 4877 1347 4913 τε
1393 4860 1503 4912 τῶν
1532 4857 1743 4929 ἀρετῶν

160 4953 457 5026 ποιητικὴν
481 4953 642 5022 φύσει
670 4952 895 5023 λογικὴν
918 4953 1115 5023 ἔχομεν
1152 4952 1379 5021 δύναμιν
1414 4948 1743 5022 ἐνεργουμέ-

160 5063 267 5117 νην
301 5062 314 5074 ·
346 5047 441 5101 καὶ
464 5046 564 5117 τὴν
594 5046 774 5115 πάσης
802 5044 1057 5114 γνώσεως
1090 5044 1345 5117 δεκτικὴν
1371 5043 1565 5113 νοερὰν
1588 5041 1751 5112 ἀσχέ-

245 5212 290 5244 ³⁰
324 5208 514 5264 Matth.
550 5224 659 5271 ιιι,
701 5205 765 5262 l9

238 5344 343 5425 (ε)-
464 5341 696 5425 φυσικὴ
724 5337 1449 5425 πρὸῗςρρετῷιῃένέρηὶειᾳιν
1471 5338 1746 5425 gibt-ams.

167 5405 263 5471 Sic
292 5405 581 5475 Maximus,
608 5405 714 5465 hoc
746 5405 896 5479 quod
926 5405 1013 5463 est
1040 5422 1203 5479 agere
1228 5405 1751 5479 deﬁnit,_Naturalis

168 5484 401 5557 facultas
428 5483 703 5557 operandi,
733 5477 826 5557 εέιι
849 5477 1138 5557 ρνωδιαηιζί
1167 5486 1403 5557 virtutes.
1440 5477 1753 5557 Ac_u_bique

167 5547 230 5608 τὸ
260 5554 425 5624 φύσει
462 5547 701 5622 ὀρροιιίι
725 5550 823 5624 τῷ,
860 5550 1013 5624 παρᾲ
1045 5549 1228 5624 φύσιν.
1270 5548 1537 5624 Sic_loqui
1566 5547 1757 5624 docuit

171 5616 402 5688 Paulus,
436 5616 595 5678 add].
646 5638 703 5676 ιι.
737 5616 906 5674 Ὅταν
946 5616 1082 5690 ἔθνη
1118 5618 1278 5685 φύσει
1320 5618 1391 5671 τὰ
1432 5616 1526 5671 τοῦ
1565 5617 1750 5690 νόμου

174 5697 307 5763 ποιῇ
344 5711 360 5725 ο
401 5694 554 5762 quasi
578 5708 640 5746 ea:
657 5691 818 5745 ductu
834 5698 992 5763 atque
1018 5688 1272 5743 instinctu
1303 5696 1541 5763 natum,
1562 5688 1753 5756 illique

174 5759 581 5844 enn'sentanee5
636 5769 768 5816 tunc
826 5759 995 5815 etiam
1026 5774 1152 5814 cum
1214 5759 1388 5843 gratia
1424 5759 1750 5823 excitamur,

176 5842 337 5890 extra
357 5848 521 5903 quam
552 5832 608 5887 in
648 5840 848 5888 natura
878 5838 1159 5901 corrupta,
1181 5827 1292 5884 non
1317 5827 1479 5899 φύσει
1515 5829 1749 5899 agimus,

1919 4825 2006 4910 i6.
2035 4854 2261 4924 Agimus
2292 4865 2416 4913 nos,
2448 4856 2723 4917 quatenus
2752 4836 3007 4895 rationali
3027 4832 3286 4888 facultate
3312 4825 3429 4880 vir-

1856 4956 2037 5002 tutum
2064 4945 2343 5001 eﬁ'ectrice
2370 4950 2567 4996 natura
2588 4934 2804 5008 praediti
2836 4946 3049 4993 sumus,
3078 4923 3432 4991 scientiaeque

1855 5037 2038 5093 onmis
2068 5050 2268 5105 capaee
2314 5032 2566 5088 absolute
2597 5027 2800 5084 mentis
2834 5022 3125 5083 facultate,
3176 5028 3431 5070 omnem-

1858 5336 1955 5390 sed
1985 5333 2135 5404 παρὰ
2166 5332 2329 5404 φύσιν
2351 5349 2364 5363 ν
2391 5331 2492 5404 etsi
2521 5328 2786 5382 Maximus
2814 5326 2953 5379 nihil
2977 5325 3067 5379 hic
3096 5318 3438 5404 peculiarius

1860 5406 1928 5459 de
1954 5390 2127 5476 gratia
2160 5390 2420 5476 explicat.
2446 5400 2565 5476 sine
2585 5414 2692 5466 qua
2725 5404 2946 5476 certum
2973 5404 3057 5449 est
3087 5390 3326 5476 nosnn'on
3349 5390 3435 5443 di-

1860 5418 1928 5459 de
1954 5418 2127 5476 gratia
2160 5419 2225 5457 ex
2268 5418 2420 5460 neat,
2446 5418 2565 5454 Sine
2585 5418 2692 5466 qua
2731 5418 2946 5450 certum
2973 5418 3057 5449 eat
3089 5418 3194 5447 uua
3216 5418 3326 5445 ιιυιι
3349 5418 3434 5443 ul-

1860 5491 1998 5544 gnos
2040 5472 2180 5529 εῦὶεί
2232 5418 2421 5544 {mala
2455 5471 2545 5523 illa
2587 5466 2881 5544 passione,
2916 5481 3037 5544 qua:
3070 5470 3156 5516 est
3202 5461 3434 5544 θέωσις.

1863 5529 2215 5615 perfectaque
2241 5557 2367 5615 eum
2396 5541 2506 5615 Deo
2555 5529 2864 5615 similitudo
2914 5529 3148 5615 ejusque
3191 5529 3432 5615 adeptio.

1862 5601 2090 5670 omnino
2117 5601 2395 5668 excedens
2419 5610 2527 5662 vim
2562 5617 2621 5662 et
2656 5601 2971 5661 facultatem
3012 5613 3221 5657 natura:
3245 5601 3435 5669 (etiam

1860 5685 2041 5754 quoad
2077 5680 2322 5754 modum)
2347 5680 2497 5754 omni
2543 5678 2926 5754 proprio-actu
2964 5676 3017 5728 in
3038 5690 3117 5754 ,εει
3159 5680 3434 5754 cessante,

1858 5739 1972 5812 ὑεο
2010 5755 2114 5809 sibi
2160 5739 2381 5821 penitus
2406 5739 3006 5821 εηίηῂιῃιίειψξίεἰειιιε
3038 5745 3198 5798 beato
3228 5741 3321 5796 illo
3354 5739 3433 5799 si-

1856 5827 2050 5892 lentio,
2098 5816 2327 5894 ejusque
2351 5819 2572 5875 fruendi
2597 5818 2745 5879 felici
2776 5816 3126 5875 necessitate.
