3972 6434
123 426 259 507 1213

822 426 1158 492 CAPITUM
1193 427 1617 503 QUINQUIES
1651 428 2172 493 CENTENORUM
2204 431 2594 496 CENTURIA
2626 434 2679 495 Ι.

3233 429 3372 499 1214

186 548 264 597 π’.
334 540 393 594 '0
429 536 677 603 διάϐολος
734 539 832 594 καὶ
869 542 1064 613 ἐχθρός
1105 542 1228 597 ἐστι
1279 542 1377 597 τοῦ
1405 542 1566 611 Θεοῦ,
1602 542 1696 597 καὶ

1869 543 2032 614 53o
2075 544 2162 599 80.
2204 546 2488 613 Diabolus,
2523 548 2619 602 Dei
2658 555 2717 602 et
2762 545 2940 601 hostis
2983 555 3037 600 et
3082 546 3231 601 ultor
3272 558 3376 603 est.

121 634 438 704 ὲκδικητήςο
481 631 674 703 ἐχθρὸς
702 632 821 703 μὲν,
856 634 988 688 ὅταν
1034 633 1115 705 ὡς
1165 634 1342 705 μισῶν
1375 635 1540 691 αὑτὸν
1560 673 1576 698 ,
1608 635 1698 688 δο-

120 728 202 782 κεῖ
227 703 353 789 πως
375 724 475 793 τὴν
506 723 748 796 ὀλέθριον
777 725 1079 795 κεκτῆσθαι
1275 727 1424 795 ἡμᾶς
1450 727 1579 790 τοὺς
1605 727 1700 780 ἀν-

123 816 379 889 θρώπους
395 816 638 885 ἀγάπην,
664 817 776 880 τοῖς
803 814 913 869 τῶν
945 817 1208 869 ἑκουσίων
1238 816 1428 871 παθῶν
1456 816 1698 888 τρόποις.

120 908 203 960 διὰ
239 907 344 977 τῆς
397 906 590 977 ἡδονῆς
625 905 826 960 πείθων
871 906 1030 978 ἡμῶν
1074 907 1177 977 τὴν
1225 907 1546 979 προαίρεσιν
1593 906 1702 962 τῶν

124 999 361 1054 αίωνίων
410 997 655 1068 ἀγαθῶν,
686 996 1001 1069 προκρίνειν
1038 996 1110 1052 τὰ
1148 997 1496 1070 πρόσκαιραο
1526 998 1593 1053 δι’
1623 991 1703 1054 ὧν

124 1092 371 1149 κλέπτων
402 1090 532 1162 ὅλην
560 1090 660 1162 τῆς
682 1089 862 1161 ψυχῆς
890 1090 990 1162 τὴν
1022 1088 1230 1158 ἐφεσιν,
1250 1091 1350 1161 τῆς
1384 1090 1533 1154 θείας
1560 1107 1703 1149 ,παν-

124 1179 293 1244 τελῶς
335 1179 558 1250 ἀγάπης
607 1180 755 1251 ἡμᾶς
789 1179 1111 1250 ἀφίστησιν,
1147 1180 1431 1243 ἑκουσίους
1474 1182 1703 1252 ἐχθροὺς

126 1271 293 1325 ποιῶν
323 1269 418 1324 τοῦ
457 1271 783 1342 ποιήσαντος
806 1287 819 1302 ·
861 1269 1151 1343 ἐκδικητὴς
1172 1271 1230 1325 δὲ
1254 1312 1270 1336 ,
1303 1271 1433 1326 ὅταν
1482 1272 1704 1343 γυμνώ-

127 1380 222 1421 σας
248 1361 313 1415 τὸ
357 1360 493 1433 πρὸς
540 1363 690 1432 ἡμᾶς
721 1363 913 1433 μῖσος,
945 1361 1022 1425 ὡς
1051 1362 1151 1434 ήδη
1184 1362 1510 1433 γενομένους
1556 1364 1707 1435 αὑτῷ

126 1449 211 1502 διὰ
268 1448 371 1521 τὴν
413 1449 691 1521 ἁμαρτίαν
738 1449 1083 1522 ὑποχειρίους
1106 1489 1123 1516 ,
1150 1450 1427 1523 ἐξαιτῆται
1455 1454 1556 1524 τὴν
1582 1454 1703 1507 καθ’

128 1538 282 1609 ἡμῶν
304 1539 596 1611 τιμωρίαν.
627 1540 793 1594 Οὑδέν
822 1540 932 1610 γὰρ
979 1540 1124 1596 οὕτω
1171 1542 1325 1612 φίλον
1357 1544 1436 1615 τῷ
1474 1543 1707 1616 διαϐόλῳ

130 1628 468 1702 καθέστηκεν
488 1669 503 1694 ,
534 1630 609 1695 ὡς
651 1629 937 1703 ἄνθρωπος
964 1632 1407 1704 τιμωρούμενος.
1435 1633 1606 1689 Τοῦτο
1650 1635 1707 1690 δέ

130 1722 529 1795 συγχωρηθεὶς,
564 1722 664 1788 τάς
692 1723 1026 1797 ἐπαλλήλους
1054 1725 1285 1779 ἐπινοῶν
1307 1726 1415 1780 τῶν
1439 1727 1709 1783 ἀκουσίων

132 1812 318 1867 παθῶν
343 1814 662 1884 ἐπαγωγὰς,
701 1814 968 1879 λαίλαπος
995 1815 1154 1888 δίκην
1180 1816 1406 1888 ἀπηνῶς
1443 1819 1705 1890 ἐπιφέρε-

130 1920 221 1959 ται
252 1906 369 1968 τοῖς
415 1904 536 1958 καθ’
560 1897 636 1960 ὧν
667 1906 965 1977 ἐκομίσατο
1014 1909 1363 1980 συγχωρήσει
1420 1908 1556 1963 Θεοῦ
1606 1911 1707 1982 τὴν

133 1999 381 2066 ἐξουσίαν
407 2016 423 2031 ο
466 2001 530 2055 οὑ
584 2000 647 2054 τὸ
693 2000 1025 2073 πρόσταγμα
1059 2001 1121 2055 τὸ
1154 2002 1299 2057 θεῖον
1350 2002 1707 2074 ἐκπληρῶσαι

134 2091 492 2162 βουλόμενος,
520 2090 657 2147 ἀλλά
695 2092 759 2145 τὸ
796 2093 995 2147 οίκεῖον
1021 2092 1117 2147 τοῦ
1151 2094 1275 2147 καθ’
1306 2094 1466 2165 ἡμῶν
1515 2096 1708 2167 μίσους

132 2182 419 2253 διαθρέψαι
457 2182 629 2247 πάθος
648 2182 933 2255 ἐπιθυμῶν
954 2201 968 2215 ·
1001 2184 1090 2239 ἵνα
1115 2185 1194 2256 τῷ
1218 2186 1399 2257 πολλῷ
1425 2186 1579 2258 βάρει
1601 2187 1709 2242 τῶν

130 2272 405 2346 ὀδυνηρῶν
438 2273 757 2346 συμφορῶν,
787 2276 823 2345 ἡ
854 2274 1002 2346 ψυχὴ
1028 2276 1096 2329 δι’
1129 2276 1349 2331 ἀτονίαν
1390 2278 1706 2344 ὀκλάσασα,

130 2368 224 2438 τῆς
256 2368 412 2432 θείας
437 2368 652 2431 ἐλπίδος
675 2368 877 2439 ἑαυτῆς
909 2369 1180 2442 περικόψῃ
1211 2370 1309 2441 τὴν
1336 2369 1583 2440 δύναμιν,
1614 2371 1709 2424 ἀν-

131 2462 181 2513 τὶ
205 2459 513 2525 νουθεσίας,
542 2460 734 2526 ἀθεῖας
756 2460 940 2516 αἰτίαν
979 2460 1277 2533 ποιουμᾶνη
1313 2461 1415 2533 τὴν
1443 2461 1553 2515 τῶν
1597 2463 1711 2517 ἀλ-

134 2552 326 2621 γεινῶς
357 2553 766 2625 συμϐαινόντων
790 2555 1110 2628 ἐπαγωγὴν.

205 2733 318 2791 πα’.
351 2736 526 2792 Ὅταν
548 2736 600 2791 oi
628 2735 729 2809 τὴν
761 2735 1074 2810 πρακτικὴν
1105 2734 1243 2801 ἕξιν,
1264 2734 1361 2789 καὶ
1386 2734 1487 2807 τὴν
1510 2734 1713 2807 θεωρη-

132 2826 289 2898 τικὴν
323 2828 638 2899 ἐπιστήμην
667 2828 1058 2898 ἀπειληφότες,
1084 2826 1221 2898 πρὸς
1249 2826 1351 2899 τὴν
1371 2826 1479 2879 τῶν
1498 2826 1712 2897 ἀνθρώ-

135 2935 249 2975 πων
306 2919 517 2983 ταύτας
568 2920 941 2992 μετέρχωνται
981 2920 1140 2985 δόξαν
1158 2958 1175 2983 ,
1201 2918 1306 2991 ἤθη
1351 2918 1453 2989 μὲν
1502 2919 1714 2991 ἀρετῶν

134 3011 212 3083 τῷ
240 3011 558 3083 φαινομένῳ
603 3011 789 3083 τρόπῳ
852 3010 1322 3081 σκιαγραφοῦντες
1349 3026 1366 3041 ’
1409 3010 1602 3079 λόγους
1656 3010 1715 3064 δέ

139 3104 328 3173 σοφίας
359 3104 457 3158 καὶ
494 3102 751 3173 γνώσεως
776 3104 941 3173 μόνον
965 3102 1275 3164 λαλοῦντες,
1296 3101 1420 3171 δίχα
1438 3101 1548 3154 τῶν
1574 3100 1717 3156 κατὰ

137 3195 481 3267 δικαιοσύνην
513 3195 708 3268 ἔργων·
740 3195 837 3251 καὶ
864 3195 955 3249 τὸν
979 3194 1056 3259 ὡς
1097 3194 1184 3246 ἐπ’
1206 3194 1375 3265 ἀρετῇ
1400 3194 1495 3247 καὶ
1515 3191 1716 3261 γνώσει

134 3287 245 3349 τοῖς
269 3285 457 3348 ἄλλοις
511 3285 915 3340 ἐπιδείκνυνται
953 3286 1143 3354 τύφον,
1175 3285 1401 3349 εἰκότως
1443 3285 1716 3356 πρέπουσι

138 3377 521 3447 παραδίδονται
546 3377 752 3443 πόνοις,
784 3378 875 3433 διὰ
934 3376 1030 3431 τοῦ
1085 3377 1320 3447 πάσχειν
1374 3376 1473 3447 τὴν
1516 3377 1718 3447 ἀγνοη-

140 3468 321 3521 θεῖσαν
354 3467 541 3530 αὐτοῖς
572 3470 637 3520 ἐκ
661 3469 764 3537 τῆς
798 3466 1037 3539 ματαίας
1085 3468 1317 3539 οίήσεως
1361 3482 1720 3539 ταπεινοφρο-

142 3560 304 3631 σύνην
346 3560 875 3631 μεταμανθάνοντες.

210 3744 322 3815 πβ’.
365 3744 639 3809 Ἕκαστος
668 3744 778 3797 τῶν
805 3743 1076 3815 δαιμόνων
1111 3741 1253 3796 κατά
1278 3741 1378 3812 τὴν
1400 3738 1722 3802 ὲνδιαθέτως

143 3836 515 3907 ὑποκειμένην
536 3837 976 3909 ἐπιτηδειότητα,
1018 3836 1157 3908 πρὸς
1181 3835 1341 3904 τήνδε
1370 3833 1402 3904 ἢ
1427 3832 1582 3904 τήνδε
1613 3831 1724 3885 τῶν

146 3927 464 3998 πειρασμῶν
497 3926 593 3999 τὴν
618 3926 914 3999 ἐπαγωγὴν
947 3926 1206 3996 τυγχάνει
1254 3922 1605 3994 λειτουργῶν
1630 3923 1726 3977 ἀλ-

144 4016 231 4081 λος
253 4019 364 4090 γάρ
396 4017 562 4089 ἄλλης
592 4020 706 4072 ἐστὶ
727 4019 1009 4089 ποιητικὸς
1027 4017 1246 4081 κακίας,
1265 4019 1358 4070 καὶ
1377 4017 1534 4081 ἄλλος
1562 4016 1724 4070 ἄλλου

152 4110 332 4177 σαφῶς
368 4110 484 4163 ἐστι
513 4109 884 4181 μιαρώτερος,
914 4109 1013 4162 καὶ
1048 4109 1188 4181 πρὸς
1224 4109 1341 4162 τόδε
1378 4108 1578 4180 μᾶλλον
1623 4108 1726 4178 τῆς

150 4202 343 4264 κακίας
363 4201 425 4256 τδ
453 4197 591 4266 εἶδος
620 4202 1074 4273 ἐπιτηδειότερος.

217 4290 327 4361 πγ’.
363 4294 525 4346 ’Λνευ
556 4294 657 4365 τῆς
687 4293 839 4358 θείας
884 4294 1309 4365 συγχωρήσεως,
1333 4292 1454 4346 οὐδὲ
1479 4292 1635 4347 αὐτοὶ
1677 4294 1728 4346 οῖ

148 4381 401 4453 δαίμονες
431 4383 550 4436 κατ’
574 4383 728 4437 οὐδὲν
748 4383 1042 4454 ὑπουργεῖν
1068 4380 1327 4436 δύνανται
1350 4381 1429 4451 τῷ
1462 4381 1723 4453 διαϐόλῳ.

154 4468 271 4527 θίδε
301 4473 413 4546 γὰρ
440 4474 601 4538 αὑτὸς
628 4475 657 4528 ὁ
683 4474 817 4538 Θεὸς
850 4474 1000 4537 ὅπως
1036 4473 1176 4545 μετὰ
1224 4474 1326 4543 τῆς
1363 4471 1591 4544 δεούσης
1634 4490 1726 4542 φιο

1805 634 1991 689 llostis
2028 635 2275 705 quidem,
2317 636 2449 692 dum
2487 646 2746 709 tanquam
2788 637 2916 693 odio
2947 638 3002 691 in
3028 653 3155 692 eum
3188 639 3381 693 incita-

1800 734 1913 793 tus,
1955 728 2246 783 exitiosam
2290 743 2421 800 erga
2465 744 2569 786 nos
2611 731 2865 785 homines
2905 730 3111 785 habere
3161 732 3384 785 videtur

1800 818 2178 886 dilectionem,
2209 835 2402 876 eorum
2434 823 2733 877 all‘ectuum
2768 822 2946 877 modis
2973 822 3067 892 qui
3095 837 3161 877 ex
3190 823 3388 877 volun-

1802 916 1915 966 tate
1940 920 2090 977 sunt,
2123 913 2465 983 voluptatum
2517 913 2775 969 illecebra
2806 921 3003 969 auctor
3045 914 3255 968 scilicet
3288 929 3389 968 no-

1802 1008 1938 1054 stra;
1973 1003 2242 1057 voluntati
2268 1003 2561 1069 exsistens,
2601 1012 2664 1057 ut
2694 1003 2915 1058 aeternis
2961 1003 3123 1059 bonis
3162 1013 3391 1074 antepo-

1801 1098 1900 1148 nat
1939 1100 2330 1164 tcmporanea:
2371 1092 2574 1164 quibus
2614 1103 2782 1149 totam
2812 1096 2985 1150 animi
3025 1096 3386 1166 cupiditatem

1802 1192 1926 1240 astu
1955 1186 2198 1255 rapiens,
2228 1202 2259 1241 a
2297 1187 2483 1241 divina
2510 1202 2611 1241 nos
2642 1202 2867 1257 prorsus
2905 1189 3193 1253 charitate,
3228 1189 3391 1244 Crea-

1806 1276 1942 1331 toris
1963 1285 2159 1346 sponte
2193 1277 2382 1332 hostes
2408 1278 2773 1343 constituens,
2810 1280 3079 1350 abjungit.
3107 1280 3264 1336 Ultor
3293 1298 3393 1336 au-

1806 1376 1941 1435 tem,
1966 1384 2093 1423 cum
2125 1368 2354 1434 nudato,
2381 1384 2493 1439 quo
2530 1385 2631 1425 nos
2658 1371 3034 1439 prosequitur,
3067 1373 3214 1437 odio,
3240 1374 3391 1428 velut

1804 1460 1915 1531 jam
1953 1458 2003 1515 ei
2052 1476 2152 1531 per
2198 1470 2486 1531 peccatum
2529 1461 2706 1517 factos
2752 1461 3043 1529 obnoxios,
3076 1464 3142 1519 ad
3175 1482 3391 1535 pmnam

1808 1550 2078 1622 deposcit.
2109 1553 2267 1608 Nulla
2296 1554 2442 1609 enim
2484 1570 2543 1609 re
2579 1570 2736 1624 aeque
2766 1553 3070 1609 delectatur
3114 1557 3389 1619 diabolus,

1806 1656 1875 1696 ac
1910 1644 2153 1700 hominis
2184 1646 2478 1715 supplicio.
2506 1646 2609 1703 Ubi
2645 1656 2830 1702 autem
2860 1648 2912 1701 id
2952 1647 3027 1702 illi
3069 1664 3393 1702 concessum

1810 1737 2000 1800 fuerit,
2032 1736 2140 1792 alia
2179 1736 2303 1792 aliis
2335 1736 2690 1793 succedenti:
2732 1738 2896 1799 mala,
2927 1754 3049 1806 quae
3078 1738 3267 1792 invitis
3296 1738 3399 1793 du-

1812 1845 1909 1884 rus
1932 1836 2155 1884 exactor
2196 1828 2426 1899 inﬂigat,
2457 1829 2791 1899 excogitans,
2823 1829 3061 1884 turbinis
3096 1829 3149 1884 in
3186 1846 3395 1885 morem

1812 1921 1922 1977 illis
1966 1920 2285 1976 immaniter
2330 1921 2560 1991 ingruit,
2604 1919 2659 1973 in
2708 1935 2846 1989 quos
2891 1920 2989 1975 Dei
3036 1922 3396 1991 permissione

1812 2013 2026 2083 accepit
2060 2020 2387 2082 potestatem
2421 2030 2435 2065 :
2480 2029 2587 2067 non
2630 2012 2773 2083 quod
2813 2013 2906 2067 Dei
2939 2014 3259 2069 mandatum
3291 2015 3399 2069 im-

1812 2106 1965 2180 plere
1991 2105 2146 2169 velit,
2188 2104 2285 2159 sed
2326 2104 2435 2159 hoc
2478 2105 2643 2159 etiam
2695 2113 2858 2174 atque
2907 2104 3072 2159 etiam
3121 2114 3394 2177 satagens,

1815 2204 1878 2249 ut
1926 2196 2009 2250 sui
2064 2196 2119 2250 in
2161 2212 2263 2251 nos
2303 2195 2415 2251 odii
2446 2196 2556 2251 alat
2588 2196 2775 2262 virus;
2812 2213 2919 2267 quo
2956 2213 3153 2267 nempe
3192 2198 3397 2269 ingenti

1814 2303 2187 2344 aerumnarum
2235 2288 2603 2359 dolorumque
2655 2288 2896 2359 pondere
2947 2306 3059 2361 prae
3116 2290 3400 2347 debilitate

1818 2381 2081 2436 fatiscens
2120 2382 2338 2437 animus
2371 2382 2570 2437 divina:
2615 2381 2713 2436 abs
2750 2397 2807 2436 se
2856 2381 2973 2452 spei
3012 2382 3277 2438 virtutem
3307 2383 3406 2437 ab-

1816 2472 2064 2539 scindat;
2111 2472 2207 2543 qui
2236 2474 2495 2530 videlicet
2539 2474 2915 2544 corruptionis
2960 2473 3084 2529 loco
3128 2491 3192 2531 ac
3233 2474 3403 2530 disci-

1818 2561 2003 2631 plinaa,
2040 2580 2164 2633 qua:
2196 2564 2425 2620 molesta
2455 2564 2722 2620 eveniunt
2747 2581 2812 2621 ac
2842 2566 3178 2631 inferuntur,
3211 2565 3268 2620 in
3303 2564 3406 2619 im-

1818 2653 2040 2722 pietatis
2072 2662 2459 2724 argumentum
2492 2667 2691 2712 vertat.

1890 2742 1979 2798 8l.
2026 2742 2163 2798 Cum
2210 2742 2271 2807 ii,
2318 2743 2415 2814 qui
2455 2745 2690 2800 actionis
2727 2743 3001 2813 habitum,
3054 2762 3117 2802 ac
3162 2752 3409 2801 contem-

1820 2833 2007 2904 plandi
2036 2834 2325 2890 scientiam
2366 2830 2513 2891 nacti
2544 2848 2694 2903 sunt,
2738 2838 2805 2893 ad
2846 2838 3170 2908 captandam
3207 2854 3273 2893 ex
3310 2837 3411 2892 ho-

1821 2924 2069 2979 minibus
2126 2925 2360 2995 gloriam
2422 2925 2537 2980 haec
2590 2926 2807 2993 colunt;
2872 2943 3071 2998 nempe
3138 2928 3408 2982 virtutum

1822 3015 2017 3070 modos
2047 3016 2351 3085 conspicuo
2377 3026 2532 3086 gestu
2575 3026 2740 3087 atque
2764 3018 2956 3072 habitu
2993 3018 3409 3084 adumbrantes,

1821 3106 2213 3177 sapientiaaque
2236 3122 2301 3161 ac
2327 3107 2571 3163 scientia:
2589 3109 2859 3165 duntaxat
2892 3125 3176 3163 sermones
3201 3109 3410 3178 absque

1822 3211 2051 3266 operum
2100 3197 2315 3265 iustitia
2362 3199 2683 3268 loquentes;
2739 3199 3001 3269 velutque
3054 3199 3281 3254 virtutis
3346 3214 3412 3253 ac

1817 3286 2065 3342 scicntia:
2101 3290 2346 3351 nomine,
2374 3304 2485 3359 quo
2512 3297 2727 3344 tument
2762 3289 2929 3353 fastu,
2975 3289 3098 3344 aliis
3128 3296 3412 3344 ostentan-

1818 3386 1936 3445 tes;
1992 3380 2448 3435 convenientibus
2489 3381 2689 3437 merito
2730 3381 3017 3436 laboribus
3071 3382 3408 3436 traduntur:

1819 3475 1883 3520 ut
1921 3482 2023 3537 per
2054 3476 2330 3523 tormenta
2369 3484 2433 3523 ac
2461 3470 2625 3534 mala,
2665 3484 2829 3539 quam
2856 3485 2923 3523 ex
2965 3468 3114 3524 inani
3144 3467 3411 3539 iactantia

1819 3558 2097 3627 stultaque
2128 3558 2215 3613 sui
2254 3558 2515 3627 opinione
2559 3559 2928 3625 ncsciverant,
2978 3575 3175 3614 sensus
3218 3555 3411 3612 mode-

1822 3649 1983 3703 stiam
2010 3649 2090 3721 (id
2111 3658 2220 3716 est,
2250 3649 2641 3719 humilitatem)
2678 3650 2763 3705 vel
2788 3666 2913 3705 sero
2952 3650 3259 3705 addiscant.

1895 3742 1985 3795 82.
2026 3740 2273 3811 Quisque
2314 3741 2625 3797 damonum
2664 3757 2764 3812 pro
2808 3742 3057 3813 subjecta
3100 3740 3207 3796 sibi
3248 3747 3413 3809 atque

1824 3832 1998 3887 indita
2026 3833 2349 3898 idoneitate,
2377 3834 2444 3889 ad
2475 3834 2617 3889 hanc
2652 3835 2870 3889 illamve
2911 3833 3252 3889 inferendam
3295 3838 3413 3885 ten-

1826 3924 2096 3980 tationem
2134 3926 2434 3981 ministrat.
2472 3926 2631 3981 Alius
2670 3927 2817 3981 enim
2863 3925 3014 3980 aliud
3055 3924 3299 3980 incendit
3330 3924 3413 3978 vi-

1829 4014 1989 4079 tium,
2025 4015 2278 4086 aliusque
2313 4016 2424 4070 alio
2453 4017 2632 4085 palam
2656 4016 2979 4071 sceleratior
3010 4026 3115 4081 est,
3156 4023 3319 4085 atque
3343 4014 3412 4068 ad

1828 4106 1935 4163 hoc
1960 4107 2164 4163 illudve
2188 4108 2310 4163 vitii
2345 4123 2518 4178 genus
2556 4108 2731 4179 magis
2764 4108 3019 4163 idoneus.

1899 4292 1988 4347 8'5.
2030 4292 2109 4347 Ne
2154 4291 2257 4362 ipsi
2296 4290 2520 4361 quidem
2566 4290 2865 4354 dmmones,
2905 4289 3067 4343 aliter
3104 4304 3266 4358 quam
3313 4286 3413 4343 Dei

1830 4383 2217 4455 permissione,
2242 4384 2354 4439 ullo
2381 4383 2545 4437 modo
2562 4382 2784 4437 diabolo
2814 4381 3129 4435 ministrare
3156 4386 3412 4449 possunt.

1830 4474 1997 4530 Novit
2027 4475 2177 4530 enim
2206 4476 2352 4528 Deus
2378 4489 2485 4543 qua
2518 4471 2755 4537 ratione,
2791 4487 2898 4541 qua
2925 4487 3025 4540 par
3051 4480 3138 4526 est
3173 4471 3415 4526 clemen-

151 4564 469 4637 λανθρώπου
498 4566 593 4619 καὶ
623 4566 835 4636 ἀγαθῆς
872 4565 1131 4637 προνοίας
1172 4566 1447 4636 συγχωρεῖ
1486 4563 1562 4635 τῷ
1611 4563 1714 4617 δια·

1834 4566 1907 4621 tia
1938 4565 2447 4636 benignissimaque
2478 4563 2829 4635 providentia
2861 4562 3083 4617 diabolo
3098 4562 3413 4633 permittat,

154 4656 291 4729 ϐὁλῳ
320 4657 412 4711 διὰ
435 4657 544 4711 τῶν
566 4656 732 4710 αὑτοῦ
755 4656 1049 4729 ὑπουργῶν
1070 4698 1083 4721 ,
1119 4655 1218 4719 τὰς
1250 4656 1335 4726 ἐφ’
1366 4651 1449 4720 οἷς
1484 4655 1714 4727 ἡμάρτο-

1832 4664 1893 4709 ιιι
1947 4670 2048 4725 per
2094 4669 2227 4710 suos
2286 4655 2592 4718 ministros,
2655 4668 2848 4709 eorum
2904 4669 3027 4722 qua:
3055 4651 3419 4734 peccavimus

158 4764 271 4817 μεν,
301 4747 593 4819 διαφόρους
625 4747 898 4801 ποιεῖσθαι
926 4746 1199 4819 τιμωρίας
1228 4764 1241 4778 '
1278 4746 1374 4799 καὶ
1392 4746 1545 4816 δηλοῖ
1567 4748 1714 4800 τοῦτ(

1829 4749 2012 4818 exigat
2053 4762 2264 4817 poenas.
2305 4746 2385 4802 Ac
2434 4745 2724 4816 perspicue
2778 4743 2934 4815 531
2979 4742 3244 4807 declarat,
3297 4758 3419 4812 qua:

159 4842 367 4910 σαφῶς,
398 4841 433 4911 ἡ
463 4839 710 4914 περὶτοῦ
739 4838 862 4893 ’Ῑὼϐ
909 4839 1202 4911 συγγραφὴ
1232 4840 1307 4909 μὴ
1332 4838 1631 4909 δυνάμενον
1650 4837 1714 4909 τῖε

1833 4840 2154 4910 conscripta
2208 4848 2389 4895 exstat
2454 4838 2579 4894 Jobi
2650 4837 2913 4903 historia;
2969 4851 3079 4906 qua
3139 4834 3419 4889 memoria:
3530 4836 3545 4851 ⁸

167 4929 281 4984 Ἰὼϐ
312 4930 597 4994 παντελῶς
627 4928 1002 5000 προσπελάσαι
1026 4929 1118 4983 τὸν
1144 4929 1389 4984 διάϐολον
1414 4930 1732 5000 ἀναγραφο-

159 5023 314 5095 μένη,
348 5023 472 5095 δίχα
489 5022 584 5078 τοῦ
608 5021 753 5077 θείου
789 5021 953 5093 βουλή
964 5032 1156 5093 ματος.

1833 4929 2119 5001 proditum
2180 4936 2289 4993 est,
2346 4943 2457 4982 non
2521 4927 2768 4998 potuisse
2820 4926 3101 4981 diabolum
3168 4924 3416 4988 omnino,

1835 5027 2199 5089 praeterquam
2262 5018 2358 5072 Dei
2418 5023 2579 5081 nutu,
2628 5014 2829 5071 Jobum
2883 5011 3126 5083 aggredi,
3185 5018 3282 5064 aut
3336 5008 3417 5063 illi

1830 5111 2207 5182 propinquare
2243 5109 2314 5163 ³¹.

1903 5203 1995 5259 84.
2043 5202 2207 5258 Fides
2247 5202 2362 5272 ipsa
2400 5216 2532 5255 vere
2569 5197 2865 5263 exsistens,
2899 5194 3093 5251 efﬁcax
3128 5200 3213 5248 est
3236 5199 3293 5247 et
3324 5207 3418 5245 ac-

1820 5302 2023 5359 tuosa;
2053 5307 2162 5362 qua
2194 5291 2290 5346 Dei
2314 5303 2517 5353 sermo,
2551 5287 2608 5341 in
2643 5285 2732 5340 his
2761 5282 2855 5355 qui
2899 5283 3173 5337 actionem
3206 5278 3415 5339 colunt,

1834 5383 2110 5439 mandatis
2140 5387 2471 5453 corporatus
2502 5376 2739 5449 patescit
2770 5390 2784 5429 :
2828 5389 2929 5444 per
2975 5387 3098 5442 qua:
3136 5378 3198 5424 ut
3237 5380 3421 5424 sermo

223 5196 330 5252 ςτδν.
372 5197 770 5262 Ὲνυπόστατος
825 5198 1014 5263 πίστις
1072 5198 1243 5265 ἐστὶν,
1270 5198 1305 5269 ἡ
1358 5198 1589 5269 ἐνεργὴς
1643 5198 1739 5251 καὶ

161 5287 494 5363 ἐμπρακτος,
519 5291 644 5347 καθ’
682 5294 749 5364 ῆν
778 5294 808 5346 ὁ
835 5291 931 5346 τοῦ
962 5290 1098 5345 Θεοῦ
1120 5291 1278 5361 λόγος
1324 5292 1385 5345 ἐν
1426 5293 1543 5353 τοῖς
1600 5307 1740 5361 πρα-

161 5385 364 5447 κτικοῖς
400 5385 479 5454 (ul
516 5382 814 5448 δείκνυται,
841 5385 965 5447 ταῖς
996 5382 1242 5447 ἐντολαῖς
1289 5381 1545 5453 σωματοὺ
1556 5398 1736 5453 μενος,

232 5524 274 5555 ³⁸
298 5526 400 5581 Job
428 5543 467 5593 ι,
496 5527 578 5581 12.

233 5637 252 5658 ⁹
275 5637 360 5693 Cf.
394 5654 489 5710 qu.
519 5640 611 5694 26.
648 5638 719 5694 ad
745 5638 993 5705 Thalass,

1836 5762 1893 5808 et
1916 5751 2010 5821 qui
2042 5743 2518 5821 contemplationi.
2569 5742 2718 5821 lflihil
2752 5738 3119 5821 beneﬁcus;
3166 5736 3303 5821 Dum
3336 5752 3421 5791 ra

235 5753 312 5822 (ιι)
354 5755 450 5807 Ἐν
475 5756 971 5825 τοῖςπρακτικοῒς.
991 5754 1246 5811 Distincti
1266 5754 1471 5825 ubique
1500 5769 1714 5825 πρακτις

1836 5762 1893 5808 et
1916 5753 2010 5821 qui
2042 5753 2518 5825 contemplationi.
2569 5753 2718 5825 tjitnt
2754 5753 3119 5825 beneﬁcus;
3166 5753 3243 5825 un

1850 5807 2128 5893 geruntur,
2164 5807 2369 5890 patéﬁt.
2398 5814 2535 5881 lmo,
2567 5813 2633 5869 In
2666 5811 2790 5884 ipsis
2818 5811 2910 5881 qui
2939 5807 3116 5864 colunt
3140 5809 3419 5869 actionem.

172 5824 250 5875 χοὶ
276 5833 467 5880 contra
489 5822 876 5899 θεωρητικοὺς,
898 5826 995 5897 qui
1026 5826 1238 5882 scilicet
1264 5822 1486 5881 student
1515 5822 1742 5888 actioni,
