3972 6428
638 397 780 462 1215

1796 409 1857 471 S.
1898 408 2187 472 MAXIMI
2222 409 2733 482 CONFESSORIS

3712 427 3814 503 1216

642 519 703 562 ac
730 505 996 574 Verbum,
1026 508 1253 568 eosdem
1282 513 1518 571 actionis
1570 518 1813 579 cultores
1859 525 1931 579 ad
1980 526 2195 583 Patrem

2321 531 2393 587 δι’
2428 528 2506 590 ὧν
2531 534 2609 599 ὡς
2640 536 2812 606 Λόγος
2839 536 2978 609 πρὸς
3018 537 3115 594 τὸν
3150 540 3213 595 ἐν
3249 533 3298 611 ᾧ
3351 542 3495 598 κατὰ
3517 543 3663 615 φύσιν
3686 550 3812 620 ἐστίν,

640 611 693 650 in
720 612 831 666 quo
865 613 965 669 per
996 610 1249 657 naturam
1266 612 1372 670 est,
1401 619 1624 663 sursum
1650 612 1896 672 adducit.

707 686 797 743 85.
832 688 970 744 Vitae
996 694 1416 751 conversionem
1450 698 1774 773 cultumque
1794 708 2125 778 angelicum,
2151 724 2216 767 ac

639 787 1004 848 spontaneum
1053 785 1224 839 animi
1267 802 1393 843 cum
1426 805 1658 862 corpore
1682 794 2021 863 divortium,
2066 802 2213 858 divi-

640 883 830 938 (neque
866 870 922 925 in
980 873 1176 941 spiritu
1225 874 1641 937 instaurationis
1691 894 1896 950 ortum,
1933 888 2073 944 Novi
2111 890 2216 947 Te—

638 1046 1118 1105 circumcisionem
1145 1069 1344 1110 vocare
1370 1059 1543 1115 moris
1564 1071 1652 1117 est
1665 1046 1866 1122 divinae
1890 1066 2211 1140 Scriptura,

634 1137 783 1205 quod
832 1138 1129 1199 libidinosa
1176 1146 1347 1203 animi
1392 1150 1463 1205 ad
1513 1167 1718 1224 corpus
1765 1155 1984 1215 affectio
2015 1137 2213 1232 ampu-

635 1234 805 1283 tatur.

705 1322 793 1376 86.
824 1323 975 1379 Deus
1007 1338 1133 1382 cum
1174 1328 1354 1389 bonus
1390 1348 1455 1390 ac
1490 1336 1762 1408 benignus
1786 1339 1878 1405 sit,
1909 1342 2148 1414 malique
2178 1360 2211 1400 a

634 1410 799 1466 nobis
853 1424 1021 1484 atque
1065 1417 1187 1473 vitii
1230 1436 1420 1478 semen
1460 1440 1690 1494 prorsus
1734 1431 2042 1501 exstirpare
2078 1435 2213 1490 velit

636 1500 995 1574 (voluptatem
1043 1510 1254 1566 scilicet
1298 1529 1365 1569 ac
1410 1515 1720 1587 libidinem,
1771 1500 1976 1592 quala
2025 1525 2211 1583 divina

634 1592 903 1650 eharitate
941 1599 1185 1654 animum
1237 1604 1543 1673 subduxit),
1588 1610 1832 1678 diabolo,
1889 1622 1951 1669 ut
1991 1617 2210 1674 labores

635 1684 799 1739 nobis
823 1696 881 1742 et
912 1691 1178 1759 supplicia
1215 1694 1435 1763 inferat,
1459 1702 1762 1771 permittit;
1803 1721 1914 1776 quo
1944 1709 2209 1767 nimirum

634 1777 799 1833 simul
823 1794 888 1834 ac
916 1783 1107 1848 semel,
1148 1794 1262 1841 tum
1303 1790 1424 1860 ejus
1454 1807 1578 1861 quae
1606 1799 1920 1865 antecessit,
1954 1802 2209 1874 volupta-

2314 623 2505 693 ἀνάγει
2534 627 2754 699 Πατέρα
2777 629 2906 695 τοὺς
2933 630 3292 702 πράττοντας.

2386 724 2491 771 πε’.
2518 719 2675 790 Ζωῆς
2699 721 2990 791 μετάθεσιν
3023 724 3120 779 καὶ
3154 724 3410 797 λατρείαν
3437 727 3721 802 ἀγγελικὴν,
3744 735 3816 787 καὶ

2317 807 2458 879 πρὸς
2482 810 2644 880 σῶμα
2666 811 2843 885 ψυχῆς
2874 815 3120 870 ἑκούσιον
3149 817 3525 905 ἀλλοτρίωσιν.
3554 821 3639 874 καὶ
3673 823 3753 893 τῆς
3774 827 3817 878 ὲν

2314 899 2584 971 πνεύματι
2612 902 2765 968 θείας
2794 909 3207 980 μεταποιήσεως
3250 899 3484 978 γένεσιν,
3510 913 3571 967 τὸ
3605 914 3691 984 τῆς
3707 917 3816 982 Νέας

2320 991 2600 1066 Διαθήκης
2639 999 2996 1067 καταγγέλλει
3046 1002 3365 1074 μυστήριον.
3413 1006 3755 1078 Πνευματικὴν
3776 1011 3816 1063 ἃ

2313 1086 2618 1156 περιτομὴν
2670 1089 2701 1141 ό
2745 1089 2906 1159 λόγος
2952 1088 3063 1147 οἶδε
3117 1093 3323 1160 καλεῖν,
3386 1095 3488 1160 τὴν
3542 1097 3600 1160 τῆ

2381 1344 2499 1410 πς’.
2546 1344 2777 1415 ’Δγαθδς
2808 1348 3073 1421 ὑπάρχων
3096 1351 3126 1405 ό
3164 1351 3332 1418 Θεὸς,
3365 1352 3466 1407 καὶ
3506 1352 3662 1408 θέλων
3704 1354 3817 1426 ἡμῦν

2311 1435 2522 1490 δκτῐλαι
2550 1438 2836 1505 παντελῶς
2866 1440 2930 1496 τὸ
2967 1443 3071 1513 τῆς
3114 1444 3313 1508 κακίας
3350 1446 3575 1517 σπέρμα
3627 1446 3711 1518 τὴν
3732 1447 3815 1517 ἠὼ-

2310 1527 2430 1599 νὴν,
2466 1528 2565 1600 τὴν
2593 1529 2685 1583 τὸν
2706 1530 2832 1586 νοῦν
2857 1533 2961 1603 τῆς
2992 1533 3141 1599 θείας
3172 1536 3593 1608 άποσυλήσασαν
3619 1539 3816 1609 ἀγάπης,

2311 1621 2587 1691 συγχωρεῖ
2609 1621 2688 1692 τῷ
2718 1622 2950 1695 διαϐόλῳ
2975 1627 3169 1690 πόνους
3201 1629 3335 1699 ἡμῖν
3362 1629 3460 1684 καὶ
3492 1632 3729 1701 τιμωρίας
3756 1633 3818 1683 ἑπ-

2309 1711 2559 1778 αγαγεῖν·
2604 1710 2749 1765 κατά
2781 1712 2977 1768 ταὺτὸν
3016 1715 3111 1769 καὶ
3140 1716 3240 1786 τῆς
3280 1717 3652 1790 προλασοὺτης
3679 1720 3819 1791 ἡδονῆς

2308 1796 2401 1852 τὸν
2459 1798 2557 1865 ίδν,
2595 1798 2687 1854 διὰ
2728 1799 2841 1856 τῶν
2902 1802 3083 1857 πόνων
3130 1804 3231 1876 τῆς
3260 1806 3447 1878 ψυχῆς
3485 1809 3819 1875 άποξέιιιν,ειὶ

636 1865 707 1945 tis
744 1868 898 1924 virus
939 1887 1039 1941 per
1093 1874 1313 1933 labores
1358 1880 1546 1937 animo
1578 1884 1877 1957 abstergat,
1919 1899 2035 1944 tum
2077 1865 2200 1948 vero

2310 1889 2447 1963 πρὸς
2475 1890 2545 1944 τὰ
2572 1892 2815 1963 παρόντα
2843 1894 2938 1947 καὶ
2969 1895 3140 1967 μόνην
3317 1865 3573 1971 α’ίσθησιν
3601 1865 3818 1964 sebum,

634 1956 927 2015 adversum
957 1961 1122 2034 hujus
1146 1967 1247 2021 aevi
1287 1984 1397 2035 res,
1428 1987 1493 2027 ac
1535 1988 1658 2042 quae
1693 1977 1799 2031 soli
1832 1981 2023 2035 sensui
2053 1981 2210 2038 blan-

628 2049 879 2118 diantur,
931 2054 1120 2110 odium
1178 2058 1341 2115 nobis
1395 2063 1807 2137 perfectamque
1861 2069 2211 2129 abhorrentis

632 2138 805 2195 animi
854 2140 1284 2213 displicentiam,
1345 2148 1588 2220 ingerat;
1642 2164 1703 2210 ut
1755 2171 1990 2226 quarum
2052 2175 2207 2224 usus,

630 2238 829 2299 praater
870 2248 1112 2303 poenam,
1160 2240 1384 2311 majoris
1423 2242 1563 2297 nihil
1610 2249 1885 2303 commodi
1943 2250 2142 2307 habeat
2190 2270 2205 2307 :

632 2318 800 2389 idque
844 2320 1065 2378 demum
1100 2341 1292 2397 agens,
1322 2340 1383 2384 ut
1412 2330 1562 2388 illius
1594 2335 1782 2400 ultrix,
1814 2337 2208 2411 hominumque

631 2410 960 2479 propensior
1007 2413 1134 2470 odio
1190 2420 1459 2487 potentia,
1510 2422 1650 2493 ipsa,
1700 2427 1841 2482 mala
1888 2410 2205 2501 intligendo,

628 2499 698 2554 ad
729 2501 1011 2571 virtutem,
1047 2522 1145 2563 eos
1181 2510 1275 2580 qui
1316 2520 1512 2582 sponte
1562 2515 1631 2570 ab
1675 2533 1741 2573 ea
1784 2499 2029 2593 prolapsi
2073 2524 2204 2590 sint,

628 2600 788 2660 cogat
813 2603 871 2649 et
906 2595 1154 2653 reducat.

700 2683 789 2739 87.
826 2686 1036 2744 Decens
1073 2690 1234 2760 plane
1264 2708 1597 2768 equumque
1639 2710 1745 2766 est,
1787 2712 1848 2756 ut
1883 2704 1977 2773 qui
2012 2721 2207 2775 pravas

629 2772 835 2829 diaboli
862 2781 1262 2850 suggestioncs,
1304 2796 1365 2841 ut
1395 2798 1593 2857 sponte
1630 2772 1941 2860 peccarent,
1972 2772 2206 2854 libentes

628 2865 813 2919 animo
842 2882 1230 2940 susceperunt,
1271 2876 1341 2931 ab
1371 2894 1439 2933 eo
1478 2882 1799 2949 puniantur.
1842 2886 2058 2942 Etenim
2090 2890 2207 2947 dia-

628 2954 791 3012 holus
830 2966 944 3013 tum
991 2978 1092 3031 per
1138 2967 1485 3026 voluntarios
1537 2973 1767 3032 affectus
1808 2994 1873 3033 ac
1920 2981 2205 3049 passiones

626 3048 925 3119 voluptatis
951 3061 1102 3109 sator
1144 3067 1253 3123 est,
1290 3067 1407 3115 tum
1448 3063 1658 3122 doloris
1687 3083 1751 3123 ac
1798 3048 2077 3128 cruciatus
2101 3090 2203 3145 per

623 3139 1029 3201 involuntarios
1062 3145 1307 3208 inflictor
1338 3166 1395 3209 et
1419 3166 1595 3213 actor.

695 3235 785 3291 88.
824 3237 977 3297 Mens
1012 3246 1469 3315 contemplationi
1509 3251 1695 3307 dedita
1745 3265 1911 3327 atque
1957 3260 2201 3331 sapiens,

624 3326 834 3386 idcirco
874 3331 1021 3389 haud
1065 3351 1193 3392 raro
1227 3339 1520 3408 plectenda
1559 3344 1782 3403 diabolo
1818 3326 2076 3419 traditur,
2106 3326 2203 3426 qui

616 3414 766 3485 juste
813 3419 865 3473 ei
912 3420 1133 3477 labores
1164 3440 1553 3498 mrumnasque
1596 3448 1696 3488 seu
1732 3435 1917 3493 clades
1953 3414 2202 3509 inducat,

623 3513 686 3559 ut
715 3506 893 3563 discat
925 3513 1098 3583 magis
1131 3529 1231 3583 per
1266 3518 1433 3585 mala,
1477 3537 1600 3591 qua:
1642 3526 1872 3595 patitur,
1922 3506 2203 3601 patienter

585 3594 850 3654 'ferendo
890 3617 957 3656 ac
1000 3605 1331 3663 sustinendo
1373 3610 1773 3684 philosophari,
1809 3594 1975 3691 quam
2019 3633 2082 3680 ut
2111 3642 2206 3681 su-

622 3687 856 3757 perﬂue,
914 3692 1008 3759 iis,
1054 3711 1177 3766 qua:
1213 3714 1325 3754 non
1365 3711 1517 3770 sunt,
1557 3710 1949 3781 superbiendo,
1998 3732 2202 3775 evane-

618 3786 758 3831 scat.

688 3867 779 3923 89.
821 3870 935 3963 Qui
989 3876 1061 3931 ob
1113 3877 1296 3935 lmsam
1347 3882 1446 3939 Dei
1490 3887 1722 3957 gratiam
1785 3894 2015 3963 patitur,
2067 3898 2199 3956 dum

616 3960 865 4016 sanantis
890 3978 1018 4018 eum
1049 3966 1251 4025 divina:
1274 3974 1642 4041 providentia:
1666 3960 1938 4040 rationem
1962 4002 2194 4059 agnove-

618 4047 714 4114 rit,
741 4059 854 4106 tum
887 4054 1033 4111 illata
1062 4059 1203 4113 mala
1236 4063 1442 4132 gratias
1470 4069 1684 4138 agendo
1710 4075 1911 4143 gaudio
1942 4047 2195 4150 suvscipit,

617 4147 734 4196 tum
762 4146 922 4217 cujus
948 4146 1107 4219 532
1144 4154 1319 4222 gratia
1349 4158 1904 4239 punitur,delictum
1942 4146 2192 4242 corrigit.

612 4227 719 4297 Qui
752 4248 883 4290 vero
914 4237 1034 4308 ejus
1067 4240 1357 4299 medicina:
1388 4236 1621 4323 sensum
1648 4267 1757 4308 non
1789 4256 2043 4326 percipit,
2077 4268 2195 4316 tum

613 4337 647 4377 a
677 4338 939 4383 concessa
968 4332 1146 4401 gratia
1172 4334 1322 4404 juste
1352 4350 1695 4408 removetur,
1736 4354 1854 4400 tum
1893 4348 2191 4408 libidinum

613 4428 679 4469 ac
716 4415 981 4473 vitiorum
1024 4422 1342 4481 confusioni
1382 4431 1642 4499 traditur,
1692 4436 1749 4490 in
1793 4437 1899 4494 hoc
1940 4440 2194 4499 desertus

2312 1986 2468 2053 μῖσος
2491 1984 2623 2055 ἡμῖν
2645 1985 2740 2039 καὶ
2770 1985 2981 2051 τελείαν
3006 1987 3377 2054 άποδιάθεσιν,
3412 1991 3493 2055 ὡς
3524 1992 3675 2062 μηδὲν
3697 2010 3818 2062 τιμω-

2312 2072 2435 2144 ρίας
2461 2073 2625 2128 πλέον
2644 2075 2725 2138 είς
2756 2074 2946 2147 κέρδος
2983 2078 3301 2150 κεκτημένα
3345 2080 3494 2135 κατὰ
3530 2082 3624 2152 τὴν
3655 2086 3817 2154 χρῆσιν,

2306 2166 2605 2238 ἐμποιῆσαι
2629 2166 2974 2239 βουλόμενος,
2997 2170 3095 2224 καὶ
3133 2169 3233 2243 τὴν
3263 2172 3481 2227 ἐκείνου
3520 2175 3734 2246 τιμωρὸν
3754 2176 3818 2227 δύο

2307 2274 2474 2329 ναμιν
2503 2258 2600 2312 καὶ
2635 2259 3042 2332 μισάνθρωπον,
3067 2261 3166 2334 τῆς
3198 2262 3335 2334 πρὸς
3364 2264 3571 2336 ἀρετὴν
3595 2266 3818 2332 ἐπαναγω-

2306 2347 2412 2417 γῆς
2479 2349 2870 2422 περιστατικὴν
2930 2353 3111 2408 αίτίαν
3172 2353 3517 2426 ποιήσασθαι
3561 2355 3659 2410 τῶν
3697 2356 3818 2426 αὐτῆς

2305 2438 2570 2505 ἑκουσίως
2602 2440 3104 2514 άπολισθησάντων.

2371 2718 2483 2784 πρ.
2514 2721 2733 2792 Πρέπον
2754 2722 2873 2777 ἔστι
2896 2725 2993 2779 καὶ
3024 2724 3234 2782 δίκαιον
3258 2725 3365 2781 ὑπδ
3388 2727 3490 2783 τοῦ
3518 2728 3735 2783 διαϐόλου
3757 2745 3803 2781 κο

2302 2809 2579 2878 λάξεσθαι,
2609 2814 2735 2877 τοὺς
2796 2815 2894 2879 τὰς
2940 2815 3109 2871 αὑτοῦ
3155 2818 3407 2889 πονηρὰς
3457 2818 3717 2889 ὑποθήκας
3743 2818 3820 2871 τῶν

2301 2901 2566 2956 ἑκουσίων
2603 2905 3022 2977 ἁμαρτημάτων
3048 2908 3219 2980 ἡδέως
3245 2909 3598 2981 δεξαμένους·
3627 2911 3719 2964 καὶ
3743 2912 3819 2978 γὰρ

2302 2993 2397 3045 καὶ
2427 2995 2619 3065 ἡδονῆς
2652 2997 2767 3050 ἐστι
2791 2996 2882 3051 διὰ
2921 2998 3031 3052 τῶν
3060 2999 3327 3054 ἑκουσίων
3355 3002 3555 3058 παθῶν
3586 3002 3819 3072 empti)”

2300 3078 2546 3146 διάὸολος
2570 3122 2586 3149 ,
2638 3083 2732 3137 καὶ
2789 3084 2982 3157 ὀδύνης
3045 3087 3136 3142 διὰ
3184 3090 3295 3144 τῶν
3339 3091 3615 3147 ἀκουσίων
3654 3093 3817 3160 ἐπαΐω·

2118 3212 2121 3215 η
2227 3200 2272 3259 C
2303 3170 2454 3239 γεύς.

2377 3264 2491 3329 πη’.
2531 3258 2589 3313 '0
2623 3259 2956 3333 θεωρητικὸς
2993 3264 3117 3329 νοῦς
3153 3267 3246 3320 καὶ
3277 3269 3605 3336 γνωστικδς,
3630 3267 3744 3339 πρδς
3761 3284 3818 3320 τι·

2308 3347 2522 3418 μωρίαν
2573 3349 2838 3405 ἐκδίδοται
2876 3352 2966 3406 διὰ
3010 3353 3168 3409 τοῦτο
3202 3356 3475 3421 πολλάκις
3516 3357 3593 3427 τῷ
3614 3356 3815 3425 δαιδάλῳ.

2305 3439 2505 3502 πόνους
2548 3439 2697 3512 αὑτῷ
2752 3441 2977 3508 δικαίως
3008 3445 3266 3514 ἐπάγοντι
3308 3449 3409 3501 καὶ
3464 3447 3816 3519 συμφορὰς,ίνα

2307 3530 2453 3602 μάθῃ
2505 3530 2733 3603 πάσχων
2786 3534 2916 3605 περὶ
2968 3537 3262 3607 καρτερίας
3312 3539 3524 3609 μᾶλλον
3565 3540 3652 3593 καὶ
3689 3539 3815 3592 πόνων

2304 3621 2584 3693 ὑπομονῆς
2642 3623 3035 3697 φιλοσοφεῖν,ἦ
3090 3627 3345 3700 διακενῆς
3408 3632 3526 3695 τοῖς
3584 3630 3677 3685 οὑκ
3709 3623 3814 3683 οὖσιν

2303 3713 2669 3785 ὑπερηφάνως
2696 3716 3114 3787 ίμματαιάζειν.

2371 3880 2481 3937 πθ⁹.
2527 3881 2589 3934 '0
2632 3883 2860 3954 πάσχων
2905 3885 3046 3957 ὑπὲρ
3097 3887 3317 3959 χάριτος
3349 3886 3507 3960 [Ῑονι.
3541 3889 3672 3960 ὑπὲρ
3708 3885 3815 3945 θιῑιτ

2298 3973 2539 4047 ἐντολῆς]
2567 3974 2702 4029 Θεοῦ
2732 3976 3163 4049 παραδαθείσης,
3196 3978 3292 4032 ἐὰν
3337 3980 3555 4052 ἐπιγνῷ
3579 3980 3667 4050 τῆς
3694 3976 3812 4049 imp-£-

2296 4083 2397 4137 νης
2422 4064 2586 4121 αὑτὸν
2607 4066 2757 4130 θείας
2782 4067 3036 4140 προνοίας
3063 4068 3154 4122 τὸν
3182 4068 3340 4138 λόγον
3368 4072 3475 4141 τήν
3500 4088 3560 4124 τε
3590 4065 3815 4140 συμφορὰν

2298 4157 2637 4230 εὐχαρίστως
2696 4158 2910 4229 δέχεται
2962 4160 3188 4231 χαίρων,
3226 4162 3326 4215 καὶ
3353 4162 3456 4233 τὴν
3485 4163 3622 4233 ὑπὲρ
3642 4156 3701 4233 ἧς
3726 4175 3812 4211 εει-

2294 4250 2508 4304 δεύεται
2549 4248 2857 4321 διορθοῦται
2892 4250 3269 4323 πλημμέλειαν
3292 4269 3307 4284 °
3353 4254 3384 4305 ό
3409 4254 3469 4307 δὲ
3499 4254 3692 4323 ταύτης
3708 4250 3813 4304 har

2297 4342 2508 4413 σθητῶν
2536 4342 2637 4413 τῆς
2669 4341 2933 4413 ἰατρείας,
2962 4343 3060 4415 τῆς
3094 4361 3157 4398 τε
3198 4344 3453 4413 δοθείσης
3498 4345 3705 4406 ἐνδίκως
3736 4342 3811 4394 ἀτ-

2294 4431 2486 4501 άγεται
2501 4431 2723 4503 χάριτος
2748 4433 2842 4486 καὶ
2862 4435 2929 4503 τῇ
2956 4433 3222 4504 συγχύσει
3246 4434 3360 4488 τῶν
3378 4435 3570 4490 παθῶν
3591 4430 3811 4503 παραδίδο*

614 4514 676 4559 ιιι
721 4507 842 4576 ipso
890 4520 1073 4581 patret
1110 4532 1303 4587 opere,
1345 4537 1579 4592 quorum
1625 4528 1811 4585 animo
1855 4531 2190 4589 desiderium

2301 4542 2406 4591 ται,
2441 4524 2579 4596 πρὸς
2627 4525 2727 4597 τὴν
2767 4524 2966 4596 πρᾶξιν
2990 4525 3165 4580 ἐλθεῖν
3189 4527 3737 4600 καταλιμπανόμενος,
3759 4515 3810 4577 ὅτι

612 4594 871 4655 habebat.

681 4688 769 4743 90.
803 4691 1087 4765 Quis’quis,
1135 4714 1332 4758 eorum
1371 4720 1495 4775 quae
1536 4706 1615 4762 illi
1655 4709 1856 4768 delicta
1902 4718 2194 4774 commissa

608 4786 760 4845 sunt,
792 4796 957 4838 sensu
997 4786 1292 4857 adductus,
1322 4804 1540 4864 sponte,
1568 4814 1677 4868 qua
1704 4800 1866 4857 decet
1888 4806 2192 4875 gratiarum

608 4872 846 4941 actione,
886 4880 1151 4935 arumnis
1204 4898 1399 4952 graves
1448 4890 1784 4948 tentationes
1830 4910 1952 4965 qua:
1988 4897 2193 4956 invitos

605 4963 912 5033 excipiunt,
947 4978 1008 5023 ut
1032 4973 1318 5043 suscipiat,
1353 4977 1409 5032 in
1446 4980 1692 5040 animum
1730 4986 1964 5052 inducit,
2013 4990 2189 5046 virtu-

608 5053 679 5108 tis
706 5055 898 5113 habitu
935 5068 1102 5131 atque
1136 5066 1311 5135 gratia
1338 5086 1449 5125 non
1485 5072 1737 5142 ejicitur;
1769 5085 1830 5131 ut
1857 5080 1954 5149 qui
1990 5092 2187 5151 sponte

604 5146 750 5217 regis
797 5149 1090 5223 Babylonis
1112 5158 1304 5228 jugum
1349 5162 1609 5231 subierit,
1672 5185 1737 5224 ac
1781 5146 1935 5226 velut
1979 5146 2185 5231 delicto

606 5239 855 5299 facturus
895 5246 1029 5301 satis
1076 5264 1408 5323 pcenamque
1441 5256 1623 5324 luens,
1659 5276 1771 5315 non
1807 5263 2034 5333 abnuat,
2061 5283 2185 5337 qua:

602 5329 683 5387 illi
728 5348 908 5402 paena:
944 5335 1262 5397 inferuntur
1305 5360 1322 5397 :
1365 5346 1464 5401 sed
1519 5346 1575 5402 in
1616 5349 1725 5424 illis
1771 5329 2028 5420 manens,
2066 5329 2182 5429 regi

598 5423 826 5490 quidem
871 5426 1167 5501 Babylonis
1223 5434 1435 5492 tributo
1476 5439 1641 5496 solvit
1687 5442 1753 5508 ³⁸,
1800 5444 2073 5503 violentos
2113 5423 2181 5505 ex

671 5537 718 5569 "
742 5537 948 5595 Jerem.
979 5557 1146 5609 xxv",
1182 5544 1216 5599 6
1242 5560 1398 5617 seqq.

2290 4618 2617 4683 ὲνδιαθέτως
2650 4614 2765 4690 εἶχε
2789 4617 2887 4689 τὴν
2918 4617 3125 4715 ἔφεξινο
3207 4710 3220 4715 Δ
3346 4712 3357 4715 Α
3497 4713 3512 4715 _
3623 4711 3647 4715 _
3739 4709 3749 4715 _
3784 4704 3803 4715 ,

2361 4709 2433 4779 Lf.
2467 4712 2583 4774 na;
2635 4710 2967 4781 ἀνεχόμενος
3032 4710 3297 4777 ἑκουσίως
3340 4712 3407 4767 ἐκ
3458 4713 3559 4784 τῆς
3582 4711 3682 4766 τῶν
3702 4709 3808 4774 αὐτῷ

2286 4802 2697 4875 πεπραγμένων
2721 4802 3148 4874 συναισθήσεως,
3173 4802 3431 4902 δέξασθαι
3450 4805 3556 4902 τὰς

2286 4894 2395 4950 τῶν
2425 4895 2699 4950 ἀκουσίων
2733 4892 3003 4965 ἐπιφορὰς
3050 4893 3396 4966 πειρασμῶν,
3424 4895 3570 4965 μετά
3589 4894 3677 4964 τῆς
3698 4892 3805 4945 δεού-

2292 5003 2393 5057 σης
2432 4985 2806 5057 εὐχαριστίας,
2835 4986 2937 5040 οὐκ
2982 4985 3307 5051 ὲξοικίζεται
3364 4988 3469 5059 τῆς
3513 4988 3630 5041 κατ’
3658 4980 3805 5055 ἀρετὴν

2288 5079 2457 5148 ἓξεώς
2477 5097 2539 5134 τε
2572 5080 2666 5134 καὶ
2692 5080 2935 5152 χάριτος,
2962 5080 3041 5145 ὡς
3066 5080 3314 5135 ὑπελθὼν
3341 5082 3607 5180 ἑκουσίως
3646 5081 3721 5133 τὸν
3739 5078 3802 5180 (Eu-

2288 5168 2385 5238 γδν
2407 5168 2671 5240 βασιλέως
2711 5169 3059 5244 Βαϐυλῶνος,
3088 5170 3184 5225 καὶ
3208 5171 3285 5236 ὡς
3321 5174 3489 5244 χρέος
3551 5168 3823 5229 άπατιννῦςς.

2286 5261 2389 5323 τὰς
2424 5259 2533 5314 τῶν
2568 5259 2817 5330 βασάνων
2840 5260 3116 5333 ἐπιφορὰς
3133 5263 3582 5359 Δκαταδεχόμενος
3608 5281 3622 5295 ο

2286 5353 2479 5416 αὑταῖς
2503 5351 2704 5423 μένων,
2730 5351 2875 5406 τελεῖ
2900 5352 2979 5423 τῷ
3001 5353 3102 5423 μὲν
3128 5353 3339 5425 βασιλεῖ
3363 5355 3689 5417 Βαϐυλῶνος,
3712 5351 3800 5407 τοὺς

2287 5451 2353 5504 ὲκ
2373 5449 2469 5505 τοῦ
2490 5446 2737 5516 παθητοῦ
2758 5449 2859 5519 τῆς
2892 5448 3111 5518 φύσεως
3141 5448 3349 5520 βιαίους
3384 5450 3607 5516 πόνους,
3634 5438 3799 5507 καὶτῇ

599 5670 741 5748 quos
759 5659 965 5748 statim.
986 5662 1118 5743 τοὺς
1151 5664 1491 5748 πράττοντας
1520 5677 1700 5723 vocat.
1740 5668 1882 5748 Alibi
1907 5670 2172 5748 pluribus
2275 5673 2895 5748 etcontemplationem,
2920 5676 3076 5748 velut
3102 5675 3343 5733 animam
3363 5716 3379 5743 ,
3412 5691 3537 5748 qua:
3561 5672 3617 5733 se
3650 5675 3796 5730 mmo

596 5726 837 5810 explicat
864 5729 1165 5810 Μωιὶῃιυει,⁸
1185 5726 1307 5810 esse
1328 5726 1627 5810 actionem,
1646 5754 1710 5792 ac
1729 5726 1952 5794 virtutis
1978 5756 2167 5810 opera,

598 5739 665 5779 ex
710 5739 837 5780 licat
864 5739 1150 5797 Maximus,
1185 5749 1307 5790 esse
1328 5739 1622 5801 actionem,
1646 5754 1710 5792 ac
1729 5739 1952 5794 virtutis
1978 5756 2167 5810 opera,

598 5739 975 5870 vefuteorpus
1019 5802 1259 5860 hominis
1282 5803 1574 5878 spiritalis;
1618 5809 1795 5882 ipsum
1825 5811 2167 5869 intellectum

2277 5745 2345 5801 ad
2372 5744 2494 5818 ejus
2524 5744 2919 5816 perfectionem
2948 5745 3250 5820 indigeant.
