4064 6480
234 375 383 443 [217
964 370 1299 433 CAPITUM
1338 371 1762 446 QUINQUIES
1800 374 2321 440 CENTENORUM
2358 379 2746 444 CENTURIA
2784 383 2834 445 Ι.
3376 384 3524 454 ’1218

221 492 315 545 ἐπ’
344 490 546 554 αὐτοῖς
575 488 716 543 κατά
737 487 980 543 διάνοιαν
1010 488 1086 552 ὡς
1107 488 1399 560 ὀφειλέτης
1424 491 1605 545 αὐτῶν
1627 491 1713 544 διὰ
1730 491 1829 556 τὰς

1935 503 2133 550 natura
2164 496 2375 565 patibili
2408 513 2474 554 ac
2520 500 2783 566 obnoxia,
2817 500 3059 567 labores,
3100 504 3417 576 mentisque
3463 506 3520 561 in

221 577 626 652 προλαϐοῦσας
684 577 1073 650 πλημμελίας,
1119 580 1521 646 συγκατάθεσιν
1555 598 1569 611 ‘
1634 582 1713 653 τῷ
1771 583 1829 637 δὲ

1935 599 2033 639 eos
2062 599 2415 652 consensum,
2450 597 2713 659 tanquam
2759 606 2957 646 eorum
2992 607 3145 658 reus,
3176 593 3250 648 ob
3278 609 3367 656 ea,
3397 610 3521 663 qua:

218 670 375 740 Θεῷ.
415 669 749 743 προσφέρων
787 669 876 724 διά
900 669 1159 741 λατρείας
1195 671 1476 743 ἀληθινῆς,
1510 674 1611 744 τῆς
1644 691 1830 728 canet-

218 760 324 831 νῆς
351 760 512 830 λέγω
544 760 861 829 διαθέσεως,
881 760 983 835 την
1022 762 1137 817 τῶν
1169 762 1650 836 παρημελημένων
1684 765 1829 838 διόρ.

221 851 434 906 θωσιν.

298 1039 430 1109 ιια⁹.
464 1042 523 1099 '0
542 1042 644 1117 τὴν
672 1042 818 1100 κατά
845 1041 1199 1116 συγχώρησιν
1217 1044 1355 1101 Θεοῦ
1379 1047 1519 1119 πρὸς
1539 1047 1829 1120 διόρθωσιν

220 1132 592 1205 ἐπαγομένην
615 1132 765 1204 αὐτῷ
792 1132 881 1189 διά
906 1132 1018 1187 τῶν
1038 1132 1310 1188 ἀκουσίων
1338 1136 1663 1209 πειρασμῶν
1686 1152 1829 1207 συμ-

222 1224 816 1296 φορὰν,ςεὺχαρίστως
872 1224 950 1297 μὴ
1004 1225 1440 1299 καταδεχόμενος
1471 1228 1568 1281 καὶ
1608 1227 1709 1299 τὴν
1733 1227 1829 1281 ἐπὶ

220 1315 308 1387 τῷ
328 1315 521 1370 δοκεῖν
547 1315 755 1380 δίκαιος
779 1311 941 1384 εἶναι,
977 1318 1303 1388 μεταγνοὺς,
1322 1318 1422 1373 οὐκ
1438 1318 1829 1391 ἀποτιθέμενος

223 1407 443 1479 οἴησιν,
470 1406 547 1471 ὡς
590 1408 706 1471 τοῖς
738 1406 906 1471 θείοις
932 1408 1043 1462 τῶν
1084 1409 1314 1464 δικαίων
1362 1411 1651 1482 κριμάτων
1680 1410 1829 1466 ἀντι-

222 1496 460 1553 πίπτων
487 1497 847 1569 θεσπίσμασι.
877 1498 975 1553 καὶ
998 1498 1074 1571 μὴ
1105 1500 1539 1573 καταδεχόμενος
1562 1502 1830 1568 ἑκουσίως

226 1584 340 1640 ὑπὸ
360 1584 460 1639 τὸν
481 1585 645 1654 ζυγὸν
658 1586 911 1655 γενέσθαι
936 1587 1032 1643 τοῦ
1054 1588 1325 1660 βασιλέως
1353 1589 1673 1656 Βαϐυλῶνος
1688 1590 1829 1647 κατά

225 1676 332 1748 τὴν
354 1661 515 1732 θείαν
533 1678 820 1752 διαταγὴν,
843 1681 924 1746 εἰς
940 1682 1321 1753 αἰχμαλωσίαν
1345 1684 1717 1756 παραδίδοται·
1736 1684 1829 1739 καὶ

226 1768 461 1833 κλοιοῦς
481 1769 576 1823 καὶ
600 1770 776 1842 δεσμά
799 1773 895 1825 καί⁸
918 1771 1107 1844 λοιμὸν
1138 1774 1235 1828 καὶ
1261 1774 1491 1831 θάνατον
1513 1776 1607 1830 καὶ
1630 1777 1829 1849 μάχαι-

1932 675 2045 746 iam
2085 677 2164 731 illi
2190 676 2395 733 delicta
2421 680 2715 736 commissa
2745 689 2897 747 sunt,
2930 682 3043 737 Deo
3082 692 3270 738 autem
3299 700 3401 754 per
3420 698 3531 740 γοα

1936 783 2060 822 rum
2088 769 2300 824 cultum
2343 778 2402 825 et
2425 770 2754 841 obsequium
2789 773 3080 842 (humilem
3111 774 3323 829 scilicet
3350 775 3521 830 animi

1935 877 2161 918 sensum
2186 873 2243 920 et
2282 864 2658 935 affectionem)
2694 867 3030 924 delictorum
3067 869 3232 925 oliert
3259 871 3523 926 emenda-

1936 954 2165 1011 tionem.

2004 1047 2096 1103 9i.
2155 1047 2263 1116 Qui
2317 1048 2623 1105 secundum
2682 1050 2781 1107 Dei
2832 1052 3230 1123 indulgentiam
3288 1053 3519 1123 eiusque

1933 1138 2233 1209 permissu,
2288 1155 2411 1210 quae
2472 1139 2819 1197 inducuntur
2869 1144 3274 1199 emendationis
3331 1160 3516 1210 causa,

1932 1231 2306 1287 tentationum
2355 1232 2559 1288 invitos
2606 1233 3005 1304 excipientium
3056 1235 3305 1298 incursu,
3350 1236 3516 1302 mala,
3566 1308 3576 1315 υ

1933 1324 2235 1395 gratiarum
2281 1325 2498 1381 actione
2544 1342 2655 1381 non
2706 1327 2971 1398 suscipit,
3021 1345 3144 1392 nec,
3193 1329 3519 1399 paenitentia

1933 1415 2155 1483 ductus,
2186 1418 2408 1473 inanem
2427 1419 2749 1489 iactantiam
2773 1420 2972 1490 suique
3001 1420 3340 1489 opinionem,
3367 1419 3518 1490 quod

1933 1507 2042 1571 sibi
2066 1509 2255 1582 iustus
2278 1509 2553 1576 videatur,
2589 1510 2842 1581 deponit,
2881 1519 3142 1581 tanquam
3185 1510 3279 1582 qui
3312 1511 3523 1566 divinis

1927 1601 2206 1701 iustorum
2236 1601 2575 1674 iudiciorum
2607 1603 2852 1659 decretis
2890 1604 3158 1670 obsistat;
3188 1620 3291 1660 nec
3319 1612 3520 1675 sponte

1934 1693 1991 1748 in
2021 1686 2266 1748 animum
2301 1694 2549 1760 inducat,
2584 1704 2648 1750 ut
2670 1696 2826 1765 iuxta
2852 1695 2952 1751 Dei
2989 1695 3335 1759 mandatum,
3371 1695 3521 1765 regis

1934 1784 2232 1857 Babylonis
2262 1801 2322 1841 se
2345 1787 2477 1858 iugo
2504 1787 2783 1859 subjiciat,
2822 1788 2882 1842 in
2927 1787 3303 1859 captivitatem
3341 1785 3518 1842 tradi-

228 1874 367 1932 ραν,
388 1860 488 1914 καὶ
517 1860 618 1933 τῆς
646 1862 784 1928 ίδίας
810 1863 1094 1929 παντελῶς
1116 1865 1465 1933 ἀποικίξεται
1493 1868 1619 1939 γῆς.
1644 1866 1829 1924 Πάντα

1933 1887 2047 1943 tur,
2070 1878 2393 1949 catenisque
2416 1885 2473 1935 et
2495 1879 2737 1934 vinculis
2751 1888 2810 1935 et
2824 1879 2954 1933 fami
2988 1890 3045 1934 et
3065 1879 3188 1934 neci
3222 1878 3516 1950 gladioque

226 1951 345 2023 γὰρ
383 1952 586 2019 ταῦτα,
609 1954 705 2009 καὶ
739 1955 949 2013 τούτων
992 1957 1213 2014 πλείονα
1233 1999 1250 2026 ,
1283 1961 1313 2014 δ
1342 1960 1444 2032 τῆς
1474 1964 1595 2016 κατ’
1620 1962 1826 2035 ἀρετὴν

228 2046 331 2099 καὶ
346 2046 556 2115 γνῶσιν
586 2046 665 2111 ῶς
689 2046 825 2112 ἰδίας
844 2048 950 2121 γῆς
974 2049 1375 2124 ὲξοικιζὸμενος
1394 2052 1567 2120 ἕξεως
1595 2056 1821 2127 πάσχειο

229 2136 323 2191 διὰ
348 2138 416 2191 τὸ
444 2138 518 2211 μὴ
544 2139 718 2193 θέλειν
740 2140 905 2196 αὐτὸν
937 2142 999 2207 ἐξ
1022 2142 1405 2215 ὑπερηφανίας
1453 2148 1551 2203 καὶ
1588 2149 1825 2219 ματαίας

228 2228 476 2301 οἰήσεως
510 2230 611 2294 τάς
641 2231 731 2301 ἐφ’
752 2228 836 2297 οἷς
872 2234 1302 2307 ἐπλημμέλησεν
1340 2237 1595 2302 ὲκτιννὺς
1644 2238 1826 2309 δίκας,

229 2320 292 2373 έν
325 2319 580 2391 θλίψεσιν
627 2322 921 2395 εὐδοκῆσαι
970 2327 1066 2380 καὶ
1110 2327 1380 2398 ἀνάγκαις
1424 2329 1519 2383 καὶ
1562 2347 1831 2401 στενοχωο

233 2411 389 2485 ρίαις
426 2412 572 2467 κατὰ
597 2413 689 2467 τὸν
723 2413 869 2469 θεῖον
910 2415 1258 2475 ’Δπόστολον.
1285 2420 1440 2493 ’ῌδει
1462 2419 1571 2493 γάρ
1595 2421 1625 2475 δ
1655 2424 1832 2493 μέγας

246 2501 601 2568 ’Δπόστολος,
620 2502 962 2577 φυλακτικὴν
975 2505 1086 2561 τῶν
1110 2508 1270 2563 θείων
1285 2510 1425 2565 κατά
1440 2510 1618 2582 ψυχὴν
1629 2512 1833 2584 θησαυ-

235 2592 351 2663 ρῶν
368 2592 744 2664 ὑπάρχουσαν,
762 2599 861 2669 τὴν
875 2598 1032 2663 ἐκτὸς
1044 2617 1112 2652 πε
1119 2600 1174 2671 pl.
1186 2600 1249 2654 τὸ
1260 2601 1421 2673 σῶμα
1433 2605 1833 2678 συνισταμένην

232 2681 325 2735 διὰ
342 2682 461 2737 τῶν
486 2683 666 2739 πόνων
688 2687 1043 2741 ταπείνωσινο
1072 2692 1168 2743 καὶ
1182 2688 1271 2743 διὰ
1286 2688 1445 2745 τοῦτο
1466 2692 1712 2763 στέργων
1732 2692 1832 2746 ὐπ-

234 2772 427 2844 έμενε,
450 2777 542 2830 καὶ
562 2776 649 2831 διὰ
667 2777 879 2845 ἑαυτὸν,
898 2777 992 2832 καὶ
1012 2779 1139 2845 τοὺς
1159 2774 1242 2849 οἷς
1261 2781 1462 2854 ἀρετῆς
1478 2782 1571 2836 καὶ
1594 2783 1834 2848 πίστεως

234 2867 533 2935 προέκειτο
562 2868 752 2934 τύπος
777 2870 864 2925 ἴνα
877 2870 982 2925 κᾶν
1010 2871 1087 2937 ὡς
1103 2872 1397 2929 ὑπεύθυνοι
1414 2875 1667 2946 πάσχωσι
1690 2876 1834 2932 κατά

235 2960 330 3016 τὸν
379 2963 779 3035 ἐπιτιμηθέντα
828 2964 1136 3037 Κορίνθιον,
1195 2968 1274 3032 εἰς
1302 2968 1647 3041 παρηγορίαν
1668 2969 1833 3040 ἔχωσι

237 3054 334 3108 καὶ
385 3056 668 3128 ὑπομονῆς
700 3056 935 3129 μίμησιν
961 3058 1053 3113 τὸν
1081 3058 1391 3125 ἀνευθύνως
1424 3063 1726 3134 πάσχοντα.

1932 1968 2231 2036 addicitur,
2285 1978 2454 2042 atque
2504 1970 2733 2027 omnino
2790 1972 2969 2043 patria
3018 1971 3353 2042 sedibusque
3400 1970 3519 2025 suis

1930 2060 2173 2132 eiicitur.
2196 2060 2323 2117 Haec
2356 2061 2506 2117 enim
2530 2062 2739 2128 omnia,
2775 2071 2942 2132 atque
2973 2061 3060 2117 his
3089 2062 3247 2133 plura
3281 2061 3517 2131 patitur,

1931 2152 2029 2223 qui
2056 2152 2212 2207 velut
2226 2159 2373 2207 terra
2393 2168 2514 2218 sua,
2530 2151 2759 2207 virtutis
2773 2151 3129 2223 scientiaeque
3150 2152 3343 2206 habitu
3366 2150 3519 2206 able-

1928 2250 2126 2313 gatur;
2155 2242 2303 2313 quod
2326 2241 2589 2310 nimirum
2616 2257 2730 2313 prae
2755 2240 3036 2312 superbia,
3078 2241 3341 2311 inanique
3370 2239 3517 2295 fastu

1928 2349 1993 2390 ac
2032 2335 2321 2408 iactantia,
2349 2342 2709 2406 peccatorum
2756 2335 2921 2390 luens
2970 2349 3183 2406 pmnas,
3227 2333 3366 2389 nolit
3408 2331 3518 2388 sibi

1924 2427 2083 2499 iuxta
2118 2426 2368 2488 divinum
2410 2419 2741 2496 Apostolum
2789 2424 2836 2458 ³⁸
2882 2424 2939 2480 in
2968 2422 3428 2479 tribulationibus
3460 2429 3522 2477 et

1924 2518 2358 2575 necessitatibus
2404 2525 2462 2573 et
2503 2514 2774 2588 angustiis
2828 2515 3070 2586 placere,
3122 2528 3221 2569 seu
3277 2511 3410 2566 boni
3459 2517 3519 2566 et

1930 2609 2074 2681 aequi
2113 2610 2235 2665 haec
2257 2600 2483 2665 ducere.
2507 2608 2622 2664 Nec
2653 2607 2805 2663 enim
2850 2607 3057 2661 latebat
3082 2618 3342 2675 magnum
3368 2602 3517 2671 Apo-

1932 2700 2166 2765 stolum,
2194 2713 2318 2770 quae
2356 2698 2605 2753 exterius
2632 2696 2781 2752 circa
2814 2708 3016 2766 corpus
3048 2696 3149 2765 per
3169 2687 3388 2748 labores
3414 2691 3520 2749 hu-

1931 2788 2141 2845 militas
2176 2787 2470 2852 conﬂatur,
2509 2784 2787 2858 eiusmodi
2824 2800 2967 2850 esse,
3002 2793 3063 2838 ut
3096 2798 3198 2853 per
3219 2797 3341 2837 eam
3371 2779 3518 2835 divi-

1932 2882 2022 2937 nis
2052 2881 2111 2936 in
2144 2881 2332 2936 animo
2388 2877 2665 2934 thesauris
2709 2876 2884 2948 probe
2937 2881 3222 2930 caveatur.
3270 2873 3520 2942 Eamque

1932 2972 2006 3027 ob
2034 2986 2151 3027 rem
2176 2970 2355 3025 libens
2385 2968 2718 3033 sustinebat,
2751 2976 2870 3022 tum
2896 2966 2982 3021 sui
3025 2965 3145 3036 ipse
3178 2962 3375 3034 gratia,
3399 2972 3519 3019 tum

1932 3076 2130 3117 eorum
2173 3059 2380 3131 quibus
2424 3057 2654 3113 virtutis
2699 3071 2765 3112 ac
2800 3054 2930 3110 ﬁdei
2961 3069 3158 3109 norma
3199 3051 3521 3123 propositus

236 3154 396 3214 erat;
432 3156 494 3202 ut
521 3149 609 3204 vel
644 3164 870 3205 reorum
909 3166 1064 3207 more
1094 3153 1390 3224 patientes,
1412 3156 1566 3211 velut
1598 3155 1691 3211 ille
1718 3152 2044 3210 Corinthius
2100 3152 2149 3185 ³⁸
2210 3151 2399 3207 multat
2462 3149 2723 3205 addictus
2756 3154 2925 3218 atque
2969 3144 3221 3217 punitus,
3260 3142 3518 3200 consola-

237 3240 415 3299 tionis
432 3254 758 3315 argumeuto
783 3245 1218 3319 aemulandteque
1249 3248 1532 3320 patientia;
1563 3263 1693 3305 eum
1724 3246 2016 3312 haberent,
2042 3244 2202 3317 533
2233 3243 2330 3315 qui
2354 3251 2410 3298 et
2429 3241 2621 3297 insons
2652 3239 2991 3312 patiebatur.

309 3338 426 3409 ιι.βό
470 3339 531 3392 ’0
568 3339 645 3411 μὴ
683 3343 802 3407 τοῖς
825 3348 1072 3415 σχήμασι
1104 3361 1215 3398 των
1240 3344 1452 3417 ὁρατῶν
1478 3343 1828 3413 ὲναπομένων

2003 3340 2093 3396 92.
2124 3338 2229 3407 Qui
2255 3352 2452 3393 sensus
2490 3334 2742 3398 libidine,
2768 3347 2958 3387 rerum
2984 3330 3291 3387 visibilium
3325 3328 3522 3402 ﬁguris

236 3430 327 3483 διὰ
350 3430 458 3503 τὴν
495 3431 771 3504 αίσθησιν,
802 3434 942 3489 ἀλλά
969 3436 1110 3490 κατὰ
1130 3437 1256 3490 νοῦν
1284 3436 1411 3499 τοὺς
1440 3435 1632 3504 λόγους
1653 3432 1833 3487 αὐτῶν

241 3521 552 3608 ἀναζητῶν,
581 3524 657 3589 ῶς
685 3524 892 3597 νοητῶν
919 3526 1124 3592 τύπους
1153 3528 1227 3599 (υ)
1256 3527 1291 3599 ἢ
1320 3526 1515 3596 λόγους
1556 3524 1833 3597 αἰσθητῶν

240 3612 522 3687 θεώμενος
568 3619 905 3689 κτισμάτων,
962 3620 1117 3673 οὐδὲν
1171 3620 1485 3692 ἀκάθαρτον
1537 3614 1678 3673 εῖναι
1723 3617 1834 3672 τῶν

239 3705 543 3778 δρωμένων
572 3709 884 3767 διδάσκεται
912 3725 930 3745 σ
967 3712 1145 3767 πάντα
1178 3712 1289 3785 γὰρ
1318 3710 1480 3783 φύσει
1525 3711 1666 3766 καλά
1712 3709 1832 3764 λίαν

242 3801 607 3874 καθέστηκεν.

313 3896 430 3965 ι.,γ’.
466 3899 485 3921 '
523 3896 583 3950 ’0
602 3898 910 3973 τῇκινήσει
936 3917 1047 3954 των
1070 3898 1346 3972 αἰσθητῶν
1376 3900 1455 3974 μὴ
1488 3899 1833 3956 συναλλοιοῦ-

248 4003 434 4056 μενος,
464 3986 757 4060 ἀκίδδηλον
774 3990 873 4063 τὴν
892 3990 1004 4045 τῶν
1029 3990 1240 4061 ἀρετῶν
1264 3991 1587 4065 μετέρχεται
1608 3993 1829 4064 πρᾶξιν.

255 4076 316 4133 Ὀ
344 4079 405 4132 δὲ
427 4082 540 4144 τοῖς
574 4081 754 4136 αὐτῶν
791 4083 1036 4154 σχήμασι
1070 4082 1146 4155 μὴ
1189 4082 1535 4148 διατυπώσας
1562 4084 1653 4138 τὸν
1680 4082 1831 4150 νοῦν,

246 4172 344 4245 τὴν
393 4173 570 4247 ἀληθῆ
620 4176 734 4230 τῶν
790 4177 960 4231 ὄντων
1011 4177 1283 4248 ἀπείληφε
1323 4176 1504 4244 δόξαν.
1556 4179 1615 4232 ’0
1649 4177 1707 4232 δὲ
1737 4179 1831 4233 καὶ

247 4264 421 4336 αὐτὴν
451 4266 550 4337 τὴν
574 4266 765 4321 οὐσίαν
784 4266 895 4321 τῶν
913 4268 1085 4322 ὄντων
1102 4269 1171 4339 τῇ
1196 4267 1407 4340 διανοίᾳ
1430 4267 1831 4339 παραδραμὼν,

247 4356 322 4421 ῶς
379 4358 603 4428 ἀριστος
652 4358 923 4431 θεολόγος,
977 4360 1119 4432 μετὰ
1171 4358 1377 4431 ταύτην
1424 4359 1719 4430 ἀγνώστως
1762 4363 1831 4433 τῇ

250 4449 442 4518 μονάδι
461 4452 790 4524 προσέϐαλε.

318 4628 423 4696 ἰιδθ.
460 4630 499 4650 ⁵·
530 4630 647 4695 Πᾶς
676 4630 1010 4704 θεωρητικὸς
1039 4630 1186 4698 νοῦς,
1219 4630 1361 4703 ἔχων
1401 4630 1504 4702 τὴν
1555 4631 1834 4702 μάχαιραν

249 4718 342 4774 τοῦ
371 4722 703 4793 πνεύματος,
721 4724 763 4777 ιδ
794 4724 913 4778 ἔστι
940 4724 1091 4797 ῥῆμα
1120 4723 1278 4787 Θεοῦ,
1302 4724 1359 4777 ὲν
1379 4723 1559 4795 ἑαυτῷ
1580 4724 1679 4795 τῆς
1699 4740 1829 4793 φαι-

250 4813 485 4885 νομένης
520 4814 755 4879 κτίσεως
801 4816 1131 4881 ἀποκτείνας
1176 4815 1276 4889 τὴν
1329 4816 1566 4890 κίνησιν,
1610 4814 1831 4887 κατώρ-

253 4905 426 4961 θωσεν
458 4908 663 4979 ἀρετήν
692 4923 707 4938 ·
749 4908 981 4962 καὶτῶν
1011 4908 1286 4982 αἰσθητῶν
1313 4908 1612 4981 σχημάτων
1632 4906 1830 4962 ἑαυτοῦ

251 4998 350 5070 τὴν
395 4999 702 5071 φαντασίαν
745 4998 1060 5072 ἀποτεμὼν,
1103 4999 1206 5073 τὴν
1256 5001 1316 5056 έν
1358 5003 1473 5065 τοῖς
1519 5000 1699 5070 λόγοις
1719 5000 1831 5054 τῶν

1934 3446 2048 3486 non
2078 3430 2429 3494 immoratur,
2470 3426 2567 3483 sed
2608 3440 2802 3481 earum
2837 3430 3024 3479 mente
3053 3422 3301 3477 rationes
3323 3420 3518 3492 exqui-

1932 3522 2028 3589 rit,
2071 3531 2333 3592 tanquam
2378 3518 2477 3589 qui
2512 3515 2920 3572 intellectilium
2952 3514 3177 3580 formas,
3218 3522 3315 3569 aut
3341 3512 3521 3569 sensi-

1933 3614 2070 3670 lium
2097 3620 2411 3669 creatorum
2441 3608 2690 3665 rationes
2716 3613 3068 3671 contueatur,
3113 3604 3256 3660 nihil
3296 3604 3351 3659 in
3404 3602 3522 3659 illis

1932 3723 2056 3778 quae
2088 3706 2268 3762 oculis
2314 3714 2670 3773 usurpamus,
2714 3698 3061 3754 immundum
3107 3711 3232 3754 esse
3263 3696 3518 3752 docetur.

1931 3798 2144 3855 Cuncta
2171 3796 2321 3852 enim
2353 3802 2556 3849 natura
2580 3790 2742 3847 valde
2770 3790 2916 3845 bona
2946 3788 3224 3845 exsistunt
3255 3788 3321 3842 ³⁸.

2002 3891 2093 3946 95.
2124 3887 2230 3956 Qui
2250 3903 2359 3943 una
2384 3900 2510 3942 cum
2542 3899 2728 3939 rerum
2752 3881 3043 3938 sensilium
3073 3890 3228 3935 motu
3252 3893 3366 3934 non
3390 3891 3515 3932 mu-

1932 3989 2101 4048 tatur,
2136 3980 2347 4037 aliusve
2388 3993 2459 4034 ex
2502 3975 2614 4032 alio
2652 3974 2916 4039 efﬁcitur,
2951 3972 3002 4029 is
3020 3986 3210 4028 veram
3245 3971 3518 4026 virtutum

1932 4072 2210 4128 actionem
2255 4069 2413 4125 colit.
2447 4065 2553 4133 Qui
2583 4079 2719 4121 vero
2745 4078 2940 4120 eorum
2974 4062 3167 4134 figuris
3194 4062 3379 4117 animo
3400 4076 3516 4117 non

1931 4166 2221 4232 formatur,
2250 4178 2440 4219 veram
2483 4161 2554 4217 de
2589 4159 2760 4216 rebus
2794 4168 2994 4214 nactus
3039 4164 3126 4213 est
3171 4155 3492 4227 opinionem

1931 4259 2037 4327 Qui
2076 4268 2261 4315 autem
2297 4257 2471 4328 ipsam
2511 4269 2700 4312 rerum
2739 4250 3035 4307 essentiam
3074 4248 3265 4304 subtili
3312 4248 3491 4304 ἰηιείιί

1932 4353 2116 4425 gentia
2136 4360 2561 4423 praetergressus
2595 4353 2703 4412 est;
2737 4354 2999 4413 tanquam
3021 4341 3265 4412 optimus
3297 4339 3513 4402 theolo~

1933 4462 2054 4518 gus,
2092 4445 2276 4517 ignota
2314 4443 2528 4499 ratione
2570 4440 2664 4496 illa
2709 4443 2993 4506 superata,
3021 4434 3268 4489 animum
3311 4431 3514 4488 unitati

1932 4538 2154 4610 adiecit.

2006 4633 2095 4689 94.
2134 4631 2288 4687 Mens
2332 4628 2517 4686 omnis
2557 4625 3029 4699 contemplatione
3073 4628 3355 4695 provecta,
3396 4618 3515 4690 gla-

1860 4691 1907 4748 Β
1935 4726 2092 4782 dium
2123 4724 2360 4796 spiritus
2382 4722 2618 4787 habens,
2653 4691 2802 4791 quod
2839 4716 2924 4776 εει
2951 4691 3187 4777 verbum
3218 4713 3321 4769 Dei
3354 4712 3423 4777 ³⁸,
3455 4709 3516 4765 in

1932 4832 1992 4873 se
2027 4817 2146 4887 ipsa
2177 4821 2468 4887 perempto
2493 4820 2763 4868 creaturae
2784 4810 2965 4867 oculis
2994 4807 3309 4878 conspicua:
3335 4810 3511 4866 motu,

1932 4908 2197 4963 virtutem
2231 4906 2432 4976 adepta
2464 4913 2585 4972 est;
2630 4904 3031 4975 sensiliumquc
3063 4903 3363 4974 figurarum
3388 4912 3420 4953 a
3451 4911 3517 4952 se

1934 4998 2178 5056 abscissa
2215 4997 2574 5069 cogitatione,
2617 4995 2676 5052 in
2719 5010 2910 5053 rerum
2939 4993 3251 5051 rationibus
3275 4988 3514 5063 positam

320 5154 369 5188 ³³
399 5153 446 5210 Π
471 5153 599 5210 Cor.
633 5120 798 5221 71,.4.
874 5152 920 5187 ³⁸
972 5152 1147 5211 ICor.
1179 5170 1233 5223 v,
1263 5155 1315 5213 5.
1394 5156 1440 5190 ⁸⁸
1471 5154 1608 5213 Gen.
1640 5171 1679 5223 ι,
1708 5154 1798 5213 31.
1876 5156 1921 5189 "
1950 5155 2153 5225 Ephes.
2177 5153 2367 5241 vt,_i7.

315 5295 334 5314 ε
363 5290 447 5348 cr.
479 5292 561 5347 Ad
602 5292 759 5349 Tha].
790 5310 847 5366 q.
878 5293 973 5362 es,

320 5430 395 5503 (υ)
430 5429 835 5504 Τοὺς-λόγους
885 5432 1084 5488 αὐτῶν
1112 5434 1440 5504 ἀναζητῶν,
1490 5435 1572 5501 ὡς
1597 5434 1829 5503 νοητῶν

255 5500 484 5576 scaeam
515 5516 528 5530 °
562 5500 763 5576 Eorum
794 5512 965 5576 agente
986 5506 1214 5576 exquirit
1248 5500 1510 5569 rationes,
1534 5500 1593 5559 ut
1621 5500 1803 5576 intelle

257 5570 512 5625 ctibilium
547 5572 765 5641 formas.
804 5574 883 5627 Ex
917 5570 1212 5631 sensilibus
1253 5577 1425 5640 enim,
1460 5576 1541 5632 sic
1569 5575 1829 5641 spiritali-

262 5648 346 5694 ter
369 5641 532 5716 lectis
552 5656 748 5716 eorum
790 5644 1119 5716 rationibus,
1170 5646 1512 5716 assurgimus
1540 5641 1616 5700 ad
1636 5646 1822 5716 νοητὰ,

260 5725 343 5787 [ξε
385 5710 653 5782 spiritales
697 5722 747 5768 et
776 5714 1049 5787 quaesola
1085 5724 1257 5787 mente
1283 5710 1671 5787 in'telliguntur.
1699 5710 1827 5771 Haec

260 5777 424 5837 Picus
447 5797 674 5852 prorsus
697 5777 1056 5856 ἀφίλοσόφως.
1086 5784 1190 5841 Sed
1225 5803 1330 5857 qua
1359 5787 1422 5841 de
1444 5777 1523 5842 liis
1545 5787 1791 5842 dicuntur
1811 5828 1827 5853 ,

2068 5293 2271 5349 Eadem
2310 5293 2529 5350 iterum.

1934 5443 1992 5515 ιιι
2019 5431 2460 5515 intellectyafium
2501 5432 2659 5515 typis.
2685 5429 3135 5515 Intellectualiuzn
3162 5428 3509 5515 χωρῶν-εει,

1934 5505 2051 5559 sive
2096 5498 2648 5574 mentium,voqit3v,
2685 5518 2865 5574 eorum
2893 5516 3013 5573 qua:
3047 5500 3112 5554 ab
3155 5498 3262 5574 illis
3308 5499 3510 5574 intelli—

1971 5582 2152 5639 untur,
2207 5588 2272 5627 ac
2322 5568 2713 5627 velut‘eorum
2759 5568 2918 5628 cibus
2951 5578 3114 5636 sunt,
3170 5569 3249 5625 uti
3283 5584 3349 5623 ex
3428 5568 3510 5622 nit

1929 5590 2155 5701 giouvs.
2189 5642 2282 5698 Sic
2315 5650 2497 5697 tamen
2542 5643 2740 5701 passim
2770 5644 3101 5701 interpretes
3128 5583 3507 5699 confuncﬂtont;

1980 5645 2155 5715 iouys.
2189 5642 2282 5698 Sic
2315 5650 2497 5697 tamen
2541 5643 2740 5715 passim
2770 5639 3507 5715 interpretersgconl'undunt;

1932 5708 2225 5785 superiora
2253 5726 2421 5776 vero,
2453 5708 2625 5794 nemo
2652 5712 2738 5794 ita
2757 5708 2953 5770 reddat
2976 5721 3036 5769 ut
3066 5712 3250 5779 Picus,
3276 5708 3374 5781 qui
3404 5722 3508 5765 nec

1931 5799 2184 5842 errorem
2363 5797 2481 5852 (Ἤρ.
2514 5792 2765 5840 mutavit.
