4064 6468
613 350 756 419 1219

1807 349 1868 410 S.
1903 344 2189 409 MAXIM!
2227 344 2735 411 CONFESSORIS

3735 362 3845 434 1220

612 467 904 523 veritatem
959 465 1200 533 invenit;
1253 480 1365 536 qua
1419 464 1690 520 naturalis
1744 466 2049 535 speculatio
2094 478 2194 518 seu

2301 463 2471 519 δντων
2504 461 2663 537 εὗρεν
2683 468 2964 540 ἀλήθειαν,
2990 468 3114 524 καθ’
3145 472 3213 543 ἢν
3240 472 3273 544 ἠ
3301 472 3514 546 φυσικὴ
3535 473 3728 547 θεωρία
3750 494 3851 535 συν-

612 558 1008 629 contemplatio
1052 558 1311 614 consistit
1352 574 1368 611 :
1417 572 1602 612 rerum
1654 556 1895 627 denique
1940 563 2198 625 superata

613 646 949 713 substantia,
976 646 1179 702 divina:
1218 661 1283 701 ac
1307 645 1695 716 insuperabilis
1721 644 1952 700 unitatis
1986 643 2199 699 lumine

611 739 992 803 collustratur,
1049 737 1106 792 in
1166 752 1278 807 quo
1332 751 1477 792 vera:
1530 735 1820 808 theologia;
1873 734 2199 807 mysterium

612 829 980 885 constitutum
1008 838 1119 884 est.
1368 844 1371 845 '

683 920 775 975 95.
804 920 1112 990 Unicuique
1135 920 1304 985 Deus,
1334 934 1438 991 pro
1465 920 1716 993 subjecta
1738 920 1819 975 illi
1839 919 1908 975 de
1940 920 2056 975 Deo
2082 918 2201 989 opi-

616 1010 782 1066 nione
814 1011 1221 1065 manifestatur.
1240 1011 1317 1067 lis
1345 1011 1571 1082 quidem
1594 1011 1689 1081 qui
1713 1010 1991 1066 desiderio
2022 1019 2199 1066 terre-

617 1117 745 1156 nam
773 1111 1178 1171 superaverunt
1222 1104 1706 1174 compositionem,
1737 1104 1993 1174 viresque
2026 1102 2199 1157 animi

616 1194 736 1263 pari
771 1195 919 1250 inter
949 1212 1008 1251 se
1034 1196 1264 1262 virtute,
1299 1197 1604 1252 secundum
1636 1211 1802 1251 unam
1836 1195 2201 1266 eamdemque

610 1284 760 1359 jugis
794 1294 977 1342 motus
1025 1286 1177 1344 circa
1220 1288 1394 1343 Deum
1442 1288 1798 1359 agitationem
1844 1286 1995 1343 nacti
2046 1296 2198 1353 sunt,

616 1384 880 1447 tanquam
932 1378 1118 1434 unitas
1167 1387 1335 1449 atque
1380 1378 1627 1435 Trinitas
1682 1386 1934 1450 apparet,
1983 1392 2096 1449 quo
2142 1386 2201 1434 et

618 1468 900 1537 pr0priam
940 1468 1317 1525 exsistentiam
1359 1471 1641 1537 ostendat,
1678 1478 1737 1526 et
1782 1469 1930 1525 illius
1975 1470 2199 1525 modum

619 1558 851 1629 mystice
877 1559 1091 1616 doceat.
1129 1560 1343 1627 Quibus
1375 1572 1560 1618 autem
1592 1560 1889 1633 appetendi
1932 1560 2018 1616 vis
2051 1561 2200 1618 circa

620 1656 901 1705 terrenam
940 1652 1287 1707 solummodo
1318 1653 1778 1724 compositionem
1809 1648 2085 1718 versatur,
2111 1652 2199 1706 vi-

2307 555 2505 629 ἔστηκε
2528 574 2542 588 ·
2576 562 2670 615 καὶ
2699 562 2801 633 τῆς
2825 562 3013 627 οὐσίας
3037 563 3148 617 τῶν
3203 564 3371 620 ὄντων
3424 566 3680 638 ὑπεράνω
3723 576 3849 641 γενό-

2308 666 2493 722 μενος,
2521 650 2614 704 τὸν
2651 652 2750 723 τῆς
2781 653 2932 717 θείας
2976 654 3073 709 καὶ
3128 654 3342 727 ἀμάχου
3399 657 3628 729 μονάδος
3667 661 3849 733 δέχεται

2304 743 2606 814 φωτισμὸν,
2646 742 2773 798 καθ’
2806 745 2867 799 δν
2897 745 2998 817 τῆς
3016 745 3251 818 ἀληθοῦς
3279 746 3566 818 θεολογίας
3590 753 3853 826 συνέστηκε

2303 835 2364 889 τὸ
2388 838 2706 907 μυστήριον.
3703 868 3711 875 -

2375 932 2477 996 ιβ’.
2520 928 2771 1002 Ἐκάστῳ
2798 932 2942 987 κατά
2986 930 3085 1004 τὴν
3130 932 3506 1003 ὑποκειμένην
3557 933 3702 1004 αὐτῷ
3745 940 3853 1011 περὶ

2303 1021 2441 1076 Θεοῦ
2469 1021 2650 1091 δόξαν,
2680 1026 2710 1078 6
2748 1023 2881 1088 Θεὸς
2906 1023 3271 1096 ἐμφανίζεται
3295 1044 3309 1059 ο
3339 1028 3459 1090 τοῖς
3483 1026 3589 1096 μιν
3617 1032 3730 1083 κατ’
3749 1030 3853 1098 ἐφι-

2306 1133 2391 1170 σιν
2422 1115 2523 1188 τὴν
2545 1115 2739 1188 ὑλικὴν
2765 1117 3041 1190 περάσασι
3066 1115 3334 1184 σύνθεσιν,
3367 1118 3469 1172 καὶ⁸
3499 1117 3602 1183 τὰς
3627 1118 3856 1189 δυνάμεις

2302 1208 2405 1279 τῆς
2422 1207 2603 1280 ψυχῆς
2628 1207 3059 1282 ῖσοδυναμοὺσας
3078 1208 3339 1281 ἀλλήλαις
3357 1210 3720 1282 κεκτημένοις
3735 1215 3852 1270 κατά

2307 1301 2436 1373 μίαν
2471 1301 2566 1355 καὶ
2592 1300 2691 1374 τὴν
2709 1301 2881 1375 αὑτὴν
2899 1301 3243 1373 ἀεικινησίαν
3261 1300 3391 1372 περὶ
3424 1299 3586 1364 Θεὸν.
3612 1300 3685 1365 ὡς
3712 1302 3854 1372 μονὰς

2304 1393 2623 1465 ἀκφαίνεται
2643 1394 2740 1448 καὶ
2759 1392 2950 1464 Τρίας,
2985 1392 3074 1446 ῖνα
3108 1392 3205 1446 καὶ
3253 1392 3356 1464 τὴν
3402 1391 3619 1446 οίκείαν
3648 1391 3853 1466 ὕπαρξιν

2304 1483 2673 1556 παραδείξειε,
2705 1486 2802 1540 καὶ
2821 1484 2914 1539 τὸν
2940 1482 3113 1555 αὐτῆς
3133 1483 3337 1556 τρόπον
3360 1481 3647 1553 μυστικῶς
3668 1483 3852 1538 ἐκδιδά-

2306 1577 2435 1643 ξειε.
2475 1577 2602 1642 Τοῖς
2624 1576 2683 1631 δὲ
2715 1577 2844 1648 περὶ
2866 1576 3037 1648 μόνην
3062 1575 3164 1648 τὴν
3191 1574 3387 1647 ὑλικην
3414 1573 3670 1628 σύνθεσιν
3700 1573 3852 1646 ἔχουσι

2304 1671 2635 1743 κινουμένην
2656 1670 2758 1741 τὴν
2787 1668 2995 1740 ἔφεσιν,
3027 1667 3123 1722 καὶ
3149 1668 3411 1740 ἀλλήλαις
3438 1666 3754 1730 ἀσυνδέτους
3772 1668 3853 1730 τὰς

622 1756 821 1810 resque
853 1741 1021 1796 animi
1046 1758 1156 1798 non
1178 1743 1314 1799 alias
1343 1744 1468 1799 aliis
1500 1743 1788 1800 devinctae
1809 1742 2047 1808 habent;
2086 1757 2196 1798 non

2302 1767 2405 1836 τῆς
2689 1764 2951 1836 δυνάμεις
2998 1761 3381 1834 κεκτημένοις,
3438 1758 3541 1829 οὑχ
3580 1757 3653 1823 ὡς
3695 1757 3848 1822 ἔστιν,

621 1831 733 1888 illis
751 1842 979 1903 apparet
1013 1843 1073 1889 ut
1112 1833 1227 1904 ipse
1255 1843 1360 1901 est,
1391 1835 1489 1893 sed
1520 1844 1584 1891 ut
1626 1834 1706 1891 illi
1734 1850 1795 1890 se
1827 1834 2074 1900 habent;
2105 1849 2197 1890 os-

2301 1815 2419 1913 ἀλλ⁹
3156 1815 3380 1916 δεικνὺς
3418 1815 3650 1921 ὃτιᾞῆςν
3689 1815 3850 1919 ὑλικῆς

621 1923 858 1980 tendens
886 1924 1157 1981 ambabus
1188 1926 1446 1982 manibus
1474 1934 1761 1983 terrenum
1793 1926 2081 1997 amplexos
2112 1923 2203 1980 bi-

620 2015 873 2083 narinm;
905 2031 1017 2087 quo
1044 2017 1287 2073 mundus
1321 2032 1646 2088 corporeus,
1673 2018 1830 2074 velut
1857 2033 1927 2074 ex
1969 2015 2204 2072 materia

619 2111 678 2157 et
701 2103 881 2161 forma
909 2115 1230 2172 concretus,
1256 2107 1535 2163 consistit.

695 2196 784 2254 96.
822 2198 1052 2253 Divinus
1080 2198 1398 2269 Apostolus,
1425 2200 1562 2255 alias
1601 2200 1848 2270 aliasque
1879 2197 2045 2254 unius
2074 2197 2205 2269 Spi-

621 2290 766 2346 ritus
814 2290 991 2346 sancti
1038 2290 1390 2361 operationes
1437 2305 1535 2346 seu
1581 2290 1816 2355 alllatus,
1875 2289 1981 2344 alia
2036 2300 2203 2360 atque

619 2383 727 2438 alia
762 2390 922 2437 vocat
965 2382 1310 2452 donasquaa
1358 2398 1502 2437 unus
1543 2391 1710 2453 atque
1754 2382 1901 2437 idem
1944 2389 2205 2452 operetur

620 2474 863 2546 Spiritus
908 2475 978 2528 ³⁷.
1014 2473 1298 2544 Siquidem
1331 2472 1500 2545 igitur
1530 2474 1688 2545 juxta
1711 2487 2031 2529 mensuram
2071 2471 2202 2529 ﬁdei

624 2567 681 2621 in
722 2582 1061 2637 unoquoque
1108 2566 1274 2621 datur
1307 2565 1680 2622 manifestatio
1707 2564 1971 2637 Spiritus,
2014 2579 2082 2620 ea
2115 2579 2204 2619 ra-

624 2657 771 2711 tione
804 2673 914 2728 qua
944 2657 1075 2712 doni
1103 2657 1253 2712 illius
1293 2656 1649 2728 participatio
1673 2664 2000 2727 praestatur:
2034 2654 2202 2711 nimi-

622 2765 747 2803 rum
797 2749 1002 2820 singuli
1034 2748 1226 2804 ﬁdeles
1262 2763 1364 2820 pro
1396 2747 1525 2803 ﬁdei
1559 2747 1808 2813 modulo,
1842 2747 2208 2819 subjectaque

624 2840 737 2894 illis
753 2841 922 2894 animi
942 2839 1326 2910 dispositione,
1347 2837 1510 2910 535.
1526 2851 1897 2893 commensam
1928 2835 2205 2906 recipiunt

622 2930 867 3002 Spiritus
900 2929 1284 3002 operationem
1326 2929 1706 2999 amatumque,
1749 2928 2090 2983 tribuentem
2118 2926 2203 2982 eis

621 3023 1047 3079 convenientem
1091 3022 1363 3089 habitum,
1397 3021 1468 3078 ad
1500 3021 1669 3095 hujus
1703 3020 1923 3077 illiusve
1952 3018 2201 3077 mandati

617 3116 1061 3171 exsecutionem.

693 3211 782 3266 97.
823 3208 1302 3277 Quemadmodum
1344 3209 1485 3265 alius
1521 3207 1725 3279 accipit
1764 3221 2078 3263 sermonem
2111 3221 2199 3261 sa-

622 3301 866 3372 pientiae,
893 3302 1036 3357 alius
1058 3316 1196 3357 vero
1217 3313 1531 3355 sermonem
1562 3297 1826 3361 scientiae,
1850 3297 1994 3352 alius
2015 3306 2199 3351 autem

626 3392 753 3448 ﬁdei
783 3409 800 3447 :
831 3392 1084 3465 aliusque
1109 3392 1261 3447 aliud
1305 3390 1440 3461 quid
1485 3403 1681 3444 eorum
1721 3388 1993 3443 donorum
2023 3387 2200 3458 Spiri-

625 3497 739 3552 tus,
771 3501 896 3557 qua:
941 3499 1138 3555 magno
1177 3482 1443 3553 Apostolo
1486 3479 1757 3536 recensita
1815 3488 1947 3536 sunt
1977 3480 2022 3514 ⁴⁶
2056 3498 2070 3535 :
2120 3482 2202 3538 sic

624 3580 767 3634 alius
799 3578 1022 3649 quidem
1044 3592 1144 3647 per
1173 3574 1461 3646 Spiritum,
1487 3573 1693 3630 donum
1719 3573 1920 3644 accipit
1942 3573 2201 3645 perfecta:

620 3686 691 3726 ac
736 3670 1067 3724 immediata:
1110 3666 1167 3721 in
1212 3667 1387 3721 Deum
1423 3665 1714 3720 cbaritatis
1747 3665 1995 3736 nihilque
2030 3674 2201 3719 terre-

626 3778 758 3817 num
798 3761 1076 3823 habentis,
1122 3759 1425 3815 secundum
1468 3766 1675 3813 certam
1717 3755 1843 3811 ﬁdei
1894 3756 2198 3822 rationem;

627 3855 770 3911 alius
796 3867 927 3908 vero
953 3867 1053 3921 per
1083 3850 1343 3905 eumdem
1373 3848 1662 3919 Spiritum,
1693 3847 1900 3902 donum
1942 3846 2200 3916 perfecta:

626 3962 756 4018 erga
809 3945 1117 4016 proximum
1161 3941 1511 4008 dilectionis,
1565 3941 1817 4009 aliusque
1862 3938 2012 3995 aliud
2065 3938 2198 4008 quid

624 4038 929 4094 secundum
964 4033 1221 4089 eumdem
1249 4032 1540 4104 Spiritum,
1578 4030 1659 4086 uti
1689 4030 1974 4097 dicebam;
1997 4029 2077 4084 sic
2108 4028 2198 4083 ni-

625 4128 827 4183 mirum
874 4135 937 4181 ut
981 4125 1183 4197 singuli
1220 4123 1505 4196 proprium
1537 4123 1596 4179 in
1631 4132 1759 4181 actu
1788 4138 1851 4179 ac
1892 4123 2198 4179 exercitum

626 4221 869 4276 habeant
892 4219 1122 4274 donum.
1160 4216 1393 4273 Omnem
1428 4215 1578 4270 enim
1612 4214 1858 4270 mandati
1900 4214 1957 4269 in
1986 4223 2111 4270 actu
2134 4230 2201 4271 ac

623 4312 928 4367 exercitum
963 4310 1235 4373 habitum,
1273 4306 1515 4377 Spiritus
1539 4305 1675 4362 dicit
1704 4320 1825 4362 esse
1862 4305 2090 4361 donum.

694 4403 781 4459 98.
815 4402 1031 4458 Domini
1061 4401 1333 4471 baptisma
1362 4406 1469 4465 est,
1496 4398 1804 4454 voluntatis
1836 4406 2041 4453 nostrae
2068 4412 2199 4468 erga

2300 1950 2493 2015 δυάδος
2520 1949 2727 2021 ἀμφοῖν
2752 1948 3080 2004 ὲπελάδοντο
3127 1946 3251 2001 ταῖν
3300 1947 3489 2017 χεροῖν
3512 1960 3529 1975 ο
3577 1941 3696 1997 καθ’
3740 1943 3798 2013 ἢν
3826 1943 3850 1997 6

2303 2039 2638 2113 σωματικδς,
2668 2037 2746 2104 ὡς
2772 2037 2833 2107 ιξ
2855 2036 2990 2110 ὕλης
3004 2036 3099 2091 καὶ
3119 2035 3316 2100 εῐδους,
3340 2032 3646 2104 συνέστηκε
3658 2030 3848 2101 κόσμος.

2372 2217 2490 2281 ιιςι.
2524 2215 2543 2234 ⁹
2581 2211 2642 2266 '0
2702 2210 2845 2275 θεῖος
2901 2206 3246 2275 ’Δπόστολος,
3276 2204 3379 2269 τὰς
3423 2201 3687 2274 διαφόρας
3726 2201 3851 2272 trap-

2300 2307 2457 2377 γείας
2485 2305 2580 2360 τοὺ
2620 2304 2736 2369 ἐνὸς
2772 2304 2931 2373 ἁγίου
2979 2300 3317 2372 Πνεὺματος,
3361 2299 3679 2371 χαρίσματα
3727 2294 3848 2362 λέγει

2294 2397 2556 2468 διάφορα,
2591 2396 2681 2466 ὑφ’
2707 2395 2823 2459 ἑνὸς
2842 2393 3086 2465 δηλονότι
3121 2391 3217 2445 καὶ
3259 2389 3355 2444 τοῦ
3404 2388 3577 2444 αὑτοῦ
3625 2387 3846 2457 ὲνεργοὺο

2305 2504 2445 2559 μενα
2472 2486 2810 2558 Πνεύματος.
2840 2485 2905 2539 El
2928 2482 3109 2538 τοίνυν
3134 2481 3281 2535 κατά
3305 2479 3369 2533 τὸ
3426 2477 3629 2549 μέτρον
3672 2476 3762 2546 τῆς
3801 2476 3846 2528 iv

2300 2576 2517 2647 ἑκάστῳ
2548 2573 2781 2637 πίστεως
2813 2571 3013 2626 δίδοται
3036 2572 3071 2641 ἡ
3102 2568 3412 2640 φανέρωσις
3438 2565 3538 2619 τοῦ
3568 2562 3843 2633 Πνεὺματος

2301 2671 2362 2723 ὲν
2382 2670 2450 2739 τῇ
2503 2669 2705 2739 μετοχῇ
2744 2663 2842 2720 τοῦ
2883 2662 3090 2720 τοιοῦδε
3116 2660 3484 2733 χαρίσματος,
3520 2657 3737 2721 ἕκαστος
3758 2654 3843 2708 τῶν

2302 2758 2512 2813 πιστῶν
2543 2758 2786 2830 δηλονότι
2817 2754 2961 2812 κατά
2987 2754 3086 2826 τὴν
3128 2751 3425 2821 ἀναλογίαν
3472 2751 3577 2821 τῆς
3622 2747 3841 2810 πίστεως,

2302 2848 2396 2902 καὶ
2422 2848 2521 2918 τῆς
2547 2845 2920 2917 ὑποκειμένης
2958 2840 3109 2912 αὑτῷ
3146 2840 3292 2895 κατὰ
3334 2838 3517 2910 ψυχὴν
3570 2835 3840 2896 διαθέσεως,

2302 2936 2845 3013 συμμεμετρημένην
2880 2935 3097 3007 δέχεται
3123 2932 3219 2987 τοῦ
3247 2930 3571 3001 Πνεῦματος
3595 2928 3687 3001 τὴν
3715 2927 3841 2992 ἐνέρ-

2301 3050 2479 3104 γειαν,
2534 3030 2903 3103 χαριζομένην
2946 3025 3096 3099 αὑτῷ
3132 3024 3297 3096 τῆσδε
3356 3023 3393 3096 ἢ
3450 3023 3613 3093 τῆσδε
3638 3021 3728 3090 τῆς
3770 3022 3841 3073 ἔνο

2303 3125 2466 3197 τολῆς
2494 3125 2593 3196 τὴν
2618 3122 2967 3195 ἁρμόζουσαν
2991 3119 3129 3193 πρὸς
3148 3118 3438 3191 ὶνέργειαν
3462 3118 3598 3184 ἕξιν.

2371 3217 2476 3286 ῑιξη
2514 3217 2727 3291 Ὠσπερ
2763 3217 2794 3272 6
2828 3215 2928 3289 μὲν
2967 3212 3239 3287 λαμσάνει
3280 3212 3445 3281 λόγον
3495 3207 3702 3279 σοφίας,
3738 3206 3764 3257 6
3791 3203 3838 3257 δὲ

2300 3312 2458 3384 λόγον
2481 3310 2757 3383 γνώσεως,
2798 3310 2986 3381 ῑτερος
3011 3308 3093 3373 δὲ,
3123 3307 3383 3370 πίστεως,
3431 3302 3530 3358 καὶ
3561 3300 3711 3363 ἄλλος
3735 3295 3835 3352 ἀλλο

2299 3425 2354 3461 τι
2377 3405 2488 3460 τῶν
2521 3402 2997 3478 ἀπηριθμημίνων
3022 3400 3103 3472 τῷ
3153 3397 3381 3471 μεγάλῳ
3430 3391 3726 3462 ’Δποστόλῳ
3758 3406 3835 3459 χα-

2301 3497 2585 3570 ρισμάτων
2629 3493 2725 3548 τοῦ
2766 3491 3083 3563 Πνεύματος
3111 3505 3128 3524 ·
3164 3487 3337 3550 οὕτως
3363 3487 3392 3540 6
3419 3484 3521 3557 μὲν
3552 3478 3833 3570 δέχεταιδή

2297 3567 2397 3643 τοῦ
2451 3585 2771 3658 Πνεὺματος
2818 3583 3066 3655 χάρισμα
3108 3580 3212 3651 τῆς
3265 3576 3488 3640 τελείας
3531 3573 3624 3628 καὶ
3661 3567 3831 3641 ἀμέσου

2300 3680 2437 3753 πρὸς
2471 3678 2607 3734 Θεδν
2649 3677 2741 3732 καὶ
2772 3675 2939 3749 μηδὲν
2965 3671 3195 3746 ὲχοὺσης
3221 3668 3407 3725 ὑλικὸν
3443 3667 3679 3737 ἀγάπης,
3723 3659 3832 3753 κατά

2298 3749 2400 3840 την
2420 3766 2713 3837 ἀναλογίαν
2739 3767 2837 3837 τῆς
2872 3764 3109 3828 πίστεως
3134 3778 3149 3792 '
3178 3761 3368 3831 ἕτερος
3396 3757 3459 3812 δὲ
3485 3756 3575 3811 διὰ
3592 3753 3679 3809 τοῦ
3696 3749 3829 3806 αὑτοῦ

2300 3860 2642 3931 Πνεὺματος,
2672 3858 2773 3929 τῆς
2798 3855 3011 3919 τελείας
3046 3852 3267 3925 ἀγάπης
3314 3849 3457 3921 πρὸς
3510 3847 3602 3901 τὸν
3645 3842 3830 3913 πλησίον

2300 3953 2546 4024 χάρισμα
2573 3968 2588 3984 ⁹
2625 3949 2782 4014 ἄλλος
2822 3948 2879 4001 δὲ
2909 3947 3038 4004 ἀλλο
3072 3964 3150 4011 τι,
3181 3942 3328 4000 κατά
3364 3941 3430 3995 τὸ
3464 3941 3596 3995 α-ὑτδ
3626 3936 3827 4004 Πνεῦμα.

2298 4043 2372 4109 ὡς
2394 4043 2551 4115 ἔφην,
2600 4041 2816 4113 ἔχοντος
2864 4039 3096 4093 ἑκάστου
3136 4032 3533 4106 ὲνεργοὺμενον
3580 4028 3638 4082 τδ
3670 4027 3827 4081 οἰκεῖον

2298 4136 2569 4207 χάρισμα.
2616 4134 2807 4187 Πᾶσαν
2854 4131 2963 4202 γὰρ
3007 4128 3229 4199 ἐντολῆς
3282 4126 3396 4196 ῑξιν
3451 4117 3827 4195 ἑνεργουμινηνι

2299 4223 2438 4279 ΙΙνεὺ
2447 4240 2614 4296 ματος
2642 4218 2781 4276 εἶναι
2805 4221 3049 4293 χάρισμα
3080 4218 3250 4287 λέγει.

2372 4409 2483 4475 κη’.
2511 4405 2586 4457 T6
2610 4401 2706 4456 τοῦ
2734 4399 2942 4473 Κυρίου
2970 4396 3255 4469 βάπτισμα
3299 4396 3476 4464 ἐστιν,
3528 4396 3560 4467 ή
3598 4389 3822 4457 παντελὴς

626 4493 892 4549 mundum
933 4492 1083 4546 hunc
1121 4490 1377 4545 sensibus
1418 4489 1697 4561 obiectum
1726 4502 1794 4544 ex
1827 4495 1941 4544 toto
1981 4488 2195 4543 exstin-

2310 4499 2445 4572 πρὸς
2473 4496 2564 4551 τὸν
2597 4493 2851 4565 αἰσθητὸν
2880 4491 3085 4561 κόσμον
3135 4488 3235 4558 τῆς
3287 4486 3655 4559 προαιρέσεως
3700 4481 3819 4573 ήμὺν

621 4586 735 4642 ctio
767 4604 780 4640 :
812 4585 953 4640 calix
974 4599 1132 4648 vero,
1170 4584 1344 4654 ipsius
1364 4598 1585 4653 quoque
1609 4582 1899 4654 praesentis
1929 4581 2056 4637 vitae
2099 4599 2199 4638 no-

620 4683 749 4733 stra:
776 4674 1028 4730 veritatis
1057 4688 1221 4728 causa
1240 4673 1537 4728 abdicatio.

696 4767 788 4823 99.
840 4766 1059 4822 Domini
1105 4765 1397 4834 baptisma,
1460 4763 1713 4819 laborum
1759 4764 1982 4820 virtutis
2029 4780 2197 4821 causa

618 4872 817 4935 sponte
862 4857 1031 4914 animi
1077 4856 1363 4928 proposito
1416 4864 1822 4925 susceptorum,
1864 4855 2036 4927 ﬁgura
2078 4864 2192 4924 est;

618 4968 855 5027 quorum
883 4966 987 5022 ope
1017 4948 1210 5006 dilutis
1238 4945 1592 5002 conscientia:
1631 4947 1911 5012 sordibus,
1960 4956 2189 5017 sponta-

592 5032 778 5107 Ineam
802 5062 933 5117 erga
960 5058 1049 5098 res
1072 5041 1249 5098 oculis
1271 5040 1545 5111 subiectas
1575 5048 1806 5093 mortem
1823 5038 2186 5109 suscipimus:

614 5145 760 5201 calix
784 5157 938 5206 vero,
964 5155 1155 5197 earum
1196 5152 1319 5205 qua:
1358 5133 1593 5189 adverso
1627 5133 1811 5202 aliquo
1850 5148 1981 5189 casu
2019 5135 2188 5191 invita

612 5237 918 5298 voluntate,
974 5231 1225 5288 veritatis
1279 5241 1448 5289 causa
1505 5224 1839 5282 tentationes
1897 5235 2187 5299 appetunt,

615 5337 804 5401 typum
845 5326 1102 5400 prmfcrt;
1145 5338 1241 5393 per
1268 5337 1426 5392 quas,
1460 5319 1564 5391 ipsi
1605 5311 1835 5390 quoque
1878 5320 2006 5377 vitae
2039 5322 2183 5377 divi-

684 5444 727 5475 ³⁷
754 5441 777 5499 ι
800 5440 928 5498 Cor.
955 5457 1049 5506 xu,
1077 5440 1131 5495 4.
1208 5438 1253 5471 ³⁸
1289 5436 1424 5493 ibid.
1458 5434 1609 5492 8-12.

675 5560 701 5586 ‘
727 5561 809 5617 Ad
837 5561 990 5617 Tha].
1019 5575 1075 5630 q.
1110 5557 1200 5613 29.

682 5682 760 5755 (ω)
809 5678 930 5732 Τῶν
954 5677 1021 5729 ἐκ
1048 5672 1450 5755 περιοῖςξεςεως
1475 5669 1965 5755 ἑπαζςσταμένων
1992 5671 2174 5755 ἀκου-

608 5742 760 5807 σίὼύ
803 5742 1163 5814 πειρασμῶν.
1212 5742 1361 5799 Nihil
1412 5742 1552 5814 bene
1588 5742 1783 5814 Picus,
1819 5743 2022 5814 ratione
2064 5745 2177 5814 cir-

607 5811 1084 5882 cumstantihrum;
1118 5822 1179 5869 ut
1228 5822 1285 5870 et
1314 5811 1463 5884 quod
1542 5812 1725 5869 statim
1775 5812 2048 5884 sequitur,
2080 5813 2173 5867 τὸν

2300 4571 2601 4661 νέκρωσιςσ
2652 4586 2715 4639 τὸ
2762 4583 2821 4638 δὲ
2869 4582 3149 4652 ποτήριον,
3205 4578 3304 4633 καὶ
3349 4577 3525 4648 αὑτῆς
3563 4573 3706 4646 ἡμῶν
3742 4571 3819 4635 τῆς

2297 4680 2579 4753 παρούσης
2609 4677 2756 4748 ζωῆς
2784 4675 2925 4745 ὑπὲρ
2956 4671 3218 4744 ἀληθείας
3249 4669 3589 4741 καθέστηκεν
3613 4665 3815 4753 ἄρνησις.

2362 4751 2470 4840 ιβ’.
2500 4770 2575 4823 T6
2607 4767 2701 4823 τοῦ
2728 4765 2933 4835 Κυρίου
2968 4763 3274 4833 βάπτισμα,
3317 4759 3426 4814 τῶν
3475 4758 3609 4830 ὑπὲρ
3655 4751 3813 4824 ἀρετῆς

2291 4862 2435 4919 κατὰ
2461 4859 2717 4933 πρόθεσιν
2742 4857 3006 4912 ἑκουσίων
3038 4853 3134 4909 καὶ
3161 4851 3449 4923 ἡμετέρων
3473 4850 3660 4911 πόνων,
3682 4842 3813 4901 τύπος

2293 4953 2531 5023 ὑπάρχει
2560 4967 2575 4982 ·
2602 4948 2673 5003 δι’
2701 4940 2777 5002 ὧν
2797 4947 2895 5010 τὰς
2926 4943 3071 4999 κατὰ
3094 4941 3401 5012 συνείδησιν
3420 4936 3809 5010 ἀπορρύπτοντες

2294 5046 2539 5117 κηλῖδας,
2588 5043 2681 5096 τὸν
2728 5041 2864 5111 πρὸς
2890 5039 2960 5093 τά
2992 5036 3293 5108 φαινόμενα
3334 5034 3435 5104 τῆς
3489 5026 3809 5104 προαιρέσεως

2293 5138 2540 5194 ἑκούσιον
2586 5132 2995 5205 καταδεχόμεθα
3038 5130 3269 5184 Θάνατον
3302 5143 3317 5159 ⁶
3362 5128 3425 5181 τὸ
3472 5126 3531 5180 δὲ
3579 5120 3804 5190 ποτήριον,

2291 5233 2401 5288 τῶν
2444 5233 2509 5285 ὲκ
2543 5228 2919 5299 περιστάσεως
2946 5224 3098 5294 παρὰ
3137 5221 3457 5295 προαίρεσιν
3495 5207 3805 5299 ἐπανισταμΞῇ

2292 5341 2399 5380 νων
2433 5323 2566 5393 ἡμῖν
2586 5294 2728 5389 ὑπὲρ
2750 5316 2850 5387 τῆς
2872 5313 3131 5387 ἀληθείας
3150 5310 3422 5366 ἀκουσίων
3444 5299 3731 5379 πειρασμῶν
3743 5294 3800 5367 (ε)

2280 5668 2665 5744 περιστατικδν
2686 5665 2784 5744 τῇς
2807 5663 3021 5744 φύσεως
3039 5661 3289 5744 θάνατον,
3314 5659 3795 5744 σὶνσξιωειμηεςηι

2281 5684 2665 5744 περιστατικον
2686 5684 2715 5720 τ
2758 5684 2784 5728 ς
2807 5684 3021 5734 (pucea);
3039 5684 3289 5724 σανα-τον,
3314 5684 3703 5714 arcumummu
3723 5684 3775 5698 η-

2281 5752 2415 5797 ιιιηε
2446 5748 2685 5795 mortem.
2719 5684 2818 5790 Est
2865 5732 3012 5789 enim
3062 5731 3395 5801 inpiatum;
3420 5730 3523 5783 hoc
3552 5726 3673 5801 loco,
3710 5726 3794 5801 non

2718 5783 2818 5861 s—ed
2838 5783 3252 5876 quod—Hesycb.
3272 5783 3462 5855 Varin.
3484 5807 3532 5854 et
3560 5792 3639 5848 alii
3657 5783 3791 5849 estin“
