4064 6432
196 321 323 388 1221

893 325 1228 386 CAPITUM
1266 324 1688 397 QUINQUIES
1724 326 2243 389 CENTENORUM
2279 329 2666 390 CENTURIA
2708 330 2791 391 II.

3317 309 3452 394 3229.

188 441 356 504 τύπος
407 436 572 492 ἐστί·
623 436 696 491 δι’
748 426 824 491 ὧν
863 438 960 491 καὶ
1014 438 1191 508 αὐτῆς
1240 440 1626 511 προκρίνοντες
1679 442 1772 494 τὸν

1880 456 2008 495 num
2051 457 2296 496 amorem
2360 435 2742 510 praeferentes,
2794 447 2992 510 sponte
3040 441 3094 495 in
3142 442 3270 498 vitae
3317 443 3448 498 mali

193 533 332 587 θεῶν
377 530 548 586 πόθον
589 529 692 602 τῆς
728 530 964 601 φύσεως,
1007 529 1227 593 ἑκόντες
1261 529 1356 584 τὸν
1385 532 1769 603 περιστατικὸν

190 619 542 692 ύπερχόμεθα
576 619 675 690 τῆς
708 617 923 688 φύσεως
952 616 1202 674 θάνατον.

261 717 330 782 ρ’.
367 709 589 781 Ταύτην
613 708 726 780 ἔχει
751 708 850 779 τὴν
873 708 1137 780 διαφορὰν
1184 709 1247 763 τὸ
1300 708 1584 781 βάπτισμα
1630 711 1767 783 πρὸς

191 803 251 856 τὸ
301 803 605 874 ποτήριον·
645 802 728 855 ὅτι
777 800 839 854 τὸ
890 798 990 871 μὲν
1026 800 1332 872 βάπτισμα,
1373 801 1516 873 ὑπὲρ
1563 803 1766 874 ἀρετῆς

191 895 326 967 πρὸς
355 894 426 949 τὰ
458 894 591 966 ἡδέα
619 892 714 947 τοῦ
749 892 865 964 βίου
893 891 1097 963 νεκρὰν
1127 891 1424 964 ἐργάζεται
1452 893 1552 964 τὴν
1576 894 1768 966 προαί-

193 1005 342 1059 ρεσιν
373 1002 390 1018 °
431 988 491 1041 τὸ
554 986 613 1040 δὲ
667 985 958 1057 ποτήριον,
1005 985 1105 1057 τὴν
1151 985 1407 1057 ἀλήθειαν
1455 987 1549 1041 καὶ
1599 985 1769 1058 αὐτῆς

190 1079 506 1151 προκρίνειν
534 1079 712 1133 πείθει
739 1079 840 1150 τῆς
865 1075 1082 1150 φύσεως
1105 1079 1230 1144 τοὺς
1258 1077 1525 1142 εὐσεϐεῖς.

561 1306 707 1360 ΒΚΑ
717 1305 1000 1360 ΤΟΝΤΛΣ
1023 1308 1117 1362 ΔΕ
1125 1307 1382 1362 ΥΤΕΡΔ.

259 1418 331 1476 α’.
368 1418 644 1490 Πρότερον
676 1417 771 1471 τοῦ
807 1418 1182 1490 βαπτίσματος
1209 1420 1362 1476 ἔθετο
1388 1421 1450 1476 τὸ
1489 1422 1770 1495 ποτήριον,

189 1515 269 1568 δτι
301 1511 395 1566 διὰ
423 1511 524 1582 τὴν
548 1509 809 1582 ἀλήθειάν
846 1513 998 1566 ἐστιν
1024 1514 1060 1583 ή
1095 1513 1288 1585 ἀρετὴ,
1327 1513 1440 1568 ἀλλ’
1463 1513 1526 1568 ού
1555 1512 1643 1568 διὰ
1672 1514 1772 1584 τὴν

189 1603 390 1676 ἀρετὴν
427 1604 462 1673 ἡ
486 1601 734 1673 ἀλήθεια.
771 1602 939 1656 Ὅθεν
986 1603 1017 1658 6
1055 1603 1143 1658 διὰ
1179 1604 1278 1676 τὴν
1311 1604 1569 1676 ἀλήθειαν
1598 1604 1771 1677 πράτ-

1874 534 2232 605 adversisquc
2262 535 2498 605 positam
2525 541 2738 590 natura:
2760 543 2991 589 mortem
3020 533 3375 589 sustinemus.

1947 714 2069 769 100.
2099 713 2376 784 Baptisma
2406 714 2552 770 inter
2589 722 2646 769 et
2687 714 2913 770 calicem
2946 714 3053 769 hoc
3081 713 3269 779 refert,
3302 715 3450 784 quod

1873 805 2166 875 baptisma,
2197 803 2421 858 virtutis
2442 819 2630 872 causa,
2666 804 2736 859 ad
2767 804 3119 860 delectabilia
3157 803 3286 858 vita:
3301 804 3450 872 quod

1873 897 2094 962 attinet,
2127 897 2470 952 voluntatem
2513 905 2823 953 emortuam
2866 897 3087 953 reddit:
3125 897 3268 951 calix
3300 910 3450 958 vero,

1877 997 1936 1043 ut
1961 989 2057 1043 Dei
2088 988 2330 1043 cultores
2360 987 2464 1059 ipsi
2491 1003 2714 1059 quoque
2745 999 2960 1046 natura:
2989 989 3280 1044 veritatem
3313 1003 3454 1057 pne-

1875 1080 2077 1150 ierant,
2115 1090 2310 1138 auctor
2334 1081 2571 1138 exsistit.

2269 1313 2676 1375 CENTENARI
2685 1313 2767 1371 US
2814 1313 3062 1369 ALTER.

1947 1430 2001 1485 ‘l.
2031 1429 2278 1485 Priorem
2320 1427 2652 1498 baptismate
2701 1427 2930 1482 calicem
2979 1426 3165 1497 posuit
3209 1426 3276 1492 ",
3306 1427 3454 1496 quod

1874 1520 2143 1576 nimirum
2172 1521 2353 1576 virtus
2382 1529 2608 1590 propter
2639 1519 2954 1582 veritatem,
2989 1528 3045 1572 at
3078 1534 3190 1572 non
3233 1528 3457 1590 propter

1873 1611 2140 1690 virtutem
2191 1613 2398 1668 veritas
2458 1612 2552 1667 sit.
2608 1610 2711 1677 Qui
2768 1610 2936 1682 igitur
2985 1611 3238 1665 veritatis
3288 1625 3458 1666 causa

187 1715 296 1751 των
319 1697 421 1766 τὴν
443 1695 668 1768 ἀρετὴν,
694 1694 1003 1760 κενοδοξίας
1027 1696 1089 1749 ού
1114 1696 1482 1768 τιτρώσκεται
1515 1697 1725 1768 βέλεσιν
1748 1713 1765 1728 ⁸

1880 1706 2080 1762 virtute
2108 1705 2383 1776 fungitur,
2417 1702 2604 1758 inanis
2640 1702 2826 1772 gloria:
2863 1703 3067 1774 jaculis
3111 1716 3222 1756 non
3257 1703 3460 1757 vulne-

189 1791 216 1841 6
234 1787 291 1841 δὲ
311 1787 414 1859 τὴν
438 1786 695 1858 ἀλήθειαν
717 1785 922 1856 ἀρετῆς
951 1786 1138 1840 ἕνεκεν
1172 1787 1530 1860 ἐπιτηδεύων,
1585 1787 1767 1842 σύνοιο

191 1897 282 1935 κον
313 1879 431 1950 ἔχει
449 1878 547 1950 τῆς
570 1878 876 1944 κενοδοξίας
898 1878 999 1951 τὴν
1025 1879 1225 1952 οῐησιν.

257 2077 324 2148 β’.
382 2077 673 2149 Ἀλήθειαν
714 2093 815 2149 μεν
851 2070 990 2131 εῖναι
1017 2075 1190 2144 λέγει,
1221 2075 1298 2148 (υ)
1325 2075 1426 2148 τὴν
1449 2075 1600 2131 θείαν
1629 2074 1772 2144 γνῶ-

193 2186 274 2223 σιν
303 2184 318 2198 ·
356 2169 565 2242 ἀρετὴν
593 2169 672 2236 δὲ,
713 2169 837 2232 τοὺς
873 2167 1015 2239 ὑπὲρ
1040 2167 1297 2238 ἀληθείας
1328 2168 1436 2222 τῶν
1468 2167 1772 2237 ἐφιεμένων

191 2264 355 2334 αὐτῆς
411 2263 650 2330 ἀγῶνας.
698 2262 757 2316 Ὀ
797 2261 978 2316 τοίνυν
1017 2262 1273 2330 γνώσεως
1311 2261 1520 2325 ἕνεκεν,
1565 2261 1770 2334 ἀρετῆς

192 2354 480 2423 ὑπομένων
516 2355 733 2422 πόνους,
767 2355 829 2407 ού
864 2353 1150 2420 κενοδοξεϊ,
1180 2352 1466 2422 γινώσκων
1496 2354 1771 2426 ἀπερίλη-

191 2461 318 2498 πτον
363 2441 509 2499 εἶναι
560 2445 722 2515 φύσει
755 2446 874 2506 τοῖς
933 2445 1117 2507 πόνοις
1157 2443 1257 2514 τὴν
1313 2443 1611 2515 άλήθειανο
1656 2447 1771 2508 τοῖς

190 2537 465 2610 δευτέροις
514 2537 620 2608 γὰρ
675 2537 737 2590 ού
773 2535 1182 2607 περιγράφεται
1215 2534 1377 2605 φύσει
1420 2535 1480 2588 τὸ
1528 2534 1767 2606 πρῶτον.

201 2630 259 2684 ’0
284 2630 341 2684 δὲ
377 2630 481 2701 τὴν
509 2629 712 2694 γνῶσιν
742 2628 832 2683 διὰ
859 2630 985 2692 τοὺς
1016 2629 1154 2699 ὑπὲρ
1186 2627 1359 2698 αὐτῆς
1393 2627 1614 2696 ἀγῶνας
1647 2627 1769 2680 ἐπι-

190 2721 452 2796 τηδεύων,
488 2722 708 2786 πάντως
734 2721 1010 2788 κενόδοξος
1033 2721 1108 2785 ὡς
1132 2720 1415 2791 εἰληφέναι
1438 2719 1612 2773 δοκῶν
1644 2720 1772 2783 τοὺς

194 2812 490 2880 στεφάνους
524 2812 632 2884 πρὸ
672 2812 784 2866 τῶν
832 2810 1090 2884 ἱδρώτωνο
1118 2811 1218 2866 οὐκ
1243 2810 1398 2876 εἰδὼς
1422 2811 1505 2865 ὅτι
1531 2810 1618 2867 διὰ
1644 2811 1773 2875 τοὺς

195 2903 490 2972 στεφάνους
520 2905 569 2957 ot
607 2905 781 2971 πόνοι,
812 2903 928 2958 ἀλλ’
956 2903 1018 2956 οὐ
1057 2901 1147 2956 διὰ
1174 2904 1304 2967 τοὺς
1339 2903 1536 2968 πόνους
1560 2903 1610 2956 οἱ
1647 2903 1770 2957 στέ-

198 3009 349 3062 φανοι
371 3012 386 3026 ο
426 2993 714 3068 φύσειγὰρ
749 2993 1085 3066 ἀμελέτητος
1123 2996 1274 3048 πᾶσα
1309 2993 1614 3065 καθέστηκε
1643 2993 1773 3065 μέθ-

1879 1805 2034 1850 ratur
2069 1812 2082 1850 :
2121 1796 2216 1864 qui
2256 1804 2442 1850 autem
2481 1792 2711 1847 virtutis
2753 1807 2920 1847 causa
2963 1792 3254 1847 veritatem
3303 1791 3459 1856 colit,

1876 1886 2061 1941 inanis
2092 1885 2279 1958 gloria:
2314 1884 2772 1940 contubernalem
2815 1881 2988 1937 animi
3017 1883 3314 1939 elationem
3357 1884 3460 1938 ha-

1875 1980 1968 2036 bet
1999 1981 2195 2051 suique
2216 1996 2410 2034 vanam
2439 1977 2929 2034 existimationem.

1944 2072 2000 2127 2.
2036 2073 2339 2128 Veritatem
2386 2069 2632 2140 quidem,
2681 2068 2925 2122 divinam
2965 2067 3253 2122 scientiam
3299 2066 3461 2136 535

1875 2181 1997 2221 esse
2046 2165 2182 2220 dicit
2231 2180 2248 2218 :
2299 2163 2566 2218 virtutem
2611 2175 2775 2225 vero,
2829 2174 3020 2214 eorum
3074 2174 3176 2229 pro
3227 2158 3462 2213 veritate

1876 2256 2202 2317 certamina,
2233 2253 2328 2324 qui
2371 2253 2497 2322 ejus
2525 2250 2806 2306 desiderio
2833 2258 3116 2305 tenentur.
3148 2248 3252 2315 Qui
3293 2248 3464 2318 igitur

1877 2347 2126 2403 scientia:
2156 2360 2323 2400 causa
2362 2344 2584 2399 virtutis
2623 2342 2848 2396 labores
2878 2342 3136 2405 sustinet,
3170 2354 3283 2394 non
3311 2339 3464 2394 labo-

1877 2448 1961 2494 rat
1993 2439 2142 2493 inani
2165 2435 2362 2508 gloria,
2391 2434 2487 2505 qui
2519 2444 2720 2490 natura
2744 2431 3139 2501 comprehendi
3168 2445 3278 2484 non
3301 2445 3462 2500 posse

1874 2531 2169 2587 veritatem
2211 2528 2497 2584 laboribus
2544 2526 2703 2581 sciat.
2736 2524 2898 2592 Quod
2928 2523 3078 2578 enim
3123 2532 3320 2576 natura
3349 2520 3466 2591 pri-

1876 2637 2027 2678 mum
2060 2630 2169 2686 est,
2199 2621 2290 2676 his
2332 2634 2455 2690 qua:
2490 2618 2734 2674 secunda
2781 2625 2933 2681 sunt,
2963 2629 3075 2668 non
3107 2611 3462 2668 circumscri-

1876 2715 2049 2770 bitur.
2077 2712 2182 2780 Qui
2212 2727 2345 2767 vero
2377 2711 2668 2766 scientiam
2709 2709 2778 2764 ob
2809 2707 3031 2762 labores
3053 2721 3155 2776 pro
3183 2721 3246 2760 ea
3273 2713 3466 2758 exant-

1876 2807 2071 2863 landos
2104 2814 2372 2871 sectatur,
2414 2803 2641 2858 omnino
2667 2801 2844 2856 inanis
2874 2799 3062 2872 gloriae
3088 2797 3282 2853 morbo
3310 2807 3438 2852 tene

1879 2911 1990 2965 tur,
2019 2899 2115 2970 qui
2144 2908 2273 2953 ante
2315 2896 2573 2962 sudores,
2608 2903 2831 2950 nactum
2864 2909 2923 2949 se
2951 2907 3186 2949 coronas
3224 2891 3432 2944 arbitre

1879 3004 1970 3050 tur
2005 3011 2018 3047 :
2062 3007 2262 3062 nempe
2308 2991 2573 3061 ignorans
2608 3003 2732 3044 esse
2781 2986 3022 3051 labores,
3052 2993 3113 3039 ut
3151 2979 3466 3051 assequaris

194 3083 326 3150 οδος,
367 3085 464 3139 τοῦ
503 3086 570 3139 δι’
632 3086 663 3140 δ
689 3086 932 3157 πέφυκεν
960 3085 1368 3153 ὲξανυσθέντος,
1399 3085 1434 3156 ἢ
1469 3085 1768 3156 ἀνυσθῆναι

1880 3101 2138 3150 coronas;
2166 3094 2223 3138 at
2251 3097 2361 3136 non
2387 3082 2461 3135 ita
2490 3095 2724 3135 coronas
2745 3086 2975 3150 propter
2998 3077 3242 3132 labores.
3273 3073 3466 3129 Cessat

192 3177 458 3244 δόξαντος.

1873 3177 2023 3232 enim
2065 3181 2259 3243 suopte
2286 3171 2449 3242 genio
2476 3170 2659 3226 omnis
2689 3168 2983 3224 methodus
3019 3168 3263 3236 artisque
3301 3165 3462 3232 ratio,

192 3285 259 3327 eo
307 3281 538 3342 peracto
576 3273 732 3344 cujus
777 3272 949 3343 gratia
988 3280 1130 3338 erat,
1173 3279 1270 3326 aut
1309 3270 1456 3341 quod
1492 3280 1777 3341 peractum
1806 3284 1928 3322 esse
1958 3267 2328 3321 existimetur.

259 3371 328 3433 γ’.
373 3365 435 3418 Ὀ
482 3366 647 3435 μόνην
705 3365 805 3435 τῆς
857 3363 1110 3433 γνώσεως
1179 3364 1278 3432 τὴν
1329 3363 1564 3433 μορφὴν,
1632 3361 1770 3433 ὅπερ

196 3453 337 3507 ἐστὶν
381 3453 413 3506 6
459 3452 613 3523 ψιλὸς
655 3454 809 3523 λόγος
841 3470 858 3487 ο
891 3455 985 3508 καὶ
1009 3456 1038 3507 ὁ
1081 3453 1179 3525 τὴν
1205 3452 1392 3506 εἰκόνα
1413 3452 1515 3521 τῆς
1546 3451 1768 3523 ἀρετῆς,

1936 3361 1988 3414 5.
2031 3358 2134 3424 Qui
2182 3357 2354 3412 solam
2416 3353 2666 3409 scientiae
2704 3352 2943 3408 formam
2983 3358 3254 3415 sectatur,
3312 3346 3461 3417 quod

1866 3458 1953 3506 est
2005 3450 2192 3506 nudus
2247 3462 2469 3514 sermo;
2524 3461 2590 3501 ac
2648 3445 2906 3502 veritatis
2961 3443 3276 3514 imaginem,
3334 3456 3460 3510 quae

196 3544 326 3615 ὅπερ
358 3545 481 3599 ἐστὶ
505 3545 566 3597 τὸ
598 3545 751 3615 ψιλὸν
775 3542 929 3618 ἦθος,
959 3544 1314 3614 ἐπιτηδεύων,
1359 3543 1612 3608 Ἰουδαῖός
1656 3544 1773 3598 ὲστι

1880 3552 1955 3600 est
2004 3542 2236 3612 simplex
2279 3555 2497 3595 morum
2541 3539 2819 3603 honestas,
2891 3549 3009 3606 ipse
3047 3546 3269 3604 quoque
3316 3530 3464 3584 veri-

197 3636 288 3689 καὶ
309 3636 498 3702 αὐτὸς,
528 3636 787 3707 ἀληθείας
810 3635 1002 3700 τύποις
1032 3635 1412 3707 φυσιούμενος.

263 3807 326 3866 δ’.
380 3810 443 3863 ’0
467 3811 649 3864 πᾶσαν
673 3809 772 3881 τὴν
821 3809 1153 3881 φαινομένην
1176 3807 1270 3862 τοῦ
1323 3807 1489 3880 νόμου
1516 3806 1776 3880 λατρείαν

1871 3636 2002 3693 tatis
2052 3633 2242 3705 ﬁguris
2287 3631 2474 3686 animo
2520 3640 2765 3695 tumens,
2819 3627 3038 3696 sibique
3090 3625 3334 3696 placens,
3361 3620 3462 3677 Ju-

1877 3729 2030 3783 datus
2069 3725 2306 3782 exsistit.

1945 3818 2000 3873 4.
2041 3817 2145 3885 Qui
2175 3815 2534 3885 conspicuum
2565 3825 2783 3866 omnem
2812 3809 3044 3880 legalem
3085 3807 3314 3870 cultum,
3351 3821 3463 3861 non

205 3901 277 3974 μὴ
332 3902 458 3956 κατ’
491 3901 741 3971 αἴσθησιν
770 3900 932 3972 δρῶν,
965 3900 1102 3954 ἀλλὰ
1151 3902 1273 3964 ταῖς
1329 3900 1473 3954 κατὰ
1518 3899 1645 3954 νοῦν
1677 3900 1773 3968 ἐφ-

1880 3927 1943 3967 ex
1977 3927 2175 3968 sensus
2202 3910 2418 3964 ratione
2446 3906 2640 3972 videt;
2677 3903 2773 3959 sed
2819 3902 3022 3958 mentis
3053 3900 3465 3955 intentionibus

201 3992 333 4058 όδοις
351 3993 586 4048 ἕκαστον
611 3994 718 4048 τῶν
735 3993 1028 4064 δρωμένων
1055 3992 1338 4063 συμϐόλων
1369 3991 1768 4062 διασκοπήσας,

200 4084 290 4139 τὸν
327 4088 389 4140 ὲν
436 4088 649 4158 ἑκάστῳ
689 4086 1073 4157 κεκρυμμένον
1129 4084 1350 4155 θεοτελῆ
1408 4086 1579 4153 Λόγον
1627 4083 1774 4136 ἐκδιο

202 4175 554 4248 δασκόμενος,
602 4179 661 4230 ὲν
689 4178 768 4249 τῷ
794 4178 946 4248 νόμῳ
972 4177 1061 4229 τὸν
1091 4175 1226 4228 Θεὸν
1282 4173 1553 4245 εὑρίσκει,
1594 4173 1778 4236 καλῶς

202 4267 464 4340 ψηλαφῶν
486 4270 572 4323 διὰ
593 4270 693 4340 τῆς
721 4271 915 4341 νοερᾶς
941 4269 1243 4339 δυνάμεως,
1301 4266 1378 4330 ὡς
1431 4267 1490 4320 ὲν
1533 4265 1773 4337 φορυτῷ.

1874 4004 2115 4060 visibilia
2166 4017 2398 4074 quaeque
2462 3998 2710 4072 symbola
2761 3996 3098 4059 considerat,
3142 3993 3238 4065 qui
3291 3994 3348 4048 in
3380 3993 3464 4048 eis

1876 4094 2112 4165 singulis
2163 4095 2443 4147 occultum
2483 4091 2595 4144 Deo
2637 4088 2944 4160 perfectum
2979 4086 3221 4141 Verbum
3261 4085 3461 4139 docea-

1879 4196 1990 4249 tur,
2026 4187 2196 4239 Deum
2221 4184 2275 4238 in
2301 4184 2420 4254 lege
2443 4181 2688 4247 invenit;
2715 4179 2945 4249 pulchre
2968 4176 3172 4231 mentis
3208 4176 3463 4229 facultate

1877 4278 2124 4348 palpans,
2174 4291 2306 4330 num
2342 4290 2596 4345 usquam,
2648 4287 2750 4327 ceu
2782 4271 2839 4325 in
2892 4268 3150 4339 congerie
3183 4267 3462 4338 (legalium

201 4361 266 4432 τῇ
297 4359 401 4432 ὕλῃ
434 4360 542 4414 τῶν
565 4361 804 4432 νομικῶν
841 4360 1159 4425 διατάξεων,
1188 4359 1241 4412 εί
1262 4375 1369 4411 που
1391 4357 1773 4430 κεκρυμμένον

1880 4367 2092 4422 scilicet
2163 4365 2627 4421 constitutionum
2696 4359 2948 4428 materia)
2992 4359 3050 4412 in
3109 4357 3246 4428 legis
3296 4371 3463 4412 carne

202 4450 346 4524 εὖροι
371 4455 439 4524 τῇ
467 4454 632 4524 σαρκὶ
658 4453 752 4506 τοῦ
787 4453 976 4524 νόμου,
1015 4453 1107 4507 τὸν
1145 4451 1244 4522 τὴν
1273 4451 1523 4523 αἴσθησιν
1554 4449 1773 4520 διαφεύ-

1880 4446 2130 4511 abditum
2176 4456 2421 4511 nancisci
2469 4464 2655 4526 queat,
2694 4455 2790 4525 qui
2844 4467 3041 4508 sensus
3087 4451 3200 4506 vim
3244 4450 3466 4521 penitus

201 4556 363 4610 γοντα
394 4543 670 4606 παντελῶς
693 4543 1038 4615 μαργαρίτην
1065 4543 1258 4613 Λόγον.

215 4697 219 4701 ,
267 4641 326 4688 ε’.
356 4633 471 4688 Καὶ
498 4637 525 4688 6
547 4634 645 4706 τὴν
674 4635 836 4706 φύσιν
863 4636 919 4690 δὲ
943 4637 1052 4690 τῶν
1073 4636 1369 4708 ὁρωμένων
1400 4634 1477 4709 μὴ
1492 4638 1559 4709 τῇ
1585 4637 1776 4709 αίσθή-

1882 4547 2044 4619 l'ugit,
2093 4547 2390 4615 unionem;
2439 4547 2546 4602 hoc
2587 4556 2693 4612 est,
2747 4546 3015 4603 Verbum.

1953 4639 2006 4694 5.
2049 4639 2192 4707 Quin
2244 4640 2292 4696 is
2331 4654 2552 4712 quoque
2611 4639 2707 4710 qui
2757 4647 3012 4694 naturam
3051 4653 3237 4693 rerum
3291 4635 3467 4692 oculis

203 4739 283 4779 σει
335 4725 476 4798 μόνῃ
512 4727 894 4802 περιγράφων,
933 4729 1071 4784 ἀλλά
1124 4729 1263 4783 κατά
1290 4727 1416 4786 νοῦν
1465 4730 1647 4800 σοφῶς
1681 4729 1773 4786 τὸν

1880 4731 2263 4804 subjectarum
2324 4747 2438 4788 non
2491 4731 2611 4787 solo
2669 4729 2866 4785 deﬁnit
2940 4744 3142 4796 sensu;
3196 4728 3292 4782 sed
3345 4741 3468 4796 qua:

269 4883 318 4919 δ’
343 4885 512 4943 Marc.
546 4899 602 4955 ι,
630 4887 720 4944 38.

204 5020 592 5103 cant,_0kiqa_tg,
647 5019 1184 5103 dvdqu‘,_peptuva
1213 5037 1228 5052 ο
1278 5018 1426 5103 quod
1475 5028 1532 5074 et
1579 5017 1781 5089 sapius

206 5092 451 5146 redditur
507 5093 601 5147 illa
641 5091 780 5155 vox,
841 5091 1095 5156 Aﬁlictio,
1159 5092 1460 5153 necessitas,
1515 5105 1780 5156 a'rumna,

205 5161 416 5240 amictus
442 5179 619 5240 rerum
643 5178 816 5240 casus.
851 5159 976 5215 Haec
1001 5161 1151 5214 enim
1178 5169 1328 5240 sunt,
1346 5175 1468 5229 qua:
1488 5159 1783 5240 illum_elli-

205 5230 355 5302 ciunt
381 5233 632 5295 calicem,
655 5233 750 5302 qui
778 5247 889 5285 non
911 5239 1102 5302 nostra
1134 5230 1422 5302 voluntate
1455 5230 1780 5302 assumitur,

206 5301 298 5354 sed
316 5304 564 5356 exterius
583 5299 697 5357 Deo
717 5311 963 5365 auctore,
981 5301 1066 5355 vel
1091 5301 1306 5362 saltem,
1323 5315 1389 5354 eo
1404 5299 1780 5369 permittente,

207 5371 537 5427 adhibetur:
575 5387 736 5442 quem
758 5374 936 5442 ipsum
973 5381 1152 5426 tamen
1175 5371 1422 5442 oblatum
1459 5378 1654 5438 sponte
1689 5383 1783 5422 ac-

209 5452 423 5513 ceptare
443 5440 730 5513 debemus,
749 5440 917 5513 inque
950 5457 1078 5498 cum
1095 5441 1343 5513 modum,
1365 5440 1457 5493 τὸν
1472 5456 1785 5513 περιστατι-

209 5509 300 5563 κὸν
333 5510 549 5584 φύσεως
599 5509 842 5568 θάνατον’
859 5511 1194 5584 ὑπέρχεσθαι
1227 5528 1242 5565 :
1277 5518 1512 5584 mortem
1544 5509 1781 5584 Scilicet,

212 5593 316 5648 qua
345 5579 427 5638 sic
469 5584 630 5639 malis
665 5592 829 5653 atque
875 5579 1140 5639 arumnis
1174 5590 1387 5638 natura:
1419 5579 1533 5634 vita
1565 5579 1781 5635 exstin-

212 5659 421 5719 guatur,
463 5654 560 5709 Dei
586 5654 860 5709 desiderio
885 5655 1060 5710 obire.
1603 5675 1614 5685 ν

282 5721 354 5793 (9-)
397 5725 712 5794 Ἀλήθειαν
771 5725 925 5781 εἶναι
969 5724 1153 5794 λέγει.
1208 5723 1329 5780 Non
1375 5736 1486 5779 uno
1527 5721 1654 5778 loco
1700 5721 1780 5776 sic

1884 5019 2133 5090 loquitur
2148 5020 2435 5085 Maximus,
2458 5035 2523 5076 ac
2543 5019 2714 5076 sinon
2737 5022 2856 5091 ejus
2880 5026 3083 5091 essent,
3104 5031 3225 5085 quae
3242 5014 3466 5070 adhibet

1884 5092 2043 5161 quasi
2066 5091 2307 5162 scholia,
2352 5091 2446 5145 ubi
2491 5092 2623 5162 quid
2668 5090 2962 5145 obscurius
3001 5090 3218 5162 locutus
3246 5095 3351 5151 est,
3405 5097 3466 5162 ut

1885 5158 2036 5242 quod
2060 5161 2151 5217 hic
2180 5162 2406 5242 erponit
2438 5158 2756 5242 pragcedens
2797 5169 2980 5242 caput.
3017 5159 3096 5238 Eo
3133 5158 3466 5242 autemcil-

1885 5227 2094 5286 lineare
2140 5227 2383 5296 videtur,
2429 5227 2489 5285 ut
2522 5233 2707 5286 divina
2758 5227 3021 5293 scicntia,
3076 5227 3189 5296 ipsa
3227 5227 3411 5295 potius
3439 5242 3467 5279 a

1885 5300 1997 5354 Deo
2023 5301 2291 5370 speranda
2325 5303 2396 5356 sit
2433 5318 2500 5357 ac
2544 5299 2871 5370 expetenda,
2905 5299 3163 5370 adquam
3188 5311 3296 5349 non
3321 5298 3469 5349 sulli-

1885 5385 2014 5424 cere
2045 5369 2267 5426 nostros
2306 5387 2370 5426 ac
2397 5369 2629 5426 virtutis
2653 5370 2874 5424 labores
2913 5369 3291 5424 existimemus
3320 5383 3333 5429 ;
3375 5375 3470 5419 aut

1893 5455 2136 5511 unquam
2173 5457 2276 5496 nos
2303 5441 2825 5511 comprehendisse;
2857 5440 3004 5511 quod
3042 5439 3269 5511 sentire,
3298 5452 3470 5505 quan-

1890 5508 2066 5565 diu_in
2093 5511 2184 5565 via
2208 5526 2402 5566 sumus
2427 5508 2446 5576 ξ
2472 5513 2701 5582 οἰήσεως
2727 5519 2812 5566 est
2832 5551 2846 5574 ,
2876 5508 3053 5582 toties
3094 5508 3331 5582 Maximo
3379 5523 3472 5582 ex-

1890 5583 2138 5652 agitatae;
2169 5584 2253 5636 sui
2291 5577 2556 5653 opinionis
2588 5598 2652 5637 ac
2666 5581 2951 5653 jactantia:
2963 5598 2984 5649 ,°
3017 5579 3189 5635 animi
3210 5577 3317 5634 sibi
3352 5577 3474 5648 pla;

1888 5653 2064 5710 contis
2093 5663 2262 5725 atque
2285 5652 2531 5724 superbi.
