4064 6452
625 406 769 485 1227

1828 414 1893 477 S.
1929 408 2217 478 ΜΑΧΙΜῙ
2257 415 2767 482 CONFESSORIS

3734 416 3850 494 1228

627 529 896 597 comedit,
942 544 1138 587 eorum
1174 538 1386 587 motum
1418 544 1541 600 quae
1588 541 1751 585 sensu
1805 530 2007 585 comite
2052 528 2213 594 ﬁunt;

2320 531 2553 602 ἀρετῶν,
2577 532 2715 603 πρὸς
2745 530 2846 605 τὴν
2861 530 3003 586 κατά
3018 531 3144 595 νοῦν
3181 533 3382 603 γνῶσιν
3402 531 3751 606 ἀναϐιϐάζων,
3771 542 3855 612 τὴν

629 620 701 676 ad
741 620 1028 677 scientiam
1077 620 1278 676 mentis
1326 619 1660 691 proveliens.

699 710 789 767 16.
828 710 966 767 Cum
1003 712 1266 767 Dominus
1298 711 1376 767 ait
1407 729 1420 765 :
1463 709 1694 776 Quwrite
1726 712 1958 784 primum
1991 727 2215 781 regnum

631 802 751 867 Dei,
788 812 838 857 et
878 804 1150 874 justitiam
1199 804 1311 873 ejus
1356 802 1434 867 ";
1495 802 1601 859 hoc
1640 812 1746 869 est,
1804 804 2048 874 primum
2093 817 2216 856 om-

629 892 786 947 nium
830 892 1116 947 scientiam
1151 892 1423 958 veritatis,
1457 902 1682 964 tumque
1718 903 1783 950 ut
1820 894 2217 950 convenientes

622 984 826 1038 modos
870 984 1164 1050 excolatis;
1207 987 1383 1055 palam
1417 986 1663 1041 ostendit
1714 982 1957 1041 divinam
2004 985 2213 1041 solum-

630 1082 797 1130 modo
835 1077 1123 1131 scientiam
1155 1076 1413 1132 ﬁdelibus
1445 1078 1794 1148 qumrendam
1830 1093 1973 1142 esse,
2009 1086 2067 1133 et
2090 1091 2214 1147 quae

615 1166 709 1222 -illi
768 1183 869 1238 per
922 1182 1093 1239 opera
1141 1176 1468 1224 ornamento
1516 1177 1621 1231 cst,
1671 1169 1953 1223 virtutem.

700 1336 787 1402 Π.
849 1345 987 1403 Cum
1063 1346 1235 1402 multa
1304 1345 1563 1402 ﬁdelibus
1615 1343 1912 1413 qumrenda
1971 1343 2083 1397 sint
2142 1341 2212 1397 ad

617 1437 918 1494 scientiam
951 1451 1016 1493 ac
1049 1436 1308 1491 virtutem
1343 1435 1685 1506 spectantia;
1716 1434 2025 1505 cujnsmodi
2058 1442 2209 1498 sunt,

628 1530 851 1585 liberari
892 1529 961 1585 ab
1010 1529 1301 1584 all‘ectibus
1354 1544 1451 1583 seu
1498 1527 1668 1592 vitiis,
1709 1527 2073 1582 tentationum
2122 1534 2211 1579 to-

628 1623 885 1687 lerantia,
934 1622 1202 1676 virtutum
1256 1620 1521 1684 rationes,
1574 1618 1961 1689 Operationnm
2039 1615 2208 1681 modi,

619 1729 957 1786 propensam
1002 1712 1170 1768 animi
1214 1712 1282 1767 ad
1338 1725 1560 1766 carnem
1606 1708 1951 1764 affectionem
1979 1706 2210 1784 revelle-

628 1819 715 1871 re,
750 1820 971 1861 sensum
1021 1820 1052 1858 a
1091 1800 1502 1857 necessitudine
1540 1799 1609 1854 ad
1642 1798 1866 1853 sensilia
1907 1811 2209 1866 eorumque

2317 623 2429 677 τῶν
2466 625 2773 691 γινομένων
2803 625 2925 679 κατ’
2945 624 3201 697 αἰσθησιν
3235 626 3471 699 κίνησιν.

2392 715 2512 777 ις’.⁶
2561 712 2621 769 ⁸0
2647 713 2850 786 Κύριος
2871 713 3064 781 εἰπὼν,
3099 715 3341 784 Ζητεῒτε
3369 715 3603 786 πρῶτον
3639 719 3858 788 τὴνβα·

2316 804 2557 857 σιλείαν
2589 805 2697 859 τοῦ
2729 804 2902 870 Θεοῦ,
2934 804 3038 860 καί
3075 805 3195 873 τὴν
3233 806 3630 877 δικαιοσύνην
3654 811 3856 866 αὐτοῦ*

2314 894 2583 962 τουτέστι,
2604 896 2712 968 πρὸ
2760 896 2980 952 πάντων
3004 897 3105 969 τὴν
3125 898 3423 968 ἐπίγνωσιν
3460 900 3559 971 τῆς
3607 901 3859 972 ἀληθείας,

2314 984 2412 1039 καὶ
2443 982 2587 1039 οὕτω
2634 985 2737 1055 τὴν
2770 984 2881 1039 τῶν
2907 986 3259 1057 καθηκόντων
3297 988 3520 1060 τρόπων
3558 988 3858 1060 ἐξάσκησιν·

2316 1073 2505 1143 σαφῶς
2550 1073 2741 1141 ἔδειξε,
2794 1076 2925 1147 περί
2958 1076 3127 1147 μόνης
3162 1077 3264 1147 τῆς
3292 1076 3443 1141 θείας
3480 1077 3731 1146 γνώσεως
3768 1079 3862 1133 δεῖν

2313 1165 2500 1236 ζητεῖν
2526 1166 2655 1229 τοὺς
2686 1166 3065 1233 πιστεύοντας,
3119 1170 3216 1223 καὶ
3249 1167 3350 1239 τῆς
3376 1166 3547 1238 αὐτὴν
3584 1166 3865 1241 κοσμούσης

2311 1256 2401 1312 διά
2425 1258 2534 1312 τῶν
2558 1256 2736 1330 ἔργων
2768 1258 2991 1330 ἀρετῆς.

2387 1348 2476 1414 ιζ’.
2553 1348 2774 1421 Ἐπειδὴ
2829 1348 3002 1403 πολλὰ
3052 1349 3313 1421 τυγχάνει
3373 1351 3445 1405 τά
3497 1350 3641 1421 πρὶς
3691 1350 3866 1419 γνῶσιν

2312 1440 2450 1495 Θεοῦ
2482 1440 2578 1495 καὶ
2607 1441 2810 1512 ἀρετὴν
2830 1440 3142 1513 ζητούμενα
3166 1443 3282 1505 τοῖς
3311 1440 3692 1505 πιστεύουσιν,
3719 1442 3867 1496 ἁπαλ-

2311 1530 2456 1603 λαγὴ
2510 1531 2727 1598 παθῶν,
2771 1532 3019 1604 ὑπομονὴ
3075 1532 3418 1604 πειρασμῶν,
3455 1531 3668 1603 ἀρετῶν
3727 1531 3867 1601 λόγοι,

2310 1622 2504 1695 τρόποι
2544 1623 2837 1694 ἐνεργειῶν
2857 1626 2918 1689 “,
2978 1622 3244 1693 ἐξήλωσις
3276 1622 3379 1694 τῆς
3410 1622 3550 1693 πρὸς
3598 1622 3768 1693 σάρκα
3787 1624 3869 1693 τῆς

2310 1712 2491 1784 ψυχῆς
2512 1700 2832 1779 διαθέσεως,
2863 1712 3206 1780 άποξένωσις
3227 1712 3331 1782 τῆς
3375 1712 3516 1783 πρὸς
3556 1712 3626 1766 τά
3668 1712 3869 1782 αἰσθητὰ

2312 1804 2415 1875 τῆς
2470 1804 2782 1876 αἰσθήσεως
2852 1804 3115 1875 σχέσεως,
3182 1802 3278 1857 τοῦ
3326 1803 3420 1857 νοῦ
3469 1803 3738 1875 παντελὴς
3781 1794 3871 1857 άπὸ

620 1895 862 1951 libidine
894 1908 1150 1960 avocare,
1185 1907 1217 1946 a
1250 1889 1452 1945 creatis
1480 1888 1739 1943 omnibus
1771 1893 1956 1940 mente
1987 1898 2214 1955 prorsus

2320 1870 2538 1951 πάντων
2590 1870 2702 1950 τῶν
2764 1870 3067 1965 γεγονότων
3116 1893 3487 1967 ἀναχώρησις.
3552 1895 3666 1948 Καὶ
3698 1870 3871 1959 ⁷ἁπλῶς

630 1988 912 2045 secedere.
961 1985 1050 2051 Et,
1108 1992 1171 2039 ut
1232 1998 1447 2039 summa
1488 1981 1689 2044 dicam,
1742 1978 1851 2033 alia
1899 1977 2211 2041 innumera,

2322 1985 2492 2059 μυρία
2522 1986 2659 2041 ἄλλα
2713 1987 2844 2050 εἰσί,
2877 1986 2949 2041 τά
2990 1985 3129 2058 πρὸς
3174 1986 3387 2057 ἁποχὴν
3428 1986 3531 2057 μὲν
3583 1986 3773 2049 κακίας
3796 1986 3872 2039 καί

629 2080 834 2150 quibus
856 2093 889 2132 a
914 2075 1125 2132 malitia
1171 2082 1228 2129 et
1269 2072 1581 2144 ignorantia
1632 2071 1995 2134 abstinemus,
2030 2066 2215 2122 scien-

2320 2075 2597 2145 άγνωσίας
2628 2114 2645 2141 ,
2703 2074 3045 2147 κατόρθωσιν
3094 2074 3155 2129 δὲ
3199 2073 3456 2143 γνώσεως
3514 2075 3615 2128 καὶ
3658 2074 3869 2145 ἀρετῆς·

632 2174 900 2242 ιίαιηιιιιε·
947 2184 1015 2224 ac
1084 2168 1349 2221 virtutem
1416 2172 1771 2235 praestamus;
1822 2159 2024 2215 merito
2080 2155 2217 2211 dicit

2320 2166 2546 2232 εἰκότως
2581 2168 2612 2221 ό
2647 2167 2854 2241 Κύριος
2878 2166 3101 2239 ἔφησεν,
3136 2165 3341 2221 Πάντα
3382 2165 3499 2219 ὅσα
3526 2165 3610 2220 ἂν
3655 2164 3874 2234 αἰτῆσθε

2318 2259 2733 2325 πιστεύοντες,
2788 2258 3068 2328 λήψεσθε
3095 2273 3110 2289 ο
3154 2258 3331 2312 πάντα
3389 2256 3605 2321 ἁπλῶς,
3655 2257 3720 2310 τὰ
3760 2257 3874 2327 πρὸς

2318 2348 2616 2417 ἐπίγνωσιν
2654 2347 2791 2403 Θεοῦ
2847 2349 2944 2402 καὶ
2988 2347 3190 2420 ἀρετὴν
3222 2347 3573 2403 συντείνοντα
3618 2348 3750 2417 μόνα
3796 2348 3874 2400 καί

2319 2438 2505 2512 ζητεῖν
2533 2440 2630 2494 καὶ
2656 2440 2830 2495 αἰτεῖν
2859 2440 2977 2511 μετ’
3024 2441 3338 2511 ἐπιστήμης
3360 2502 3365 2513 ι
3386 2441 3483 2494 καὶ
3528 2438 3763 2502 πίστεως
3784 2438 3873 2492 δεῖν

2319 2531 2492 2587 εἰπὼν
2534 2533 2663 2597 τοὺς
2710 2533 2976 2599 εὐσεϐεῖς.
3013 2534 3201 2589 Ταῦτα
3251 2536 3362 2603 γάρ
3388 2534 3570 2587 πάντα
3614 2531 3873 2603 συμφέρει.

2319 2622 2416 2676 καὶ
2469 2623 2688 2688 πάντως
2761 2622 2978 2679 δίδωσιν
3046 2624 3187 2678 αὐτὰ
3248 2629 3361 2687 τοῖς
3420 2619 3671 2677 αἰτοῦσιν
3713 2622 3740 2675 ό
3781 2620 3874 2675 Κύ-

2322 2731 2458 2787 ριος.

2397 2813 2488 2879 ιη’.
2534 2809 2593 2861 Ὀ
2614 2806 2794 2862 τοίνυν
2825 2806 2916 2861 διά
2973 2806 3145 2878 μόνην
3194 2805 3298 2877 τὴν
3351 2806 3561 2872 πίστιν,
3610 2805 3771 2876 ἡγουν
3795 2804 3877 2872 τὴν

630 2261 900 2318 Dominus
945 2276 960 2314 :
1012 2256 1208 2313 Omnia
1257 2270 1580 2327 quaecunque
1621 2251 1874 2324 petieritis
1922 2246 2213 2311 credentes,

616 2350 899 2422 accipietis
944 2346 1016 2401 “.
1054 2345 1251 2401 Omnia
1309 2357 1557 2414 prorsus,
1602 2340 1826 2410 solaque
1872 2353 1938 2393 ea
1983 2351 2105 2407 quae
2148 2332 2217 2389 ad

631 2438 733 2501 Dei
775 2442 1110 2514 agnitionem
1149 2454 1214 2493 ac
1237 2437 1500 2492 virtutem
1538 2433 1871 2497 conducant,
1896 2430 2131 2485 solerter
2154 2442 2219 2483 ac

635 2534 742 2588 ﬁde
780 2531 944 2602 538
979 2526 1279 2599 qurerenda
1307 2534 1473 2595 atque
1510 2522 1748 2596 petenda
1777 2521 1876 2576 Dei
1908 2517 2218 2576 cultoribus

634 2628 846 2683 dicens.
878 2623 1005 2679 Haec
1045 2621 1194 2677 enim
1224 2619 1409 2673 omnia
1454 2618 1511 2672 in
1540 2625 1759 2671 nostras
1805 2612 2098 2668 conferunt
2128 2625 2218 2666 ra-

625 2720 835 2784 tiones,
881 2713 1219 2783 omninoque
1267 2709 1588 2780 petentibus
1621 2706 1884 2762 Dominus
1932 2695 2145 2759 tribuit.

708 2810 798 2866 48.
834 2807 939 2875 Qui
964 2807 1131 2877 igitur
1158 2814 1383 2875 propter
1410 2802 1585 2857 solam
1618 2799 1778 2854 ﬁdem
1823 2795 2218 2870 (immediatam

624 2903 850 2960 scilicet
885 2916 1012 2956 cum
1042 2899 1155 2953 Deo
1179 2895 1466 2963 unionem)
1497 2893 1680 2948 omnia
1708 2892 1777 2946 ad
1811 2906 1931 2946 eam
1961 2899 2218 2960 spectan-

2321 2900 2460 2973 πρὸς
2516 2900 2649 2955 Θεὸν
2686 2900 2891 2971 ἄμεσον
2948 2899 3166 2965 ἕνωσιν,
3222 2898 3405 2953 πάντα
3438 2896 3627 2968 ζητῶν
3656 2897 3723 2951 τά
3764 2895 3876 2966 πρὸς

624 2996 737 3061 .tia,
766 3003 824 3050 et
865 3008 989 3065 quae
1030 2992 1144 3046 sint
1189 2989 1274 3044 illi
1307 2986 1688 3050 conciliandae,
1724 2984 1944 3056 quatrit,
1993 2982 2218 3038 omnino

2320 2992 2420 3064 τὴν
2446 2992 2660 3056 ἕνωσιν,
2694 2992 2911 3056 πάντως
2937 2990 3169 3063 λήψεται
3198 3007 3214 3048 t
3244 2992 3276 3044 ό
3300 2990 3358 3045 δὲ
3387 2990 3596 3060 ταύτης
3644 2988 3760 3059 δίχα
3795 2987 3878 3056 τῆς

620 3083 893 3154 accipiet.
947 3081 1053 3147 Qui
1112 3087 1298 3135 autem
1336 3078 1475 3133 citra
1530 3076 1673 3131 hanc
1724 3089 1946 3133 causam
1997 3073 2218 3143 alioque

2321 3083 2525 3148 αἰτίας,
2566 3081 2672 3137 κᾶν
2730 3082 2889 3147 ἄλλα,
2925 3084 3028 3137 κᾶν
3078 3082 3149 3136 τὰ
3199 3082 3582 3152 προειρημένα
3636 3080 3785 3152 ζητῇ,
3826 3077 3878 3131 ού

623 3180 765 3241 ιίὶηε.
793 3178 910 3234 sive
954 3177 1082 3239 alia,
1114 3175 1230 3229 sive
1265 3172 1382 3226 hate
1417 3169 1536 3239 ipsa
1570 3184 1692 3239 quae
1720 3167 1866 3222 dicta
1910 3174 2041 3221 sunt
2066 3178 2218 3234 qua:-

2322 3173 2573 3246 λήψεται.
2613 3174 2688 3227 Ού
2742 3172 2851 3244 γάρ
2888 3173 3160 3235 πιστεύει,
3215 3171 3334 3226 ἀλλ’
3393 3171 3613 3225 οἰκείαν
3662 3172 3736 3234 ὡς
3771 3169 3878 3224 άτι-

619 3268 812 3333 -sierit,
851 3281 964 3322 non
992 3263 1245 3333 accipiet.
1273 3260 1394 3315 Non
1414 3259 1562 3314 enim
1595 3256 1796 3323 credit,
1823 3256 1922 3311 scd
1958 3264 2217 3325 tanquam

2324 3278 2448 3325 στος
2475 3261 2563 3316 διά
2591 3261 2703 3315 τῶν
2740 3261 2901 3315 θείων
2925 3260 3376 3333 πραγματεύεται
3400 3260 3587 3327 δόξαν.

636 3359 878 3415 inﬁdelis
909 3374 976 3412 ex
1029 3355 1232 3410 divinis
1285 3352 1391 3408 sibi
1446 3350 1675 3422 gloriam
1720 3347 1938 3403 asserit.

706 3454 795 3508 49.
834 3451 939 3519 Qui
989 3466 1019 3504 a
1056 3446 1273 3519 peccati
1303 3445 1427 3499 labe
1461 3458 1525 3499 ac
1573 3440 1932 3511 corruptione
1959 3433 2220 3492 immunis

619 3554 744 3612 est,
781 3559 975 3600 eorum
1031 3538 1470 3609 corruptionem,
1507 3534 1715 3604 quibus
1753 3543 1991 3602 pronum
2027 3534 2113 3582 est
2162 3534 2222 3579 ut

2396 3441 2481 3495 tO'.
2526 3441 2587 3494 Ὀ
2638 3439 2834 3514 γνώμῃ
2903 3440 3008 3512 τῆς
3070 3439 3193 3494 καθ’
3247 3440 3528 3514 ἁμαρτίαν
3577 3438 3874 3510 καθαρεύων

2322 3533 2552 3604 φθορᾶς,
2602 3504 2942 3603 φθείρει-τὴν
3140 3504 3385 3603 φθείρειν
3415 3504 3741 3600 πεξυκὸτων
3771 3528 3871 3598 p00-

621 3645 1017 3707 corrumpant,
1036 3629 1375 3699 corrumpit.
1410 3626 1596 3682 Animi
1628 3624 1780 3680 enim
1826 3637 1892 3678 ac
1920 3616 2222 3676 voluntatis

622 3728 1003 3798 'incorrnptio,
1081 3732 1292 3777 naturae
1335 3717 1750 3788 corruptionem
1816 3713 2219 3781 incorruptam,

623 3822 885 3894 rSpiritus
919 3819 975 3873 in
1017 3831 1082 3871 ea
1130 3812 1326 3885 gratia,
1381 3825 1479 3880 per
1516 3805 1943 3878 providentiam,
1994 3816 2219 3857 servare

621 3912 960 3973 *consuevit,
1015 3924 1126 3963 non
1169 3905 1358 3960 sinens
1403 3918 1502 3972 per
1556 3896 1861 3954 contrarias
1904 3894 2218 3966 qualitates,

622 4005 897 4062 interitus
947 4000 1024 4057 illi
1079 4000 1263 4054 labem
1317 3992 1527 4049 atl‘erri.

708 4099 799 4155 20.
838 4098 975 4153 Cum
1022 4108 1134 4148 non
1182 4105 1292 4145 una
1334 4087 1638 4154 eademque
1694 4090 1906 4137 natura:
1926 4093 1996 4133 ac
2033 4077 2222 4149 gratia:

640 4193 781 4249 ratio
832 4191 926 4254 sit,
976 4186 1125 4243 haud
1148 4182 1310 4239 anxie
1347 4175 1762 4250 ambigendum,
1790 4173 2066 4229 undenam
2096 4186 2224 4226 san-

626 4292 879 4344 ctorum,
909 4276 1157 4349 quidam,
1186 4270 1350 4328 modo
1392 4268 1551 4323 malis
1579 4265 1870 4336 noxiisque
1906 4260 2223 4332 superiores

624 4374 990 4437 .ersisterent,
1032 4365 1196 4423 modo
1235 4364 1344 4419 illis
1387 4361 1561 4432 magis
1594 4355 2055 4419 succumberent;
2095 4366 2221 4407 cum

640 4482 754 4521 non
779 4465 971 4527 lateat,
996 4457 1326 4515 miraculum
1354 4454 1578 4525 quidem
1599 4450 1667 4507 ad
1692 4449 1925 4521 gratiam
1947 4449 2219 4516 spectare,

640 4556 848 4611 malum
900 4560 1086 4608 autem
1133 4558 1189 4605 et
1232 4548 1413 4603 labem
1463 4544 1531 4600 ad
1586 4551 1863 4598 naturam.
2055 4557 2075 4591 ι

710 4647 805 4703 2|.
843 4644 949 4711 Qui
990 4641 1244 4699 imitandi
1294 4638 1612 4703 sedulitate,
1658 4634 1941 4706 vigentem
1984 4646 2219 4689 conver-

641 4735 873 4793 sationis
948 4740 1263 4787 sanctorum
1330 4729 1499 4783 habet
1554 4724 1906 4789 memoriam;
1960 4723 2224 4779 vitiorum

641 4825 1048 4891 adectuumque
1094 4817 1273 4890 posita
1324 4815 1772 4881 mortiﬁcatione,
1810 4814 2081 4870 virtutum
2103 4828 2226 4868 sus-

642 4917 780 4989 cipit
826 4915 1008 4971 vitam.

709 5009 799 5070 22.
839 5009 1008 5072 Deus,
1057 5005 1150 5076 qui
1200 5016 1267 5056 eo
1312 5001 1478 5055 modo
1528 5013 1641 5071 quo
1692 4998 1921 5069 placuit,
1969 5004 2097 5053 ante
2122 5012 2225 5051 sae-

646 5102 772 5159 cula
798 5101 1070 5172 cujusque
1103 5094 1370 5151 discrevit
1401 5092 1592 5157 vitam,
1622 5090 1689 5146 ad
1718 5089 2005 5160 proprium
2038 5102 2231 5158 quem-

646 5211 755 5267 que
792 5192 919 5248 vitae
950 5191 1139 5256 linem,
1180 5187 1297 5242 sive
1351 5186 1585 5258 justum,
1614 5183 1729 5239 sive
1758 5181 2025 5253 injustum
2056 5180 2227 5236 ducit.

718 5368 809 5424 2'5.
850 5365 969 5434 Qua
1002 5363 1207 5420 Paulus
1236 5368 1496 5431 acceptus
1545 5355 1845 5426 caliginosa
1904 5362 2228 5425 tempestate

641 5470 733 5518 est
764 5461 836 5527 ",
921 5458 1295 5515 violentarum
1367 5450 1736 5508 tentationum
1806 5446 2023 5518 pondus
2103 5462 2226 5503 esse

648 5552 887 5625 conjicio
956 5548 1230 5616 insulam,
1304 5545 1525 5600 ﬁrmum
1578 5556 1643 5598 ac
1693 5540 2083 5595 inconcussum
2144 5540 2230 5596 di-

2327 3624 2447 3695 ράν.
2485 3624 2550 3677 Ἦ
2602 3622 2714 3696 γάρ
2741 3622 3027 3694 ἀφθαρσία
3060 3621 3162 3692 τῆς
3200 3623 3608 3693 προαιρέσεως,
3639 3621 3739 3691 τὴν
3764 3618 3870 3687 φθο-

2327 3714 2424 3786 ρὰν
2485 3714 2773 3785 συντηρεῖν
2834 3714 2937 3783 τῆς
2997 3710 3212 3781 φύσεως
3271 3711 3520 3778 πέφυκεν
3602 3710 3870 3782 ἄφθαρτον.

2323 3803 2470 3858 κατὰ
2491 3804 2770 3873 πρόνοιαν,
2795 3802 2884 3857 διὰ
2908 3804 3007 3874 τῆς
3027 3803 3085 3855 ὲν
3104 3801 3242 3871 αὐτῇ
3274 3801 3369 3854 τοῦ
3392 3802 3531 3854 Πνεύ
3542 3819 3714 3873 ματος
3742 3800 3871 3871 χάρι-

2322 3912 2437 3960 τος,
2471 3894 2545 3966 μὴ
2576 3893 2937 3966 συγχωροῦσα
2963 3895 3085 3955 ταῖς
3120 3893 3389 3956 ἐναντίαις
3421 3900 3708 3966 ποιότησιν
3730 3891 3871 3961 αὐτὴν

2322 3984 2755 4057 διαφθείρεσθαι.

2394 4085 2465 4133 κ’.
2514 4078 2732 4152 Ἐπειδὴ
2753 4080 2972 4149 φύσεως
2998 4080 3095 4135 καὶ
3144 4080 3369 4149 χάριτος
3418 4075 3501 4143 είς
3527 4078 3628 4132 καὶ
3661 4079 3692 4132 ό
3744 4074 3874 4134 αὐτὸς

2323 4169 2424 4225 οὐκ
2450 4170 2566 4225 ἔστι
2590 4170 2771 4240 λόγος,
2793 4172 2893 4225 οὐκ
2919 4172 3069 4227 ἐστιν
3114 4171 3351 4243 ἀπορίας
3389 4171 3563 4238 ἄξιον,
3591 4168 3713 4232 πῶς
3752 4181 3873 4226 τινες

2310 4262 2432 4330 ,τῶν
2487 4263 2682 4332 άγίων,
2738 4263 2869 4317 ποτὲ
2927 4261 3030 4334 μὲν
3069 4260 3272 4315 -παθῶν
3320 4262 3633 4333 ὑπερεῖχον,
3686 4257 3804 4312 ποτε
3830 4254 3873 4307 ο

2328 4356 2531 4427 μᾶλλον
2584 4356 2891 4411 ὑπέπιπτον
2959 4356 3193 4412 πάθεσι·
3276 4354 3663 4423 γινωσκόντων
3720 4346 3872 4420 ἡμῶν.

2323 4450 2406 4503 ὅτι
2430 4448 2495 4502 τὸ
2526 4447 2628 4519 μὲν
2657 4447 2862 4520 θαῦμα,
2893 4447 2995 4520 τῆς
3022 4448 3245 4521 χάριτος
3260 4441 3330 4518 ἦν
3354 4464 3369 4478 ο
3402 4445 3465 4499 τὸ
3488 4444 3547 4499 δὲ
3592 4442 3775 4505 πάθος.
3794 4436 3874 4507 τῆς

2255 4560 2298 4616 D
2327 4540 2564 4612 φύσεως.

2397 4630 2504 4687 κα’.
2540 4631 2600 4685 '0
2632 4631 2724 4686 διὰ
2756 4632 3041 4703 μιμήσεως
3070 4628 3170 4698 τὴν
3214 4628 3436 4699 μνήμην
3482 4624 3625 4693 ἔχων
3652 4623 3743 4693 τῆς
3784 4616 3875 4673 τίν’

2324 4722 2497 4792 άγίων
2537 4723 2909 4794 ἀναστροφῆς,
2956 4723 3056 4793 τὴν
3118 4721 3215 4790 μὲν
3252 4717 3363 4772 τῶν
3414 4715 3607 4771 παθῶν
3658 4706 3874 4768 ἀποτίθε-

2324 4831 2415 4867 ται
2472 4814 2775 4886 νέκρωσιν
2834 4813 2935 4884 τὴν
2980 4812 3039 4865 δὲ
3080 4809 3190 4864 τῶν
3245 4807 3458 4880 ἀρετῶν
3510 4805 3658 4879 ζωὴν
3713 4799 3872 4858 ὑποδί-

2364 4920 2504 4957 εται.

2364 4922 2504 4957 εται.

2325 4922 2360 4975 χ
2399 4995 2506 5066 κβ’.
2550 4991 2623 5068 ’ᾫ
2671 4995 2860 5067 τρόπῳ
2899 4994 3148 5066 βούλεται
3186 4993 3216 5046 ὁ
3249 4992 3349 5061 τὴν
3379 4990 3615 5045 ἑκάστου
3666 4984 3867 5057 διορίσας

2330 5088 2477 5160 ζωὴν
2533 5087 2641 5160 πρὸ
2706 5087 2816 5141 τῶν
2872 5086 3086 5143 αἰώνων
3160 5086 3316 5151 Θεὸς,
3376 5085 3611 5138 ἕκαστον
3653 5080 3776 5151 πρὸς
3818 5073 3866 5125 τδ

2327 5182 2526 5234 οἰκεῖον
2553 5179 2657 5251 τῆς
2678 5177 2825 5252 ζωῆς
2865 5179 2989 5249 ἄγει
3018 5179 3193 5245 τέλος,
3235 5179 3344 5231 εἴτε
3373 5176 3607 5240 δίκαιον,
3656 5170 3753 5224 εἴτε
3778 5164 3867 5220 ὤδι-

2330 5290 2446 5328 κον.

2404 5369 2513 5433 κγ’.
2544 5365 2562 5387 ⁶
2592 5363 2698 5419 Τὸν
2734 5363 2812 5437 τῷ
2845 5364 3102 5436 μακαρίῳ
3134 5360 3334 5432 Παύλῳ
3362 5357 3646 5429 συμϐάντα
3674 5347 3868 5421 ζοφερὸν

2334 5454 2603 5527 χειμῶνα,
2630 5455 2691 5509 τὸ
2744 5455 2912 5528 βάρος
2955 5452 3096 5511 εἶναι
3132 5452 3243 5507 τῶν
3292 5451 3565 5507 ἀκουσίων
3594 5437 3867 5515 πειρασμῶν

2331 5547 2748 5625 τεκμαίρομαι·
2810 5547 2911 5620 τὴν
2949 5547 3007 5602 δὲ
3052 5545 3238 5619 νῆσον,
3267 5544 3369 5615 τὴν
3416 5540 3620 5612 παγίαν
3660 5534 3760 5601 ιξιν
3792 5528 3867 5597 τῆς

631 5708 641 5762 ;
726 5692 773 5726 ⁸⁸
797 5691 987 5761 Matth.
1018 5706 1091 5753 vi,
1121 5689 1209 5743 '53.
1288 5686 1335 5718 “
1368 5684 1558 5740 Matth.
1592 5700 1699 5747 xxi,
1723 5681 1812 5734 ‘29..
1888 5681 1932 5713 "’
1965 5680 2085 5736 Act.
2120 5697 2218 5738 xxv

2330 5683 2386 5753 2,
2420 5688 2473 5740 7.

720 5812 739 5831 ‘
766 5808 851 5864 Cf.
877 5809 945 5863 ad
976 5808 1222 5862 Tlialass.
1254 5822 1308 5875 q.
1354 5806 1443 5860 3i.

725 5882 762 5902 "
782 5879 849 5935 in
892 5893 983 5948 qq.
1012 5878 1078 5931 ad
1106 5873 1325 5929 Thales.
1350 5891 1407 5943 q.
1438 5874 1526 5930 5.5.
1556 5874 1755 5945 τρόπον
1788 5873 2080 5946 ἐνέργειαι.

2318 5834 2325 5840 ι
2400 5809 2418 5832 ⁰
2438 5806 2527 5864 Cf.
2556 5807 2645 5863 ad.
2676 5806 2926 5864 Thalass.
2954 5821 3010 5875 q.
3043 5805 3127 5860 '57.
