4064 6434
277 392 423 460 1233

946 398 1283 465 CAPITUM
1322 403 1748 478 QUINQUIES
1785 402 2309 467 CENTENORUM
2351 408 2743 469 CENTURIA
2786 408 2863 467 II.

3410 406 3553 473 1231

271 488 341 585 ἧς
392 514 536 569 κατὰ
582 513 682 587 τὴν
720 518 939 588 πεῖραν,
973 518 1049 590 μὴ
1104 519 1346 589 ἅψασθαι
1391 520 1458 575 δι’
1497 522 1779 593 ἐνεργείας
1831 520 1862 574 ὁ

1983 523 2182 579 nomini
2231 523 2591 585 interdictum
2640 532 2809 590 esset,
2843 540 2912 580 ne
2950 525 3291 596 experiendo
3323 528 3557 597 attinge.

270 605 557 677 ἄνθρωπος
605 607 886 681 τὴνθείαν
931 609 1113 665 λασὼν
1152 612 1392 684 ἐντολὴν,
1424 613 1527 668 ούκ
1569 613 1857 683 ἐφύλαξεν.

342 697 445 766 λγ’.
500 698 811 772 ’Δμφότερα
848 700 913 754 τὰ
944 700 1247 777 ξύλαριατά
1278 704 1377 775 τὴν
1409 706 1654 776 Γραφὴν,
1697 705 1861 761 τινῶν

269 790 378 842 είσι
408 788 747 863 διακριτικὰ,
792 793 965 863 ἤγουν
993 795 1023 847 ὁ
1050 794 1175 855 νοῦς
1214 797 1308 850 καὶ
1338 798 1371 868 ἡ
1408 796 1660 869 αἴσθησις
1679 813 1693 829 ο
1725 793 1858 863 οἷον,

268 886 301 936 ὁ
339 884 441 954 μὲν
470 884 615 949 νοῦς,
666 884 779 956 ἔχει
825 886 1055 958 δύναμιν
1102 888 1468 959 διακριτικὴν,
1515 887 1723 959 νοητῶν
1766 890 1862 943 καὶ⁸

270 974 569 1047 αἰσθητῶν,
602 977 953 1048 προσκαίρων
996 979 1093 1034 καὶ
1129 978 1395 1035 αίωνίωνο
1434 979 1638 1049 μᾶλλον
1667 979 1726 1034 δὲ
1756 979 1860 1051 ψυ-

271 1069 377 1141 χῆς
415 1070 674 1140 ὑπάρχων
716 1070 952 1141 δύναμις
997 1070 1335 1143 διακρυτικὴ,
1375 1072 1484 1127 τῶν
1520 1072 1647 1143 μὲν,
1690 1073 1863 1144 αὐτὴν

272 1160 597 1233 ἀντέχεσθαι
648 1160 853 1215 πείθειο
896 1162 1007 1221 τῶν
1054 1162 1135 1230 δὲ,
1203 1164 1623 1239 ὑπεραίρεσθαι.
1684 1166 1750 1219 Ἦ
1805 1167 1865 1221 δὲ

266 1253 537 1323 αἴσθησις
574 1252 687 1324 εχει
725 1252 957 1323 δύναμιν
987 1254 1334 1328 διακριτικὴν
1363 1256 1557 1328 ἡδονῆς
1596 1258 1865 1328 σωμάτων

269 1346 371 1398 καὶ
397 1344 589 1414 ὀδύνης
609 1360 622 1373 ·
659 1336 874 1414 μᾶλλονῗ
887 1345 944 1399 δὲ
982 1344 1215 1416 δύναμις
1235 1346 1558 1418 ὑπάρχουσα
1607 1348 1865 1420 ἐμψύχων

269 1436 372 1493 καὶ
407 1436 740 1506 αἰσθητικῶν
785 1436 1080 1507 σωμάτων,
1111 1436 1210 1508 τὴν
1251 1438 1348 1508 μὲν
1395 1438 1592 1511 ἡδονὴν
1630 1439 1867 1494 ἐπισπᾶο

273 1524 407 1587 σθαι
432 1527 631 1593 πείθει,
661 1528 761 1599 τὴν
793 1528 853 1582 δὲ
883 1529 1076 1602 ὀδύνην
1104 1530 1557 1602 ἀποπέμπεσθαι.

345 1790 442 1847 λα.
486 1791 546 1846 '0
579 1791 886 1864 ἄνθρωπος,
921 1794 1018 1848 ἐὰν
1051 1794 1149 1865 μὲν
1177 1795 1347 1867 μόνης
1391 1797 1489 1867 τῆς
1517 1797 1640 1853 καθ’
1669 1800 1868 1870 ἡδονὴν

272 1882 373 1941 καὶ
404 1882 600 1953 ὀδύνην
625 1883 951 1956 αἱσθητικῆς
978 1885 1088 1939 τῶν
1111 1886 1380 1957 σωμάτων
1403 1887 1628 1959 γένηται
1655 1889 1868 1960 διακρί-
1901 1872 1942 1933 Β

276 1992 442 2041 σεως,
490 1977 591 2049 τὴν
626 1977 777 2031 θείαν
811 1978 1067 2051 παραϐὰς
1117 1979 1358 2050 ἐντολὴν,
1396 1981 1564 2035 ἐσθίει
1606 1982 1668 2035 τὸ
1712 1980 1868 2048 ξύλον

272 2067 345 2119 τὸ
376 2068 617 2135 γνωστὸν
654 2066 825 2123 καλοῦ
856 2070 949 2124 καὶ
982 2072 1257 2145 πονηροῦο
1293 2073 1561 2137 τουτέστι,
1604 2075 1704 2146 τὴν
1748 2076 1867 2129 κατ’

1964 621 2068 678 ret,
2118 614 2440 673 mandatum
2486 632 2596 670 non
2647 616 2910 671 servavit.

2033 689 2191 774 54],
2241 702 2329 758 55.
2383 703 2689 773 Utrumque
2740 704 2950 774 lignum
3007 702 3197 775 (mens
3243 705 3458 761 scilicet
3502 714 3560 760 et

1962 794 2178 863 sensus)
2209 794 2365 864 juxta
2398 794 2761 865 Scripturam,
2794 794 2906 850 vim
2937 795 3309 866 quorumdam
3344 795 3557 851 discer-

1962 882 2274 937 nendorum
2305 882 2535 949 habent,
2558 884 2713 938 verbi
2744 885 2919 955 gratia
2949 901 3130 952 mens,
3158 901 3222 942 ea
3244 885 3301 939 vi
3330 884 3559 955 prmdita

1963 990 2049 1033 es:
2071 1016 2086 1042 ,
2123 994 2231 1048 qua
2264 978 2547 1034 discernat
2578 995 2701 1049 quae
2741 981 2845 1036 sub
2881 982 3227 1037 intellectum
3267 981 3473 1035 cadunt
3504 989 3562 1034 et

1965 1084 2090 1138 quae
2132 1069 2235 1124 sub
2276 1086 2522 1135 sensum,
2548 1086 2671 1140 quae
2709 1080 3063 1141 temporanea
3099 1083 3155 1128 et
3192 1089 3314 1143 qua:
3354 1082 3561 1127 aeterna

1966 1169 2115 1214 sunt.
2149 1161 2286 1226 lmo,
2319 1176 2446 1216 eum
2486 1161 2605 1231 ipsa
2643 1161 2917 1231 ejusmodi
2958 1162 3194 1219 facultas
3230 1162 3430 1231 animae
3467 1160 3559 1226 sit,

1965 1251 2058 1305 cui
2109 1252 2254 1306 inest
2294 1253 2379 1311 vis
2422 1252 2807 1316 discernendi,
2842 1264 3036 1311 auctor
3082 1256 3161 1310 illi
3206 1264 3322 1320 est,
3354 1262 3415 1308 ut
3456 1254 3563 1308 alia

1966 1345 2367 1415 amplectatur,
2400 1345 2507 1401 alia
2553 1354 2781 1416 superet
2826 1361 2890 1401 ac
2932 1347 3311 1402 transcendat.
3356 1346 3564 1402 Sensus

1962 1447 2153 1491 autem
2192 1437 2307 1491 vim
2337 1436 2506 1492 habet
2538 1436 2920 1491 discernenda:
2979 1450 3277 1506 corporum
3308 1434 3560 1502 volupta-

1970 1526 2041 1581 tis
2084 1534 2251 1596 atque
2290 1526 2500 1582 doloris
2539 1543 2554 1579 :
2597 1524 2851 1595 quinimo
2891 1540 3018 1579 cum
3064 1523 3181 1593 ipse
3220 1521 3455 1576 facultas
3492 1519 3565 1574 sit

1968 1632 2262 1686 corporum
2289 1618 2472 1673 anima
2504 1632 2783 1687 sensuque
2812 1616 3199 1687 praeditorum,
3223 1615 3563 1684 voluptatem

1973 1708 2195 1778 quidem
2230 1708 2502 1765 asciscere
2536 1706 2763 1773 suadet,
2791 1708 3039 1763 dolorem
3067 1721 3200 1762 vero
3232 1704 3563 1776 propellere.

2044 1800 2133 1864 54.
2166 1799 2363 1880 Homo,
2391 1801 2664 1872 siquidem
2701 1800 2805 1856 soli
2838 1799 3185 1866 discretioni,
3215 1813 3337 1868 quae
3369 1810 3568 1852 sensus

1970 1900 2075 1957 est,
2114 1892 2412 1961 voluptatis
2456 1905 2757 1960 corporum
2804 1900 2971 1961 atque
3009 1890 3241 1954 doloris,
3285 1890 3568 1958 impensus

1972 1982 2079 2047 sit,
2127 1981 2303 2036 divini
2360 1981 2641 2048 mandati;
2700 1981 3151 2053 transgressionis
3205 1995 3366 2043 rens,
3419 1978 3567 2048 ligno

1971 2074 2215 2130 vescitur
2255 2074 2505 2130 scicntia:
2548 2074 2681 2129 boni
2729 2083 2787 2131 et
2839 2075 2969 2130 mali
3026 2074 3254 2145 (sensus
3299 2071 3566 2125 nimirum

276 2158 537 2233 αἴσθησιν
584 2161 838 2229 ἀλογίαν·
876 2163 1015 2234 ἔχων
1062 2164 1231 2236 μόνην
1259 2166 1359 2237 τὴν
1405 2167 1736 2240 συστατικὴν
1764 2169 1871 2222 τῶν

1983 2176 2198 2237 experte
2231 2167 2464 2223 rationis
2493 2166 2671 2237 motu)
2706 2183 2814 2221 una
2852 2167 3068 2237 pollens
3099 2181 3165 2221 ea
3197 2163 3567 2227 discretione,

278 2252 556 2322 στομάτων
601 2251 912 2325 διάκρισιν,
962 2255 1085 2310 καθ’
1134 2258 1224 2328 ἢν,
1268 2258 1345 2322 ὡς
1397 2257 1496 2329 μὲν
1538 2258 1731 2323 καλοῦ,
1772 2261 1869 2332 τῆς

1983 2274 2096 2327 quae
2128 2258 2197 2314 ad
2233 2273 2535 2329 corporum
2567 2258 3004 2315 incolumitatem
3040 2257 3200 2322 facit;
3239 2272 3377 2326 qua,
3407 2255 3569 2311 volu-

279 2342 479 2415 ἡδονῆς
509 2345 828 2416 ἀντέχεται·
866 2348 942 2411 ὡς
981 2347 1036 2402 δὲ
1071 2348 1265 2414 κακοῦ,
1305 2351 1405 2421 τῆς
1430 2350 1626 2419 ὀδύνης
1659 2353 1873 2423 ἀπέχε-

1983 2358 2183 2421 ptatem
2230 2351 2455 2420 quidem
2504 2360 2565 2405 ut
2612 2351 2821 2405 bonum
2872 2349 3267 2420 amplectitur;
3320 2349 3573 2403 dolorem

276 2451 395 2491 ται.
441 2437 571 2493 Ἐὰν
611 2438 669 2492 δὲ
720 2438 889 2508 μόνης
911 2441 1013 2511 τῆς
1051 2441 1165 2497 τῶν
1212 2442 1447 2498 αἰωνίων
1490 2444 1874 2516 διακρινούσης

1983 2457 2106 2497 vero
2143 2441 2283 2511 fugit
2348 2450 2409 2496 nt
2445 2442 2671 2499 malum.
2703 2442 2798 2496 Sin
2834 2450 3022 2497 autem
3061 2442 3266 2496 mentis
3303 2440 3572 2494 duntaxat

275 2527 358 2582 τὰ
396 2529 709 2601 πρόσκαιρα
748 2530 819 2584 δι’
849 2532 990 2586 ὅλουο
1016 2532 1245 2604 γένηται
1291 2538 1485 2605 νοερᾶς
1528 2538 1872 2607 διακρίσεως,

276 2618 387 2691 τὴν
406 2619 560 2674 θείαν
580 2621 824 2689 φυλάξας
847 2622 1094 2694 ίιντολὴν,
1121 2624 1295 2679 ἐσθίει
1318 2626 1378 2680 τὸ
1397 2625 1554 2692 ξύλον
1575 2628 1672 2698 τῆς
1695 2627 1838 2698 ζωῆς
1856 2647 1871 2659 ο

279 2710 386 2783 τὴν
433 2712 576 2767 κατὰ
612 2712 742 2769 νοῦν
790 2713 935 2784 λέγω
986 2718 1386 2788 συνισταμένην
1435 2719 1658 2787 σοφίαν·
1706 2720 1876 2792 μόνην

274 2801 427 2873 ἔχων
456 2802 554 2874 τὴν
582 2806 917 2876 συστατικὴν
953 2807 1053 2877 τῆς
1081 2807 1262 2879 ψυχῆς
1290 2807 1566 2881 διάκρισιν
1584 2826 1600 2841 ’
1635 2810 1759 2865 καθ’
1787 2813 1875 2883 ῆν,

273 2890 362 2957 ὡς
408 2893 513 2965 μὲν
559 2895 753 2962 καλοῦ,
798 2898 898 2969 τῆς
932 2898 1044 2954 τῶν
1082 2901 1323 2955 αίωνίων
1360 2902 1648 2973 ἀντέχεται
1680 2903 1872 2975 δόξης⁸

271 2987 497 3152 (30961
561 2992 733 3046 κακοῦ
758 3033 773 3059 ,
850 2993 951 3064 τῆς
1010 2994 1122 3051 τῶν
1200 2997 1552 3070 προσκαίρων
1613 2998 1876 3069 ἀπέχεται

431 3083 519 3148 ἅς.

431 3083 519 3148 ἇς.

1976 2532 2300 2589 discretioni
2352 2549 2583 2602 prorsus
2628 2534 2886 2600 studeat,
2930 2550 3052 2603 quae
3097 2544 3454 2602 temporanca
3500 2530 3571 2584 ab

1974 2626 2197 2682 aeternis
2243 2625 2553 2689 discernat,
2599 2625 2773 2680 divini
2825 2626 3071 2681 mandati
3122 2636 3317 2687 tenax,
3358 2624 3577 2693 lignum

1978 2717 2104 2773 vitae
2137 2717 2489 2788 (sapientiam
2524 2717 2794 2772 nimirum
2829 2718 2885 2771 in
2921 2724 3107 2771 mente
3143 2714 3569 2785 consistentem)

1978 2812 2254 2879 comedit;
2297 2828 2406 2868 una
2440 2812 2711 2867 duntaxat
2743 2812 3009 2882 praeditus
3043 2811 3415 2873 discretione,
3447 2824 3577 2879 qua:

1979 2903 2046 2958 ad
2078 2903 2247 2959 animi
2278 2904 2510 2960 salutem
2541 2905 2702 2968 facit;
2736 2921 2866 2974 qua,
2892 2913 3228 2960 aeternorum
3261 2902 3569 2958 claritatem

1980 3005 2044 3050 ut
2068 2996 2272 3050 bonum
2304 2998 2649 3067 complexus,
2677 3014 2707 3052 a
2738 3007 3086 3052 terrenorum
3121 2995 3483 3065 corruptione
3512 3001 3574 3050 ut

1977 3101 2012 3139 a
2040 3087 2186 3141 malo
2216 3087 2555 3157 abjungitur.

357 3172 453 3267 λε’.
508 3174 621 3228 Νοῦ
672 3176 773 3246 μὲν
822 3176 988 3232 καλόν
1047 3178 1233 3244 ἔστιν,
1278 3180 1313 3251 ἡ
1358 3179 1577 3252 ἀπαθὴς
1633 3180 1772 3251 πρὸς
1818 3182 1876 3235 τὸ

2050 3175 2140 3231 35.
2169 3176 2368 3231 Mentis
2402 3177 2611 3231 bonum
2646 3185 2812 3246 atque
2844 3176 3036 3241 animi,
3064 3176 3363 3247 tranquilla
3396 3182 3481 3231 est
3509 3190 3574 3230 ac

279 3263 508 3335 πνεῦμα
541 3266 815 3332 διάθεσιςο
868 3270 1039 3323 κακὸν
1086 3270 1163 3337 δὲ,
1204 3273 1243 3342 ἡ
1287 3272 1544 3345 ἐμπαθὴς
1591 3272 1729 3344 πρὸς
1777 3272 1876 3345 τὴν

278 3354 540 3428 αεσθησιν
567 3359 791 3429 σχέσις·
823 3360 1136 3432 αἰσθήσεως
1174 3362 1231 3416 δὲ
1261 3364 1429 3418 καλόν
1466 3368 1637 3427 ἐστιν,
1684 3368 1717 3437 ἡ
1754 3365 1876 3419 καθ’

280 3446 485 3519 ἡδονὴν
515 3450 773 3521 ἐμπαθὴς
804 3452 943 3522 πρὸς
995 3453 1157 3524 σῶμα
1200 3454 1451 3527 κίνησις·
1504 3458 1676 3511 κακὸν
1728 3459 1806 3523 δὲ,
1845 3460 1877 3527 ἡ

278 3540 433 3595 κατὰ
461 3542 717 3616 στέρησιν
748 3544 949 3615 ταύτης
981 3547 1336 3619 ὲπιγινομένη
1369 3547 1630 3615 διάθεσις.

359 3808 474 3875 λς’.
528 3808 589 3864 '0
644 3810 841 3880 πείσας
898 3813 962 3868 τὸ
1030 3814 1275 3879 συνειδὸς
1321 3814 1399 3881 ὡς
1450 3818 1612 3888 φύσει
1678 3821 1878 3882 καλὸν.

282 3903 672 3975 πραττόμενον
704 3905 853 3976 ἔχειν
880 3908 943 3961 τὸ
982 3909 1269 3976 κάκιστον,
1310 3906 1467 3974 οὗτος
1511 3916 1695 3985 χειρὸς
1724 3916 1880 3986 δίκην

286 3994 543 4059 ἐκτείνας
570 3998 633 4050 τὸ
678 3999 1003 4070 πρακτικὸν,
1037 4002 1198 4056 ἔλαϐε
1225 4004 1442 4074 ψεκτῶς
1474 4006 1567 4059 τοῦ
1596 4006 1752 4071 ξύλου
1780 4008 1880 4076 τῆς

260 4083 475 4158 -ζωῆς,
528 4089 800 4145 ἀθάνατον
850 4094 1201 4164 ἡγησάμενος
1253 4097 1413 4165 φύσει
1475 4098 1536 4151 τὸ
1598 4099 1877 4154 κάκιστον.

283 4180 498 4253 Διόπερ
527 4180 627 4253 τὴν
654 4185 795 4239 κατά
823 4185 885 4239 τὸ
916 4187 1153 4252 συνειδὸς
1182 4188 1278 4243 τοῦ
1312 4190 1482 4245 κακοῦ
1516 4192 1770 4264 διαϐολὴν
1804 4195 1882 4265 τῷ

290 4271 572 4345 ἀνθρώπῳ
602 4275 849 4344 φυσικῶς
901 4278 1193 4351 ἐνθέμενος
1230 4283 1259 4336 ὁ
1301 4283 1455 4349 Θεὸς,
1483 4286 1753 4356 διέκρινεν
1793 4290 1883 4342 αύ-

285 4363 387 4418 «nov
411 4366 514 4436 τῆς
555 4369 730 4439 ζωῆς,
779 4370 951 4426 κακὸν
998 4374 1065 4444 τῇ
1113 4374 1435 4445 προαιρέσει
1483 4379 1878 4450 γεγενημένον·

293 4456 385 4510 ῐνα
445 4458 521 4530 μὴ
573 4461 635 4513 τὸ
689 4463 861 4517 κακὸν
910 4464 1205 4536 πράττων,
1257 4467 1481 4539 δύνηται
1544 4474 1729 4525 πεῖσαι
1784 4476 1882 4545 τὴν

1981 3266 2279 3323 affectibus
2303 3284 2508 3323 vacans
2536 3284 2634 3323 seu
2667 3268 2965 3323 libidinosa
3001 3270 3123 3341 ejus
3155 3284 3284 3339 erga
3317 3267 3572 3338 spiritum

1979 3358 2231 3426 aﬂectio;
2266 3361 2471 3414 malum
2496 3376 2651 3425 vero,
2678 3361 2973 3415 libidinosa
3006 3370 3210 3416 etcum
3242 3361 3446 3416 affectu
3475 3376 3572 3417 seu

1979 3449 2400 3519 perturbatione
2447 3467 2573 3521 erga
2619 3467 2844 3507 sensum
2894 3452 3163 3506 habitudo
3214 3467 3278 3507 ac
3326 3451 3575 3506 affectio.

1980 3541 2194 3597 Sensus
2215 3551 2400 3597 autem
2427 3543 2656 3608 bonum,
2678 3560 2891 3614 pronus
2911 3552 2995 3600 est
3018 3544 3318 3615 voluptatis
3340 3542 3575 3598 libidine

1980 3632 2039 3686 in
2073 3646 2277 3702 corpus
2310 3640 2527 3698 motus;
2566 3633 2773 3689 malum
2807 3650 2969 3697 vero,
2999 3649 3122 3703 qua
3153 3647 3252 3702 per
3284 3630 3436 3685 illius
3464 3630 3576 3700 pri-

1980 3723 2261 3779 vationem
2289 3725 2581 3795 dispositio
2608 3740 2672 3781 ac
2700 3726 2920 3782 affectio
2952 3725 3184 3781 accedit.

2050 3815 2143 3871 56.
2173 3815 2277 3883 Qui
2323 3827 2521 3874 auctor
2557 3819 2911 3875 conscientia":
2950 3826 3056 3883 est,
3092 3828 3154 3873 ut
3192 3817 3342 3873 velut
3382 3824 3577 3871 natura

1979 3906 2226 3971 bonum,
2291 3908 2442 3978 quod
2512 3917 2599 3964 est
2662 3909 2966 3978 pessimum
3037 3923 3209 3977 opere
3269 3907 3579 3962 exercitum

1982 4000 2209 4067 habeat;
2248 4001 2324 4066 is,
2352 4002 2513 4072 quasi
2551 4018 2776 4056 manum
2816 4001 3033 4073 (agendi
3071 4000 3203 4072 vim)
3240 4002 3577 4061 extendens.

1981 4092 2050 4147 de
2085 4094 2237 4163 ligno
2268 4094 2427 4158 vita},
2461 4094 2778 4149 damnando
2814 4093 3062 4149 facinore
3097 4094 3338 4164 accepit;
3381 4101 3579 4148 natura

1985 4195 2138 4241 ratus
2175 4186 2519 4247 immortale,
2550 4186 2696 4255 quod
2737 4187 2789 4240 in
2827 4186 3086 4256 pessimis
3122 4185 3439 4240 habendum
3472 4194 3575 4242 est.

1984 4277 2130 4332 Dens
2164 4277 2371 4347 itaque,
2401 4279 2495 4348 qui
2531 4288 2727 4333 natura
2761 4278 2973 4332 homini
3011 4276 3307 4341 indiderat,
3338 4284 3416 4342 ut,
3449 4292 3582 4331 con-

1984 4368 2213 4424 scientia
2260 4370 2467 4441 judice,
2502 4372 2708 4426 malum
2753 4372 3127 4440 vituperaret,
3172 4371 3430 4426 eumdem
3481 4385 3581 4425 sua

1988 4462 2165 4531 ipsum
2190 4463 2474 4518 voluntate
2504 4478 2568 4519 ac
2593 4463 2829 4518 arbitrio
2860 4464 3065 4518 malum
3102 4463 3386 4528 effectum,
3412 4478 3444 4518 a
3466 4463 3579 4517 vita

292 4548 437 4602 ἰδίαν
468 4553 797 4623 συνείδησιν,
847 4556 932 4610 ὅτι
985 4557 1147 4628 φύσει
1194 4559 1359 4614 καλὸν
1399 4561 1638 4637 ὑπάρχει
1672 4565 1734 4618 τὸ
1784 4567 1876 4621 κά·

1985 4553 2294 4623 segregavit
2331 4570 2345 4608 :
2383 4570 2452 4609 ne
2488 4553 2620 4609 dum
2656 4554 2861 4608 malum
2903 4553 3044 4625 agit,
3080 4554 3438 4609 conscientiae
3467 4568 3582 4608 sua:

256 4653 263 4661 “
292 4654 505 4695 κιστον.

365 4804 468 4873 λζ’.
521 4808 587 4861 Ἥ
620 4809 885 4880 ἄμπελος,
921 4807 1065 4867 οἶνον
1114 4814 1289 4868 ποιεῖ’
1322 4816 1351 4870 ὁ
1382 4813 1545 4883 οῐνος,
1594 4818 1767 4893 μέθην
1789 4838 1803 4852 ⁸
1847 4824 1881 4893 ἡ

294 4896 465 4969 μέθη,
495 4898 770 4955 ἔκστασιν.
804 4903 1014 4959 Οὐκοῦν
1038 4907 1067 4958 ὁ
1087 4906 1315 4977 ἐνεργὴς
1340 4908 1518 4977 λόγος,
1558 4912 1697 4985 ὅπερ
1736 4916 1887 4969 ἐστὶν

289 4989 331 5059 ἡ
376 4989 640 5058 ἄμπελος,
698 4993 1113 5065 γεωργούμενος
1140 4999 1265 5061 ταῖς
1312 4999 1554 5070 ἀρεταῖς,
1595 5005 1759 5075 γεννᾷ
1789 5008 1887 5078 τὴν

294 5079 501 5150 γνῶσιν
519 5100 534 5114 θ
562 5084 595 5154 ἡ
625 5083 681 5136 δὲ
710 5085 933 5153 γνῶσις,
968 5090 1132 5161 γεννᾷ
1154 5089 1254 5163 τὴν
1282 5091 1454 5164 καλὴν
1482 5091 1757 5162 ἔκστασιν,
1789 5098 1889 5171 τὴν

292 5171 391 5227 τὸν
422 5172 549 5227 νοῦν
583 5174 682 5247 τῆς
716 5178 835 5231 κατ’
873 5180 1128 5253 αἴσθησιν
1163 5182 1399 5253 σχέσεως
1438 5185 1761 5251 ὲξιστῶσαν.

368 5265 475 5338 λη’.
516 5267 641 5332 Τοῖς
672 5270 784 5324 τῶν
821 5272 1099 5344 αἰσθητῶν
1139 5276 1414 5346 νοήμασιν
1449 5280 1606 5333 είωθε
1645 5283 1885 5356 κακούρ-

295 5370 413 5425 γως
450 5358 479 5411 ὁ
527 5359 760 5431 πονηρὸς
794 5362 1125 5449 συμϐάλλειν
1173 5364 1244 5419 τά
1288 5366 1397 5420 τῶν
1447 5370 1725 5442 αἰσθητῶν
1769 5376 1885 5449 εἴδη

295 5449 397 5502 καὶ
428 5453 701 5522 σχήματα,
731 5452 799 5508 δι⁴
827 5446 902 5510 ὧν
933 5456 1144 5526 πέφυκε
1170 5456 1241 5511 τὰ
1269 5458 1415 5531 πάθη
1433 5460 1494 5531 δη
1505 5446 1885 5535 μιουργεῖσθαι

300 5540 434 5611 περὶ
460 5543 555 5607 τὰς
589 5545 915 5617 ἐπιφανείας
947 5548 1056 5604 τῶν
1086 5550 1320 5621 ὁρατῶν,
1358 5554 1550 5608 στάσιν
1584 5556 1889 5629 λαμϐανούο

301 5649 406 5704 σης
436 5635 508 5706 (e)
544 5636 631 5692 διὰ
660 5638 759 5712 τῆς
788 5639 963 5713 μέσης
997 5642 1303 5725 αἰσθήσεως
1340 5644 1441 5716 τῆς
1474 5648 1601 5719 περὶ
1628 5649 1694 5704 τὰ
1721 5654 1889 5726 νοητὰ

1986 4644 2323 4714 persuadere
2357 4645 2557 4716 possit,
2588 4646 2793 4700 bonum
2826 4656 3025 4699 natura
3058 4660 3201 4710 esse,
3227 4644 3373 4716 quod
3410 4642 3583 4714 pessi-

1988 4754 2139 4793 mum
2171 4747 2276 4794 est.
2474 4718 2487 4737 κ

2061 4829 2149 4884 57.
2205 4830 2381 4895 Vitis,
2432 4830 2620 4886 vinum
2686 4832 2864 4904 parit;
2932 4833 3161 4899 vinum,
3215 4830 3577 4892 ebrietatem;

1992 4917 2152 4989 542
2209 4920 2479 4984 ebrietas,
2526 4922 2729 4977 mentis
2782 4938 3091 4979 excessum.
3141 4920 3339 4976 Eﬂicax
3395 4918 3582 4988 itaque

1995 5012 2135 5064 ratio
2185 5012 2381 5082 (quam
2431 5012 2534 5067 rite
2578 5013 2747 5068 vitem
2789 5011 3231 5084 nuncupaveris)
3276 5008 3583 5065 virtutibus

1992 5103 2232 5168 exculta,
2256 5104 2545 5159 scientiam
2568 5106 2873 5176 progignit;
2897 5104 3148 5168 scientia,
3169 5103 3375 5156 bonum
3393 5115 3583 5156 exces-

2000 5211 2146 5261 sum,
2166 5212 2278 5267 quo
2294 5213 2497 5253 mensa
2514 5198 2718 5255 carnali
2750 5212 3055 5268 sensusque
3084 5195 3312 5250 libidine
3341 5191 3580 5248 excedit.

2063 5291 2151 5346 58.
2181 5291 2384 5346 Rerum
2410 5291 2465 5345 in
2492 5306 2715 5345 sensum
2747 5290 3062 5345 cadentium
3094 5288 3377 5358 conceptis
3399 5288 3581 5342 animo

1994 5380 2323 5446 rationibus,
2350 5379 2667 5436 earumdem
2705 5378 2910 5434 formas
2944 5388 3107 5449 atque
3142 5376 3343 5448 ﬁguras
3376 5384 3438 5430 ut
3464 5391 3587 5430 ver-

1995 5482 2119 5529 sute
2148 5481 2426 5539 conserat,
2452 5488 2518 5528 ex
2544 5471 2869 5542 nequissimi
2898 5472 3059 5541 genio
3086 5478 3201 5537 est;
3230 5469 3433 5540 quibus
3459 5484 3586 5538 pro-

1995 5565 2139 5621 clive
2177 5566 2328 5620 circa
2366 5579 2558 5620 earum
2597 5579 2785 5619 rerum
2826 5572 3205 5633 conspectum,
3238 5577 3376 5631 quas
3410 5560 3587 5615 oculis

1996 5673 2350 5729 usurpamus,
2374 5656 2604 5712 affectus
2629 5666 2993 5729 procreantur
3015 5671 3079 5711 ac
3102 5653 3390 5710 libidines-
3419 5653 3587 5710 ratio.

388 5814 453 5893 ιι)
491 5817 716 5875 Στάσιν
762 5823 1191 5900 λαμϐανούσης
1221 5842 1234 5858 ·
1286 5829 1752 5906 Interquiesccntr,
1827 5853 1910 5895 seu
1952 5837 2222 5904 cessau‘tc;
2284 5858 2351 5898 ne
2411 5852 2577 5899 sensu
2628 5837 2809 5896 medio
2852 5836 2921 5894 ad
2971 5833 3243 5911 spiritalia
3299 5840 3583 5899 transeat;
