3972 6430
159 377 286 473 1237

788 407 1127 469 CAPITUM
1163 407 1588 483 QUINQUIES
1622 405 2152 468 CENTENORUM
2186 405 2579 467 CENTURIA
2620 404 2703 465 lI.
3061 414 3080 454 ί

3280 388 3426 465 1133

154 522 246 576 καὶ
286 518 502 593 ὑψηλὴν
532 517 770 592 θεωρίαν
803 519 955 592 δηλοῖ
975 538 988 553 ο
1022 520 1052 574 ό
1079 520 1137 575 δέ
1166 520 1430 592 βραχίων,
1452 520 1553 593 τὴν
1590 519 1737 591 πρᾶ-

1860 517 2045 574 Liorem
2095 532 2161 572 ac
2211 496 2507 572 sublimem
2556 512 3081 585 contemplationem
3132 510 3429 583 signiﬁcat.

156 615 255 680 ξιν,
289 615 461 686 ἦγουν
494 612 591 668 τοῦ
647 611 995 684 διανοητικοῦ
1038 612 1139 683 τὴν
1191 612 1307 677 ἕξιν
1331 613 1428 667 καὶ
1452 614 1552 684 τὴν
1586 611 1741 683 ἐνέρ-

154 722 330 775 γειαν,
364 704 399 777 ἢ
436 704 535 777 τὴν
558 704 761 774 γνῶσιν
807 703 902 763 καὶ
952 703 1053 775 τὴν
1097 704 1331 775 ἀρετήν’
1367 704 1445 767 ὡς
1482 704 1583 774 τῆς
1639 704 1740 774 μὲν

154 798 430 867 γνώσεως,
469 795 619 868 αὑτῷ
655 794 1040 868 προσαγούσης
1078 795 1301 867 άμέσως
1353 796 1447 849 τὸν
1498 794 1624 851 νοῦν
1664 796 1743 866 τῷ

155 890 272 961 Θεῷ
295 907 307 920 ⁸
342 889 445 959 τῆς
479 889 683 962 ἀρετῆς
713 889 790 954 δὲ,
824 886 965 942 κατὰ
990 887 1088 958 τὴν
1120 887 1320 958 πρᾶξιν
1355 889 1539 959 πάσης
1575 888 1743 957 άφαι-

158 982 431 1054 ρουμένης
461 982 627 1037 αὑτὸν
654 985 756 1052 τῆς
776 980 885 1034 τῶν
910 978 1081 1033 ὄντων
1105 981 1375 1049 γενέσεως
1394 983 1413 1004 ⁴
1442 997 1457 1012 ’
1494 979 1643 1054 ἅπερ
1671 980 1745 1034 ie-

156 1076 343 1147 ριῦσιν
368 1076 649 1145 ἀφώρισεν
697 1078 725 1129 ὁ
774 1073 955 1144 λόγος,
988 1076 1101 1138 τοῖς
1134 1073 1299 1145 μόνον
1345 1072 1440 1127 τδν
1472 1074 1608 1131 Θεὸν
1654 1072 1744 1129 διὰ

155 1167 375 1220 πάντων
396 1167 770 1238 κτησαμένοις
796 1163 1188 1237 κληρονομίαν,
1220 1165 1319 1221 καὶ
1347 1163 1519 1238 μηδὲν
1555 1162 1743 1222 τοσύν-

154 1259 273 1313 ολον
298 1278 470 1331 κεκτη
480 1261 662 1331 μένοις
685 1259 954 1329 ἐπίγειον.

226 1359 348 1424 με’·
390 1352 608 1425 Ἐπειδὴ
658 1352 758 1417 τὰς
793 1352 971 1411 ἄλλων
1019 1354 1251 1429 καρδίας
1309 1350 1399 1410 διὰ
1436 1348 1530 1406 τοῦ
1580 1349 1743 1419 λόγου

153 1446 251 1513 τῆς
277 1441 650 1509 διδασκαλίας,
682 1444 731 1496 οἱ
764 1442 971 1512 γνώσει
999 1443 1097 1498 καὶ
1127 1442 1301 1513 ἀρετῇ
1330 1440 1396 1493 δι’
1416 1437 1540 1493 ὅλου
1577 1453 1745 1490 ποιω-

155 1534 342 1599 θὲντες
365 1533 445 1604 τῷ
473 1533 773 1604 πνεύματι,
807 1533 1096 1598 εὐσεϐείας
1124 1533 1222 1590 καὶ
1260 1530 1499 1593 πίστεως
1528 1526 1745 1583 ποιοῦν-

152 1643 244 1679 ται
273 1623 557 1690 δεκτικὰς,
583 1625 679 1681 καὶ
701 1624 803 1695 τὴν
833 1622 1151 1695 πρακτικὴν
1184 1621 1366 1676 αὑτῶν
1388 1620 1503 1691 ἕξιν
1537 1619 1631 1673 καὶ
1662 1615 1748 1673 δύ-

155 1736 327 1789 ναμιν
354 1716 780 1788 ἀφαιρούμενοι,
804 1715 915 1772 τῶν
943 1716 1038 1769 ἐπὶ
1061 1718 1128 1787 τῇ
1160 1714 1377 1786 φθαρτῇ
1399 1711 1560 1785 φύσει
1584 1727 1746 1765 σπου-

1844 611 2045 666 Armus
2088 618 2299 675 autem,
2333 607 2636 671 actionem,
2684 605 2739 661 id
2780 613 2886 670 est,
2920 602 3215 675 cogitantis
3258 601 3430 657 animi

1846 701 2097 757 habitum
2122 708 2182 756 et
2205 698 2609 771 operationem,
2630 697 2716 753 vel
2744 695 3033 752 scientiam
3055 701 3113 749 et
3134 693 3430 759 virtutem;

1845 794 2049 864 quippe
2079 809 2204 848 cum
2234 792 2465 847 scientia
2498 799 2739 846 mentem
2761 790 2874 844 Deo
2901 785 3219 842 immediate
3244 784 3455 839 adnuo-—

1844 896 2001 953 veat;
2044 886 2225 941 virtus
2266 900 2431 949 vero,
2476 900 2585 955 qua
2632 884 2907 939 actionem
2956 878 3118 944 colit,
3160 878 3230 933 ab
3279 876 3461 933 omnii

1844 994 2032 1035 rerum
2063 977 2355 1033 affectione
2383 985 2619 1046 ortuque
2645 982 2926 1030 removeat
2952 990 2968 1028 :
2994 990 3118 1047 qua:
3144 970 3463 1042 Scriptura»

1844 1069 2228 1127 sacerdotibus
2274 1068 2611 1141 segregavit,
2663 1066 2758 1138 qui
2813 1067 2993 1123 solum
3050 1066 3226 1121 Deum
3284 1060 3459 1118 nacti,

1843 1164 2255 1231 hereditatem,
2290 1163 2430 1219 nihil
2478 1176 2707 1236 prorsus
2746 1175 2935 1216 rerum
2976 1166 3328 1215 terrenarum
3376 1154 3460 1213 in;

1846 1267 2017 1309 censu
2048 1253 2309 1308 habeant.

1916 1344 2007 1400 46.
2034 1343 2174 1399 Cum
2203 1343 2313 1411 bis,
2339 1342 2434 1414 qui
2468 1342 2703 1399 scientia
2728 1350 2785 1398 et
2811 1341 3017 1398 virtute
3045 1356 3148 1414 per
3177 1339 3459 1412 spiritum.

1845 1442 1963 1491 toto
2005 1436 2193 1491 animo
2237 1434 2434 1491 imbuti
2478 1443 2637 1501 sunt,
2669 1434 2891 1506 pietatis
2929 1434 3167 1505 ﬁdeique
3207 1447 3457 1504 capaces:

1846 1527 2082 1582 aliorum
2124 1535 2339 1583 mentes
2377 1527 2627 1582 doctrina
2670 1535 2836 1596 atque
2874 1541 3131 1582 sermone
3172 1524 3452 1587 efﬁciant,

1844 1632 2152 1687 eorumque
2183 1616 2420 1672 actionis
2448 1615 2699 1670 habitum
2730 1630 2799 1671 ac
2825 1614 3141 1670 facultatem
3176 1613 3447 1668 auferen-t

1848 1716 1953 1773 tes,
1982 1724 2051 1763 ne
2084 1723 2189 1780 pro
2218 1715 2433 1764 naturae
2461 1715 2737 1778 corruptas
2762 1706 2884 1762 labe
2912 1706 3113 1761 studiis
3137 1705 3434 1770 dedantur,

153 1810 478 1881 δασμάτων,
513 1808 651 1881 πρὸς
683 1808 785 1880 τὴν
815 1806 924 1861 τῶν
956 1807 1097 1879 ὑπὲρ
1122 1807 1286 1877 φύσιν
1323 1804 1621 1876 ἀφθάρτων
1655 1804 1744 1857 ἐν-

1860 1799 1915 1855 ad
1941 1799 2263 1871 incorrupta
2289 1799 2435 1855 bona
2462 1798 2573 1854 vim
2594 1813 2827 1859 omnem
2854 1808 3067 1853 naturae
3093 1795 3437 1869 superantia,

155 1866 383 1972 ἔργειαν
408 1866 647 1970 ἀγαθῶνγ
674 1866 1081 1972 μεταφέρουσιν
1101 1914 1115 1930 ·
1135 1866 1390 1962 ἐἰκότως
1422 1866 1531 1950 τῶν
1572 1912 1743 1967 προσ-

1860 1909 2016 1965 opere
2047 1866 2359 1963 praestanda
2387 1892 2756 1957 transierant;
2788 1892 2987 1947 merito
3014 1866 3209 1947 eorum
3234 1906 3356 1961 qua:
3380 1891 3438 1946 in

155 1994 445 2063 αγομένων
478 1994 559 2057 είς
601 1992 795 2046 θυσίαν
823 1991 981 2057 Θεοῦ,
1021 1991 1085 2044 τὸ
1114 1989 1403 2061 στηθύνιον
1431 1987 1527 2042 τοῦ
1556 1986 1746 2042 ἐπιθέ-

157 2101 335 2152 ματος
364 2084 461 2153 (9)·
508 2082 783 2146 τουτέστι,
832 2082 942 2136 τῶν
976 2080 1410 2153 προσαγομένων
1459 2078 1560 2150 τὴν
1609 2094 1748 2149 καρ-

152 2177 314 2231 δίαν
356 2177 452 2231 καὶ
495 2176 587 2229 τὸν
637 2175 922 2247 βραχίονα,
971 2174 1083 2229 τῶν
1130 2173 1315 2227 αὑτῶν
1360 2172 1605 2244 δηλονότι
1647 2170 1747 2242 τὴν

155 2267 401 2337 πρᾶξινο
454 2266 791 2340 προσέταξεν
838 2264 1202 2337 άφιεροῦσθαι
1256 2265 1371 2327 τοῖς
1432 2260 1671 2335 ίερεῦσιν
1718 2264 1749 2316 ό

152 2361 357 2430 Λόγος.

230 2449 344 2520 μζ.
376 2450 533 2505 Πᾶσα
587 2449 622 2519 ὴ
679 2446 916 2501 ἐνταῦθα
968 2444 1291 2517 δικαιοσύνη
1342 2445 1746 2517 συγκρινομένη

154 2539 300 2610 πρὸς
348 2538 451 2610 τὴν
484 2537 815 2609 μέλλουσαν,
855 2536 1126 2607 ἐσόπτρου
1178 2536 1339 2605 λόγον
1393 2536 1605 2607 ἐπέχει,
1647 2536 1748 2607 τὴν

150 2632 269 2687 τῶν
297 2629 629 2703 άρχετύπων
656 2630 1003 2701 πραγμάτων
1034 2628 1242 2695 εἰκόνα,
1280 2630 1384 2691 οὑκ
1418 2628 1558 2683 αὑτὰ
1583 2629 1641 2682 δὲ
1676 2627 1748 2682 τὰ

153 2724 465 2796 πράγματα
494 2723 619 2778 κατ’
638 2719 781 2786 εἶδος
818 2720 1170 2791 ὑφιστάμενα
1195 2720 1393 2793 ἔχουσα
1414 2738 1428 2751 ·
1463 2723 1559 2779 καὶ
1602 2721 1749 2775 πᾶσα

151 2815 363 2885 γνῶσις
394 2814 631 2872 ἐνταῦθα
656 2815 768 2893 τῶν
788 2814 1013 2891 ὑψηλῶν
1044 2815 1449 2890 συγκρινομένη
1480 2815 1619 2887 πρὸς
1646 2814 1748 2886 τὴν

156 2906 490 2979 μέλλουσαν,
540 2906 776 2980 αἴνιγμά
804 2909 977 2973 ἐστιν,
1029 2907 1272 2979 ἔμφασιν
1320 2908 1422 2978 τῆς
1462 2908 1745 2980 ἀληθείας,

152 3000 280 3059 ἀλλ’
316 3000 419 3061 οὑκ
441 3001 613 3073 αὐτὴν
647 3001 1030 3075 ὑφισταμένην
1055 3001 1256 3073 ἔχουσα
1280 2999 1381 3075 τὴν
1409 3000 1748 3073 φανήσεσθαι

155 3095 469 3167 μέλλουσαν
503 3095 787 3167 ἀλήθειαν.

1848 1986 1947 2041 Dei
1998 1985 2270 2042 sacriﬁcio
2317 1984 2632 2041 olleruntur
2676 1985 3060 2056 pectusculum
3109 1981 3443 2040 elevationis

1851 2077 2065 2149 (eorum
2098 2077 2310 2135 scilicet
2335 2078 2429 2149 qui
2458 2078 2826 2133 admoventur
2856 2093 2953 2133 eor
2974 2085 3140 2147 atque
3168 2073 3438 2145 animum)

1848 2184 2175 2240 armumque
2200 2168 2548 2241 (earumdem
2575 2170 2787 2225 scilicet
2809 2168 3083 2225 actionem
3089 2179 3107 2240 )
3138 2164 3442 2223 sacerdoti-

1848 2259 1954 2317 bus
1983 2259 2291 2316 addicenda
2319 2260 2585 2331 praecepit
2611 2258 2837 2315 divinus
2866 2257 3083 2319 Sermo.

1920 2464 2009 2522 £7,
2059 2463 2252 2523 Omnis
2296 2464 2421 2524 vita:
2472 2463 2637 2534 hujus
2680 2462 2932 2535 justitia,
2975 2460 3021 2517 si
3071 2476 3199 2515 cum
3254 2459 3447 2516 futura

1849 2555 2135 2622 conferas,
2172 2556 2383 2626 speculi
2433 2556 2705 2611 rationem
2747 2554 2998 2626 praefert,
3033 2552 3445 2625 primitivarum

1852 2664 2039 2704 rerum
2072 2648 2392 2721 imaginem,
2426 2664 2538 2705 non
2569 2664 2660 2705 res
2691 2648 2838 2719 ipsas
2868 2647 3171 2703 secundum
3198 2643 3445 2717 speciem

1848 2757 1981 2797 vere
2013 2742 2369 2809 exsistentes,
2400 2741 2614 2797 habens
2647 2759 2661 2796 :
2699 2740 2990 2811 omnisque
3021 2737 3309 2811 praesentis
3338 2735 3445 2795 aevi

1848 2834 2177 2893 sublimium
2220 2849 2409 2891 rerum
2455 2833 2725 2898 scientia,
2770 2831 2817 2887 si
2863 2846 2991 2887 cum
3039 2844 3106 2885 ea
3150 2826 3443 2893 conferas.

1849 2943 1972 3001 quae
2002 2928 2193 2985 futura
2224 2936 2597 2999 exspectatur,
2629 2926 2862 2998 :enigma
2894 2933 2999 2992 est,
3023 2924 3275 2981 veritatis
3301 2922 3445 2980 exile

1850 3018 2238 3085 simulacrum,
2266 3033 2379 3074 non
2418 3017 2592 3089 ipsam
2621 3033 2744 3087 qua:
2774 3015 3173 3072 manifestanda
3203 3022 3291 3072 est
3315 3028 3462 3071 vere-

1849 3110 2209 3165 exsistentem
2237 3118 2296 3165 et
2320 3110 2496 3181 ipsam
2519 3109 2810 3164 veritatem
2837 3108 3069 3163 habens.

232 3186 352 3259 μη⁹.
392 3188 611 3259 Ἐπειδὴ
638 3189 809 3261 ἀρετῇ
844 3189 940 3243 καὶ
964 3186 1165 3259 γνώσει
1190 3189 1261 3249 τὰ
1287 3188 1408 3249 θεῖα
1441 3187 1747 3265 συνέχεται,

1924 3201 2014 3258 48.
2045 3200 2186 3258 Cum
2223 3217 2311 3258 res
2343 3200 2566 3267 divinae,
2593 3200 2800 3256 virtute
2836 3207 2893 3255 et
2924 3198 3166 3262 scientia,
3189 3212 3445 3272 compre-

154 3278 273 3337 τῶν
309 3278 433 3333 κατ’
459 3280 661 3351 ἀρετὴν
708 3279 1090 3357 πρωτοτύπων
1137 3281 1291 3338 ἐστὶν
1322 3280 1657 3338 ἐνδεικτικὸν
1688 3281 1749 3336 τό

1860 3294 2209 3362 lteudantur,
2243 3295 2564 3366 speculum,
2598 3293 2819 3351 virtutis
2861 3292 3143 3365 primitiva
3182 3299 3244 3353 ut
3284 3290 3457 3354 exhig,

153 3372 453 3443 ἔσοπτρον,
481 3373 577 3427 καὶ
604 3371 715 3425 τῶν
745 3373 890 3430 κατὰ
920 3372 1126 3446 γνῶσιν
1174 3372 1501 3445 ἀρχετύπων
1551 3374 1753 3445 ἐκφαν-

151 3466 317 3522 τικὺν
356 3465 596 3535 ὑπάρχει
630 3464 693 3519 τὸ
726 3463 984 3536 αἴνιγμα.

238 3558 350 3629 μθ⁹,
384 3558 444 3611 '0
486 3558 574 3612 διὰ
629 3558 888 3631 πράξεως
942 3558 1322 3631 εὑαρεστήσας
1366 3558 1446 3631 τῷ
1487 3560 1630 3632 Θεῷ,
1663 3559 1754 3615 διὰ

155 3647 403 3719 θεωρίας
433 3649 570 3720 πρὸς
596 3647 695 3720 τὴν
725 3649 835 3703 τῶν
884 3650 1094 3723 νοητῶν
1120 3649 1329 3723 χώραν,
1371 3651 1462 3705 τὸν
1503 3652 1629 3708 νοῦν
1654 3654 1751 3725 δη-

153 3742 301 3815 λαδὴ
336 3741 729 3814 μετατίθησιν’
762 3744 849 3797 ἵνα
881 3742 956 3816 μὴ
997 3743 1085 3798 διὰ
1132 3745 1435 3815 φαντασίας
1481 3746 1628 3810 τινὸς
1659 3748 1754 3803 τὸν

156 3832 222 3886 ἐν
258 3834 371 3896 τοῖς
402 3831 598 3887 πάθεσι
630 3832 894 3905 θεάσηται
925 3833 1153 3888 θάνατον
1180 3834 1326 3890 κατὰ
1342 3837 1444 3907 τὴν
1472 3835 1750 3910 αἴσθησιν,

155 3923 243 3986 ὡς
271 3922 378 3976 ὑπὸ
413 3922 638 3994 μηδενὸς
681 3924 790 3979 τῶν
815 3925 958 3979 ὲλεῖν
989 3924 1337 3999 βουλομένων
1369 3927 1446 4001 (Ιι)
1471 3928 1755 3995 παντελῶς

156 4014 580 4086 εὑρισκόμενος.

240 4111 303 4161 ν’.
342 4106 401 4159 '0
428 4105 660 4179 καθαρῷ
709 4106 948 4173 πίστεως
996 4108 1263 4182 ὀφθαλμῷ
1308 4110 1421 4168 τῶν
1448 4113 1754 4185 μελλόντων

158 4199 391 4267 ἀγαθῶν
442 4199 565 4254 ἰδὼν
615 4200 716 4272 τὴν
776 4200 1141 4274 εὐπρέπειαν,
1190 4204 1458 4262 ὑπακούει
1502 4210 1607 4281 γῆς
1662 4211 1756 4265 καὶ

160 4293 492 4363 συγγενείας
526 4294 621 4348 καὶ
650 4294 804 4349 οἴκου
838 4295 1116 4368 πατρικοῦ
1162 4298 1464 4371 προθύμως
1492 4301 1753 4370 ἐξελθεῖν,

1853 3387 2004 3453 beat,
2032 3397 2412 3459 comparatum
2440 3387 2637 3453 habet;
2664 3386 2897 3457 aenigma
2926 3401 3081 3451 vero,
3110 3395 3171 3442 ut
3201 3383 3447 3444 scientia:

1852 3480 2136 3552 principes
2160 3480 2366 3535 formas
2391 3495 2456 3535 ac
2481 3479 2819 3548 exemplaria
2849 3487 3231 3550 repraesentet.

1924 3573 2014 3628 49.
2040 3572 2145 3640 Qui
2178 3589 2279 3645 per
2304 3572 2580 3629 actionem
2608 3572 2722 3631 Deo
2753 3587 2979 3643 operam
3008 3570 3449 3642 probavit,,con—

1854 3665 2229 3737 templationis
2262 3665 2417 3721 cultu
2446 3664 2515 3720 ad
2546 3679 2741 3723 eorum
2768 3678 2891 3739 quae
2914 3669 3098 3723 mente
3127 3661 3430 3733 intelligun-

1855 3766 1945 3812 tur
1984 3757 2297 3828 regionem,
2334 3756 2527 3827 utique
2570 3756 2829 3818 animum
2862 3754 3106 3815 traducit
3125 3754 3192 3821 ",
3229 3768 3300 3810 ne
3338 3768 3446 3824 qua

1855 3848 2210 3924 544-556
2235 3849 2590 3921 cogitatione,
2616 3856 2859 3911 mortem
2878 3847 2934 3912 in
2961 3845 3450 3909 allectibnsvitiis-

1854 3958 1963 4013 que
1991 3943 2250 4014 positam,
2276 3958 2443 3999 sensu
2468 3941 2656 4004 videat
2681 3959 2695 3998 ι
2724 3957 2888 4013 quem
2918 3940 3203 4008 nimirum,
3228 3955 3446 4005 eorum,

1854 4047 1976 4106 quae
2006 4032 2322 4102 mancipare
2347 4032 2551 4097 velint,
2572 4032 2725 4097 nulla
2754 4030 3056 4086 inveniant.

1926 4122 2014 4178 50.
2053 4123 2157 4189 Qui
2199 4123 2408 4179 mundo
2447 4123 2575 4179 ﬁdei
2620 4123 2782 4178 oculo
2821 4122 3132 4176 futurorum
3173 4120 3448 4174 bonorum

1854 4215 2185 4285 elegantiam
2215 4215 2447 4286 aspexit,
2474 4214 2711 4286 utquasi
2745 4215 2811 4270 de
2841 4225 2988 4271 terra
3013 4227 3069 4269 et
3100 4213 3465 4285 cognatione,,

1856 4307 2036 4378 deque
2088 4319 2315 4378 paterna
2365 4309 2529 4363 domo
2573 4308 2825 4373 exeat",
2862 4315 3119 4378 prompto
3168 4304 3449 4375 alacrique

158 4384 486 4440 καταλιπὼν
508 4384 606 4458 τὴν
635 4385 774 4458 πρὸς
791 4387 972 4461 σάρκα
1000 4388 1095 4446 καὶ
1116 4389 1373 4462 αἴσθησιν
1403 4391 1502 4447 καὶ⁵
1523 4394 1749 4466 αἰσθητὰ

1860 4399 2045 4456 animo
2077 4399 2338 4466 obaudit;
2375 4400 2526 4456 omni
2560 4401 2626 4455 ad
2663 4415 2887 4456 carnem
2922 4412 3257 4469 sensumque
3289 4411 3356 4453 ac
3382 4412 3449 4452 ea

161 4476 361 4550 σχέσιν
384 4496 445 4533 τε
485 4480 580 4535 καὶ
629 4481 1043 4553 προσπάθειανο
1096 4482 1195 4539 καὶ
1232 4483 1451 4554 φύσεως
1484 4488 1544 4542 ἐν
1576 4488 1756 4562 καιρῷ

1857 4506 1983 4562 quae
2016 4505 2244 4546 sensum
2277 4499 2525 4557 movent,
2552 4490 2845 4551 aﬁ‘ectione
2876 4506 2940 4546 ac
2966 4488 3198 4546 libidine
3222 4486 3445 4553 relicta;
3482 4558 3487 4565 ,

158 4568 483 4641 πειρασμοῦ
513 4570 609 4625 καὶ
640 4569 872 4641 άγώνων
894 4572 1235 4647 ὑψηλότερος
1264 4575 1749 4663 ὣν,προτιμήσας

1860 4591 2201 4655 naturaque,
2235 4583 2459 4642 interim
2498 4584 2630 4641 dum
2669 4584 3007 4641 tentationes
3046 4597 3111 4640 ac
3146 4580 3451 4645 certamina

236 4726 289 4763 ”
312 4727 451 4784 Gen.
482 4744 539 4794 v,
568 4727 674 4796 εις
709 4729 882 4787 Hebr.
912 4746 986 4796 χι,
1016 4729 1070 4785 5.
1149 4732 1195 4763 ³³
1228 4726 1367 4787 Gen.
1392 4749 1489 4800 xu,
1525 4736 1575 4791 1.

232 4867 275 4887 ⁸·
306 4862 487 4925 Edita,
511 4860 790 4929 γνώσεως.
820 4863 1002 4921 Malim
1034 4863 1297 4933 σχέσεως.

236 4937 255 4958 ⁸
287 4933 370 4990 Cf.
407 4922 483 4989 ad
523 4922 774 4991 Thalass.
800 4951 859 5006 q.
910 4936 1000 5001 47,
1051 4922 1146 4990 ubi
1194 4922 1308 4990 fere
1342 4952 1459 5008 seq.
1499 4938 1586 4994 ad.
1637 4956 1759 5013 cap.
1803 4960 1977 5017 usque
2010 4946 2101 5001 49.

350 5073 458 5152 __Td
506 5076 848 5152 0111013?I07’_
898 5076 1016 5152 toﬁ
1042 5075 1416 5152 ἐπιθέματος.
1459 5080 1619 5152 Vulg.
1670 5086 1750 5140 uti

160 5146 538 5224 reddidimus,
571 5146 941 5224 Pectuaculunt
967 5147 1292 5224 deuotionis.
1330 5150 1483 5224 Syxt.
1516 5146 1749 5224 interpr.

159 5217 741 5291 cimpositigniquuod
776 5234 887 5291 non
924 5218 998 5291 ita
1026 5218 1250 5291 videtur
1293 5217 1628 5291 exprimere.
1665 5217 1751 5279 lbi

164 5236 544 5342 tmﬁosmoms,
593 5236 741 5289 quoa
776 5236 887 5273 non
924 5236 998 5272 tta
1026 5236 1250 5274 Vtuetur
1293 5236 1628 5291 exprimere.
1672 5236 1751 5279 lbl

164 5289 362 5362 δορί.
399 5287 606 5362 Ταυτόν
659 5290 807 5362 ἐστιν
848 5289 1265 5362 ἀφαίρεμαῌκαί
1314 5291 1598 5362 ἀφόρισμα
1660 5297 1754 5349 καὶ

164 5358 412 5434 ἐπίθεμα
430 5360 543 5434 καί
587 5358 941 5434 καρπώματα
968 5358 1084 5434 dixit
1107 5358 1214 5434 τῶν
1236 5358 1450 5434 ’θυσιῶν
1492 5358 1754 5434 α’φοριζὸο

170 5447 314 5501 μενα
346 5428 486 5499 Θεῷ,
521 5428 902 5501 ἆπεργίνεται
934 5430 1075 5500 μέρη
1110 5428 1205 5482 τοῦ
1234 5431 1444 5501 ἱερέως.
1472 5428 1755 5491 Νόηήια-

165 5499 223 5563 le
257 5500 488 5576 forsitan
517 5499 861 5576 appositionis
885 5518 901 5565 ;
930 5499 1045 5576 sive
1071 5499 1757 5576 pectuscululttappositum

169 5571 596 5652 acsupposi'tmlt
620 5572 823 5652 divina)
852 5571 1072 5652 hostire,
1104 5586 1168 5652 ac
1193 5572 1339 5652 parti
1382 5572 1461 5627 illi
1491 5571 1619 5652 quae
1655 5593 1753 5652 pe-

167 5640 444 5711 culiarius
471 5642 525 5697 in
550 5643 645 5697 Dei
672 5643 940 5698 honorem
977 5640 1229 5705 cedebat,
1265 5641 1468 5711 illique
1490 5640 1755 5708 incende-

171 5710 361 5766 batur.
392 5713 524 5767 Eam
555 5722 793 5769 mentem
831 5711 1004 5766 nostri
1032 5712 1148 5768 Jac.
1182 5711 1250 5766 de
1283 5710 1459 5769 Jatiua
1508 5716 1756 5772 Catholi-

173 5794 283 5836 con
317 5782 635 5838 insinuavit.
672 5784 752 5855 Eo
776 5783 921 5855 forte
947 5782 1265 5855 Graecorum
1286 5782 1438 5855 ritus
1465 5787 1748 5851 collineat,

176 5865 308 5911 cum
364 5868 555 5911 massae
613 5852 908 5927 panis,‘ex
964 5867 1072 5926 qua
1143 5852 1489 5917 Dominicum
1547 5875 1748 5934 corpus

1861 5086 2188 5154 conﬁciunt,
2241 5087 2559 5158 complures
2612 5085 2786 5143 micas
2822 5081 3176 5158 onerantium
3219 5081 3447 5138 nomine

1861 5169 2171 5229 apponunt,
2225 5154 2776 5229 sive—supponunt,
2828 5170 2969 5229 quas
3024 5154 3299 5229 incertum
3374 5169 3447 5207 an

1862 5221 2203 5353 silici-ilicem.
2226 5229 2348 5285 Non
2391 5221 2663 5289 tamenin
2701 5221 2965 5281 omnibus
2995 5221 3230 5296 quadrat
3257 5238 3448 5279 exem-

1862 5315 1896 5353 ι)
1921 5316 2033 5353 um.

1921 5316 2033 5355 um.

1860 5315 2162 5445 {mi/iniﬁw
2188 5368 2355 5445 ἑλεῖν
2382 5366 2803 5445 βουλομένων.
2842 5364 3053 5445 Sensus
3080 5363 3200 5445 ipse
3226 5363 3445 5445 planus.

1863 5433 2230 5498 Securitatem
2270 5433 2394 5502 haec
2418 5433 2640 5504 sonant,
2666 5439 2808 5509 ejus,
2827 5437 2939 5509 Aqui
2965 5433 3195 5492 scientia
3226 5433 3293 5490 ac
3333 5433 3452 5509 vir-

1870 5519 1987 5573 tute
2018 5513 2180 5583 longe
2211 5522 2508 5583 provectus
2547 5510 2639 5583 sit,
2685 5504 2788 5583 nec
2817 5504 2978 5583 facile
3009 5522 3075 5562 ex
3100 5504 3447 5583 sensu__ejus-

1908 5599 1974 5637 ue
2001 5575 2232 5637 libidine
2263 5581 2461 5636 tentari
2493 5588 2590 5634 aut
2619 5578 2742 5634 Izedi
2764 5578 2973 5648 possit;
3029 5592 3135 5648 qua
3176 5575 3451 5648 sollicitu-t

1908 5599 1974 5637 uc
2001 5598 2232 5637 IIDIUIDC
2263 5598 2461 5636 ιθηωιΊ
2493 5598 2590 5634 ant
2621 5598 2742 5634 1801
2764 5598 2973 5648 Ροδδιις
3029 5598 3135 5648 qua
3176 5598 3446 5631 SOIIICllu-I

1864 5598 1999 5713 nine
2024 5653 2275 5707 moribus
2320 5651 2594 5714 excultus,
2634 5648 2841 5705 divinis
2885 5650 3133 5704 animum
3185 5646 3446 5711 intendit.

1862 5722 2026 5794 Picus
2052 5723 2237 5794 ἐλθεῖν
2264 5720 2496 5791 habuit,
2529 5735 2593 5776 ex
2640 5733 2752 5792 quo
2803 5718 2942 5775 nihil
2987 5718 3208 5794 prcbati
3249 5732 3451 5775 sensus

1857 5793 2062 5853 elicere
2087 5792 2289 5865 potuit.
