4064 6432
296 379 432 454 1241

968 383 1305 444 CAPITUM
1341 384 1765 457 QUINQUIES
1804 384 2325 448 CENTENORUM
2362 387 2752 448 CENTURIA
2790 386 2869 446 II.

3431 352 3568 453 1.242
3638 368 3644 375 ’

295 494 454 568 σμῶν
488 488 778 564 ἐπιφορᾶς,
810 489 1023 557 δέξεται
1075 493 1198 562 μετ’
1249 493 1594 564 εὐφροσύνης
1626 495 1835 565 χαίρων
1860 508 1873 521 ·

1982 508 2206 562 asperas
2248 510 2472 558 omnes,
2516 494 2884 549 tentatlonum
2912 493 3133 567 invitos
3175 494 3563 565 excipientium

290 587 383 643 8ιά
420 584 523 657 τῆς
546 582 846 654 ὑπομονῆς,
875 584 1031 647 ὁδοὺς
1059 584 1322 655 εὐμαρεῖς
1364 602 1425 637 τε
1456 585 1550 639 καὶ
1575 585 1744 649 λείας,
1776 585 1877 649 τὰς

294 673 506 746 θλίψεις
538 672 882 743 ποιούμενος,
940 672 1037 726 καὶ
1071 673 1208 741 πρὸς
1248 674 1310 726 τὸ
1343 674 1598 745 βραϐεῖον
1627 675 1727 746 τῆς
1762 676 1878 730 ἀνω

292 767 547 838 κλήσεως
580 760 838 828 ἀπλανῶς
869 766 1351 836 παραπεμπούσας
1397 768 1582 831 αὐτὸν,
1634 768 1879 834 εὐσεϐῶς

293 858 358 913 δν
408 856 601 920 αὑταῖς
650 856 741 909 τὸν
779 856 918 910 θεῖον
958 857 1158 928 δρόμον
1210 858 1553 929 ποιούμενον.
1603 858 1714 912 Καὶ
1747 860 1876 929 γὰρ,

274 927 393 1001 ’τοῦ
423 946 523 1017 μὲν
558 945 790 1001 θανάτου
843 949 1027 1020 μήτηρ
1058 948 1209 1002 ἐστὶν
1236 951 1267 1020 ἡ
1300 927 1459 1020 ἡδονή
1486 966 1500 979 ο
1547 950 1648 1018 τῆς
1682 927 1879 1020 ἡδονῆς

292 1038 356 1094 δὲ
393 1038 619 1102 θάνατός
646 1039 815 1103 ἐστιν,
841 1039 869 1093 ὁ
904 1040 1063 1105 πόνος
1089 1056 1101 1068 ’
1138 1041 1167 1094 ὅ
1199 1058 1257 1094 τε
1287 1043 1693 1114 προαιρετικὸς,
1725 1043 1822 1097 καὶ
1850 1043 1879 1096 6

294 1132 453 1205 παρά
483 1131 830 1206 προαίρεσιν.

370 1315 478 1374 νςθ.
510 1310 627 1375 Πᾶς
656 1308 942 1383 τοιγαροῦν
974 1312 1003 1365 ὁ
1045 1310 1145 1382 τὴν
1172 1310 1526 1365 πολυέλικτόν
1552 1327 1611 1364 τε
1647 1311 1744 1365 καὶ
1778 1328 1879 1365 πο-

290 1397 569 1456 λύπλοκον
625 1402 838 1473 ἡδονὴν,
897 1403 991 1455 καὶ
1040 1404 1209 1455 πᾶσιν
1255 1402 1391 1471 ὁμοῦ
1438 1403 1551 1465 τοῖς
1599 1401 1880 1473 αἰσθητοῖς

293 1490 660 1563 πολυτρόπως
702 1491 1205 1563 συμπεπλεγμένην
1232 1494 1300 1563 τῇ
1347 1492 1646 1564 ἐγκρατείᾳ
1696 1492 1881 1547 διαλύ-

292 1599 419 1647 σας,
446 1584 514 1637 τά
542 1582 728 1637 σκολιά
773 1585 853 1648 είς
896 1583 1114 1647 εὐθείας
1143 1584 1369 1654 ἐποίησε
1391 1600 1402 1612 '
1456 1585 1551 1637 καὶ
1574 1586 1602 1637 ὁ
1622 1584 1718 1653 τὴν
1752 1584 1881 1637 δύσ-

290 1674 458 1729 ϐατον
490 1678 583 1728 καὶ
634 1677 889 1746 τραχεῖαν
933 1674 1042 1729 τῶν
1092 1676 1273 1730 πόνων
1323 1676 1592 1748 ὲπιφοράν
1637 1676 1706 1729 δι’
1750 1675 1881 1729 ὑπο-

293 1766 467 1836 μονῆς
518 1766 787 1837 πατήσας,
835 1767 935 1830 τάς
980 1769 1244 1839 τραχείας
1291 1767 1552 1836 ἐποίησεν
1605 1769 1687 1830 είς
1726 1767 1879 1832 ὁδοὺς

287 1852 463 1920 λείας.
489 1856 652 1911 Ὅθεν
685 1856 874 1930 ὥσπερ
929 1858 1161 1913 ἔπαθλον
1195 1860 1397 1930 ἀρετῆς
1427 1860 1522 1913 καὶ
1574 1858 1683 1911 τῶν
1736 1858 1876 1931 ὑπὲρ

286 1945 464 2018 αὐτῆς
494 1946 777 2017 καμάτων,
802 1942 891 2001 οἷα
917 1947 1099 2011 καλῶς
1122 1964 1182 2000 τε
1210 1948 1305 2001 καὶ
1330 1948 1580 2018 νομίμως
1606 1944 1872 2019 ἀθλήσας,

287 2038 391 2092 καὶ
449 2038 547 2109 τὴν
585 2038 774 2111 ἡδονὴν
805 2039 1041 2109 νικήσας
1078 2038 1155 2110 τῷ
1207 2039 1360 2109 πόθῳ
1387 2039 1487 2108 τῆς
1516 2040 1737 2110 ἀρετῆς,
1782 2039 1876 2092 καὶ⁹

281 2128 390 2199 τὴν
421 2128 613 2199 ὀδύνην
648 2131 898 2201 πατήσας
932 2130 1010 2199 τῷ
1050 2133 1146 2200 τῆς
1178 2128 1436 2199 γνώσεως
1465 2129 1648 2206 ἔρωτι,
1683 2131 1776 2183 καὶ
1804 2130 1873 2183 δι’

282 2223 617 2294 ἀμφοτέρων
651 2223 915 2291 γενναίως
943 2224 1070 2285 τοὺς
1102 2222 1278 2286 θείους
1317 2222 1602 2291 διενέγκας
1631 2222 1871 2292 ἀγῶνας,

287 2313 558 2381 Ὅψεται,
600 2313 739 2367 κατά
779 2313 840 2367 τὸ
881 2312 1292 2384 γεγραμμένον,
1326 2312 1395 2367 τὸ
1437 2312 1739 2383 σωτήριον
1764 2313 1873 2369 τοῦ

283 2405 462 2459 Θεοῦ.

358 2578 456 2646 νίζ’.
494 2578 553 2634 Ὀ
580 2580 680 2653 τὴν
708 2581 911 2654 ἀρετὴν
940 2582 1193 2651 ἀγαπῶν,
1224 2583 1324 2655 τὴν
1353 2582 1462 2636 τῶν
1487 2582 1691 2654 ἡδονῶν
1717 2582 1874 2636 ἑκουσ-

279 2673 420 2737 σίως
450 2674 814 2745 ἀπομαραίνει
846 2674 1081 2745 κάμινον
1102 2692 1116 2706 ·
1150 2678 1179 2729 ό
1204 2676 1261 2729 δὲ
1289 2678 1355 2747 τῇ
1387 2674 1584 2744 γνώσει
1610 2674 1713 2745 τῆς
1738 2674 1873 2745 ἀλη-

282 2764 445 2828 θείας
476 2767 861 2837 πεποιωμένος
892 2771 908 2789 ⁶
939 2768 1029 2820 τὸν
1064 2767 1211 2832 νοῦν,
1241 2766 1521 2830 ἀκουσίοις
1551 2766 1651 2819 οὐκ
1677 2766 1872 2836 ἐπέχει

275 2875 376 2913 ¹ται
406 2859 611 2923 πόνοις,
646 2859 746 2929 τῆς
777 2861 917 2913 κατά
950 2860 1050 2931 τὴν
1090 2860 1278 2929 ἔφεσιν
1316 2858 1454 2929 πρὸς
1478 2858 1570 2912 τὸν
1602 2856 1735 2911 Θεὸν
1774 2875 1872 2928 φε-

280 2951 489 3026 ρούσης
529 2952 889 3023 ἁεικινησίας.

356 3043 461 3115 νη’.
499 3044 559 3100 ’0
609 3046 681 3099 τά
738 3045 929 3099 σκολιὰ
969 3044 1081 3098 τῶν
1138 3044 1405 3098 ἑκουσίων
1443 3044 1655 3107 παθῶν,
1702 3044 1871 3114 ἤγουν

278 3137 387 3209 τῆς
422 3138 617 3209 ἡδονῆς
664 3138 729 3191 τά
775 3139 1057 3207 κινήματα·
1083 3136 1172 3190 διά
1217 3138 1317 3208 τῆς
1344 3136 1671 3207 ἐγκρατείας
1708 3134 1868 3187 εὐθύ-

1908 1832 1953 1893 Β

1982 585 2406 655 impressiones,
2446 602 2571 641 cum
2615 586 2807 640 laetitia
2855 586 3099 657 gaudens
3140 587 3431 658 suscipiet,
3471 588 3567 659 qui

1981 677 2194 732 scilicet
2244 692 2345 747 per
2399 678 2755 747 patientiam,
2802 679 2922 733 vias
2980 678 3171 733 faciles
3228 679 3566 750 planasque,

1980 783 2254 823 terumnas
2299 766 2526 833 eﬂiciat,
2570 785 2635 824 ac
2682 785 2804 840 qua:
2853 770 2922 825 ad
2968 785 3223 839 superna:
3264 772 3573 829 vocationis

1980 861 2218 931 palmam
2242 861 2310 924 “,
2346 861 2435 931 pie
2477 862 2530 916 in
2575 861 2657 916 eis
2695 862 2945 916 divinum
2987 863 3280 918 facientem
3321 879 3565 933 cursum,

1982 961 2102 1009 tuto
2136 955 2334 1011 itinere
2371 956 2763 1011 transmittant.
2795 959 2930 1012 Nam
2971 959 3166 1015 mortis
3204 959 3427 1030 quidem
3471 974 3574 1029 pa-

1980 1060 2130 1110 rens,
2156 1046 2409 1115 voluptas
2441 1053 2527 1100 est
2552 1061 2615 1100 ac
2644 1046 2846 1113 libido;
2877 1049 3178 1119 voluptatis
3208 1058 3391 1103 autem
3418 1062 3571 1104 mors

1980 1152 2045 1192 ac
2070 1136 2338 1203 libidinis,
2357 1137 2534 1203 labor,
2554 1147 2671 1193 tum
2696 1140 2793 1209 qui
2817 1158 3088 1212 propensa
3112 1143 3394 1197 voluntate
3417 1157 3574 1197 assu—
3634 1140 3659 1159 '

1981 1228 2172 1292 mitur,
2196 1237 2311 1282 tum
2341 1229 2433 1298 qui
2460 1228 2511 1282 vi
2542 1230 2722 1284 aliena
2757 1231 3011 1286 infertur.

2052 1320 2139 1375 56.
2168 1320 2413 1390 Quisque
2442 1319 2609 1390 igitur
2634 1322 2822 1377 multis
2846 1324 3224 1379 voluminibus
3254 1324 3569 1394 perplexam

1982 1411 2415 1482 implicitumque
2439 1416 2777 1485 voluptatem
2806 1431 2902 1471 seu
2927 1415 3236 1480 libidinem,
3260 1431 3325 1471 ac
3353 1413 3570 1470 cunctis

1982 1504 2190 1575 pariter
2228 1506 2392 1560 rebus
2429 1523 2551 1576 qua:
2593 1507 2650 1561 in
2695 1522 2917 1562 sensum
2963 1506 3168 1561 cadunt
3211 1506 3569 1561 multifariam

1982 1597 2360 1666 complicatam
2417 1608 2582 1669 atque
2635 1600 2971 1664 haerentem,
3022 1615 3123 1669 per
3172 1599 3569 1654 continentiam

1982 1687 2262 1754 dissolvit,
2296 1705 2462 1759 prava
2510 1692 2565 1745 in
2606 1691 2724 1745 vias
2762 1700 2944 1745 rectas
2987 1690 3145 1758 fecit;
3189 1691 3393 1763 quique
3433 1690 3570 1745 adeo

1982 1779 2237 1846 arduam,
2272 1796 2631 1851 asperamque
2664 1797 2728 1836 ac
2761 1782 3012 1837 scabram
3045 1782 3297 1836 laborum
3334 1781 3569 1850 impres-

1980 1872 2191 1927 sionem
2222 1890 2319 1943 per
2344 1874 2670 1944 patientiam
2703 1874 2956 1940 calcavit,
2982 1889 3205 1945 asperas
3233 1874 3288 1927 in
3312 1873 3429 1927 vias
3456 1874 3571 1942 pla-

1977 1981 2076 2019 nas
2107 1964 2259 2020 fecit.
2289 1966 2501 2021 ldcirco
2532 1974 2793 2036 tanquam
2824 1967 3046 2021 virtutis
3078 1966 3386 2035 praemium,
3419 1964 3571 2035 ejus-

1976 2073 2084 2127 que
2115 2073 2279 2112 causa
2312 2066 2701 2128 susceptorum
2734 2072 2829 2112 seu
2856 2057 3259 2111 exantlatorum
3290 2056 3566 2119 laborum,

1974 2148 2129 2201 velut
2171 2149 2264 2216 qui
2314 2149 2418 2203 rite
2469 2149 2825 2219 legitimoque
2873 2147 3197 2206 certaverit.
3238 2146 3568 2214 virtutisque

1974 2237 2255 2293 desiderio
2294 2239 2632 2309 voluptatem
2688 2256 2753 2295 ac
2800 2239 3089 2293 libidinem
3134 2237 3363 2299 vicerit,
3401 2246 3567 2304 atque

1974 2332 2218 2387 scientia:
2250 2346 2434 2385 amore
2467 2331 2716 2386 dolorem
2749 2330 3077 2395 calcaverit,
3140 2343 3358 2382 necnon
3397 2326 3566 2381 utris-

1973 2438 2082 2493 que
2104 2423 2288 2477 divina
2309 2423 2611 2478 certamina
2635 2431 2862 2478 strenue
2887 2420 3140 2493 gesserit,
3166 2417 3420 2474 Salutare
3442 2416 3564 2481 Dei,

1973 2515 2117 2569 sicut
2146 2515 2415 2584 scriptum
2446 2523 2552 2579 est,
2582 2515 2773 2568 videbit
2796 2516 2860 2569 ε’.

2043 2606 2131 2661 57.
2158 2606 2262 2672 Qui
2288 2606 2550 2662 virtutem
2581 2606 2780 2677 diligit,
2803 2606 3145 2676 voluptatum
3174 2611 3368 2674 sponte
3398 2600 3569 2657 cami-

1972 2712 2104 2750 num
2138 2699 2433 2768 restinguit
2458 2716 2470 2751 :
2500 2699 2595 2768 qui
2622 2714 2753 2752 vero
2776 2697 3024 2751 veritatis
3056 2696 3288 2751 scientia
3322 2702 3561 2748 mentem

1974 2790 2197 2848 imbuit.
2226 2792 2365 2844 nihil
2405 2790 2569 2862 548
2598 2790 2857 2845 violentis
2888 2788 3173 2843 laboribus
3208 2787 3510 2851 inhibetur,
3534 2801 3567 2839 ιι

1969 2880 2085 2952 jugi
2112 2881 2165 2934 in
2196 2881 2366 2936 Deum
2398 2880 2717 2951 cupiditatis
2748 2889 2925 2935 motu.

2047 3060 2134 3116 58.
2162 3060 2265 3125 Qui
2303 3075 2473 3129 prava
2505 3059 2945 3113 voluntariorum
2983 3054 3243 3110 allectum
3278 3068 3343 3108 ac
3376 3049 3563 3105 libidi-

1974 3171 2107 3209 num
2160 3154 2381 3224 (ucmpe
2423 3151 2724 3220 voluptatis
2770 3148 2975 3217 motus)
3022 3163 3120 3217 per
3165 3144 3563 3201 continentiam

276 3247 407 3294 νας,
442 3232 537 3283 καὶ
585 3230 685 3293 τὰς
728 3229 1010 3301 τραχείας,
1056 3228 1169 3281 τῶν
1224 3228 1499 3281 ἀκουσίων
1544 3225 1870 3299 πειρασμῶν

1978 3244 2273 3308 direxerit;
2344 3257 2679 3311 aspcrasque
2747 3241 3117 3294 violentarum
3189 3237 3562 3292 tentationum

281 3323 600 3393 συμφορὰς,
652 3322 824 3392 ἡγουν
866 3322 992 3383 τοὺς
1022 3320 1263 3391 τρόπους
1292 3320 1392 3388 τῆς
1422 3318 1617 3387 ὀδύνης
1654 3319 1742 3371 διὰ
1772 3320 1872 3390 τῆς

1978 3338 2314 3393 calamitates
2354 3335 2581 3405 (doloris
2615 3334 2829 3388 scilicet
2863 3332 3077 3401 modos)
3113 3346 3212 3401 per
3241 3328 3563 3399 patientiam

276 3413 570 3483 ὑπομονῆς
594 3412 882 3484 ὁμαλίσας,
916 3412 1012 3465 καὶ
1038 3414 1116 3475 είς
1139 3411 1293 3474 ὁδοὺς
1318 3410 1467 3474 λείας
1497 3421 1867 3481 καταστησας·

275 3506 314 3559 ὁ
346 3504 591 3568 τοιοῦτος
617 3507 841 3570 εἰκότως
874 3504 1086 3572 ὄψεται
1113 3504 1179 3558 τὸ
1217 3503 1518 3570 σωτήριον
1543 3504 1655 3558 τοῦ
1695 3503 1867 3567 Θεοῦ,

277 3595 529 3667 καθαρὸς
554 3597 618 3666 τῇ
647 3594 846 3667 καρδίᾳ
877 3596 1191 3665 γενόμενος⁹
1235 3593 1357 3646 καθ’
1396 3593 1463 3664 ἣν
1496 3593 1583 3646 διὰ
1610 3594 1717 3646 τῶν
1749 3594 1873 3664 ἀρε-

276 3686 397 3740 τῶν
449 3688 543 3740 καὶ
594 3687 705 3740 τῶν
731 3686 973 3739 εὐσεϐῶν
1008 3685 1409 3756 θεωρημάτων,
1445 3686 1549 3756 ὁρᾷ
1594 3685 1693 3737 τὸν
1737 3684 1869 3739 Θεὸν

276 3781 381 3834 ἐπὶ
411 3779 555 3833 τέλει
588 3780 695 3833 τῶν
725 3778 922 3844 ἄθλων,
956 3778 1101 3832 κατά
1140 3778 1223 3843 τὸ,
1254 3776 1551 3847 Μακάριοι
1586 3778 1640 3830 οι
1685 3778 1861 3830 καθα-

268 3873 379 3942 poi
416 3870 492 3940 τῇ
530 3871 763 3940 καρδίᾳ,
792 3871 881 3925 ὅτι
911 3870 1081 3925 αὐτοὶ
1108 3868 1214 3923 τὸν
1252 3870 1402 3923 Θεὸν
1435 3870 1718 3938 ὄψονται·
1759 3868 1869 3921 τῶν

277 3963 431 4035 ὑπὲρ
460 3964 661 4035 ἀρετῆς
694 3963 895 4028 πόνων,
926 3964 1029 4033 τῆς
1077 3961 1347 4025 ἀπαθείας
1397 3962 1499 4032 τὴν
1526 3961 1691 4031 χάριν
1720 3962 1869 4015 ἀντι·-

275 4054 491 4119 λαϐὼν,
525 4051 594 4128 ἧς
652 4054 805 4109 οὐδὲν
854 4054 1019 4108 πλέον
1062 4053 1155 4107 τὸν
1211 4054 1346 4108 Θεὸν
1402 4054 1700 4124 ἐμφανίζει
1755 4054 1869 4117 τοῖς

280 4149 497 4204 εγουσι.

316 4170 330 4182 ι
352 4170 497 4204 ουσι.

316 4170 457 4297 Ᾱνθν.
488 4243 749 4306 Λάκκους
767 4241 931 4294 καλεῖ
951 4242 985 4311 ἡ
1016 4240 1211 4312 Γραφὴ
1243 4238 1327 4310 (ἱ),
1352 4238 1451 4302 τάς
1477 4237 1735 4302 δεκτικὰς
1761 4237 1870 4291 τῶν

1970 3427 2292 3497 aequaverit.
2323 3436 2380 3481 et
2424 3427 2479 3481 in
2521 3426 2640 3481 vias
2678 3426 2869 3495 planas
2907 3424 3132 3490 fecerit;
3178 3422 3301 3476 talis
3342 3420 3562 3484 merito,

1972 3520 2064 3589 qui
2102 3518 2309 3572 mundo
2342 3516 2509 3571 corde
2543 3517 2772 3571 effectus
2805 3515 2909 3579 sit,
2932 3514 3185 3569 Salutare
3215 3513 3313 3566 Dei
3344 3511 3565 3577 videbit;

1971 3626 2081 3680 quo
2117 3609 2344 3679 (mundo
2374 3608 2559 3677 cor'dc)
2596 3624 2693 3678 per
2722 3608 2955 3661 virtutes
2990 3622 3053 3661 ac
3086 3606 3206 3675 pias
3241 3604 3566 3658 considera-

1973 3702 2171 3765 tiones,
2194 3702 2368 3755 Deum
2394 3699 2621 3753 videtin
2653 3698 2758 3753 fine
2790 3696 3347 3766 certaminum,juxta
3380 3692 3515 3747 illud
3548 3709 3562 3747 :

1970 3792 2125 3848 Beati
2160 3794 2355 3847 mundo
2385 3793 2567 3854 corde,
2602 3793 2856 3861 quoniam
2890 3792 2991 3861 ipsi
3022 3789 3188 3843 Deum
3220 3786 3463 3841 videbunt
3488 3785 3564 3851 ";

1972 3901 2074 3957 pro
2108 3884 2395 3939 laboribus
2426 3883 2628 3952 quibus
2655 3882 2880 3936 virtutis
2912 3897 3074 3935 causa
3109 3879 3429 3949 perfunctus
3462 3887 3564 3939 est,

1971 3975 2482 4048 imperturbationis
2519 3990 2719 4028 munus
2746 3982 3109 4037 consecutus;
3139 3987 3246 4040 qua
3278 3967 3417 4024 nihil
3448 3982 3569 4020 ma-

1971 4075 2052 4147 gis
2076 4075 2248 4129 Deum
2275 4072 2609 4138 manifestat,
2638 4071 2724 4137 iis,
2749 4070 2842 4141 qui
2870 4071 2961 4125 illa
2986 4066 3197 4139 praediti
3225 4066 3355 4120 sint.

2043 4250 2131 4306 59.
2168 4248 2448 4306 Cisternas
2486 4251 2646 4302 vocat
2688 4245 3004 4316 Scriptura,
3042 4242 3208 4297 corda
3255 4236 3566 4295 caelestium

279 4335 555 4407 οὐρανίων
583 4335 939 4405 χαρισμάτων
969 4332 1071 4402 τῆς
1109 4332 1274 4400 ἀγίας
1302 4329 1558 4400 γνώσεως
1615 4329 1869 4402 καρδίας,

1978 4351 2177 4398 sancta:
2212 4341 2457 4395 scientiae
2490 4338 2761 4393 donorum
2799 4336 3051 4406 capacia,
3077 4332 3242 4387 solito
3279 4329 3566 4383 mandato-

279 4427 706 4498 λατομουμένας
753 4426 831 4496 τῷ
869 4425 1084 4497 στερρῷ
1140 4425 1286 4496 λόγῳ
1334 4425 1443 4478 τῶν
1490 4424 1743 4489 ἐντολῶν,
1776 4424 1872 4478 καὶ

1978 4449 2097 4488 rum
2122 4447 2376 4487 sermone
2404 4430 2607 4493 excisa,
2628 4428 2889 4496 velutque
2914 4426 3143 4479 callosas
3169 4420 3420 4479 durities,
3439 4430 3571 4487 pro-

283 4520 735 4591 ἁποΰαλλομένας
767 4520 1021 4589 καθάπερ
1052 4516 1396 4591 πωρὼματα,
1425 4519 1525 4589 τήν
1548 4534 1607 4570 τε
1640 4518 1777 4589 πρὸς
1802 4517 1871 4571 τά

1978 4526 2259 4580 cliviorem
2292 4524 2348 4578 in
2375 4522 2505 4577 vitia
2536 4521 2877 4589 atiectusque
2911 4517 3195 4571 libidinem
3229 4509 3566 4581 respuentia,

282 4612 439 4685 πάθη
466 4614 802 4685 φιληδονίαν,
838 4615 933 4667 καὶ⁵
963 4614 1063 4682 τὴν
1092 4611 1231 4683 πρὸς
1254 4610 1322 4665 τὰ
1347 4610 1589 4681 αἰσθητά
1618 4609 1718 4682 τῆς
1767 4609 1871 4680 φύ-

1978 4626 2297 4687 naturaeque
2348 4615 2404 4669 in
2452 4629 2541 4669 res
2587 4613 2771 4668 sensui
2825 4611 3099 4680 subjectas
3149 4603 3496 4660 alfectiouem
3548 4616 3567 4655 ι

286 4725 433 4772 σεως
464 4707 669 4779 σχέσιν,
701 4707 797 4761 καὶ
822 4705 1211 4778 πληρουμένας
1241 4704 1341 4775 τῆς
1368 4702 1577 4757 ἄνωθεν
1632 4701 1873 4775 φερομέ-

1979 4726 2101 4780 (μιιε
2128 4708 2368 4777 denique
2398 4722 2429 4759 e
2464 4705 2718 4775 supernis
2752 4703 3005 4771 cmloquc
3037 4698 3292 4752 veniente
3329 4687 3569 4763 spiritali

284 4817 389 4873 νης
457 4799 731 4869 ρυπτικῆς
795 4816 854 4852 τε
907 4798 1021 4852 τῶν
1051 4796 1264 4860 παθῶν,
1319 4796 1416 4849 καὶ
1473 4793 1873 4867 ζωοποιητικῆς

1984 4800 2215 4857 scientia
2256 4798 2606 4869 impleantur,
2643 4810 2763 4865 qua:
2801 4793 3093 4848 libidinum
3131 4787 3325 4843 sordes
3357 4783 3565 4848 abluat,

285 4891 389 4946 καὶ
415 4887 526 4945 οἷον
563 4889 869 4963 θρεπτικῆς
918 4888 1027 4942 τῶν
1072 4886 1283 4958 ἀρετῶν
1318 4886 1377 4939 ὲν
1410 4884 1707 4955 πνεύματι,
1743 4882 1873 4953 γνῶ·

1985 4902 2042 4949 et
2065 4891 2305 4948 viviticet
2330 4900 2494 4961 atque
2524 4889 2635 4945 alat
2656 4886 2912 4942 virtutes.

287 5000 451 5048 σεως.

360 5123 407 5155 ⁸⁸
435 5121 676 5192 Philipp.
703 5135 783 5183 ιιι,
819 5118 905 5173 M.
981 5117 1025 5149 "
1056 5117 1159 5172 lsa.
1190 5132 1277 5183 ιι,
1312 5115 1371 5171 5.
1446 5113 1493 5147 “
1516 5112 1708 5170 Matth.
1738 5131 1793 5181 v,
1818 5116 1875 5171 ὅ.

358 5264 382 5287 ⁹
403 5262 545 5320 Male
561 5259 709 5315 edita
731 5274 797 5310 πε
808 5273 995 5326 ποιημ.

366 5378 431 5453 (i)
462 5376 743 5453 Λᾴκκρυς
770 5370 941 5453 καλεῖ
1036 5367 1268 5453 Γραφῇ.
1296 5368 1475 5453 Lacus
1503 5384 1567 5449 a_c
1600 5368 1872 5423 cisternas

288 5438 567 5523 βκρίοδέῖι
623 5438 930 5523 δεέῑριμτα.
985 5440 1367 5523 ᾖηῐςὲίιθξξῐιξιιο
1408 5438 1715 5503 Maximus;
1753 5454 1871 5518 .ncc

290 5507 438 5577 behe
483 5519 647 5573 Picus
673 5507 859 5585 puteis
883 5511 1137 5585 mutavit.
1192 5507 1399 5585 Puteus
1459 5524 1698 5585 namque
1751 5507 1871 5585 ipse

292 5593 425 5648 fons
449 5598 554 5653 est,
588 5578 692 5643 sed'
715 5586 825 5641 alta
850 5581 1218 5653 scaturigine;
1239 5580 1458 5653 λάκκοι,
1494 5578 1648 5653 lacus
1675 5587 1733 5632 et
1789 5578 1872 5633 ci-

292 5647 519 5724 sternae,
542 5647 664 5714 'non
702 5662 834 5710 sunt
862 5647 1087 5724 fontes:
1116 5666 1217 5724 nec
1253 5650 1367 5704 ullo
1390 5647 1577 5724 _latice
1626 5657 1873 5724 manant,

295 5718 396 5788 sed
452 5718 790 5802 pluvialibus
832 5723 996 5802 aq_nis_
1022 5721 1325 5802 reptcptur-
1383 5718 1500 5802 Qua
1540 5719 1868 5802 metanhota

299 5788 608 5874 φερομένης
630 5796 835 5854 ἀνωθεν
981 5794 1039 5847 ἐν
1062 5788 1330 5863 πνεύματι
1358 5788 1634 5858 γνώσεως,
1655 5788 1873 5846 δεξσιιιὶα

1974 5365 2210 5435 spiritali
2245 5382 2271 5419 e
2314 5364 2579 5435 supernis,
2618 5376 2645 5435 ε
2686 5357 2823 5435 Δσατίο
2859 5357 3117 5435 veniente,
3142 5350 3281 5435 ultas
3327 5350 3555 5435 mxstioe.

2685 5408 2930 5498 impleri.
2947 5408 3019 5505 At
3042 5408 3176 5479 nihil
3207 5422 3347 5505 bene
3378 5408 3559 5505 Picus.

1980 5489 2317 5564 meum:
2362 5502 2607 5575 spiritali-
2627 5489 2841 5575 sursum
2870 5496 3134 5575 tendente
3151 5489 3566 5575 scientiasSur-

1978 5594 2100 5634 sum
2142 5577 2371 5631 tendere
2392 5564 2461 5645 ὀι
2485 5573 2675 5637 salire,
2712 5569 2766 5625 id
2790 5568 3019 5639 quidem
3068 5564 3303 5645 fontium
3333 5570 3448 5645 est,
3472 5564 3561 5615 vi-

1976 5662 2285 5717 varumquc
2312 5645 2367 5699 in
2399 5644 2481 5717 ei_s
2510 5634 2831 5717 aquarum;
2870 5646 2927 5691 at
2972 5651 3082 5691 non
3106 5634 3561 5717 animo-inten-

1981 5702 2120 5780 tum,
2156 5702 2241 5773 vel
2270 5716 2393 5788 ejus
2426 5702 2632 5771 Grzeéis
2653 5702 3048 5783 significatum.
3101 5703 3187 5763 Cf.
3218 5702 3286 5760 ad
3306 5702 3556 5758 'l'balass.

1980 5792 2032 5846 9.
2064 5788 2150 5845 48.
