4064 6432
554 403 692 481 1243

1724 413 1784 474 S.
1827 416 2118 477 MAXIMI
2157 415 2669 480 CONFESSORIS

3692 415 3821 480 1244

623 520 714 579 ϐθ.
760 520 1042 580 Cisternas
1094 522 1301 581 excidit
1345 524 1612 582 Dominus
1668 526 1723 582 in
1773 526 1997 585 deserto
2051 529 2140 602 (in

2317 532 2385 599 ξ’.
2417 533 2670 599 Λάκκους
2695 532 2926 603 λατομεῖ
2948 531 2978 587 ὁ
3002 528 3210 602 Κύριος
3229 530 3289 584 έν
3315 531 3385 602 τῇ
3416 528 3611 601 ἐρήμῳ
3634 545 3651 563 ο
3687 528 3826 599 λέγω

551 615 762 684 mundo
814 615 1028 670 scilicet
1070 615 1470 687 hominumque
1520 618 1750 690 natura)
1803 636 1998 677 eorum
2045 621 2142 692 qui

2246 624 2302 679 δὲ
2345 625 2426 697 τῷ
2465 626 2677 697 κόσμῳ,
2714 625 2810 681 καὶ
2854 625 2921 696 τῇ
2956 621 3116 694 φύσει
3174 621 3285 676 τῶν
3334 618 3680 693 ἀνθρώπωνο
3732 622 3828 689 τὰς

552 707 705 779 digni
747 716 895 771 sunt,
925 705 1097 771 corda
1131 707 1422 774 eﬂ‘odiens,
1450 717 1506 764 et
1540 726 1570 771 a
1611 718 1835 767 terrena
1875 713 2145 785 gravitate

553 800 960 871 prudentiaque
993 798 1335 865 emundans,
1366 810 1531 871 atque
1567 801 1637 860 ad
1672 802 1892 862 divinos
1924 806 2145 875 sapien-

552 891 642 945 tiae
683 900 740 945 et
775 890 1020 945 scientia:
1060 889 1268 945 imbres
1304 892 1718 965 suscipiendos,
1751 897 1899 951 unde
1936 895 2145 959 Christi

548 997 752 1066 pecora
787 982 1065 1052 adaquent
1099 981 1217 1050 (eos
1250 982 1513 1045 nimirum
1552 987 1647 1056 qui
1688 1002 1803 1057 prae
1845 987 2015 1047 animi
2056 987 2146 1042 in-

468 1122 481 1129 _
550 1069 750 1137 fantia,
784 1070 980 1125 morali
1026 1070 1319 1142 disciplina
1370 1076 1589 1149 egeant)
1637 1076 1877 1134 dilatans
1924 1086 1981 1133 et
2026 1093 2145 1136 am-

549 1162 754 1232 plians.

619 1253 709 1307 61.
736 1252 1051 1308 Montanam
1081 1265 1244 1313 vocat
1275 1256 1587 1328 Scriptura,
1614 1261 1910 1319 sublimem
1945 1262 2004 1319 in
2033 1264 2147 1335 spi-

547 1343 659 1412 ritu
695 1354 907 1405 natura:
940 1348 1490 1419 contemplationem,
1514 1368 1679 1425 quam
1715 1353 1752 1408 ii
1781 1355 1995 1422 colunt,
2022 1358 2140 1428 qui,

546 1450 737 1491 rerum
776 1437 1065 1497 sensilium
1104 1440 1312 1496 relictis
1352 1442 1806 1513 cogitationibus,
1838 1448 1908 1503 ad
1949 1465 2142 1505 earum

546 1529 822 1601 spiritales
862 1532 1107 1592 rationes
1141 1548 1239 1605 per
1272 1533 1635 1597 intermedias
1668 1539 1908 1601 virtutes
1948 1556 2143 1597 evase-

548 1629 703 1675 runt.

619 1711 706 1765 62.
759 1710 1014 1778 Quandiu
1072 1715 1295 1775 animus
1354 1716 1410 1771 in
1466 1716 1651 1790 seipso
1709 1720 1987 1791 vigentem
2044 1722 2140 1783 Dei

2245 715 2355 771 τῶν
2388 714 2556 782 ἀξίων
2586 716 2816 786 καρδίας
2863 714 3151 787 ὲκχοῖζων,
3184 714 3281 767 καὶ
3313 711 3713 785 ἁποκαθαίρων
3737 712 3826 771 τοῦ

2247 808 2436 864 ὐλικοῦ
2466 809 2668 882 βάρους
2702 825 2762 862 τε
2794 808 2887 862 καὶ
2932 808 3304 879 φρονήματος,
3340 807 3435 862 καὶ
3466 806 3640 864 ποιῶν
3671 806 3827 875 εὐρυ-

2245 899 2457 972 χώρους
2508 900 2646 973 πρὸς
2686 898 2953 976 ὑποδοχὴν
3008 898 3119 952 τῶν
3150 896 3313 951 θείων
3341 899 3444 968 τῆς
3499 896 3699 964 σοφίας
3743 896 3837 951 καὶ

2243 994 2347 1063 τῆς
2379 992 2636 1063 γνώσεως
2663 992 2857 1056 ὑετῶν,
2890 993 2980 1048 ἵνα
3005 990 3268 1055 ποτίζωσι
3300 990 3367 1045 τὰ
3388 990 3563 1061 κτήνη
3587 988 3684 1041 τοῦ
3708 988 3833 1058 Χρι-

2248 1083 2397 1147 στοῦ,
2420 1085 2548 1148 τοὺς
2576 1084 2867 1155 δεομένους
2891 1083 3038 1152 λέγω
3065 1082 3153 1138 διὰ
3179 1081 3358 1155 ψυχῆς
3387 1080 3718 1153 νηπιότητα,
3740 1078 3833 1154 τῆς

2243 1176 2444 1248 ἠθικῆς
2467 1177 2839 1240 διδασκαλίας.

2318 1268 2419 1336 Ea’.
2457 1268 2705 1340 Ὀρεινὴν
2734 1270 2767 1339 ἡ
2797 1268 3012 1341 Γραφὴ,
3060 1266 3160 1337 τὴν
3189 1264 3402 1337 ὑψηλὴν
3455 1264 3516 1317 ὲν
3564 1258 3835 1331 πνεύματι

2246 1361 2483 1433 θεωρίαν
2516 1362 2617 1431 τῆς
2670 1361 2888 1430 φύσεως
2941 1360 3111 1429 λέγει,
3147 1359 3214 1437 ἣν
3253 1356 3599 1430 γεωργοῦσιν
3647 1354 3699 1406 οί
3731 1351 3835 1408 τῶν

2246 1452 2524 1522 αἰσθητῶν
2557 1453 2955 1522 ἀπογενόμενοι
3009 1448 3348 1521 φαντασιῶν,
3397 1448 3495 1502 καὶ
3536 1444 3683 1517 πρὸς
3716 1442 3835 1513 τοὺς

2244 1544 2427 1601 αὐτῶν
2464 1545 2693 1617 νοητοὺς
2742 1545 2833 1606 διὰ
2881 1544 3067 1616 μέσων
3110 1543 3224 1601 τῶν
3272 1538 3489 1613 ἀρετῶν
3541 1534 3832 1597 διαϐάντες

2244 1637 2440 1702 λόγους

2456 1728 2525 1783 Ὀ
2563 1728 2689 1794 νοῦς
2746 1727 2833 1797 ἐφ’
2861 1726 2987 1785 ὅσον
3037 1724 3152 1796 εχει
3191 1722 3374 1788 ζῶσαν
3414 1721 3473 1774 ὲν
3525 1717 3713 1788 ἑαυτῷ
3739 1716 3834 1789 τὴν

546 1804 873 1859 memoriam
910 1805 1105 1871 habet,
1139 1824 1237 1878 per
1281 1812 1804 1881 contemplationem
1846 1816 2140 1873 Dominum

2247 1817 2344 1874 τοῦ
2393 1818 2529 1875 Θεοῦ
2599 1819 2845 1891 μνήμην,
2885 1816 2974 1870 διὰ
3029 1815 3128 1886 τῆς
3182 1812 3417 1884 Θεωρίας
3471 1809 3707 1879 ἐκζητεῖ
3749 1807 3835 1863 τὸν

2177 1892 2217 1948 Β
2250 1908 2491 1981 Κύριον⁹
2549 1909 2647 1963 καὶ
2700 1908 2803 1979 ούχ
2846 1904 3053 1968 ἁπλῶς,
3084 1902 3202 1961 ἀλλ’
3255 1903 3328 1965 ἐκ
3358 1902 3523 1973 φόϐῳ
3573 1896 3834 1965 Κυρίου·

546 1894 817 1963 exquirit;
861 1912 1042 1965 neque
1082 1899 1136 1953 id
1182 1900 1532 1957 defunctorie
1572 1905 1890 1976 leviusque,
1925 1910 2053 1974 sed,
2087 1914 2143 1973 in

549 1985 738 2049 timore
780 1984 995 2040 Domini
1021 1987 1097 2053 “;
1150 1988 1257 2043 hoc
1304 1999 1417 2058 est,
1457 1997 1815 2064 exsequendo
1862 2000 2141 2056 mandata.

546 2078 653 2149 Qui
688 2081 838 2135 enim
874 2084 1301 2153 contemplando
1334 2086 1453 2142 sine
1484 2087 1701 2143 actione
1729 2088 2022 2145 Dominum
2053 2107 2145 2147 ex-

548 2173 740 2244 quirit,
766 2190 877 2228 non
910 2174 1142 2242 invenit,
1171 2193 1237 2232 eo
1269 2180 1416 2249 quod
1451 2197 1563 2235 non
1598 2182 1655 2235 in
1690 2181 1890 2237 timore
1922 2183 2142 2238 Domini

548 2259 893 2330 exquisierit.
932 2262 1003 2316 Et
1049 2269 1381 2335 prosperavit
1425 2270 1473 2322 ei
1520 2269 1782 2326 Dominus
1804 2273 1873 2326 ⁸⁸.
1911 2272 2143 2329 Omnem

547 2351 697 2406 enim
723 2353 819 2423 qui
844 2355 1075 2411 scientia
1099 2358 1301 2414 comite
1322 2360 1529 2416 actioni
1557 2363 1852 2430 incumbit,
1876 2365 2144 2421 Dominus

549 2459 814 2514 prospere
843 2446 1050 2518 dirigit,
1074 2450 1170 2519 qui
1200 2458 1257 2505 et
1289 2452 1675 2516 mandatorum
1702 2457 1899 2514 modos
1924 2458 2142 2527 doceat,

547 2542 606 2601 et
628 2550 789 2605 veras
815 2553 1003 2595 rerum
1030 2541 1274 2601 rationes
1304 2545 1540 2614 aperiat.

621 2628 711 2689 63.
739 2627 1002 2695 Sublimis
1026 2630 1095 2686 de
1121 2631 1327 2693 deitate
1356 2651 1542 2692 sermo
1572 2654 1636 2694 ac
1672 2638 1946 2708 doctrina,
1974 2643 2144 2704 turris

547 2730 633 2790 est
656 2722 866 2788 animo,
902 2724 1288 2790 mandatorum
1315 2728 1479 2807 55.9
1500 2732 1885 2790 observatione
1910 2736 2141 2795 munita.

548 2813 619 2879 Et
660 2814 766 2869 hoc
813 2824 899 2870 est
942 2818 1091 2886 quod
1138 2819 1217 2875 ait
1266 2839 1279 2888 ;
1321 2821 1629 2907 Ediﬁcavit
1672 2824 1828 2887 Ozias
1874 2837 2043 2883 turres
2088 2830 2143 2887 in

547 2904 853 2967 Jerusalem
884 2908 950 2962 “.
992 2909 1098 2977 Qui
1150 2912 1297 2966 enim
1347 2904 1498 2971 recte
1549 2917 1899 2988 diriguntur,
1935 2930 1999 2975 ut
2045 2937 2144 2991 per

550 2996 1078 3067 contemplationem
1106 3015 1231 3063 cum
1263 3002 1525 3076 adjuncto
1555 3009 1912 3073 convenienti
1944 3011 2144 3067 timore

550 3085 784 3160 (agendo
816 3090 1027 3146 scilicet
1061 3109 1184 3163 quae
1217 3097 1476 3153 mandata
1510 3100 1673 3172 sunt)
1711 3101 2004 3157 Dominum
2045 3119 2144 3160 ex-

547 3181 758 3250 quirat,
785 3182 831 3250 is
865 3183 920 3238 in
952 3184 1259 3242 Jerusalem
1296 3198 1480 3246 turres
1509 3192 1779 3261 aediﬁcat;
1818 3194 1875 3252 in
1908 3196 2143 3267 simplici

545 3274 811 3345 nimirum
865 3286 923 3335 et
972 3282 1273 3351 tranquillo
1324 3283 1493 3339 animi
1534 3294 1718 3354 statu,
1762 3288 2030 3352 sublimes
2072 3292 2143 3358 de

546 3370 752 3443 deitate
788 3389 1076 3445 sermones
1106 3378 1393 3444 attollens,

618 3550 706 3606 64.
749 3552 1122 3617 Particulares
1179 3557 1425 3615 rationes
1483 3559 1617 3616 dum
1666 3561 1737 3619 ad
1796 3563 2144 3627 universales

546 3643 839 3710 accedunt,
864 3662 988 3715 quae
1022 3646 1200 3703 divisa
1230 3658 1361 3704 sunt
1401 3652 1547 3706 inter
1576 3669 1635 3709 se
1666 3655 1950 3724 copulant.
1981 3656 2139 3725 Quod

545 3733 813 3801 nimirum
843 3737 1282 3795 universaliores
1311 3742 1576 3810 rationes,
1626 3762 1823 3804 eorum
1865 3764 1989 3819 qua
2026 3766 2145 3814 ma.-

547 3824 631 3904 gis
678 3826 1037 3895 particularia
1086 3838 1249 3897 sunt,
1298 3833 1545 3897 rationes
1592 3837 1951 3903 uniformiter
1991 3857 2143 3896 com-

547 3914 923 3985 prehendant,
960 3919 1030 3974 ad
1078 3937 1200 3990 qua:
1243 3925 1574 3981 naturaliter
1618 3927 1736 3998 ipsa
1782 3930 2142 3999 particularia

551 4004 880 4061 relationem
916 4008 1180 4077 habeant.
1210 4012 1318 4069 Sed
1352 4024 1408 4070 et
1438 4017 1563 4072 caeli
1599 4033 1725 4073 cum
1758 4028 1925 4088 terra,
1955 4040 2141 4080 rerum

548 4112 673 4166 quae
710 4114 878 4155 sensu
927 4105 1322 4175 percipiuntur
1360 4126 1487 4164 cum
1526 4110 1636 4167 illis
1670 4130 1793 4184 quae
1836 4126 2020 4174 mente
2051 4120 2140 4175 in-

550 4190 904 4262 tellignntur,
938 4205 1152 4256 natum
1174 4214 1301 4263 cum
1336 4201 1571 4268 ratione,
1603 4204 1951 4265 habitudinis
1986 4227 2140 4282 qum-

548 4281 672 4343 dam
707 4282 762 4338 in
800 4286 997 4355 spiritu
1036 4289 1181 4347 ratio
1224 4300 1331 4358 est,
1360 4309 1470 4364 qua
1520 4294 1639 4352 [περ
1680 4298 1791 4363 alia
1834 4301 1961 4358 aliis
2006 4281 2143 4360 con.-

547 4384 696 4433 serta
728 4377 1016 4446 uniantur,

619 4467 710 4523 65.
746 4468 849 4527 Cui
894 4471 966 4527 ab
1011 4471 1307 4533 affectibus
1334 4478 1598 4550 vitiisque
1634 4498 1835 4539 sensus
1870 4487 2139 4547 revellere

2171 3233 2214 3292 C

2246 2003 2550 2064 τουτέστιν,
2590 2003 2649 2055 έν
2682 2002 2748 2070 τῇ
2782 1997 2982 2071 πράξει
3032 1996 3141 2049 τῶν
3189 1993 3444 2075 ιντολῶν.
3478 1994 3543 2046 '0
3582 1990 3701 2062 γὰρ
3748 1993 3837 2046 ὲκ-

2247 2094 2426 2165 ζητῶν
2455 2094 2547 2148 διὰ
2575 2092 2811 2161 θεωρίας
2854 2091 2947 2147 τὸν
2992 2088 3199 2160 Κύριον
3222 2087 3395 2189 pop-1f:
3429 2081 3836 2189 τξράξειῖλῗνὲιέκ

2245 2187 2494 2260 εὑρίσκει
2526 2185 2711 2250 αὑτὸν,
2748 2184 2834 2238 ὅτι
2879 2181 2982 2239 οὐκ
3028 2182 3087 2234 ὲν
3145 2179 3298 2250 φόϐῳ
3330 2178 3541 2247 Κυρίου
3588 2175 3692 2228 τὸν
3726 2175 3837 2227 Κύ-

2247 2297 2363 2353 ριον
2393 2277 2714 2350 ὲξεζήτησε.
2764 2276 2875 2332 Καὶ
2932 2273 3251 2329 εὐώδωσεν
3284 2269 3448 2337 αὐτῷ
3499 2272 3534 2324 ό
3580 2269 3834 2337 Κύριος·

2246 2374 2411 2428 παντὶ
2444 2372 2555 2444 γὰρ
2608 2371 2690 2442 τῷ
2744 2369 2888 2442 μετὰ
2924 2369 3180 2436 γνώσεως
3236 2366 3556 2438 πράττοντι,
3610 2361 3838 2421 εύοδοῖό

2246 2466 2474 2540 Κύριος,
2506 2465 2632 2529 τούς
2658 2482 2715 2519 τε
2743 2464 2851 2519 τῶν
2877 2460 3109 2517 ἐντολῶν
3139 2460 3413 2515 διδάσκων
3432 2457 3707 2530 τρόπους,
3749 2453 3838 2507 καὶ

2243 2564 2371 2625 τοὺς
2396 2560 2507 2614 τῶν
2537 2559 2709 2614 όντων
2734 2557 2956 2628 ἀληθεῖς
2985 2555 3178 2624 λόγους
3207 2549 3644 2607 ἀποκαλύπτων.

2319 2653 2420 2723 ξγ’.
2458 2654 2516 2709 '0
2543 2652 2674 2726 περὶ
2724 2649 2979 2721 θεότητος
3015 2647 3221 2717 ὑψηλὸς
3259 2646 3441 2714 λόγος,
3475 2641 3698 2713 πύργος
3726 2635 3837 2695 ἐστὶ

2244 2749 2389 2804 κατὰ
2413 2746 2614 2819 ψυχὴν,
2647 2746 2770 2807 ταῖς
2798 2743 2908 2800 τῶν
2937 2741 3168 2797 ἐντολῶν
3196 2737 3505 2810 ἐνεργείαις
3543 2730 3840 2805 ὠχυρωμέ-

2244 2855 2355 2911 νος.
2393 2836 2505 2891 Καὶ
2552 2834 2711 2889 τοῦτό
2756 2835 2904 2892 ἐστιν
2951 2834 2979 2887 ὅ
3030 2848 3218 2905 φησιν,
3245 2829 3352 2926 δτι
3383 2825 3839 2926 ὲῼκρδόμησεγ

2256 2929 2447 2994 Ὀζίας
2490 2927 2762 2997 πύργους
2806 2925 2878 2979 ἐν
2913 2922 3325 2993 Ἰερουσαλήμ.
3382 2920 3444 2974 ⁸0
3489 2919 3603 2990 γὰρ
3663 2914 3839 2985 καλῶς

2244 3019 2603 3092 εύοδούμενος
2641 3020 2735 3072 ἐπὶ
2788 3019 2891 3089 τὴν
2949 3016 3038 3072 διὰ
3098 3014 3334 3086 θεωρίας
3393 3010 3701 3082 ἐπιζήτησιν
3746 3005 3837 3061 τοῦ

2245 3112 2477 3185 Κυρίου,
2515 3111 2658 3184 μετὰ
2703 3109 2798 3164 τοῦ
2848 3108 3287 3180 ὲπιϐεϐλημένου
3346 3103 3540 3175 φόϐου,
3590 3101 3838 3162 τουτέστι

2245 3206 2346 3275 τῆς
2381 3203 2493 3259 τῶν
2544 3202 2777 3258 ἐντολῶν
2816 3202 3092 3274 πράξεως,
3143 3200 3423 3270 οἰκοδομεῖ
3482 3197 3739 3267 πύργους
3781 3195 3837 3253 ἐν

2259 3296 2640 3368 Ἰερουσαλὴμ,
2666 3295 2809 3350 κατὰ
2833 3294 2932 3366 τὴν
2963 3293 3144 3363 ἁπλῆν
3173 3290 3377 3387 δηλαδὴ
3401 3291 3523 3387 ,καὶ
3563 3284 3837 3387 ἠρεμαίαν

2242 3391 2346 3459 τῆς
2376 3389 2559 3460 ψυχῆς
2605 3387 2968 3451 κατάστασιν,
3007 3385 3136 3449 τοὺς
3164 3382 3297 3455 περ)Ι
3323 3380 3587 3450 θεότητος
3610 3376 3831 3447 muto»

2243 3479 2460 3544 λόγους.

2308 3498 2501 3637 ἒὲῗςὸί
2526 3570 2635 3626 τῶν
2678 3570 2773 3625 ἐπὶ
2821 3570 3024 3640 μέρους
3050 3568 3222 3638 λόγοι,
3252 3569 3365 3631 τοῖς
3397 3564 3646 3619 ’καθόλου
3676 3578 3837 3633 προο-

2242 3663 2574 3736 χωροῦντες,
2611 3664 2714 3727 τὰς
2741 3663 2850 3717 τῶν
2881 3662 3230 3736 διῃρημένων
3279 3659 3503 3723 ένώσεις
3531 3656 3831 3711 ποιοῦνται’

2241 3758 2377 3813 διότι
2410 3757 2521 3811 τῶν
2572 3757 2961 3830 μερικωτέρων
3021 3754 3270 3818 ὲνοειδῶς
3316 3755 3367 3807 οἱ
3410 3749 3833 3819 καθολικώτεροι

2240 3850 2370 3914 τοὺς
2401 3850 2595 3920 λόγους
2636 3848 3131 3921 περιλαμϐάνουσι,
3160 3846 3300 3919 πρὸς
3328 3844 3424 3909 οῦς
3466 3842 3719 3914 φυσικῶς
3745 3839 3834 3911 τὴν

2241 3940 2525 4012 ἀναφορὰν
2560 3939 2674 4010 ἔχει
2720 3940 2791 3994 τὰ
2835 3939 2976 3994 κατὰ
3012 3938 3199 4010 μέρος.
3237 3934 3404 3990 Ἀλλὰ
3444 3933 3542 3988 καὶ
3571 3930 3667 3986 νοῦ
3709 3928 3834 4002 πρὸς

2241 4032 2523 4104 αἴσθησιν,
2553 4032 2649 4086 καὶ
2673 4031 2910 4104 ούρανοῦ
2940 4030 3078 4103 πρὸς
3110 4029 3247 4127 γῆνζ
3270 4027 3365 4082 καὶ¹
3392 4024 3675 4127 αἰσθητῶν

2241 4124 2429 4195 νοητὰ,
2463 4122 2559 4178 καὶ
2588 4122 2807 4192 φύσεως
2837 4121 2975 4194 πρὸς
3012 4119 3193 4190 λόγον,
3222 4118 3354 4216 ἐστι⁸
3374 4135 3483 4216 τις.
3499 4117 3603 4216 καλ
3634 4117 3833 4216 τούτων

2244 4214 2496 4286 σχετικδς
2520 4216 2579 4267 έν
2610 4215 2886 4286 πνεύματι
2926 4213 3107 4283 λόγος.
3134 4212 3236 4285 τὴν
3259 4208 3397 4282 πρὸς
3429 4206 3642 4280 ἄλληλα
3667 4204 3833 4263 διδοὺς

2241 4307 2429 4372 αὐτοῖς
2453 4305 2670 4369 ξνωσιν,

2315 4481 2411 4561 ξε¹.
2467 4483 2529 4543 '0
2563 4481 2675 4537 τῶν
2710 4479 2903 4535 παθῶν
2933 4477 3184 4552 δυνηθεὶς
3207 4474 3483 4549 tam”;
3512 4471 3616 4538 τὰς
3646 4470 3830 4547 αἰσθή-

545 4558 729 4626 licuit,
765 4562 1127 4637 animumque
1172 4583 1203 4623 a
1246 4585 1512 4634 sensuum
1565 4574 1801 4640 libidine
1849 4578 2135 4650 abjunxit;

2246 4558 2381 4642 σεις,
2417 4576 2513 4630 καὶ
2561 4574 2664 4646 τῆς
2711 4573 2823 4628 τῶν
2873 4572 3180 4644 αίσθήσεων
3223 4570 3465 4642 σχέσεως
3507 4566 3613 4641 τὴν
3660 4564 3828 4642 ψυχὴν

546 4668 712 4722 quem
756 4655 865 4711 sibi
908 4656 965 4712 in
1000 4671 1247 4721 mentem
1294 4663 1554 4730 diabolus
1601 4668 1933 4727 intermedio
1970 4689 2138 4734 sensu

2246 4666 2683 4730 ἀποδιαστείλας,
2724 4664 3053 4737 κατίσχυσεν
3091 4657 3571 4762 ἀποτειχίσαιιτὴν
3610 4654 3830 4762 γενομέ-

548 4741 761 4809 aditum
800 4756 1207 4817 perstruxerat.
1250 4752 1545 4813 obstruere
1591 4759 1785 4816 valuit.
1823 4760 2040 4820 Idcirco
2080 4763 2137 4825 in

2247 4774 2347 4831 νην
2381 4756 2477 4812 τοῦ
2532 4755 2782 4820 διαϐόλου
2814 4755 2955 4828 πρὸς
2993 4755 3085 4818 τὸν
3116 4752 3241 4808 νοῦν
3269 4751 3359 4817 διὰ
3396 4750 3584 4831 μέσων
3610 4749 3721 4804 τῶν
3748 4748 3827 4803 αι-

547 4834 771 4892 deserto
815 4837 1097 4909 (naturali
1131 4842 1345 4910 scilicet
1374 4849 1789 4917 speculatione)
1831 4855 2003 4910 veluti
2048 4857 2141 4912 lir-

548 4938 670 4979 mas
700 4934 882 4982 turres
918 4944 983 4984 ac
1009 4938 1180 4995 tutas,
1215 4931 1336 5002 pias
1364 4935 1431 4990 de
1469 4937 1637 4992 rebus
1678 4940 1973 5010 opiniones
2005 4946 2141 5001 aedi-

548 5015 733 5073 ﬁcavit
761 5036 775 5073 :
802 5020 871 5075 ad
907 5038 1045 5092 quas
1076 5026 1172 5096 qui
1219 5027 1492 5099 confugit,
1527 5046 1641 5086 non
1680 5049 1780 5090 eos
1821 5035 2003 5105 timet,
2040 5039 2138 5110 qui

548 5109 605 5164 in
658 5110 765 5167 hoc
811 5113 1035 5171 deserto
1086 5118 1310 5190 (natura
1366 5122 1585 5180 scilicet
1635 5128 1813 5184 oculis
1862 5109 2136 5203 subjecta)

549 5203 839 5278 latrocinia
884 5221 1148 5266 exercent
1191 5213 1269 5285 (id
1299 5224 1405 5280 est,
1436 5216 1740 5291 daemones)
1767 5223 1976 5292 quique
2011 5240 2139 5280 sen-

546 5310 707 5361 suum
750 5314 918 5369 opera
969 5313 1209 5362 mentem
1253 5309 1551 5377 seducunt,
1590 5322 1648 5368 et
1696 5314 1763 5376 ad
1810 5315 2138 5386 ignorantiae

522 5388 840 5460 caliginem
878 5397 1235 5465 pertrahunt,
1266 5401 1371 5468 Qui
1415 5405 1567 5459 enim
1602 5406 1838 5478 singulis
1874 5408 1930 5465 in
1968 5412 2137 5469 rebus

546 5480 638 5548 pie
674 5484 938 5554 Opinatur
988 5504 1054 5545 ac
1102 5493 1291 5561 sentit,
1334 5496 1670 5556 seducentes
1711 5500 1995 5561 daemones
2032 5521 2133 5578 per

546 5587 611 5639 ea
640 5589 761 5646 quae
785 5579 965 5638 oculis
992 5581 1292 5652 cernimus,
1324 5602 1434 5643 non
1469 5590 1692 5654 metuit.

614 5836 661 5881 “
693 5838 737 5898 ll
768 5839 909 5901 Paul.
940 5859 1084 5917 xm.
1115 5847 1166 5903 5.
1243 5850 1286 5883 “
1314 5848 1454 5913 ibid.
1532 5853 1577 5887 “
1607 5853 1743 5919 ibid.
1773 5860 1828 5923 θ.

2248 4850 2495 4923 σθήσεων
2531 4849 2757 4913 είσοδοψ
2793 4848 2891 4903 καὶ
2929 4847 3020 4909 διὰ
3064 4846 3223 4911 τοῦτο
3258 4844 3401 4909 κατᾶ
3448 4844 3554 4927 τὴν
3608 4842 3823 4917 ἔρημον,

2250 4943 2396 5016 φημὶ
2418 4943 2476 4997 δὲ
2505 4943 2605 5015 τὴν
2632 4943 2875 5015 φυσικὴν
2902 4940 3160 5014 θεωρίαν,
3190 4938 3356 4993 οἱονεὶ⁸
3386 4939 3641 5010 πύργους
3660 4942 3825 5005 ἄστρα.

2246 5035 2384 5100 λεῐς,
2410 5034 2511 5097 τὰς
2542 5035 2789 5100 εὐσεϐεῖς
2818 5035 2950 5107 περὶ
2980 5032 3089 5088 τῶν
3113 5033 3283 5087 ὄντων
3315 5031 3638 5104 ᾠκοδόμησε
3658 5030 3821 5097 δόξαςσ

2245 5128 2305 5181 ὲν
2342 5122 2434 5191 αἶς
2463 5128 2492 5180 ό
2532 5125 2933 5198 καταφεύγων,
2981 5125 3045 5181 οὐ
3084 5124 3331 5195 φοϐεῖται
3360 5123 3492 5187 τοὺς
3547 5123 3694 5179 κατὰ
3733 5121 3823 5193 τὴν

2243 5218 2451 5291 ἔρημον
2482 5220 2711 5291 ταύτην·
2752 5219 2898 5290 λέγω
2926 5218 2985 5273 δὲ
3035 5218 3136 5291 τὴν
3182 5216 3346 5287 φύσιν
3375 5216 3485 5271 τῶν
3514 5215 3819 5289 ὁρωμένων.

2241 5310 2605 5385 λῃστεύοντας
2649 5312 2914 5389 δαίμονας
2933 5354 2950 5379 ,
2996 5312 3094 5366 καὶ
3122 5310 3439 5374 πλανῶντας
3468 5311 3563 5364 τὸν
3595 5308 3717 5364 νοῦν
3740 5304 3821 5360 διὰ

2241 5408 2343 5478 τῆς
2386 5406 2717 5478 αἰσθήσεως,
2752 5406 2847 5462 καὶ
2880 5405 3019 5478 πρὸς
3054 5405 3280 5475 ἀγνοίας
3311 5404 3720 5475 κατασύροντας
3746 5399 3821 5473 ζό-

2242 5515 2365 5568 φον.
2413 5499 2472 5552 '0
2495 5498 2606 5571 γὰρ
2640 5499 2741 5571 τὴν
2772 5499 2975 5569 εὐσεϐῆ
3016 5499 3147 5570 περὶ
3174 5498 3408 5552 ἕκαστον
3436 5496 3600 5562 δόξαν
3630 5494 3820 5563 accesi-

2243 5606 2431 5662 μενος,
2458 5591 2521 5644 οὐ
2545 5590 2753 5646 δέδοικε
2794 5591 2923 5655 τοὺς
2953 5591 3042 5645 διὰ
3066 5589 3177 5643 τῶν
3206 5588 3551 5660 φαινομένων
3585 5584 3820 5641 πλανῶν-

2236 5703 2339 5752 τας
2369 5688 2497 5754 τοὺς
2530 5687 2855 5765 ἀνθρώπους
2888 5686 3169 5762 δαίμονας.
