4064 6424
193 401 335 469 12ιὸ

874 401 1212 475 CAPITUM
1252 401 1680 475 QUINQUIES
1717 399 2242 472 CENTENORUM
2279 409 2675 473 CENTURIA
2710 407 2794 469 II.

3335 403 3474 475 ista
3536 357 3542 361 ’

262 516 374 584 ξςκ
417 514 532 580 Πᾶς
561 511 685 579 νοῦς
726 513 882 595 ἰσχὺν
912 514 1050 586 πρὸς
1083 514 1321 588 θεωρίαν
1361 515 1525 588 ἔχων,
1561 514 1770 587 ἀληθής
1799 566 1802 575 .

1943 520 2032 576 66.
2082 521 2237 625 Mens
2275 526 2474 625 omnis
2501 524 2557 578 vi
2608 523 2679 625 ad
2730 517 3170 624 speculationem
3226 523 3516 625 pollensq

187 611 312 667 ἰστι
347 608 628 682 γεωργὸς,
681 606 904 679 καθαρὰ
965 605 1224 672 ζιζανίων
1284 607 1372 662 διὰ
1417 611 1520 678 τῆς
1569 606 1782 669 οἰκείας

190 702 435 771 σπουδῆς
464 701 559 756 καὶ
589 699 912 772 ἐπιμελείας
937 698 1006 753 τὰ
1035 698 1158 753 θεῖα
1186 699 1297 754 τῶν
1330 699 1553 768 ἀγαθῶν
1585 698 1784 767 διαφυ-

189 793 404 850 λάττων
439 793 766 864 σπέρματα,
823 791 1018 863 μέχρις
1075 781 1138 843 οὗ
1197 788 1572 860 συντηροῦσαν
1620 787 1786 841 αὐτὸν

189 885 291 956 ἔχῃ
327 885 425 954 τὴν
465 883 560 937 τοῦ
593 882 728 936 Θεοῦ
772 883 1015 954 μνήμην.
1063 882 1204 952 Φησὶ
1233 881 1378 953 γάρ*
1416 881 1528 934 Καὶ
1558 877 1637 952 ἦν
1681 881 1788 934 ἐκ·

191 975 383 1045 ζητῶν
416 976 524 1031 τὸν
567 977 791 1044 Κύριον
828 975 900 1029 ἐν
927 973 1050 1041 ταῖς
1105 974 1355 1044 ἡμέραις
1385 974 1686 1045 Ζαχαρίου
1717 974 1787 1028 ἐν

190 1071 358 1140 φόϐῳ
396 1069 642 1136 Κυρίου.
679 1067 959 1139 Ζαχαρίαν
999 1066 1091 1130 δὲ,
1134 1065 1384 1135 μνήμην
1448 1065 1598 1120 Θεοῦ
1649 1064 1786 1135 πρὸς

190 1162 294 1231 τὴν
339 1161 568 1215 Ἐλλάδα
620 1160 805 1230 φωνὴν
859 1158 1305 1230 μεταφερόμενον
1359 1154 1500 1211 οἶδεν
1545 1160 1574 1210 6
1605 1155 1784 1227 λόγος.

193 1255 286 1308 Διὸ
314 1254 548 1308 πάντοτε
571 1252 850 1323 δεηθῶμεν
873 1249 970 1305 τοῦ
999 1250 1228 1323 Κυρίου,
1257 1251 1359 1321 τὴν
1385 1249 1655 1322 σωτήριον
1685 1249 1787 1304 αῦ-

193 1344 288 1399 τοῦ
323 1343 666 1415 φυλαχθῆναι
686 1344 820 1414 ἡμῖν
864 1343 1110 1414 μνήμην,
1137 1342 1226 1395 ἵνα
1257 1339 1334 1412 μὴ
1375 1342 1470 1394 καὶ
1512 1339 1646 1394 αὐτὸ
1673 1339 1791 1393 δια-

196 1436 400 1508 φθείρῃ
445 1437 546 1506 τὴν
595 1434 774 1505 ψυχὴν
819 1434 883 1487 τὸ
941 1432 1406 1504 κατορθούμενον,
1458 1433 1596 1504 πρὸς
1653 1431 1791 1502 ὕψος

195 1525 480 1597 ἀρθεῖσαν,
517 1524 612 1584 καὶ
659 1522 769 1576 τῶν
803 1521 947 1594 ὑπὲρ
979 1520 1165 1592 φύσιν,
1195 1519 1272 1584 ὡς
1313 1521 1344 1573 6
1387 1519 1590 1585 Ὀζίας,
1616 1536 1791 1573 κατα-

197 1619 569 1689 τολμήσασαν.

268 1709 370 1774 ξζσ.
431 1713 450 1731 ·
515 1709 581 1762 'll
634 1707 745 1760 τῶν
799 1706 972 1760 όντων
1028 1703 1278 1776 ἀπλανὴς
1320 1701 1563 1774 θεωρία,
1599 1699 1792 1754 παθῶν

198 1799 635 1872 ἀπηλλαγμένης
685 1800 858 1852 δεῖται
903 1797 1102 1869 ψυχῆς·
1157 1797 1281 1867 ἥτις
1320 1792 1680 1867 Ἰερουσαλὴμ
1711 1792 1792 1846 λέ-

198 1911 382 1964 γεται.
410 1894 500 1948 διά
528 1909 589 1945 τε
618 1891 716 1963 τὴν
749 1892 938 1962 ἄρτιον
969 1890 1170 1962 ἀρετὴν
1204 1888 1301 1943 καὶ
1326 1888 1426 1959 τὴν
1460 1887 1622 1943 ἀῦλον
1649 1886 1792 1955 γνῶ-

203 2003 304 2040 σιν·
340 1987 465 2057 ἣτις
497 1986 558 2037 οὐ
593 1986 754 2055 μόνον
800 1983 943 2037 κατὰ
991 1981 1250 2054 στέρησιν
1281 1979 1492 2045 παθῶν,
1525 1978 1663 2037 ἀλλά
1698 1977 1793 2036 καὶ

203 2079 522 2150 φαντασιῶν
549 2077 824 2148 αἰσθητῶν
855 2076 1188 2145 ἐπιγίνεται.

274 2350 380 2422 ξιτ.
407 2348 594 2421 Χωρὶς
617 2347 855 2410 πίστεως
892 2344 988 2402 καὶ
1026 2342 1242 2408 ἐλπίδος
1291 2340 1389 2396 καὶ
1429 2339 1679 2410 ἀγάπης,
1703 2338 1796 2393 οὐ-

202 2445 291 2500 δὲν
330 2443 458 2498 οὔτε
509 2441 620 2496 τῶν
667 2439 858 2496 κακῶν
909 2439 1276 2507 καταργεῖται
1322 2432 1626 2497 παντελῶς,
1670 2429 1796 2484 οὔτε

200 2537 311 2590 τῶν
347 2534 531 2590 καλῶν
574 2531 939 2605 κατορθοῦται
968 2527 1276 2584 τοσῦνολον.
1322 2526 1389 2581 Ἦ
1427 2524 1526 2598 μὲν
1563 2525 1675 2594 γὰρ
1703 2523 1796 2576 πί-

205 2644 346 2695 στις,
383 2625 562 2681 πείθει
592 2623 670 2696 τῷ
700 2621 821 2693 Θεῷ
855 2621 1203 2692 προσχωρεῖν
1229 2617 1323 2671 τὸν
1371 2616 1498 2670 νοῦν
1526 2611 1798 2686 πολεμού-

207 2736 394 2791 μενον,
448 2717 630 2788 πάσης
683 2713 835 2786 αὐτῷ
887 2711 1148 2784 γινομένη
1211 2708 1566 2782 παρασκευῆς
1616 2706 1799 2760 ὃπλων

205 2809 600 2883 πνευματικῶν
634 2808 774 2882 πρὸς
826 2807 889 2861 τὸ
948 2805 1174 2879 θαρρεῖν
1222 2800 1597 2874 παραμύθιον.
1642 2799 1710 2853 'H
1739 2798 1799 2853 δὲ

206 2905 386 2970 ἐλπὶς,
425 2905 526 2974 τῆς
555 2901 705 2965 θείας
747 2899 898 2971 αὐτῷ
941 2899 1271 2953 καθίσταται
1307 2895 1562 2967 βοηθείας
1595 2894 1800 2962 ἐγγυη-

205 2998 303 3070 τὴς
369 2997 804 3067 ἀψευδέστατος,
855 2993 977 3070 τὴν.
1001 2991 1112 3045 τῶν
1167 2989 1428 3045 ἐναντίων
1478 2985 1801 3056 καθαίρεσιν

206 3089 660 3162 ἐπαγγελλομένη
699 3087 1008 3158 δυνάμεων.
1075 3084 1139 3137 Ἦ
1181 3083 1240 3137 δὲ
1288 3081 1502 3151 ἀγάπη,
1527 3079 1802 3147 δυσμετα-

1883 626 2052 668 verus
2084 614 2327 684 agricola
2361 622 2468 678 est,
2508 611 2718 668 munda
2759 626 2988 666 servans
3021 627 3052 666 a
3098 612 3349 678 zizaniis,
3392 612 3480 670 die

1885 702 2114 774 ligentia
2167 721 2268 761 sua
2318 717 2377 762 et
2423 721 2596 772 cura,
2653 705 2842 760 divina
2899 703 3176 759 bonorum
3224 704 3510 779 semina,;

1889 797 2139 866 quandiu
2165 799 2262 854 Dei
2298 800 2649 864 memoriam,
2671 800 2796 870 ejus
2837 799 3150 868 munimine
3193 807 3313 855 tuta
3333 841 3349 866 ,
3378 800 3478 857 ha-i

1887 890 2096 946 buerit.
2129 891 2224 945 Ait
2262 892 2413 947 enim
2452 909 2466 945 :
2503 891 2572 946 Et
2614 901 2732 944 erat
2763 893 3044 963 exquirens
3088 892 3375 947 Dominum
3419 896 3477 954 in

1887 982 2069 1036 diebus
2107 982 2407 1050 Zacharias,
2453 984 2509 1037 in
2563 984 2752 1036 timore
2797 983 3013 1038 Domini
3056 984 3123 1038 ".
3167 984 3343 1040 Porro
3377 983 3480 1039 Za-

1887 1076 2160 1143 chariam,
2187 1077 2234 1133 si
2259 1077 2447 1148 lingua
2474 1085 2667 1132 nostra
2693 1076 3014 1142 reddamus,
3036 1077 3136 1132 Dei
3166 1080 3480 1134 memoriam

1888 1181 2087 1222 sonare
2135 1182 2248 1222 non
2280 1168 2586 1233 nescimus,
2622 1168 2893 1234 Quocirca
2927 1168 3225 1224 Dominum
3259 1185 3483 1240 semper

1889 1274 2135 1322 oremus,
2178 1268 2242 1315 ut
2290 1260 2555 1316 salutaris
2584 1261 2705 1329 ejus
2744 1261 3013 1315 memoria
3057 1261 3221 1316 nobis
3258 1277 3485 1317 conser-

1889 1361 2074 1420 vetur,
2109 1368 2179 1408 ne
2210 1351 2393 1423 ipsum
2425 1352 2533 1407 hoc
2564 1352 2714 1422 quod
2747 1361 2900 1408 recte
2935 1368 3116 1424 exque
3145 1355 3356 1410 virtute
3390 1370 3483 1425 ge-

1890 1443 2056 1508 ritur,
2104 1443 2392 1499 interitum
2446 1444 2645 1498 animae
2696 1444 2913 1514 pariat,
2960 1444 3093 1502 dum
3146 1445 3202 1500 in
3245 1446 3485 1501 sublime

1856 1536 2147 1606 “erigitur,
2206 1552 2272 1591 ac
2319 1537 2475 1592 velut
2520 1527 2708 1601 Ozias,
2764 1545 2971 1591 temere
3025 1537 3312 1608 praasumit
3359 1554 3487 1608 quas

1892 1639 2106 1684 naturae
2134 1629 2453 1684 facultatem
2490 1628 2770 1685 excedunt
2803 1628 2872 1683 ³⁸.

1965 1720 2054 1775 67.
2087 1719 2253 1776 Certa
2314 1735 2617 1790 erroreque
2686 1734 2884 1774 vacans
2931 1719 3240 1791 speculatio
3285 1719 3488 1774 immu-

1894 1832 2023 1872 nem
2054 1815 2124 1870 ab
2154 1816 2449 1871 aifectibus
2482 1823 2650 1884 atque
2683 1813 2838 1879 vitiis
2875 1811 3041 1884 exigit
3078 1814 3363 1879 animum;
3392 1813 3485 1870 Je-

1897 1907 2139 1962 rusalem
2185 1907 2402 1962 scilicet
2454 1914 2875 1974 nuncupatum,
2922 1911 3040 1958 tum
3091 1912 3322 1974 propter
3359 1919 3488 1974 15er-

1894 1998 2094 2053 i'eetam
2131 1996 2294 2068 550
2323 1996 2611 2061 virtutem,
2651 2004 2769 2050 tum
2801 2002 3030 2065 propter
3063 1993 3488 2064 immaterialem

1893 2090 2147 2160 nihilque
2167 2098 2452 2144 terrenum
2471 2087 2764 2143 habentem
2790 2086 3078 2141 scientiam
3103 2102 3118 2151 ;
3144 2102 3266 2156 quae
3290 2101 3491 2154 nempe

1894 2182 2104 2238 nedum
2162 2181 2467 2237 eliminatis
2517 2179 2815 2235 aliectibus
2863 2188 3032 2250 atque
3078 2178 3254 2242 vitiis,
3291 2178 3387 2234 sed
3433 2184 3491 2246 et

1896 2290 2087 2330 rerum
2137 2273 2431 2339 sensilium
2473 2271 2932 2352 cogitationibus,
2967 2270 3215 2342 proclive
3253 2268 3488 2334 acceditc

1967 2367 2056 2423 08.
2097 2365 2325 2422 Nullum
2354 2366 2583 2420 omnino
2608 2364 2821 2435 absque
2856 2363 2985 2434 ﬁde,
3008 2377 3105 2433 Spe
3132 2370 3191 2417 et
3217 2360 3490 2428 eharitate

1896 2460 2161 2516 vitiorum
2207 2458 2555 2524 destruitur,
2601 2457 2682 2512 uti
2725 2472 2908 2526 neque
2952 2469 3182 2531 prorsus
3214 2452 3490 2514 virtutum

1898 2553 2014 2609 ulla
2053 2558 2371 2623 praestatur.
2407 2551 2574 2606 Fides
2601 2551 2777 2614 enim,
2808 2549 2941 2604 dum
2979 2547 3342 2617 impugnatur
3372 2542 3496 2602 οιίτ

1898 2662 2047 2712 mus,
2075 2653 2271 2700 auctor
2291 2652 2379 2698 est
2401 2641 2761 2715 confugiendi
2791 2640 2860 2696 ad
2887 2642 3084 2705 Deum,
3113 2638 3280 2707 eique
3309 2635 3494 2691 omnis

1897 2736 2238 2809 spiritalium
2294 2750 2582 2790 armorum
2637 2740 2978 2804 apparatus,
3029 2729 3238 2799 quibus
3293 2723 3496 2782 ﬁducia

1899 2839 2154 2900 paretur,
2198 2825 2439 2884 eﬁicitur
2465 2825 2750 2881 solatium.
2792 2822 2931 2894 Spes
2959 2829 3146 2876 autem
3170 2817 3416 2873 divinam
3442 2814 3496 2884 ei

1900 2920 2192 2984 verissime
2223 2918 2558 3000 oppignerat
2607 2932 2795 2985 opem,
2832 2912 3098 2970 delendas
3150 2905 3499 2971 adversarias

1901 3019 2208 3082 potestates
2292 3008 2522 3067 omnino
2582 3007 2878 3084 pollicens.
2944 3003 3202 3060 Charitas
3255 2999 3498 3068 denique

1903 3119 2046 3175 :egre
2083 3101 2344 3157 mobilem
2386 3099 2543 3170 (quin
2584 3108 2641 3154 et
2679 3113 2909 3168 prorsus
2947 3090 3316 3162 immobilem)
3354 3105 3498 3160 praes

208 3187 456 3264 κίνητον,
501 3184 703 3255 μᾶλλον
757 3182 838 3247 δὲ,
889 3182 1130 3250 πάμπαν
1177 3177 1470 3246 ἀκίνητον,
1507 3172 1610 3242 τῆς
1648 3169 1800 3233 θείας

1906 3204 2035 3260 stat,
2066 3193 2243 3249 divini
2278 3191 2544 3247 illecebra
2587 3189 2816 3253 amoris,
2871 3197 2988 3241 tum
3023 3186 3193 3242 etiam
3232 3199 3360 3239 cum
3397 3181 3502 3234 im-

213 3280 458 3352 στοργῆς
487 3278 652 3331 αὑτὸν
686 3271 827 3330 εἶναι
876 3267 1298 3348 παρασκευάζει
1324 3266 1418 3321 καὶ
1450 3261 1802 3333 πολεμούμε-

211 3391 324 3438 νον,
373 3370 724 3442 προσηλοῦσα
777 3366 856 3438 τῷ
914 3364 1043 3436 θείῳ
1085 3361 1238 3433 πόθῳ
1280 3360 1462 3413 πᾶσαν
1515 3355 1682 3410 αὑτοῦ
1707 3354 1807 3425 τὴν

210 3467 311 3536 τῆς
343 3464 587 3533 ἐφέσεως
623 3460 880 3530 δύναμιν.

283 3557 392 3624 εον.
442 3555 508 3608 Ἦ
551 3555 738 3618 πίστις
776 3551 1192 3624 παραμυθεῖται
1241 3545 1336 3600 τὸν
1368 3541 1498 3599 νοῦν
1538 3538 1809 3610 πολεμού-

219 3670 405 3725 μενον,
442 3651 699 3729 βοηθείας
742 3650 920 3704 ἑλπίδι
954 3646 1318 3720 ῥωννύμενον·
1359 3645 1394 3714 ἠ
1436 3642 1495 3696 δὲ
1526 3641 1680 3703 ἐλπὶς
1715 3637 1810 3691 ὑπ’

214 3743 342 3817 δψιν
385 3745 595 3813 ἄγουσα
632 3742 731 3814 τὴν
770 3741 1158 3796 πιστευθεῖσαν
1194 3736 1472 3808 βοήθειαν,
1499 3729 1810 3802 ἀποκρούε-

215 3856 307 3893 ται
343 3837 443 3908 τῆν
473 3836 581 3890 τῶν
608 3834 1006 3904 ἀντικειμένων
1046 3829 1418 3902 καταδρομήνο
1447 3828 1480 3896 ἠ
1503 3824 1563 3878 δὲ
1593 3823 1807 3891 ἀγάπη,

217 3929 423 4005 νεκρὰν
445 3929 740 3998 καθίστησι
774 3925 854 3996 τῷ
885 3923 1120 3995 φιλοθέῳ
1153 3921 1231 3993 νῷ
1264 3920 1373 3974 τῶν
1408 3914 1684 3987 πολεμίων
1712 3911 1812 3984 τὴν

219 4021 555 4095 προσϐολὴν,
602 4023 670 4091 τῇ
704 4019 842 4092 πρὸς
881 4016 1015 4070 Θεὸν
1070 4015 1258 4086 ἐφέσει
1299 4009 1582 4073 παντελῶς
1628 4008 1811 4077 ἀμαυτ

224 4133 316 4187 ρου
328 4115 519 4185 μένην.

289 4215 356 4261 ο’.
402 4206 564 4269 Θείας
603 4203 772 4267 ὅντως
806 4201 1044 4274 μερίδος,
1075 4199 1244 4268 ἤγουν
1269 4193 1524 4263 γνώσεως
1552 4187 1811 4262 ἀληθοῦς,

223 4297 361 4364 υίὸς,
398 4296 620 4368 πρῶτός
657 4312 717 4349 τε
741 4293 838 4361 καὶ
871 4292 1052 4362 μόνος,
1075 4290 1104 4342 6
1129 4287 1271 4342 κατά
1289 4286 1390 4358 τὴν
1414 4285 1600 4339 πίστιν
1631 4283 1731 4355 τῆς
1757 4284 1815 4335 ὲν

221 4391 359 4461 ἡμῖν
403 4387 556 4452 θείας
590 4383 944 4450 ἀναστάσεῶς
981 4383 1100 4453 ἐστι
1141 4380 1331 4450 λόγος,
1371 4377 1511 4450 μετά
1535 4377 1635 4448 τῆς
1664 4373 1816 4428 δεού-

226 4469 328 4556 σης
367 4481 512 4536 κατά
539 4480 642 4553 τὴν
666 4478 895 4550 γνώμην
913 4463 1253 4546 οίκονομίας,
1275 4473 1445 4545 ηγουν
1463 4469 1814 4542 διακρίσεως,

1906 3298 2206 3359 pugnatur,
2233 3287 2355 3358 ejus
2369 3284 2482 3339 vim
2517 3297 2738 3342 omnem
2773 3279 3097 3353 cupiditatis
3131 3276 3324 3332 divino
3353 3272 3502 3331 dCSi'.’

1907 3378 2068 3434 derio
2092 3376 2338 3448 aﬁigens.

1980 3562 2069 3617 69.
2106 3560 2294 3625 Fides,
2334 3559 2581 3613 animum
2609 3554 2705 3627 qui
2747 3554 3128 3626 impugnatur,
3161 3561 3379 3624 sperata
3409 3566 3503 3609 εει-ε

1907 3656 2025 3711 lute
2066 3655 2394 3712 roboratum
2437 3653 2673 3721 solatur.
2720 3649 2859 3725 Spes
2902 3657 3114 3712 autem,
3163 3647 3371 3717 ipsum,
3409 3645 3503 3701 cui

1910 3744 2160 3814 adhibita
2208 3743 2383 3808 ﬁdes,
2435 3741 2707 3811 auxilium
2753 3739 2858 3797 sub
2913 3745 3202 3809 aspectum
3255 3751 3501 3807 ponens,

1911 3836 2364 3895 adversariorum
2421 3833 2690 3888 insultum
2742 3830 2994 3901 depellit.
3042 3828 3300 3885 Charitas
3348 3825 3508 3883 deniv

1911 3947 2043 4002 que,
2084 3929 2343 3986 infestam
2392 3926 2642 3981 hostium
2684 3923 2862 3980 aciem
2916 3923 3150 3996 ejusque
3202 3919 3501 3990 impetum,

1913 4022 2194 4079 desiderio
2224 4021 2280 4077 in
2316 4020 2493 4077 Deum
2528 4033 2758 4090 prorsus
2788 4022 3134 4078 enervatum,
3168 4011 3264 4068 Dei
3304 4008 3508 4081 cultori

1913 4131 1979 4170 ac
2008 4114 2268 4184 religioso
2305 4112 2492 4166 animo
2524 4119 2842 4166 emortuum
2877 4107 3028 4162 facit.

1989 4207 2076 4262 70.
2114 4207 2336 4261 Primus
2377 4219 2572 4259 revera
2615 4203 2875 4272 solusque
2906 4199 3108 4254 divina:
3141 4195 3317 4268 partis
3344 4193 3512 4266 (verae

1915 4298 2132 4356 scilicet
2177 4295 2444 4366 scientim)
2489 4294 2658 4359 ﬁlius,
2699 4307 2881 4353 sermo
2911 4289 3038 4353 ﬁdei
3077 4296 3164 4344 est
3208 4286 3410 4342 divina:
3453 4284 3511 4339 in

1916 4391 2080 4450 nobis
2121 4386 2571 4453 resurrectionis,
2605 4400 2733 4447 cum
2763 4382 2981 4447 decenti
3015 4380 3184 4436 animi
3215 4395 3278 4435 ac
3313 4377 3511 4432 volun-

1921 4484 2051 4546 tatis
2084 4480 2506 4553 dispensatione
2543 4477 2621 4550 (id
2661 4485 2766 4544 est,
2799 4467 3135 4540 discretione
3176 4486 3242 4527 ac
3279 4469 3509 4544 judicio)

224 4574 408 4641 καλῶς
429 4574 708 4645 διαφέρων
748 4571 846 4635 τάς
883 4587 946 4624 τε
989 4567 1101 4623 τῶν
1128 4566 1395 4621 ἑκουσίων
1419 4563 1514 4618 καὶ
1543 4560 1802 4617 ἀκουσίωι

1925 4576 2292 4634 tentationum
2326 4572 2568 4628 insultus
2597 4579 2825 4627 strenue
2856 4567 3122 4632 tolerans,
3153 4574 3271 4620 tum
3300 4578 3422 4634 qua:
3447 4576 3514 4616 ex

225 4666 553 4737 πειρασμῶν
584 4665 1000 4727 ἐπαναστάσεις.
1045 4660 1159 4716 Καὶ
1205 4658 1314 4730 γάρ
1351 4656 1548 4730 πρώτη
1597 4657 1655 4709 ὲν
1685 4657 1818 4726 ἡμῖν

223 4759 525 4828 ἀνάστασις
543 4754 638 4825 τοῦ
655 4754 744 4809 διὰ
753 4753 852 4824 τῆς
867 4751 1091 4821 ἀγνοίας
1107 4752 1239 4821 ἡμῖν
1265 4747 1636 4819 νεκρωθέντος
1655 4745 1818 4812 Θεοῦ,

222 4855 257 4924 ἠ
299 4851 485 4915 πίστις
499 4849 640 4916 ἐστὶ,
673 4835 853 4913 καλῶς
893 4849 1006 4912 τοῖς
1027 4844 1211 4924 ἔργοις
1225 4843 1336 4912 τῶν
1354 4839 1586 4911 ἐντολῶν
1615 4841 1818 4893 οίκονο-

229 4923 334 5018 μου
344 4944 500 5017 pem.
991 4924 993 4928 l
1196 4923 1202 4930 ⁸

297 5043 401 5091 οαν.
461 5037 528 5090 Ἦ
563 5037 702 5108 πρὸς
734 5034 868 5089 Θεὸν
915 5032 1244 5106 ἐπιστροφὴ,
1291 5029 1481 5101 σαφῶς
1525 5028 1723 5100 μηνύει
1748 5026 1820 5081 δι’

228 5128 436 5204 ἑαυτῆς
461 5128 554 5182 τὸν
588 5127 964 5199 πληρέστατον
985 5125 1084 5198 τῆς
1115 5124 1265 5187 θείας
1295 5121 1508 5185 ἐλπίδος
1537 5120 1695 5189 λόγον
1725 5118 1818 5190 (j),

227 5216 289 5276 οὗ
313 5222 505 5301 χωρὶς,
536 5219 786 5291 οὐδαμῶς
814 5219 989 5275 οὐδενὶ
1021 5216 1146 5278 καθ’
1167 5217 1347 5284 ὁτιοῦν
1370 5217 1509 5287 πρὸς
1535 5215 1669 5269 Θεὸν
1699 5212 1821 5268 επί-

229 5333 419 5386 νευσις
477 5313 726 5382 γίνεσθαι
777 5313 1044 5380 πέφυκενο
1102 5311 1260 5381 εἴπερ
1314 5307 1530 5371 ἐλπίδος
1573 5307 1726 5370 ἴδιον,
1764 5304 1826 5358 τὸ

230 5407 324 5466 ὑπ’
365 5406 488 5477 ὄψιν
521 5407 678 5475 ἄγειν
699 5404 775 5469 ὡς
803 5403 1051 5477 παρόντα
1077 5403 1148 5476 τά
1178 5402 1465 5486 μέλλονταο
1503 5402 1598 5456 καὶ
1657 5401 1829 5474 μηδαα

305 5565 350 5595 ⁶⁷
383 5565 518 5618 ibid.
551 5564 605 5619 5.
682 5564 726 5595 "
754 5563 888 5618 ibid.
925 5562 1011 5617 16.

302 5683 322 5700 ‘
354 5679 437 5735 Cf.
471 5680 540 5734 ad
569 5679 818 5734 Thalass.
850 5695 904 5749 q.
937 5677 1006 5733 49
1041 5693 1214 5747 usque
1237 5676 1304 5731 ad
1335 5689 1457 5746 cap.
1488 5673 1577 5730 85.

309 5797 375 5865 (j)
403 5798 516 5849 Tc’r
542 5797 965 5864 πληρέστατον
991 5795 1103 5863 τῆς
1132 5796 1296 5861 θείας
1332 5792 1580 5865 ἐλπίδος
1607 5791 1814 5859 λόγον.

236 5863 394 5936 Clara
423 5863 979 5936 Maximisententia;
1017 5867 1222 5923 includi
1247 5863 1678 5922 iucomersiouc
1704 5878 1818 5918 nio-

1920 4669 2244 4732 voluntate,
2291 4673 2409 4720 tum
2458 4678 2581 4735 quae
2629 4661 2890 4717 violentae
2939 4666 3283 4727 externoque
3328 4664 3515 4710 actore

1919 4761 2220 4818 exsistunt.
2253 4758 2439 4820 Prima
2472 4771 2714 4826 namque
2743 4753 2840 4813 Dei
2871 4769 2902 4808 a
2931 4751 3096 4814 nobis
3122 4766 3224 4822 per
3257 4749 3515 4819 ignoran-

1919 4854 2051 4921 tiam
2081 4851 2376 4919 exstincti,
2402 4846 2771 4908 resurrectio,
2809 4843 2948 4900 ﬁdes
2977 4848 3094 4908 est,
3121 4854 3243 4913 qua:
3259 4835 3516 4896 mandata

1922 4960 2087 5016 opere
2119 4939 2431 5015 priestando
2464 4941 2570 4996 rite
2603 4939 2911 5010 digeratur.

1997 5033 2088 5088 Ἡ.
2122 5013 2428 5087 Conversio
2469 5025 2539 5083 ad
2585 5026 2793 5092 Deum,
2835 5022 2922 5079 sui
2970 5020 3088 5092 ipsa
3139 5017 3352 5073 ratione
3396 5013 3516 5085 ple-

1926 5125 2211 5190 nissimam
2259 5129 2448 5193 aperte
2497 5119 2699 5174 divinae
2752 5115 2870 5187 spei
2909 5113 3178 5169 rationem
3219 5106 3514 5180 signiﬁcat,

1928 5219 2048 5276 sine
2075 5231 2183 5286 qua
2215 5228 2499 5284 nunquam
2533 5211 2647 5276 ﬁat,
2675 5217 2737 5263 ut
2769 5207 2897 5279 quis
2935 5205 3048 5260 ulla
3084 5203 3297 5258 ratione
3331 5200 3517 5255 animo

1930 5310 1989 5370 in
2014 5309 2189 5364 Deum
2219 5305 2416 5362 tendat
2439 5304 2603 5374 eique
2635 5301 2922 5357 assentiat.
2955 5297 3015 5352 id
3045 5297 3195 5353 enim
3230 5293 3346 5372 spei
3391 5307 3516 5352 mu-

1931 5399 2084 5457 neris
2129 5404 2236 5464 cst,
2273 5404 2336 5452 ut
2372 5411 2496 5467 quae
2537 5393 2727 5448 futura
2751 5397 2900 5455 sunt,
2934 5397 3194 5460 tanquam
3225 5379 3516 5458 praesentia

1931 5799 2044 5844 tum
2068 5785 2184 5858 spei
2210 5837 2220 5842 _
2242 5785 2388 5856 quod
2413 5794 2469 5838 et
2487 5781 2789 5858 declaravit
2813 5795 2972 5838 conc.
3009 5776 3165 5838 Trid.
3196 5776 3361 5837 Picus
3382 5774 3522 5838 nihil

1929 5852 2298 5929 ὺειιρίλόγον,
2337 5858 2579 5914 animum
2614 5852 2816 5914 reddit.
