4064 6436
453 415 456 418 θ
534 388 678 458 1247

1691 402 1754 464 S.
1795 403 2086 464 MAXIM!
2121 403 2637 469 CGNFESSO'BIS

3668 416 3804 482 1248

535 505 641 562 sub
668 512 951 576 aspectum
981 517 1180 578 ponat;
1209 519 1472 581 certoque
1497 513 1709 569 certius
1735 515 1968 572 suadeat
1999 531 2110 572 non

2218 517 2337 588 μῶς
2374 521 2594 574 ἀπεῖναι
2653 519 2865 576 πείθειν
2905 522 3016 577 τῶν
3076 489 3504 596 πολεμουμένων
3557 529 3664 583 ὗπδ
3699 530 3804 600 τῆς

533 598 729 657 abesse
757 597 928 654 Deum
954 611 1345 672 protectorem,
1377 605 1447 659 ab
1476 605 1564 661 bis
1623 621 1765 676 quos
1801 607 2120 664 adversaria

535 695 784 761 potestas
809 701 1124 761 oppugnet;
1165 691 1237 746 ob
1280 707 1468 761 quem,
1515 709 1584 748 ac
1629 695 1788 764 cujus
1826 710 1992 752 causa
2027 697 2114 752 in-

536 778 686 842 dicta
733 780 947 836 sanctis
983 782 1115 837 belli
1169 785 1471 842 necessitas
1525 792 1631 840 est.
1682 787 1906 856 Absque
1965 789 2119 843 enim

533 868 722 942 aliqua
763 871 852 927 vel
899 871 1109 928 diﬂicili
1156 875 1244 928 vel
1292 875 1444 930 facili
1485 879 1922 946 exspectatione,
1953 895 2118 936 nemo

535 974 780 1030 unquam
806 969 868 1018 ut
899 961 966 1018 ad
991 962 1049 1017 id
1078 964 1227 1034 quod
1253 965 1552 1022 honestum
1581 983 1647 1023 ac
1674 968 1838 1024 cilicii
1871 981 1961 1034 est
1977 986 2118 1029 con-

533 1062 784 1109 vertatur
818 1054 884 1110 in
903 1055 1154 1111 animum
1183 1057 1429 1113 induat.

603 1140 694 1198 72.
718 1136 882 1199 ‘Nibil
914 1144 1099 1214 plane,
1131 1162 1228 1202 eos
1261 1149 1355 1218 qui
1397 1149 1632 1220 dispersi
1669 1160 1828 1220 sunt,
1851 1155 1933 1210 sic
1963 1157 2121 1212 colli-

529 1229 614 1300 git
664 1247 730 1290 ac
775 1237 1080 1303 consociat,
1119 1255 1394 1311 unamque
1443 1242 1528 1298 eis
1567 1243 1723 1315 551
1776 1247 2121 1306 voluntatem

531 1325 854 1382 concordia:
885 1343 1034 1385 nexu
1061 1330 1290 1401 aspirat,
1316 1349 1381 1388 ac
1410 1334 1673 1402 eharitas,
1709 1339 1866 1407 cujus
1905 1340 2121 1412 insigne

533 1425 602 1466 ac
643 1421 805 1479 nota,
848 1417 997 1486 paris
1038 1417 1328 1488 dignitatis
1375 1421 1546 1478 decus
1585 1432 1689 1480 est.
1730 1425 1888 1491 Quod
1933 1429 2119 1500 itaque

531 1503 708 1558 animi
749 1503 1040 1564 facultates
1087 1509 1252 1580 (ratio
1293 1512 1530 1576 scilicet,
1557 1515 1750 1586 iraque
1797 1527 1854 1574 et
1897 1522 2118 1590 cupidi-

535 1593 644 1664 tas)
679 1596 826 1652 circa
874 1599 1061 1654 divina
1102 1601 1162 1655 in
1200 1618 1372 1659 unum
1412 1616 1837 1678 congregemur,
1875 1612 2120 1671 Charitas

538 1685 595 1739 in
630 1700 797 1742 causa
827 1697 944 1756 est;
990 1707 1119 1760 qua,
1153 1693 1249 1762 qui
1280 1694 1392 1764 jam
1430 1711 1556 1752 eam
1584 1713 1708 1752 cum
1743 1701 1854 1757 Deo
1892 1702 2121 1760 honoris

531 1775 907 1846 xequalitatem
960 1795 1059 1848 per
1105 1781 1338 1850 gratiam
1377 1788 1664 1842 consecuti
1709 1799 1867 1855 sunt,
1908 1793 2121 1850 indele-

492 1109 507 1148 ί

2216 608 2602 678 ἀντικειμένης
2645 609 2960 680 δυνάμεως,
2997 609 3086 664 τδν
3135 613 3585 684 ὐπερασπίζοντα
3631 615 3797 672 Θεόνο

2221 698 2365 769 ὑπὲρ
2391 696 2484 766 οῦ,
2515 703 2612 756 καὶ
2659 702 2728 756 δι’
2760 703 2820 756 ὃν
2871 703 3051 772 ἁγίοις
3097 705 3127 758 6
3159 704 3418 776 πόλεμος.
3469 707 3660 778 Χωρὶς
3689 709 3806 780 γάρ

2215 807 2366 854 τινος
2403 792 2731 862 προσδοκίας
2765 795 2798 865 ἢ
2830 793 3124 865 δυσχεροῦς
3237 797 3519 869 εὐχεροῦς,
3547 801 3803 873 ἐπιστρο-

2218 882 2294 952 φὴ
2315 882 2451 954 πρὸς
2477 883 2541 936 τὺ
2569 883 2734 938 καλὸν
2760 885 2938 938 οὐδενί
2970 901 3102 940 ποτε
3141 887 3356 957 πέφυκε
3383 887 3655 956 γίνεσθαι.

2288 1161 2386 1232 οβ’.
2433 1161 2600 1216 Οὐδὲν
2635 1162 2806 1226 δντως
2831 1162 3006 1229 οὕτως
3027 1165 3103 1230 ὡς
3132 1169 3165 1237 ἡ
3203 1168 3393 1238 ἀγάπη
3425 1169 3649 1238 συνάγει
3672 1170 3808 1232 τοὺς

2219 1254 2726 1325 ἐσκορπισμένους,
2778 1256 2872 1309 καὶ
2931 1257 3060 1326 μίαν
3090 1259 3276 1321 αὐτοῖς
3330 1259 3664 1330 δημιουργεῖ
3701 1259 3808 1329 τὴν

2218 1345 2448 1415 γνώμην
2494 1345 2772 1417 συμπνοίᾳ
2813 1348 3212 1420 κρατουμένην,
3262 1345 3331 1422 ἦς
3384 1345 3707 1420 χαρακτὴρ,
3743 1351 3810 1402 τδ

2217 1437 2318 1507 τῆς
2346 1438 2618 1508 ἰσοτιμίας
2649 1439 2957 1510 καθέστηκε
3011 1441 3226 1505 κάλλος.
3274 1441 3486 1495 Οὐκοῦν
3517 1443 3616 1512 τῆς
3662 1443 3808 1497 κατὰ

2218 1525 2282 1578 τὸ
2301 1526 2436 1579 αὐτὸ
2461 1527 2589 1596 περὶ
2613 1526 2684 1580 τά
2706 1527 2824 1580 θεῖα
2859 1527 3182 1598 συναγωγῆς
3209 1546 3269 1582 τε
3301 1531 3395 1583 καὶ
3421 1529 3670 1592 ἐνὼσεως
3691 1528 3808 1583 τῶν

2219 1615 2468 1686 ψυχικῶν
2499 1617 2801 1686 δυνάμεων’
2836 1619 3109 1681 τουτέστι,
3135 1619 3238 1688 τῆς
3262 1619 3490 1691 λογικῆς
3522 1622 3622 1674 καὶ
3648 1621 3807 1690 θυμι-

2222 1707 2325 1776 κῆς
2354 1708 2447 1760 καὶ
2476 1708 2914 1780 ἐπιθυμητικῆς,
2959 1711 2992 1781 ἠ
3025 1710 3214 1780 ἀγάπη
3253 1710 3562 1783 καθέστηκε
3607 1713 3805 1782 γέννη-

2227 1815 2323 1867 μα·
2381 1798 2507 1853 καθ’
2550 1801 2618 1870 ἢν
2653 1799 3026 1869 ἐγγράφοντες
3065 1805 3132 1872 τῇ
3177 1803 3368 1872 μνήμῃ
3407 1802 3470 1856 τὸ
3508 1803 3612 1872 τῆς
3650 1801 3808 1866 θείας

534 1864 704 1922 bilem
751 1869 952 1925 divina:
1000 1871 1316 1931 dilectionis
1363 1877 1758 1946 cupiditatem,
1808 1883 2112 1943 immortale

2221 1856 2554 1960 ἑδραιότητος
2573 1856 2584 1870 ’
2604 1856 2820 1957 κάλλος,
2845 1856 2920 1945 ὀί
2948 1856 3024 1944 τε
3069 1856 3312 1962 eam;
3342 1856 3465 1964 ’ἢδη
3503 1856 3642 1965 πρδς
3669 1856 3808 1947 εεδηὶ

534 1959 708 2018 decus
711 1965 1133 2035 ,perscribeutis
1165 1983 1228 2023 ac
1255 1970 1534 2027 exarantis
1567 1972 1626 2026 in
1661 1974 1915 2046 principe
1943 1979 2114 2035 animi

531 2059 689 2122 parte
720 2050 797 2123 (id
830 2061 934 2121 εει,
967 2056 1172 2125 mente)
1209 2056 1440 2114 habent.

600 2318 688 2376 73.
736 2320 892 2378 Mens
934 2313 1117 2381 omnis
1151 2325 1341 2384 divino
1386 2331 1636 2388 accincta
1678 2335 1901 2403 robore,
1941 2339 2114 2396 veluti

533 2411 785 2469 seniores
835 2415 1103 2486 quosdam
1151 2405 1236 2474 ac”
1269 2420 1470 2486 duces,
1516 2433 1632 2480 tum
1680 2429 1912 2486 rationis
1951 2431 2117 2489 habet

533 2501 852 2560 facultatem
891 2506 980 2576 (ex
1026 2524 1133 2578 qua
1180 2509 1317 2566 ﬁdes
1374 2517 1490 2584 ipsa
1539 2515 1704 2575 docta
1753 2521 2113 2594 sapiensque,

524 2582 643 2667 .qua
675 2612 895 2668 semper
931 2601 1104 2656 Deum
1150 2618 1351 2658 arcana
1392 2607 1604 2662 ratione
1644 2620 1969 2677 praesentem
2017 2613 2117 2668 do-

531 2699 716 2754 cetur,
755 2691 983 2762 speique
1033 2710 1264 2750 munere
1311 2697 1391 2751 sic
1425 2713 1550 2752 cum
1595 2699 1799 2757 futuris
1835 2715 2113 2770 versatur,

528 2793 596 2834 ac
632 2779 676 2834 si
703 2782 820 2852 jam
846 2793 1049 2851 praesto
1079 2786 1311 2857 essent),
1360 2795 1477 2842 tum
1509 2791 1828 2860 cupiditatis
1875 2792 2002 2863 (qua
2026 2795 2113 2848 di-

531 2869 660 2924 vina
699 2872 956 2926 consistit
996 2873 1243 2941 dilectio,
1270 2893 1488 2948 quaque
1531 2888 1726 2950 sponte
1775 2883 2114 2944 intemeratae

531 2959 756 3019 deitatis
785 2963 1064 3021 desiderio
1107 2966 1342 3037 aﬂixam,
1387 2970 1756 3027 immortalem
1813 2975 2111 3034 desiderati

524 3061 696 3132 atque
721 3057 1300 3129 amatiappetitionem
1350 3071 1513 3118 nacta
1554 3065 1657 3134 est)
1706 3067 1776 3121 ad
1803 3068 1920 3124 haec
1946 3071 2110 3126 etiam

2217 1981 2310 2035 διά
2353 1982 2452 2051 τῆς
2499 1982 2727 2054 χάριτος
2758 1984 3142 2053 κομισάμενοι,
3186 1985 3546 2054 ἀνεπίληπτον
3594 1986 3806 2055 ἔχουσι·

2218 2076 2316 2145 τῆς
2346 2074 2764 2147 τῷοήγεμονικῷ
2793 2077 2892 2146 τῆς
2917 2076 3098 2148 imi;
3121 2077 3809 2149 ὑπομνηματοτραφοὺσης

2217 2182 2277 2218 τε
2327 2167 2422 2219 καὶ
2454 2166 2790 2238 ἐντυπούσης
2826 2168 2887 2220 τδ
2916 2169 3193 2222 ἀκήρατον
3243 2169 3471 2234 κάλλος,
3526 2169 3626 2239 τῆς
3654 2169 3808 2232 θείας

2217 2257 2439 2325 ἀγάπης
2485 2257 2578 2327 τὴν
2611 2256 2818 2321 ἔφεσιν.

2286 2355 2386 2416 ογ’.
2426 2349 2539 2411 Πᾶς
2567 2347 2689 2412 νοῦς
2721 2347 2852 2419 θείῳ
2903 2348 3098 2418 κράτει
3127 2347 3514 2417 διεζωσμένος,
3548 2349 3808 2418 καθάπερ

2218 2441 2625 2510 πρεσϐυτέρους
2654 2443 2809 2505 τινὰς
2843 2442 2936 2496 καὶ
2975 2441 3244 2511 ἄρχοντας
3289 2440 3576 2511 κέκτηται,
3612 2442 3715 2511 τήν
3748 2456 3809 2492 τε

2216 2532 2442 2602 λογικὴν
2478 2532 2728 2603 δύναμιν,
2765 2533 2822 2599 ἐξ
2872 2527 2941 2604 ἧς
2965 2534 3002 2604 ἡ
3037 2531 3316 2601 γνωστικὴ
3369 2531 3668 2600 γεννᾶσθαι
3705 2530 3807 2583 πέ-

2217 2641 2356 2691 φυκε
2391 2625 2596 2688 πίστις,
2629 2623 2749 2676 καθ’
2771 2623 2838 2696 ἢν
2866 2625 2954 2677 ἀεὶ
2985 2622 3235 2693 παρόντα
3263 2621 3354 2675 τὸν
3377 2622 3510 2674 Θεὸν
3548 2621 3810 2692 ἀρρήτως

2217 2717 2555 2779 διδάσκεται,
2604 2719 2701 2769 καὶ
2742 2717 2819 2780 ὡς
2853 2716 3092 2788 παροῦσι
3130 2715 3446 2784 συγγίνεται
3468 2713 3562 2767 διὰ
3592 2713 3694 2782 τῆς
3721 2709 3813 2766 ἐλι-

2215 2808 2368 2872 πίδος
2397 2810 2512 2872 τοῖς
2559 2809 2850 2878 μέλλουσι·
2883 2808 2979 2861 καὶ
3028 2807 3132 2879 τὴν
3183 2804 3596 2875 ὲπιθυμητικὴν
3641 2803 3812 2858 δύνα-

2219 2915 2332 2968 μιν,
2393 2898 2518 2952 καθ’
2575 2898 2644 2970 ἢν
2695 2900 2728 2970 ἡ
2781 2897 2902 2951 θεία
2954 2898 3290 2968 συνέστηκεν
3335 2899 3577 2968 ἀγάπη.
3620 2896 3688 2952 δι’
3740 2896 3814 2967 ἢν

2216 2992 2484 3052 ἑκουσίως
2531 2990 2890 3060 προσηλώσας
2922 2989 3002 3060 τῷ
3040 2991 3199 3068 πόθῳ
3241 2991 3344 3061 τῆς
3368 2990 3654 3061 ἀκηράτου
3684 2988 3814 3044 θεό-

2214 3097 2395 3145 τητος,
2433 3080 2631 3134 ἄλυτον
2666 3080 2781 3150 ἔχει
2821 3078 2920 3134 τοῦ
2956 3080 3294 3151 ποθουμένου
3340 3083 3445 3151 τὴν
3473 3081 3684 3149 ἔφεσιν
3725 3080 3813 3136 ἔτι

519 3143 629 3225 ira:
653 3143 996 3214 facultatem,
1023 3166 1132 3222 qua
1169 3151 1411 3206 divinam
1444 3155 1730 3212 mordicus
1765 3174 1956 3228 pacem
1992 3176 2110 3216 am-

2219 3143 2326 3239 μῆν
2355 3143 2451 3222 καὶ
2476 3169 2575 3238 τὴν
2605 3143 2844 3240 θυμικὴν
2888 3143 3153 3242 δύναμιν,
3199 3170 3325 3224 καθ’
3373 3143 3441 3240 ἦν
3487 3143 3664 3242 άπρὶξ
3703 3171 3810 3241 τῆς

529 3237 816 3312 plectitur,
851 3243 1164 3315 astringens
1210 3245 1265 3299 in
1311 3247 1563 3302 divinum
1609 3265 1854 3305 amorem
1891 3249 2107 3323 cupidi-

521 3312 660 3386 tatis
709 3339 943 3387 motum.
1001 3334 1110 3389 Has
1159 3351 1328 3405 porro
1374 3339 1522 3394 vires
1574 3355 1730 3396 mens
1779 3345 1996 3409 omnis,
2043 3345 2111 3400 ad

524 3422 864 3479 abolendum
887 3425 1085 3480 vitium
1111 3428 1573 3500 statuendamque
1595 3441 1650 3486 et
1674 3425 2114 3492 Conservandani

525 3513 811 3583 \irtutem,
841 3533 1117 3590 propense
1149 3519 1454 3591 adiutrices
1483 3523 1672 3579 habet.

597 3694 686 3749 ⁵14.
722 3691 949 3767 Absque
996 3697 1050 3751 vi
1098 3699 1352 3766 rationis,
1397 3717 1511 3757 non
1551 3711 1636 3758 est
1681 3703 1913 3762 scientia
1955 3724 1969 3762 :
2011 3723 2114 3764 nec

524 3780 649 3842 line
671 3783 905 3840 scientia
935 3787 1191 3843 consistit
1222 3789 1380 3855 fides,
1433 3805 1501 3845 ex
1530 3807 1638 3860 qua
1666 3808 1792 3863 spes
1817 3791 2112 3864 pulchrum

518 3864 759 3949 ~germen
788 3877 1072 3946 procedit;
1100 3893 1200 3948 per
1221 3895 1386 3948 quam
1417 3880 1621 3949 ﬁdelis,
1651 3884 1732 3938 sic
1757 3900 1882 3940 cum
1909 3885 2114 3943 futuris

521 3966 904 4038 congreditur,
945 3983 1011 4023 ac
1057 3970 1103 4024 si
1158 3973 1455 4042 praesentia
1502 3984 1710 4030 essent.
1760 3977 1890 4032 Sine
1943 3979 2112 4035 etiam

522 4055 852 4126 cupiditatis
885 4059 962 4123 vi,
990 4076 1103 4117 non
1143 4063 1402 4119 consistit
1439 4065 1779 4122 desiderium
1808 4083 1906 4124 seu
1935 4086 2109 4138 amor,

518 4147 684 4219 cujus
743 4149 990 4206 cbaritas
1041 4162 1097 4210 et
1153 4152 1378 4209 dilectio
1430 4156 1556 4211 ﬁnis
1614 4160 1850 4215 exsistit.
1910 4163 2111 4221 Amare

516 4223 667 4294 enim
700 4239 934 4310 aliquid,
966 4244 1251 4312 proprium
1277 4253 1362 4298 est
1394 4248 1732 4315 cupiditatis.
1762 4250 1984 4322 Absque
2015 4255 2111 4310 irae

519 4329 653 4385 item
688 4330 972 4397 facultate,
1004 4348 1127 4402 quae
1169 4335 1534 4404 cupiditatem
1579 4337 1634 4393 in
1673 4342 1792 4412 ejus
1830 4343 1978 4412 quod
2015 4343 2112 4399 de-

517 4417 693 4477 lectat
739 4422 946 4478 unione
984 4424 1230 4490 roborct,
1257 4441 1362 4495 pax
1404 4429 1709 4486 consistere
1747 4449 1856 4488 non
1886 4445 2103 4506 potest;

2213 3259 2361 3322 θείας
2391 3259 2619 3331 εἰρήνης
2659 3261 2972 3332 ἀντέχεται,
3019 3261 3335 3330 ἐπιστύφων
3365 3261 3505 3332 πρὸς
3534 3262 3629 3316 τὸν
3661 3262 3809 3315 θεῖον

2213 3349 2394 3421 ἔρωτα
2438 3351 2537 3421 τῆς
2576 3350 2877 3422 ἐπιθυμίας
2919 3352 3017 3422 τὴν
3052 3352 3289 3422 κίνησιν.
3341 3351 3560 3415 Ταύτας
3597 3351 3655 3403 δὲ
3691 3351 3810 3422 ἔχει

2211 3443 2310 3505 τὰς
2339 3442 2599 3514 δυνάμεις
2645 3445 2754 3507 πᾶς
2792 3443 2938 3508 νοῦς,
2980 3443 3349 3515 συνεργούσας
3394 3443 3546 3514 αὐτῷ
3578 3443 3716 3514 πρός
3745 3459 3808 3496 τε

2211 3536 2310 3607 τὴν
2337 3536 2440 3605 τῆς
2467 3535 2666 3599 κακίας
2698 3534 3043 3606 καθαίρεσιν,
3074 3535 3177 3590 καὶ
3199 3535 3300 3606 τὴν
3327 3534 3430 3606 τῆς
3471 3535 3675 3606 ἀρετῆς
3710 3533 3808 3587 σύ-

2215 3628 2407 3684 στασίν
2434 3645 2495 3682 τε
2530 3627 2628 3683 καὶ¹
2661 3629 3022 3698 συντήρησιν.

2281 3721 2373 3775 οδ’.
2407 3720 2542 3791 Λίχα
2573 3719 2799 3790 λογικῆς
2823 3720 3132 3790 δυνάμεως,
3154 3718 3564 3790 ἐπιστημονικὴ
3600 3719 3806 3789 γνῶσις

2213 3815 2312 3869 οὐκ
2336 3815 2474 3868 ἔστι·
2505 3813 2610 3873 και
2639 3811 2896 3882 γνώσεως
2931 3813 3122 3884 χωρὶς,
3153 3811 3214 3864 οὐ
3245 3809 3565 3865 συνίσταται
3595 3811 3802 3876 πίστις,

2211 3907 2304 3978 ἀφ’
2327 3904 2395 3979 ἦς
2417 3908 2479 3962 τὸ
2504 3907 2670 3962 καλὸν
2693 3905 2943 3976 γέννημα
2993 3905 3242 3976 πρόεισιν
3272 3904 3308 3972 ἠ
3357 3903 3536 3969 ἐλπὶς,
3571 3903 3699 3958 καθ’
3736 3903 3802 3973 ἢν

2211 4004 2288 4064 ὡς
2314 4001 2551 4071 παροῦσι
2588 3999 2908 4068 συγγίνεται
2929 3999 3042 4059 τοῖς
3072 3995 3367 4067 μέλλουσιν
3395 3996 3424 4050 ὁ
3452 3995 3668 4059 πιστός.
3692 3994 3802 4048 Καὶ

2211 4088 2335 4158 δίχα
2365 4090 2466 4158 τῆς
2503 4086 2626 4141 κατ’
2674 4085 2974 4155 ἐπιθυμίαν
3020 4084 3328 4156 δυνάμεως.
3378 4084 3439 4136 οὐ
3481 4084 3799 4160 συνίσταται

2223 4179 2410 4244 πόθος,
2440 4173 2506 4233 οὗ
2542 4178 2701 4241 τέλος
2747 4179 2896 4231 ἐστὶν
2921 4179 2954 4246 ἡ
2994 4176 3206 4248 ἀγάπη.’
3230 4175 3292 4228 τὸ
3312 4175 3420 4248 γὰρ
3449 4176 3582 4248 ὲρᾷν
3631 4192 3798 4239 τινος,

2213 4271 2348 4325 ἴδιόν
2385 4274 2535 4324 ἐστιν
2563 4270 2884 4341 ἐπιθυμίας.
2941 4267 3054 4322 Καὶ
3085 4267 3210 4335 δίχα
3246 4267 3490 4338 θυμικῆς
3513 4267 3802 4337 δυνάμεως

2210 4359 2512 4430 νευρούσης
2539 4359 2638 4430 τὴν
2685 4357 2983 4428 ἐπιθυμίαν
3018 4356 3156 4427 πρὸς
3201 4354 3299 4426 τὴν
3344 4352 3439 4407 τοῦ
3475 4354 3634 4424 ἡδέος
3665 4354 3801 4406 ἕνω-

2214 4465 2320 4509 σιν,
2355 4447 2611 4518 οὐδαμῶς
2649 4445 2903 4515 γίνεσθαι
2934 4445 3181 4514 πέφυκεν
3222 4445 3437 4516 είρήνηέ
3474 4444 3634 4510 εἴπερ
3666 4441 3798 4510 άληο

515 4511 798 4581 siquidem
827 4528 957 4568 vere
990 4531 1116 4585 pax,
1147 4518 1445 4587 tranquilla
1486 4528 1544 4574 et
1585 4522 1891 4592 inturbata,
1921 4529 2110 4599 plena-

2216 4540 2323 4603 θῶς
2367 4511 2562 4612 εἰρήνη
2605 4511 2755 4594 ἐστίν
2785 4542 2818 4610 ὴ
2870 4511 3230 4608 ἁνενᾶχλητος
3277 4511 3373 4589 καὶ
3400 4511 3677 4606 παντελὴς
3705 4531 3796 4586 τοῦ

515 4619 629 4678 que
663 4619 728 4660 ac
756 4604 989 4677 integra,
1015 4609 1137 4680 ejus
1163 4611 1311 4684 quod
1335 4609 1585 4685 jucunde
1609 4615 1796 4685 adicit,
1822 4622 2104 4690 possessio

516 4704 626 4751 est.
1943 4708 1947 4714 ’

515 4785 519 4788 ’
590 4787 680 4844 75.
714 4786 922 4845 Caveat
943 4805 1170 4850 necesse
1197 4804 1302 4861 est,
1328 4797 1420 4867 qui
1448 4799 1684 4855 necdum
1714 4802 1783 4857 ab
1812 4804 2104 4864 affectibus

517 4885 686 4947 atque
737 4879 892 4935 vitiis
943 4883 1280 4940 emundatus
1334 4899 1453 4953 est,
1503 4893 1810 4949 naturalem
1867 4897 2105 4970 attingat

515 4969 988 5041 speculationem,
1039 4975 1113 5032 ob
1156 4992 1350 5032 earum
1397 4997 1582 5036 rerum
1629 4984 1946 5053 simulacra,
1980 4969 2104 5060 quae

513 5076 744 5119 sensum
782 5075 1032 5132 movent,
1060 5080 1402 5141 possuntque
1438 5073 1562 5145 ejus
1597 5076 1842 5133 animum
1875 5081 1942 5137 ad
1974 5083 2104 5138 libi-

511 5153 705 5211 dinem
733 5155 1056 5226 informare,
1085 5162 1179 5230 qui
1214 5163 1450 5219 necdum
1488 5169 1735 5237 perfecte
1779 5172 1849 5228 ab
1888 5175 2102 5231 aﬂ'ecti-

514 5245 621 5302 bus
643 5247 914 5308 liberatus
942 5251 1034 5312 sit.
1072 5253 1205 5320 Quae
1230 5256 1381 5312 enim
1406 5275 1584 5328 mens,
1619 5271 1682 5317 ut
1705 5281 1929 5322 sensum
1960 5269 2104 5323 mul,

510 5347 670 5408 ceat,
737 5343 1031 5401 sensilium
1101 5363 1288 5405 rerum
1353 5354 1744 5424 conspectibus
1804 5360 2100 5432 cogitando

513 5430 865 5507 immoratur,
902 5438 1317 5498 immundorum
1358 5444 1657 5504 affectuum
1697 5467 1762 5506 ac
1792 5430 2098 5508 libidinum

2207 4631 2550 4703 καταθυμίου
2579 4633 2929 4702 κατάσχεσις.

2277 4810 2371 4868 σε’.
2417 4812 2496 4867 Οὐ
2543 4810 2627 4868 δεῖ
2650 4812 2748 4864 τὸν
2770 4811 2848 4882 μὴ
2894 4810 3162 4882 πρότερον
3193 4810 3538 4884 καθαρθέντα
3581 4809 3791 4875 παθῶν,

2209 4903 2446 4974 φυσικῆς
2488 4902 2759 4957 ἅπτεσθαι
2812 4902 3082 4974 θεωρίας,
3131 4904 3222 4958 διὰ
3269 4903 3370 4966 τὰς
3414 4902 3635 4967 εἰκόνας
3687 4901 3792 4957 τῶν

2209 4994 2508 5067 αίσθητῶν,
2547 4995 2854 5067 δυναμένας
2889 4995 3136 5050 τυπῶσαι
3181 4995 3319 5068 πρὸς
3347 4995 3521 5061 πάθος
3549 4995 3646 5049 τὸν
3669 4995 3790 5049 νοῦν

2208 5084 2303 5139 τοῦ
2337 5085 2415 5157 μὴ
2455 5081 2680 5149 τελείως
2710 5084 3115 5152 ἀπαλλαγέντος
3149 5085 3358 5138 παθῶν.
3415 5084 3476 5139 '0
3504 5084 3617 5158 γὰρ
3647 5084 3786 5140 κατὰ

2207 5179 2509 5248 φαντασίαν
2541 5180 2662 5242 ταῖς
2691 5177 3040 5248 ἐπιφανείαις
3079 5177 3187 5230 τῶν
3215 5176 3490 5250 αἰσθητῶν
3519 5178 3785 5248 ἐναπομέ-

2204 5285 2310 5322 νων
2341 5268 2431 5323 διὰ
2463 5267 2562 5338 τὴν
2609 5265 2860 5338 αἴσθησιν
2901 5264 3044 5330 νοῦς,
3087 5264 3414 5337 ἀκαθάρτων
3439 5264 3651 5334 γίνεται
3680 5281 3782 5320 παι

2203 5359 2314 5413 θῶν
2340 5359 2692 5430 δημιουργὸς,
2722 5358 2809 5413 διὰ
2832 5357 3066 5430 θεωρίας
3094 5357 3231 5429 πρὸς
3255 5357 3323 5412 τά
3354 5357 3594 5430 συγγενῆ
3621 5355 3779 5425 νοητὰ

2205 5453 2282 5524 μὴ
2312 5451 2607 5523 δυνάμενος
2640 5449 2909 5522 διαϐῆναι.

512 5545 616 5588 seu
639 5532 900 5592 vitiorum
927 5538 1128 5596 artifex
1151 5542 1423 5613 edicitur;
1457 5546 1589 5603 dum
1618 5561 1818 5618 nempe
1847 5547 1949 5613 illi,
1991 5549 2326 5620 speculando
2353 5547 2422 5602 ad
2457 5545 2637 5601 aﬂinia
2669 5546 3036 5620 intelligibilia
3068 5544 3304 5613 transire
3330 5560 3442 5600 non
3471 5544 3654 5600 datur.

585 5646 748 5721 552
783 5651 875 5709 76.
923 5653 1028 5722 Qui
1070 5661 1586 5728 perturbationibus
1620 5672 1789 5736 atque
1825 5665 1976 5724 vitiis
2019 5665 2103 5723 in-

592 5823 609 5842 ⁶
645 5819 728 5876 Cf.
759 5823 856 5879 ad.
891 5826 1139 5885 'l'balass.
1172 5849 1223 5902 q.
1261 5833 1345 5888 69.

2281 5663 2391 5731 oc'.
2430 5667 2454 5726 ⁸,
2490 5663 2548 5721 ’θ
2576 5664 2641 5722 ἐν
2669 5663 2847 5737 καιρῷ
2872 5664 2972 5737 τῆς
3003 5662 3114 5719 τῶν
3146 5660 3334 5718 παθῶν
3359 5657 3772 5721 ἐπαναστάσεως
