4064 6466
279 440 416 509 1265

941 440 1275 503 CAPITUM
1312 439 1736 514 QUINQUIES
1773 434 2292 501 CENTKNORUM
2329 436 2718 499 CENTURIA
2756 436 2872 497 ιιι.

3384 430 3521 495 1266

346 559 443 622 ιγ’.
479 548 645 623 Ὅρον
668 552 763 606 καὶ
788 550 952 621 νόμον
979 550 1358 623 ἐνυπάρχοντα
1379 553 1524 606 θεῖον
1551 554 1667 617 τοῖς
1692 546 1846 605 οὖσιν

2022 548 2108 603 l3.
2139 550 2401 622 Regulam
2433 551 2716 621 legemque
2746 547 2987 602 divinam
3015 547 3181 602 rebus
3211 548 3388 603 inesse
3416 548 3521 604 sci-

276 644 461 714 ἴσμεν,
511 644 610 713 τὴν
652 642 761 695 τῶν
815 641 987 696 ὄντων
1030 642 1355 711 συνεκτικὴν
1390 644 1671 715 πρόνοιαν,
1707 640 1850 696 κατά

277 734 460 807 κρίσιν
503 734 720 790 δικαίαν
744 736 811 805 τῇ
843 734 1037 788 σπάνει
1079 734 1187 789 τῶν
1229 734 1453 805 ἀγαθῶν
1484 734 1851 789 παιδεύουσαν

275 825 417 897 πρὸς
442 825 897 899 εὐγνωμοσύνην,
924 828 1049 889 τοὺς
1078 827 1171 879 ἐπὶ
1212 827 1278 897 τῇ
1323 825 1554 897 ἀφθονίᾳ
1581 824 1690 878 τῶν
1715 824 1852 892 ἀγα-

277 917 391 971 θῶν
412 917 549 989 πρὸς
577 917 669 971 τὸν
692 916 898 989 ταύτης
928 918 1164 989 χορηγὸν
1199 917 1469 988 φανέντας
1500 914 1850 985 ἀγνώμονας.

273 1009 368 1062 διὰ
388 1009 499 1063 τῶν
525 1008 787 1063 ἐναντίων
811 1010 1009 1073 αὐτοὺς
1040 1009 1177 1079 πρὸς
1224 1006 1580 1078 συναίσθησιν
1610 1006 1853 1074 ἄγουσαν

276 1101 380 1170 τῆς
410 1099 504 1152 τοῦ
553 1098 914 1181 χαριζομένου
948 1099 1016 1153 τὰ
1060 1099 1200 1153 καλά
1243 1097 1615 1167 διαγνώσεως.
1650 1096 1717 1151 Ἡ
1763 1091 1852 1150 ἐπ’

274 1194 448 1263 ἀρετῇ
476 1192 586 1262 γὰρ
628 1192 828 1262 οίησις,
861 1189 1325 1261 ἀπαιδαγωγητος
1374 1191 1634 1261 μένουσα,
1668 1188 1730 1242 τὸ
1754 1189 1854 1259 τῆς

275 1284 660 1356 ὑπερηφανίας
696 1285 894 1355 γεννᾷν
933 1283 1146 1353 πέφυκε
1195 1285 1429 1355 νόσημα,
1469 1281 1532 1337 τὸ
1573 1281 1675 1354 τὴν
1701 1282 1852 1336 ἀντι-

276 1376 542 1447 κειμένην
567 1375 646 1448 τῷ
670 1375 792 1448 Θεῷ
817 1377 984 1449 φίρον
1003 1375 1264 1432 διάθεσιν.

352 1556 438 1612 ιδ’.
471 1556 530 1610 ’0
559 1556 807 1625 οίόμενος
838 1556 1032 1611 ἑαυτὸν
1063 1556 1453 1628 κατειληφέναι
1482 1556 1545 1610 τδ
1577 1555 1731 1621 τέλος
1753 1556 1855 1626 τῆς

280 1647 508 1721 ἀρετῆς,
541 1649 796 1721 οὐδαμῶς
839 1649 1067 1722 ζητήσει
1113 1649 1300 1704 λοιπον
1327 1638 1428 1721 τὴν
1471 1650 1715 1720 πηγαίαν
1742 1650 1853 1704 τῶν

279 1741 465 1796 καλῶν
495 1743 697 1805 αἰτίαν,
718 1741 901 1813 ἐαυτῷ
931 1741 1079 1813 μόνῳ
1103 1741 1455 1813 περιγράψας
1483 1741 1584 1813 τὴν
1606 1741 1707 1812 τῆς
1733 1743 1855 1810 ἐφί-

280 1849 425 1898 σεως
444 1832 697 1903 δύναμιν,
741 1835 837 1888 καὶ
864 1834 1028 1887 αὐτὸν
1056 1836 1156 1906 τῆς
1184 1833 1461 1905 σωτηρίας
1486 1834 1578 1888 τον
1600 1835 1726 1906 ὅρον
1758 1832 1849 1902 ὑφ’

276 1888 504 1986 ἑαυτοῦ,
537 1888 771 1996 φῆμίδδ
804 1925 897 1978 τὸν
939 1924 1093 1990 Θεὸν,
1113 1888 1506 1997 ’ζημιοὲμενὶς
1542 1888 1646 1997 (a3):
1686 1888 1744 1980 ὀ
1791 1888 1851 1980 ἐι
1884 1888 1927 1946 ⁵

279 2015 387 2083 τῆς
433 2014 627 2068 ἑαυτοῦ
674 2016 805 2087 περὶ
853 2015 924 2069 τὰ
961 2016 1101 2071 καλά
1146 2019 1383 2089 φυσικῆς
1428 2017 1854 2088 συναισθόμενος

282 2104 498 2168 πενίας,
538 2105 600 2159 οὐ
641 2105 871 2159 παύεται
906 2107 1290 2180 προτροπάδην
1326 2109 1540 2180 τρέχων
1579 2108 1730 2180 πρὸς
1763 2109 1855 2163 τὸν

280 2192 471 2249 δοῦναι
491 2195 793 2266 δυνάμενον
813 2198 915 2268 τῆς
948 2198 1157 2263 ἐνδείας
1187 2198 1287 2270 τὴν
1310 2199 1613 2272 πλήρωσιν.

361 2291 444 2338 ιε’.
473 2285 535 2338 ὐ
563 2286 662 2356 τὴν
688 2287 943 2358 ἀπειρίαν
966 2288 1066 2359 τῆς
1081 2288 1280 2359 ἀρετῆς
1304 2289 1575 2358 διαγνοὺς,
1599 2290 1858 2344 οὐδέποτε

284 2377 384 2431 τοῦ
433 2379 554 2433 κατ’
596 2378 765 2451 αὐτὴν
799 2380 1036 2435 παύεται
1072 2382 1309 2452 δρόμου,
1343 2382 1430 2436 ῐνα
1481 2383 1557 2454 μὴ
1604 2383 1857 2454 ζημιωθῇ

284 2469 460 2542 αὐτὴν
484 2470 585 2541 τῆς
602 2472 811 2543 ἀρετῆς
824 2473 924 2541 τὴν
958 2473 1133 2545 ἀρχὴν
1172 2474 1268 2529 καὶ
1292 2475 1356 2528 τὸ
1384 2476 1560 2539 τέλος,
1587 2476 1680 2531 τὸν
1729 2477 1861 2532 Θεὸν

162 2558 173 2567 “
285 2561 459 2631 λέγω.
488 2565 621 2635 περὶ
648 2564 840 2619 ἑαυτὸν
862 2567 1065 2639 στήσας
1091 2569 1190 2639 τὴν
1222 2569 1441 2640 κίνησιν
1467 2572 1568 2641 τῆς
1600 2571 1859 2641 ἐφέσεως·

289 2655 391 2709 καὶ
421 2653 557 2727 λάθῃ
577 2657 814 2727 νομίζων
843 2657 1168 2730 ἐπειλῆφθαι
1192 2661 1291 2731 τῆς
1328 2661 1659 2732 τελειότητος
1679 2703 1695 2730 ,
1732 2664 1864 2717 ὐπο-

291 2747 477 2817 μίνων
518 2746 611 2801 τοῦ
654 2748 870 2819 ἀληθῶς
893 2749 1048 2814 ὄντος
1084 2750 1185 2822 τὴν
1238 2750 1530 2819 ἔκπτωσιν,
1564 2754 1703 2825 πρὸς
1728 2754 1865 2825 ὅπερ

290 2841 573 2910 ἐπείγεται
615 2842 767 2895 πᾶσα
788 2842 1076 2897 σπουδαίου
1103 2843 1336 2914 κίνησις.

393 3036 467 3095 ς’.
504 3029 717 3086 Γίνεται
744 3032 969 3096 δικαίως
998 3033 1093 3087 ini
1119 3034 1209 3088 τὸν
1253 3034 1604 3108 ὑψηλοφρονα
1632 3035 1757 3104 νοῆν
1783 3037 1869 3108 dp-

292 3124 370 3195 γή
397 3138 412 3153 ’
443 3123 741 3196 τουτέστιν,
768 3126 1185 3197 ὲγκατάλειψις,
1212 3128 1354 3182 καθὰ
1409 3131 1624 3201 εἴρηται
1661 3146 1674 3159 ·
1701 3131 1869 3202 ῆγουν

1950 656 2093 705 mus,
2122 657 2244 711 qua:
2275 642 2487 698 scilicet
2533 658 2621 699 res
2652 641 2899 698 continet
2946 655 3010 695 ac
3053 648 3361 705 conservat,
3393 641 3525 695 Pro-

1950 732 2277 800 videntiam;
2313 736 2463 806 justo
2488 737 2649 805 plane
2672 735 2883 807 judicio
2916 733 3183 788 bonorum
3213 734 3445 803 penuria
3468 742 3527 789 et

1950 834 2191 895 egestate
2235 826 2358 881 illos
2400 824 2766 888 erudientem.
2813 835 2875 882 ut
2916 826 3055 898 grati
3083 825 3253 881 animi
3301 841 3526 881 sensum

1951 924 2251 980 assumant,
2297 915 2390 986 qui
2452 916 2611 971 bonis
2647 917 2953 981 afﬂuentes,
2998 917 3240 987 ipsorum
3279 916 3528 987 largitori

1954 1005 2151 1076 ingrati
2188 1008 2542 1071 exstiterant;
2567 1023 2636 1063 ex
2674 1008 2968 1064 contrariis
3012 1008 3274 1063 nimirum
3318 1007 3375 1063 in
3403 1023 3530 1064 sen-

1953 1112 2075 1152 sum
2104 1097 2378 1164 ducendo,
2405 1100 2545 1171 ejus,
2568 1098 2661 1169 qui
2690 1099 2960 1154 bonorum
2990 1107 3184 1154 auctor
3211 1114 3275 1155 ac
3300 1098 3530 1170 largitor

1952 1187 2044 1241 sit.
2088 1186 2220 1254 Quae
2258 1188 2406 1243 enim
2455 1203 2555 1259 pro
2584 1187 2805 1243 virtutis
2836 1190 3080 1253 nomine,
3131 1188 3310 1244 inanis
3341 1188 3531 1259 opinio

1954 1279 2266 1349 mentisque
2307 1279 2473 1336 elatio
2515 1280 2748 1343 accedit,
2795 1280 2902 1335 nisi
2948 1280 3305 1352 castigatione
3348 1281 3531 1351 aliqua

1953 1380 2302 1436 coerceatur,
2327 1371 2600 1442 superbiae
2621 1372 2874 1426 morbum
2900 1371 3181 1445 (affectum
3204 1374 3393 1445 utique
3417 1374 3531 1428 Deo

1952 1462 2313 1533 contrarium)
2353 1465 2596 1534 proclive
2629 1464 2789 1535 parit.

2024 1554 2112 1610 M.
2157 1554 2262 1622 Qui
2309 1572 2369 1612 se
2408 1556 2629 1612 virtutis
2667 1555 2831 1613 ﬁnem
2868 1568 3183 1613 assecutum
3212 1556 3369 1627 561
3409 1572 3533 1613 esse

1951 1647 2247 1713 existimat,
2284 1665 2554 1719 nusquam
2583 1649 2845 1720 deinceps
2875 1649 3146 1704 bonorum
3188 1649 3395 1703 fontem
3436 1664 3537 1706 au-

1953 1747 2273 1808 ctoremque
2307 1739 2571 1809 requirat,
2604 1739 2709 1793 sibi
2749 1739 2865 1810 ipse
2903 1737 3363 1793 circumscribens
3390 1738 3538 1792 desi-

1955 1831 2097 1887 derii
2126 1831 2258 1898 vim,
2280 1848 2494 1903 suoque
2520 1832 2637 1903 ipse
2671 1832 2829 1896 vitio,
2857 1832 3031 1902 ipsius
3052 1830 3247 1886 salutis
3271 1828 3396 1884 ﬁnis
3417 1828 3535 1901 (Dei

1956 1925 2238 1998 nimirum)
2282 1927 2551 1998 iacturam
2602 1924 2826 1981 faciens.
2880 1925 2984 1992 Qui
3033 1934 3219 1979 autem
3268 1923 3538 1979 naturalis

1954 2031 2067 2071 sua:
2091 2017 2451 2088 paupertatis.
2478 2016 2547 2073 ad
2590 2016 2734 2071 bona
2773 2017 2921 2087 quod
2950 2017 3146 2072 attinet
3185 2031 3252 2071 ac
3282 2015 3534 2079 honesta,

1956 2108 2061 2163 sibi
2089 2108 2204 2179 ipse
2223 2109 2482 2165 conscius
2505 2119 2610 2176 est,
2634 2110 2703 2165 ad
2731 2125 2857 2165 eum
2884 2109 3145 2164 festinare
3185 2124 3297 2164 non
3334 2116 3535 2173 cessat,

1956 2198 2050 2270 qui
2087 2201 2330 2270 penuria;
2372 2200 2815 2271 supplementum
2856 2216 3000 2255 unus
3041 2207 3300 2271 praestare
3333 2208 3537 2269 potest.

2029 2291 2118 2345 15.
2147 2290 2251 2345 Cui
2276 2290 2489 2345 inﬁnita
2521 2290 2747 2346 virtutis
2780 2291 3089 2361 amplitudo
3118 2290 3405 2360 explorata
3427 2298 3537 2354 est,

1959 2380 2029 2437 ab
2057 2384 2180 2455 ejus
2198 2398 2484 2452 nunquam
2518 2398 2689 2438 cursu
2719 2382 2960 2447 desistit,
2992 2398 3064 2438 ne
3091 2384 3217 2455 ejus
3248 2383 3422 2453 ipsius
3442 2381 3541 2453 qui

1958 2480 2182 2534 virtutis
2213 2480 2552 2550 principium
2593 2496 2658 2535 ac
2698 2479 2824 2534 ﬁnis
2864 2488 2952 2534 est
2981 2479 3111 2548 (hoc
3153 2487 3259 2543 est,
3292 2477 3411 2550 Dei)
3453 2480 3541 2550 ja-

1962 2581 2177 2627 cturam
2208 2572 2398 2637 faciat,
2444 2573 2562 2643 ipse
2604 2572 2753 2628 circa
2780 2588 2839 2627 se
2868 2570 3135 2627 desiderii
3175 2580 3385 2626 motum
3411 2569 3544 2626 deﬁ-

1962 2664 2175 2719 nicns:
2233 2664 2667 2734 imprudensque
2723 2671 2950 2718 nactum
3014 2677 3075 2717 se
3140 2661 3539 2732 perfectionem

1963 2756 2260 2821 existimet,
2306 2756 2377 2811 ab
2403 2771 2471 2812 eo
2513 2756 2805 2826 prolapsus
2843 2755 2993 2825 quod
3041 2764 3130 2810 est
3174 2768 3328 2819 vere,
3371 2762 3431 2808 et
3474 2752 3542 2808 ad

1964 2849 2115 2920 quod
2157 2858 2342 2905 motus
2382 2848 2586 2916 omnis,
2623 2849 2768 2919 ejus,
2795 2848 2892 2919 qui
2934 2847 3130 2903 virtuti
3166 2846 3372 2910 studet,
3408 2859 3543 2900 con-

1968 2942 2171 3000 tendit.

2040 3037 2129 3092 16.
2158 3038 2314 3093 Iuste
2350 3037 2434 3092 ira
2462 3037 2517 3091 in
2540 3036 2789 3091 animum
2814 3036 2986 3089 altum
3014 3032 3316 3105 sapientem
3365 3031 3549 3086 obtin—

1971 3128 2051 3198 git
2093 3145 2107 3181 :
2167 3143 2368 3199 nempe
2414 3127 2724 3193 derelictio,
2771 3129 2850 3182 uti
2894 3126 3105 3182 dictum
3151 3134 3271 3190 est;
3314 3125 3453 3188 sive,
3488 3133 3549 3178 ut

293 3215 335 3285 ἡ
365 3213 461 3267 τοῦ
492 3214 840 3286 διοχληθῆναι
882 3217 1044 3271 αὐτὸν
1074 3218 1218 3272 κατά
1253 3235 1314 3273 τε
1346 3212 1445 3290 τὴν
1472 3219 1691 3292 πρᾶξιν,
1727 3222 1870 3276 κατά

1972 3221 2216 3277 divexari
2269 3237 2302 3276 α
2347 3220 2695 3276 daemonibus
2745 3236 2810 3275 ac
2861 3221 3087 3275 molesta
3138 3218 3252 3288 pati
3311 3217 3545 3280 sinatur,

296 3321 362 3358 τε
395 3306 497 3377 τὴν
522 3305 756 3379 θεωρίαν
791 3307 896 3362 ὑπὸ
923 3308 1197 3380 δαιμόνων
1219 3311 1566 3383 συγχώρησις
1589 3328 1604 3344 ·
1642 3314 1733 3368 ἵνα
1772 3314 1869 3369 λά-

295 3396 397 3469 613,
420 3397 522 3468 τῆς
551 3398 651 3469 μὲν
675 3399 866 3454 ἑαυτοῦ
898 3404 1131 3472 φυσικῆς
1154 3401 1464 3466 ἀσθενείας,
1497 3404 1869 3476 συναίσθησιν·

295 3489 403 3561 τῆς
428 3490 485 3543 δὲ
514 3491 822 3569 exemtiqu
862 3494 1042 3559 αὐτὸν,
1074 3494 1169 3548 καὶ
1229 3498 1291 3548 τὸ
1352 3496 1460 3549 πᾶν
1504 3496 1877 3568 κατορθούσης

292 3581 414 3637 ⁴τῶν
438 3582 657 3652 ἀγαθῶν
681 3584 828 3648 θείας
860 3584 1144 3657 δυνάμεώς
1163 3604 1223 3640 τε
1251 3588 1344 3641 καὶ
1369 3587 1611 3659 χάριτος,
1634 3590 1733 3659 τὴν
1753 3590 1877 3644 iml-

298 3691 511 3743 τνωσιν
532 3691 548 3707 ο
584 3677 681 3730 καὶ
705 3676 1040 3749 ταπεινωθῇ,
1069 3678 1258 3749 πόρρω
1286 3679 1565 3745 παντελῶς
1594 3681 1792 3734 ἑαυτοῦ
1818 3680 1879 3735 τὸ

300 3766 584 3840 ἀλλότριον
617 3768 711 3823 καὶ
761 3769 912 3840 παρὰ
964 3769 1126 3839 φύσιν
1169 3768 1304 3839 ὕψος
1342 3769 1664 3842 ποιούμενος
1691 3786 1705 3802 ⁸
1736 3770 1877 3824 ὥστε

306 3860 389 3930 μὴ
417 3860 663 3915 ἔπελθείν
700 3861 788 3914 ἔπ’
819 3860 980 3915 αὑτὸν
1005 3862 1104 3932 τὴν
1131 3861 1297 3933 ἄλλην
1318 3862 1506 3935 ὀργὴν,
1536 3865 1637 3934 τῆς
1667 3863 1776 3917 τῶν
1797 3863 1882 3917 δο-

301 3948 515 4004 θέντων
543 3952 896 4023 χαρισμάτων
943 3953 1307 4023 ἀφαιρέσεως,
1347 3954 1756 4008 ταπεινωθὲντα
1785 3953 1883 4017 καὶ

306 4043 602 4111 γενόμενον
662 4046 759 4117 τῆς
806 4045 900 4100 τοῦ
958 4044 1292 4117 παρέχοντος
1358 4047 1427 4101 si
1492 4047 1632 4100 καλά
1696 4062 1883 4100 συναι-

308 4134 575 4208 σθήσεως.

385 4228 471 4294 ιζ’.
511 4228 573 4281 '0
601 4228 679 4301 μὴ
708 4227 1096 4302 σωφρονισθεὶς
1125 4228 1203 4300 τῷ
1232 4229 1433 4299 πρώτῳ
1478 4230 1611 4283 εῖδει
1655 4229 1756 4299 τῆς
1789 4229 1887 4301 dp-

307 4320 440 4391 γῆς,
472 4319 640 4391 ἧγουν
693 4319 1146 4389 ἐγκαταλείψεως,
1194 4320 1370 4373 ιλθεῖν
1409 4320 1546 4389 πρὸς
1607 4320 1877 4373 ταπείνω-

311 4429 421 4475 σιν,
464 4396 1025 4483 ἠγησάμενοςάὐτὴν
1067 4411 1168 4482 τῆς
1212 4409 1383 4482 καλῆς
1430 4411 1888 4481 ὲπιγνωμοσύνης

302 4503 653 4565 διδάσκαλον,
688 4503 787 4575 τὴν
810 4503 978 4574 ἄλλην
1002 4504 1210 4574 δέχεται
1251 4503 1437 4572 σαφῶς
1463 4505 1547 4557 ἐπ’
1578 4503 1740 4556 αὑτὸν
1793 4505 1890 4574 ὲρ-

312 4595 550 4667 χομένην
580 4594 767 4667 ὀργὴν,
803 4596 1211 4667 ἀφαιρουμένην
1258 4596 1420 4650 αὐτοῦ
1466 4595 1563 4662 τὴν
1600 4611 1708 4647 των
1732 4613 1890 4667 χαρι-

314 4690 539 4759 σμάτων
587 4690 888 4760 ἐνέργειαν,
920 4689 1014 4741 καὶ
1064 4688 1268 4759 ἔρημον
1328 4688 1490 4742 αὑτὸν
1543 4688 1893 4743 καθιστῶσαν

308 4781 415 4852 τῆς
449 4781 585 4843 τέως
608 4780 950 4851 φρουρούσης
981 4779 1279 4850 δυνάμεως.
1315 4779 1544 4849 Ἀφελῶ
1573 4786 1709 4852 γὰρ,
1735 4782 1891 4849 φησὶ.

312 4875 424 4927 τὸν
449 4872 722 4943 φραγμὸν
746 4872 954 4938 αὐτοῦ,
991 4873 1117 4943 περὶ
1148 4872 1243 4925 τοῦ
1270 4872 1582 4944 ἀγνώμονος
1612 4873 1833 4944 Ἰσραηλ
1866 4875 1896 4927 ό

317 4965 673 5034 Θεοςλέγων,
715 4966 813 5019 καί
840 4965 1011 5019 ἔσται
1039 4967 1128 5031 είς
1155 4964 1492 5037 διαρπαγήν
1521 4983 1539 5001 -
1569 4966 1668 5020 καί
1712 4972 1864 5023 Ws

317 5055 407 5111 λῶ
434 5055 541 5109 τὸν
578 5055 784 5124 τοῖχον
809 5054 1018 5119 αὐτοῦ,
1052 5056 1149 5109 καί
1184 5055 1357 5109 ἔσται
1415 5057 1503 5122 είς
1546 5056 1896 5125 καταπάτηο

310 5164 404 5219 μα
433 5164 447 5179 ·
479 5148 575 5204 καί
603 5148 812 5216 ἀνήσω
849 5147 956 5202 τὸν
1005 5145 1330 5217 ἀμπελῶνα
1367 5165 1508 5218 μου,
1535 5147 1637 5202 καί
1681 5150 1754 5203 οὑ
1799 5153 1886 5220 μὴ

319 5239 537 5310 τμηθῇ,
587 5240 730 5296 οὐδὲ
784 5239 867 5311 μὴ
926 5237 1137 5309 σκαφτῖ
1167 5256 1181 5271 ·
1216 5240 1316 5294 καί
1378 5240 1745 5310 ἀναϐήσεται
1799 5245 1889 5305 είς

316 5331 512 5385 αὐτὸν
537 5331 617 5397 ὡς
642 5333 729 5398 εὶς
754 5331 979 5401 χέρσον
1017 5329 1278 5394 ἄκανθα,
1310 5330 1406 5383 καί
1451 5329 1581 5398 ταῖς
1608 5330 1892 5401 νεφέλαις

317 5421 678 5492 ἐντελοῦμαι
702 5422 809 5477 τοῦ
833 5421 919 5492 μὴ
943 5420 1159 5490 ,βρέξαι
1178 5421 1263 5487 είς
1292 5421 1481 5477 αὐτόν

392 5577 439 5612 ⁸⁸
466 5576 573 5635 Isa.
604 5593 660 5643 v,
688 5576 743 5643 5,
772 5573 824 5633 6.

401 5714 622 5786 (ωΥΥεεξ
657 5710 1314 5786 ἐαυτοῦ-ξηιαοῄμενος.
1352 5709 1513 5786 “ipse.
1547 5706 1652 5786 sibi
1698 5716 1894 5786 auctor

326 5778 620 5845 amittendi
642 5783 836 5839 salutis
865 5778 1028 5837 ﬁnem
1052 5778 1246 5852 (Deum
1289 5778 1521 5852 scilicet)
1551 5779 1781 5848 ejusque
1811 5778 1893 5848 ja-

328 5867 524 5914 aurae.
551 5853 710 5922 Quod
727 5853 805 5909 sic
827 5850 1267 5917 clarum,‘l’icus,
1289 5850 1414 5917 hoc,
1443 5857 1499 5905 et
1524 5862 1639 5922 seq.
1680 5861 1827 5921 cap.,
1850 5864 1891 5902 α

1974 3322 2091 3369 tum
2140 3313 2291 3385 quod
2334 3313 2403 3369 ad
2448 3313 2746 3379 actionem,
2784 3323 2900 3368 tum
2927 3311 3075 3383 quod
3108 3312 3175 3365 ad
3210 3310 3550 3380 contempla-

1974 3407 2184 3462 tionem
2226 3406 2476 3462 attinet:
2527 3421 2641 3477 quo
2669 3405 2908 3469 scilicet,
2942 3404 3217 3460 naturalis
3246 3417 3361 3456 suae
3397 3399 3553 3454 inﬁr-

1976 3498 2187 3555 mitatis
2225 3514 2389 3554 sensu
2443 3507 2728 3569 percepto,
2756 3513 2815 3553 se
2854 3504 3255 3568 protegentem,
3299 3495 3550 3563 bonaque

1976 3592 2160 3647 omnia
2197 3600 2568 3661 praestantem,
2600 3590 2842 3645 divinam
2873 3589 3175 3660 potentiam
3209 3588 3551 3658 gratiamque

1978 3690 2260 3753 agnoscat,
2286 3691 2343 3737 et
2362 3683 2723 3749 humilietur;
2758 3697 2824 3736 ac
2852 3679 3045 3750 procul
3067 3679 3296 3734 omnino
3314 3678 3551 3732 alienam

1979 3785 2144 3846 atque
2172 3792 2203 3830 a
2222 3783 2434 3829 natura:
2467 3774 2777 3829 rationibus
2799 3772 3218 3836 abhorrentem,
3249 3769 3553 3825 celsilatem

1980 3866 2240 3937 abjiciat;
2288 3881 2359 3920 ne
2400 3865 2504 3920 alia
2539 3864 2619 3919 ira
2667 3864 2746 3919 illi
2788 3862 3166 3933 superveniat,
3202 3876 3310 3930 qua
3345 3859 3555 3915 scilicet

1982 3958 2263 4012 concessis
2287 3957 2450 4011 donis
2481 3955 2677 4011 ablatis
2718 3954 3065 4017 humiliatus,
3108 3952 3165 4005 in
3199 3949 3378 4021 ipsius
3412 3949 3565 4009 bona

1984 4048 2285 4117 praebentis
2321 4062 2545 4103 sensum
2567 4046 2775 4101 veniat.

2060 4226 2146 4279 l7.
2172 4224 2277 4291 Qui
2311 4224 2492 4295 primo
2531 4224 2629 4279 irae
2664 4236 2867 4294 genere
2901 4219 2981 4291 (id
3020 4227 3129 4283 est,
3159 4213 3572 4283 derelictionis)~

1989 4315 2216 4370 minime
2261 4312 2592 4369 emendatus
2646 4318 2751 4374 est,
2805 4318 2869 4363 ut
2926 4308 3168 4377 seipsum
3218 4304 3558 4369 humiliaret,

1990 4409 2314 4464 existimans
2342 4406 2528 4478 probae
2558 4400 2915 4475 gratitudinis
2937 4416 3057 4455 eam
3075 4399 3392 4469 magistram
3415 4410 3560 4461 esse,

1991 4507 2223 4561 alteram
2259 4503 2423 4573 plane
2451 4499 2507 4554 in
2537 4514 2596 4553 se
2634 4495 2950 4551 venientem
2996 4492 3135 4547 iram
3163 4490 3420 4560 excipiet,
3459 4488 3557 4544 doc

1995 4611 2192 4652 norum
2220 4595 2333 4650 vim
2358 4602 2653 4661 actumque
2682 4585 3049 4649 auferentem,
3073 4583 3451 4651 hactenusque
3475 4590 3535 4635 tu
3551 4608 3567 4620 -

1995 4699 2113 4744 tum
2156 4702 2284 4742 eum
2318 4693 2611 4756 prmstante
2651 4678 2898 4748 potentia
2932 4687 3097 4747 atque
3124 4675 3350 4738 virtute,
3384 4672 3563 4742 ipsum

1996 4780 2391 4839 denudantem.
2413 4776 2671 4845 Auferam
2687 4770 2861 4834 enim,
2880 4767 3059 4838 inquit
3080 4768 3243 4829 Deus,
3259 4763 3327 4817 de
3350 4762 3563 4831 ingrato

1997 4873 2201 4929 lsraele
2236 4872 2491 4939 loquens,
2519 4880 2694 4936 sepem
2722 4863 2857 4926 eius,
2896 4869 2943 4913 et
2975 4861 3072 4913 erit
3097 4859 3154 4911 in
3183 4854 3525 4924 direptionem
3544 4868 3564 4903 :

1996 4966 2315 5031 diruamque
2336 4960 2620 5015 maceriam
2645 4957 2781 5027 ejus,
2814 4963 2862 5007 et
2885 4953 2984 5006 erit
3013 4953 3067 5004 in
3101 4945 3570 5003 conculcationem.

2002 5058 2073 5113 Et
2100 5053 2399 5124 relinquam
2429 5051 2638 5102 vineam
2680 5060 2872 5105 meam,
2895 5049 2943 5094 et
2973 5055 3075 5094 non
3110 5035 3382 5124 putabitur
3403 5044 3573 5101 neque

1997 5119 2272 5221 fodieturi
2297 5150 2344 5195 et
2372 5136 2612 5193 ascendet
2640 5135 2695 5187 in
2723 5148 2863 5192 eam,
2884 5136 2944 5181 ut
2979 5127 3033 5179 iu
3064 5136 3261 5177 terram
3282 5119 3568 5221 desertam,

1994 5208 2193 5312 spina;
2220 5243 2270 5290 et
2297 5230 2514 5289 nubibus
2537 5225 2799 5284 mandabo
2820 5238 2883 5276 ne
2898 5218 3087 5292 pluant
3107 5230 3265 5286 super
3288 5228 3403 5267 eam
3430 5208 3475 5241 ⁸⁸

2001 5718 2173 5773 εεῳεο
2215 5689 2750 5774 αῃνειεηεητιίατία,
2802 5693 3155 5750 centuriata;
3214 5678 3363 5754 quod
3405 5677 3573 5737 nimis

2001 5764 2347 5831 crassum'ac
2366 5764 2629 5836 supinum
2654 5764 2765 5815 est.
