4064 6440
249 389 389 459 1273

918 400 1253 464 CAPITUM
1290 403 1713 476 QUINQUIES
1747 402 2269 467 CENTENORUM
2306 404 2693 467 CENTURIA
2731 406 2844 466 III.

3364 397 3504 466 ιιτι

243 517 344 571 τοῦ
389 511 551 585 φῦσει
570 512 779 582 ἀγαθοῦ
806 513 915 567 τῶν
941 516 1278 586 μετεχόντων
1312 516 1648 580 ἀδιάπτωτος
1665 515 1814 586 ἠδονῆ

1929 526 2123 571 natura
2157 517 2285 572 boni
2326 528 2452 573 sunt
2475 519 2789 588 participes,
2835 518 2984 570 lirma
3014 531 3078 570 ac
3112 524 3369 571 constans
3406 532 3502 571 vo-

246 610 344 663 καὶ
373 605 676 679 ἀδιαίρετος
695 609 907 670 ινωσις.
932 609 1031 662 Διὰ
1057 609 1117 663 δὲ
1146 609 1243 679 τῆς
1265 609 1544 679 ἀληθείας.
1570 610 1631 662 τὸ
1650 610 1821 679 πέρας

245 700 448 755 πασῶν
470 700 791 769 ιπεσήμανε
824 698 933 751 τῶν
984 698 1264 768 γνὼσεων.
1291 701 1386 753 καὶ
1431 700 1613 755 αὐτῶν
1660 716 1822 768 γινω-

246 792 531 862 σκομένων
562 806 578 822 ο
613 792 695 855 είς
723 791 882 863 ὅπερ,
913 791 988 856 ὡς
1022 791 1198 863 ἀρχὴν
1241 792 1336 846 καὶ
1376 792 1550 863 πέρας
1604 792 1822 845 πάντων

242 884 354 936 τῶν
380 884 571 945 ὄντων,
604 884 660 936 αί
697 883 840 936 κατὰ
866 882 1033 953 φύσιν
1055 886 1299 955 κινήσεις
1327 884 1528 954 γενικῷ
1551 897 1656 937 τινι
1678 883 1822 955 λόγῳ

245 974 599 1027 συνέλκονται
631 989 646 1003 ⁸
678 973 857 1027 πάντα
896 974 1144 1047 νικώσης
1193 975 1337 1030 κατᾶ
1378 976 1540 1046 φύσιν
1570 976 1647 1038 ὡς
1689 977 1822 1047 hisq-

245 1065 400 1129 θείας
451 1066 552 1135 τῆς
592 1063 702 1118 τῶν
748 1065 921 1119 ὄντων
962 1066 1139 1137 ἀρχῆς
1193 1068 1290 1121 καὶ
1329 1066 1533 1131 αίτίας,
1563 1064 1821 1140 καὶπρὸς

244 1160 450 1228 ἑαυτὴν
489 1157 853 1229 συνελκούσης
884 1158 993 1212 τῶν
1022 1160 1325 1227 γεγονότων
1345 1160 1447 1231 τὴν
1475 1162 1710 1231 κίνησιν.

314 1330 416 1403 λβ’.
442 1332 523 1403 Τῇ
565 1332 689 1387 καθ’
724 1333 1000 1407 ὑπεροχὴν
1040 1336 1295 1409 στερήσει
1327 1336 1436 1392 τῶν
1471 1336 1709 1404 πολλῶν,
1743 1337 1821 1400 ὡς

240 1422 304 1477 ἓν
353 1423 450 1478 καὶ
482 1425 642 1495 μόνον
675 1425 709 1496 ἡ
740 1419 967 1497 ἀλήθεια
1013 1427 1259 1497 πέφυκεν
1284 1428 1694 1498 ἀναφαίνεσθαι,
1723 1447 1823 1483 κα-

242 1514 526 1569 λύπτουσα
545 1515 765 1572 πάντων
794 1519 904 1570 τῶν
956 1519 1163 1589 νοεῐνῆ
1214 1521 1453 1575 νοεῖσθαι
1502 1521 1821 1593 δυναμένων

242 1611 345 1671 τὰς
366 1608 678 1677 γνωστικὰς
704 1609 982 1680 δυνάμεις,
999 1605 1075 1675 ὡς
1106 1610 1246 1684 ὑπὲρ
1276 1612 1345 1667 τὰ
1374 1613 1600 1669 νοοῦντά
1633 1632 1695 1669 τε
1728 1615 1822 1672 καὶ

240 1700 511 1772 νοούμενα
536 1702 657 1756 καθ’
686 1700 919 1773 ὓπαρξιν
945 1704 1275 1775 ὐπερούσιον
1301 1702 1458 1760 οὖσα·
1490 1709 1582 1761 καὶ
1603 1708 1819 1780 ἀπείρῳ

236 1792 474 1864 δυνάμει
490 1794 590 1858 τὰς
613 1794 755 1849 κατὰ
779 1796 881 1867 τὴν
914 1796 1090 1869 ἀρχὴν
1127 1798 1222 1852 καὶ
1253 1800 1315 1855 τὸ
1337 1800 1493 1865 τέλος
1514 1800 1622 1855 τῶν
1651 1801 1819 1856 ὖντων

241 1882 558 1955 ἀκρότητας
582 1886 1027 1956 περιγράφουσα,
1068 1889 1249 1943 πᾶσαν
1279 1890 1500 1945 πάντων
1522 1891 1659 1963 πρὸς
1687 1887 1818 1947 ἐαυ-

241 1974 342 2042 τὴν
364 1972 615 2027 συνέλκει
644 1973 861 2046 κίνησιν
881 1992 898 2009 ο
934 1979 1049 2038 τοῖς
1094 1978 1195 2047 μὲν
1229 1978 1577 2054 παρεχομένη
1618 1982 1822 2050 γνῶσιν

238 2063 501 2135 ἀρίδηλον
518 2058 587 2136 ἧς
626 2065 1009 2137 ἐστερήθησαν
1046 2069 1270 2141 χάριτος
1301 2085 1317 2102 °
1352 2074 1466 2135 τοῖς
1517 2073 1576 2127 δὲ
1616 2074 1822 2146 δωρου-

241 2157 384 2225 μένη
416 2159 538 2211 κατ’
570 2157 829 2229 αἴσθησιν
865 2158 1125 2231 ἄρρητον,
1182 2157 1249 2233 ἧς
1288 2160 1434 2235 εἶχον
1493 2166 1594 2238 τὴν
1634 2168 1821 2239 ἔφεσιν

236 2248 601 2321 ἁγαθότητος,
622 2253 689 2322 τῇ
716 2251 940 2321 μεθέξει
969 2255 1213 2325 φανερὰν
1234 2255 1334 2328 την
1358 2257 1675 2328 ἐπίγνωσιν.

308 2490 416 2561 λτν.
465 2493 524 2547 '0
565 2494 711 2561 νοῦς,
758 2491 955 2566 σοφίας
1002 2498 1258 2572 ὄργανον,
1324 2502 1523 2577 φησίν⁶
1551 2506 1581 2559 ὁ
1637 2507 1818 2577 λόγος,

235 2582 499 2650 γνώσεως
530 2599 548 2616 ⁸
580 2586 614 2656 η
673 2587 798 2640 κατ’
851 2588 1020 2658 ἄμφω
1068 2593 1273 2663 φυσικὴ
1322 2588 1690 2668 πληροφορία,
1720 2598 1822 2668 τῆς

236 2672 365 2726 κατ’
402 2674 571 2743 ἄμφω
605 2675 1008 2750 συνισταμένης
1040 2680 1281 2748 πίστεως
1304 2700 1319 2716 ·
1347 2684 1443 2738 τοῦ
1488 2684 1543 2738 δὲ
1595 2687 1704 2740 τῶν
1738 2686 1821 2741 ία-

239 2762 437 2833 μάτων
493 2767 858 2839 χαρίσματος.
898 2773 932 2842 ή
980 2776 1189 2845 φυσικὴ
1247 2776 1651 2850 φιλανθρωπία.
1702 2781 1819 2835 Πᾶν

236 2856 351 2929 γὰρ
372 2858 621 2929 χάρισμα
646 2861 809 2928 θεῖον,
830 2865 1136 2933 ἐπιτήδειον
1155 2868 1212 2921 ὲν
1233 2869 1364 2939 ἡμῖν
1388 2869 1502 2941 εχει
1532 2873 1625 2925 καὶ
1647 2884 1820 2944 προσ-

238 2950 399 3017 φυὲς,
433 2950 625 3023 ὥσπερ
662 2954 896 3027 δύναμιν
922 2998 938 3023 ,
970 2952 1004 3030 ἢ
1063 2958 1176 3025 ἕξιν
1216 2957 1251 3033 ἢ
1293 2963 1556 3030 διάθεσιν,
1586 2961 1819 3037 ὄργανον

236 3037 509 3096 δεκτικόν.
528 3039 672 3109 υτον,
691 3048 721 3100 ὁ
747 3048 841 3100 τὸν
856 3049 980 3102 νοῦν
1003 3050 1186 3123 πάσης
1214 3054 1489 3125 αἰσθητῶν
1517 3060 1821 3127 φαντασίας

238 3134 477 3223 ποιήσας
523 3137 787 3207 καθαρὸν,
821 3141 1037 3211 δέχεται
1097 3144 1324 3212 σοφίαν·
1352 3149 1382 3201 ὁ
1415 3148 1472 3201 δὲ
1514 3150 1607 3203 τὸν
1662 3152 1818 3223 λόγον

234 3221 348 3275 τῶν
375 3225 634 3294 ἐμφύτων
658 3230 867 3298 παθῶν,
890 3234 1065 3303 θυμοῦ
1086 3237 1232 3306 λέγω
1261 3236 1355 3292 καὶ
1378 3239 1697 3312 ἐπιθυμίας,
1723 3221 1821 3300 δια-

232 3317 521 3387 ταστήσας
552 3320 847 3395 δεσπότην,
873 3325 1088 3397 δέχεται
1122 3330 1330 3399 γνῶσιν
1357 3350 1371 3365 ⁸
1405 3336 1435 3388 ὁ
1460 3334 1517 3389 δὲ
1543 3337 1644 3397 τὴν
1676 3340 1819 3395 κατὰ

235 3405 367 3501 νοῦν
396 3411 491 3462 καὶ
524 3412 683 3481 λόγον
713 3417 843 3488 περὶ
870 3418 941 3472 τὰ
974 3418 1094 3475 θεῖα
1116 3423 1411 3479 ἀσάλευτον
1442 3428 1818 3501 πληροφορίαν

236 3498 402 3568 ἔχων,
446 3504 547 3574 τὴν
582 3508 761 3562 πάντα
812 3508 1123 3583 δυναμένην
1166 3512 1382 3587 δέχεται
1444 3498 1668 3574 πίστιν·
1760 3524 1818 3577 δὲ

363 3597 599 3668 φυσικὴν
624 3602 981 3673 κατορθώσας
1003 3608 1418 3680 φιλανθρωπίαν
1448 3614 1587 3683 μετά
1605 3613 1703 3686 τὴν
1724 3632 1818 3669 τε-

234 3685 394 3738 λείαν
455 3688 555 3758 τῆς
617 3692 907 3761 φιλαυτίας
959 3698 1261 3771 ἀναίρεσιν,
1294 3703 1540 3775 ίαμὰτων
1599 3685 1816 3777 δέχεται

231 3777 568 3848 χαρίσματα.

307 4042 403 4141 λὸς,
434 4045 712 4117 Ἕκαστος
750 4056 909 4127 ἡμῶν
928 4098 943 4121 ,
976 4058 1117 4116 κατὰ
1149 4061 1247 4135 τὴν
1278 4066 1575 4137 ἀναλογίαν
1600 4068 1703 4141 τῆς
1753 4074 1814 4128 ὲν

401 4140 661 4209 πίστεως,
677 4158 908 4219 φανερου
916 4150 1085 4221 μένην
1105 4154 1366 4226 κέκτηται
1382 4158 1476 4212 τοῦ
1494 4137 1813 4232 Πνεύματος

229 4228 336 4326 τὴν
362 4232 672 4304 ἐνέργειαν.
704 4238 869 4294 ’Ὥστε
920 4245 1125 4313 ταμίας
1172 4234 1410 4319 ὑπάρχει
1449 4252 1548 4320 τῆς
1587 4228 1812 4326 χάριτος

228 4322 464 4421 latam;
512 4327 706 4383 ἑαυτοῦ
740 4347 757 4363 ο
792 4333 887 4385 καὶ
942 4336 1125 4389 οὔποτ’
1157 4336 1223 4392 ἂν
1284 4338 1343 4396 εὖ
1401 4322 1618 4415 φρονῶν
1666 4322 1812 4421 αλλῳ

229 4414 554 4485 φθονήσειεν
594 4422 1032 4493 ὲνευδοθιιμοῦντι
1067 4428 1189 4494 ταῖς
1243 4434 1481 4504 χάρισιν,
1530 4438 1618 4490 ιη’
1658 4414 1811 4504 αὑτῷ

1843 3194 1890 3256 (ἶ

1926 608 2108 677 luplas
2157 609 2501 677 indivisaque
2551 609 2680 663 unio
2719 618 2826 662 est.
2875 607 3135 661 Veritatis
3184 618 3366 661 autem
3408 625 3509 662 no-

1923 698 2095 763 mine,
2153 700 2403 753 omnium
2451 699 2797 761 notitiarum,
2854 698 3207 768 ipsorumque
3259 698 3505 751 omnium

1922 802 2045 858 qua:
2085 797 2393 844 noscuntur
2424 797 2588 858 atque
2626 788 2898 851 sciuntur,
2937 791 3099 842 linem
3140 785 3503 857 signiﬁcavit;

1925 882 1977 934 in
2019 896 2205 951 quem,
2236 890 2297 935 ut
2324 881 2656 951 principium
2698 881 2971 952 finemque
3013 895 3201 935 rerum
3234 881 3502 942 omnium.

1922 973 2201 1029 naturales
2227 982 2410 1027 motus
2424 974 2666 1043 generali
2692 968 2929 1043 quadam
2956 972 3168 1026 ratione
3190 982 3465 1042 coguntur
3488 990 3501 1025 :

1921 1081 2048 1119 eum
2079 1081 2277 1136 nempe
2316 1066 2501 1121 vincat
2539 1065 2722 1121 omnia
2760 1074 3020 1135 tanquam
3054 1063 3278 1127 veritas,
3319 1080 3506 1119 rerum

1922 1155 2261 1226 principium
2299 1171 2363 1211 ac
2400 1171 2590 1219 causa,
2630 1163 2688 1211 et
2728 1155 2797 1210 ad
2841 1171 2921 1221 se,
2952 1170 3144 1210 eorum
3173 1170 3295 1224 quae
3324 1163 3508 1209 creata

1920 1254 2071 1313 sunt,
2098 1248 2328 1319 perinde
2348 1258 2558 1304 motura
2584 1248 2785 1303 trahat.

1990 1337 2082 1392 32.
2111 1336 2188 1391 Ea
2214 1337 2512 1392 multorum
2554 1336 2888 1407 privatione,
2929 1348 3051 1407 qua:
3088 1352 3189 1407 per
3224 1337 3507 1392 excellen-

1921 1428 2055 1483 tiam
2082 1438 2187 1493 est,
2222 1429 2427 1483 veritas
2473 1438 2533 1482 ut
2576 1444 2744 1482 unum
2789 1437 2845 1481 et
2869 1429 3146 1499 singulare
3172 1437 3371 1483 natura
3408 1443 3507 1483 sua

1920 1521 2122 1581 elucet.
2150 1522 2397 1575 omnium
2425 1536 2548 1591 qute
2574 1522 2881 1592 intelligere
2902 1529 3001 1576 aut
3033 1521 3267 1592 intelligi
3298 1521 3505 1587 valent,

1922 1611 2261 1682 intelligendi
2282 1613 2571 1667 facultates
2594 1613 2888 1684 obtegens;
2924 1613 3126 1683 quippe
3158 1626 3280 1683 qua:
3310 1629 3508 1681 super-

1920 1704 2197 1759 essentiali
2244 1704 2584 1770 exsistentia,
2618 1719 2741 1759 cum
2769 1705 3019 1775 illioqua:
3042 1705 3376 1775 intelligunt,
3391 1714 3506 1760 tum

1920 1810 2043 1865 quae.
2080 1795 2489 1865 intelliguntur,
2539 1796 2815 1863 emineat;
2868 1797 3193 1867 infinitaque
3237 1798 3504 1867 potentia.

1922 1896 2105 1941 rerum
2154 1885 2531 1942 extremitates
2584 1894 2641 1941 et
2687 1886 2946 1957 principii
2996 1887 3215 1941 ratione
3265 1896 3321 1942 et
3380 1886 3506 1942 ﬁnis

1920 1976 2458 2043 Circumscribenda,
2497 1993 2719 2034 omnem
2768 1979 3015 2033 omnium
3068 1978 3136 2033 ad
3186 1994 3243 2034 se
3288 1988 3499 2033 motum

1920 2066 2128 2139 pariter
2153 2068 2338 2125 trahat
2369 2085 2383 2123 :
2418 2069 2544 2124 aliis
2573 2069 2798 2139 quidem
2826 2071 2946 2140 ejus
2967 2070 3155 2137 gratia:
3178 2084 3284 2137 qua
3305 2069 3504 2138 privati

1918 2170 2069 2226 sunt,
2096 2163 2300 2217 claram
2342 2163 2592 2218 notitiam
2637 2162 2923 2233 praebens;
2958 2162 3081 2218 aliis
3119 2177 3270 2224 vero,
3303 2177 3506 2215 arcano

1918 2268 2085 2310 sensu
2111 2270 2176 2311 ac
2198 2263 2386 2327 gustu,
2421 2270 2542 2311 eam
2569 2254 2895 2318 bonitatem,
2933 2255 3092 2324 cujus
3115 2253 3398 2309 desiderio
3421 2262 3508 2309 te-

1919 2347 2218 2412 nebantur,
2262 2360 2328 2403 ex
2376 2347 2736 2420 perceptione
2778 2346 3068 2402 manifeste
3106 2346 3507 2417 agnoscendam

1920 2437 2199 2492 tribuens.

1989 2527 2079 2583 35.
2114 2526 2451 2593 intellectus,
2488 2527 2772 2598 sapientiae
2793 2542 3093 2599 organum;
3126 2530 3286 2593 ratio,
3321 2529 3507 2584 scien-

1920 2616 2043 2683 tias;
2116 2617 2405 2687 utriusque
2474 2619 2743 2673 naturalis
2812 2620 3110 2681 certitndo.
3169 2619 3321 2683 fidei,
3384 2634 3507 2689 qua!

1918 2719 2156 2779 utraque
2182 2716 2417 2765 constat.
2468 2710 2604 2764 Doni
2645 2711 2965 2775 sanitatum,
3003 2712 3273 2766 naturalis
3309 2711 3506 2764 imma-

1918 2800 2063 2855 nitas
2101 2814 2170 2855 ac
2206 2800 2537 2871 benignitas.
2583 2800 2755 2858 Omne
2795 2802 2943 2857 enim
2984 2802 3231 2857 divinum
3276 2802 3506 2866 donum,

1920 2893 2178 2949 idoneum
2215 2895 2269 2949 in
2315 2895 2476 2949 nobis
2504 2895 2989 2968 commodumque,
3028 2896 3181 2951 velut
3206 2897 3505 2967 potentiam

1917 2989 2016 3037 aut
2040 2984 2290 3039 habitum
2328 3000 2424 3039 seu
2460 2985 2903 3055 dispositionem,
2930 2999 3199 3057 organum
3234 2986 3385 3042 illius
3407 3001 3503 3040 ca-

1918 3090 2024 3145 pax
2058 3076 2244 3130 habet.
2274 3072 2523 3145 Exempli
2561 3091 2748 3140 causa,
2783 3078 2878 3147 qui
2919 3077 2990 3132 ab
3026 3077 3177 3132 omni
3217 3092 3403 3132 rerum
3446 3076 3504 3132 in

1919 3181 2142 3221 sensum
2170 3166 2489 3222 cadentium
2529 3169 2859 3239 cogitatione
2902 3169 3146 3223 animum
3171 3169 3503 3224 emundave-

1919 3259 2015 3321 rit,
2052 3256 2375 3329 sapientiam
2406 3259 2599 3329 recipit
2633 3276 2647 3312 :
2689 3260 2781 3330 qui
2815 3276 2948 3315 vero
2983 3277 3177 3316 eorum
3205 3260 3501 3317 affectuum

1916 3348 2014 3419 qui
2051 3364 2081 3403 a
2111 3358 2306 3403 natura
2332 3350 2494 3404 nobis
2531 3350 2681 3404 insiti
2720 3360 2851 3405 sunt
2880 3352 2997 3422 (irae
3017 3351 3232 3407 scilicet
3253 3361 3310 3406 et
3342 3353 3501 3422 cupi-

1916 3436 2124 3505 ditatis)
2183 3440 2451 3495 rationem
2500 3441 2767 3497 arbitram
2809 3443 3181 3507 constituerit,
3226 3442 3390 3514 566
3450 3444 3498 3498 is

1915 3531 2207 3586 scientiam
2235 3532 2437 3601 accipit
2461 3547 2475 3585 :
2508 3532 2601 3601 qui
2630 3541 2814 3587 autem
2843 3542 3027 3587 mente
3055 3547 3120 3587 ac
3156 3534 3368 3588 ratione
3409 3534 3497 3587 in-

1915 3637 2235 3678 concussam
2266 3623 2413 3677 circa
2439 3624 2623 3679 divina
2659 3624 3049 3679 certitndinem
3085 3635 3281 3680 nactus
3312 3635 3417 3688 est,
3452 3626 3499 3681 is

1917 3714 2067 3778 fidei,
2095 3728 2216 3786 quae
2251 3716 2433 3769 omnia
2470 3724 2674 3785 potest,
2711 3733 2938 3787 compos
2960 3718 3196 3773 efficitur
3221 3735 3235 3771 :
3261 3718 3357 3788 qui
3400 3717 3499 3773 de-

1912 3811 2083 3883 nique
2116 3813 2332 3868 sublato
2366 3812 2608 3882 perfecte
2632 3828 2777 3868 aeeo
2820 3814 2906 3868 sui
2952 3826 3137 3869 amore
3182 3827 3247 3867 ac
3287 3809 3498 3869 carnali

1914 3906 2229 3977 (φιλαύτιαν
2258 3904 2478 3975 vocant)
2512 3906 2819 3960 naturalem
2838 3905 3234 3960 humanitatem
3265 3901 3499 3974 adeptus

1912 4008 2020 4061 est.
2051 4000 2097 4055 is
2117 4000 2277 4054 donis
2298 4000 2591 4055 sanitatum
2628 4001 2857 4070 potitur.

1983 4088 2072 4146 54.
2102 4091 2349 4162 Quisque
2370 4102 2643 4155 nostrum,
2683 4104 2782 4161 pro
2806 4092 2926 4160 ejus
2959 4089 3087 4145 fidei
3110 4091 3345 4156 ratione,
3375 4106 3498 4161 quae

1916 4180 1969 4235 in
2002 4180 2120 4249 ipso
2154 4189 2258 4244 est,
2301 4180 2649 4235 manifestam
2694 4180 3035 4236 nanciscitur
3078 4180 3319 4251 Spiritus
3362 4197 3497 4251 ope-

1913 4270 2203 4324 rationem.
2238 4269 2496 4333 Proinde,
2526 4282 2638 4325 suae
2666 4270 2920 4340 quisquis
2940 4270 3126 4341 gratia:
3156 4271 3365 4326 arbiter
3387 4280 3493 4332 est.

1912 4371 2018 4415 nec
2058 4362 2204 4415 ullus
2238 4373 2480 4432 unquam
2506 4361 2623 4415 sani
2654 4361 2850 4430 capitis
2888 4375 2957 4415 eo
2982 4361 3204 4416 nomine
3229 4361 3322 4415 alii
3342 4360 3497 4430 ginvi-

1912 4457 2077 4520 derit,
2109 4457 2255 4527 quod
2290 4457 2482 4529 gratiis
2518 4456 2758 4527 fulgeat;
2801 4456 3004 4525 quippe
3040 4471 3164 4509 cum
3207 4455 3494 4526 dispositio

230 4510 501 4580 κειμένης
563 4514 661 4585 τῆς
711 4516 972 4590 δεκτικῆς
1024 4523 1134 4577 τῶν
1171 4525 1333 4581 θείων
1370 4530 1596 4599 ἀγαθῶν
1623 4510 1807 4590 διαθέξ

1922 4510 2473 4529 κ
2599 4510 2627 4527 υ
3297 4510 3313 4526 .
3476 4510 3479 4511 ν

1915 4552 2193 4621 animique
2225 4552 2443 4605 alTeetio
2466 4550 2777 4605 divinorum
2798 4566 2970 4621 capax
3003 4550 3298 4617 bonorum,
3338 4551 3395 4606 in
3422 4550 3493 4606 il-

227 4616 396 4664 σεως.

300 4692 409 4792 λε’ἒ
428 4695 612 4792 Αἴτιον
633 4692 771 4752 εἷναί
822 4717 958 4773 φησι
1013 4705 1117 4777 τῆς
1164 4709 1273 4762 τῶν
1329 4711 1491 4766 θείων
1543 4716 1809 4792 διανομῆς

223 4785 472 4881 ἀγαθιῖιν,
495 4788 555 4841 τὸ
581 4791 782 4859 μέτρον
803 4794 904 4862 τῆς
924 4795 1156 4851 ἑκάστου
1189 4801 1444 4867 πίστεως.
1477 4805 1672 4872 Καθὼς

227 4877 583 4971 πιστεύομεν.
617 4881 712 4933 καὶ
739 4881 835 4953 τὴν
859 4885 951 4937 ἐπὶ
979 4887 1041 4939 τὸ
1073 4890 1333 4959 πράττειν
1356 4893 1459 4963 τῆς
1488 4877 1800 4971 προθυμίας

225 4967 469 5060 επίᾷοσιν
498 4970 717 5041 ἔχομεν.
759 4974 820 5028 Ὀ
849 4976 979 5043 γοῦν
1013 4980 1292 5048 πράττων,
1333 4987 1473 5040 κατὰ
1516 4967 1613 5060 τὴν
1667 4967 1795 5047 ανα-

221 5057 431 5159 λογίαν-
500 5063 602 5132 τῆς
681 5066 936 5159 πράξεως
1004 5071 1373 5130 ἐπιδείκνυται
1455 5080 1517 5133 τὸ
1572 5057 1802 5159 ⁷μέτρον

219 5151 328 5221 τῆς
368 5153 641 5247 πίστεως,
689 5156 975 5228 δεχόμενος
1037 5163 1114 5229 ὡς
1162 5162 1447 5223 ἐπίστευσε
1494 5174 1555 5226 τὸ
1604 5151 1802 5247 μέτρον

221 5246 345 5337 τῆς,
378 5245 601 5337 χάριτος
624 5264 639 5281 ⁸
690 5250 719 5302 ὁ
762 5249 823 5304 δὲ
872 5252 947 5323 μὴ
995 5257 1271 5326 πράττων,
1335 5264 1474 5317 κατὰ
1530 5266 1629 5337 τὴν
1667 5245 1801 5325 ἀνα-

222 5332 419 5433 ξογίαν
444 5336 567 5433 τῆς-
597 5340 869 5433 ἀπραξίας
918 5347 1287 5404 ἐπιδείκνυται
1342 5352 1404 5407 τὸ
1461 5332 1659 5427 μέτρον
1703 5363 1805 5433 τῆς

221 5425 507 5524 ἀπιστίας,
538 5430 837 5524 δεχόμενος
871 5435 949 5500 ὡς
980 5439 1271 5509 ὴπίστησε,
1305 5444 1405 5515 τῆς
1444 5425 1667 5516 χάριτος

225 5515 504 5616 στέρησιν.
524 5521 733 5575 Οὐκοῦν
755 5526 942 5589 κακῶς
964 5534 1109 5583 ποιεί
1133 5515 1576 5604 βασκαίνωντοίς
1603 5515 1799 5616 κατορ-

220 5604 414 5661 θοῦσιν
439 5610 470 5661 ὁ
499 5609 795 5685 φθονερὸς.
833 5616 920 5671 ἐπ’
954 5620 1102 5693 αὐτῷ
1144 5624 1333 5694 σαφῶς
1352 5664 1369 5692 ,
1404 5629 1503 5683 οὐκ
1535 5630 1622 5684 ἐπ’
1652 5604 1799 5708 ἄλλῳ

295 5783 345 5817 ⁸⁸
381 5785 540 5844 Rom.
569 5802 662 5859 xu,
700 5794 749 5851 ςΔ

1910 4642 2022 4701 lius
2055 4645 2128 4698 sit
2146 4644 2249 4698 sita
2275 4644 2449 4697 libera
2481 4643 2787 4696 voluntate.

1982 4732 2072 4791 35.
2113 4731 2342 4789 Causam
2364 4749 2485 4787 esse
2510 4734 2586 4788 ait
2615 4731 3028 4789 distributionis
3048 4733 3362 4790 divinorum
3386 4733 3491 4789 bo-

1912 4838 2132 4889 norum,
2166 4823 2289 4880 lidei
2320 4826 2585 4895 cujusque
2629 4838 2942 4880 mensuram
2981 4824 3048 4880 ⁸⁸.
3098 4826 3205 4880 Pro
3233 4842 3299 4880 eo
3342 4826 3491 4880 enim

1902 4934 1966 4974 ac
1993 4918 2291 4980 credimus,
2316 4917 2483 4972 etiam
2509 4918 2577 4971 ad
2603 4917 2872 4988 agemlnm
2899 4918 3123 4987 majoris
3150 4917 3259 4971 vim
3291 4916 3491 4972 alacri-

1900 5012 2029 5065 tatis
2054 5009 2336 5063 habemus.
2383 5010 2485 5075 Qui
2524 5022 2655 5079 ergo
2684 5011 2901 5064 actione
2945 5006 3214 5076 fungitur,
3244 5023 3346 5078 pro
3369 5009 3489 5079 ejus

1901 5107 2019 5152 rata
2049 5096 2280 5160 ratione,
2315 5095 2440 5152 lidei
2470 5110 2784 5152 mensuram
2822 5096 3086 5160 ostendit,
3121 5097 3309 5167 gratia:
3338 5112 3492 5152 men-

1903 5200 2090 5243 suram
2127 5198 2339 5251 nacms,
2361 5204 2462 5259 pro
2498 5205 2567 5245 eo
2585 5205 2649 5244 ac
2677 5188 2909 5244 credidit
2936 5204 2951 5242 :
2987 5188 3081 5258 qui
3111 5199 3293 5244 autem
3319 5189 3491 5243 actio-

1910 5292 2035 5331 nem
2072 5294 2178 5333 non
2218 5286 2460 5350 prms‘tat,
2492 5295 2591 5350 pro
2617 5278 2845 5334 desidia:
2887 5279 3050 5334 modo
3084 5277 3487 5333 incredulitatis

1910 5384 2225 5425 mensuram
2272 5372 2474 5441 prodit,
2512 5371 2702 5441 gratia:
2730 5369 3037 5440 privatione
3073 5369 3354 5431 multatus,
3385 5384 3487 5437 pro

1906 5474 1974 5513 eo
2002 5475 2067 5515 ac
2102 5461 2206 5517 fuit
2238 5462 2575 5518 incredulus.
2604 5460 2739 5515 Male
2765 5458 2934 5531 igitur
2960 5458 3112 5523 facit,
3148 5459 3245 5529 qui
3279 5456 3484 5512 invidia

1903 5549 2184 5617 laborans,
2215 5554 2447 5608 aliorum
2480 5554 2687 5607 virtute
2715 5551 3077 5616 contabescit,
3104 5566 3232 5606 eum
3263 5549 3317 5604 in
3340 5549 3480 5620 ejus,

1902 5656 2012 5697 non
2031 5644 2283 5711 alterius,
2310 5647 2595 5717 perspicue
2622 5644 2805 5716 posita
2830 5643 2903 5698 sit
2936 5642 3194 5699 facultate
3217 5639 3478 5697 credendi
