4064 6438
569 381 704 449 1275
1536 389 1538 392 '

1722 397 1782 457 S.
1817 398 2102 459 MAXIMI
2142 399 2648 463 CONFESSORIS

3675 406 3806 467 1976

563 505 727 566 atque
762 497 957 567 agendi
993 499 1164 567 optio,
1199 510 1255 558 et
1299 511 1358 554 ut
1386 503 1451 556 ad
1495 503 1619 557 fidei
1663 521 1974 560 mensuram
2010 522 2131 576 pcr-

2241 512 2498 579 κειμένης
2537 513 2636 578 τῆς
2697 511 2804 564 τῶν
2843 512 3124 564 πιστεύειν
3173 529 3229 563 τε
3266 513 3358 564 καὶ
3402 512 3684 580 πράττειν,
3715 513 3804 566 καὶ

566 589 861 658 tingentem
903 591 1132 660 gratiam
1163 593 1418 661 accipiat.

629 764 718 818 56.
750 763 852 830 Qui
886 765 1098 820 honesti
1132 783 1320 821 amans
1349 779 1451 832 est,
1486 786 1584 839 per
1614 773 2016 852 [:rovidentiam
2053 790 2138 829 sa-

562 854 784 922 pientiae
821 856 1129 912 rationibus
1170 870 1363 927 sponte
1408 862 1474 914 ad
1514 863 1882 918 dedicationis
1917 866 2138 920 festinat

562 947 790 1012 gratiam
823 963 835 998 :
867 962 1029 1015 quem
1065 963 1197 1002 vero
1221 949 1367 1005 illius
1413 952 1594 1014 taedet,
1627 954 1779 1021 justo
1810 955 2019 1022 judicio
2047 971 2138 1008 ca-

563 1037 874 1104 stigationis
897 1035 1075 1092 modis
1108 1054 1138 1092 a
1171 1042 1438 1108 pravitate
1463 1058 1530 1096 ac
1569 1044 1710 1096 malo
1745 1044 1950 1099 invitus
1975 1062 2132 1099 revo-

561 1137 749 1191 catur;
785 1129 865 1184 sic
904 1130 1085 1198 plane,
1135 1140 1197 1184 ut
1224 1133 1363 1186 alter
1399 1143 1657 1202 tanquam
1703 1136 1796 1190 Dei
1843 1153 2032 1192 amans
2070 1155 2136 1193 ac

563 1218 868 1288 religiosus,
913 1237 1012 1290 per
1044 1223 1446 1278 Providentiam
1487 1226 1806 1291 deilicetur;
1845 1230 1982 1282 alter
2003 1245 2134 1284 vero

561 1322 662 1376 per
685 1308 977 1378 judicium,
1013 1311 1165 1366 velut
1200 1321 1543 1368 terrenorum
1577 1331 1786 1376 amans,
1820 1317 1875 1370 in
1906 1317 2131 1372 damnas

563 1397 767 1451 tionem
806 1400 995 1454 venire
1041 1417 1153 1455 non
1197 1403 1430 1456 sinatur.
1474 1403 1618 1457 Deus
1658 1404 1804 1457 enim
1847 1414 1905 1458 ut
1934 1406 2129 1468 bonus,

562 1491 845 1558 sapientiae
873 1493 1182 1549 rationibus
1229 1505 1387 1549 curat
1413 1510 1535 1558 'eos,
1572 1496 1666 1566 qui
1691 1496 1972 1551 voluntate
2001 1514 2131 1566 pro-

561 1581 718 1650 pensi
755 1583 866 1637 sint
899 1603 912 1637 :
946 1583 1040 1653 qui
1077 1595 1258 1638 autem
1303 1602 1445 1655 aegre
1484 1585 1551 1639 ad
1589 1587 1846 1641 virtutem
1876 1602 2134 1642 movean-

563 1678 674 1732 tur.
711 1681 870 1726 sanat
894 1674 1270 1744 castigationis
1300 1675 1496 1729 modis.

631 1761 720 1816 37.
754 1762 885 1828 Quae
914 1779 1042 1818 vere
1089 1764 1224 1819 ﬁdes
1259 1774 1366 1828 est,
1394 1766 1598 1820 veritas
1632 1775 1737 1828 est,
1779 1766 2128 1823 mendacium

2240 600 2375 670 πρὸς
2415 601 2476 652 τὸ
2509 601 2704 670 μέτρον
2752 601 2854 670 τῆς
2899 603 3136 666 πίστεως
3195 605 3500 673 ἐρχομένην
3549 605 3805 668 assum

2237 691 2336 761 τὴν
2367 692 2545 762 χάριν,
2571 693 2849 760 ἐπιλογῆς.

2306 784 2414 848 λς’.
2458 786 2515 836 ὐ
2535 784 2646 836 τῶν
2666 785 2845 838 καλῶν
2871 786 3124 855 ἐραστὴς,
3155 787 3296 838 κατὰ
3323 786 3589 854 πρόνοιαν
3619 787 3810 851 σοφίας

2235 876 2407 942 λόγοις
2471 877 2733 939 ἑκουσίως
2777 877 3054 943 ἐπείγεται
3111 877 3244 946 πρὸς
3278 879 3376 946 την
3424 878 3524 946 τῆς
3558 877 3812 940 θεώσεως

2234 970 2392 1038 χάριν
2420 983 2432 996 ·
2477 969 2506 1019 ὁ
2549 968 2606 1020 δὲ
2662 967 2868 1020 τούτων
2913 969 3230 1036 ἀνέραστος.
3259 970 3398 1020 κατὰ
3441 970 3541 1036 τὴν
3590 969 3813 1022 δικαίαν

2235 1060 2437 1129 κρίσιν,
2459 1058 2707 1120 παιδείας
2736 1059 2959 1126 τρόποις
2985 1058 3252 1120 ἀκουσίως
3278 1060 3480 1122 κακίας
3505 1061 3810 1127 ἀπάγεται·

2232 1150 2261 1200 ὀ
2296 1148 2418 1217 μὲν,
2445 1149 2522 1211 ὼς
2553 1147 2798 1217 φιλόθεος
2838 1149 2924 1201 διὰ
2958 1150 3058 1218 τῆς
3094 1150 3359 1218 προνοίας
3415 1149 3748 1219 θεούμενος·
3783 1153 3822 1201 ὁ

2231 1238 2310 1296 δὲ,
2340 1237 2427 1290 διὰ
2481 1239 2576 1302 τῆς
2647 1237 2902 1308 κρίσεως,
2943 1238 3017 1300 ὡς
3055 1238 3304 1307 φιλόῦλος
3354 1242 3432 1302 εἰς
3479 1241 3817 1310 κατάκρισιν

2205 1330 2406 1392 ,ἐλθεῖν
2443 1331 2516 1401 μὴ
2547 1331 3015 1401 συγχωρούμενος.
3058 1333 3119 1385 '0
3141 1332 3247 1402 γὰρ
3275 1333 3407 1395 Θεὸς
3453 1333 3529 1395 ὡς
3579 1333 3814 1400 ἀγαθὸς,

2237 1424 2428 1490 σοφίας
2481 1423 2578 1492 μὲν
2627 1423 2805 1492 λόγοις
2836 1422 3129 1494 θεραπεύει
3173 1425 3296 1486 τοὺς
3333 1425 3588 1487 θέλοντας
3625 1442 3639 1455 ·
3679 1443 3815 1477 παι-

2231 1513 2377 1578 δείας
2433 1515 2489 1568 δὲ
2517 1515 2779 1586 τρόποις,
2826 1517 2951 1579 τοὺς
3013 1515 3147 1586 πρὸς
3194 1516 3398 1587 ἀρετὴν
3450 1519 3817 1587 δυσκινήτους

2234 1607 2401 1661 ἰᾶται.

2302 1784 2400 1849 λζ.
2425 1785 2488 1838 Ἠ
2518 1784 2616 1855 μὲν
2644 1784 2806 1847 ὄντως
2849 1785 3061 1847 πίστις,
3089 1784 3316 1854 ἀλήθειά
3350 1787 3468 1837 ἐστι
3512 1785 3812 1849 συνεκτική

561 1866 672 1904 non
696 1852 923 1917 habens,
949 1871 1068 1923 qua:
1090 1857 1370 1910 contineat
1408 1872 1472 1911 ac
1525 1857 1950 1914 incolumitatem
1987 1875 2125 1929 pra:-

2232 1895 2286 1931 τε
2323 1845 2415 1931 καὶ
2463 1845 2800 1948 συστατικὴ,
2828 1845 3020 1944 ψεῦδος
3079 1845 3191 1928 οὐκ
3227 1876 3422 1946 ἔχουσα
3452 1894 3465 1907 ·
3494 1878 3528 1946 ὴ
3587 1874 3646 1927 ὁὶ
3675 1845 3814 1942 ἀγαέ

561 1951 704 2007 stet;
745 1943 886 1998 bona
929 1961 1060 1999 vero
1091 1947 1446 2012 conscientia,
1478 1948 1776 2004 viminfert
1824 1953 2126 2018 charitatis,

560 2033 766 2104 quippe
799 2037 1001 2090 nullam
1040 2038 1282 2093 mandati
1301 2042 1794 2109 transgressionem
1828 2045 2054 2098 habens.

631 2125 720 2179 58.
744 2125 809 2180 Et
834 2129 1168 2196 requiescant,
1200 2129 1394 2198 inquit,
1428 2148 1586 2200 super
1611 2149 1727 2187 eum
1754 2145 1950 2205 septem
1975 2139 2134 2206 spiri-

562 2222 645 2270 tus
664 2233 683 2270 :
710 2219 924 2286 spiritus
946 2221 1238 2288 sapientiaz,
1268 2223 1483 2291 spiritus
1498 2224 1878 2296 iutelligentire,
1916 2231 2131 2297 spiritus

559 2310 810 2374 scientiae,
852 2311 1065 2380 spiritus
1109 2313 1419 2381 prudentie,
1457 2318 1938 2392 spiritus'consilii,
1972 2320 2130 2390 567

563 2401 779 2470 spiritus
811 2401 1154 2470 fortitudinis,
1196 2406 1413 2474 spiritus
1445 2408 1646 2460 timoris
1675 2409 1770 2463 Dei
1814 2411 1880 2462 ⁸⁸.
1927 2413 2131 2466 llorum

562 2499 747 2545 autem
767 2492 1136 2562 spiritualium
1158 2495 1428 2550 donorum
1471 2499 1748 2566 proprium
1775 2511 1891 2552 est:
1921 2501 2134 2554 timoris

558 2581 809 2651 quidem,
858 2596 920 2637 ut
959 2585 1333 2640 abstineamus
1371 2603 1400 2640 a
1442 2588 1631 2653 malis;
1676 2589 2034 2655 fortitudinis,
2076 2599 2135 2644 ut

563 2670 707 2724 bona
733 2687 1061 2740 operemur;
1093 2677 1331 2735 consilii,
1356 2687 1414 2731 ut
1433 2679 1705 2733 contraria
1729 2680 2130 2746 discernamus;

561 2764 891 2836 prudentiae,
920 2778 980 2825 ut
999 2779 1122 2840 quae
1151 2769 1315 2828 ofﬁcii
1339 2782 1486 2836 sunt,
1512 2789 1640 2826 vere
1670 2789 1734 2826 ac
1757 2774 1971 2828 sincere
1991 2775 2134 2829 scia-

564 2873 721 2922 mus;
751 2860 1015 2922 scienti-zn,
1048 2869 1107 2915 ut
1129 2863 1306 2932 reipsa
1331 2864 1546 2919 divinas
1572 2867 1623 2918 in
1649 2863 1947 2919 virtutibus
1971 2867 2136 2919 ratio-

561 2962 663 3002 nes
704 2951 1272 3020 comprehendamus;
1313 2955 1708 3026 intelligentiae,
1740 2969 1800 3012 ut
1840 2975 1906 3012 ex
1945 2973 2135 3014 eorum

561 3040 779 3096 ratione
840 3058 962 3112 quae
1039 3045 1265 3101 scientia
1332 3050 1852 3118 comprehendimus
1910 3069 2137 3121 prorsus

2230 1970 2298 2040 θὶς
2331 1970 2659 2037 συνείδησις,
2689 1970 2789 2033 τὴν
2814 1969 2911 2036 τῆς
2944 1968 3169 2036 ἀγάπης
3208 1967 3529 2036 ἐπιφέρεται
3557 1964 3814 2034 δύναμιν,

2229 2057 2303 2121 ὡς
2339 2059 2611 2128 μηδεμίαν
2642 2057 2836 2126 ἔχουσα
2868 2058 3180 2126 παράϐασιν
3206 2057 3445 2126 ἐντολῆς.

2299 2148 2400 2218 λη’.
2437 2151 2545 2202 Καὶ
2562 2149 3078 2214 ἐπαναπαύσεται,
3101 2150 3285 2220 φησὶν,
3305 2149 3397 2201 ἐπ’
3420 2148 3633 2209 αὐτὸν,
3659 2148 3820 2201 ἑπτὰ

2230 2243 2568 2310 πνεύματαο
2609 2242 2842 2311 πνεῦμα
2880 2243 3099 2310 σοφίας
3123 2283 3136 2303 ,
3191 2241 3422 2309 πνεῦμα
3473 2240 3816 2304 συνέσεως.

2232 2334 2464 2401 πνεῦμα
2500 2333 2788 2402 γνώσεως,
2811 2335 3046 2403 πνεῦμα
3075 2332 3416 2402 ἐπιστήμης
3443 2334 3542 2401 (b),
3570 2331 3819 2400 πνεῦμα

2227 2423 2487 2489 βουλῆς,
2507 2423 2739 2490 πνεῦμα
2771 2426 3005 2492 ὶσχύος,
3022 2424 3448 2493 πνεῦμαεςόϐου
3473 2423 3814 2477 Θεοῦ.Ἐστι

2231 2515 2287 2568 δὲ
2317 2514 2442 2568 ἴδιον
2459 2517 2564 2568 τῶν
2594 2515 2974 2586 πνευματικῶν
3002 2518 3203 2570 τούτων
3234 2517 3611 2588 χαρισμάτων,
3637 2516 3814 2586 φόϐου

2238 2605 2352 2674 μὲν,
2387 2608 2418 2674 ἡ
2449 2607 2625 2678 ἀποχὴ
2653 2608 2761 2658 τῶν
2794 2609 2980 2660 κακῶν
3011 2626 3022 2638 ·
3062 2608 3244 2677 ἰσχύος
3276 2608 3364 2671 δὲ,
3392 2611 3426 2678 ἡ
3454 2607 3654 2675 πρᾶξις
3697 2607 3815 2658 τῶν

2235 2697 2455 2763 ἀγαθῶν
2481 2715 2494 2728 °
2528 2698 2721 2767 βουλῆς
2745 2699 2821 2761 δέ,
2857 2701 2888 2768 ή
2919 2699 3026 2751 τῶν
3064 2700 3457 2766 ἀντικειμένων
3489 2698 3766 2767 διάκρισις
3795 2715 3813 2726 ·

2235 2787 2544 2856 ἐπιστήμης
2569 2787 2648 2850 δὲ,
2677 2789 2707 2858 ἡ
2741 2790 2845 2840 τῶν
2877 2787 3224 2855 καθηκόντων
3251 2787 3533 2846 ἀνόθευτος
3557 2786 3768 2856 εἴδησις
3795 2801 3814 2814 ⁸

2235 2877 2489 2945 γνώσεως
2517 2879 2596 2938 δὲ,
2629 2881 2661 2946 ἡ
2698 2879 2819 2931 κατ’
2851 2879 3134 2948 ἐνέργειαν
3163 2878 3270 2931 τῶν
3313 2881 3369 2930 ἐν
3419 2881 3538 2939 ταῖς
3583 2879 3817 2946 ἀρεταῖς

2236 2971 2395 3024 θείων
2445 2971 2620 3040 λόγων
2680 2970 3005 3042 περίληψις·
3052 2971 3324 3032 συνέσεως
3362 2971 3439 3031 δέ,
3469 2973 3502 3039 ἡ
3551 2970 3692 3039 πρὸς
3743 2970 3817 3020 τΞι

2237 3061 2549 3132 γνωσθέντα
2595 3063 2768 3114 διόλου
2807 3062 2908 3130 τῆς
2953 3063 3133 3131 ψυχῆς
3188 3062 3526 3123 συνδιάθεσις
3557 3079 3569 3090 ·
3613 3061 3816 3127 copia;

557 3131 746 3185 animo
769 3132 1117 3201 afficiantur;
1150 3137 1452 3205 sapientia),
1479 3140 1627 3193 nulla
1661 3141 1713 3194 vi
1740 3143 1940 3196 mentis
1978 3159 2130 3197 com-

2234 3131 2311 3219 δὲ,
2343 3157 2377 3225 ἠ
2427 3155 2563 3227 πρὸς
2616 3155 2750 3208 Θεὸν
2795 3155 3162 3222 ἀδιάγνωστος
3195 3155 3408 3217 ἓνωσις,
3441 3153 3563 3206 καθ’
3589 3155 3655 3224 ῆν
3695 3157 3816 3214 τοῖς

569 3223 841 3291 prehensa
862 3241 987 3280 cum
1021 3227 1135 3281 Deo
1160 3229 1313 3293 unio,
1341 3246 1445 3298 qua
1471 3231 1668 3300 cupido
1694 3242 1943 3287 votorum
1975 3234 2134 3288 avida

559 3314 665 3378 vis,
689 3315 870 3385 dignis
890 3318 942 3370 in
969 3320 1365 3388 possessionem
1391 3338 1454 3376 ac
1485 3323 1799 3378 fruitionem
1819 3325 1986 3390 cedit,
2009 3339 2134 3380 cum

556 3405 654 3473 qui
695 3408 1008 3477 participet,
1038 3426 1105 3463 ex
1147 3415 1478 3467 commercio
1517 3405 1679 3467 deum
1726 3416 1956 3479 faciens,
1991 3418 2135 3472 divi-

562 3512 757 3566 uaeque
780 3498 1137 3557 beatitudinis
1173 3504 1306 3574 (jugi
1347 3504 1465 3560 sine
1517 3505 1658 3560 fastu
1685 3507 1994 3563 divinorum
2028 3527 2138 3581 my-

558 3589 858 3643 steriorum
887 3592 953 3645 ad
976 3609 1072 3646 eos
1100 3595 1192 3662 qui
1219 3612 1356 3663 opus
1388 3597 1625 3651 habeant
1657 3601 2033 3668 propositione
2053 3602 2138 3656 fu-

561 3679 803 3749 sioriquc
823 3685 1201 3753 enarratione)
1230 3687 1588 3755 interpretem
1614 3699 1900 3757 przestans.

633 3784 722 3838 59.
757 3784 996 3854 Spiritus
1036 3790 1255 3844 timoris
1277 3791 1370 3844 Dei
1397 3801 1502 3852 est.
1533 3804 1596 3846 ut
1623 3794 1692 3848 ab
1726 3795 1794 3849 iis
1815 3812 1936 3864 qua:
1957 3798 2136 3867 reipss

559 3875 706 3930 mala
757 3887 886 3932 sunt
942 3879 1169 3949 ipsoque
1222 3897 1387 3952 opcrc
1442 3884 1849 3952 abstineamus;
1912 3891 2139 3958 spiritus

562 3965 923 4032 fortitudinis,
949 3981 1200 4040 prompta
1240 3975 1408 4028 animi
1451 3977 1699 4031 incitatio
1746 3990 2034 4050 motusque
2067 3983 2134 4036 ad

562 4059 910 4126 exsequenda
940 4077 1106 4130 reque
1142 4064 1256 4132 ipsa
1293 4069 1603 4136 peragenda
1648 4071 1942 4137 mandata;
1974 4075 2138 4143 spiri-

565 4149 656 4196 tus
690 4146 926 4210 consilii,
978 4148 1199 4204 habitus
1224 4151 1593 4216 discretionis,
1625 4172 1759 4224 quo,
1797 4159 2008 4213 ratione
2043 4176 2137 4214 eo-

566 4235 721 4295 mite,
757 4236 942 4292 divina
979 4241 1234 4294 mandata
1272 4243 1646 4310 exsequimur,
1678 4245 1920 4314 vitiaque
1945 4262 1974 4300 a
2021 4248 2134 4301 vir-

565 4326 780 4382 tutibus
803 4327 1206 4396 discernimus;
1259 4334 1484 4401 spiritus
1538 4336 1880 4403 prudentiae,
1943 4341 2134 4394 modo—

565 4429 688 4467 rum
738 4417 942 4484 quibus
1003 4420 1147 4473 actio
1183 4421 1467 4491 virtusque
1506 4425 1736 4488 colatur,
1763 4436 1909 4480 certa
1960 4428 2136 4482 ﬁrma-

2235 3253 2462 3322 ἀξίοιςὴ
2497 3253 2683 3318 ἔφεσις
2723 3250 3021 3313 ἀπόλαυσις
3047 3251 3280 3318 γίνεται,
3325 3249 3540 3320 μεθέξει
3575 3246 3818 3300 ποιοῦσα

2234 3343 2367 3393 Θεὸν
2395 3341 2486 3392 τὸν
2522 3342 2836 3407 μετέχοντα,
2864 3342 2957 3392 καὶ
2984 3339 3080 3408 τῆς
3119 3337 3269 3402 θείας
3302 3339 3461 3392 αὑτὸν
3519 3337 3815 3405 ὑποφήτην

2234 3430 2550 3484 καθιστῶσα
2597 3430 3021 3498 μακαριότητος,
3050 3431 3192 3482 κειτά
3239 3430 3336 3498 τὴν
3390 3429 3612 3481 ἀένναον
3668 3429 3814 3495 πρὸς

2233 3524 2361 3585 τοὺς
2406 3522 2692 3589 δεομένους
2723 3523 2830 3574 τῶν
2861 3521 3018 3574 θείων
3064 3522 3396 3593 μυστηρίων,
3425 3521 3818 3588 ἀνεκπόμπςυ-

2233 3630 2326 3666 τον
2353 3613 2622 3684 προϐολὴν
2654 3614 2746 3665 καὶ
2776 3613 3027 3677 διέξοδον.

2306 3791 2404 3844 λθ’.
2434 3791 2509 3844 Τὸ
2530 3791 2746 3859 πνεῦμα
2772 3791 2865 3842 τοῦ
2895 3789 3060 3859 φόϐου
3084 3790 3180 3842 τοῦ
3209 3789 3365 3852 Θεοῦ,
3383 3791 3492 3842 τῶν
3516 3791 3637 3843 κατ’
3661 3792 3813 3859 ἐνέρ-

2234 3902 2386 3951 γειαν
2413 3883 2599 3936 κακῶν
2630 3883 2777 3934 ἐστιν
2801 3881 2976 3951 ἀποχὴ
3008 3897 3023 3912 ο
3059 3879 3119 3932 τὸ
3149 3880 3206 3932 δὲ
3237 3880 3450 3950 πνεῦμα
3475 3882 3570 3949 τῆς
3602 3882 3808 3950 ἰσχύος,

2233 3975 2267 4043 ἡ
2303 3975 2438 4042 πρὸς
2471 3973 2748 4041 ἐνέργειαν
2783 3972 2874 4023 καί
2896 3972 3091 4040 πρᾶξιν
3127 3971 3238 4023 τῶν
3269 3969 3496 4024 ἐντολῶν
3529 3972 3813 4040 πρόθυμος

2231 4065 2379 4133 ὁρμὴ
2414 4062 2510 4115 καὶ
2537 4063 2752 4132 κίνησις
2785 4077 2800 4091 '
2835 4061 2899 4113 τὸ
2925 4060 2980 4112 δὲ
3017 4061 3237 4130 πνεῦμα
3263 4062 3359 4130 τῆς
3384 4061 3604 4130 βουλῆς,
3631 4064 3663 4130 ἡ
3693 4061 3813 4126 ’ἕξις

2234 4156 2333 4223 τῆς
2361 4153 2705 4222 διακρίσεως,
2741 4152 2862 4204 καθ’
2891 4152 2958 4222 ἠν
2986 4153 3082 4205 σὺν
3121 4152 3265 4222 λόγῳ
3307 4151 3404 4212 τάς
3452 4152 3604 4213 θείας
3637 4155 3818 4222 πρᾶτ-

2235 4261 2399 4314 τομεν
2444 4245 2680 4306 ἐντολὰς,
2713 4243 2806 4296 καὶ
2840 4243 2944 4294 τῶν
2991 4245 3318 4310 κρειττόνων
3372 4242 3692 4311 διαιροῦμεν
3742 4243 3814 4296 τε

2237 4335 2454 4406 χείρονα
2489 4353 2503 4366 ·
2535 4336 2595 4387 τὸ
2621 4335 2678 4387 δὲ
2714 4333 2930 4402 πνεῦμα
2962 4333 3062 4401 τῆς
3095 4335 3425 4403 ἐπιστήμης,
3461 4335 3490 4402 ἡ
3525 4334 3635 4385 τῶν
3683 4335 3812 4386 κατ’

2233 4427 2436 4497 ἀρετὴν
2483 4427 2572 4495 τῆς
2602 4426 2850 4496 πράξεως
2879 4425 3090 4494 τρόπων
3120 4425 3368 4487 ἀπτωτος
3407 4425 3611 4491 εῖδησις
3639 4441 3653 4454 ⁸
3685 4427 3814 4476 καθ’

565 4521 672 4573 que
695 4509 932 4576 cognitio
954 4549 968 4572 ,
1004 4526 1111 4578 qua
1142 4513 1376 4578 agendo,
1423 4531 1454 4567 a
1483 4525 1633 4570 recto
1676 4519 1904 4572 rationis
1926 4520 2131 4588 judicio

2240 4519 2306 4588 ἣν
2339 4516 2687 4584 πράττοντες,
2729 4513 2829 4581 *ἧς
2858 4513 3024 4582 ὀρθῆς
3049 4511 3142 4564 τοῦ
3185 4511 3344 4578 λόγου
3374 4512 3611 4581 κρίσεως
3650 4513 3809 4564 οὐδα-

565 4613 840 4666 nunquam
866 4602 1171 4656 excidimus
1188 4621 1202 4668 ;
1218 4605 1444 4674 spiritus
1461 4609 1723 4673 scientiae,
1750 4611 2130 4667 mandatorum

566 4687 732 4757 inque
775 4690 881 4744 illis
935 4693 1311 4750 exsistentium
1361 4699 1901 4769 rationum,quibus
1951 4704 2131 4758 consi-

564 4785 717 4859 stunt
744 4780 1004 4836 virtutum
1033 4786 1200 4849 modi,
1238 4789 1658 4857 comprehensio
1683 4807 1697 4854 ;
1727 4792 2134 4860 spiritusintel-

561 4869 818 4940 ligentiaa,
835 4889 897 4928 ex
926 4875 1188 4931 virtutum
1218 4881 1392 4934 modis
1417 4898 1480 4936 ac
1503 4883 1810 4939 rationibus
1828 4884 1988 4949 allici,
2016 4886 2133 4942 sive

565 4975 626 5016 ut
649 4966 1065 5023 convenientius
1098 4979 1262 5040 atque
1295 4974 1474 5040 aptius
1505 4975 1720 5043 loquar,
1756 4975 1812 5029 in
1845 4992 1909 5030 ea
1948 4989 2132 5032 trans-

567 5055 770 5108 mutari
807 5071 956 5124 :qua
1005 5062 1458 5116 transmutatione
1498 5065 1778 5118 naturales
1810 5065 1957 5121 vires
2007 5080 2132 5118 cum

633 5212 680 5242 “
705 5213 807 5269 lsa.
841 5230 915 5280 χι,
943 5215 998 5280 2,
1027 5218 1078 5271 5.

635 5363 1000 5438 (ωΑΠνεῦιισᾲ
1037 5367 1389 5438 ἐπιστήμης.
1435 5367 1646 5421 Habent
1693 5367 1855 5430 LXX,
1906 5367 2121 5438 πνεῦμα

562 5435 869 5498 εὐσεϐείας.
905 5436 1061 5508 vulg.
1110 5437 1337 5508 Spiritus
1394 5440 1622 5508 pietatis.
1657 5439 1776 5508 Ipse
1824 5435 2120 5508 Maximus.

566 5514 712 5575 cent.
747 5521 817 5564 Iv.
842 5521 909 5558 es
940 5505 1024 5558 his
1049 5505 1292 5575 quinque
1332 5505 1474 5562 c.'79
1513 5517 1569 5562 et
1599 5505 1698 5568 80,—
1715 5507 1929 5575 πνεῦμα
1966 5511 2118 5561 εὐσε-

570 5573 720 5648 ξιίας
753 5585 807 5628 rt
829 5575 953 5648 _i_ps_e
983 5573 1166 5630 habet.
1207 5573 1378 5648 Arat).
1415 5594 1548 5631 vera:
1601 5573 1886 5648 religionis.
1921 5579 2118 5633 Verum

564 5642 684 5694 haec
719 5659 782 5715 ex
812 5644 994 5715 _l|ebr.
1052 5662 1162 5700 non
1219 5647 1542 5715 prodierunt
1591 5642 1919 5701 immediate.
1951 5648 2116 5702 Hebr.

567 5725 737 5786 ιιιιιιιιι
773 5713 1023 5783 idemque
1054 5713 1249 5769 nomen
1295 5726 1398 5778 est,
1422 5717 1564 5786 quod
1597 5719 1778 5771 statim
1823 5733 1937 5786 seq.
1968 5720 2122 5771 timor

566 5780 822 5834 redditur
879 5780 954 5838 Ac
979 5787 1117 5840 forte
1151 5780 1471 5857 scripserint
1495 5789 1541 5840 οἱ
1573 5780 1929 5859 ιΧΧπνεζμα
1964 5789 2121 5842 εὐλα-

2243 4606 2360 4675 μῶς
2411 4604 2683 4673 πίπτομεν
2712 4616 2725 4629 ⁸
2775 4604 2835 4655 τὸ
2866 4603 2921 4654 δὲ
2949 4600 3163 4669 πνεῦμα
3195 4605 3293 4671 τῆς
3323 4601 3599 4668 γνώσεως,
3635 4603 3666 4670 ἡ
3699 4604 3810 4653 τῶν

2237 4697 2467 4750 ἐντολῶν
2490 4696 2585 4748 καὶ
2607 4695 2714 4747 τῶν
2761 4697 2820 4748 ἐν
2851 4695 3040 4756 αὐταῖς
3087 4693 3260 4761 λόγων
3313 4693 3626 4764 περίληψις,
3685 4695 3808 4745 καθ’

2233 4788 2330 4850 οὓς
2369 4789 2416 4838 οἱ
2468 4785 2658 4856 τρόποι
2687 4786 2792 4837 τῶν
2821 4784 3028 4853 ἀρετῶν
3059 4783 3418 4852 συνεστήκασι
3449 4801 3464 4814 ·
3503 4784 3728 4853 πνεῦμα
3751 4786 3806 4837 δὲ

2237 4878 2506 4942 συνόσεὼς
2537 4881 2704 4943 ἐστιν,
2732 4880 2764 4946 ἡ
2790 4877 2924 4946 πρὸς
2953 4878 3076 4938 τοὺς
3098 4877 3330 4946 τρόπους
3349 4877 3436 4928 καί
3469 4878 3598 4938 τοὺς
3615 4877 3805 4942 λόγους

2232 4973 2342 5024 τῶν
2401 4970 2613 5040 ἀρετῶν
2663 4969 3080 5036 συγκατάθεσις,
3137 4967 3171 5037 ἢ
3230 4967 3562 5038 κυριώτερον
3606 4970 3802 5027 εἰπεῖν,

2234 5063 2618 5134 μεταποίησις,
2669 5061 2791 5115 καθ’
2827 5061 2894 5114 ἦν
2929 5060 3228 5127 σύγκρασις
3259 5059 3471 5126 γίνεται.
3500 5060 3610 5112 τῶν
3651 5077 3803 5127 φυσι-

2225 5369 2381 5430 6είας
2409 5386 2422 5398 ·
2463 5369 2555 5435 qui
2583 5368 2654 5420 sit
2675 5364 2905 5435 spiritus
2939 5367 3158 5421 timoris
3200 5364 3368 5435 casti,
3384 5362 3654 5435 modesti,
3707 5379 3792 5417 re-

2227 5432 2516 5492 verentiali
2549 5453 2614 5490 ac
2647 5432 2908 5512 religiosi.
2939 5437 3173 5491 Videtur
3216 5434 3308 5486 hic
3351 5432 3624 5512 Maximus
3685 5436 3796 5512 ἑτι-

2228 5513 2442 5576 uti;qu
2470 5523 2580 5584 pro
2606 5504 2895 5584 prudentia
2929 5522 3216 5584 usurpare.
3247 5520 3335 5584 ac.
3366 5504 3672 5584 particular.
3711 5504 3794 5570 ju-

2225 5573 2371 5631 dicio
2399 5573 2719 5646 agibilium;
2756 5583 2890 5627 utet
2923 5577 3145 5641 γνῶσιν,
3174 5588 3274 5644 pro
3318 5573 3532 5646 judicio
3581 5577 3793 5646 univcr-

2227 5647 2362 5708 sali,
2419 5641 2483 5700 ac
2544 5660 2653 5713 quo
2711 5659 2891 5721 rerum
2939 5641 3189 5700 rationes
3240 5641 3784 5721 comprehendamus.

2229 5715 2447 5785 Alioqui
2482 5712 2826 5787 notumquid
2867 5716 3166 5787 ἐπιστήμη,
3209 5723 3264 5770 et
3328 5712 3558 5766 scicntia
3602 5712 3788 5765 stricte

2228 5782 2409 5850 dicti,
2444 5782 2813 5855 philosophis.
