4064 6436
257 396 386 464 1281
690 408 711 429 ⁸
911 398 1243 460 CAPITUM
1277 393 1697 472 QUINQUIES
1729 394 2249 462 CENTENOBUM
2285 400 2671 463 CENTURIA
2708 401 2823 462 IlI.
3347 399 3491 464 1282.

322 505 432 577 μθ.
469 501 734 575 Οὐράνιον
782 502 1097 575 οἱκητήριύν
1147 506 1315 571 ἐστιν,
1361 507 1396 577 ὴ
1445 507 1568 559 κατ’
1615 503 1817 575 ἀρετὴν

1985 510 2073 564 49.
2103 509 2338 565 leeste
2357 510 2698 566 domicilium
2714 519 2827 572 est,
2866 506 3155 563 affectibus
3188 523 3387 564 vacans
3417 525 3483 566 ae

248 595 466 667 ἀπαθὴς
518 594 655 659 ἕξις.
686 596 780 649 καὶ
809 597 843 666 ἡ
891 596 1058 668 μηδὲν
1085 596 1283 669 ἔχουσα
1312 598 1520 670 πλάνης
1546 595 1813 669 πολεμοῦν

1914 602 2242 671 tranquillus
2267 601 2487 659 virtutis
2510 603 2758 667 habitus;
2789 600 3150 670 scientiaque,
3192 615 3315 669 qua
3335 599 3486 671 nullo

244 689 386 760 αὐτῇ
411 688 607 759 νόημα,
648 687 869 756 γνῶσις.

1914 694 2121 751 erroris
2152 695 2389 766 cogitatu
2425 694 2657 765 falsique
2686 694 2881 753 notitia
2914 692 3287 763 impugnetur.

318 786 385 835 ν’.
447 780 659 850 Ὥσπερ
719 779 869 843 τέλος
923 781 1241 853 κινηθείσης
1295 781 1523 856 μονάδος
1572 778 1720 834 ἐστὶν
1779 778 1813 851 ἠ

1984 784 2071 839 50.
2126 783 2596 852 Quemadmodum
2640 784 2870 841 unitatis
2920 793 3082 838 motae
3132 783 3295 854 57o
3337 781 3483 848 ﬁnis,

252 871 481 942 μυριὰς,
519 871 615 925 καὶ
639 870 781 941 ἀρχὴ
809 871 885 941 μὴ
921 871 1236 945 κινηθείσης
1266 872 1526 943 μυριάδος
1578 871 1727 927 ἐστὶν
1778 871 1812 940 η

1915 878 2118 948 myrias
2140 886 2257 943 est;
2286 876 2732 950 principiumque
2775 885 2935 931 moue
2968 874 3229 947 myriadis
3256 882 3341 929 est
3368 874 3488 928 uni-

252 963 427 1033 μονάς
457 979 474 995 ⁸
499 962 644 1034 ἀρχὴ
674 963 783 1033 γὰρ
813 963 1012 1029 παντὸς
1031 964 1241 1029 τέλους,
1263 965 1296 1034 ἡ
1317 964 1437 1018 κατ’
1466 962 1601 1017 αὐτὸ
1631 959 1817 1031 σαφῶς

1916 969 2223 1038 tas(omnis
2250 967 2399 1022 enim
2443 966 2572 1022 ﬁnis
2612 966 2943 1036 principium
2970 1004 2986 1028 ,
3028 966 3147 1035 ejus
3200 962 3488 1035 perspicue

246 1052 510 1125 ἀκινησία
537 1052 844 1125 καθέστηκε
868 1071 882 1085 ο
919 1054 1017 1108 καὶ
1040 1056 1193 1121 τέλος
1228 1055 1407 1125 πάσης
1434 1054 1627 1125 ἀρχῆς,
1661 1054 1696 1125 ἡ
1718 1052 1817 1124 τῆς

1917 1056 2272 1111 immobilitas
2316 1065 2402 1111 est
2432 1096 2448 1121 ,
2513 1055 2749 1124 ﬁnisque
2794 1055 2975 1114 omnis
3007 1055 3303 1128 principii,
3338 1054 3488 1109 iuius

247 1146 373 1201 κατ’
414 1144 585 1216 αὐτὴν
627 1147 890 1217 κινήσεως
937 1146 1173 1219 ὑπάρχει
1216 1146 1608 1218 συμπλήρωσις
1631 1159 1645 1173 ⁸
1677 1141 1817 1197 οὕτω

1917 1158 2100 1203 motus
2122 1148 2584 1221 complementum
2610 1147 2717 1217 est)
2741 1147 2823 1202 sic
2850 1157 2907 1203 et
2936 1146 3096 1210 ﬁdes,
3128 1161 3253 1201 eum
3280 1147 3352 1201 sit
3389 1162 3489 1201 tta-

245 1236 346 1291 καὶ
380 1238 417 1307 η
447 1236 649 1299 πίστις,
679 1237 823 1308 ἀρχὴ
855 1238 998 1292 κατά
1024 1238 1187 1307 φύσιν
1215 1236 1426 1310 ἀρετῶν
1475 1235 1817 1307 ὑπάρχουσα,

1918 1248 2041 1294 tura
2065 1241 2329 1295 virtutum
2381 1239 2744 1312 principium,
2781 1239 2902 1309 elus
2946 1238 3076 1292 boni
3121 1238 3492 1308 complemen—

247 1324 405 1387 τέλος
441 1323 554 1394 ἔχει
583 1324 678 1378 τοῦ
708 1325 776 1378 δι’
799 1325 982 1383 αὐτῶν
1014 1326 1220 1398 ἀγαθοῦ
1248 1328 1348 1396 τὴν
1377 1325 1769 1396 συμπλήρωσιν
1798 1338 1815 1355 ·

1919 1339 2057 1394 tum,
2085 1330 2233 1399 quod
2283 1345 2379 1400 per
2419 1329 2541 1386 illas
2589 1336 2904 1401 praestatur,
2958 1328 3123 1382 ﬁnem
3155 1328 3352 1392 habet;
3389 1328 3490 1381 bo-

249 1415 348 1469 καὶ
381 1415 442 1470 τὸ
474 1416 616 1471 κατά
650 1417 812 1486 φύσιν
840 1418 1065 1487 ἀγαθὸν,
1094 1421 1170 1483 ὼς
1196 1418 1408 1491 ἀρετῶν
1435 1419 1609 1484 τέλος,
1647 1416 1817 1492 ἀρχὴν

1917 1438 2162 1492 numque
2211 1431 2445 1487 natura,
2496 1431 2756 1493 tanquam
2792 1421 2972 1490 ipsum
3018 1420 3283 1475 virtutum
3330 1420 3486 1482 ﬁnis.

244 1506 376 1578 ἕχον
398 1508 497 1579 τὴν
525 1510 729 1575 πίστιν,
758 1512 893 1583 πρὸς
921 1510 1091 1583 αὐτὴν
1143 1511 1459 1575 ἐνδιαθέτως
1507 1515 1817 1580 συνάγεται.

1918 1515 2065 1586 quod
2126 1513 2288 1569 ﬁdem
2336 1512 2671 1585 principium
2714 1511 2935 1575 habeat,
2990 1510 3058 1565 ad
3105 1525 3228 1566 eam
3272 1511 3491 1565 interno

246 1599 440 1665 Πίστις
474 1600 581 1671 γάρ
628 1602 776 1656 ἐστιν
820 1601 1123 1658 ἐνδιάθετον
1183 1603 1407 1673 ἀγαθὸν,
1470 1604 1562 1657 καὶ
1617 1602 1817 1671 ἀγαθόν

1920 1607 2105 1661 animo
2141 1606 2447 1676 colligitur.
2484 1605 2582 1659 Est
2630 1603 2778 1658 enim
2823 1601 2958 1657 ﬁdes
2983 1601 3191 1656 bonum
3228 1602 3397 1655 animi
3427 1616 3491 1654 ao

245 1692 397 1744 ἐστιν
425 1692 786 1763 ἐνεργηθείσα
835 1694 1039 1758 πίστις.
1090 1694 1287 1759 Πιστὸς
1324 1694 1380 1747 δὲ
1439 1694 1580 1751 κατά
1637 1693 1819 1763 φύσιν,

245 1782 343 1835 καὶ
367 1782 565 1851 ἀγαθός
586 1784 733 1839 ἐστιν
754 1785 783 1838 ὁ
806 1784 940 1848 Θεός
960 1802 974 1816 ο
1010 1785 1069 1838 τὸ
1101 1786 1222 1857 μὲν,
1251 1785 1327 1849 ῶς
1355 1785 1571 1858 πρῶτον
1596 1785 1818 1854 ἀγαθόν’

1922 1697 2235 1762 internum;
2306 1697 2665 1765 bonumque,
2737 1694 2916 1764 ipsum
2966 1692 3105 1748 ﬁdes
3153 1691 3342 1747 eﬁieax
3381 1700 3489 1748 est.

1920 1789 2085 1859 Atqui
2132 1789 2278 1843 Deus
2330 1799 2528 1843 natura
2564 1786 2741 1841 ﬁdelis
2778 1801 2841 1842 ac
2871 1785 3049 1840 bonus
3098 1794 3214 1852 est;
3260 1784 3491 1839 alterum

244 1875 308 1927 τὸ
333 1874 416 1941 δέ,
456 1875 532 1938 ῶς
568 1876 798 1947 ἔσχατον
834 1878 1078 1950 ὀρεκτόν.
1103 1878 1313 1932 Ἱάύτον
1356 1856 1415 1931 δέ
1456 1876 1628 1930 ταῦτα
1688 1876 1817 1932 καθ-

1921 1856 2165 1951 quidem,
2196 1888 2256 1935 ut
2284 1881 2523 1950 primum
2570 1878 2775 1933 bonum
2805 1895 2820 1937 :
2857 1879 3091 1933 alterum
3119 1892 3286 1942 vero,
3314 1874 3376 1931 ut
3396 1889 3490 1930 su-'

244 1963 449 2037 έστηκε
472 1968 633 2022 παντὶ
657 1969 846 2040 τρόπῳ
856 1969 1269 2053 ἀλλήλοιςὼτα,
1301 1968 1490 2039 μηδενὶ
1517 1967 1661 2042 λόγῳ
1683 1967 1823 2038 πλὴν

245 2055 343 2109 τοῦ
376 2057 496 2111 κατ’
530 2058 774 2113 ἐπίνοιαν
828 2059 1074 2132 ἀλλήλων
1110 2059 1465 2131 διαιρούμενα
1517 2058 1819 2124 παντελῶς,

242 2146 337 2201 6ιά
362 2148 465 2220 τὴν
496 2149 607 2202 τῶν
633 2152 730 2205 ἀπ’
766 2150 933 2206 αὑτοῦ
977 2151 1318 2222 ἀρχομένων,
1373 2152 1469 2206 καὶ
1525 2153 1605 2218 είς
1659 2150 1821 2206 αὐτὸν

246 2238 550 2311 ληγόντων,
574 2239 810 2313 κίνησιν.
847 2243 992 2316 Ἀρά
1019 2244 1053 2315 ἡ
1092 2243 1295 2315 μυριάς
1325 2244 1554 2315 ἐσχάτου
1591 2242 1820 2317 ὀρεκτοῦ

246 2330 493 2403 φέρουσα
536 2333 727 2399 τύπον,
778 2334 891 2388 τῶν
932 2335 1069 2405 πρὸς
1092 2335 1228 2388 αὐτὸ
1255 2334 1589 2405 κινουμένων
1613 2333 1821 2388 τελείαν

245 2424 583 2495 περιγράφει
622 2425 723 2497 τὴν
762 2424 948 2494 ἔφεσιν
975 2442 990 2458 ·
1016 2427 1111 2480 καὶ
1137 2428 1175 2497 η
1211 2426 1400 2496 μονάς,
1435 2424 1651 2496 πρώτου
1684 2427 1822 2493 ἀγα-

245 2513 344 2568 θοῦ
371 2514 630 2585 εφέρουσα
677 2514 975 2586 σύμϐολον,
1017 2517 1126 2570 τῶν
1158 2516 1253 2570 ἀπ’
1281 2514 1447 2569 αὑτοῦ
1485 2516 1819 2585 κινουμένων

242 2604 467 2660 τελείαν
495 2606 817 2679 ἐπιφέρεται
853 2606 1013 2678 βάσιν
1044 2608 1172 2681 [duo
1195 2607 1322 2679 Reg.
1373 2596 1533 2678 φύσιν
1538 2606 1580 2680 ].

313 2774 418 2830 va’.
449 2774 648 2848 Πρώτη
685 2776 834 2831 ἐστὶν
877 2775 1138 2845 ἀπάθεια,
1208 2777 1247 2847 ἠ
1320 2775 1590 2845 παντελὴς
1641 2773 1821 2846 ἀποχὴ

242 2867 357 2922 τῶν
405 2868 529 2922 κατ’
582 2867 863 2938 ἐνέργειαν
912 2867 1119 2932 κακῶν,
1176 2868 1236 2921 ἐν
1284 2869 1399 2929 τοῖς
1447 2865 1821 2936 εἰσαγομένοις

246 2957 595 3029 θεωρουμένη
626 2973 642 2987 ·
672 2957 901 3029 δευτέρα
931 2958 1010 3024 δὲ,
1047 2959 1081 3029 ἡ
1112 2956 1379 3029 παντελὴς
1411 2956 1554 3011 κατά
1582 2957 1820 3011 διάνοιαν

246 3050 382 3120 περὶ
407 3051 507 3121 τὴν
537 3049 650 3104 τῶν
692 3049 883 3104 κακῶν
924 3049 1335 3117 συγκατάθεσιν
1364 3048 1607 3118 ἀποϐολὴ
1670 3046 1819 3115 λογιο

1920 1985 2173 2040 premum
2196 1970 2515 2040 appetibile.
2563 1969 2689 2025 llaec
2729 1983 2862 2023 vero
2894 1968 3038 2023 idem
3069 1968 3214 2023 inter
3255 1983 3316 2024 se
3342 1966 3493 2021 omni

1920 2060 2085 2115 modo
2113 2069 2262 2123 sunt,
2292 2060 2442 2114 nulla
2478 2076 2706 2130 prorsus
2749 2060 2967 2115 ratione
3007 2060 3289 2125 distincta,
3326 2075 3491 2131 quam

1919 2149 2269 2220 quae‘subtili
2320 2151 2560 2219 cogitatu
2608 2150 2890 2216 noscitur;
2926 2149 2997 2204 ob
3047 2164 3237 2203 eorum
3282 2148 3490 2203 scilicet

1920 2251 2155 2307 motum;
2191 2257 2314 2311 quae
2341 2241 2413 2295 ab
2447 2240 2544 2295 illo
2579 2241 2790 2297 ducunt
2817 2241 3111 2312 originem,
3138 2249 3196 2296 et
3224 2241 3279 2295 in
3313 2240 3492 2312 ipsum

1920 2331 2204 2389 desinunt.
2262 2333 2461 2405 Myrias
2498 2333 2685 2405 igitur,
2718 2348 2840 2404 quae
2888 2332 3130 2402 supremi
3181 2330 3493 2402 appetibilis

1918 2424 2149 2479 formam
2178 2434 2351 2495 gerat,
2372 2440 2564 2480 eorum
2591 2466 2605 2490 ,
2638 2441 2761 2496 quae
2806 2424 2863 2478 in
2906 2423 3088 2493 ipsum
3144 2430 3492 2483 moveantur,

1919 2515 2217 2585 perfectam
2262 2515 2655 2586 appetitionem
2685 2514 2878 2571 deﬁnit
2914 2531 2929 2569 :
2964 2513 3251 2583 unitasque
3276 2551 3293 2577 ,
3328 2511 3491 2582 primi
3580 2512 3583 2513 ⁷

1918 2607 2049 2661 boni
2076 2608 2345 2679 symbolo,
2370 2625 2563 2663 eorum
2587 2624 2709 2678 quas
2746 2607 2815 2662 ab
2840 2608 2961 2677 ipso
2994 2613 3307 2668 moventur,
3360 2619 3488 2686 per-

1918 2696 2114 2753 fectam
2149 2698 2323 2754 basim
2354 2699 2521 2756 infert
2545 2713 2608 2754 ac
2632 2697 3068 2755 fundamentum.
3482 2690 3485 2691 ν

1986 2788 2075 2844 5i.
2101 2789 2283 2845 Prima
2327 2789 2567 2845 ἀπάθεια
2603 2797 2688 2843 est
2714 2787 3137 2861 (imperturbatio
3188 2787 3492 2857 affectuum—

1919 2894 2019 2949 qae
2042 2880 2303 2950 vacuitas)
2336 2895 2460 2934 cum
2480 2895 2511 2936 a
2540 2879 2697 2933 malis
2726 2877 2847 2948 ipso
2869 2892 3036 2947 opere
3064 2890 3293 2947 prorsus
3324 2873 3493 2929 absti-

1918 2983 2113 3023 nemus
2143 2985 2158 3023 :
2192 2968 2360 3039 inque
2402 2968 2515 3023 illis
2556 2968 2964 3031 consideratur,
2992 2966 3085 3036 qui
3113 2964 3295 3020 adhuc
3330 2963 3493 3018 indu-

1919 3066 2119 3111 cuntur
2152 3073 2166 3110 :
2199 3057 2457 3119 secunda,
2493 3071 2619 3112 eum
2642 3072 2834 3112 omnes
2873 3055 3077 3114 animo.
3103 3054 3306 3125 quibus
3337 3053 3494 3108 malis

248 3141 429 3211 σμῶν,
458 3140 519 3194 ἐν
544 3142 659 3204 τοις
687 3140 828 3212 μετά
860 3139 1020 3210 λόγου
1047 3141 1147 3213 τὴν
1180 3138 1381 3212 ἀρετὴν
1406 3138 1653 3210 μετιοῦσι
1676 3153 1817 3207 γινο-

1919 3148 2350 3212 consentiamus,
2406 3148 2767 3219 cogitationes
2827 3148 3144 3218 sbigimus;
3176 3146 3342 3215 inque
3382 3145 3496 3200 illis

251 3229 391 3301 μένη
463 3230 622 3302 τρίτη
650 3231 729 3296 δὲ,
770 3232 803 3302 ἡ
848 3231 972 3285 κατ’
1023 3229 1324 3301 ἐπιθυμίαν
1373 3231 1507 3302 περὶ
1546 3229 1617 3285 τά
1668 3228 1817 3301 πάθη

1919 3239 2210 3311 contingit,
2245 3239 2339 3310 qui
2364 3239 2577 3295 ratione
2604 3239 2804 3295 comite
2832 3241 3093 3295 virtutem
3124 3238 3332 3295 colunt.
3362 3236 3494 3291 Ter-

248 3321 523 3393 παντελὴς
559 3323 842 3393 ἀκινησία,
876 3325 935 3378 ἐν
965 3325 1079 3385 τοῖς
1102 3322 1195 3377 διὰ
1223 3322 1333 3377 τῶν
1374 3322 1669 3394 σχημάτων
1693 3322 1821 3387 τοὺς

242 3410 438 3481 λόγους
462 3412 664 3482 νοητῶς
714 3413 1007 3485 θεωμένοις
1052 3413 1160 3469 τῶν
1205 3413 1499 3486 ὁρωμένων
1527 3426 1542 3443 ⁶
1585 3414 1820 3485 τετάρτη

238 3502 304 3557 δέ
334 3504 485 3557 ἐστιν
510 3505 769 3571 ἀπάθεια,
793 3506 828 3575 ἡ
852 3506 949 3561 καὶ
975 3505 1147 3576 αὐτῆς
1197 3505 1299 3576 τῆς
1330 3504 1492 3577 ψιλῆς
1521 3504 1820 3575 φαντασίας

246 3596 516 3660 παντελὴς
532 3596 818 3669 καθάρσις,
849 3601 907 3651 ἐν
933 3602 1046 3662 τοῖς
1075 3599 1164 3655 διὰ
1193 3597 1449 3668 γνώσεως
1470 3599 1563 3654 καὶ
1586 3597 1820 3670 θεωρίας

244 3687 491 3759 καθαρὸν
542 3689 639 3742 καὶ
687 3688 877 3753 διειδὲς
927 3690 1194 3761 ἔσοπτρον
1225 3689 1322 3744 τοῦ
1356 3690 1490 3744 θεοῦ
1515 3689 1817 3760 ποιησαμέ-

244 3800 361 3847 νοις
382 3784 452 3837 τὸ
481 3785 831 3855 ἡγεμονικὸν,
861 3778 1248 3855 συνισταμένη.
1288 3782 1346 3837 '0
1370 3780 1549 3836 τοίνυν
1573 3780 1818 3851 καθάρας

243 3876 442 3928 ἑαυτὸν
486 3876 767 3948 ἐνεργείας
807 3875 1020 3940 παθῶν,
1072 3876 1168 3929 καὶ
1206 3873 1311 3947 τῆς
1343 3874 1431 3929 ἐπ’
1464 3874 1645 3936 αὐτοῖς
1670 3870 1818 3949 κατά

243 3966 487 4021 διάνοιαν
521 3967 971 4035 συγκαταθέσεως
1006 3966 1410 4041 ἐλευθερωθεὶς,
1441 3966 1537 4021 καὶ
1566 3965 1663 4036 τῆς
1688 3964 1817 4035 περὶ

243 4058 391 4111 αύτά
440 4058 558 4111 κατ’
609 4057 907 4130 ἐπιθυμίαν
965 4059 1233 4128 κινήσεως
1277 4056 1467 4111 στάσιν
1490 4054 1690 4119 λαϐὼν,
1722 4054 1817 4107 καὶ

244 4149 347 4218 τῆς
375 4147 552 4202 αὐτῶν
611 4148 774 4221 ψιλῆς
819 4147 1120 4218 φαντασίας
1166 4148 1258 4201 τὸν
1298 4145 1424 4201 νοῦν
1467 4144 1817 4214 καταστήσας

244 4235 566 4311 ἀμόλυντον,
604 4241 705 4306 τάς
753 4240 1028 4312 τέσσαρας
1078 4239 1303 4308 γενικὰς
1355 4238 1623 4300 ἀπαθείας
1653 4236 1813 4307 ἔχων,

238 4330 528 4402 ἐξέρχεται
579 4333 678 4402 τῆς
728 4331 862 4402 ὕλης
911 4332 1007 4385 καί⁵
1037 4331 1147 4384 τῶν
1172 4329 1394 4395 ύλικῶν,
1426 4331 1523 4383 καὶ
1551 4327 1686 4397 πρὸς
1715 4325 1817 4399 τὴν

243 4423 440 4493 νοεράν
466 4425 556 4478 καὶ
573 4423 724 4480 θείαν
753 4424 847 4477 καὶ
873 4422 1157 4494 εἰρηνικὴν
1175 4420 1286 4475 τῶν
1311 4417 1517 4492 νοητῶν
1535 4417 1816 4487 ἐπείγεται

239 4512 419 4586 λῆξηι

313 4778 411 4851 νβ’.
472 4778 700 4852 Πρῶτην
743 4779 1013 4833 ἀπάθειαν
1042 4777 1215 4846 λέγει,
1241 4775 1339 4847 τὴν
1364 4775 1501 4847 πρὸς
1534 4774 1811 4847 ἁμαρτίαν

239 4870 339 4924 τοῦ
397 4871 645 4941 σώματος
700 4870 819 4923 κατ’
870 4869 1146 4939 ἐνέργειαν
1206 4866 1487 4935 ἀνέπαφον
1551 4867 1768 4937 κίνησιν
1796 4883 1811 4897 σ

234 4962 505 5032 δευτέραν
526 4961 608 5028 δὲ,
635 4960 735 5031 τὴν
754 4962 897 5013 κατὰ
920 4958 1099 5028 ψυχὴν
1121 4957 1228 5011 τῶν
1253 4957 1516 5028 ἐμπαθῶν
1538 4958 1816 5029 λογισμῶν

1921 3332 2017 3398 tia,
2063 3348 2189 3388 cum
2213 3332 2508 3405 appetendi
2546 3333 2779 3389 facultas
2822 3333 2976 3388 nullo
3014 3332 3179 3387 modo
3204 3330 3496 3387 aﬁ'ectibus

1919 3432 2171 3480 movetur
2199 3439 2264 3479 ac
2294 3424 2543 3491 libidine,
2596 3425 2654 3481 in
2708 3425 2776 3480 iis
2803 3424 2898 3495 qui
2936 3439 3035 3494 per
3071 3423 3273 3493 ﬁguras
3308 3436 3493 3476 rerum

1919 3517 2096 3573 oculis
2116 3518 2506 3589 subjectarum,
2529 3518 2855 3588 spiritaliter
2877 3516 3118 3571 rationes
3141 3522 3492 3572 contuentur.

1916 3607 2120 3676 Quarta
2146 3609 2384 3680 denique
2415 3608 2859 3679 imperturbatio,
2886 3617 2971 3663 est
3007 3607 3090 3662 vel
3116 3606 3186 3661 ab
3206 3608 3326 3678 ipsa
3341 3606 3494 3661 nuda

1917 3694 2248 3766 cogitatione
2286 3696 2446 3766 plena
2479 3697 2799 3767 integraque
2824 3693 3182 3760 emundatio;
3215 3694 3271 3749 in
3298 3694 3367 3749 iis
3391 3695 3491 3764 qui

1916 3800 2019 3856 per
2038 3786 2326 3842 scientiam
2350 3795 2409 3842 et
2427 3786 2967 3858 contemplationem,
3000 3785 3265 3839 mundum
3289 3798 3355 3839 ae
3379 3785 3495 3855 pel-

1917 3874 2162 3930 lucidum
2188 3875 2285 3931 Dei
2335 3875 2617 3946 speculum
2674 3882 2915 3932 mentem
2960 3872 3341 3929 reddiderunt.
3385 3873 3490 3946 Qui

1917 3968 2084 4040 igitur
2110 3967 2180 4023 ab
2208 3968 2327 4039 ipso
2356 3983 2415 4023 se
2436 3969 2697 4024 vitiorum
2720 3979 2819 4023 seu
2840 3966 3132 4024 libidinum
3159 3975 3281 4023 actu
3303 3981 3497 4021 emun-

1917 4059 2089 4124 davit,
2111 4073 2176 4114 ac
2211 4074 2281 4113 ne
2307 4058 2420 4115 illis
2443 4060 2626 4115 animo
2655 4059 2962 4115 consentiat
2998 4059 3141 4114 liber
3175 4060 3369 4125 evasit,
3409 4060 3493 4115 af.

1916 4150 2173 4220 fectuque
2212 4151 2281 4205 ad
2315 4166 2379 4206 ea
2416 4151 2626 4205 moveri
2674 4158 2837 4220 atque
2873 4150 3003 4205 illici
3035 4150 3202 4206 desiit
3235 4150 3370 4220 :qui
3404 4151 3493 4206 de-

1916 4238 2084 4308 nique
2121 4255 2152 4293 a
2198 4239 2348 4294 nudo
2382 4240 2502 4308 ipso
2546 4239 2785 4309 cogitatu
2821 4239 3201 4294 intaminatam
3248 4248 3488 4295 mentem

1915 4330 2174 4395 reddidit,
2211 4331 2257 4386 is
2283 4330 2699 4401 quadruplicem
2740 4332 3049 4401 generieam
3076 4333 3341 4387 ἀπάθειαν
3364 4333 3489 4405 (im-

1915 4420 2660 4491 perturbatiouemscilieet)
2710 4428 2924 4486 nactus,
2971 4437 3003 4476 e
3043 4431 3188 4476 terra
3222 4423 3485 4478 terrenisi

1843 4518 1890 4576 Β
1917 4527 2023 4582 que
2054 4511 2353 4578 egreditur,
2406 4522 2462 4567 ει
2505 4511 2577 4566 ad
2626 4510 2890 4565 mentium
2922 4512 3276 4583 divinamque
3321 4521 3485 4584 atque

1917 4615 2165 4676 pacatam
2194 4604 2527 4676 spiritalium
2561 4603 2828 4674 requiem,
2857 4604 3155 4676 beatasque
3180 4606 3339 4662 sedes
3356 4622 3488 4663 conv

1916 4697 2112 4753 tendit.

1984 4786 2070 4840 5‘2.
2128 4784 2363 4840 Primam
2419 4786 2690 4841 ἀπάθειαν
2738 4787 3307 4857 (imperturbationem
3355 4790 3484 4860 σπι.

1915 4883 2194 4944 ctuumque
2220 4875 2573 4944 vacuitatem)
2623 4885 2803 4939 vocat,
2841 4877 3111 4932 illibatum
3156 4878 3407 4947 corporis
3428 4878 3485 4935 in

1914 4974 2195 5035 peccatum
2238 4965 2357 5035 ipso
2389 4974 2513 5021 actu
2541 4966 2697 5036 571
2729 4975 2967 5034 motum;
2998 4969 3221 5023 alteram
3246 5010 3258 5034 ,
3306 4969 3484 5039 perfe.

241 5053 455 5108 τελείαν
479 5052 770 5122 ἀποϐολὴν,
800 5051 866 5104 δι’
891 5047 960 5124 ἦς
993 5050 1102 5103 τῶν
1147 5049 1337 5103 παθῶν
1379 5050 1816 5120 ἀπομαραίνεται

1914 5067 2001 5112 ese
2030 5057 2213 5111 animo
2239 5057 2521 5113 abdicatas
2569 5059 2894 5115 libidinosas
2934 5060 3180 5130 vitioque
3215 5061 3486 5119 haerentes

238 5145 390 5199 κατά
413 5145 511 5217 τὴν
544 5143 767 5214 πρώτην
798 5143 1065 5196 ἀπάθειαν
1092 5140 1330 5212 κίνησις,
1363 5140 1693 5205 ἐξάπτοντας
1720 5142 1816 5195 αύ-

240 5236 346 5306 τὴν
375 5237 513 5307 πρὸς
546 5235 828 5307 ἐνέργειαν
880 5234 981 5287 οὐκ
1030 5233 1230 5302 ἔχουσα
1260 5234 1386 5296 τοὺς
1428 5233 1693 5302 ἐμπαθεῖς
1734 5234 1821 5288 λο-

240 5329 479 5398 γισμούς
511 5343 526 5359 ο
550 5328 740 5399 τρίτην
769 5327 848 5390 δὲ,
876 5326 975 5397 τὴν
1020 5324 1149 5395 περὶ
1187 5324 1257 5379 τά
1292 5324 1438 5393 πάθη
1477 5324 1687 5377 τελείαν
1714 5327 1814 5395 τῆς

234 5421 548 5490 ἐπιθυμίας
570 5422 881 5491 ἀκινησίαν,
918 5417 987 5472 δι’
1020 5419 1085 5489 ἢν
1115 5417 1206 5471 καὶ
1249 5418 1276 5487 ἢ
1304 5416 1530 5487 δευτέρα
1568 5417 1814 5485 γίνεσθαι

235 5508 484 5579 πέφυκε.
510 5511 579 5580 τῇ
606 5509 714 5563 τῶν
739 5506 1012 5579 λογισμῶν
1058 5506 1389 5577 καθαρότητι
1425 5504 1809 5577 συνισταμένη⁸

234 5599 517 5671 τετάρτην
551 5600 607 5653 δέ
637 5598 785 5668 λέγει
807 5598 1098 5660 ἀπάθειαν,
1128 5597 1229 5667 τὴν
1258 5595 1401 5649 κατά
1423 5594 1669 5649 διάνοιαν
1707 5613 1812 5648 πα-

240 5690 359 5745 σῶν
406 5690 522 5744 τῶν
576 5688 849 5761 αίσθητῶν
903 5685 1217 5757 φαντασιῶν
1270 5684 1484 5738 τελείαν
1532 5683 1813 5752 ἀπόθεσιν,

234 5782 370 5847 καθ’
401 5785 470 5855 ἢν
500 5783 711 5855 ητρίτη
740 5784 838 5850 τὴν
859 5782 1075 5851 γένεσιν
1103 5778 1347 5848 εἴληφεν,
1367 5777 1468 5831 οὐκ
1496 5775 1695 5847 ἔχουσα
1715 5777 1814 5842 τὰς

1908 5149 2296 5219 cogitationes,
2325 5166 2391 5206 ex
2414 5166 2524 5220 quo
2550 5159 2655 5215 est.
2686 5159 2745 5205 ut
2764 5150 3096 5222 pro‘prioris
3121 5150 3490 5221 imperturba-

1915 5242 2082 5296 tionis
2100 5232 2607 5305 modo,libidinum
2628 5251 2813 5297 motus
2831 5242 3234 5313 exstinguatur,
3256 5243 3345 5297 cui
3364 5242 3491 5298 libi.

1914 5333 2121 5388 dinosae
2141 5333 2503 5403 cogitationes
2534 5332 2738 5397 desint,
2770 5333 2970 5403 quibus
3001 5333 3056 5387 in
3082 5344 3265 5388 actum
3289 5350 3486 5390 accen.

1914 5422 2077 5477 datur
2103 5441 2120 5478 ι
2147 5424 2386 5488 tertiam,
2413 5424 2711 5494 perfectam
2739 5422 3049 5493 appetentis
3070 5422 3239 5479 animi
3278 5422 3335 5477 in
3356 5422 3488 5484 vitia

1910 5529 1978 5568 ac
2012 5514 2274 5569 libidines
2290 5515 2683 5578 cessationem,
2709 5530 2813 5583 qua
2835 5524 2890 5567 et
2918 5513 3158 5569 secunda
3186 5514 3266 5575 iit,
3289 5527 3412 5582 qua:
3430 5513 3487 5571 in

1913 5606 2307 5676 cogitationum
2342 5605 2586 5675 puritate
2617 5605 2913 5659 consistit:
2944 5614 3196 5673 quartam
3221 5603 3486 5672 denique,

1914 5708 2021 5762 qua
2059 5694 2307 5746 omnium
2358 5708 2479 5761 qua:
2528 5707 2687 5747 sensu
2737 5692 3084 5760 attinguntur
3128 5691 3489 5761 cogitationes

1915 5782 2527 5852 animoproﬁigamus,
2561 5782 2705 5837 unde
2752 5790 2806 5837 et
2834 5780 2997 5837 tertia
3039 5790 3224 5837 ortum
3270 5781 3485 5842 habuit.
