4064 6470
220 388 373 462 -1ἲ85

894 388 1223 452 CAPITUM
1258 381 1676 457 QUINQUIES
1713 378 2227 440 CENTENORUM
2266 378 2655 439 CENTURIA
2706 376 2822 436 ῐΙῐ.

3331 368 3467 439 19286

230 509 380 577 μίαν,
410 501 562 572 αὐτῷ
590 498 883 568 γινομένην
917 497 1130 566 ἡδονὴν,
1186 492 1327 547 κατὰ
1374 492 1472 562 τὴν
1518 492 1574 541 ὲν
1609 488 1789 557 χάριτι

1919 495 2061 539 atem
2098 487 2151 538 in
2186 487 2529 554 voluptatem
2558 485 2842 546 transisse,
2883 497 2979 551 per
3012 482 3181 535 animi
3207 497 3331 539 cum
3355 483 3467 537 Deo

226 601 363 670 πρὶς
393 598 450 650 τὸ
479 596 630 648 Θεῖον
675 593 770 661 τῆς
815 590 991 659 ψυχῆς
1020 590 1285 658 ἄχραντον
1316 583 1665 653 συμπλοκήν·
1706 579 1796 630 τὸν

223 668 285 745 δέ
312 690 502 758 θυμὸν,
538 686 685 749 ζέσιν
715 684 1007 752 ἀκήρατον,
1039 679 1137 748 τῆς
1170 676 1295 746 τιερλ⁸
1322 674 1381 726 τὸ
1410 674 1559 725 Θεῖον
1604 668 1797 738 ἡδονῆς

229 780 624 853 φρουρητικὴν,
676 776 770 829 καὶ
825 772 1089 843 σώφρονα
1120 768 1337 839 μανίαν,
1373 765 1469 834 τῆς
1516 761 1657 814 κατὰ
1700 758 1799 827 τὴν

228 879 419 943 ἔφεσιν
450 872 551 940 τῆς
576 870 753 938 ψυχῆς
788 863 1075 931 θελκτικῆς
1121 862 1401 928 δυνάμεως
1430 856 1537 908 ἀπὸ
1576 852 1683 904 τῶν
1711 850 1792 902 δν-

226 984 338 1019 των
368 963 590 1024 τελείως
629 957 979 1024 ἐκστατικὴν.
1018 952 1227 1006 Οὐκοῦν
1262 951 1366 1011 ἕως
1397 950 1456 1002 ἐν
1494 947 1627 1015 ἡμῖν
1652 944 1681 995 ὁ
1709 941 1799 994 κό-

231 1073 372 1126 σμος
405 1055 492 1122 ζῇ,
530 1052 625 1105 καὶ
656 1052 688 1120 ἠ
716 1048 852 1117 πρὸς
879 1046 948 1098 τὰ
993 1044 1155 1096 om:
1196 1040 1294 1108 τῆς
1346 1036 1523 1105 ψυχῆς
1554 1031 1797 1095 ἑκούσιος

229 1149 438 1217 σχέσις,
467 1145 527 1197 οὐ
568 1142 651 1194 δεῖ
686 1139 912 1199 ταύταις
941 1134 1199 1203 παρέχειν
1230 1128 1535 1195 ἐλευθερίαν
1565 1126 1682 1185 ταῖς
1713 1120 1801 1173 δυο

229 1240 455 1305 νάμεσι,
513 1234 708 1303 μήπως
767 1229 1008 1299 μιγεῖσαι
1047 1226 1158 1286 τοῖς
1187 1220 1461 1289 αἰσθητοῖς
1489 1215 1564 1278 ὼς
1597 1210 1801 1283 ὁμοφύ-

232 1304 367 1391 λοις,
423 1324 777 1393 πολεμήσωσι
819 1319 918 1386 τὴν
959 1316 1161 1385 ψυχὴν.
1209 1314 1305 1365 καὶ⁹
1345 1310 1583 1363 λάϐωσιν
1632 1304 1799 1373 αὐτὴν

231 1418 571 1488 δορυάλωτον
620 1409 993 1481 γεγενημένην
1051 1408 1165 1468 τοῖς
1218 1402 1468 1463 πάθεσιν,
1518 1398 1591 1459 ὡς
1634 1396 1799 1455 πάλαι

232 1511 338 1579 τὴν
366 1504 741 1577 Ἰερουσαλὴμ,
776 1504 825 1555 οἱ
883 1498 1240 1553 Βαϐυλώνιοι.
1301 1495 1404 1547 Τὸν
1462 1491 1571 1562 γὰρ
1629 1488 1799 1542 αἰῶνα

234 1601 364 1655 καθ’
391 1600 450 1652 ὃν
480 1598 605 1660 τοὺς
650 1594 981 1662 ἀλλοφύλους
1032 1590 1228 1651 παῖδας
1256 1581 1532 1639 δουλεύειν
1564 1582 1592 1633 ὁ
1638 1579 1801 1647 νόμος

236 1692 518 1753 ἰκέλευσε,
552 1691 651 1759 τὴν
708 1688 841 1757 πρὸς
888 1686 980 1738 τὸν
1014 1686 1216 1753 κόσμον
1248 1680 1455 1739 τοῦτον,
1491 1678 1655 1747 ἤγουν
1703 1673 1801 1741 τὴν

237 1784 522 1853 παροῦσαν
548 1778 713 1849 ζωὴν,
741 1776 1030 1847 γνωμικὴν
1064 1775 1162 1842 τῆς
1196 1773 1373 1842 ψυχῆς
1409 1769 1648 1836 ἐσήμαινε
1682 1762 1801 1832 σχέ-

239 1842 384 1927 σινό
415 1842 591 1940 λόγοξ,
642 1842 731 1925 διὰ
754 1842 875 1923 ⁷τῶν
913 1842 1307 1938 ἱστορουμένων
1341 1858 1701 1919 παραδεικνὺς
1734 1854 1803 1907 τὰ
1834 1842 1880 1899 Β

237 1963 361 2015 νοού
370 1978 527 2031 μενα.

242 2288 247 2291 Δ
316 2218 413 2281 νζκ
456 2215 758 2286 Ἦργμένον
799 2214 965 2283 λέγει,
1016 2213 1076 2266 τὸ
1116 2212 1317 2266 κακόν·
1352 2212 1527 2283 ἀρχὴν
1558 2212 1666 2280 γὰρ
1696 2208 1808 2279 ἔχει

240 2310 343 2380 τὴν
367 2308 521 2378 ἡμῶν
553 2306 701 2377 παρὰ
743 2306 903 2374 φύσιν
936 2306 1148 2377 κίνησιν
1172 2322 1183 2334 ·
1218 2306 1316 2357 οὐκ
1339 2303 1611 2374 ἠργμένον
1638 2300 1719 2387 Ιδὲ,
1750 2300 1810 2353 τὸ

240 2400 452 2469 ἀγαθόν
485 2400 582 2471 (9)·
616 2400 720 2471 πρὸ
751 2399 951 2462 παντὸς
988 2398 1097 2468 γὰρ
1120 2398 1315 2459 αἰῶνος
1340 2398 1429 2449 καὶ
1464 2396 1678 2465 χρόνον,
1708 2394 1808 2461 φύ-

244 2510 332 2546 σει
369 2492 430 2545 τὸ
457 2491 679 2558 ἀγαθόν.
719 2491 925 2559 Νοητον
955 2489 1102 2556 λέγει
1138 2491 1195 2542 τὸ
1224 2488 1446 2555 ἀγαθὸν.
1482 2488 1510 2541 ὃ
1539 2486 1619 2538 δεῖ
1653 2486 1809 2555 μόνον

244 2587 419 2638 νοεῖνο
460 2584 518 2636 οὐ
575 2582 760 2651 νοητὸν
798 2582 874 2643 δὲ,
909 2583 971 2634 τὸ
1016 2580 1203 2643 κακὸν,
1240 2582 1376 2650 ὅπερ
1415 2580 1494 2632 δεῖ
1545 2579 1702 2647 μόνον
1737 2576 1810 2646 μὴ

245 2680 390 2729 νοεῖν
416 2692 430 2705 ·
469 2675 630 2746 ῥητὸν
657 2674 712 2727 δὲ
740 2674 888 2742 λέγει
921 2676 980 2725 τὸ
1019 2672 1241 2741 ἀγαθὸν,
1279 2673 1411 2724 αὐτὸ
1434 2670 1540 2741 γὰρ
1580 2669 1659 2721 δεῖ
1713 2668 1810 2738 μό-

245 2787 338 2821 νον
370 2767 665 2820 λαλεῖσθαι.
702 2767 811 2818 Καὶ
848 2764 1129 2834 γινόμενον
1153 2764 1302 2830 λέγει
1335 2762 1395 2815 τὸ
1420 2760 1641 2828 ἀγαθόν·
1674 2756 1813 2810 κατὰ

247 2859 412 2930 φύσιν
436 2858 542 2928 γὰρ
578 2857 818 2927 ὑπάρχον
854 2856 1169 2926 ἀγέννητον,
1201 2852 1344 2911 κατὰ
1382 2853 1545 2923 χάριν
1571 2850 1657 2903 διὰ
1684 2850 1807 2917 ,φιλ-

251 2951 570 3022 ανθρωπίαν
596 2951 726 3020 παρ’
752 2948 910 3019 ἡμῶν
944 2949 1194 3017 ἀνέχεται
1222 2945 1493 3014 γίνεσθαι,
1536 2944 1669 3013 πρὸς
1715 2944 1813 3015 τὴν

249 3044 412 3114 ἡμῶν
438 3042 545 3096 τῶν
579 3043 874 3095 ποιούντων
908 3040 1001 3094 καὶ
1025 3038 1331 3092 λαλούντων
1361 3035 1642 3096 ὲκθέωσιν,
1676 3035 1813 3103 ὅπερ

247 3137 335 3188 δεῖ
364 3132 670 3202 μονώτατον
698 3131 971 3201 γίνεσθαιο
1005 3130 1066 3181 οὐ
1098 3116 1417 3197 ποιούμενον
1444 3125 1499 3176 δὲ
1536 3123 1596 3175 τὸ
1626 3121 1813 3180 κακὸν.

249 3228 390 3297 ὅπερ
418 3226 498 3278 δεῖ
527 3226 686 3295 μόνον
723 3226 796 3295 μὴ
831 3222 1100 3291 γίνεσθαι.
1138 3218 1381 3288 Φθαρτὺν
1427 3217 1575 3284 λέγει
1605 3216 1665 3266 τὸ
1715 3231 1817 3267 και

254 3321 381 3374 κόν·
420 3320 592 3389 φθορὰ
627 3319 735 3389 γάρ
769 3322 917 3369 ἐστιν
948 3318 981 3384 ἡ
1015 3314 1108 3367 τοῦ
1148 3310 1319 3370 κακοῦ
1358 3310 1539 3379 φύσις,
1569 3307 1820 3377 οὐδαμῶς

255 3410 380 3465 κατ’
406 3411 556 3462 οὐδὲν
585 3408 817 3479 ὓπαρξιν
843 3407 1040 3475 ἔχουσα
1062 3421 1075 3433 ·
1117 3403 1392 3473 ἄφθαρτον
1423 3401 1479 3453 δὲ
1511 3401 1571 3453 τὸ
1594 3398 1818 3464 ἀγαθὸν,

250 3502 332 3562 ὼς
359 3502 448 3554 ἀεὶ
496 3501 573 3563 ὃν,
620 3501 717 3553 καὶ
748 3500 1015 3569 μηδέποτε
1060 3496 1154 3549 τοῦ
1191 3492 1329 3547 εἶναι
1362 3493 1688 3560 παυόμενον,
1727 3490 1821 3541 καὶ

256 3597 479 3650 πάντων
509 3590 588 3657 οἷς
617 3593 924 3662 ἐγγίνηται,
952 3588 1339 3659 φρουρητικόν.
1367 3585 1538 3638 Τοῦτο
1568 3583 1719 3652 γοῦν,
1744 3581 1822 3649 τῷ

261 3687 361 3756 μὲν
392 3683 706 3753 λογιστικῷ,
744 3682 1011 3752 ζητοῦμεν
1031 3698 1044 3710 ·
1095 3680 1172 3749 τῷ
1200 3680 1254 3732 δὲ
1284 3673 1684 3747 ἐπιθυμητικῷ,
1724 3690 1820 3724 πο-

259 3764 461 3847 θοῦμεν
486 3793 498 3805 °
534 3776 610 3846 τῷ
642 3775 699 3828 δὲ
744 3774 980 3845 θυμικῷ,
1014 3772 1354 3842 φυλάττομεν
1396 3770 1594 3824 ἄσυλον
1621 3786 1632 3800 ·
1671 3766 1746 3835 τῷ
1768 3765 1823 3847 ’δ’

258 3868 568 3940 αἰσθητικῷ
612 3867 731 3921 κατ’
779 3870 1109 3937 ἐπιστήμην,
1145 3866 1343 3935 ἀμιγὲς
1370 3865 1502 3917 αὐτὸ
1528 3864 1635 3917 τῶν
1668 3866 1821 3916 ἐναν-

258 3964 391 4016 τίων
415 3963 794 4032 διακρίνομεν·
836 3960 912 4029 τῷ
938 3960 993 4012 δὲ
1023 3955 1332 4027 φωνητικῷ,
1364 3956 1650 4019 λαλοῦντες
1694 3957 1825 4009 αὐτὸ

260 4052 524 4123 ποιοῦμεν
573 4055 685 4115 τοῖς
738 4051 989 4118 ἀγνοοῦσι
1043 4049 1301 4118 φανερὸψ
1358 4047 1558 4117 καὶτῷ
1592 4047 1823 4117 γονίμῳ,

261 4144 607 4215 πληθύνομεν
634 4143 765 4198 αὐτό
787 4160 799 4171 ο
866 4140 1066 4211 μᾶλλον
1116 4139 1160 4192 δ’
1209 4137 1406 4208 ἀληθὲς
1436 4139 1631 4201 εἰπεῖν,
1663 4140 1823 4208 ἡμεῖς

261 4236 382 4286 κατ’
410 4234 542 4287 αὐτὸ
574 4231 978 4303 πληθυνόμεθα.

1904 578 2247 646 impollutam
2275 576 2331 629 in
2354 576 2528 644 gratia
2549 575 2911 629 eolxzesionem
2936 573 3202 635 inveniet;
3221 571 3469 640 iramque

1903 672 1961 724 in
1994 672 2381 725 intemeratum
2440 668 2712 721 fervorem
2739 664 3078 734 ,-voluptatis
3116 664 3260 717 circa
3297 663 3468 716 Deum

1901 765 2196 826 vindicem,
2234 764 2594 831 sob‘riumque
2643 762 2941 822 fervorem,
3005 772 3137 827 quo,
3193 754 3470 809 desiderio

1904 859 2152 917 mulcens
2190 866 2245 911 et
2272 855 2596 913 illecebrosa
2641 846 2806 908 ιιιιίὴί
2840 852 3086 909 facultas
3109 889 3124 909 ,
3172 848 3414 919 perfecte
3439 862 3469 900 a

1906 951 2073 1004 rebus
2105 947 2341 1003 excedit.
2376 946 2631 1013 Quandiu
2659 946 2826 1015 igitur
2852 944 3091 1002 mundus
3118 943 3174 996 in
3200 942 3361 996 nobis
3384 940 3469 994 vi-

1902 1043 2001 1107 vit,
2035 1039 2455 1107 voluntariaque
2499 1037 2670 1091 animi
2714 1036 2783 1090 ad
2824 1051 2911 1089 res
2942 1044 3188 1089 terrenas
3227 1031 3467 1095 affectio,

1904 1130 2209 1186 cavendum
2233 1128 2393 1182 nobis
2422 1142 2491 1180 ne
2514 1126 2612 1179 bas
2634 1125 2782 1178 vires
2807 1124 3061 1178 libertate
3089 1124 3377 1188 donemus,
3403 1139 3473 1177 ne

1892 1225 2047 1299 forte
2076 1237 2203 1277 cum
2237 1220 2404 1275 rebus
2438 1219 2494 1272 in
2532 1233 2753 1272 sensum
2791 1216 3115 1271 cadentibus
3156 1217 3311 1271 velut
3348 1230 3473 1270 cum

1907 1314 2201 1370 tribulibus
2226 1311 2548 1372 commistaa,
2581 1307 2821 1362 animum
2851 1308 2998 1361 bello
3037 1316 3269 1372 tentent,
3292 1307 3471 1360 vitiis-

1904 1422 2010 1477 que
2055 1421 2119 1460 ac
2160 1404 2450 1459 affectibus
2499 1400 2815 1456 dedititium
2869 1400 3255 1469 captivumque
3305 1399 3473 1472 (haud

1903 1513 2062 1554 secus
2106 1511 2170 1551 ac
2207 1496 2336 1551 olim
2381 1495 2661 1565 Babylonii
2692 1492 3050 1563 Jcrosolyma)
3082 1493 3318 1561 capiant.
3362 1491 3473 1545 Sat.

1906 1586 2090 1641 culum
2133 1584 2279 1638 enim
2306 1623 2322 1644 ,
2358 1600 2466 1652 quo
2500 1591 2614 1637 toto
2644 1582 2730 1636 lex
2771 1597 2959 1635 servos
2991 1582 3328 1650 alienigenas
3356 1594 3474 1633 sere

1906 1678 2023 1731 vire
2066 1674 2422 1747 praeceperat,
2452 1691 2573 1729 eam
2593 1690 2717 1743 qua:
2758 1674 2962 1728 mentis
2989 1673 3265 1727 sententia
3289 1687 3353 1725 ac
3380 1686 3476 1722 vo-

1906 1768 2137 1827 luntate.
2167 1766 2233 1820 ad
2271 1764 2535 1820 mundum
2567 1765 2733 1818 istum
2779 1764 2867 1834 (ad
2902 1779 3020 1818 eam
3062 1763 3273 1818 scilicet
3310 1777 3477 1830 quam

1909 1859 1964 1911 in
1988 1874 2053 1911 co
2098 1857 2333 1910 vivimus
2368 1854 2570 1924 vitam)
2606 1855 2826 1909 affectio
2873 1870 2937 1907 ac
2965 1853 3135 1907 libido
3176 1862 3260 1907 est
3285 1892 3299 1912 ,
3332 1851 3478 1905 Seri-

1909 1962 2067 2021 ptura
2092 1948 2419 2019 signiﬁcavit
2444 1964 2457 2012 ;
2486 1964 2582 2016 per
2630 1961 2693 1999 ea
2722 1960 2844 2015 quae
2874 1952 3024 2014 gesta
3066 1932 3384 2002 narrantur,
3411 1956 3475 1995 ea

1909 2059 2028 2111 quae
2070 2040 2306 2111 spiritali
2334 2054 2498 2093 sensu
2531 2035 2886 2107 intelligenda
2917 2044 3067 2098 sunt,
3114 2033 3295 2091 obiter
3337 2031 3477 2085 indi~

1908 2148 2059 2189 cans.

1979 2223 2065 2276 5’7.
2099 2220 2296 2274 Malum
2330 2230 2618 2288 occeptum
2651 2217 2785 2272 dicit
2818 2236 2828 2270 :
2863 2216 3066 2286 quippe
3095 2231 3223 2274 cum
3254 2215 3478 2273 innatu—

1912 2313 2079 2370 ralem
2129 2320 2337 2365 motum
2390 2319 2641 2364 nostrum
2686 2308 2954 2379 originem
3006 2308 3220 2365 habeat.
3270 2307 3478 2361 Bonum

1912 2418 2091 2463 autem
2117 2421 2225 2460 non
2248 2412 2534 2476 occeptum
2553 2419 2566 2465 ;
2588 2402 2735 2472 quod
2760 2401 3019 2457 nimirum
3036 2410 3226 2454 natura
3253 2400 3478 2459 bonum,

1911 2500 2057 2553 omni
2086 2508 2328 2568 tempore
2362 2513 2589 2567 aevoque
2614 2494 2863 2551 anterius
2895 2500 2999 2549 est.
3030 2491 3376 2564 lntclligibilc
3401 2491 3483 2543 di-
3546 2494 3547 2497 “

1912 2593 1987 2648 (ﬁt
2017 2592 2241 2654 bonum,
2270 2590 2415 2660 quod
2456 2591 2633 2645 solum
2672 2598 2735 2641 ut
2758 2589 3130 2657 intelligamus
3157 2603 3336 2655 operm
3354 2602 3481 2654 pre-

1914 2686 2048 2737 tium
2108 2693 2228 2737 est:
2259 2699 2367 2736 non
2419 2681 2762 2751 intelligibile
2810 2687 2994 2733 autem
3040 2678 3277 2735 malum.
3336 2675 3483 2744 quod

1914 2776 2090 2830 solum
2130 2790 2238 2828 non
2275 2773 2579 2843 intelligere
2626 2788 2721 2826 seu
2768 2771 3007 2840 cogitare
3043 2767 3202 2823 nobis
3246 2775 3482 2836 praestet.

1913 2867 2082 2923 Porro
2106 2866 2326 2919 fandum
2355 2874 2510 2918 vocat
2531 2864 2734 2916 bonum
2759 2903 2772 2925 ,
2807 2862 2951 2930 quod
2988 2861 3163 2930 ipsqu
3190 2860 3363 2913 solum
3388 2873 3487 2912 nos

1914 2958 2063 3026 loqui
2089 2973 2185 3026 par
2218 2965 2331 3020 est,
2375 2954 2618 3023 dicitque
2649 2954 2853 3008 bonum
2885 2968 3005 3006 esse
3039 2951 3186 3021 quod
3231 2950 3309 3012 ﬁt,
3340 2949 3487 3019 quod

1915 3064 2037 3102 cum
2067 3056 2265 3100 natura
2294 3046 2595 3115 ingenitum
2640 3044 2795 3097 sitae
2830 3058 2938 3096 non
2979 3040 3207 3105 factum,
3239 3040 3310 3093 ob
3336 3055 3486 3093 sum—

1918 3154 2059 3191 mam
2096 3138 2511 3206 benignitatem,
2549 3146 2608 3189 ut
2637 3152 2666 3189 a
2698 3136 2876 3197 nobis,
2907 3134 2976 3187 ob
2997 3143 3244 3187 nostram
3275 3133 3366 3200 qui
3398 3131 3480 3184 fa-

1925 3231 2098 3285 cimus
2145 3239 2309 3298 atque
2353 3229 2633 3297 loquimur
2671 3226 3091 3289 deiﬁcationcm,
3124 3240 3221 3297 per
3260 3223 3490 3293 gratiam

1930 3324 2041 3385 fiat,
2092 3321 2418 3390 propensius
2442 3318 2716 3381 admittit;
2753 3317 2899 3386 quod
2944 3333 3116 3371 unum
3151 3315 3401 3371 maxime
3427 3330 3491 3366 ae

1928 3413 2418 3481 singularissimum
2466 3412 2605 3475 fieri,
2642 3426 2821 3481 opera:
2868 3411 3103 3479 pretium
3139 3417 3258 3463 est:
3288 3408 3489 3462 malum

1928 3521 2058 3559 vero
2085 3504 2230 3574 quod
2260 3520 2368 3557 non
2395 3503 2507 3567 fiat,
2539 3502 2685 3571 quod
2712 3503 2888 3556 solum
2919 3498 3210 3569 nor1573
3244 3498 3361 3553 fieri
3404 3499 3491 3551 dc-

1929 3605 2066 3650 ceat.
2113 3594 2483 3663 Corruptibilc
2534 3594 2735 3646 malum
2766 3593 3012 3645 voeitat:
3056 3602 3141 3645 est
3178 3590 3323 3643 enim
3372 3604 3493 3643 cor-

1926 3687 2109 3757 ruptio
2143 3686 2269 3739 mali
2315 3696 2534 3748 natura,
2567 3701 2689 3754 qua:
2723 3684 2928 3737 nullam
2969 3698 3196 3752 prorsus
3227 3681 3494 3735 exsisten-

1926 3779 2165 3834 tiamaut
2195 3777 2551 3833 substantiam
2578 3776 2774 3830 habeat
2810 3793 2821 3828 :
2858 3775 3059 3829 bonum
3102 3782 3284 3827 autem
3317 3772 3494 3825 ineor—

1927 3868 2206 3937 ruptibile,
2244 3876 2302 3921 ut
2335 3867 2476 3937 quod
2505 3868 2574 3920 sit
2603 3883 2838 3936 semper,
2860 3874 2914 3920 et
2936 3880 3214 3934 nunquam
3254 3879 3375 3917 esse
3400 3862 3494 3915 de-

1929 3962 2089 4027 sinat,
2125 3978 2188 4015 ac
2210 3961 2412 4031 quibus
2442 3960 2600 4021 inest,
2636 3958 3061 4017 incolumitatem
3092 3972 3156 4010 ac
3181 3965 3494 4026 perennita-

1929 4064 2039 4109 tem
2082 4054 2301 4108 tribuat.
2351 4036 2501 4107 istud
2537 4051 2699 4121 igitur
2735 4054 2949 4119 (nempe
2988 4050 3211 4118 bonum)
3242 4048 3497 4102 facultate

1929 4145 2156 4201 rationis
2195 4144 2528 4214 qumrimus;
2562 4141 2861 4212 cupiditate
2906 4154 3153 4195 amamus
3185 4154 3248 4194 ac
3278 4138 3495 4192 deside-

1931 4251 2147 4300 ramus;
2182 4236 2282 4297 ira,
2317 4232 2632 4287 inviolabile
2662 4247 2980 4295 servamus;
3008 4246 3201 4285 sensus
3236 4230 3495 4284 facultate

258 4343 362 4397 per
396 4326 676 4383 scientiam
711 4342 774 4379 ac
812 4324 1122 4385 solertiam,
1162 4322 1555 4379 incommistum
1620 4321 1795 4390 ipsum
1826 4341 1862 4379 ea
1901 4328 2188 4382 contrariis
2228 4326 2623 4390 discernimus;
2673 4325 2822 4378 vocis
2880 4338 3125 4394 organo,
3167 4323 3234 4376 ad
3281 4337 3374 4375 eos
3402 4320 3497 4389 qui

264 4412 1514 4489 nesciant,loquendomanifestamus;genitali
1549 4411 1828 4477 facultate,
1870 4414 2045 4485 ipsum
2093 4417 2551 4486 multiplicamus;
2596 4430 2691 4470 seu
2759 4414 2965 4485 potius,
3001 4424 3061 4468 ut
3125 4429 3253 4469 vere
3297 4413 3497 4477 dicam,

264 4525 333 4563 ex
357 4510 477 4578 ejus
512 4504 611 4562 nos
632 4507 936 4561 rationibus
967 4505 1407 4574 multiplicamur.

339 4623 441 4697 νη⁹.
475 4629 565 4678 Δεῖ
592 4626 682 4678 τὸν
720 4624 1051 4694 θεωρητικὸν
1080 4621 1223 4687 νοῦν,
1259 4620 1610 4691 βασιλεύοντα
1640 4622 1749 4676 τῶν
1774 4625 1815 4675 ἐι

2005 4624 2094 4679 58.
2127 4624 2318 4695 Operae
2366 4625 2608 4695 pretium
2634 4634 2723 4678 est
2760 4632 3000 4678 mentem
3048 4626 3494 4695 contemplationi

262 4723 380 4780 τοῖς
404 4714 523 4772 οὖσι
554 4717 840 4788 νοημάτων
874 4733 931 4768 τε
981 4715 1075 4768 καὶ
1123 4714 1429 4783 θεαμάτων,
1476 4716 1572 4769 καὶ
1602 4715 1712 4768 τῶν
1749 4717 1829 4768 οἰ·-

266 4809 435 4862 κεὶων
474 4807 813 4876 κινημάτων,
846 4805 957 4869 ἕξιν
998 4806 1193 4872 ἄγονον
1223 4803 1366 4874 ἔχειν
1399 4806 1595 4869 κακίας
1619 4824 1632 4837 ο
1672 4824 1828 4859 τουτ-

267 4901 409 4960 έστι,
445 4898 643 4950 κακίαν
677 4898 814 4966 μήτε
851 4893 1325 4962 συλλαμϐάνουσαν
1360 4896 1656 4962 παντελῶς,
1694 4901 1831 4967 μήτε

264 4989 563 5043 τίκτουσαν
582 5003 596 5018 ·
628 4989 711 5056 ἐφ’
735 4984 804 5059 ἦς
831 4986 992 5038 αὐτὸν
1018 4985 1100 5037 δεῖ
1154 4986 1281 5056 περὶ
1307 4984 1541 5050 θεωρίαν
1576 4988 1829 5058 κινούμε-

269 5094 362 5128 νον
411 5075 691 5146 φέρεσθαι,
727 5078 924 5145 μήπως
974 5074 1354 5143 πνευματικὴν
1388 5074 1709 5144 ποιούμενος
1737 5077 1835 5145 τὴν

268 5169 383 5221 τῶν
424 5170 603 5221 ιὸντων
647 5167 952 5236 διάσκεψιν,
1015 5165 1191 5218 λαθὼν
1246 5167 1519 5238 περιπέσῃ
1574 5167 1679 5219 τινὶ
1729 5168 1839 5220 τῶν

271 5260 674 5332 παραφθεζρειν
722 5260 817 5313 διὰ
864 5258 1007 5322 τινος
1050 5259 1157 5311 τῶν
1195 5257 1471 5329 αἰσθητῶν
1521 5265 1840 5328 πεφυκότων

358 5421 606 5493 ‘Dionys.
631 5423 693 5475 de
719 5424 820 5476 div.
854 5439 994 5476 nom.

350 5579 426 5647 (gl
475 5578 796 5647 Ἠργμένον
856 5581 921 5633 τε)
982 5583 1201 5634 κακόν·
1260 5583 1369 5632 οὐκ
1417 5582 1711 5649 ἠργμένον
1774 5584 1836 5636 τὸ

276 5650 521 5728 ἀγαθόν.
562 5648 793 5728 Crepmm
815 5650 1013 5728 malum
1036 5669 1060 5728 ;_
1083 5654 1272 5705 bonum
1295 5655 1839 5728 _n072.carpturrz.;cujus

279 5719 567 5799 utriusque
592 5719 740 5773 clara
764 5721 1159 5799 ratio_;\lasimo
1192 5720 1386 5799 tradita
1414 5739 1425 5772 :
1456 5725 1599 5789 quod
1633 5725 1836 5777 malum

274 5805 305 5844 2
347 5789 507 5842 nabis
543 5802 833 5859 nostraque
870 5792 1269 5851 sitvoluntate,‘
1311 5789 1512 5844 bonum
1553 5804 1741 5859 autem
1777 5795 1833 5847 in

1936 4714 2198 4775 deditam,
2226 4730 2346 4783 qua:
2376 4715 2765 4771 exsistentibus
2794 4715 2848 4767 in
2879 4714 3041 4767 rebus
3079 4714 3399 4770 nationibus
3435 4732 3497 4769 ac

1938 4807 2383 4876 speculabilibus,
2436 4806 2655 4875 suisque
2697 4806 2811 4875 ipsa
2857 4807 3096 4861 motibus
3143 4807 3494 4869 dominetur,

1940 4897 2236 4950 infecundo
2272 4897 2387 4950 vitii
2428 4913 2491 4951 ac
2524 4896 2743 4951 malitia:
2779 4897 2968 4952 habitu
3015 4897 3299 4967 przeditam
3330 4913 3447 4952 esse
3483 4916 3495 4949 :

1939 4986 2211 5055 ejusmodi
2233 4987 2444 5041 scilicet
2479 4987 2688 5050 habitu,
2746 4989 2840 5057 qui
2886 5004 2991 5042 nec
3043 4988 3234 5041 vitium
3274 5004 3338 5041 ac
3384 5004 3499 5042 ma-

1937 5077 2109 5131 litiam
2155 5078 2385 5131 omnino
2430 5078 2730 5148 concipiat,
2791 5094 2969 5148 neque
3023 5080 3235 5148 pariat:
3266 5094 3376 5148 quo
3421 5079 3504 5132 in-

1937 5177 2223 5233 structam,
2251 5170 2382 5224 ferri
2408 5187 2531 5225 eam
2559 5171 2717 5226 decet
2736 5182 2901 5241 atque
2927 5172 3134 5226 moveri
3164 5172 3231 5227 ad
3258 5180 3506 5226 conteru-

1938 5260 2270 5330 plationcm;
2300 5277 2366 5316 ne
2390 5261 2531 5317 forte
2546 5262 2674 5317 dum
2701 5263 2932 5333 spiritali
2953 5279 3135 5319 rerum
3170 5265 3500 5334 inspectioni

1949 5594 2058 5638 tota
2086 5601 2181 5638 sua
2199 5584 2490 5637 latitudine
2509 5584 2785 5639 abstrahat
2805 5586 2952 5639 abeo
2973 5584 3116 5653 quod
3135 5593 3213 5639 est
3238 5582 3499 5653 coepisse;

1941 5657 2085 5723 quod
2127 5656 2197 5707 sit
2230 5655 2434 5706 bonum
2470 5666 2686 5715 natura,
2714 5656 2890 5725 ipsum
2938 5665 3199 5709 aeternum
3233 5655 3499 5722 Deusque.

1936 5726 2174 5794 insipidc
2211 5725 2371 5778 Picus
2422 5732 2477 5775 et
2520 5725 2878 5794 ἁφιλοσὸφως,
2918 5726 3119 5779 malum
3154 5732 3500 5785 ronrrtatum,

1934 5797 2123 5848 bonum
2156 5811 2255 5847 non
2287 5805 2571 5847 arrlalum.
