4064 6456
253 367 390 435 1280

890 366 1223 435 CAPITUM
1259 366 1678 449 QUINQUIES
1712 368 2224 439 CENTENORUM
2261 377 2640 439 CENTURIA
2685 378 2801 439 III.

3342 382 3475 449 1290

251 481 362 544 θοῖς
395 481 739 551 εὐχαριστῶν
765 482 922 552 ὁμοῦ,
957 486 1105 538 καὶὸ
1126 486 1212 539 ἐπ’
1246 486 1589 557 ἐγκλήμασιν
1619 486 1809 549 ὲταζό-

1938 488 2004 556 [ni
2038 486 2111 541 ob
2135 487 2277 541 dona
2305 488 2503 541 collata
2535 487 2738 557 gratias
2762 486 2894 557 agit,
2942 501 3002 543 se
3036 489 3309 555 humiliat,
3358 503 3476 549 tum

251 589 430 644 μενος,
457 573 852 629 ταπεινοῦται·
901 576 930 629 6
976 577 1096 646 μὲν,
1127 579 1317 632 ἑαυτὸν
1348 579 1567 644 ἀνάξιον
1612 579 1815 649 κρίνων

246 665 356 719 τῶν
385 666 645 720 δοθέντων
672 666 873 720 καλῶψ
902 669 931 721 ὁ
965 668 1044 732 δὲ,
1073 670 1259 724 λαϐεῖν
1281 672 1473 741 ἄφεσιν
1501 671 1611 724 τῶν
1636 671 1816 741 πλημ-

250 756 600 828 μεληθέντων
626 758 900 829 δεόμενος.

322 848 414 915 ξδ’.
441 850 514 903 Τὸ
536 849 637 920 τῆς
661 851 1041 922 ὑπερηφανίας
1065 852 1256 918 πάθος,
1287 857 1352 909 ὲκ
1379 855 1471 909 δύο
1490 856 1818 926 συνέστηκεν

247 941 501 1011 ἀγνοιῶν.
537 942 641 997 Δύο
683 943 743 997 δὲ
779 944 1131 1000 συνελθοῦσαι
1169 949 1305 1018 πρὸς
1336 948 1548 1002 ·ἓνωσιν
1579 950 1813 1016 ἄγνοιαι,

250 1036 384 1105 μίαν
414 1036 675 1106 φρόνησιν
697 1037 1108 1107 συγκεχυμένην
1128 1039 1474 1095 ἀποτελοῦσι.
1507 1041 1680 1103 Μόνος
1710 1042 1817 1112 γάρ

247 1127 456 1189 ἐκεῖνός
477 1128 627 1180 ἐστιν
651 1128 1017 1197 ὑπερήφανος,
1049 1131 1077 1181 6
1110 1130 1204 1182 καὶ
1241 1131 1337 1201 τήν
1364 1132 1513 1184 Θείαν
1547 1132 1816 1203 βοήθειαν,

246 1219 346 1271 καὶ
391 1219 491 1289 τὴν
545 1219 895 1289 ἀνθρωπίνην
946 1222 1219 1291 ἀγνοήσας
1271 1222 1574 1276 ἀσθένειαν.
1610 1223 1820 1278 υὺκοῦν

247 1310 601 1381 ὑπερηφανία
639 1312 777 1376 ἐστὶ,
827 1312 977 1377 θείας
1023 1314 1117 1367 καὶ
1166 1312 1517 1384 ἀνθρωπίνης
1567 1313 1819 1383 γνώσεως

249 1404 531 1474 στέρησις.
565 1404 644 1473 Τῇ
705 1404 815 1476 γὰρ
860 1405 969 1459 τῶν
1008 1405 1222 1478 ἀληθῶν
1271 1405 1458 1478 ἄκρων
1523 1406 1819 1477 ἀποφάσει,

252 1496 355 1565 μία
384 1497 477 1549 καὶ
504 1495 705 1567 ψευδὴς
735 1498 969 1568 ὑπάρχει
995 1499 1327 1567 κατάφασις.

326 1584 419 1652 Es’.
480 1587 543 1638 Ἥ
593 1588 891 1653 κενοδοξία,
947 1589 1153 1643 σκοποῦ
1209 1590 1307 1660 μὲν
1355 1590 1451 1644 τοῦ
1502 1590 1645 1643 κατὰ
1690 1590 1821 1643 Θεόν

248 1679 403 1730 ἐστιν
446 1677 742 1743 ἔκστασις·
811 1680 949 1750 πρὸς
1000 1679 1059 1733 δὲ
1107 1681 1267 1735 ἄλλον
1320 1682 1523 1735 σκοπὸν
1556 1684 1708 1754 παρά
1733 1684 1822 1737 τὸν

248 1766 401 1822 θεῖον
456 1770 688 1841 ὑπάρχει
744 1771 1065 1842 μετάϐασις.
1114 1773 1402 1838 Κενόδοξος
1449 1773 1557 1845 γάρ
1594 1776 1764 1838 ἐστιν,
1795 1777 1823 1827 6

248 1860 355 1929 τῆς
384 1862 610 1926 οίκείας,
659 1862 797 1917 ἀλλά
846 1863 923 1936 μὴ
958 1864 1057 1935 τῆς
1106 1864 1257 1929 θείας
1306 1865 1479 1920 ἕνεκα
1520 1865 1700 1935 δόξης,
1728 1866 1826 1937 τὴν

248 1951 456 2021 ἀρετὴν
490 1952 846 2023 ἐπιτηδεύων,
877 1955 973 2008 καὶ
1015 1954 1196 2019 πόνοις
1239 1956 1461 2019 οἰκείοις
1494 1957 1623 2021 τοὺς
1650 1958 1708 2023 ἐξ
1735 1958 1828 2011 ἁν-

253 2041 493 2115 θρώπων
520 2045 929 2110 ἀνυποστάτους
956 2045 1216 2110 ἐπαίνους
1242 2047 1579 2118 ὠνούμενος.

331 2132 437 2199 Eg’.
481 2135 539 2188 '0
588 2136 1075 2207 ἀνθρωπάρεσκος,
1128 2139 1306 2211 μόνων
1342 2140 1691 2213 ἐπιμελεῖται
1717 2141 1829 2196 τῶν

251 2227 600 2296 φαινομένων
630 2228 798 2299 ἠθῶν,
828 2230 925 2283 καὶ
955 2232 1063 2306 μὴν
1088 2235 1184 2289 καὶ
1211 2234 1373 2303 λόγου
1408 2233 1504 2287 τοῦ
1548 2234 1781 2299 κόλακος
1808 2244 1824 2265 δ

254 2314 352 2367 ἵνα
381 2317 495 2378 τοῖς
528 2316 626 2385 μὶν
669 2316 769 2389 τὴν
795 2317 986 2390 ὅρασιν
1005 2362 1022 2387 ,
1048 2322 1128 2393 τῷ
1167 2323 1225 2376 δὲ
1265 2322 1366 2393 τὴν
1389 2323 1558 2394 ἀκοὴν
1583 2323 1830 2394 σφετερί-

253 2405 445 2473 ζηται,
484 2405 594 2461 τῶν
627 2407 811 2478 μόνοις
843 2412 1120 2482 ἡδομένων
1166 2414 1200 2484 ἢ
1250 2413 1348 2467 καὶ
1378 2413 1831 2484 καταπληττομέ-

254 2513 371 2551 νων
414 2500 528 2563 τοῖς
558 2502 907 2571 φαινομένοις
939 2521 1001 2557 τε
1034 2505 1130 2558 καὶ
1155 2505 1534 2576 ἀκουομένοις,
1561 2506 1656 2559 καὶ
1693 2506 1831 2577 μόνῃ

252 2590 330 2658 τῇ
363 2588 615 2659 αἰσθήσει
645 2593 1099 2663 περιγραφόντων
1124 2594 1223 2665 τὴν
1281 2596 1509 2665 ἀρετήν.
1552 2595 1834 2666 Ἀνθρωπ-

256 2680 559 2750 αρέσκειαν
584 2677 679 2736 οὖν
712 2701 914 2753 φαμεν,
962 2684 1062 2756 τὴν
1103 2684 1179 2748 ὡς
1206 2685 1293 2739 ἐπ’
1318 2689 1486 2757 ἀρετῇ
1520 2686 1586 2739 δι’
1626 2686 1834 2757 ἀνθρὼ-

256 2786 405 2834 πους
435 2772 728 2844 γινομένην
757 2774 867 2827 τῶν
887 2775 1035 2845 ήθῶν
1056 2793 1117 2828 τε
1146 2776 1322 2844 λόγων
1349 2776 1630 2841 ἐπίδειξιν.

339 3033 437 3100 EC’.
474 3034 795 3106 ’Υπόκρισίς
841 3038 983 3101 ἐστι,
1032 3036 1214 3105 φιλίας
1248 3036 1608 3105 προσποίησις
1634 3048 1645 3061 ·
1680 3036 1714 3105 ἢ
1746 3037 1835 3104 μῖ-

264 3142 382 3192 σος,
438 3127 681 3196 σχήματι
735 3128 922 3196 φιλίας
974 3127 1498 3198 κεκαλυμμένον-ἢ
1547 3127 1737 3196 ἔχθρα,
1768 3127 1836 3179 δι’

1916 574 2009 643 qui
2043 574 2386 629 examinatur
2412 575 2483 629 ob
2510 582 2723 644 patrata
2756 572 3020 640 crimina;
3047 587 3285 644 quorum
3312 581 3475 644 alter,

1917 666 2156 735 acceptis
2200 666 2366 720 bonis
2404 666 2689 737 indignum
2738 682 2805 721 se
2853 667 3094 736 judicet;
3142 670 3282 725 alter
3322 687 3477 738 vero,

1921 759 2132 813 veniam
2163 758 2489 813 delictorum
2520 758 2769 828 accipere
2802 758 3027 830 ﬂagitet.

1990 852 2077 906 64.
2109 850 2393 919 Superbia:
2443 850 2642 905 vitium
2685 866 2752 905 ex
2793 849 3002 920 duplici
3045 862 3265 909 constat
3325 855 3483 926 igno-

1919 944 2119 999 rantia.
2165 944 2260 998 Hae
2304 960 2477 1007 vero,
2528 944 2585 1001 in
2636 960 2803 999 unum
2850 951 3149 1011 coeuntes,
3201 947 3484 1020 alteraque

1919 1039 2075 1093 alteri
2103 1045 2389 1100 conserta},
2426 1035 2709 1091 confusam
2741 1052 2905 1093 unam
2956 1038 3199 1094 eﬂieiunt
3238 1040 3485 1108 prudens

1920 1129 2074 1183 tiam.
2103 1128 2264 1183 Solus
2286 1127 2432 1182 enim
2464 1127 2556 1182 ille
2585 1127 2858 1196 superbus
2887 1137 2991 1192 est,
3025 1129 3119 1197 qui
3160 1138 3215 1184 et
3235 1130 3485 1186 divinum
3510 1162 3513 1163 ν

1921 1222 2204 1284 auxilium,
2239 1229 2295 1274 et
2320 1221 2611 1274 humanam
2643 1220 2857 1288 ignorat
2899 1222 3348 1278 imbecillitatem.
3389 1217 3487 1277 Est

1922 1313 2106 1383 itaque
2135 1312 2414 1381 superbia,
2450 1311 2650 1369 divina;
2694 1311 3053 1381 huntanzeque
3077 1313 3324 1368 scientia:
3369 1313 3488 1382 pri--

1922 1399 2087 1453 vatio.
2150 1398 2534 1453 Extremorum
2589 1413 2826 1467 namque
2867 1413 3125 1453 verorum
3170 1401 3485 1469 negatione,

1924 1503 2031 1542 una
2060 1487 2301 1556 falsaque
2326 1488 2541 1542 exsistit
2574 1486 2887 1543 affirmatio.

1992 1578 2293 1634 65.1nanis
2321 1579 2518 1649 gloria,
2544 1593 2574 1632 a
2617 1578 2808 1632 divino
2846 1593 3013 1649 scepo
3055 1594 3231 1649 exque
3288 1581 3492 1638 divinis

1924 1671 2230 1727 rationibus
2248 1670 2580 1725 exorbitatio
2601 1680 2707 1735 est,
2730 1670 2889 1741 575
2903 1671 3067 1739 inque
3082 1671 3247 1725 alium
3267 1688 3492 1742 scopum

1927 1778 2089 1833 quam
2108 1762 2355 1817 divinum
2384 1762 2646 1818 deviatio.
2689 1762 2874 1817 Inanis
2899 1762 3047 1817 enim
3091 1763 3279 1833 gloria:
3316 1765 3495 1819 cultor

1928 1864 2012 1910 est
2038 1893 2052 1919 ,
2110 1856 2211 1925 qui
2243 1871 2356 1911 sua:
2413 1855 2602 1926 gloria:
2638 1870 2827 1925 causa,
2872 1871 2983 1910 non
3030 1855 3251 1921 divinae,
3303 1857 3496 1912 virtuti

1926 1947 2131 2012 studet,
2164 1947 2387 2017 suisque
2420 1947 2706 2002 laboribus
2734 1948 2956 2017 fragiles
2981 1962 3046 2004 ac
3077 1963 3201 2018 qua:
3237 1962 3306 2002 ne
3345 1949 3497 2004 exsi~

1926 2047 2080 2097 stant
2106 2039 2351 2111 quidem,
2378 2039 2652 2095 humanas
2678 2038 2902 2095 redimit
2934 2039 3145 2095 laudes.

1997 2134 2083 2189 66.
2129 2133 2234 2200 Qui
2279 2134 2674 2189 assentationis
2722 2133 2861 2188 vitio
2905 2133 3139 2198 laborat,
3184 2148 3356 2188 unum
3394 2133 3502 2189 hoc

1929 2236 2089 2281 curat
2119 2233 2179 2279 ut
2210 2226 2457 2280 exterius
2482 2235 2639 2297 gestu
2662 2225 2971 2295 habituque
2994 2239 3178 2280 mores
3199 2241 3331 2281 suos
3353 2240 3505 2281 com.

1928 2326 2096 2386 ponat
2125 2333 2140 2368 :
2175 2317 2270 2371 sed
2292 2325 2349 2371 et
2380 2315 2670 2371 adulatorii
2707 2316 2980 2371 sermonis
2996 2316 3266 2371 rationem
3298 2315 3500 2381 habet;

1932 2416 1993 2461 ut
2015 2407 2275 2462 nimirum
2309 2408 2485 2462 altero
2511 2415 2796 2477 aspectum
2822 2406 3090 2473 deliniat;
3120 2407 3294 2463 altero
3315 2416 3502 2463 autem

1930 2514 2027 2553 eos
2043 2498 2299 2561 mulceat,
2317 2499 2408 2568 qui
2425 2498 2640 2553 nonnisi
2658 2498 2791 2553 visis
2810 2498 3121 2568 auditisque
3137 2499 3503 2566 delectantur,
3538 2488 3541 2490 ’

1933 2605 2030 2643 seu
2064 2590 2228 2642 etiam
2252 2589 2361 2645 illis
2385 2588 2748 2642 admiratione
2772 2588 3075 2653 ducuntur,
3109 2604 3173 2645 ac
3195 2588 3312 2645 solo
3337 2603 3504 2643 sensu

1932 2682 2196 2735 virtutem
2236 2680 2730 2737 circumscribunt.
2757 2679 3165 2737 Assentationis
3194 2682 3377 2749 itaque
3409 2697 3506 2733 seu

1934 2767 2255 2821 demerendi
2276 2768 2528 2821 homines
2550 2768 2745 2823 vitium
2774 2766 2892 2836 (ἀνθ
2903 2766 3345 2838 ρωπαρέσκειαν)
3368 2766 3505 2821 dici-

1936 2876 2078 2923 mus,
2120 2876 2241 2929 qum
2272 2860 2327 2914 in
2356 2860 2605 2914 moribus
2633 2876 2697 2914 ac
2725 2860 3077 2915 sermonibus
3103 2859 3260 2930 quasi
3287 2859 3509 2912 virtutis

1937 2952 2159 3005 nomine
2195 2951 2493 3005 ostentatio
2524 2951 2815 3022 contingit.

2010 3044 2096 3096 67.
2150 3043 2465 3113 llypocrisis
2498 3083 2513 3107 ,
2570 3042 2827 3097 amicitiae
2904 3040 3186 3096 simulatio
3239 3050 3360 3106 est;
3416 3047 3511 3093 aut

1941 3136 2151 3203 odium,
2181 3136 2435 3193 amicitiae
2456 3136 2647 3190 habitu
2671 3136 3004 3192 occultatum
3028 3154 3043 3202 ;
3078 3143 3171 3192 aut
3188 3134 3507 3200 inimicitim,

260 3218 484 3282 εὐνοίας
511 3220 886 3290 ἐνεργουμένη
908 3237 923 3253 ο
956 3220 988 3290 ἢ
1017 3218 1230 3288 φθόνος,
1262 3220 1482 3289 ἀγάπης
1510 3218 1837 3291 χαρακτῆρα

1941 3248 2062 3301 quae
2087 3231 2486 3286 benevolentize
2512 3231 2635 3285 ficta
2663 3231 2847 3299 specie
2879 3238 3278 3294 exerceantur;
3308 3237 3402 3283 aut
3428 3229 3513 3282 in-

266 3309 647 3381 μιμούμενος’
702 3311 736 3382 ἢ
792 3311 931 3381 βίος,
987 3311 1189 3383 ἀρετῆς
1249 3311 1553 3381 πλάσματι,
1608 3311 1723 3364 ἀλλ’
1776 3310 1837 3364 ού

267 3403 560 3473 πράγματι
584 3403 645 3456 τὸ
676 3404 902 3471 κόσμιον
935 3401 1093 3471 ἔχων·
1113 3402 1150 3473 ἦ
1170 3402 1518 3472 δικαιοσύνης
1547 3403 1842 3473 προσποίη-

280 3510 392 3558 σις,
442 3496 510 3564 τῇ
544 3492 637 3546 τοῦ
667 3489 805 3546 εἶναι
836 3493 1054 3564 δοκήσει
1084 3493 1490 3565 συντηρουμένη
1517 3508 1531 3521 ο
1567 3493 1600 3563 ἢ
1633 3495 1839 3562 ἀπάτη,

268 3583 532 3655 ἀληθείας
570 3582 773 3651 ἔχουσα
825 3582 1108 3655 μόρφωσιν
1128 3601 1141 3612 ·
1180 3585 1244 3653 ἣν
1276 3586 1323 3635 οἱ
1350 3582 1440 3635 τὸν
1474 3584 1597 3651 ὅφιν
1628 3584 1695 3653 τῇ
1731 3582 1842 3636 τῶν
1870 3616 1871 3619 η

266 3674 419 3745 ἠθῶν
452 3674 759 3744 σκολιότητι
800 3675 1153 3746 μιμούμενοι,
1190 3674 1630 3743 ἐπιτηδεύουσιν.
1734 3716 1739 3719 .

344 3852 447 3925 ξη’.
489 3854 555 3909 Ἡ
586 3854 694 3908 τῶν
726 3854 893 3909 ὅντων
946 3853 1116 3919 αἰτία,
1166 3853 1399 3911 καὶτῶν
1446 3855 1505 3911 ἐν
1548 3855 1662 3917 τοῖς
1693 3846 1845 3907 οὖσιν

270 3945 520 4015 ἀγαθῶν,
552 3946 700 4000 ἐστὶν
738 3948 767 4000 6
795 3946 951 4010 Θεός.
988 3945 1047 3999 '0
1076 3945 1258 3999 τοίνυν
1289 3946 1420 4017 περὶ⁹
1445 3946 1546 4017 τὴν
1570 3946 1773 4018 ἀρετὴν
1802 3945 1836 4016 ἢ

271 4034 376 4106 τὴν
402 4036 601 4103 γνῶσιν
627 4034 1009 4104 ἐπαιρόμενος,
1045 4034 1140 4087 καὶ
1171 4034 1246 4104 μὴ
1280 4032 1360 4103 τῷ
1408 4034 1593 4104 μέτρῳ
1640 4033 1739 4104 τῆς
1786 4034 1847 4086 ἓν

274 4126 465 4196 χάριτι
512 4125 712 4195 ἀρετῆς
765 4123 884 4193 ήτοι
934 4123 1240 4193 προκοπῆς,
1295 4122 1721 4175 συνεπεκτείνων
1749 4121 1846 4191 τῆς

272 4216 483 4279 οἰκείας
510 4214 790 4277 ἀσθενείας
816 4216 915 4284 τὴν
948 4213 1424 4283 ὲπιγνωμοσύνην,
1455 4214 1515 4265 τὸ
1544 4214 1644 4282 τῆς
1673 4213 1845 4281 ὑπερ-

275 4308 516 4380 ηφανίας
544 4307 711 4361 κακὸν
745 4307 804 4359 ού
834 4306 1108 4376 διέφυγεν.
1144 4305 1204 4358 Ὀ
1232 4305 1288 4358 δὲ
1316 4305 1472 4376 δόξης
1497 4306 1682 4358 ἕνεκεν
1715 4304 1851 4367 ἰδίας

274 4401 342 4453 τὸ
372 4400 533 4453 καλὸν
561 4399 915 4471 ἐπιτηδεύων,
946 4399 1140 4453 ἑαυτὸν
1169 4400 1263 4452 τοῦ
1286 4399 1422 4451 Θεοῦ
1462 4398 1849 4469 προτετίμηκε,

1940 3322 2107 3384 vidia,
2147 3320 2459 3375 dilectionis
2498 3321 2728 3390 figurant
2762 3319 3007 3374 referens
3049 3337 3063 3373 :
3108 3330 3205 3374 aut
3240 3320 3374 3383 vita,
3399 3320 3512 3374 vir-

1941 3414 2074 3469 tutis
2106 3414 2255 3478 fuco,
2295 3430 2405 3468 non
2452 3413 2570 3483 ipsa
2602 3428 2658 3467 re
2706 3412 3053 3467 honestatem
3110 3412 3366 3467 habens:
3417 3420 3514 3465 aut

1935 3506 2163 3575 justitiae
2192 3504 2474 3559 simulatio
2504 3546 2517 3571 ,
2559 3520 2679 3574 qua:
2728 3504 2844 3558 sola
2874 3501 3198 3575 apparentia
3247 3511 3509 3570 constet;

1941 3607 2035 3652 aut
2056 3614 2236 3663 error,
2256 3597 2506 3651 veritatis
2526 3596 2756 3650 formam
2789 3595 3035 3660 habens;
3063 3610 3228 3665 quam
3262 3594 3298 3647 ii
3324 3594 3515 3648 colunt

1942 3706 2106 3761 atque
2147 3698 2451 3756 sectantur,
2501 3689 2595 3759 qui
2644 3703 2859 3744 morum
2894 3689 3163 3757 pravitate
3201 3697 3513 3757 serpentem

1945 3781 2257 3836 imitantur.

2016 3874 2104 3928 68.
2160 3874 2307 3929 Deus
2354 3888 2541 3929 rerum
2581 3879 2774 3928 auctor
2833 3879 2938 3933 est,
2982 3886 3046 3925 ac
3088 3870 3362 3925 bonorum
3395 3884 3519 3938 quat

1948 3963 2116 4018 rebus
2142 3963 2355 4017 insunt.
2387 3962 2437 4015 Is
2465 3962 2674 4031 itaque,
2724 3963 2819 4033 qui
2855 3961 3083 4017 virtutis
3125 3968 3222 4016 aut
3272 3960 3520 4016 scientiae

1948 4058 2168 4109 nomine
2194 4054 2500 4117 extollitur,
2536 4070 2639 4108 nec
2681 4068 2781 4125 pro
2808 4054 2969 4109 modo
3010 4053 3233 4109 virtutis
3269 4068 3363 4108 seu
3389 4067 3519 4123 pro-

1948 4144 2145 4211 fectus,
2187 4154 2479 4214 praestante
2508 4145 2702 4215 gratia,
2756 4143 3091 4199 infirmitatis
3126 4156 3240 4199 sua:
3273 4143 3520 4199 modesto
3583 4156 3587 4160 '

1950 4250 2114 4289 sensu
2148 4236 2484 4305 agnitionem
2520 4232 2795 4299 intendit,
2856 4235 3129 4305 superbia:
3174 4235 3379 4289 malum
3410 4248 3521 4288 non

1950 4326 2164 4395 effugit.
2190 4325 2293 4392 Qui
2316 4344 2471 4382 vero.
2496 4326 2730 4397 propriae
2756 4325 2943 4395 gloriae
2963 4338 3126 4379 causa
3178 4325 3521 4379 honestatem

1954 4417 2105 4480 colit,
2162 4416 2277 4486 ipse
2320 4432 2379 4471 se
2430 4417 2562 4479 Deo,
2610 4413 2790 4469 inanis
2824 4413 3009 4485 gloria:
3059 4413 3215 4467 clavo
3253 4410 3520 4475 confixus,

276 4492 359 4562 τῷ
389 4493 485 4562 τῆς
515 4493 820 4558 κενοδοξίας
850 4492 964 4563 ἥλῳ
1018 4492 1371 4562 περιπαρείς.
1417 4491 1475 4544 '0
1522 4491 1579 4542 δὲ
1627 4492 1763 4560 πρὸς
1794 4489 1837 4541 τί

1956 4507 2289 4576 anteposuit.
2327 4507 2429 4572 Qui
2469 4515 2649 4560 autem
2682 4514 2743 4560 ut
2782 4505 2851 4559 ab
2899 4504 3221 4560 hominibus
3272 4504 3525 4559 videatur

280 4582 546 4653 θεαθῆναι
594 4584 701 4645 τοῖς
735 4582 1067 4653 ἀνθρώποις,
1124 4583 1296 4635 ποιῶν
1336 4582 1368 4652 ἥ
1422 4580 1598 4633 λαλῶν
1648 4581 1849 4651 (Ιι)τὴν

282 4675 515 4745 ἀρετὴν,
535 4674 636 4743 τῆς
668 4674 817 4738 θείας
845 4675 1024 4746 πολλῷ
1053 4675 1152 4745 τὴν
1185 4674 1534 4745 ἀνθρωπίνην
1581 4673 1851 4743 ἀποδοχὴν

284 4767 615 4838 ύπερὲθηκε,
672 4767 751 4839 τῷ
797 4767 895 4837 τῆς
942 4767 1466 4838 ἁνθρωπαρεσκείας
1500 4766 1662 4818 πάθει
1691 4783 1851 4834 νοση-

283 4858 611 4927 λευόμενος·
650 4861 679 4911 6
732 4858 787 4911 δὲ
843 4860 1002 4928 μόνον
1032 4861 1098 4928 τῇ
1149 4858 1268 4911 κατ’
1316 4857 1515 4928 ἀρετὴν
1563 4857 1854 4927 σεμνότητι

285 4950 426 5019 πρὸς
457 4951 671 5020 ἀπάτην
701 4950 1022 5019 κακούργως
1049 4947 1361 5019 ἐπιχρὼσας
1392 4949 1462 5001 τὰ
1486 4947 1613 5019 ἢθη,
1642 4949 1736 5001 καὶ
1758 4947 1856 5018 τὴν

288 5042 534 5112 πονηράν
565 5042 664 5111 τῆς
694 5041 919 5113 γνώμης
966 5041 1205 5095 διάθεσιν
1238 5040 1318 5109 τῷ
1369 5040 1680 5109 φαινομένῳ
1727 5042 1859 5109 σχή-

293 5152 428 5205 ματι
458 5134 749 5189 καλύπτων
784 5135 882 5205 τῆς
915 5134 1221 5196 εὐλαϐείας,
1269 5132 1348 5202 τῷ
1395 5132 1495 5203 τῆς
1521 5132 1860 5204 ὑποκρίσεως

287 5231 572 5296 ὲξωνεῖται
598 5229 736 5298 δόλῳ
772 5229 871 5299 τὴν
893 5230 1114 5299 ἀρετήν.
1147 5227 1358 5281 Οὐκοῦν
1406 5228 1435 5279 6
1479 5226 1738 5289 τοιοῦτος,
1770 5225 1858 5279 ἐπ’

290 5320 429 5374 ἄλλα
461 5321 611 5391 παρά
633 5320 730 5391 τὴν
762 5319 942 5373 αίτίαν
985 5320 1218 5373 ἑκάστου
1251 5317 1458 5372 τούτων
1485 5318 1738 5389 ἀπήγαγε
1768 5316 1861 5370 τὸν

292 5413 519 5466 σκοπόν.

364 5504 464 5570 ξδ’.
490 5492 509 5526 ³
540 5504 727 5567 Οὐδεὶς
754 5503 863 5557 τῶν
888 5503 1141 5575 πονηρῶν
1163 5502 1453 5574 δαιμόνων,
1484 5502 1579 5556 τοῦ
1607 5502 1861 5573 ἐναρέτου

369 5624 387 5644 ⁹
416 5622 498 5678 Cf.
524 5622 590 5677 ad
615 5622 858 5677 Thalass.
885 5637 938 5690 q.
966 5620 1052 5675 56.

1955 4608 2051 4653 aut
2080 4600 2210 4653 facit
2240 4614 2361 4668 qua:
2388 4599 2608 4652 virtutis
2641 4605 2789 4662 sunt,
2823 4606 2919 4652 aut
2944 4596 3191 4666 loquitur
3216 4636 3230 4660 ,
3277 4601 3526 4649 assenta-

1956 4690 2124 4759 tionis
2146 4688 2341 4743 morbo
2362 4688 2638 4753 laborans,
2679 4689 2840 4758 longe
2871 4685 3046 4757 pluris
3072 4685 3240 4741 habet
3272 4693 3331 4737 ut
3351 4682 3529 4737 hami.

1958 4783 2142 4845 nibus,
2203 4790 2366 4851 quam
2396 4790 2458 4834 ut
2505 4781 2616 4834 Deo
2666 4779 2955 4850 probetur.
2995 4777 3098 4845 Qui
3138 4774 3377 4844 denique
3412 4772 3529 4828 sola

1959 4871 2180 4925 virtutis
2210 4870 2497 4925 honestate
2527 4870 2592 4925 ad
2626 4870 2812 4927 fucum
2854 4868 3166 4923 faciendum
3217 4865 3364 4918 malo
3408 4869 3529 4916 astu

1961 4977 2142 5015 mores
2164 4961 2396 5025 imbuit,
2427 4976 2760 5031 pravamque
2789 4959 2957 5015 animi
3004 4956 3352 5011 affectionem
3397 4967 3531 5007 con-

1962 5056 2153 5125 spicuo
2189 5055 2465 5125 religionis
2496 5055 2716 5125 pietatis
2745 5054 2935 5108 habitu
2978 5050 3210 5120 obtegit.
3263 5049 3310 5103 is
3362 5048 3533 5117 hypo-

1963 5145 2123 5199 crisis
2148 5144 2277 5199 dolo
2304 5144 2563 5199 virtutem
2597 5144 2842 5199 redimit.
2870 5142 2973 5209 Qui
3005 5157 3137 5211 ergo
3167 5140 3291 5196 talis
3314 5146 3419 5203 est,
3465 5134 3535 5189 ad

1965 5235 2071 5289 alia
2114 5251 2279 5304 quam
2336 5235 2404 5290 ad
2453 5243 2755 5301 auctorem,
2804 5234 3003 5289 horum
3044 5231 3313 5302 cujusque
3368 5226 3535 5281 finem

1966 5326 2177 5381 retulit.

2023 5503 2111 5559 69.
2126 5504 2319 5563 Nullus
2334 5519 2576 5578 unquam
2590 5504 3402 5577 nequissimorumdaemonum,
3418 5497 3541 5569 ejus

483 5711 674 5770 Ποιῶν
692 5716 730 5781 ἢ
757 5714 992 5789 λαλῶνᾷ
1007 5716 1144 5771 Male
1165 5716 1329 5772 editis
1352 5716 1558 5789 δοκῶν,
1608 5717 1754 5788 quod
1805 5732 1836 5773 c

1938 5718 2245 5775 olaecismus
2271 5727 2375 5787 est,
2410 5733 2514 5775 nec
2548 5716 2680 5774 satis
2716 5716 2809 5773 hic
2877 5717 3148 5789 congruit,
3203 5712 3306 5769 etsi
3379 5710 3541 5767 Picus

366 5716 445 5841 3/2
483 5716 674 5770 Ποιῶν
692 5716 730 5781 ἢ
757 5716 983 5770 λαλῶν.
1007 5716 1144 5771 Male
1165 5716 1329 5772 editis
1365 5716 1556 5780 δοκῶν,

302 5799 361 5843 re
439 5790 533 5842 e're
556 5796 786 5841 conatus
811 5795 917 5851 est,
946 5785 1169 5840 Exercet
1194 5796 1286 5841 aut
1316 5786 1556 5843 simulat.

587 5880 856 5939 ΡΑτιιοῐ..
903 5877 1022 5940 GR.
1067 5879 1191 5940 XC.

3150 5872 3218 5932 Η
