3972 6448
557 368 682 431 1291

1813 359 2097 419 MAXIMI
2137 359 2645 423 CONFESSORIS

3679 360 3803 429 1293

548 481 642 550 qui
677 479 897 533 virtutis
923 479 1104 533 cultor
1145 486 1250 540 est,
1310 474 1650 530 alacritatem
1705 482 2110 542 promptumqut

2235 472 2366 526 ποτὲ
2404 473 2604 528 κωλύει
2628 473 2689 528 τὸ
2715 474 2995 546 πρόθυμον
3020 493 3032 505 ⁸
3070 477 3209 532 ἀλλὰ
3238 454 3331 532 καὶ
3361 476 3570 548 μᾶλλον
3597 477 3700 540 τὰς
3727 479 3804 531 ὲλο

543 571 788 626 auimum
818 571 1079 640 prohibet
1114 588 1126 623 :
1161 569 1298 640 quin
1349 567 1518 621 etiam
1562 564 1829 620 virtutum
1876 564 2128 619 defectus

545 661 672 715 dolo
705 671 1016 730 amputans,
1044 662 1278 731 majores
1305 665 1538 712 conatus
1554 656 1820 710 adhibere
1847 656 2124 720 hortatur,

544 769 732 824 parem
764 769 890 807 cum
923 755 990 808 iis
1017 754 1111 823 qui
1148 752 1453 807 certamine
1507 749 1814 819 funguntur
1857 748 2130 803 exhibens

543 845 924 908 alacritatem;
959 845 1122 914 576
1144 843 1250 896 hoc
1283 841 1498 896 scilicet
1518 855 1704 911 agens,
1733 839 2130 894 utexerceutis

543 936 611 990 ad
655 937 916 1006 pietatem
970 943 1143 989 totum
1189 935 1245 988 in
1289 949 1349 988 se
1379 933 1623 988 animum
1667 932 1872 997 trahat,
1924 932 2141 987 amisso

542 1029 942 1085 mediocritatis
963 1027 1316 1098 :equilibrio;
1376 1027 1534 1096 isque
1569 1026 1709 1080 adeo
1758 1025 2084 1096 imprudens
2111 1067 2126 1090 ,

541 1119 608 1174 ad
657 1118 806 1173 aliud
835 1134 1000 1188 quam
1055 1118 1349 1173 videbatur
1403 1117 1774 1172 diversorium
1826 1119 1933 1171 iter
2000 1131 2130 1172 con-

541 1209 750 1264 tendat.

611 1300 697 1356 70.
733 1302 1040 1365 Daemones,
1065 1317 1167 1356 nec
1195 1301 1506 1357 castitatem
1552 1300 1814 1366 oderunt,
1845 1315 1949 1354 nec
1976 1299 2125 1370 jeju-

536 1394 688 1448 nium
725 1403 1086 1447 exsecrantur
1127 1410 1140 1445 :
1179 1408 1288 1448 non
1325 1393 1686 1464 pecuniarum
1716 1392 2122 1463 elargitiouem,

535 1500 646 1538 non
669 1484 1128 1553 hospitalitatem,
1157 1501 1266 1538 non
1288 1485 1628 1555 psalmorum
1653 1484 2120 1546 decantationem,

534 1591 644 1629 non
693 1576 950 1630 lectionis
984 1591 1206 1645 operam
1232 1617 1246 1640 ,
1289 1590 1400 1631 non
1436 1575 1718 1630 silentium
1762 1590 1826 1630 ac
1873 1575 2125 1630 solitudi-

533 1681 684 1730 nem,
723 1682 834 1720 non
867 1667 1066 1722 eximie
1104 1668 1372 1723 sublimes
1416 1667 1760 1738 disciplinas,
1815 1682 1930 1722 non
1967 1669 2124 1722 strati

534 1759 688 1812 humi
708 1759 996 1822 duritiem,
1014 1776 1125 1814 non
1150 1761 1387 1831 vigilias,
1423 1775 1535 1816 non
1563 1761 1776 1831 reliqua
1797 1761 1982 1816 omnia
2001 1761 2124 1831 qui-

533 1849 642 1905 bus
664 1851 962 1921 insignitur
985 1853 1094 1906 vita
1125 1854 1383 1924 religiose
1414 1853 1611 1923 pieque
1643 1854 1916 1917 instituta,
1942 1867 2115 1922 quan-

534 1941 627 1996 diu
659 1957 850 1996 eorum
879 1959 1000 2012 qua:
1034 1953 1270 2013 aguntur
1300 1943 1367 1997 ad
1391 1959 1488 1998 eos
1519 1943 1695 2013 vergit
1724 1943 1979 1997 intentio.

604 2057 690 2110 71.
727 2055 990 2124 Reliquos
1013 2056 1152 2110 forte
1189 2055 1467 2109 daemones
1491 2057 1656 2109 citius
1676 2055 2117 2124 deprehendens,

533 2149 630 2218 qui
679 2147 749 2202 ad
796 2149 1062 2218 pietatem
1099 2156 1342 2212 exercet,
1387 2149 1536 2217 quod
1588 2149 1656 2202 ab
1709 2149 1819 2202 illis
1871 2147 2121 2201 imminet

534 2241 818 2301 damnum.
845 2239 1006 2294 facile
1038 2240 1269 2311 effugiet
1305 2258 1317 2294 :
1363 2249 1438 2306 at,
1481 2240 1575 2310 qui
1612 2241 1668 2294 in
1691 2241 1912 2294 virtutis
1942 2240 2120 2295 stadio

533 2334 636 2403 ipsi
686 2333 821 2388 socii
869 2348 932 2386 ac
981 2332 1266 2404 adjutores
1317 2331 1655 2398 videantur,
1713 2334 1918 2403 quique
1966 2332 2120 2387 velut

531 2425 693 2480 simul
718 2426 913 2480 collata
937 2440 1102 2494 opera
1131 2440 1239 2478 una
1267 2424 1529 2493 templum
1556 2422 1827 2478 aedificare
1853 2423 2025 2478 velint
2048 2423 2114 2488 ⁸⁸,
2189 2475 2196 2480 .

532 2533 784 2587 quamam
813 2516 952 2570 adeo
978 2513 1233 2568 sublimis
1264 2529 1421 2567 mens
1457 2521 1516 2566 ut
1545 2513 1943 2583 deprehendat,
1977 2513 2117 2568 citra

529 2608 810 2663 efﬁcacem
846 2607 1142 2675 vivumque
1189 2619 1530 2667 sermonem,
1565 2605 1660 2673 qui
1691 2605 1878 2658 omnia
1922 2619 2119 2674 perva-

530 2699 632 2761 dit,
665 2707 721 2753 et
750 2713 922 2768 usque
956 2697 1025 2752 ad
1051 2695 1380 2751 divisionem
1412 2695 1607 2750 animm
1636 2711 1700 2750 ac
1726 2697 1970 2766 spiritus
1986 2713 2115 2767 per-

529 2791 694 2861 tingit
725 2789 810 2842 "?
831 2790 927 2860 qui
955 2804 1154 2858 nempe
1180 2788 1461 2842 discernat
1515 2803 1580 2842 ac
1610 2788 1825 2859 judicet
1862 2805 2114 2859 quaenam

527 2902 696 2956 opera
729 2899 1001 2954 sensaque
1034 2900 1099 2939 ac
1123 2883 1361 2954 cogitata
1386 2883 1648 2938 animalia
1672 2883 1783 2938 sint
1812 2884 2114 2955 (naturales

527 2977 738 3031 scilicet
771 2974 990 3029 virtutis
1021 2973 1234 3044 species
1256 2971 1599 3043 motusque),
1624 2987 1689 3025 ac
1717 2987 1967 3042 quaenam
2001 2971 2114 3041 spi-

527 3069 709 3124 ritalia
749 3068 891 3139 (quae
916 3067 1179 3120 nimirum
1221 3071 1485 3135 superent
1531 3073 1783 3118 naturam
1826 3064 2112 3133 Deumque

527 3158 866 3229 insigniant;
922 3163 1134 3210 natura:
1165 3170 1301 3209 vero
1335 3154 1653 3208 tribuantur
1687 3169 1786 3222 per
1810 3151 2065 3223 gratiam)
2095 3169 2109 3204 :
2138 3191 2180 3247 ο

525 3252 619 3321 qui
655 3251 822 3305 etiam
849 3263 1177 3319 compagum
1223 3257 1278 3302 et
1311 3247 1684 3300 medullarum
1721 3245 1970 3316 (virtutis
2001 3245 2111 3300 sci-

524 3345 653 3400 licet
690 3344 979 3398 modorum
1027 3356 1156 3396 cum
1203 3340 1548 3410 spiritalibus
1591 3337 1925 3409 rationibus)
1972 3352 2108 3392 con-

525 3437 837 3491 venientem
864 3436 952 3491 vel
989 3433 1842 3504 d’isconvenientemjuncturam
1881 3428 2110 3484 omnino

521 3530 741 3583 noverit
774 3545 788 3581 :
822 3526 1212 3594 discernatque
1261 3524 1627 3595 cogitationes
1667 3531 1725 3577 et
1770 3523 2109 3579 intentiones

417 3669 423 3677 .
521 3617 774 3674 cordium
803 3617 850 3648 ’⁸
875 3615 1160 3686 (obscuras
1187 3613 1421 3677 scilicet,
1451 3615 1506 3668 in
1538 3615 1605 3669 iis
1628 3629 1750 3684 qua:
1773 3613 1920 3669 dicla
1953 3622 2103 3678 sunt,

519 3724 622 3780 pro
653 3707 1031 3778 profunditate
1066 3705 1390 3760 affectiones
1434 3693 1532 3760 seu
1580 3706 1960 3768 habitudines,
2015 3721 2108 3760 ea-

521 3813 758 3867 rumque
788 3797 973 3850 animo
1000 3795 1305 3850 invisibiles
1339 3811 1536 3850 causas
1579 3811 1642 3850 ac
1671 3796 1933 3868 rationes)
1968 3813 1980 3848 :
2013 3795 2101 3849 cui

519 3889 673 3942 nulla
699 3895 952 3942 creatura
982 3884 1276 3940 invisibilis
1327 3895 1413 3940 est
1449 3887 1466 3957 (
1494 3887 1548 3940 in
1579 3887 1741 3944 nobis
1765 3889 1977 3944 scilicet
2007 3889 2103 3960 qui

518 3977 690 4032 latere
717 3975 1016 4045 videmur),
1049 3975 1145 4030 sed
1173 3976 1320 4030 nuda
1346 3975 1532 4031 omnia
1588 3986 1645 4032 et
1679 3989 1872 4049 aperta
1899 3981 1944 4012 9°
1968 3981 2100 4052 (non

517 4069 775 4123 easolum
793 4066 1070 4137 quaefacta
1092 4074 1222 4122 sunt
1241 4076 1296 4122 et
1319 4068 1580 4139 cogitata,
1607 4069 1702 4124 sed
1751 4079 1808 4126 et
1835 4088 1958 4142 qua:
1984 4072 2098 4143 jam

516 4159 766 4215 futurum
813 4166 899 4214 est
934 4167 1046 4214 uta
1095 4158 1254 4214 nobis
1301 4159 1432 4213 fiant
1478 4170 1534 4216 et
1566 4161 1922 4232 cogitentur).

477 4342 479 4350 Α
591 4273 682 4326 72.
744 4270 1080 4325 Divisionem
1127 4269 1322 4323 anima:
1373 4276 1429 4324 et
1474 4269 1704 4338 spiritus
1746 4281 1925 4335 vocat,
1981 4273 2097 4328 dis—

517 4363 840 4416 tinctionem
877 4362 1166 4424 virtutum,
1194 4377 1316 4430 quae
1342 4376 1408 4415 cx
1441 4371 1639 4415 natura
1678 4373 1828 4425 sunt,
1861 4380 2095 4434 quarum

513 4463 712 4506 natura
735 4453 1002 4507 habemus
1020 4452 1264 4507 rationes
1289 4470 1304 4518 ;
1333 4461 1390 4506 et
1411 4468 1622 4519 earum,
1642 4470 1764 4523 quae
1785 4469 1851 4509 ex
1874 4457 2093 4526 spiritu,

2229 560 2434 632 λείψεις
2463 562 2698 634 δολερῶς
2733 564 3039 634 περικόψας
3071 565 3180 619 τῶν
3213 565 3450 635 ἀρετῶν,
3483 563 3588 627 τὰς
3620 563 3806 616 ὲπιτάο

2229 671 2344 718 σεις
2373 655 2728 726 ὑπαγορεύει,
2781 659 2899 720 τοῖς
2929 657 3268 726 ἀγωνισταῖς
3293 675 3356 709 συ
3367 655 3806 727 μπροθυμούμε-

2228 762 2336 809 νος·
2373 745 2461 801 ἵνα
2495 748 2629 819 πρὸς
2662 748 2854 800 ἑαυτὸν
2889 749 3019 816 ὃλην
3070 751 3366 820 ποιήσηται
3399 747 3500 801 τοῦ
3535 748 3806 816 ἀσκουμέ-

2230 853 2324 888 νου
2355 838 2455 908 τὴν
2489 837 2722 899 ἔννοιαν,
2753 841 3218 910 παραπολέσασαν
3259 843 3321 894 τὸ
3364 843 3482 894 ἴσον
3510 839 3616 909 τῆς
3654 841 3808 908 μεσό-

2229 946 2390 998 τητος
2426 931 2709 1001 στάθμιον,
2739 933 2836 986 καὶ
2855 933 2994 1005 λάθῃ
3032 933 3171 1003 πρὸς
3198 932 3326 988 ἄλλο
3348 931 3513 1004 παρὰ
3536 931 3600 984 τὸ
3625 929 3808 984 δοκοῦν

2229 1023 2486 1077 όδεύουσα
2513 1024 2882 1094 καταγώγιον.

2299 1279 2358 1327 ο’.
2411 1273 2474 1326 Of
2521 1274 2776 1344 δαίμονες
2809 1272 2936 1326 οὔτε
2974 1271 3333 1344 σωφροσύνην
3369 1270 3656 1341 μισοῦσιν,
3688 1269 3800 1322 οὕτε

2224 1366 2482 1437 νηστείαν
2512 1366 2931 1436 βδελύσσονταιο
2986 1367 3050 1420 οὐ
3106 1365 3410 1438 χρημάτων
3447 1363 3712 1426 διάδοσιν,
3740 1362 3797 1415 ού

2225 1457 2552 1525 φιλοξενίαν,
2588 1459 2649 1511 οὐ
2679 1457 3024 1529 ψαλμῳδίαν,
3058 1458 3120 1510 οὺ
3178 1456 3375 1528 σχολὴν
3417 1454 3800 1524 ἀναγνώσεως,

2224 1551 2322 1620 οὐχ
2354 1550 2609 1621 ἡσυχίαν,
2639 1551 2702 1604 ού
2753 1550 2862 1604 τῶν
2895 1550 3240 1622 μαθημάτων
3270 1549 3340 1602 τὰ
3375 1548 3722 1619 ὑψηλότατα,
3746 1547 3803 1599 οὐ

2225 1642 2546 1713 χαμευνίαν,
2577 1644 2679 1696 οὐκ
2729 1642 3060 1714 ἀγρυπνίαν,
3110 1643 3172 1696 ού
3199 1641 3269 1696 τὰ
3302 1641 3469 1695 λοιπᾶ
3503 1640 3710 1702 πάντα,
3743 1637 3807 1692 δι’

2226 1727 2301 1788 ὧν
2326 1735 2355 1786 ό
2385 1733 2528 1788 κατὰ
2560 1734 2693 1788 Θεὸν
2723 1735 3190 1806 χαρακτηρίζεται
3225 1734 3358 1805 βίος,
3389 1735 3502 1799 ἓως
3538 1733 3685 1803 πρὸς
3714 1731 3808 1784 αύ-

2147 1839 2187 1891 13
2215 1827 2341 1891 τοὺς
2375 1827 2631 1881 νένευκεν
2665 1829 2695 1881 ό
2734 1828 2937 1893 σκοπὸς
2965 1829 3059 1882 καὶ
3093 1828 3126 1898 ἡ
3157 1827 3306 1882 αἰτία
3333 1824 3446 1880 τῶν
3473 1823 3804 1894 γινομένων.

2291 2026 2391 2080 οα’.
2421 2027 2559 2090 Τοὺς
2583 2028 2682 2098 μὲν
2704 2027 2897 2091 ἄλλους
2921 2026 3203 2096 δαίμονας,
3227 2025 3413 2096 τάχιον
3438 2024 3576 2087 ἴσως
3594 2025 3626 2077 ὁ
3642 2023 3807 2095 ἁσγη·

2220 2119 2318 2190 τὴς
2345 2118 2818 2190 καταλαϐόμενος,
2861 2118 3061 2190 ῥᾳδίως
3114 2118 3214 2188 τὴν
3246 2117 3305 2182 ἐξ
3349 2115 3539 2170 αὐτῶν
3602 2113 3806 2184 βλάϐην

2219 2212 2586 2284 διαδιδράσκει
2609 2232 2622 2243 ·
2674 2215 2800 2276 τοὺς
2834 2212 2892 2266 δὲ
2936 2210 3232 2274 δοκοῦντας
3262 2212 3552 2282 συνεργεῖν
3576 2209 3664 2279 τῷ
3693 2209 3802 2279 δρό-

2222 2322 2308 2375 μῳ
2345 2304 2449 2374 τῆς
2472 2303 2698 2375 ἀρετῆς,
2741 2304 2837 2358 καὶ
2866 2299 2980 2357 οἷον
3011 2303 3412 2370 συνοικοδομεῖν
3444 2300 3805 2372 βουλομένους

2218 2398 2307 2450 τὸν
2333 2397 2462 2451 ναὸν
2486 2397 2700 2470 Κυρίῳ,
2731 2397 2819 2461 τίς
2847 2396 2914 2450 ἂν
2937 2394 3047 2449 τῶν
3076 2396 3216 2464 ἄγαν
3249 2395 3473 2465 ὑψηλῶν
3505 2394 3804 2447 καταλάϐοι

2219 2492 2362 2556 νοῦς,
2398 2491 2570 2562 χωρὶς
2592 2489 2688 2544 τοῦ
2716 2489 2806 2544 διὰ
2840 2492 3060 2545 πάντων
3085 2489 3390 2561 χωροῦντος
3427 2487 3699 2559 ἐνεργοῦς
3726 2487 3804 2538 λό-

2215 2601 2315 2650 γου
2353 2584 2449 2637 κα)⁵
2481 2582 2706 2648 ζῶντος,
2761 2583 2856 2636 καὶ
2910 2582 3287 2654 διικνουμένου
3330 2581 3461 2651 ἄχρι
3527 2577 3802 2651 μερισμοῦ

2215 2676 2393 2745 ψυχῆς
2423 2674 2518 2728 καὶ
2541 2673 3168 2742 πνεύματοςντουτέστι,
3199 2669 3665 2738 διαγινώσκοντας
3689 2669 3806 2720 τίνα

2215 2765 2324 2818 τῶν
2356 2763 2534 2835 ἔργων
2567 2764 2600 2834 ἢ
2637 2762 2929 2834 νοημάτων
2963 2763 3074 2818 εἰσὶ
3095 2760 3327 2833 ψυχικὰ,
3360 2761 3656 2814 τουτέστιν
3687 2758 3802 2826 δίδη

2215 2852 2423 2923 φυσικὰ
2452 2853 2549 2920 τῆς
2579 2853 2783 2924 ἀρετῆς
2825 2853 2859 2924 ἢ
2915 2853 3218 2923 κινήματα,
3255 2852 3351 2905 καὶ
3379 2851 3505 2903 τίνα
3538 2848 3805 2920 τυγχάνει

2216 2949 2585 3020 πνευματικὰ,
2613 2948 2916 3012 τουτέστιν,
2956 2947 3098 3017 ὑπὲρ
3123 2945 3286 3016 φύσιν
3317 2945 3413 2998 καὶ
3443 2943 3582 2998 Θεὸν
3630 2961 3804 3014 χαρα-

2215 3045 2578 3114 κτηρίζονταο
2623 3046 2688 3114 τῇ
2754 3040 2916 3110 φύσει
2966 3040 3025 3093 δὲ
3082 3039 3227 3093 κατὰ
3279 3039 3442 3110 χάριν
3499 3036 3800 3106 διδόμενα.⁹

2216 3138 2409 3206 ἁρμῶν
2430 3152 2488 3189 τε
2516 3135 2619 3188 τκαὶ
2649 3133 2886 3205 μυελῶν,
2926 3131 3026 3204 τὴν
3053 3132 3191 3202 πρὸς
3227 3131 3352 3194 τοὺς
3385 3129 3805 3200 manuatth

2213 3228 2405 3296 λόγους
2429 3226 2538 3280 τῶν
2582 3226 2706 3280 κατ’
2733 3227 2938 3296 ἀρετὴν
2977 3223 3218 3295 τρόπων,
3253 3222 3513 3294 ἁρμόδιον
3554 3221 3586 3292 ἢ
3632 3221 3806 3291 ἀναρ-

2215 3321 2398 3392 μόδιον
2421 3319 2596 3373 διόλου
2631 3317 2917 3372 σύννευσιν
2969 3317 3361 3386 ἐπισταμένου,
3419 3313 3716 3385 κρίνον-τός
3743 3329 3802 3365 τε

2211 3412 2311 3476 τὰς
2341 3410 2676 3482 ἐνθυμήσεις
2711 3410 2932 3474 καὶτὰς
2956 3409 3162 3470 ἐννοίας
3201 3407 3309 3461 τῶν
3334 3406 3598 3478 καρδιῶν,
3635 3421 3804 3457 τουτ-

2209 3505 2348 3569 έστι,
2381 3501 2482 3566 τὰς
2508 3502 2601 3556 ἐπὶ
2633 3505 2746 3566 τοῖς
2773 3501 3086 3573 εἰρημένοις
3115 3501 3340 3569 ἀφανεῖς
3365 3498 3510 3552 κατὰ
3535 3497 3595 3549 τὸ
3629 3496 3801 3566 βάθος

2213 3597 2448 3668 σχέσεις,
2491 3599 2586 3649 καὶ
2619 3598 2720 3659 τὰς
2757 3595 2900 3649 κατὰ
2933 3595 3114 3665 ψυχὴν
3136 3593 3406 3665 ἀοράτους
3451 3591 3670 3644 τούτων
3711 3591 3801 3640 αξη

2208 3692 2348 3754 τίας,
2377 3684 2422 3759 ᾧ
2451 3691 2550 3742 οὐκ
2574 3688 2691 3741 ἔστι
2725 3688 2903 3750 κτίσις
2935 3687 3168 3757 ἀφανὴς,
3207 3687 3266 3738 ὲν
3294 3686 3425 3754 ἡμῖν
3445 3686 3564 3745 τοῖς
3595 3680 3802 3733 λανθά-

2207 3800 2319 3836 νειν
2351 3781 2598 3836 δοκοῦσι’
2638 3781 2817 3834 πάντα
2857 3779 2916 3833 δὲ
2953 3778 3138 3850 γυμνὰ
3163 3779 3257 3832 καὶ
3287 3775 3798 3846 τετραχηλισμένα,

2205 3875 2266 3926 ού
2339 3874 2504 3944 μόνον
2555 3871 2624 3925 τὰ
2673 3869 3020 3940 γεγενημένα
3050 3885 3111 3922 τε
3162 3869 3256 3922 καὶ
3313 3865 3640 3938 νενοημένα,
3675 3865 3795 3917 ἀλλ’

2205 3964 2305 4036 ήδη
2331 3964 2428 4018 καὶ
2471 3961 2542 4017 τὰ
2565 3963 2938 4032 γεννησόμενα
2987 3961 3120 4032 παρ’
3172 3959 3331 4032 ήμῶν
3369 3959 3466 4012 καὶ
3519 3957 3797 4029 vane-Q9345-

2207 4074 2367 4128 μενα.

2270 4270 2368 4342 οβ’.
2404 4270 2688 4340 Μερισμὸν
2740 4268 2919 4338 ψυχῆς
2951 4268 3046 4319 καὶ
3100 4265 3417 4338 πνεύματος
3463 4266 3644 4333 λέγει,
3697 4267 3798 4338 τὴν

2198 4364 2462 4435 διαφορὰν
2493 4361 2601 4414 τῶν
2632 4363 2695 4414 ἐκ
2724 4360 2940 4429 φύσεως
2972 4358 3203 4431 ἀρετῶν,
3254 4351 3329 4412 ὧν
3363 4357 3618 4426 φυσικῶς
3673 4361 3794 4430 ἐχο-

2201 4474 2303 4526 μεν
2335 4457 2465 4520 τοὺς
2494 4455 2714 4523 λόγουςο
2749 4453 2843 4507 καὶ
2871 4453 2979 4505 τῶν
3031 4455 3096 4506 ἐκ
3147 4449 3481 4521 πνεύματος,
3532 4444 3612 4506 ὧν
3649 4455 3794 4505 κατὰ

515 4545 748 4614 quarum
796 4544 890 4598 Dei
950 4560 1178 4599 munere
1238 4544 1473 4615 gratiam
1521 4545 1842 4615 accipimus.
1886 4549 2090 4604 Harum

2220 4549 2406 4620 ὶωρεὰν
2432 4547 2702 4618 δεχόμεθα
2755 4547 2854 4618 τὴν
2892 4547 3075 4618 χάριν.
3117 4545 3336 4600 Τούτων
3361 4545 3472 4616 γὰρ
3514 4545 3792 4617 εύκρινῶς

513 4637 661 4691 enim
686 4637 834 4690 clare
866 4636 1276 4690 distinctionem
1305 4636 1435 4692 facit
1460 4637 1739 4693 discretor
1763 4655 1965 4695 sermo.

583 4749 672 4804 7'5.
695 4747 1073 4818 Cogitationes
1109 4757 1167 4803 et
1215 4748 1572 4814 intentiones,
1619 4766 1854 4820 quarum
1905 4766 2090 4806 sermo

511 4835 784 4891 discretor
809 4845 915 4900 est,
943 4835 1113 4890 animi
1140 4836 1196 4889 in
1227 4836 1431 4891 divinis
1454 4837 1767 4892 rationibus
1795 4848 1852 4893 et
1877 4839 2090 4910 cogita-

510 4929 759 4984 tionibus
787 4929 1112 4984 affectiones
1142 4937 1324 4992 vocat,
1355 4945 1660 5000 earumque
1690 4943 1912 5001 (nempe
1958 4932 2091 4988 affe-

508 5021 774 5092 ctionum)
829 5021 989 5092 577
1033 5037 1246 5076 causas.
1295 5020 1567 5093 Cogitatio
1626 5039 1865 5093 namque
1909 5032 2096 5079 movet

507 5113 855 5178 memoriam,
911 5114 1070 5184 cujus
1121 5113 1345 5184 pr0pria
1389 5114 1607 5169 affectio
1645 5123 1731 5170 est
1787 5133 1800 5168 :
1857 5116 2094 5171 intentio

505 5213 692 5261 autem
733 5205 904 5259 finem
955 5205 1212 5271 attendit,
1265 5207 1359 5276 qui
1413 5206 1635 5275 quidem
1681 5207 1910 5261 denotat
1961 5223 2092 5263 cau-

504 5312 641 5351 sam.

576 5412 664 5466 74.
691 5411 831 5467 Cum
847 5413 990 5468 Deus
1014 5414 1387 5468 essentialiter
1419 5413 1492 5468 sit
1513 5413 1764 5476 scientia,
1793 5414 2082 5484 palamque

503 5516 723 5556 omnem
751 5504 1036 5558 scientiam
1072 5503 1363 5560 antecedat
1392 5519 1568 5568 mens,
1592 5504 1696 5558 sub
1722 5519 1886 5574 quam
1913 5506 2078 5559 etiam

504 5590 582 5644 illi
621 5603 1000 5664 comparatum
1030 5603 1200 5650 estut
1234 5595 1394 5650 cadat
1425 5613 1437 5648 :
1473 5595 1633 5666 plane
1657 5596 1803 5651 Deus
1847 5595 2079 5651 scientia

573 5761 897 5825 "lflEsdr.
943 5787 998 5836 v,
1031 5772 1099 5825 68
1197 5771 1243 5803 ³⁸
1270 5770 1435 5828 Hebr.
1466 5787 1536 5837 ιν,
1577 5773 1658 5827 i2.
1739 5775 1784 5806 ’⁸
1815 5773 1948 5828 ibid.

2195 4637 2296 4711 τὴν
2324 4639 2609 4711 διαστολὴν
2640 4641 2877 4692 ποιεῖται
2911 4638 3116 4709 κρίνων
3149 4639 3177 4690 ὁ
3206 4637 3382 4706 λόγος.

2268 4753 2367 4824 ογ’.
2397 4754 2509 4816 Τὰς
2539 4754 2868 4824 ἐνθυμήσεις
2895 4752 2990 4805 καὶ
3016 4752 3116 4814 τὰς
3142 4749 3370 4812 ἐννοίας,
3398 4742 3474 4804 ὧν
3513 4749 3640 4803 ἐστι
3672 4768 3789 4820 κριο

2197 4849 2348 4912 τικὸς
2375 4837 2423 4900 ¹ὁ
2471 4846 2654 4914 λόγος,
2712 4845 2879 4914 φησιν
2926 4838 3067 4896 εἶναι
3105 4842 3207 4906 τὰς
3236 4842 3335 4912 τῆς
3367 4841 3563 4912 ψυχῆς
3605 4844 3703 4896 ἐπί
3729 4859 3786 4896 τε

2196 4942 2309 5003 τοῖς
2335 4938 2498 5001 θείοις
2523 4937 2703 5005 λόγοις
2732 4936 2827 4990 καὶ
2852 4937 2965 4998 τοῖς
2989 4934 3270 5005 λογισμοῖς
3292 4935 3538 5004 σχέσεις,
3567 4936 3666 4988 καὶ
3694 4938 3786 4997 τὰς

2199 5030 2379 5085 αὐτῶν
2411 5029 2613 5102 δηλαδὴ
2644 5027 2755 5082 τῶν
2788 5026 3028 5098 σχέσεων
3053 5026 3255 5090 αἰτίας.
3291 5026 3356 5079 Ἦ
3395 5025 3512 5098 γὰρ
3538 5027 3780 5098 ἐνθύμηο

2197 5141 2301 5189 σις,
2331 5124 2473 5176 κινεῖ
2506 5121 2748 5192 μνήμην,
2779 5112 2848 5190 ἧς
2869 5119 3068 5172 οἰκεῖον
3095 5119 3130 5188 ὴ
3180 5116 3404 5189 σχέσιςο
3439 5117 3476 5187 ή
3517 5117 3580 5170 δὲ
3608 5118 3784 5172 ἔννοια

2202 5216 2378 5287 πέρας
2407 5214 2733 5280 ἀποσκοπεῖ,
2770 5212 2908 5280 ὅπερ
2946 5210 3125 5264 αἰτίαν
3156 5208 3589 5281 χαρακτηρίζει.

2264 5414 2356 5468 οδ’.
2418 5414 2480 5467 Εἰ
2511 5413 2630 5467 κατ’
2653 5414 2840 5468 οὐσίαν
2869 5414 3070 5483 γνῶσίς
3099 5413 3248 5466 ἐστιν
3272 5414 3302 5465 ὁ
3322 5413 3484 5478 Θεὸς,
3518 5415 3773 5485 προηγεῖ-

2188 5523 2280 5559 ται
2326 5505 2384 5558 δὲ
2441 5503 2628 5573 σαφῶς
2671 5505 2854 5575 πάσης
2888 5503 3145 5572 γνώσεως
3175 5502 3322 5568 νοῦς,
3375 5497 3424 5573 ᾦ
3454 5507 3556 5558 καὶ
3582 5502 3773 5557 ὑποπί-

2189 5613 2346 5649 πτειν
2374 5597 2616 5665 πέιρυκεν
2635 5612 2650 5625 ο
2703 5595 2811 5666 ἄρα
2839 5594 2980 5665 ὑπὲρ
3009 5593 3217 5665 ταύτην
3244 5595 3397 5648 ἐστὶν
3430 5598 3459 5649 ό
3485 5594 3648 5659 Θεὸς,
3694 5592 3772 5645 ὅτι

2031 5774 2075 5804 ⁸⁸
2109 5772 2244 5828 ibid.
2273 5771 2360 5826 15.
