3972 6476
174 394 318 462 1293

815 398 1153 461 CAPITUM
1199 395 1618 470 QUINQUIES
1668 393 2189 456 CENTENORUM
2242 396 2629 458 CENTURIA
2668 397 2783 457 III.

3276 400 3414 459 1'29!

171 512 270 564 καὶ
300 506 443 580 ὑπὲρ
469 508 645 564 πάντα
670 506 818 571 νοῦν.
849 503 895 579 ᾧ
923 510 1125 580 γνῶσις
1150 509 1273 563 καθ’
1295 507 1473 560 ὁτιοῦν
1498 506 1741 576 πέφυκεν

1864 505 2091 575 ιυρεπὶοτ
2120 517 2225 570 est,
2260 523 2386 561 cum
2415 489 2484 562 et.
2501 522 2722 562 omnem
2741 505 2953 563 inﬁnite
2988 505 3217 563 excedat
3261 522 3416 564 men-

172 602 527 668 ὑποπίπτειν,
560 599 946 673 ὑπεραπείρως
968 599 1294 671 καθέστηκε.

244 784 341 831 σε’.
395 776 491 840 Τίς
532 773 624 827 τὸν
657 773 797 827 θεῖον
843 772 943 825 οὑκ
974 771 1112 842 ἔχων
1143 769 1455 825 ἐνοικοῦντα
1482 769 1638 837 λόγον
1668 766 1746 837 τῷ

173 870 331 940 βάθει
380 872 481 938 τῆς
526 868 751 937 καρδίας
772 906 787 930 ,
843 865 1136 934 δυνήσεται
1167 865 1293 927 τοὺς
1320 864 1542 931 ἀφανεῖς
1563 860 1746 923 δόλους

170 964 273 1033 τῆς
300 962 424 1015 καθ’
446 960 605 1032 ἡμῶν
642 960 979 1031 ὑποκρίσεως
1008 958 1115 1010 τῶν
1141 957 1410 1026 δαιμόνων
1430 955 1744 1020 ὑποκλίνας,

170 1056 369 1125 στῆναι
420 1054 541 1107 καθ’
566 1052 759 1106 ἑαυτὸν
811 1051 1154 1122 μονώτατος,
1216 1046 1387 1119 χωρίς
1441 1063 1583 1108 τινος
1626 1047 1748 1097 ἐπι-

172 1146 384 1216 μιξίας,
426 1145 519 1198 καὶ
547 1144 902 1213 οίκοδομῆσαι
932 1140 1030 1194 τοῦ
1062 1138 1267 1210 Κυρίου
1300 1136 1389 1190 τὸν
1416 1135 1562 1199 ναὸν,
1608 1134 1750 1188 κατά

166 1238 267 1290 τὸν
301 1237 474 1307 μέγαν
501 1234 807 1305 Ζοροϐάδελ
836 1233 928 1286 καὶ
953 1231 1046 1284 τὸν
1074 1228 1283 1300 Ἰησοῦν
1314 1228 1408 1280 καὶ
1432 1229 1557 1289 τοὺς
1583 1227 1750 1296 ἠγουο

172 1330 376 1398 μένους
412 1326 519 1379 τῶν
546 1323 792 1396 πατριῶν
811 1364 826 1388 ,
887 1322 1195 1391 φάσκοντας
1219 1318 1515 1389 διαρρήδην
1541 1316 1751 1388 μεγάλῃ

167 1422 243 1490 τῇ
274 1421 423 1489 φωνῇ
466 1420 576 1480 τοῖς
618 1414 896 1469 ἀπατεῶσι
943 1411 1217 1479 πνεύμασι
1249 1410 1347 1480 τῆς
1376 1407 1752 1480 ὑπερηφανίας

170 1511 272 1559 καὶ
300 1508 398 1577 τῆς
432 1504 737 1569 κενοδοξίας
765 1503 862 1556 καὶ
891 1502 991 1571 τῆς
1020 1498 1509 1571 άνθρωπαρεσκίας
1534 1499 1627 1551 καὶ
1654 1498 1752 1567 τῆς

168 1597 514 1666 ὑποκρίσεως
533 1610 547 1624 ⁸
580 1596 701 1664 Οὐχ
723 1594 868 1664 ἡμῖν
897 1594 995 1647 καὶ
1024 1591 1166 1662 ὑμῖν
1207 1590 1319 1644 τοῦ
1363 1588 1753 1659 οἰκοδομῆσαι

168 1687 284 1740 τὸν
321 1682 488 1739 οἷκον
520 1686 715 1753 Κυρίῳ
745 1684 823 1750 τῷ
854 1684 975 1749 Θεῷ
1000 1681 1201 1763 ήμῶνξ
1247 1680 1413 1749 ἡμεῖς
1445 1681 1555 1749 γὰρ
1577 1680 1753 1749 μόνοι

172 1780 654 1848 οικοδομήσομεν
685 1776 765 1843 τῷ
787 1778 979 1845 Κυρίῳ
1008 1776 1114 1830 τοῦ
1155 1772 1431 1842 Ἰσραήλ·
1469 1772 1752 1841 γινώσκων

1845 608 1978 662 tem,
2012 599 2069 653 in
2103 615 2270 669 quam
2300 608 2359 655 ut
2382 601 2541 656 cadat
2572 600 2687 655 ullo
2716 599 2880 655 modo
2909 600 3159 656 scientiae
3192 616 3414 672 compa—

1845 701 2025 746 ratum
2045 699 2154 746 est.

1914 784 2002 837 75.
2031 782 2165 849 Quis
2219 783 2327 838 nisi
2370 785 2482 839 alto
2524 792 2749 855 pectore
2799 784 3049 840 divinum
3102 799 3414 839 sermonem

1846 876 2293 931 contubernalem
2324 877 2553 941 habens,
2593 877 2964 933 invisibilibus
3001 877 3313 932 daemonum
3355 875 3416 930 in

1846 983 1948 1022 nos
1981 967 2347 1023 simulationis
2395 977 2554 1024 caute
2597 970 2781 1024 vitatis
2832 970 2995 1034 dolis,
3039 984 3140 1039 per
3184 984 3245 1023 se
3294 966 3418 1038 ipse

1849 1059 2319 1129 singularissimus
2386 1070 2530 1116 stare
2588 1063 2813 1131 poterit,
2864 1062 2998 1131 quin
3043 1061 3141 1115 ulli
3185 1059 3416 1115 commi-

1850 1160 2087 1215 sceatur,
2116 1152 2492 1222 templumque
2525 1153 2741 1207 Domini
2772 1155 2944 1209 instar
2965 1152 3147 1224 magni
3170 1150 3416 1206 Zoroba-

1849 1242 1936 1297 bel
1967 1252 2022 1297 et
2048 1243 2179 1299 Jesu
2198 1259 2253 1298 et
2278 1244 2479 1298 ducum
2501 1243 2828 1299 familiarum
2850 1255 3132 1300 exstruere
3155 1262 3169 1310 ;
3210 1243 3303 1314 qui
3332 1243 3418 1298 di-

1849 1344 1993 1389 serte
2024 1349 2215 1404 magna
2250 1351 2383 1391 voce
2418 1336 2804 1391 seductoribus
2840 1336 3122 1405 spiritibus
3142 1334 3417 1404 superbia;

1852 1424 2137 1494 inanisque
2163 1426 2345 1495 gloriae
2368 1434 2423 1479 et
2454 1426 2838 1481 assentationis
2868 1442 2931 1479 ac
2976 1426 3283 1496 hypocrisis
3332 1423 3421 1477 di-

1851 1524 1976 1569 cant
2004 1533 2017 1566 :
2048 1516 2167 1570 Non
2190 1525 2265 1570 est
2288 1517 2431 1570 nobis
2448 1525 2495 1570 et
2518 1518 2656 1571 vobis
2678 1517 2941 1585 adi/icore
2964 1518 3175 1570 domum
3194 1515 3420 1570 Domino

1852 1604 1958 1658 Deo
1990 1614 2166 1659 nostra
2198 1622 2217 1659 :
2247 1623 2339 1660 nos
2368 1609 2508 1660 enim
2536 1607 2636 1661 soli
2682 1607 3057 1675 wdiﬁcabimus
3084 1607 3307 1660 Domino
3336 1606 3419 1661 Is-

1852 1696 1969 1750 rael
1997 1697 2041 1727 ³⁷
2074 1713 2089 1762 ;
2117 1697 2204 1750 cui
2235 1713 2431 1767 nempe
2460 1699 2800 1768 exploratum
2825 1698 2915 1762 sit,
2939 1698 3136 1751 horum
3164 1696 3422 1751 mistione

1852 1797 1909 1843 et
1953 1789 2285 1844 commercio
2312 1789 2604 1845 aediﬁcium
2661 1806 2823 1845 omne
2867 1791 3052 1860 perire
3108 1799 3164 1845 et
3200 1790 3418 1854 everti,

168 1870 252 1935 ὡς
300 1873 334 1942 η
381 1870 584 1924 τούτων
616 1869 885 1941 ἐπιμιξία,
919 1871 1017 1937 τῆς
1042 1868 1169 1937 ὅλης
1201 1867 1487 1936 οἰκοδομῆς
1519 1867 1751 1917 ποιεῖται

1864 1879 2277 1949 divinorumque
2334 1880 2689 1936 donariorum
2753 1881 2972 1936 decoris
3034 1880 3267 1951 gratiam
3326 1894 3422 1934 au-

173 1964 385 2034 φθορὰν
416 1963 508 2016 καὶ
537 1962 876 2033 καθαίρεσιν,
900 1962 995 2016 καὶ
1017 1960 1150 2031 συλᾷ
1177 1962 1277 2031 τῆς
1300 1958 1411 2012 τῶν
1431 1957 1588 2012 θείων
1617 1957 1749 2012 ἀνα-

171 2054 439 2125 θημάτων
466 2054 794 2125 εὐπρεπείας
827 2055 924 2125 τὴν
954 2053 1133 2125 χάριν.

249 2152 356 2211 οςθ.
392 2146 580 2204 Οὐδεὶς
610 2144 831 2198 δύναταί
859 2161 981 2198 τινα
1006 2143 1116 2196 τῶν
1144 2142 1451 2215 εἰρημένων
1480 2139 1751 2210 δαιμόνων

171 2239 322 2309 ἔχων
354 2238 457 2308 τὴν
498 2237 699 2309 ἀρετὴν
733 2235 1269 2308 συμμετερχὸμενον,
1301 2234 1505 2305 ταύτην
1534 2233 1613 2303 τῷ
1638 2234 1753 2284 Κυ-

178 2328 284 2399 ρίῳ
311 2327 693 2397 οἰκοδομῆσαι·
743 2326 802 2378 οὑ
834 2324 941 2397 γάρ
972 2326 1087 2394 ἔχει
1114 2323 1207 2376 τὸν
1235 2322 1369 2375 θεὸν
1397 2322 1505 2376 τῶν
1531 2321 1753 2390 γινομέ-

174 2437 288 2473 νων
316 2419 468 2484 τέλος
495 2459 508 2482 ,
552 2418 614 2471 ὃν
647 2417 917 2487 θεώμενος
949 2417 1155 2487 ταύτην
1184 2415 1439 2481 διέξεισιν
1463 2430 1476 2443 ·
1530 2412 1664 2466 ἀλλὰ
1694 2412 1755 2465 τὸ

178 2510 375 2574 πάθος,
404 2510 545 2582 ὅπερ
569 2510 657 2564 διὰ
682 2508 884 2580 ταύτης
918 2507 1254 2576 συνίστησιν.

249 2684 348 2748 οξθ.
377 2686 440 2738 Oi
472 2686 589 2740 κατ’
613 2682 847 2753 ἔλλειψιν
870 2683 1069 2755 ἀρετῆς
1095 2682 1479 2753 πολεμοῦντες,
1502 2681 1757 2751 δαίμονές

176 2778 357 2841 εἰσιν,
408 2777 457 2829 oi
505 2775 762 2847 πορνείαν
811 2775 907 2828 καὶ¹
934 2774 1136 2846 μέθην,
1188 2776 1555 2846 φιλαργυρίαν
1577 2792 1634 2826 τε
1664 2776 1758 2827 κ.“ι

178 2870 378 2940 φθόνον
406 2869 749 2931 διδάσκοντες
767 2886 779 2899 ο
811 2869 865 2922 oi
892 2869 948 2921 δὲ
977 2869 1099 2921 καθ’
1126 2870 1433 2940 ὑπερϐολὴν
1462 2868 1758 2937 πολεμοῦν-

177 2978 319 3025 τες,
373 2961 508 3013 εἰσὶν
549 2962 599 3013 οί
659 2960 758 3030 τὴν
809 2960 985 3029 οἴησιν
1042 2960 1134 3013 καὶ
1186 2960 1283 3030 τὴν
1333 2960 1635 3026 κενοδοξίαν
1665 2961 1758 3012 καὶ

179 3054 283 3125 τὴν
333 3053 706 3125 ὑπερηφανίαν
758 3052 1126 3115 διδάσκοντες,
1175 3054 1269 3105 καὶ
1303 3052 1391 3105 διὰ
1437 3053 1544 3105 τῶν
1570 3053 1759 3119 δεξιῶν

177 3148 299 3208 Ιτοῖς
327 3146 641 3216 ἀριστεροῖς
668 3143 1159 3213 ὲπικεκρυμμένως
1190 3145 1568 3213 ὲμπείροντες.

252 3282 356 3347 οη’.
394 3276 517 3329 Εἴθε
550 3278 762 3345 γένοιτο
793 3276 886 3329 καὶ
915 3276 1060 3345 ἡμᾶς
1087 3276 1174 3328 ἀεὶ
1202 3276 1379 3342 λέγειν
1402 3278 1512 3336 τοῖς
1544 3278 1600 3328 ὲν
1627 3276 1760 3328 πλά-

182 3387 355 3438 σματι
405 3370 588 3438 φιλίας
637 3370 1013 3437 πνευματικῆς
1064 3370 1309 3435 ἀοράτως
1354 3367 1757 3437 προσϐάλλουσι

182 3460 460 3531 πνεύμασι
491 3464 588 3531 τῆς
629 3460 910 3531 πονηρίας,
943 3460 1036 3512 καὶ
1068 3460 1153 3512 διὰ
1179 3459 1274 3512 τοῦ
1305 3460 1511 3528 ἀγαθοῦ
1544 3459 1761 3530 λεληθό-

126 3620 131 3623 ῆ
177 3571 295 3619 τως
314 3555 650 3623 βουλομένοις
674 3553 1117 3622 κατεργάσασθαι
1144 3552 1242 3620 τῆς
1264 3552 1537 3623 ἁμαρτίας
1562 3553 1651 3604 τὸν
1668 3554 1761 3604 θά-

181 3665 346 3700 νατον
370 3649 460 3700 καὶ
479 3647 715 3715 λέγουσι·
732 3649 778 3700 Σ
781 3643 1329 3714 υνοικοδομήσομεν
1342 3643 1481 3711 ὑμῖν
1495 3642 1601 3695 τὸν
1612 3643 1761 3696 ναὸν

182 3737 269 3802 τῷ
283 3738 471 3803 Κυρίῳ
482 3736 665 3805 ὑμῶν’
684 3738 806 3804 Οὐχ
826 3734 967 3803 ἡμῖν
984 3735 1082 3787 καὶ
1096 3732 1237 3802 ὑμῖν
1252 3734 1355 3787 τοῦ
1373 3731 1761 3801 οἰκοδομῆσαι

183 3831 299 3884 τὸν
321 3826 491 3883 οἷκον
516 3830 708 3898 Κυρίῳ
735 3828 815 3892 τῷ
840 3826 961 3892 Θεῷ
991 3825 1158 3895 ἡμῶν
1182 3842 1195 3856 ·
1253 3824 1424 3893 ἡμεῖς
1450 3826 1560 3894 γὰρ
1587 3825 1760 3893 μόνοι

183 3924 666 3994 οἰκοδομήσομεν
694 3920 774 3988 τῷ
797 3922 993 3989 Κυρίῳ
1020 3921 1124 3974 τοῦ
1157 3920 1414 3985 Ἰσραήλ.
1443 3920 1609 3972 Μόνοι
1635 3917 1756 3987 μὲν,

185 4022 271 4072 ὅτι
299 4020 405 4071 τῶν
430 4019 548 4070 κατ’
575 4015 809 4084 ἔλλειψιν
838 4015 937 4083 τῆς
964 4012 1166 4083 ἀρετῆς
1196 4010 1577 4081 πολεμούντων
1607 4010 1759 4063 ἐλευ-

191 4111 520 4182 θερωθέντες
574 4107 899 4178 πνευμάτων
924 4145 938 4169 ,
992 4098 1067 4157 ὧν
1100 4104 1192 4156 καὶ
1224 4103 1602 4172 ὲκόεδήκαμεν
1625 4142 1640 4165 ,
1698 4103 1758 4155 οὑ

190 4200 496 4271 βουλόμεθα
524 4203 646 4263 ταῖς
678 4197 1007 4270 ὑπερϐολαῖς
1032 4195 1100 4247 δι’
1122 4196 1275 4264 ὑμῶν
1301 4195 1629 4265 ἐπαρθέντες
1652 4196 1759 4247 πά-

188 4294 278 4347 λιν
307 4292 673 4363 περιπαρῆναι
698 4330 714 4356 ,
765 4292 862 4343 καὶ
889 4292 1076 4343 πεσεῖν
1106 4287 1335 4352 πτῶσιν,
1383 4285 1634 4339 τοσοῦτον
1663 4284 1761 4353 τῆς

189 4383 464 4456 προτέρας
518 4380 906 4453 χαλεπωτέραν
932 4420 948 4443 ,
999 4381 1120 4432 ὅσον
1153 4378 1253 4446 τῆς
1286 4378 1382 4449 μὲν
1410 4373 1477 4448 ἦν
1501 4374 1758 4429 ἐπανόδου

1848 1969 1999 2026 ferri.

1928 2151 2017 2207 76.
2066 2152 2239 2207 Nemo
2270 2153 2365 2222 qui
2418 2152 2588 2207 ullum
2646 2151 2919 2206 dictorum
2968 2151 3276 2207 daemonum
3325 2142 3422 2206 co:-

1853 2245 2016 2301 lenda
2060 2246 2265 2301 virtute
2319 2246 2628 2317 adjutorem
2683 2260 2747 2299 ac
2793 2245 3005 2299 socium
3058 2251 3254 2298 nactus
3311 2243 3419 2306 sit,

1854 2340 2084 2395 Domino
2112 2339 2383 2394 aediﬁcare
2409 2346 2621 2408 potest;
2657 2337 2859 2407 quippe
2889 2336 2985 2406 qui
3009 2336 3202 2400 Deum,
3229 2349 3422 2389 eorum

1854 2448 1976 2501 qua:
2026 2430 2164 2485 ﬁunt
2216 2431 2377 2485 finem
2419 2445 2530 2483 non
2566 2430 2803 2493 habeat,
2849 2429 2905 2483 in
2959 2444 3122 2498 quem
3172 2436 3426 2498 spectans

1856 2526 1948 2579 illa
1982 2524 2347 2594 defungatur,
2396 2522 2489 2576 sed
2542 2522 2797 2576 affectum
2857 2521 3074 2593 (vitium
3112 2520 3324 2575 scilicet
3362 2533 3426 2573 ac

1855 2613 2163 2683 libidinem)
2196 2629 2356 2683 quem
2392 2612 2588 2666 collata
2644 2611 2697 2664 in
2731 2627 2852 2665 eam
2905 2626 3073 2681 opera
3132 2608 3423 2664 substruit.

1927 2707 2013 2759 77.
2046 2704 2149 2771 Qui
2182 2720 2281 2773 per
2312 2704 2583 2758 defectum
2613 2703 2836 2757 virtutis
2868 2703 3187 2772 impugnant
3223 2701 3429 2755 daemo-

1856 2812 1975 2859 nes,
2031 2796 2089 2849 hi
2127 2804 2274 2859 sunt,
2334 2796 2426 2864 qui
2494 2792 2911 2846 fornicationem
2959 2800 3015 2847 et
3056 2791 3378 2845 ebrietatem
3409 2829 3426 2855 ,

1858 2885 2251 2952 avaritiamque
2297 2892 2353 2935 et
2401 2881 2667 2935 invidiam
2711 2880 2958 2934 docent:
2996 2879 3091 2949 qui
3142 2894 3280 2932 vero
3328 2893 3426 2947 per

1858 2988 2163 3036 excessum,
2195 2970 2286 3040 qui
2316 2971 2576 3024 tumentis
2605 2969 2774 3023 animi
2803 2969 3003 3023 fastum
3021 2978 3076 3022 et
3106 2968 3422 3031 elationem,

1860 3064 2187 3131 inanemque
2213 3062 2440 3131 gloriam
2466 3071 2522 3115 et
2552 3060 2864 3129 superbiam
2893 3075 3017 3112 cum
3047 3058 3301 3121 doceant,
3327 3072 3426 3126 per

1860 3170 1923 3208 ca
1958 3170 2080 3224 quae
2111 3154 2349 3208 secunda
2380 3161 2527 3217 sunt,
2560 3152 2799 3206 sinistris
2824 3151 3038 3205 occulte
3079 3150 3351 3204 inserunt.

1929 3286 2016 3341 78.
2075 3286 2294 3342 Utinam
2358 3300 2458 3339 nos
2514 3300 2731 3354 quoque
2790 3299 3006 3354 semper
3071 3282 3427 3352 ncquissimis

1859 3374 2162 3444 spiritibus,
2212 3375 2335 3429 ﬁcta
2388 3374 2650 3443 spiritalis
2691 3375 2946 3428 amicitiae
2998 3374 3181 3444 specie
3229 3374 3426 3429 invisi-

1860 3467 2045 3522 biliter
2073 3466 2471 3529 adorientibus,
2492 3465 2731 3535 bonique
2755 3474 3020 3535 praetextu
3048 3481 3110 3521 ac
3135 3465 3427 3520 occasione

1858 3560 2071 3614 occulte
2124 3559 2334 3628 peccati
2384 3566 2615 3613 mortem
2661 3559 3002 3613 consciscere
3071 3558 3429 3613 molientibus

1859 3666 1924 3705 ac
1952 3651 2263 3705 dicentibus
2295 3668 2308 3702 :
2332 3648 2728 3719 Ediﬁcabimus
2756 3650 3014 3704 vobiscum
3045 3650 3293 3720 templum
3318 3650 3427 3703 Do-

1860 3743 2002 3796 mino
2039 3750 2229 3805 vestro,
2263 3742 2512 3796 dicamus
2539 3760 2551 3795 :
2584 3742 2701 3795 Non
2732 3750 2809 3794 est
2859 3741 3002 3795 nobis
3050 3750 3101 3793 et
3130 3741 3267 3794 vobis
3297 3740 3426 3794 aedi-

1858 3832 2023 3901 ﬁcare
2053 3833 2266 3885 domum
2306 3832 2530 3885 Domino
2566 3831 2676 3885 Deo
2725 3840 2903 3885 nostro
2935 3848 2954 3885 :
3001 3848 3094 3885 nos
3150 3833 3289 3885 enim
3329 3831 3430 3886 soli

1859 3924 2234 3992 azdi/icabinms
2264 3924 2488 3977 Domino
2512 3923 2699 3977 Israel.
2758 3924 2869 3979 Soli
2906 3923 3151 3993 quidem,
3197 3924 3324 3993 quia
3361 3924 3429 3978 ab

1861 4017 1929 4071 iis
1977 4015 2192 4070 liberati
2250 4016 2555 4084 spiritibus,
2602 4016 2695 4085 qui
2740 4032 2839 4085 per
2884 4017 3108 4071 virtutis
3155 4016 3430 4071 defectum

1861 4105 2278 4175 impugnabant,
2311 4121 2452 4174 quos
2485 4114 2540 4159 et
2561 4106 2837 4160 evasimus
2860 4145 2875 4170 ,
2910 4106 3173 4160 nolumus
3201 4122 3300 4176 per
3331 4121 3429 4160 vos

1860 4198 2060 4252 iterum
2086 4196 2425 4250 excellentiis
2460 4197 2587 4250 elati
2619 4196 2883 4267 transﬁgi,
2934 4206 3196 4266 tantoque
3242 4198 3429 4267 priore

1862 4292 2027 4362 578
2059 4292 2309 4363 graviore
2340 4306 2469 4345 casu
2497 4306 2680 4354 rucrc,
2713 4299 2920 4359 quanto
2969 4290 3038 4343 ab
3081 4290 3175 4342 illo
3202 4289 3427 4359 quidem

1863 4383 2041 4437 facilis
2084 4390 2203 4436 erat
2248 4397 2373 4450 spes
2408 4380 2619 4434 reditus
2643 4421 2658 4443 ,
2712 4380 2915 4448 quibus
2944 4379 3015 4432 ob
3052 4379 3430 4432 infirmitatem

187 4475 349 4538 ἐλπὶς
374 4473 621 4545 εὐχερὴς,
650 4472 1040 4541 ωγγνωσθείσι
1061 4470 1149 4523 διὰ
1161 4470 1259 4539 τὴν
1275 4469 1573 4522 ἀσθένειαν
1596 4466 1754 4537 τῇδὲ,

1864 4473 2121 4545 proclivis
2148 4472 2307 4525 venia
2357 4471 2544 4525 foret:
2581 4471 2650 4524 ab
2705 4470 2812 4524 hoc
2855 4478 3072 4534 autem,
3121 4479 3217 4525 aut
3256 4468 3429 4537 nulla,

187 4569 224 4640 ἢ
273 4568 375 4620 οὑκ
416 4567 582 4632 ἐστιν,
635 4565 669 4636 ἢ
712 4564 975 4635 δυσχερὴς
1021 4562 1171 4616 ἔσται
1219 4562 1492 4633 μισηθεῖσι
1532 4559 1619 4613 διὰ
1659 4559 1758 4629 τὴν

190 4658 573 4729 ὑπερηφανίαν
598 4695 615 4721 ,
672 4657 769 4710 καὶ⁵
804 4654 897 4709 τοῦ
928 4656 1099 4720 δεξιοῦ
1130 4657 1473 4725 ποιουμένοις
1497 4654 1682 4727 ἕτερόν
1706 4671 1759 4706 τι

188 4748 529 4820 δεξιώτερον.
587 4747 663 4803 Οὐ
696 4748 845 4818 μόνοι
868 4747 924 4800 δὲ
952 4748 1134 4807 πάλιν,
1180 4748 1263 4800 ὃτι
1292 4748 1417 4810 τοὺς
1445 4747 1631 4815 ἁγίους
1654 4748 1757 4813 ἀγ-

189 4842 385 4910 γέλους
426 4840 621 4911 ἔχομεν
653 4839 761 4893 τῶν
788 4839 968 4892 καλῶν
995 4839 1370 4909 συλλήπτορας
1394 4854 1408 4868 ⁸
1467 4837 1664 4908 μᾶλλον
1702 4838 1759 4891 δὲ

188 4933 286 4985 τὸν
327 4933 459 4985 Θεὸν
496 4932 658 4985 αὑτὸν
679 4973 693 4997 ,
748 4932 880 5000 ἡμῖν
921 4930 1111 4982 ἑαυτὸν
1140 4929 1505 4999 ἐμφανίζοντα
1538 4927 1624 4980 διὰ
1652 4927 1759 4979 τῶν

189 5024 372 5095 ἔργων
398 5023 497 5092 τῆς
520 5020 865 5089 δικαιοσύνης
885 5061 901 5082 ,
957 5020 1052 5072 καὶ
1079 5021 1226 5089 ἡμᾶς
1252 5018 1428 5089 ἑαυτῷ
1456 5019 1582 5072 ναὸν
1605 5019 1759 5087 ἅγιον

186 5108 599 5180 οἰκοδομοῦντα,
631 5109 724 5163 καὶ
747 5108 949 5170 παντὸς
978 5106 1180 5170 πάθους
1211 5106 1509 5179 ἐλεύθερον.

263 5244 363 5298 σθ’.
410 5245 636 5315 ’Λρετῆς
666 5244 790 5314 ὄρος
815 5243 962 5296 ἐστὶν
987 5283 1001 5307 ,
1037 5245 1070 5313 ἡ
1101 5236 1200 5312 τῆς
1228 5242 1572 5315 ἀνθρωπίνης
1598 5244 1759 5297 ἀσθε-

186 5338 343 5401 νείας
372 5338 491 5390 κατ’
512 5337 805 5405 ἐπίγνωσιν
834 5336 972 5406 πρὸς
996 5336 1096 5405 τὴν
1120 5335 1269 5388 θείαν
1290 5335 1519 5407 δύναμιν
1541 5337 1755 5399 ἓνωσις.

200 5429 266 5481 Ὀ
307 5427 484 5481 τοίνυν
526 5428 716 5481 ἑαυτὸν
760 5430 828 5499 τῇ
856 5426 1109 5497 ἀσθενείᾳ
1138 5427 1493 5499 περιγράφων
1526 5430 1624 5500 τῆς
1656 5431 1759 5500 φύ·

189 5537 337 5584 σεως
360 5559 377 5587 ,
433 5520 568 5591 πρὸς
594 5522 684 5576 τὸν
710 5523 835 5593 ὅρον
866 5521 965 5575 οὑκ
987 5516 1117 5592 ἦλθε
1145 5519 1245 5590 τῆς
1271 5521 1501 5591 ἀρετῆς
1551 5523 1645 5576 καὶ
1671 5523 1761 5578 διά

158 5694 168 5723 ι
265 5677 312 5709 ⁸⁷
347 5673 417 5730 Ill
446 5675 604 5731 Esdr.
630 5692 683 5741 ν,
712 5676 799 5731 71.

263 5792 289 5816 ¹¹
316 5790 399 5846 Cf.
429 5792 494 5847 ad
523 5792 763 5848 Thalass.
796 5807 850 5865 q.
882 5792 966 5848 56.

1863 4575 1960 4620 aut
1980 4581 2140 4635 quam
2163 4563 2397 4618 diﬂieilis
2422 4563 2547 4626 erit,
2577 4577 2715 4631 quos
2738 4561 2997 4631 superbia
3016 4576 3213 4616 exosos
3241 4560 3433 4626 faciat;

1863 4673 1928 4712 ac
1979 4657 2073 4727 qui
2118 4671 2187 4711 eo
2229 4655 2374 4724 quod
2428 4656 2678 4709 dextrum
2722 4662 2843 4718 est,
2894 4654 3043 4709 aliud
3091 4654 3222 4724 quid
3257 4656 3432 4725 magis

1866 4750 2121 4804 dextrum
2161 4762 2577 4817 praesumamus.
2626 4748 2839 4801 Rursus
2875 4755 3059 4801 autem
3114 4763 3223 4801 non
3275 4747 3428 4812 soli,

1864 4838 2011 4908 quod
2046 4842 2264 4894 sanctos
2306 4838 2528 4908 angelos
2580 4838 2851 4892 bonorum
2899 4837 3179 4907 adjutores
3224 4836 3431 4891 hahea-

1864 4927 2182 4997 mus;quin
2207 4928 2316 4981 imo
2358 4928 2538 4997 ipsum
2572 4927 2766 4993 Deum,
2792 4942 2891 4996 per
2920 4926 3146 4997 justitize
3173 4941 3336 4995 opera
3369 4940 3433 4982 se

1863 5020 2025 5074 nobis
2045 5018 2506 5082 manifestantem,
2539 5034 2748 5088 nosque
2772 5018 2876 5071 sibi
2906 5017 2962 5071 in
3010 5017 3274 5086 templum
3301 5031 3434 5070 san-.

1864 5122 2035 5177 ctum,
2066 5126 2131 5166 ac
2161 5112 2312 5166 omni
2345 5126 2547 5167 vacans
2577 5112 2721 5177 labe,
2743 5110 3126 5165 aediﬁcantem.

1940 5249 2025 5304 79.
2058 5248 2290 5303 Virtutis
2318 5248 2458 5303 ratio
2488 5256 2591 5311 est,
2637 5245 2974 5301 inﬁrmitatis
3011 5246 3267 5301 humana:
3304 5262 3431 5303 cum

1865 5340 2050 5395 divina
2092 5341 2336 5411 potentia
2373 5355 2472 5409 per
2513 5337 2846 5409 agnitionem
2892 5338 3041 5393 unio.
3094 5337 3198 5404 Qui
3246 5338 3432 5407 itaque

1864 5432 1982 5501 ipse
2014 5446 2071 5485 se
2103 5440 2313 5486 na'urae
2336 5429 2653 5484 inﬁrmitate
2704 5428 3124 5491 circumscribit,
3154 5428 3221 5482 ad
3252 5429 3432 5482 virtu-

1865 5522 1935 5578 tis
1964 5524 2231 5578 rationem
2266 5536 2372 5575 non
2401 5518 2585 5582 venit;
2616 5515 2849 5585 ideoque
2876 5517 3166 5588 delinquit,
3195 5515 3431 5573 necdum
