4108 6430
303 414 438 481 1297

960 411 1292 508 CAoPITUM
1330 412 1750 484 QUINQU‘IES
1786 411 2308 476 CENTENORUM
2350 418 2738 481 CENTURIA
2775 422 2894 481 III.

3407 421 3545 488 1298

296 532 408 584 τῶν
432 529 751 599 δαιμονίων,
782 530 881 584 οὐκ
908 532 1251 583 εἰσακούεται
1284 529 1741 600 προσευχόμενος,
1775 525 1860 578 οὐ)

1979 525 2164 581 niente
2197 544 2325 599 erga
2371 547 2616 586 errorem
2657 534 2987 600 dazmonum,
3028 550 3131 590 nec
3176 536 3290 606 ipse
3321 540 3544 595 exaudi-

297 622 440 691 ἔχων
489 622 570 683 εἰς
613 624 921 692 προσευχῆς
954 622 1213 693 δύναμιν,
1275 622 1374 691 τὴν
1401 621 1509 674 ἀπὸ
1539 622 1639 691 τῆς
1671 619 1877 689 πλάνης

296 713 407 766 τῶν
436 713 611 767 ἀθέων
639 715 906 767 Ἰουδαίων
934 716 1287 787 ἐπιστροφήν.
1323 715 1486 767 Ὂθεν
1507 713 1602 768 τοῦ
1624 714 1876 783 διακενῆς

298 809 702 878 προσεύχεσθαι
734 812 827 863 καὶ
856 810 1043 863 τοῦτον
1069 812 1299 880 ἀπάγων
1329 814 1356 864 ὁ
1380 810 1535 874 Θεὸς,
1572 811 1730 878 φησὶ,
1763 806 1874 862 Καὶ

298 902 384 956 σὺ
414 901 499 971 μὴ
535 903 881 971 προσεύχου
923 904 1056 970 περὶ
1086 903 1192 956 τοῦ
1221 902 1376 957 λαοῦ
1405 902 1642 965 τούτου,
1669 900 1766 953 καὶ
1786 898 1872 969 μὴ

297 993 480 1058 ἀξίου
526 995 634 1048 τοῦ
674 994 995 1063 ἐλεηθῆναι
1024 995 1268 1061 αὐτοὺς,
1300 994 1395 1051 καί
1422 993 1508 1064 μὴ
1536 994 1741 1061 εὔχου,
1775 992 1874 1046 καὶ

291 1084 382 1152 μὴ
418 1085 759 1154 προσέλθῃς
783 1102 885 1155 μοι
918 1087 1051 1154 περὶ
1079 1085 1278 1140 αὐτῶν
1302 1086 1391 1140 ἐτι
1412 1128 1427 1152 ,
1484 1085 1573 1139 ὅτι
1604 1087 1716 1139 οὐκ
1747 1086 1874 1138 εισ-

296 1176 654 1243 ακούσομαι.

374 1273 488 1333 πγ’.
526 1266 736 1337 Πολλῆς
762 1268 929 1332 ὅντως
958 1270 1108 1323 ἐστὶν
1136 1269 1484 1341 ἀϐελτηρίας,
1515 1268 1603 1322 ῐνα
1629 1266 1704 1338 μὴ
1729 1265 1874 1336 λέγω

293 1360 730 1432 παραφροσύνης
754 1400 769 1425 ,
822 1362 889 1416 δι’
911 1364 1076 1435 εὐχῆς
1122 1363 1348 1417 δικαίων
1388 1362 1666 1431 ἐπιζητεῖν
1694 1378 1873 1432 σωτη-

296 1448 425 1519 ρίαν
450 1490 465 1512 ,
527 1451 621 1504 τδν
667 1453 808 1507 κατὰ
854 1453 1093 1508 διάθεσιν
1131 1457 1243 1518 τοῖς
1282 1454 1546 1525 ὀλεθρίοις
1573 1453 1867 1525 ήδόμενον’

292 1541 568 1595 κάκείνων
624 1543 893 1597 αἰτεῖσθαι
951 1542 1299 1616 συγχώρησιν
1325 1584 1339 1607 ,
1400 1538 1483 1607 οἷς
1530 1544 1870 1615 ἐγκαυχᾶται

289 1631 418 1685 κατ’
434 1632 714 1703 ἐνέργειαν
740 1635 996 1707 προθέσει
1030 1636 1409 1707 σπιλούμενος,
1444 1636 1562 1689 δέον
1594 1636 1668 1707 μὴ
1694 1635 1870 1708 ἀργὴν

287 1723 390 1795 ἐᾷν
433 1723 680 1793 γίνεσθαι
728 1729 820 1780 καὶ
858 1728 1117 1799 ἀκίνητον
1163 1730 1257 1783 τοῦ
1294 1728 1505 1782 δικαίου
1532 1728 1631 1799 τὴν
1660 1728 1866 1798 δέησιν,

286 1812 386 1866 τὸν
440 1814 643 1885 ταύτης
687 1816 973 1888 δεόμενον,
1029 1821 1187 1891 εἰπερ
1227 1820 1442 1892 ἀληθῶς
1469 1822 1585 1883 τοῖς
1612 1822 1867 1890 πονηροῖς

287 1902 660 1975 ἀπεχθάνεται
679 1924 695 1941 σ
746 1910 864 1964 ἀλλ’
882 1912 1106 1983 ἐνεργὸν
1132 1915 1307 1967 ποιεῖν
1338 1914 1433 1967 καὶ
1462 1913 1710 1984 ἰσχυράν,
1740 1915 1864 1978 ταῖς

285 1995 523 2062 οἰκείαις
567 2000 789 2071 ἀρεταῖς
834 2006 1228 2078 πτερουμένην,
1279 2009 1374 2061 καὶ
1418 2007 1725 2076 φθάνουσαν
1771 2008 1864 2062 τὸν

290 2088 644 2163 συγχώρησιν
667 2094 867 2150 διδόναι
890 2098 1000 2152 τῶν
1022 2099 1525 2171 πλημμεληθέντων
1545 2100 1861 2172 δυνάμενον.

364 2268 469 2323 τπδ’.
529 2274 693 2327 Πολὺ
734 2276 928 2344 ἰσχύει
975 2278 1081 2331 τοῦ
1114 2279 1347 2335 δικαίου
1388 2282 1427 2350 ἡ
1460 2280 1704 2349 δέησις,
1753 2284 1863 2336 εἴτε

286 2360 355 2413 ἐκ
402 2362 500 2414 τοῦ
547 2368 873 2437 ποιουμένου
901 2369 1103 2439 ταύτην
1129 2371 1338 2425 δικαίου
1357 2414 1373 2439 ,
1435 2374 1543 2426 εἴτε
1571 2374 1637 2426 ἐκ
1660 2374 1753 2428 τοῦ
1778 2373 1865 2441 γί-

284 2453 481 2507 νεσθαι
510 2457 678 2526 αὐτὴν
708 2460 1025 2529 αἰτουμένου
1056 2463 1149 2515 τὸν
1172 2463 1381 2518 δίκαιον
1404 2504 1420 2530 ,
1472 2460 1860 2537 ἐνεργουμένη.

294 2543 439 2597 Ὑπὸ
465 2548 561 2617 μὲν
589 2550 696 2621 γάρ
721 2551 814 2605 τοῦ
838 2554 1043 2607 δικαίου
1070 2556 1461 2629 ἐνεργουμένη,
1482 2558 1696 2612 δίδωσιν
1716 2558 1863 2629 αὐτῷ

285 2639 607 2709 παρρησίαν
631 2644 766 2714 πρὸς
787 2644 880 2698 τὸν
904 2646 1086 2700 δοῦναι
1108 2648 1403 2720 δυνάμενον
1422 2650 1489 2705 τά
1508 2650 1619 2705 τῶν
1638 2651 1864 2706 δικαίων

283 2730 590 2800 αἰνίγματα’
621 2733 725 2787 ὑπὸ
748 2735 804 2787 δὲ
827 2736 919 2789 τοῦ
946 2738 1151 2810 ταύτην
1179 2740 1498 2810 αἰτουμένου
1522 2742 1615 2795 τὸν
1631 2741 1858 2808 δίκαιον,

283 2819 390 2890 τῆς
417 2822 691 2891 προτέρας
716 2824 878 2879 αὑτὸν
907 2828 1208 2899 μοχθηρίας
1234 2830 1494 2902 ἀφίστησι
1519 2873 1534 2897 ,
1588 2833 1861 2904 μεταϐάλ-

281 2907 457 2964 λουσα
491 2913 626 2982 πρὸς
655 2917 855 2988 ἀρετὴν
886 2919 1034 2989 αύτῴ
1060 2920 1158 2992 τὴν
1184 2922 1441 2978 διάθεσιν.

357 3009 465 3057 κε’.
485 3004 505 3026 ‘
522 3004 629 3058 Τοῦ
646 3007 970 3063 Ἀποστόλου
998 3014 1300 3083 εἰρηκότος,
1318 3008 1479 3083 Ἐνῷ
1493 3016 1862 3087 ἀγαλλιᾶσθε

282 3092 501 3163 ὀλίγον
527 3095 677 3165 ἄρτι,
712 3102 763 3153 εἰ
810 3099 951 3155 δέον
986 3103 1118 3158 ἐστὶ
1160 3106 1549 3175 λυπηθέντας
1588 3110 1745 3178 ὑμᾶς
1791 3110 1863 3163 ἐν

281 3185 591 3253 ποικίλοις
624 3193 995 3261 πειρασμοῖς,
1031 3195 1148 3260 πῶς
1172 3214 1257 3262 τις
1283 3198 1621 3268 λυπούμενος
1648 3202 1705 3254 ἐν
1740 3217 1862 3255 πεισ
1886 3208 1930 3268 C

281 3279 521 3346 ρασμοϊς
549 3278 768 3334 δύναται
798 3283 1155 3352 ἁγαλλιᾶσθαι
1180 3289 1237 3341 ἐν
1260 3282 1305 3358 ᾧ
1328 3288 1572 3344 λυπεῖται
1600 3309 1616 3359 ;

353 3462 475 3520 πς·’.
509 3458 622 3528 τὴν
645 3459 822 3534 λύπην
844 3463 1028 3535 διττὴν
1050 3462 1159 3520 οἶδε
1191 3468 1294 3536 τῆς
1321 3470 1575 3540 ἀληθείας
1602 3475 1631 3527 ὁ
1659 3474 1815 3542 λόγος
1839 3491 1853 3506 ·

275 3546 381 3618 τὴν
411 3548 529 3617 μὲν,
559 3554 701 3607 κατὰ
725 3553 902 3627 ψυχὴν
929 3558 1150 3626 ἀφανῶς
1171 3578 1186 3592 ·
1235 3562 1332 3631 τὴν
1356 3563 1434 3628 δὲ,
1461 3564 1580 3617 κατ’
1605 3565 1858 3637 αἴσθησιν

278 3640 539 3709 φανερῶς
567 3646 982 3718 συνισταμένην
1015 3649 1108 3703 καλ¹
1135 3652 1234 3722 τὴν
1266 3653 1386 3724 μὲν,
1413 3654 1536 3709 ὅλον
1561 3657 1658 3726 τῆς
1678 3656 1857 3729 ψυχῆς

276 3729 345 3781 τὸ
376 3729 542 3799 βάθος
568 3735 1100 3808 περιλαμϐάνουσαν,
1135 3746 1202 3815 τῇ
1234 3747 1456 3815 μάστιγι
1485 3748 1585 3817 τῆς
1610 3749 1856 3820 συνειδή-

278 3836 421 3913 σεως
451 3823 817 3897 αἰκιζόμενον·
844 3830 946 3902 τῆν
973 3832 1052 3897 δὲ,
1083 3836 1266 3889 πᾶσαν
1292 3839 1393 3909 τὴν
1422 3839 1673 3913 αἴσθησιν
1694 3860 1853 3912 περι-

275 3912 600 4005 γράφουσαν
623 3958 640 3983 ,
691 3920 771 3990 τῷ
813 3921 968 3995 βάρει
999 3925 1106 3981 τῶν
1129 3926 1393 3996 ἀλγεινῶν
1424 3912 1854 4005 συστελλομένην

274 4002 383 4094 τῆς
410 4010 644 4080 φυσικῆς
666 4011 998 4083 διαχύσεως⁹
1060 4019 1157 4072 καὶ
1182 4020 1282 4090 τὴν
1313 4021 1414 4091 μὲν
1432 4065 1446 4087 ,
1494 4026 1597 4094 τῆς
1624 4002 1744 4079 κατ’
1767 4002 1855 4080 ai-

276 4089 475 4185 σθησιν
502 4095 692 4168 ἡδονῆς
726 4114 740 4126 ·
798 4101 896 4171 τὴν
922 4102 1001 4166 δὲ,
1020 4106 1123 4172 τῆς
1153 4089 1292 4162 κατὰ
1313 4089 1489 4182 ψυχὴν
1515 4089 1854 4185 εύφροσύνης

274 4182 433 4248 τέλος
463 4185 813 4259 ὑπάρχουσαν
837 4210 853 4226 ο
892 4196 1094 4264 μᾶλλον
1120 4200 1177 4253 δὲ
1207 4202 1306 4271 τὴν
1335 4203 1456 4271 μὲν,
1490 4205 1597 4257 τῶν
1626 4182 1746 4260 κατ’
1766 4182 1852 4260 αι’-

277 4276 474 4347 σθησιν
514 4284 810 4353 γνωμικῶν
834 4304 851 4319 ι
902 4289 1000 4359 τὴν
1039 4290 1116 4353 δὲ,
1150 4291 1259 4345 τῶν
1295 4295 1414 4346 κατ’
1439 4296 1608 4368 αὐτὴν
1638 4299 1849 4369 συμπέ-

274 4387 469 4444 ρασμα
496 4376 646 4446 παρὰ
670 4379 894 4451 γνώμην
921 4382 1109 4436 παθῶν
1132 4386 1521 4455 τυγχάνουσαν.

1979 626 2087 681 tur,
2125 618 2272 687 quod
2316 619 2467 690 impii
2508 622 2683 677 Judaei
2726 624 3097 679 convertendo
3138 640 3198 679 se
3231 624 3299 678 ab
3331 641 3539 692 errore,

1975 711 2155 766 nullas
2196 713 2503 782 precationi
2539 715 2686 770 vires
2723 716 3005 771 aﬂ‘errent.
3044 716 3198 773 Unde
3231 726 3287 773 et
3329 719 3469 775 Deus
3511 735 3541 773 a

1971 800 2285 855 trustraneo
2326 802 2421 855 illo
2467 819 2692 873 precum
2730 805 2941 859 ambitu
2983 821 3110 860 eum
3150 822 3427 862 avocans:
3467 807 3543 861 Tu

1974 907 2196 961 quoque,
2252 892 2452 962 inquit,
2499 893 2607 947 noli
2648 912 2802 949 orare
2842 914 2938 967 pro
2979 896 3172 968 populo
3219 899 3332 963 hoc,
3376 906 3425 951 et
3477 914 3543 953 ne

1975 998 2122 1053 roges
2156 992 2214 1037 ut
2253 1000 2432 1038 eorum
2468 987 2759 1051 miserear;
2795 1005 2888 1043 nec
2922 990 3068 1045 ultra
3110 1007 3205 1061 pro
3243 993 3319 1046 eis
3351 991 3422 1045 ad
3460 1008 3542 1046 me

1973 1076 2273 1142 accesseris,
2293 1076 2420 1146 quia
2446 1092 2549 1130 non
2566 1080 2851 1133 exaudiam
2884 1082 2923 1134 ¹.

2041 1254 2129 1309 85.
2162 1254 2401 1312 Summae
2429 1270 2620 1312 revera
2653 1258 2971 1315 stoliditatis
3005 1269 3109 1325 est,
3141 1278 3210 1317 ne
3235 1262 3413 1319 dicam
3441 1264 3540 1320 de-

1970 1348 2210 1415 mentiar,
2234 1350 2511 1419 justorum
2550 1350 2807 1421 precibus
2834 1352 3067 1407 salutem
3098 1357 3411 1423 exquirere,
3445 1358 3542 1428 qui

1969 1440 2217 1496 exitiosis
2257 1442 2423 1497 rebus
2465 1457 2530 1497 ac
2576 1458 2698 1513 quae
2737 1442 3020 1498 interitum
3068 1446 3306 1515 pariant,
3355 1450 3543 1504 animo

1969 1529 2309 1598 delectetur;
2334 1548 2637 1603 eorumque
2664 1534 2883 1589 veniam
2906 1546 3115 1605 petere,
3135 1536 3339 1606 quibus
3361 1540 3544 1609 reipsa

1969 1623 2200 1677 sordens
2224 1626 2429 1680 mentis
2469 1626 2756 1696 proposito
2771 1627 3067 1698 glorietur;
3100 1644 3227 1683 eum
3250 1646 3351 1700 par
3373 1642 3540 1699 esset,

1968 1722 2029 1767 ut
2054 1714 2147 1783 qui
2176 1715 2311 1786 justi
2344 1716 2789 1787 deprecationem
2837 1719 3115 1789 implorat,
3157 1737 3267 1775 non
3309 1723 3559 1778 otiosam.

1968 1813 2261 1874 motusque
2290 1817 2573 1877 expertem
2611 1824 2675 1863 ac
2711 1808 2956 1864 desidem
2998 1827 3117 1865 eam
3154 1810 3276 1866 ﬁeri
3311 1812 3539 1881 sineret,

1967 1893 2012 1948 si
2059 1894 2223 1949 modo
2253 1911 2383 1952 vere
2412 1898 2497 1970 illj
2531 1898 2674 1954 mala
2707 1884 3100 1970 displicerent;
3130 1901 3226 1956 sed
3262 1900 3543 1959 efﬁcacem

1961 1986 2332 2057 validamque,
2380 1957 2622 2060 probriis
2670 1957 2842 2059 ipsius
2898 1991 3202 2047 virtutibus
3249 1994 3540 2050 subnixam

1963 2079 2244 2149 altumque
2271 2081 2543 2137 volantem
2579 2082 2853 2147 redderet,
2872 2101 3107 2154 eumque
3136 2096 3537 2157 assequentem,

1964 2168 2057 2238 qui
2084 2178 2265 2238 potest
2284 2169 2613 2226 delictorum
2638 2174 2853 2236 veniam
2879 2176 3147 2245 praebere.

2033 2275 2121 2329 84.
2164 2273 2390 2329 Multum
2430 2274 2567 2330 valet
2596 2278 2733 2347 justi
2782 2278 3101 2350 deprecatio,
3147 2282 3264 2337 sive
3302 2298 3369 2338 ex
3402 2284 3535 2354 justi

1963 2362 2138 2433 ipsius
2169 2364 2451 2422 offerentis
2481 2382 2736 2436 persona,
2777 2369 2893 2425 sive
2923 2370 3088 2434 illius,
3121 2375 3277 2444 cujus
3301 2376 3416 2445 ipse
3447 2394 3538 2431 ro-

1962 2458 2089 2520 gatu
2119 2451 2331 2507 Numen
2360 2453 2691 2524 interpellat,
2729 2456 2943 2512 efﬁcax.
2978 2460 3136 2516 Iusto
3173 2463 3322 2516 enim
3349 2464 3548 2520 efﬁca-

1962 2553 2082 2593 cem
2123 2539 2396 2605 reddenti,
2437 2541 2694 2598 ﬁduciam
2734 2545 3067 2614 impetrandi
3118 2551 3346 2619 praebet,
3389 2555 3535 2622 apud

1961 2640 2087 2679 eum
2117 2628 2211 2695 qui
2240 2629 2517 2698 justorum
2549 2631 2848 2701 petitiones
2879 2642 3062 2703 potest
3090 2637 3366 2706 tribuere;
3407 2656 3535 2696 eum

1961 2731 2093 2771 vero
2121 2719 2216 2787 qui
2236 2718 2445 2788 justum
2477 2731 2824 2790 precatorem
2858 2724 3103 2792 adhibet,
3134 2743 3165 2782 a
3204 2729 3389 2798 priore
3429 2731 3536 2785 im-

1962 2811 2235 2880 probitate
2262 2812 2529 2883 abjungit,
2548 2815 2667 2885 ejus
2692 2815 2941 2877 animum
2962 2817 3028 2873 ad
3056 2819 3315 2877 virtutem
3344 2823 3536 2883 tradu-

1962 2913 2112 2957 cens.

2030 2992 2119 3048 85.
2169 2993 2306 3051 Cum
2336 2994 2630 3064 Apostolus
2672 2997 2820 3053 dicat
2856 3016 2869 3052 :
2914 2999 2979 3054 In
3027 3016 3128 3069 quo
3183 3000 3534 3068 exsuttabitis,

1962 3086 2222 3141 modicum
2258 3104 2418 3151 nunc,
2463 3090 2509 3143 si
2557 3099 2759 3160 oportet
2788 3094 3090 3151 contristari
3133 3110 3222 3149 vos
3270 3096 3325 3151 in
3374 3099 3535 3151 uariis

1964 3178 2333 3232 tentationibus
2363 3180 2413 3245 ’;
2451 3181 2727 3250 quomodo
2760 3183 2855 3251 qui
2910 3183 2965 3242 in
3003 3185 3402 3243 tentationibus
3438 3188 3535 3242 tri-

1960 3275 2157 3335 statur,
2205 3270 2262 3324 in
2310 3286 2377 3325 eo
2419 3272 2695 3327 exsultare
2751 3274 2925 3343 possit
2978 3276 3034 3330 in
3086 3292 3196 3347 quo
3242 3279 3530 3345 tristatur;

1960 3360 2117 3430 cujus
2144 3375 2341 3431 nempe
2364 3362 2537 3432 gratia
2563 3365 2800 3419 mmret?

2029 3449 2116 3505 86.
2178 3451 2463 3521 Duplicem
2521 3453 2799 3508 tristitiam
2850 3456 3006 3511 novit
3071 3473 3203 3514 vera
3253 3458 3528 3527 doctrina;

1957 3540 2181 3597 alteram
2204 3559 2326 3613 qua:
2351 3544 2407 3597 in
2437 3544 2621 3600 animo
2645 3546 2876 3601 occultis
2900 3548 3205 3604 rationibus
3227 3550 3528 3618 conﬂatur;

1957 3632 2204 3696 alteram,
2238 3649 2360 3703 quae
2384 3632 2547 3709 580
2573 3634 2630 3687 in
2673 3650 2837 3690 sensu
2876 3638 3164 3694 manifeste
3193 3640 3370 3710 posita
3404 3650 3526 3695 est:

1957 3738 2020 3777 ac
2058 3724 2203 3777 illam
2251 3725 2495 3794 quidem,
2542 3734 2717 3781 totum
2762 3728 2930 3783 animi
2981 3731 3315 3799 profundum
3362 3748 3529 3787 occu-

1956 3833 2107 3887 pare,
2142 3818 2288 3887 quod
2330 3819 2682 3875 conscientiae
2708 3821 2922 3891 ﬂagello
2952 3825 3176 3894 vapulet
3203 3843 3217 3878 :
3260 3827 3403 3881 hanc
3428 3842 3530 3881 au-

1956 3918 2087 3975 tem,
2134 3926 2357 3966 sensum
2412 3927 2630 3967 omnem
2676 3914 3115 3982 circumvenire,
3152 3933 3317 3987 quem
3364 3936 3529 3991 grave

1954 4003 2330 4059 molestiarum
2354 4004 2571 4073 pondus
2605 4022 2635 4059 a
2658 4009 2892 4062 naturali
2920 4008 3213 4065 diﬂ‘usione
3244 4021 3525 4079 coerceat;

1953 4095 2212 4165 illamque
2231 4097 2370 4151 adeo
2389 4098 2686 4168 voluptatis
2721 4115 2933 4164 sensus,
2959 4102 3099 4155 hanc
3123 4104 3323 4158 laetitiae
3355 4105 3525 4159 animi

1953 4185 2117 4243 ﬁnem
2139 4188 2443 4243 exsistere:
2474 4191 2608 4258 quin
2647 4192 2849 4261 potius,
2894 4193 3039 4247 illam
3072 4195 3295 4263 quidem
3331 4213 3528 4253 sensus

1950 4276 2245 4333 aEectuum
2283 4295 2350 4334 ex
2382 4280 2696 4347 voluntate;
2748 4283 2888 4337 lianc
2924 4293 3129 4349 autem,
3170 4301 3361 4341 eorum
3405 4305 3526 4358 quae

1949 4377 2150 4438 praeter
2182 4371 2521 4427 voluntatem
2560 4388 2735 4443 eaque
2770 4374 2938 4429 invita
2979 4376 3057 4430 illi
3094 4378 3370 4447 accidunt,
3401 4396 3523 4437 esse

1950 4471 2265 4517 terminum.

344 4549 457 4615 πζν.
499 4555 656 4627 Λύπη
689 4559 806 4611 ἐστὶ
829 4601 843 4623 ,
891 4564 1011 4614 κατ’
1035 4564 1131 4632 ἐμὲ
1164 4565 1349 4633 φάναι,
1382 4567 1621 4633 διάθεσις
1645 4571 1847 4642 ἡδονῶν

2023 4554 2111 4608 87.
2138 4554 2386 4613 Tristitia
2410 4566 2495 4613 est
2518 4558 2685 4629 (quod
2718 4560 2938 4629 quidem
2969 4563 3248 4635 existimo)
3282 4563 3527 4634 disposi-‘

271 4644 616 4719 ἐστερημένη
635 4665 651 4679 ο
689 4652 943 4722 στέρησις
969 4654 1025 4706 δὲ
1055 4656 1392 4727 καθέστηκεν
1416 4661 1639 4731 ἡδονῶν,
1670 4664 1846 4719 πόνων

271 4734 541 4823 ἐπαγωγὴ
565 4755 580 4769 ’
633 4741 795 4805 πόνος
818 4743 877 4796 δὲ
906 4744 1091 4814 σαφῶς
1118 4747 1256 4809 ἐστι,
1306 4753 1542 4823 φυσικῆς
1571 4752 1737 4819 ἕξεως
1762 4756 1847 4809 ἔλ-

270 4819 454 4917 λειψις
503 4823 537 4893 ἡ
592 4825 978 4917 ὑποχώρησιςο
1038 4834 1274 4905 ἔλλειψις
1312 4841 1369 4892 δὲ
1421 4819 1656 4917 φυσικῆς
1697 4848 1843 4902 ἐστιν

194 4928 201 4937 ι
270 4909 447 5008 ἕξεως
468 4955 483 4978 ,
544 4916 715 4981 πάθος
761 4922 859 4990 τῆς
888 4924 1031 4978 κατὰ
1057 4927 1218 4993 φύσιν
1246 4909 1621 5006 ὑποκειμένης
1639 4941 1703 5008 τῇ
1731 4938 1843 5004 ἕξει

268 5002 579 5101 δυνάμεως.
616 5010 690 5062 Te
714 5011 768 5063 δὲ
797 5014 964 5078 πάθος
993 5018 1091 5089 τῆς
1119 5022 1259 5074 κατὰ
1284 5002 1455 5091 φύσιν
1475 5002 1844 5101 ὑποκειμένης

269 5096 338 5166 τῇ
388 5095 498 5161 ἔξει
543 5099 824 5170 δυνάμεώς
861 5107 1039 5173 ἐστιν,
1099 5113 1127 5163 ὀ
1158 5113 1299 5167 κατὰ
1347 5116 1445 5188 τὴν
1492 5095 1842 5192 παράχ-ρησιν

269 5187 371 5256 τῆς
412 5193 645 5262 φυσικῆς
675 5195 953 5265 ἐνεργείας
989 5201 1188 5267 τρόπος
1212 5219 1227 5234 ·
1286 5187 1628 5280 παραχρησις
1741 5187 1839 5266 τοῦ

270 5281 400 5373 κατῖ
419 5280 694 5353 ἐνέργειαν
718 5288 920 5356 τρόπου
952 5290 1308 5364 καθέστηκεν,
1339 5300 1370 5367 ἡ
1406 5300 1540 5369 πρὸς
1561 5302 1621 5353 τὸ
1651 5301 1724 5373 μὴ
1747 5321 1841 5356 πε·

272 5368 445 5462 ,ρνκὺς
474 5374 616 5427 κατὰ
644 5376 803 5444 φύσιν
830 5380 922 5431 καὶ
945 5379 1308 5451 ὑφιστάμενον
1332 5386 1401 5454 (Ic)
1432 5368 1530 5458 τῆς
1559 5368 1841 5462 δυνάμεως

272 5458 506 5530 κίνησις.
723 5468 727 5472 ’

346 5614 362 5644 ⁸
394 5614 596 5672 Jerem.
631 5635 724 5685 vn,
769 5622 855 5678 16.
908 5625 1125 5682 'lPetr.
1163 5645 1201 5691 ι,
1230 5630 1281 5685 6.

341 5729 360 5746 ‘
393 5727 476 5785 Cf.
503 5731 570 5786 ad
598 5733 841 5793 Thalass.
868 5756 922 5810 q.
952 5741 1038 5798 58.

1954 4645 2029 4699 tio
2063 4646 2234 4700 animi
2266 4662 2365 4702 seu
2405 4648 2622 4705 aﬂ‘ectio
2653 4652 3028 4720 voluptatibus
3058 4670 3272 4709 carens.
3315 4655 3521 4711 Harum

1951 4746 2134 4793 autem
2163 4741 2417 4809 privatio,
2449 4743 2697 4797 laborum
2727 4745 2956 4800 inﬂictio
2976 4757 3079 4802 est.
3108 4748 3289 4803 Labor
3311 4757 3517 4816 autem,

1942 4833 2209 4887 naturalis
2243 4834 2465 4889 habitus
2492 4836 2670 4905 palam
2711 4838 2978 4905 defectus,
3009 4856 3106 4895 seu
3134 4841 3431 4897 subductio
3454 4858 3520 4896 ac

1946 4939 2194 4979 recessus
2227 4933 2332 4980 est.
2375 4926 2633 4981 Defectus
2662 4940 2846 4985 autem
2877 4938 2932 4985 et
2969 4931 3219 4986 absentia
3250 4932 3518 4988 naturalis

1949 5015 2191 5081 habitus,
2228 5017 2411 5087 passio
2449 5028 2533 5074 est
2572 5028 2628 5074 et
2670 5022 2821 5076 labes
2860 5038 2955 5077 seu
2995 5023 3264 5093 aegritudo
3294 5025 3413 5095 ejus
3438 5025 3517 5082 fa-

1946 5108 2188 5173 cultatis,
2231 5126 2353 5180 qua:
2390 5120 2587 5167 natura
2634 5114 2848 5168 babitui
2888 5115 3132 5187 subjecta
3174 5125 3279 5172 est.
3329 5118 3517 5174 Passio

1944 5207 2127 5253 autem
2158 5212 2214 5256 et
2255 5203 2407 5259 labes
2450 5221 2547 5260 seu
2593 5206 2859 5278 aegritudo
2902 5208 3021 5278 ejus
3067 5207 3363 5274 facultatis,
3394 5227 3516 5280 quae

1943 5301 2139 5349 natura
2168 5295 2384 5353 habitui
2423 5300 2669 5371 subjecta
2698 5308 2802 5366 est,
2833 5301 3032 5357 modus
3053 5312 3138 5358 est
3159 5318 3259 5373 per
3282 5303 3515 5358 abusum

1939 5389 2205 5444 naturalis
2237 5392 2593 5461 operationis.
2647 5393 2818 5448 Porro
2872 5392 3081 5450 abusus
3120 5395 3268 5450 modi
3313 5410 3512 5465 opera-

1938 5483 2126 5546 tionis,
2152 5492 2336 5538 motus
2362 5493 2445 5539 est
2474 5484 2775 5547 facultatis,
2818 5484 2873 5540 in
2906 5485 2962 5541 id
2996 5487 3145 5556 quod
3178 5496 3374 5542 natura
3406 5486 3511 5541 mi-

1939 5574 2086 5630 nime
2116 5584 2494 5646 comparatum
2515 5584 2617 5642 est,
2650 5592 2833 5647 neque
2870 5592 3000 5635 vere
3032 5587 3138 5635 est.

346 5844 419 5916 (Κ)
458 5845 689 5917 Ἠπρὸς
734 5851 798 5913 τὸ
840 5854 927 5924 μὴ
979 5858 1245 5929 πεφυκὸς
1291 5863 1440 5919 κατὰ
1482 5865 1671 5934 φύσιν
1728 5868 1825 5923 καὶ

1958 5870 2291 5942 ιστάμενον.
2326 5871 2495 5929 Motus
2561 5873 2831 5943 facultatis
2898 5878 2953 5930 in
3005 5878 3057 5930 ia
3090 5876 3229 5946 quod
3268 5892 3374 5931 non
3426 5884 3500 5928 est
