3972 6432
137 389 294 458 2301-

797 394 1130 455 CAPITUM
1167 395 1588 466 QUINQUIES
1625 395 2144 455 CENTENORUM
2183 397 2567 457 CENTURIA
2607 397 2723 456 IlI-

3257 394 3398 460 I302

211 500 324 572 ιτγν.
364 503 423 556 '0
478 502 578 573 μὲν
632 502 836 576 Κύριος
887 505 1222 574 ἀπεύχεσθαι
1275 507 1404 570 τοὺς
1439 507 1720 570 ἑκουσίους

1899 507 1990 562 95.
2026 507 2295 563 Dominus
2316 510 2562 578 quidem,
2583 525 2678 565 eas
2705 523 2809 564 nos
2843 509 3178 564 tentationes
3199 509 3395 579 depre-

133 593 296 666 ἠμᾶς
328 595 569 649 διδάσκει
595 598 960 666 πειρασμοὺς,
997 598 1072 661 ὡς
1102 597 1305 668 σαρκὸς
1335 597 1454 668 μὲν,
1485 597 1682 668 ἡδονῆς
1701 613 1714 628 ⁸

131 688 325 758 ψυχῆς
345 687 421 752 δὲ,
469 691 784 758 ποιητικοὺς
811 689 1004 759 ὀδύνης
1023 701 1037 717 ⁸
1093 688 1121 740 6
1150 688 1208 740 δὲ
1238 686 1411 758 μέγας
1443 688 1717 754 Ἰάκωϐος,

135 782 238 834 ἐπὶ
269 782 382 844 τοῖς
401 780 676 844 ἀκουσίοις
714 782 846 850 ἡμῖν
875 783 1129 852 παραινεῖ
1147 781 1356 852 χαίρειν
1375 783 1717 850 πειρασμοῖς,

134 871 217 933 ῶς
251 870 454 942 σαρκὸς
484 871 584 943 μὲν
614 870 829 943 ἡδονὴν,
861 870 1040 943 ψυχῆς
1067 871 1125 925 δὲ
1156 871 1351 943 ὀδύνην
1377 872 1718 943 ἀφαιρουμέ-

134 981 278 1027 νοις.

215 1141 324 1207 ιβ’.
370 1141 588 1205 Τέλειός
614 1142 789 1206 ἐστιν,
825 1144 854 1196 6
880 1145 990 1208 τοῖς
1019 1143 1286 1209 ἑκουσίοις
1313 1143 1382 1198 δι’
1397 1144 1725 1216 ἐγκρατείας

141 1236 460 1305 μαχόμενος
484 1273 500 1297 ,
556 1236 650 1287 καὶ
694 1239 808 1298 τοῖς
834 1237 1111 1300 ἀκουσίοις
1136 1236 1202 1289 δι’
1225 1237 1500 1308 ὑπομονῆς
1525 1240 1726 1310 ἐγκαρ-

136 1325 326 1396 τερῶν
356 1329 681 1397 πειρασμοῖς
705 1343 720 1356 ·
777 1327 871 1379 καὶ
898 1328 1191 1400 ὁλόκληρός
1215 1331 1396 1395 ἐστιν,
1448 1333 1476 1384 ό
1506 1333 1598 1405 καὶ
1626 1333 1724 1402 τὴν

137 1418 351 1487 πρᾶξιν
385 1419 525 1490 μετά
551 1418 804 1488 γνώσεως
827 1462 842 1485 ,
903 1422 997 1474 καὶ
1028 1422 1128 1492 τὴν
1157 1421 1396 1494 θεωρίαν
1419 1425 1517 1478 οὐκ
1548 1425 1728 1494 ἀπρα-

135 1527 275 1564 κτον
303 1510 553 1566 διανύων.

213 1697 324 1761 με’.
365 1697 717 1766 Διῃρημένης
753 1699 832 1760 είς
859 1699 1038 1768 ψυχήν
1057 1715 1118 1751 τε
1150 1701 1243 1752 καὶ
1270 1700 1522 1770 αίσθησιν
1547 1701 1645 1770 τῆς
1665 1717 1732 1754 τε

137 1783 326 1856 λύπης
361 1787 458 1840 κα)⁸
485 1787 586 1857 τῆς
612 1789 806 1859 ἡδονῆς
829 1829 845 1853 ,
897 1791 926 1842 6
965 1791 1066 1860 τὴν
1089 1793 1188 1861 τῆς
1212 1791 1388 1861 ψυχῆς
1414 1794 1727 1862 περιποιού-

141 1895 316 1948 μενος
342 1879 535 1951 ἡδονὴν
559 1919 574 1944 ,
639 1879 735 1949 τὴν
757 1881 814 1935 δὲ
845 1881 944 1951 τῆς
965 1882 1276 1952 αἰσθήσεως
1309 1882 1426 1953 μεθ’
1452 1884 1729 1955 ὑπομονῆς

139 1969 582 2040 καταδεχόμενος
623 1971 800 2043 λύπην
824 2013 839 2036 ,
901 1973 1124 2043 δόκιμος
1159 1973 1366 2042 γίνεται
1401 1976 1493 2030 καὶ
1525 1976 1730 2040 τέλειος

141 2062 241 2114 καὶ
272 2061 585 2133 ὁλόκληρος·
614 2062 838 2134 δόκιμος
861 2065 984 2132 μὲν,
1017 2066 1106 2119 διά
1133 2069 1231 2136 τὴν
1257 2070 1451 2137 πεῖραν
1476 2068 1585 2120 τῶν
1609 2071 1728 2121 κατ’

141 2152 410 2224 αἴσθησιν
440 2154 701 2208 ἐναντίων
721 2170 734 2185 ·
794 2156 1000 2222 τέλειος
1028 2157 1108 2222 δὲ,
1143 2158 1220 2221 ὼς
1244 2162 1310 2229 τῇ
1337 2161 1457 2213 κατ’
1480 2160 1728 2230 αἴσθησιν

140 2244 318 2316 ἠδονῇ
349 2261 408 2297 τε
442 2246 537 2300 καὶ
558 2246 704 2317 λύπῃ
738 2247 806 2301 δι’
833 2250 1160 2320 ἐγκρατείας
1207 2252 1302 2304 καὶ
1333 2252 1612 2324 ὑπομονῆς
1639 2257 1730 2307 άν-

142 2335 383 2400 ενδότως
411 2339 735 2408 μαχόμενοςο
767 2341 1059 2413 ὁλόκληρος
1082 2343 1159 2403 δὲ,
1189 2343 1266 2407 ὡς
1290 2345 1391 2408 τὰς
1415 2347 1731 2417 μαχομένας

142 2433 277 2494 ταῖς
329 2434 449 2484 κατ’
490 2432 743 2504 αἴσθησιν
794 2435 1056 2505 ἀλλήλαις
1099 2438 1506 2507 ἀντικειμέναις
1553 2441 1732 2492 διαθέ-

146 2537 312 2574 σεσιν
340 2522 480 2586 ἔξεις
502 2563 517 2588 ,
582 2525 640 2577 ἐν
666 2528 732 2596 τῇ
769 2526 1122 2598 σταθερότητι
1155 2528 1255 2595 τῆς
1288 2533 1432 2584 κατά
1459 2530 1731 2596 τὸνλόγον

145 2613 515 2684 ταυτότητος,
556 2616 870 2688 ἀλωϐἡτους
904 2618 1312 2687 διαφυλάττων·
1370 2621 1512 2692 φημὶ
1543 2621 1600 2674 δὲ
1637 2623 1732 2690 τὴν

131 2706 360 2777 ’πρᾶξιν
394 2707 487 2760 καὶ
515 2710 611 2778 τὴν
643 2707 896 2781 Θεωρίαν,
930 2709 1192 2780 ἀλλήλαις
1222 2713 1608 2781 συνεχομένας,
1639 2715 1733 2766 καὶ

149 2798 435 2869 μηδεμίαν
481 2800 582 2868 τῆς
625 2801 816 2872 ἑτέρας
849 2802 1239 2873 διεζευγμένην
1264 2822 1278 2836 ο
1337 2805 1474 2859 ἀλλά
1506 2806 1604 2877 τὴν
1635 2807 1734 2876 μὲν

151 2889 362 2960 πρᾶξιν
421 2892 522 2962 τῆς
569 2891 801 2963 θεωρίας
863 2893 961 2964 τὴν
1003 2893 1205 2962 γνῶσιν
1250 2895 1336 2950 διὰ
1376 2896 1483 2949 τῶν
1519 2897 1734 2967 τρόπων

153 2983 591 3052 προφαίνουσανο
624 2985 724 3055 τὴν
755 2985 811 3038 δὲ
845 2983 1098 3056 θεωρίαν,
1135 2987 1234 3055 οὐχ
1262 2982 1423 3059 ἦττον
1452 2987 1546 3040 τοῦ
1577 2988 1736 3056 λόγου

153 3073 258 3146 τὴν
289 3074 490 3146 ἀρετὴν
518 3075 1004 3147 τεθωρακισμένην
1036 3077 1137 3146 τῆς
1167 3077 1438 3147 πράξεως.

227 3247 352 3315 ιιςζ
399 3247 458 3302 '0
501 3249 678 3318 λύπης
726 3250 820 3303 καὶ
854 3250 1050 3320 ἡδονῆς
1081 3251 1282 3321 σαρκὸς
1315 3254 1509 3321 πεῖραν
1534 3250 1734 3316 λαϐὼν,

155 3341 365 3410 λέγοιτ’
385 3341 450 3395 ἀν
476 3343 718 3412 δόκιμοςο
751 3343 827 3405 ὡς
855 3343 1139 3414 εὐχερείας
1163 3344 1257 3397 καὶ
1280 3343 1600 3414 δυσχερείας
1630 3344 1739 3397 τῶν

155 3433 300 3503 περὶ
343 3433 529 3503 σάρκαι
556 3435 896 3504 πραγμάτων
935 3435 1362 3506 πεπειραμένος.
1416 3437 1634 3500 Τέλειος
1659 3438 1738 3501 δὲ,

155 3529 182 3579 6
213 3526 318 3595 τὴν
345 3525 540 3598 ῆδονῆν
695 3526 896 3596 σαρκὸς
922 3527 1018 3580 καὶ
1041 3525 1139 3597 τὴν
1160 3526 1350 3597 ὀδύνην
1373 3531 1440 3598 τῆ
1465 3527 1558 3581 τοῦ
1582 3529 1740 3597 λόγου

153 3618 395 3688 δυνάμει
442 3618 858 3682 καταπαλαίσας
881 3634 897 3648 ο
950 3618 1244 3690 ὁλόκληρος
1284 3619 1368 3681 δὲ,
1416 3623 1444 3672 6
1477 3620 1576 3682 τὰς
1603 3621 1742 3675 κατὰ

153 3709 266 3779 τὴν
311 3709 512 3780 πρᾶξιν
554 3712 647 3763 καὶ
693 3711 925 3782 θεωρίαν
969 3711 1142 3777 ἕξεις,
1180 3713 1486 3781 ἀτρέπτους
1518 3714 1584 3783 τῇ
1616 3715 1743 3784 περί

157 3797 258 3848 τὸν
285 3793 424 3849 θεῖον
453 3795 616 3850 πόθον
649 3798 899 3872 συντονίᾳ
929 3800 1284 3870 διατηρήσας.

237 3973 345 4040 ιιζν.
377 3977 488 4046 Τῆς
518 3977 616 4046 μὲν
645 3978 785 4032 κατά
810 3977 987 4050 ψυχὴν
1007 3977 1185 4050 λύπης
1210 3981 1345 4045 ἐστὶ,
1377 3980 1552 4042 διττός
1573 3983 1600 4034 6
1623 3981 1746 4050 τρό-

163 4082 291 4126 πος·
310 4067 338 4119 6
372 4066 490 4137 μὲν,
517 4068 609 4120 ἐπὶ
639 4071 751 4131 τοῖς
773 4069 1063 4132 οἰκείοιςοό
1090 4067 1167 4132 δὲ,
1190 4070 1282 4121 ἐπὶ
1311 4072 1424 4133 τοῖς
1446 4071 1747 4140 ἀλλοτρίοις

171 4157 615 4229 πλημμελήμασι
675 4161 1085 4231 συνιστάμενος.
1131 4161 1291 4213 Αίτία
1331 4161 1386 4213 δὲ
1429 4162 1527 4231 τῆς
1565 4162 1749 4213 τοιαύ·

162 4265 274 4318 της
302 4248 510 4319 λύπης,
558 4253 590 4322 ή
621 4253 740 4304 κατ’
765 4253 1017 4318 αἴσθησιν
1048 4251 1144 4305 τοῦ
1174 4251 1512 4323 λυπουμένου
1539 4251 1746 4321 σαφῶς,

161 4341 200 4412 ἢ
232 4341 344 4394 τῶν
371 4342 439 4395 δι’
461 4342 556 4407 οὓς
583 4343 836 4398 λυπεῖται
868 4345 1209 4414 καθέστηκεν
1236 4345 1424 4415 ἡδονή.
1460 4343 1618 4398 Κατά
1642 4343 1750 4416 γὰρ

162 4434 268 4489 τὸν
291 4435 492 4506 ἀκριϐῆ
515 4435 692 4505 λόγον,
722 4438 823 4490 οὐκ
847 4437 962 4491 ἔστι
990 4437 1269 4501 παντελῶς
1297 4437 1541 4508 ἁμαρτία
1565 4436 1749 4506 σχεδὸν

1820 600 1936 655 cari
1969 599 2152 664 docet,
2189 616 2311 670 qua:
2348 601 2524 656 nostri
2553 609 2684 656 sunt
2710 599 2925 656 arbitrii
2958 616 3023 656 ac
3057 600 3392 663 voluntatis;

1821 701 1884 746 ut
1924 707 2046 762 quae
2095 691 2280 746 carnis
2321 691 2541 760 quidem
2588 691 2954 761 voluptatem,
2991 688 3163 744 animi
3211 697 3394 742 autem

1821 783 2070 837 dolorem
2089 779 2366 836 eﬂiciant:
2397 796 2629 850 magnus
2658 790 2843 835 autem
2869 778 3128 842 Iacobus,
3161 792 3255 832 cas
3296 792 3410 830 nos.

1822 874 2188 938 tentationes,
2236 887 2358 941 quae
2405 871 2608 926 invitos
2652 878 2876 942 petunt,
2921 871 3077 925 laetos
3117 869 3399 938 suscipere

1822 964 2118 1029 admonet;
2147 970 2208 1016 ut
2233 977 2357 1032 qua:
2386 963 2570 1016 carnis
2598 963 2959 1032 voluptatem,
2998 960 3278 1030 animique
3302 958 3399 1012 do-

1823 1059 1996 1112 lorem
2027 1055 2291 1111 eximant.

1893 1149 1983 1204 94.
2012 1147 2294 1203 Perfectus
2319 1157 2424 1211 est,
2459 1146 2552 1216 qui
2581 1162 2680 1215 per
2708 1144 3106 1202 continentiam
3133 1144 3400 1199 adversus

1822 1239 2167 1295 voluntarias
2208 1238 2548 1294 tentationes
2594 1238 2909 1308 depugnat;
2956 1246 3012 1291 et
3047 1251 3147 1306 per
3186 1235 3402 1306 patien-

1825 1332 1979 1397 tiam,
2018 1332 2074 1385 in
2111 1330 2186 1385 iis
2208 1345 2329 1400 quae
2354 1329 2614 1384 violentae
2643 1339 2776 1383 sunt
2804 1343 2869 1382 ac
2903 1328 3091 1383 invitis
3114 1327 3398 1388 accidunt.

1826 1431 2084 1478 constans
2124 1429 2463 1493 perseverat.
2508 1422 2728 1492 Integer
2769 1429 2953 1474 autem
2988 1428 3093 1483 est,
3137 1419 3233 1490 qui
3284 1429 3402 1474 tum

1825 1515 2098 1569 actionem
2125 1529 2250 1568 cum
2290 1513 2543 1578 scientia,
2583 1524 2700 1568 tum
2732 1511 3253 1581 contemplationem
3290 1525 3402 1564 non

1825 1607 2056 1662 otiosam
2085 1622 2179 1660 seu
2203 1605 2437 1660 inertem
2471 1613 2712 1676 praestat.

1897 1697 2059 1768 582
2085 1697 2173 1752 95.
2201 1696 2338 1752 Cum
2358 1697 2508 1752 enim
2559 1705 2676 1756 tum
2711 1694 2939 1750 tristitia
2973 1702 3202 1763 tumque
3254 1691 3410 1746 volu-

1828 1799 1950 1860 ptas
1997 1790 2054 1844 in
2093 1791 2333 1846 animam
2360 1805 2424 1844 ac
2463 1804 2664 1859 corpus
2700 1788 2891 1843 divisa:
2925 1787 3068 1852 sint;
3101 1786 3194 1856 qui
3237 1785 3407 1839 animi

1828 1883 2168 1953 voluptatem
2209 1889 2581 1946 consectatur,
2624 1896 2930 1950 sensusque
2963 1879 3247 1934 tristitiam
3287 1892 3406 1930 am-

1827 1974 2112 2044 plectitur,
2150 1974 2195 2028 is
2232 1973 2499 2043 probatus
2532 1987 2597 2026 ac
2626 1971 2908 2041 perfectus
2937 1969 3261 2039 integerque
3291 1965 3427 2020 olli--

1827 2065 1973 2119 citur
2001 2081 2016 2118 :
2053 2064 2317 2134 probatus
2344 2062 2592 2133 quidem,
2623 2077 2816 2115 eorum
2853 2061 3102 2130 periculo
3134 2075 3256 2128 qua:
3281 2073 3426 2112 seu--

1828 2174 1922 2212 sus
1968 2157 2178 2211 ratione
2223 2155 2500 2211 contraria
2550 2163 2711 2219 sunt;
2763 2154 3043 2223 perfectus
3093 2159 3299 2215 autem,
3345 2157 3408 2204 ut

1828 2249 1922 2317 qui
1940 2262 2038 2315 per
2063 2245 2461 2301 continentiam
2479 2259 2544 2298 ac
2568 2243 2892 2313 patientiam
2917 2242 3186 2296 adversus
3207 2253 3429 2298 sensus:

1830 2335 2138 2404 libidinem,
2171 2345 2228 2391 et
2258 2335 2543 2391 tristitiam
2571 2351 2666 2390 seu
2701 2334 2972 2398 dolorem,
3008 2332 3211 2386 obnixe
3235 2331 3432 2400 depum

1831 2437 1991 2500 gnet;
2039 2430 2252 2498 integer
2283 2427 2544 2496 denique,
2586 2434 2646 2479 ut
2688 2426 2783 2495 qui
2831 2423 3127 2478 contrariis
3171 2422 3316 2476 inter
3348 2435 3408 2475 sc

1831 2533 2028 2574 sensus
2052 2517 2268 2572 ratione
2311 2515 2699 2570 affectionibus
2727 2524 3035 2585 pugnantes
3068 2512 3311 2576 habitus,
3351 2511 3410 2564 in

1831 2609 2026 2664 eadem
2056 2607 2289 2662 rationis
2323 2608 2634 2661 constantia
2665 2607 2869 2660 illaesos
2893 2613 3077 2660 servet
3099 2618 3162 2657 ac
3196 2602 3410 2657 incolu-

1834 2718 1950 2758 mes
1987 2701 2282 2772 (actionem
2325 2699 2542 2754 scilicet
2583 2710 2639 2754 et
2682 2696 3230 2768 contemplationem)
3263 2695 3411 2748 inter

1835 2810 1893 2850 se
1919 2793 2285 2854 cohaerentes,
2328 2798 2696 2858 neutramque
2744 2790 2972 2844 alteram
3009 2787 3078 2841 ab
3104 2786 3275 2840 altera
3305 2783 3413 2838 dis-

1830 2888 2115 2958 junctam;
2146 2885 2240 2938 sed
2277 2883 2349 2936 ita
2379 2889 2440 2936 ut
2473 2881 2639 2946 actio,
2674 2881 2937 2935 exteriori
2971 2879 3123 2935 cultu
3155 2893 3218 2932 ac
3244 2874 3414 2930 mori-

1838 2979 1943 3032 bus
1984 2978 2340 3046 praelucente,
2367 2973 2850 3044 contemplationis
2899 2971 3133 3026 scientia
3174 2969 3435 3040 polleat;

1837 3067 2339 3136 contemplatioque
2384 3063 2750 3118 nihilominus
2802 3061 3034 3116 rationis
3067 3059 3270 3113 virtute
3315 3072 3415 3127 per

1765 3187 1808 3244 ε
1840 3157 2113 3213 actionem
2145 3165 2257 3209 tuta
2291 3170 2354 3209 ac
2376 3153 2589 3208 munita
2613 3153 2902 3208 consistat.

1828 3273 1831 3277 -
1908 3248 1997 3302 96.
2032 3245 2137 3313 Qui
2179 3245 2391 3300 doloris
2427 3260 2490 3300 ac
2536 3243 2834 3314 voluptatis
2871 3241 3074 3306 carnis,
3106 3239 3414 3311 periculum

1840 3339 1988 3404 fecit,
2041 3336 2097 3393 is"
2132 3337 2401 3407 probatus
2438 3335 2677 3398 dicatur,
2709 3322 2969 3402 tanquam
3000 3330 3093 3401 qui
3125 3345 3309 3385 rerum
3346 3327 3414 3384 ad

1840 3446 2062 3487 carnem
2098 3428 2468 3499 spectantium
2503 3440 2765 3495 prOSpera
2789 3423 3128 3492 adversaque
3155 3428 3419 3490 expertus

1841 3523 1932 3577 sit.
1963 3520 2249 3577 Perfectus
2274 3533 2427 3582 vero,
2458 3527 2520 3571 ut
2552 3515 2647 3586 qui
2677 3514 2858 3569 carnis
2891 3513 3232 3583 voluptatem
3265 3510 3421 3564 dolo-

1844 3628 2069 3683 remque
2104 3610 2378 3666 sermonis
2416 3607 2663 3679 potentia
2713 3622 2776 3661 ac
2816 3604 3047 3659 rationis
3074 3615 3422 3672 expugnave-

1843 3706 1934 3759 rit.
1985 3705 2207 3774 lnteger
2253 3701 2516 3771 denique,
2558 3708 2620 3754 ut
2652 3697 2744 3768 qui
2789 3696 3024 3751 actionis
3063 3710 3126 3748 ac
3174 3703 3423 3749 contem-

1845 3795 2104 3867 plationis
2139 3794 2384 3856 habitus,
2417 3807 2527 3863 quo
2560 3792 2734 3846 Deum
2773 3796 3033 3844 contento
3069 3801 3254 3840 amore
3293 3798 3423 3854 pre-

1846 3887 2120 3957 seqnitur,
2156 3885 2530 3940 immutabiles
2559 3881 2891 3938 servaverit.

1913 3980 2003 4034 97.
2047 3976 2314 4033 Tristitia:
2343 3975 2510 4030 animi
2551 3974 2754 4044 duplex
2794 3973 2991 4026 modus
3023 3978 3142 4034 est;
3187 3982 3421 4038 quorum

1847 4073 1986 4126 alter
2029 4086 2098 4125 ex
2141 4068 2414 4140 propriis;
2464 4067 2604 4120 alter
2651 4081 2808 4128 vero,
2857 4080 2922 4118 ex
2969 4059 3163 4116 alienis
3209 4057 3427 4112 delictis

1848 4161 2142 4217 conflatur.
2184 4157 2504 4215 Istiusmodi
2565 4164 2750 4210 autem
2797 4169 2963 4207 causa
3003 4148 3266 4212 tristitize,
3307 4148 3428 4217 ejus

1850 4255 2010 4325 plane
2043 4252 2137 4322 qui
2183 4249 2409 4306 tristitia
2433 4247 2694 4310 efficitur,
2722 4257 2816 4299 aut
2854 4258 3069 4307 eorum,
3111 4242 3164 4294 in
3193 4253 3426 4309 quorum

1851 4345 2078 4416 gratiam
2121 4343 2213 4398 illa
2239 4341 2502 4404 afficitur,
2524 4353 2720 4394 sensus
2747 4335 3004 4404 voluptas
3038 4348 3102 4386 ac
3122 4330 3297 4385 libido
3320 4337 3426 4384 est.

1852 4437 1922 4492 Ut
1953 4436 2101 4491 enim
2138 4449 2270 4488 vera
2297 4438 2557 4500 certaque
2602 4429 2714 4483 fert
2740 4425 2903 4489 ratio,
2935 4424 3026 4480 vix
3063 4422 3236 4477 ullum
3271 4436 3431 4492 pror-

163 4528 230 4579 ὲν
269 4526 595 4598 ἀνθρώποις,
635 4528 710 4600 μὴ
741 4529 842 4598 τῆς
872 4529 1052 4599 ψυχῆς
1081 4529 1221 4599 πρὸς
1249 4529 1521 4600 αἴσθησιν,
1559 4528 1738 4599 ἡδονῆς

1856 4543 1951 4582 sus
1974 4527 2120 4581 inter
2142 4524 2397 4579 homines
2431 4519 2609 4576 ex'stat
2642 4527 2955 4589 peccatum,
2988 4515 3136 4586 quod
3168 4529 3280 4569 suae
3322 4514 3433 4568 ori-

165 4617 363 4668 ἕνεκεν
387 4617 673 4685 ἀλόγιστον
700 4619 905 4689 σχέσιν,
930 4619 1101 4691 ἀρχὴν
1130 4620 1226 4688 τῆς
1253 4620 1458 4683 οἰκείας
1486 4622 1751 4688 γενέσεως

167 4710 394 4778 ἔχουσα.
443 4711 554 4781 Τῆς
579 4711 634 4764 δὲ
670 4711 809 4765 κατὰ
836 4713 1013 4783 ψυχὴν
1043 4711 1238 4782 ἡδονῆς
1267 4713 1436 4778 αἰτία,
1472 4713 1752 4783 προδήλως

167 4802 327 4853 ἐστὶν
351 4841 366 4865 ,
428 4802 462 4873 ἡ
492 4802 609 4855 κατ’
631 4803 885 4872 αἴσθησιν
921 4803 1015 4856 τοῦ
1044 4805 1136 4857 ἐπὶ
1162 4805 1282 4867 ταῖς
1307 4804 1536 4867 οἰκείαις
1566 4805 1597 4875 ἢ
1633 4810 1753 4868 ταῖς

170 4894 488 4966 ἀλλοτρίαις
514 4897 737 4966 ἀρεταῖς
763 4896 1024 4965 ἡδομένου
1050 4912 1111 4948 τε
1158 4895 1254 4949 καὶ
1275 4897 1559 4967 χαίροντος
1585 4896 1750 4968 λύπη.

171 4988 338 5041 Κατά
366 4986 474 5057 γάρ
504 4987 596 5040 τὸν
620 4987 824 5060 ἀκριϐῆ
854 4987 1032 5056 λόγον,
1064 4987 1164 5043 οὐκ
1192 4988 1340 5043 ἐστιν
1365 4988 1537 5061 ἀρετὴ
1570 4989 1754 5060 σχεδὸν

172 5081 240 5130 ὲν
285 5077 594 5148 ἀνθρώποις
616 5117 632 5143 ,
699 5078 775 5149 μὴ
815 5078 916 5149 τῆς
947 5079 1128 5150 ψυχῆς
1157 5080 1296 5151 πρὸς
1325 5079 1577 5148 αἴσθησιν
1607 5080 1754 5134 λελο-

173 5168 447 5238 γισμένην
481 5166 833 5223 ἀποδιάθεσιν
852 5207 867 5234 ,
915 5168 1090 5240 ἀρχὴν
1122 5169 1219 5239 τῆς
1248 5169 1457 5233 οἰκείας
1486 5170 1755 5238 γενέσεως

175 5259 403 5330 ἔχουσα.

255 5356 364 5422 μην.
414 5351 599 5423 Χωρὶς
645 5351 746 5422 τῆς
789 5351 932 5405 κατὰ
964 5351 1140 5422 ψυχὴν
1185 5352 1464 5422 ἐμπαθοῦς
1500 5353 1636 5423 πρὸς
1668 5353 1755 5406 αἷ-

183 5443 378 5510 σθησιν
420 5445 676 5516 σχέσεως,
727 5443 830 5498 οὐκ
868 5444 1014 5498 ἔστιν
1055 5447 1112 5496 ἐν
1148 5444 1456 5514 ἀνθρώποις
1479 5445 1759 5509 παντελῶς

182 5536 449 5606 ἁμαρτίαο
480 5539 661 5608 πάσης
686 5537 742 5591 δὲ
771 5536 948 5605 λύπης
976 5537 1374 5606 συνισταμένης
1397 5537 1537 5590 κατὰ
1559 5535 1754 5608 ψυχὴν,

184 5630 347 5700 ἡδονὴ
381 5630 582 5702 σαρκὸς
614 5630 957 5701 προηγεῖται.

258 5726 362 5792 Lﬁ'.
421 5727 639 5790 Γένεσις
681 5725 882 5796 ἀρετῆς
933 5726 1079 5778 ἐστιν
1126 5724 1361 5794 ἀληθὴς,
1417 5726 1451 5794 ὴ
1502 5724 1636 5794 πρὸς
1665 5723 1760 5792 τὴν

192 5818 368 5892 σάρκα
401 5818 497 5891 τῆς
521 5818 699 5892 ψυχῆς
726 5820 970 5884 ἑκούσιος
997 5818 1367 5888 ἀλλοτρίωσις·
1403 5817 1680 5889 εὐφραίνει
1707 5815 1760 5868 δὲ

1853 4616 1996 4689 ginis
2020 4615 2374 4687 principium,
2402 4614 2458 4667 in
2495 4611 2664 4665 animi
2690 4609 2759 4664 ad
2790 4623 3014 4664 sensum
3043 4623 3110 4662 ex
3146 4607 3432 4675 voluptate

1855 4726 1920 4765 ac
1961 4707 2198 4763 libidine
2243 4705 2615 4761 inconsultam
2650 4701 3000 4756 affectionem
3042 4714 3155 4753 non
3205 4696 3426 4752 referat.

1854 4800 2040 4857 Animi
2069 4815 2202 4854 vero
2244 4797 2546 4868 voluptatis
2571 4791 2864 4865 perspicue
2907 4806 3072 4846 causa
3097 4798 3203 4851 est,
3236 4802 3432 4841 sensus

1854 4893 2034 4957 dolor,
2073 4893 2213 4964 ejus,
2256 4889 2352 4960 qui
2396 4887 2464 4943 de
2511 4887 2646 4951 suis,
2695 4892 2790 4938 aut
2837 4883 3071 4937 aliorum
3127 4876 3429 4932 virtutibus

1855 4984 2078 5056 gaudet.
2111 4984 2180 5041 Ut
2205 4982 2354 5038 enim
2379 4995 2511 5035 vera
2543 4978 2710 5032 habet
2745 4974 2908 5037 ratio,
2941 4975 3029 5026 vix
3063 4971 3176 5024 ulla
3205 4984 3431 5040 prorsus

1856 5079 1913 5133 in
1943 5076 2264 5133 hominibus
2290 5075 2469 5128 virtus
2505 5081 2610 5134 est,
2649 5084 2770 5139 quae
2815 5065 3048 5134 originis
3077 5080 3190 5119 suae
3223 5062 3431 5132 princi-

1855 5173 2031 5243 pium,
2062 5169 2232 5224 animi
2268 5182 2397 5238 erga
2426 5178 2650 5220 sensum
2686 5158 2992 5214 consultam
3020 5156 3254 5210 affectus
3278 5151 3433 5208 abdi-

1857 5264 2130 5320 cationem
2165 5273 2274 5315 non
2306 5259 2528 5314 habeat.

1927 5355 2014 5422 98.
2051 5353 2202 5410 Citra
2233 5351 2401 5406 animi
2430 5349 2497 5404 ad
2524 5362 2746 5403 sensum
2792 5342 3146 5398 libidinosam
3181 5335 3434 5391 affectio-

1858 5464 1984 5503 nem
2009 5447 2222 5501 nullum
2252 5440 2553 5514 prorsusin
2572 5436 2892 5492 hominibus
2912 5437 3094 5488 exstat
3123 5439 3432 5498 peccatum.

1857 5539 2018 5596 Omni
2055 5546 2238 5592 autem
2288 5534 2343 5588 in
2387 5531 2571 5586 animo
2613 5525 2941 5584 consistenti
2977 5521 3238 5585 tristitiae,
3277 5517 3442 5589 pmit

1860 5630 2045 5689 carnis
2075 5631 2354 5697 voluptas.

1931 5722 2020 5776 99.
2046 5717 2280 5773 Virtutis
2303 5731 2432 5769 vera
2476 5713 2631 5783 origo
2674 5727 2736 5765 ac
2766 5718 2981 5770 natura,
3018 5704 3247 5760 animia
3272 5715 3436 5756 carne

1866 5822 2167 5884 spontanca
2208 5807 2539 5865 abalienatio
2585 5812 2690 5861 est.
2737 5801 2913 5872 583-
2945 5797 3204 5855 Animum
3254 5800 3438 5849 autem
