4108 6456
619 396 756 460 1303

1772 403 1833 464 S.
1872 403 2158 464 ΜᾹΧΙΜΙ
2191 403 2335 463 CON
2344 405 2700 467 FESSORIS

3706 407 3822 473 13M

614 504 852 577 spiritali
879 505 1082 578 gaudio
1105 507 1300 576 allicit,
1331 511 1428 582 qui
1469 520 1668 582 sponte
1703 512 2003 582 assumptis
2031 511 2186 566 labo-

2283 513 2461 585 ψυχὴν
2508 516 2925 582 πνευματικῶς,
2987 518 3016 571 ό
3063 519 3176 580 τοῖς
3220 517 3491 581 ἑκουσίοις
3533 516 3629 590 τὴν
3670 519 3823 591 σάρκα

613 599 770 654 ribus
799 613 1004 669 corpus
1038 602 1266 673 subigit.

682 691 805 746 100.
835 692 938 749 Ubi
969 694 1188 750 anius
1202 695 1426 750 virtutis
1443 711 1609 750 causa
1631 697 1819 751 sensui
1836 696 2183 751 addicentem

611 782 869 839 allectum
903 785 1262 852 abdicaverit,
1285 788 1422 857 quin
1445 804 1641 844 sensus
1665 789 1720 842 in
1749 788 2036 846 laboribus
2055 804 2184 842 ver-

614 887 805 942 setur,
859 878 979 934 ﬁeri
1043 879 1472 950 haudquaquam
1537 881 1738 951 possit;
1797 881 1888 936 cui
1928 880 2187 936 videlicet

613 969 782 1023 animi
811 969 1044 1026 facultas
1079 987 1275 1026 eorum
1306 989 1432 1043 quae
1464 973 1746 1031 delectant
1784 975 1965 1029 solers
1993 973 2188 1028 inven-

612 1059 743 1124 trix,
771 1062 1071 1118 voluntatis
1121 1064 1324 1119 affectu
1371 1081 1436 1120 ac
1470 1066 1704 1121 libi-dine
1745 1067 1826 1120 illi
1869 1067 2185 1137 conjuncta,

612 1152 793 1218 desit;
827 1167 990 1210 secus
1023 1171 1180 1218 vero,
1210 1173 1333 1226 qua:
1359 1173 1463 1228 per
1501 1159 1926 1224 continentiam,
1958 1169 2187 1214 natura-

613 1241 749 1296 lium
781 1259 978 1300 sensus
1011 1247 1357 1317 voluptatum
1401 1250 1762 1305 rebellantem
1807 1251 1920 1304 vim
1963 1260 2188 1306 Strenue

612 1336 966 1405 comprimat,
1000 1339 1168 1409 inque
1199 1340 1460 1401 violentis
1492 1353 1694 1412 praeter
1719 1351 1976 1398 naturam
2022 1341 2190 1396 illatis

612 1425 921 1492 laboribus,
943 1445 1045 1500 per
1077 1432 1404 1502 patientiam
1425 1439 1687 1489 constans
1705 1432 2023 1502 inﬂexaque
2059 1447 2192 1487 con-

612 1517 814 1585 sistat;
845 1535 912 1576 ac
946 1522 1247 1593 ejusmodi,
1270 1534 1332 1580 ut
1362 1541 1394 1581 a
1421 1525 1612 1580 divina
1629 1525 2191 1596 virtutisdignatione

611 1627 678 1670 ac
717 1613 990 1679 claritate,
1038 1619 1188 1673 inani
1232 1619 1419 1678 illecta
1457 1621 1742 1690 voluptate
1772 1633 1887 1674 non
1923 1619 2192 1686 excedat;

611 1719 720 1762 nec
766 1708 951 1764 carnis
997 1710 1368 1783 indulgentia,
1412 1713 1486 1769 ob
1526 1729 1723 1770 sensus
1767 1714 2018 1769 dolorem
2067 1709 2192 1768 fun-

613 1796 796 1866 gendo
822 1798 1128 1866 laboribus,
1151 1817 1183 1856 a
1207 1802 1480 1858 virtutum
1501 1803 1752 1859 celsitate
1773 1803 2012 1858 excidat.
2050 1803 2191 1857 Sen-

611 1901 712 1944 sus
739 1897 925 1945 autem
965 1891 1182 1949 doloris
1214 1909 1381 1949 causa
1412 1894 1598 1949 animo
1638 1904 1743 1958 est,
1785 1895 1875 1948 his
1907 1907 2032 1964 quae
2062 1902 2194 1947 sunt

612 1993 682 2031 ex
707 1990 930 2047 natura,
961 1983 1126 2052 plene
1165 1994 1460 2054 occupato.
1503 1984 1710 2040 Sensus
1748 1985 2090 2054 voluptatem
2126 1997 2192 2038 ac

611 2067 925 2136 libidinem,
950 2073 1280 2130 innaturalis
1305 2075 1472 2130 animi
1505 2076 1757 2145 operatio
1785 2075 2079 2145 perspicue
2107 2074 2193 2128 in-

613 2161 800 2228 ducit;
846 2165 1006 2235 cujus
1055 2168 1359 2222 conﬂandae
1397 2168 1614 2222 nullum
1655 2169 1807 2230 aliud
1858 2167 2034 2238 possit
2066 2179 2190 2221 esse

611 2251 970 2323 principium,
997 2271 1162 2324 quam
1191 2257 1346 2326 quod
1376 2257 1616 2322 animus,
1651 2273 1716 2313 ea
1743 2273 1868 2326 qua
1895 2272 1964 2312 ex
1987 2265 2188 2312 natura

611 2344 842 2416 ejusque
865 2347 1176 2403 rationibus
1201 2349 1497 2415 exsistunt,
1527 2365 1562 2406 a
1589 2363 1648 2406 se
1673 2349 1885 2421 abjicit.

927 2568 1204 2634 QUANTO
1241 2569 1570 2626 CENTENA
1605 2569 1875 2626 CAPITA.

687 2660 740 2712 1.
804 2659 1082 2714 Nimirum
1143 2662 1256 2714 vim
1322 2661 1723 2726 inventricem,
1790 2663 2192 2734 intelligentem

613 2749 786 2806 animi
818 2749 1135 2805 facultatem
1172 2751 1346 2806 novit.
1380 2751 1507 2807 llzec
1535 2769 1565 2806 a
1598 2769 1796 2808 sensus
1829 2755 2075 2824 sejuncta
2097 2772 2196 2811 ne-

613 2840 955 2896 cessitudine
975 2857 1039 2896 ac
1069 2842 1320 2908 libidine,
1341 2859 1568 2898 vacuam
1594 2860 1730 2899 cura
1759 2844 1826 2898 ad
1851 2846 2192 2916 voluptatem

613 2945 682 2986 ac
717 2930 946 2986 delicias
985 2933 1190 2988 mentis
1228 2935 1516 3004 proposito
1559 2950 1781 2990 carnem
1827 2935 2187 3006 derelinquit,

613 3037 687 3079 ne
731 3024 853 3093 ejus
903 3023 1132 3094 quidem
1175 3025 1426 3079 dolorem
1473 3025 1659 3080 levare
1703 3027 2004 3091 sustinens,
2043 3027 2191 3098 quod

615 3115 819 3171 mentis
850 3121 967 3171 tota
989 3115 1074 3171 vis
1104 3125 1161 3171 et
1183 3115 1404 3171 all‘ectio
1438 3115 1644 3172 divinis
1676 3117 1887 3174 intenta
1924 3119 2015 3174 sit.

684 3306 740 3360 2.
767 3305 922 3362 Mens
950 3315 1008 3362 et
1035 3321 1232 3362 sensus
1256 3307 1592 3364 contrariam
1623 3307 1768 3363 inter
1798 3324 1858 3364 se
1887 3308 2194 3363 naturalem

615 3397 998 3468 operationem
1042 3397 1269 3462 habent,
1323 3400 1394 3454 ob
1438 3400 1813 3470 subjectarum
1859 3400 1970 3456 illis
2009 3416 2195 3455 rerum

615 3504 891 3545 summam
938 3489 1453 3545 dissimilitudinem
1497 3507 1560 3545 ac
1601 3491 2001 3555 diversitatem.
2047 3493 2198 3546 Mens

617 3582 769 3637 enim
805 3583 1084 3653 subjectas
1113 3583 1281 3645 habet
1318 3583 1696 3655 intelligibiles
1725 3585 2198 3654 incorporeasque

617 3675 985 3739 substantias,
1011 3691 1149 3744 quas
1178 3676 1258 3729 illi
1287 3687 1666 3746 comparatum
1693 3685 1756 3730 ut
1776 3677 2104 3746 incorporea
2135 3691 2200 3731 ac

619 3765 861 3837 spiritali
911 3766 1126 3821 ratione
1174 3775 1479 3836 capessat:
1525 3783 1720 3822 sensus
1764 3782 1919 3830 vero,
1973 3774 2200 3820 naturas

619 3857 916 3912 sensibiles
953 3866 1016 3913 et’
1042 3871 1358 3927 corporeas,
1399 3873 1537 3928 quas
1571 3867 1628 3912 et
1657 3857 1774 3928 ipse
1805 3865 2004 3912 natura
2032 3858 2201 3914 habet

623 3957 685 4003 ut
706 3947 997 4018 percipiat.

694 4039 748 4094 5.
801 4035 941 4094 llinc
986 4041 1230 4111 proclive
1272 4041 1452 4111 oritu_r
1486 4040 1744 4111 voluptas
1787 4057 2003 4104 sensus,
2054 4040 2202 4110 quod

621 4129 843 4185 animus
872 4145 938 4186 ea
983 4147 1112 4202 qua
1153 4141 1282 4187 sunt
1313 4149 1381 4187 ex
1417 4142 1614 4188 natura
1663 4133 1903 4203 abj-iciat.
1947 4133 2199 4199 Quandiu

621 4221 772 4276 enim
817 4221 934 4288 ille,
963 4222 1123 4278 bonis
1167 4239 1235 4278 ex
1284 4233 1484 4278 natura
1526 4224 1768 4289 insudat,
1811 4224 1960 4278 baud
2003 4232 2203 4294 praesto

621 4312 860 4371 facultas
892 4323 1000 4382 est,
1047 4331 1170 4386 quae
1199 4317 1502 4386 voluptatis
1547 4333 1745 4374 sensus
1787 4319 2013 4372 modum
2048 4318 2203 4374 adin-

530 4465 548 4480 ,η
623 4406 833 4460 veniat.

695 4499 750 4552 4.
776 4497 881 4554 Ubi
910 4500 1055 4554 ratio
1081 4499 1501 4556 considerandis
1528 4501 1616 4563 iis,
1642 4517 1766 4571 qua:
1802 4501 1967 4574 584
1998 4502 2053 4555 in
2076 4518 2203 4556 sen-

626 4604 749 4644 sum
777 4589 1002 4654 cadunt,
1032 4591 1217 4645 sensui
1248 4592 1427 4661 praeit,
1453 4593 1722 4647 naturalis
1751 4594 1931 4647 omnis
1951 4595 2204 4670 voluptas

627 4695 850 4735 carnem
879 4681 1101 4746 deﬁcit;
1132 4683 1220 4736 cui
1255 4699 1452 4738 sensus
1484 4685 1624 4739 liber
1660 4700 1724 4739 ac
1749 4685 1976 4740 rationis
2005 4685 2203 4740 vincu-

628 4774 699 4831 lis
738 4775 974 4840 solutus,
1008 4785 1070 4830 ut
1101 4776 1252 4830 illius
1282 4779 1663 4847 voluptatibus
1709 4778 2005 4842 ministret,
2033 4777 2197 4833 desit.

628 4864 998 4930 Quamobrem
1043 4867 1208 4921 etiam
1264 4885 1487 4924 necesse
1534 4879 1640 4934 est,
1686 4870 1901 4932 ratione
1939 4869 1993 4923 in
2039 4869 2201 4924 nobis

630 4952 970 5016 dominante.
998 4972 1120 5024 qua:
1163 4956 1243 5014 illi
1280 4957 1627 5027 mancipatur
1667 4959 1884 5014 virtutis
1913 4958 2206 5028 obsequio,

631 5059 852 5102 carnem
881 5055 999 5118 torq
1009 5049 1152 5110 ueri.
1835 5049 1837 5051 ’

2284 608 2467 672 πόνοις
2499 607 2564 661 δα
2567 607 2779 678 μάζων.

2359 697 2424 771 ρ’.
2457 701 2568 770 Τῆς
2615 699 2790 772 ψυχῆς
2829 701 2974 774 ὑπὲρ
3005 703 3209 774 ἀρετῆς
3253 703 3395 776 πρὸς
3451 703 3554 773 τὴν
3604 701 3826 772 αἴσθησιν

2285 792 2634 846 ἀποδιάθεσιν
2666 795 3040 864 κτησαμένης,
3075 796 3382 865 έξανάγκης
3421 797 3457 864 ἡ
3509 793 3741 864 αἴσθησις
3779 795 3828 845 ὲν

2287 885 2468 949 πόνοις
2489 885 2662 950 ἔσται,
2686 885 2784 958 τὴν
2801 887 2913 941 τῶν
2939 889 3109 959 ἡδέων
3125 889 3478 958 ὲπινοητικὴν
3511 886 3828 956 συνημμένην

2286 977 2424 1048 αὐτῇ
2459 976 2598 1030 κατά
2648 976 2747 1048 τὴν
2799 978 3084 1050 γνωμικὴν
3141 979 3349 1049 σχέσιν,
3413 981 3516 1046 τῆς
3557 976 3724 1045 ψυχῆς
3745 977 3828 1027 οὐκ

2287 1067 2486 1137 ἔχουσα
2517 1067 2766 1138 δύναμιν·
2797 1067 3106 1122 τούναντίον
3151 1068 3229 1135 δὲ,
3277 1067 3376 1138 τὴν
3413 1066 3514 1135 μὲν
3555 1063 3657 1116 τῶν
3687 1062 3830 1132 αὐτῆς

2288 1160 2533 1228 φυσικῶν
2561 1158 2762 1230 ἡδονῶν
2789 1158 3179 1222 ἐπανάστασιν,
3219 1158 3287 1214 δι’
3310 1157 3636 1228 ἐγκρατείας
3676 1155 3831 1224 ἀνδρι-

2289 1247 2400 1311 κῶς
2432 1249 2942 1320 ἀπορραπίζουσαν·
2988 1249 3122 1321 πρὸς
3153 1249 3211 1302 δὲ
3256 1250 3355 1320 τὴν
3386 1247 3500 1299 τῶν
3528 1244 3672 1314 παρὰ
3699 1245 3834 1313 φύσιν

2289 1341 2383 1394 καί
2411 1342 2683 1394 ἀκουσίων
2727 1342 2906 1396 πόνων
2951 1341 3252 1410 ἐπαγωγὴν
3269 1384 3291 1407 ,,
3316 1337 3408 1394 διά
3435 1339 3536 1408 τῆς
3565 1339 3831 1407 ὑπομονῆς,

2289 1431 2603 1502 ἀμείλικτον
2631 1433 2910 1497 παντελῶς
2942 1433 3319 1505 διαμένουσαν,
3339 1432 3434 1485 καὶ
3467 1430 3565 1500 τῆς
3587 1430 3699 1482 κατ’
3729 1427 3833 1498 ἁρε-

2289 1524 2390 1595 τὴν
2419 1523 2755 1595 Θεοπρεποῦς
2784 1525 2943 1590 ἀξίας
2968 1542 3029 1578 τε
3086 1525 3182 1576 καὶ
3209 1523 3370 1592 δόξης
3412 1522 3505 1576 διὰ
3543 1522 3639 1590 τὴν
3661 1520 3834 1573 ἀνυπό-

2292 1631 2486 1667 στατον
2521 1613 2715 1684 ἡδονὴν
2743 1616 2844 1669 οὑκ
2875 1615 3258 1686 ἐξισταμένην,
3292 1611 3391 1667 καὶ
3438 1611 3580 1682 πρὸς
3626 1610 3719 1680 τὴν
3745 1609 3832 1662 τῶν

2291 1707 2470 1760 πόνων
2516 1705 2800 1776 ἀντίληψιν
2848 1707 3021 1774 φειδοῖ
3064 1707 3163 1778 τῆς
3195 1705 3397 1778 σαρκὸς
3429 1702 3521 1757 διὰ
3546 1700 3641 1774 τὴν
3665 1700 3830 1754 όδυνῶ·

2293 1815 2392 1852 σαν
2431 1797 2706 1867 αἴσθησιν,
2752 1799 2847 1852 τοῦ
2881 1798 3051 1868 ὕψους
3101 1798 3211 1852 τῶν
3255 1796 3472 1868 ἀρετῶν
3520 1795 3619 1848 οὐκ
3671 1793 3830 1846 ἀποπί-

2295 1906 2558 1952 πτουσαν.
2590 1881 2705 1960 Τῆς
2744 1891 2803 1944 δὲ
2861 1893 2981 1945 κατ’
3007 1891 3266 1962 αἴσθησιν
3309 1889 3492 1959 λύπης
3535 1885 3677 1940 αἰτία
3726 1884 3829 1937 καθα

2298 1981 2550 2052 έστηκεν,
2580 1983 2612 2052 ἡ
2643 1983 2778 2054 πρὸς
2799 1983 2868 2036 τὰ
2887 1983 3026 2037 κατὰ
3064 1982 3226 2051 φύσιν
3267 1983 3367 2052 τῆς
3391 1977 3577 2050 ψυχῆς
3603 1975 3830 2047 παντελὴς

2295 2072 2542 2142 ἀσχολία.
2575 2074 2686 2145 Τὴν
2717 2074 2775 2126 δὲ
2804 2073 2923 2128 κατ’
2945 2074 3200 2144 αἴσθησιν
3224 2071 3444 2143 ἡδονὴν,
3469 2071 3502 2141 ἢ
3537 2069 3679 2140 παρὰ
3700 2067 3829 2138 φύσιν

2293 2165 2542 2235 ἐνέργεια
2573 2165 2672 2234 τῆς
2703 2164 2886 2234 ψυχῆς
2923 2166 3202 2235 προδήλως
3229 2163 3547 2232 ὑφίστησιν,
3574 2158 3726 2228 ἀλλην
3750 2159 3828 2228 ἀρα

2295 2256 2397 2326 χὴν
2448 2255 2595 2326 ἔχειν
2635 2258 2698 2310 οὐ
2742 2257 3048 2326 δυναμένην
3095 2256 3414 2317 συστάσεως
3438 2296 3452 2319 ,
3486 2253 3520 2323 ἢ
3565 2251 3657 2323 τὴν
3690 2251 3829 2323 ψυχῆς

2292 2345 2401 2400 τῶν
2427 2347 2568 2401 κατά
2596 2347 2758 2418 φύσιν
2780 2349 3065 2413 ἀπόθεσιν.

2647 2579 2789 2630 EKA
2801 2576 2941 2629 TON
2946 2577 3023 2628 ΤΑ
3032 2577 3078 2628 Σ
3162 2576 3250 2628 TE
3256 2575 3398 2626 »ΤΑΡ
3406 2574 3518 2625 ΤΗ.

2362 2664 2428 2720 α’.
2459 2666 2475 2686 ⁵
2515 2668 2900 2737 Ἐπινοητικὴν
2934 2663 3042 2720 οἶδε
3083 2667 3180 2738 τὴν
3219 2665 3417 2735 νοερὰν
3441 2666 3541 2734 τῆς
3563 2661 3724 2731 ψυχῆς
3741 2660 3814 2713 δέ.

2290 2773 2454 2826 ναμιν
2484 2757 2567 2829 (θ’
2604 2760 2724 2830 ἥτις
2766 2759 3110 2831 χωριζομένη
3143 2759 3242 2829 τῆς
3287 2760 3414 2811 κατ’
3450 2756 3693 2828 αἴσθησιν
3721 2755 3818 2823 σχέ-

2293 2866 2450 2912 σεως,
2478 2850 2684 2921 ἔρημον
2712 2852 2809 2921 τῆς
2839 2852 2975 2923 πρὸς
3005 2850 3198 2922 ἡδονὴν
3246 2849 3344 2921 τὴν
3392 2848 3572 2920 σάρκα
3599 2845 3819 2914 καταλιμ-

2295 2943 2456 2995 πάνει
2496 2943 2774 3015 προνοίας.
2801 2945 2944 2996 κατὰ
2976 2945 3075 3014 τὴν
3099 2944 3156 2995 ἐν
3186 2942 3382 3014 γνώμῃ
3409 2942 3609 3011 σχέσιν,
3637 2937 3740 2993 οὐδὲ
3754 2938 3827 3004 τὴν

2297 3033 2490 3102 ὀδύνην
2525 3035 2628 3103 τῆς
2682 3035 2882 3106 σαρκὸς
2931 3034 3232 3105 ἀνεχομένη
3266 3031 3722 3104 παραμυθεῖσθαι,
3760 3028 3828 3089 διὰ

2299 3127 2396 3198 τὴν
2424 3129 2482 3180 ὲν
2510 3128 2690 3198 σχέσει
2719 3128 2819 3198 τῆς
2843 3125 3068 3198 γνώμης
3094 3127 3231 3199 πρὸς
3257 3127 3328 3180 τὰ
3372 3124 3496 3178 θεῖα
3524 3125 3698 3194 όλικὴν
3731 3139 3826 3192 σχον

2293 3190 2414 3292 λην.

2368 3311 2434 3384 9-,-
2489 3313 2632 3377 Νοῦς
2678 3312 2774 3367 καὶ
2816 3310 3070 3382 αἴσθησις
3099 3309 3491 3382 ἀντικειμένην
3529 3303 3826 3377 ἔχουσιπρὸς

2295 3403 2503 3476 ἄλληλα
2548 3406 2650 3475 τὴν
2682 3406 2826 3459 κατά
2852 3403 3014 3473 φύσιν
3043 3403 3345 3475 ἐνέργειαν,
3379 3401 3469 3456 διὰ
3499 3401 3595 3473 τὴν
3633 3399 3726 3452 τῶν
3748 3397 3825 3449 αὑ-

2297 3499 2410 3560 τοῖς
2449 3495 2830 3566 ὑποκειμένων
2864 3494 3173 3566 ἀκροτάτην
3210 3494 3480 3564 διαφοράν
3508 3493 3596 3546 καὶ
3618 3488 3825 3560 ἑτερότη-

2296 3608 2387 3644 τα.
2431 3589 2490 3642 '0
2525 3588 2626 3658 μὲν
2678 3589 2812 3658 γὰρ,
2860 3586 3232 3655 ὑποκειμένας
3274 3583 3388 3655 ἔχει
3421 3585 3520 3645 τάς
3550 3580 3726 3652 νοητὰς
3755 3578 3830 3640 καὶ,

2299 3680 2626 3750 ἀσωμάτους
2666 3677 2880 3742 οὐσίας,
2916 3670 2990 3729 ὧν
3037 3674 3349 3746 ἀσωμάτως
3378 3669 3822 3741 ἀντιλαμϐάνεσθαι

2302 3773 2410 3845 [σᾳ.
2452 3773 2520 3826 ad
2575 3769 2814 3826 Thalass.
2846 3787 2898 3840 q.
2949 3769 3038 3828 58.
3076 3761 3155 3821 ὧν
3208 3765 3333 3820 κατ’
3368 3767 3559 3820 οὐσίαν
3593 3757 3822 3829 ἀντιλαμ]

2301 3866 2565 3933 πέφυκεν·
2605 3865 2636 3932 ή
2670 3863 2746 3925 δὲ,
2776 3861 2876 3924 τὰς
2898 3859 3163 3930 αἰσθητὰς
3192 3860 3286 3912 καὶ
3317 3857 3630 3928 σωματικὰς
3653 3852 3824 3922 φύσεις,

2300 3951 2374 4010 ὧν
2413 3956 2509 4010 καὶ
2537 3954 2676 4026 αὑτὴ
2700 3951 2946 4023 φυσικῶς
2971 3948 3460 4020 ἀντιλαμϐάνεται.

2371 4052 2440 4114 γ’.
2487 4044 2552 4098 Ἡ
2586 4044 2687 4114 τῆς
2733 4043 2915 4112 ψυχῆς
2945 4040 3055 4094 τῶν
3099 4041 3240 4094 κατὰ
3267 4039 3432 4110 φύσιν
3475 4033 3822 4100 ἀπόθεσις,τῆς

2303 4138 2426 4192 κατ’
2459 4137 2714 4205 αἴσθησιν
2764 4134 2960 4205 ἡδονῆς
3013 4132 3156 4203 ἀρχὴ
3204 4131 3452 4200 γίνεσθαι
3503 4122 3822 4196 πέφυκε.Τῆς

2303 4231 2413 4300 γάρ
2440 4229 2620 4298 ψυχῆς
2655 4228 2784 4296 περὶ
2812 4225 2884 4278 τὰ
2922 4225 3064 4278 κατὰ
3098 4224 3264 4294 φύσιν
3302 4221 3488 4291 ἁγαθά
3516 4216 3821 4286 πονουμένης.

2303 4321 2403 4374 οὑκ
2433 4321 2580 4373 ἔστιν
2613 4320 2645 4388 ἡ
2684 4318 2776 4371 τὸν
2813 4318 2938 4371 κατ’
2982 4315 3237 4386 αἴσθησιν
3291 4315 3392 4384 τῆς
3442 4313 3622 4384 ἡδονῆς
3661 4307 3827 4378 τρόπον.

2303 4413 2435 4482 ἐφευ
2444 4412 2634 4483 ρίσκου
2643 4427 2711 4483 σα
2747 4407 2997 4478 δύναμις.

2233 4539 2282 4596 D
2331 4481 2354 4545 ιν
2375 4503 2416 4556 δ’
2423 4481 2454 4556 ,ἡ
2487 4481 2658 4555 Ἔνθα
2713 4500 2870 4569 λόγος
2925 4498 3358 4570 προκαθηγεῖται
3424 4498 3520 4568 τῆς
3572 4492 3818 4588 αἰσθήσειρς

2311 4595 2450 4649 κατά
2476 4594 2571 4665 τὴν
2602 4591 2708 4646 τῶν
2735 4591 2948 4662 ὁρατῶν
2969 4590 3224 4659 θεωρίαν,
3259 4588 3437 4657 πάσης
3468 4586 3727 4655 ἐστέρηται
3745 4578 3820 4644 τῆς.

2311 4685 2456 4741 κατά
2487 4683 2648 4754 φύσιν
2683 4685 2716 4752 ἡ
2754 4681 2891 4751 σάρξ
2940 4680 3156 4751 ἡδονῆς.
3186 4679 3287 4734 οὐκ
3325 4678 3522 4748 ἔχουσα
3549 4675 3638 4744 τὴν
3667 4668 3816 4734 αἴσθη-

2309 4796 2392 4843 σιν
2425 4779 2623 4844 ἄφετον
2660 4776 2754 4827 καὶ
2781 4773 2890 4826 τῶν
2919 4771 3157 4840 λογικῶν
3201 4769 3602 4839 ἀπολελυμένην
3629 4759 3814 4830 δεσμῶν.

2308 4873 2389 4935 είς
2430 4870 2733 4941 ὑπηρεσίαν
2791 4867 2900 4932 τῶν
2964 4867 3084 4921 κατ’
3136 4864 3306 4934 αὐτὴν
3344 4861 3562 4934 ἡδονῶν.
3592 4856 3728 4910 Ὂθεν
3751 4850 3822 4910 καὶ.

2311 4962 2616 5030 ἐξανάγκης
2643 4959 2966 5030 κρατοῦντος
2990 4958 3083 5011 τοῦ
3112 4959 3170 5010 ὲν
3187 4959 3317 5028 ἡμῖν
3341 4956 3518 5023 λόγου,
3541 4954 3572 5024 ὴ
3592 4951 3709 5020 πρὸς
3722 4946 3814 5013 ἁρε-

2312 5055 2412 5126 τὴν
2437 5052 2586 5124 αὐτῷ
2613 5051 2935 5112 δουλωθεῖσα
2971 5049 3318 5120 βασανίζεται
3343 5047 3495 5118 σάρξ.

705 5201 827 5256 ‘Ex
874 5203 996 5258 ead.
1059 5215 1253 5275 qumst.
1315 5207 1384 5262 58
1432 5224 1501 5262 ex
1554 5223 1661 5277 qua
1699 5208 1984 5277 superiora
2021 5206 2317 5285 ἀυτολεξεί.

708 5339 770 5410 (ί)
818 5340 1246 5411 Ἐπινσητ-ικὴν
1264 5340 1388 5395 οἶδε
1421 5343 1536 5408 τὴν
1565 5340 1785 5408 γοερὰν
1830 5339 1944 5407 τῆς
1996 5343 2206 5411 ψυχῆς

634 5409 912 5484 δύκιιέιιν.
944 5409 1232 5484 Expositio
1247 5423 1330 5466 est
1356 5415 1476 5484 ejus
1501 5413 1647 5484 quod
1675 5413 1890 5484 dixerat
1915 5409 2208 5484 superiori,

635 5497 686 5534 c.
734 5479 835 5535 100
858 5481 958 5552 τὴν
995 5479 1104 5532 τῶν
1145 5482 1314 5550 ἡδέων
1343 5479 1693 5551 ὲτέινοητικὴν
1720 5482 1932 5551 σχέσιν·
1966 5479 2046 5536 sic
2091 5499 2212 5552 pas-

637 5552 764 5615 sim,
818 5551 978 5605 aliam
1010 5552 1118 5606 alia
1155 5554 1430 5607 sententia
1462 5554 1728 5608 Maximus
1761 5552 2006 5620 exponit,
2053 5551 2118 5606 ac
2166 5553 2212 5606 si

639 5630 817 5692 esset”
839 5621 1090 5692 diversus
1122 5631 1332 5677 auctor.
1361 5625 1602 5692 Esseque
1650 5638 1759 5692 non
1813 5637 1951 5692 raro,
1985 5622 2214 5677 snadeat

642 5689 821 5744 Photii
856 5690 970 5760 ipsa
1000 5709 1254 5753 censura,
1296 5710 1325 5747 a
1381 5689 1568 5748 limine
1634 5691 1831 5756 Quwst.
1883 5691 1956 5744 ad
1991 5691 2212 5746 Thalas-

644 5762 1008 5833 fiumpOs'ita.
1042 5771 1098 5817 et
1129 5763 1277 5831 quod
1334 5764 1450 5833 ipse
1490 5763 1818 5832 quandoque
1843 5760 2207 5833 deprehendi.

647 5829 813 5893 Marci
844 5833 1091 5888 uuzedam
1128 5829 1406 5900 αὐτολεξεὶ
1429 5829 1636 5890 ins—crta
1665 5833 1788 5887 aliis
1842 5831 2061 5888 Maximi
2109 5832 2212 5890 Ca-

2313 5341 2446 5411 pita.
2476 5339 2824 5411 Refertergo
2850 5338 3004 5400 illud,
3028 5333 3158 5411 οἶδε,
3193 5336 3532 5411 superiorem
3561 5337 3804 5411 auctorem3

2314 5407 2406 5480 qui
2442 5409 2877 5482 sicintcllectum
2909 5419 3004 5463 aut
3029 5409 3316 5482 rationem,
3362 5407 3646 5482 facultatem
3682 5408 3804 5482 anili“

2315 5466 2668 5559 ξπινοητικὴν
2701 5478 2776 5559 (id
2807 5488 2911 5538 est.
2938 5477 3283 5559 excogitandi
3306 5466 3403 5559 seu
3436 5466 3806 5559 invenietidgnfﬁ:

2311 5539 2531 5620 lerteln)
2581 5539 2737 5618 quasi
2777 5539 3106 5619 paraphrasi
3146 5548 3442 5610 vocaverit,
3486 5557 3584 5620 non
3619 5539 3802 5620 diving!!!

2316 5600 2805 5694 sééiji_i‘6niin_"a‘ui
2852 5600 3185 5694 sel-munem,
3229 5627 3310 5694 ‘ut
3357 5600 3462 5670 non
3501 5615 3630 5694 bene

2313 5674 2394 5744 dit
2425 5674 2606 5746 βίους.
2635 5689 2809 5744 Socus
2831 5705 2956 5743 cum
2984 5674 3206 5744 additur
3229 5689 3407 5754 λόγος,
3441 5683 3515 5738 uti
3537 5674 3800 5752 quantlo‘lue

2315 5761 2446 5816 facit
2477 5760 2764 5827 Maximus,
2792 5775 2857 5815 ac
2886 5760 3094 5831 passim
3116 5759 3210 5815 alii
3233 5755 3484 5830 tbeOlOgi.
