4108 6436
276 402 426 468 1305

947 405 1281 466 CAPITUM
1318 404 1742 476 QUINQUIES
1775 401 2298 466 CENTENORUM
2336 407 2724 471 CENTURIA
2762 413 2864 474 IV‘.

3406 411 3551 478 i306

355 518 416 573 ε’.
457 518 516 572 '0
547 517 671 582 νοῦς
707 516 827 585 ἅμα
869 519 969 588 τὴν
992 520 1244 588 αῖσθησιν
1282 519 1486 572 οἰκείαν
1524 519 1666 572 κατὰ
1694 516 1859 588 φύσιν

2032 519 2085 574 5.
2123 519 2307 586 Mens,
2344 537 2470 576 mox
2500 537 2565 578 ac
2609 537 2834 579 sensum
2867 522 2978 578 vim
3022 524 3302 594 propriam
3332 539 3399 581 ex
3439 542 3539 580 na-

271 612 546 680 ὴγήσεται
569 610 824 680 δύναμιν,
842 613 964 674 ταῖς
987 610 1098 664 τῶν
1123 609 1401 680 αἰσθητῶν
1432 609 1866 680 ἐπιπλεκόμενος

193 705 204 712 ’
271 701 648 770 ἐπιφανείαις,
672 703 1088 763 ἐπινοεῖταιτὰς
1121 701 1389 773 σαρκικὰς
1426 700 1644 770 ἡδονὰς,
1681 700 1742 752 οὐ
1771 699 1866 752 δυο

272 794 516 862 νάμενος
553 793 663 846 τῶν
703 793 915 864 ὁρατῶν
956 793 1206 865 διαϐῆναι
1252 794 1353 864 τὴν
1384 792 1567 864 φύσιν,
1607 795 1675 864 τῇ
1727 792 1866 864 πρὸς

271 886 386 956 τὴν
421 885 676 954 αἴσθησιν
704 885 945 956 ἐμπαθεῖ
984 886 1166 957 σχέσει
1200 884 1580 956 κατασχεθείς.

355 977 432 1042 ς’.
466 977 526 1030 Εἰ
556 979 656 1031 οὐκ
705 978 822 1032 ἐστι
850 979 1079 1033 δυνατὸν
1126 979 1263 1050 πρὸς
1312 979 1383 1032 τὰ
1431 977 1672 1047 συγγενῆ
1698 977 1866 1048 νοητὰ

270 1071 374 1124 τὸν
399 1071 525 1124 νοῦν
552 1071 822 1142 διαϐῆναι,
853 1073 978 1142 δίχα
1012 1072 1112 1143 τῆς
1133 1072 1243 1126 τῶν
1263 1072 1350 1126 διὰ
1376 1072 1542 1142 μέσον
1562 1071 1866 1143 προϐεϐλη-

275 1164 466 1235 μένων
487 1163 763 1235 αἰσθητῶν
801 1164 1054 1237 θεωρίαςο
1085 1164 1288 1236 ταύτην
1314 1164 1374 1218 δὲ
1414 1164 1690 1234 γενέσθαι,
1725 1180 1865 1217 παν-

271 1258 455 1322 τελῶς
492 1260 774 1331 ἀμήχανον
798 1260 972 1332 χωρὶς
1005 1261 1106 1329 τῆς
1137 1259 1284 1330 αὐτῷ
1327 1260 1427 1330 μὲν
1470 1258 1863 1328 συγκειμένης,

278 1355 402 1416 τοῖς
441 1353 720 1420 αἰσθητοῖς
745 1352 802 1406 δὲ
834 1351 976 1407 κατὰ
1015 1351 1178 1423 φύσιν
1208 1350 1506 1421 συγγενοῦς
1534 1350 1862 1421 αἰσθήσεως·

275 1444 512 1507 εἰκότως
542 1448 590 1498 εἰ
621 1445 720 1514 μὲν
761 1443 1052 1515 προϐαλὼν
1095 1443 1323 1514 ἐνσχεθῇ
1359 1444 1480 1505 ταῖς
1519 1440 1866 1510 ἐπιφανείαις

272 1534 395 1589 τῶν
425 1535 658 1607 ὁρατῶν,
701 1535 985 1604 ἐνέργειαν
1035 1529 1178 1587 εἰναι
1219 1532 1456 1602 φυσικὴν
1495 1531 1594 1601 τὴν
1641 1545 1864 1597 συγκει-

277 1627 734 1704 μένηνηοωμενος
772 1627 1045 1695 αῖσθησιν,
1096 1625 1208 1678 τῶν
1249 1624 1347 1695 μὲν
1393 1621 1536 1677 κατὰ
1564 1621 1726 1690 φύσιν
1770 1622 1866 1674 ἐκ-

277 1720 547 1774 πέπτωκε
587 1719 814 1790 νοητῶνο
861 1718 970 1772 τῶν
1012 1717 1071 1771 δὲ
1123 1716 1275 1788 παρὰ
1305 1714 1468 1783 φύσιν
1512 1715 1716 1784 ἀμφοῖν
1743 1715 1863 1765 ταῖν

273 1813 492 1881 χεροῖν,
529 1809 559 1863 ὃ
595 1809 660 1880 δὴ
688 1809 927 1878 λέγεται,
956 1808 1253 1862 ἐπελάϐετο
1280 1807 1569 1877 σωμάτων·
1598 1798 1678 1866 οἷς
1710 1803 1863 1874 παρᾶ

275 1905 379 1956 τὸν
411 1903 568 1972 λόγον
602 1900 1017 1974 ἐνεργούμενος,
1060 1900 1150 1954 διὰ
1171 1899 1270 1970 τὴν
1305 1898 1464 1951 αὑτὸν
1493 1897 1862 1965 ἐκνικήσασαν

276 1995 565 2068 αἴσθησιν,
593 1995 694 2066 τῆς
730 1995 828 2065 μὲν
856 1994 999 2048 κατὰ
1014 1992 1190 2064 ψυχὴν
1212 1991 1392 2060 λύπης
1429 1991 1709 2060 γεννήτωρ
1735 1987 1868 2041 καθ-

280 2086 528 2148 ίσταται,
559 2089 781 2157 συχναῖς
815 2086 937 2149 ταῖς
987 2084 1128 2138 κατὰ
1157 2082 1460 2153 συνείδησιν
1499 2079 1750 2152 μάστιξιν
1781 2079 1868 2133 αἰ-

275 2179 598 2252 κιζόμενος·
640 2181 739 2250 τῆς
764 2177 823 2231 δὲ
849 2179 968 2232 κατ’
1002 2176 1259 2246 αἴσθησιν
1279 2175 1479 2246 ἡδονῆς
1507 2173 1761 2245 ἀρίδηλος
1781 2172 1867 2242 γί-

273 2290 442 2328 νεται
491 2274 760 2344 ποιητὴς,
816 2276 940 2336 ταῖς
979 2271 1246 2334 ἐπινοίαις
1290 2269 1400 2323 τῶν
1433 2269 1866 2340 περιποιητικῶν

273 2366 505 2436 τρόπων
539 2365 641 2435 τῆς
682 2364 885 2436 σαρκὸς
921 2361 1328 2432 λιπαινόμενος.
1359 2361 1425 2414 Εἰ
1473 2358 1530 2414 δὲ
1580 2360 1678 2432 τὴν
1729 2361 1866 2427 πρὸς

259 2457 562 2527 αἴσθησιν,
592 2457 707 2525 ἅμα
737 2457 803 2526 τῇ
834 2454 1110 2526 προσϐολῇ
1143 2453 1252 2507 τῶν
1274 2451 1568 2523 ὁρωμένων
1594 2451 1866 2522 διατεμὼν

275 2550 633 2619 ἐπιφάνειαν,
663 2549 789 2612 τοὺς
819 2549 1230 2619 meeum—ciues;
1252 2565 1362 2601 των
1396 2549 1564 2601 ὄντων
1590 2546 1866 2616 καθαροὺς

273 2641 396 2696 τῶν
440 2641 528 2694 ἐπ’
564 2641 750 2704 αὐτοῖς
773 2641 1070 2711 σχημάτων
1089 2638 1347 2693 θεάσεται
1378 2639 1592 2706 λόγους,
1627 2638 1727 2709 τὴν
1767 2638 1866 2708 μὲν

273 2734 384 2802 τῆς
415 2733 595 2804 ψυχῆς
623 2733 818 2804 ἡδονὴν
862 2731 1284 2803 κατειργάσατο,
1319 2731 1507 2800 μηδενί
1535 2729 1642 2784 τῶν
1671 2729 1865 2799 αἰσθη-

273 2826 397 2880 τῶν
424 2824 814 2897 θεωρουμένων
861 2824 1267 2896 κρατουμένης,
1298 2824 1398 2896 τὴν
1435 2823 1493 2878 δὲ
1544 2825 1642 2893 τῆς
1673 2821 1867 2892 αἰσθή-

277 2934 422 2986 σοως
457 2924 824 2993 συνεστήσατο
867 2921 1070 2993 λύπην,
1115 2921 1338 2975 πάντων
1375 2919 1530 2977 ,κατᾶ
1563 2917 1725 2987 φύσιν
1755 2915 1865 2969 τῶν

277 3009 560 3085 αἰσθητῶν
592 3011 985 3084 ἐστερημένης.

354 3103 420 3168 ξ’·
474 3101 694 3174 Ἐπειδὴ
723 3102 820 3174 τὴν
865 3102 966 3173 μὲν
1002 3102 1100 3172 τῆς
1125 3101 1308 3172 ψυχῆς
1337 3101 1536 3169 λύπην,
1577 3101 1746 3171 ἤγουν
1774 3096 1866 3151 τὸν

1965 619 2087 666 tura
2111 627 2235 668 esse
2253 611 2496 679 duxerit,
2531 630 2720 669 rerum
2751 615 3038 670 sensilium
3066 615 3258 686 ﬁguris
3292 631 3356 670 ac
3384 617 3538 672 colo-

1966 706 2120 762 ribus
2172 705 2472 777 implicata,
2517 709 2700 764 carnis
2733 710 3044 780 voluptates
3087 709 3384 780 excogitat,
3426 726 3537 765 non

1963 800 2154 854 valens
2201 815 2388 855 rerum
2445 801 2862 871 aspertabilium
2921 809 3178 856 naturam
3239 816 3538 870 superare.

1963 908 2087 962 qua:
2113 892 2408 948 libidinosa
2431 893 2498 947 ad
2534 909 2754 948 sensum
2782 895 3072 950 aﬁectione
3096 894 3310 949 irretita
3341 895 3431 949 sit.

2037 987 2091 1041 6.
2114 985 2251 1042 Cum
2276 987 2396 1042 ﬁeri
2427 1003 2538 1041 non
2575 988 2772 1058 possit,
2808 998 2870 1043 ut
2899 1003 3058 1044 mens
3094 988 3162 1043 ad
3195 996 3426 1060 cognata
3458 987 3544 1041 in-

1965 1078 2269 1150 telligibilia
2312 1087 2574 1143 transeat,
2609 1079 2742 1149 quin
2793 1082 3044 1146 sensilia,
3076 1096 3199 1150 quas
3239 1079 3422 1134 media
3457 1079 3544 1133 in-

1965 1172 2192 1243 teriecta
2219 1181 2370 1238 sunt,
2404 1171 2755 1241 speculetur;
2801 1173 3027 1242 haacque
3057 1173 3152 1228 illa
3185 1173 3340 1226 nullo
3378 1186 3541 1242 pror-

1965 1279 2061 1320 sus
2097 1264 2264 1318 modo
2290 1263 2496 1333 absque
2529 1278 2721 1327 sensu,
2756 1262 2835 1317 illi
2865 1263 3088 1333 quidem
3114 1262 3450 1326 adhaerente,
3487 1267 3545 1314 at

1965 1359 2060 1430 qui
2092 1367 2290 1413 natura
2321 1357 2617 1413 sensilibus
2661 1355 2842 1411 alii-nis
2874 1356 2972 1420 sit,
3011 1355 3283 1425 speculari
3310 1354 3495 1408 valeat
3523 1369 3540 1406 :

1964 1451 2163 1504 merito
2195 1465 2348 1515 sane,
2395 1448 2671 1520 siquidem
2703 1465 2770 1503 ea
2794 1447 3140 1516 attingendo,
3172 1461 3358 1500 rerum
3379 1458 3543 1514 aspe-

1963 1543 2246 1599 ctabilium
2267 1542 2456 1612 ﬁguris
2481 1557 2543 1596 ac
2565 1540 2850 1596 coloribus
2873 1539 3218 1603 iabaerescat,
3235 1536 3544 1606 simplicem

1963 1650 2086 1690 esse
2121 1645 2239 1688 rata
2267 1633 2670 1703 operationem,
2697 1646 2821 1700 qua:
2845 1645 3044 1685 sensus
3066 1628 3408 1699 compositus
3435 1635 3542 1691 est,

1965 1729 2032 1782 ab
2048 1726 2487 1798 intelligibilibus
2499 1741 2563 1779 ac
2579 1723 2942 1794 spiritalibus,
2959 1738 3082 1792 qua:
3094 1732 3224 1776 sunt
3238 1735 3303 1774 ex
3321 1727 3541 1782 natura,

1968 1817 2242 1888 prolapsa,
2269 1815 2540 1870 ambabus
2577 1813 2745 1884 (quod
2791 1811 2970 1882 aiunt)
3007 1810 3284 1874 manibus,
3319 1809 3546 1862 innatu-
3591 1817 3598 1844 τ

1969 1909 2104 1963 ralia
2125 1923 2357 1978 corpora
2385 1905 2773 1976 apprehendit,
2803 1919 2867 1958 ac
2887 1901 3172 1971 coinplexa
3193 1908 3310 1955 est:
3339 1898 3546 1968 quibus

1967 2003 2128 2056 aliter
2155 2015 2220 2054 ac
2247 1999 2442 2054 suadet
2473 1998 2614 2050 ratio
2639 1999 2821 2050 excita
2856 2009 2920 2048 ac
2963 1999 3133 2054 mota,
3160 1990 3233 2044 ob
3266 2005 3462 2044 sensus
3490 1990 3547 2043 in

1965 2108 2086 2148 eam
2110 2091 2424 2155 victoriam,
2462 2089 2701 2143 tristitiae
2730 2085 2901 2140 animi
2933 2082 3148 2138 crebris
3188 2081 3548 2136 conscientiae

1964 2184 2298 2240 verberibus
2329 2181 2667 2251 vapulantis,
2695 2193 2901 2250 parens
2940 2175 3195 2240 exsistit;
3237 2187 3547 2240 sensusque

1965 2280 2146 2350 palam
2177 2273 2479 2344 voluptatis
2505 2279 2698 2326 auctor
2725 2268 2988 2332 efﬁcitur,
3025 2280 3148 2335 qua:
3178 2263 3393 2319 scilicet
3429 2276 3549 2316 ιιιο-

1967 2374 2052 2428 dis
2096 2368 2346 2425 fovenda:
2376 2365 2559 2421 carnis
2597 2359 2974 2432 excogitandis
3017 2356 3251 2412 nimium
3279 2362 3548 2426 quantum

1966 2464 2274 2519 delectetur
2293 2475 2358 2514 ac
2378 2457 2532 2512 velut
2557 2455 2950 2525 impinguetur.
2975 2450 3072 2505 Sin
3097 2458 3279 2504 autem
3314 2461 3442 2501 mox
3481 2459 3548 2500 ac

1965 2555 2146 2626 attigit
2181 2549 2563 2623 percepitque,
2607 2557 2841 2601 externa
2887 2558 3078 2597 rerum
3127 2539 3549 2611 aspectabiliuut

1966 2649 2201 2703 dissecta
2227 2642 2432 2714 specie,
2463 2637 2746 2709 spiritales
2785 2648 2972 2688 rerum
2999 2633 3264 2695 rationes,
3301 2630 3548 2700 ipsarum

1967 2739 2156 2812 ﬁguris
2207 2737 2504 2806 depuratas
2552 2725 2925 2797 conspexerit,
2989 2724 3160 2779 animi
3207 2724 3549 2792 voluptatem

1965 2829 2246 2904 produxit,
2299 2825 2396 2896 qui
2439 2822 2596 2878 nullo
2635 2819 2881 2873 visorum
2931 2815 3220 2871 sensilium
3259 2821 3547 2877 teneatur;

1966 2903 2271 2992 Sensusque
2297 2917 2574 2977 dolorem,
2611 2908 2870 2966 omnibus
2901 2923 2970 2963 ex
3006 2915 3205 2962 natura
3249 2903 3552 2960 sensilibus

1965 3017 2185 3087 privati,
2219 3013 2526 3070 constituit.

2039 3108 2092 3161 7.
2121 3105 2259 3171 Quia
2290 3105 2457 3176 igitur
2492 3104 2661 3159 animi
2691 3102 2919 3173 quidem
2948 3093 3231 3152 tristitiam
3258 3104 3357 3144 seu
3393 3085 3553 3141 dolo-

276 3195 448 3250 πόνον
465 3193 678 3267 (ταύτὸν
694 3193 803 3266 γὰρ
831 3194 1086 3264 ἀλλήλοις
1101 3193 1440 3265 ἀμφότερα),
1466 3195 1500 3264 ἡ
1520 3192 1640 3246 κατ’
1667 3190 1862 3262 αἴσθη-

1969 3213 2089 3254 rcm
2122 3199 2396 3268 (laborem
2443 3197 2692 3252 scilicet:
2725 3205 2857 3250 sunt
2885 3190 3034 3247 enim
3064 3187 3180 3241 haec
3201 3177 3420 3249 eadem)
3453 3193 3553 3232 vo-

277 3306 370 3342 σιν
398 3289 562 3360 ἡδονὴ
597 3287 898 3360 συνίστησι·
929 3287 1029 3359 τὴν
1053 3287 1114 3342 δὲ
1161 3289 1264 3359 τῆς
1307 3282 1616 3355 αἰσθήσεως
1658 3283 1860 3354 λύπην,

276 3381 454 3452 ἤγουν
487 3381 580 3434 τὸν
604 3380 791 3444 πόνον,
825 3380 860 3451 ἠ
894 3379 1037 3441 κατὰ
1084 3378 1264 3449 ψυχὴν
1293 3380 1468 3430 ποιεῖν
1499 3375 1662 3447 ἡδονὴ
1693 3375 1870 3444 πέφυο

277 3491 405 3538 κεν,
437 3473 661 3536 εἰκότως
683 3475 718 3526 ό
745 3473 844 3544 τῆς
873 3470 994 3526 κατ’
1025 3471 1217 3524 ἐλπίδα
1259 3468 1411 3539 ζωῆς
1449 3469 1557 3524 τοῦ
1583 3469 1733 3523 Θεοῦ
1769 3468 1870 3522 καὶ

276 3563 562 3632 Σωτῆρος
603 3563 776 3635 ἡμῶν
817 3563 1024 3632 Ἰησοῦ
1054 3561 1338 3633 Χριστοῦ,
1372 3561 1448 3614 δι’
1479 3560 1872 3627 ἀναστάσεως

276 3654 518 3727 νεκρῶν
543 3660 632 3722 εἰς
659 3657 1073 3726 κληρονομίαν
1101 3655 1412 3725 ἄφθαρτον
1440 3654 1537 3708 καί
1577 3653 1872 3723 ἀμίαντον

279 3751 385 3804 καί
415 3750 764 3820 ἀμάραντον
793 3747 1207 3819 τετηρημένην
1242 3749 1312 3801 ἐν
1362 3746 1675 3815 οὐρανοῖς,
1722 3747 1872 3815 ἐφιέ-

285 3859 478 3914 μενος,
507 3842 652 3896 κατὰ
683 3840 783 3912 μὲν
827 3842 926 3913 τὴν
951 3839 1131 3913 ψυχὴν
1155 3839 1480 3909 ἀγαλλίασιν
1520 3839 1655 3909 ἔχει,
1695 3837 1872 3910 χαρὰν

280 3933 673 4004 ἀνεκλάλητον,
702 3933 966 4004 διηνεκῶς
991 3935 1058 4004 τῇ
1083 3931 1192 3985 τῶν
1221 3931 1522 4003 μελλόντων
1545 3931 1722 3984 ἐλπίδι
1744 3947 1872 3998 γανο

281 4025 517 4097 νύμενος
557 4024 800 4094 ἀγαθῶν·
833 4024 979 4078 κατὰ
1006 4023 1063 4076 δὲ
1088 4023 1189 4095 τὴν
1221 4023 1402 4094 σάρκα
1437 4023 1533 4076 καί
1557 4021 1659 4092 τὴν
1679 4019 1872 4091 αἴσθη-

287 4135 395 4184 σιν,
427 4116 628 4190 λύπην,
665 4117 833 4188 ἧγουν
861 4116 988 4180 τοὺς
1018 4116 1084 4168 ἐκ
1109 4114 1220 4168 τῶν
1254 4113 1515 4167 ποικίλων
1549 4112 1872 4183 πειρασμῶν

282 4211 699 4282 ἐπιγινομένους
725 4211 863 4281 αὐτῇ
907 4210 1126 4272 πόνους,
1151 4209 1248 4261 καὶ
1275 4209 1375 4270 τὰς
1403 4209 1490 4260 ἐπ’
1522 4207 1714 4268 αὐτοῖς
1749 4205 1872 4258 όδύ-

282 4320 408 4366 νας.
456 4302 613 4376 Πάσῃ
643 4303 753 4373 γὰρ
796 4303 986 4373 ἀρετῇ,
1018 4300 1181 4370 ἡδονὴ
1211 4299 1307 4352 καὶ
1346 4297 1507 4361 πόνος
1538 4297 1869 4369 παρέπεται⁹

285 4394 453 4458 πόνος
493 4395 594 4466 μὲν
622 4395 845 4464 σαρκὸς,
891 4392 1266 4463 ἐστερημένης
1305 4387 1406 4462 τῆς
1439 4390 1744 4463 προσηνοῦς
1775 4390 1872 4445 καὶ

1968 3293 2152 3364 luptas
2178 3306 2375 3347 sensus
2401 3288 2722 3354 constituit;
2746 3296 3052 3353 sensusque
3079 3277 3329 3333 dolorem
3348 3271 3426 3344 (id
3443 3277 3550 3364 est,

1967 3361 2240 3454 laborem)
2273 3381 2443 3436 animi
2477 3380 2738 3450 voluptas
2768 3377 2954 3432 facere
2996 3367 3315 3431 consuevit;
3351 3361 3555 3418 merito

1966 3660 2192 3714 ditatem
2237 3655 2687 3728 incorruptibilem
2743 3662 2792 3707 et
2832 3648 3314 3706 incontaminatam
3356 3648 3405 3694 et
3453 3640 3555 3693 im-

1967 3750 2378 3807 marcescibilem
2408 3757 2770 3803 conservatam
2807 3745 2864 3798 in
2902 3740 3042 3795 oculis
3080 3738 3122 3804 ",
3166 3731 3444 3791 desiderio
3475 3738 3557 3784 te-

1965 3855 2157 3911 netur,
2209 3845 2393 3899 animo
2432 3842 2656 3916 quidem
2701 3837 2960 3900 exsultat,
3002 3831 3316 3905 gaudetque
3354 3823 3556 3897 gaudio

1973 3937 2351 4002 inenarrabili,
2380 3937 2654 3992 bonorum
2687 3930 2850 4004 585
2875 3929 3198 3984 futurorum
3231 3937 3327 3993 spe
3350 3917 3558 3990 jugiter

1971 4033 2269 4104 ganniens;
2309 4046 2477 4086 carne
2519 4036 2704 4084 autem
2751 4041 2816 4080 ac
2857 4035 3024 4079 sensu
3081 4017 3328 4073 dolorem
3366 4010 3556 4072 habet,

1968 4126 2190 4180 labores
2215 4123 2427 4181 scilicet
2451 4123 2547 4192 qui
2575 4137 2642 4175 ex
2678 4117 2849 4173 variis
2886 4110 3285 4169 tentationibus
3318 4104 3396 4159 illi
3419 4117 3557 4158 con-

1971 4217 2196 4283 ﬁantur,
2238 4231 2303 4271 ac
2350 4230 2488 4284 quas
2525 4213 2607 4268 illi
2640 4223 2916 4265 azrumnas
2951 4220 3018 4260 ac
3056 4202 3278 4258 dolores
3309 4195 3555 4266 pariunt.

1969 4309 2136 4365 Omni
2185 4308 2334 4364 enim
2392 4305 2589 4360 virtuti
2637 4313 2752 4358 tum
2804 4301 3082 4370 voluptas,
3134 4303 3251 4348 tum
3296 4299 3353 4345 et
3401 4287 3558 4342 labor

1974 4416 2160 4457 comes
2180 4397 2396 4454 exsistit
2427 4415 2440 4450 :
2479 4411 2678 4465 nempe
2712 4393 2896 4448 carnis
2924 4390 3100 4452 labor,
3130 4399 3295 4456 quam
3325 4379 3566 4436 blandus

284 4485 569 4557 λειοτέρας
617 4487 938 4557 αἰσθήσεως·
995 4484 1159 4557 ἡδονὴ
1217 4483 1274 4537 δὲ
1320 4483 1520 4555 ψυχῆς,
1553 4481 1752 4545 παντὸς
1786 4484 1868 4536 αἰ-

1975 4490 2262 4558 leniorque
2312 4501 2508 4541 sensus
2553 4483 2795 4546 deﬁciat,
2841 4479 3118 4549 animique
3160 4474 3430 4542 voluptas,
3463 4467 3556 4538 qui

289 4556 492 4646 σθητοῦ
519 4556 782 4648 καθαροῖς
825 4556 1178 4648 ἐντρυῴῶσης
1221 4577 1337 4638 τοῖς
1380 4576 1439 4629 ἐν
1483 4572 1754 4645 πνεύματι
1779 4573 1868 4628 λό-

1979 4580 2049 4635 ab
2075 4556 2226 4634 omni
2257 4576 2446 4632 sensili
2473 4575 2629 4646 puris
2663 4573 2719 4628 in
2756 4571 2960 4643 spiritu
3004 4565 3314 4622 rationibus
3344 4559 3564 4616 deliciis

288 4687 429 4741 γοις.

363 4770 436 4834 η’.
467 4763 595 4818 Δέον
631 4763 747 4817 ἐστὶ
791 4762 884 4816 τὸν
920 4761 1045 4816 νοῦν
1085 4762 1230 4816 κατὰ
1261 4763 1360 4836 τὴν
1385 4765 1674 4838 παροῦσαν
1730 4767 1876 4839 ζωὴν

293 4855 476 4930 (τοῦτο
493 4855 600 4926 γάρ
621 4873 709 4926 μοι
739 4856 959 4921 νοεῖται,
990 4853 1053 4908 τὸ
1078 4854 1218 4927 νῦν),
1236 4857 1377 4910 κατὰ
1403 4859 1583 4929 σάρκα
1609 4859 1779 4913 λυπού
1789 4877 1878 4931 με·

290 4966 406 5014 νον,
435 4948 524 5002 διὰ
559 4949 687 5012 τοὺς
719 4947 948 5012 πολλοὺς
982 4948 1177 5011 πόνους
1221 4949 1331 5002 τῶν
1368 4951 1508 5022 ὑπὲρ
1549 4952 1751 5023 ἀρετῆς
1786 4952 1878 5006 αὐ-

291 5041 374 5112 τῷ
399 5043 822 5114 προσαγομένων
849 5041 1196 5114 πειρασμῶν,
1222 5043 1309 5096 ἀεὶ
1337 5047 1552 5116 χαίρειν
1587 5045 1727 5100 κατὰ
1764 5046 1871 5109 ψυ-

291 5134 420 5206 χὴν,
462 5135 554 5187 καὶ
591 5131 819 5204 ἥδεσθαι
848 5132 938 5188 διὰ
963 5132 1062 5204 τὴν
1097 5133 1290 5186 ἐλπίδα
1322 5134 1433 5186 τῶν
1473 5135 1709 5189 αἰωνίων
1734 5137 1875 5204 ἀγα-

294 5226 429 5289 θῶν,
461 5225 565 5278 xiv
598 5224 698 5296 ἐχῃ
719 5225 1206 5296 καταπονουμένην
1229 5225 1328 5295 τὴν
1343 5225 1617 5296 αἴσθησιν.
1651 5228 1734 5280 Οὐ
1761 5226 1875 5298 γὰρ

293 5319 440 5383 ἀξια
471 5318 540 5371 τὰ
563 5317 882 5386 παθήματα
910 5315 1019 5370 τοῦ
1040 5317 1160 5370 νῦν
1177 5316 1382 5384 καιροῦ
1413 5318 1565 5385 πρὸς
1587 5317 1703 5387 τὴν
1729 5321 1875 5388 μέλ-

293 5415 538 5465 λουσαν
562 5410 751 5474 δόξαν
777 5411 1312 5464 ἀποκαλύπτεσθαι
1355 5411 1444 5476 εἰς
1486 5409 1665 5479 ἡμᾶς,
1707 5411 1875 5481 φησὶν

294 5503 327 5555 ό
355 5501 500 5565 θεῖος
545 5503 890 5566 Ἀπόστολος.

373 5593 439 5647 θ’.
469 5593 684 5665 Ψυχῆς,
728 5597 762 5664 ὴ
812 5593 970 5665 σὰρξ,
1003 5593 1117 5650 ἀλλ’
1149 5595 1212 5650 οὐ
1246 5597 1449 5669 σαρκὸς
1485 5599 1520 5668 ὴ
1561 5596 1708 5668 ψυχή
1732 5614 1746 5630 ·
1780 5615 1869 5652 τοι

296 5684 411 5754 γὰρ
434 5685 763 5755 κρείττονος,
795 5686 929 5757 φησί
949 5726 964 5752 ,
1001 5686 1066 5740 τὸ
1090 5683 1272 5760 ἦττον,
1297 5689 1415 5742 ἀλλ’
1441 5690 1501 5742 οὐ
1531 5689 1622 5743 τοῦ
1651 5690 1874 5760 ἥττονος

379 5869 399 5902 ’
430 5868 620 5928 lPetr.
655 5885 693 5932 ι,
725 5869 778 5924 5.
857 5867 877 5900 ³
906 5867 927 5923 ι
953 5868 1101 5926 Petr.
1133 5883 1172 5933 ι,
1199 5866 1252 5923 6.
1330 5867 1350 5902 ’
1377 5865 1535 5923 Rom.
1567 5881 1682 5931 vin,
1716 5866 1802 5931 l8.

1979 4671 2188 4728 afﬂuat.

2051 4767 2102 4820 8.
2133 4763 2324 4832 Opera:
2362 4758 2604 4830 pretium
2638 4766 2724 4812 est
2754 4765 2815 4810 ut
2845 4755 3064 4811 animus
3094 4753 3208 4806 vita
3238 4750 3344 4804 bac
3379 4746 3562 4815 (hunc

1979 4858 2127 4914 enim
2153 4853 2287 4909 mihi
2317 4867 2540 4907 sensum
2571 4850 2760 4911 habet,
2783 4848 2929 4919 quod
2957 4847 3182 4907 dicitur,
3205 4839 3364 4907 nunc)
3397 4852 3562 4891 carne

1978 4952 2172 5006 dolens
2197 4963 2261 5002 ac
2286 4926 2646 5009 mmrens,'ob
2676 4959 2870 4998 carum
2904 4939 3268 4994 tentationum
3289 4934 3331 4998 ⁸,
3361 4929 3569 5000 quibus

1978 5042 2201 5098 virtutis
2233 5054 2398 5096 causa
2430 5037 2728 5108 appetitur,
2764 5033 3122 5102 multiplicem
3164 5027 3439 5087 laborem,
3472 5035 3562 5075 se-

1979 5152 2103 5192 cum
2142 5135 2258 5204 ipse
2293 5147 2512 5202 semper
2537 5129 2767 5201 gaudeat
2796 5142 2859 5180 ac
2885 5120 3241 5195 jucundetur,
3267 5131 3363 5186 spe
3389 5113 3568 5168 fretus

1980 5228 2293 5283 futurorum
2317 5225 2616 5287 bonorum,
2644 5221 2748 5276 etsi
2777 5230 3004 5274 sensum
3032 5209 3317 5267 laboribus
3342 5206 3568 5260 divexa-

1981 5327 2096 5373 tum
2142 5316 2360 5370 habeat.
2393 5314 2467 5370 Ut
2499 5312 2648 5368 enim
2690 5310 2766 5364 ait
2799 5307 3021 5363 divinus
3056 5301 3352 5372 Apostolus
3392 5314 3405 5350 :
3444 5294 3562 5349 Non

1980 5415 2104 5461 sunt
2132 5407 2405 5478 condigna:
2434 5404 2702 5476 passiones
2732 5399 2887 5469 hujus
2919 5393 3190 5466 temporis,
3223 5390 3292 5446 ad
3325 5389 3565 5460 futuram

1982 5501 2233 5574 gloriam,
2261 5514 2379 5571 qua:
2410 5494 2730 5550 revelabitur
2755 5492 2810 5544 in
2841 5489 2985 5542 nobis
3005 5490 3051 5542 ’.

2051 5596 2104 5652 9.
2137 5569 2297 5658 Caro,
2331 5589 2500 5646 animi
2538 5595 2642 5651 est,
2674 5599 2780 5639 non
2818 5582 3058 5636 vicissim
3098 5577 3316 5634 animus
3357 5569 3562 5629 carnis.

1984 5690 2078 5745 Est
2125 5685 2270 5742 enim
2321 5677 2746 5754 praestantioris,
2781 5672 2990 5744 inquit,
3023 5671 3079 5727 id
3123 5668 3272 5743 quod
3318 5661 3570 5725 deterius

3383 5989 3431 6002 ⁸
