4108 6426
647 373 791 438 1307

1812 377 1873 436 S.
1914 376 2201 437 MAXIMI
2240 374 2757 442 CONFESSORIS'

3735 387 3847 454 1308

643 497 732 542 est
769 483 978 540 :-haud-
1009 502 1149 541 vero
1179 487 1495 554 deterioris,
1533 489 1684 559 quod
1723 500 1811 546 est
1846 474 2215 562 praestantius.
2246 495 2265 550 Α

2246 493 2295 550 Α
2319 493 2379 549 τό
2404 498 2667 566 κρεῖττον.
2700 497 2930 561 Οὐκοῦν,
2963 497 3153 568 ἐπειδὴ
3181 501 3247 569 τῇ
3273 497 3437 569 σαρκὶ
3465 497 3557 552 διὰ
3580 499 3671 570 τὴν
3695 505 3845 574 παρά-

643 571 784 644 Quia
835 576 1003 649 igitur
1039 579 1196 636 carni
1240 580 1309 636 ad
1351 584 1837 653 transgressionem
1881 586 2091 655 peccati
2131 587 2222 641 lex

643 669 894 736 inolevit,
927 671 1075 741 quod
1106 682 1192 727 est
1221 688 1427 729 sensus
1445 677 1696 746 voluptas
1728 685 1891 748 atque
1925 677 2119 743 libido,
2149 678 2221 734 ob

644 777 810 832 quam
851 779 951 833 per
988 764 1204 820 labores
1243 765 1462 822 decreta
1496 768 1690 823 mortis
1724 773 1907 825 carnis
1942 771 2227 826 damnatio

643 863 729 910 est
744 855 857 930 ,_ad
893 857 1216 912 abolendam
1252 859 1435 914 carnis
1466 859 1641 930 legem
1679 862 1913 916 solerter
1944 863 2164 917 inventa
2200 880 2214 915 :

643 922 806 1016 plane
836 945 931 1016 qui
965 946 1036 1000 ob
1067 956 1378 1016 peccatum,
1407 949 1528 1018 ejus
1559 950 1814 1005 abolendi
1848 967 2035 1016 causa,
2065 966 2217 1006 mor-

645 1045 756 1092 tem
779 1038 1166 1107 supervenisse
1189 1054 1298 1094 non
1323 1041 1520 1104 nescit,
1545 1058 1762 1112 semper
1785 1044 1970 1098 animo
1995 1044 2216 1115 gaudet,

643 1127 735 1196 qui
768 1143 866 1196 per
895 1129 1080 1183 varios
1107 1130 1352 1196 labores,
1383 1133 1558 1203 legem
1597 1135 1807 1204 peccati
1847 1151 1879 1190 a
1917 1152 2016 1191 sua
2055 1152 2220 1192 carne

644 1217 952 1274 desciscere
987 1219 1202 1284 videat,
1237 1236 1347 1290 quo
1385 1221 1627 1278 futuram
1668 1225 1724 1278 in
1766 1227 1964 1295 spiritu
2005 1228 2221 1282 beatam

633 1309 813 1364 vitam
846 1311 1136 1381 suscipiat;
1167 1329 1330 1382 quam
1359 1314 1518 1369 aliter
1542 1331 1704 1370 nemo
1732 1319 1993 1387 consequi
2024 1321 2218 1388 possit,

643 1400 776 1471 quin
801 1403 975 1471 prius,
1003 1419 1102 1458 ceu
1131 1419 1198 1460 ex
1222 1419 1348 1463 vase
1372 1406 1630 1476 quodam,
1654 1424 1722 1463 ex
1753 1425 1940 1474 carne,
1966 1413 2221 1481 praesenti

644 1509 808 1563 quam
857 1495 1109 1552 ducimus
1151 1497 1293 1563 vita,
1338 1500 1549 1568 peccati
1600 1502 1805 1572 legem,
1841 1519 1948 1573 qua
1999 1505 2055 1559 in
2101 1520 2224 1560 eam

644 1587 935 1644 affectione
969 1606 1034 1644 ac
1068 1591 1298 1647 libidine
1321 1593 1576 1648 voluntas
1608 1595 1830 1651 ducitur
1853 1599 2219 1653 evacuaverit.

721 1760 807 1815 lO.
839 1762 943 1830 Qui
992 1781 1056 1819 ea
1099 1766 1312 1822 ratione
1355 1783 1464 1837 qua
1512 1770 1771 1828 virtutem
1815 1775 1965 1839 colit,
1999 1787 2223 1846 propter

645 1849 864 1909 labores
895 1865 1057 1924 atque
1090 1874 1367 1914 aerumnas
1398 1877 1566 1918 carne
1597 1865 1765 1928 dolet,
1792 1868 2040 1938 ejusdem
2071 1871 2220 1925 cultu

647 1946 833 2001 animo
861 1949 1087 2017 gaudet,
1112 1950 1204 2019 qui
1232 1952 1384 2006 velut
1410 1955 1523 2024 jam
1556 1959 1880 2024 prtesentem
1913 1958 2225 2014 futurorum

647 2039 905 2095 decorem
957 2044 1293 2112 conspiciat;
1344 2048 1501 2117 cujus
1552 2050 1761 2118 gratia,
1805 2052 1956 2105 velut
2001 2069 2227 2123 magnus

647 2123 820 2185 David
841 2133 906 2196 ³ο,
925 2133 1123 2188 mentis
1146 2137 1429 2205 proposito
1453 2155 1482 2191 a
1507 2155 1670 2194 carne
1690 2140 2069 2207 desciscendo,
2092 2160 2230 2214 quo-

650 2222 784 2277 tidie
812 2224 1066 2289 moritur,
1095 2227 1189 2296 qui
1224 2228 1456 2298 spiritali
1489 2231 1674 2286 animo
1706 2235 2057 2303 generatione
2089 2252 2230 2289 sem-

646 2327 748 2384 per
787 2314 1111 2382 innovctur;
1160 2327 1274 2372 tum
1319 2335 1518 2388 nempe
1556 2323 1850 2376 salutarem
1891 2326 2225 2394 voluptatem

647 2415 870 2471 nactus,
911 2415 1025 2462 tum
1066 2410 1342 2465 tristitiam
1385 2414 1594 2466 utilem.
1635 2414 1936 2470 Tristitiam
1977 2418 2122 2471 enim
2163 2433 2227 2471 ac

617 2497 896 2554 dolorem
941 2500 1197 2568 dicimus,
1236 2520 1348 2558 non
1393 2504 1784 2561 abhorrentem
1830 2525 1859 2562 a
1906 2509 2117 2564 ratione
2162 2526 2227 2565 ac

647 2590 828 2660 qualis
864 2593 1010 2663 vulgi
1055 2594 1158 2660 sit;
1205 2612 1326 2664 qua:
1368 2597 1580 2651 scilicet
1617 2613 1683 2653 eo
1723 2600 1941 2655 nomine
1982 2601 2224 2657 animum

645 2695 882 2736 maerore
910 2683 1161 2739 conﬁciat
1192 2701 1255 2740 ac
1283 2689 1583 2754 excruciet,
1611 2691 1756 2758 quod
1791 2690 2017 2747 affectus
2047 2694 2227 2748 desint

647 2783 714 2825 ac
758 2772 1046 2837 libidines,
1081 2793 1185 2833 nec
1230 2787 1574 2835 terrenarum
1622 2783 1777 2850 copia
1823 2783 2034 2851 allluat;
2077 2787 2227 2841 velut

647 2873 848 2933 nempe
891 2864 1054 2937 586
1099 2884 1311 2935 eorum,
1348 2872 1442 2940 qui
1488 2872 1660 2926 invita
1705 2883 1921 2940 natura,
1955 2892 2075 2948 qua:
2116 2894 2226 2934 non

631 2953 860 3020 deceat,
887 2966 1166 3026 appetant,
1195 2969 1250 3014 et
1283 2976 1313 3014 a
1347 2961 1547 3032 quibus
1577 2980 1685 3017 non
1719 2965 1896 3031 decet,
1927 2967 2224 3039 refugiant;

646 3044 743 3098 sed
793 3049 1134 3114 consultam,
1180 3053 1424 3122 virisque
1469 3054 1653 3109 divina
1703 3059 1968 3127 sapientia
2017 3063 2226 3117 ornatis

2322 589 2482 643 ϐασιν
2533 588 2769 662 ὲνεφύρη
2820 588 2920 660 τῆς
2969 590 3248 660 ἁμαρτίας
3279 592 3308 643 6
3335 590 3519 656 νόμος,
3565 591 3689 663 ὅπερ
3724 595 3848 648 ἐστὶν

2321 682 2356 751 ἡ
2385 680 2505 734 κατ’
2535 681 2790 752 αἴσθησιν
2817 681 3000 755 ἡδονὴ,
3045 683 3114 737 δι’
3161 683 3230 754 ἦν
3261 681 3351 736 διὰ
3383 683 3554 736 πόνων
3589 686 3846 756 κατεκρίθη

2321 773 2418 842 τῆς
2451 773 2651 844 σαρκὸς
2683 774 2712 825 6
2742 773 2998 837 θάνανος,
3015 775 3100 838 είς
3121 773 3220 845 τὴν
3241 774 3337 827 τοῦ
3371 774 3534 844 νόμου
3559 774 3654 844 τῆς
3681 778 3848 845 capit-6;

2321 865 2600 936 ἀναίρεσιν
2635 866 3085 936 ἐπινενοημένος,
3144 868 3173 916 6
3222 866 3472 934 διαγνοὺς
3520 867 3599 918 ὅτι
3644 865 3725 920 διὰ
3769 869 3849 939 τὴν

2321 956 2598 1026 ἁμαρτίαν
2631 957 2710 1020 είς
2735 957 2834 1028 τὴν
2862 957 3034 1026 αὐτῆς
3071 957 3351 1028 ἀναίρεσιν
3384 956 3690 1025 ἐπεισῆλθεν
3717 959 3742 1010 6
3770 958 3848 1012 θά-

2321 1063 2498 1111 νατος,
2526 1047 2612 1099 ἀεὶ
2645 1047 2937 1118 χαῖρουσαν
2961 1046 3078 1116 ἔχει
3097 1048 3194 1118 τὴν
3218 1047 3417 1118 ψυχὴν,
3453 1047 3540 1100 διὰ
3568 1047 3729 1100 πόνων
3752 1066 3845 1101 ποι-

2322 1138 2488 1192 κίλων
2537 1137 2818 1208 θεωμένην
2861 1138 3250 1210 ἀπογινόμενον
3289 1139 3387 1209 τῆς
3443 1137 3641 1201 οἰκείας
3679 1142 3844 1208 σαρκὸς

2321 1229 2414 1282 τὸν
2442 1228 2604 1299 νόμον
2642 1229 2741 1298 τῆς
2766 1229 3059 1299 ἁμαρτίας,
3096 1229 3232 1299 πρὸς
3263 1227 3529 1298 ὑποδοχὴν
3554 1227 3650 1294 τῆς
3677 1229 3854 1297 μελλού-

2325 1338 2424 1391 σης
2463 1323 2521 1373 ἐν
2549 1319 2822 1391 πνεύματι
2852 1319 3127 1390 μακαρίας
3160 1319 3328 1387 ζωῆς,
3358 1315 3426 1389 ἦς
3458 1318 3627 1379 ἄλλως
3650 1317 3736 1370 οὐκ
3763 1318 3856 1372 ἐστι

2323 1415 2523 1483 τυχεῖν,
2567 1413 2642 1484 μὴ
2698 1411 2965 1483 πρότερον
3000 1411 3328 1472 κενωθέντος
3365 1410 3441 1473 ὡς
3482 1409 3541 1474 ἐξ
3569 1409 3766 1477 ἀγγείου
3790 1427 3853 1462 τι·

2322 1505 2408 1565 νὸς
2431 1504 2530 1574 τῆς
2561 1505 2761 1574 σαρκὸς
2795 1505 2852 1556 ἐν
2891 1506 2958 1572 τῇ
2991 1503 3246 1575 παρούσῃ
3272 1502 3408 1574 ζωῇ,
3449 1500 3590 1556 κατὰ
3617 1501 3708 1569 τὴν
3741 1502 3850 1571 πρὸς

2323 1597 2492 1668 αὐτὴν
2540 1597 2723 1667 σχέσιν
2776 1597 2876 1667 τῆς
2915 1596 3166 1666 γνώμης,
3210 1594 3302 1647 τοῦ
3353 1593 3520 1664 νόμου
3564 1592 3660 1661 τῆς
3702 1594 3849 1662 ἁμαρ-

2271 1713 2277 1720 ·
2323 1692 2460 1754 τξας.

2399 1791 2450 1837 ι’.
2499 1783 2557 1837 '0
2596 1785 2663 1853 τῇ
2689 1783 2861 1852 ἁρετῇ
2900 1779 3042 1834 κατὰ
3081 1780 3261 1850 σάρκα
3293 1778 3382 1831 διὰ
3414 1779 3542 1840 τοὺς
3584 1774 3760 1837 πάλους
3780 1773 3850 1828 λυ·

2327 1877 2617 1948 πούμενος,
2659 1879 2719 1928 ὲν
2770 1875 2908 1944 αὐτῇ
2955 1871 3137 1944 χαίρει
3187 1875 3252 1941 τῇ
3287 1872 3459 1941 ἀρετῇ
3514 1865 3650 1921 κακὰ
3689 1865 3851 1936 ψυχὴν.

2325 1970 2402 2032 ὡς
2439 1967 2722 2038 παροῦσαν
2761 1966 3031 2036 θεώμενος
3063 1964 3162 2034 τὴν
3199 1962 3305 2016 τῶν
3348 1961 3648 2030 μελλόντων
3689 1959 3849 2028 εὐπρέ-

2327 2079 2506 2115 πειαν·
2527 2061 2666 2131 ὑπὲρ
2688 2054 2776 2130 ἦς,
2798 2057 2940 2112 κατὰ
2967 2057 3054 2111 τὸν
3092 2057 3265 2126 μέγαν
3287 2054 3475 2116 Δαὸὶδ,
3509 2055 3576 2124 τῇ
3598 2051 3726 2105 κατὰ
3744 2050 3850 2119 γνώ-

2329 2172 2436 2225 μην
2466 2154 2790 2222 ἁπογενέσει
2824 2152 2922 2221 τῆς
2959 2150 3183 2222 σαρκὸς,
3226 2147 3348 2202 καθ’
3386 2147 3623 2217 ἑκάστην
3659 2145 3853 2216 ἀποθνή-

2327 2262 2448 2298 σκει
2483 2243 2584 2313 τὴν
2615 2243 2847 2314 ἡμέραν,
2878 2246 2906 2297 6
2956 2241 3100 2297 κατὰ
3147 2241 3246 2311 τὴν
3275 2242 3376 2311 τῆς
3414 2239 3594 2310 ψυχῆς
3632 2241 3686 2292 ὲν
3725 2237 3851 2291 πνεύ-

2329 2355 2461 2408 ματι
2498 2336 2711 2404 γένεσιν
2751 2336 2838 2389 ἀεὶ
2865 2335 3264 2405 καινιζόμενος,
3298 2332 3393 2387 ἅτε
3434 2332 3500 2401 δὴ
3538 2333 3628 2384 καὶ
3651 2329 3738 2400 τὴν
3755 2329 3852 2400 ἡδο-

2328 2430 2423 2501 νὴν
2448 2428 2586 2499 ἔχων
2619 2429 2906 2496 σωτήριον,
2936 2428 3031 2480 καὶ
3053 2427 3152 2497 τὴν
3178 2425 3356 2495 λύπην
3382 2424 3672 2494 ὠφέλιμον.
3701 2421 3852 2492 Λύπην

2327 2521 2436 2591 γάρ
2466 2538 2668 2590 φαμεν,
2703 2520 2764 2572 οὐ
2806 2520 2905 2590 τὴν
2937 2519 3243 2588 παράλογον
3274 2519 3369 2571 καὶ
3412 2517 3523 2569 τῶν
3551 2515 3761 2577 πολλῶν,
3783 2514 3853 2567 ἐπὶ

2331 2613 2584 2683 στερήσει
2641 2610 2830 2665 παθῶν
2875 2612 2907 2682 ἢ
2959 2611 3300 2681 πραγμάτων
3337 2607 3542 2662 ὑλικῶν
3589 2607 3680 2677 τὴν
3713 2604 3852 2676 ψυχὴν

2329 2705 2749 2777 βασανίζουσαν,
2782 2707 2857 2769 ὡς
2887 2705 2983 2769 τὰς
3029 2704 3206 2775 ὁρμὰς
3250 2703 3404 2774 παρὰ
3436 2702 3598 2772 φύσιν
3625 2699 3703 2767 ἐφ’
3731 2698 3762 2752 ἃ
3795 2697 3852 2766 μὴ

2323 2805 2424 2864 δεῖ,
2459 2803 2555 2858 καὶ
2601 2804 2704 2866 τὰς
2733 2801 3021 2871 ἀποφυγὰς
3054 2801 3146 2870 ἀφ’
3180 2792 3254 2852 ὧν
3299 2799 3374 2868 μὴ
3419 2796 3502 2849 δεῖ
3531 2791 3849 2863 ποιουμένων·

2324 2897 2460 2950 ἀλλὰ
2493 2896 2589 2966 τὴν
2619 2894 3028 2964 λελογισμένην,
3065 2891 3162 2946 καὶ
3191 2893 3305 2954 τοῖς
3336 2889 3403 2942 τὰ
3446 2888 3566 2941 Θεῖα
3595 2886 3758 2954 σοφοῖς
3777 2885 3848 2951 ἑγ-

2326 2989 2627 3059 κριθεῖσαν,
2655 2986 2751 3041 καὶ
2773 2987 2832 3040 τὺ
2851 2987 3023 3056 παρὸν
3055 2984 3230 3038 κακον
3255 2979 3746 3051 ὑποσημαίνουσανο
3773 2992 3851 3027 πο,-

2329 3081 2420 3150 ρὺν
2449 3078 2558 3150 γὰρ
2583 3078 2772 3142 κακὸν,
2794 3078 2959 3146 φασὶν
2991 3070 3132 3129 εῖναι
3153 3075 3252 3145 τὴν
3279 3073 3482 3142 λύπην,
3506 3068 3847 3137 συνισταμένην

647 3137 931 3208 probatam
951 3181 964 3205 ,
993 3157 1058 3195 ac
1090 3158 1212 3211 qua:
1243 3159 1486 3213 praesens
1521 3148 1722 3200 malum
1759 3149 2027 3220 designet.
2057 3151 2269 3229 Aiunt¢

2249 3171 2293 3230 (Σ
2327 3137 2427 3240 μὲν
2462 3137 2618 3223 ’κατὰ
2662 3137 2871 3239 ψυχὴν,
2913 3168 3040 3221 ὅταν
3079 3167 3114 3236 ἡ
3161 3137 3283 3218 κατ’
3320 3137 3576 3234 αῖσδησιν
3607 3160 3751 3230 ἡδονὴ
3776 3160 3850 3224 τῆς

643 3228 794 3282 enim
832 3230 1109 3287 tristitiam
1144 3249 1244 3288 seu
1276 3233 1518 3290 dolorem
1554 3253 1796 3307 praesens
1830 3254 1952 3295 esse
1987 3244 2218 3312 malum,

646 3327 760 3396 tum
787 3321 1009 3390 quidem
1046 3325 1099 3377 in
1132 3327 1314 3380 animo
1337 3337 1669 3394 versantem,
1696 3346 1819 3384 cum
1855 3349 2047 3390 sensus
2072 3337 2225 3392 volu-

645 3419 769 3482 ptas
801 3414 996 3484 judicii
1036 3418 1266 3473 rationis
1305 3420 1543 3490 potitur;
1581 3423 1640 3477 in
1671 3440 1834 3480 sensu
1868 3435 2000 3482 vero
2039 3431 2222 3486 consi-

643 3514 902 3570 stentem,
927 3524 1051 3562 cum
1083 3511 1201 3564 sine
1228 3511 1622 3581 impedimento
1648 3532 1712 3570 ac
1732 3519 1983 3587 expedite
2004 3522 2224 3579 virtutis

649 3604 844 3647 cursus
887 3595 1071 3649 animo
1113 3600 1424 3670 peragitur;
1470 3603 1637 3657 tantis
1677 3619 1898 3660 sensum
1941 3609 2225 3669 laboribus

646 3682 943 3754 subigens,
983 3698 1246 3756 quantam
1295 3691 1477 3746 animo
1525 3706 1678 3748 creat
1719 3696 2086 3767 voluptatem;
2131 3705 2224 3773 qui

647 3772 762 3827 Deo
797 3776 1184 3842 admoveatur,
1215 3797 1314 3850 per
1345 3795 1632 3853 cognatam
1666 3787 1888 3844 virtutis
1919 3772 2226 3862 fulgoribus

647 3877 714 3916 ac
737 3863 982 3919 scientia:
1006 3866 1451 3925 illustrationem.

722 3954 809 4008 1-1.
837 3955 1186 4027 Voluptatem
1215 3963 1508 4020 salutarem
1532 3978 1712 4036 vocat,
1738 3972 1906 4028 animi
1932 3990 1999 4029 ex
2023 3975 2226 4033 virtute

647 4047 911 4139 gaudium
957 4069 970 4105 :
1021 4054 1300 4111 tristitiam
1346 4076 1478 4116 vero
1525 4064 1743 4131 utilem,
1787 4069 1968 4124 carnis
2007 4071 2226 4128 virtutis

648 4154 814 4196 causa
850 4142 1117 4202 dolorem.
1149 4148 1253 4216 Qui
1295 4153 1464 4224 igitur
1504 4155 1793 4214 affectibus
1829 4161 2099 4232 rebusque
2139 4165 2225 4218 in-

649 4233 786 4301 hiat,
805 4253 869 4293 ea
895 4242 1104 4310 appetit
1127 4259 1248 4314 quae
1271 4262 1382 4301 non
1410 4247 1597 4315 decet;
1625 4251 1830 4320 quique
1857 4268 1952 4308 eos
1976 4267 2224 4322 eventus,

648 4326 854 4395 quibus
884 4329 1182 4386 affectuum
1214 4350 1509 4406 rerumque
1549 4337 1784 4407 privatio
1824 4343 2092 4415 contingit
2118 4361 2227 4401 non

649 4419 1020 4490 amplectitur,
1044 4424 1172 4496 fuga
1194 4441 1226 4482 a
1248 4428 1451 4498 quibus
1473 4445 1582 4485 non
1605 4431 1760 4488 decet
1786 4436 1979 4491 resilit.

725 4594 811 4648 12.
837 4596 950 4651 Nec
980 4598 1163 4654 divina
1194 4603 1387 4672 gratia,
1414 4606 1549 4676 quin
1578 4607 1719 4662 adsit
1746 4609 1839 4679 qui
1872 4626 1969 4680 per
1997 4611 2224 4670 faculta-

651 4693 762 4739 tem
795 4695 1004 4743 naturte
1037 4689 1460 4750 illustrationem
1493 4699 1699 4767 capiat,
1733 4702 1975 4756 scientiw
2006 4714 2226 4773 praestat

651 4777 1072 4847 illustrationes;
1105 4792 1161 4836 at
1189 4799 1368 4854 neque
1396 4788 1543 4857 quod
1575 4805 1740 4861 capax
1771 4802 1882 4856 est,
1915 4795 2019 4849 nisi
2052 4799 2224 4866 gratia

650 4869 1127 4939 subministrante,
1150 4875 1394 4932 scientia:
1423 4879 1839 4938 illustrationem
1874 4896 2114 4955 praestat.

727 4961 810 5015 i3.
842 4962 1032 5033 Neque
1060 4966 1390 5022 sanctissimi
1426 4969 1665 5040 Spiritus
1697 4976 1868 5045 gratia
1898 4978 2222 5047 sapientiam

651 5050 710 5106 in
742 5054 944 5109 sanctis
974 5069 1254 5126 operatur,
1285 5061 1490 5132 absque
1525 5074 1707 5120 mente
1740 5083 1861 5136 qua!
1892 5085 2012 5124 eam
2045 5072 2225 5126 susci-

651 5140 799 5212 piat;
847 5160 1027 5215 neque
1072 5149 1390 5216 scientiam,
1439 5153 1646 5225 absque
1691 5155 1949 5216 facultate
1999 5164 2227 5220 rationis

651 5234 773 5305 ejus
812 5251 1041 5307 capace;
1081 5256 1262 5312 neque
1306 5243 1502 5310 fidem,
1538 5248 1744 5319 absque
1782 5252 2126 5322 futurorum,
2163 5275 2227 5314 ac

653 5342 777 5396 quae
816 5329 1085 5388 hactenus
1118 5336 1332 5392 cunctis
1371 5339 1604 5396 obscura
1641 5343 1779 5409 sint,
1811 5355 1992 5402 mente
2035 5365 2099 5404 ac
2135 5367 2225 5405 ra-

655 5418 804 5474 tione
837 5423 1196 5495 certitudine;
1235 5447 1415 5503 neque
1446 5434 1793 5492 sanationum
1827 5438 1988 5504 dona,
2018 5441 2224 5512 absque

657 5515 893 5570 naturali
925 5517 1268 5580 humanitate
1295 5541 1312 5580 :
1337 5541 1441 5584 nec
1463 5527 1701 5600 denique
1726 5531 1897 5586 ullum
1924 5531 2072 5588 aliud
2099 5535 2226 5590 reli-

729 5671 772 5704 ¹⁰
805 5674 944 5730 Psal.
987 5693 1134 5746 xun,
1159 5681 1250 5737 22.

741 5831 758 5853 ⁶
787 5827 868 5884 Cf.
900 5827 965 5885 ad
992 5830 1147 5889 Thai.
1181 5848 1234 5899 q.
1267 5837 1351 5892 59.

2323 3259 2544 3327 λογικῆς
2610 3258 2792 3328 κρατῇ
2832 3257 3157 3325 διακρίσεως
3186 3271 3202 3286 ·
3240 3253 3616 3324 ὑφισταμένην
3658 3249 3708 3301 δὲ
3756 3246 3849 3300 κατ’

2324 3351 2601 3420 αἴσθησιν,
2642 3351 2772 3403 ὅταν
2804 3349 2903 3420 τῆς
2935 3348 3113 3419 ψυχῆς
3156 3348 3280 3400 κατ’
3309 3345 3514 3415 ἀρετὴν
3549 3337 3852 3398 ἀκωλύτωςό

2323 3445 2521 3514 δρόμος
2549 3442 2800 3512 ἀνύηται·
2844 3440 3094 3495 τοσοῦτον
3139 3439 3360 3507 ἐπάγων
3397 3440 3466 3506 τῇ
3497 3429 3849 3531 alaeam—r065

2325 3536 2540 3597 πόνους,
2575 3534 2698 3587 ὅσον
2727 3533 2917 3604 ἡδονὴν
2945 3534 3163 3603 ἐμποιεῖ
3195 3529 3288 3584 καὶ
3315 3528 3496 3599 χαρὰν
3522 3529 3589 3597 τῇ
3621 3525 3765 3593 ψυχῇ.
3790 3525 3849 3589 τῷ

2324 3629 2444 3699 Θεῷ
2471 3625 2882 3698 προσαγομένη,
2906 3624 2995 3679 διὰ
3021 3623 3119 3695 τῆς
3150 3620 3450 3692 συγγενοῦς
3478 3620 3596 3673 κατ’
3619 3614 3848 3687 ἀρετήντε

2324 3722 2419 3776 καὶ
2449 3720 2652 3790 γνῶσιν
2681 3717 3020 3789 ἐλλάμψεως.

2401 3985 2492 4034 ια’.
2522 3976 2748 4049 Ἡδονὴν
2793 3974 2942 4044 λέγει
2973 3976 3115 4045 σωτή
3127 3991 3256 4044 ριον.
3291 3974 3389 4044 τὴν
3414 3971 3502 4025 ἐπ’
3524 3972 3682 4043 ἀρετῇ
3715 3965 3845 4038 χαρὰν

2325 4070 2427 4141 τῆς
2455 4069 2650 4141 ψυχῆς·
2699 4069 2972 4140 ὠφέλιμον
3025 4068 3083 4121 δὲ
3132 4067 3329 4138 λύπην,
3381 4066 3482 4136 τὴν
3525 4064 3658 4134 ὑπὲρ
3688 4059 3846 4163 ἀρετξῑς

2327 4164 2520 4233 ὀδύνην
2569 4165 2667 4234 τῆς
2702 4162 2924 4236 σαρκός.
2973 4163 3031 4215 Ὀ
3078 4161 3209 4229 γοῦν
3263 4159 3464 4211 πάθεσι
3515 4159 3847 4226 προστετηκὼς

2327 4256 2423 4309 καὶ
2461 4253 2802 4325 πράγμασιν,
2848 4253 2932 4321 ἐφ’
2963 4250 2998 4304 ἃ
3031 4250 3105 4322 μὴ
3150 4249 3230 4302 δεῖ
3276 4248 3376 4311 τὰς
3424 4246 3600 4318 ὁρμὰς
3635 4244 3841 4296 ωιεῖται*

2327 4347 2421 4400 καὶ
2465 4348 2494 4400 6
2540 4345 2637 4409 τὰς
2672 4343 2960 4414 ποιητικὰς
2983 4343 3081 4412 τῆς
3108 4341 3215 4394 τῶν
3240 4339 3429 4393 παθῶν
3457 4339 3551 4391 καὶ
3578 4335 3676 4389 τῶν
3704 4345 3847 4402 πραγ-

2334 4435 2524 4505 μάτων
2560 4435 2868 4504 στερήσεως
2909 4431 3206 4500 συμϐάσεις
3241 4429 3341 4481 οὐκ
3368 4425 3751 4494 ἀσπαζόμενος,
3776 4417 3845 4487 ἀφ’

2256 4507 2302 4562 θ
2329 4519 2402 4579 ὧν
2430 4525 2505 4594 μὴ
2528 4524 2610 4575 δεῖ
2633 4523 2731 4584 τὰς
2761 4520 3048 4589 ἀποφυγὰς
3078 4521 3330 4572 ποιεῖται.

2412 4616 2498 4686 ιβ’.
2535 4619 2552 4637 ⁹
2579 4614 2714 4667 Ούτε
2750 4615 2782 4682 ἡ
2809 4613 2930 4665 Θεία
2973 4613 3132 4683 χάρις
3163 4611 3378 4681 ἐνεργεῖ
3406 4607 3710 4678 φωτισμοὺς
3733 4597 3843 4671 γνώ-

2332 4723 2488 4771 σεως,
2534 4704 2634 4756 οὐκ
2665 4703 2813 4765 ὄντος
2843 4701 2936 4754 τοῦ
2974 4701 3116 4753 κατὰ
3148 4699 3375 4768 δύναμιν
3413 4697 3643 4766 φυσικὴν
3665 4687 3846 4762 δεχομέ-

2329 4816 2419 4852 νου
2444 4797 2536 4850 τὸν
2575 4795 2856 4864 φωτισμόν
2879 4810 2892 4823 '
2934 4791 3056 4846 οὔτε
3089 4791 3195 4862 μὴν
3235 4790 3296 4844 τὸ
3335 4789 3581 4843 δεκτικὸν
3619 4784 3731 4855 δίχα
3770 4779 3844 4849 τῆς

2329 4887 2671 4961 χορηγούσης
2702 4886 2942 4955 χάριτος,
2974 4884 3062 4936 τὸν
3090 4881 3367 4951 φωτισμὸν
3395 4881 3604 4952 ἐνεργεῖ
3617 4875 3842 4946 γνώσεως·

2400 4987 2486 5050 ιγ’.
2521 4978 2656 5033 Οὔτε
2691 4979 2723 5049 ή
2765 4977 2923 5048 χάρις
2967 4974 3062 5028 τοῦ
3095 4974 3362 5042 παναγίου
3394 4971 3696 5042 Πνεύματος
3722 4966 3841 5034 ἐνερ-

2325 5076 2414 5144 γεῖ
2443 5070 2630 5140 σοφίαν
2660 5071 2717 5122 ὲν
2737 5071 2849 5132 τοῖς
2891 5068 3086 5138 ἁγίοις,
3119 5068 3287 5138 χωρὶς
3313 5063 3404 5119 τοῦ
3427 5065 3626 5134 ταύτην
3659 5055 3840 5128 δεχομέο

2326 5180 2418 5216 νου
2449 5161 2586 5224 νοός·
2622 5159 2748 5213 οὗτε
2777 5158 2978 5229 γνῶσιν
3005 5159 3174 5228 χωρὶς
3202 5157 3303 5227 τῆς
3332 5153 3583 5223 δεικτικῆς
3607 5149 3694 5205 τοῦ
3717 5146 3838 5214 λόγου

2325 5253 2624 5322 δυνάμεως·
2657 5251 2780 5304 οὔτε
2810 5250 2990 5303 πίστει
3017 5248 3146 5302 ἄνευ
3167 5247 3264 5317 τῆς
3292 5245 3433 5299 κατὰ
3463 5243 3585 5297 νοῦν
3610 5240 3694 5295 καὶ
3717 5236 3838 5302 λόγον

2329 5344 2439 5397 τῶν
2471 5342 2772 5412 μελλόντων
2802 5343 2895 5394 καὶ
2929 5341 3062 5393 πᾶσι
3091 5341 3229 5402 τέως
3255 5338 3468 5410 ἀδήλων
3499 5325 3835 5405 πληροφορίας

2331 5433 2454 5491 οὔτε
2488 5433 2732 5504 ἰαμάτων
2754 5433 3088 5504 χαρίσματα,
3114 5430 3236 5502 δίχα
3275 5434 3375 5501 τῆς
3421 5427 3557 5483 κατὰ
3583 5423 3725 5494 φύσιν
3747 5414 3838 5485 φίλ’

2330 5531 2665 5606 ανθρωπίαςο
2714 5527 2839 5583 οὔτε
2888 5545 2942 5583 τι
2993 5525 3180 5595 ἕτερον
3235 5523 3344 5579 τῶν
3390 5521 3586 5577 λοιπῶν
3613 5504 3838 5591 χαρισμά·
