3972 6446
174 405 323 473 1309

850 418 1180 480 CAPITUM
1218 422 1638 493 QUINQUIES
1674 423 2191 485 CENTENORUM
2227 422 2612 486 CENTURIA
2652 406 2761 487 IV.

3285 412 3432 479 I310

162 537 304 580 των.
332 523 506 592 χωρὶς
528 524 628 594 τῆς
654 525 886 580 ἑκάστου
909 528 1162 600 δεκτικῆς
1198 528 1364 594 ἓξεὼς
1378 549 1439 584 τε
1468 531 1564 585 και)⁵
1590 531 1750 586 δυνά-

1858 548 2086 602 quorum
2117 532 2354 598 donum,
2383 532 2587 603 absque
2619 533 2810 588 habitu
2844 547 2908 588 ac
2940 528 3198 586 i‘acuitate
3231 526 3421 597 cuius»

165 629 346 680 μεως·
383 612 510 667 οὔτε
553 616 659 685 μὴν
703 617 866 671 πάλιν
909 619 969 672 ἓν
1005 620 1114 673 τῶν
1156 621 1632 693 ἀνηριθμημένων
1654 624 1749 678 ἀν-

161 702 395 773 θρωπος
443 708 704 771 κτήσεται
757 708 898 762 κατά
938 708 1168 781 δύναμιν
1202 712 1459 781 φυσικὴν,
1504 713 1626 783 δίχα
1651 717 1750 783 τῆς

156 794 518 863 χορηγούσης
534 794 704 849 ταῦτα
730 797 880 862 θείας
902 799 1203 870 δυνάμεως.
1224 803 1333 855 Καὶ
1351 803 1569 871 δηλοῦσι
1593 803 1751 857 τοῦτο

162 887 365 954 σαφῶς
410 888 607 952 πάντες
670 890 835 959 ἅγιοι,
892 893 1033 962 μετὰ
1076 894 1174 957 τὰς
1223 895 1591 966 ἀποκαλύψεις
1642 896 1751 950 τῶν

159 977 357 1046 θείων,
386 979 676 1049 ζητοῦντες
721 982 831 1037 τῶν
864 985 1356 1055 ἁποκαλυφθέντων
1392 990 1519 1054 τοὺς
1537 990 1746 1059 λόγους.

242 1151 329 1206 ιδ’.
370 1153 428 1207 Ὀ
456 1154 577 1224 δίχα
605 1155 811 1222 πάθους
843 1159 1032 1226 αἰτῶν,
1059 1161 1329 1232 λαμϐάνει
1351 1164 1448 1236 τὴν
1475 1165 1570 1219 τοῦ
1599 1166 1751 1237 ἐνερ-

157 1245 289 1311 γετν
331 1244 594 1302 δύνασθαι
641 1250 800 1320 χάριν
848 1254 991 1306 κατά
1026 1253 1125 1324 τὴν
1151 1255 1350 1326 πρᾶξιν
1395 1256 1496 1321 τὰς
1527 1259 1744 1330 ἀρετάς

158 1336 264 1387 καὶ
308 1338 341 1391 ὀ
385 1337 561 1408 ζητῶν
621 1342 870 1406 ἀπαθῶς,
921 1344 1166 1415 εὑρίσκει
1209 1352 1349 1402 κατά
1383 1348 1481 1420 τὴν
1514 1353 1750 1423 φυσικὴν

158 1426 434 1498 Θεωρίαν,
456 1429 554 1502 τὴν
583 1433 641 1484 ὲν
672 1436 784 1495 τοῖς
827 1432 979 1488 οὖσιν
1017 1438 1273 1508 ἀλήθειαν
1302 1456 1316 1469 ⁸
1341 1441 1435 1492 καὶ
1474 1442 1503 1493 ό
1535 1442 1749 1512 κρούων

155 1520 399 1584 ἀπαθῶς
440 1521 537 1593 τὴν
580 1522 749 1595 θύραν
776 1526 872 1593 τῆς
903 1526 1174 1593 γνώσεως,
1221 1529 1517 1593 ἀκωλύτως
1548 1533 1627 1593 είς
1651 1532 1750 1600 τὴν

154 1611 493 1683 ἀπόκρυφον
520 1614 621 1684 τῆς
651 1618 921 1685 μυστικῆς
951 1618 1227 1686 θεολογίας
1255 1619 1537 1674 ἐλεύσεται
1567 1623 1745 1691 χάριν.

238 1710 330 1757 ιε’.
362 1704 419 1758 '0
440 1706 667 1771 ἀπαθῶς
686 1709 753 1761 τὰ
770 1708 890 1762 Οεία
915 1707 1092 1777 ζητῶν
1118 1711 1234 1780 (ιη),
1263 1711 1479 1775 πάντως
1497 1711 1746 1783 λήψεται,

156 1795 227 1848 τὸ
276 1795 635 1868 ζητούμενον.
678 1799 736 1853 '0
785 1800 842 1854 δὲ
904 1802 1044 1871 μετά
1092 1818 1238 1865 τινος
1290 1803 1495 1867 πάθους
1546 1803 1744 1875 ζητῶν,

156 1887 530 1956 ἀποτεύξεται
584 1889 679 1943 τοῦ
742 1891 1093 1963 ζητουμένου.
1142 1895 1281 1964 Φησὶ¹
1331 1885 1462 1965 γὰρ,
1494 1874 1745 1960 Αἰτεῖτε,
1786 1874 1825 1929 Β

157 1981 265 2034 καὶ
303 1984 377 2036 οὺ
408 1982 763 2052 λαμϐάνετε,
802 1985 953 2038 διότι
994 1984 1191 2052 κακῶς
1216 1987 1450 2042 αἰτεῖτε.

236 2165 345 2222 ις’.
377 2160 541 2228 Ζητεῖ
554 2159 612 2212 ἐν
637 2158 770 2230 ἡμῖν
800 2160 897 2231 τὴν
921 2160 1030 2213 τῶν
1060 2160 1231 2215 ὄντων
1258 2162 1463 2231 γνῶσιν
1484 2164 1545 2217 τὸ
1578 2164 1752 2218 ΙΙνεῦ-

158 2267 243 2317 μα
281 2249 346 2302 τὸ
378 2248 551 2318 ἅγιον,
586 2253 679 2304 καὶ
708 2252 908 2323 ἐρευνᾷ
931 2268 945 2282 ο
983 2253 1096 2305 ἀλλ’
1136 2254 1237 2306 οὐκ
1280 2254 1461 2325 ἑαυτῷ
1507 2256 1662 2327 ζητεί
1692 2257 1753 2310 τὸ

153 2340 522 2411 ζητούμενον,
552 2344 635 2396 ὅτι
662 2344 816 2408 Θεὸς,
848 2344 945 2398 καὶ
981 2345 1162 2414 πάσης
1192 2348 1451 2401 ἐπέκεινα
1474 2348 1746 2417 γνώσεωςο

152 2434 280 2486 ἀλλ’
310 2434 439 2504 ἡμῖν
464 2436 574 2498 “toi;
597 2435 873 2506 δεομένοις
905 2439 1001 2509 τῆς
1029 2437 1304 2507 γνώσεως·
1338 2439 1528 2512 ὥσπερ
1556 2442 1749 2512 ἀμέλει

154 2526 259 2578 καὶ
291 2526 321 2577 ὁ
354 2526 523 2594 Λόγος
554 2527 765 2595 γίνεται
804 2529 962 2602 σάρξ,
1012 2532 1109 2601 οὐχ
1159 2532 1357 2602 ἐαυτῷ,
1386 2532 1500 2585 ἀλλ’
1530 2535 1660 2603 ἡμῖν
1691 2535 1752 2587 τὸ

156 2619 256 2673 διὰ
303 2619 405 2690 τῆς
437 2622 640 2691 σαρκὸς
693 2614 933 2689 ἐξανύων
975 2625 1296 2696 μυστήριον.
1334 2625 1423 2689 Ὠς
1446 2626 1555 2698 γὰρ
1582 2629 1752 2698 χωρὶς

155 2713 373 2784 σαρκὸς
410 2714 612 2786 νοερῶς
644 2714 1025 2788 ὲψυχωμένης,
1050 2718 1152 2771 οὐκ
1178 2719 1397 2790 ἐνήργει
1433 2718 1752 2791 θεοπρεπῶς

153 2806 229 2856 τὰ.
265 2805 412 2857 κατὰ
440 2805 606 2873 φύσιν
654 2806 682 2857 ὁ
730 2806 906 2874 Λόγος
940 2811 1042 2877 τῆς
1091 2809 1315 2879 σαρκὸς,
1349 2807 1524 2874 οὕτως
1549 2812 1669 2865 οὐδὲ
1690 2812 1751 2865 τὸ

156 2896 395 2965 Πνεῦμα
422 2895 482 2949 τὸ
502 2892 753 2965 ἆγιονδὲν
790 2901 902 2962 τοῖς
934 2900 1108 2969 ἁγίοις
1152 2904 1367 2973 ὲνεργεϊ
1393 2903 1493 2966 τὰς
1522 2904 1752 2972 γνώσεις

156 2988 274 3040 τῶν
310 2988 649 3060 μυστηρίων,
684 2990 857 3060 χωρὶς
893 2991 994 3061 τῆς
1025 2993 1165 3046 κατὰ
1197 2994 1361 3063 φύσιν
1392 2994 1664 3067 ζητούσης
1689 3014 1749 3050 τε

157 3081 260 3133 καὶ
302 3080 608 3152 ἐρευνώσης
638 3080 739 3154 τὴν
775 3082 978 3150 γνῶσιν
1013 3085 1320 3157 δυνάμεως.

234 3263 326 3327 ιζ’.
357 3263 571 3336 Ὥσπερ
600 3265 701 3319 οὐκ
732 3264 849 3318 ἔστι
874 3267 1044 3337 χωρὶς
1082 3267 1311 3339 ἡλιακοῦ
1344 3268 1522 3337 φωτὸς
1552 3270 1754 3341 ὀφθαλ-
1780 3248 1823 3307 C

161 3356 268 3425 μὸν
302 3356 796 3427 ἀντιλαμϐάνεσθαι
820 3358 931 3411 τῶν
962 3358 1257 3431 αἰσθητῶν,
1286 3358 1429 3414 οὕτω
1450 3361 1573 3432 δίχα
1594 3382 1757 3417 πνευ-

164 3450 404 3521 ματικοῦ
435 3453 613 3521 φωτὸς
666 3454 789 3517 νοῦς
823 3454 1165 3525 ἀνθρώπινος
1213 3456 1400 3511 οὔποτ’
1432 3459 1498 3513 ἂν
1546 3454 1757 3527 δέξεταί

159 3544 402 3613 θεωρίαν
430 3548 828 3617 πνευματικήν.
867 3548 942 3600 Τὸ
985 3548 1083 3618 μὲν
1141 3547 1251 3620 γὰρ
1306 3550 1563 3621 αἰσθητὸν
1614 3553 1754 3621 φῶς,

157 3636 310 3691 κατά
328 3637 490 3706 φύσιν
505 3638 728 3707 φωτίζει
758 3640 856 3709 τὴν
887 3639 1139 3709 αἴσθησιν
1159 3640 1297 3713 πρὸς
1322 3641 1422 3713 τὴν
1437 3644 1547 3697 τῶν
1571 3660 1757 3715 σωμα-

156 3728 335 3782 τικῶν
355 3729 657 3801 ἀντίληψιν·
680 3731 746 3785 τὸ
760 3732 816 3785 δὲ
836 3734 1224 3804 πνευματικὸν,
1247 3734 1383 3807 πρὸς
1402 3735 1500 3807 τὴν
1525 3736 1755 3808 θεωρίαν

157 3821 258 3874 τὸν
298 3820 425 3875 νοῦν
459 3822 798 3889 καταυγάξει
835 3821 974 3893 πρὸς
1002 3825 1334 3895 κατανόησιν
1365 3827 1475 3879 τῶν
1505 3828 1647 3900 ὑπὲρ
1670 3830 1755 3883 αἴ-

160 3912 389 3982 σθησιν.

240 4011 333 4073 ιη’.
368 4004 482 4069 Τὰς
542 4005 641 4076 μὲν
676 4006 978 4077 ζητητικάς
1016 4025 1077 4062 τε
1121 4009 1216 4063 καὶ
1240 4011 1604 4081 ὲρευνητικάς
1634 4012 1750 4084 [qm

162 4098 237 4154 59
269 4099 338 4151 ad
383 4098 625 4153 Thalass.
653 4098 993 4170 ἐξερευνητ.]
1031 4100 1140 4153 τῶν
1169 4101 1331 4155 θείων
1373 4104 1633 4172 δυνάμεις
1660 4104 1752 4155 ού-

161 4188 381 4250 σιωδῶς
416 4187 533 4257 ἔχει
569 4187 1060 4256 καταϐεϐλημένας
1094 4188 1233 4258 αὐτῇ
1272 4189 1422 4258 παρὰ
1472 4188 1567 4241 τοῦ
1620 4190 1753 4241 Κτί-

161 4298 363 4343 σαντος
415 4280 536 4332 κατ’
570 4280 742 4349 αὐτὴν
774 4280 872 4349 τὴν
909 4281 989 4341 είς
1023 4280 1083 4332 τὸ
1116 4274 1257 4332 εἶναι
1287 4278 1542 4351 πάροδον,
1582 4283 1614 4349 ἡ
1644 4281 1752 4335 τῶν

158 4369 472 4440 ἀνθρώπων
501 4369 699 4438 φύσις·
748 4368 847 4432 τὰς
893 4369 952 4422 δὲ
1008 4367 1115 4421 τῶν
1170 4368 1333 4422 θείων
1357 4367 1748 4438 ἀποκαλύψεις,

158 4462 313 4517 κατά
341 4463 501 4533 χάριν
542 4463 576 4535 η
624 4462 717 4516 τοῦ
772 4461 1038 4529 παναγίου
1070 4460 1385 4530 Πνεύματος
1415 4461 1753 4530 ἐπιφοιτῶσα

1852 643 1960 697 que
1993 627 2211 681 illorum
2245 642 2464 697 capace.
2498 628 2568 682 At
2597 642 2776 697 neque
2807 639 2999 680 rursus
3025 623 3112 676 vel
3147 634 3317 675 unum
3352 633 3421 671 ex

1854 718 2190 773 enumeratis
2229 718 2395 773 homo
2433 728 2805 789 consequatur
2844 734 2911 772 ex
2944 722 3152 770 naturae
3184 710 3418 771 viribus,

1852 826 1916 864 ac
1945 811 2051 865 nisi
2079 810 2264 864 divina
2291 811 2493 865 virtute
2524 811 2640 865 hzec
2671 808 3145 864 subministrante.
3176 803 3424 870 Remque

1850 902 2144 974 perspicue
2193 902 2492 957 ostendunt
2540 904 2715 957 sancti
2766 917 2990 964 omnes,
3037 905 3164 969 post
3210 893 3426 949 divinas

1851 995 2231 1060 revelationes,
2256 1010 2453 1049 eorum
2480 1011 2601 1065 qua:
2628 995 2865 1049 revelata
2896 1000 3101 1056 essent,
3130 984 3425 1059 quaerendo

1850 1085 2093 1139 rationes
2116 1086 2180 1137 “.

1923 1181 2011 1235 Η.
2044 1180 2145 1247 Qui
2195 1179 2314 1235 sine
2357 1179 2769 1250 perturbatione
2813 1178 2978 1248 petit,
3012 1174 3239 1246 gratiam
3276 1170 3426 1227 acci-

1850 1272 1931 1343 pit
1953 1274 2017 1335 ¹¹,
2041 1288 2145 1342 qua
2176 1271 2411 1326 actionis
2437 1271 2585 1325 cultu
2616 1270 2848 1325 virtutes
2876 1268 3089 1339 operari
3122 1266 3294 1345 possit
3320 1283 3334 1320 :
3360 1278 3426 1318 ac

1849 1364 1943 1434 qui
1979 1364 2374 1433 imperturbata
2402 1362 2619 1433 quaerit,
2643 1362 2927 1416 veritatem
2964 1361 3018 1415 in
3050 1360 3235 1424 rebus,
3259 1367 3425 1413 natu-

1850 1456 1978 1509 ralis
2009 1455 2062 1508 vi
2097 1454 2517 1525 speculationis,
2552 1453 2782 1508 invenit.
2815 1452 2918 1518 Qui
2953 1452 3189 1521 denique
3222 1451 3426 1520 imper-

1850 1548 2065 1603 turbatc
2098 1548 2344 1603 scientia:
2375 1548 2555 1617 pulsat
2579 1547 2824 1618 januam,
2851 1546 3001 1599 nullo
3032 1542 3428 1613 impedimento

1851 1638 1918 1692 ad
1945 1640 2215 1693 occultam
2244 1640 2484 1711 mystica:
2509 1638 2799 1708 theologize
2828 1636 3047 1690 invadet
3069 1633 3319 1705 gratiam.

1924 1718 2007 1783 15.
2037 1728 2140 1795 Qui
2181 1730 2574 1800 imperturbate
2609 1730 2901 1797 animoque
2938 1725 3228 1780 affectibus
3256 1738 3430 1779 vacuo

1851 1822 2037 1877 divina
2074 1823 2289 1893 quserit,
2320 1823 2445 1885 hoc,
2473 1821 2620 1892 quod
2663 1820 2882 1891 quaerit,
2911 1818 3137 1873 omnino
3172 1816 3427 1887 accipiet.
3469 1837 3474 1852 =

1850 1916 1953 1983 Qui
1985 1925 2166 1969 autem
2192 1914 2352 1985 587
2374 1915 2571 1969 affectu
2597 1914 2782 1982 aliquo
2807 1928 2867 1966 ac
2893 1909 3308 1981 perturbatione
3333 1924 3431 1964 seu

1850 2009 2081 2064 libidine
2124 2010 2350 2078 qumrit,
2388 2008 2615 2061 minime
2660 2014 3048 2075 consequetur.
3081 2004 3171 2058 Ait
3212 2002 3360 2057 enim
3412 2017 3429 2057 :

1850 2102 2058 2165 Petitis,
2085 2109 2133 2153 et
2160 2117 2261 2153 non
2292 2101 2549 2170 accipitis,
2573 2116 2632 2152 eo
2664 2098 2800 2169 quod
2828 2095 2967 2151 male
2997 2097 3186 2167 petatis
3211 2094 3276 2148 ¹³.

1924 2194 2011 2248 16.
2040 2192 2246 2259 Quaerit
2274 2191 2329 2244 in
2360 2191 2522 2245 nobis
2549 2190 2786 2261 Spiritus
2813 2200 3034 2243 sanctus
3062 2202 3128 2241 ac
3155 2191 3433 2240 scrutatur

1851 2301 2039 2340 rerum
2064 2284 2383 2348 scientiam;
2413 2298 2524 2337 non
2554 2290 2737 2336 tamen
2783 2295 2903 2335 eam
2945 2278 3050 2332 sibi
3094 2278 3212 2347 ipse
3236 2274 3433 2345 quaarit

1854 2379 2050 2451 (utqui
2072 2379 2217 2433 Deus
2245 2378 2345 2440 sit,
2382 2391 2709 2446 omnemque
2732 2369 3313 2438 excedatscientiam),
3335 2367 3429 2422 sed

1851 2471 2032 2533 nobis,
2058 2468 2261 2539 quibus
2297 2468 2387 2522 illa
2419 2484 2558 2537 opus
2589 2466 2682 2521 sit.
2711 2465 2797 2520 Uti
2831 2464 2996 2519 etiam
3031 2477 3161 2517 sane
3192 2459 3433 2514 Verbum

1852 2578 1981 2617 caro
2010 2561 2109 2628 ﬁt;
2144 2576 2255 2615 non
2292 2560 2471 2631 ipsum
2504 2558 2634 2622 sibi,
2663 2557 2757 2613 sed
2791 2556 2972 2620 nobis,
3000 2552 3146 2625 quod
3181 2568 3278 2622 per
3309 2566 3436 2605 car—

1852 2671 1979 2711 nem
2007 2666 2091 2711 est
2115 2656 2341 2726 ejusque
2367 2652 2764 2722 assumptione,
2793 2647 3113 2720 mysterium
3148 2658 3432 2716 peragens.

1851 2747 2323 2816 Quemadmodum
2364 2746 2511 2801 enim
2548 2743 2817 2804 Verbum,
2842 2758 2953 2796 non
2994 2739 3112 2794 sine
3154 2750 3317 2791 carne
3352 2735 3433 2789 in-

1853 2841 2215 2913 telligendum
2257 2854 2409 2893 more
2449 2837 2721 2899 animata,
2756 2850 2877 2904 qua:
2914 2848 2981 2887 ex
3023 2830 3205 2888 carnis
3238 2836 3433 2883 natura

1850 2945 2039 2999 erant,
2071 2933 2255 2987 divine
2285 2930 2623 3001 operabatur
2659 2946 2672 2981 :
2707 2927 2785 2981 sic
2819 2940 3000 2995 neque
3035 2923 3276 2992 Spiritus
3306 2935 3441 2974 san-

1851 3034 2004 3090 ctus,
2034 3023 2241 3094 absque
2272 3022 2510 3077 naturali
2541 3019 2799 3075 facultate
2832 3015 3123 3072 scientiam
3156 3020 3434 3083 quarente

1852 3132 1917 3171 ac
1955 3124 2266 3181 scrutante,
2298 3112 2682 3185 mysteriorum
2720 3109 2946 3165 notitias
2979 3108 3035 3161 in
3069 3104 3271 3160 sanctis
3301 3119 3433 3174 ope-

1855 3217 2031 3331 rati“
2048 3274 2205 3331 Sicut
2224 3273 2343 3329 ﬁeri
2368 3289 2477 3327 non
2505 3278 2705 3343 potest,
2732 3279 2793 3324 ut
2814 3270 3012 3325 oculus
3040 3270 3248 3342 absque
3271 3264 3437 3324 solari

1857 3369 1978 3423 luce
2005 3383 2094 3422 res
2127 3365 2411 3436 percipiat,
2438 3378 2559 3434 quae
2590 3364 2647 3417 in
2680 3377 2899 3416 sensum
2933 3361 3138 3415 cadunt
3171 3378 3184 3414 :
3222 3360 3301 3414 sic
3334 3371 3433 3412 nec

1859 3460 1952 3515 ﬁat
1988 3474 2261 3530 unquam,
2294 3466 2355 3513 ut
2385 3472 2542 3512 mens
2572 3456 2810 3509 humana
2843 3454 2981 3509 citra
3015 3452 3314 3523 Spiritalem
3349 3449 3427 3503 lu-

1859 3566 2000 3614 cem,
2031 3549 2333 3620 spiritalem
2371 3546 2893 3617 contemplationem
2935 3545 3219 3615 suscipiat.
3250 3544 3435 3599 Altera

1856 3640 2003 3693 enim
2048 3640 2175 3703 lux,
2214 3639 2300 3715 ad,
2328 3636 2685 3709 percipienda
2732 3650 2998 3705 corpora,
3040 3650 3140 3705 per
3185 3642 3435 3686 naturam

1855 3745 2078 3785 sensum
2110 3730 2379 3796 illustrat;
2411 3729 2607 3791 altera,
2631 3726 2699 3782 ad
2735 3725 3251 3796 contemplationem
3283 3737 3422 3777 men-

1856 3830 1966 3875 tem
1998 3821 2293 3889 illuminat,
2322 3829 2385 3875 ut
2414 3836 2479 3876 ea
2509 3836 2633 3890 qua:
2662 3834 2889 3875 sensum
2917 3816 3196 3874 excedunt
3226 3812 3424 3885 perspi-

1855 3914 1985 3969 ciat.

1931 4007 2018 4062 18.
2044 4008 2204 4064 Vires
2232 4006 2511 4078 quzerendi
2539 4004 2725 4062 divina
2751 4020 2815 4059 ac
2838 4001 3141 4066 scrutandi,
3166 3997 3440 4055 essentia-

1853 4101 1979 4155 liter
2007 4116 2037 4153 a
2069 4102 2246 4170 prima
2280 4101 2396 4170 ipsa
2429 4100 2747 4155 conditione
2782 4113 2845 4151 ac
2872 4096 3086 4165 origine
3119 4094 3187 4148 ab
3215 4099 3441 4148 auctore

1854 4193 2090 4245 insertas
2113 4191 2279 4245 habet
2305 4191 2543 4245 humana
2566 4201 2795 4257 natura;
2826 4203 3017 4246 verum
3044 4185 3257 4245 divinas
3283 4196 3426 4245 τενε-

1852 4282 2115 4348 lationes,
2155 4298 2255 4353 per
2300 4284 2564 4353 gratiam,
2605 4285 2933 4339 sanctissimi
2983 4283 3222 4354 Spiritus
3262 4281 3434 4336 virtus

1853 4374 2175 4440 adveniens,
2207 4383 2447 4445 praestat.
2482 4375 2638 4443 Quod
2685 4383 2865 4431 tamen
2903 4377 3014 4447 jam
3053 4375 3232 4438 initio,
3273 4374 3434 4428 hasce

1851 4469 2002 4523 vires
2044 4484 2146 4539 per
2189 4475 2507 4538 peccatum,
2545 4483 2729 4523 rerum
2777 4467 2849 4521 ob
2892 4468 3082 4522 oculos
3128 4465 3433 4536 positarum

159 4555 405 4606 ποιεῖται
462 4550 712 4623 δύναμις.
757 4551 977 4621 Ἐπειδὴ
1022 4551 1079 4603 δὲ
1134 4549 1255 4604 κατ’
1302 4550 1477 4621 ἀρχὰς
1521 4551 1609 4605 διά
1649 4551 1750 4620 τῆς

1858 4566 2085 4613 natura}.
2116 4558 2359 4628 Nequam
2396 4558 2487 4613 ille
2524 4557 2788 4621 aﬂixerat,
2816 4572 2920 4611 nec
2949 4564 3069 4611 erat
3100 4555 3195 4625 qui
3230 4553 3433 4608 intelli-

159 4645 462 4714 ἁμαρτίας,
505 4646 571 4713 τῇ
619 4641 778 4712 φύσει
811 4641 921 4695 τῶν
963 4642 1173 4714 ὁρατῶν
1209 4641 1411 4706 ταύτας
1442 4644 1471 4695 ὁ
1517 4643 1750 4714 πονηρὸς

1858 4660 2006 4720 geret
2040 4658 2136 4705 aut
2166 4650 2484 4719 exquireret
2516 4650 2688 4704 Deum
2714 4650 2778 4715 “,
2812 4649 2958 4719 quod
3002 4647 3186 4703 cuncti
3222 4654 3433 4701 natura:

160 4734 491 4807 προσήλωσε
524 4733 623 4798 τάς
654 4734 932 4803 δυνάμεις,
962 4733 1057 4786 καὶ⁹
1081 4732 1182 4785 οὐκ
1211 4727 1280 4803 ἦν
1310 4734 1338 4786 ὁ
1367 4732 1562 4786 συνιὼν
1594 4733 1626 4804 ῆ
1662 4736 1755 4788 ἐκ·

159 4826 349 4898 ζητῶν
375 4827 466 4879 τὸν
498 4825 652 4886 Θεὸν,
680 4824 897 4879 πάντων
926 4824 1035 4877 τῶν
1074 4822 1482 4894 μετειληφότων
1507 4826 1607 4896 τῆς
1651 4823 1752 4895 φύ-

162 4936 328 4983 σεως,
356 4918 455 4988 τὴν
498 4917 691 4987 νοεράν
734 4934 793 4970 τε
832 4916 927 4970 καὶ
978 4915 1204 4985 λογικὴν
1242 4914 1471 4984 δύναμιν
1518 4916 1749 4985 ἑχόντων

157 5010 694 5081 περιγεγραμμένην
726 5011 791 5080 τῇ
825 5008 1115 5078 ἐπιφανείᾳ
1158 5007 1268 5059 τῶν
1302 5006 1609 5079 αἰσθητῶν,
1654 5008 1750 5061 καὶ

162 5100 442 5172 μηδεμίαν
481 5098 840 5169 κεκτημένων
876 5098 1084 5151 ἔννοιαν
1133 5096 1243 5149 τῶν
1288 5096 1427 5167 ὑπὲρ
1469 5097 1740 5165 αἴσθησιν,

160 5192 393 5256 εἰκότως
422 5194 455 5262 ἡ
490 5190 583 5245 τοῦ
627 5188 894 5259 παναγίου
942 5188 1258 5259 Πνεύματος
1309 5189 1490 5258 χάρις,
1520 5192 1635 5252 τοῖς
1667 5189 1742 5261 μὴ

160 5282 313 5338 κατά
345 5282 603 5352 πρόθεσιν
639 5280 962 5345 ἐνδιαθέτως
993 5281 1103 5335 ὑπὸ
1128 5280 1226 5351 τὴν
1270 5282 1487 5351 ἀπάτην
1514 5282 1742 5352 γενομέ-

161 5392 302 5440 νοις,
353 5376 461 5430 τῶν
512 5374 714 5429 ὑλικῶν
754 5372 1111 5446 ἀφηλώσασα,
1144 5374 1246 5445 τὴν
1302 5374 1735 5448 προσηλωμένην

239 5532 276 5564 ¹¹
318 5533 452 5588 Dan.
489 5549 582 5599 xu,
616 5533 681 5598 8;
713 5531 941 5587 Zachar.
972 5548 1045 5598 xv,
1078 5532 1131 5587 5.

1849 4743 2169 4813 participes,
2203 4742 2546 4814 intelligendi
2590 4742 2701 4797 vim
2748 4757 2811 4796 ac
2853 4742 3105 4807 rationis,
3142 4754 3327 4795 rerum
3372 4738 3430 4792 in

1849 4851 2071 4890 sensum
2116 4834 2431 4890 cadentium
2474 4835 2767 4906 superﬁcie
2801 4851 2865 4889 ac
2898 4836 3049 4890 velut
3081 4834 3285 4889 cortice
3316 4834 3429 4889 cir-

1847 4924 2238 4994 cumscriptam
2266 4924 2555 4990 haberent,
2580 4924 2842 4994 omnique
2868 4939 3052 4979 rerum
3076 4937 3238 4977 sensu
3268 4937 3430 4992 supe-

1848 5015 2055 5070 riorum
2081 5015 2324 5085 cogitatu
2350 5031 2625 5087 sensuque
2657 5022 2940 5081 carerent;
2974 5013 3171 5070 merito
3200 5012 3429 5068 sanctis-

1853 5107 1976 5162 simi
2009 5107 2249 5178 Spiritus
2273 5110 2581 5179 gratia,_iis,
2610 5109 2704 5180 qui
2734 5122 2844 5162 non
2876 5107 3127 5162 consulto
3155 5114 3210 5162 et
3234 5104 3429 5160 animi-

1852 5210 1941 5255 tus
1982 5200 2156 5255 errori
2199 5210 2618 5266 concesserant,
2654 5217 2684 5255 a
2731 5199 2996 5263 terrenis,
3030 5198 3233 5269 quibus
3269 5196 3427 5251 aﬂixa

1850 5293 2165 5357 tenebatur,
2198 5296 2441 5349 avulsam
2486 5310 2549 5348 ac
2594 5293 2748 5363 quasi
2798 5292 3022 5347 reﬁxam
3072 5290 3421 5353 facultatem,

1849 5385 1955 5440 sibi
1991 5384 2165 5455 ipsam
2200 5387 2443 5444 restituit
2469 5403 2482 5440 :
2509 5402 2673 5457 quam
2696 5385 2956 5441 videlicet
2978 5384 3164 5457 gratiae
3194 5397 3423 5439 munere

1236 5532 1279 5563 “
1308 5530 1502 5588 Matth.
1531 5549 1626 5599 vn,
1659 5534 1714 5591 8.
1795 5540 1837 5572 "
1858 5543 1973 5600 Jac.
2010 5562 2082 5613 Iv,
2117 5546 2172 5601 5.
2250 5544 2294 5577 ³⁸
2322 5543 2468 5600 Psal.
2499 5559 2615 5608 xm,
2641 5542 2711 5608 2;
2748 5557 2838 5607 ur,
2880 5542 2935 5597 ὅ.

242 5648 338 5731 tm)
406 5648 469 5701 ὀ
494 5647 827 5734 (iamiam
850 5647 1201 5734 θεῖεέηῖῶν·
1234 5648 1440 5734 Nemee
1476 5650 1728 5734 ξςάεξιυιιι

1858 5677 1943 5716 ιοο
1969 5671 2023 5717 et
2052 5660 2302 5734 sequenti
2317 5660 2529 5734 capite;
2562 5658 2843 5734 nonnullis
2864 5658 3030 5734 etiam
3064 5655 3414 5734 desideratis.

164 5720 415 5777 animum
446 5719 585 5789 petit
612 5720 789 5790 oratio
816 5734 878 5773 ac
907 5719 1176 5773 illibatum
1210 5737 1221 5772 :
1262 5719 1531 5790 quidquid
1574 5722 1734 5778 deni-

164 5806 275 5861 que
308 5804 374 5844 ea
410 5805 535 5861 vox.
564 5789 863 5861 totiesﬂhic
913 5790 1144 5861 Maximo
1182 5789 1474 5849 inculcata.
1508 5791 1733 5847 σπερο-

165 5859 289 5918 έυιῐι
311 5876 411 5917 usu
435 5860 695 5917 insinuat.
721 5860 889 5917 Erant
913 5859 1059 5915 edita
1088 5861 1226 5917 male
1252 5861 1456 5929 luxata,
1493 5865 1739 5920 confusis

1838 5725 2154 5802 Importunc
2190 5725 2547 5802 Picusfdicta
2572 5729 2928 5802 deVerboin
2954 5745 3143 5797 carne,
3165 5725 3323 5801 quasi
3345 5725 3417 5783 de
3491 5768 3497 5774 .

1842 5798 1999 5858 nobis
2030 5819 2090 5861 ac
2122 5803 2187 5859 de
2230 5816 2394 5857 carne
2427 5800 2564 5870 ipsa,
2595 5799 2741 5856 dicta
2776 5798 2977 5856 reddit.
