4012 6434
150 403 313 469 1313

842 390 1173 454 CAPITUM
1214 384 1637 461 QUINQUIES
1672 376 2190 446 CENTENOBUM
2226 374 2613 440 CENTURIA
2652 371 2751 440 IV.

3292 372 3428 442 1314

230 513 348 567 κε’.
382 508 524 571 Τοὺς
570 504 939 575 ἐπιζητοῦντας
980 504 1040 554 ὲν
1084 500 1355 569 πνεύματι
1381 499 1482 567 τὴν
1510 498 1620 550 τῶν
1645 495 1748 565 ψυ·

1919 492 2011 547 21.
2040 492 2149 546 Eos
2180 506 2277 560 qui
2310 495 2366 545 in
2401 491 2595 562 spiritu
2632 496 2941 544 animarum
2971 487 3202 543 salutem
3230 489 3426 559 exqui-

144 606 277 675 χῶν
306 602 603 673 σωτηρίαν,
642 599 737 653 καὶ
765 596 1168 667 ἐξερευνῶντας
1194 593 1321 654 τοὺς
1348 590 1551 661 ταύτης
1576 604 1745 641 πνευ-

150 695 435 765 ματικοῦς
495 691 595 761 τῆς
661 687 935 758 σωτηρίας
990 684 1184 751 λόγους
1237 698 1297 735 τε
1340 682 1436 734 καί
1487 679 1745 750 τρόπους,

144 786 353 856 ὁδηγεῖ
381 782 516 855 πρὸς
561 778 888 850 κατανόησιν
940 778 1002 831 τὸ
1046 776 1270 845 Πνεῦμα
1311 775 1373 827 τὸ
1430 774 1604 841 ἅγιον,
1647 773 1748 824 οὐκ

144 876 271 929 eam
317 874 579 945 ἀκίνητον
618 872 800 933 αὐτοῖς
852 869 1051 939 μένειν,
1104 869 1201 922 καί.
1257 866 1619 935 ἀνενέργητον
1650 863 1750 931 τὴν

116 968 231 1021 ’δι’
264 964 337 1039 ἦς
373 966 442 1020 τὰ
468 966 588 1018 θεῖα
618 964 868 1033 ἐκζητεῖν
903 960 1183 1029 πεφύκασι
1212 957 1372 1030 [unus
1410 956 1539 1027 Reg.
1573 954 1749 1023 πεφύ-

149 1059 376 1132 καμενί
408 1060 662 1128 δύναμιν.

234 1152 349 1222 κβ’.
392 1150 618 1222 Πρῶτόν
660 1166 745 1211 τις
789 1148 944 1217 ζητεῖ
979 1148 1043 1217 τῇ
1098 1142 1418 1215 προαιρέσει
1471 1140 1750 1213 νεκρῶσαι

149 1244 263 1313 τὴν
301 1242 604 1315 ἁμαρτίαν,
642 1238 736 1292 καὶ
774 1239 872 1307 τὴν
900 1236 1222 1308 προαίρεσιν
1260 1236 1326 1304 τῇ
1346 1232 1622 1303 ἁμαρτίᾳο
1650 1231 1750 1285 καὶ

156 1336 354 1398 οὕτως
406 1320 624 1404 ἐρευνᾷ,
660 1330 778 1394 πῶς
816 1332 896 1382 δεῖ
934 1332 1026 1382 καὶ
1066 1328 1201 1397 ποίῳ
1241 1325 1430 1397 τρόπῳ
1482 1324 1754 1393 νεκρῶσαι

154 1427 384 1487 ταύτας
418 1425 706 1495 ἀλλήλαις;
740 1425 846 1476 Καὶ
876 1422 1038 1475 πάλιν
1068 1418 1209 1488 μετά
1230 1421 1329 1490 τὴν
1351 1415 1557 1470 τούτων
1586 1416 1753 1485 ἀλλή-

152 1520 291 1579 λαις
336 1518 549 1572 τελείαν
596 1517 885 1587 νέκρωσιν,
928 1513 1081 1585 ζητεῖ
1123 1514 1223 1581 τὴν
1264 1510 1384 1564 κατ’
1427 1508 1628 1580 ἀρετὴν
1657 1508 1756 1579 τῆς

155 1612 581 1683 προαιρέσεως,
615 1610 710 1662 καὶ
738 1610 839 1677 τῆς
881 1607 1083 1677 ἀρετῆς
1121 1606 1218 1677 τὴν
1245 1602 1388 1656 κατὰ
1431 1602 1754 1673 προαίρεσιν

160 1704 328 1772 ζωήν
350 1718 361 1731 ’
404 1703 499 1754 καὶ
528 1700 699 1762 οῦτως
741 1698 961 1769 ἐρευνᾷ,
995 1697 1111 1760 πῶς
1138 1696 1218 1748 δεῖ
1247 1698 1341 1747 καὶ
1382 1693 1522 1763 ποίῳ
1569 1692 1755 1761 τρόπῳ

157 1797 270 1868 τὴν
297 1800 360 1850 ὲν
397 1795 657 1867 ἀλλήλαις
682 1794 886 1847 τούτων
920 1792 983 1859 δη
997 1792 1325 1860 μιουργῆσαι
1362 1785 1526 1857 ζωήν.
1565 1786 1755 1838 Ἔστιν

160 1886 289 1956 οὖν]
319 1889 397 1952 ὡς
446 1891 504 1942 ἐν
550 1887 765 1958 ὁρισμῷ
810 1887 1018 1946 λαῦεῖν,
1049 1886 1082 1953 ἡ
1128 1882 1225 1952 μὲν
1278 1879 1524 1951 ζήτησις,

163 1982 522 2054 καταθυμίου
550 1982 694 2044 τινός
714 1996 729 2012 ο
758 1984 790 2051 ὴ
827 1981 883 2032 δὲ
913 1978 1220 2050 ἐρεύνησις,
1247 1974 1445 2045 τρόπος
1472 1974 1572 2042 τῆς
1617 1972 1754 2043 πρὸς

164 2078 236 2131 τὸ
276 2075 624 2147 καταθύμιον
656 2073 891 2144 ὀρέξεως
926 2069 1240 2130 ἁνυστικός.

245 2174 362 2237 κγ’.
403 2168 494 2219 Δεῖ
539 2167 615 2230 ὡς
666 2163 881 2233 ἀληθῶς
922 2162 1014 2215 τὸν
1050 2160 1453 2231 σωθησόμενον,
1488 2157 1562 2230 μὴ
1597 2158 1756 2229 μόνον

165 2261 242 2333 τῇ
281 2258 606 2330 προαιρέσει
656 2254 931 2325 νεκρῶσαι
976 2254 1075 2323 τὴν
1122 2252 1414 2322 ἁμαρτίαν,
1475 2251 1610 2303 ἀλλά
1667 2251 1758 2302 καὶ

169 2353 359 2423 αὐτὴν
407 2350 506 2421 τὴν
562 2348 888 2420 προαίρεσιν
941 2347 1007 2415 τῇ
1058 2344 1456 2415 ἁμαρτίᾳοκαί
1487 2343 1561 2413 μὴ
1598 2342 1759 2412 μόνον

173 2444 496 2514 ἀναστῆσαι
532 2445 597 2513 τῇ
630 2441 802 2512 ἀρετῇ
837 2439 935 2509 τὴν
966 2438 1307 2507 προαίρεσιν,
1349 2435 1485 2490 ἀλλὰ
1524 2437 1619 2488 καὶ
1660 2437 1759 2488 αν)-

171 2535 283 2606 τὴν
314 2537 380 2605 τῇ
426 2533 745 2605 προαιρέσει
788 2530 888 2602 τὴν
921 2531 1151 2598 ἀρετήν’
1188 2528 1276 2580 ἵνα
1318 2528 1487 2597 νεκρά
1533 2527 1757 2596 νεκρᾶς,

174 2625 280 2696 ὅλη
317 2623 444 2693 ὅλης
480 2623 578 2693 τῆς
608 2619 881 2690 ἁμαρτίας
913 2618 1245 2688 διαιρεθεῖσα
1298 2615 1372 2688 μὴ
1415 2616 1758 2687 αἰσθάνηται,

175 2716 281 2771 καὶ
304 2715 456 2779 ζῶσα
485 2713 689 2781 ζώσης,
717 2713 810 2782 ὅλη
844 2710 972 2781 ὅλης
986 2709 1086 2779 τῆς
1117 2708 1319 2779 ἀρετῆς
1346 2707 1759 2776 ἐπαισθάνηται,

179 2808 316 2864 καθ’
353 2809 547 2861 ἕνωσιν
592 2807 917 2861 ἀδιάστατον
961 2804 993 2872 ἡ
1039 2802 1376 2871 προαίρεσις.
1418 2800 1476 2853 ⁸0
1531 2800 1638 2871 γὰρ
1674 2817 1762 2852 νε·-

180 2902 413 2973 κρὼσας
445 2903 511 2970 τῇ
544 2896 790 2969 ἁμαρτίᾳ.
828 2897 928 2967 τὴν
976 2895 1318 2966 προαίρεσιν,
1360 2892 1641 2962 σύμφυτος
1670 2891 1764 2957 γέ-

181 3012 319 3064 γονε
355 2992 432 3062 τῷ
463 2989 769 3061 ὁμοιώματι
814 2987 907 3041 τοῦ
945 2986 1180 3039 θανάτου
1220 2985 1317 3036 τοῦ
1361 2981 1634 3053 Χριστοῦ·
1668 2982 1765 3035 καὶ

181 3089 212 3139 ό
243 3086 455 3156 ταύτην
482 3083 793 3153 ἀναστήσας
818 3083 884 3152 τῇ
916 3076 1252 3150 δικαιοσύνῃ,
1279 3075 1557 3147 σύμφυτος
1575 3074 1764 3142 γέγονε

181 3179 285 3233 καί⁵
314 3178 413 3247 τῆς
437 3176 790 3236 ἀναστάσεως
818 3170 1003 3225 αὐτοῦ.

1856 594 2005 650 runt,
2042 586 2268 655 ejusque
2306 585 2498 639 salutis
2536 583 2809 654 spiritales
2848 581 3088 637 rationes
3126 581 3428 650 modosque

1854 685 2260 740 exserutantur,
2283 677 2469 747 dirigit
2492 676 2729 747 Spiritus
2751 683 2973 729 sanctus
2997 684 3056 727 ut
3077 682 3258 726 mente
3282 684 3430 725 asse-

1855 778 2125 840 quantur;
2166 769 2329 839 589
2366 785 2467 824 nec
2499 770 2618 823 sine
2652 777 2803 821 motu
2841 775 3005 836 atque
3040 765 3272 818 inertem
3308 779 3428 817 eam

1858 864 1966 917 illis
2002 863 2111 916 vim
2150 878 2371 915 manere
2407 862 2557 923 sinit,
2586 876 2683 930 per
2718 874 2881 929 quam
2920 866 2984 911 ut
3022 857 3206 911 divina
3240 856 3430 925 exqui-

1860 964 2003 1017 rant,
2031 955 2135 1008 illis
2163 954 2404 1023 proclive
2430 958 2803 1021 comparatum
2829 958 2931 1003 est.

1928 1131 2017 1186 22.
2043 1130 2285 1184 Primum
2312 1128 2435 1197 quis
2463 1128 2660 1197 quterit
2678 1126 2947 1183 voluntati
2971 1134 3255 1195 peceatum
3286 1134 3432 1176 mor-

1862 1224 2070 1281 tiﬁeare
2117 1231 2174 1276 et
2216 1223 2550 1276 voluntatem
2594 1228 2851 1290 peccato;
2898 1218 3083 1285 sicque
3136 1225 3431 1279 scrutatur,

1861 1316 2137 1387 quomodo
2176 1331 2239 1368 ac
2277 1330 2384 1383 qua
2422 1314 2633 1367 ratione
2664 1313 2780 1365 haec
2813 1311 2917 1364 alia
2949 1309 3070 1363 aliis
3102 1307 3432 1363 mortiﬁeare

1861 1406 2187 1463 conveniat?
2212 1406 2550 1473 Rursusque,
2576 1403 2662 1456 bis
2686 1400 2927 1471 perfecte
2954 1401 3096 1453 inter
3120 1416 3177 1453 se
3200 1397 3430 1452 mortiﬁ-

1861 1499 2026 1562 catis,
2065 1500 2233 1551 vitam
2276 1495 2575 1549 voluntatis
2617 1509 2738 1563 quae
2782 1493 2987 1546 virtute
3033 1501 3341 1561 praestatur,
3378 1498 3434 1543 et

1860 1588 2105 1649 virtutis,
2139 1603 2259 1656 quae
2298 1592 2586 1655 prrestatur
2625 1585 2930 1641 voluntate.
2964 1582 3160 1652 quaerit
3202 1600 3214 1634 :
3259 1590 3314 1636 et
3355 1581 3435 1635 sic

1862 1687 2164 1741 scrutatur,
2197 1678 2474 1747 quomodo
2508 1692 2682 1746 quave
2719 1676 2931 1729 ratione
2966 1675 3161 1727 horum
3200 1674 3344 1728 inter
3377 1689 3435 1727 se

1862 1774 1977 1828 vita
2018 1771 2303 1827 conﬂanda
2348 1770 2439 1823 sit.
2474 1768 2571 1822 Est
2614 1767 2799 1838 igitur,
2834 1775 2895 1819 ut
2932 1766 3083 1835 quasi
3127 1763 3438 1819 definiendo

1579 1878 1756 1949 ὄρεξις

1871 1861 2381 1933 :omplectar,.quod
2409 1859 2727 1929 quaerimus,
2751 1858 3131 1913 desiderabilis
3154 1856 3437 1927 cujusdam

1854 1957 2153 2027 appetitio;
2178 1954 2324 2024 quod
2348 1969 2479 2008 vero
2502 1959 2835 2015 scrutamur,
2860 1951 3056 2005 modus
3076 1964 3186 2019 quo
3209 1965 3274 2004 ea
3293 1950 3440 2005 desi-

1856 2049 2117 2103 derabilis
2147 2046 2413 2117 appetitio
2441 2044 2647 2115 expleri
2680 2045 2875 2113 possit.
2910 2088 2911 2091 η

1927 2142 2017 2195 23.
2044 2141 2257 2195 Revera
2282 2138 2559 2201 convenit,
2587 2145 2648 2190 ut
2671 2136 2764 2206 qui
2790 2134 3087 2190 salvandus
3114 2136 3205 2200 sit,
3231 2135 3437 2191 nedum

1856 2233 2123 2288 voluntati
2175 2238 2458 2301 peccatum
2515 2228 2842 2292 mortiﬁeet,
2892 2242 3084 2282 verum
3145 2235 3202 2283 et
3260 2228 3436 2296 ipsam

1858 2326 2195 2379 voluntatem
2231 2330 2457 2392 peccato
2490 2338 2504 2375 :
2536 2336 2639 2376 nec
2669 2321 2847 2375 solum
2875 2321 3213 2374 voluntatem
3244 2318 3437 2372 virtuti

1858 2417 2118 2481 viviﬁcet,
2146 2417 2239 2471 sed
2276 2422 2332 2470 et
2360 2415 2623 2469 virtutem
2660 2413 2760 2483 ipsi
2792 2412 3090 2475 voluntati;
3128 2420 3188 2466 ut
3219 2420 3439 2465 mortua

1860 2518 2161 2568 mortuum.
2196 2516 2307 2561 tota
2340 2521 2371 2561 a
2408 2514 2523 2561 toto
2547 2505 2740 2569 divisa,
2767 2514 3049 2575 peccatum
3080 2517 3183 2558 nec
3209 2518 3439 2573 persen-

1863 2602 1988 2666 tiat,
2044 2599 2345 2669 vivensque
2396 2599 2708 2661 viventem,
2767 2605 2881 2651 tota
2940 2605 3144 2660 totam,
3204 2595 3441 2651 indivisa

1863 2693 2065 2748 unione
2122 2692 2374 2745 voluntas
2427 2690 2729 2760 persentiat
2783 2688 3070 2743 virtutem.
3124 2686 3229 2754 Qui
3288 2688 3439 2741 enim

1861 2787 2198 2839 voluntatem
2241 2791 2466 2853 peccato
2504 2780 2880 2842 mortificavit,
2918 2779 3318 2848 complantatus
3358 2778 3441 2831 fa-

1864 2889 1984 2934 ctus
2017 2885 2101 2935 est
2129 2874 2473 2931 similitudini
2507 2874 2701 2927 mortis
2730 2872 2933 2927 Christi
2958 2872 3001 2903 ¹⁶
3031 2890 3043 2924 :
3075 2886 3140 2925 ac
3171 2870 3261 2940 qui
3299 2870 3444 2924 hanc

1863 2971 2054 3026 virtuti
2124 2970 2441 3033 suscitavit,
2498 2970 2898 3038 eomplantatus
2966 2964 3143 3019 factus
3197 2976 3281 3019 est
3322 2968 3443 3037 ejus

1865 3063 2030 3117 etiam
2057 3060 2403 3115 similitudini
2432 3057 2874 3113 resurrectionis.

824 3224 919 3316 ita).
956 3263 990 3334 ὴ
1029 3260 1353 3332 προαίρεσις
1399 3254 1761 3328 νεκρούμεναι

1935 3254 2026 3309 24.
2053 3255 2343 3309 Peccatum
2379 3261 2540 3321 atque
2566 3252 2842 3314 voluntas,
2875 3266 2981 3320 qua
3018 3251 3249 3305 alterum
3279 3249 3439 3305 alteri

181 3364 473 3433 ἀλλήλαις,
504 3360 700 3430 διπλῆν
732 3358 916 3428 ἔχουσι
947 3357 1081 3428 πρὸς
1112 3354 1347 3424 ἀλλήλας
1373 3352 1471 3423 τὴν
1504 3349 1765 3417 ἀναισθη-

183 3457 334 3511 σίαν.
368 3454 477 3507 Καὶ
507 3454 540 3524 ἡ
571 3451 885 3521 δικαιοσύνη
936 3450 1030 3502 καὶ
1060 3451 1093 3519 ἡ
1135 3447 1477 3517 προαίρεσις,
1508 3445 1765 3515 ἀλλήλαις

180 3549 414 3621 ἔχουσαι
440 3546 540 3614 τὴν
566 3544 731 3614 ζωὴν,
767 3542 959 3611 διπλῆν
988 3540 1168 3611 ἐχουσι
1199 3539 1296 3611 τὴν
1328 3537 1597 3607 αἴσθησιν.

259 3647 362 3695 κε’.
403 3640 535 3701 Θεὸς
587 3638 847 3708 ὑπάρχων
900 3634 1060 3703 φύσει
1113 3632 1208 3684 καὶ
1256 3629 1600 3701 ἀνθρωποςό
1630 3626 1765 3697 Χρι-

182 3732 341 3794 στὸς,
367 3730 457 3798 ὑφ’
493 3728 650 3800 ἡμῶν
684 3728 759 3791 ὡς
794 3725 926 3789 Θεὸς
971 3724 1113 3794 ὑπὲρ
1151 3720 1314 3792 φύσιν
1351 3722 1533 3791 χάριτι
1564 3718 1766 3787 κληρο-

183 3825 461 3893 νομεῖται,
510 3820 650 3873 κατὰ
694 3819 793 3888 τὴν
841 3818 1080 3888 ἄρρητον
1118 3811 1365 3885 μέθεξιν
1400 3813 1493 3865 καί
1518 3811 1586 3864 δι’
1617 3811 1766 3881 ἡμᾶς

186 3919 250 3970 ἐν
275 3915 410 3969 εῖδει
437 3912 515 3982 τῷ
536 3910 658 3964 καθ’
687 3912 834 3980 ἡμᾶς
858 3910 932 3973 ὡς
962 3906 1248 3978 ἄνθρωπος
1277 3905 1426 3975 ἡμᾶς
1461 3902 1768 3973 οἰκειούμε-

186 4024 309 4071 νος,
338 4005 534 4059 ἑαυτὸν
564 4003 893 4073 κληρονομεῖ
920 4001 1018 4052 σὺν
1045 4001 1177 4070 ἡμῖν
1216 3996 1356 4051 κατὰ
1387 3995 1485 4067 τὴν
1514 3995 1767 4064 ἀνεννόη-

186 4116 290 4155 τον
344 4095 785 4165 συγκατάὁασιν·
817 4093 875 4145 ὃν
927 4090 1004 4161 τῷ
1062 4089 1333 4159 πνεύματι
1386 4085 1663 4158 μυστικῶς
1716 4086 1767 4138 οἰ

188 4192 343 4259 ἆγιοι
374 4187 880 4260 προθεωρήσαντες,
898 4180 1251 4251 ἐδιδάχθησαν
1278 4178 1352 4241 ὡς
1374 4177 1480 4248 χρὴ
1500 4177 1598 4246 τῆς
1628 4174 1767 4228 κατὰ

186 4284 256 4336 τὸ
295 4280 484 4351 μέλλον
518 4276 899 4348 φανησομένης
925 4272 1016 4326 διὰ
1061 4273 1160 4342 τὴν
1211 4269 1410 4340 ἀρετὴν
1441 4271 1498 4321 ὲν
1547 4265 1766 4340 Χριστῷ

189 4375 377 4442 δόξης.
410 4370 481 4424 τά
508 4372 588 4434 εἰς
626 4369 788 4423 αὑτὸν
849 4366 989 4436 ὑπὲρ
1042 4365 1240 4437 ἀρετῆς
1290 4363 1431 4418 κατά
1483 4362 1546 4416 τὸ
1594 4363 1766 4433 παρὸν

191 4460 671 4534 προκαθηγεῖσθαι
698 4459 1019 4529 παθήματα.

270 4644 387 4704 κς’.
437 4637 495 4692 '0
525 4638 624 4708 μὲν
658 4653 783 4698 νους
833 4633 975 4689 κατά
1017 4633 1187 4705 μόνην
1210 4630 1308 4702 τὴν
1344 4630 1529 4701 ἔφεσιν
1586 4627 1766 4697 ἀγνώ-

196 4728 523 4799 στωςιπρὸς
548 4727 647 4798 τὴν
673 4727 781 4781 τῶν
820 4726 990 4779 όντων
1032 4724 1208 4777 αἰτίαν
1238 4726 1578 4792 κινούμενος,
1616 4719 1769 4790 ζητεῖ

204 4822 404 4893 μόνον·
435 4823 463 4874 ό
492 4820 549 4872 δὲ
595 4819 772 4888 λόγος,
802 4818 927 4881 τοὺς
974 4818 1032 4870 ἐν
1080 4818 1193 4879 τοῖς
1223 4810 1372 4871 οὖσιν
1402 4813 1622 4882 ἀληθεῖς
1655 4829 1772 4864 ποι-

196 4913 369 4976 κίλως
392 4910 658 4981 ἐφοδεύων
697 4910 895 4981 ἐρευνᾷ
925 4908 1135 4977 λόγους.

278 5003 383 5069 κζ’.
424 5003 660 5074 Ζήτησίς
701 5006 848 5054 ἐστιν
882 5002 915 5071 ἡ
951 4998 1046 5052 τοῦ
1073 4996 1165 5051 νοῦ
1194 4995 1388 5067 πρώτη
1411 5014 1470 5049 τε
1505 4998 1598 5049 καὶ
1621 4994 1768 5066 ἁπλῆ

198 5096 343 5169 πρὸς
366 5096 466 5167 τὴν
495 5095 631 5149 ἰδίαν
658 5095 837 5148 αἰτίαν
869 5091 983 5163 μετ’
1014 5090 1249 5161 ἐφέσεως
1271 5090 1484 5161 κίνησις
1503 5106 1518 5119 ·
1544 5089 1770 5159 ἐρεύνη-

200 5208 292 5253 σις
319 5189 379 5242 δέ
408 5190 580 5253 ἐστιν,
602 5190 636 5258 ἡ
667 5186 859 5260 πρώτη
902 5201 963 5238 τε
1007 5184 1102 5237 καὶ
1139 5181 1285 5252 ἁπλῆ
1326 5180 1419 5234 τοῦ
1448 5181 1608 5250 λόγου
1640 5179 1771 5253 περὶ

194 5280 301 5352 τὴν
330 5280 467 5335 ἰδίαν
499 5279 679 5334 αἰτίαν
710 5278 849 5351 μετά
878 5291 1024 5339 τινος
1063 5272 1271 5337 ἐννοίας
1314 5273 1609 5343 διάκρισις.
1648 5273 1770 5324 Ἐκ-

198 5374 431 5445 ζήτησις
474 5369 530 5425 δὲ
579 5370 741 5425 πάλιν
786 5370 955 5437 ἐστὶν,
992 5370 1026 5439 ἡ
1066 5365 1159 5419 τοῦ
1189 5364 1283 5418 νοῦ
1317 5366 1438 5418 κατ’
1460 5365 1772 5435 ἐπιστήμην

198 5463 481 5535 γνωστικὴ
518 5465 655 5536 πρὸς
686 5464 784 5535 τὴν
821 5462 958 5516 ἰδίαν
984 5458 1168 5515 αἰτίαν
1199 5457 1339 5528 μετά
1374 5475 1515 5521 τινος
1540 5456 1771 5528 ζεούσης

202 5555 448 5625 ἐφέσεως
476 5555 685 5627 κίνησις
705 5570 718 5583 ·
751 5552 1100 5622 ἐξερεύνησις
1136 5549 1194 5603 δέ
1224 5551 1390 5613 ἐστιν,
1421 5550 1457 5619 ἡ
1492 5547 1586 5601 τοῦ
1607 5546 1771 5616 λόγου

202 5649 328 5703 κατ’
357 5647 636 5715 ἐνέργειαν
682 5648 789 5701 τῶν
822 5642 1033 5719 ἀρετῶν
1088 5640 1216 5714 περί
1256 5642 1361 5713 τὴν
1405 5640 1543 5697 ἰδίαν
1593 5642 1773 5696 αἰτίαν

280 5808 324 5842 ’⁸
352 5808 508 5863 Rom.
536 5824 611 5873 vi,
636 5809 690 5864 5.
767 5808 807 5841 "
843 5806 1001 5864 Rom.
1027 5823 1141 5871 vnt,
1166 5806 1251 5863 25.

1866 3346 2294 3406 mortificamur,
2325 3345 2597 3414 duplicem
2635 3343 2778 3398 inter
2810 3360 2866 3398 se
2903 3343 3108 3397 habent
3135 3343 3439 3397 absentiam

1866 3454 2081 3494 sensus.
2113 3438 2444 3505 Justitiaque
2487 3444 2544 3489 et
2585 3436 2861 3501 voluntas,
2894 3435 2999 3489 alia
3040 3435 3132 3490 alii
3169 3435 3440 3502 viventes,

1865 3545 2085 3585 sensum
2114 3528 2386 3598 duplicem
2419 3528 2643 3583 habent.

1935 3621 2023 3675 25.
2066 3620 2347 3680 Christus,
2391 3621 2483 3690 qui
2528 3621 2673 3674 Deus
2716 3629 2910 3673 natura
2960 3628 3015 3673 et
3057 3619 3223 3674 homo
3266 3620 3364 3684 sit,
3410 3636 3443 3675 λ

1865 3716 2028 3771 nobis
2063 3725 2122 3770 ut
2152 3715 2297 3769 Deus
2333 3730 2499 3785 supra
2531 3724 2816 3780 naturam,
2848 3731 3046 3769 arcana
3080 3731 3178 3785 per
3214 3714 3440 3785 gratiam

1865 3808 2285 3880 participatione
2314 3823 2409 3861 seu
2451 3808 2809 3872 commercio,
2834 3806 3154 3862 haereditate
3190 3807 3442 3877 posside-

1866 3911 1987 3967 tur;
2017 3900 2300 3969 nostrique
2325 3915 2489 3955 causa
2516 3901 2570 3954 in
2597 3900 2772 3954 forma
2799 3899 2960 3953 nobis
2982 3898 3146 3953 simili
3172 3908 3230 3953 ut
3255 3900 3440 3961 homo.

1876 4010 1977 4048 nos
2035 3992 2140 4047 sibi
2194 3991 2482 4046 vindicans
2534 4006 2598 4045 ac
2653 3990 2805 4061 quasi
2858 4006 3151 4060 arrogans.
3203 3990 3443 4061 seipsum

1864 4084 2152 4139 nobiscum
2201 4100 2301 4154 per
2347 4083 2788 4147 inclinationem,
2824 4098 3043 4136 omnem
3089 4084 3288 4137 mentis
3329 4084 3443 4137 vim

1866 4190 2250 4251 superantem,
2302 4176 2621 4231 haereditate
2682 4174 2924 4244 possidet
2978 4191 2991 4227 :
3045 4189 3206 4243 quem
3267 4175 3443 4229 sant-ti

1866 4269 2090 4341 mystice
2117 4268 2171 4321 in
2204 4266 2397 4336 spiritu
2426 4263 2807 4333 przevidentes,
2832 4278 3011 4331 operm
3040 4261 3279 4332 pretium
3303 4263 3447 4317 didi-

1866 4374 2023 4419 cere.
2060 4368 2122 4413 ut
2153 4354 2565 4412 manifestanda:
2600 4354 2653 4407 in
2689 4354 2933 4407 futurum
2964 4351 3183 4406 virtutis
3217 4355 3443 4423 praemio

1868 4453 1922 4507 in
1952 4452 2168 4508 Christo
2198 4449 2404 4521 gloriae,
2429 4447 2651 4501 virtutis
2681 4462 2841 4500 causa
2869 4446 2921 4499 in
2953 4446 3208 4515 praasenti
3240 4446 3446 4517 passio-

1773 4562 1841 4627 ”)
1869 4564 1968 4603 nes
1999 4556 2163 4615 atque
2189 4539 2446 4599 aerumna:
2476 4543 2529 4596 in
2555 4542 2673 4613 ipso
2698 4542 2958 4611 praeirent
2982 4542 3046 4594 ¹⁷.

1940 4636 2029 4692 26.
2058 4634 2207 4689 Mens
2238 4648 2388 4696 sane,
2414 4648 2534 4702 quae
2567 4632 2682 4685 solo
2713 4630 2985 4685 desiderio
3020 4630 3200 4701 ignota
3235 4633 3446 4689 ratione

1875 4726 1931 4782 in
1966 4741 2147 4779 rerum
2180 4726 2471 4779 Auctorem
2505 4732 2821 4787 moveatur,
2853 4723 3028 4777 solum
3063 4725 3289 4793 quaerit;
3326 4742 3448 4795 qu:e

1877 4826 2057 4873 autem
2081 4833 2241 4872 veras
2272 4817 2325 4869 in
2358 4816 2521 4872 rebus
2547 4816 2787 4871 rationes
2811 4816 2962 4871 varie
2992 4816 3260 4885 conjectet
3284 4817 3443 4883 ratio,

1878 4923 1941 4962 ac
1968 4907 2303 4978 argumentis
2328 4907 2660 4969 connitatur,
2684 4906 2801 4960 haec
2821 4922 2951 4960 vero
2984 4914 3277 4960 scrutatur.

1948 5001 2110 5072 590
2152 5000 2241 5054 27.
2272 4998 2385 5052 Hoc
2426 4998 2572 5068 quod
2613 5006 2699 5053 est
2740 5013 3006 5067 quaerere,
3038 4997 3213 5067 prima
3256 5004 3340 5049 est
3384 5012 3449 5052 ac

1874 5095 2105 5163 simplex
2132 5092 2330 5145 mentis
2362 5093 2413 5144 in
2442 5092 2720 5160 proprium
2746 5090 3041 5144 Auctorem
3072 5103 3196 5143 cum
3228 5088 3445 5157 cupidi-

1878 5196 1987 5241 tate
2032 5184 2281 5240 incitatio
2330 5201 2347 5237 :
2386 5182 2626 5238 serutari
2670 5196 2836 5246 vero,
2882 5181 3060 5250 prima
3107 5195 3171 5234 ac
3215 5180 3449 5249 simplex

1876 5260 2107 5335 rationis
2160 5276 2304 5331 circa
2360 5275 2645 5345 proprium
2689 5272 2984 5326 Auctorem
3034 5285 3161 5326 cum
3212 5269 3448 5340 quadam

1878 5369 2182 5425 intentione
2206 5366 2397 5439 judieii
2427 5362 2706 5419 discretio.
2734 5362 2811 5416 Ac
2840 5377 3033 5417 rursus
3061 5361 3165 5416 hoc
3191 5360 3335 5431 quod
3364 5370 3448 5416 est

1878 5457 2185 5528 exquirere,
2209 5454 2405 5510 mentis
2438 5462 2521 5508 est
2544 5451 2845 5506 secundum
2879 5452 3161 5506 scientiam
3191 5450 3448 5520 spiritalis

1878 5551 2204 5621 sapiensque
2256 5547 2311 5600 in
2362 5543 2642 5614 proprium
2686 5542 2979 5597 Auctorem
3036 5558 3161 5598 cum
3213 5557 3449 5597 accenso

1880 5643 2117 5714 quodam
2162 5638 2433 5696 desiderio
2477 5635 2755 5703 incitatio;
2796 5636 3096 5692 exscrutari
3136 5642 3318 5691 autem
3362 5634 3449 5705 (ut
