4108 6426
585 1991 596 2090 ί

648 340 797 407 1315

1801 348 1870 409 S.
1910 348 2195 410 MAXIMI
2222 347 2736 412 'CONFESSORIS

3721 357 3836 425 me

650 454 728 511 sic
763 452 982 525 loquar)
1021 454 1255 512 rationis
1292 456 1594 513 secundum
1630 461 2006 530 operationem
2039 463 2217 519 virtu-
2243 471 2272 528 Α

2215 496 2217 503 ι
2243 471 2294 528 Α
2323 465 2462 534 μετά
2497 483 2641 532 τινος
2693 465 2962 537 ἔμφρονος
3011 471 3109 523 καὶ
3153 471 3322 542 σοφῆς
3368 469 3573 535 ἐννοίας
3615 477 3837 551 γινομένη

650 555 766 600 tum
798 545 945 601 circa
978 547 1265 618 proprium
1295 548 1610 616 Auctorem,
1638 567 1764 607 cum
1796 554 2057 625 prudenti
2088 570 2224 625 qua-

649 635 771 692 dam
799 646 856 692 et
879 638 1111 708 sapienti
1138 640 1441 697 intentione
1464 642 1743 700 discretio.

716 727 806 783 28.
832 728 1016 784 Sancti
1041 746 1106 786 ac
1133 731 1304 786 divini
1333 734 1634 804 prophetae,
1666 735 1734 791 de
1786 737 1962 793 salute
2009 739 2222 794 anima-

649 836 772 875 rum
802 823 1152 892 exquirentes
1173 839 1248 879 ac
1276 835 1701 895 perscrutantes,
1733 845 2025 884 accensum
2051 839 2221 900 atque

647 911 948 968 ferventem
1011 931 1136 970 cum
1201 917 1426 972 solertia
1485 919 1853 988 scientiaque,
1906 922 2105 976 mentis
2162 921 2220 976 in

529 1051 547 1060 η
647 1005 818 1059 Deum
844 1005 1118 1061 desiderio
1145 1023 1403 1074 accensa},
1429 1018 1634 1064 motum
1662 1011 1954 1077 habebant,
1980 1013 2221 1082 pruden-

647 1096 799 1165 tique
827 1112 891 1151 ac
919 1097 1152 1166 sapienti
1175 1099 1495 1154 exercendis
1519 1099 1719 1156 divinis
1745 1117 2044 1172 eorumque
2069 1111 2214 1169 actu,

645 1183 977 1238 discretione
1020 1185 1301 1255 pollebant
1343 1204 1356 1240 :
1397 1204 1536 1257 quos
1571 1191 1666 1259 qui
1703 1191 2054 1254 aemulantur,
2091 1209 2218 1247 cum

644 1275 865 1331 solertia
903 1291 967 1331 ac
1007 1277 1256 1336 scientia.
1289 1279 1863 1336 animarum'salutem
1899 1285 2214 1353 exquirunt,

643 1381 707 1420 ac
748 1380 871 1420 cum
919 1368 1209 1436 prudentia
1251 1369 1626 1440 sapientiaque
1663 1385 2095 1442 perscrutantes,
2130 1375 2216 1430 di-

643 1456 933 1511 scretionis
957 1456 1223 1527 judicium
1248 1458 1302 1511 in
1331 1458 1534 1514 divinis
1556 1462 1818 1530 operibus
1847 1465 2053 1518 colunt.

709 1650 800 1705 29.
834 1651 1121 1721 Duplicem
1163 1649 1474 1708 divinorum
1510 1653 1802 1724 Scriptura
1845 1656 1998 1710 novit
2036 1655 2215 1712 scien-

640 1743 809 1809 tiam,
851 1759 1016 1798 unam
1065 1742 1386 1798 habitudine
1430 1760 1493 1800 ac
1535 1746 1798 1800 relatione
1831 1757 2212 1812 constantem,

637 1853 741 1893 seu
768 1836 1205 1901 intentionalem,
1233 1853 1354 1906 qua:
1379 1837 1435 1891 in
1463 1838 1578 1892 sola
1606 1838 1816 1893 ratione
1843 1841 2128 1909 sensisque
2152 1856 2217 1894 ac

641 1930 966 2000 oogitatibus
1003 1930 1180 1999 posita
1219 1929 1312 1994 sit,
1341 1946 1442 1985 nec
1479 1930 1649 1984 ullum
1691 1931 1868 2000 reipsa
1911 1947 2007 2000 per
2049 1947 2216 2001 expe-

642 2018 893 2072 rientiam
916 2018 1118 2087 cogniti
1146 2034 1366 2074 sensum
1390 2019 1618 2085 habeat;
1646 2035 1743 2089 per
1765 2037 1928 2090 quam
1947 2022 2214 2092 praesenti

590 2151 595 2180 ρ
642 2107 754 2160 vita
785 2106 1128 2176 disponimur
1151 2123 1224 2162 ac
1254 2107 1657 2178 gubernamur;
1692 2109 1917 2163 alteram
1954 2110 2128 2180 reipsa
2155 2118 2218 2165 et

589 2177 595 2220 ί

589 2239 593 2268 l

641 2199 861 2268 proprie
894 2215 1102 2262 veram,
1133 2199 1188 2254 in
1224 2201 1338 2254 sola
1374 2200 1429 2254 in
1462 2208 1587 2254 actu
1621 2202 1981 2270 experientia,
2009 2202 2215 2271 absque

642 2292 856 2346 ratione
907 2291 1194 2361 animique
1251 2292 1608 2363 conceptibus
1667 2308 1732 2347 ac
1792 2293 2215 2362 cogitationibus

641 2384 822 2446 sitam,
848 2398 970 2451 qua:
997 2389 1171 2436 totum
1200 2381 1426 2452 cogniti,
1457 2383 1786 2438 commercio
1819 2383 1909 2437 illo
1941 2383 2086 2452 quod
2119 2398 2216 2453 per

640 2475 869 2545 gratiam
903 2483 1006 2538 est,
1033 2489 1254 2530 sensum
1288 2473 1528 2543 praabeat
1564 2493 1577 2528 :
1612 2490 1710 2544 per
1743 2491 1906 2544 quam
1941 2474 1999 2528 in
2029 2474 2214 2530 futura

639 2565 832 2635 requie
856 2580 920 2620 ac
947 2565 1228 2630 felicitate,
1252 2572 1460 2618 natura:
1485 2565 1595 2618 vim
1620 2581 1837 2620 omnem
1864 2577 2211 2634 superantem

629 2655 842 2727 iugiter
878 2655 936 2708 in
965 2663 1097 2708 actu
1135 2669 1198 2708 ac
1231 2652 1501 2708 elﬁcacem
1545 2654 1874 2722 suscipimus
1908 2653 2210 2709 deiﬁcatio-

640 2756 790 2796 nem.
821 2740 896 2794 Ac
935 2740 1156 2809 quidem
1193 2741 1340 2794 illam
1383 2741 1705 2796 habitudine
1741 2750 2081 2798 constantem
2115 2760 2212 2799 seu

642 2830 1056 2886 intentionalem
1075 2871 1089 2894 ,
1115 2831 1264 2886 velut
1303 2832 1358 2886 in
1397 2831 1610 2886 ratione
1637 2832 1919 2903 animique
1940 2837 2120 2890 vsensis
2149 2851 2214 2890 ac

2319 555 2612 627 διάκρισις.

2392 730 2498 805 κη’.
2541 733 2602 787 Oi
2637 733 2780 803 ἅγιοι
2809 732 2906 787 καὶ
2925 732 3062 786 θεῖοι
3091 732 3383 805 προφῆται,
3418 733 3547 807 περὶ
3573 735 3664 806 τῆς
3693 755 3842 810 σωτη.

2325 825 2446 897 ρίας
2477 824 2584 878 τῶν
2614 825 2803 896 ψυχῶν
2837 824 3245 896 ἐκζητήσαντές
3273 843 3333 879 τε
3377 826 3474 879 καὶ
3498 826 3844 899 ἐξερευνήσαν.

2319 932 2432 978 τες,
2472 915 2735 987 διάπυρον
2790 911 2936 988 εἶχον
2986 915 3082 970 καὶ
3139 916 3367 980 ζέουσαν
3424 920 3542 988 μετ’
3573 921 3843 993 ἐπιστήμης

2321 1011 2416 1062 καὶ
2441 1007 2693 1077 γνώσεως
2716 1008 2854 1078 πρὸς
2881 1010 2973 1063 τὸν
3011 1009 3143 1062 Θεὸν
3180 1010 3277 1081 τὴν
3303 1009 3398 1063 τοῦ
3432 1009 3525 1063 νοῦ
3554 1014 3666 1064 κατ’
3692 1012 3847 1081 ἔφεσιν

2320 1104 2553 1174 κίνησιν,
2583 1105 2681 1158 καὶ
2709 1105 2956 1176 ἔμφρονα
2992 1105 3088 1159 καὶ
3121 1105 3292 1176 σοφὴν
3316 1104 3416 1176 τὴν
3449 1105 3543 1159 τοῦ
3566 1106 3712 1176 λόγου
3730 1112 3848 1165 κατὰ

2317 1194 2416 1266 τὴν
2444 1195 2728 1265 ἐνέργειαν
2766 1196 2876 1250 τῶν
2909 1196 3067 1250 θείων
3084 1196 3369 1267 διάκρισιν
3388 1215 3401 1226 ο
3421 1197 3516 1260 οὓς
3539 1199 3586 1250 el
3621 1199 3849 1269 μιμούμεο

2317 1302 2418 1345 νοι,
2459 1286 2597 1356 μετὰ
2640 1286 2894 1355 γνώσεως
2931 1288 3025 1341 καὶ
3081 1287 3389 1357 ἐπιστήμης
3425 1287 3523 1358 τὴν
3565 1287 3666 1340 τῶν
3693 1288 3848 1360 ψυχῶν

2317 1375 2610 1446 ἐκζητοῦσι
2646 1377 2941 1448 σωτηρίαν,
2973 1377 3069 1429 καὶ
3109 1375 3253 1446 ,μετὰ
3303 1379 3615 1446 φρονήσεως
3657 1380 3740 1430 καὶ
3780 1396 3848 1431 σο-

2318 1469 2444 1536 φίας
2479 1467 2889 1539 ἐξερευνῶντες,
2927 1467 3282 1539 μετέρχονται
3315 1467 3415 1536 τὴν
3458 1468 3520 1520 ἐν
3568 1469 3674 1530 τοῖς
3713 1467 3847 1533 θείοις

2324 1557 2511 1628 ἔργοις
2541 1558 2836 1628 διάκρισιν.

2382 1648 2489 1702 κθ’.
2532 1648 2763 1720 *Διττὴν
2801 1643 2907 1700 οἶδε
2941 1647 3039 1719 τὴν
3083 1646 3194 1700 τῶν
3233 1646 3390 1700 θείων
3416 1646 3615 1716 γνῶσιν
3645 1647 3672 1698 ὁ
3703 1645 3843 1713 λόγος,

2315 1739 2416 1810 τὴν
2454 1740 2574 1810 μὲν,
2611 1739 2864 1811 σχετικὴν
2892 1740 2988 1809 (ο).
3035 1739 3109 1803 ὡς
3155 1741 3214 1792 ἐν
3260 1739 3404 1810 λόγῳ
3452 1739 3598 1809 μόνῳ
3626 1738 3845 1809 κειμένην

2317 1831 2414 1884 καὶ
2451 1831 2708 1901 νοήμασι,
2753 1831 2846 1885 καὶ
2884 1830 2983 1902 τὴν
3038 1830 3159 1884 κατ’
3185 1830 3470 1900 ἐνέργειαν
3499 1829 3594 1882 τοῦ
3621 1829 3845 1896 γνωσθέν-

2316 1940 2408 1986 τος
2454 1922 2542 1976 διὰ
2581 1921 2775 1994 πείρας
2812 1923 2913 1976 οὐκ
2958 1922 3188 1992 ἔχουσαν
3233 1921 3512 1994 αἴσθησιν.
3549 1922 3614 1974 δι’
3641 1917 3702 1992 ἧς
3733 1921 3844 1974 κατὰ

2317 2015 2418 2087 τὴν
2444 2016 2724 2085 παροῦσαν
2771 2015 2916 2085 ζωὴν
2945 2013 3380 2086 οίκονομούμεθα
3399 2032 3413 2045 ·
3446 2015 3548 2084 τὴν
3573 2014 3648 2079 δὲ,
3677 2014 3845 2082 κυρίως

2317 2111 2598 2180 ἀληθινὴν,
2641 2112 2734 2164 ἐι·ιῇ⁵
2769 2112 2905 2183 μόνῃ
2945 2115 3010 2184 τῇ
3053 2089 3240 2183 πείρᾳ,
3283 2112 3407 2164 κατ’
3446 2111 3716 2180 ἐνέργειαν
3749 2111 3844 2181 δίχα

2316 2199 2474 2267 λόγου
2536 2201 2629 2254 καὶ
2673 2201 2986 2271 νοημάτων,
3029 2202 3162 2273 ὅλην
3202 2200 3298 2255 τοῦ
3353 2201 3685 2270 γνωσθέντος
3729 2199 3844 2253 κατὰ

2315 2292 2476 2360 χάριν
2522 2291 2738 2362 μεθέξει
2784 2293 3169 2364 παρεχομένην
3217 2293 3318 2364 τὴν
3362 2291 3642 2363 αἴσθησιν,
3697 2292 3754 2345 δι’
3789 2287 3843 2364 ἧς

2315 2386 2456 2439 κατὰ
2487 2387 2587 2455 τὴν
2625 2384 2926 2456 μέλλουσαν
2954 2384 3129 2456 λῆξιν,
3160 2385 3258 2455 τὴν
3291 2385 3436 2455 ὑπὲρ
3484 2384 3642 2454 φύσιν
3687 2383 3839 2436 ὑποδε-

2314 2476 2520 2549 χόμεθα
2545 2475 2737 2528 θέωσιν
2761 2475 3054 2539 ἀπαῦστως
3082 2476 3511 2546 ἐνεργουμένην.
3534 2475 3644 2528 Καὶ
3665 2475 3751 2544 τὴν
3766 2475 3844 2543 μὲν

2317 2563 2592 2636 σχετικὴν,
2635 2562 2711 2626 ὡς
2753 2563 2815 2617 ὲν
2851 2563 2996 2635 λόγῳ
3045 2565 3308 2635 κειμένην
3356 2566 3458 2617 καὶ
3485 2565 3596 2624 τοῖς
3627 2563 3842 2633 νοήμασι,

2313 2655 2596 2727 κινητικὴν
2643 2651 2785 2709 εἶναί
2836 2672 2990 2724 φασι,
3031 2655 3132 2726 τῆς
3181 2655 3318 2726 προς
3361 2655 3468 2726 τὴν
3507 2653 3713 2724 μεθέξει
3751 2661 3842 2706 κατ’

2312 2749 2590 2820 ἐνέργειαν
2635 2747 2837 2816 γνῶσιν
2883 2747 3125 2817 ἐφέσεως
3149 2763 3164 2778 ·
3193 2747 3293 2818 τὴν
3323 2746 3380 2799 δὲ
3423 2747 3551 2799 κατ’
3581 2745 3840 2813 ἐνέργεια-ι,

2310 2837 2400 2890 διὰ
2422 2837 2522 2907 τῆς
2553 2837 2748 2907 πείρας
2768 2836 2981 2907 μεθέξει
3021 2835 3401 2908 παρεχομένην
3434 2834 3531 2885 τοῦ
3554 2829 3841 2899 γνωσθέντος

633 2921 972 2993 cogitatibus
1003 2922 1256 2990 positam,
1283 2937 1347 2976 ea
1382 2922 1432 2976 vi
1458 2922 1669 2991 pollere
1700 2924 1877 2987 aiunt,
1905 2934 1967 2979 ut
1992 2925 2210 2982 deside-

2309 2927 2407 2999 τὴν
2423 2927 2678 2999 αἴσθησιν
2705 2923 2868 3000 [male
2883 2927 3046 2991 edita,
3070 2926 3278 2995 ἔφεσιν,
3305 2920 3689 2995 cupiditatem],
3709 2922 3839 2989 ἀφαι-

638 3012 783 3068 rium
815 3011 1070 3082 pelliciat
1117 3027 1180 3066 ac
1227 3011 1618 3081 cupiditatem,
1657 3013 1715 3067 in
1757 3029 1879 3068 eam
1920 3030 2042 3084 qua:
2083 3031 2212 3072 vera

2313 2999 2534 3089 ρετικὴν
2581 2999 2723 3072 εἶναι
2765 3017 2868 3088 τῆς
2907 3019 2966 3072 ἐν
3012 3016 3156 3088 λόγῳ
3198 3016 3469 3086 κειμένης
3507 3015 3603 3068 καὶ
3636 3011 3838 3083 νοήμασι

639 3104 822 3174 reipsa
849 3103 1268 3174 participatione
1297 3117 1360 3157 ac
1386 3105 1718 3159 commercio
1744 3115 1848 3170 est,
1874 3106 2157 3162 scientiam
2187 3124 2200 3161 :
2231 3100 2261 3158 C

935 3103 1268 3174 rticipatione
1297 3117 1360 3157 ac
1386 3105 1718 3159 commercio
1744 3115 1848 3170 est,
1874 3106 2157 3162 scientiam
2187 3124 2200 3161 :
2231 3100 2273 3158 C
2305 3109 2557 3178 γνώσεως

638 3194 783 3250 hanc
830 3202 1012 3248 autem
1058 3209 1178 3262 qua:
1230 3208 1420 3248 revera
1468 3209 1566 3263 per
1611 3194 2043 3264 experientiam,
2091 3200 2210 3266 ejus
2279 3197 2452 3269 ipsius
2485 3200 2632 3268 quod
2673 3198 2845 3253 scitur
2880 3212 2945 3252 ac
2983 3195 3354 3269 cognoscitur,
3412 3196 3537 3267 ipsa
3577 3194 3713 3249 illius
3740 3206 3837 3262 per-

637 3289 889 3359 ceptione
910 3303 1128 3343 sensum
1149 3287 1376 3356 praebet,
1395 3288 1663 3359 ejusmodi
1683 3303 1826 3355 esse,
1879 3299 1940 3345 ut
1958 3291 2241 3347 scientiam
2277 3293 2515 3362 aboleat,
2583 3294 2639 3348 in
2677 3292 2888 3350 ratione
2927 3292 3208 3362 animique
3247 3290 3426 3346 sensis
3459 3305 3525 3344 ac
3558 3285 3836 3358 cogitatibus

685 3381 900 3435 ositam.

685 3398 900 3435 OSltam.

637 3398 675 3454 Ρ
709 3469 800 3526 50.
832 3468 1115 3538 Duplicem
1145 3467 1280 3522 dicit
1321 3465 1442 3522 eSse
1490 3467 1858 3538 cognitionem
1892 3485 1989 3525 seu
2025 3468 2206 3528 scien-

638 3561 803 3628 tiam;
835 3561 1060 3615 alteram
1087 3559 1143 3613 in
1172 3559 1384 3613 ratione
1410 3557 1719 3629 divinisque
1748 3561 1924 3618 scusis
1947 3579 2010 3617 ac
2031 3565 2209 3620 notio-

635 3652 801 3712 nibus
830 3651 1094 3726 positam,
1127 3665 1232 3708 nec
1262 3650 1442 3724 ipsum
1469 3650 1775 3708 secundum
1804 3654 2039 3724 speciem
2066 3671 2206 3725 pne-

635 3754 870 3811 sentem,
903 3745 1058 3816 591
1102 3761 1293 3800 eorum
1336 3760 1457 3815 quae
1495 3753 1625 3799 sunt
1662 3745 1957 3810 intellecta,
1989 3761 2208 3800 sensum

635 3837 963 3902 habentem;
1015 3836 1241 3890 alteram
1291 3835 1348 3890 in
1395 3844 1520 3891 actu
1570 3836 1784 3906 reipsa,
1827 3837 1944 3892 sine
1997 3837 2209 3892 ratione

635 3928 918 3999 animique
953 3928 1129 3984 sensis
1156 3944 1221 3984 ac
1246 3928 1597 4000 cogitatibus,
1624 3945 1880 3985 verorum
1908 3929 2208 3984 secundum

635 4019 876 4088 speciem
916 4019 1209 4075 habentem
1254 4020 1594 4076 fruitionem.
1630 4020 1786 4087 Quod
1828 4021 1975 4075 enim
2021 4035 2085 4076 ea
2127 4021 2212 4076 vis

635 4109 868 4167 rationis
898 4122 1063 4181 atque
1096 4112 1366 4167 sermonis
1397 4127 1494 4182 per
1524 4112 1810 4167 scientiam
1845 4128 1909 4167 ac
1940 4111 2208 4183 cognitio-

634 4217 763 4257 nem
795 4209 901 4266 est,
927 4210 988 4256 ut
1012 4201 1073 4256 id
1107 4203 1252 4272 quod
1288 4203 1460 4258 scitur
1486 4218 1549 4258 ac
1578 4203 1926 4274 cognoscitur
1953 4203 2212 4258 subnotet

632 4307 698 4347 ac
728 4292 990 4357 insinuet,
1017 4307 1206 4346 eorum
1239 4294 1332 4364 qui
1365 4295 1482 4363 ipso
1517 4303 1806 4348 moventur
1834 4295 2208 4364 cupiditatem,

632 4381 700 4437 ad
729 4383 783 4437 id
807 4383 954 4452 quod
985 4383 1258 4453 signatum
1283 4391 1386 4448 est,
1412 4384 1701 4438 fruendum
1726 4394 1928 4439 movet.

694 4471 790 4524 31.
827 4473 999 4527 Aiunt
1035 4471 1142 4526 viri
1172 4472 1451 4541 sapientes
1487 4472 1607 4527 ﬁeri
1648 4488 1759 4527 non
1790 4489 1973 4543 posse,
2004 4481 2064 4527 ut
2091 4489 2211 4544 qua:

631 4559 702 4615 de
735 4561 848 4616 Deo
867 4563 1007 4618 ratio
1034 4573 1140 4630 est,
1171 4580 1281 4618 una
1306 4563 1378 4616 sit
1405 4579 1536 4618 cum
1569 4564 1666 4618 Dei
1690 4566 2096 4634 experimento;
2123 4567 2209 4620 vel

633 4657 697 4702 ut
726 4650 984 4721 cogitatio
1016 4661 1179 4722 atque
1209 4653 1383 4720 notio,
1419 4669 1524 4708 una
1553 4668 1680 4708 cum
1708 4655 1804 4709 Dei
1841 4671 2004 4710 sensu
2043 4671 2202 4726 repe—

2378 3474 2444 3531 λ’.
2486 3475 2679 3547 Διττὴν
2724 3470 2863 3528 εἶναι
2902 3473 3051 3542 λέγει
3098 3471 3199 3543 τὴν
3245 3470 3471 3540 γνῶσιν,
3524 3469 3621 3538 τὴν
3662 3466 3762 3538 μὲν,
3792 3467 3836 3519 ἐν

2307 3569 2451 3640 λόγῳ
2488 3567 2746 3638 κειμένην
2777 3566 2869 3619 καὶ
2895 3564 3058 3626 θείοις
3101 3565 3356 3633 νοήμασι,
3396 3559 3523 3614 κατ’
3553 3553 3684 3622 εἶδος
3713 3573 3834 3628 παρ-

2307 3660 2472 3715 οῦσαν
2509 3661 2607 3730 τὴν
2661 3658 2911 3726 αἴσθησιν
2963 3655 3074 3709 τῶν
3131 3654 3436 3724 νοηθέντων
3486 3651 3584 3706 οὐκ
3613 3650 3833 3721 ἔχουσαν·

2307 3752 2407 3822 τὴν
2436 3751 2514 3814 δὲ,
2550 3751 2671 3803 κατ’
2725 3748 3006 3819 ἐνέργειαν
3062 3746 3228 3818 μόνην
3267 3744 3522 3815 ἔχουσαν,
3557 3743 3671 3814 δίχα
3708 3740 3834 3807 λόγου

2309 3845 2402 3898 καὶ
2445 3842 2731 3912 νοημάτων
2775 3840 2885 3894 τῶν
2926 3838 3142 3909 ἀληθῶν
3174 3839 3270 3908 τὴν
3312 3839 3436 3891 κατ’
3469 3832 3609 3898 εἶδος
3646 3833 3834 3888 ἀπόλαυ-

2311 3953 2414 3990 σιν.
2463 3935 2680 4003 Ἐπειδὴ
2727 3933 2834 4006 γὰρ
2871 3932 2961 3987 διὰ
2999 3930 3252 4002 γνώσεως
3295 3931 3324 3983 ὁ
3365 3929 3527 3998 λόγος
3553 3927 3612 3980 τὸ
3637 3922 3833 3994 γνωστῦν

2310 4027 2553 4095 πέφυκεν
2587 4024 3010 4097 ὑποσημαίνειν,
3043 4027 3184 4078 κινεῖ
3228 4022 3327 4092 τὴν
3353 4021 3541 4089 ἔφεσιν
3561 4017 3662 4070 τῶν
3677 4015 3735 4067 δι’
3759 4012 3833 4067 αὖ·

2307 4119 2403 4172 τοῦ
2431 4117 2786 4190 κινουμένων,
2820 4119 2957 4189 πρὸς
2981 4117 3080 4187 τὴν
3105 4114 3199 4169 τοῦ
3247 4113 3615 4186 σημανθέντος
3640 4107 3834 4166 ἀπόλαυ·

2314 4228 2421 4264 σιν.

2377 4466 2481 4523 λα’.
2534 4467 2839 4536 Ἀμήχανον
2877 4457 3018 4516 εἷναί
3064 4474 3230 4528 φασιν
3280 4455 3333 4509 οἱ
3381 4454 3559 4524 σοφοὶ,
3595 4447 3828 4514 συνυπάρ-

2303 4578 2428 4630 χειν
2451 4561 2518 4629 τῇ
2554 4561 2720 4627 πείρᾳ
2750 4555 2842 4608 τοῦ
2873 4553 3028 4616 Θεοῦ,
3055 4551 3146 4604 τὸν
3173 4550 3302 4622 περὶ
3341 4547 3507 4602 αὐτοῦ
3539 4545 3704 4613 λόγον,
3727 4539 3754 4610 ἤ

2310 4628 2563 4722 αἰσθήσει
2603 4647 2697 4702 τοῦ
2731 4645 2886 4712 Θεοῦ,
2908 4644 3006 4715 τὴν
3034 4643 3161 4714 περὶ
3193 4640 3359 4696 αὐτοῦ
3388 4641 3592 4710 νόησιν.
3619 4628 3825 4722 Λόγον

634 4720 835 4796 riatur.
857 4720 1152 4798 Rationem
1178 4753 1361 4798 autem
1406 4744 1473 4798 de
1501 4745 1615 4798 Deo
1642 4743 1789 4809 dico,
1831 4761 1952 4815 qua:
2014 4761 2080 4800 ex
2107 4720 2199 4800 το·
2235 4738 2256 4793 ῐ

2235 4738 2276 4793 D
2304 4743 2433 4812 περὶ
2460 4720 2595 4795 Θεοῦ
2648 4758 2808 4811 φημι,
2851 4738 2948 4808 τὴν
2997 4738 3061 4789 ἐκ
3100 4734 3207 4787 τῶν
3242 4734 3415 4787 ὖντων
3454 4727 3725 4795 ἀναλογίαν
3748 4720 3823 4815 τῆς

632 4829 738 4887 bus
762 4848 863 4903 per
912 4833 1328 4904 proportionem
1357 4845 1620 4905 certaque
1650 4837 2065 4905 comparatione
2084 4836 2203 4906 Spi-

699 5009 722 5034 ¹¹
751 5007 836 5066 Cf.
870 5009 940 5064 ad
969 5009 1216 5065 Thalass.
1256 5026 1311 5081 q.
1347 5010 1434 5065 60.

693 5186 776 5314 ἕρ
806 5186 926 5254 Τὴν
948 5185 1064 5256 μὲν
1083 5185 1393 5255 σχετικὴν.
1417 5185 1577 5240 Nulla
1603 5184 1694 5240 hic
1710 5185 2054 5240 commodius
2068 5199 2201 5240 voce

772 5259 789 5312 i
827 5257 1104 5314 videatur.
1153 5272 1318 5314 uuam
1369 5257 1416 5310 si
1470 5255 1873 5310 intentionalem
1909 5256 2156 5310 dicamus
2180 5272 2195 5314 ς

630 5255 789 5317 reddi
827 5257 1104 5317 videatur,
1153 5272 1318 5326 quam
1369 5257 1416 5310 si
1470 5255 1881 5326 intentionalem,
1909 5256 2195 5320 dicamus;

630 5329 787 5401 quasi
831 5328 888 5382 in
915 5326 1082 5381 animi
1112 5325 1425 5402 rationibus
1453 5335 1510 5382 et
1549 5325 1997 5402 appreliensionc
2050 5326 2198 5402 posit

631 5395 777 5465 tam;
802 5412 965 5468 quam
987 5405 1043 5452 et
1070 5396 1444 5468 abstractivam
1463 5395 1679 5468 radiori
1710 5395 1980 5468 vocabulo
2023 5395 2196 5468 nostri

631 5465 870 5538 theologi
898 5475 1115 5538 vocant.
1165 5466 1358 5538 Atlinis
1387 5482 1521 5538 usus
1553 5466 1705 5538 illius
1748 5465 1902 5538 vocis
1944 5465 2198 5519 Patribus

629 5554 705 5592 vn
762 5535 978 5609 synodi,
1030 5537 1162 5609 dum
1210 5537 1593 5592 adorationem
1646 5535 1970 5609 imaginum,
2033 5550 2200 5609 quam

633 5604 907 5672 sanciunt,
934 5607 1186 5684 σχετικὴν
1214 5617 1450 5673 vocant;
1482 5622 1606 5684 quae
1631 5604 1987 5684 scilicet_non
2016 5605 2085 5684 ad
2112 5604 2197 5684 ip:

632 5693 748 5731 sam
774 5692 911 5738 rem,
940 5675 1003 5730 ut
1033 5677 1086 5731 in
1129 5675 1189 5730 Se
1217 5686 1324 5742 est,
1372 5675 1721 5739 terminatur,
1773 5675 1870 5729 sed
1923 5683 1985 5728 ut
2023 5675 2078 5727 in
2110 5675 2195 5728 sui

631 5746 1010 5812 similitudine,
1047 5747 1232 5802 animo
1261 5747 1518 5816 cogitanti
1544 5746 1700 5817 quasi
1727 5759 1967 5822 prazsens
2007 5743 2196 5816 objici-

2311 4811 2442 4906 περὶ
2473 4832 2635 4886 αὐτοῦ
2661 4831 2967 4901 γνωστικῆς
2996 4827 3258 4899 θεωρίαςο
3285 4824 3538 4896 αἴσθησιν
3561 4820 3636 4885 δὲ,
3665 4815 3752 4888 τὴν
3778 4811 3825 4863 ὲν

2311 5192 2422 5248 tur,
2450 5197 2514 5238 ac
2537 5181 2770 5252 quadam
2799 5181 2853 5235 in
2873 5196 2999 5252 eam
3022 5179 3325 5252 intentione
3364 5193 3430 5233 ac
3461 5185 3818 5252 motu,_secun-

2306 5244 2436 5308 dum
2456 5244 2620 5323 quam
2641 5253 2842 5307 dicitur
2856 5251 3048 5324 honor
3076 5249 3325 5324 imaginis
3349 5247 3577 5324 transire
3571 5244 3653 5324 ad
3671 5254 3818 5324 exem-

2304 5327 2424 5392 plar
2450 5315 2546 5378 scil
2572 5320 3111 5393 prototypum,_Nihit
3141 5319 3210 5393 ad
3235 5334 3373 5378 rem,
3397 5315 3541 5393 quod
3571 5315 3715 5393 Picus
3748 5323 3816 5393 se-

2304 5377 2412 5448 inel
2433 5377 2491 5448 et
2520 5377 2719 5447 iterum
2751 5377 3092 5445 reconditam.
3129 5389 3211 5444 Ac
3267 5377 3432 5444 certe.
3446 5387 3602 5456 longe
3634 5377 3814 5455 inaudi-

2304 5462 2669 5536 tum_mundo,
2713 5460 2866 5536 qu_od_
2905 5460 3032 5536 quis
3082 5459 3315 5536 exejus
3363 5455 3816 5536 interpretamentlf

2301 5533 2600 5604 conﬁceret
2639 5525 3053 5604 vocabularium
3078 5546 3096 5604 _:
3121 5525 3385 5604 ‘sicisine‘
3407 5525 3608 5604 judicio
3627 5525 3810 5604 .ctm'cia

2298 5603 2420 5656 viro
2444 5601 2854 5678 arbitraria_;__ut
2892 5600 3046 5678 quod
3078 5599 3190 5664 hic,
3221 5601 3255 5669 ή
3291 5587 3500 5678 μλεθέξει
3527 5587 3810 5678 κατ’-θίνξῇ

2301 5687 2458 5738 γειαν
2488 5669 2712 5740 γνῶσις,
2745 5670 2825 5724 illi
2853 5669 3078 5741 cognitio
3106 5679 3190 5741 est
3215 5669 3472 5738 particeps
3491 5669 3770 5736 operationis
3793 5669 3807 5704 ὲ

2299 5741 2447 5813 quod
2491 5739 2698 5812 ἔφεσιν,
2733 5754 2833 5811 pro
2851 5739 3112 5825 omnem
3133 5739 3412 5808 decoquit,
3439 5746 3541 5792 etc.
