4012 6428
178 366 332 433 I317

854 363 1187 426 CAPITUM
1227 359 1648 434 QUINQUIES
1678 322 2201 419 cmiTENoa‘UM
2239 361 2625 422 CENTURIA
2663 360 2758 421 1v.

3290 355 3425 422 1318

165 486 240 553 τῇ
284 481 499 553 μεθέξει
541 484 737 553 πεῖραν
763 479 871 533 τῶν
903 478 1044 547 ὑπὲρ
1074 477 1235 548 φύσιν
1283 474 1535 545 ἅγαοῶνο
1564 473 1743 543 νόησιν

1853 470 2030 527 ritalis
2070 472 2339 543 doctaque
2394 473 2463 528 de
2510 473 2629 544 ipso
2675 472 3048 528 consideratio
3108 489 3174 530 ac
3222 490 3425 544 specu-

164 574 253 639 δὲ,
288 573 389 645 τὴν
420 574 487 627 ἐκ
515 573 828 626 τῶνόντων
861 570 1039 640 ἁπλῆν
1078 569 1207 641 περὶ
1233 567 1397 623 αὐτοῦ
1427 567 1521 621 καὶ
1543 564 1743 621 ἑνιαίαν

1852 564 1985 619 latio
2010 575 2135 632 est;
2168 580 2389 620 sensum
2419 582 2584 631 vero,
2619 581 2739 620 eam
2770 566 3043 619 bonorum
3090 576 3287 621 natura
3334 584 3427 622 su-

164 664 382 731 γνῶσιν
403 682 420 698 ο
454 666 594 736 τάχα
620 665 676 719 δὲ
710 664 806 719 κα)⁸
834 664 921 717 ἐπ’
948 662 1113 718 ἄλλον
1139 660 1339 724 παντὸς
1366 658 1522 713 τοῦτο
1550 656 1751 726 γνωρί-

165 755 359 820 ζεται·
435 756 594 827 εἴπερ
658 756 692 825 ή
741 753 894 807 τοῦδε
955 752 1050 807 τοῦ
1094 752 1417 823 πράγματος
1444 752 1625 820 πεῖρα,
1661 748 1752 801 τὸν

163 847 310 918 περὶ
345 846 512 901 αὑτοῦ
538 843 848 899 καταπαύει
893 844 1053 911 λόγον
1078 860 1093 873 ·
1124 842 1218 895 καὶ
1244 844 1277 912 ὴ
1305 840 1457 893 τοῦδε
1486 839 1581 892 τοῦ
1606 839 1749 907 πρά-

162 954 388 1008 γματος
414 936 688 1007 αἴσθησις,
720 935 816 1006 τὴν
840 936 964 1005 περὶ
991 932 1155 987 αὐτοῦ
1184 932 1550 1002 σχολάζουσαν
1582 930 1751 1001 ὲργά·

164 1030 331 1093 ζεται
354 1028 559 1099 νόησιν.
591 1029 793 1098 Πείραν
822 1026 876 1079 δὲ
902 1025 1068 1094 λέγω.
1102 1025 1270 1094 αὐτὴν
1304 1023 1401 1095 τὴν
1449 1024 1571 1077 κατ’
1601 1022 1750 1092 ὲνέρ-

161 1138 332 1189 γειαν
358 1121 583 1192 γνῶσιν,
616 1120 713 1191 τὴν
746 1119 883 1190 μετὰ
913 1121 1091 1172 πάντα
1127 1117 1285 1185 λόγον
1329 1117 1712 1185 ἐπιγινομένην
1732 1131 1745 1146 ο

160 1213 430 1284 αἴσθησιν
457 1213 534 1277 δὲ,
564 1212 736 1283 αὐτὴν
763 1210 860 1264 τοῦ
888 1209 1223 1280 γνωσθέντος
1244 1210 1342 1278 τὴν
1393 1208 1628 1278 μέθεξιν,
1652 1208 1749 1276 τὴν

165 1302 316 1371 μετά
343 1305 523 1355 πᾶσαν
564 1302 747 1371 νόησιν
781 1300 1199 1369 ὲκφαινομὲνην.
1238 1299 1347 1351 Καὶ
1385 1297 1541 1350 τοῦτο
1588 1297 1748 1365 τυχὸν

165 1390 453 1460 μυστικῶς
478 1391 744 1444 διδάσκων
766 1392 795 1442 ὁ
822 1390 997 1461 μέγας
1032 1389 1381 1452 Ἀπόστολος,
1411 1389 1593 1459 φησιν’
1612 1389 1748 1441 Εἴτε

159 1482 237 1535 δὲ
274 1480 629 1551 προφητεῖαι
682 1481 1266 1550 καταργηθήσονται,
1314 1480 1435 1533 εἴτε
1476 1478 1749 1547 γλῶσσαι

161 1576 535 1638 παύσονται,
586 1572 708 1625 εἴτε
760 1572 984 1641 γνῶσις
1042 1570 1575 1640 καταργηθήσεται,
1622 1570 1751 1641 περ)⁵

162 1668 272 1737 τῆς
298 1667 362 1719 ὲν
395 1665 537 1735 λόγῳ
558 1664 819 1735 κειμένης
842 1663 936 1717 καὶ
968 1666 1201 1735 νοήμασι
1231 1662 1483 1732 γνώσεως
1510 1661 1750 1733 δηλονότι

163 1759 422 1828 φάσκων.

1851 659 2134 727 periurum
2190 659 2583 729 experientiam
2614 701 2627 723 ,
2672 676 2794 729 quae
2829 660 3251 729 participatione
3293 676 3426 715 con-

1851 752 2042 807 sistit:
2078 751 2466 820 cogitationem
2516 768 2650 806 vero
2701 768 2795 807 seu
2826 752 3135 815 notionem,
3184 769 3305 823 qua:
3356 752 3425 806 de

1850 846 1969 915 ipso
1991 852 2075 897 est
2095 859 2160 897 ex
2180 843 2346 896 rebus
2363 844 2665 913 simplicem
2688 859 2753 897 ac
2775 843 3109 912 singularem
3133 844 3424 898 scientiam

1848 934 2327 1005 accognitionem.
2361 934 2521 988 Forte
2547 949 2678 987 vero
2725 934 2891 987 ctiam
2948 934 3004 987 in
3060 950 3121 989 re
3178 934 3425 1004 qualibet

1848 1026 1993 1082 idem
2035 1043 2139 1081 usu
2173 1027 2359 1092 venit;
2404 1027 2678 1096 siquidem
2728 1027 2809 1081 rei
2856 1028 2981 1082 talis
3035 1028 3379 1097 experientia
3406 1067 3421 1090 ,

1847 1135 1967 1189 qua:
1989 1120 2057 1173 de
2075 1120 2164 1172 illa
2186 1128 2291 1181 est,
2318 1120 2584 1172 rationem
2607 1135 2819 1173 cessare
2844 1119 3004 1183 facit;
3034 1120 3307 1189 bujusque
3342 1118 3424 1173 rei

1848 1204 1973 1257 talis
2003 1220 2219 1266 sensus,
2240 1222 2361 1274 qua:
2390 1205 2458 1259 de
2489 1205 2579 1259 illa
2601 1214 2705 1270 est,
2738 1207 3125 1275 cogitationem
3146 1224 3241 1262 seu
3272 1223 3426 1262 com-

1848 1296 2236 1349 mentationcm
2266 1298 2495 1350 otiosam
2527 1296 2727 1349 reddit.
2768 1298 3212 1366 Experimentum
3238 1310 3421 1356 autem

1852 1385 1997 1450 dico,
2024 1387 2194 1455 ipsam
2224 1388 2405 1455 reipsa
2425 1388 2478 1440 in
2502 1399 2624 1442 actu
2646 1388 2930 1442 scientiam
2950 1406 3012 1442 ac
3030 1390 3419 1460 cognitionem,

1848 1494 1968 1548 quae
1988 1488 2109 1548 post
2133 1494 2350 1533 omnem
2376 1480 2588 1534 accedit
2610 1482 2877 1535 rationem
2896 1493 3060 1552 atque
3074 1499 3381 1537 sermonem
3403 1501 3418 1537 :

1849 1587 2069 1626 sensum
2103 1587 2257 1635 vero,
2293 1572 2465 1642 ipsam
2488 1573 2607 1642 ejus
2638 1574 2784 1643 quod
2830 1576 3028 1628 scitum
3078 1585 3162 1629 est
3190 1616 3204 1639 ,
3258 1584 3422 1645 atque

1850 1664 2129 1733 cognitum
2148 1664 2556 1733 perceptionem
2575 1668 3097 1735 commerciumque,
3116 1674 3238 1735 post
3254 1666 3423 1721 animi

1851 1751 2153 1821 cogitatum
2182 1765 2400 1804 omnem
2431 1766 2494 1804 ac
2525 1750 2947 1821 intelligentiam
2972 1758 3217 1809 elucens.
3250 1752 3424 1823 idque

165 1850 408 1905 forsitan
438 1849 665 1920 mystice
697 1847 899 1903 docens
938 1862 1166 1917 magnus
1197 1845 1492 1915 Apostolus
1513 1844 1695 1899 aiebat
1720 1863 1733 1899 :
1765 1844 1881 1901 Sive
1906 1843 2188 1916 prophetia:
2213 1844 2622 1905 evacuabuntur,
2659 1843 2764 1895 sive
2785 1842 2975 1913 linguw
3005 1847 3297 1910 cessabunt,
3318 1849 3424 1902 sive

160 1941 390 1995 scientia
411 1940 711 1993 destruetur
734 1938 812 2003 ¹⁸;
855 1952 1052 2007 nempe
1072 1937 1140 1992 de
1162 1952 1224 1991 ea
1238 1936 1468 2005 loquens
1495 1936 1748 2002 scientia,
1789 1953 1911 2007 qua:
1939 1936 1995 1990 in
2027 1935 2239 1990 ratione
2268 1933 2548 2003 animique
2612 1934 2791 1988 sensis
2838 1944 2894 1989 et
2930 1936 3262 2006 cogitatibus
3291 1956 3423 1995 con-

163 2034 343 2089 sistit.

233 2122 338 2193 λβ’.
395 2123 592 2194 Ἐχρῆν
636 2122 712 2186 ὡς
758 2120 973 2193 ἀληθῶς
1003 2120 1094 2174 τὸν
1131 2120 1273 2174 κατὰ
1320 2119 1482 2189 φύσιν
1509 2121 1607 2188 τῆς
1638 2120 1743 2173 τῶν

1916 2120 2003 2176 52.
2040 2120 2281 2175 Decebat
2312 2119 2460 2173 enim
2509 2134 2704 2173 revera
2733 2159 2748 2183 ,
2789 2134 2939 2185 eum,
2976 2120 3071 2189 qui
3112 2122 3418 2177 secundum

158 2214 341 2269 ὄντων
378 2214 567 2275 οὐσίας
613 2212 965 2284 δημιουργὸν,
997 2214 1089 2265 καὶ
1121 2212 1221 2283 τῆς
1258 2215 1399 2267 κατὰ
1425 2213 1584 2283 χάριν
1613 2215 1746 2266 αύτ-

157 2302 364 2373 ουργδν
419 2301 671 2370 γενέσθαι
718 2300 830 2354 τῶν
905 2302 1208 2369 γεγονότων
1264 2300 1550 2365 θεὼσεως·
1599 2303 1687 2355 ἵνα
1716 2302 1745 2355 ό

160 2394 264 2447 τοῦ
302 2390 443 2449 εἶναι
486 2393 675 2464 δοτὴρ,
710 2395 852 2465 φανῇ
893 2394 988 2447 καὶ
1029 2394 1124 2446 τοῦ
1152 2395 1239 2447 ἀεὶ
1260 2389 1317 2447 εὖ
1345 2389 1484 2446 εἶναι.
1508 2411 1748 2465 χαριστι-

160 2486 285 2548 κός.
322 2485 475 2539 Ἐπεὶ
504 2481 598 2538 οὖν
624 2485 777 2539 οὐδὲν
808 2484 917 2538 τῶν
940 2484 1109 2537 ὄντων
1153 2485 1313 2538 ἑαυτὸ
1336 2486 1681 2556 τοπαράπαν,
1711 2486 1743 2556 ἢ

161 2576 301 2632 ἄλλο
347 2578 607 2647 γινώσκει
633 2580 660 2632 ὅ
686 2578 737 2631 τί
780 2595 908 2632 ποτε
931 2577 1052 2631 κατ’
1075 2577 1261 2631 οὐσίαν
1306 2579 1471 2641 ἐστὶν,
1523 2578 1745 2641 εἰκότως

159 2672 291 2726 ούδὲ
346 2671 455 2724 τῶν
496 2672 876 2740 γενησομένων
929 2670 1141 2733 οὐδενὸς
1178 2668 1334 2721 οὐδὲν
1386 2669 1495 2722 τῶν
1556 2669 1742 2734 ὀντων,

162 2761 283 2832 ἔχει
312 2763 455 2814 κατὰ
486 2761 647 2830 φύσιν
679 2760 777 2829 τὴν
804 2759 1135 2829 πρόγνωσιν,
1190 2758 1333 2830 πλὴν
1377 2759 1471 2813 τοῦ
1502 2760 1640 2830 ὑπὲρ
1675 2760 1745 2813 τὰ

159 2854 297 2907 ὄντα
318 2852 472 2918 Θεοῦ,
503 2856 596 2905 καὶ
625 2852 817 2904 ἑαυτὸν
866 2851 1245 2920 γινώσκοντος.
1271 2852 1300 2905 ὃ
1325 2868 1380 2903 τι
1404 2853 1525 2904 κατ’
1559 2852 1745 2904 οὐσίαν

162 2946 309 3011 ἐστὶ,
346 2946 440 2999 καὶ
474 2945 686 2997 πάντων
716 2943 823 2996 τῶν
877 2942 970 2996 ὑπ’
1015 2942 1181 2995 αὐτοῦ
1214 2928 1617 3014 πεποιημένων,
1653 2945 1745 2996 καὶ
1776 2943 1795 2981 Ι

163 3040 300 3109 πρὶν
329 3035 584 3105 γενέσθαι
619 3035 1025 3107 προεγνωκότος
1052 3036 1151 3105 τὴν
1182 3033 1414 3105 ὓπαρξιν
1440 3052 1454 3066 ·
1491 3036 1581 3087 καὶ
1614 3035 1743 3104 μέλ·-

162 3125 350 3184 ).οντο;
381 3124 521 3177 κατὰ
542 3123 702 3194 χάριν
754 3122 1160 3193 φιλοτιμεῖσθαι.
1198 3125 1309 3185 τοῖς
1338 3117 1453 3175 οὖσι
1485 3123 1585 3193 τὴν
1616 3125 1743 3176 ὲαυ-

78 3278 83 3283 η
161 3214 298 3277 τῶν,
332 3212 425 3266 καὶ
471 3213 668 3275 ἄλλων,
698 3212 727 3265 ὃ
770 3211 823 3265 τί
864 3228 994 3265 ποτε
1036 3212 1157 3264 κατ’
1206 3210 1393 3264 οὐσίαν
1443 3211 1745 3281 ὑπάρχουσι

161 3306 393 3375 γνῶσιν,
433 3305 529 3357 και
570 3306 698 3367 τοὺς
736 3304 794 3357 ὲν
836 3303 985 3374 αὐτῷ
1037 3303 1323 3374 μονοειδῶς
1350 3303 1615 3374 προόντας
1645 3302 1746 3373 τῆς

163 3398 349 3451 αὐτῶν
372 3396 639 3463 γενέσεως
670 3396 985 3467 φανερῶσαι
1016 3395 1229 3465 λόγους.

1845 2221 2099 2265 naturam
2129 2210 2383 2264 essentia:
2427 2226 2611 2265 rerum
2657 2210 2912 2265 conditor
2958 2211 3051 2276 sit,
3103 2222 3419 2267 creatorum

1846 2319 2063 2374 quoque
2094 2302 2478 2367 deificationis,
2521 2319 2641 2372 qua:
2670 2320 2769 2373 per
2796 2304 3029 2374 gratiam
3058 2312 3164 2369 est,
3220 2320 3417 2360 auuo-

1846 2412 1961 2450 rem
1991 2396 2298 2461 exsistere;
2333 2405 2392 2450 ut
2425 2396 2519 2465 qui
2547 2406 2605 2448 ut
2631 2405 2815 2450 essent
2862 2406 3213 2452 concesserat
3236 2438 3249 2460 ,
3298 2399 3418 2467 ejus

1845 2486 1991 2555 quod
2024 2495 2109 2541 est
2136 2503 2353 2556 semper
2396 2487 2535 2541 bene
2576 2503 2696 2540 esse
2729 2487 3189 2557 sempiternaeque
3238 2488 3417 2544 felici-

1848 2581 1974 2633 tatis
2007 2580 2237 2649 largitor
2252 2580 2509 2635 eniteret.
2540 2579 2675 2633 Cum
2704 2579 2869 2649 igitur
2898 2580 3047 2632 nulla
3074 2595 3161 2634 res
3190 2582 3417 2639 omnino

1848 2669 1966 2739 ipsa
1994 2686 2075 2733 se,
2127 2678 2289 2723 autve
2324 2671 2485 2723 aliam
2522 2680 2853 2739 cognoscat,
2900 2670 3166 2738 quidnam
3214 2671 3284 2725 sit
3318 2687 3420 2741 per

1847 2761 2179 2825 essentiam;
2222 2761 2417 2814 metito
2448 2760 2527 2823 fit,
2562 2770 2622 2813 ut
2656 2776 2758 2814 nec
2801 2762 2910 2814 ulla
2960 2762 3192 2831 alicujus
3223 2778 3418 2818 eorum

1845 2865 1967 2918 quae
2002 2850 2188 2903 futura
2219 2859 2366 2911 sunt,
2400 2864 2468 2902 ex
2512 2858 2708 2902 natura
2753 2849 3152 2917 pnescientiam
3194 2850 3415 2918 habeat,

1846 2957 1957 2994 uno
1988 2940 2273 3000 duntaxat,
2300 2940 2392 3007 qui
2428 2948 2511 2992 est
2540 2955 2706 3007 super
2742 2940 2927 2992 omnia
2952 2982 2966 3003 ,
3018 2950 3249 3010 excepto
3279 2942 3412 3007 Deo,

1844 3031 1939 3101 qui
1996 3041 2052 3083 et
2104 3031 2219 3098 ipse
2265 3029 2505 3097 seipsum
2539 3039 2833 3098 cognoscat
2882 3031 3142 3098 quidnam
3198 3033 3270 3087 sit
3316 3050 3416 3103 per

1844 3119 2160 3181 essentiam,
2192 3120 2547 3186 omniumque
2574 3134 2762 3172 eorum
2787 3135 2907 3187 quae
2937 3120 3006 3173 ab
3043 3121 3162 3189 ipso
3191 3123 3415 3178 condita

1846 3217 1994 3273 sunt,
2024 3208 2340 3276 priusquam
2372 3208 2539 3261 etiam
2573 3208 2942 3262 conderentur
2985 3210 3143 3279 592
3196 3222 3413 3267 essent-

1846 3316 1952 3369 que
1990 3299 2159 3363 edita,
2213 3301 2576 3354 substantiam
2625 3310 2931 3369 praenoscat
2966 3319 2977 3355 :
3016 3302 3110 3371 qui
3171 3303 3413 3375 denique

1846 3408 1945 3463 per
1975 3392 2203 3463 gratiam
2226 3392 2509 3446 liberalius
2540 3393 2701 3446 rebus
2733 3393 3033 3447 collaturus
3053 3394 3143 3459 sit,
3193 3404 3252 3449 ut
3281 3396 3415 3465 ipsa

162 3507 222 3550 se
252 3534 267 3555 .
296 3494 650 3563 vicissimque
703 3492 825 3546 alite
878 3491 1013 3546 alias
1060 3498 1434 3562 cognoscant,
1478 3488 1742 3561 quidnam
1788 3490 2020 3558 sintper
2054 3488 2369 3551 essentiam,
2411 3488 2579 3557 inque
2643 3487 2828 3556 seipso
2878 3487 3227 3543 uniformiter
3266 3507 3412 3561 prae-

160 3584 470 3641 existentes
498 3600 687 3639 earum
717 3583 946 3653 originis
985 3585 1164 3654 palam
1207 3584 1340 3654 ipsis
1370 3584 1617 3638 facturus
1653 3582 1916 3636 rationes.

240 3675 344 3743 λδί.
397 3676 455 3728 '0
489 3676 589 3744 τὴν
635 3675 797 3744 φύσιν
832 3675 940 3727 τῶν
985 3674 1286 3745 ἀνθρώπων
1332 3676 1740 3745 δημιουργήσας
1767 3677 1807 3733 C

162 3762 465 3835 Μγοςμιᾳ.
513 3765 581 3817 ad
621 3762 836 3818 Thalna.
872 3779 924 3833 q.
974 3761 1062 3815 6|.
1103 3761 1282 3832 ΘεὸςΙ,
1318 3763 1381 3815 οὐ
1427 3764 1739 3815 συνέκτισεν

164 3857 311 3926 αὐτῇ
336 3855 479 3908 κατὰ
502 3854 775 3924 αἴσθησιν,
810 3852 933 3906 οὔτε
961 3853 1174 3923 ἡδονὴν,
1209 3851 1331 3905 ούτε
1364 3851 1581 3921 ὀδύνην·
1607 3850 1741 3904 ἀλλὰ

165 3945 403 4015 δύναμίν
441 3962 562 3997 τινα
594 3944 735 3997 κατὰ
764 3942 887 3996 νοῦν
929 3944 1066 4014 αὐτῇ
1102 3943 1238 4013 πρὸς
1267 3942 1479 4013 ἡδονὴν,
1517 3941 1640 3995 καθ’
1673 3944 1739 4012 ἢν

164 4038 420 4108 ἀρρήτως
467 4036 759 4091 ἀπολαύειν
786 4034 951 4088 αὑτοῦ
990 4034 1297 4106 δυνήσεται,
1332 4034 1737 4101 ὲνετεκτήνατο.

165 4127 387 4199 Ταύτην
426 4128 483 4181 δὲ
529 4128 627 4198 τὴν
673 4126 930 4196 δύναμιν,
978 4125 1124 4193 λέγω
1172 4124 1357 4193 δὲτὴν
1395 4126 1533 4178 κατὰ
1576 4124 1737 4191 φύσιν

161 4217 264 4272 τοῦ
298 4217 391 4271 νοῦ
421 4216 557 4288 πρὸς
597 4218 689 4269 τὸν
721 4216 853 4269 Θεὸν
890 4214 1096 4284 ἔφεσιν,
1132 4215 1246 4284 ἅμα
1274 4215 1350 4283 τῷ
1366 4215 1637 4283 γενέσθαι,
1667 4217 1734 4284 τῇ

160 4308 420 4379 αἰσθήσει
447 4308 569 4370 δοὺς
597 4309 625 4360 δ
662 4306 878 4377 πρῶτος
904 4305 1214 4376 ἄνθρωπος,
1237 4304 1373 4377 πρὸς
1404 4304 1470 4356 τὰ
1505 4304 1735 4369 αἰσθητὰ

162 4397 292 4451 κατ’
324 4396 492 4466 αὐτὴν
524 4396 623 4466 τὴν
670 4394 894 4466 πρώτην
935 4394 1149 4464 κίνησιν
1191 4393 1278 4445 διὰ
1322 4392 1493 4462 μέσης
1516 4393 1615 4463 τῆς
1649 4393 1735 4445 αἰ-

164 4488 415 4559 σθήσεως
457 4486 583 4557 ἔσχε
638 4488 791 4557 παρὰ
836 4484 997 4556 φύσιν
1035 4485 1438 4554 ἐνεργουμένην
1479 4482 1577 4554 τὴν
1610 4484 1733 4553 ἠδο-

162 4580 301 4649 νήν·
334 4572 479 4651 ᾗτινι
543 4579 685 4631 κατά
729 4576 985 4648 πρόνοιαν
1037 4577 1066 4628 ὁ
1118 4577 1217 4645 τῆς
1259 4574 1733 4647 ήμῶνσωτηρὶας

163 4670 489 4741 κηδόμενος,
510 4670 828 4740 παρέπηξεν
858 4668 1048 4739 ὥσπερ
1072 4669 1194 4721 τινὰ
1223 4668 1462 4738 τιμωρὸν
1482 4668 1729 4739 δύναμιν,

162 4761 265 4831 τὴν
300 4760 530 4828 ὀδύνηνο
584 4760 707 4814 καθ’
750 4761 816 4831 ἦν
860 4760 889 4812 ὁ
937 4758 1030 4811 τοῦ
1077 4757 1304 4811 θανάτου
1363 4758 1499 4828 μετά
1543 4760 1733 4825 σοφίας

162 4851 498 4924 ὲνερῤιξώθη
524 4854 589 4923 τῇ
614 4851 705 4904 τοῦ
729 4851 981 4920 σώματος
1005 4848 1165 4919 φύσει
1194 4849 1377 4918 νόμος,
1407 4848 1731 4920 περιορίζων

160 4944 265 5015 τῆς
302 4942 398 4996 τοῦ
431 4943 523 4996 νοῦ
578 4942 777 5011 μανίας
828 4941 981 5013 παρὰ
1027 4944 1191 5013 φύσιν
1243 4939 1335 4992 ἐπὶ
1380 4939 1449 4993 τὰ
1493 4939 1729 5011 αἰσθητὰ

162 5036 495 5106 κινουμένην
516 5034 613 5106 τὴν
637 5034 845 5104 ἔφεσιν.

234 5128 331 5184 λδ’.
383 5128 577 5200 Ἡδονὴ
626 5129 722 5182 καὶ
766 5126 950 5199 ὀδύνη,
1000 5127 1068 5198 τῆ
1102 5126 1262 5197 φύσει
1290 5125 1389 5197 τῆς
1420 5124 1623 5196 σαρκὸς
1666 5126 1727 5178 οὺ

163 5221 598 5292 συνεκτίσθησαν
618 5238 631 5251 ·
664 5220 780 5274 ἀλλ’
816 5221 849 5292 ἡ
876 5219 1205 5292 παράϐασις,
1233 5220 1332 5288 τὴν
1362 5217 1481 5289 μὲν,
1506 5216 1731 5287 ἐπενόη-

164 5331 257 5368 σεν
286 5316 369 5377 εἰς
394 5314 600 5385 φθορὰν
638 5314 736 5384 τῆς
762 5312 1135 5385 προαιρέσεως
1154 5329 1167 5343 ο
1204 5312 1303 5382 τὴν
1329 5310 1408 5374 δὲ,
1442 5309 1730 5362 κατεδίκα-

164 5424 260 5461 σεν
290 5409 371 5470 εις
402 5406 554 5461 λύσιν
590 5411 689 5478 τῆς
719 5406 933 5477 φύσεως
954 5423 969 5437 ·
998 5407 1085 5462 ἵνα
1114 5407 1149 5476 ἡ
1198 5405 1296 5476 μὲν
1323 5402 1508 5475 ἡδονὴ,
1546 5401 1725 5472 ψυχῆς

164 5501 412 5555 ἑκούσιον
467 5502 764 5572 ἐργάσηται
823 5499 1052 5553 θάνατον
1105 5498 1204 5569 τὴν
1242 5495 1545 5567 ἁμαρτίαν·
1589 5495 1623 5561 ἡ
1669 5494 1727 5546 δὲ

163 5594 325 5663 ὀδύνη
353 5593 439 5646 διὰ
467 5594 566 5662 τῆς
611 5592 837 5660 λύσεως,
871 5591 967 5664 τὴν
988 5593 1112 5647 κατ’
1143 5586 1283 5655 εἶδος
1305 5588 1600 5659 ποιήσηται
1630 5586 1730 5656 τῆς

235 5753 282 5786 ⁸⁸
313 5753 478 5809 lCor.
503 5769 616 5820 xm,
648 5755 698 5808 8.

1912 3672 1997 3725 55.
2036 3671 2138 3737 Qui
2187 3673 2479 3725 humanam
2521 3679 2772 3743 naturam
2806 3671 3053 3725 condidit
3098 3673 3242 3729 Deus
3274 3714 3289 3737 ,
3340 3692 3409 3731 eo

1842 3765 1988 3834 quod
2016 3764 2281 3829 condidit,
2321 3779 2500 3832 neque
2542 3764 2879 3833 voluptatem
2934 3779 3113 3833 neque
3161 3766 3409 3823 dolorem

1840 3854 1990 3907 illius
2019 3854 2201 3907 sensui
2235 3853 2436 3907 indidit
2475 3872 2486 3906 :
2521 3853 2615 3907 sed
2651 3854 2760 3907 vim
2803 3856 3095 3923 quamdam
3125 3856 3310 3911 animo
3338 3859 3409 3913 ad

1838 3944 2172 4013 voluptatem
2204 3945 2505 3998 fabricatus
2527 3952 2631 4008 est,
2662 3944 2968 3998 secundum
3003 3962 3167 4015 quam
3208 3962 3409 4006 arcana

1839 4035 2114 4104 nullisque
2145 4036 2332 4089 verbis
2388 4036 2701 4100 explicabili
2750 4037 2964 4092 ratione
2992 4078 3006 4101 ,
3064 4039 3184 4108 ipso
3223 4050 3409 4111 posset

1838 4125 1967 4179 frui.
2007 4126 2156 4179 Hanc
2201 4127 2382 4196 itaque
2415 4128 2523 4180 vim
2558 4129 2828 4199 (naturale
2876 4130 3088 4184 scilicet
3120 4134 3322 4187 mentis
3348 4134 3408 4189 in

1837 4213 2007 4266 Deum
2038 4214 2397 4284 desiderium)
2428 4215 2638 4284 primus
2681 4216 2849 4270 homo
2878 4232 3001 4269 mox
3042 4234 3107 4271 ac
3150 4221 3409 4277 conditus

1835 4302 2033 4363 fuerat,
2085 4304 2270 4357 sensui
2315 4304 2612 4370 addicens,
2663 4321 2937 4375 propense
2969 4308 3024 4361 in
3067 4325 3129 4362 ea
3173 4326 3295 4380 quae
3349 4313 3407 4368 in

1835 4411 2056 4449 sensum
2084 4396 2305 4460 cadunt,
2331 4397 2509 4465 primo
2537 4398 2654 4466 ipso
2677 4408 2849 4459 motu.
2886 4400 3214 4457 intermedio
3240 4420 3405 4461 sensu

1836 4488 2203 4541 innaturalem
2237 4489 2417 4557 reipsa
2466 4490 2765 4542 exercitam
2796 4498 2958 4560 atque
2997 4492 3274 4563 vigentem
3311 4512 3410 4550 vo-

1836 4578 2102 4646 luptatem
2135 4577 2361 4641 habuit;
2387 4578 2474 4631 cui
2495 4594 2591 4647 per
2614 4579 3041 4647 providentiam,
3079 4584 3173 4652 qui
3200 4593 3411 4641 nostrae

1836 4684 2026 4723 curam
2054 4669 2247 4722 salutis
2270 4669 2414 4739 agit,
2473 4684 2574 4723 ceu
2626 4671 2736 4724 vim
2777 4672 3071 4741 quamdam
3124 4675 3404 4743 ultricem,

1834 4762 2081 4815 dolorem
2111 4760 2316 4825 aflixit;
2352 4776 2462 4829 quo
2494 4761 2772 4830 sapienter
2811 4763 3005 4817 mortis
3039 4765 3147 4829 lex,
3195 4774 3409 4824 natura;

1833 4853 2083 4922 corporis
2105 4852 2231 4905 altis
2247 4850 2423 4905 defixa
2446 4851 2729 4907 radicibus
2749 4861 2855 4919 est,
2880 4855 3208 4925 desipientis
3227 4858 3404 4913 animi

1835 4942 2116 4997 incitatam
2152 4942 2207 4995 in
2240 4956 2328 4996 res
2358 4942 2543 4997 sensui
2574 4942 2818 5014 objectas
2845 4944 3207 5000 innaturalem
3241 4948 3404 5019 cupi-

1765 5019 1808 5074 Ῑ)
1840 5033 2074 5088 ditatem
2111 5031 2401 5086 eliminans
2429 5041 2594 5101 atque
2632 5032 2952 5087 extrudens.

1908 5126 1997 5179 54.
2034 5124 2294 5194 Voluptas
2324 5140 2387 5179 ac
2411 5124 2588 5189 dolor,
2622 5140 2731 5179 non
2762 5141 2869 5179 una
2900 5140 3024 5179 cum
3053 5136 3251 5181 natura
3276 5144 3402 5182 car-

1836 5215 1922 5270 nis
1947 5214 2170 5270 condita
2211 5224 2375 5280 sunt;
2418 5214 2514 5268 sed
2566 5213 2925 5284 transgressio
2968 5214 3131 5269 aliam
3176 5216 3399 5285 quidem

1837 5307 1905 5361 ad
1932 5304 2229 5360 voluntatis
2257 5304 2423 5358 animi
2454 5303 2635 5358 labem
2684 5303 2998 5367 adinvenit;
3044 5304 3279 5359 alterum
3329 5321 3399 5360 ex

1834 5399 2182 5454 damnatione
2200 5398 2254 5451 in
2271 5397 2550 5453 interitum
2574 5405 2783 5451 natura;
2802 5396 3008 5452 invexit
3032 5414 3045 5449 :
3070 5412 3181 5466 quo
3196 5412 3397 5466 nempe

1832 5492 2086 5561 voluptas
2108 5490 2333 5560 quidem
2361 5504 2425 5543 ac
2458 5488 2630 5542 libido
2658 5495 3016 5558 spontaneam
3049 5488 3217 5542 animi
3249 5504 3397 5542 mor-

1836 5592 1946 5640 tem
1976 5585 2282 5654 (peccatum
2318 5580 2543 5650 scilicet)
2579 5580 2901 5647 asciscerct;
2926 5580 3085 5637 dolor
3113 5595 3247 5635 vero
3277 5578 3394 5634 dis-
