4108 6428
659 342 796 426 1319

1816 353 1875 418 S.
1917 349 2203 418 ΜΑΧΙΜΙ
2242 353 2752 421 CONFESSO'RIS

3736 365 3848 431 11m

653 469 919 526 solvendo
946 507 964 535 ,
1027 469 1214 525 carnis
1236 469 1419 541 ipSam
1453 474 1709 524 naturam
1760 466 2029 522 aboleret.
2079 468 2223 521 Deus
2252 473 2275 528 Α

2252 473 2298 528 Α
2329 469 2533 540 σαρκὸς
2564 471 2904 540 ἀπογένεσιν.
2937 474 3095 528 Κατὰ
3121 475 3378 544 πρόνοιαν
3417 443 3525 546 γαρ
3564 475 3690 546 πρὸς
3714 479 3848 534 κόλα-

652 563 800 618 enim
829 577 938 632 qua
971 577 1058 617 res
1075 562 1350 617 humanas
1373 560 1721 632 providentia
1743 561 2034 630 gubernat,
2059 559 2224 614 casti-

652 653 842 724 gandae
866 653 1082 708 libidini
1108 670 1230 723 qua:
1269 663 1354 708 cst
1399 652 1569 707 animi
1620 651 1924 714 voluntate,
1969 650 2224 704 in‘volun-

653 746 852 800 tarium
883 753 1097 800 natura:
1119 744 1389 808 dolorem,
1420 758 1505 808 ac,
1531 743 1690 813 cujus
1720 742 1813 796 ille
1855 742 2113 811 pararius
2136 748 2222 795 est

651 854 718 894 ac
739 850 954 905 auctor,
982 850 1215 894 mortem
1239 839 1511 910 adiunxit.

719 931 807 985 55.
838 931 920 986 Ob
943 946 1083 994 eam,
1117 946 1238 1000 qua:
1267 930 1577 985 abhorrens
1626 941 1656 984 a
1710 929 1926 984 ratione
1965 927 2222 996 voluptas

649 1032 860 1076 natura».
885 1021 1207 1085 inoleverat,
1243 1021 1334 1090 qui
1360 1034 1427 1075 ex
1453 1021 1667 1074 ratione
1698 1029 1784 1075 est
1809 1019 2009 1073 invasit
2037 1020 2215 1083 dolor;

648 1127 748 1181 per
769 1113 970 1167 multas
1000 1114 1210 1167 scilicet
1247 1127 1543 1174 aerumnas,
1569 1112 1622 1164 in
1637 1111 1841 1180 quibus
1859 1121 1914 1164 et
1935 1125 2000 1164 ex
2021 1110 2222 1180 quibus

646 1203 840 1257 mortis
857 1204 1032 1273 origo,
1053 1204 1417 1257 innaturalem
1454 1213 1746 1272 amputans
1767 1203 2104 1270 voluptatem
2128 1218 2141 1265 ;
2166 1210 2220 1254 at

646 1310 754 1349 non
801 1295 1028 1350 omnino
1075 1295 1242 1350 etiam
1306 1296 1532 1349 abolens
1577 1309 1646 1349 ‘ac
1700 1295 2058 1359 interimens;
2114 1309 2221 1362 qua

643 1387 905 1442 nimirum
946 1403 1067 1458 quae
1095 1396 1280 1442 mente
1314 1396 1419 1452 est,
1455 1388 1656 1442 divina:
1693 1386 1992 1456 voluptatis
2021 1387 2216 1456 gratia,

645 1479 866 1534 elucere
896 1478 1062 1533 habet
1095 1491 1158 1532 ac
1186 1492 1244 1531 se
1274 1477 1532 1547 prodere.

714 1589 804 1646 56.
840 1590 1043 1661 Sponte
1068 1589 1350 1645 adinventi
1379 1589 1754 1659 assumptique
1770 1589 2022 1654 labores,
2053 1596 2218 1660 atque

643 1683 832 1738 invitis
891 1683 1084 1738 indicti
1144 1681 1482 1752 inﬂictique,
1542 1681 1802 1737 auferunt
1859 1681 2082 1752 quidem
2141 1683 2219 1737 illi

639 1776 1004 1845 voluptatem,
1041 1775 1162 1845 ejus
1209 1773 1266 1827 in
1317 1783 1442 1828 actu
1493 1773 1755 1828 sistentes
1807 1782 2054 1838 motum;
2108 1790 2219 1827 non

2325 575 2410 612 σιν
2441 561 2539 632 τῆς
2568 565 2712 616 κατὰ
2741 564 3064 634 προαίρεσιν
3089 566 3308 635 ἡδονῆς,
3346 565 3577 619 δέδωκεν
3607 567 3844 640 ὁλΘεδςτῇ

2324 652 2503 721 φύσει,
2532 653 2630 726 τὴν
2684 656 2836 726 παρὰ
2890 657 3215 728 προαίρεσιν
3265 657 3478 727 ὀδύνην,
3512 657 3605 711 καὶ
3643 659 3728 713 τὸν
3769 662 3841 715 δι’

2321 742 2457 813 αὐτῇ
2483 743 2728 798 θάνατον.

2391 920 2488 974 λε’.
2531 923 2630 976 Διὰ
2671 923 2771 995 τὴν
2813 923 3151 980 ἐπελθοῦσαν
3185 930 3251 997 τῇ
3305 927 3470 996 φύσει
3533 929 3679 1000 παρὰ
3715 929 3852 998 λόγον

2320 1014 2535 1086 ἡδονὴν,
2564 1017 2598 1086 ή
2631 1016 2773 1069 κατὰ
2799 1017 2958 1086 λόγον
2989 1019 3309 1089 ἐπεισῆλθεν
3354 1020 3539 1090 ὀδύνη,
3567 1021 3652 1075 διὰ
3676 1022 3853 1076 πολλῶν

2321 1106 2685 1177 παθημάτων,
2714 1112 2772 1162 ὲν
2802 1107 2884 1173 οἷς
2923 1112 3020 1178 καὶ
3065 1112 3125 1176 eg
3151 1106 3227 1166 ὧν
3253 1115 3282 1166 ὁ
3307 1113 3558 1179 θάνατος,
3590 1115 3850 1184 ποιουμένη

2319 1200 2416 1269 τῆς
2451 1200 2602 1270 παρὰ
2641 1202 2804 1270 φύσιν
2852 1203 3047 1274 ἡδονῆς
3101 1207 3200 1275 τὴν
3246 1206 3538 1277 ἀφαίρεσιν
3559 1223 3572 1235 ·
3602 1207 3660 1259 οὐ
3695 1207 3785 1276 μὴν
3807 1207 3854 1258 δὲ

2319 1294 2416 1346 καὶ
2442 1292 2655 1348 τελείαν
2683 1295 2988 1366 ἀναίρεσιν,
3023 1299 3114 1350 καὶ
3137 1299 3202 1368 ἢν
3229 1300 3262 1368 ἡ
3306 1303 3448 1353 κατὰ
3470 1299 3595 1352 νοῦν
3621 1299 3713 1369 τῆς
3731 1299 3854 1360 θείας

2319 1386 2532 1457 ἡδονῆς,
2569 1387 2985 1444 ἀναδείκνυσθαι
3012 1392 3222 1460 πέφυκε
3250 1391 3431 1461 χάρις.

2393 1578 2501 1645 λς’,
2555 1577 2619 1635 Ἦ
2649 1582 2760 1635 τῶν
2799 1583 3063 1638 ἑκουσίων
3116 1585 3293 1639 πόνων
3343 1586 3580 1648 ἐπίνοια,
3603 1589 3692 1641 καὶ
3718 1590 3854 1658 ἡτῶν

2320 1673 2590 1728 ἀκουσίων
2649 1677 2938 1744 ἐπαγωγὴ,
2973 1677 3330 1748 ἀφαιροῦνται
3385 1679 3490 1749 μὲν
3532 1679 3630 1750 τὴν
3674 1681 3848 1753 ἡδονὴν,

2321 1765 2421 1835 τὴν
2473 1768 2603 1818 κατ’.
2637 1767 2916 1837 ἐνέργειαν
2962 1768 3134 1838 αὐτῆς
3171 1770 3594 1824 καταπαύουσαι
3638 1773 3850 1843 κίνησιν⁸

642 1875 827 1924 tamen
861 1882 984 1938 quae
1028 1867 1180 1920 velut
1225 1863 1454 1935 originis
1486 1864 1574 1918 lex
1607 1873 1817 1919 natura:
1863 1863 2038 1919 indita
2092 1875 2179 1920 est
2203 1905 2217 1929 ,
2253 1863 2264 1918 l

2253 1863 2293 1918 Β
2321 1855 2422 1908 οὐκ
2447 1855 2731 1926 ἀναιροῦσι
2761 1857 2825 1910 δὲ
2857 1857 2954 1928 τὴν
2984 1855 3172 1925 ὥσπερ
3199 1859 3363 1928 νόμον
3410 1863 3480 1931 τῇ
3523 1860 3676 1929 φύσει
3709 1864 3851 1928 ἐγκει-

587 2001 591 2014 .
641 1959 941 2032 potentiam
975 1957 1274 2028 perimunt.
1308 1955 1438 2022 Quae
1469 1956 1617 2010 enim
1647 1955 1994 2026 philosophia
2036 1957 2209 2010 virtu-

2324 1945 2494 2016 μένην
2533 1938 2672 2017 πρὸς
2695 1945 2912 2014 γένεσιν
2942 1948 3079 2018 αὐτῇ
3107 1947 3356 2019 δύναμιν.
3399 1951 3466 2004 Ἦ
3490 1951 3600 2023 γὰρ
3619 1954 3726 2005 κατ’
3747 1955 3849 2025 ἀρε-

641 2061 752 2107 tem
783 2051 936 2114 colit,
971 2049 1103 2106 facit
1131 2048 1227 2102 illa
1255 2046 1480 2118 quidem
1509 2045 1669 2116 593
1712 2045 2016 2100 voluntatis
2047 2045 2216 2101 animi

2317 2037 2417 2108 τὴν
2474 2038 2783 2108 φιλοσοφία,
2835 2039 3060 2111 γνώμης
3102 2041 3399 2108 ἀπάθειαν,
3435 2044 3565 2098 ἀλλ’
3588 2046 3648 2099 οὐ
3675 2045 3852 2115 φύσεως

639 2141 1215 2214 imperturbationem,
1244 2148 1299 2196 at
1331 2155 1444 2193 non
1474 2154 1543 2194 ex
1576 2148 1774 2192 natura
1803 2137 2067 2193 aﬂ‘ectum
2095 2151 2215 2191 om-

2320 2129 2650 2200 ἐργάζεσθαι
2679 2130 2923 2202 πέφυκεο
2950 2134 3076 2188 καθ’
3103 2136 3171 2207 ἣν
3219 2135 3425 2207 δηλαδὴ
3468 2135 3570 2209 τὴν
3608 2143 3849 2211 γνωμικὴν

639 2251 766 2290 nem
801 2234 952 2306 ejicit
984 2251 997 2287 :
1027 2248 1134 2304 qua
1164 2233 1429 2286 nimirum
1467 2231 1772 2285 voluntatis
1803 2230 1973 2285 animi
2015 2230 2220 2300 imper-

2319 2223 2613 2290 ἀπάθειαν,
2640 2225 2674 2294 ὴ
2705 2225 2846 2279 κατὰ
2886 2223 3013 2282 νοῦν
3059 2227 3162 2299 τῆς
3181 2227 3334 2294 θείας
3360 2229 3560 2302 ἡδονῆς
3591 2231 3849 2301 ἐπιγίνεται

641 2323 956 2378 turbatione
1007 2321 1222 2378 accedit
1277 2319 1483 2374 divinae
1533 2319 1832 2390 voluptatis
1901 2320 2097 2391 gratia,
2158 2320 2216 2375 in

641 2425 825 2471 mente
853 2415 1188 2470 consistens.

710 2527 799 2582 '57.
834 2525 1026 2582 Omnis
1051 2525 1228 2590 labor,
1257 2532 1320 2579 ut
1375 2538 1489 2580 sua:
1527 2537 1752 2580 causam
1790 2523 2024 2595 originis
2049 2564 2066 2588 ,
2117 2536 2218 2583 vo-
2300 2585 2301 2588 η

639 2619 905 2692 luptatem
934 2633 1032 2674 seu
1063 2617 1346 2673 libidinem
1380 2617 1557 2687 reipsa
1599 2625 1938 2686 praeeuntem
1985 2617 2216 2681 habens,

641 2713 804 2783 plane
835 2711 1086 2765 debitum
1135 2719 1245 2773 est,
1282 2709 1430 2779 quod
1469 2710 1622 2764 velut
1654 2723 1723 2764 ex
1771 2718 1928 2763 reatu
1954 2749 1970 2773 ,
2024 2723 2219 2764 omnes

639 2802 973 2857 naturaliter
1017 2801 1254 2865 solvant,
1305 2799 1400 2870 qui
1455 2809 1585 2855 sunt
1631 2809 1843 2855 natura:
1894 2800 2216 2872 participes.

639 2896 923 2966 Voluptati
973 2895 1122 2950 enim
1165 2902 1365 2964 praeter
1417 2900 1694 2956 naturam,
1745 2891 1975 2947 omnino
2018 2903 2219 2950 natura

639 3003 827 3044 comes
863 2995 950 3041 est
981 2985 1160 3049 labor,
1216 2985 1273 3038 in
1322 2982 1603 3047 omnibus,
1657 2997 1894 3052 quorum
1946 2983 2216 3053 originem

639 3077 938 3135 antecessit
963 3075 1262 3146 voluptatis
1292 3075 1403 3139 lex,
1431 3073 1551 3145 ipsa
1577 3088 1745 3128 causa
1772 3087 1996 3129 vacans.
2036 3072 2219 3130 Causa

639 3177 824 3224 autem
847 3173 1133 3222 vacantem
1165 3165 1504 3234 voluptatem
1553 3162 1698 3229 dico,
1755 3178 1877 3232 quae
1924 3179 1992 3218 ex
2039 3173 2218 3219 trans-

639 3261 924 3334 gressione
971 3265 1100 3322 est,
1127 3257 1262 3328 ﬁquae
1311 3256 1576 3311 nimirum
1618 3254 1958 3325 superiorem
2003 3256 2213 3310 nullum

641 3353 889 3409 dolorem
920 3359 1113 3406 secuta
1148 3357 1252 3405 est.

705 3467 796 3522 58.
824 3464 987 3521 Nullo
1017 3476 1249 3533 prorsus
1270 3458 1434 3514 modo
1463 3457 1581 3514 fieri
1611 3467 1829 3530 poterat
1853 3498 1868 3521 ,
1898 3466 1962 3513 ut
1990 3466 2210 3520 natura.

639 3573 761 3630 quae
791 3565 907 3610 tum
938 3561 1254 3624 spontaneae
1287 3549 1580 3619 voluptati,
1617 3559 1732 3604 tutu
1753 3549 2004 3605 violento
2033 3550 2212 3606 dolori

638 3651 844 3708 collum
883 3646 1264 3710 submiserat,
1313 3642 1384 3699 ad
1417 3641 1709 3726 pristinam
1761 3652 2114 3698 revocaretur
2150 3659 2214 3700 ac

641 3739 1044 3798 instauraretur
1073 3737 1266 3800 vitam,
1303 3736 1438 3806 quin
1472 3736 1589 3804 ipse
1619 3733 1803 3804 Opifex
1829 3735 1995 3790 homo
2026 3735 2210 3802 ﬁeret;

642 3830 737 3900 qui
769 3843 967 3898 nempe
998 3828 1117 3898 ipse
1142 3834 1360 3896 sponte,
1420 3825 1781 3882 adinventum
1829 3823 2076 3883 dolorem
2110 3845 2214 3899 pu-

641 3921 862 3976 nienda;
884 3935 1050 3976 causa
1080 3919 1381 3988 voluptatis
1430 3918 1714 3975 voluntate
1752 3928 1963 3976 natura:
1985 3921 2168 3977 ascita:
2193 3962 2208 3986 ,

640 4019 968 4077 assumeret,
999 4011 1090 4067 cui
1123 4009 1277 4081 origo
1301 4026 1370 4067 ex
1391 4012 1678 4082 voluptate
1692 4027 1758 4067 ac
1780 4011 2032 4078 libidine,
2059 4013 2212 4070 nulla

639 4103 975 4174 praaivisset;
1006 4117 1116 4172 quo
1139 4102 1355 4157 scilicet
1378 4102 1450 4156 ab
1477 4111 1606 4158 ortu
1636 4102 1942 4158 nativitatis
1962 4118 2030 4158 ex
2058 4103 2211 4158 dam-

638 4194 865 4250 natione
894 4193 1112 4248 invecto
1139 4201 1388 4248 naturam
1408 4193 1688 4257 liberaret,
1705 4202 1889 4249 ortum
1906 4194 2210 4250 nativitatis

637 4271 979 4350 admittens,
1017 4283 1114 4354 qui
1156 4299 1227 4338 ex
1272 4283 1426 4338 nulla
1478 4284 1763 4353 voluptate
1803 4283 2071 4354 originem
2114 4285 2210 4339 ha-

639 4379 816 4434 heret.

705 4467 795 4521 39.
827 4463 966 4531 Quia
998 4470 1124 4534 post
1158 4459 1684 4530 transgressionem.
1730 4462 1992 4518 mortales
2018 4477 2210 4519 omnes

2317 2315 2498 2386 χάρις.

2390 2515 2488 2583 λζ’.
2516 2518 2632 2582 Πᾶς
2659 2518 2841 2586 πόνος,
2860 2517 2936 2584 ὡς
2954 2520 3134 2577 αἰτίαν
3155 2521 3258 2595 τῆς
3283 2519 3420 2588 ἰδίας
3437 2525 3699 2592 γενέσεως
3719 2527 3848 2599 ἔχων,

2318 2612 2443 2665 κατ’
2493 2610 2775 2682 ἐνέργειαν
2833 2613 3256 2685 προηγουμένην
3303 2615 3405 2687 τὴν
3464 2617 3671 2688 ἡδονὴν,
3723 2622 3847 2690 χρέος

2318 2704 2438 2757 ὲστὶ
2460 2703 2682 2776 δηλαδὴ,
2709 2704 2957 2774 φυσικῶς
2998 2709 3121 2761 κατ’
3147 2708 3326 2763 αἰτίαν
3357 2710 3512 2780 παρὰ
3537 2711 3742 2764 πάντων
3763 2714 3846 2764 τῶν

2323 2780 2728 2866 μετειληφδτων
2771 2799 2871 2868 τῆς
2917 2796 3135 2868 φύσεως
3183 2799 3590 2872 ὲκτιννύμενον.
3636 2797 3706 2872 Τῇ
3761 2804 3844 2873 γὰρ

2318 2887 2472 2959 παρὰ
2517 2888 2680 2958 φύσιν
2711 2888 2896 2962 ἡδονῇ,
2950 2890 3170 2956 πάντως
3207 2891 3520 2963 παρέπεται
3568 2895 3786 2963 φυσικῶς
3807 2897 3845 2958 ,6

2319 2981 2480 3043 πόνος
2522 2981 2581 3033 ἐν
2637 2983 2825 3048 πᾶσιν,
2881 2975 2956 3036 ὧν
2997 2983 3028 3036 ‘6
3081 2982 3183 3053 τῆς
3213 2983 3410 3056 ἡδονῆς
3448 2986 3606 3057 νόμος
3635 2989 3844 3052 ἀναιτίως

2321 3068 2787 3142 προκαθηγήσατο
2808 3067 2912 3143 τῆς
2938 3071 3211 3142 γενέσεως
3242 3072 3342 3144 (ρ).
3377 3074 3640 3129 Ἀναίτιον
3659 3077 3709 3130 δέ
3735 3095 3843 3148 φημι

2319 3162 2417 3233 τὴν
2462 3165 2525 3216 ὲκ
2577 3167 2677 3236 τῆς
2697 3167 3079 3239 ⁵παραϐάσεως
3121 3173 3337 3246 ἡδονὴν,
3362 3174 3444 3238 ὡς
3484 3175 3560 3246 μὴ
3590 3174 3843 3246 γενομένην

2318 3252 2559 3325 δηλονότι
2581 3257 2943 3330 προλαϐόντος
2973 3261 3136 3317 πόνου
3163 3263 3428 3337 διάδοχον.

2391 3451 2492 3524 λη’.
2547 3455 2852 3527 ’Δμηχανον
2887 3446 2956 3528 ἦν
3007 3460 3311 3525 παντελῶς,
3333 3463 3438 3532 τὴν
3474 3463 3630 3534 φύσιν
3657 3465 3836 3518 ὑποχλι-

2321 3543 2502 3598 θεῑσαν
2525 3547 2590 3616 τῇ
2624 3564 2684 3600 τε
2709 3547 2850 3602 κατὰ
2885 3551 3212 3624 προαίρεσιν
3253 3554 3446 3626 ἡδονῇ,
3478 3558 3572 3610 καὶ
3615 3561 3674 3628 τῇ
3723 3557 3840 3627 παρὰ

2319 3635 2639 3706 προαίρεσιν
2668 3637 2849 3711 ὀδύνῃ,
2883 3640 3048 3694 πάλιν
3096 3644 3177 3706 εἰς
3229 3645 3329 3717 τὴν
3372 3644 3611 3720 ἐξαρχῆς
3652 3638 3840 3721 ἀνακλη-

2319 3726 2479 3797 θῆναι
2505 3727 2670 3800 ζωὴν,
2698 3732 2747 3784 εί
2786 3731 2859 3804 μὴ
2883 3734 3106 3802 γέγονεν
3134 3737 3424 3809 ἄνθρωπος
3456 3743 3486 3794 ό
3530 3742 3836 3813 δημιουργὸς,

2319 3823 2639 3892 προαιρέσει
2680 3822 2966 3894 δεχόμενος
3010 3825 3110 3898 τὴν
3165 3827 3303 3899 πρὸς
3352 3831 3579 3886 κόλασιν
3619 3833 3706 3904 τῆς
3730 3834 3834 3887 κατὰ

2318 3911 2637 3981 προαίρεσιν
2687 3913 2788 3981 τῆς
2841 3914 3052 3984 φύσεως
3105 3918 3320 3990 ἡδονῆς,
3353 3923 3718 3996 ὲπινοηθεῖσαν
3742 3926 3835 3980 ὀδύ-

2316 4018 2434 4072 νην,
2465 4003 2566 4056 οὑκ
2598 4004 2827 4074 ἔχουσαν
2851 4011 3278 4082 προηγουμένην
3327 4015 3505 4086 αὐτῆς
3533 4018 3627 4090 τὴν
3649 4019 3703 4084 ἐξ
3742 4020 3834 4090 ἡδο»

2315 4096 2412 4165 νῆς
2445 4096 2692 4165 γένεσινο
2726 4100 2813 4155 ἵνα
2852 4105 2952 4172 τῆς
2980 4107 3045 4158 ἐκ
3071 4108 3373 4179 καταδίκης
3419 4113 3741 4185 ἐλευθερώσῃ
3762 4116 3837 4186 τὴν

2317 4187 2478 4257 φύσιν
2507 4191 2832 4260 γεννήσεως,
2866 4193 2927 4260 ἐξ
2955 4194 3146 4267 ἡδονῆς
3175 4199 3350 4271 ἀρχὴν
3387 4203 3492 4256 οὐκ
3524 4203 3733 4274 ἔχουσαν
3758 4223 3836 4260 κα·

2313 4279 2670 4352 ταδεχόμενος
2697 4283 2969 4355 γέννησιν.

2385 4460 2482 4516 λιν.
2533 4460 2752 4533 Ἐπειδὴ
2798 4465 2936 4534 μετὰ
2960 4466 3060 4538 τὴν
3101 4469 3416 4529 παράϐασιν
3443 4473 3637 4538 πάντες
3664 4473 3832 4544 ἄνθρω-

640 4557 974 4626 voluptatem
1011 4541 1290 4610 habebant
1317 4553 1546 4624 proprio
1622 4553 1771 4607 ortui
1820 4562 2020 4610 natura
2060 4568 2262 4627 prie-1

2207 4568 2285 4627 ηι)
2310 4571 2401 4607 ποι
2438 4553 2538 4625 τὴν
2583 4555 2777 4627 ἡδονὴν
2819 4553 2966 4628 εἶχον
3011 4562 3110 4630 τῆς
3156 4561 3291 4627 ίδίας
3338 4565 3584 4632 φυσικῶς
3630 4541 3829 4638 προκαθ-

644 4656 896 4711 euntem,
949 4662 1055 4701 nec
1098 4645 1246 4700 ullus
1286 4659 1518 4715 prorsus
1560 4643 1631 4699 ab
1665 4644 1878 4715 origine
1915 4646 2213 4717 voluptatis

2209 4668 2213 4699 ι
2317 4647 2628 4735 ηγουμένην
2669 4649 2954 4717 γενέσεως,
2986 4652 3082 4706 καὶ
3109 4654 3285 4718 οὐδεὶς
3311 4650 3380 4727 ἦν
3420 4659 3693 4712 τοσύνολον
3712 4663 3736 4712 ὁ
3757 4657 3831 4724 τῆς

642 4741 766 4797 labe
817 4738 1125 4810 inquinata,
1170 4744 1366 4791 natura
1399 4735 1660 4791 immunis
1709 4745 1870 4802 erat;
1919 4737 2210 4793 sed'velut

2208 4779 2210 4788 .
2318 4738 2440 4792 καθ’
2481 4739 2673 4809 ἡδονὴν
2708 4740 2991 4810 ὲμπαθοῦς
3019 4746 3286 4811 γενέσεως
3335 4750 3577 4815 φυσικῶς
3618 4750 3830 4819 ὑπάρχων

641 4833 892 4890 naturale
939 4828 1221 4886 reddendo
1267 4827 1540 4892 debitum,
1580 4827 1821 4891 labores,
1864 4837 2208 4898 mortemque

2207 4873 2208 4876 η
2316 4828 2600 4898 ἐλεύθερος
2622 4845 2635 4859 ⁸
2667 4830 2782 4882 ἀλλ’
2818 4831 2893 4896 ὡς
2935 4835 3092 4904 χρέος
3130 4837 3330 4898 πάντες
3359 4841 3582 4905 φυσικὸν
3603 4836 3829 4892 ἀποδιδόν-

643 4925 754 4980 illis
775 4923 1066 4986 asseclam,
1083 4918 1466 4984 sustinebant;
1490 4918 1782 4988 nullusque
1806 4919 2032 4976 omnino
2059 4937 2209 4976 asse-

2311 4939 2406 4986 τες
2427 4923 2554 4985 τοὺς
2579 4922 2797 4988 πόνους,
2832 4924 2926 4980 καὶ
2956 4925 3046 4981 τὸν
3089 4926 3174 4982 ἐπ’
3203 4930 3388 4994 αὐτοῖς
3423 4931 3678 5002 ὑπέμενον
3703 4929 3827 4980 θάνα-

711 5079 1136 5161 (ᾒδᾼνριτίως
1171 5077 1556 5161 προῃῃίσᾳτο
1585 5076 1694 5161 τῆς
1723 5077 2036 5161 γενέσῗέθς*
2067 5079 2225 5148 QUOd
2325 5104 2333 5161 Ϊ

2221 5085 2225 5136 i
2325 5083 2729 5161 ctii_succedat,
2769 5085 3009 5161 _ejusque
3055 5105 3220 5146 causa
3266 5091 3356 5155 sit,
3405 5092 3606 5148 nullum
3650 5087 3843 5161 habeat.i

646 5149 816 5228 semel
843 5150 1134 5228 ct_iterum
1155 5157 1316 5228 _cavet
1344 5149 1637 5228 Maximus,
1667 5149 1772 5228 hoc
1802 5157 1858 5228 et
1903 5150 1971 5204 '59
2001 5166 2226 5228 cap._ne
2325 5151 2479 5228 [inde
2506 5168 2609 5208 nec
2652 5149 2904 5228 Christus
2921 5149 3009 5228 'sic
3035 5161 3274 5216 ἀναίτιον
3301 5149 3633 5216 nativitatem
3654 5174 3711 5212 ex
3732 5155 3824 5228 libi:

643 5223 1000 5298 «eamme;
1041 5227 1098 5273 et
1145 5219 1414 5298 ἀναίτιον,
1459 5219 1630 5298 quasi.
1670 5219 1954 5298 innoxium
2002 5219 2085 5298 et
2103 5223 2224 5278 sine

2200 5238 2224 5278 Β
2321 5223 2451 5298 dine
2484 5223 2802 5298 assumpsit.
2833 5227 2978 5295 quod
3010 5243 3119 5283 non
3144 5229 3240 5286 illo
3282 5233 3446 5287 modo
3489 5230 3724 5290 ἀναίτιος,
3749 5221 3822 5278 θεά

642 5294 806 5368 culpa
826 5290 1154 5368 accipiatur,
1182 5303 1304 5358 quae
1337 5297 1423 5343 est
1460 5288 1722 5368 procivis
1767 5289 1886 5368 ejus
1923 5291 2078 5368 vocis
2126 5307 2221 5346 ac-
2319 5293 2398 5368 illi
2424 5288 2696 5368 comiteni
2721 5288 2988 5368 laborem,
3012 5313 3188 5368 exque
3212 5301 3328 5364 illa,
3354 5303 3428 5366 ὡς
3458 5301 3644 5362 αίτίας,
3666 5288 3724 5368 ,οἱ
3773 5308 3823 5368 φ

641 5358 846 5444 σορὶίο,
893 5358 968 5444 ᾖ(ιᾷ
1014 5373 1154 5444 vero
1199 5373 1471 5444 propensi;
1523 5358 1704 5444 Picus.
1738 5358 2110 5444 amplectitur,
2157 5377 2220 5418 ac
2311 5363 2478 5442 iuste,
2511 5378 2638 5444 cum
2785 5365 2893 5444 illo_
2933 5358 3174 5444 tnjustits
3196 5358 3363 5433 esset,
3407 5358 3558 5426 nullo
3580 5358 3759 5425 scilicet
3781 5362 3819 5444 it!

645 5428 861 5505 ubique
892 5428 1316 5505 interpretatur.
1361 5428 1459 5505 Est
1486 5436 1633 5505 certe
1690 5429 1807 5505 hzec
1832 5428 2106 5502 _voluptas
2147 5447 2216 5486 eo
2313 5428 2640 5505 ipsoreatu,
2670 5433 2818 5488 illam
2846 5428 3108 5492 aboleret.
3139 5438 3311 5505 Quam
3336 5428 3475 5496 belle
3499 5441 3732 5499 cohaeret,
3776 5439 3820 5484 ul

645 5499 812 5578 sensu
849 5500 996 5578 haud
1046 5499 1307 5578 ἀναίτιος,
1335 5499 1432 5578 sed
1460 5499 1633 5578 culpae
1679 5499 2001 5570 conjuncta,
2042 5510 2099 5556 et
2145 5516 2213 5557 ex

2195 5519 2213 5557 t
2322 5499 2916 5578 Maximo‘dwzxwrdtn,
2942 5499 3312 5578 injustissima,
3364 5513 3436 5566 sit
3470 5511 3581 5565 haec
3617 5509 3817 5578 voluptas

646 5573 828 5641 culpa,
859 5572 916 5624 ni
952 5571 1127 5650 magis
1150 5571 1265 5650 ipsa
1294 5570 1491 5650 culpa;
1521 5570 1900 5650 ipsetnatura:
1936 5580 2212 5650 reatusex
2319 5587 2416 5650 seu
2472 5572 2672 5650 libido,
2700 5581 2771 5650 _et
2809 5570 3160 5650 tameu'jpsa
3207 5570 3445 5646 ἀναίτιος
3489 5583 3575 5647 sit,
3604 5581 3702 5650 ipsa
3729 5570 3816 5650 ἤιε

649 5639 1104 5716 transgressione,
1129 5640 1206 5694 sic
1228 5639 1582 5716 quasi’bruta:
1605 5639 1750 5716 vitae,
1804 5657 1926 5712 qua:
1981 5641 2210 5716 libidine
2317 5641 2495 5716 culpa,
2516 5642 2662 5716 bello
2699 5642 2999 5716 interprete
3025 5639 3192 5703 Pico?
3216 5651 3328 5706 Nec
3342 5639 3484 5708 enim
3508 5639 3573 5706 ut,
3597 5639 3730 5704 labor
3750 5644 3815 5696 in'

650 5710 908 5789 ducatur,
932 5726 1034 5765 nec
1065 5711 1178 5789 jam
1207 5710 1439 5789 ratione,
1473 5711 1567 5766 sed
1604 5714 1778 5783 magis
1822 5710 2206 5789 se_nsu_vivat:
2313 5710 2639 5789 justus,_s_ic
2661 5721 2718 5789 e_t
2745 5710 3028 5789 voluptas;
3068 5721 3213 5789 quod
3262 5722 3379 5779 htec
3405 5740 3436 5780 a
3471 5721 3720 5778 voluntate
3741 5728 3813 5769 cx-

650 5778 889 5844 ἁναίτιος
933 5778 1088 5848 νει-ο,
1127 5778 1183 5834 id
1237 5787 1324 5834 est
1379 5781 1498 5836 sine
1521 5778 1721 5847 causa;
1746 5782 1892 5852 quod
1941 5780 2205 5846 laborem,
2316 5778 2498 5851 sistat,
2535 5781 2627 5837 ille
2647 5783 2717 5838 ab
2748 5778 3024 5844 exteriore
3048 5778 3267 5857 agente.

3149 5934 3170 5962 Ι
3193 5973 3197 5977 .
