4108 6434
282 294 418 372 1321

952 275 1297 358 'CAPITUM
1336 275 1759 367 QUINQUIES
1789 279 2306 351 CENTENORUM
2344 282 2726 348 CENTURIA
2771 283 2868 347 1v.

276 425 409 463 τον·
437 407 533 462 καὶ
574 401 644 478 ἦν
681 405 887 479 ἄπορος
935 409 1287 462 παντάπασιν
1332 409 1362 461 ὁ
1400 408 1499 476 τῆς
1542 404 1857 476 ἐλευθερίας

1968 399 2149 455 renda:
2177 399 2261 456 eis
2293 399 2573 455 libertatis
2602 397 2802 453 modus
2841 397 3194 468 suppetebat,
3223 397 3319 467 qui
3354 397 3541 468 iniqua

275 500 504 572 τρόπος,
531 502 643 562 τοῖς
675 499 781 552 ὑπὸ
809 498 909 570 τῆς
933 500 1122 554 ἀδίκου
1150 496 1614 574 τυραννουμένοις
1639 497 1856 578 ἡδονῆς,

276 592 372 645 καὶ
413 589 522 647 ὑπὸ
549 589 660 644 τῶν
691 590 922 645 ’δικαίων
970 592 1170 659 πόνων,
1208 577 1303 646 καὶ
1331 589 1426 643 τοῦ
1457 589 1542 644 ἐπ’
1570 588 1752 652 αὐτοῖς
1784 587 1862 664 διο

276 680 573 734 καιοτάτου
634 679 868 734 θανάτου
918 681 1169 755 φυσικῶς
1219 679 1592 751 ἐνεχομένοις·
1641 677 1748 730 ἔδει
1805 663 1860 728 δὲ

276 772 419 843 πρὸς
445 770 728 842 ἀναίρεσιν
767 770 865 843 μὲν
884 771 984 842 τῆς
1010 770 1349 842 άδικωτάτης
1380 770 1595 839 ἡδονῆς,
1631 769 1724 822 καὶ
1753 766 1861 820 τῶν

273 863 347 916 δι’
394 862 565 932 αὐτὴν
601 862 959 918 δικαιοτάτων
997 862 1198 929 πόνων,
1233 862 1324 932 ὑφ’
1366 854 1441 916 ὧν
1487 859 1740 924 ἐλεεινῶς
1783 859 1862 914 δι-

275 956 485 1010 εσπᾶτο
513 956 737 1025 πάσχων
761 956 788 1008 ό
812 953 1118 1026 ἄνθρωπος,
1143 957 1208 1007 ἐκ
1227 955 1433 1025 φθορᾶς
1461 954 1562 1023 τῆς
1590 951 1714 1007 καθ’
1741 951 1862 1022 ἡδο-

275 1048 379 1120 νῆν
410 1047 548 1117 ἔχων
593 1047 693 1116 τὴν
726 1044 900 1116 ἀρχὴν
940 1046 1038 1116 τῆς
1079 1046 1370 1115 γενέσεως,
1402 1045 1496 1098 καὶ
1540 1046 1620 1108 εἰς
1656 1041 1864 1114 φθοράν

276 1137 378 1211 τὴν
407 1139 496 1192 διὰ
525 1137 620 1191 τοῦ
654 1137 890 1191 Θανάτου
916 1137 979 1189 τὸ
1009 1138 1107 1206 τῆς
1135 1136 1280 1208 ζωῆς
1312 1136 1638 1206 καταλήγων
1674 1133 1827 1198 τέλος
1846 1150 1858 1162 ⁸

277 1230 421 1302 πρὸς
459 1230 516 1282 δὲ
547 1229 648 1301 τὴν
676 1228 1057 1299 ἐπανόρθωσιν
1081 1228 1182 1298 τῆς
1212 1227 1493 1291 ἀπαθοῦς*
1522 1226 1737 1297 φύσεως
1762 1227 1860 1297 (q),

276 1319 631 1390 ἐπινοηθῆναι
655 1319 816 1372 πόνον
842 1318 935 1372 καὶ
953 1317 1203 1381 θάνατον,
1226 1318 1409 1371 ἄδικον
1435 1315 1570 1387 ὁμοῦ
1600 1316 1695 1369 καὶ
1709 1315 1864 1368 άναίο

273 1429 394 1464 τιον
422 1426 436 1439 ·
470 1411 711 1465 ἀναίτιον
746 1411 864 1482 μὲν,
899 1409 976 1474 ὡς
1010 1410 1267 1478 οὐδαμῶς
1319 1408 1702 1482 προλαϐοῦσαν
1739 1406 1864 1478 ἡδο-

273 1500 373 1572 νὴν
403 1502 678 1572 ἐσχηκότα
710 1501 846 1573 πρὸς
874 1501 1089 1568 γένεσιν
1111 1519 1125 1533 ο
1155 1501 1341 1556 ἄδικον
1386 1501 1464 1567 δὲ,
1494 1499 1570 1564 ὠς
1605 1499 1862 1570 οὐδεμιᾶς

273 1588 608 1657 τοπαράπαν
642 1588 787 1658 ζωῆς
814 1589 1097 1658 ἐμπαθοῦς
1123 1589 1254 1644 ὄντα
1280 1590 1549 1661 διάδοχον,
1573 1577 1664 1644 ἵνα
1699 1590 1862 1660 μέσος

273 1677 598 1747 διαληφθεὶς
646 1679 842 1750 ἡδονῆς
888 1679 1101 1745 ἀδίκου,
1136 1681 1230 1736 καὶ
1277 1682 1442 1736 πόνου
1486 1679 1584 1735 καὶ
1631 1680 1860 1734 θανάτου

273 1770 645 1836 δικαιοτάτου,
685 1772 848 1837 πόνος
900 1776 994 1827 καὶ
1032 1775 1261 1839 θάνατος
1307 1773 1663 1840 ἀδικώτατος,
1694 1775 1859 1846 ἀνέλῃ
1893 1764 1933 1818 Β

272 1863 454 1915 διόλου
477 1862 575 1934 τὴν
612 1863 671 1929 ἐξ
701 1847 911 1936 ἡδονῆς.
945 1866 1292 1938 ἀδικωτάτην
1323 1865 1521 1939 ἀρχὴν,
1566 1866 1661 1919 καὶ
1692 1866 1754 1918 τὸ
1789 1865 1857 1918 δι’

273 1955 450 2026 αὐτὴν
493 1955 582 2009 διὰ
619 1956 854 2010 θανάτου
893 1956 1236 2012 δικαιότατον
1281 1957 1436 2022 τέλος
1479 1955 1578 2025 τῆς
1619 1956 1856 2026 φύσεως,

276 2048 373 2100 καὶ
404 2047 632 2117 γένηται
680 2047 842 2102 πάλιν
882 2037 1078 2121 ῆδονῆς
1119 2052 1214 2104 καὶ
1253 2039 1448 2121 όδύνης
1487 2049 1773 2120 ἐλεύθερον
1799 2050 1860 2101 τὸ

274 2139 442 2204 γένος
480 2140 588 2193 τῶν
630 2139 955 2212 ἀνθρώπων,
987 2141 1085 2212 τὴν
1125 2141 1362 2213 ὲξαρχῆς
1404 2139 1699 2211 εὐκληρὶαν
1722 2141 1859 2214 ἁπο-

273 2229 552 2303 λαόούσης
582 2231 686 2302 τῆς
719 2231 956 2302 φύσεως,
980 2232 1168 2304 μηδενὶ
1192 2233 1303 2286 τῶν
1327 2230 1723 2303 ἐμπεφυκότων
1747 2233 1859 2295 τοῖς

277 2322 385 2376 ὑπὸ
419 2323 635 2392 γένεσιν
681 2325 775 2378 καὶ
800 2324 1008 2397 φθοράν
1038 2325 1437 2398 γνωρισμάτων
1467 2322 1856 2395 μολυνομένην.

276 2416 380 2469 Διὰ
413 2415 574 2469 τοῦτο
603 2404 738 2481 Θεδς
765 2417 1030 2487 ὑπάρχων
1074 2417 1279 2481 τέλειος
1323 2415 1466 2471 κατὰ
1498 2415 1660 2486 φύσιν
1705 2417 1735 2468 ὁ
1761 2412 1853 2467 τοῦ

274 2505 418 2561 Θεοῦ
478 2508 673 2578 Λόγος,
733 2509 948 2578 γίνεται
996 2498 1201 2574 τέλειος
1252 2508 1539 2581 ἄνθρωπος
1571 2509 1637 2561 ὲκ
1681 2507 1860 2579 ψυχῆς

189 2626 198 2631 -
273 2601 475 2670 νοερᾶς
504 2600 600 2654 καὶ
629 2599 887 2672 σώματος
915 2600 1162 2674 παθητοῦ
1196 2601 1338 2658 κατὰ
1370 2599 1532 2672 φύσιν
1572 2600 1862 2671 παραπλη-

275 2693 414 2757 σίως
459 2693 613 2763 ἡμῖν,
648 2695 822 2765 χωρὶς
863 2693 1035 2766 μόνης
1087 2693 1364 2766 ἁμαρτίας
1424 2690 1724 2756 συνεστώς·
1759 2693 1860 2763 τὴν

279 2781 384 2852 μὲν
432 2782 498 2836 ἐκ
539 2783 640 2853 τῆς
695 2784 985 2856 παρακοῆς
1029 2785 1241 2856 ἡδονὴν,
1284 2784 1536 2856 οὐδαμῶς
1576 2783 1860 2838 τοσύνολον

275 2871 554 2945 ἐσχηκὼς,
594 2875 1016 2947 προηγουμένην
1047 2874 1214 2931 αὐτοῦ
1255 2876 1354 2947 τῆς
1396 2877 1463 2930 ἐκ
1499 2876 1761 2945 γυναικὸς
1799 2879 1860 2931 ἒν

276 2963 460 3036 χρόνῳ
475 2966 778 3038 γεννήσεως
797 2982 814 2997 ·
840 2965 938 3038 τὴν
967 2966 1025 3020 δὲ
1059 2965 1127 3020 δι’
1155 2965 1324 3037 αὐτὴν
1348 2964 1562 3037 όδύνην,
1586 2966 1860 3038 ὑπάρχου-

280 3071 384 3106 σαν
424 3055 578 3121 τέλος
608 3056 710 3128 τῆς
749 3044 989 3129 φύσεως,
1013 3055 1104 3110 διὰ
1141 3055 1555 3126 φιλανθρωπίαν
1585 3058 1731 3110 κατᾶ
1767 3058 1864 3110 es:

277 3145 438 3216 λησιν
472 3148 918 3220 προσηκάμενος,
945 3149 1035 3202 ἵνα
1056 3146 1285 3219 πάσχων
1307 3147 1533 3212 ἀδίκως,
1560 3148 1736 3236 ’ἀνέλῃ
1765 3148 1863 3220 τὴν

277 3235 339 3301 ἐξ
369 3235 564 3306 ἡδονῆς
595 3237 784 3291 ἀδίκου
828 3237 1203 3308 τυραννοῦσαν
1228 3239 1326 3310 τὴν
1362 3237 1526 3308 φύσιν
1562 3240 1738 3311 ἀρχὴν
1770 3243 1867 3308 τῆς

276 3326 552 3393 γενέσεως
573 3344 586 3358 ·
616 3328 718 3383 οὐκ
743 3328 978 3399 ἔχουσαν
1005 3329 1082 3394 ὠς
1113 3331 1275 3401 χρέος
1300 3329 1443 3401 ὑπὲρ
1477 3331 1651 3400 αὐτῆς
1692 3333 1868 3384 ἐκτιν-

276 3419 514 3488 νύμενον
542 3420 684 3474 κατὰ
714 3423 840 3486 τοὺς
871 3421 1070 3486 ἄλλους
1103 3421 1428 3495 ἀνθρώπους
1460 3426 1557 3479 καὶ
1615 3425 1711 3478 τοῦ
1757 3427 1869 3478 Κυο

279 3508 404 3580 ρίου
434 3509 526 3563 τὸν
552 3510 800 3578 θάνατον,
827 3512 968 3567 ἀλλὰ
1005 3513 1207 3584 μᾶλλον
1235 3513 1355 3568 κατ’
1378 3513 1551 3586 αὐτῆς
1567 3515 1868 3587 προϐεϐλη-

280 3599 446 3668 μένον
465 3615 480 3630 ·
509 3602 606 3655 καὶ
639 3601 701 3656 τὸ
729 3601 819 3658 διὰ
847 3601 942 3658 τοῦ
976 3601 1210 3658 θανάτου
1251 3603 1465 3659 δίκαιον
1494 3605 1646 3670 τέλος
1669 3607 1872 3676 ἐξαφαο

277 3690 407 3764 νίσῃ
432 3692 531 3762 τῆς
559 3693 799 3762 φύσεως,
830 3695 930 3750 οὐκ
959 3696 1098 3766 ἔχων
1126 3695 1226 3768 τὴν
1254 3695 1321 3750 δι’
1342 3697 1409 3768 ἥν
1431 3697 1744 3769 ἐπεισῆλθε,
1777 3698 1872 3752 καὶ

278 3780 375 3834 ὑπ’
410 3783 576 3837 αὑτοῦ
617 3783 844 3850 δικαίως
897 3786 1344 3859 τιμωρουμένην,
1407 3788 1484 3853 ὡς
1540 3787 1722 3843 αἰτίαν
1765 3789 1862 3842 τοῦ

275 3867 425 3926 εἷναι
457 3876 776 3948 παράνομον
807 3877 1020 3950 ἡδονήν.

1963 491 2267 560 voluptatis
2315 491 2492 561 pressi
2529 488 2860 562 tyrannide,
2914 489 3080 560 justis
3133 489 3417 545 laboribus
3455 493 3542 562 ju—

1965 583 2331 653 stissimazque
2356 595 2425 638 ex
2456 583 2564 638 illis
2607 581 2774 637 morti
2812 589 3012 650 natura
3065 578 3290 634 obnoxii
3341 591 3540 645 erant;

1961 691 2147 746 operae
2170 674 2522 746 pretiumque
2549 683 2691 740 erat,
2713 684 2828 729 tum
2851 673 2917 729 ad
2947 673 3349 744 iniquissimam
3369 674 3542 730 inter-

1961 765 2242 822 imendam
2295 767 2668 836 voluptatem,
2723 768 2985 847 ejusque.
3019 782 3186 823 causa
3231 766 3545 838 iustissime

1962 859 2214 914 inveCtos
2258 857 2478 912 labores
2501 857 2808 913 abolendos
2837 899 2851 923 ,
2897 855 3099 928 quibus
3142 857 3309 913 homo
3343 857 3546 913 misere

1962 949 2226 1004 laborans
2257 949 2676 1004 distrahebatur
2723 951 2832 1023 (cui
2883 949 3098 1006 scilicet
3138 967 3206 1006 ex
3243 949 3547 1020 voluptatis

1962 1055 2028 1095 ac
2055 1039 2302 1095 libidinis
2322 1039 2444 1094 labe
2466 1039 2699 1109 originis
2731 1047 2881 1095 esset
2911 1039 3157 1104 initium,
3196 1039 3364 1109 inque
3392 1053 3546 1093 mor-

1964 1130 2036 1186 tis
2072 1131 2254 1186 tabem
2283 1130 2408 1185 vitze
2435 1129 2560 1184 linis
2587 1130 2907 1200 desineret),
2955 1141 3070 1186 tum
3117 1131 3184 1185 ad
3238 1131 3548 1186 laborantis

1967 1231 2178 1279 naturae
2207 1215 2700 1288 instaurationem,
2733 1221 2976 1276 laborem
3018 1223 3322 1292 mortisque
3363 1223 3546 1279 inter-

1963 1321 2101 1374 itum
2151 1318 2489 1390 excogitari,
2543 1310 2811 1390 injustum
2859 1318 3026 1372 simul
3072 1327 3130 1373 et
3170 1335 3392 1374 causam
3433 1335 3546 1374 non

1965 1410 2287 1466 habentem.
2318 1410 2527 1481 Nempe
2558 1424 2671 1464 non
2714 1408 3017 1464 habentem
3065 1424 3310 1474 causam,
3355 1416 3418 1463 ut
3451 1411 3547 1479 qui

1965 1509 2303 1572 praeeuntem
2335 1515 2450 1556 sua:
2497 1499 2699 1572 origini
2742 1501 3085 1569 voluptatem
3120 1501 3549 1571 haudquaquam

1967 1593 2288 1658 habuisset;
2330 1586 2602 1664 injustum
2642 1607 2814 1658 vero,
2865 1601 2927 1648 ut
2973 1593 3069 1663 qui
3122 1592 3261 1658 nulli
3317 1608 3550 1664 prorsus

1967 1683 2282 1740 libidinosae
2313 1685 2441 1741 vitae
2466 1700 2651 1740 comes
2679 1692 2870 1749 esset,
2923 1693 2984 1739 ut
3027 1684 3292 1739 nimirum
3333 1686 3550 1740 medius

1963 1777 2307 1848 interceptus
2333 1777 2478 1833 inter
2505 1779 2766 1852 injustam
2801 1777 3161 1846 voluptatem,
3189 1777 3551 1848 laboremque

1961 1876 2019 1923 et
2073 1877 2308 1924 mortem
2363 1869 2772 1940 justissimam,
2823 1864 2987 1940 595.
3039 1867 3198 1923 labor
3242 1871 3551 1928 mortisque

1962 1955 2224 2012 interitus
2257 1957 2674 2028 injustissimus,
2712 1955 3136 2027 injustissimam
3163 1971 3231 2011 ex
3265 1957 3551 2028 voluptate

1959 2049 2234 2119 originem
2263 2063 2496 2120 prorsus
2521 2042 2791 2113 aboleret,
2816 2062 2902 2112 ac,
2923 2047 3016 2118 qui
3041 2045 3164 2119 ejus
3185 2063 3352 2105 causa
3402 2065 3553 2104 mor-

1963 2138 2033 2194 tis
2049 2138 2372 2198 interitione
2391 2138 2718 2203 inoleverat,
2729 2138 3098 2209 justissimum
3117 2148 3248 2194 natu
3258 2155 3329 2195 ra:
3352 2140 3548 2206 linem;

1961 2230 2378 2302 humanumque
2412 2245 2588 2302 genus
2627 2244 2825 2285 rursus
2866 2245 2897 2284 a
2935 2231 3223 2301 voluptate
3245 2233 3553 2304 doloreque

1959 2324 2264 2387 eximeret,
2297 2331 2494 2378 natura
2526 2323 2821 2394 pristinam
2863 2316 3172 2396 recipiente
3215 2323 3550 2387 claritatem,

1960 2415 2128 2470 nullis
2163 2431 2354 2470 earum
2385 2432 2571 2470 rerum
2608 2417 2758 2471 notis
2791 2415 3054 2472 foedatam
3080 2458 3095 2481 ,
3137 2432 3260 2487 qua:
3293 2415 3441 2471 ortui
3487 2431 3553 2470 ac
3580 2484 3581 2487 η

1962 2507 2214 2563 interitui
2247 2507 2504 2563 obnoxiae
2533 2515 2684 2563 sunt.
2727 2506 2946 2562 Idcirco
2971 2516 3098 2562 cum
3134 2507 3283 2563 Deus
3310 2523 3412 2578 per
3452 2521 3553 2561 na-

1963 2608 2143 2654 turam
2166 2600 2449 2671 perlectus
2470 2608 2638 2666 esset,
2662 2599 2760 2655 Dei
2785 2599 3028 2656 Verbum
3069 2599 3352 2670 perfectus
3381 2599 3554 2654 homo

1963 2689 2044 2754 ﬁt,
2079 2706 2147 2745 ex
2178 2691 2364 2748 anima
2403 2691 2769 2761 intelligente,
2804 2707 2869 2746 ac
2919 2689 3141 2745 mortali
3172 2705 3271 2760 per
3294 2695 3553 2744 naturam

1962 2796 2219 2854 corpore,
2249 2783 2419 2839 simili
2441 2783 2605 2840 nobis
2627 2783 2868 2848 ratione,
2894 2795 3009 2838 uno
3033 2782 3304 2838 duntaxat
3325 2789 3556 2852 peccato

1961 2886 2216 2947 excepto,
2255 2876 2574 2932 consistens
2610 2875 2738 2945 :qui
2788 2886 2912 2931 eam
2941 2875 3168 2944 quidem
3204 2874 3562 2944 voluptatem

1962 2983 2062 3026 seu
2110 2963 2442 3032 libidinem,
2496 2982 2618 3038 quae
2673 2966 2908 3022 inolevit
2938 2980 3009 3021 ex
3061 2964 3503 3036 transgressione
3532 3003 3550 3028 ,

1967 3059 2260 3129 temporali
2290 3058 2468 3128 ipsihs
2496 3073 2564 3113 ex
2616 3057 2852 3113 muliere
2889 3055 3170 3111 nativitati
3208 3062 3552 3124 praeeuntem

1970 3153 2124 3207 nullo
2174 3167 2406 3222 prorsus
2454 3149 2625 3205 modo
2656 3149 2912 3213 haberet,
2949 3147 3174 3203 tametsi
3204 3146 3357 3201 illius
3391 3159 3558 3200 causa

1973 3231 2256 3302 invectum
2296 3243 2549 3300 dolorem
2583 3283 2598 3307 ,
2631 3242 2729 3313 qui
2759 3251 2975 3297 natura:
3004 3239 3132 3294 ﬁnis
3161 3239 3414 3304 exsistat,
3445 3252 3560 3309 pra:

1968 3347 2184 3394 summa
2215 3336 2566 3391 humanitate
2594 3349 2661 3390 ac
2703 3333 3076 3405 benignitate,
3113 3332 3400 3412 voluntate
3439 3329 3561 3400 ipse

1973 3445 2073 3485 sua
2120 3427 2487 3491 admisisset,
2539 3435 2604 3481 ut
2655 3425 2860 3496 injuste
2917 3424 3137 3496 patiens
3177 3422 3557 3492 moriensque,

1974 3518 2209 3590 primam
2248 3533 2317 3573 ex
2348 3517 2540 3588 iniqua
2570 3517 2856 3587 voluptate
2886 3515 3182 3588 originem,
3215 3523 3472 3570 naturam
3501 3513 3560 3568 vi

1972 3604 2406 3681 opprimentem,
2439 3609 2791 3681 proﬂigaret;
2821 3621 2943 3679 quae
2965 3608 3199 3672 scilicet,
3235 3607 3466 3678 perinde
3495 3621 3561 3661 ac

1976 3704 2324 3774 reliquorum
2354 3702 2644 3758 hominum
2670 3742 2685 3766 ,
2739 3701 2820 3756 sic
2846 3710 2903 3756 et
2922 3699 3154 3758 Domini
3185 3707 3421 3754 mortem
3458 3712 3561 3768 pro

1980 3807 2047 3851 ea
2076 3793 2374 3869 obnoxiam
2412 3807 2482 3848 ac
2513 3793 2669 3848 velut
2688 3801 2769 3852 ex
2803 3792 2994 3847 debito
3024 3790 3343 3846 solvendam
3369 3829 3387 3856 ,
3446 3804 3561 3844 non

1973 3889 2241 3954 haberet;
2271 3883 2371 3943 sed
2396 3901 2518 3956 qua:
2543 3886 2728 3956 potius
2757 3885 2836 3941 illi
2858 3883 3095 3940 adversa
3118 3889 3289 3947 esset,
3313 3882 3560 3954 justum-

275 3981 391 4035 que
431 3969 635 4028 mortis.
668 3967 988 4027 interitione
1037 3979 1250 4029 naturas
1283 3969 1450 4030 linem
1503 3975 1788 4044 aboleret;
1818 3979 1908 4034 cui
1944 3982 2208 4037 nimirum
2261 3979 2449 4050 iniqua
2485 3980 2744 4050 voluptas
2764 3993 2830 4032 ac
2859 3976 3055 4042 libido,
3082 3975 3241 4046 cujus
3264 3975 3356 4029 ille
3378 3973 3562 4044 gratia

280 4065 535 4130 inolevit,
562 4080 627 4122 ac
662 4082 828 4138 quam
891 4069 1039 4139 juste
1077 4069 1416 4134 ulciscatur,
1487 4079 1548 4125 ut
1587 4083 1702 4127 sua;
1735 4082 1932 4130 auctor
1963 4075 2200 4145 originis
2241 4075 2474 4130 minime
2508 4080 2851 4144 suppeteret.

359 4166 431 4229 μ’.
477 4161 625 4214 Ἔδει
654 4161 729 4226 ὡς
763 4163 1002 4234 άληθῶς,
1049 4163 1181 4230 ἔδει,
1216 4165 1379 4232 σοφὸν
1415 4167 1510 4219 καὶ
1538 4167 1745 4221 δίκαιον
1777 4170 1870 4223 καὶ

290 4247 523 4306 δυνατὸν
549 4253 680 4309 ὄντα
709 4256 853 4310 κατὰ
879 4259 1048 4324 φύσιν
1074 4257 1166 4310 τὸν
1194 4257 1421 4328 Κύριον,
1443 4259 1521 4322 ὠς
1554 4260 1654 4329 μὲν
1681 4261 1867 4330 σοφὸν,

2049 4171 2140 4226 ωδ
2169 4171 2414 4226 Decebat
2457 4170 2621 4240 plane
2670 4183 2737 4224 ac
2791 4184 2892 4238 par
2922 4174 3064 4231 erat,
3101 4165 3425 4230 Dominum,
3464 4166 3560 4235 qui

1977 4288 2078 4342 per
2105 4280 2358 4327 naturam
2392 4269 2638 4340 sapiens,
2674 4269 2970 4340 justusque
2995 4281 3060 4322 ac
3083 4271 3284 4337 potens
3307 4266 3558 4330 exsistat,

284 4345 364 4414 μὴ
399 4345 667 4414 ἀγνοῆσαι
702 4347 796 4402 τὸν
843 4349 1048 4420 τρόπον
1088 4350 1190 4420 τῆς
1226 4352 1496 4420 ἰατρείας
1541 4355 1618 4418 ὡς
1667 4355 1868 4410 δίκαιον

1982 4373 2043 4418 ιιι
2077 4365 2305 4435 quidem
2337 4363 2668 4433 sapientem,
2705 4377 2820 4416 non
2854 4362 3077 4416 nescire
3106 4360 3414 4416 curationis
3439 4376 3562 4416 mo-

277 4435 364 4497 δὲ,
415 4438 490 4507 μὴ
547 4439 882 4511 τυραννικὴν
927 4442 1260 4512 ποιήσασθαι
1295 4442 1389 4497 τοῦ
1431 4445 1870 4518 κατειλημμένου

283 4528 432 4580 κατὰ
465 4528 691 4602 γνώμην
727 4530 834 4584 ὑπὸ
865 4528 965 4602 τῆς
1006 4533 1283 4605 ἁμαρτιας
1311 4533 1602 4607 ἀνθρώπου
1631 4537 1732 4610 τὴν
1763 4555 1870 4592 σω-

284 4618 484 4690 τηρίαν
507 4636 522 4651 ·
553 4617 630 4686 ὡς
657 4621 714 4676 δὲ
745 4624 926 4677 πάντα
974 4624 1291 4696 δυνάμενον,
1321 4627 1396 4698 μὴ
1430 4628 1689 4700 άτονῆσαι
1732 4631 1870 4702 πρὸς

283 4713 388 4783 τὴν
417 4713 515 4778 τῆς
555 4716 799 4786 ἰατρείας
828 4719 1202 4790 ἐκπλήρωσιν.

364 4811 476 4874 μα’.
518 4801 592 4860 Τὸ
627 4808 728 4877 μὲν
758 4807 922 4875 σοφὸν
951 4810 1047 4864 τοῦ
1092 4807 1248 4873 Θεοῦ,
1284 4812 1344 4865 ἑν
1375 4807 1454 4884 τῷ
1489 4813 1742 4883 γενέσθαι
1775 4816 1873 4884 φύ-

290 4913 376 4952 σει
419 4901 542 4953 κατ’
578 4899 846 4971 ἀλήθειαν
886 4901 1201 4974 ἄνθρωπον,
1241 4903 1551 4960 δείκνυταιο
1602 4908 1664 4960 τὸ
1706 4907 1763 4960 δὲ
1795 4909 1876 4961 δί-

289 5001 470 5056 καιον,
495 4991 554 5044 ἐν
604 4992 684 5063 τῷ
718 4994 780 5045 τὸ
819 4993 1062 5065 παθητὸν
1106 4995 1246 5050 κατὰ
1289 4995 1389 5067 τὴν
1417 4997 1636 5064 γένεσιν
1669 4993 1873 5069 ὁμοίως

287 5082 423 5154 ἡμῖν
453 5084 810 5156 ἀνειληφέναι
843 5086 942 5156 τῆς
971 5084 1187 5155 φύσεως
1210 5103 1224 5116 ο
1255 5086 1316 5140 τὸ
1348 5087 1404 5140 δὲ
1437 5087 1682 5154 δυνατὸν,
1714 5091 1771 5143 ἐν
1795 5090 1874 5160 τῷ

1981 4458 2158 4512 dum:
2195 4465 2260 4511 ut
2287 4467 2474 4512 autem
2521 4457 2758 4528 justum,
2808 4470 2920 4510 non
2973 4454 3027 4509 vi
3070 4453 3274 4526 palam,
3318 4454 3564 4510 hominis

1980 4561 2079 4602 sua
2103 4545 2390 4601 voluntate
2421 4554 2650 4616 peccato
2679 4544 2811 4600 facti
2837 4543 3094 4609 obnoxii,
3149 4545 3387 4600 salutem
3417 4561 3565 4616 prae-

1978 4647 2128 4693 stare
2159 4655 2173 4691 :
2201 4645 2372 4708 atque
2401 4646 2462 4691 nt
2485 4637 2948 4707 omnipotentem,
2969 4635 3298 4704 complenda
3328 4635 3564 4692 sanitate

1981 4743 2091 4783 non
2131 4727 2390 4784 deiicere.

2052 4819 2140 4874 41.
2179 4819 2276 4874 Dei
2313 4820 2542 4890 quidem
2587 4821 2860 4891 sapientia
2909 4822 2964 4876 in
3019 4837 3089 4878 eo
3129 4823 3360 4887 elucet,
3414 4821 3562 4892 quod

1980 4915 2111 4967 vere
2137 4921 2335 4967 natura
2365 4913 2544 4969 lactus
2578 4914 2651 4968 sit
2677 4915 2843 4970 homo
2892 4934 2904 4969 :
2940 4917 3156 4986 justitia
3184 4931 3317 4971 vero
3343 4955 3358 4978 ,
3412 4913 3563 4986 quod

1980 5004 2147 5058 simili
2183 5005 2346 5060 nobis
2376 5007 2592 5062 ratione
2617 5015 2826 5064 natura:
2853 5008 2964 5061 vim
2992 5007 3274 5077 patibilem
3298 5015 3423 5061 ortu
3461 5021 3563 5061 suo

1981 5096 2348 5164 assumpserit
2381 5113 2394 5149 :
2433 5099 2681 5166 potentia
2715 5098 2980 5168 denique,
3027 5097 3173 5168 quod
3208 5098 3563 5168 passionihus

363 5225 382 5244 '
408 5223 513 5295 Qq.
545 5224 610 5280 ad
644 5217 862 5280 Thalas.
891 5241 947 5296 q.
975 5223 1065 5290 6i,
1095 5225 1408 5297 παθούσης·
1437 5229 1585 5298 quod
1615 5237 1672 5284 et
1699 5231 2014 5302 legendum.

367 5337 445 5408 (ᾳ)
493 5338 606 5405 Τῆς
645 5337 916 5403 ἀπαθοῦς
943 5340 1204 5406 φύσεως.
1254 5338 1344 5394 Sic
1374 5339 1520 5396 dicta
1557 5340 1611 5396 in
1651 5339 1872 5398 Christo

290 5419 526 5480 natura,
567 5409 755 5480 sicque
802 5417 1199 5478 repraesentant
1263 5409 1424 5480 codd.
1489 5421 1654 5480 atque
1699 5413 1868 5477 edita,

291 5478 385 5534 cui
411 5478 642 5550 proinde
660 5479 818 5550 labor
840 5485 1006 5550 atque
1040 5494 1208 5550 mors,
1241 5479 1424 5543 ἄδικος
1443 5478 1579 5550 ὁμοῦ
1605 5483 1699 5534 καὶ
1716 5483 1870 5535 ἀναί-

289 5566 422 5621 ιιτιοςΔ
447 5547 609 5621 (oret.
649 5548 760 5621 sed
787 5547 927 5621 mihi
953 5549 1099 5621 istud
1124 5549 1320 5604 durius
1349 5567 1363 5602 :
1393 5547 1576 5621 longe
1605 5567 1736 5606 vero
1769 5569 1868 5608 ex-

293 5617 542 5691 peditius
573 5619 720 5691 quod
750 5618 1016 5691 habetur,
1041 5618 1237 5684 Quaest.
1269 5621 1339 5674 ad
1360 5617 1674 5691 ΤΙιαιῘπρὺς
1703 5624 1869 5676 ἐπαν..

294 5688 533 5760 ὄρθωσιν
583 5689 683 5758 τῆς
723 5688 1002 5758 παθούσης
1040 5692 1253 5758 φύσεως
1293 5709 1304 5720 ·
1348 5692 1494 5759 quod
1538 5688 1594 5746 et
1629 5693 1864 5748 reddidi.

625 5783 892 5843 ΡΑτιιοι.
939 5783 1050 5842 Gn.
1091 5783 1211 5843 XC.

1983 5347 2076 5420 Sic
2099 5359 2248 5408 certe
2271 5357 2383 5406 tota
2414 5349 2701 5404 laborabat
2720 5357 2938 5413 natura,
2984 5357 3207 5420 totaque
3237 5353 3563 5420 reparanda,

1977 5417 2181 5476 ChriSti
2227 5421 2516 5476 laboribus
2564 5429 2620 5490 et
2658 5426 2841 5490 morte
2866 5435 2994 5490 non
3042 5417 3254 5490 natura}
3292 5417 3563 5490 ἆπαθοῦς,

1977 5491 2128 5560 quod
2156 5506 2260 5548 nec
2283 5492 2401 5560 ipsa
2436 5490 2516 5544 sic
2551 5489 2804 5560 absolute
2847 5489 3066 5544 dicatur
3095 5488 3302 5546 Christi
3341 5488 3562 5557 natura,

1977 5558 2099 5629 qua:
2129 5563 2190 5616 τὸ
2221 5558 2460 5631 παθητὸν
2477 5559 2673 5631 carnis
2714 5558 2963 5631 haberet,
2999 5563 3359 5630 quantumvis
3419 5568 3560 5621 esset

1977 5632 2215 5705 ἀπαθὴς,
2252 5629 2400 5701 quod
2427 5629 2494 5686 ad
2521 5629 2715 5686 vitium
2738 5630 2938 5686 attinet
2957 5629 3281 5702 ac’culpam.

3170 5789 3246 5845 b9

3409 283 3544 350 1322
3630 277 3634 282 ’
