4108 6428
613 333 750 401 εἶΞῖ

1782 317 1842 378 S.
1880 306 2171 376 MAXIMI
2211 298 2724 370 CONFESSORIS

3717 297 3836 371 1321

610 467 673 505 ac
707 457 906 504 morte.
941 442 1341 514 sempiternam
1384 445 1599 494 natura:
1644 432 1817 487 vitam
1863 425 2229 500 impatibilig

2307 423 2388 476 διὰ
2424 420 2770 491 παθημάτων
2802 417 2897 471 καὶ
2927 415 3186 479 θανάτου,
3219 413 3363 485 ζωὴν
3414 404 3584 469 ἀΐδιον
3610 418 3671 488 τῇ
3702 423 3837 488 φύσει

613 549 892 611 tatemque
931 535 1334 592 immutabilem
1367 527 1704 586 condiderit.

682 653 774 707 42.
815 647 1114 720 Sapientiae
1158 643 1385 714 quidem
1417 636 1686 694 Dominus
1735 633 1884 688 clare
1915 627 2200 699 specimen

612 743 893 806 exhibuit,
929 741 983 794 in
1037 735 1345 794 curationis
1391 728 1577 791 modo.
1615 727 1756 782 citra
1800 737 2022 777 omnem
2074 732 2199 772 mu-

615 837 881 891 tationem
913 849 977 888 ac
1010 832 1096 886 vel
1125 828 1416 883 minimam
1442 822 1527 878 sui
1555 821 1757 882 labem,
1782 817 1964 871 factus
1995 814 2196 868 homo:

609 931 842 999 iustitiae
873 940 1007 981 vero
1031 921 1403 992 aequalitatem
1429 912 1704 985 prodidit,
1735 911 1790 965 in
1823 903 2203 962 inelinationis

615 1022 786 1092 inque
808 1033 921 1072 rem
942 1022 1190 1070 nostram
1216 1005 1574 1065 demissionis
1603 997 1984 1071 magnitudine
2009 1013 2026 1061 ;
2049 1010 2204 1048 nem-

616 1127 686 1182 pe
707 1126 830 1181 quae
865 1110 922 1164 in
949 1115 1164 1161 natura:
1199 1100 1360 1172 595
1401 1105 1560 1169 parte
1605 1091 1825 1166 patibili
1868 1098 1954 1144 est
2005 1094 2203 1157 sponte

616 1180 848 1259 subiens
877 1196 1315 1256 damnationem,
1346 1203 1580 1258 eamque
1608 1187 1676 1241 ad
1714 1180 2048 1238 abolendum
2073 1192 2200 1248 pec-

615 1303 826 1357 catum,
859 1305 924 1346 ac
959 1303 1082 1360 quae
1104 1303 1173 1342 ex
1197 1285 1292 1340 illo
1321 1292 1428 1344 est,
1476 1289 1736 1342 mortem,
1786 1276 1842 1330 in
1882 1287 2036 1328 arma
2082 1285 2208 1323 ver-

512 1413 548 1466 3.;
617 1394 741 1441 tens
763 1381 1140 1454 (abolendam,
1159 1373 1764 1447 inquam,voluptatem
1778 1382 1875 1422 seu
1892 1363 2205 1425 libidinem,

620 1492 708 1541 ac,
751 1475 849 1545 qui
889 1479 1117 1544 propter
1143 1484 1268 1524 eam
1321 1465 1590 1528 inolevit,
1644 1458 1914 1528 dolorem)
1950 1474 1962 1510 :
2001 1456 2057 1510 in
2099 1470 2209 1524 qua

618 1568 884 1623 nimirum
916 1564 1096 1637 (parte
1124 1561 1392 1616 nimirum
1435 1554 1682 1627 patibili)
1733 1549 1946 1624 peccati
1981 1548 2099 1612 vis,
2144 1560 2211 1600 ac

618 1657 820 1712 mortis
856 1635 1200 1718 exsistebat;
1227 1666 1314 1714 ac,
1359 1664 1482 1719 qua“:
1507 1647 1792 1715 voluptate
1826 1656 1925 1696 seu
1953 1635 2208 1700 libidine,

2302 515 2714 588 δημιουργῆσαι
2752 514 2847 568 καὶ
2872 510 3144 566 ἀπάθειαν
3164 509 3456 582 ἄτρεπτον.

2376 629 2488 700 μ.βῆ
2529 627 2636 681 Τὸν
2677 626 2776 697 μὲν
2804 627 2903 696 τῆς
2932 627 3127 695 σοφίας
3161 623 3342 693 λόγον,
3373 625 3429 677 ὲν
3461 622 3540 694 τῷ
3567 624 3738 696 τρόπῳ
3760 643 3843 698 της

2306 721 2576 792 ἰατρείας,
2607 719 2842 792 φανερὸν
2884 718 2913 769 ὀ
2949 715 3155 788 Κύριος
3193 714 3442 786 ἐποίησε,
3474 715 3641 785 χωρὶς
3670 719 3846 788 τροπῆς

2304 811 2400 865 καὶ
2431 814 2532 882 τῆς
2562 811 2782 865 οἱασοῦν
2835 804 3197 872 ἀλλοιώσεως,
3238 807 3531 877 γενόμενος
3560 806 3846 875 ἄνθρωπος·

2303 904 2404 976 τὴν
2443 904 2668 974 ἰσότητα
2699 902 2756 955 δὲ
2802 901 2900 972 τῆς
2931 898 3303 969 δικαιοσύνης,
3335 899 3395 951 ἐν
3418 896 3499 967 τῷ
3537 896 3744 967 μεγέθει
3769 901 3852 970 τῆς

2307 994 2772 1063 συγκαταϐἀσεως
2803 989 2996 1056 ἔδειξε,
3028 990 3088 1044 τὸ
3117 992 3176 1044 ὲν
3205 989 3282 1061 τῷ
3313 987 3544 1060 παθητῷ
3574 989 3854 1059 κατάκριμα

2310 1088 2412 1158 τῆς
2440 1085 2677 1156 φύσεως,
2707 1083 2849 1138 κατὰ
2882 1081 3107 1154 Θὲλησιν
3145 1079 3366 1145 ὑποδὺς,
3405 1082 3627 1133 κάκεῖνο
3654 1080 3855 1150 ποιήσας

2307 1179 2472 1234 ὅπλον
2519 1178 2661 1250 πρὸς
2696 1177 2799 1248 τὴν
2827 1179 2927 1247 τῆς
2958 1174 3236 1246 ἁμαρτίας
3266 1172 3550 1242 ἀναίρεσιν
3583 1171 3674 1224 καὶ
3703 1170 3784 1223 τοῦ
3802 1170 3857 1223 δι’
3931 1228 3939 1239 ⁸

2307 1273 2478 1344 αὐτὴν
2503 1270 2766 1335 Θανάτου,
2798 1268 3050 1323 τουτέστι
3082 1269 3181 1337 τῆς
3213 1264 3410 1336 ἡδονῆς
3445 1265 3544 1318 καὶ
3569 1261 3667 1334 τῆς
3698 1263 3759 1316 δι’
3780 1263 3856 1316 αὖ»

2309 1365 2408 1436 τὴν
2441 1363 2660 1436 ὀδύνης,
2693 1366 2752 1418 ὲν
2781 1355 2827 1430 ᾧ
2851 1363 2954 1432 τῆς
2997 1360 3275 1432 ἁμαρτίας
3304 1357 3520 1427 ὑπῆρχε
3554 1355 3648 1409 καὶ
3673 1353 3759 1408 τοῦ
3784 1354 3857 1408 θι-

2309 1455 2472 1508 νάτου
2499 1455 2563 1508 τὸ
2594 1453 2817 1525 κράτος,
2849 1452 2946 1505 καὶ
2976 1452 3012 1522 ἡ
3046 1449 3188 1503 κατὰ
3215 1449 3314 1520 τὴν
3343 1447 3541 1520 ἡδονὴν
3587 1443 3680 1516 τῆς
3707 1445 3859 1517 ἁμαρ.

2309 1549 2435 1612 τίας
2466 1547 2749 1618 τυραννὶς,
2784 1545 2882 1600 καὶ
2917 1545 2952 1615 ἡ
2982 1543 3049 1597 δι’
3079 1541 3252 1613 αὐτὴν
3285 1540 3429 1594 κατὰ
3457 1539 3559 1609 τὴν
3585 1536 3762 1607 ὀδύνην
3783 1537 3858 1590 τοῦ

2313 1636 2546 1695 θανάτου
2583 1638 2894 1692 δυναστεία.
2941 1637 3031 1690 Ἐν
3063 1635 3176 1706 γὰρ
3221 1634 3299 1704 τῷ
3343 1630 3576 1701 παθητῷ
3619 1629 3861 1702 προδήλως

620 1747 837 1820 peccati
891 1744 1144 1817 tyrannis
1193 1739 1547 1806 concrescit;
1593 1752 1813 1792 necnon
1853 1731 2014 1806 cuius
2052 1739 2210 1785 reatu

2313 1730 2553 1820 ὑπάρχει
2589 1730 2689 1802 τῆς
2719 1729 2960 1800 φύσεως,
2998 1729 3061 1783 τὸ
3099 1729 3200 1799 τῆς
3231 1726 3424 1797 ἡδονῆς
3457 1724 3659 1796 κράτος
3696 1723 3778 1777 καὶ
3813 1725 3862 1776 τδ

621 1856 723 1911 per
748 1839 998 1894 dolorem
1032 1846 1200 1907 atque
1233 1849 1533 1895 aerumnas,
1573 1830 1770 1885 mortis
1799 1835 2045 1898 potestas
2074 1839 2208 1880 con-

2311 1822 2413 1892 τῆς
2439 1819 2656 1892 ὀδύνης.
2693 1820 2808 1875 Καὶ
2835 1820 2947 1891 γάρ
2983 1837 3102 1884 πως
3136 1818 3236 1888 τῆς
3266 1815 3462 1886 ὀδύνης
3497 1815 3661 1867 πλέον
3678 1814 3733 1867 τὸ
3749 1816 3862 1868 κατὰ

621 1929 874 1986 valescit.
901 1928 1069 1984 Plane
1097 1905 1244 1981 enim
1277 1923 1578 1994 voluptatis
1603 1919 1927 1987 dolorisque
1960 1913 2212 1970 domina-

2318 1911 2480 1980 φύσιν
2514 1911 2920 1983 ἐπιτεινόμενον
2961 1911 3286 1983 πρόστιμον,
3319 1908 3409 1962 διὰ
3441 1907 3544 1978 τῆς
3586 1905 3766 1978 ἡδονῆς
3787 1906 3862 1959 αὖ·

624 2020 702 2074 tio
731 2034 797 2074 ac
825 2017 1018 2082 robur,
1045 2019 1105 2071 in
1129 2024 1342 2069 naturae
1367 2021 1523 2083 parte
1567 2007 1783 2080 patibili
1827 2005 2066 2060 exsistit.
2099 2003 2213 2058 Na-

2317 2004 2416 2076 τὴν
2446 2003 2893 2075 παραμυθεῖσθαι
2931 2001 3338 2074 σπουδάζομεν·
3372 2001 3624 2063 θέλοντες
3657 1998 3752 2069 γὰρ
3789 2000 3864 2050 ὲκο

629 2111 824 2166 turalis
855 2108 1063 2180 quippe
1098 2105 1309 2161 doloris
1340 2117 1560 2174 ptenam
1595 2095 1985 2154 vehementius
2032 2094 2216 2148 inten-

2320 2097 2514 2165 φυγεῖν
2539 2095 2638 2167 τὴν
2666 2095 2809 2150 κατὰ
2831 2094 2928 2166 τὴν
2954 2094 3149 2165 ὀδύνην
3171 2093 3431 2148 ἐπίπονον
3457 2091 3723 2162 αἴσθησιν,
3753 2090 3860 2161 πρὸς

627 2219 744 2257 sam
784 2201 1069 2270 voluptate
1103 2195 1273 2253 solari
1324 2189 1735 2266 quodammodo
1783 2187 2038 2243 nitimur.
2069 2183 2214 2239 Dum

2320 2188 2419 2257 τὴν
2469 2187 2661 2259 ἡδονὴν
2700 2186 3147 2258 καταφεύγομεν,
3177 2182 3256 2257 τῷ
3285 2186 3391 2255 τῆς
3425 2183 3620 2270 ὀδύνης
3659 2182 3863 2252 αίκισμῷ

628 2308 868 2363 namque
899 2291 1192 2346 molestum
1212 2285 1434 2342 doloris
1477 2297 1703 2340 sensum
1752 2279 2007 2350 mitigare
2050 2277 2214 2331 volu-

2323 2253 2653 2351 πιεζομένην
2695 2279 2793 2351 τὴν
2857 2253 3040 2348 φύσιν,
3097 2253 3510 2350 ἐπιχειρούντες
3565 2253 3863 2346 παραμυθεῖ-

631 2397 778 2445 mus,
809 2381 879 2436 ad
911 2380 1253 2449 voluptatem
1279 2372 1632 2443 confugimus
1660 2367 1759 2435 ,5id
1801 2366 2078 2422 enitentes
2101 2402 2117 2427 ,
2159 2368 2222 2416 ut

2325 2372 2470 2428 σθαι.
2511 2373 2846 2437 Σπεύδοντες
2884 2373 2942 2427 δὲ
2987 2373 3077 2426 διὰ
3118 2373 3220 2439 τῆς
3261 2371 3462 2443 ἡδονῆς
3493 2369 3564 2423 τὰ
3585 2369 3679 2438 τῆς
3709 2367 3863 2436 ὀδύνης

631 2483 887 2528 naturam
933 2468 1149 2527 doloris
1194 2467 1413 2538 ﬂagello
1444 2477 1802 2534 oppressam,
1831 2457 1988 2512 illius
2022 2454 2222 2511 solatio

2319 2463 2596 2534 ἀμϐλῦναι
2645 2466 2945 2536 κινήματα,
3000 2464 3162 2518 πλέον
3215 2462 3386 2533 αὐτῆς
3433 2461 3500 2515 τδ
3553 2459 3670 2514 καθ’
3693 2459 3864 2512 ἑαυτῶν

633 2568 902 2620 levemus.
944 2563 1055 2620 Sed
1089 2563 1223 2617 dum
1273 2559 1485 2615 doloris
1531 2555 1758 2610 aculeos
1803 2549 2106 2621 voluptatis
2145 2548 2224 2602 le-

2321 2554 2691 2626 ὲπικυροῦμεν
2729 2555 3118 2627 χειρόγραφον,
3159 2554 3353 2624 ὀδύνης
3401 2553 3503 2607 καὶ
3552 2551 3722 2605 πόνων
3750 2550 3865 2621 ἔχειν

633 2658 856 2713 noeinio
881 2655 1104 2709 mollire
1149 2651 1451 2722 satagimus
1479 2663 1546 2702 ac
1581 2641 1883 2701 retundere
1904 2681 1919 2707 ,
1968 2641 2090 2711 ejus
2119 2638 2220 2694 ad-

2322 2642 2422 2714 τὴν
2449 2644 2646 2714 ἡδονὴν
2670 2645 3081 2717 ἀπολελυμένην
3110 2645 3172 2698 ού
3202 2645 3524 2716 δυνάμενοι.

633 2759 858 2800 versum
891 2759 996 2798 nos
1023 2739 1458 2813 chirographum
1479 2736 1654 2808 magis
1707 2731 2127 2797 conﬁrmamus,
2191 2730 2288 2802 qui
2328 2735 2611 2806 voluptate
2642 2775 2660 2802 ,
2717 2736 2907 2793 dolore
2965 2751 3031 2792 ac
3083 2735 3369 2792 laboribus
3423 2736 3608 2792 soluta
3647 2732 3746 2789 frui
3783 2746 3860 2786 ne.

634 2851 926 2906 queamus.

707 2972 797 3028 45.
827 2968 1164 3024 Excellentis
1197 2973 1385 3023 autem
1417 2963 1690 3036 potentia
1726 2961 1842 3018 vim
1880 2958 2096 3032 liquido
2123 2973 2218 3014 os-

2397 2957 2508 3032 μθί.
2537 2959 2650 3034 Τὴν
2679 2961 2738 3016 δὲ
2787 2961 2888 3034 τῆς
2929 2961 3381 3034 ὑπερϐαλλούσης
3430 2963 3711 3033 δυνάμεως
3745 2962 3867 3032 laxi.»

641 3063 841 3128 tendit,
875 3060 1024 3132 quod
1050 3075 1150 3130 per
1172 3073 1237 3114 ea
1266 3057 1570 3122 contraria,
1619 3069 1742 3127 qua:
1770 3053 1890 3125 ipse
1917 3067 2219 3124 perpessus

2323 3054 2483 3126 δῆλον
2513 3055 2844 3124 κατέστησε,
2893 3053 3002 3106 τῶν
3035 3051 3118 3118 οἷς
3157 3053 3322 3118 αὐτὸς
3361 3055 3602 3126 ἔπασχεν
3631 3054 3864 3115 ἐναντίων.

637 3164 747 3218 est,
774 3150 1176 3207 immutabilem
1219 3158 1435 3204 naturae
1467 3147 1784 3218 genituram
1821 3153 2121 3214 ortumque
2152 3157 2229 3196 ac

2334 3147 2647 3222 ὑποστήσας
2673 3149 2741 3217 τῇ
2769 3144 2932 3216 φύσει
2958 3145 3060 3218 τὴν
3080 3145 3301 3216 γένεσιν
3327 3146 3604 3218 ἄτρεπτον
3634 3161 3651 3178 ο
3685 3145 3760 3199 διὰ
3786 3147 3866 3198 πᾶν

639 3243 1016 3302 substantiam
1047 3241 1322 3298 condidit.
1343 3241 1464 3296 ‘Per
1494 3237 1812 3310 passionem
1834 3237 2009 3301 enim,
2036 3231 2234 3291 immu-

639 3354 740 3394 nes
767 3352 890 3392 esse
917 3351 949 3390 a
977 3335 1266 3420 gessione;
1292 3349 1393 3404 per
1425 3331 1668 3397 labores,
1701 3328 2094 3387 remissionem
2123 3345 2139 3394 ;
2168 3343 2236 3384 ac

641 3443 742 3499 per
773 3417 1037 3488 mortem,
1059 3423 1461 3494 sempiternam
1497 3429 1714 3476 naturae
1755 3419 2007 3476 tribuens
2034 3417 2231 3483 vitam,

644 3519 879 3590 pristina
913 3515 1182 3572 felicitate
1228 3513 1510 3582 restituit;
1561 3513 1768 3585 quibus
1811 3512 1930 3582 ipse
1976 3508 2234 3582 penuriis

643 3613 957 3678 laboravit,
989 3620 1204 3666 natura:
1225 3609 1450 3665 habitus
1489 3606 1846 3670 instaurans;
1887 3617 1954 3658 ac
1981 3617 2091 3673 qua
2117 3615 2239 3656 car-

645 3723 773 3762 nem
797 3702 1006 3769 induit,
1051 3710 1266 3758 naturae
1301 3700 1410 3755 vim
1441 3713 1661 3754 omnem
1708 3701 2068 3766 superantem
2112 3707 2237 3762 gra-

650 3799 778 3852 tiam
817 3797 897 3867 (id
919 3805 1027 3860 est,
1051 3789 1489 3861 deiﬁcationem)
1520 3798 1733 3844 natura:
1755 3787 1970 3842 donans

715 3913 806 3967 44.
846 3911 994 3966 Dens
1016 3924 1148 3964 vere
1173 3907 1352 3962 factus
1378 3904 1675 3967 est'homo,
1695 3902 1971 3971 aliamque
1999 3894 2233 3954 secundi

648 4012 808 4059 ortus
836 4011 1049 4057 natum
1086 3999 1241 4056 dedit
1275 3997 1545 4070 originem
1569 4012 1584 4062 ;
1607 4009 1731 4065 qua:
1754 3992 1967 4048 scilicet
1991 4006 2021 4045 ο
2048 3990 2237 4044 labore

650 4103 852 4166 coepta,
895 4093 953 4146 in
994 4092 1194 4148 futurae
1226 4089 1354 4145 vitae
1389 4087 1620 4143 delicias
1667 4084 1906 4140 desinat.
1959 4081 2238 4148 Quemad-
2273 4123 2276 4126 .

650 4185 878 4241 modum
895 4183 1051 4238 enim
1083 4181 1300 4253 primus
1329 4192 1533 4249 parens
1566 4173 1834 4238 Adamus,
1865 4170 2014 4242 quod
2060 4169 2236 4224 divini

607 4313 610 4316 η
651 4277 896 4334 mandati
931 4273 1393 4346 transgressione,
1427 4270 1591 4326 aliam
1619 4285 1687 4325 ex
1725 4267 2013 4336 voluptate
2063 4278 2129 4318 ac
2166 4262 2236 4316 li-

652 4371 841 4425 bidine
875 4368 1173 4438 originem,
1216 4364 1512 4434 interiecto
1541 4362 1734 4416 labore
1777 4366 1945 4429 atque
1990 4371 2236 4412 atrumna

655 4465 711 4516 in
747 4469 985 4515 mortem
1039 4457 1385 4512 desinentem
1413 4493 1428 4519 ,
1479 4461 1682 4524 praeter
1724 4466 1848 4506 eam
1888 4465 2012 4519 qua:
2054 4447 2236 4517 primo

652 4550 882 4608 condita
933 4548 1136 4612 fuerat,
1173 4546 1433 4617 aequiore
1463 4543 1697 4599 consilio
1746 4542 2072 4604 invexerat;
2115 4553 2234 4592 ser-

653 4641 950 4712 pentisque
991 4652 1159 4694 suasu
1221 4638 1560 4707 voluptatem
1587 4674 1604 4701 ,
1656 4649 1780 4703 quae
1831 4630 2097 4687 anteriori
2155 4629 2234 4684 la-

656 4732 779 4787 bori
834 4745 946 4786 non
980 4728 1309 4784 succederet
1339 4766 1355 4793 ,
1405 4726 1502 4783 sed
1531 4742 1653 4796 qua:
1686 4725 1802 4795 ipsa
1830 4723 2018 4794 potius
2063 4722 2121 4776 in
2158 4722 2238 4776 la-

657 4825 850 4879 borem
882 4834 1298 4884 mrumnamque
1325 4818 1573 4883 cederet,
1602 4817 1988 4879 adinvenerat,
2041 4827 2237 4868 omnes

657 4929 724 4966 ex
749 4912 870 4982 ipso
893 4927 1060 4966 carne
1096 4910 1175 4965 illi
1205 4909 1373 4964 simili
1398 4915 1749 4979 propagatos,
1781 4905 1854 4961 ob
1892 4905 2141 4974 iniquam
2169 4920 2236 4959 cx

658 5003 942 5074 voluptate
963 5002 1258 5073 originem,
1291 5002 1347 5056 in
1375 4999 1571 5055 mortis
1601 5001 1767 5054 tinem
1806 5014 1871 5053 ac
1896 4996 2240 5052 interitionis

660 5108 848 5152 secum
872 5095 1080 5166 pariter
1107 5095 1257 5166 juste
1281 5091 1536 5148 trahebat
1561 5107 1574 5143 :
1609 5089 1690 5145 sic
1713 5104 1936 5160 quoque
1975 5088 2246 5143 Dominus

661 5186 840 5242 factus
890 5186 1096 5251 homo,
1145 5187 1423 5256 aliamque
1474 5182 1706 5239 secundi
1766 5190 1927 5237 ortus
1971 5180 2245 5252 originem

663 5277 829 5348 596
847 5292 914 5332 ex
939 5276 1150 5347 Spiritu
1180 5286 1374 5332 sancto
1398 5283 1614 5330 natura:
1643 5271 1968 5336 fabricatus,
2000 5270 2248 5342 justissi-

664 5384 922 5439 mamque
981 5368 1177 5422 Adami
1230 5384 1331 5439 per
1389 5366 1677 5429 laborem,
1729 5373 1895 5434 atque
1941 5376 2246 5417 aerumnam

665 5469 898 5514 mortem
929 5461 1240 5532 suscipiens
1288 5459 1367 5530 (in
1413 5474 1481 5516 eo
1531 5460 1725 5530 utique
1775 5456 2197 5527 iniustissimam
2229 5494 2244 5520 ,

666 5553 755 5607 cui
783 5553 998 5608 scilicet
1017 5553 1229 5625 proprii
1253 5561 1411 5607 ortus
1432 5552 1590 5624 origo
1611 5549 1959 5620 iniquissima
1993 5564 2059 5603 ex
2082 5546 2245 5618 primi

667 5646 914 5714 parentis
961 5645 1400 5717 transgressione
1441 5643 1720 5714 deesset),
1762 5641 2036 5697 utrumvis
2067 5649 2250 5695 extre-

671 5750 847 5797 mum.
897 5745 1012 5790 tum
1061 5749 1258 5799 nempe
1290 5734 1582 5798 originem,
1632 5745 1747 5788 tum
1809 5733 1972 5786 linem
2019 5727 2245 5783 humani

2337 3238 2464 3301 θους
2493 3238 2604 3308 γὰρ
2633 3238 2734 3310 τὴν
2757 3238 3050 3302 ἀπάθειαν,
3081 3237 3181 3292 καὶ
3221 3236 3314 3292 διὰ
3358 3239 3543 3292 πόνων
3580 3237 3674 3306 τὴν
3703 3237 3865 3301 ascani,

2337 3331 2434 3385 καὶ
2457 3330 2548 3386 διὰ
2602 3330 2838 3384 θανάτου
2883 3331 2984 3403 τὴν
3025 3331 3198 3385 ἀΐδιον
3239 3328 3385 3400 ζωὴν
3433 3333 3506 3402 τῇ
3557 3329 3708 3399 φύσει
3752 3329 3866 3394 δοὺς,

2336 3421 2502 3476 πάλιν
2545 3422 2962 3489 ἀποκατέστησε
2988 3439 3002 3455 ο
3051 3425 3175 3487 ταῖς
3225 3419 3424 3477 ἑαυτοῦ
3483 3421 3869 3492 καταπερὴσεσι

2335 3514 2435 3578 τὰς
2455 3513 2599 3580 ἔξεις
2627 3513 2984 3578 ἁνακαινίσας
3017 3514 3116 3585 τῆς
3139 3513 3378 3583 φύσεως,
3409 3514 3510 3567 καὶ
3537 3513 3624 3567 διὰ
3651 3516 3738 3585 τῆς
3767 3511 3869 3574 ἰδίας

2339 3605 2694 3679 σαρκώσεως.
2733 3607 2834 3678 τὴν
2874 3607 3017 3678 ὑπὲρ
3044 3607 3208 3676 φύσιν
3247 3607 3411 3678 χάριν
3431 3606 3799 3679 δωρησάμενος
3819 3605 3868 3673 τῇ

2339 3694 2523 3765 φύσει,
2553 3695 2654 3766 τὴν
2678 3694 2894 3750 θέωσιν.

2415 3873 2517 3945 μδ’.
2549 3875 2784 3944 Γέγονεν
2806 3876 2835 3929 ὀ
2859 3875 2993 3941 Θεὸς
3031 3878 3152 3931 κατ’
3181 3877 3445 3949 ἀλήθειαν
3471 3878 3766 3949 ἄνθρωπος,
3799 3870 3870 3927 ul

2337 3965 2570 4020 δέδωκεν
2593 3967 2763 4040 ἄλλην
2790 3967 2967 4040 ἀρχὴν
2995 3972 3060 4040 τῇ
3109 3968 3271 4040 φύσει
3320 3970 3582 4040 δευτέρας
3634 3969 3867 4038 γενέσεως.

2337 4057 2426 4113 διὰ
2467 4058 2632 4112 πόνου
2677 4059 2815 4131 πρὸς
2840 4059 3036 4132 ἡδονὴν
3067 4059 3369 4133 μελλούσης
3398 4061 3548 4132 ζωῆς
3581 4060 3868 4130 nam).wa

2345 4164 2467 4202 σαν.
2507 4147 2595 4211 Ὠς
2628 4149 2738 4220 γὰρ
2787 4149 2961 4220 Ἀδὰμ
2989 4151 3017 4201 ὀ
3050 4149 3354 4220 προπάτωρ
3386 4149 3484 4220 τὴν
3513 4149 3662 4204 θείαν
3696 4146 3869 4214 ἐντολὴν

2343 4239 2623 4310 παραϐὰς,
2675 4240 2842 4312 ἄλλην
2897 4241 3072 4311 ἀρχὴν
3133 4243 3422 4310 γενέσεως,
3472 4241 3537 4306 ἐξ
3581 4242 3757 4312 ἡδονῆς
3797 4237 3869 4304 μὲν

2346 4333 2774 4405 συνισταμένην,
2802 4336 2881 4398 εἰς
2907 4335 2964 4388 δὲ
2993 4336 3084 4389 τὸν
3127 4336 3217 4389 διὰ
3247 4335 3413 4390 πόνου
3467 4337 3693 4390 Θάνατον
3729 4331 3870 4386 τελενι

2343 4426 2526 4480 τῶσαν
2551 4429 2619 4497 τῇ
2646 4426 2809 4494 φύσει
2833 4428 2987 4498 παρά
3017 4428 3118 4498 τὴν
3148 4427 3371 4499 πρώτην
3401 4427 3782 4499 παρεισήγαγε,
3802 4421 3870 4474 καὶ

2342 4518 2608 4590 ἐπενόησε
2641 4518 2786 4572 κατὰ
2811 4520 2912 4590 τὴν
2940 4518 3253 4591 συμϐουλὴν
3276 4519 3372 4574 τοῦ
3399 4521 3578 4589 ὄφεως
3605 4517 3774 4590 ἡδονὴν
3796 4515 3868 4565 οὐκ

2341 4609 2507 4666 οὖσαν
2549 4611 2917 4682 προλαϐόντος
2960 4612 3122 4666 πόνου
3155 4612 3422 4683 διάδοχον,
3451 4612 3589 4667 ἀλλὰ
3623 4608 3798 4682 μᾶλλον
3809 4607 3867 4667 εἰς

2340 4702 2432 4756 τὸν
2457 4702 2617 4756 πόνον
2646 4702 3072 4775 περαιουμένην,
3099 4703 3308 4767 πάντας
3329 4704 3455 4768 τοὺς
3483 4703 3545 4768 ἐξ
3563 4699 3714 4756 αὐτοῦ
3746 4692 3870 4768 σαρκὶ

2342 4794 2668 4864 γενομένους
2695 4794 2813 4847 κατ’
2838 4794 3023 4870 αὑτὸν,
3047 4794 3138 4849 διὰ
3160 4795 3257 4866 τὴν
3282 4795 3342 4862 ἐξ
3381 4795 3576 4866 ἡδονῆς
3611 4793 3776 4849 ἄδικον
3799 4791 3868 4859 ἀρε

2345 4887 2469 4957 χὴν,
2517 4881 2633 4955 εἶχε
2687 4886 3169 4957 συνυπαγομὲνους
3211 4886 3364 4957 αὐτῷ
3399 4887 3641 4951 δικαίως,
3676 4882 3790 4956 πρὸς
3826 4881 3868 4930 τὸ

2345 4980 2434 5034 διὰ
2468 4979 2630 5033 πόνου
2657 4978 2800 5034 κατὰ
2830 4977 2922 5033 τόν
2953 4979 3184 5033 θάνατον
3212 4978 3367 5042 τέλος
3390 4992 3405 5007 ο
3439 4975 3583 5030 οὓτω
3606 4976 3691 5029 καὶ
3724 4973 3751 5024 ὀ
3785 4969 3865 5024 Κὺο

2349 5092 2460 5147 ριος
2494 5075 2784 5146 γενόμενος
2813 5071 3120 5144 ἄνθρωπος,
3143 5073 3241 5126 καὶ
3267 5071 3438 5143 ἄλλην
3469 5070 3642 5143 ἀρχὴν
3666 5063 3867 5133 δευτέρας

2346 5169 2616 5238 γενέσεως
2637 5168 2702 5222 ὲκ
2731 5167 3050 5237 Πνεύματος
3083 5166 3247 5233 ἁγίου
3292 5167 3360 5236 τῇ
3397 5165 3558 5236 φύσει
3592 5156 3868 5234 δημιουρτή·

2352 5277 2469 5326 σας,
2496 5259 2593 5312 καὶ
2620 5258 2713 5311 τὸν
2741 5256 2832 5311 διὰ
2864 5257 3030 5312 πόνου
3059 5256 3155 5310 τοῦ
3193 5255 3364 5325 Ἀδὰμ
3391 5253 3719 5308 δικαιότατον
3741 5259 3868 5300 κατα·

2353 5351 2644 5420 δεξάμενος
2692 5350 2944 5416 Θάνατον,
2980 5350 3039 5401 ἐν
3081 5347 3233 5419 αὐτῷ
3264 5345 3469 5418 δηλαδὴ
3505 5332 3867 5414 γενόμενον

2356 5444 2619 5507 κὼτατον,
2664 5445 2738 5507 ὡς
2789 5442 2889 5497 οὐκ
2938 5441 3136 5511 ἔχοντα
3161 5440 3260 5510 τῆς
3292 5438 3426 5502 ἰδίας
3467 5435 3714 5506 γενέσεως
3738 5425 3868 5497 ἀρχὴν

2354 5539 2452 5611 τὴν
2479 5539 2544 5592 ἐκ
2565 5537 2849 5609 παρακοῆς
2877 5530 3339 5604 ἀδικωτάτην·τού
3363 5529 3690 5601 προπάτορος
3706 5514 3866 5611 ἡδονὴν,

2354 5609 2684 5702 ἀμφοτέρων
2709 5628 2817 5683 τῶν
2840 5627 3051 5699 ἄκρων,
3085 5626 3262 5697 ἀρχῆς
3315 5640 3377 5678 τε
3429 5623 3569 5691 λέγω
3597 5618 3682 5671 καὶ

2354 5692 2463 5796 τὴς.
2502 5692 2645 5778 κατὰ
2685 5723 2778 5776 τὸν
2837 5692 3013 5790 Ἀδὰμ
3058 5692 3406 5791 ἀνθρωπίνης
3436 5713 3703 5784 γενέσεως,
3729 5695 3799 5756 οἶα
3821 5692 3868 5763 δὴ
