4108 6440
350 327 490 393 1325

1035 328 1376 394 'CAPITUM
1413 329 1837 405 OUINQUIES
1873 329 2394 397 CENTENORUM
2423 338 2820 402 CENTURIA
2858 344 2959 404 IV.

3480 310 3659 415 132s

342 438 784 511 προηγουμένως
829 439 931 494 οὐκ
976 441 1146 495 ὄντων
1179 445 1243 497 ὲκ
1267 443 1371 497 τοῦ
1398 444 1556 509 Θεοῦ,
1586 444 1688 515 τὴν
1715 443 1921 527 αναίρε-

2034 453 2190 499 ortus
2224 461 2325 515 pro
2348 448 2470 517 ejus
2492 448 2669 519 ipsius
2694 452 2912 508 ratione
2938 453 3205 521 sustulit';
3233 454 3311 511 'ut
3352 471 3475 529 qua:
3502 475 3616 518 non

340 534 434 587 σιν
474 534 791 602 ἐποιήσατο,
824 532 923 585 καὶ
952 534 1163 598 πάντας
1196 535 1327 599 τοὺς
1359 535 1640 605 μυστικῶς
1672 534 1731 599 ἐξ
1763 535 1929 588 αὐτοῦ

345 618 850 690 ἀναγεννωμὲνους,
886 619 989 689 τῆς
1018 619 1106 673 ἐπ’
1160 621 1334 691 αὐτῆς
1384 623 1578 693 ὲνοχῆς
1609 622 1930 694 ἐλευθέρους

348 712 671 782 κατέστησε.

419 802 523 875 με’.
548 806 659 875 Τὴν
685 805 755 857 ὲκ
778 804 872 857 τοῦ
926 803 1092 875 νόμου
1145 805 1251 875 τῆς
1293 806 1571 877 ἁμαρτίας
1614 807 1809 879 ἡδονὴν
1849 809 1932 870 είς

344 897 603 968 ἀθέτησιν
656 897 757 966 τῆς
810 898 953 951 κατὰ
1002 899 1184 969 σάρκα
1217 901 1525 971 γεννήσεως
1560 900 1668 953 τῶν
1698 903 1757 954 ὲν
1782 900 1932 971 αὐτῷ

346 990 534 1060 χάριτι
554 989 643 1043 διὰ
666 988 983 1060 Πνεύματος
1018 990 1379 1060 γεννωμένων
1423 993 1452 1044 ό
1489 992 1695 1063 Κύριος
1730 991 1931 1062 ἀφελό-

348 1096 535 1149 μενος,
570 1081 661 1133 τὸν
693 1083 774 1143 εἰς
801 1081 1101 1153 καταδίκην
1135 1082 1196 1135 τὸ
1227 1083 1492 1155 πρότερον
1524 1084 1656 1138 ὅντα
1693 1084 1792 1153 τῆς
1827 1084 1931 1153 φύ-

345 1188 508 1235 σεως,
543 1172 625 1233 εἰς
660 1169 759 1240 τὴν
792 1171 890 1239 τῆς
920 1171 1196 1242 ἁμαρτίας
1230 1171 1557 1243 κατάκρισιν
1588 1172 1771 1235 αὐτοῖς
1795 1188 1929 1239 συγ-

342 1263 516 1332 χωρεῖ
547 1261 797 1330 δέχεσθαι
852 1261 1104 1325 θάνατον,
1159 1262 1383 1331 ἔχοντας
1440 1263 1540 1332 μὲν
1591 1261 1688 1316 τοῦ
1757 1261 1932 1333 Ἀδὰμ

340 1354 531 1408 οὐκέτι
571 1353 671 1425 τὴν
702 1355 769 1406 ὲκ
825 1354 920 1406 τοῦ
978 1352 1154 1425 Ἀδὰμ
1203 1354 1398 1425 ἡδονὴν
1451 1355 1553 1426 τῆς
1608 1355 1877 1423 γενέσεως
1912 1370 1927 1384 '

344 1447 517 1518 μόνην
554 1447 611 1500 δὲ
656 1446 758 1518 τὴν
802 1447 893 1500 διὰ
939 1447 1031 1500 τὸν
1081 1447 1256 1518 Ἀδάμ
1284 1448 1480 1517 ὀδύνην
1509 1447 1845 1519 ἐνεργοῦσαν
1871 1450 1930 1502 ἐν

340 1537 527 1600 αὐτοῖς
555 1554 570 1568 ·
594 1537 655 1591 ού
688 1538 830 1591 κατά
864 1538 1027 1608 χρέος
1084 1538 1228 1610 ὑπὲρ
1274 1539 1575 1610 ἁμαρτίας,
1622 1539 1764 1594 ἀλλὰ
1805 1541 1927 1595 κατ’

337 1626 674 1697 οἰκονομίαν,
702 1627 792 1680 διὰ
822 1628 924 1698 τὴν
958 1628 1102 1682 κατὰ
1153 1628 1318 1697 φύσιν
1368 1628 1722 1700 περίστασιν,
1783 1628 1929 1683 κατὰ

336 1718 441 1789 τῆς
473 1719 774 1790 ἁμαρτίας,
808 1720 902 1774 τὸν
931 1720 1164 1774 θάνατον
1184 1736 1209 1751 ὀ
1239 1719 1300 1785 ὂς
1321 1721 1525 1775 ὁπόταν
1554 1720 1628 1793 μὴ
1660 1721 1775 1792 ἔχει
1804 1738 1929 1789 γενο

338 1809 521 1864 νῶσαν
548 1810 716 1864 αὑτὸν
747 1810 963 1882 μητέρα
988 1811 1109 1883 τὴν,
1131 1807 1201 1884 ἦς
1232 1812 1484 1880 τίνεσθαι
1510 1814 1725 1881 πέφυκε
1753 1829 1928 1884 τιμω-

342 1900 458 1973 ρὸς,
476 1901 669 1972 ἡδονὴν
695 1902 867 1955 άῖδίου
890 1902 1038 1975 ζωῆς
1060 1904 1351 1977 προδήλως
1372 1905 1697 1959 καθίσταται
1718 1909 1923 1977 πατήρ.

349 1991 441 2054 Ὠς
488 1990 600 2062 γὰρ
648 1991 743 2044 τοῦ
811 1991 987 2063 Ἀδάμ
1041 1995 1077 2064 ή
1111 1993 1241 2047 καθ’
1271 1994 1469 2066 ἡδονὴν
1507 1994 1644 2067 ζωὴ,
1688 1994 1925 2050 θανάτου

336 2083 436 2137 καὶ
460 2082 667 2152 φθορᾶς
695 2084 889 2153 γέγονε
915 2086 1123 2157 μήτηρ,
1159 2085 1306 2141 οὕτω
1325 2088 1423 2141 καὶ
1454 2090 1484 2142 ό
1508 2088 1601 2142 διὰ
1620 2087 1715 2141 τὸν
1752 2088 1928 2159 Ἀδὰμ

334 2176 435 2231 τοῦ
457 2179 668 2247 Κυρίου
693 2179 925 2244 θάνατος
946 2181 1211 2252 ὑπάρχων
1235 2181 1337 2253 τῆς
1360 2183 1426 2236 ὲκ
1446 2182 1542 2236 τοῦ
1573 2182 1747 2254 Ἀδὰμ
1769 2183 1926 2237 ἐλεύ-

336 2269 498 2344 θερος
529 2270 743 2345 ἡδονῆς,
777 2271 950 2328 ἀϊδίου
979 2273 1261 2346 γεννήτωρ
1284 2274 1499 2343 γίνεται
1538 2272 1706 2348 ζωῆς.

410 2544 528 2609 μετ’.
574 2539 779 2615 Ἀρχὴν
809 2541 939 2615 ἔσχε
977 2544 1120 2616 μετὰ
1148 2544 1250 2618 τὴν
1280 2546 1595 2618 παράϐασιν
1627 2549 1662 2618 ἡ
1693 2546 1802 2601 τῶν
1828 2547 1926 2602 ἀν-

333 2630 573 2699 θρώπων
622 2632 789 2702 φύσις
829 2638 929 2707 τῆς
969 2637 1107 2701 ἰδίας
1142 2638 1412 2706 γενέσεως
1444 2639 1543 2710 τὴν
1574 2639 1698 2693 καθ’
1729 2638 1924 2710 ἡδονὴν

331 2725 400 2779 ἐκ
424 2727 634 2796 σπορᾶς
656 2725 941 2798 σύλληψιν,
978 2729 1074 2781 καὶ
1102 2729 1203 2802 τὴν
1233 2728 1380 2784 κατὰ
1403 2730 1588 2801 ρεῦσιν
1620 2728 1877 2801 γέννησιν
1903 2746 1920 2764 ο

331 2816 429 2868 καὶ
448 2815 626 2881 τέλος,
654 2816 747 2871 τὸν
782 2818 908 2871 κατ’
935 2818 1130 2891 ὀδύνην
1151 2820 1241 2874 διὰ
1271 2821 1479 2892 φθορᾶς
1506 2821 1735 2875 θάνατον
1762 2838 1777 2853 ο
1806 2824 1835 2875 ὁ
1864 2821 1921 2875 δὲ

330 2906 541 2979 Κύριος
558 2908 768 2980 ταύτην
788 2911 890 2964 οὐκ
916 2911 1058 2982 ἔχων
1084 2912 1261 2984 ἀρχὴν
1286 2913 1387 2983 τῆς
1409 2912 1552 2967 κατὰ
1582 2914 1762 2984 σάρκα
1792 2930 1920 2982 γεν-

329 2996 566 3068 νήσεως.
602 2998 728 3053 οὔτε
772 3000 854 3072 τῷ
888 3003 1055 3068 τέλει,
1082 3003 1334 3057 τουτέστι
1362 3003 1443 3074 τῷ
1470 3003 1708 3075 Θανάτῳ,
1734 3004 1919 3075 ύπῆρ-

329 3105 427 3158 χεν
454 3088 685 3154 άλωτός.

406 3180 514 3251 μζ’.
549 3182 655 3236 Τδν
710 3184 882 3255 Ἀδὰμ
912 3187 945 3257 ή
978 3186 1225 3258 ἁμαρτία
1266 3186 1549 3259 καταρχὰς
1591 3187 1917 3253 δελεάσασα,

328 3274 470 3345 πρὸς
500 3275 815 3347 παράϐασιν
844 3278 941 3348 τῆς
970 3278 1124 3342 θείας
1154 3279 1493 3353 παρέπεισεν
1538 3279 1715 3333 ἐλθεῖν
1764 3281 1920 3333 ἐντο-

326 3365 431 3436 λῆς
463 3382 479 3396 ⁶
533 3368 657 3421 καθ’
702 3369 771 3438 ἢν
814 3371 916 3440 τὴν
943 3370 1144 3442 ἡδονὴν
1174 3372 1554 3442 ύποστήσασα.
1591 3372 1689 3426 καὶ
1719 3372 1919 3443 ἑαυτὴν

326 3457 420 3510 διὰ
447 3457 551 3527 τῆς
571 3459 767 3531 ἡδονῆς
793 3462 852 3514 ὲν
878 3461 1032 3532 αύτῷ
1056 3461 1428 3532 καθηλώσασα
1457 3465 1536 3535 τῷ
1561 3463 1800 3535 πυθμένι
1819 3467 1921 3535 τῆς

326 3547 568 3615 φύσεως,
598 3550 692 3604 τὸν
723 3551 953 3607 θάνατον
1005 3554 1105 3626 τῆς
1158 3555 1290 3625 ὅλης
1336 3555 1629 3626 κατέκρινε
1677 3554 1915 3624 φύσεως,

323 3640 548 3695 ὠθοῦσα
579 3641 717 3713 πρὸς
740 3645 1067 3713 ἀπογένεσιν
1088 3647 1233 3699 κατὰ
1273 3646 1367 3700 τὸν
1398 3646 1631 3701 θάνατον
1680 3646 1772 3700 διὰ
1821 3646 1918 3701 τοῦ

327 3732 643 3805 ἀνθρώπου,
682 3732 780 3805 τὴν
822 3736 988 3805 φύσιν
1040 3736 1153 3790 τῶν
1197 3738 1525 3807 γεγονότων.
1594 3738 1767 3793 Τοῦτο
1806 3738 1918 3810 γὰρ

326 3824 428 3878 καὶ
461 3828 822 3897 μεμηχάνητο
849 3826 927 3897 τῷ
958 3830 1155 3899 σπορεῖ
1172 3831 1273 3901 τῆς
1298 3829 1597 3901 ἁμαρτίας,
1626 3831 1724 3884 καὶ⁵
1748 3832 1919 3901 πατρὶ

324 3916 427 3986 τῆς
446 3917 645 3980 κακίας
673 3918 896 3990 πονηρῷ
915 3919 1167 3993 διαϐόλῳ,
1190 3921 1269 3993 τῷ
1301 3922 1493 3977 ἑαυτὸν
1526 3924 1625 3994 μὲν
1662 3923 1721 3990 ἐξ
1747 3924 1919 3996 ὕπερ-

327 4010 565 4079 ηφανίας
628 4009 731 4081 τῆς
782 4010 933 4076 θείας
981 4011 1313 4076 ὲξοικίσαντι
1359 4014 1540 4085 δόξης,
1582 4015 1674 4068 διὰ
1718 4015 1917 4085 φθόνον

325 4101 388 4155 δὲ
414 4102 509 4156 τόν
548 4120 609 4155 τε
643 4102 784 4174 πρὸς
814 4105 966 4173 ἡμᾶς
1014 4104 1111 4157 καὶ
1158 4105 1249 4158 τὸν
1295 4105 1451 4171 Θεὸν,
1501 4105 1597 4160 τοῦ
1655 4107 1929 4179 παραδεί-.

329 4210 429 4247 σου
460 4194 554 4248 τὸν
595 4194 770 4266 Ἀδὰμ
816 4195 1170 4263 ὲξοικίσαντι,
1220 4197 1485 4267 ἀφανίσαι
1541 4200 1611 4253 τά
1653 4199 1792 4270 ἔργα
1819 4199 1915 4254 τοῦ

324 4285 487 4353 Θεοῦ,
520 4286 620 4340 καὶ
642 4285 898 4341 διαλῦσαι
922 4287 997 4341 τὰ
1026 4289 1341 4344 συνεστῶτα
1365 4289 1504 4363 πρὸς
1529 4290 1769 4360 γένεσιν.

2036 534 2218 605 primo
2249 552 2280 590 a
2309 538 2419 592 Dee
2456 549 2680 607 essent;
2729 553 3073 614 cunctosque
3114 547 3347 618 mystice
3387 565 3458 606 ex
3494 552 3620 625 ipso

2038 638 2414 695 renascentes,
2448 632 2601 688 illius
2628 641 2787 689 reatu
2824 635 3086 691 absolvit.

2102 802 2194 888 ἐξ.
2234 802 2366 870 Quae
2410 821 2480 861 ex
2528 808 2649 880 lege
2697 814 2912 882 peccati
2942 825 3048 883 est,
3082 816 3368 888 voluptate
3385 818 3617 877 .'sublata

2036 904 2103 945 ac
2132 880 2384 960 libidine,
2415 896 2485 951 ad
2511 880 2708 953 eorum
2734 904 2827 971 qui
2878 906 2935 959 in
2986 907 3106 977 ipso
3152 911 3343 979 gratiae
3387 927 3618 967 munere

2036 998 2137 1053 per
2160 983 2427 1054 Spiritum
2459 999 2764 1046 nascuntur
2790 995 3116 1053 abolendam
3141 1002 3419 1058 carnalem
3466 1005 3616 1059 nati-

2038 1075 2289 1143 vitatem,
2331 1077 2579 1150 indulget
2629 1084 2937 1153 Dominus,
2986 1101 3046 1145 ut
3074 1102 3310 1147 mortem
3339 1134 3353 1159 ,
3407 1111 3530 1167 qua:
3557 1097 3614 1152 in

2038 1174 2251 1222 naturae
2272 1170 2429 1238 prius
2458 1171 2869 1232 damnationem
2894 1190 3046 1246 erat,
3102 1183 3170 1237 ad
3222 1186 3435 1253 peccati
3484 1202 3621 1241 con-

2032 1256 2443 1316 demnationem
2474 1265 2803 1335 suscipiant,
2828 1271 2920 1338 qui
2939 1287 3158 1343 nempe,
3179 1290 3284 1330 non
3321 1278 3435 1347 jam
3456 1288 3616 1333 ortus

2039 1365 2108 1404 ex
2143 1352 2354 1408 Adauio
2381 1354 2692 1422 libidinem,
2723 1359 2820 1414 sed
2851 1361 3121 1419 duntaxat
3142 1365 3353 1421 Adamo
3386 1377 3620 1425 auctore

2033 1440 2317 1498 invectum
2349 1445 2600 1503 dolorem
2630 1464 2695 1504 ac
2708 1466 3013 1508 aerumnam
3042 1455 3305 1525 habeant;
3328 1475 3439 1514 non
3458 1461 3617 1532 quasi

2031 1547 2100 1587 ex
2128 1533 2318 1590 debito
2348 1539 2561 1607 peccati
2601 1552 2782 1606 reatu,
2810 1544 2910 1599 sed
2954 1555 3106 1601 certa
3143 1550 3361 1605 consilii
3399 1552 3621 1608 ratione

2030 1639 2097 1679 ac
2120 1624 2560 1697 dispensatione,
2596 1632 2669 1687 ob
2712 1636 3026 1701 naturalem
3066 1641 3479 1710 necessitatem,
3518 1647 3621 1702 ad-

2029 1731 2229 1774 versus
2258 1730 2546 1790 peccatum
2567 1722 2760 1794 illique
2781 1725 3089 1795 abolendo,
3114 1741 3351 1788 mortem
3379 1750 3622 1807 operan-

1959 1793 2001 1848 Β
2031 1813 2163 1863 tem.
2195 1808 2323 1865 Haec
2354 1811 2526 1877 enim,
2554 1812 2651 1868 ubi
2677 1814 2853 1884 ipsius
2873 1793 3096 1888 parens.
3120 1823 3283 1893 cujus
3304 1793 3475 1881 ultrix
3493 1842 3621 1884 esse

2026 1901 2340 1967 consuevit,
2378 1904 2634 1975 voluptas
2667 1906 2955 1981 libidoque
2983 1910 3248 1979 defuerit,
3284 1915 3404 1987 ipsa
3431 1918 3618 1990 paiain

2027 1991 2381 2061 sempiternae
2427 1994 2555 2050 vitae
2595 2012 2799 2067 parens
2846 2001 3087 2058 exsistit.
3140 2004 3620 2071 Quemadmodum

2015 2079 2178 2134 enim
2212 2081 2529 2153 voluptaria
2560 2101 2628 2141 ac
2652 2087 2957 2146 libidinosa
2984 2093 3181 2150 Adami
3211 2097 3360 2167 vita,
3416 2105 3621 2160 mortis

2024 2186 2092 2227 ac
2114 2172 2373 2231 interitus
2392 2192 2592 2246 parens
2608 2181 2819 2237 exstitit
2842 2199 2862 2237 :
2895 2184 2976 2240 sic
2994 2202 3220 2259 quoque
3239 2206 3405 2262 quam
3427 2194 3621 2252 Domi-

2024 2279 2132 2319 nus
2151 2276 2379 2337 propter
2399 2268 2672 2326 Adamu‘m
2690 2282 2927 2331 mortem
2956 2278 3150 2347 subiit,
3180 2297 3304 2352 quae
3324 2285 3394 2340 ab
3418 2285 3618 2346 Adami

2023 2352 2256 2413 libidine
2277 2373 2345 2414 ac
2379 2361 2663 2432 voluptate
2695 2363 2963 2423 immunis
2984 2369 3079 2437 sit,
3110 2375 3468 2445 sempiternae
3491 2382 3621 2439 vite

2023 2473 2228 2529 parens
2251 2461 2493 2519 exsistit.

2093 2552 2185 2607 46.
2225 2553 2541 2613 Humanum
2574 2576 2749 2631 genus
2772 2579 2803 2619 a
2839 2571 3313 2641 transgressione,
3334 2586 3497 2633 ortus
3532 2580 3619 2636 sui

2021 2641 2320 2713 originem,
2370 2648 2743 2720 voluptariam
2794 2671 2860 2711 ac
2895 2658 3254 2719 libidinosam
3286 2682 3353 2721 ex
3403 2669 3620 2725 semine

2022 2742 2247 2791 nactum
2283 2746 2369 2793 est
2398 2745 2817 2814 conceptionem
2843 2790 2858 2811 ,
2898 2766 3079 2823 exque
3111 2754 3358 2813 ﬂuxione
3406 2761 3583 2816 nativi
3604 2792 3619 2803 -

2023 2834 2224 2893 tatem;
2254 2845 2320 2885 ac
2349 2843 2636 2901 postremo
2671 2838 2864 2908 linem,
2904 2859 3029 2913 qua:
3057 2847 3251 2904 labore
3286 2860 3345 2906 et
3369 2867 3618 2910 aerumna

2020 2920 2316 2989 conﬂatur,
2347 2928 2545 2983 mortis
2568 2930 2947 2990 interitionem
2977 2954 2991 2990 :
3017 2938 3289 2998 Dominus
3313 2960 3449 2999 vero
3471 2986 3486 3009 ,
3519 2947 3615 3017 qui

2020 3010 2164 3067 hanc
2218 3030 2331 3071 non
2384 3017 2620 3077 haberet
2663 3026 2976 3084 nativitatis
3027 3034 3271 3089 carnalis
3320 3036 3615 3107 originem,

1946 3138 1991 3197 ϐ
2023 3114 2129 3153 nec
2154 3102 2324 3157 etiam
2358 3104 2454 3161 ﬁni
2488 3108 2681 3181 (morti
2714 3113 2955 3186 scilicet)
2983 3117 3259 3176 obnoxius
3289 3102 3430 3180 erat.

2094 3192 2187 3248 47.
2220 3194 2536 3265 Peccatum,
2562 3203 2716 3259 velut
2754 3206 2944 3263 oblata
2983 3226 3109 3267 esca
3138 3254 3152 3276 ,
3189 3212 3462 3271 Adamum
3489 3257 3503 3279 ,
3553 3224 3621 3274 ut

2023 3282 2201 3339 divini
2235 3294 2619 3362 transgressor
2655 3298 2901 3353 mandati
2937 3301 3099 3358 ﬁeret
3133 3304 3298 3361 initio
3338 3307 3560 3365 induxit
3594 3330 3611 3366 :

2021 3391 2128 3446 qua
2161 3393 2363 3451 nempe
2412 3393 2609 3440 auctor
2658 3387 2737 3443 illi
2772 3392 3079 3463 voluptatis
3119 3396 3325 3453 factum
3374 3416 3438 3456 ac
3481 3401 3615 3456 libi-

2022 3468 2191 3536 dinis,
2233 3488 2445 3544 perque
2489 3477 2692 3547 ipsam,
2724 3481 2863 3552 ipsis
2894 3496 3107 3544 natura
3135 3491 3261 3547 imis
3301 3492 3615 3550 visceribus

2021 3560 2132 3616 alte
2157 3562 2408 3632 infixum,
2434 3578 2688 3627 naturam
2713 3589 2935 3631 omnem
2967 3582 3163 3637 mortis
3183 3599 3331 3637 ream
3359 3585 3609 3649 addixit;

2022 3652 2266 3712 hominis
2294 3657 2391 3713 illo
2422 3670 2601 3726 reatu,
2628 3674 2947 3723 creatorum
2976 3687 3150 3741 genus
3171 3690 3335 3731 omne
3367 3677 3423 3731 in
3449 3678 3612 3733 nihili

2021 3742 2366 3813 barathrum,
2402 3760 2461 3806 et
2497 3760 2560 3806 ut
2589 3770 2658 3810 ne
2684 3756 2798 3811 sint
2840 3760 3067 3830 quidem
3100 3764 3417 3836 impellens.
3473 3771 3611 3827 Nam

2021 3834 2129 3890 hoc
2170 3852 2393 3907 quoque
2430 3844 2656 3902 molitus
2691 3860 2813 3905 erat
2863 3855 3076 3922 peccati
3112 3834 3264 3913 sator
3307 3862 3615 3931 pessimus-

2018 3944 2127 3999 que
2154 3934 2417 4003 nequitia
2443 3952 2648 4006 parens
2676 3941 2953 4013 diabolus,
2984 3948 3079 4018 qui
3116 3958 3233 4005 tum
3260 3967 3321 4008 se
3360 3954 3480 4024 ipse
3509 3971 3614 4027 per

1992 4021 2340 4091 *superbiam
2373 4042 2404 4081 a
2432 4027 2621 4085 divina
2657 4032 2913 4092 claritate
2946 4042 3272 4109 extruserit,
3307 4021 3424 4099 tuin
3462 4021 3613 4102 Ada-

2019 4125 2169 4165 mum
2202 4130 2303 4183 per
2325 4116 2589 4173 invidiam
2622 4121 2678 4176 in
2696 4141 2799 4181 nos
2826 4129 3039 4196 pariter
3067 4148 3130 4186 ac
3158 4132 3329 4188 Deum
3352 4139 3612 4206 paradiso

2020 4199 2183 4271 597
2210 4207 2587 4275 expulerat,ut
2611 4213 2706 4268 Dei
2732 4231 2900 4285 opera
2931 4220 3202 4286 aboleret,
3234 4235 3291 4280 et
3328 4199 3452 4297 quae
3481 4241 3609 4286 ortu

2017 4293 2169 4349 edita
2202 4297 2371 4368 inque
2401 4316 2591 4357 rerum
2625 4316 2822 4363 natura
2848 4313 3263 4383 consisterent,
3305 4318 3424 4376 haec
3472 4338 3609 4381 vero

2019 4384 2372 4446 dissolveret.

400 4451 767 4533 μη⁹σφθονῶν
792 4464 873 4538 τῷ
900 4465 1023 4538 Θεῷ
1067 4468 1162 4523 καὶ
1216 4468 1349 4541 ἡμῖν
1376 4469 1405 4522 ό
1457 4469 1726 4538 διάϐολος,
1774 4471 1911 4543 δόλῳ

2085 4480 2191 4572 48;
2217 4482 2505 4551 Diabolus,
2558 4492 2767 4560 quain
2818 4510 2923 4552 nos
2973 4497 3262 4572 Deumque
3315 4503 3473 4562 ardet
3518 4507 3609 4565 iu-

319 4552 423 4607 τδν
469 4554 758 4626 ἄνθρωπον
811 4558 920 4611 ὑπὸ
965 4557 1103 4613 Θεοῦ
1158 4560 1475 4628 φθονεῖσθαι
1534 4563 1908 4632 παραπείσας,

320 4644 647 4717 παραϐῆναι
665 4647 768 4719 τὴν
790 4649 1013 4721 ἑντολὴν
1036 4652 1444 4723 παρεσκεύασε.
1494 4654 1585 4726 Τῷ
1617 4654 1737 4727 Θεῷ
1785 4657 1907 4727 μὲν,

322 4736 415 4788 ἴνα
450 4740 662 4809 φανερά
700 4739 778 4811 μὴ
812 4741 1039 4809 γένηται
1080 4744 1200 4798 κατ’
1235 4745 1518 4814 ὲνέργειαν
1552 4749 1587 4818 ἡ
1619 4747 1911 4819 πανύμνη-

320 4842 419 4889 τος
450 4828 617 4881 αὑτοῦ
643 4828 874 4900 δύναμις
918 4831 1258 4904 θεουργοῦσα
1308 4834 1401 4888 τὸν
1448 4833 1737 4906 ἄνθρωπον
1770 4852 1785 4866 ·
1834 4837 1912 4908 τῷ

319 4917 369 4971 δ’
406 4918 683 4992 ἀνθρώπῳ
709 4923 1020 4993 προδήλως,
1058 4924 1146 4979 ἶνα
1180 4925 1256 4997 μὴ
1289 4926 1517 4997 γένηται
1546 4931 1647 4999 τῆς
1672 4929 1823 4994 θείας
1852 4932 1909 4983 ἐν

318 5006 458 5060 εῖδει
505 5010 630 5063 κατ’
655 5011 860 5083 ἀρετὴν
898 5012 1127 5083 μέτοχος
1154 5013 1336 5085 δόξης.
1362 5016 1553 5070 Φθονεζ
1582 5017 1692 5089 γάρ
1717 5020 1747 5071 ό
1780 5037 1910 5089 μια-

319 5100 568 5172 ρώτατος
586 5102 649 5156 οὐ
678 5103 843 5171 μόνον
864 5104 995 5175 ἡμῖν
1030 5108 1132 5177 τῆς
1158 5106 1251 5160 ἐπὶ
1280 5106 1360 5177 τῷ
1383 5107 1505 5178 Θεῷ
1532 5108 1622 5165 διά
1645 5109 1747 5183 τὴν
1774 5112 1908 5184 ἁρε-

315 5190 423 5263 τὴν
453 5192 635 5264 δόξης,
660 5193 799 5248 ἀλλὰ
831 5198 926 5249 καὶ
960 5196 1039 5268 τῷ
1075 5197 1196 5268 Θεῷ
1234 5201 1334 5271 τῆς
1369 5200 1454 5270 ἐφ’
1491 5202 1622 5273 ἡμῖν
1667 5203 1755 5256 διὰ
1811 5203 1909 5276 τὴν

317 5282 602 5353 σωτηρίαν
627 5287 978 5356 πανυμνήτου
1005 5287 1307 5359 δυνάμεως.

396 5559 506 5631 μθ’.
550 5562 764 5634 Ὥσπερ
801 5565 860 5617 ἑν
895 5563 976 5636 τῷ
1028 5564 1200 5636 ’Δδάμ
1228 5569 1264 5621 ὁ
1294 5568 1528 5635 θάνατος
1573 5574 1671 5638 τῆς
1702 5571 1919 5640 φύσεως

391 5746 410 5768 ’
432 5746 543 5815 QQ.
573 5750 643 5807 ad
673 5748 891 5806 Thalas.
927 5768 983 5823 q.
1015 5752 1104 5820 61,
1137 5756 1544 5826 πνευματικῶς.

2008 4571 2191 4639 vidia,
2253 4591 2353 4645 per
2403 4578 2656 4637 fraudem
2714 4585 2929 4644 homini
2984 4571 3365 4664 persuadens,
3431 4600 3606 4657 Deum

2012 4659 2092 4715 illi
2124 4662 2394 4733 invidere,
2432 4674 2875 4741 transg‘rediendi
2912 4659 3235 4741 mandatum
3270 4659 3373 4758 ipsi
3411 4700 3608 4748 auctor

2011 4749 2137 4806 fuit.
2172 4753 2286 4809 Deo
2307 4757 2535 4825 quidem
2559 4761 2651 4819 ille
2690 4767 2931 4836 invidet,
2966 4788 3036 4828 ne
3070 4775 3192 4845 ejus
3233 4749 3417 4848 reipsa
3450 4791 3609 4836 actu-

2012 4857 2123 4911 que
2146 4848 2440 4905 manifesta
2474 4851 2589 4919 ﬁat,
2623 4856 2839 4917 donans
2872 4863 3157 4921 hominem
3192 4869 3420 4938 deitate,
3452 4876 3607 4929 omni

2017 4936 2180 4992 laude
2214 4947 2603 5013 prosequenda
2631 4956 2881 5021 potentia
2910 4974 2925 5022 ;
2948 4973 3075 5029 erga
3100 4961 3383 5018 hominem
3406 4936 3606 5023 autem

2015 5025 2198 5082 fertur
2255 5032 2501 5103 invidia,
2559 5056 2629 5096 ne
2661 5042 2709 5099 is
2765 5025 3207 5107 virtutis'cultu
3255 5054 3459 5111 divina:
3506 5074 3609 5129 per

2017 5119 2260 5189 speciem
2282 5124 2473 5195 gloria:
2504 5145 2737 5190 consors
2773 5138 2992 5195 evadat.
3048 5141 3263 5198 Nedum
3296 5146 3445 5201 enim
3488 5163 3609 5203 sce-

2015 5209 2350 5273 lestissimus
2370 5219 2463 5276 ille
2487 5224 2650 5282 nobis
2672 5226 2907 5295 invidet,
2926 5231 3047 5303 ejus
3068 5233 3340 5291 claritatis
3358 5238 3603 5301 nomine,

2016 5318 2182 5373 quam
2221 5310 2368 5379 apud
2402 5315 2577 5371 Deum
2614 5334 2681 5374 ex
2707 5320 2918 5378 virtute
2951 5326 3378 5398 consequimur;
3410 5346 3607 5386 verum

2010 5396 2177 5451 etiam
2200 5398 2335 5467 Deo,
2364 5402 2436 5459 ob
2458 5423 2580 5462 eam
2604 5410 2786 5467 modis
2808 5415 3068 5472 omnibus
3098 5418 3375 5476 laudatam
3410 5430 3609 5494 poten-

2026 5490 2279 5559 tentiam,
2310 5512 2418 5566 qua
2453 5501 2615 5556 nobis
2646 5504 2881 5563 salutem
2910 5511 3146 5568 confert.
3238 5564 3243 5569 .

2097 5583 2185 5639 49.
2220 5585 2699 5653 Quemadmodum
2721 5597 2779 5654 in
2806 5599 3018 5659 Adamo
3042 5619 3192 5662 mors
3208 5614 3424 5665 natura
3447 5606 3609 5666 damc
3637 5628 3655 5661 ·»
