4108 6430
561 330 689 375 ΜΖΑ

1727 299 1788 358 S.
1824 298 2112 358 MAXlMl
2154 299 2665 361 CONFESSORIS

3689 304 3806 375 I328

557 420 712 477 natio
739 422 882 479 erat,
929 427 1142 485 proprii
1194 422 1410 467 atumet
1453 413 1612 461 ortus
1642 404 1944 476 originem,
1991 407 2148 460 volu-

2261 408 2472 479 ὑπῆρχε
2515 409 2868 480 κατάκρισις,
2910 411 3092 484 ἀρχὴν
3135 412 3366 484 ἐχούσης
3398 412 3493 484 τὴν
3514 413 3697 485 ἡδονὴν
3724 418 3811 485 τῆς

557 520 764 582 ptatem
789 508 1003 563 habens
1033 522 1046 559 :
1081 505 1162 560 sic
1194 504 1251 558 in
1280 502 1528 564 Christo,
1568 513 1721 552 mors
1751 498 1963 567 peccati
1993 498 2153 552 dam-

558 603 710 658 natio
740 601 882 656 facta
917 607 1023 664 est,
1072 597 1127 657 in
1182 610 1293 666 quo
1333 607 1530 647 rursus
1564 599 1766 645 natura
1814 589 2081 645 mundam
2120 605 2153 644 a

2258 499 2398 562 ιδίας
2428 501 2701 568 γενέσεως
2735 519 2748 533 ·
2774 502 2952 567 οὓτως
2983 507 3013 558 6
3058 504 3289 567 θάνατος
3350 508 3409 559 ἐν
3451 502 3685 578 Χριστῷ,
3727 513 3814 579 τῆς

2253 592 2533 665 ἁμαρτίας
2575 593 2906 664 κατάκρισις
2948 596 3197 665 γέγονεν,
3230 596 3447 675 ,ἡδονῆς
3492 596 3731 667 καθαρὰν
3764 602 3816 653 ἓν

558 693 841 763 voluptate
873 700 929 746 et
962 689 1195 744 libidine
1224 686 1499 757 originem
1527 691 1692 739 nacta
1715 691 1823 737 est.

626 784 717 841 50.
750 784 806 841 Si
829 800 951 849 nos,
980 782 1077 853 qui
1116 779 1216 835 Dei
1251 778 1453 833 domus
1484 776 1676 849 gratia:
1718 774 1868 831 dono
1897 789 1998 845 per
2016 773 2152 863 ‘Spi-

557 877 732 934 ritum
760 874 902 933 eﬂici
938 873 1269 937 meruimus,
1331 878 1544 925 tantam
1580 867 1813 938 iustitia:
1857 882 2027 921 causa
2084 865 2154 921 ad

558 970 971 1026 damnationem
996 964 1207 1041 peccati
1239 962 1509 1019 exhibere
1531 961 1802 1016 debemus
1830 960 2154 1030 passionum

2261 967 2458 1035 νηςείς
2494 965 2823 1038 κατάκρισιν
2862 966 2961 1036 τῆς
3000 965 3277 1035 ἁμαρτίας
3327 964 3604 1035 ὑπομονὴν
3640 966 3822 1020 ἐπιδεί-

558 1062 909 1118 tolerantiam
946 1073 1011 1114 ac
1036 1069 1439 1117 aerumnarum,
1484 1060 1835 1121 mortemque
1862 1058 2155 1107 contume-

2261 1056 2484 1111 κνυσθαι
2508 1056 2860 1127 παθημάτων
2877 1053 3189 1127 ὀφείλομεν,
3212 1058 3307 1110 καὶ
3325 1054 3401 1119 ὡς
3424 1054 3723 1127 κακοῦργοι
3744 1058 3825 1112 τὸν

557 1153 939 1214 liosissimam,
971 1149 1380 1205 sceleratorum
1421 1161 1602 1211 more,
1636 1144 1932 1215 quantavis
1964 1143 2157 1213 probi-

2261 1148 2607 1220 ἑφύϐριστον,
2643 1148 2843 1218 ἀγαθοὶ
2872 1148 3263 1218 τυγχάνοντες,
3297 1147 3597 1219 προθύμως
3635 1149 3824 1218 timete

560 1253 673 1301 tate
705 1243 1037 1314 fulgeamus,
1065 1240 1239 1295 alacri
1272 1239 1462 1293 animo
1528 1236 1738 1292 referre
1798 1252 1812 1288 :
1851 1235 1981 1301 Quis
2029 1234 2155 1304 ﬁnis

2261 1237 2449 1306 ρεσθαι
2498 1235 2750 1299 θάνατον,
2789 1235 2845 1289 τί
2867 1234 2936 1288 τὸ
2964 1234 3141 1301 τέλος
3172 1233 3293 1288 τῶν
3330 1235 3735 1290 ἀπειθούντων
3758 1235 3827 1303 ἐῷ

559 1351 765 1399 eorum,
798 1335 891 1404 qui
918 1349 1025 1387 non
1058 1330 1279 1385 credunt
1318 1328 1416 1383 Dei
1440 1326 1735 1398 Evangelia
1760 1328 1805 1359 ²¹¹
1832 1326 1857 1380 ?
1892 1327 1998 1380 hoc
2028 1336 2151 1380 est:

2261 1329 2363 1382 τοῦ
2393 1326 2545 1383 Θεοῦ
2572 1328 2924 1398 Εὑαγτελίῳ
2944 1342 2974 1392 ν;
3010 1328 3266 1401 τουτέστι,
3285 1329 3437 1381 ποῖον
3468 1326 3624 1381 ἔσται
3662 1329 3719 1381 τὸ
3745 1328 3828 1381 τέ-

559 1428 749 1495 Qualis
764 1428 870 1484 erit
885 1440 1083 1482 eorum
1111 1423 1260 1485 linis,
1280 1439 1380 1479 seu
1405 1422 1698 1493 judicium,
1721 1419 1817 1491 qui
1834 1435 1945 1474 non
1969 1421 2151 1474 solum

2261 1416 2368 1480 λος,
2398 1417 2568 1487 ῆγουν
2602 1418 2636 1486 ἡ
2666 1414 2870 1485 κρίσις,
2911 1414 3026 1468 τῶν
3072 1415 3147 1486 μὴ
3198 1414 3361 1485 μόνον
3406 1415 3593 1480 ζῶσάν
3643 1433 3700 1469 τε
3746 1414 3829 1469 καὶ

560 1520 743 1576 vivam
774 1528 942 1589 atque
964 1518 1240 1588 vigentem
1259 1515 1702 1584 exercitamque,
1724 1513 1912 1568 animo
1944 1512 2157 1582 pariter

2261 1502 2684 1574 ἐνεργουμένην,
2716 1501 2861 1557 κατά
2887 1519 2948 1556 τε
2981 1502 3163 1573 ψυχὴν
3194 1503 3289 1556 καὶ
3342 1501 3524 1573 σῶμα,
3561 1502 3749 1576 γνώμῃ
3778 1521 3828 1557 τε

573 1618 633 1665 et
669 1623 929 1679 corpore,
962 1606 1249 1675 animique
1280 1604 1559 1660 sententia
1610 1611 1667 1657 et
1706 1610 1924 1665 natura,
1968 1600 2158 1656 libidi-

2261 1595 2354 1648 καὶ
2382 1593 2544 1664 φύσει
2586 1594 2687 1665 τὴν
2726 1592 2848 1647 καθ’
2892 1593 3090 1664 ἡδονὴν
3128 1593 3224 1648 τοῦ
3286 1595 3462 1666 Ἀδὰμ
3497 1596 3829 1666 κρατήσασαν

560 1718 755 1758 nosam
789 1709 1005 1756 natura:
1032 1697 1415 1755 dominantem
1448 1695 1505 1750 in
1541 1694 1918 1764 linem‘usque
1959 1691 2152 1748 Adami

2261 1689 2357 1751 τῆς
2389 1686 2608 1756 φύσεως
2637 1686 2854 1753 γένεσιν
2887 1685 3052 1757 μέχρι
3081 1686 3269 1751 τέλους
3291 1686 3381 1742 διὰ
3413 1687 3657 1757 σπουδῆς
3683 1688 3829 1759 ἐσχη-

561 1794 835 1863 originem
875 1790 1070 1847 sedulo
1110 1790 1504 1853 retinuerunt;
1536 1782 1633 1841 sed
1663 1801 1844 1856 neque
1869 1785 2060 1847 Deum!
2094 1792 2152 1839 et

2261 1781 2432 1834 κότων
2452 1821 2467 1845 ,
2524 1778 2664 1833 ἀλλὰ
2714 1779 2851 1850 μήτε
2906 1780 3366 1851 προσδεξαμένων
3428 1781 3829 1852 παρακαλοῦντα

560 1882 801 1945 Patrem,
838 1894 938 1949 per
979 1877 1181 1933 Filium
1224 1884 1511 1944 assumpta
1559 1890 1727 1929 carne
1762 1874 2149 1928 exhortantem

2261 1871 2521 1927 τὸνθεὸν
2579 1872 2675 1927 καὶ
2730 1872 2957 1944 Πατέρα
3003 1872 3073 1925 δι’
3111 1871 3243 1926 Υἱοῦ
3308 1872 3687 1944 σαρκωθέντος
3714 1887 3729 1904 ⁸
3766 1876 3827 1945 μή

561 1978 947 2042 susceperunt;
972 1984 1156 2039 neque
1190 1983 1323 2023 vero
1349 1966 1709 2021 Mediatorem
1725 1983 1790 2021 ac
1824 1966 2026 2020 Filium
2052 1981 2154 2034 pro

2261 1982 2313 2018 τε
2347 1964 2456 2035 μὴν
2503 1963 2669 2018 αὑτὸν
2718 1964 2814 2019 τὸν
2873 1964 3016 2036 ὑπὲρ
3058 1964 3152 2018 τοῦ
3204 1964 3420 2036 Πατρὸς
3480 1964 3831 2036 πρεσϐεύοντα

562 2064 723 2121 Patre
754 2061 1030 2133 legatione
1060 2060 1387 2131 fungentem
1423 2059 1466 2090 ²¹
1499 2076 1514 2123 ;
1562 2058 1657 2127 qui
1683 2098 1697 2121 ,
1734 2067 1799 2111 ut
1847 2072 1951 2111 nos
2000 2056 2155 2111 Patri

2261 2056 2488 2127 μεσίτην
2514 2056 2613 2111 καὶ⁸
2632 2057 2786 2123 Υίὸν,
2815 2058 2911 2112 καὶ
2931 2057 3075 2129 ὑπὲρ
3099 2057 3202 2129 τῆς
3228 2060 3261 2130 ή
3270 2060 3389 2130 μῶν
3409 2058 3494 2122 εἰς
3519 2059 3614 2112 τὸν
3634 2058 3828 2130 Πατέρα

562 2155 975 2219 reconciliaret,
1030 2153 1150 2222 ipse
1185 2168 1246 2207 se
1284 2150 1575 2207 voluntate
1619 2150 1801 2205 Patris
1849 2164 1951 2220 pro
1992 2148 2160 2203 nobis

2261 2147 2632 2218 καταλλαγῆς,
2684 2149 2880 2203 ἑαυτὸν
2934 2149 3187 2220 βουλήσει
3225 2149 3323 2204 τοῦ
3372 2150 3619 2220 Πατρὸς.
3650 2151 3725 2213 είς
3752 2151 3831 2203 τὸν

566 2256 767 2320 sponte
798 2248 963 2303 morti
981 2244 1280 2305 tradiderit
1312 2261 1328 2311 ;
1357 2252 1420 2298 ut
1442 2260 1543 2298 nos
1568 2252 1802 2314 propter
1827 2256 1908 2306 se,
1936 2240 2162 2295 deitatis

2261 2243 2403 2315 ὑπὲρ
2429 2244 2590 2315 ἡμῶν
2621 2242 2856 2300 θάνατον
2884 2247 3026 2301 κατὰ
3055 2246 3277 2316 θέλησιν
3312 2247 3664 2319 προϊέμενον,
3704 2247 3831 2309 ὅπως

564 2358 678 2397 suae
697 2340 898 2397 decore
929 2338 1320 2409 prmfulgentes
1342 2344 1556 2391 tantum
1582 2335 1947 2399 clariﬁcaret,
1977 2349 2159 2403 quan—

2261 2334 2328 2388 δι’
2379 2336 2575 2391 ἑαυτὸν
2618 2338 2768 2407 ἡμᾶς
2814 2337 3077 2391 τοσοῦτον
3100 2337 3324 2409 δοξάσῃ,
3354 2337 3433 2410 τῷ
3462 2338 3653 2391 κάλλει
3684 2354 3833 2391 κατα-

565 2445 682 2488 tum
731 2441 962 2504 propter
997 2446 1101 2486 nos
1124 2430 1335 2483 nostris
1386 2429 1505 2499 ipse
1539 2426 1901 2482 dehonestari
1950 2426 2163 2495 passio-

2261 2426 2560 2497 φαιδρύνας
2584 2428 2685 2499 τῆς
2722 2429 2928 2492 οἰκείας
2958 2429 3238 2501 θεότητος,
3269 2431 3394 2485 ὅσον
3426 2430 3498 2484 δι’
3523 2431 3669 2501 ἡμᾶς
3695 2431 3833 2492 αύτῖς

2254 686 2478 757 Χριστῷ
2509 686 2672 740 πάλιν
2701 691 2800 759 τῆς
2824 688 3039 757 φύσεως
3066 690 3449 761 ἀπολαϐούσης
3474 690 3575 762 τὴν
3599 692 3813 760 γένεσιν.

2326 774 2391 831 ν’.
2426 779 2490 831 Εἰ
2520 780 2683 849 ἡμεῖς
2724 781 2773 833 οἱ
2810 773 2961 844 οἷκος
3009 780 3107 834 τοῦ
3166 780 3302 833 Θεοῦ
3351 781 3537 852 χάριτι
3589 782 3819 849 γενέσθαι

2254 870 2581 937 ἀξιωθέντες
2615 872 2707 926 διὰ
2731 871 3071 943 Πνεύματος,
3101 873 3374 943 τοσαύτην
3397 874 3539 945 ὑπὲρ
3570 873 3822 929 δικαιοσύο

564 2525 735 2581 nibus
762 2524 1056 2581 sustinuit.

632 2618 724 2672 51.
780 2615 1244 2687 Quandoquidem
1297 2617 1446 2671 Deus
1495 2612 1746 2667 omnium
1785 2612 1879 2681 qui
1918 2609 2152 2665 salutem

565 2717 978 2779 consequentur
1007 2707 1161 2763 locus
1196 2707 1307 2763 erit
1348 2708 1417 2771 ",
1455 2702 1976 2772 incircumscriptus
2025 2716 2159 2756 con-

564 2799 867 2869 tinuusque
890 2807 947 2853 et
978 2798 1249 2864 inﬁnitus,
1274 2798 1369 2868 qui
1394 2813 1498 2868 pro
1520 2794 1918 2866 certajustitiae
1943 2792 2159 2848 ratione

565 2888 753 2943 omnia
777 2888 1036 2944 omnibus
1065 2889 1193 2958 fiat;
1217 2888 1493 2959 quinimo,
1526 2886 1622 2957 qui
1643 2901 1745 2956 pro
1775 2883 1942 2939 modo
1965 2899 2157 2938 earum

564 2983 888 3055 passionum
928 2997 994 3038 ac
1030 2997 1407 3039 aerumnarum
1436 3022 1452 3048 ,
1499 2981 1705 3051 quibus
1740 2994 1858 3036 :evo
1898 2978 2005 3034 hoc
2031 2993 2159 3034 cum

2260 2518 2588 2583 κατεδέξατο
2608 2522 2719 2582 τοῖς
2746 2520 2907 2590 ἡμῶν
2944 2520 3324 2590 ἀτιμασθῆναι
3367 2520 3709 2592 παθήμασιν.

2327 2608 2431 2664 να’.
2473 2609 2696 2682 Ἐπειδὴ
2720 2612 2940 2666 πάντων
2968 2613 3081 2666 τῶν
3111 2613 3439 2685 σωζομένων
3469 2615 3500 2667 ὁ
3520 2614 3673 2679 Θεὸς,
3703 2612 3833 2667 ἔσται

2256 2700 2421 2766 τόπος
2455 2701 2843 2775 ἀπερίγραφός
2888 2722 2947 2758 τε
2992 2706 3090 2759 καὶ
3128 2705 3455 2769 ἀδιάστατος
3490 2707 3588 2759 καὶ
3606 2705 3828 2777 ἄπειρος.

2260 2793 2394 2846 πᾶσι
2460 2794 2639 2848 πάντα
2703 2795 2988 2867 γινόμενος
3045 2797 3187 2851 κατά
3242 2798 3343 2868 τὴν
3398 2798 3699 2867 ἀναλογίαν
3746 2800 3832 2867 τῆς

2259 2882 2631 2956 δικαιοσύνης,
2667 2885 2870 2956 μᾶλλον
2898 2887 2956 2940 δέ
3002 2886 3150 2941 κατὰ
3194 2888 3255 2941 τὸ
3309 2889 3514 2961 μέτρον
3554 2888 3663 2942 τῶν
3713 2888 3832 2960 μετά

2261 2972 2522 3042 γνώσεως
2578 2976 2720 3048 ὑπὲρ
2775 2977 3127 3051 δικαιοσύνης
3183 2970 3418 3034 ἐνταῦθα
3483 2980 3829 3052 παθημάτων,

566 3074 799 3129 scientia
825 3073 1231 3146 perfungimur,
1264 3073 1430 3144 598
1482 3072 1727 3142 seipsum
1773 3070 2009 3141 singulis
2049 3068 2158 3123 lar-

2263 3066 2459 3120 ἐαυτὸν
2496 3068 2717 3140 ἑκάστῳ
2737 3068 3107 3141 δωρούμενος,
3136 3072 3389 3144 καθάπερ
3416 3072 3571 3145 ψυχὴ
3607 3072 3832 3145 σώματος

566 3165 785 3238 giturus
808 3166 901 3231 sit,
940 3164 1088 3219 haud
1115 3180 1278 3220 secus
1300 3178 1365 3218 ac
1393 3161 1600 3226 anima,
1633 3176 1733 3230 pro
1757 3160 2006 3229 subjecta
2041 3157 2158 3212 cui-

566 3271 676 3326 que
706 3256 957 3312 membro
996 3255 1278 3318 facultate,
1323 3252 1561 3322 seipsam
1596 3257 1919 3320 operantem
1949 3247 2156 3318 prodit,

568 3362 633 3402 ac
657 3346 960 3412 ellicacem,
988 3346 1156 3415 vique
1180 3358 1302 3407 sua,
1350 3341 1601 3397 membra
1642 3338 1893 3395 continet
1926 3347 1987 3392 ut
2023 3338 2155 3403 sint,

571 3448 629 3496 et
662 3439 732 3494 ad
759 3440 887 3494 vita:
930 3438 1118 3493 munia
1152 3444 1346 3507 vegeta
1388 3434 1502 3489 sint
1536 3449 1549 3485 :
1583 3432 1777 3502 impius
1828 3438 1879 3484 et
1917 3438 2160 3501 peccator

572 3532 660 3586 ubi
682 3532 943 3603 parebunt
967 3532 1011 3563 ¹²
1040 3570 1056 3595 ,
1116 3530 1211 3599 qui
1262 3529 1369 3582 hac
1399 3526 1581 3598 gratia
1614 3523 2002 3593 ,deticiantur?
2054 3522 2160 3590 Qui

571 3623 721 3677 enim
756 3622 855 3677 Dei
900 3621 1255 3691 praesentiam
1297 3618 1622 3673 beatitatem
1664 3626 2022 3687 praestantem
2070 3632 2163 3672 ca—

573 3728 708 3782 pere
734 3727 845 3765 non
868 3711 1035 3776 valet,
1064 3710 1289 3764 ubinam
1318 3707 1560 3779 parebit,
1596 3722 1723 3762 cum
1753 3722 1785 3762 a
1813 3706 2005 3762 divina
2026 3707 2158 3771 vita,

572 3818 739 3856 omne
802 3802 1065 3857 saeculum
1116 3813 1448 3871 tempusque
1495 3815 1561 3855 ac
1610 3800 1796 3854 locum
1838 3809 2160 3870 superante,

570 3907 698 3947 cum
729 3891 1002 3948 excidisse
1041 3892 1387 3962 contigerit?

642 3984 731 4039 52.
774 3984 877 4050 Qui
926 3984 1021 4040 Dei
1087 3984 1156 4040 ad
1214 3984 1538 4040 beatitatem
1596 3983 1767 4039 vitam
1821 3982 2204 4040 continentis-

574 4090 801 4147 compos
855 4090 967 4131 non
1022 4076 1115 4140 sit,
1156 4077 1253 4147 qui
1286 4075 1423 4147 gipse
1472 4076 1629 4131 locus
1670 4075 1859 4147 dignis
1904 4076 2165 4131 omnibus

575 4172 682 4228 erit
710 4189 725 4237 ;
758 4186 1000 4241 quonam
1030 4169 1197 4226 modo
1227 4186 1348 4225 sese
1397 4169 1649 4235 habebit,
1696 4170 1789 4224 cui
1840 4169 1989 4225 Deus
2046 4169 2165 4240 ipse

574 4264 881 4319 secundum
910 4262 1194 4318 beatitatis
1215 4261 1283 4332 ,in
1311 4263 1424 4316 Deo
1459 4260 1870 4332 perennitatem
1899 4275 1965 4315 ac
1989 4258 2165 4314 firmi-

578 4364 747 4410 tatem
772 4355 957 4411 desit?
986 4355 1084 4419 Ac,
1114 4354 1160 4409 si
1189 4369 1332 4423 aagre
1364 4352 1663 4407 admodum
1696 4353 1884 4423 justus
1918 4352 2165 4407 salvebi-

2263 3158 2454 3229 μέλεσι
2474 3161 2615 3214 κατὰ
2637 3161 2735 3231 τὴν
2760 3162 3134 3236 ὑποκειμένην
3167 3164 3387 3237 ἑκάστῳ
3416 3165 3577 3235 μέλει
3605 3165 3830 3237 δύναμιν,

2258 3250 2462 3321 ἑαυτὴν
2496 3252 2829 3323 ἐνεργοῦσαν
2853 3254 3212 3324 ἐκφαίνουσα.
3242 3256 3339 3310 καὶ
3365 3256 3507 3327 πρὸς
3546 3256 3611 3310 τὸ
3631 3252 3757 3310 εἶναι
3774 3257 3832 3309 δι’

2260 3342 2461 3411 ἑαυτῆς
2476 3343 2545 3396 τὰ
2571 3343 2707 3414 μέλη
2728 3340 3028 3415 συνέχουσᾶ
3046 3346 3185 3417 πρὸς
3203 3346 3353 3417 ζωὴν
3373 3347 3827 3417 συγκρατούμεναο

2260 3436 2293 3487 ὀ
2323 3432 2552 3502 ἀσεϐὴς
2578 3434 2677 3488 καὶ
2714 3435 3065 3504 ἁμαρτωλὸς
3118 3436 3241 3490 ποῦ
3291 3437 3593 3507 φανεῖται,
3652 3437 3830 3508 ταύτης

2261 3528 2630 3599 ἐστερημένος
2689 3529 2789 3600 τῆς
2840 3531 3098 3600 χάριτος;
3158 3530 3217 3583 '0
3267 3531 3376 3601 γὰρ
3432 3531 3514 3603 μὴ
3560 3530 3831 3602 δυνάμενος

2263 3620 2667 3692 ἐνεργουμένην
2703 3621 2804 3693 τὴν
2839 3622 2982 3675 κατὰ
3008 3622 3071 3676 τὸ
3113 3620 3174 3677 εὖ
3211 3619 3350 3676 εἶναι
3395 3623 3495 3676 τοῦ
3531 3624 3666 3678 Θεοῦ
3697 3623 3829 3688 δέξα-

2265 3711 2390 3765 σθαι
2439 3714 2770 3784 παρουσίαν,
2812 3714 2918 3768 ποῦ
2950 3717 3221 3785 φανεῖται,
3256 3718 3355 3788 τῆς
3385 3715 3543 3780 θείας
3587 3717 3725 3785 ζωῆς
3745 3715 3830 3784 τῆς

2265 3803 2405 3875 ὑπὲρ
2433 3806 2609 3858 αἰῶνα
2642 3808 2739 3860 καὶ
2767 3807 2960 3878 χρόνον
2993 3809 3089 3861 καὶ
3114 3808 3283 3861 τόπον
3317 3807 3621 3879 ὑπομείνας
3643 3807 3732 3877 τὴν
3752 3805 3827 3858 ἐκ·

2263 3912 2473 3950 πτωσιν
2493 3915 2513 3965 ;

2336 3987 2435 4058 νβ’.
2486 3989 2547 4042 'U
2571 3989 2665 4043 τὸν
2691 3990 2829 4044 Θεὸν
2848 3990 2950 4044 οὐκ
2976 3989 3117 4061 ἔχων
3155 3990 3297 4063 πρὸς
3336 3991 3399 4045 τὸ
3452 3986 3521 4048 εὖ
3553 3989 3689 4045 εἶναι
3732 4005 3829 4043 συν·

2266 4080 2460 4152 έχοντα
2490 4082 2590 4154 τὴν
2625 4082 2794 4155 ζωὴν,
2826 4084 2918 4137 τὸν
2952 4085 3216 4154 μέλλοντα
3248 4085 3384 4139 πᾶσι
3412 4084 3661 4153 γίνεσθαι
3688 4083 3831 4136 τόπον

2264 4177 2378 4239 τοῖς
2426 4176 2621 4242 ἀξίοις,
2671 4178 2789 4239 πῶς
2848 4177 3027 4242 ἐσται,
3067 4177 3235 4231 τόπον
3266 4177 3433 4230 αὑτὸν
3463 4178 3571 4231 οὐκ
3596 4176 3724 4247 ἔχων
3752 4172 3831 4227 τὸν

2266 4268 2399 4321 Θεὸν
2425 4269 2569 4322 κατὰ
2601 4269 2701 4339 τὴν
2722 4271 2831 4324 τῶν
2864 4268 2926 4324 εὖ
2971 4267 3113 4324 εἶναι
3144 4272 3206 4324 ἐν
3260 4270 3381 4342 Θεῷ
3434 4272 3606 4341 μονήν
3648 4286 3705 4321 τε
3749 4266 3828 4319 καὶ

2270 4359 2512 4430 ἵδρυσιν;
2546 4361 2654 4414 Καὶ
2683 4362 2733 4413 εἰ
2769 4362 2907 4431 μετὰ
2959 4361 3161 4431 πολλῆς
3204 4361 3529 4433 δυσχερείας
3572 4361 3600 4413 6
3649 4358 3826 4418 δίκαιος

579 4457 690 4510 tur,
723 4447 854 4517 quid
884 4448 994 4501 erit
1028 4453 1196 4501 autve
1229 4446 1324 4500 liet
1366 4445 1481 4510 illi,
1533 4445 1628 4515 qui
1677 4445 1888 4499 nullam
1940 4445 2162 4515 pietatis

2269 4449 2524 4516 σώζεται,
2547 4451 2601 4504 τί
2627 4450 2802 4509 ἔσται,
2828 4451 2933 4521 ἦτί
2956 4452 3206 4507 πείσεται
3257 4453 3286 4505 6
3321 4452 3529 4522 μηδένα
3565 4451 3715 4521 λόγον
3751 4450 3825 4502 εὐ-

578 4549 741 4609 atque
772 4539 1015 4603 virtutis,
1054 4537 1303 4608 quandiu
1334 4538 1451 4593 vita
1486 4538 1563 4592 illi
1592 4553 1781 4594 comes
1814 4536 1946 4605 fuit,
1982 4537 2158 4593 ratio-

575 4645 703 4684 nem
734 4628 964 4683 habuit?

646 4721 735 4776 55.
777 4721 926 4775 Deus
954 4718 1205 4790 quidem,
1233 4719 1541 4775 secundum
1566 4736 1735 4776 unam
1772 4719 2003 4775 inﬁnita:
2045 4718 2162 4775 vir-

578 4816 712 4871 tutis
764 4811 1035 4870 bonitatis
1078 4827 1191 4866 suae
1230 4812 1572 4867 voluntatem
1598 4853 1612 4877 ,
1670 4827 1867 4866 omnes
1909 4810 2160 4875 omnino,

576 4905 910 4976 angelosque
937 4913 995 4959 et
1025 4902 1286 4958 homines
1312 4943 1326 4967 ,
1358 4901 1648 4972 bonosque
1677 4910 1735 4957 et
1763 4903 1938 4957 malos
1977 4901 2160 4956 conti-

576 4996 733 5050 nebit
775 5016 789 5052 :
829 5012 941 5052 non
990 5004 1174 5051 tamen
1221 5008 1416 5049 omnes
1474 4994 1763 5063 atqualiter
1823 4994 2163 5064 paribusque

575 5084 776 5149 modis,
835 5084 1054 5140 cunctis
1101 5082 1358 5138 absolute
1402 5090 1569 5151 atque
1614 5082 1792 5137 libere
1848 5082 2164 5137 immeantis

574 5172 697 5238 Dci,
731 5182 899 5230 erunt
928 5173 1265 5245 participes;
1299 5171 1394 5228 sed
1417 5188 1519 5243 pro
1541 5187 1611 5228 eo
1641 5188 1705 5227 ac
1733 5172 1969 5243 quisque
1996 5172 2161 5228 modo

575 5265 743 5336 capit.

647 5359 737 5414 55.
770 5357 875 5426 Qui
899 5356 1243 5415 voluntatem
1273 5366 1437 5430 atque
1456 5356 1701 5414 animum
1725 5371 1828 5427 per
1848 5355 2035 5411 omnia
2064 5372 2161 5410 na-

645 5494 692 5525 ’⁸
715 5494 737 5549 ι
760 5492 911 5551 Petr.
940 5511 1015 5563 tv,
1040 5497 1128 5551 l7.
1208 5498 1253 5529 ’¹
1284 5497 1330 5553 ll
1361 5497 1488 5554 Cor.
1525 5514 1580 5563 ν,
1609 5496 1699 5552 20.
1781 5497 1827 5529 ¹²
1864 5497 2008 5553 Psal.
2042 5513 2164 5562 ιτς,
2202 5498 2257 5552 5.

646 5604 720 5677 (r)
745 5608 810 5659 οι
832 5606 951 5676 μὲν
976 5607 1051 5677 τῇ
1076 5610 1279 5680 φύσει.
1318 5608 1475 5675 Quod
1516 5610 1596 5664 sic
1648 5608 1759 5672 hic,
1811 5618 1868 5664 et
1897 5609 2148 5678 sequenti

577 5692 696 5749 cap.
759 5691 823 5731 ac
867 5680 1069 5749 passim
1119 5681 1247 5734 alibi
1302 5680 1567 5734 Maximus
1616 5689 1869 5733 naturam
1924 5680 2145 5749 ingerit,

576 5748 809 5818 eiusque
838 5748 1106 5805 rationem
1138 5757 1199 5804 ut
1220 5749 1444 5805 virtutis
1477 5751 1656 5805 omnis
1682 5750 1945 5822 regulam,
1977 5764 2039 5803 ac
2058 5764 2148 5804 ne~

2270 4542 2487 4606 σεδείας
2524 4544 2618 4596 καὶ
2655 4543 2858 4614 ἀρετῆς
2887 4545 3028 4597 κατὰ
3063 4541 3163 4614 τὴν
3201 4542 3485 4616 παροῦσαν
3513 4543 3659 4614 ζωὴν
3689 4556 3823 4611 ποιη-

2270 4634 2409 4706 σάμε
2418 4630 2506 4698 νος
2522 4652 2542 4700 ;
3677 4690 3689 4701 ,

2339 4733 2440 4794 νγθ.
2477 4727 2535 4778 Ὀ
2590 4725 2688 4797 μὲν
2721 4725 2857 4790 Θεὸς
2904 4726 3049 4781 κατὰ
3099 4726 3230 4798 μίαν
3282 4726 3715 4799 ἀπειροδύναμον
3743 4721 3827 4791 τῆς

2267 4817 2918 4889 ἁγαθότητοςοβούλησιν,
2948 4820 3156 4883 πάντας
3204 4818 3414 4884 συνέξει
3452 4818 3550 4871 καὶ
3590 4816 3827 4886 ἀγγέλους

2268 4910 2371 4962 καὶ
2408 4908 2753 4981 ἀνθρώπους,
2797 4910 3040 4979 ἀγαθούς
3087 4926 3148 4964 τε
3194 4910 3291 4963 καὶ⁵
3340 4909 3612 4979 πονηρούς
3644 4925 3657 4939 ·
3703 4902 3824 4960 οὗτοι

2268 4999 2326 5050 δὲ
2350 4999 2573 5063 πάντες,
2600 4998 2701 5052 οὐκ
2725 5000 2856 5063 ἴσως
2894 4999 3183 5069 μεθέξουσι
3204 4997 3364 5063 Θεοῦ,
3396 4998 3490 5052 τοῦ
3520 4997 3609 5052 διὰ
3639 4996 3824 5050 πάντων

2271 5094 2518 5165 ἀσχέτως
2532 5095 2913 5167 χωρήσαντος,
2939 5091 3058 5148 ἀλλ’
3085 5091 3365 5160 ἀναλόγως
3399 5092 3634 5153 ἑαυτοῖς.

2341 5355 2434 5411 νδ’.
2468 5357 2530 5410 ΟΞ
2559 5355 2662 5427 μὲν
2688 5358 2754 5427 τῇ
2787 5354 2948 5427 φύσει
2998 5356 3070 5429 (r)
3118 5354 3456 5426 φυλάξαντες
3504 5355 3591 5408 διὰ
3631 5353 3822 5407 πάντων

2334 5497 2379 5529 ³³
2408 5496 2426 5549 l
2454 5496 2599 5550 Petr.
2629 5511 2703 5560 Iv,
2736 5495 2821 5550 18.

2261 5609 2625 5666 cessitudinis
2666 5626 2795 5665 cum
2851 5612 2966 5666 Deo
3014 5625 3307 5677 normam;
3357 5620 3420 5665 ut
3473 5617 3676 5664 tantum
3721 5603 3817 5660 Deo

2260 5682 2519 5753 uniamur
2550 5681 2865 5753 aevirtute
2914 5681 3242 5753 fulgeamus,
3292 5682 3570 5751 simusque
3616 5687 3815 5748 capaces

2257 5763 2477 5806 aeterna:
2501 5750 2881 5819 beatitudinis,
2915 5750 3183 5823 quantum
3227 5753 3389 5809 nobis
3434 5750 3497 5806 ac
3522 5758 3711 5806 nostra:
3726 5758 3811 5797 v0-
