4012 6428
126 516 272 583 1329

807 518 1144 581 CAPITUM
1181 519 1607 591 QUINOUIES
1643 518 2169 581 CENTENORUM
2208 516 2599 581 CENTURIA
2637 523 2735 583 IV.

3277 478 3412 585 L330

124 628 493 701 ίσονομούσαν
522 631 623 703 τὴν
674 632 930 703 γνώμην,
964 633 1061 687 καὶ
1102 632 1213 686 τῶν
1258 633 1357 704 τῆς
1390 633 1610 704 φύσεως
1638 632 1728 686 λό-

1836 640 1971 689 ιιιι-εε
1994 632 2322 704 aequabilem
2357 645 2742 701 servaverunt,
2770 636 3062 706 ipsumque
3088 634 3273 706 reipsa
3316 652 3413 688 na-

121 738 245 792 γων
283 724 402 776 κατ’
434 722 715 796 ἐνέργειαν
764 724 1021 797 δεκτικὴν
1070 725 1243 794 αὐτὴν
1270 725 1720 793 καταστήσαντες

123 814 255 867 καθ’
284 816 417 874 ὅλον,
436 815 530 869 τὸν
562 816 655 869 τοῦ
675 816 762 871 ἀεὶ
789 814 846 871 εὖ
869 814 1007 871 εἶναι
1034 817 1213 885 λόγον,
1239 816 1328 869 διὰ
1349 817 1449 886 τὴν
1472 815 1604 887 πρὸς
1626 814 1723 886 τὴν

123 907 287 961 θείαν
314 908 568 980 βούλησιν
608 910 710 980 τῆς
763 910 991 981 γνώμης
1049 909 1371 973 εὐπάθειαν,
1414 910 1543 980 ὅλης
1597 906 1715 987 [qu.

125 998 227 1058 illa
267 1000 355 1063 σι.
397 1000 555 1073 ὅλως]
605 1001 895 1073 μεθέξουσι
928 1003 1029 1072 τῆς
1058 1002 1417 1072 ἀγαθότητος,
1450 1001 1594 1054 κατά
1621 1001 1722 1071 τὴν

120 1092 316 1155 αὐτοῖς
348 1092 765 1162 ὲπιλάμπουσαν
784 1093 860 1156 ὡς
888 1096 946 1146 ὲν
973 1094 1227 1163 ἀγγέλοις
1259 1091 1293 1164 ἢ
1318 1092 1394 1156 ώς
1426 1094 1485 1145 ὲν
1508 1091 1723 1163 ἀνθρώ·
1752 1100 1753 1103 “

122 1200 258 1247 ποις
286 1184 436 1239 θείαν
460 1185 630 1257 ζωήν.
664 1187 728 1240 υί
756 1187 814 1239 δὲ
837 1190 903 1256 τῇ
926 1186 1087 1256 φύσει
1119 1188 1449 1257 ποιήσαντες
1475 1186 1722 1246 ἀνισονο-

125 1274 343 1345 μοῦσαν
361 1276 451 1330 διὰ
472 1278 690 1332 πάντων
712 1277 811 1349 τὴν
832 1277 1085 1349 γνώμην,
1118 1277 1346 1332 καὶτῶν
1370 1279 1472 1349 τῆς
1498 1275 1720 1345 φύσεως

122 1367 310 1435 λόγων
355 1370 498 1423 κατά
535 1370 636 1442 τὴν
680 1371 964 1442 ἐνέργειαν
994 1371 1361 1441 σκεδαστικὴν
1388 1371 1723 1441 αύτὴνλάπο-

118 1458 407 1525 δείξαντες
431 1459 552 1513 καθ’
583 1458 703 1513 ὅλον
718 1460 810 1513 τὸν
826 1459 920 1513 τοῦ
932 1454 992 1513 εὗ
1010 1459 1148 1513 εἶναι
1164 1460 1337 1527 λόγον,
1357 1458 1448 1512 διὰ
1466 1458 1564 1533 τὴν
1586 1458 1723 1528 πρὸς

120 1550 235 1620 τὴν
269 1550 422 1605 θείαν
466 1550 722 1623 βούλησιν
765 1552 868 1622 τῆς
903 1550 1134 1622 γνώμης
1179 1550 1558 1613 ἀντιπάθειαν,
1592 1550 1723 1621 ὅλης

120 1641 495 1697 ἐκπεσοῦνται
542 1643 643 1713 τῆς
684 1643 1046 1716 ἀγαθότητος,
1074 1642 1218 1697 κατὰ
1248 1643 1349 1708 τὴν
1391 1641 1727 1713 ἐμφαινομέτ

120 1752 231 1805 νην
256 1734 444 1799 αὐτοῖς
478 1734 616 1805 πρὸς
640 1735 702 1788 τὸ
730 1735 833 1805 φεύ
860 1730 1001 1789 εἶναι
1030 1736 1131 1804 τῆς
1160 1733 1386 1806 γνώμης
1407 1734 1682 1787 οἰκείωσιν
1704 1749 1721 1764 ⁸

121 1826 256 1879 καθ’
305 1828 371 1895 ἢν
411 1827 446 1897 ἠ
492 1829 630 1898 πρὸς
674 1828 768 1882 τὸν
806 1827 940 1882 Θεὸν
987 1828 1144 1882 εσται
1172 1827 1282 1880 τῶν
1311 1825 1568 1880 τοιούτων
1600 1825 1721 1879 διάη

124 1931 343 1978 στασις,
368 1916 470 1969 οὒκ
495 1916 730 1986 ἐχόντων
756 1918 901 1972 κατά
920 1917 1020 1987 τὴν
1048 1918 1309 1987 πρόθεσιν
1339 1917 1438 1987 τῆς
1470 1914 1719 1986 γνώμης,

122 2010 253 2070 ταῖς
287 2008 592 2079 ἐνεργείαις
618 2008 730 2063 τῶν
759 2008 1007 2077 ἀγαθῶν,
1038 2010 1132 2062 τὸν
1154 2009 1249 2063 τοῦ
1278 2005 1338 2063 εὖ
1388 2005 1528 2062 εἶναι
1563 2009 1720 2076 λόγον
1754 1996 1795 2051 Β

126 2098 594 2239 ζιέογονούμενον,
628 2099 753 2154 καθ’
797 2100 858 2154 δν
906 2102 939 2171 η
993 2100 1115 2155 θεία
1169 2101 1282 2173 ζωὴ
1343 2101 1723 2172 διαφαίνεσθαι

128 2204 172 2239 π
210 2203 377 2239 ωυκε.

128 2203 377 2257 πεφυκε.

204 2373 301 2423 νε’.
327 2368 498 2438 Ζυγὸς
518 2370 618 2441 τῆς
644 2370 875 2426 ἑκάστου
899 2372 1123 2444 γνώμης
1151 2372 1306 2428 ἔσται
1322 2373 1467 2430 κατά
1493 2374 1729 2445 τὴνκρί-

132 2476 243 2525 σιν,
262 2459 401 2529 ότῇς
415 2460 629 2528 φύσεως
644 2460 821 2529 λόγος,
848 2462 947 2532 τὴν
984 2464 1119 2533 πρὸς
1150 2463 1211 2516 τὸ
1241 2463 1365 2533 φεύ,
1396 2463 1429 2534 ἢ
1464 2460 1522 2519 εὖ
1556 2465 1729 2535 αὐτῆς

128 2550 690 2621 διελέγχωνκινησιν,
711 2552 834 2606 καθ’
861 2554 928 2623 ῆν
962 2554 994 2623 ἡ
1022 2553 1123 2624 τῆς
1145 2554 1296 2618 θείας
1328 2556 1474 2627 ζωῆς
1510 2556 1729 2627 μέθεξις

131 2643 167 2712 ἢ
192 2641 463 2712 ἀμεθεξία
496 2642 744 2712 γίνεσθαι
780 2645 1017 2715 πέφυκε.
1048 2646 1205 2699 Κατά
1231 2648 1341 2719 γὰρ
1368 2647 1430 2701 τὸ
1456 2644 1597 2702 εἶναι
1631 2650 1723 2703 καὶ

131 2732 229 2799 ἀεὶ
256 2728 659 2803 abnuat/tm;
689 2735 903 2802 συνέξει
931 2736 1125 2808 παρὼν
1152 2740 1181 2792 ὁ
1213 2738 1345 2803 Θεός
1370 2754 1385 2769 ο
1413 2740 1554 2795 κατὰ
1581 2741 1640 2795 δὲ
1665 2742 1728 2795 τὸ

132 2826 228 2879 ἀεὶ
252 2820 314 2879 εὖ
343 2820 509 2894 εἶναι,
540 2827 737 2898 μόνους
778 2828 1097 2900 ίδιοτρόπως
1146 2832 1273 2895 τοὺς
1312 2832 1525 2901 ἁγίους,
1556 2834 1729 2903 ἀγγέ-

132 2917 267 2983 λους
292 2921 476 2987 τεκαὶ
503 2918 850 2991 ἀνθρώπους,
884 2921 949 2975 τὸ
975 2922 1065 2977 ἀεὶ
1108 2922 1213 2995 φεῦ
1266 2920 1430 2989 εῖναι,
1484 2929 1600 2990 τοῖς
1654 2926 1730 2999 μὴ

131 3013 406 3078 τοιούτοις
436 3015 514 3079 ώς
538 3016 773 3087 γνώμης.
803 3017 1017 3089 καρπὸν
1054 3020 1218 3090 ἀφεὶς
1269 3020 1728 3092 ὲπικιρνώμενον.

1823 735 1961 780 tune
1997 726 2274 781 rationum
2301 742 2559 797 capacem
2579 729 2735 798 juxta
2766 744 2986 783 omnem
3010 729 3152 783 bene
3184 724 3407 782 essendi

1824 818 2095 879 rationem
2129 818 2513 885 reddiderunt,
2540 820 2611 874 ob
2642 821 2811 875 animi
2836 836 2901 875 ac
2936 820 3240 875 voluntatis
3283 834 3410 873 cum

1822 909 2009 963 divina
2032 911 2321 965 voluntate
2350 912 2826 976 convenientiam,
2863 910 3067 967 divina:
3086 909 3268 966 omnis
3309 908 3411 963 bo-

1822 1001 2036 1068 nitatis,
2082 1017 2185 1073 pro
2229 1003 2431 1057 divina:
2464 1002 2517 1057 in
2549 1004 2631 1058 eis
2664 1003 2811 1067 vitae,
2854 1014 2917 1059 ut
2971 1004 3024 1057 in
3057 1001 3271 1074 angelis
3315 1011 3414 1055 aut

1823 1094 1879 1148 in
1905 1094 2230 1149 hominibus
2259 1094 2553 1160 elucentis,
2612 1094 2848 1160 ratione,
2890 1103 3056 1150 erunt
3083 1094 3408 1165 participes.

1822 1186 1927 1258 Qui
1957 1203 2092 1243 vero
2122 1204 2221 1258 per
2244 1187 2430 1242 omnia
2452 1186 2841 1256 inaequabilem
2868 1186 3217 1241 voluntatem
3243 1195 3411 1255 atque

1822 1281 2069 1343 animum
2127 1286 2341 1333 naturze
2392 1277 2802 1342 reddiderunt,
2848 1286 3167 1347 naturaeque
3228 1276 3411 1346 reipsa

1824 1370 2072 1425 rationes
2102 1370 2462 1440 dissipantem
2494 1371 2646 1441 juxta
2681 1384 2903 1423 omnem
2930 1369 3071 1423 bene
3098 1383 3277 1437 exque
3303 1367 3415 1419 vir-

1825 1469 1942 1516 tute
1972 1460 2195 1517 essendi
2236 1462 2508 1515 rationem
2566 1460 2942 1515 exhibuerunt
2968 1500 2983 1525 ,
3021 1458 3091 1514 ob
3129 1458 3297 1512 animi
3348 1472 3415 1513 ac

1822 1554 2128 1608 voluntatis
2162 1568 2287 1607 cum
2314 1552 2500 1607 divina
2526 1553 2813 1606 voluntate
2850 1549 3412 1613 disconvenientiam,

1823 1643 2092 1707 bonitatis
2130 1642 2625 1713 omnisjacturam,
2647 1641 2803 1711 juxta
2845 1640 3165 1695 elucentem
3213 1637 3268 1692 in
3309 1639 3411 1705 eis,

1824 1753 1949 1795 cum
1991 1737 2103 1791 hoc
2120 1736 2272 1806 quod
2301 1742 2387 1789 est
2413 1734 2555 1788 male
2583 1733 2894 1803 misereque
2921 1747 3066 1795 esse,
3108 1730 3415 1787 voluntatis

1823 1826 2104 1898 animique
2137 1825 2630 1889 necessitudinem,
2660 1824 2866 1879 facient
2894 1838 3069 1892 ,qua,
3096 1838 3291 1877 eorum
3317 1821 3413 1892 qui

1823 1919 2115 1990 ejusmodi
2140 1925 2291 1981 sunt,
2326 1917 2587 1973 criticum
2620 1916 2733 1971 Deo
2767 1915 3071 1971 divortium
3107 1913 3415 1985 sejunctiu-

1822 2027 1962 2081 que;
2005 2009 2209 2080 quibus
2235 2023 2432 2078 nempe
2464 2006 2610 2061 desit
2635 2006 2840 2061 mentis
2869 2003 3155 2075 proposito
3186 2045 3201 2069 ,
3250 2002 3415 2057 bonis

1823 2103 2089 2173 operibus
2140 2100 2326 2156 vivida
2380 2098 2683 2170 vigensque
2745 2097 2887 2150 bene
2938 2094 3163 2151 essendi
3226 2094 3409 2159 ratio,

1824 2192 2131 2247 secundum
2149 2205 2316 2261 quam
2331 2188 2533 2243 divinae
2550 2187 2675 2242 vitae
2699 2186 2881 2243 exseri
2903 2194 3283 2256 comparatum
3303 2191 3407 2250 est,

1824 2300 1890 2339 ac
1917 2282 2328 2353 splendescere.

1897 2376 1987 2431 55.
2018 2374 2299 2444 Cujusque
2325 2372 2631 2427 voluntatis
2669 2370 2877 2425 trutina
2905 2370 2962 2424 in
2990 2369 3202 2442 judicio
3226 2367 3412 2423 futura

1825 2479 1911 2524 est
1966 2475 2183 2523 natura:
2229 2466 2413 2531 ratio,
2483 2466 2604 2536 ejus
2661 2464 2930 2517 nimirum
2972 2461 3137 2532 599
3184 2460 3251 2515 ad
3305 2460 3412 2515 hoc

1825 2560 1973 2631 quod
2021 2568 2107 2614 est
2135 2557 2275 2612 male
2308 2572 2432 2611 esse
2464 2566 2561 2610 aut
2605 2555 2749 2610 bene
2779 2563 2990 2608 motum
3020 2540 3297 2623 arguens;
3345 2567 3414 2607 ex

1824 2653 1986 2724 cujus
2014 2652 2229 2707 ratione
2262 2659 2376 2714 est,
2410 2657 2474 2703 ut
2501 2646 2871 2702 divinaevita:
2899 2645 3201 2717 participes
3239 2644 3435 2700 simus.

1825 2754 1922 2801 aut
1960 2745 2297 2814 inexpertes.
2327 2741 2615 2809 Quatenus
2630 2740 2779 2797 enim
2810 2739 2921 2794 sint
2942 2753 3007 2794 ac
3036 2752 3255 2807 semper
3280 2736 3414 2801 sint,

1827 2851 2073 2907 praesens
2103 2835 2248 2889 Deus
2285 2848 2480 2889 omnes
2524 2829 2840 2887 continebit
2880 2846 2895 2885 .
2942 2838 3005 2883 ut
3040 2837 3226 2883 autem
3273 2827 3421 2883 bene

1830 2943 2052 2999 semper
2112 2926 2224 2981 illis
2274 2925 2349 2980 sit
2385 2939 2450 2979 ac
2492 2931 2769 2995 perpetua
2809 2920 3073 2975 beatitate
3128 2920 3416 2985 fruantur,

1829 3018 2099 3091 peculiari
2129 3018 2397 3072 duntaxat
2429 3002 2646 3069 ratione
2677 3022 2919 3078 sanctos,
2954 3013 3180 3083 angelos
3210 3012 3420 3083 pariter

133 3115 310 3177 atque
343 3108 626 3177 homines;
662 3111 755 3176 iis,
782 3110 879 3182 qui
900 3128 1015 3169 nou
1060 3114 1339 3186 ejusmodi
1395 3115 1625 3180 fuerint,
1698 3122 1960 3185 tanquam
2006 3126 2202 3167 eorum
2247 3107 2419 3165 animi
2466 3121 2532 3162 ac
2572 3106 2881 3160 voluntatis
2946 3103 3221 3165 fructum.
3248 3119 3429 3174 _com-.

134 3200 369 3257 mistum
412 3202 756 3274 relinquens,
788 3212 859 3259 ut
883 3205 968 3261 eis
993 3221 1212 3278 semper
1240 3208 1384 3265 male
1418 3210 1517 3275 sit._

210 3295 322 3360 vg'.
372 3297 448 3350 Οὐ
487 3298 857 3368 συνεπάγεται
902 3302 970 3371 τῇ
1018 3301 1167 3356 κατὰ
1196 3302 1509 3371 φύσιντῶν
1543 3305 1601 3373 ἐξ
1652 3299 1728 3358 ὧν

1902 3299 1990 3353 56.
2022 3296 2233 3352 Divina:
2283 3291 2685 3350 incarnationis
2735 3289 3097 3363 mysterium,
3158 3303 3271 3344 non
3312 3304 3420 3343 una

138 3386 478 3458 συνέστηκεν
511 3390 817 3460 ἑτερότητι,
845 3392 947 3445 καὶ
972 3380 1074 3464 τὴῦ
1112 3394 1239 3447 καθ’
1285 3394 1588 3450 ὑπόστασιν
1616 3396 1753 3449 δια*

134 3477 322 3549 φορὰν
353 3477 417 3532 τὸ
442 3481 743 3552 μυστήριον
772 3485 873 3554 τῆς
908 3482 1060 3547 θείας
1090 3484 1425 3556 σαρκώσεως
1446 3501 1462 3515 ·
1500 3486 1563 3539 τὸ
1604 3486 1727 3557 μὲν,

138 3574 234 3628 ἵνα
269 3574 346 3644 μὴ
371 3572 695 3646 προσθήκην
728 3576 867 3647 λάϐῃ
896 3578 960 3630 τὸ
998 3578 1101 3649 τῆς
1128 3578 1359 3650 Τριάδος
1391 3581 1728 3651 μυστήριονο

136 3666 207 3720 τὸ
232 3665 309 3732 δὲ,
345 3666 432 3721 τνα
465 3666 635 3739 μηδὲν
663 3666 697 3742 ᾖ
726 3671 795 3741 τῇ
840 3668 1065 3740 θεότητι
1086 3670 1230 3725 κατά
1262 3669 1425 3740 φύσιν
1470 3671 1734 3741 ὁμογενὲς

138 3758 240 3811 καὶ
276 3757 588 3827 όμοούσιον.
616 3760 723 3814 Δύο
766 3760 876 3833 γὰρ
937 3761 1156 3830 φύσεων
1216 3762 1354 3834 πρὸς
1406 3762 1730 3827 ὑπόστασιν,

138 3847 266 3901 ἀλλ’
298 3849 363 3902 οὐ
397 3852 535 3921 πρὸς
570 3851 731 3921 φύσιν
771 3854 899 3923 μίαν
944 3855 1137 3923 γέγονε
1194 3854 1452 3918 σύνοδος·
1508 3855 1597 3909 ῐνα
1636 3854 1735 3909 καὶ

138 3940 210 3992 τὸ
240 3938 365 3993 καθ’
389 3940 687 3996 ὑπόστασιν
720 3943 778 3997 ἓν
808 3946 873 3997 ὲκ
902 3944 1011 4001 τῶν
1030 3944 1289 4016 ἀλλήλαις
1305 3946 1734 4017 συνδραμουσῶν

143 4030 371 4101 φύσεων
402 4033 590 4105 δειχθῇ
618 4036 760 4090 κατά
781 4036 881 4108 τὴν
906 4037 1105 4092 ἕνωσιν
1136 4036 1603 4109 ἀποτελούμενον,
1635 4040 1733 4094 καὶ

142 4124 213 4177 τὸ
249 4123 507 4196 διάφορον
528 4126 637 4180 τῶν
671 4127 1038 4183 συνελθόντων
1064 4129 1200 4200 πρὸς
1226 4128 1328 4199 τὴν
1366 4129 1736 4186 ἀδιάσπαστον

143 4215 349 4270 ἕνωσιν
381 4217 525 4271 κατά
550 4218 648 4290 τὴν
679 4220 918 4291 φυσικὴν
955 4220 1199 4291 ἰδιότητα
1228 4221 1519 4292 πιστευθῇ,
1554 4223 1739 4291 πάσης

144 4310 314 4376 ἐκτὸς
341 4310 505 4381 μένον
529 4311 743 4384 τροπῆς
770 4312 865 4366 καὶ
898 4311 1234 4382 συγχύσεως.

219 4486 326 4550 νζν.
355 4487 431 4540 Ού
453 4486 686 4558 λέγομεν
701 4488 796 4542 ἐπὶ
816 4488 1053 4560 Χριστοῦ
1074 4487 1339 4558 διαφορὰν
1362 4489 1738 4555 ὑποστάσεων,
1766 4530 1773 4537 .

145 4580 239 4633 ὅτι
268 4577 446 4650 ἰ’ριάς
477 4580 793 4652 μεμένηκεν
824 4583 858 4651 ἡ
888 4580 1082 4652 Τριὰς,
1113 4583 1209 4634 καὶ¹
1234 4581 1613 4652 σαρκωθέντος
1642 4582 1737 4635 τοῦ

1834 3406 1961 3446 cum
1982 3404 2200 3451 eorum,
2226 3403 2292 3441 ex
2321 3386 2527 3457 quibus
2551 3392 2785 3446 constat.
2813 3381 3054 3437 naturali
3075 3380 3419 3446 diversitate,

1833 3484 2001 3539 etiam
2048 3480 2400 3551 personalem
2453 3477 2622 3532 infert
2671 3474 3090 3531 distinctionem
3132 3490 3146 3526 :
3185 3473 3422 3527 alterum

1834 3574 2059 3646 quidem
2086 3613 2101 3637 ,
2130 3581 2192 3627 ut
2228 3571 2443 3626 nullum
2489 3568 2782 3624 Trinitatis
2832 3568 3157 3639 mysterium
3210 3563 3427 3620 addita-

1834 3673 2086 3721 mentum
2113 3662 2387 3733 accipiat;
2419 3661 2657 3715 alterum
2694 3674 2849 3723 vero,
2884 3666 2946 3712 ut
2991 3655 3133 3709 nihil
3178 3670 3279 3725 per
3323 3670 3426 3707 na-

1836 3767 2017 3814 turam
2059 3753 2257 3809 deitati
2311 3765 2655 3822 congeneum
2702 3758 2759 3804 et
2809 3745 3283 3803 eonsubstantiale
3330 3760 3427 3798 ex-

1834 3848 2014 3903 sistat.
2043 3845 2173 3900 Duze
2186 3843 2335 3899 enim
2359 3851 2575 3897 natura:
2592 3841 2648 3895 in
2668 3855 2836 3895 uuam
2866 3852 3162 3910 personam
3182 3834 3424 3898 coivere,

1836 3955 1948 3994 non
1995 3938 2053 3993 in
2107 3952 2274 3991 unam
2315 3943 2595 3999 naturam,
2624 3941 2689 3987 ut
2720 3941 2840 3987 tum
2888 3928 3203 4001 personalis
3246 3926 3429 3979 unitas

1836 4046 1904 4087 ex
1956 4039 2285 4087 naturarum
2334 4027 2485 4083 inter
2542 4040 2603 4079 se
2657 4038 2931 4079 concursu
2978 4037 3079 4091 per
3122 4019 3427 4074 unitionem

1816 4130 2170 4197 -pateseeret,
2196 4130 2313 4176 tum
2346 4117 2807 4179 concurrentium
2841 4116 2909 4170 ad
2943 4114 3237 4168 iudivisam
3272 4112 3431 4167 unio-

1836 4232 1965 4273 nem
2011 4214 2247 4272 naturali
2301 4211 2647 4281 proprietate
2722 4208 3014 4263 distinctio
3044 4247 3059 4270 ,
3109 4215 3264 4260 extra
3306 4222 3429 4260 om-

1840 4326 1967 4367 nem
2000 4307 2367 4367 mutationem
2392 4319 2458 4359 ac
2509 4302 2899 4358 confusionem
2949 4299 3271 4355 crederetur
3317 4315 3431 4354 ma-

1842 4419 1997 4460 nere.

1915 4497 2004 4553 57.
2050 4495 2424 4551 Personarum
2473 4492 2531 4547 in
2561 4489 2784 4545 Christo
2813 4486 3237 4543 distinctionem
3280 4484 3432 4541 haud

1843 4589 2102 4655 dicimus,
2139 4587 2287 4658 quod
2319 4585 2565 4641 Trinitas
2621 4581 2866 4637 Trinitas
2892 4578 3180 4644 manserit,
3216 4586 3434 4649 postea-

146 4673 355 4741 Λόγου,
389 4671 708 4744 προσθήκης
745 4672 1041 4745 προσώπου
1088 4673 1149 4727 ού
1194 4673 1644 4745 προσγενομένης
1670 4675 1732 4744 τῇ

1844 4697 2009 4753 quam
2036 4678 2205 4735 etiam
2233 4678 2478 4734 Verbum
2506 4689 2730 4732 carnem
2771 4673 3113 4742 assumpsit;
3172 4671 3324 4725 nulla
3367 4685 3435 4723 ex

148 4766 290 4838 ἁγίᾳ
329 4765 524 4836 Τριάδι
550 4765 638 4820 διά
659 4766 760 4837 τὴν
786 4766 1104 4836 σάρκωσιν·
1146 4765 1380 4836 λέγομεν
1421 4764 1480 4818 δὲ
1519 4763 1740 4834 φύσεων

146 4856 444 4928 διαφορὰν,
472 4856 559 4910 ἵνα
601 4856 677 4927 μὴ
705 4857 786 4928 τῷ
817 4858 978 4928 Λόγῳ
1025 4856 1169 4912 κατά
1200 4857 1301 4928 τὴν
1341 4856 1505 4927 φύσιν
1542 4856 1741 4928 ὁμοοὲ-

151 4966 275 5003 σιον
303 4947 405 5019 τὴν
443 4950 624 5020 σᾴρκα
650 4948 1065 5019 πρεσϐεύωμεν.

230 5039 337 5112 νη⁹.
387 5041 449 5095 '0
498 5041 573 5113 μὴ
629 5041 806 5111 λέγων
861 5041 1078 5112 φύσεων
1130 5041 1416 5115 διαφορὰν,
1465 5041 1568 5098 ούκ
1628 5041 1744 5113 ἔχει

148 5134 329 5187 πόθεν
383 5132 766 5187 πιστώσασθαι
804 5134 908 5205 τὴν
952 5134 1035 5188 ὅτι
1066 5133 1259 5203 γέγονε
1303 5134 1443 5207 σὰρξ
1488 5137 1517 5189 ό
1570 5135 1744 5203 Λόγος

150 5226 282 5297 δίχα
329 5225 539 5297 τροπῆς
582 5225 913 5296 ὁμολογίαν*
973 5226 1049 5297 μὴ
1091 5226 1379 5296 γινώσκων
1436 5228 1744 5299 σωζόμενον

155 5318 305 5372 κατὰ
354 5316 453 5388 τὴν
504 5317 669 5387 φύσιν
721 5318 781 5372 ὲν
831 5320 898 5390 τῇ
946 5320 1045 5389 μιᾷ
1078 5318 1175 5372 τοῦ
1217 5320 1335 5385 ἐνὸς
1369 5319 1607 5391 Χριστοῦ
1650 5323 1747 5375 καὶ

231 5503 248 5522 ·
278 5499 365 5557 ω.
398 5499 466 5555 ad
496 5499 653 5555 Thai.
682 5516 739 5571 q.
768 5499 855 5555 σε.

160 5668 369 5725 luntati
398 5681 525 5721 cum
552 5676 764 5721 natura!
791 5665 1105 5720 rationibus
1151 5664 1472 5719 convenerit
1495 5682 1508 5730 ;
1546 5666 1613 5721 de
1638 5683 1739 5720 na-

161 5751 290 5795 tura
319 5746 509 5791 sanata
528 5746 584 5791 et
604 5738 853 5791 instituta
878 5752 977 5805 per
1002 5736 1253 5806 gratiam,
1284 5736 1511 5789 omnino
1533 5737 1740 5791 intelli-

159 5809 410 5889 gendum
456 5824 569 5861 non
598 5808 689 5876 de.
713 5808 828 5877 ipsa
852 5817 1124 5889 quatenus
1158 5806 1218 5889 in_
1240 5806 1399 5860 nobis
1446 5822 1511 5861 ex
1535 5817 1741 5889 ‘trans-

165 5877 458 5947 pressione
499 5895 599 5948 pro
625 5888 854 5947 peccato
878 5877 1145 5931 inolevit:
1187 5877 1255 5931 de
1286 5886 1483 5931 natura
1518 5878 1743 5932 demum

165 5950 402 6019 qualis:
439 5950 549 6004 Deo
581 5949 802 6004 condita
834 5949 956 6013 fuit,
983 5948 1217 6018 imagine
1248 5959 1440 6003 ornata
1484 5960 1541 6005 ct
1586 5949 1744 6004 simi-

1841 4770 2225 4826 incarnatione
2258 4776 2464 4827 saneta:
2485 4764 2747 4825 Trinitati
2793 4764 2936 4821 facta
2971 4777 3221 4835 persona:
3252 4776 3437 4815 acces-

1837 4861 2015 4916 sione.
2075 4859 2414 4914 Naturarum
2470 4867 2655 4912 tamen
2704 4854 3124 4911 distinctionem
3173 4852 3433 4915 dicimus,

1838 4969 1909 5013 ne
1941 4967 2164 5009 carnem
2197 4951 2383 5007 Verbo
2413 4948 2957 5006 consubstantialem
3004 4944 3330 5001 sentiamus.

1912 5044 1999 5100 58.
2032 5043 2136 5111 Qui
2169 5052 2501 5098 naturarum
2521 5041 2943 5098 distinctionem
2982 5053 3094 5091 non
3122 5034 3433 5107 profitetur,

1851 5152 1963 5193 non
1986 5136 2157 5191 habet
2189 5122 2336 5191 unde
2363 5144 2581 5190 astruat
2613 5134 2762 5205 quod
2792 5131 3033 5187 Verbum
3065 5129 3271 5183 factum
3311 5144 3436 5184 car-

1851 5243 2002 5292 nem,
2051 5226 2191 5287 eitra
2241 5242 2464 5281 omnem
2501 5224 2869 5279 mutationem
2912 5218 3286 5283 confitemur;
3341 5215 3437 5287 qui

1854 5336 2052 5392 nempe
2099 5336 2211 5376 non
2262 5319 2573 5390 intelligat,
2601 5315 2699 5371 uni
2753 5313 2920 5369 unius
2962 5312 3061 5367 Dei
3117 5326 3181 5368 ac
3228 5309 3437 5367 Christi

1850 5666 2125 5729 Iitudine,
2155 5666 2340 5733 inqua
2369 5660 2540 5729 divini
2572 5660 2858 5733 elucerent
2904 5658 3281 5733 characteres,
3306 5670 3437 5733 ‘non

1851 5738 1941 5797 cui
1977 5726 2216 5791 obducta
2240 5726 2305 5788 ex
2340 5726 2565 5801 peécato
2590 5731 2884 5784 brutorum
2927 5729 3046 5801 ipsa
3071 5727 3217 5801 πάθη
3265 5726 3438 5801 (libi-

1852 5808 2009 5862 dines
2029 5804 2284 5872 scilicet).
2310 5796 2533 5856 virtutis
2556 5801 2707 5872 cultu
2722 5816 2795 5872 ac
2816 5796 3208 5872 excreimtione
3228 5812 3256 5850 a
3278 5796 3441 5872 nobis

1852 5875 2201 5936 excutienda,
2232 5866 2293 5926 ut
2314 5872 2502 5925 divina
2526 5872 2579 5925 in
2604 5871 2765 5924 nobis
2787 5871 3128 5924 instauretur
3154 5866 3441 5927 vitaauod

1856 5965 1965 6002 non
1990 5948 2152 5999 aliter
2184 5944 2473 6007 habemus,
2512 5958 2676 6008 quam
2702 5940 2905 5997 Christi
2934 5940 3128 6007 gratia.
