4012 6438
182 379 338 449 τηε

855 389 1192 453 CAPITUM
1230 394 1654 469 QUINQUIES
1692 395 2216 468 CENTENORUM
2254 411 2643 475 CENTURIA
2687 419 2784 478 iV.

3329 416 3471 482 [33$

175 503 242 559 τὸ
298 498 424 601 τῆς*
453 500 671 601 φύσεως
721 503 967 574 παθητὸν
1024 505 1207 576 [unus
1265 507 1395 580 Reg.
1426 509 1766 582 παθητικὸν]

1886 503 2061 585 luam,
2105 524 2214 577 vim
2250 506 2562 597 patibilem)
2596 528 2955 601 expugnavit,
2990 529 3266 600 vigentem
3310 533 3364 586 in
3394 548 3459 588 ea

176 594 624 661 καταπαλαίσας,
654 596 757 666 τὴν
784 599 844 651 ἐν
865 598 1016 669 αύτῷ
1053 599 1162 653 τῶν
1195 601 1347 671 παρά
1384 601 1547 671 φύσιν
1579 603 1771 658 παθῶν

181 689 375 759 σχέσιν
404 691 782 762 κατήρτησεν.

252 782 357 848 ξδ’.
390 783 583 839 Ἦνικα
613 785 715 855 μὲν
750 785 820 839 δι’
852 786 1071 856 ἀπάτης
1107 786 1246 857 δόλῳ
1280 786 1459 842 συλῶν
1508 789 1609 860 τὴν
1640 788 1787 861 περὶ·

177 871 317 927 Θεὸν
345 872 589 944 εμφυτον
624 874 839 943 γνῶσινι
858 875 960 946 τῆς
983 875 1225 944 φύσεως,
1252 876 1458 947 ταύτην
1480 879 1509 931 6
1533 879 1771 950 πονηρὸς

178 964 264 1025 είς
297 963 496 1018 ἑαυτὸν
528 967 937 1037 σφετερίζεται,
966 966 1211 1037 κλέπτης
1240 968 1379 1033 ὲατὶ,
1411 968 1547 1039 πρὸς
1577 968 1771 1023 ἑαυτὸν

176 1056 294 1111 ἀπὸ
344 1056 444 1113 τοῦ
490 1057 630 1112 Θεοῦ
682 1057 747 1112 τὸ
795 1060 960 1125 σέϐας
1007 1060 1338 1132 μεταφέρειν
1384 1062 1767 1133 πειρώμενος·

177 1149 421 1219 ἀπάγων
444 1150 695 1221 δηλονότι
723 1151 834 1206 τῶν
871 1152 931 1207 ὲν
958 1154 1072 1218 τοῖς
1098 1154 1350 1223 γεγονόσι
1379 1154 1773 1225 πνευματικῶν

178 1238 383 1327 λόγων,
411 1242 511 1313 τὴν
540 1242 686 1297 κατά
713 1242 839 1297 νοῦν
872 1244 974 1314 τῆς
1002 1244 1183 1317 ψυχῆς
1220 1244 1479 1316 θεωρίαν,
1508 1246 1604 1299 καὶ
1633 1246 1769 1317 μόνῃ

179 1332 550 1402 περιγράφων
578 1334 678 1405 τὴν
712 1334 908 1405 νοερὰν
944 1335 1196 1405 δύναμιν,
1233 1338 1301 1407 τῇ
1337 1336 1480 1389 κατά
1522 1335 1619 1405 τὴν
1650 1338 1771 1388 ἐπι-

179 1421 415 1489 φάνειαν
450 1424 716 1495 προσόψει
760 1424 870 1479 τῶν
914 1425 1212 1496 αἰσθητῶν.
1284 1426 1555 1495 Ὀπηνίκα
1582 1425 1637 1479 δὲ
1684 1424 1773 1478 διά

176 1514 293 1568 τῶν
320 1515 567 1583 φυσικῶν
589 1516 973 1589 ἀπαρχόμενος
1002 1517 1345 1587 κινημάτων,
1373 1515 1511 1585 πρὸς
1528 1515 1597 1569 τά
1623 1515 1783 1585 παρά

178 1606 351 1677 φύσιν
373 1608 708 1679 σοφιστικῶς
731 1608 1027 1681 κατασύρῃ
1049 1608 1147 1680 τὴν
1179 1608 1491 1680 πρακτικὴν
1514 1607 1773 1677 δύναμιν,

179 1701 282 1753 καὶ
316 1698 410 1753 διά
445 1698 556 1753 τῶν
580 1699 959 1773 νομιζομένων
995 1700 1182 1755 καλῶν
1226 1702 1340 1763 τοῖς
1370 1700 1579 1771 χείροσι
1611 1697 1774 1753 πιθα-

178 1791 291 1855 νῶς
318 1790 654 1864 προσηλώσῃ
687 1791 896 1862 ταύτης
922 1791 1021 1865 τὴν
1055 1792 1267 1863 ἔφεσιν,
1303 1794 1399 1847 ἐπὶ
1435 1790 1516 1862 τῷ
1545 1790 1772 1861 ὀνόματι

176 1861 397 1954 Κυρίου
437 1861 652 1955 ὀμνύει-ν
683 1861 916 1956 ψευδῶς,
1138 1884 1276 1940 ἄλλα
1306 1886 1438 1955 παρ’
1477 1861 1770 1955 ύπόσχεσιν
1802 1861 1847 1921 Β

177 1977 339 2045 ἀγων
360 1979 462 2049 τὴν
483 1978 817 2051 πειθομένην
850 1979 1051 2051 ψυχήν.
1090 1981 1203 2033 Καὶ
1230 1979 1350 2032 ἐστι
1375 1978 1617 2049 κλέπτης
1649 1978 1768 2050 μὲν,

176 2068 260 2131 ὡς
310 2068 452 2140 πρὸς
501 2070 694 2124 ἑαυτὸν
747 2070 928 2124 συλῶν
975 2071 1076 2139 τὴν
1134 2070 1339 2140 γνῶσιν
1384 2070 1483 2139 τῆς
1520 2069 1767 2141 φύσεως·

178 2161 446 2233 ἐπίορκος
476 2162 559 2229 δὲ,
617 2162 694 2226 ὡς
746 2162 807 2218 τὸ
862 2162 1171 2233 πρακτικὸν
1210 2161 1311 2232 τῆς
1356 2161 1538 2233 ψυχῆς
1590 2162 1771 2234 μάτην

176 2250 558 2309 διαπονεῖσθαι
582 2254 785 2308 πείθων
818 2256 933 2318 τοῖς
971 2255 1124 2325 παρά
1160 2252 1345 2323 φύσιν.

260 2440 357 2504 ξεθ.
389 2441 461 2494 Ἦ
482 2441 651 2495 πάλιν
676 2442 921 2513 κλέπτης
958 2442 1133 2507 ἐστὶν,
1161 2443 1191 2495 6
1229 2440 1369 2512 πρὸς
1401 2442 1621 2511 ἀπάτην
1666 2441 1775 2494 τῶν

180 2534 494 2591 ἀκουόντων
536 2535 667 2598 τοὺς
707 2533 887 2599 θείους
941 2532 1107 2603 δῆθεν
1160 2532 1507 2601 ἀσκούμενος
1557 2532 1775 2601 λόγους,

179 2624 261 2682 ῶν
294 2626 397 2681 οὐκ
424 2626 643 2696 ἑπέγνω
674 2625 766 2680 διὰ
810 2624 924 2679 τῶν
972 2624 1165 2694 ἔργων
1208 2623 1309 2697 τὴν
1359 2624 1613 2697 δύναμιν,
1676 2625 1775 2694 τὴν

179 2708 351 2791 ψιλὴν
373 2717 659 2792 προφορὰν
694 2717 855 2789 δόξης
881 2716 1155 2789 ἐμπορίαν
1191 2717 1544 2788 ποιούμενος,
1577 2719 1674 2772 καὶ
1698 2718 1777 2789 τῷ

180 2812 278 2866 διὰ
308 2809 564 2881 γλώσσης
590 2809 737 2882 λόγῳ
762 2808 859 2863 τὸν
893 2808 990 2863 τοῦ
1019 2808 1233 2873 δίκαιος
1272 2808 1594 2880 νομίζεσθαι
1625 2810 1777 2883 παρά

180 2904 298 2957 τῶν
349 2902 725 2975 ἀκροωμένων
770 2900 1093 2974 θηρώμενος
1137 2899 1382 2956 ἔπαινον.
1423 2901 1535 2958 Καὶ
1588 2900 1777 2965 ἁπλῶς

182 3002 389 3061 εἰπεῖν,
420 3001 453 3054 6
472 2997 553 3069 τῷ
580 2998 743 3070 λόγῳ.
758 2998 853 3051 τὸν
885 2996 999 3067 βίον
1020 2995 1388 3069 ἀνάρμοστον,
1421 2996 1777 3069 καλττῇ-γνὼ-

185 3110 275 3147 σει
326 3092 429 3164 τὴν
486 3090 728 3146 διάθεσιν
774 3089 878 3160 τῆς
916 3089 1098 3162 ψυχῆς
1164 3089 1306 3160 ἔχων
1365 3088 1773 3162 ἀντικειμένην,

183 3184 436 3256 κλέπτης
458 3183 629 3252 ἐστὶν,
660 3184 739 3237 ex.
758 3182 870 3237 τῶν
898 3180 1196 3253 ἀλλοτρίων
1247 3180 1472 3250 ἀγαθῶν
1495 3182 1558 3235 οὐ
1593 3181 1777 3243 καλῶς
1809 3224 1853 3283 c

183 3276 629 3349 διαφαινόμενος.
662 3274 809 3348 Πρὸς
858 3273 920 3329 ὃν
972 3276 1013 3329 ό·
1043 3273 1205 3343 λόγος
1243 3275 1474 3338 είκότως
1506 3276 1642 3347 ὲρεῖ,
1695 3275 1782 3341 Τῷ

185 3370 262 3425 δὲ
288 3367 619 3439 ἁμαρτωλῷ
650 3362 824 3422 εἴπεν
868 3368 903 3422 ὁ
933 3366 1102 3432 Θεὸς,
1128 3366 1256 3420 ἰνα
1306 3365 1365 3420 τί
1403 3365 1487 3419 σὺ
1529 3366 1783 3437 ἐκδιηγειῖ

184 3462 266 3518 τὰ
287 3459 650 3530 δικαιώματά
672 3476 814 3530 μου,
843 3459 941 3514 καί
959 3456 1406 3529 ἀναλαμϐάνεις
1433 3457 1790 3527 τὴν-,διαϐήμ-

184 3573 318 3625 xm-
344 3573 465 3626 μου
489 3554 591 3609 διὰ
621 3554 925 3624 στόματός
956 3568 1109 3617 o'ov;

262 3649 376 3716 ξς’.
408 3646 666 3717 κλέπτης
698 3646 963 3711 ὡσαύτως
996 3647 1136 3709 ἐστὶ,
1167 3646 1263 3700 καὶ
1308 3647 1340 3700 6
1370 3648 1486 3709 τοῖς
1514 3646 1781 3716 φαινομέ-

186 3760 310 3807 νοις
341 3740 567 3811 τρόποις
597 3740 691 3795 καὶ
715 3740 895 3813 ἤθεσι,
930 3738 1032 3811 τὴν
1078 3739 1153 3811 μὴ
1193 3737 1533 3809 φαινομένην
1573 3756 1783 3808 συγκα-

186 3836 418 3889 λύπτων
443 3835 543 3905 τῆς
567 3834 749 3905 ψυχῆς
780 3832 1140 3905 κακουργίαν,
1171 3831 1477 3895 ἐπιεικείας
1505 3831 1784 3902 πλάσματι

187 3928 298 4000 τὴν
318 3927 465 3983 ἔνδον
486 3926 876 3982 ἐπικαλύπτων
893 3925 1156 3980 διάθεσιψ
1184 3924 1283 3979 καὶ
1302 3924 1573 3991 κλέπτων,
1594 3925 1784 3999 ὥσπερ

191 4024 409 4085 ὲκεῖνος
433 4022 501 4093 τῇ
536 4020 791 4092 προφορᾷ
830 4017 943 4071 τῶν
987 4016 1163 4086 λόγων
1207 4017 1308 4087 τῆς
1362 4018 1640 4086 γνώσεως,
1683 4019 1785 4091 τὴν

188 4115 311 4169 τῶν
364 4113 673 4169 ἀκουόντων
720 4112 995 4166 διάνοιαν·
1056 4109 1200 4163 οὓτω
1243 4109 1307 4181 δὴ
1349 4110 1445 4164 καὶ
1487 4112 1652 4176 αὐτὸς
1705 4115 1786 4187 τῷ

190 4206 388 4277 τρόπῳ
430 4206 532 4277 τῆς
559 4205 670 4259 τῶν
708 4203 859 4275 ἠθῶν
916 4203 1287 4273 ὑποκρίσεως,
1331 4203 1442 4256 τῶν
1494 4204 1785 4276 θεωμένων

1873 613 2270 672 inuaturalium
2294 619 2597 676 affectuum
2635 622 3112 678 necessitudinem
3147 623 3469 695 proﬂigavit

1872 720 1936 759 ac
1966 706 2276 763 libidinem.

1941 803 2028 856 6i.
2064 802 2200 859 Cum
2255 821 2355 876 per
2401 807 2840 869 crroremdolo,
2897 806 3203 878 ingenitam
3252 816 3467 861 natura:

1871 893 1941 948 d'e
1961 895 2076 950 Deo
2107 898 2481 967 cognitionem
2520 900 2888 969 depraedando
2917 900 3298 969 nequissimus
3351 898 3463 955 sibi

1872 997 2115 1057 arrogat.
2152 986 2241 1042 fur
2272 999 2379 1055 est,
2422 991 2516 1060 qui
2570 992 2669 1046 Dei
2720 992 2775 1045 in
2834 1007 2894 1047 se
2925 994 3139 1051 cultum
3176 1008 3242 1047 ac
3288 993 3465 1063 maje-

1873 1087 2070 1133 statcm
2096 1079 2392 1136 transferre
2413 1090 2657 1153 satagat;
2689 1082 3273 1153 nempeintelligentis
3294 1082 3468 1137 animi

1872 1171 2310 1240 speculationem
2347 1172 2418 1227 ab
2448 1173 2796 1243 spiritalibus
2842 1174 2897 1229 in
2925 1175 3084 1246 θοι
3128 1174 3336 1229 creatis
3381 1191 3469 1229 ra-

1876 1263 2123 1319 tionibus
2155 1264 2463 1331 abducens,
2501 1265 2729 1335 solaque
2778 1282 2963 1320 rerum
2998 1266 3055 1320 in
3106 1281 3333 1321 sensum
3380 1281 3471 1320 ca-

1872 1351 2124 1407 dentium
2156 1363 2384 1409 exterua
2410 1354 2595 1424 specie
2620 1365 2786 1423 atque
2798 1362 3101 1424 conspectu
3126 1356 3234 1409 vim
3265 1355 3469 1409 mentis

1874 1443 2166 1500 definiens.
2198 1444 2334 1500 Cum
2354 1462 2488 1501 vero
2505 1462 2534 1500 a
2558 1446 2913 1501 naturalibus
2944 1447 3191 1503 motibus
3209 1447 3468 1517 auspica-

1874 1546 1965 1592 tus
1989 1536 2059 1591 ad
2097 1538 2443 1594 iunaturales
2472 1537 2673 1609 agendi
2702 1536 2815 1591 vim
2846 1536 3060 1591 fallacia
3092 1538 3358 1600 traxerit,
3406 1550 3472 1589 ac

1875 1644 1975 1697 per
2008 1644 2071 1683 ea
2115 1645 2238 1699 qua:
2268 1631 2413 1684 bona
2463 1630 2893 1694 existimantur,
2934 1629 3211 1699 probabili
3263 1628 3470 1697 specie,

1874 1721 2178 1789 voluptatis
2204 1722 2483 1776 lenocinio
2532 1722 2773 1777 illectam
2814 1720 2937 1789 ejus
2968 1719 3337 1790 cupiditatem
3370 1719 3471 1773 dc-

1876 1812 2181 1868 terioribus
2215 1813 2473 1879 afﬁxerit,
2506 1815 2561 1869 in
2592 1815 2818 1869 nomine
2860 1813 3080 1867 Domini
3138 1811 3277 1865 falso
3300 1812 3469 1882 jurat,

1882 1904 1992 1957 alio
2024 1920 2190 1975 quam
2233 1904 2518 1975 pollicitus
2555 1904 2734 1959 fuerat
2772 1903 3022 1957 animum
3066 1901 3471 1971 obsequentem

1878 1996 2109 2051 ducens.
2145 1997 2221 2051 Ac
2267 1997 2492 2066 quidem
2538 1996 2628 2051 fur
2668 2004 2792 2061 est,
2841 2011 2949 2066 qua
2998 1996 3213 2050 ratione
3258 2004 3473 2049 naturae

1880 2089 1985 2145 sibi
2018 2090 2393 2161 cognitionem
2425 2089 2568 2160 rapit
2596 2108 2609 2143 :
2642 2092 2904 2162 periurus
2934 2104 3092 2154 vero,
3125 2103 3236 2159 qua
3270 2086 3469 2157 agendi

1883 2184 1988 2237 vim
2009 2224 2025 2247 ,
2056 2184 2124 2239 iis
2152 2184 2355 2238 frustra
2406 2183 2697 2241 laboribus,
2723 2184 2816 2255 qui
2856 2198 2887 2238 a
2912 2190 3109 2242 natura
3140 2180 3469 2241 abhorrent,

1880 2275 2165 2331 suadendo
2200 2275 2429 2333 addicit.

1952 2450 2040 2503 65.
2082 2450 2189 2504 Aut
2210 2449 2516 2505 rursus'fur
2538 2459 2644 2514 est,
2677 2451 2865 2521 quiut
2890 2449 3246 2505 auditoribus
3280 2450 3477 2504 fucum

1882 2540 2071 2606 faciat,
2100 2541 2320 2597 divinos
2344 2542 2536 2613 utique
2564 2526 2854 2598 sermones
2887 2542 3040 2608 colit,
3081 2558 3323 2612 quorum
3369 2557 3487 2613 per-

1882 2648 2050 2703 opera
2080 2633 2193 2688 vim
2219 2634 2450 2691 minime
2489 2634 2756 2707 agnovit;
2787 2634 2994 2690 nudam
3034 2634 3251 2690 scilicet
3289 2635 3473 2704 prola-

1884 2725 2092 2781 tionem
2125 2724 2181 2781 in
2200 2726 2391 2797 gloria:
2413 2735 2788 2783 mercaturam
2817 2734 3079 2792 vertens;
3108 2741 3173 2781 ac
3193 2740 3471 2782 sermone.

1883 2832 2049 2888 quem
2076 2832 2174 2873 ore
2205 2817 2474 2888 loquitur,
2496 2816 2729 2889 iustitia:
2766 2817 2990 2873 laudem
3020 2816 3091 2871 ab
3122 2816 3475 2871 auditoribus

1882 2906 2407 2979 captans.Atque'ut
2430 2923 2647 2962 summa
2674 2907 2877 2973 dicam,
2906 2906 3003 2977 qui
3031 2908 3203 2961 vitam
3226 2906 3485 2961 sermoni

1883 3017 1948 3058 ac
1966 3001 2234 3057 doctrina:
2250 3000 2680 3064 dissentaneam,
2707 2999 2992 3069 animique
3009 2999 3269 3055 affectum
3294 2997 3475 3053 scien-

1886 3092 1976 3149 tia;
1995 3092 2605 3158 adversantem,babet,
2628 3091 2717 3145 fur
2738 3102 2845 3157 est,
2866 3106 2935 3147 ex
2956 3091 3154 3169 alienis
3174 3090 3338 3146 bonis
3358 3107 3470 3145 non

1887 3187 2031 3241 bene
2054 3186 2450 3241 inclarescens.
2482 3184 2565 3240 Ad
2601 3199 2766 3255 quem
2793 3184 2993 3240 merito
3036 3183 3114 3239 ait
3137 3183 3425 3253 Scriptura
3455 3201 3468 3236 :

1884 3276 2156 3331 Peccatori
2180 3284 2358 3330 autem
2379 3276 2512 3330 dixit
2537 3274 2675 3329 Deus
2704 3292 2720 3329 :
2753 3273 2932 3339 Quare
2960 3282 3013 3327 tu
3050 3290 3275 3328 euarras
3300 3274 3471 3344 justi-

1884 3371 1987 3423 tias
2042 3386 2209 3434 meas,
2258 3378 2308 3424 et
2360 3370 2584 3425 assumis
2638 3378 3012 3424 testamentum
3082 3386 3257 3423 meum
3286 3385 3380 3438 per
3414 3385 3471 3422 os

1885 3470 2033 3516 tuum
2065 3462 2152 3515 “?

1955 3660 2043 3715 66.
2079 3659 2273 3715 itidem
2301 3659 2388 3714 fur
2422 3668 2527 3723 est,
2570 3674 2665 3728 qm
2693 3666 2922 3713 externa
2946 3656 3134 3712 indoze
3158 3666 3323 3726 atque
3353 3670 3472 3709 mo—

1885 3752 2043 3807 ribus
2095 3751 2369 3805 internam
2424 3759 2588 3821 atque
2619 3750 2883 3805 latentem
2929 3748 3266 3803 fraudulenti
3300 3747 3469 3802 animi

1884 3843 2094 3914 obtegit
2116 3842 2456 3913 nequitiam;
2491 3842 2617 3898 ficta
2648 3842 2923 3897 nimirum
2959 3838 3189 3911 pietatis
3239 3853 3305 3893 ac
3353 3854 3473 3893 mo-

1886 3936 2077 3993 destize
2092 3936 2264 4002 larva,
2294 3937 2569 3991 internum
2595 3934 2766 3989 animi
2790 3932 3142 3989 aﬂectionem
3164 3932 3381 3997 celans;
3409 3944 3475 3985 ac

1886 4030 2029 4085 sicut
2053 4028 2164 4091 ille,
2195 4028 2543 4083 eruditorum
2579 4042 2901 4083 sermonum
2942 4025 3277 4097 prolatione,
3310 4022 3472 4078 audi-

1888 4131 2071 4176 torum
2122 4128 2386 4182 mentem,
2438 4120 2518 4174 sic
2570 4128 2627 4175 et
2677 4119 2794 4189 ipse
2844 4118 3207 4173 honestorum
3260 4130 3474 4170 morum

1887 4210 2253 4276 simulatione}
2284 4208 2618 4277 virtutisque
2659 4207 2925 4264 ementita
2975 4205 3158 4276 specie
3190 4245 3204 4269 ,
3251 4205 3475 4259 intuen-

192 4300 302 4373 τὴν
332 4298 610 4371 αἴσθησιν,
647 4299 786 4369 πρὸς
818 4296 879 4353 ὂν
916 4296 1120 4368 ὁμοίως
1160 4298 1463 4368 εἰρήσεται,
1518 4301 1784 4369 Αίσχύν-

192 4396 367 4460 θητε,
412 4396 467 4446 οι
488 4390 887 4459 ἐνδεδυμένοι-
918 4386 1121 4458 Ιμάτια
1160 4389 1492 4456 ἀλλότρια-ο
1556 4390 1652 4444 καὶ
1702 4391 1785 4457 τὸ,

1888 4304 2025 4359 lium
2078 4316 2301 4360 sensum
2371 4300 2567 4356 fallens
2602 4318 2627 4367 ;,
2676 4300 2732 4355 in
2799 4314 2965 4371 quem
3025 4296 3258 4370 perinde
3324 4296 3477 4352 dicc-

1890 4406 1980 4451 tur
2009 4411 2024 4450 :
2054 4394 2377 4458 Erubescite,
2400 4394 2490 4464 qui
2513 4392 2799 4445 iuduimini
2817 4400 2977 4445 vestes
2995 4390 3202 4444 alienas
3220 4388 3477 4445 ".ltem-

207 4484 624 4552 ,Αποκαλύψει
674 4482 893 4548 Κύριος
938 4480 1005 4534 τὸ
1063 4480 1276 4549 σκῆμα
1331 4479 1533 4535 αὐτῶν
1587 4481 1659 4535 ἐν
1710 4482 1777 4552 τῇ

1889 4503 2028 4559 que:
2048 4487 2303 4542 Dominus
2327 4484 2612 4539 deuudabit
2636 4484 2875 4541 habitum
2906 4500 3092 4537 earum
3109 4482 3163 4536 in
3185 4481 3267 4535 die
3290 4480 3388 4535 illa
3406 4479 3472 4534 ³⁸.

192 4569 397 4642 ἡμέρᾳ
418 4571 644 4638 ἐκείνῃ.
676 4568 814 4623 Καθ’
840 4568 1082 4638 ἑκάστην
1111 4569 1224 4639 γὰρ
1243 4569 1300 4622 ὲν
1324 4567 1404 4638 τῷ
1433 4570 1665 4643 κρυπτῷ
1688 4574 1777 4644 τῆς

1892 4571 2153 4641 Quotidie
2181 4571 2332 4627 enim
2369 4570 2424 4625 in
2460 4568 2649 4624 abdita
2681 4568 2864 4624 cordis
2886 4568 3125 4633 ofﬁcina,
3156 4566 3273 4622 haec
3300 4565 3368 4620 ad
3388 4580 3476 4620 me

195 4664 433 4737 καρδίας
480 4662 853 4734 ἐργαστηρίῳ,
902 4658 1077 4715 ταῦτά
1118 4675 1208 4730 μοι
1252 4659 1505 4729 λέγοντος
1565 4662 1777 4718 ἀκούειν

1888 4664 2209 4735 loquentem
2246 4662 2417 4716 Deum
2459 4659 2594 4718 mihi
2623 4658 2818 4714 audire
2856 4658 3072 4721 videor,
3106 4665 3166 4712 ut
3196 4656 3293 4735 qui
3320 4664 3475 4711 utro-

190 4755 349 4812 δοκῶ
376 4754 473 4809 τοῦ
509 4753 648 4809 Θεοῦ
681 4753 781 4824 τὴν
814 4753 1050 4825 ἡμέραν,
1080 4752 1160 4817 ὡς
1189 4751 1278 4805 in?
1311 4752 1515 4823 ἀμφοῖν
1557 4753 1777 4827 διαρρή-

1888 4772 1996 4830 que
2026 4755 2251 4810 nomine
2275 4752 2567 4827 perspicue
2596 4751 2869 4807 obnoxius
2905 4749 3189 4806 exsistam.

188 4852 305 4923 δην
335 4846 809 4916 κατεγνωσμένος.
1458 4864 1469 4877 ο

274 4938 376 5006 ξζν.
404 4939 699 5011 Ἐπίορκός
720 4938 888 5004 ἐστιν,
913 4937 1081 5008 ἤγουν
1112 4936 1442 5008 όμνύωνὲπὶ
1464 4939 1541 5011 τῷ
1564 4940 1777 5012 ὀνόματι

1959 4935 2048 4990 67.
2088 4934 2356 5005 Pcrjurus
2379 4931 2576 4999 est,'id
2608 4939 2715 4999 est,
2748 4930 2886 4985 falso
2914 4931 3105 5001 jurans
3147 4927 3203 4983 in
3246 4926 3472 4982 nomine

191 5033 416 5106 Κυρίου
453 5032 688 5104 ψευδῶς,
727 5028 1251 5102 δ’ὲπαγγελλόμενος
1278 5031 1356 5103 τῷ
1390 5032 1510 5104 Θεῷ
1542 5035 1633 5088 τὸν
1668 5040 1777 5089 κατ

1887 5026 2127 5092 Domini,
2168 5026 2262 5097 qui
2287 5025 2535 5081 studiose
2566 5039 2744 5095 exque
2772 5023 2997 5079 virtutis
3034 5021 3252 5075 ratione
3297 5020 3471 5074 vitam

192 5124 413 5195 ἀρετὴν
452 5124 590 5195 βίον,
619 5122 714 5178 καὶ
740 5122 998 5194 ἀλλότρια
1028 5121 1182 5194 παρά
1219 5122 1320 5193 τὴν
1353 5122 1649 5195 ὑπόσχεσιν
1692 5126 1777 5197 τῆς

1886 5136 1944 5176 se
1971 5119 2359 5174 instituturum
2379 5117 2681 5188 pollicitus,
2706 5116 2884 5171 aliena
2909 5122 3274 5169 consectatur
3289 5112 3359 5169 ab
3386 5112 3474 5167 his

190 5214 414 5279 οἰκείας
450 5212 784 5283 ἐπαγγελίας
816 5211 1176 5283 ἐπιτηδεύων,
1216 5209 1313 5266 καὶ
1362 5211 1461 5283 τὴν
1514 5211 1777 5283 συνθήκηη

1887 5227 2009 5283 qua:
2057 5212 2208 5267 vovit
2261 5219 2317 5266 et
2361 5211 2643 5282 professus
2694 5219 2821 5274 est;
2864 5207 3156 5277 fumusque
3206 5204 3479 5277 religiosa:

191 5309 305 5379 τῆς
335 5307 625 5379 ὁμολογίας
658 5307 753 5362 τοῦ
784 5306 985 5378 σεμνοῦ
1030 5305 1148 5377 βίου
1185 5304 1275 5358 διὰ
1303 5304 1402 5375 τῆς
1444 5303 1645 5375 ἀργίας
1684 5303 1777 5357 τῶι

1887 5320 1949 5358 ac
1976 5302 2269 5360 sanctioris
2302 5303 2447 5367 vitae,
2483 5317 2591 5355 non
2625 5299 2939 5371 praestando
2983 5297 3263 5357 mandata,
3298 5306 3477 5351 trans-

193 5396 846 5468 ἐντολῶνιπαραόαίνων.
881 5397 991 5450 Καὶ
1024 5395 1307 5467 συντόμως
1344 5396 1541 5459 εἰπεῖν,
1585 5396 1614 5448 6
1652 5393 1777 5448 κατέ

1890 5394 2161 5465 greditur.
2204 5394 2407 5465 Atque,
2434 5402 2495 5448 ut
2529 5408 2742 5448 summa
2772 5391 2975 5455 dicam,
3005 5390 3098 5461 qui
3142 5405 3267 5444 cum
3299 5390 3385 5459 pie
3404 5399 3478 5451 ac

274 5579 335 5611 ἰ
360 5578 504 5635 Psal.
536 5581 623 5647 49,
660 5580 744 5635 56.
820 5582 866 5613 ’θ
891 5578 1132 5649 Soplion.
1163 5594 1199 5641 ι,
1231 5577 1281 5632 8.
1361 5580 1407 5611 ³⁰
1434 5578 1533 5633 lsa.
1578 5595 1657 5644 lli,
1694 5578 1775 5632 l7.

198 5779 345 5843 cum.
374 5744 710 5844 attendenda
758 5778 913 5819 incus
963 5772 1273 5825 auctorum.
1306 5759 1357 5815 ni
1399 5759 1523 5829 quis
1568 5761 1788 5831 gravius
1827 5776 2014 5817 errare
2081 5760 2241 5828 velit,
2304 5746 2573 5831 docetque
2614 5758 2731 5831 ipse
2778 5754 3045 5813 Maximus
3088 5754 3142 5809 in
3188 5750 3476 5821 suisDog‘

206 5842 439 5895 ηωιιιιε.
