4012 6430
171 378 310 461 1337

846 399 1181 460 CAPITUM
1221 397 1650 470 QUINQUIES
1688 397 2219 460 CENTENORUM
2258 398 2649 462 CENTURIA
2689 402 2784 464 IV.

3310 402 3448 469 1338

162 511 441 577 διακόψαι,
478 508 573 559 καὶ
616 508 891 579 μηδεμίαν
932 508 1131 563 διδόναι
1180 509 1463 563 τοσύνολον
1508 508 1640 580 ὒλης
1682 510 1751 579 τῇ

1879 510 2144 566 :liviorem
2176 512 2231 566 in
2260 528 2324 566 ea
2353 512 2523 567 animi
2552 512 2811 568 allectum
2840 529 2904 571 ac
2932 514 3217 572 libidinem
3246 533 3445 587 ampu-

161 600 315 669 ψυχῇ
344 599 646 667 φαντασίαν
681 617 695 630 ·
731 598 1055 671 σϐεσθείσης
1079 600 1181 671 ἠδη
1212 601 1291 671 τῷ
1326 600 1469 671 λόγῳ
1498 601 1600 670 τῆς
1628 600 1751 654 κατ’

160 693 365 763 ἀρχὰς,
396 692 488 745 τὸν
522 692 621 762 μὲν
652 691 812 759 λόγον
845 693 1271 763 παρωσαμένης,
1300 693 1400 765 τὴν
1442 693 1668 762 ἀλογίαν
1694 693 1753 747 δὲ

160 787 267 853 τῆς
297 784 491 854 ἡδονῆς
521 782 697 850 ὄφεως
726 782 885 855 δίκην
918 784 1251 855 έρπυστικοῦ
1280 785 1750 855 προσδεξαμένης,

160 876 493 946 αἰσθήσεως,
536 876 659 929 καθ’
695 870 766 948 ἧς
797 875 1011 948 ὡρίσθη
1045 877 1274 941 δικαίως
1308 879 1337 932 6
1378 876 1630 942 Θάνατος,
1666 878 1753 931 ἵνα

162 968 453 1035 παύσηται
479 966 557 1037 τῷ
592 952 830 1038 διαϐόλῳ
864 968 1001 1039 πρὸς
1039 968 1139 1041 τὴν
1178 968 1357 1041 ψυχὴν
1398 968 1753 1041 παρεχομένη

161 1058 271 1131 τὴν
300 1058 529 1112 εἴσοδον.

238 1241 335 1295 οδ’.
365 1242 481 1295 Μία
536 1242 861 1313 ὑπάρχουσα
909 1243 1053 1296 κατά
1111 1244 1176 1297 τδ
1216 1243 1375 1312 γένος
1401 1243 1436 1314 ἡ
1476 1242 1753 1313 αῐσθησις,

161 1333 579 1389 πενταπλοῦται
612 1338 723 1399 τοῖς
754 1335 944 1399 εἴδεσι,
973 1336 1062 1390 διὰ
1099 1337 1199 1405 τῆς
1238 1335 1362 1388 καθ’
1389 1335 1620 1389 ἕκαστον
1679 1327 1757 1387 εῖ-

161 1426 259 1490 δος
290 1426 686 1498 ἀπιληπτικῆς
737 1428 1043 1500 ἐνεργείας,
1102 1428 1164 1481 τὺ
1212 1428 1498 1499 προσφυὲς
1561 1426 1754 1499 αἰσθη-

162 1519 285 1581 τὸν,
319 1520 439 1573 ἀντὶ
472 1518 608 1573 θεοῦ
641 1520 890 1591 στέργειν
911 1520 1009 1591 τὴν
1040 1520 1401 1590 πλανωμένην
1425 1519 1604 1589 ψυχὴν
1626 1520 1758 1573 ἀνα-

164 1610 459 1666 πείθουσα.
502 1611 705 1685 Διόπερ
763 1614 792 1665 ό
829 1611 908 1682 τῷ
956 1612 1099 1681 λόγῳ
1132 1610 1312 1680 σοφῶς
1332 1611 1616 1679 ἑπόμενος,
1652 1609 1759 1679 πρὸ

173 1702 275 1755 τοῦ
310 1702 672 1772 βεϐιασμένου
698 1702 793 1755 καὶ
820 1702 973 1773 παρὰ
1001 1700 1230 1772 γνώμην
1265 1700 1521 1763 Θανάτου,
1544 1700 1635 1753 τὸν
1661 1700 1759 1753 θά-

166 1811 337 1848 νατον
358 1794 459 1863 τῆς
493 1793 696 1865 σαρκὸς
721 1793 987 1856 ἑκουσίως
1010 1791 1477 1861 καταψηφίζεται,
1503 1791 1597 1847 τὸν
1622 1792 1759 1862 πρὸς

1863 609 2000 666 teut,
2015 602 2332 674 nullamque
2354 606 2403 660 ei
2428 621 2655 677 prorsus
2678 620 3028 664 terrenorum
3052 608 3446 677 cogitationem

1860 692 2215 765 indulgeant;
2267 698 2539 754 exstincto
2580 701 2695 771 jam
2746 716 2845 771 per
2892 699 3166 755 rationem
3214 700 3448 769 ejusque

1860 785 2136 855 potentia,
2167 787 2262 856 qui
2298 788 2457 843 initio
2491 792 2743 847 submota
2780 792 3024 857 ratione,
3051 791 3352 861 voluptatis
3384 806 3448 845 ac

1860 874 2110 930 libidinis
2142 873 2361 932 brutam
2396 879 2741 937 affectionem
2781 882 3055 953 serpentis
3087 898 3242 937 more
3275 883 3447 952 repti-

1860 963 1950 1030 lis,
1980 980 2176 1021 sensus
2211 980 2554 1039 susceperat;
2596 972 2862 1031 adversus
2898 989 3064 1042 quem
3106 972 3302 1029 merito
3340 974 3449 1028 lata

1861 1058 2060 1112 mortis
2100 1060 2395 1128 sententia,
2432 1077 2543 1131 quo
2584 1064 2677 1118 ille
2713 1064 2934 1119 diabolo
2956 1064 3013 1119 in
3056 1064 3303 1119 animum
3343 1063 3451 1118 iter

1862 1149 2105 1219 pandere
2131 1150 2368 1208 desinat.

1935 1240 2021 1295 74.
2066 1239 2204 1295 Cum
2252 1257 2447 1298 sensus
2491 1243 2692 1299 unicus
2741 1245 2813 1300 sit
2856 1261 3085 1316 genere,
3122 1245 3452 1316 quintuplex

1862 1338 1947 1385 est
1969 1331 2175 1401 specie,
2200 1349 2303 1403 pro
2327 1336 2595 1405 cujusque
2622 1336 2823 1406 speciei
2856 1339 3229 1407 perceptione,
3254 1338 3452 1393 anima:

1864 1423 2106 1478 seducta:
2138 1433 2331 1479 auctor
2357 1427 2651 1492 exsistens,
2685 1437 2744 1483 ut
2776 1428 2875 1483 Dei
2909 1429 3032 1483 loco
3064 1430 3451 1499 amplectatur,

1864 1516 2011 1585 quod
2044 1516 2201 1572 alIine
2229 1534 2292 1572 ac
2321 1521 2663 1575 conveniens
2685 1521 2966 1589 objectum
2993 1536 3217 1576 sensum
3246 1528 3449 1575 movet.

1865 1607 2075 1662 Idcirco
2119 1609 2211 1677 qui
2261 1610 2562 1679 prudente;
2606 1612 2875 1666 rationem
2926 1612 3124 1666 ducem
3179 1611 3451 1682 sequitur,

1865 1700 2305 1768 antejviolenlam
2337 1710 2602 1772 extraque
2620 1703 2790 1756 animi
2814 1704 3170 1768 sententiam,
3196 1712 3453 1769 mortem,

1866 1801 2063 1863 sponte
2093 1808 2313 1849 carnem
2342 1796 2505 1850 morti
2536 1796 2766 1862 addicit,
2792 1796 3040 1852 animum
3069 1812 3101 1852 a
3132 1811 3298 1853 sensu
3326 1811 3455 1868 per-
3501 1832 3509 1849 ε

165 1885 431 1956 αἴσθησιν
479 1886 579 1958 τῆς
641 1885 867 1957 γνώμης
922 1884 1158 1954 παντελῆ
1209 1884 1535 1956 ποιούμενος
1592 1901 1759 1955 χωρι-

1879 1882 2007 1938 'cctu
2030 1881 2267 1944 divortio
2290 1899 2570 1954 separans.

170 1978 335 2048 σμόν.

244 2074 340 2123 σε’.
360 2067 614 2121 Λασοῦσα
643 2067 735 2122 τὸν
763 2066 890 2120 νοῦν
924 2069 957 2138 ἡ
986 2067 1251 2139 αἴσθησις
1283 2066 1601 2137 ὑποχείριον
1628 2106 1642 2128 ,
1675 2066 1759 2120 δι-

165 2159 365 2212 δάσκει
396 2159 678 2222 πολύθεον,
711 2160 779 2213 δι’
803 2159 1045 2230 ἑκάστης
1083 2159 1397 2231 αἰσθήσεως
1430 2161 1498 2228 τῇ
1534 2158 1665 2228 περὶ
1694 2158 1761 2211 τὰ

166 2250 327 2319 πάθη
377 2250 596 2322 δουλείᾳ
634 2251 714 2314 ώς
742 2250 887 2304 θεῖον
920 2250 982 2304 τὸ
1004 2250 1282 2321 προσφυὲς
1311 2247 1567 2319 αἰσθητὸν
1595 2248 1760 2320 θερα-

168 2357 441 2395 πευουσα.

244 2436 353 2494 og'.
389 2433 408 2450 ‘
458 2430 519 2485 ’0
554 2429 702 2502 μόνῳ
740 2430 820 2501 τῷ
852 2430 1146 2502 γράμματι
1184 2430 1287 2499 τῆς
1320 2429 1546 2501 Γραφῆς
1580 2445 1761 2499 παρα-

171 2523 512 2592 καθήμενος,
550 2524 719 2593 μόνην
763 2522 879 2593 ἔχει
909 2522 1008 2593 τὴν
1042 2522 1299 2593 αἰσθησιν
1327 2520 1638 2591 κρατοῦσαν
1660 2522 1762 2588 τῆς

173 2612 420 2681 φύσεως,
453 2613 575 2667 καθ’
611 2614 677 2683 ἢν
712 2616 746 2685 ἡ
777 2613 919 2684 πρὸς
946 2613 1047 2683 τὴν
1071 2613 1252 2681 σάρκα
1278 2612 1377 2682 τῆς
1421 2611 1599 2682 ψυχῆς
1641 2609 1765 2679 σχέ-

174 2720 268 2768 σις
301 2706 433 2776 μόνη
458 2705 843 2775 διαφαίνεσθαι
872 2704 1109 2773 πέφυκε.
1141 2704 1216 2757 Τὸ
1257 2703 1367 2774 γάρ
1418 2704 1653 2774 γράμμα
1689 2702 1764 2773 μὴ

171 2794 471 2863 νοούμενον
527 2794 941 2864 πνευματικῶς,
975 2793 1150 2865 μόνην
1207 2792 1322 2863 ἔχει
1364 2791 1465 2862 τὴν
1509 2791 1764 2863 αἴσθησιν

174 2883 633 2955 περιγράφουσαν
667 2882 838 2938 αὑτοῦ
862 2883 963 2955 τὴν
989 2881 1324 2952 ὲκφώνησιν,
1378 2882 1476 2935 καὶ
1521 2880 1596 2952 μὴ
1636 2896 1766 2950 συγ-

176 2975 475 3048 χωροῦσαν
500 2976 639 3048 πρὸς
658 2977 751 3030 τὸν
772 2975 900 3031 νοῦν
927 2975 1187 3047 διαϐῆναι
1214 2972 1323 3027 τῶν
1356 2972 1765 3043 γεγραμμένων

181 3069 291 3137 τὴν
320 3066 570 3137 δύναμιν.
600 3067 664 3120 Εί
694 3066 752 3119 δὲ
780 3066 921 3138 πρὸς
958 3066 1125 3137 μόνην
1161 3063 1260 3133 τὴν
1294 3063 1548 3135 αἴσθησιν
1572 3064 1682 3134 ἔχει
1710 3063 1767 3117 τὸ

1940 2059 2026 2119 75.
2051 2059 2286 2114 Addicto
2311 2076 2511 2115 sensus
2537 2060 2724 2116 animo
2751 2061 2969 2131 sibique
2999 2061 3311 2133 subjugato,
3336 2061 3462 2131 plu-

1869 2150 2013 2203 rium
2054 2166 2181 2204 eum
2223 2150 2454 2206 deorum
2497 2151 2837 2220 impietatem
2876 2153 3057 2218 docet,
3090 2151 3222 2206 dum
3264 2167 3461 2207 sensus

1868 2242 2136 2311 cujusque
2166 2256 2332 2311 opera
2364 2243 2657 2297 serviendo
2684 2243 2993 2311 aﬂ‘ectibns,
3020 2243 3169 2313 quod
3199 2252 3459 2313 agnatum

1868 2332 2068 2387 sensile
2095 2341 2180 2388 est
2204 2334 2359 2388 velut
2382 2334 2497 2389 fere
2524 2336 2739 2390 Numen
2767 2336 2918 2390 colit.

1941 2426 2028 2480 76.
2055 2424 2158 2492 Qui
2193 2426 2249 2480 in
2278 2426 2394 2481 sola
2426 2426 2727 2497 Scriptura:
2754 2428 2936 2482 littera
2968 2426 3314 2494 immoratur,
3336 2443 3461 2483 sen-

1869 2535 1991 2575 sum
2026 2520 2293 2575 duntaxat
2323 2529 2533 2575 natura:
2562 2521 2940 2575 dominantem
2976 2520 3164 2587 habet,
3197 2536 3309 2591 quo
3344 2520 3460 2575 sola

1868 2610 2039 2665 animi
2068 2610 2138 2665 ad
2162 2626 2386 2667 carnem
2411 2610 2633 2671 affectio
2663 2620 2829 2682 atque
2854 2612 3029 2667 libido
3054 2612 3273 2667 elucere
3298 2612 3463 2667 solet.

1870 2700 2079 2757 Littera
2126 2702 2275 2757 enim
2299 2744 2315 2769 ,
2350 2702 2458 2757 nisi
2508 2702 2837 2773 spiritaliter
2882 2703 3249 2774 intelligatur,
3285 2703 3465 2759 solum

1871 2810 2127 2861 sensum,
2163 2795 2313 2850 illius
2354 2795 2902 2851 circumscribentem
2940 2796 3334 2865 prolationem,
3362 2794 3465 2849 ha-

1871 2885 1985 2953 bet,
2015 2903 2118 2942 nec
2151 2887 2425 2943 sinentem
2459 2902 2653 2942 eorum
2685 2903 2808 2957 quae
2838 2888 3045 2956 scripta
3078 2895 3227 2951 sunt,
3255 2886 3367 2940 vim
3396 2884 3468 2940 ad

1872 2977 2119 3033 animum
2156 2978 2415 3033 transire.
2446 2978 2734 3048 Siquidem
2770 2978 2937 3048 igitur
2966 2977 3150 3032 littera
3187 2993 3315 3031 eum
3350 2976 3469 3031 solo

1872 3087 2038 3127 sensu
2065 3071 2537 3127 necessitudinem
2566 3071 2755 3136 habet,
2779 3069 3034 3140 quisquis
3061 3085 3129 3123 ex
3152 3069 3266 3123 sola
3295 3068 3472 3123 histo-

176 3159 421 3230 γράμμα
443 3158 543 3231 τὴν
566 3158 899 3230 οἰκειότητα,
932 3160 1041 3221 πᾶς
1074 3159 1102 3211 ό
1126 3156 1251 3213 καθ’
1294 3156 1540 3227 ἱστορίαν
1592 3156 1763 3227 μόνην

1879 3164 1971 3217 τίω
2007 3162 2221 3217 ratione
2254 3160 2481 3217 Judaice
2518 3161 2759 3217 litteram
2794 3159 3027 3230 accipit,
3058 3174 3127 3214 ex
3163 3158 3345 3213 carnis
3377 3174 3469 3213 ra-

191 3249 505 3313 Ἰουδαϊκῶς
531 3250 593 3304 τὸ
636 3251 875 3322 γράμμα
911 3249 1221 3320 δεχόμενος,
1258 3248 1402 3307 κατὰ
1449 3248 1629 3318 σάρκα
1675 3248 1766 3316 ζῇ,

1879 3253 2025 3308 tione
2060 3252 2227 3321 vivit,
2255 3253 2349 3324 qui
2385 3253 2596 3324 peccati
2632 3252 2883 3323 quotidie
2919 3260 3126 3317 morte,
3154 3251 3377 3305 vivente
3412 3249 3471 3305 in

179 3345 287 3412 τῆς
334 3342 606 3414 ἁμαρτίας
655 3342 777 3396 καθ’
808 3342 1050 3413 ἑκάστην
1095 3340 1311 3412 ἡμέραν
1342 3340 1433 3394 διὰ
1461 3340 1561 3411 τὴν
1589 3337 1769 3403 ζῶσαν

1879 3362 1940 3401 eo
1966 3355 2129 3416 atque
2150 3345 2369 3416 vigente
2399 3360 2587 3411 sensu,
2613 3345 2801 3399 animo
2824 3344 3121 3409 moriatur;
3147 3358 3258 3397 non
3282 3342 3473 3397 valens

180 3435 442 3506 αἴσθησιν
488 3434 789 3505 γνωμικῶς
827 3432 1193 3505 ἀποθνήσκων
1231 3433 1325 3487 τὸν
1379 3433 1635 3499 θάνατον,
1696 3432 1771 3504 μὴ

180 3527 489 3597 δυνάμενος
515 3524 784 3596 πνεύματι
810 3525 913 3588 τάς
948 3523 1179 3596 πράξεις
1202 3523 1515 3579 θανατῶσαι
1544 3523 1641 3577 τοῦ
1665 3523 1773 3576 σώ-

189 3635 388 3690 ματος,
432 3618 519 3671 ἵνα
568 3616 634 3689 ζῇ
670 3617 769 3686 τὴν
817 3617 877 3669 ὲν
925 3615 1198 3687 πνεύματι
1262 3615 1544 3687 μακαρίαν
1604 3615 1771 3685 ζωήν.

187 3712 262 3765 ει
295 3709 405 3778 τὰρ
436 3709 589 3763 κατὰ
631 3708 832 3776 σάρκα
861 3705 1015 3776 ζῆτε,
1039 3707 1298 3777 μέλλετε
1334 3706 1772 3774 ἀποθνήσκειν,

185 3801 361 3872 φησὶν
408 3801 439 3854 ὁ
493 3801 635 3865 θεῖος
688 3801 1047 3865 Ἀπόστολος·
1089 3802 1145 3853 ει
1192 3800 1263 3854 δὲ
1314 3801 1616 3870 πνεύματι,
1669 3799 1776 3865 τὰς

183 3894 439 3963 πράξεις
466 3895 587 3949 τοῦ.
599 3894 877 3964 σώματος
908 3893 1239 3949 θανατοῦτε
1268 3933 1282 3957 ,
1312 3891 1589 3959 ζήσεσθε.

264 3985 364 4050 οζ¹.
395 3985 487 4057 Μὴ
514 3986 691 4039 τοίνυν
717 3986 808 4039 τὸν
832 3986 980 4041 θεῖον
1021 3985 1238 4056 λύχνον,
1264 3986 1431 4056 ἧγουν
1483 3985 1574 4039 τὸν
1608 4002 1778 4055 φωτιο

185 4079 384 4133 στικὸν
433 4078 535 4148 τῆς
585 4078 841 4147 γνώσεως
869 4078 1026 4147 λόγον
1054 4080 1394 4142 ἀνάπτοντες
1418 4078 1507 4131 διά
1540 4078 1777 4149 θεωρίας

185 4173 293 4227 καὶ
322 4170 596 4241 πράξεως,
618 4170 725 4223 ὑπὸ
754 4171 845 4223 τὸν
878 4170 1061 4241 μόδιον
1082 4170 1361 4241 θήσωμεν,
1392 4170 1480 4224 ἵνα
1507 4169 1582 4241 μὴ
1610 4186 1780 4224 κατα-

187 4263 477 4337 κριθῶμεν
512 4263 588 4326 ώς
621 4264 1055 4334 περιγράφοντες
1106 4261 1186 4332 τῷ
1219 4262 1512 4332 γράμματι
1546 4260 1646 4332 τὴν
1678 4260 1780 4330 τῆς

188 4356 394 4425 σοφίας
427 4353 802 4424 ἀπερίληπτον
823 4353 1054 4424 δύναμιν
1080 4369 1095 4384 ·
1121 4354 1237 4407 ἀλλ’
1274 4354 1366 4406 ἐπὶ
1396 4352 1494 4423 τὴν
1518 4351 1742 4422 λυχνίαν
1764 4393 1780 4413 ,

188 4450 343 4517 λέγω
359 4447 456 4520 τὴν
479 4448 639 4516 ἁγίαν
671 4446 1023 4517 Ἐκκλησίαν,
1056 4447 1115 4499 ὲν
1144 4445 1222 4517 τῷ
1250 4445 1376 4515 ὕψει
1410 4445 1511 4514 τῆς
1544 4443 1779 4515 ἀληθοῦς

189 4541 455 4614 θεωρίας,
481 4541 617 4594 πᾶσι
658 4539 721 4593 τὸ
750 4539 866 4609 φῶς
893 4541 1003 4594 τῶν
1033 4538 1196 4593 θείων
1226 4538 1513 4609 δογμάτων
1536 4532 1780 4606 πυρσεύ-

188 4654 256 4690 ου
264 4650 384 4692 σαν.

269 4813 373 4886 οη’.
410 4815 470 4869 '0
521 4814 622 4876 τάς
662 4810 975 4884 προσϐολὰς
1002 4809 1113 4863 τῶν
1150 4809 1424 4863 ἀκουσίων
1459 4808 1789 4881 πειρασμῶν

188 4906 340 4961 κατά
360 4906 457 4960 τὸν
474 4905 745 4975 μακάριον
775 4902 897 4956 Ἰὼϐ
925 4901 1166 4963 καὶτοὺς
1192 4900 1479 4969 γενναίους
1500 4899 1788 4971 μάρτυρας

190 4996 581 5063 ἀκατασείστῳ
634 4994 818 5064 φέρων
878 4991 957 5063 τῷ
1000 4996 1357 5066 φρονήματι,
1403 4990 1595 5061 λύχνος
1640 4991 1789 5043 ἐστὶν

197 5086 447 5156 ἰσχυρὸς,
488 5085 899 5139 ἀκατάσϐεστον
922 5084 1017 5137 καὶ
1046 5083 1209 5146 αὐτὸς
1256 5081 1541 5151 φυλάττων
1570 5080 1631 5133 τὸ
1667 5079 1787 5149 φῶς

193 5177 305 5246 τῆς
337 5178 629 5248 σωτηρίας,
666 5179 723 5230 ἐν
752 5176 832 5247 τῷ
859 5176 1047 5247 τρόπῳ
1088 5177 1185 5245 τῆς
1216 5173 1364 5227 κατά
1410 5172 1511 5243 τὴν
1562 5172 1789 5243 ἀνδρίαν

197 5270 488 5340 ὑπομονῆς
540 5269 966 5340 φυλαττόμενον,
988 5267 1063 5332 ὡς
1109 5266 1200 5320 τὸν
1232 5266 1436 5339 Κύριον
1467 5267 1622 5336 ίσχὺν
1648 5264 1787 5335 ἔχων

198 5362 301 5418 καὶ
337 5362 591 5433 ὕμνησιν.
627 5363 686 5415 '0
715 5362 772 5416 δὲ
805 5361 1091 5429 γινώσκων
1116 5357 1212 5412 τοῦ
1245 5356 1486 5429 πονηροῦ
1510 5357 1578 5411 τά
1609 5373 1787 5427 μηχα-

196 5452 447 5523 νήματα,
474 5452 567 5504 καὶ
610 5452 708 5515 τὰς
765 5451 1087 5523 συμπλοκάς
1132 5448 1240 5502 τῶν
1284 5447 1506 5518 ἀφανῶν
1529 5447 1781 5518 πολέμων

200 5546 307 5599 οῦκ
336 5543 567 5612 ἀγνοῶν,
595 5543 688 5596 καὶ
712 5538 866 5607 οὗτος
892 5542 970 5614 τῷ
1015 5542 1156 5612 φωτὶ
1200 5542 1301 5612 τῆς
1330 5540 1589 5610 γνώσεως
1626 5557 1781 5612 περι-

1872 3439 2085 3495 scilicet
2108 3449 2266 3494 actus
2290 3439 2541 3508 corporis
2564 3438 2764 3508 spiritu
2791 3436 3149 3501 mortiﬁcare,
3172 3444 3234 3490 ut
3252 3436 3470 3490 beatam

1874 3528 1931 3582 in
1956 3527 2155 3598 spiritu
2180 3528 2350 3582 vitam
2375 3528 2523 3582 vivat
2554 3547 2566 3581 :
2597 3527 2655 3583 Si
2685 3530 2825 3583 enim
2847 3527 3136 3582 secundum
3159 3524 3328 3597 σω
3352 3540 3476 3579 car-

1874 3636 1993 3673 nem
2024 3620 2279 3682 vixet-itis,
2309 3619 2489 3690 inquit
2519 3619 2741 3675 divinus
2769 3619 3086 3689 Apostolus,
3116 3616 3419 3672 moriemini
3450 3632 3472 3672 :

1871 3708 1917 3760 si
1952 3715 2130 3762 autem
2159 3709 2351 3777 spiritu
2387 3717 2534 3763 actus
2568 3711 2802 3780 corporis
2838 3707 3307 3778 mortiﬁcaveritis,
3330 3709 3472 3762 vive-

1875 3799 1941 3853 tis
1968 3798 2037 3853 ³³.

1949 3977 2037 4030 77.
2058 3974 2139 4030 Ne
2168 3974 2335 4045 igitur
2359 3973 2601 4029 divinam
2632 3972 2917 4027 lucernam
2945 3970 3336 4042 (illustrantem
3365 3966 3474 4022 sei-

1874 4066 2005 4121 licet
2032 4066 2281 4121 scientiae
2310 4064 2643 4133 sermonem)
2672 4062 3157 4134 contemplationis
3184 4059 3470 4131 diligentia

1876 4174 1941 4212 ac
1980 4158 2218 4213 actionis
2255 4157 2646 4223 accendentes,
2685 4156 2789 4211 sub
2830 4155 3017 4209 modio
3056 4168 3347 4225 ponamus,
3379 4167 3470 4219 ne,

1878 4248 2031 4303 velut
2080 4247 2175 4320 qui
2224 4247 2509 4318 sapientiae
2552 4246 2663 4299 vim
2716 4244 3234 4314 incomprehensam
3284 4242 3473 4297 littera

1878 4341 2440 4408 eircumscribamus,
2474 4338 2847 4395 damnationis
2881 4339 2963 4393 rei
2998 4337 3334 4403 babeamur;
3373 4334 3475 4393 sed

1880 4452 2051 4507 super
2091 4433 2512 4498 candelabrum,
2549 4441 2794 4487 sanctam
2839 4431 3101 4487 nimirum
3147 4429 3475 4494 Ecclesiam,

1886 4529 1943 4583 in
1982 4527 2131 4582 celso
2166 4541 2311 4581 verte
2351 4524 2843 4595 contemplationis
2876 4524 3126 4595 fastigio,
3159 4522 3476 4577 divinorum

1812 4578 1863 4642 Β
1887 4621 2071 4677 lucem
2102 4618 2456 4677 decretorum
2490 4618 2665 4672 instar
2695 4616 2855 4672 factis
2889 4616 3108 4672 cunctis
3140 4616 3300 4686 longe
3333 4629 3475 4685 pra:-.

1881 4711 2153 4767 ferentem
2178 4710 2244 4764 “.

1955 4804 2041 4859 78.
2077 4800 2181 4869 Qui
2225 4798 2723 4855 involnntariarnm
2772 4796 3141 4854 tentationum
3185 4794 3473 4856 incursus,

1883 4893 2029 4949 haud
2083 4904 2246 4949 secus
2297 4906 2363 4945 ac
2416 4890 2775 4945 beatissimus
2816 4887 2922 4942 Job
2976 4901 3041 4940 ac
3100 4880 3479 4944 strenuissimi

1884 4992 2187 5056 martyres,
2218 4983 2549 5037 inconcusso
2582 4980 2794 5052 perfert
2825 4976 3040 5056 animo,
3068 4974 3297 5028 lucerna
3332 4986 3475 5040 pra:-

1887 5054 2085 5151 potens
2112 5083 2217 5143 est,
2241 5074 2337 5145 qui
2363 5088 2420 5130 et
2446 5074 2564 5145 ipse
2596 5054 2989 5127 inexstincfuin
3015 5075 3307 5121 conservet
3331 5064 3479 5117 salu-

1890 5170 1959 5225 tis
1989 5169 2209 5232 lumen,
2243 5166 2392 5236 quod
2426 5165 2483 5220 in
2514 5165 2694 5219 virilis
2730 5160 3012 5232 patientiae
3048 5157 3213 5211 modo
3249 5170 3476 5210 conser-

1887 5274 2079 5329 vatur;
2109 5262 2263 5316 velut
2292 5259 2507 5315 scilicet
2538 5256 2835 5312 Dominum
2872 5252 3045 5307 robur
3080 5258 3277 5304 nactus
3308 5254 3479 5315 atque

1887 5356 2163 5412 canticum
2185 5356 2250 5407 ³⁸.
2277 5354 2379 5421 Qui
2410 5360 2595 5407 autem
2622 5347 2947 5420 nequissimi
2979 5354 3129 5403 artes
3158 5351 3481 5415 perspectas.

1892 5449 2087 5514 habet,
2120 5464 2225 5504 nec
2258 5444 2620 5501 invisibilium
2653 5442 2971 5513 prazliorum
3004 5451 3336 5509 congressus
3372 5450 3476 5489 neq

1890 5541 2023 5605 scit;
2059 5540 2151 5595 hic
2174 5552 2395 5610 quoque
2422 5535 2667 5591 scientia:
2692 5534 2813 5588 luce
2844 5532 3217 5597 collustratus,
3245 5528 3477 5587 lucerna

283 5682 329 5716 ⁸³
359 5683 517 5739 Rom.
546 5702 658 5749 vni,
690 5686 776 5741 15.
853 5684 898 5717 ⁸⁸
924 5686 1113 5741 Matth.
1143 5702 1195 5751 ν,
1228 5685 1309 5738 15.
1390 5683 1434 5715 ³⁸
1463 5682 1507 5736 ιι
1534 5680 1666 5751 Reg.
1698 5697 1764 5735 xx

1879 5681 1915 5747 Ξ,
1948 5680 2016 5748 3;
2058 5680 2263 5737 Jcrem.
2298 5692 2406 5746 xw,
2447 5673 2547 5743 19;
2580 5672 2720 5731 Psal.
2755 5686 2876 5738 Lxx,
2902 5669 2956 5738 6,
2989 5670 3041 5724 7.

285 5801 304 5821 ‘
339 5798 585 5875 Thalass.
616 5814 669 5869 q.
700 5798 785 5853 65.
