4108 6434
523 363 667 436 i339
1707 366 1768 426 S‘.
1809 367 2096 428 M‘AXI‘M‘I
2128 367 2648 429 CONFESSORIS‘
3652 353 3795 424 1341)

523 484 640 546 alia.
664 479 886 546 claruit,
917 478 1044 551 pari
1074 478 1189 535 fere
1227 493 1426 549 magno
1461 477 1728 549 Apostolo
1765 479 1980 536 ratione
2019 480 2104 536 lo-
2135 487 2172 542 Α

2273 479 2560 551 ημπόμενος
2589 521 2605 546 ,
2651 479 2811 543 ἄλλος
2874 477 3082 552 πέφηνε
3152 476 3377 549 λύχνος,
3430 474 3510 546 τῷ
3569 474 3796 546 μεγάλῳ

525 590 702 656 quens
725 589 740 628 :
767 571 892 632 Non.
913 573 1054 626 enim
1082 573 1393 643 ignoramus
1420 571 1760 642 cogitationes
1792 572 1906 643 ejus
1928 572 1994 627 ³⁸.

2273 571 2530 642 ,ποστόλῳ
2556 571 2949 644 προσηκόντως
2976 569 3373 642 φθεγγόμενος,
3406 571 3491 624 οὐ
3543 568 3653 638 τὰρ
3683 570 3798 623 αὺ-

2205 660 2310 720 τοῦ
2339 661 2412 716 τὰ
2437 661 2709 732 νοήματα
2730 661 3093 732 ἀγνοοῦμεν.

600 750 691 806 79.
736 748 835 804 His
881 747 1106 818 quidem
1158 745 1252 815 qui
1307 745 1458 816 digni
1510 746 1781 806 virtutum
1835 743 2109 804 munditia

2280 753 2380 806 oit'.
2414 753 2526 823 Τὴν
2558 752 2658 823 μὲν
2686 752 2958 822 κάθαρσιν
3002 755 3118 817 τοῖς
3145 752 3321 819 ἀξίοις
3357 751 3470 822 τῆς.
3502 749 3615 804 τῶν
3664 748 3802 819 άρε-

531 846 693 903 sunt,
727 837 990 908 Spiritus,
1017 843 1242 890 sanctus
1273 850 1371 904 per
1405 835 1658 888 timorem
1683 841 1739 888 et
1764 835 2028 904 pietatem
2053 842 2112 890 et

2273 844 2319 898 ὃν
2351 844 2746 916 καθαρότητος,
2781 845 2883 900 διάη
2905 843 3076 915 φόϐου
3099 843 3195 898 καὶ
3223 842 3518 908 εὐσεϐείας·
3541 841 3636 896 καὶ
3659 840 3805 908 γνὼ-

535 929 842 994 seientiam,
889 924 1340 981 emundationem
1382 924 1742 1005 przebet.‘ilis
1785 933 1972 980 autem
2016 925 2113 996 qui

2273 951 2354 998 ως
2380 936 2622 994 ποιεῖται
2645 935 2707 988 τὸ
2725 935 2951 1004 Πνεῦμα
2965 934 3036 994 τὸ
3073 935 3280 1003 ἅγιον·
3307 933 3398 986 τὸν
3425 932 3482 986 δὲ
3514 929 3808 1000 φωτισμὸν

536 1021 687 1092 digni
715 1021 836 1075 luce
865 1017 1446 1088 sunt,noscendarum
1476 1019 1916 1080 ἰιιιιειηιιὶοῐιθιῐι,
1928 1035 2113 1081 rerum

2273 1025 2314 1094 ig
2338 1023 2450 1077 τῶν
2480 1023 2650 1077 όντων
2685 1024 2808 1077 καθ’
2836 1024 2930 1088 οὓς
2965 1024 3274 1095 ὑπάρχουσι
3298 1023 3494 1091 λόγους
3520 1020 3805 1090 γνώσεως,

536 1109 840 1186 secundum
873 1124 966 1164 eas
996 1107 1199 1178 quibus
1231 1108 1502 1164 exsistunt
1534 1110 1803 1174 rationes,
1826 1125 1924 1184 per
1955 1109 2118 1171 forti-

2273 1111 2494 1183 ’ἰσχύος
2535 1112 2632 1166 καὶ
2675 1111 2872 1183 βουλῆς
2917 1113 3016 1166 καὶ
3077 1111 3347 1175 συνέσεως
3389 1111 3648 1183 δωρεῖται
3687 1110 3810 1169 τοῖς

539 1204 795 1268 tudinem
828 1211 886 1258 et
923 1201 1216 1263 consilium
1260 1210 1317 1257 et
1357 1202 1770 1274 intelligentiam
1821 1202 2007 1257 donat.
2048 1203 2121 1258 Iis

2273 1203 2402 1271 Ξίοις.
2423 1202 2600 1272 φωτύς
2635 1218 2649 1232 ⁸
2676 1203 2867 1274 τὴνιδὲ
2890 1203 3231 1275 τελειότητα,
3259 1203 3349 1258 διὰ
3373 1205 3474 1274 τῆς
3502 1199 3809 1270 παμφαοῦς

457 1347 462 1360 ,
539 1293 779 1362 denique
817 1292 922 1362 qui'
951 1289 1103 1362 digni
1141 1298 1270 1346 sunt
1306 1290 1674 1354 deiﬁcatione,
1712 1307 1810 1361 per
1843 1292 2120 1352 lucidissi-

2273 1294 2318 1346 ι).
2366 1291 2543 1363 ἁπλῆς
2595 1291 2708 1350 καὶ,
2731 1293 3056 1364 ὁλοσχεροῦς
3102 1295 3298 1364 σοφίας
3354 1291 3647 1364 χαρίζεται
3692 1291 3812 1350 τοῖς

541 1399 684 1438 mam
712 1382 1129 1453 simplicemque
1153 1397 1214 1443 ac
1242 1382 1462 1436 totalem
1489 1381 1810 1452 sapientiam
1835 1383 2128 1453 perfectio-

542 1489 668 1530 nem
711 1474 961 1544 largitur,
993 1473 1060 1526 ad
1106 1487 1292 1526 rerum
1336 1488 1433 1527 eos
1468 1473 1765 1528 Auctorem
1811 1474 2127 1529 immediate

2273 1475 2424 1538 ὒτοὺς
2447 1474 2648 1543 ἀνάγον
2678 1474 2820 1528 κατὰ
2847 1475 3028 1530 πάντα
3059 1475 3282 1546 τρόπον,
3314 1477 3393 1538 ὡς
3429 1473 3578 1527 εστιν
3602 1471 3811 1540 ἀνθρὼ-

543 1565 703 1621 omni
733 1565 918 1631 modo,
953 1564 1132 1634 quoad
1174 1564 1390 1622 homini
1427 1579 1750 1620 concessum
1788 1576 1891 1642 est,
1924 1565 2127 1620 subve-

2273 1582 2317 1634 ῳ
2368 1564 2610 1630 δυνατὸν,
2650 1565 2716 1618 ὲκ
2763 1565 2942 1636 μόνων
2984 1565 3093 1620 τῶν
3135 1566 3303 1624 θείων,
3329 1565 3445 1634 τῆς·
3468 1564 3812 1633 άγαθότητος

545 1657 714 1722 hens;
750 1657 844 1726 qui
881 1672 949 1710 ex
987 1655 1118 1709 solis
1159 1656 1363 1711 divinis
1402 1655 1666 1711 bonitatis
1701 1657 2131 1734 proprietatibus

2273 1655 2538 1725 ῖιωμάτων
2591 1655 3066 1728 γνωριζομένους,
3099 1657 3219 1713 καθ’
3275 1659 3342 1728 ἢν
3390 1659 3456 1711 ὲκ
3505 1655 3645 1709 Θεοῦ
3711 1653 3812 1724 μὲν

547 1758 848 1803 noscantur
874 1765 886 1800 :
919 1763 1026 1816 qua
1056 1747 1319 1800 nimirum
1349 1762 1408 1802 se
1435 1763 1503 1801 ex
1530 1747 1643 1802 Deo
1669 1763 1846 1817 exque
1872 1763 1932 1803 se
1955 1749 2128 1802 Deum

2273 1750 2478 1813 zumbc,
2512 1749 2576 1817 ἐξ
2614 1749 2824 1806 ἑαυτῶν
2873 1750 2930 1806 δὲ
2973 1751 3336 1822 γινώσκοντες
3385 1751 3479 1806 τὸν
3509 1748 3676 1813 Θεὸν,
3710 1748 3813 1800 οὐκ

551 1839 655 1910 ipsi
689 1847 1108 1910 cognoscentes,
1136 1837 1288 1892 nullo
1335 1837 1614 1893 dividente
1648 1837 1830 1892 medio
1869 1854 1933 1893 ac
1965 1838 2134 1892 inter-
2165 1827 2172 1882 1

2273 1859 2390 1904 ντος
2418 1841 2564 1905 τινὸς
2597 1841 2764 1912 μέσου
2785 1843 3210 1914 διατειχίζοντος
3236 1859 3251 1875 ο
3283 1841 3616 1913 σοφίας-γὰρ
3647 1840 3816 1910 μέσον

551 1931 806 1987 eludente
848 1929 1079 2000 (nullum
1116 1931 1266 1985 enim
1311 1930 1637 1999 sapientiam
1677 1930 1818 1984 inter
1858 1946 1922 1985 ac
1957 1932 2130 1986 Deum

2273 1933 2388 1986 ὑδὲν
2419 1933 2555 2003 πρὸς
2579 1933 2733 1989 Θεόν⁹
2769 1935 2871 2006 τὴν
2899 1935 3264 1989 ἀναλλοίωτον
3277 1935 3495 2001 ἕξουσιν
3520 1930 3817 2004 άτρεψίαν.

553 2021 846 2093 medium),
874 2021 1042 2082 nullis
1061 2022 1354 2077 obnoxiam
1383 2021 1740 2077 varietatibus
1773 2022 2135 2078 immutabili-

2273 2022 2348 2078 ῶν
2407 2023 2586 2093 μέσων
2625 2024 2809 2088 αὐτοῖς
2849 2025 3050 2090 ὑλικῶς
3085 2026 3306 2081 πάντων
3341 2023 3734 2087 διαϐαθέντων,
3759 2024 3821 2076 ἐν

555 2123 724 2169 tatem
752 2113 1058 2180 habebunt;
1092 2114 1307 2168 cunctis
1335 2114 1550 2169 scilicet
1575 2113 1774 2169 mediis
1804 2131 1871 2170 ex
1905 2124 2019 2171 toto
2053 2115 2134 2171 eis

2273 2107 2322 2178 ῖς
2350 2113 2598 2186 ὑπῆρχεν
2628 2117 2658 2170 ὁ
2694 2119 2822 2187 περὶ
2845 2117 2945 2189 τὴν
2969 2118 3174 2188 γνῶσίν
3206 2135 3335 2172 ποτε
3360 2117 3457 2172 τοῦ
3483 2113 3836 2186 σφάλλεσθαι,

555 2205 864 2276 superatis,
903 2205 958 2258 in
995 2204 1198 2274 quibus
1239 2211 1299 2257 ut
1336 2205 1391 2258 in
1430 2205 1680 2271 scientia,
1709 2222 1776 2261 ne
1805 2205 2138 2275 quandoque

2273 2203 2505 2268 ιίνδυνος.
2538 2206 2697 2260 Μέσα
2736 2206 2793 2260 δὲ
2832 2209 3008 2275 καλεῖ,
3044 2210 3145 2280 τὴν
3185 2209 3295 2263 τῶν
3327 2208 3536 2279 νοητῶν
3571 2207 3670 2260 καὶ
3711 2203 3822 2257 τῶν

557 2313 716 2352 error
750 2298 1062 2366 obreperet,
1097 2295 1406 2365 periculum
1451 2295 1560 2356 illis
1595 2296 1934 2358 vertebatur.
1968 2296 2140 2352 Porro

2273 2295 2515 2366 μίσθητῶν
2539 2296 2748 2365 οὐσίαν,
2770 2298 2836 2352 δι’
2861 2293 2936 2354 ὧν
2953 2300 3091 2371 πρὸς
3121 2301 3254 2355 Θεὸν
3275 2299 3350 2365 ὡς
3383 2298 3564 2354 αἰτίαν
3591 2295 3703 2351 τῶν
3722 2296 3815 2349 ὃν,

559 2387 738 2448 media
763 2395 1153 2454 vocat,,rerum
1179 2403 1300 2456 qua:
1331 2387 1800 2467 intelliguntunae
1828 2403 1950 2456 qua:
1975 2401 2139 2442 sensu

2275 2403 2372 2450 ων,
2407 2389 2435 2440 ὁ
2465 2387 2806 2460 ἀνθρώπινος
2838 2395 2963 2457 νοῦς
3005 2393 3306 2462 ἀνάγεσθαι
3339 2392 3573 2461 πέφυκε.

561 2479 948 2549 percipiuntur
991 2477 1380 2547 substantiam,
1408 2479 1613 2550 quibus
1649 2479 1705 2533 in
1740 2479 1912 2541 Deum
1950 2484 2012 2531 ut
2050 2490 2248 2536 rerum
2290 2486 2575 2535 auctorem
2636 2483 2871 2552 provehi
2937 2483 3191 2544 humana:
3258 2491 3472 2539 natura:
3535 2493 3824 2549 compara-

563 2580 680 2625 tum
709 2579 814 2627 est.

636 2661 726 2716 80.
765 2662 898 2730 Quae
943 2664 1132 2719 studet
1171 2663 1375 2719 actioni
1419 2663 1822 2734 philoSOphiam
1869 2660 2147 2724 efﬁciunt,

2320 2670 2394 2723 τε.
2426 2665 2538 2735 Τὴν
2570 2666 2669 2737 sti-aa
2699 2668 3012 2739 πρακτικὴν
3050 2666 3405 2737 φιλοσοφίαν,
3437 2663 3638 2736 φόϐος,
3667 2661 3828 2714 εὐσέ-

566 2753 959 2822 timor,pietas
989 2763 1044 2808 et
1077 2755 1307 2808 scientia
1343 2771 1356 2807 :
1391 2753 1696 2807 naturalem
1728 2751 1889 2822 605
1920 2765 2052 2806 vero
2088 2751 2145 2805 in

2273 2751 2374 2808 ἱειά
2407 2771 2472 2812 τε,
2495 2756 2590 2813 καὶ
2621 2755 2822 2825 γνῶσις
2851 2756 3180 2828 ἐργάζονται
3203 2769 3220 2788 ⁸
3257 2755 3357 2828 τὴν
3387 2755 3446 2809 δὲ
3477 2753 3718 2824 φυσικὴν
3766 2753 3842 2802 ἐν.

568 2843 766 2914 spiritu
789 2844 1221 2914 speculationem
1244 2853 1524 2919 praestant,
1548 2843 1832 2909 fortitudo,
1854 2841 2150 2898 consilium

2273 2846 2802 2919 ινεύματιθεωρίαν,
2837 2849 2992 2920 ίσχὺς
3020 2851 3115 2908 καὶ
3144 2848 3420 2921 βουλὴκαὶ
3443 2845 3664 2908 σύνεσις
3691 2860 3829 2898 κατ⁸

567 2942 627 2988 et
656 2933 972 2988 intellectus
1001 2952 1022 2988 :7
1050 2934 1336 3006 mysticam
1371 2933 1612 3010 denique
1646 2931 2017 3004 theologiam,
2036 2930 2153 2988 sola

2273 2938 2468 3012 ιρθοῦσι
2503 2956 2518 2972 ο
2554 2939 2656 3012 τὴν
2705 2940 2774 2999 δὲ,
2815 2942 3088 3014 μυστικὴν
3153 2941 3458 3011 θεολογίαν,
3487 2937 3653 3006 σοφία
3711 2935 3832 2992 θεία

570 3023 758 3083 divina
787 3023 1056 3094 sapientia
1084 3023 1347 3094 iargitun

2273 3033 2394 3104 ιόνη
2429 3033 2734 3106 χαρίζεται.

2225 1382 2398 1448 ἀξίοις
2415 1381 2687 1448 θεὼσεως,
2723 1382 2859 1453 πρὸς
2884 1383 2985 1453 τὴν
3013 1383 3124 1438 τῶν
3155 1385 3326 1438 ὄντων
3357 1383 3557 1442 αἰτίαν.
3578 1380 3813 1450 άμέσως
3925 1375 3932 1379 ’

642 3114 732 3169 8i.
767 3113 1242 3182 Quemadmodum
1287 3115 1418 3169 lteri
1448 3129 1560 3175 non
1602 3120 1811 3184 potest,
1843 3120 1901 3167 ut
1945 3112 2155 3188 absque
2185 3112 2223 3121 '
2256 3131 2272 3141 ’

572 3205 700 3261 oleo
722 3205 949 3263 lucerna
977 3207 1304 3263 inexstincta
1331 3215 1613 3272 servetur;
1646 3205 1726 3261 sic
1751 3221 1932 3276 neque
1956 3215 2016 3260 ut
2037 3205 2157 3261 sine

575 3295 794 3362 habitu,
830 3298 1289 3353 convenient-ibus
1327 3309 1438 3353 tum
1483 3297 1788 3352 rationibus
1825 3305 1942 3351 tum
1980 3296 2159 3352 modis

578 3388 967 3459 moribusque,
994 3390 1280 3460 sensisque
1313 3406 1378 3446 ac
1405 3387 1835 3461 cogitationibus
1871 3387 2158 3461 congruis,

577 3494 702 3548 qua:
732 3479 962 3536 honesta
996 3490 1157 3548 sunt,
1189 3481 1514 3537 confovente
1545 3496 1609 3536 ac
1643 3480 1962 3547 nutriente,
1982 3480 2160 3539 dono.-

580 3584 705 3624 rum
745 3571 929 3626 lumen
976 3569 1362 3627 inexstinetum
1399 3569 1763 3624 custodiatur.
1799 3568 1971 3625 Omne
2013 3569 2162 3627 enim

581 3661 829 3731 spiritale
875 3662 1120 3732 donum,
1159 3661 1511 3719 conrenienti
1555 3670 1720 3734 atque
1766 3661 1914 3718 amni
1959 3663 2166 3734 indiget

584 3753 797 3822 habitu,
819 3739 930 3825 quo
955 3757 1106 3811 velut
1131 3757 1333 3822 oleum,
1354 3757 1560 3828 iugiter
1581 3757 1632 3812 ei
1655 3756 1722 3811 ad
1747 3755 2164 3826 intelligendum

586 3842 818 3897 materia
855 3843 1208 3910 infundatur,
1237 3854 1298 3899 ut
1330 3860 1430 3913 pro
1463 3845 1584 3916 ejus
1614 3843 1708 3913 qui
1743 3844 1940 3914 recipit
1973 3843 2166 3898 habitu

587 3933 807 3989 ﬁrmum
837 3943 1055 4001 maneat
1080 3950 1144 3989 ac
1174 3943 1445 3994 teneatur.

661 4023 750 4077 82.
775 4023 1245 4091 Quemadmodum
1275 4025 1391 4080 ﬁeri
1425 4041 1536 4079 non
1565 4033 1748 4096 potest
1773 4034 1833 4080 ut
1855 4023 1972 4078 sine
2001 4023 2165 4092 oliva,

588 4129 780 4169 verum
811 4123 1005 4172 natura
1030 4131 1095 4170 ac
1123 4115 1420 4186 genuinum
1452 4117 1634 4170 oleum
1662 4131 1893 4189 usquam
1925 4116 2170 4175 invenia-

592 4215 712 4273 tur;
754 4207 841 4260 vel
881 4215 942 4261 ut
983 4208 1102 4263 sine
1138 4223 1266 4263 vase
1307 4209 1557 4285 capiente
1598 4207 1780 4263 oleum
1821 4207 2171 4267 contineatur

591 4307 758 4368 atque
781 4307 1063 4365 servetur;
1093 4315 1156 4355 ac
1184 4301 1344 4379 plane
1375 4300 1449 4354 ita
1473 4301 1640 4356 rebus
1665 4308 2040 4369 comparatum
2064 4307 2168 4366 est,

2329 3133 2442 3182 πα’.
2477 3129 2691 3200 Ὠσπερ
2722 3129 2906 3184 ἐλαίου
2927 3128 3122 3200 χωρὶς,
3144 3125 3411 3182 ἄσϐεστον
3437 3121 3848 3194 διατηρηθῆναι,

2257 3216 2454 3288 λύχνον
2498 3220 2816 3292 ἀμήχανον,
2847 3220 3024 3286 οὕτως
3063 3219 3234 3285 ἕξεως
3264 3215 3467 3289 χωρὶς.
3504 3212 3844 3285 προεοόροις-

2259 3310 2354 3369 καὶ
2381 3309 2562 3379 λόγοις
2593 3313 2687 3366 καὶ
2708 3313 2933 3380 τρόποις
2961 3312 3056 3366 καὶ
3088 3311 3266 3383 τιθεσι,
3295 3307 3534 3381 νοήμασί
3561 3323 3621 3360 τε
3654 3302 3720 3360 αὖ
3742 3306 3849 3364 καὶ.

2259 3401 2541 3474 λογισμοῖς
2591 3407 2704 3468 τοῖς
2749 3403 3053 3475 καθήκουσι
3093 3403 3163 3456 τὰ
3203 3401 3344 3456 καλὰ
3389 3398 3793 3470 διατρεφούσης
3817 3439 3830 3457 .

2263 3495 2526 3549 ἄσϐεστον
2536 3495 2888 3571 ,φυλαχθῆναι
2917 3496 2980 3560 τὸ
3001 3494 3121 3568 φῶς,
3147 3493 3260 3552 τῶν
3295 3492 3658 3568 χαρισμάτων
3691 3493 3836 3565 ἀμή-

2262 3606 2445 3660 χανον.
2477 3592 2594 3646 Πᾶν
2642 3590 2752 3664 γάρ
2791 3590 3046 3662 χάρισμα
3097 3588 3472 3660 πνευματικὸν
3523 3585 3836 3658 προσφυοῦς

2265 3679 2456 3752 χρῄζει
2481 3681 2584 3752 τῆς
2617 3680 2803 3748 ἕξεως,
2839 3680 3134 3744 ἀπαύστως
3162 3677 3490 3749 ὲπιχεοόσης
3524 3674 3673 3745 αὐτῷ
3705 3673 3835 3733 καθ-

2267 3772 2409 3844 άπερ
2464 3772 2643 3826 ἔλαιον
2684 3774 2793 3844 τὴν
2841 3773 2973 3843 ὓλην
3018 3771 3117 3843 τὴν
3162 3769 3394 3840 νοεράν,
3441 3768 3530 3822 ἵνα
3589 3766 3836 3837 διαμείνῃ

2267 3866 2410 3917 κατὰ
2440 3863 2538 3936 τὴν
2563 3863 2679 3929 ἕξιν
2709 3864 2803 3918 τοῦ
2835 3863 3130 3934 δεξαμένου
3164 3860 3559 3933 κρατούμενον.

2341 4043 2456 4114 πβθ.
2488 4042 2704 4113 Ὠσπερ
2733 4039 2920 4102 ἐλαίας
2950 4038 3144 4112 χωρὶς,
3175 4038 3277 4091 οὐκ
3305 4036 3452 4090 ἔστιν
3471 4033 3729 4104 οὐδαμῶς
3749 4031 3835 4085 εὖ»

2273 4139 2388 4210 ρεῖν
2418 4134 2581 4206 φύσει
2611 4134 2731 4188 κατ’
2758 4132 3020 4205 ἀλήθειαν
3037 4133 3264 4202 γνήσιον
3291 4129 3468 4182 ἔλαιον
3502 4144 3518 4160 ο
3554 4127 3758 4196 ἄγγους
3782 4123 3836 4178 δὲ

2273 4231 2398 4301 δίχα
2427 4227 2748 4301 κρατεῖσθαι
2783 4225 2876 4280 τοῦ
2909 4223 3199 4296 δεχομένου
3225 4222 3286 4276 τὸ
3313 4220 3492 4274 ἔλαιον
3511 4219 3584 4273 οὐ
3600 4216 3836 4271 δυνατόν’

2274 4322 2440 4392 ἐλαίῳ
2468 4321 2524 4375 δὲ
2555 4320 2629 4391 μὴ
2661 4318 2998 4390 τρεφόμενον
3035 4315 3322 4369 σϐέννυται
3363 4313 3583 4374 πάντως
3615 4309 3677 4363 τδ
3719 4307 3839 4377 λυχ-

593 4401 656 4446 nt
687 4391 834 4461 quod
869 4391 990 4446 oleo
1023 4408 1129 4447 non
1162 4393 1406 4447 nutritur
1435 4392 1673 4448 lucernae
1707 4392 1918 4455 lumen,
1945 4391 2170 4446 omnino

2275 4391 2446 4468 νιαῖαν
2477 4411 2616 4482 φῶς·
2653 4410 2795 4463 οὕτω
2824 4407 2932 4462 τῶν
2959 4405 3130 4474 ἁγίων
3151 4403 3386 4475 Γραφῶν
3406 4402 3595 4472 χωρὶς,
3617 4399 3719 4452 οὐκ
3736 4399 3840 4451 ἔστι

591 4483 1017 4554 exstinguatur:
1062 4484 1141 4539 sic
1175 4486 1380 4554 absque
1418 4484 1622 4540 divinis
1667 4483 1998 4556 Scripturis,
2030 4484 2172 4541 nulla

2275 4505 2421 4560 κατὰ⁷
2501 4502 2760 4573 ἀλήθειαν
2831 4500 3065 4572 δύναμις
3139 4496 3427 4568 νοημάτων
3493 4490 3837 4562 θεοπρεπὴς·

596 4592 726 4632 vere
749 4577 938 4631 divina
967 4591 1254 4634 sensorum
1298 4575 1382 4631 vis
1413 4591 1478 4632 ac
1520 4575 1781 4649 majestas
1809 4575 2047 4638 exsistit,
2079 4591 2172 4631 nec

2275 4600 2441 4664 ἕξεως
2469 4597 2527 4651 δὲ
2560 4595 2705 4666 δίχα,
2735 4594 2990 4663 καθάπερ
3024 4591 3226 4661 ἄγγους
3257 4586 3544 4659 νοημάτων
3566 4581 3843 4645 δεκτικοῦ,

596 4667 718 4721 sine
747 4666 961 4731 habitu,
987 4681 1098 4736 quo
1131 4666 1280 4720 velut
1308 4681 1436 4721 vase
1471 4665 1560 4719 illa
1597 4666 2006 4728 contineantur,
2034 4663 2179 4718 divi-

598 4774 705 4812 nus
737 4773 967 4828 usquam
1003 4766 1305 4828 conceptus
1332 4757 1587 4818 consistit
1615 4774 1628 4810 :
1661 4772 1727 4811 ac
1756 4765 2038 4827 postremo
2071 4754 2178 4810 nisi

598 4849 747 4919 quod
777 4850 832 4904 in
859 4850 1021 4906 donis
1046 4849 1289 4913 scientia:
1318 4856 1504 4905 lumen
1537 4857 1642 4913 est,
1670 4847 1873 4920 divinis
1907 4846 2179 4919 ejusmodi

601 4941 777 4996 sensis
805 4957 869 4997 ac
893 4943 1254 5012 conceptibus
1281 4942 1587 5007 nutriatur,
1602 4941 1691 4996 his
1717 4942 1808 5016 qui
1839 4941 1934 4996 illo
1963 4938 2182 5014 praediti

603 5029 714 5089 sint
731 5069 745 5096 ,
774 5031 1612 5106 inexstinctunghaudquaquam
1639 5029 1932 5084 exstiterit.

673 5121 764 5179 85.
789 5121 1000 5177 Olivam
1029 5139 1150 5192 qua:
1172 5139 1201 5177 a
1227 5121 1465 5178 sinistris
1485 5122 1550 5188 ³⁷,
1573 5122 1745 5178 Vetus
1768 5120 2182 5179 Testamentum

604 5213 914 5286 signiﬁcare
949 5215 1235 5279 existimo,
1269 5222 1330 5269 ut
1359 5213 1508 5284 quod
1540 5211 1945 5284 philosonhiam
1981 5209 2180 5264 actioni

605 5304 919 5360 studentem
961 5305 1144 5376 magis,
1171 5313 1330 5360 curet
1367 5321 1380 5358 :
1421 5319 1544 5374 qua:
1582 5311 1766 5357 autem
1813 5317 1843 5356 a
1885 5299 2091 5355 dextris
2111 5299 2177 5364 ³³,

606 5393 820 5450 Novum
852 5394 1283 5459 Tcstamentum,
1311 5394 1460 5464 quod
1492 5409 1693 5448 novum
1727 5391 2045 5462 mysterium
2077 5389 2178 5444 do-

471 5528 473 5532 ι
536 5555 540 5558 η
608 5495 752 5555 ccat,
781 5502 846 5543 ac
877 5487 972 5558 qui
1005 5488 1061 5542 in
1091 5487 1322 5558 singulis
1356 5485 1597 5541 fidelium
1629 5494 1731 5547 est,
1762 5481 2009 5536 habitum
2044 5495 2179 5535 con-

612 5577 990 5646 templationis
1015 5576 1230 5634 efﬁciat.
1261 5576 1400 5632 lilud
1432 5574 1676 5646 quidem,
1703 5572 1924 5627 virtutis
1955 5569 2175 5637 modos,

687 5756 732 5790 ³⁸
764 5755 808 5813 ll
836 5755 965 5812 Cor.
990 5773 1048 5822 ιι,
1080 5757 1164 5812 Η.
1246 5757 1287 5788 ³⁷
1316 5753 1541 5809 Zaclxar.
1569 5769 1642 5819 tv,
1672 5756 1726 5809 ὅ.
1804 5752 1846 5783 ³⁸
1884 5747 2017 5804 ibid.

2275 4688 2528 4758 οὐδαμῶς
2553 4686 2618 4739 ἂν
2645 4683 2876 4752 συσταίη
2907 4681 3087 4752 νόημα
3111 4681 3256 4735 θεῖον
3286 4697 3300 4711 ·
3337 4678 3508 4742 θείοις
3537 4675 3597 4730 δὲ
3622 4676 3849 4746 νοήμασι

2281 4779 2356 4850 μὴ
2382 4777 2718 4850 τρεφόμενον
2751 4774 2814 4828 τὺ
2839 4773 2957 4842 φῶς
2999 4771 3100 4842 τῆς
3128 4771 3188 4824 ἐν
3219 4772 3331 4834 τοῖς
3374 4767 3688 4840 χαρίσμασι

2282 4886 2445 4937 ειεως,
2481 4867 2749 4929 ἄσϐεστον
2780 4865 2842 4918 οὐ
2879 4863 3230 4934 συντηρεϊται
3260 4862 3374 4925 τοῖς
3405 4859 3616 4930 ἔχουσι.

2353 5105 2468 5178 πγ’.
2495 5105 2608 5178 Τὴν
2632 5103 2732 5176 μὲν
2751 5102 3002 5159 Παλαιὰν
3031 5101 3329 5174 Διαθήκην,
3359 5099 3458 5172 τὴν
3479 5099 3540 5166 ἐξ
3565 5097 3859 5170 εὐωνύμων

2283 5198 2478 5252 ἐλαίαν
2516 5196 2892 5269 ὑπολαμϐάνω
2939 5196 3252 5268 σημαίνειν,
3281 5195 3358 5258 ῶς
3403 5194 3506 5266 τῆς
3551 5193 3860 5265 πρακτικῆς

2291 5287 2495 5360 μᾶλλον
2529 5285 2941 5359 προνοουμένην
2968 5283 3288 5354 φιλοσοφίας
3307 5300 3322 5316 ο
3355 5281 3454 5354 τὴν
3482 5283 3547 5336 ὲκ
3574 5279 3768 5344 δεξιῶν
3783 5279 3860 5344 δὲ,

2291 5379 2391 5451 τὴν
2425 5378 2572 5431 Νέαν
2612 5375 2911 5450 Διαθήκην,
2945 5375 3021 5440 ὡς
3050 5373 3240 5428 καινοῦ
3280 5372 3580 5446 μυστηρίου
3612 5370 3863 5424 διδάσκαο

2286 5472 2400 5534 λον,
2429 5469 2526 5524 καὶ
2581 5469 2680 5541 τῆς
2729 5471 2789 5524 ὲν
2843 5467 3060 5539 ἑκάστῳ
3113 5465 3226 5520 τῶν
3275 5463 3483 5520 πιστῶν
3525 5459 3866 5534 θεωρητικῆς

2285 5566 2453 5634 ἕξεως
2493 5563 2802 5636 ποιητικήν.
2875 5559 2938 5618 Ἥ
2973 5561 3072 5635 μὲν
3103 5561 3232 5633 γὰρ,
3279 5558 3486 5632 ἀρετῆς
3530 5557 3788 5628 τρόπους,
3831 5554 3875 5625 ἡ
