4012 6462
196 358 343 426 1345

888 359 1221 424 CAPITUM
1261 353 1686 429 QUINQUIES
1726 352 2244 416 CENTENORUM
2283 357 2673 418 CENTURIA
2714 359 2808 420 IV.
2849 334 2853 338 ν

3328 361 3466 427 1346

187 479 382 550 πάσης
426 476 635 549 ἀρετῆς
689 476 930 546 κεφαλὴν
965 477 994 528 ὁ
1031 478 1316 548 προφήτης
1343 474 1624 544 ὠνόμασεν
1649 487 1662 500 ο
1697 471 1766 531 ὡς

1878 470 2146 524 rationem
2178 479 2342 540 atque
2374 487 2707 535 sermonem,
2737 481 2994 543 tanquam
3030 475 3248 531 virtutis
3283 481 3464 534 omnis

185 570 276 635 τὺ,
318 569 465 624 Ἕδυ
495 571 533 639 ἡ
567 570 800 640 κεφαλή
827 587 946 640 μου
969 571 1052 636 είς
1087 569 1358 638 σχισμὰς
1418 567 1602 634 ὀρέων
1624 577 1640 594 ⁸
1677 562 1778 626 τὰς

184 659 246 713 δὲ
279 661 522 725 διανοίας
549 662 658 714 τῶν
692 659 1018 732 πνευμάτων
1059 661 1156 730 τῆς
1222 657 1511 727 πονηρίας,
1541 653 1778 725 σχισμάς

184 749 305 806 τῶν
333 748 530 818 ὀρέων,
559 751 651 820 ὑφ’
689 743 766 803 ὧν
794 749 1074 820 κατεπόθη
1098 749 1187 804 διὰ
1213 751 1310 820 τῆς
1353 747 1720 818 παραϐάσεως
1747 745 1777 797 6

184 838 466 910 ἡμέτερος
523 839 686 903 νοῦςο
715 839 820 912 γῆν
861 839 920 893 δὲ
967 839 1311 908 κατωτάτην,
1346 839 1446 911 τὴν
1511 834 1777 908 μηδαμῶς

182 926 456 995 γνώσεως
516 928 916 1001 αἰσθανομένην
979 928 1206 1000 θείας,ἢ
1259 929 1360 1001 τῆς
1409 927 1532 980 κατ’
1575 927 1775 996 ἀρετὴν

180 1019 379 1090 ζωῆς,
403 1019 505 1092 τὴν
539 1020 754 1075 οἱανοῦν
787 1022 1000 1092 κίνησιν
1051 1021 1281 1091 ἔχουσαν
1333 1019 1445 1086 ἕξιν
1474 1036 1488 1051 ο
1541 1017 1776 1070 ἄϐυσσον

179 1108 270 1171 δὲ,
297 1108 400 1180 τὴν
434 1109 795 1182 ἐπικειμένην
824 1110 1048 1180 ἄγνοιαν
1073 1114 1140 1182 τῇ
1176 1110 1287 1176 ἕξει
1314 1112 1411 1181 τῆς
1438 1109 1668 1172 κακίας,
1689 1109 1774 1177 ἐφ’

179 1194 220 1274 ᾖ
254 1200 462 1274 βέϐηκε
483 1201 736 1273 καθάπερ
762 1205 854 1273 γῇ,
881 1202 948 1254 τὰ
976 1201 1076 1272 τῆς
1106 1202 1309 1265 κακίας
1333 1200 1545 1270 πελάγη
1576 1201 1608 1270 ἦ
1647 1202 1772 1270 γῆν,

177 1291 290 1364 τὴν
367 1294 574 1362 παγίαν
624 1294 725 1364 τῆς
776 1293 972 1354 κακίας
1014 1293 1126 1359 ἕξιν
1175 1288 1366 1345 εἷπενσ
1407 1291 1658 1351 αἰωνίους
1715 1288 1773 1342 δὲ

182 1384 451 1456 μοχλοὺς,
485 1386 585 1450 τὰς
622 1386 1039 1456 συγκρατούσας
1069 1388 1167 1457 τὴν
1199 1385 1480 1457 χειρίστην
1508 1384 1624 1451 ἕξιν
1669 1385 1775 1453 έμ-

180 1477 388 1541 παθεῖς
420 1477 796 1548 προσπαθείας
819 1479 928 1532 τῶν
957 1479 1177 1534 ὑλικῶν.

257 1655 374 1724 ιιγθ.
416 1652 480 1706 Ἥ
513 1652 619 1706 τῶν
645 1651 818 1722 ἁγίων
861 1651 1106 1724 ὑπομονὴ
1134 1693 1149 1720 ,
1180 1651 1280 1722 τῆν
1324 1650 1568 1722 πονηρὰν
1608 1649 1770 1702 δύνα-

183 1757 286 1815 μιν
312 1743 780 1815 προσϐάλλουσαν,
809 1744 1026 1815 δαπανᾷ
1055 1760 1070 1774 ·
1105 1745 1181 1808 ὡς
1211 1743 1476 1798 πείθουσα
1497 1746 1607 1805 τοῖς
1629 1741 1729 1794 ὑπὲ
1739 1758 1771 1812 ρ

179 1837 451 1908 ἀληθείας
479 1838 986 1906 ἐγκαλλωπίζεσθαι
1011 1838 1214 1904 πόνοις,
1237 1838 1359 1901 τοὺς
1377 1853 1380 1855 ‘
1398 1837 1568 1905 αὐτῆς
1591 1835 1774 1890 διακό-

180 1947 337 1995 νους,
370 1930 461 1985 καὶ
485 1929 642 1983 πλέον
664 1930 1103 2001 ὲμπλατύνεσθαι
1125 1930 1451 1984 διδάσκουσα
1473 1927 1774 1998 τοῖςπαθή-

183 2038 380 2092 μασιν,
395 2021 428 2093 ἢ
441 2023 559 2085 ταῖς
571 2023 731 2076 άνέσε
740 2038 843 2086 σιν,
861 2023 909 2074 οἱ
927 2022 1026 2090 τῆς
1047 2022 1103 2075 ὲν
1119 2021 1280 2092 σαρκὶ
1301 2020 1445 2091 ζωῆς
1459 2021 1595 2088 ἄγαν
1610 2036 1774 2091 φρον-

179 2109 454 2174 τίζοντες,
492 2110 747 2164 ὑπόθεσιν
773 2112 955 2175 αὐτοῖς
985 2111 1426 2182 ὑπερϐαλλούσης
1456 2112 1598 2164 κατὰ
1619 2109 1773 2163 πνεῦο

182 2217 270 2271 μα
300 2200 584 2271 δυνάμεως
621 2202 938 2272 ποιουμένη,
969 2201 1068 2272 τὴν
1089 2201 1230 2254 κατὰ
1253 2202 1414 2270 φύσιν
1436 2201 1535 2272 τῆς
1568 2200 1770 2273 σαρκὸς

178 2292 320 2363 περὶ
349 2291 411 2346 τὸ
438 2292 667 2363 πάσχειν
697 2292 1003 2346 ἀσθένειαν.
1037 2292 1178 2364 Ὅρα
1209 2292 1317 2364 γὰρ
1346 2294 1494 2356 ὅπως
1520 2291 1621 2363 τῆς
1645 2292 1768 2345 καθ’

180 2383 496 2454 ὑπερϐολὴν
522 2383 674 2448 θείας
703 2383 1002 2454 ,δυνάμεως
1031 2383 1180 2437 ἐστιν
1232 2381 1512 2446 ὑπόθεσις,
1553 2385 1586 2453 ή
1626 2382 1769 2436 κατὰ

182 2476 355 2544 φύσιν
389 2476 499 2530 τῶν
531 2476 702 2545 ἁγίων
729 2475 1004 2539 ἀσθένεια,
1031 2471 1099 2548 ἦς
1124 2475 1324 2546 ἥττονα
1365 2475 1454 2528 τὸν
1479 2475 1766 2546 ὑπερήφα-

178 2585 278 2622 νον
303 2567 546 2622 διάϐολον
573 2570 602 2621 ὁ
633 2567 838 2640 Κύριος
868 2568 1090 2633 ἔδειξεν.

257 2658 360 2728 ιβ’.
406 2660 465 2712 '0
499 2659 657 2728 λόγος
684 2660 788 2732 τῆς
814 2660 1060 2731 χάριτος,
1099 2658 1188 2713 διὰ
1215 2657 1426 2713 πολλῶν
1442 2658 1767 2732 πειρασμῶν

183 2755 326 2825 πρὸς
356 2754 454 2826 τὴν
481 2753 590 2806 τῶν
616 2752 919 2825 ἀνθρώπων
950 2753 1132 2824 φύσιν,
1162 2753 1331 2825 ῆγουν
1373 2753 1475 2823 τὴν
1530 2753 1640 2806 τῶν
1679 2754 1768 2805 έθ-

183 2845 296 2898 νῶν
338 2845 690 2916 Ἐκκλησίαν,
726 2845 914 2916 ὥσπερ
956 2845 1140 2910 Ἰωνᾶς
1172 2843 1260 2898 διὰ
1284 2844 1495 2899 πολλῶν
1535 2845 1766 2913 θλίψεων

184 2934 327 3004 πρὸς
365 2937 550 2991 Νινευὶ
570 2936 765 3000 διαϐὰς
801 2937 900 3007 τὴν
929 2936 1084 2989 πόλιν
1132 2936 1232 3006 τὴν
1278 2937 1520 3008 μεγάλην
1540 2977 1554 2998 ,
1579 2937 1764 2989 ἔπεισε

183 3025 280 3078 τὸν
311 3025 666 3096 βασιλεύοντα
689 3026 853 3098 νόμον
886 3026 984 3096 τῆς
1014 3025 1230 3094 φύσεως
1259 3024 1627 3093 ἐξαναστῆναι
1671 3020 1764 3076 τοῦ

185 3117 406 3188 θρόνου,
435 3117 538 3189 τῆς
574 3117 846 3191 προτέρας
873 3115 1073 3188 δηλαδὴ
1112 3115 1241 3185 περ)⁸
1289 3115 1351 3168 τὸ
1402 3115 1571 3169 κακὸν
1617 3114 1763 3170 κατά

182 3209 288 3279 τὴν
329 3209 582 3281 αἴσθησιν
609 3209 798 3275 ἕξεως,
825 3211 920 3263 καὶ
960 3207 1308 3280 περιελέσθαι
1330 3207 1430 3279 τὴν
1455 3206 1648 3278 στολὴν
1664 3207 1762 3261 αὑ-

183 3299 304 3367 τοῦ,
334 3303 425 3354 τὸν
478 3301 572 3356 ἐπὶ
628 3303 738 3364 τοῖς
785 3301 939 3372 ῆθεσι
979 3299 1123 3370 λέγω
1160 3303 1258 3372 τῆς
1295 3299 1571 3371 κοσμικῆς
1605 3300 1763 3371 δόξης

184 3386 486 3442 ἀποθέσθαι
542 3387 744 3457 τῦφον,
792 3388 886 3444 καὶ
945 3387 1336 3458 περιϐαλέσθαι
1397 3388 1640 3454 σάκκον,
1701 3388 1763 3440 τὸ

187 3476 388 3542 πένθος
415 3478 616 3550 δηλαδὴ
647 3478 744 3532 καὶ
779 3478 876 3549 τὴν
911 3479 1146 3550 δυσχερῆ
1203 3478 1298 3532 καὶ
1347 3481 1609 3552 τραχεῖαν
1663 3479 1763 3550 τῆς

187 3567 598 3633 κακοπαθείας,
643 3569 736 3622 καὶ
780 3567 879 3639 βίῳ
921 3568 999 3639 τῷ
1059 3569 1201 3622 κατὰ
1257 3569 1390 3622 Θεὸν
1444 3570 1763 3640 πρέπουσαν

185 3659 412 3728 ἀγωγήν
445 3673 460 3688 ο
501 3661 597 3712 καὶ
627 3660 852 3714 καθίσαι
884 3661 978 3714 ἐπὶ
1003 3661 1199 3714 σποδοῦ
1234 3677 1246 3692 ·
1278 3662 1470 3725 σποδὸς
1502 3662 1559 3714 δέ
1613 3663 1762 3716 ἐστιν

185 3748 219 3817 ἡ
248 3749 494 3819 πτωχεία
531 3750 624 3802 τοῦ
682 3750 1011 3822 πνεύματος,
1053 3752 1139 3821 ἐφ’
1165 3749 1233 3823 ἧς
1290 3751 1584 3812 καθέζεται
1656 3755 1763 3816 πᾶς

186 3837 428 3903 εὐσεϐῶς
455 3839 555 3912 ζῇν
584 3841 983 3911 διδασκόμενος,
1005 3846 1100 3898 καὶ
1121 3844 1220 3916 τὴν
1245 3845 1484 3915 μάστιγα
1507 3846 1606 3916 τῆς
1634 3862 1761 3898 συν-

185 3928 446 4000 ειδήσεως
484 3931 624 4003 ἔχων
664 3935 756 3987 ἐπὶ
784 3937 894 4000 τοῖς
915 3935 1409 4008 πλημμεληθεῖσιν,
1437 3937 1600 3990 αὐτὸν
1626 3955 1760 3991 κατ-

184 4021 525 4087 αικίζουσαν.

257 4113 510 4187 ιιε’.”ορα
539 4117 690 4182 ὅπως
721 4118 948 4189 βασιλέα
978 4119 1076 4190 μὲν
1106 4115 1242 4174 εἶναι
1276 4120 1446 4189 λέγει,
1474 4122 1564 4175 τὸν
1598 4103 1760 4191 ξρυσι-

187 4208 286 4262 κδν
343 4209 509 4280 νόμον
533 4225 547 4240 ·
583 4209 774 4281 θρόνον
823 4210 902 4276 δὲ,
938 4211 1036 4280 τὴν
1086 4212 1309 4284 ἐμπαθῆ
1355 4215 1478 4267 κατ’
1507 4214 1761 4286 αἴσθησιν

182 4297 318 4363 ἕξινο
344 4298 445 4370 τὴν
469 4299 525 4352 δὲ
546 4300 761 4372 στολὴν,
799 4299 897 4372 τὴν
929 4301 1029 4372 τῆς
1056 4304 1218 4373 κενῆς
1239 4303 1397 4374 δόξης
1435 4304 1708 4375 προϐολήν
1742 4321 1758 4337 θ

181 4389 279 4442 τὸν
306 4389 363 4442 δὲ
409 4390 634 4456 σάκκον,
659 4389 723 4444 τὸ
766 4389 906 4445 κατὰ
930 4392 1029 4463 τὴν
1061 4393 1356 4464 μετάνοιαν
1388 4393 1583 4457 πένθος
1608 4410 1622 4424 ο
1659 4393 1760 4464 τὴν

1805 1801 1848 1861 Β

1879 561 2211 632 principium
2240 572 2295 616 et
2324 563 2626 631 originem;
2655 565 2734 619 uti
2766 573 2852 619 est
2880 565 3016 619 illud
3051 584 3063 620 :
3100 565 3269 621 Subiit
3303 579 3464 640 caput

1881 669 2052 706 meum
2084 654 2343 706 scissuras
2382 656 2638 707 montium
2662 655 2726 707 ³⁸.
2757 654 3040 714 Scissuras
3077 670 3261 710 amem
3303 673 3464 713 mon-

1877 743 2038 809 tium,
2055 744 2519 813 nequissimorum
2548 745 2840 814 spirituum
2865 747 3092 801 consilia
3118 761 3172 801 e.
3199 749 3460 812 rationes,

1877 835 2080 904 quibus
2117 851 2217 905 per
2253 837 2740 906 transgreSSionem
2779 853 2936 892 mens
2974 849 3160 891 nostra
3203 839 3464 909 absorpta

1876 933 1962 978 est
2005 940 2018 978 :
2067 933 2268 979 terram
2308 941 2441 980 vero
2487 926 2754 991 infimam,
2785 927 2936 981 omni
2981 927 3225 983 scientiae
3263 928 3463 982 divinae

1877 1030 2040 1070 sensu
2091 1025 2375 1071 carentem
2421 1017 2704 1082 habitum,
2743 1034 2807 1073 ac
2854 1020 2948 1088 qui
3000 1019 3127 1074 vitae
3169 1035 3200 1074 e
3238 1020 3464 1076 virtutis

1877 1106 2184 1162 rationibus
2220 1108 2486 1164 instituta:
2516 1118 2667 1164 motu
2701 1111 2852 1164 omni
2888 1112 3246 1166 destituatur.
3277 1112 3463 1183 Abys-

1876 1213 2021 1264 sum,
2051 1199 2417 1270 ignorantiam
2451 1200 2738 1270 pravitatis
2771 1201 2983 1256 liabitui
3020 1203 3460 1270 incumbentem;-

1876 1289 1932 1342 in
1983 1304 2181 1358 quam,
2223 1291 2375 1345 velut
2422 1291 2478 1344 in
2532 1301 2732 1345 terram
2788 1293 3156 1348 ascenderunt
3198 1295 3463 1363 nequitia!

1873 1376 2040 1448 608
2083 1379 2289 1443 maria,
2338 1379 2452 1433 sive
2496 1388 2733 1442 terram,
2779 1378 2994 1434 ﬁrmum
3041 1381 3162 1435 vitii
3209 1382 3457 1436 habitum

1874 1471 2233 1541 nuncupavit.
2282 1471 2476 1526 Vectes
2535 1481 2806 1536 aeternos,
2855 1473 3154 1540 pessimum
3207 1475 3457 1529 habitum

1874 1562 2297 1617 corroborantes
2331 1571 2680 1617 terrenorum
2708 1563 3038 1618 libidinosos
3063 1564 3314 1618 affectus.

1944 1653 2033 1708 95.
2079 1654 2404 1709 Sanctorum
2456 1655 2756 1725 patientia,
2795 1656 3136 1710 adorientem
3179 1656 3456 1727 nequissi—

1874 1759 2019 1799 mam
2049 1756 2375 1815 potestatem
2405 1747 2676 1814 absumit;
2709 1756 2770 1802 ut
2793 1763 2915 1817 quae
2944 1747 3227 1804 laboribus
3253 1750 3456 1806 verita-

1877 1835 1948 1890 tis
1987 1850 2150 1890 causa
2188 1836 2436 1900 ferendis
2474 1837 2719 1908 gloriari,
2755 1838 3024 1893 ministris
3057 1839 3174 1893 suis
3208 1839 3454 1904 suadeat,

1875 1923 2180 1994 doceatque
2203 1941 2300 1980 eos
2325 1927 2498 1996 magis
2517 1927 2780 1982 aarumnis
2801 1928 3042 1992 dilatari,
3065 1945 3227 1999 quam
3253 1929 3458 1999 quibus

1873 2016 2112 2069 carnalis
2133 2017 2243 2071 vita
2276 2018 2510 2072 maxime
2538 2033 2684 2071 curae
2709 2025 2814 2082 est,
2836 2018 3049 2073 deliciis
3075 2020 3452 2086 oblectentur;

1872 2105 2191 2164 excellentis
2232 2109 2314 2163 eis
2353 2109 2618 2178 spiritalis
2643 2110 2869 2165 virtutis
2900 2125 2964 2165 ac
2993 2110 3336 2166 fortitudinis
3360 2127 3453 2166 ar-

1872 2208 2193 2270 gumentum
2222 2199 2452 2264 faciens,
2481 2201 2784 2255 naturalem
2816 2201 2998 2257 carnis
3027 2202 3185 2257 malis
3211 2202 3455 2256 ferendis

1873 2291 2326 2348 imbecillitatem.
2350 2291 2486 2347 Vide
2513 2291 2661 2346 enim
2689 2293 3149 2362 quemadmodum
3173 2293 3450 2348 excellen-

1871 2382 1942 2436 tis
1969 2381 2170 2436 divina:
2199 2381 2461 2451 potentia:
2490 2389 2905 2452 argumentum,
2932 2381 3198 2437 naturalis
3228 2390 3446 2439 sancto-

1870 2488 1993 2527 rum
2027 2471 2324 2528 inﬁrmitas
2356 2473 2449 2536 sit,
2481 2489 2586 2542 qua
2620 2473 2887 2529 Dominus
2922 2474 3224 2544 superbum
3254 2474 3450 2531 diabo-

1868 2565 1981 2619 lum
2011 2565 2332 2620 inl‘eriorem
2358 2566 2619 2620 ostendit.

1937 2657 2028 2713 94.
2078 2657 2274 2712 Sermo
2327 2659 2548 2728 gratiae,
2592 2673 2693 2730 per
2738 2660 2940 2716 multas
2994 2660 3329 2717 tentationes
3378 2659 3449 2715 ad

1869 2749 2169 2803 humanum
2202 2765 2376 2820 genus
2412 2747 2736 2820 (Ecelesiam
2769 2752 2980 2806 scilicet
3005 2751 3272 2823 gentium)
3298 2753 3450 2808 velut

1865 2839 2030 2895 Jonas
2078 2856 2180 2910 per
2225 2847 2426 2895 multas
2472 2839 2794 2897 alllietio'nes
2841 2851 3009 2912 atque
3057 2857 3335 2897 aerumnas
3378 2843 3448 2897 ad

1867 2931 2064 2988 Ninive
2093 2932 2372 2988 civitatem
2401 2949 2652 3004 magnam
2679 2934 3079 2999 commeans“,
3107 2935 3213 3005 legi
3238 2942 3450 2989 natum!

1867 3024 2018 3080 illius
2056 3025 2204 3095 regia
2242 3033 2514 3095 potestate
2552 3025 2860 3080 dominanti
2899 3035 3094 3081 auctor
3123 3026 3256 3089 fuit,
3284 3033 3347 3080 ut
3376 3025 3449 3080 de

1787 3153 1832 3212 ο
1868 3116 2008 3171 solio
2039 3124 2288 3186 surgeret
2319 3118 2369 3188 (a
2404 3115 2591 3186 priore
2621 3116 2833 3170 scilicet
2861 3117 3066 3171 malum
3096 3124 3449 3171 consectante

1864 3225 1927 3265 ac
1958 3209 2152 3264 vitium
2186 3223 2380 3263 sensus
2414 3205 2627 3277 habitu)
2663 3206 2971 3276 stolamque
3005 3199 3330 3261 detraheret
3365 3205 3443 3277 (id

1863 3310 1967 3366 est,
2001 3299 2291 3354 mundanae
2329 3297 2515 3368 gloria:
2553 3312 2620 3351 ex
2656 3312 2870 3350 morum
2915 3306 3113 3351 ornatu
3152 3298 3443 3367 quaesitum

1865 3394 2063 3449 fastum
2085 3391 2397 3464 abjiceret),
2419 3406 2481 3444 ac
2501 3405 2661 3444 sacco
2685 3389 3008 3445 inducretur
3036 3390 3264 3460 (luctum
3295 3389 3444 3447 scili-

1864 3493 1980 3549 cet,
2015 3492 2072 3540 et
2118 3484 2404 3538 molestam
2451 3497 2514 3535 ac
2563 3482 2846 3536 laboribus
2895 3497 3173 3551 asperam,
3204 3482 3330 3536 vitae
3373 3497 3443 3536 ex

1864 3576 2084 3646 pietatis
2113 3574 2420 3629 rationibus
2454 3574 2718 3628 institutae
2747 3588 3065 3644 congruam,
3091 3573 3440 3643 disciplinam

1863 3663 2188 3734 assumeret)
2219 3672 2383 3734 atque
2417 3663 2472 3718 in
2504 3664 2689 3718 cinere
2722 3664 2958 3720 sederet.
2986 3665 3083 3718 Est
3111 3679 3244 3718 vero
3276 3664 3436 3727 cinis,

1863 3765 2155 3827 paupertas
2189 3757 2416 3826 spiritus
2437 3798 2450 3821 ,
2484 3756 2538 3810 in
2573 3771 2682 3827 quo
2717 3757 2872 3811 sedet
2907 3756 3158 3826 quisquis
3195 3756 3320 3810 vita:
3350 3756 3442 3826 pie

1865 3848 2215 3904 instituenda
2261 3849 2550 3918 prmceptis
2595 3848 2884 3913 eruditur;
2940 3863 3036 3912 ac,
3077 3847 3170 3918 qui
3223 3847 3442 3902 cmdens

1863 3940 2216 3996 conscientim
2246 3939 2543 4011 ﬂagellum,
2571 3955 2674 4010 pro
2714 3940 2782 3995 iis
2813 3956 2934 4011 quae
2967 3939 3220 4010 deliquit,
3252 3938 3440 3993 habet.

1931 4123 2019 4177 95.
2063 4120 2198 4176 Vide
2245 4119 2711 4190 quemadmodum
2757 4133 2940 4188 regem
2987 4117 3226 4186 appellet
3263 4116 3444 4187 legem

1861 4213 2199 4277 naturalem;
2235 4211 2431 4265 solium
2465 4225 2628 4273 vero,
2660 4209 3019 4262 libidinosum
3052 4222 3249 4262 sensus
3279 4207 3442 4262 liabi-

1864 4314 2011 4373 tum;
2041 4307 2257 4370 stolam,
2287 4305 2469 4360 inanis
2500 4303 2685 4375 gloria:
2717 4302 3010 4366 amictum;
3049 4316 3291 4364 saccum,
3320 4316 3442 4370 pte-

1862 4398 2108 4453 nitentize
2145 4399 2386 4463 luctum;
2432 4398 2704 4459 cinerem,
2737 4393 2970 4449 modesti
3009 4392 3180 4447 animi
3216 4404 3450 4448 sensum

180 4477 243 4531 δὲ
272 4477 488 4543 σποδόν,
510 4477 608 4550 τὴν
631 4483 1154 4554 ταπεινοφροσύνην·
1178 4482 1502 4555 ἀνθρώπους
1528 4486 1604 4550 δὲ,
1633 4488 1760 4552 τοὺς

1873 4490 1942 4563 (id
1968 4497 2070 4552 est,
2088 4489 2475 4560 humilitatem)
2501 4488 2768 4549 homines,
2794 4487 2886 4556 qui
2907 4485 3150 4549 ratione;
3171 4485 3442 4556 iumenta,

185 4570 322 4641 περὶ
360 4571 452 4625 τὸν
486 4571 644 4641 λόγον
679 4591 693 4605 ο
724 4576 896 4647 κτήνη
935 4574 1012 4640 δὲ,
1046 4577 1172 4640 τοὺς
1237 4578 1366 4648 περὶ
1417 4581 1516 4650 τὴν
1571 4579 1762 4633 ἐπιθυ-

185 4661 321 4734 μίαν
345 4676 360 4691 ·
397 4661 526 4734 βόας
569 4664 647 4725 δὲ,
681 4665 810 4728 τοὺς
859 4666 990 4738 περὶ
1042 4666 1133 4720 τδν
1169 4667 1339 4738 θυμόν
1364 4683 1379 4698 ο
1410 4667 1658 4739 πρόϐατα
1683 4669 1761 4736 δὲ,

178 4753 311 4816 τοὺς
335 4753 464 4823 περὶ
493 4753 592 4824 τὴν
627 4753 860 4826 θεωρίαν
883 4755 990 4810 τῶν
1013 4756 1225 4828 ὁρατῶν
1255 4757 1566 4822 πταίοντας.

255 4843 370 4912 ις’.
414 4846 474 4899 '0
495 4847 584 4899 διὰ
611 4846 709 4918 τὴν
739 4848 961 4919 ἔννομον
999 4849 1200 4922 ἀρετὴν
1225 4851 1334 4903 τῶν
1368 4853 1426 4903 ἐν
1462 4869 1625 4923 σαρκι
1655 4869 1763 4906 πα-

179 4937 293 4992 θῶν
317 4938 390 5002 ὡς
452 4939 760 5012 ἀριστερῶν
822 4939 1149 5010 ποιούμενος
1181 4940 1373 5012 λήθην,
1406 4943 1501 4995 καὶ
1543 4944 1630 4997 διὰ
1662 4943 1762 5016 τὴν

177 5031 479 5084 ἄπταιστον
508 5031 733 5098 γνῶσιν,
771 5030 864 5084 ἐπὶ
924 5035 1037 5095 τοῖς
1075 5033 1462 5103 κατορθώμασι
1509 5038 1574 5107 τῇ
1620 5036 1761 5106 νόσῳ

176 5125 282 5196 τῆς
303 5122 602 5194 φυσιοὺσης
630 5125 862 5194 οἰήσεως
901 5124 976 5187 ὡς
999 5124 1182 5189 δεξιᾶς
1239 5126 1339 5194 οὐχ
1382 5127 1761 5199 ἁλισκόμενος,

177 5216 323 5291 ἀνὴρ
352 5217 565 5288 γέγονε,
604 5216 679 5288 μὴ
710 5215 996 5286 γινώσκων
1040 5217 1224 5284 δεξιάν
1256 5220 1448 5285 αὐτοῦ,
1481 5221 1557 5284 ὠς
1605 5221 1764 5294 δόξης

178 5311 282 5365 οὐκ
314 5307 468 5380 ’ἐρῶν
507 5309 797 5380 λυομένης,
837 5307 958 5364 οὐδὲ
1016 5311 1344 5382 ἀριστεράν,
1368 5311 1444 5376 ὡς
1491 5316 1604 5377 τοῖς
1667 5316 1763 5387 τῆς

181 5401 389 5474 σαρκὸς
449 5401 552 5455 οὒκ
597 5400 978 5473 ἐρεθιζόμενος
1036 5402 1255 5456 πάθεσι.
1293 5403 1485 5468 Δεξιὰν
1535 5401 1648 5466 οὖν,
1682 5405 1759 5470 ὡς

179 5493 380 5561 ἔοικεν,
411 5490 562 5549 εἶπεν
589 5495 618 5548 ό
646 5493 824 5565 λόγος,
855 5495 953 5566 τὴν
993 5496 1086 5548 ἐπὶ
1114 5498 1224 5559 τοῖς
1272 5495 1433 5566 δῆθεν
1482 5497 1759 5569 κατορθώ-

184 5604 315 5658 μασι
342 5587 666 5654 κενοδοξίανο
702 5589 998 5660 ἀριστερὰν
1026 5587 1105 5652 δὲ,
1129 5587 1226 5659 τὴν
1256 5589 1346 5641 ἐπὶ
1375 5591 1486 5653 τοῖς
1506 5593 1754 5660 αἰσχροῖς

1864 4581 2319 4654 ιιιιίὀιιρίἀίῑιιιος
2353 4582 2544 4644 boves,
2575 4577 2669 4648 qui
2705 4577 2818 4643 ira;
2855 4592 3007 4641 oves,
3039 4576 3133 4646 qui
3166 4591 3350 4631 rerum
3385 4575 3444 4630 in

1862 4684 2147 4748 aspectum
2175 4673 2492 4728 cadentium
2520 4670 2894 4742 speculatione
2919 4669 3227 4725 offendunt.

1932 4867 2021 4922 96.
2047 4865 2149 4934 Qui
2189 4864 2446 4935 legitime
2475 4863 2700 4918 virtutis
2741 4877 2936 4926 causa,
2971 4861 3271 4917 carnalium
3305 4857 3442 4914 alie-

1866 4967 2054 5013 ctuum
2085 4957 2236 5010 velut
2263 4955 2611 5010 sinistrorum
2645 4954 3019 5018 obliviscitur;
3055 4967 3263 5022 proque
3297 4949 3442 5004 iuof-s

1865 5051 2033 5106 fensae
2072 5048 2316 5104 scientia
2351 5063 2605 5110 munere,
2631 5047 2702 5101 ob
2740 5046 2997 5115 prmelare
3036 5051 3186 5114 gesta
3222 5058 3287 5097 ac
3326 5057 3442 5097 mea

1865 5143 1992 5207 rita,
2021 5140 2201 5194 inanis
2233 5139 2511 5210 iactantiae
2545 5137 2736 5191 morbo
2769 5135 3021 5203 fastuque
3057 5149 3169 5188 non
3200 5132 3438 5202 capitur,

1869 5234 1923 5288 in
1979 5233 2159 5287 virum
2217 5231 2426 5294 evasit,
2474 5229 2568 5299 qui
2630 5227 2838 5282 nesciat
2885 5226 3167 5281 dexteram
3215 5239 3370 5280 suam
3396 5225 3439 5256 “

1869 5323 2055 5396 (quem
2101 5322 2312 5377 scilicet
2352 5320 2610 5390 periturae
2639 5317 2824 5388 gloriae
2852 5333 3008 5372 amor
3051 5331 3162 5371 non
3206 5315 3437 5386 teneat),

1863 5428 2043 5484 neque
2082 5427 2215 5468 vero
2259 5411 2538 5466 sinistram
2566 5407 2640 5470 δ’,
2683 5415 2743 5461 ut
2787 5421 2950 5477 quem
2990 5406 3173 5461 carnis
3212 5404 3442 5460 aﬂ'ectus

1860 5521 1960 5576 per
1992 5503 2280 5559 libidinem
2313 5516 2424 5556 non
2457 5498 2705 5555 illiciant.
2738 5500 3027 5553 Dcxteram
3065 5499 3250 5569 igitur,
3277 5497 3442 5570 609

1869 5606 1929 5651 ut
1963 5596 2205 5659 videtur,
2233 5593 2447 5648 vocavit
2487 5591 2788 5662 Scriptura,
2823 5591 3040 5645 inanem
3081 5589 3332 5662 glori-am,
3367 5588 3445 5645 ob

163 5678 189 5827 ἓ
257 5771 301 5803 ³⁹
325 5771 372 5828 II
405 5772 539 5843 Reg.
571 5788 700 5837 xxu,
735 5773 786 5827 8.
869 5772 913 5805 ⁸ο
943 5773 1094 5828 Jonte
1123 5789 1202 5837 ιιι,
1247 5790 1260 5827 l
1305 5788 1459 5843 seqq.
1537 5775 1577 5806 “
1613 5775 1764 5831 Iona:

1873 5817 1884 5840 ,
1923 5774 2010 5840 l0,
2047 5775 2134 5828 ll.
2212 5775 2255 5805 δ’
2285 5772 2419 5827 ibid.
