4108 6434
613 300 746 373 134Ἷ

1774 251 1867 363 ·ε.’
1889 298 2177 364 MAXIMI
2207 295 2727 359 'CONFESSORIS

3733 298 3858 367 1348

612 428 766 473 recte
797 419 939 472 facta
962 428 1038 472 'ac
1066 416 1334 471 virtutum
1363 427 1561 487 Opera;
1598 414 1876 469 sinistram
1903 431 2058 482 vero,
2082 430 2194 486 qua:

2312 412 2544 467 πάθεσιν
2587 408 2907 464 ἀκολασίαν.
2946 407 3005 462 '0
3040 407 3149 479 γὰρ
3178 401 3280 478 τῆς
3318 404 3520 481 ἀρετῆς
3567 410 3741 479 λόγος,
3774 413 3860 484 τῆς

616 523 687 561 ex
721 508 979 577 turpibus
1013 507 1305 562 aﬂ'ectibus
1333 516 1441 571 est,
1464 505 1762 560 luxuriam.
1790 506 2025 561 Virtutis
2055 506 2206 559 enim

619 610 806 651 sermo
835 605 998 666 atque
1023 597 1185 660 ratio,
1203 603 1500 666 peccatum
1531 595 1717 649 carnis
1745 595 1924 649 nescit
1949 604 2207 664 tanquam

612 687 861 779 .sinistrae
880 705 905 740 7:
936 687 1184 742 scientiae
1206 702 1340 741 vero
1374 686 1729 751 ratio,-animi
1756 687 1948 741 vitium
1976 702 2047 741 ac
2078 701 2207 756 pra-

615 776 847 831 vitatem
874 779 1055 832 nescit
1079 790 1337 847 tanquam
1364 778 1587 832 dextra.

688 868 779 923 97.
816 869 1097 923 Virtutum
1143 885 1211 923 ex
1258 870 1473 923 ratione
1516 869 1750 925 scientia
1792 870 1951 940 (vera
1994 868 2209 924 scilicet

618 957 803 1027 reipsa
834 958 1093 1013 Auctoris
1123 958 1393 1013 virtutum
1427 960 1653 1030 agnitio)
1685 960 2055 1014 omnimodam
2088 960 2209 1028 ejus

618 1056 738 1103 tum
770 1064 1052 1114 excessus,
1084 1061 1199 1104 tum
1231 1050 1502 1116 defectus,
1531 1052 1626 1121 qui
1660 1054 1923 1120 utrinque
1947 1069 1975 1105 a
2000 1051 2207 1105 dextris

616 1151 731 1195 ctua
759 1142 1020 1207 sinistris,
1047 1144 1321 1197 virtutum
1352 1143 1721 1197 mediocritati
1754 1144 2026 1214 adjacent,
2056 1143 2208 1212 igno-

618 1234 854 1288 rantiam
919 1244 1185 1304 praestare
1252 1235 1439 1289 habet.
1508 1235 1793 1304 Siquidem
1850 1235 2002 1289 enim
2067 1234 2206 1287 nihil

618 1338 853 1391 prorsus
901 1334 1285 1394 comparatum
1331 1334 1417 1379 est
1454 1339 1585 1379 esse
1632 1325 1690 1377 in
1734 1324 1948 1379 ratione
1987 1323 2133 1394 quod
2164 1340 2205 1378 -a

618 1416 833 1471 ratione
874 1417 1222 1479 abhorreat;
1250 1418 1438 1486 palam
1483 1425 1589 1481 est,
1620 1432 1746 1471 eum
1784 1415 1875 1484 qui
1908 1415 1985 1469 ad
2026 1416 2207 1468 virtu-

616 1512 732 1557 tum
784 1506 1057 1561 rationem
1104 1516 1335 1561 evectus
1384 1506 1476 1570 sit,
1508 1521 1709 1559 eorum
1742 1520 1865 1573 qua:
1904 1521 1942 1559 a
1992 1506 2207 1559 ratione

613 1595 957 1651 abhorreant
998 1614 1347 1667 nequaquam
1382 1597 1715 1668 positionem
1758 1611 1987 1665 remque
2012 1597 2210 1668 cogni-

2310 505 2511 575 σαρκὸς
2568 505 2644 566 ὡς
2681 503 2979 574 ἀριστερᾶς
3032 502 3133 555 οὐκ
3185 497 3327 555 οἶδεν
3378 502 3689 573 ἀμαρτίαν’
3741 507 3769 559 ὀ
3813 508 3863 561 ει

2306 598 2409 667 τῆς
2464 596 2743 666 γνώσεως,
2796 595 2894 667 τὴν
2937 594 3115 664 ψυχῆς
3164 592 3241 657 ὡς
3280 593 3470 659 ’δεξιᾶς
3517 594 3581 647 οὐ
3634 596 3865 663 γινώσκει

2307 692 2528 748 κακίαν.

2370 864 2488 932 ιζ’.
2544 864 2608 917 Ἦ
2633 862 2777 917 κατὰ
2812 862 2973 931 λόγον
3009 861 3212 931 γνῶσις
3242 860 3353 914 ’τῶν
3399 861 3638 931 ἀρετῶν,
3662 861 3867 934 ἧγουνὴ

2308 957 2428 1009 κατ’
2458 954 2743 1027 ἐνέργειαν
2788 953 2997 1025 ἀληθὴς
3036 953 3140 1022 ’τῆς
3172 952 3281 1005 τῶν
3320 952 3534 1022 ἀρετῶν
3564 952 3737 1015 αίτίας
3762 955 3867 1007 ἐπί-

2307 1065 2531 1115 γνωσις,
2561 1049 2786 1117 ἄγνοιαν
2822 1045 3062 1115 παντελῆ
3089 1045 3301 1114 πέφυκε
3337 1048 3535 1108 ποιεῖν,
3571 1045 3670 1114 τῆς
3709 1045 3868 1112 δεξιᾶς

2308 1142 2403 1193 καὶ
2452 1142 2751 1211 ἀριστερᾶς
2779 1137 3128 1211 ’ἑκατέρωθεν
3158 1137 3580 1207 παρακειμένης
3616 1140 3680 1207 τῇ
3728 1140 3869 1206 μεσόο

2306 1248 2432 1300 τητι
2481 1233 2592 1285 τῶν
2632 1232 2844 1300 ἀρετῶν
2878 1229 3187 1301 ὑπερϐολῆς
3218 1230 3314 1281 καὶ
3346 1228 3661 1296 ἐλλείψεως.
3691 1228 3749 1280 El
3775 1229 3869 1299 γὰρ

2306 1325 2459 1377 οὐδὲν
2497 1326 2556 1377 ὲν
2585 1324 2663 1394 τῷ
2697 1324 2842 1393 λόγῳ
2878 1322 3159 1384 παντελῶς
3191 1321 3437 1390 πέφυκεν
3470 1316 3622 1373 εἶναι
3654 1321 3867 1389 παράλο-

2308 1432 2427 1484 γον,
2459 1415 2650 1485 σαφῶς
2670 1418 2705 1469 ’ὁ
2735 1416 2873 1485 πρὸς
2901 1416 2993 1469 τὸν
3024 1414 3184 1483 λόγον
3222 1414 3331 1467 τῶν
3364 1412 3581 1484 ἀρετῶν
3616 1412 3864 1481 ἀναχθεὶς,

2305 1509 2406 1579 τὴν
2426 1508 2535 1561 τῶν
2552 1508 2883 1579 παραλόγων
2925 1506 3179 1578 οὖδαμῶς
3216 1505 3591 1574 ἐπιγνώσεται
3619 1504 3777 1558 θέσιν.
3803 1508 3865 1558 Oti

2306 1601 2417 1671 γὰρ
2440 1599 2680 1654 -δυνατδν
2709 1600 2878 1670 ἄμφω
2910 1599 3055 1652 κατά
3078 1598 3274 1651 ταύτὸν
3303 1598 3419 1666 ἅμα
3446 1596 3785 1666 καταθρῆσαι
3811 1597 3867 1648 τὰ

616 1692 829 1740 turum.
869 1688 988 1743 Non
1014 1690 1171 1743 enim
1204 1689 1486 1744 contraria
1517 1686 1824 1741 secundum
1859 1687 2004 1741 idem
2040 1687 2194 1741 simul

2308 1691 2685 1762 ἀντικείμενα,
2725 1692 2821 1744 καὶ
2840 1688 3061 1761 ’θατέρῳ
3085 1688 3204 1761 ἅμα
3222 1688 3282 1741 τὸ
3308 1689 3497 1759 ἕτερον
3527 1687 3732 1756 γνῶναι
3760 1704 3866 1739 συν-

604 1778 863 1847 conspici
910 1788 1172 1848 possunt,
1220 1788 1386 1849 atque
1420 1780 1670 1834 alterunt
1698 1794 1815 1832 una
1855 1792 1980 1832 cum
2012 1778 2194 1834 altera

2308 1759 2730 1855 εμφαινόμενον.

602 1869 781 1924 simul
814 1872 1057 1926 elucere.
1612 1932 1613 1935 η

560 2002 561 2037 1
683 1964 773 2019 98.
816 1963 1104 2032 Siquidem
1161 1964 1218 2017 in
1267 1961 1409 2027 ﬁde,
1453 1962 1808 2017 inﬁdelitatis
1853 1962 2005 2017 nulla
2058 1962 2201 2017 ratio

556 2046 561 2141 ὲ
599 2063 730 2121 est;
775 2070 958 2123 neque
1002 2055 1097 2108 lux
1148 2070 1249 2124 per
1298 2063 1555 2109 naturam
1598 2053 1956 2108 tenebrarum
2004 2063 2201 2109 auctor

556 2148 560 2191 ῗ
602 2154 725 2213 εει;
759 2162 865 2201 nec
902 2147 1127 2201 diabolo
1160 2154 1547 2216 comparatum
1582 2154 1644 2200 ut
1677 2162 1786 2201 una
1820 2162 1946 2201 cum
1971 2144 2200 2201 Christo

556 2236 557 2241 “
608 2246 955 2308 compareat;
982 2238 1155 2308 .plane
1199 2253 1383 2307 neque
1428 2246 1490 2292 ut
1520 2237 1722 2292 rationi
1755 2237 1981 2291 omnino
2012 2251 2200 2293 comes

550 2391 555 2395 ,
608 2330 860 2396 exsistat,
892 2330 1041 2400 quod
1074 2330 1357 2385 ‘abhorret
1382 2345 1414 2383 a
1446 2329 1684 2383 ratione.
1726 2328 1824 2383 Sin
1859 2338 2045 2383 autem
2076 2344 2198 2383 om-

606 2422 745 2478 nino
789 2422 994 2477 rationi
1011 2437 1361 2478 .comesesse
1394 2436 1504 2475 non
1538 2429 1720 2490 potest
1750 2420 1899 2490 quod
1924 2420 2201 2475 abhorret

597 2527 642 2567 a
675 2513 926 2579 ratione,
954 2512 1050 2583 qui
1096 2512 1164 2566 ad
1197 2512 1470 2565 virtutum
1506 2510 1778 2565 rationem
1823 2519 2050 2564 evectus
2089 2517 2195 2575 εει,

597 2604 1033 2682 abhorrentium
1073 2618 1103 2657 a
1145 2601 1358 2657 ratione
1394 2601 1727 2671 positionem
1765 2599 2196 2670 haudquaquam

596 2701 905 2762 agnoscet;
957 2692 1054 2761 qui
1104 2692 1321 2747 scilicet
1365 2692 1562 2756 solam,
1604 2691 1686 2745 uti
1735 2689 1854 2760 ipsa
1895 2704 1955 2745 se
2003 2689 2191 2757 habet,

606 2798 718 2837 nor.
752 2790 815 2837 ut
860 2783 1232 2848 existimatur,
1264 2791 1565 2854 cognoscat
1604 2782 1872 2837 virtutem
1900 2798 1916 2834 :
1950 2780 2195 2851 hincque

594 2886 715 2942 est,
747 2884 811 2931 ut
849 2890 1030 2947 neque
1060 2876 1377 2931 dexteram'
1401 2890 1502 2945 per
1546 2888 1858 2937 excessum,
1898 2888 2079 2943 neque
2114 2874 2193 2928 si-

602 2968 835 3022 nistram
871 2982 973 3037 per
1015 2965 1320 3029 defectum,
1352 2965 1512 3020 sciat.
1552 2964 1797 3033 Utraque
1840 2952 1991 3017 enim
2033 2970 2193 3037 parte

598 3056 784 3123 palam
814 3032 1161 3125 intelligitur,
1189 3054 1340 3122 quod
1368 3053 1669 3108 abhorreat
1699 3032 1729 3106 a
1759 3052 1996 3108 ratione.
2034 3032 2049 3034 θ
2161 3032 2172 3049 ’

673 3142 765 3197 99.
804 3112 1387 3198 [nﬁdelitatein-vocat
1415 3156 1515 3197 seu
1545 3140 2012 3207 incredulitatem,
2040 3140 2191 3210 quod
2218 3112 2262 3173 α

2366 1964 2491 2035 'kq'.
2531 1963 2605 2020 Εῑ
2625 1964 2897 2029 ἀπιστίας
2934 1963 2997 2019 ὶν
3016 1962 3083 2036 τῇ
3130 1963 3317 2017 πίστει
3337 1958 3508 2031 λόγος
3538 1959 3740 2025 οὐδεὶς,
3762 1959 3864 2014 οὐδὲ

2309 2055 2538 2120 σνκότους
2587 2056 2740 2110 αίτία
2788 2056 2933 2110 κατὰ
2981 2055 3144 2123 φύσιν
3190 2052 3429 2125 ὖπάρχει
3475 2052 3541 2107 τδ
3582 2053 3716 2121 φῶς,
3758 2053 3863 2107 οὐδὲ

2306 2146 2531 2219 Χριστῷ
2559 2146 3044 2201 συνενδείκνυσθαι
3086 2147 3330 2216 πέφυκεν
3372 2146 3401 2199 ό
3445 2142 3712 2208 διάϐολος,
3727 2144 3863 2214 δῆλον

2304 2238 2381 2301 ὡς
2407 2238 2530 2292 οὐδὲ
2561 2238 2642 2309 τῷ
2668 2238 2812 2309 λόγῳ
2839 2239 3172 2311 τοπαράπαν
3186 2238 3533 2308 ’συνυπάρχει
3567 2236 3628 2291 τδ
3652 2238 3863 2308 παράλο-

2307 2346 2425 2399 γον.
2458 2330 2521 2384 Ei
2562 2329 2622 2383 δὲ
2673 2329 2752 2401 τῷ
2786 2330 2935 2402 λόγῳ
2974 2328 3218 2385 συνεῖναι
3252 2331 3537 2393 παντελῶς
3558 2331 3628 2383 οὖ
3666 2330 3861 2384 δῦναται

2306 2420 2369 2473 τὸ
2399 2421 2737 2493 παράλογον,
2768 2423 2796 2475 ό
2829 2422 2968 2492 πρὸς
3008 2421 3103 2475 τὸν
3147 2421 3306 2490 λόγον
3345 2422 3457 2475 τῶν
3507 2420 3717 2490 ἀρετῶν
3748 2423 3859 2475 ἀνα·

2303 2511 2475 2583 χθεὶς,
2526 2511 2627 2584 τὴν
2689 2513 2799 2566 τῶν
2845 2513 3178 2583 παραλόγων
3225 2510 3479 2585 οὐδαμῶς
3527 2514 3860 2583 ἐπιγνώσεται

2303 2604 2475 2669 θέσιν,
2519 2605 2689 2677 μόνην
2719 2606 2796 2668 ὡς
2830 2606 3004 2669 ἐστιν,
3040 2604 3158 2659 ἀλλ’
3201 2607 3301 2677 οὐχ
3353 2607 3430 2670 ὡς
3481 2606 3760 2678 multum
3786 2624 3859 2675 γι-

2301 2697 2531 2751 νώσκων
2560 2698 2659 2769 τὴν
2690 2699 2895 2769 ἀρετήν
2914 2716 2929 2731 ο
2966 2696 3060 2752 καλ
3090 2698 3179 2753 διὰ
3208 2698 3371 2753 τοῦτο
3420 2698 3569 2769 μῆτε
3598 2698 3771 2764 δεξιὰν
3788 2700 3861 2753 διὰ

2301 2793 2401 2861 τῆς
2431 2788 2773 2863 ὑπερϐολῆς,
2818 2793 2958 2863 μήτε
3000 2792 3299 2865 ἀριστερὰν
3335 2793 3425 2847 διὰ
3464 2794 3573 2863 τῆς
3604 2793 3859 2864 unum

2301 2883 2691 2954 ἐπιστάμενος.
2735 2883 2856 2938 Ἐπ’
2891 2885 3096 2956 ἀμφοῖν
3140 2886 3252 2957 γὰρ
3282 2885 3581 2956 θεωρεῖται
3612 2886 3857 2955 σαφῶςτδ

2299 2974 2629 3046 παράλογον.

2367 3152 2475 3220 ιιιθ¹.
2530 3154 2819 3209 ’Δπιστίαν
2855 3154 3029 3226 λέγει,
3061 3155 3161 3227 τὴν
3190 3156 3423 3227 ἄρνησιν
3456 3158 3572 3210 τῶν
3618 3155 3851 3211 ἒντολῶνο

601 3236 730 3306 quis
760 3236 999 3307 abneget
1037 3236 1327 3302 mandata;
1374 3234 1540 3290 ﬁdem
1577 3250 1733 3299 vero,
1770 3234 1921 3304 quod
1963 3235 2073 3291 illis
2110 3252 2194 3291 as-

2298 3242 2482 3297 πίστιν
2517 3245 2599 3307 δὲ,
2644 3245 2742 3316 τὴν
2771 3245 2954 3299 αὐτῶν
3001 3243 3435 3315 συγκατάθεσινο
3473 3248 3537 3301 τὸ
3574 3247 3633 3301 δὲ
3670 3248 3850 3309 σκότος,

600 3342 829 3383 sensum
895 3328 1161 3398 praebeat.
1235 3327 1555 3391 Tenebras,
1635 3325 1771 3380 boni
1855 3326 2192 3398 honestique

600 3420 998 3491 ignorantiam;
1044 3420 1254 3484 lucem,
1300 3420 1423 3490 ejus
1469 3418 1831 3488 agnitionem.
1882 3417 2192 3489 Christum,

599 3513 733 3569 boni
774 3513 1111 3583 honestique
1145 3511 1450 3582 appellavit
1490 3511 1791 3567 essentiam
1828 3525 1895 3567 ac
1928 3512 2192 3569 substan-

600 3605 755 3661 tiam.
809 3605 1101 3659 Diabolum
1152 3602 1432 3673 denique,
1471 3602 1568 3672 qui
1624 3602 1898 3658 malorum
1942 3605 2190 3661 omnium

598 3710 803 3765 parens
830 3695 1083 3759 exsistat,
1112 3693 1417 3763 pessimum
1453 3692 1731 3748 habitum.

670 3788 800 3843 £00.
824 3786 965 3841 Cum
1005 3785 1148 3841 ratio
1184 3800 1373 3840 rerum
1412 3784 1541 3840 ﬁnis
1586 3786 1897 3856 modusque
1933 3787 2187 3854 exsistat,

595 3879 831 3950 perinde
867 3888 953 3934 est
992 3878 1061 3933 ad
1109 3877 1341 3933 rationis
1381 3878 1714 3945 absentiam,
1746 3888 1913 3949 atque
1960 3879 2098 3935 adeo
2128 3891 2190 3937 ut

595 3987 626 4025 a
660 3970 875 4026 ratione
906 3971 1223 4035 abhorreat,
1258 3979 1461 4040 praeter
1498 3972 1663 4026 tinem
1708 3971 2062 4042 modumque,
2091 3984 2189 4029 aut

596 4080 793 4119 rursus
817 4079 988 4134 supra
1020 4063 1134 4128 illa,
1164 4063 1400 4119 moveri.
1427 4062 1719 4120 Utrumvis
1744 4064 1916 4131 enim,
1946 4065 2068 4130 hos,
2089 4067 2187 4136 qui

594 4157 678 4213 sic
722 4165 1076 4220 moveantur,
1102 4155 1177 4211 ab
1213 4171 1283 4211 eo
1329 4155 1477 4226 quod
1525 4164 1610 4210 est
1657 4157 1881 4227 proprie
1927 4172 2187 4215 exerrare

593 4249 778 4305 facit:
814 4249 1050 4304 alterum
1096 4249 1354 4319 quidem,
1411 4248 1686 4304 incertum
1742 4249 2021 4320 nullisque
2070 4260 2185 4307 ter-

591 4341 761 4396 minis
791 4340 1082 4396 deﬁnitum
1130 4355 1356 4395 cursum
1399 4355 1668 4411 peragere
1703 4340 1971 4409 suadens;
2020 4343 2187 4414 610

2295 3333 2392 3387 τοῦ
2427 3333 2595 3387 καλοῦ
2622 3335 2721 3404 τὴν
2750 3334 2978 3404 ἀγνοιαν
3000 3351 3015 3367 ’
3051 3336 3114 3388 τὸ
3143 3335 3202 3389 δὲ
3238 3337 3379 3405 φῶς,
3418 3337 3523 3409 τὴν
3552 3340 3737 3391 τοῦτου
3763 3337 3852 3391 διά-

2294 3441 2522 3492 γνωσιν.
2564 3425 2802 3498 Χριστὸν
2835 3426 2891 3481 δὲ
2919 3425 3184 3499 κέκληκε,
3221 3427 3320 3498 τὴν
3350 3428 3545 3483 οὐσίαν
3586 3428 3679 3482 τοῦ
3709 3428 3847 3481 καλοῦ

2293 3519 2390 3572 καὶ
2438 3517 2540 3589 τὴν
2579 3517 2915 3574 ὐπόστασινυ
2951 3519 3043 3574 τδν
3086 3520 3334 3575 διάϐολον
3387 3520 3471 3587 δὲ,
3518 3520 3618 3593 τὴν
3656 3520 3845 3575 πάντων

2291 3606 2623 3681 γεννητικὴν
2642 3609 2755 3665 τῶν
2778 3608 2972 3666 κακῶν
3003 3612 3293 3685 χειρίστην
3321 3610 3461 3678 ἕξιν.

2356 3793 2431 3858 ρ’.
2473 3786 2538 3841 Et
2571 3787 2696 3860 ὅρος
2730 3788 2968 3863 ὑπάρχει
3018 3790 3112 3845 καὶ
3160 3790 3361 3863 μέτρον
3386 3790 3497 3845 τῶν
3523 3791 3693 3846 όντων
3720 3790 3745 3844 ό
3770 3789 3842 3844 λό-

2288 3896 2407 3949 γος,
2440 3880 2558 3936 ἴσον
2601 3882 2740 3953 πρὸς
2786 3882 3013 3952 ἀλογίαν
3041 3883 3179 3949 ἐστὶ,
3210 3884 3306 3938 καὶ
3336 3883 3425 3936 διὰ
3448 3884 3609 3937 τοῦτο
3638 3882 3842 3953 παράλο-

2289 3986 2409 4038 γον,
2439 3970 2502 4024 τδ
2533 3972 2690 4043 παρὰ
2709 3972 2803 4026 τὸν
2833 3973 2957 4043 ὅρον
2986 3972 3081 4026 καὶ
3109 3972 3261 4042 παρὰ
3306 3971 3365 4026 τδ
3392 3973 3618 4045 μέτρον,
3647 3972 3678 4043 ἢ
3708 3970 3841 4025 πάλιν

2288 4061 2429 4133 ὑπὲρ
2459 4062 2551 4116 τὸν
2584 4062 2713 4134 ὅρον
2753 4063 3027 4117 κινεῖσθαι
3050 4064 3145 4118 καὶ
3178 4062 3321 4135 ὑπὲρ
3352 4062 3414 4115 τὸ
3448 4064 3669 4135 μέτρον.
3714 4060 3839 4115 Ἐπί-

2289 4166 2391 4221 σης
2424 4149 2535 4222 γὰρ
2583 4150 2752 4222 ἄμφω
2796 4154 2910 4216 τοῖς
2960 4151 3106 4205 οὕτω
3147 4150 3487 4223 κινουμένοις
3533 4151 3628 4204 τοῦ
3662 4150 3837 4222 κυρίως

2286 4242 2438 4304 ὄντος
2480 4241 2640 4314 φέρει
2683 4244 2785 4314 τὴν
2826 4243 3138 4298 ἔκπτωσιν·
3181 4243 3245 4297 τδ
3290 4245 3411 4315 μὲν,
3460 4244 3653 4316 ἄδηλον
3683 4245 3836 4305 nimi;

2286 4334 2557 4388 ποιεῖσθαι
2584 4333 2680 4388 τοῦ
2724 4335 2927 4407 δρόμου
2962 4337 3150 4389 πεῖθον
3182 4335 3281 4407 τὴν
3329 4336 3545 4407 κίνησιν
3584 4336 3675 4389 καὶ
3708 4334 3835 4404 ἀόρι·

591 4433 673 4487 sic
722 4432 1009 4497 nimirum,
1040 4441 1105 4487 ut
1146 4448 1260 4502 prae
1309 4433 1512 4487 mentis
1557 4431 2017 4500 immoderantia,
2066 4442 2185 4489 tan-

2296 4442 2434 4494 στον,
2476 4427 2579 4480 οὐκ
2640 4426 2873 4498 ἔχουσαν
2931 4426 3134 4481 σκοπὸν
3180 4428 3271 4482 τὸν
3314 4428 3449 4482 Θεὸν
3488 4428 3557 4483 δι’
3601 4427 3833 4498 ἀμετρίαν

590 4541 757 4596 quam
788 4525 953 4580 ﬁnem
986 4525 1099 4579 illis
1128 4537 1600 4595 prazoonceptum,
1628 4525 1806 4581 Deum
1846 4525 2183 4581 destinatum

588 4631 702 4672 non
750 4616 1027 4681 habeant;
1068 4615 1201 4670 dum
1249 4631 1319 4671 eo
1370 4615 1518 4686 quod
1564 4615 1823 4671 dextrum
1867 4625 1987 4682 est,
2036 4617 2182 4673 aliud

587 4701 723 4773 quid
769 4702 947 4773 magis
990 4701 1251 4756 dextrum
1300 4718 1367 4758 ac
1413 4703 1653 4769 beatius,
1688 4705 1965 4761 somniant
2000 4721 2015 4760 :
2051 4706 2184 4761 alte-

587 4811 712 4850 rum
752 4811 884 4851 vero
936 4794 994 4850 in
1043 4794 1291 4850 animum
1343 4794 1639 4861 inducens,
1670 4808 1732 4853 ut
1772 4808 1974 4868 przeter
2012 4798 2184 4855 desti-

586 4898 800 4951 natum,
834 4886 892 4941 in
944 4886 1126 4942 solum
1174 4901 1399 4939 sensum
1440 4901 1663 4941 cursum
1703 4887 2020 4955 intendant;
2051 4888 2181 4943 dum

586 4992 699 5046 pra:
749 4974 955 5029 mentis
1006 4972 1356 5044 pusillitate,
1402 4988 1566 5042 quem
1616 4990 1780 5030 sensu
1828 4977 2181 5032 circumscri-

585 5065 762 5130 bunt,
816 5072 1263 5135 prazconceptum
1315 5063 1480 5118 tinem
1539 5064 1875 5123 existimant.
1923 5067 2050 5121 Hazc
2100 5068 2181 5121 rei

584 5158 709 5229 ipso
735 5174 902 5215 sensu
943 5173 1055 5213 non
1096 5157 1408 5236 experitur,
1443 5157 1538 5227 qui
1577 5157 1679 5211 soli
1713 5159 1937 5214 virtutis
1979 5160 2180 5215 rationi

583 5250 897 5317 devinctus,
922 5264 1146 5305 omnem
1183 5248 1391 5304 mentis
1422 5264 1534 5304 suae
1562 5248 1839 5304 facultatis
1872 5259 2083 5305 motum
2114 5268 2178 5308 ea

582 5340 869 5406 deﬁnivit;
901 5355 966 5394 ex
996 5354 1108 5409 quo
1142 5338 1219 5393 illi
1247 5348 1355 5403 est,
1386 5349 1448 5393 ut
1482 5338 1624 5393 nihil
1654 5354 1819 5409 supra
1846 5348 1942 5393 aut
1974 5349 2172 5409 praeter

583 5428 877 5493 rationem,
909 5428 1113 5499 illaque
1138 5428 1311 5482 invita
1339 5428 1526 5482 animo
1560 5427 1801 5499 cogitare
1830 5428 2025 5499 possit.

899 5539 1158 5607 QUINTO
1194 5540 1521 5597 CENTENA
1553 5540 1640 5596 CA
1650 5541 1827 5597 PITA.

654 5634 706 5686 Ι.
747 5632 1025 5688 Naturalis
1054 5633 1217 5697 ratio,
1251 5649 1350 5703 per
1380 5634 1591 5689 medias
1620 5632 1877 5702 virtutes,
1908 5651 2034 5692 eum
2073 5637 2164 5705 qui

652 5742 671 5831 ς
697 5740 783 5796 Cf.
818 5741 884 5796 ad
915 5742 1075 5799 Thal.
1100 5760 1156 5814 q.
1192 5746 1279 5799 64.

2287 4516 2425 4583 νοὸς,
2454 4517 2531 4582 ὡς
2562 4517 2717 4583 τέλος
2756 4520 2941 4583 αὐτοῖς
2975 4518 3500 4591 προεπινοούμενονο
3534 4518 3628 4573 τοῦ
3664 4516 3831 4583 δεξιοῦ.

2282 4606 2602 4681 δεξιώτερον
2649 4609 3183 4681 ἀναπλαττομένοις⁹
3229 4612 3291 4665 τδ
3332 4612 3411 4677 δὲ,
3449 4610 3602 4683 παρά
3624 4610 3709 4665 τὸν
3732 4626 3830 4663 σκο-

2283 4701 2408 4767 πὸν,
2442 4702 2584 4774 πρὸς
2628 4703 2797 4774 μόνην
2843 4703 2943 4775 τὴν
2992 4702 3249 4775 αἴσθησιν
3288 4704 3490 4768 αὐτοὺς
3528 4702 3727 4766 πεῖθον,
3753 4698 3828 4752 τοῦ

2284 4793 2486 4867 δρόμου
2513 4794 2788 4849 ποιεῖσθαι
2812 4795 2914 4865 τὴν
2949 4795 3188 4865 κίνησιν,
3212 4795 3280 4850 δι’
3307 4795 3527 4860 ἀτονίας
3556 4795 3692 4858 νοὸς,
3720 4810 3827 4864 προσ

2287 4885 2675 4957 επινοούμενον
2725 4886 2879 4951 τέλος
2924 4887 3270 4958 νομίζοντας,
3336 4888 3397 4939 τὸ
3441 4888 3564 4941 κατ’
3608 4885 3827 4954 αῖσθησιν

2281 4978 2466 5041 αὐτοῖς
2511 4978 3025 5049 περιγραφόμενον*
3056 4978 3201 5048 ἅπερ
3231 4979 3415 5048 ἀγνοεῖ
3457 4979 3532 5052 μὴ
3564 4976 3858 5079 “aqua...”

2283 5070 2429 5139 μόνῳ
2472 5069 2549 5139 τῷ
2591 5070 2736 5141 λόγῳ
2784 5070 2891 5140 τῆς
2920 5072 3123 5143 ἀρετῆς
3153 5071 3516 5143 συνημμένος,
3549 5072 3641 5126 καὶ
3674 5071 3823 5123 πᾶσαν

2278 5160 2429 5229 αὐτῷ
2474 5162 2574 5231 τῆς
2602 5160 2747 5215 κατά
2784 5161 2912 5215 νοῦν
2952 5161 3165 5226 οἰκείας
3195 5162 3478 5231 δυνάμεως
3510 5159 3820 5232 περιγράψας

2276 5253 2377 5323 τὴν
2408 5252 2647 5323 κίνησιν,
2694 5254 2789 5308 καὶ
2837 5253 3087 5308 διατοῦτο
3131 5255 3297 5325 μηδὲν
3332 5256 3474 5326 ὑπὲρ
3520 5256 3610 5309 τὸν
3637 5248 3816 5321 λόγονῆ

2281 5348 2433 5416 παρὰ
2462 5345 2553 5399 τὸν
2585 5345 2743 5415 λόγον
2781 5346 3113 5401 διανοεῖσθαι
3146 5346 3465 5416 δυνάμενος.

2681 5546 3099 5601 ΕΚᾹΤΟΝΤᾹΣ
3138 5546 3455 5601 ῐῘΕΜΠΤΠ.

2347 5644 2417 5694 α’.
2462 5642 2475 5659 ⁶
2513 5640 2572 5691 ’0
2613 5640 2752 5696 κατά
2797 5638 2961 5709 φύσιν
3008 5640 3186 5710 λόγος,
3232 5640 3320 5694 διὰ
3368 5640 3544 5717 μέσων
3582 5636 3684 5693 τῶν
3706 5636 3811 5717 ἀρ(-
