4108 6446
254 306 393 377 13Ξ9

927 306 1261 369 CAPITUM
1302 256 1730 377 QJINQUIES
1766 292 2289 365 CENTENORUM
2325 302 2715 364 CENTURIA
2753 299 2817 365 V.

3399 296 3536 369 1350

249 431 381 493 τῶν,
414 427 554 499 πρὸς
583 425 676 480 τὸν
712 424 837 479 νοῦν
879 424 1108 493 ἀνάγειν
1156 421 1371 495 πέφυκε
1414 424 1507 477 τὸν
1545 419 1841 493 έπιμελοὺ-

1965 421 2151 476 ictioni
2195 421 2535 492 diligentiam
2577 421 2765 488 habet,
2804 419 2874 475 ad
2908 415 3331 493 intelligentiam
3374 437 3536 477 men-

249 538 414 591 μενον
446 520 699 591 πράξεως
720 532 734 547 ’
770 521 798 572 ό
825 512 881 572 δὲ
924 512 1049 581 νοῦς
1080 513 1218 588 πρὸς
1251 518 1348 589 τὴν
1390 517 1586 586 σοφίαν
1624 515 1838 583 εἰσάγει

245 610 337 665 διὸ⁴
360 606 606 683 θεωρίας
648 608 739 663 τὸν
783 610 1071 680 ἐφιέμενον
1110 608 1387 677 γνώσεως.
1424 610 1497 662 Τὸ
1520 609 1575 662 δὲ
1603 607 1842 679 παράλο·

246 719 347 768 γον
377 701 569 764 πάθος,
604 700 742 765 πρὸς
786 699 885 769 τὴν
930 698 1185 769 αἴσθησιν
1214 698 1391 752 πείθει
1432 698 1842 768 καταφέρεσθαι

248 794 346 848 τὸν
376 791 688 864 ἀμελοῦντα
720 791 829 845 τῶν
866 791 1123 853 ὲντολῶν,
1157 780 1225 862 ἧς
1267 787 1420 855 τέλος
1450 786 1589 857 ἐστὶ,
1618 789 1678 843 τὸ
1705 789 1843 861 πρὸς

246 885 351 957 τὴν
382 884 577 955 ἡδονὴν
608 880 997 954 καθηλωθῆναι
1019 878 1112 934 τὸν
1140 879 1286 937 νοῦν.

307 1064 393 1131 .B'.
447 1062 681 1134 ⁹Ἀρετὴν
724 1062 903 1122 καλεῖ,
936 1060 1037 1131 τὴν
1069 1059 1458 1130 ὰπαθεστάτην
1499 1062 1597 1114 καὶ
1637 1058 1843 1129 παγίαν

249 1152 388 1230 περὶ
414 1156 475 1210 τὸ
501 1152 668 1209 καλὸν
713 1155 849 1219 ἕξιν,
879 1148 946 1225 ἧς
984 1152 1070 1221 ἐφ’
1096 1152 1339 1223 έκάτερα
1369 1151 1715 1224 καθέστηκεν
1754 1154 1846 1207 οὑ-

248 1250 366 1315 δὲν,
406 1249 541 1303 Θεοῦ
573 1248 845 1318 φερούσης
871 1246 1223 1317 χαρακτῆρα,
1256 1238 1300 1312 ᾧ
1328 1244 1480 1298 οὐδέν
1505 1245 1653 1297 ἐστιν
1688 1246 1845 1298 ἐναν-

248 1342 389 1395 τίον.
420 1338 583 1393 Δίτία
629 1338 687 1391 δὲ
725 1336 836 1390 τῶν
870 1336 1081 1407 ἀρετῶν
1116 1337 1267 1387 ἐστιν
1297 1337 1324 1388 ὁ
1363 1334 1497 1397 Θεὸς
1518 1350 1532 1364 ·
1564 1330 1755 1388 τοῦτου
1787 1335 1845 1387 δὲ

241 1433 380 1487 κατ’
402 1428 685 1503 ἐνέργειαν
717 1428 948 1498 γνῶσις,
985 1430 1019 1498 ἡ
1051 1426 1143 1481 τοῦ
1165 1422 1287 1481 κατ’
1319 1425 1579 1497 ἀλήθειαν
1602 1427 1847 1495 ἐπεγνω-

253 1526 415 1587 κότος
439 1523 529 1576 τὸν
551 1522 685 1575 Θεὸν
705 1520 842 1593 πρὸς
868 1520 931 1574 τὸ
955 1518 1178 1591 πνεῦμα
1205 1517 1347 1573 κατὰ
1374 1518 1473 1583 τὴν
1496 1517 1610 1582 ἕξιν
1623 1517 1850 1571 ἀλλοίω-

245 1630 369 1682 me.

327 1715 397 1777 γ’.
422 1707 486 1762 El
508 1708 535 1761 ό
550 1705 708 1777 λόγος
734 1700 987 1777 διῶρισεν
1009 1703 1085 1769 ὡς
1113 1702 1356 1773 πέφυκεν
1373 1702 1604 1757 ἑκάστου
1626 1703 1724 1774 τὴν
1740 1700 1849 1772 γέ-

238 1773 428 1865 νεσιν,
455 1799 608 1853 οὐδὲν
625 1773 746 1852 τῶν
768 1773 938 1851 ὄντων
967 1796 1130 1849 ἑαυτὸ
1143 1794 1389 1865 φυσικῶς
1413 1795 1445 1865 ἢ
1470 1794 1850 1865 ὑπερϐέϐηκεν
1882 1773 1923 1830 Β

254 1893 290 1962 ἢ
327 1890 689 1960 ὑποϐέϐηκεν.
729 1885 939 1942 Οὑκοῦν
973 1888 1097 1957 ὅρος
1142 1886 1241 1957 μὲν
1269 1886 1379 1939 τῶν
1405 1886 1577 1939 ὄντων
1620 1886 1786 1950 ἐστὶν,
1816 1886 1851 1955 ἡ

258 1982 383 2035 κατ’
402 1981 587 2051 ἔφεσιν
602 1980 702 2050 τῆς
716 1979 895 2043 αἰτίας
920 1979 1259 2046 ἐπίγνωσιςο
1269 1975 1470 2048 μέτρον
1499 1976 1577 2041 δὲ,
1601 1978 1640 2048 ἡ·
1656 1975 1850 2047 ἐφικτὴ

259 2076 375 2137 τοῖς
395 2066 513 2127 οὖσι
542 2072 665 2126 κατ’
708 2071 990 2139 ἐνέργειαν
1011 2069 1111 2139 τῆς
1139 2070 1319 2131 αίτίας
1344 2068 1668 2139 έκμίμησις.
1699 2067 1773 2120 Τὸ
1795 2067 1852 2120 δὲ

262 2164 408 2235 ὑπὲρ
433 2165 522 2217 τὸν
547 2164 674 2233 ὅρον
708 2158 973 2233 φέρεσθαι
996 2161 1092 2215 καὶ
1123 2160 1184 2214 τὸ
1220 2158 1421 2231 μέτρον
1452 2158 1562 2212 τῶν
1599 2156 1854 2229 κινουμέ-

260 2273 373 2309 νων
398 2254 497 2326 τὴν
525 2254 730 2323 ἔφεσιν,
764 2253 1023 2322 ἀνόνητον
1055 2253 1201 2305 ποιεῖ
1235 2252 1325 2304 τὸν
1348 2251 1569 2321 δρόμον,
1610 2247 1685 2321 μὴ
1710 2266 1847 2303 κατ-

261 2345 551 2401 αντῶντων
604 2347 683 2409 είς
731 2344 885 2408 Θεὸν,
938 2345 996 2396 έν
1045 2336 1091 2411 ᾧ
1138 2340 1328 2413 ἡκατ’
1377 2343 1563 2411 ἔφεσιν
1629 2341 1848 2395 πάντων

258 2436 487 2489 ἵσταται
536 2435 769 2506 κίνησις,
820 2432 1232 2489 αὑθυπόστατον
1269 2431 1534 2501 δεχομένη
1563 2428 1717 2495 τέλος
1748 2429 1847 2483 τοῦ

264 2526 404 2580 Θεοῦ
439 2525 537 2597 τὴν
562 2525 887 2580 ἀπόλαυσιν.
922 2523 996 2577 Τὸ
1027 2522 1085 2575 δὲ
1127 2520 1281 2593 παρά
1309 2522 1400 2574 τὸν
1430 2522 1555 2592 ὅρον
1586 2520 1846 2592 φέρεσθαι

267 2619 451 2674 καὶτὸ
483 2619 685 2691 μέτρον
718 2618 828 2672 τῶν
863 2616 1204 2689 κινουμένων
1231 2615 1330 2687 τὴν
1361 2614 1568 2684 ἔφεσιν,
1601 2614 1858 2684 ἀνόνητον

260 2713 416 2764 Ἷἐτοιεὶ
444 2710 535 2764 τὸν
567 2709 789 2782 δρόμον,
819 2707 943 2763 ἀντὶ
986 2703 1124 2760 Θεοῦ
1163 2704 1556 2759 καταντῶντων
1596 2704 1736 2776 πρὸς
1760 2704 1860 2774 τὴν

268 2803 550 2874 αἴσθησιν,
597 2803 655 2854 ἐν
773 2799 899 2854 καθ’
932 2798 1130 2871 ⁴ἡδονὴν
1175 2796 1410 2869 βέϐηκεν
1449 2798 1484 2868 ἡ
1518 2796 1627 2852 τῶν
1670 2796 1861 2851 παθῶν

271 2892 646 2955 ἀνυπόστατος
675 2890 999 2951 ἀπόλαυσις.

1943 522 2168 582 temque
2197 513 2444 582 proclive
2482 514 2785 583 provehit:
2820 529 2979 568 mens
3023 528 3159 567 vero
3198 516 3537 585 contempla-

1944 605 2114 659 tionis
2143 607 2293 658 cultu
2325 604 2569 659 scientiae
2598 604 2878 659 desiderio
2906 603 3185 668 aﬁ'ectum,
3215 604 3283 658 ad
3313 604 3531 674 sapien-

1945 697 2076 752 tiam
2109 697 2344 752 inducit.
2368 696 2500 763 Qum
2524 705 2707 751 autem
2736 714 2766 751 a
2795 696 3010 751 ratione
3038 695 3221 765 passio
3249 694 3534 759 abhorret,

1944 800 2007 845 ut
2058 791 2112 845 in
2162 806 2382 845 sensum
2434 806 2679 861 przeceps
2724 799 2852 845 ruat
2902 790 2981 844 illi
3041 796 3237 843 auctor
3282 797 3394 853 est,
3440 789 3534 858 qui

1944 882 2203 937 mandata
2232 882 2488 952 negligit;
2531 884 2689 952 cujus
2728 881 2856 937 ﬁnis
2888 893 2992 947 est,
3025 888 3088 935 ut
3127 895 3285 936 mens
3315 879 3537 934 libidini

1945 974 2154 1030 haereat
2180 974 2345 1044 eique
2375 974 2589 1029 conﬁxa
2619 975 2710 1028 sit.

2015 1066 2070 1120 2.
2122 1066 2395 1120 Virtutem
2458 1075 2655 1131 vocat,
2722 1065 3142 1135 pacatissimum
3208 1064 3540 1134 ﬁrmumque

1946 1158 2169 1215 honesti
2209 1158 2460 1228 rectique
2506 1156 2781 1223 habitum,
2827 1160 2969 1213 nihil
3019 1160 3284 1228 utrinque
3331 1156 3542 1211 haben-

1948 1260 2082 1317 tem,
2111 1252 2207 1322 qui
2243 1254 2340 1308 Dei
2385 1254 2764 1307 characterem
2810 1254 2971 1318 lerat,
3004 1255 3094 1309 cui
3138 1254 3278 1307 nihil
3310 1253 3544 1307 exsistat

1947 1344 2314 1399 contrarium.
2350 1340 2632 1399 Virtutum
2678 1350 2863 1397 autem
2911 1358 3077 1398 causa
3124 1344 3271 1398 Deus
3304 1351 3409 1407 est,
3442 1357 3539 1396 seu

1948 1442 2144 1490 auctor
2176 1453 2190 1489 :
2228 1431 2327 1488 Dei
2369 1450 2505 1488 vero
2548 1432 2605 1487 in
2655 1442 2780 1488 actu
2836 1432 3100 1503 cognitio,
3135 1433 3251 1502 ipsa
3287 1433 3407 1502 ejus
3446 1430 3540 1501 qui

1947 1540 2079 1581 vere
2146 1526 2321 1581 Deum
2378 1525 2607 1596 agnovit
2648 1524 2708 1579 in
2771 1524 3037 1594 spiritum
3094 1524 3288 1591 habitu
3342 1522 3545 1577 immu-

1950 1614 2108 1671 tatio.

2020 1709 2074 1762 5.
2112 1706 2251 1762 Cum
2293 1708 2458 1774 ratio,
2496 1708 2765 1779 cujusque
2804 1707 2907 1772 rei,
2940 1722 3043 1777 pro
3069 1722 3137 1762 eo
3170 1722 3236 1762 ac
3275 1706 3354 1761 illi
3395 1720 3546 1761 com—

1954 1808 2207 1871 paratum
2238 1808 2344 1865 est,
2380 1799 2746 1856 substantiam
2778 1806 3147 1871 naturamque
3182 1798 3543 1865 discreverit;

1954 1891 2106 1946 nulla
2158 1906 2249 1946 res
2291 1898 2377 1947 est
2424 1906 2548 1960 qua:
2596 1891 2834 1960 seipsam
2885 1898 3084 1945 natura
3137 1890 3401 1953 excedat,
3450 1896 3547 1943 aut

1954 1982 2135 2052 Seipsa
2171 1982 2405 2036 inferior
2432 1982 2524 2036 sit.
2560 1981 2753 2051 Itaque
2788 1997 2975 2036 rerum
3010 1981 3136 2036 ﬁnis
3163 1990 3329 2050 atque
3354 1980 3546 2036 termio

1954 2086 2084 2135 nus,
2125 2070 2384 2126 Auctoris
2430 2069 2709 2124 desiderio
2763 2070 2973 2141 agnitio
3024 2069 3241 2125 exsistit
3285 2084 3300 2122 :
3350 2068 3549 2122 modus

1953 2176 2110 2227 vero,
2142 2160 2264 2233 ejus
2311 2162 2490 2232 ipsius
2535 2160 2775 2217 imitatio
2819 2172 2932 2229 est,
2972 2177 3139 2233 quam
3192 2176 3284 2217 res
3321 2160 3377 2214 in
3419 2168 3546 2215 actu

1955 2252 2175 2323 assequi
2213 2254 2449 2323 possint.
2480 2252 2637 2320 Quod
2674 2269 2841 2323 porro
2883 2269 3050 2325 supra
3094 2252 3259 2309 ﬁnem
3294 2250 3552 2306 modum-

1955 2358 2087 2412 que,
2115 2359 2309 2399 eorum
2341 2360 2464 2414 quae
2492 2353 2787 2399 moventur
2812 2344 3090 2414 appetitus
3114 2343 3345 2407 feratur,
3381 2338 3554 2396 inuti-

1954 2436 2063 2490 lem
2093 2435 2280 2490 reddit
2307 2451 2557 2499 cursum,
2591 2436 2737 2506 qnod
2764 2435 2831 2489 ad
2860 2436 3033 2491 Deum
3056 2450 3168 2489 non
3197 2433 3547 2505 perveniant,

1956 2523 2014 2577 in
2059 2538 2171 2592 quo
2221 2523 2470 2577 omnium
2517 2522 2879 2593 appetitionis
2928 2531 3146 2588 motus,
3191 2522 3373 2593 ipsum
3416 2534 3553 2576 vere

1955 2614 2315 2671 exsistentem
2360 2616 2523 2670 ﬁnem
2558 2615 2798 2684 (beatam
2845 2614 3063 2670 scilicet
3100 2614 3197 2670 Dei
3246 2613 3552 2684 possessio-

1958 2707 2108 2779 nem)
2140 2716 2359 2770 nactus,
2389 2706 2756 2775 conquiescit.
2791 2706 2905 2761 Sint
2926 2715 3109 2761 autem
3146 2715 3350 2777 praeter
3383 2705 3553 2760 ﬁnem

1959 2799 2299 2868 modumque
2354 2813 2549 2852 eorum
2601 2798 2883 2870 appetitus
2939 2798 3172 2864 feratur,
3225 2814 3348 2869 quae
3399 2807 3555 2853 motu

1964 2891 2291 2955 incitantur,
2342 2888 2595 2943 inutilem
2650 2896 2880 2960 praestat
2934 2904 3194 2955 cursum,
3248 2889 3377 2944 dum
3432 2889 3559 2943 loco

272 2982 372 3038 Dei
443 2983 499 3037 in
563 2994 786 3036 sensum
826 2978 1102 3045 incidunt,
1142 2976 1200 3033 in
1241 2992 1352 3048 quo
1393 2978 1574 3034 inanis
1638 2978 2061 3049 frustraneaqne
2126 2979 2427 3035 affectuum
2491 2980 2902 3050 libidinumque
2976 2980 3169 3036 fruitio
3238 2981 3558 3052 voluptarie

270 3074 568 3132 conﬂatur.

347 3187 411 3243 δ’.
466 3189 523 3243 '0
552 3187 691 3260 πρὸς
717 3188 818 3260 τὴν
853 3186 1037 3241 αἰτίαν
1081 3186 1190 3240 τῶν
1224 3186 1395 3240 όντων
1442 3185 1690 3257 ἀσχέτως
1728 3186 1856 3239 ἀνα-

2036 3166 2194 3236 θιι
2248 3164 2301 3217 4.
2340 3164 2494 3219 Mens
2543 3164 2599 3218 in
2647 3179 2833 3219 rerum
2887 3178 3107 3219 causam
3149 3163 3561 3234 Auctoremque

277 3281 453 3346 τιθεὶς
514 3281 639 3336 νοῦν
670 3322 685 3347 ,
731 3282 989 3351 ἀγνοήσει
1038 3279 1344 3345 παντελῶς,
1392 3280 1595 3349 μηδένα
1642 3276 1863 3348 θεωρῶν

284 3376 467 3443 λόγον,
506 3376 562 3428 ἐν
602 3373 681 3446 τῷ
719 3374 863 3427 κατά
906 3373 1088 3426 πᾶσαν
1115 3371 1297 3426 αἰτίαν
1327 3371 1470 3442 ὑπὲρ
1496 3371 1673 3424 πάντα
1705 3370 1864 3438 λόγον

276 3469 398 3523 ὄντι
432 3466 756 3522 κατόὑσίαν
778 3464 898 3530 Θεῷ
922 3481 937 3496 ⁸
966 3464 1107 3537 πρὸς
1137 3464 1196 3518 δν
1223 3463 1332 3517 ἀπὸ
1360 3463 1471 3515 τῶν
1496 3463 1664 3518 όντων
1694 3464 1867 3517 ἀπάν-

279 3573 392 3611 των
428 3556 735 3619 συσταλεὶς,
763 3555 952 3608 οὐδένα
986 3553 1096 3607 τῶν
1147 3552 1243 3621 ἀφ’
1285 3546 1362 3605 ὧν
1410 3553 1622 3616 ἀπέστη
1667 3552 1864 3619 λόγων,

282 3649 601 3711 ἐπίσταται,
640 3647 801 3716 μόνον
848 3647 939 3699 τὸν
988 3644 1125 3715 πρὸς
1177 3643 1236 3696 ὃν
1276 3644 1465 3711 γέγονε
1508 3644 1649 3696 κατά
1683 3644 1865 3713 χάριν,

283 3739 713 3813 ἀνερμηνεὺτως
757 3738 1058 3809 θεώμενος.
1110 3738 1221 3790 Καὶ
1258 3737 1368 3806 γὰρ
1426 3737 1521 3789 καὶ
1576 3737 1703 3799 τοὺς
1759 3734 1867 3787 τῶν

284 3831 596 3902 ἀσωμάτων
642 3830 738 3883 καὶ
768 3830 894 3893 τοὺς
924 3827 1035 3880 τῶν
1078 3827 1347 3897 σωμάτων
1382 3826 1577 3896 ἀφίησι
1599 3826 1811 3894 λόγους,
1841 3827 1869 3878 ὁ

294 3923 437 3994 πρὸς
474 3919 566 3974 τὸν
611 3917 745 3973 Θεὸν
788 3915 1115 3989 ἀναδραμὼν
1146 3919 1266 3970 κατ’
1309 3917 1565 3969 ἔκστασιν
1606 3914 1749 3979 νοῦς,
1793 3915 1867 3967 Οὐ

285 4013 402 4084 γὰρ
444 4010 656 4081 πέφυκέ
693 4028 746 4064 τι
777 4009 896 4080 Θεῷ
923 4009 1032 4063 τῶν
1074 4009 1213 4080 μετά
1260 4008 1412 4075 Θεὸν,
1451 4009 1568 4078 ἅμα
1606 4022 1870 4076 συγκατο-

290 4103 611 4158 πτεὺεσθαι.

362 4281 402 4328 ε’
413 4315 425 4328 .
443 4274 579 4328 Ἑπά
589 4291 747 4347 ρατον
763 4274 930 4338 ὄντως
945 4272 1117 4334 πάθος
1150 4275 1179 4328 ό
1195 4272 1359 4343 τῦφος
1370 4313 1384 4338 ,
1406 4273 1498 4325 καὶ
1510 4272 1574 4325 ἐκ
1585 4270 1676 4323 δὺο
1690 4270 1875 4323 κακῶν

291 4368 437 4422 κατά
468 4366 718 4420 σύνθεσιν
746 4366 1160 4436 συνιστάμενον,
1197 4363 1583 4435 ὑπερηφανίας
1616 4364 1759 4432 φημὶ
1784 4362 1877 4414 καὶ

290 4457 635 4525 κενοδοξίας·
671 4451 747 4511 ὧν
786 4459 821 4527 ἡ
872 4456 973 4527 μὲν
1027 4455 1397 4527 ὑπερηφανία,
1432 4454 1530 4524 τὴν
1568 4454 1749 4507 αἰτίαν
1781 4455 1878 4522 ἀρ-

290 4552 466 4603 νεῖται
498 4549 599 4621 τῆς
632 4549 843 4621 ἀρετῆς
868 4548 964 4603 καὶ
1000 4548 1098 4618 τῆς
1145 4547 1363 4618 φύσεως
1382 4561 1397 4577 °
1428 4549 1462 4617 ὴ
1492 4546 1550 4599 δὲ
1579 4544 1876 4611 κενοδοξία,

289 4641 397 4712 τήν
426 4656 487 4693 τε
517 4640 701 4709 φύσιν,
731 4641 829 4695 κα)⁸
861 4639 1033 4712 αὐτὴν
1054 4638 1209 4694 νόθον
1244 4639 1345 4711 τὴν
1378 4638 1584 4708 ἀρετὴν
1614 4637 1879 4707 καθίστη-

294 4747 407 4786 σιν.
444 4731 612 4786 Οὐδὲν
638 4732 750 4805 γάρ
791 4718 889 4803 τῷΔ
911 4730 1254 4803 ὑπερηφάνῳ
1287 4730 1431 4784 κατά
1452 4729 1585 4785 Θεὸν
1615 4727 1883 4799 διαπράτ-

289 4839 473 4891 τεται,
504 4824 599 4878 καὶ
628 4824 781 4878 οὑδὲν
809 4823 889 4896 τῷ
928 4823 1188 4891 κενοδόξῳ
1226 4821 1368 4877 κατά
1417 4821 1581 4892 φύσιν
1622 4822 1883 4894 προέρχε-

291 4929 409 4967 ται.

372 5093 448 5153 ς’.
500 5087 914 5159 ’Υπερηφανίας
959 5087 1114 5156 ίδιον,
1162 5087 1225 5142 τὸ
1268 5087 1550 5159 ἀρνεῖσθαι
1611 5087 1702 5144 τὸν
1750 5089 1883 5144 Θεὸν

296 5179 507 5250 ἀρετῆς
558 5176 697 5232 εἶναι
750 5180 980 5248 γενέτην
1022 5178 1120 5233 καὶ
1155 5176 1405 5247 φύσεωςλ
1448 5177 1757 5242 κενοδοξίας
1802 5178 1881 5244 δὲ,

295 5273 363 5327 τὸ
398 5272 645 5345 μερίζειν
696 5271 794 5343 τὴν
850 5273 1014 5343 φύσιν
1066 5272 1210 5344 πρὸς
1267 5270 1493 5341 ὕφεσινσ
1547 5266 1623 5327 ὧν
1654 5272 1683 5324 ό
1715 5271 1885 5341 τῦφος

300 5362 443 5417 εἶναι
491 5364 739 5435 γέννημα
776 5363 1043 5433 πέφυκεν,
1077 5361 1190 5428 ἒξις
1219 5362 1422 5426 κακίας
1466 5362 1728 5433 ὑπάρχων
1766 5362 1885 5417 σύν-

302 5457 483 5521 θετος,
513 5456 651 5511 Θεοῦ
686 5459 918 5529 ἄρνησιν
960 5455 1208 5512 ἑκούσιον
1241 5455 1461 5527 ἔχουσα,
1492 5454 1589 5509 καί⁵
1619 5456 1717 5526 τῆς
1748 5457 1889 5510 κατά

306 5545 474 5617 φύσιν
510 5546 782 5618 ἰσοτιμίας
820 5546 1068 5616 ἄγνοιαν.

280 5710 307 5879 l

1965 3258 2140 3312 libere
2190 3257 2424 3321 intenta,
2478 3255 2708 3311 omnino
2760 3256 3058 3326 ignorabit,
3099 3256 3305 3309 nullam
3348 3255 3405 3309 in
3445 3257 3559 3311 Dco

1966 3358 2237 3404 contuens
2298 3349 2602 3413 rationem,
2669 3348 2765 3417 qui
2824 3348 3201 3403 essentialiter
3255 3347 3560 3403 secundum

1967 3454 2188 3494 omnem
2243 3455 2463 3494 causam
2494 3480 2510 3506 ,
2562 3441 2716 3494 omni
2769 3439 3026 3510 superior
3081 3439 3295 3495 ratione
3340 3449 3426 3495 est
3459 3458 3474 3494 :
3504 3442 3559 3496 in

1967 3545 2131 3599 quem
2180 3545 2211 3583 a
2258 3531 2476 3585 cunctis
2520 3532 2693 3585 rebus
2745 3530 2996 3595 collecta,
3039 3531 3245 3584 nullam
3278 3546 3493 3597 earum,
3529 3546 3563 3587 a

1968 3618 2173 3687 quibus
2202 3619 2492 3684 abscessit,
2528 3619 2808 3674 rationum
2852 3619 3034 3685 novit;
3072 3619 3251 3673 solum
3298 3618 3564 3674 nimirum

1969 3708 2038 3763 ad
2066 3724 2230 3779 quem
2264 3711 2442 3765 evasit
2485 3726 2586 3780 per
2624 3711 2881 3781 gratiam,
2929 3709 3305 3780 inexplicabili
3350 3710 3566 3765 ratione

1970 3814 2204 3854 cernens
2242 3816 2308 3855 ac
2355 3801 2735 3855 considerans.
2778 3801 2910 3867 Quae
2948 3800 3097 3855 enim
3135 3815 3293 3854 mens
3337 3814 3565 3855 excessu

1971 3894 2026 3948 in
2074 3894 2247 3948 Dcum
2294 3892 2561 3957 excurrit,
2608 3893 3063 3962 incorporeorum
3097 3892 3215 3963 (seu
3244 3889 3566 3961 spirituum)

1972 4001 2383 4056 corporumque
2438 3984 2636 4038 missas
2689 3984 2934 4038 rationes
2970 3983 3139 4038 -facit.
3190 3984 3329 4037 Nam
3385 3998 3569 4053 neque

1973 4086 2351 4147 comparatum
2401 4087 2520 4141 est,
2574 4086 2633 4130 ut
2681 4091 2877 4130 eorum
2928 4075 3176 4145 aliquid,
3222 4091 3344 4145 quae
3384 4091 3414 4130 a
3454 4076 3570 4130 Deo

1974 4168 2216 4223 secunda
2247 4178 2395 4233 sunt,
2428 4184 2537 4221 una
2567 4182 2694 4220 cum
2726 4168 2839 4221 Deo
2867 4167 3264 4235 conspiciatur.

2052 4262 2104 4315 5.
2147 4258 2560 4315 Exsccrandum
2592 4272 2783 4311 revera
2808 4256 3006 4309 vitium
3041 4255 3402 4324 aﬁ‘ectusque,
3434 4253 3563 4309 elati

1978 4353 2147 4408 animi
2179 4362 2363 4406 tumor
2391 4366 2455 4405 ac
2490 4350 2665 4403 fastus
2696 4348 3120 4416 insolentiaque,
3151 4362 3328 4415 exque
3358 4346 3562 4416 duplici

1982 4446 2301 4499 coalescens
2329 4442 2499 4507 vitio,
2537 4440 2796 4510 superbia
2840 4439 3107 4493 nimirum
3153 4438 3413 4507 inanique
3451 4438 3570 4506 glo-

1983 4537 2096 4602 ria;
2126 4551 2359 4605 quarum
2394 4535 2566 4589 altera
2597 4534 2818 4605 (nempe
2848 4530 3128 4602 superbia)
3158 4529 3382 4586 virtutis
3404 4540 3572 4600 atque

1984 4637 2199 4685 natura:
2255 4627 2556 4683 Auctorem
2607 4633 2806 4697 neget;
2862 4624 3036 4679 altera
3095 4623 3300 4694 (inanis
3361 4622 3574 4677 scilicet

1988 4720 2183 4793 gloria)
2224 4730 2341 4775 tum
2385 4729 2659 4782 naturam,
2703 4725 2818 4772 tum
2848 4717 3114 4770 virtutem
3154 4716 3329 4784 ipsam
3364 4714 3577 4769 adulte-

1990 4826 2095 4871 rct.
2132 4814 2279 4869 Nihil
2317 4813 2465 4868 enim
2497 4811 2572 4875 ei,
2596 4810 2691 4881 qui
2726 4809 3001 4880 superbus
3030 4808 3123 4873 sit,
3153 4808 3343 4861 divina
3369 4807 3579 4877 pietate

1993 4906 2361 4976 religioseque
2385 4903 2595 4974 agitur;
2625 4902 2876 4970 nihilque
2904 4897 3179 4954 laboranti
3205 4894 3352 4952 inani
3382 4895 3576 4966 gloria,

1988 5015 2056 5053 ex
2086 5007 2298 5052 natura:
2331 4995 2640 5050 rationibus
2674 4992 3054 5065 progreditur.

2062 5090 2115 5145 6.
2150 5089 2443 5158 Pr0prium
2496 5086 2772 5158 superbiae
2814 5093 2919 5148 est,
2951 5091 3015 5137 ut
3049 5081 3224 5135 Deum
3264 5076 3488 5132 virtutis
3515 5090 3581 5132 ac

1993 5192 2204 5239 natura:
2237 5190 2550 5237 creatorem
2591 5188 2754 5250 neget
2786 5196 2800 5232 :
2835 5175 3016 5232 inanis
3055 5182 3239 5229 autem
3277 5170 3485 5242 gloriae,
3517 5177 3581 5223 ut

1991 5284 2271 5335 naturam,
2317 5272 2439 5342 ejus
2484 5267 2800 5324 minuendae
2855 5280 2920 5320 ac
2971 5261 3348 5334 deprimendae
3391 5273 3579 5319 causa.

1990 5366 2246 5437 partibus
2286 5362 2539 5427 scindat;
2588 5373 2824 5431 quarum
2864 5355 3035 5411 animi
3075 5364 3259 5408 tumor
3296 5350 3582 5420 [astusque

1990 5466 2048 5513 et
2072 5456 2365 5511 insolentia
2398 5452 2611 5525 (τύφος,
2643 5450 2725 5506 sic
2749 5449 2960 5503 dictum
2992 5442 3213 5511 vitium)
3241 5441 3428 5513 proles
3458 5454 3582 5495 esse

1993 5549 2159 5615 solet;
2215 5544 2555 5616 compositus
2611 5541 2823 5597 scilicet
2883 5537 3106 5593 malitia:
3160 5534 3425 5599 habitus,
3472 5530 3581 5585 hoc

1995 5641 2229 5704 habens,
2262 5647 2324 5692 ut
2362 5638 2534 5692 Deum
2567 5643 2768 5705 sponte
2804 5632 3059 5701 abneget,
3086 5643 3150 5683 ac
3178 5642 3298 5699 qua:
3326 5640 3357 5679 a
3386 5630 3582 5679 natura

1992 5744 2143 5797 sunt,
2180 5744 2342 5801 pares
2372 5726 2601 5783 honoris
2629 5733 2816 5797 partes
2851 5724 3088 5794 ignoret.
