4108 6428
553 258 685 334 1351

1726 255 1787 314 S.
1831 248 2122 315 MAXIMI
2161 245 2675 318 CONFESSORlS

3693 255 3839 324 1352

621 378 674 430 7.
727 372 872 430 Elati
930 371 1102 427 animi
1161 376 1349 425 tumor
1411 365 1695 434 fastusquc
1742 373 1800 418 ct
1849 363 2139 418 insolentia

2319 363 2386 428 ζ’.
2437 363 2852 436 Ὑπερηφανίας
2895 364 2988 419 καὶ
3026 349 3333 430 κενοδοξίας
3393 352 3564 433 μίξις,
3603 367 3633 418 ὁ
3659 364 3839 434 ﬁgo;

554 465 651 532 (id
698 473 819 530 est,
848 463 1056 534 τῦφος)
1105 461 1376 532 superbiae
1427 457 1717 527 inanisque
1757 455 1946 526 gloria:
1992 470 2144 511 com-

546 557 737 613 mistio
785 565 893 623 est,
925 570 1055 627 erga
1102 555 1278 610 Deum
1322 557 1702 619 contemptum
1754 543 1990 612 habens,
2030 561 2142 616 quo

548 648 648 703 Dei
698 647 1134 718 providentiam,
1171 645 1276 715 ipsi
1321 639 1690 706 detrahendo,
1739 653 2010 710 propense
2053 653 2144 692 ca-

549 738 888 804 lumniatur;
933 753 1062 808 erga
1111 732 1369 790 naturam
1410 747 1566 797 vero,
1597 731 1764 786 alieni
1801 731 1971 785 animi
2012 729 2144 785 aﬂ‘e»

549 839 724 896 ctum,
783 845 916 900 quo,
980 825 1252 898 quidquid
1334 829 1547 880 natum
1603 832 1688 878 est
1753 822 2144 877 innaturaliter

550 921 876 992 aggrediens
909 929 1260 989 tentansque,
1288 924 1506 974 natura:
1561 916 1819 971 decorem
1874 915 2143 972 abusione

549 1013 881 1082 corrumpit.

620 1103 672 1156 8.
711 1102 954 1172 Spiritus
997 1102 1216 1158 ardoris
1247 1101 1315 1167 “,
1351 1101 1556 1157 nedum
1594 1095 1930 1156 te'nta'tion‘e‘s
1965 1099 2140 1171 signi-

549 1193 696 1258 ﬁcat,
730 1179 826 1249 sed
873 1195 932 1248 e't
975 1180 1074 1250 Dei
1127 1195 1571 1258 derelictionem,
1604 1210 1726 1264 quae
1757 1191 1961 1248 Iudaeis
1997 1191 2140 1247 divi-

547 1301 750 1340 norum
798 1287 1072 1341 donorum
1123 1288 1311 1342 ablata
1366 1286 1815 1360 subministratio
1853 1293 1957 1340 est.
2007 1283 2140 1350 Quae

545 1383 733 1428 autem
777 1391 878 1445 per
920 1363 1177 1446 spiritum
1217 1376 1386 1430 animi
1429 1375 1782 1430 necessitudo
1826 1385 1913 1430 est
1939 1383 1996 1429 et
2027 1372 2142 1427 alli-

546 1465 714 1529 nitas,
745 1466 912 1520 animi
946 1467 1014 1520 ad
1047 1481 1269 1522 carnem
1297 1467 1648 1522 aﬂ‘ectionem
1675 1464 1860 1532 solvit,
1891 1465 2136 1535 Deoque,

546 1555 827 1613 desiderio
852 1554 1095 1622 alIixum,
1120 1557 1383 1614 devincit.

2247 450 2554 520 καθέστηκε
2579 467 2591 480 ·
2631 452 2768 523 πρὸς
2814 452 2914 524 μὲν
2951 453 3042 506 τὸν
3071 452 3204 505 Θεὸν
3244 451 3384 522 ἔχων
3428 453 3524 522 τὴν
3553 453 3843 524 καταφρό-

2246 532 2425 608 νησιν,
2467 540 2588 594 καθ’
2624 543 2691 614 ἠν
2732 543 2942 613 πέφυκε
2997 542 3334 614 βλασφήμως
3372 541 3680 597 διαϐάλλειν
3732 545 3841 615 τὴν

2247 627 2534 696 πρόνοιαν
2576 630 2713 700 πρὸς
2739 625 2797 683 δὲ
2828 630 2927 701 τὴν
2953 631 3115 701 φύσιν
3147 631 3485 704 κεκτημένος
3531 633 3627 706 τὴν
3667 634 3840 688 ἀλλο-

2243 718 2492 790 τρίωσιν,
2530 720 2655 773 καθ’
2683 723 2750 793 ἢν
2797 709 2976 776 πάντα
3016 723 3083 776 τὰ
3126 726 3225 795 τῆς
3278 723 3494 792 φύσεως
3525 727 3683 799 παρὰ
3731 728 3842 798 τὴν

2250 808 2413 878 φύσιν
2457 814 2919 886 μεταχειρίζεται,
2951 815 3028 887 τῷ
3066 816 3210 870 κατὰ
3254 819 3601 890 παράχρησιν
3639 818 3843 892 τρόπῳ

2245 899 2345 971 τὴν
2369 900 2471 973 τῆς
2507 903 2723 974 φύσεως
2760 907 3155 979 παραφθείρων
3186 911 3542 982 εὐπρέπειαν.

2313 1083 2387 1148 η’.
2429 1077 2505 1130 Τδ
2551 1077 2771 1149 πνεῦμα
2822 1079 2917 1133 τοῦ
2948 1080 3246 1146 ’καύσωνος
3267 1083 3306 1145 ⁸,
3354 1083 3420 1135 ὀὐ
3488 1082 3647 1148 μόνον
3705 1083 3846 1146 τοὺς

2249 1170 2620 1239 πειρασμοὺς,
2666 1169 2804 1224 ἀλλὰ
2846 1172 2939 1224 καὶ
2985 1171 3084 1242 τῂν
3120 1172 3504 1242 ἐγκατάλειψιν
3541 1173 3633 1226 τοῦ
3664 1173 3841 1235 Θεοῦ,

2241 1259 2340 1328 τὴν
2369 1262 2782 1334 ἀφαιρουμένην
2815 1263 2924 1316 τῶν
2959 1262 3229 1317 Ἰουδαίων
3250 1258 3362 1336 ’τὴν
3393 1265 3498 1318 τῶν
3531 1264 3700 1319 θείων
3735 1283 3845 1335 χα-

2246 1351 2528 1424 ρισμάτων
2593 1354 2882 1425 χορηγίαν,
2935 1354 3106 1427 δηλοῖ.
3151 1356 3216 1408 'll
3261 1355 3317 1409 δὲ
3365 1356 3452 1409 διὰ
3515 1357 3846 1427 πνεύματος

2245 1443 2596 1514 κατὰψυχὴν
2627 1446 2936 1515 ἀγχιστεία,
2967 1446 3168 1516 σαρκὸς
3208 1446 3308 1515 μὲν
3346 1447 3462 1500 λύει
3501 1448 3597 1519 τὴν
3637 1449 3844 1517 σχέσιν

2243 1533 2344 1602 τῆς
2400 1534 2800 1605 προαιρέσεως,
2842 1535 2962 1607 Θεῷ
3012 1537 3070 1589 δὲ
3120 1536 3455 1608 προσδεσμεῖ
3493 1539 3634 1592 κατὰ.
3664 1537 3842 1590 πόθον

2245 1624 2711 1696 προσηλωθεῖσαν.

618 1735 672 1790 9.
715 1734 829 1790 Lex
879 1736 1185 1801 naturalis,
1242 1751 1368 1790 cum
1428 1736 1703 1807 vigentem
1756 1737 1872 1806 pra:
1924 1735 2139 1791 ratione

2314 1714 2381 1767 0'.
2436 1714 2494 1767 Ὁ
2545 1716 2643 1786 μὲν
2684 1715 2913 1786 φυσικὸς
2958 1716 3147 1786 νόμος,
3192 1718 3320 1800 ὅταν
3358 1717 3456 1772 οὐκ
3493 1717 3589 1789 ἔχη
3639 1718 3847 1773 πλεον-

548 1827 741 1898 illique
788 1828 1180 1898 praevalentem
1232 1841 1459 1882 sensum
1503 1844 1614 1883 non
1663 1828 1943 1892 habuerit,
1989 1829 2136 1882 ultro

546 1933 742 1972 omnes
779 1918 1042 1988 nulloque
1090 1918 1356 1989 magistro
1389 1917 1464 1972 ad
1511 1927 1776 1988 cognatos
1813 1919 2143 1989 generisque

488 2007 491 2046 ε
549 2007 965 2062 necessitudine
1005 2009 1170 2078 612
1213 2009 1548 2078 conjunctos
1595 2009 2013 2079 amplectendos
2060 2010 2145 2062 in-

485 2125 490 2155 :
547 2099 732 2167 ducit;
777 2101 894 2170 ipsa
932 2100 1194 2154 nimirum
1237 2110 1435 2155 natura
1472 2101 1732 2165 docente,
1773 2101 2142 2171 prmstandam

483 2179 486 2227 ί
547 2206 731 2260 opem,
775 2191 886 2257 his,
934 2192 1029 2262 qui
1083 2193 1400 2264 indigeant;
1447 2200 1503 2247 et
1552 2201 1611 2246 ut
1651 2208 1844 2246 omnes
1884 2194 2144 2248 omnibus

546 2281 754 2346 velint,
804 2281 954 2352 quod
1000 2282 1238 2353 quisque
1287 2282 1470 2336 libens
1512 2282 1714 2336 habeat
1757 2281 1867 2336 sibi
1924 2282 1992 2336 ab
2034 2284 2142 2339 alio

544 2374 944 2444 praestandum.
994 2374 1166 2445 quue
1212 2387 1274 2430 nt
1316 2375 1544 2429 doceret
1589 2373 1879 2438 Dominus,
1913 2375 2139 2429 aiebat:

544 2463 885 2536 Quaecunque
915 2455 1076 2520 vultis
1121 2475 1177 2518 ut
1220 2465 1422 2536 faciant
1464 2464 1608 2518 vobis
1658 2464 1920 2530 homines,
1965 2475 2012 2519 et
2057 2481 2142 2519 vos

544 2555 794 2610 similiter
825 2556 984 2626 facile
1013 2545 1121 2611 illis
1149 2555 1215 2610 δ”.

618 2657 706 2712 ω.
740 2658 1023 2714 Naturalis
1051 2659 1188 2730 legis
1218 2667 1357 2729 opus
1381 2673 1508 2714 esse
1533 2641 1692 2723 dicit,
1722 2666 1785 2712 ut
1808 2655 2140 2713 conCordem

545 2749 799 2804 omnium
839 2757 967 2819 erga
1013 2763 1208 2804 omnes
1249 2747 1422 2802 animi
1465 2749 1750 2803 voluntate
1788 2747 2140 2802 affectionem

544 2856 615 2897 ac
650 2839 1124 2896 necesSitudinem
1163 2847 1411 2911 praestet.
1435 2831 1496 2895 In
1523 2840 1729 2910 quibus
1760 2839 1908 2893 enim
1941 2846 2141 2893 natura

547 2933 765 2989 ratione
806 2933 1043 3004 regitur,
1081 2933 1138 2988 in
1186 2933 1274 2988 his
1305 2938 1712 3003 comparatum,
1749 2941 1811 2988 ut
1840 2948 1985 2987 unus
2020 2932 2142 2986 ani-

546 3041 692 3091 mus,
720 3025 1026 3095 eademque
1069 3026 1270 3080 mentis
1308 3025 1531 3082 aﬂ‘ectio
1556 3026 1646 3081 sit.
1675 3025 1923 3092 Quorum
1952 3033 2138 3079 autem

545 3119 768 3174 animus
815 3118 1127 3188 mentisque
1175 3113 1424 3183 affectio,
1469 3133 1536 3174 ac
1581 3130 1800 3172 morum
1846 3117 1987 3171 ratio
2029 3128 2138 3171 una

544 3215 653 3273 est,
697 3207 826 3263 vita:
873 3224 1094 3278 quoque
1139 3224 1337 3263 cursus
1373 3209 1556 3278 palam
1604 3224 1748 3263 unus
1784 3223 1906 3262 esse
1947 3208 2132 3264 habet.

544 3299 791 3366 Quorum
854 3309 1043 3355 autem
1113 3315 1330 3354 morum
1410 3299 1552 3354 ratio
1612 3310 1671 3356 et
1728 3300 1856 3355 vitae
1916 3316 2136 3372 quoque

545 3406 744 3446 cursus
793 3389 941 3444 idem
985 3399 1088 3456 est,
1140 3405 1310 3444 unum
1362 3389 1556 3460 utique
1603 3388 1861 3460 idemque
1901 3391 2134 3446 aliorum

546 3500 672 3538 cum
707 3483 832 3540 aliis
866 3483 1036 3538 animi
1064 3482 1343 3539 sententia
1386 3481 1820 3537 necessitudinis
1852 3481 2134 3538 vinculum

542 3573 783 3638 exsistit,
809 3589 919 3628 una
943 3571 1113 3627 animi
1144 3572 1429 3626 voluntate
1457 3587 1522 3626 ac
1547 3571 1846 3638 sententia,
1879 3573 1935 3626 in
1969 3589 2136 3628 unam

545 3683 740 3722 omnes
803 3675 1018 3721 natura:
1075 3665 1349 3721 rationem
1411 3679 1643 3734 cogens;
1701 3663 1759 3719 in
1813 3680 1922 3735 qua
1984 3665 2136 3720 nullo

543 3773 775 3828 prorsus
827 3756 993 3811 modo
1049 3767 1171 3821 est,
1217 3771 1342 3827 quae
1398 3771 1551 3810 nunc
1600 3755 1751 3834 (περὶ¹²
1787 3757 2136 3827 carnalisque

544 3849 750 3904 amoris
804 3849 932 3903 labe
985 3847 1170 3917 viget,
1229 3857 1442 3902 natura:
1504 3816 1751 3926 divisiqz’
1781 3847 1894 3903 Lex
1949 3861 2134 3902 autem

543 3938 770 4008 scripta,
807 3953 1098 4008 pwnarum
1149 3944 1302 3991 metu
1348 3937 1744 4007 incompositos
1790 3936 2137 4006 insipientior-

545 4048 668 4087 rum
705 4032 1114 4102 appetitionum
1149 4040 1337 4086 motus
1369 4031 1650 4096 inhibens,
1687 4029 1754 4085 ad
1788 4032 1960 4086 solam
1991 4033 2134 4102 aequi

544 4124 996 4181 distributionem
1048 4125 1296 4179 animum
1352 4123 1680 4189 attendere,
1734 4121 1913 4194 eique
1949 4141 2134 4182 assue-

543 4235 700 4275 scere
753 4219 918 4275 docet
952 4236 967 4273 :
1000 4235 1107 4290 qua
1165 4219 1432 4274 nimirum
1481 4218 1711 4290 iustitiae
1754 4217 1838 4274 vis
1888 4226 2134 4289 tempore

543 4308 779 4379 ﬁrmata,
815 4312 873 4366 in
898 4319 1154 4366 naturam
1180 4311 1406 4377 transit;
1451 4311 1525 4366 ita
1553 4310 1816 4365 nimirum
1843 4319 1904 4365 ut
1942 4312 2133 4381 paula-

2245 1805 2514 1860 εκτοῦσαν
2536 1808 2621 1860 τὸν
2644 1807 2802 1875 λόγον
2834 1808 2931 1878 τὴν
2962 1809 3238 1879 αἴσθησιν,
3258 1797 3558 1873 ἆδιδάκτως
3580 1811 3842 1874 ἀσπάζε-

2247 1901 2371 1954 σθαι
2399 1900 2608 1964 πάντας
2636 1901 2814 1954 πείθει
2841 1901 2902 1954 τὸ
2926 1902 3186 1969 συγγενὲς
3207 1902 3302 1956 καὶ
3338 1902 3624 1973 ὁμόφυλον,
3659 1904 3842 1972 αὐτὴν

2245 1991 2475 2062 ἔχοντας
2499 1992 2598 2064 τὴν
2628 1992 2791 2062 φύσιν
2821 1992 2919 2064 τῆς
2945 1992 3055 2046 τῶν
3095 1993 3367 2064 δεομένων
3405 1995 3733 2066 ἐπικουρίας
3768 1995 3845 2048 διο

2244 2084 2539 2150 δάσκαλονι,
2577 2085 2801 2138 κάκεῖνο
2829 2085 3114 2156 βούλεσθαι
3140 2088 3306 2140 πᾶσιν
3336 2084 3501 2158 [male
3530 2088 3675 2141 edita
3702 2081 3841 2158 πᾶνῖ

2246 2176 2515 2241 ἅπαντας,
2561 2177 2701 2248 ὅπερ
2749 2179 2980 2241 ἕκαστος
3006 2179 3184 2249 ἐαυτῷ
3217 2182 3370 2250 παρὰ
3403 2179 3509 2233 τῶν
3540 2180 3726 2233 ἄλλων
3753 2197 3844 2247 γι-

2244 2271 2492 2338 νόμενον,
2537 2267 2680 2323 εἶναι
2723 2271 2878 2325 δοκεῖ
2916 2270 3270 2342 καταθύμιον.
3329 2273 3440 2324 Καὶ
3491 2272 3646 2326 τοῦτο
3687 2271 3844 2326 διδά-

2253 2381 2398 2415 σκων
2428 2364 2455 2414 ὁ
2499 2361 2727 2435 Κύριος,
2762 2363 2948 2435 φησιν,
2984 2364 3143 2418 ’Ὅσα
3185 2365 3392 2418 θέλετε
3441 2364 3540 2418 ἵνα
3569 2363 3844 2419 ποιῶσιν

2249 2453 2396 2522 ὑμῖν
2420 2457 2474 2507 οι
2514 2453 2840 2521 ἅνθρωποι,
2873 2453 3087 2523 ὁμοίως
3119 2453 3217 2508 καί
3255 2454 3424 2526 ὑμεῖς
3452 2454 3678 2510 ποιεῖτε
3712 2456 3841 2508 αὑ-

2245 2562 2390 2610 τοις.

2320 2643 2377 2690 ι’.
2423 2636 2626 2708 Ἔργον
2652 2619 2792 2689 arm
2815 2633 2909 2689 τὀῦ
2937 2636 3170 2705 φυσικοῦ
3194 2637 3361 2710 νόμου
3393 2637 3543 2710 φησὶ,
3570 2637 3670 2708 τὴν
3689 2655 3841 2707 γνω-

2246 2727 2415 2798 μικὴν
2451 2728 2670 2784 πάντων
2715 2727 2854 2798 πρὸς
2899 2728 3110 2793 πάντας
3158 2731 3433 2802 όμόθυμόν
3461 2731 3664 2802 σχέσιν.
3715 2731 3839 2800 Ἐφ’

2242 2815 2318 2876 ὧν
2350 2820 2462 2894 γάρ
2492 2822 2524 2892 ἡ
2557 2815 2721 2889 φύσις
2771 2821 2915 2895 λόγῳ
2969 2823 3320 2895 βραϐεύεται.
3349 2823 3553 2877 τούτων
3599 2823 3706 2895 μία
3741 2825 3840 2878 πέρ

2245 2931 2416 2984 φυκεν
2445 2911 2588 2968 εἶναι
2613 2915 2876 2979 διάθεσις.
2914 2909 3015 2970 Ὧν
3053 2904 3110 2969 δὲ
3154 2915 3393 2979 διάθεσις
3425 2919 3458 2988 ἡ
3492 2917 3646 2988 αὐτῆς
3677 2918 3778 2972 καὶ
3807 2921 3838 2973 ό

2246 3007 2366 3060 κατ·
2395 2996 2528 3078 ἦθος
2564 3007 2787 3078 τρόπος.
2820 3009 2915 3062 και
2950 3010 2979 3062 ὁ
3006 3004 3120 3063 ταδ’
3142 3009 3260 3079 βίου
3305 3010 3506 3081 δρόμος
3536 3005 3616 3073 εἵς
3647 3012 3836 3082 ὑπάρο

2243 3117 2360 3169 χειν
2405 3100 2691 3172 προδήλως
2737 3099 3003 3170 πέφυκεν.
3051 3097 3151 3156 Ὧν
3201 3103 3257 3156 δὲ
3307 3105 3506 3175 τρόπος
3554 3105 3707 3173 ἠθῶν
3737 3105 3834 3158 καὶ

2242 3193 2360 3263 βίου
2392 3193 2597 3264 δρόμος
2627 3196 2784 3268 ἐστὶν
2813 3198 2841 3250 ὁ
2876 3194 3058 3260 αὐτὸς.
3093 3191 3174 3260 εἷς
3204 3197 3448 3268 δηλονότι
3480 3197 3574 3250 καὶ
3604 3199 3632 3250 ὁ
3660 3197 3834 3260 ᾶύτδς

2240 3285 2385 3339 κατὰ
2410 3288 2510 3358 τὴν
2540 3287 2768 3360 γνώμην
2798 3288 2897 3360 τῆς
2929 3288 3067 3362 πρδς
3088 3289 3356 3361 ἀλλήλους
3385 3291 3626 3360 σχέσεως
3647 3290 3834 3360 ὑπάρο

2239 3400 2324 3453 χει
2357 3375 2579 3453 δεσμδξ,
2617 3383 2761 3437 κατὰ
2795 3379 3192 3457 μίανγνώμην
3240 3383 3392 3452 ἄγων
3436 3384 3563 3447 τοὺς
3611 3383 3827 3446 πάντας

2239 3474 2379 3545 πρὸς
2409 3476 2498 3529 τὸν
2527 3476 2624 3530 ἕνα
2645 3476 2802 3544 λόγον
2836 3477 2936 3548 τῆς
2966 3466 3216 3547 φύσεως*
3250 3479 3308 3531 ἐν
3340 3470 3382 3545 ᾧ
3405 3475 3692 3540 παντελῶς
3726 3477 3829 3530 οῦκ

2238 3568 2387 3622 ἔστιν
2417 3569 2450 3639 ἡ
2479 3569 2573 3624 νῦν
2605 3570 2888 3642 κρατοῦσα
2913 3571 3012 3642 τῆς
3045 3566 3263 3642 φύσεως
3289 3571 3376 3627 διὰ
3407 3573 3506 3644 τῆς
3533 3570 3828 3640 φιλαυτίας

2236 3661 2525 3734 διαιρεσις.
2571 3662 2630 3716 '0
2678 3662 2736 3716 δὲ
2788 3663 3038 3736 γραπτὰς
3065 3664 3250 3735 νόμος,
3287 3662 3438 3734 φόϐῳ
3487 3662 3597 3716 τῶν
3644 3665 3824 3716 ἐπιτι-

2241 3754 2381 3824 μίων
2416 3752 2629 3823 ἐπέχων
2667 3756 2767 3817 τὰς
2814 3754 3087 3818 ἀτάκτους
3126 3755 3237 3807 τῶν
3279 3753 3700 3824 ἀφρονεστέρων
3729 3756 3822 3824 69-

2242 3846 2370 3917 μὰς,
2405 3845 2574 3911 ἐθίζει
2615 3845 2903 3907 διδάσκων,
2938 3849 3077 3917 πρὸς
3110 3846 3280 3917 μόνην
3311 3846 3511 3910 αὐτοὺς
3555 3846 3690 3917 ὁρῇ
3723 3846 3822 3914 τήν

2237 3937 2332 3991 τοῦ
2369 3939 2485 3991 ἴσου
2519 3936 2804 4008 διανομὴν,
2828 3936 2949 3989 καθ’
2986 3937 3053 4009 ἢν
3078 3937 3180 4007 τῆς
3213 3935 3560 4008 δικαιοσύνης
3590 3933 3650 3989 τὸ
3687 3937 3823 4004 κρά-

2235 4049 2330 4096 τος
2364 4031 2542 4102 χρόνῳ
2567 4029 2896 4100 βεϐαιωθὲν,
2929 4031 3010 4094 εἰς
3041 4029 3205 4100 φύσιν
3239 4030 3585 4100 μεθίσταται,
3609 4030 3819 4088 ποιοῦν.

2236 4123 2328 4175 τὸν
2387 4122 2485 4191 μὲν
2534 4121 2720 4190 φόϐον,
2768 4122 3028 4189 διάθεσιν,
3086 4123 3270 4193 ἡρέμα
3319 4122 3462 4175 κατὰ.
3512 4121 3708 4193 μικρὸν
3753 4121 3818 4191 τῇ

2238 4217 2369 4286 περὶ
2408 4213 2468 4267 τὸ
2503 4212 2669 4267 καλὸν
2721 4212 2915 4286 γνώμῃ
2965 4214 3525 4285 συγκρατυνομένηΨ
3579 4213 3690 4278 ἕξιν
3739 4213 3816 4276 δὲ.

2236 4313 2334 4382 τὴν
2377 4311 2692 4381 συνήθειαν,
2747 4311 2813 4379 τῇ
2865 4307 3002 4380 λήθῃ
3033 4308 3142 4360 τῶν
3176 4306 3460 4378 προτέρων
3487 4304 3819 4375 καθαιρομέ-

544 4403 643 4458 tim
693 4405 1048 4474 sensimque,
1094 4413 1340 4467 metam,
1388 4403 1559 4457 animi
1607 4403 1843 4458 honesta
1894 4405 2134 4460 volentis

2241 4421 2356 4474 νην,
2390 4403 2483 4456 καὶ
2512 4402 2572 4454 τὸ
2597 4399 2920 4470 φιλάλληλον
2953 4401 3119 4470 ἑαυτῇ
3154 4395 3674 4452 συναποτίκτουσαν.

543 4497 825 4553 sententia
883 4491 1200 4550 roboratam
1267 4495 1640 4561 allectionem,
1669 4495 1900 4562 elliciat;
1967 4497 2352 4566 habitumque,
2391 4493 2448 4548 in
2509 4491 2970 4549 consuetudinem
3013 4489 3588 4562 priorumpblivione
3623 4499 3812 4544 emana

538 4589 750 4652 datam,
779 4603 844 4644 ac
874 4603 997 4658 qum
1029 4604 1138 4642 una
1165 4603 1355 4642 secum
1385 4597 1635 4642 mutuam
1666 4589 1848 4659 pariat
1880 4589 2255 4656 dilectionem,
2289 4595 2490 4644 vertat.

615 4683 704 4736 ll.
738 4681 850 4737 Lex
879 4682 1107 4752 scripta,
1136 4680 1341 4751 inquit,
1369 4689 1520 4735 metu
1549 4681 1812 4752 injuriam
1841 4681 2132 4748 cohibens,

541 4773 762 4834 colendi
786 4774 927 4845 juris
963 4789 1027 4828 ac
1060 4771 1340 4842 aequitatis
1369 4772 1856 4834 consuetudinem~
1878 4773 2130 4828 inducit:

540 4876 704 4924 aucta
746 4874 932 4921 autem
974 4873 1221 4935 tempore
1259 4865 1644 4931 consuetudo,
1687 4865 1823 4937 justi
1855 4873 2131 4920 amantem

538 4957 711 5013 animi
740 4955 1092 5018 affectionem
1123 4953 1276 5021 facit,
1301 4970 1408 5024 qua
1438 4953 1631 5010 ﬁrmus
1658 4954 1877 5011 honesti
1909 4954 2133 5009 habitus

539 5048 775 5112 accedit,
800 5046 1003 5117 prioris
1026 5045 1291 5116 nequitiae
1315 5045 1656 5100 oblivionem
1691 5045 1982 5115 inducens.

611 5139 700 5193 12.
742 5137 853 5193 Lex
896 5145 1082 5192 autem
1123 5137 1334 5208 gratiae,
1372 5136 1554 5206 ipsum
1601 5135 1919 5192 innncdiate
1954 5137 2126 5191 Deum

537 5229 745 5286 imitari
794 5228 978 5294 docet,
1024 5244 1145 5294 eos,
1191 5229 1286 5298 qui
1343 5227 1732 5293 adducuntur;
1767 5229 1864 5298 qui
1918 5238 2131 5284 tantum

536 5337 640 5377 nos
672 5335 786 5392 pm
810 5336 870 5377 se
897 5320 1020 5391 ipse
1053 5321 1121 5394 (si
1157 5321 1320 5376 modo
1346 5320 1430 5375 fas
1453 5329 1541 5377 est
1566 5319 1774 5392 dicere)
1812 5319 1978 5391 idque
2005 5337 2132 5377 cum

535 5413 609 5469 ob
647 5421 934 5484 peccatum
979 5412 1191 5468 inimici
1232 5427 1506 5480 essemus,
1533 5412 1812 5478 dilexerit,
1845 5421 1906 5468 ut
1939 5421 1996 5468 et
2029 5429 2132 5468 no-

608 5558 655 5590 ”
681 5558 784 5613 lsa.
817 5575 893 5624 ιγ,
926 5559 980 5612 4.
1057 5557 1102 5591 ⁸⁵
1127 5553 1317 5613 Matth.
1344 5573 1438 5622 vn,
1474 5557 1560 5610 1‘2.

608 5675 626 5694 '
671 5673 830 5739 Apud
874 5671 1018 5727 LXX
1063 5671 1346 5734 καύσεως·
1383 5670 1480 5726 sed
1532 5679 1784 5726 nostrum
1814 5669 1953 5726 forte
1984 5653 2197 5742 melius.

2311 4686 2400 4735 ια’.
2453 4681 2512 4732 '0
2541 4678 2785 4751 γραπτὸς
2817 4677 3001 4748 νόμος,
3038 4677 3195 4748 φησὶ,
3227 4675 3453 4731 κωλύων
3514 4675 3668 4748 φόϐῳ
3718 4677 3810 4745 τὴν

2233 4773 2473 4834 ἀδικίαν.
2526 4769 2696 4834 ἐθίζει
2748 4770 2886 4841 πρὸς
2919 4769 2979 4822 τὸ
3028 4768 3268 4821 δίκαιον·
3306 4768 3483 4840 χρόνῳ
3518 4767 3575 4822 δὲ
3603 4768 3665 4821 τὸ
3695 4767 3809 4831 ἔθος

2233 4865 2381 4920 ποιεῖ
2423 4861 2665 4919 διάθεσιν
2704 4863 3060 4934 φιλοδίκαιον,
3095 4863 3184 4931 ὑφ’
3226 4847 3294 4934 ἧς
3342 4863 3520 4932 παγία
3571 4862 3708 4934 πρὸς
3753 4861 3808 4914 τὸ

2233 4956 2399 5011 καλὸν
2430 4956 2543 5023 ἕξις
2575 4955 2902 5023 ἐπιγίνεται,
2941 4953 3110 5026 λήθην
3139 4953 3520 5026 προλαδούσης
3549 4953 3805 5025 πονηρίας
3835 4979 3840 5026 1

2237 5003 2393 5011 ""r"
2432 5003 2540 5023 '3"
2577 5003 2902 5023 "nlnv'r"
2942 5003 3100 5026 ’“”Ι⁷Ί”
3144 5003 3517 5026 ”r“"'""'tv
3555 5003 3802 5025 ""'l|'""

2237 5046 2539 5114 ἐπάγουσα.
3835 5003 3843 5080 ί

2305 5136 2392 5206 ιβ’.
2448 5136 2506 5188 ὐ
2539 5135 2595 5188 δὲ
2628 5134 2728 5204 τῆς
2758 5135 2979 5206 χάριτος
3006 5135 3193 5204 νόμος,
3228 5136 3393 5190 αὐτὸν
3415 5136 3642 5207 ἁμέσως
3663 5134 3802 5190 διδά-

2230 5247 2350 5282 σκει
2381 5229 2507 5291 τοὺς
2537 5227 2836 5297 ἀγομένους
2863 5226 3146 5298 μιμεῖσθαι
3173 5227 3264 5281 τὸν
3293 5227 3449 5290 Θεὸν,
3478 5225 3536 5293 ὃς
3558 5227 3801 5282 τοσοῦτον

2230 5319 2371 5392 ὑπὲρ
2404 5317 2597 5371 ἑαυτὸν
2631 5318 2803 5387 ἡμᾶς,
2847 5319 2898 5371 εἰ
2926 5316 3083 5388 θέμις,
3133 5318 3331 5382 εἰπεῖν,
3367 5318 3464 5372 καὶ
3504 5315 3677 5370 ταῦτα
3719 5314 3801 5368 διὰ

2231 5412 2330 5484 τὴν
2357 5410 2634 5483 ἁμαρτίαν
2681 5409 2839 5475 ὖντας
2887 5409 3136 5483 ἐχθροὺς,
3176 5410 3508 5482 ὴγάπησεν,’
3535 5408 3678 5464 ὥστε
3710 5405 3799 5460 καὶ
