4012 6422
174 326 322 392 1353

869 327 1198 388 (ᾺΡΙΤΗΜ
1231 325 1655 397 QUINQUIES
1693 322 2152 383 CENTENORU
2168 326 2224 383 M
2264 325 2653 387 CENTURIA
2691 330 2758 389 V.

3296 330 3432 396 1354

171 442 259 503 είς
309 439 409 510 τὴν
460 440 579 494 καθ’
606 442 753 512 ἡμᾶς
798 440 984 494 οὐσίαν
1029 439 1203 492 ἐλθεῖν
1266 439 1575 509 ἀτρέπτως,
1606 438 1747 505 ὑπὲρ

1865 442 2020 487 stram
2070 436 2368 489 essentiam
2412 445 2775 507 naturamque
2813 439 2952 494 citra
2992 452 3211 495 omnem
3248 451 3431 497 muta-

173 532 361 584 πᾶσαν
384 531 574 584 οὐσίαν
603 532 765 584 ὅνταο
794 533 891 584 καὶ
929 531 1092 601 φύσιν
1133 530 1473 602 ύπερουσίως
1523 528 1749 584 καταδέ-

1855 524 2059 578 tionem
2084 524 2260 589 adire,
2283 527 2380 595 qui
2406 536 2606 584 natura
2631 530 2782 583 omni
2804 532 3156 602 essentiaquc
3181 535 3433 603 superior

172 619 373 685 ξασθαι
405 623 501 674 καὶ
537 622 825 693 ἄνθρωπον
862 622 1141 690 γενέσθαι,
1172 623 1265 674 καὶ
1298 619 1407 674 τῶν
1447 617 1750 689 ἀνθρώπων

1865 626 1955 681 ξεί,
2000 619 2539 687 superessentialiter
2586 623 2869 686 annuerit,
2897 632 3061 691 atque
3101 624 3267 679 homo
3315 625 3434 679 ﬁeri

171 713 276 766 ἕνα
303 713 640 783 χρηματίσαι
686 712 1001 783 βούλεσθαι,
1026 712 1120 765 καὶ
1158 711 1255 781 τὴν
1282 710 1560 781 ἡμετέραν
1591 710 1751 762 κατά-

170 819 361 873 κρισιν
395 803 604 855 οἰκείαν
636 804 860 873 ποιῆσαι
902 800 977 872 μὴ
1015 800 1502 871 παραιτήσασθαι·
1538 802 1634 853 καὶ
1659 817 1751 852 το-

172 890 369 943 σοῦτον
396 893 539 961 ἡμᾶς
576 891 778 944 θεῶσαι
826 891 971 944 κατὰ
1027 891 1208 961 χάριν,
1240 890 1365 943 ὅσον
1394 891 1514 943 κατ’
1547 891 1754 942 οἰκονο-

172 979 311 1049 μίαν
344 981 503 1043 αὐτὸς
536 980 760 1048 γέγονεν
796 979 1113 1050 ἄνθρωπος’
1141 978 1230 1031 ἴνα
1257 964 1333 1049 μῆ
1368 978 1528 1048 μόνον
1573 978 1755 1049 μάθω-

175 1084 283 1135 μεν
332 1067 583 1138 ἀλλήλων
624 1068 951 1138 ἀντέχεσθαι
994 1068 1261 1137 φυσικῶς,
1292 1069 1386 1121 καὶ
1414 1069 1491 1130 ὡς
1526 1069 1753 1131 ἑαυτοὺς

177 1159 447 1229 ἀλλήλους
474 1162 695 1231 ἀγαπᾷν
731 1160 1139 1229 πνευματικῶς,
1162 1160 1303 1212 ἀλλὰ
1341 1161 1433 1212 καὶ
1464 1161 1603 1230 ὑπὲρ
1631 1161 1756 1212 ἑαυ-

175 1249 310 1312 τοὺς
348 1249 592 1319 ἀλλήλων
642 1249 904 1320 κήδεσθαι
942 1250 1158 1315 θεῖκῶς,
1187 1250 1283 1302 καὶ
1313 1250 1517 1319 ταύτην
1548 1250 1647 1319 τῆς
1676 1253 1753 1313 είς

172 1342 444 1410 ἀλλήλους
474 1343 697 1412 ἀγάπης
731 1340 1008 1406 ἀπόδειξιν
1039 1341 1335 1407 ποιεῖσθαι,
1379 1340 1441 1393 τὸ
1478 1342 1597 1395 κατ’
1628 1343 1756 1412 ἀρε-

170 1433 277 1502 τὴν
305 1430 443 1501 ὑπὲρ
471 1431 715 1503 ἀλλήλων
743 1432 834 1483 τὸν
877 1429 1123 1483 ἑκούσιον
1157 1430 1452 1503 προθύμως
1482 1433 1755 1502 αἱρεῖσθαι

175 1524 435 1578 θάνατον.
466 1526 585 1577 Οὐκ
605 1524 737 1577 ἔστι
752 1524 858 1595 γὰρ
886 1524 1045 1592 ἄλλη
1059 1523 1269 1592 μείζων
1283 1525 1505 1590 ταύτης
1530 1522 1751 1593 ἀγάπη,

172 1616 366 1685 φησὶν,
420 1615 521 1668 ἵνα
568 1632 657 1681 τις
712 1614 789 1683 θῇ
843 1615 957 1683 τὴν
990 1615 1203 1685 ψυχὴν
1232 1615 1419 1669 αὐτοῦ
1460 1614 1612 1683 ὑπὲρ
1649 1616 1756 1669 τοῦ

168 1708 363 1776 φίλου
396 1706 603 1762 αὐτοῦ.

253 1889 346 1951 ιγ’.
399 1882 459 1935 '0
487 1882 587 1954 μὲν
625 1884 723 1954 τῆς
754 1883 969 1954 φύσεως
996 1884 1159 1954 νόμος
1188 1884 1357 1948 ἐστὶν,
1400 1884 1487 1937 ἵνα
1516 1881 1755 1935 συνελὼν

174 1975 345 2039 εῐπω,
374 1973 531 2040 λόγος
567 1976 816 2045 φυσικὸς,
858 1977 956 2045 τὴν
1006 1975 1262 2045 αἴσθησιν
1310 1972 1492 2027 λαϐὼν
1539 1973 1757 2043 ὑποχεί-

180 2083 327 2137 ριον,
357 2065 494 2137 πρὸς
522 2065 815 2135 ἀφαίρεσιν
848 2066 947 2135 τῆς
976 2064 1234 2134 ἀλογίας*
1272 2064 1397 2118 καθ’
1431 2066 1495 2135 ἣν
1523 2064 1631 2116 τῶν
1665 2082 1758 2134 φυ-

180 2158 356 2221 σικῶς
425 2160 788 2228 συνημμένων
844 2160 990 2209 ἐστὶν
1024 2160 1059 2229 ἡ
1090 2158 1376 2229 διαίρεσις.
1416 2156 1475 2209 '0
1531 2156 1587 2209 δὲ
1622 2172 1760 2226 γρα-

179 2249 319 2312 mo;
348 2249 510 2320 νόμος
537 2248 841 2317 ὲστὶ,λόγος
860 2250 1086 2317 φυσικὸς
1119 2249 1256 2318 μετὰ
1282 2249 1380 2319 τὴν
1411 2250 1529 2301 κατ’
1564 2247 1759 2318 αἴσθη-

185 2361 279 2398 σιν
316 2344 416 2413 τῆς
465 2343 689 2413 ἀλογίας
731 2344 1046 2415 ἀφαίρεσιν,
1084 2343 1408 2413 προσλαϐὼν
1455 2344 1549 2397 καὶ
1596 2342 1761 2397 πόθον

179 2438 551 2507 πνευματικὸν
582 2437 682 2506 τῆς
717 2437 854 2506 πρὸς
876 2437 937 2489 τὸ
964 2437 1227 2505 συγγενὲς
1257 2436 1612 2506 ἀλληλουχίας
1638 2451 1762 2489 συν-

177 2531 423 2584 εκτικόν.
468 2530 528 2582 'U
548 2530 605 2583 δὲ
628 2531 725 2599 τῆς
761 2532 985 2600 χάριτος
1014 2533 1199 2600 νόμος,
1230 2530 1371 2600 ὑπὲρ
1416 2532 1583 2599 φύσιν
1625 2529 1761 2583 καθ-

178 2624 379 2693 έστηκε
412 2624 589 2690 λόγος,
615 2623 750 2694 πρὸς
785 2623 977 2675 θέωσιν
1008 2624 1291 2693 ἀτρέπτως
1315 2623 1411 2693 τὴν
1440 2622 1602 2691 φύσιν
1630 2638 1761 2691 μετ-

176 2716 480 2779 αλλάττων,
530 2717 625 2769 καὶ
664 2716 737 2778 ὡς
784 2718 843 2769 ὲν
894 2716 1060 2769 εἰκόνι
1106 2716 1321 2779 δεικνὺς
1359 2715 1762 2786 ἁκαταλήπτως

178 2812 250 2879 τῇ
281 2808 441 2877 φύσει
474 2808 586 2861 τῶν
613 2806 941 2878 ἀνθρώπων,
976 2808 1035 2862 τὸ
1077 2808 1217 2879 ὑπὲρ
1257 2808 1446 2861 οὐσίαν
1475 2809 1570 2861 καὶ
1600 2808 1761 2877 φύσιν

177 2900 507 2970 ἀρχέτυπον,
542 2900 635 2954 καὶ
662 2899 762 2952 τίεν
790 2899 885 2953 τοῦ
911 2900 998 2952 ἀεὶ
1038 2894 1099 2953 εὖ
1144 2896 1283 2952 εἶναι
1323 2899 1585 2971 διαμονὴν
1615 2914 1758 2969 παρ-

176 2991 464 3063 εχόμενος.

258 3254 344 3309 ιδ’.
388 3254 462 3306 Τὸ
508 3253 606 3323 μὲν
651 3252 798 3323 ἔχειν
832 3251 908 3315 ὡς
956 3250 1151 3304 ἑαυτὸν
1187 3251 1277 3304 τὸν
1308 3250 1558 3321 πλησίον,
1595 3252 1761 3323 μόνης

173 3349 303 3401 εστὶ
333 3347 617 3418 φροντίσαι
654 3347 757 3417 τῆς
790 3346 927 3417 πρὸς
955 3345 1016 3397 τὸ
1051 3342 1191 3396 εἶναι
1226 3345 1371 3415 ζωῆς
1397 3361 1411 3375 ο
1439 3345 1577 3415 ὅπερ
1604 3362 1759 3413 φυσι-

176 3438 285 3493 κοῦ
335 3439 501 3507 νόμου
541 3437 886 3506 καθέστηκεο
920 3435 979 3488 τὸ
1028 3436 1084 3489 δὲ
1134 3436 1224 3487 τὸν
1276 3435 1501 3505 πλησίον
1533 3435 1754 3506 ἀγαπᾷν

176 3532 261 3595 ὡς
295 3530 647 3595 ἑαυτὸν,”καὶ
696 3530 793 3600 τῆς
841 3530 975 3598 πρὸς
1019 3529 1080 3581 τὸ
1122 3525 1179 3581 εὖ
1229 3524 1367 3581 εἶναι
1399 3528 1518 3581 κατ’
1552 3531 1757 3599 ἀρετήν

177 3622 305 3673 ἐστι
342 3618 690 3689 προνοεῖσθαι
724 3618 820 3670 τοῦ
866 3619 1067 3681 πέλαςο
1112 3618 1249 3687 ὅπερ
1297 3619 1326 3669 ὁ
1360 3618 1605 3688 γραπτὸς
1645 3620 1763 3671 ἐπι-

176 3712 377 3783 τρέπει
405 3711 569 3781 νόμος
590 3727 603 3738 ·
638 3711 699 3763 τὸ
729 3711 784 3764 δὲ
816 3713 955 3782 ὑπὲρ
982 3710 1174 3764 ἑαυτὸν
1197 3710 1485 3779 ἀγαπῆσαι
1504 3710 1599 3763 τὸν
1620 3710 1759 3782 πλη·

178 3804 324 3869 σίον,
355 3802 448 3856 τοῦ
477 3802 642 3874 νόμου
669 3803 767 3871 τῆς
798 3803 1021 3874 χάριτός
1050 3806 1201 3855 ἐστιν
1225 3803 1542 3857 ἱδιαὶτατον.

258 3900 340 3947 ιε’.
392 3893 449 3948 Ὀ
497 3893 843 3963 κωλυόμενος
887 3893 999 3946 τῶν
1062 3894 1201 3965 πρὸς
1251 3894 1440 3965 ἡδονὴν
1503 3892 1756 3964 σώματος

177 3985 469 4057 ἀφορμῶν,
505 3984 767 4057 μανθάνει
795 3985 1054 4056 Προνοίας
1076 3985 1290 4053 λόγους,
1325 3984 1628 4056 ἐπεχούσης
1657 3985 1755 4054 τὴν

179 4078 483 4148 ὲξαπτικὴν
529 4077 663 4147 ὓλην
695 4076 806 4129 τῶν
845 4078 1060 4131 παθῶν
1095 4079 1123 4129 ό
1156 4075 1213 4129 δὲ
1254 4076 1354 4139 τὰς
1395 4077 1530 4147 πρὸς
1564 4075 1755 4145 ὀδύνην

184 4171 784 4240 σώματοςνδεχόμενος
832 4169 1124 4240 μάστιγας,
1171 4168 1482 4220 διδάσκεται
1520 4167 1755 4235 κρίσεως

180 4260 402 4329 λόγους,
434 4259 838 4345 προλαϐόντων
888 4257 1178 4328 μολυσμῶν
1235 4257 1513 4319 ἁκουσίοις
1576 4256 1756 4319 πόνοις

179 4352 347 4409 αὐτὸν
376 4346 827 4423 ἐκκαθαιρούσῃς.

265 4537 361 4597 ις’.
402 4532 467 4585 Ei
492 4530 583 4583 τὸν
609 4531 894 4601 προφήτην
922 4528 1009 4581 διὰ
1042 4527 1141 4597 τὴν
1174 4527 1380 4598 σκηνὴν
1411 4527 1508 4579 καὶ
1532 4525 1631 4597 τὴν
1660 4543 1756 4579 κο-

180 4620 449 4677 λόκυνθαν
482 4621 838 4690 λυπούμενον,
882 4620 1026 4687 λέγω
1068 4618 1125 4671 δὲ
1154 4620 1255 4693 την
1305 4618 1485 4688 σάρκα
1523 4618 1618 4671 καὶ
1656 4616 1757 4687 τὴν

183 4715 286 4785 τῆς
320 4715 520 4786 σαρκὸς
554 4713 893 4784 ήδονὴν,τῆς
925 4711 980 4764 δὲ
1025 4711 1071 4763 Ν
1080 4709 1219 4763 ’νευῖ
1248 4709 1338 4789 τόν
1366 4707 1499 4762 Θεὸν
1529 4710 1755 4778 ἀντεχό-

192 4823 359 4877 μενον
406 4807 801 4875 ἀντεισήγαγεν
835 4808 863 4859 ὁ
891 4806 989 4875 τῆς
1021 4805 1245 4876 Γραφῆς
1287 4804 1464 4871 λόγος,
1489 4804 1649 4873 δῆλον
1683 4804 1759 4866 ὡς

180 4894 296 4948 τῶν
351 4899 463 4959 τοῖς
522 4896 829 4966 ἀνθρώποις
871 4896 1069 4964 τιμίων
1116 4898 1211 4947 καὶ
1264 4895 1605 4965 ἐπεράστων,
1640 4895 1759 4947 τόδε

181 4988 268 5058 τῷ
296 4987 415 5057 Θεῷ
448 4987 612 5055 φανὲν
638 4987 956 5058 προσφιλὲς,
987 4986 1207 5040 πάντων
1236 4986 1345 5040 τῶν
1372 4988 1541 5039 ὄντων
1579 4987 1760 5057 πολλῷ

184 5085 433 5151 κρεῖττόν
464 5082 579 5132 ἐστι
628 5082 723 5133 καὶ
775 5080 1121 5151 τιμιώτερον,
1168 5082 1375 5150 ἦπουγε
1412 5086 1570 5152 [unus
1627 5079 1758 5150 Reg.

182 5175 321 5225 ὅπου
359 5172 442 5245 γε]
473 5174 579 5225 τῶν
622 5174 723 5226 οὐκ
773 5173 961 5237 ὄντων,
999 5174 1094 5224 καὶ
1143 5176 1278 5243 μόνῃ
1330 5172 1600 5243 προλήψει
1642 5173 1759 5224 κατ’

184 5261 535 5333 ἐσφαλμένην
564 5263 743 5331 κρίσιν
779 5259 915 5314 εἶναι
959 5261 1280 5323 δοκούντων,
1332 5256 1409 5314 ὧν
1448 5263 1626 5325 0'55an
1671 5278 1762 5315 τοι

186 5354 454 5424 παράπαν
494 5356 612 5407 ἐστὶ
662 5355 803 5407 κατὰ
849 5354 949 5425 τὴν
996 5354 1230 5426 ὓπαρξιν
1269 5355 1463 5417 λόγος·
1521 5346 1655 5425 μόνη
1704 5356 1759 5407 δὲ

186 5445 460 5515 φαντασία
508 5448 597 5499 τὸν
650 5448 772 5501 νοῦν
825 5445 1215 5516 φενακίζουσα,
1273 5448 1370 5499 καὶ
1426 5447 1612 5516 σχῆμα
1646 5449 1759 5510 τοῖς

193 5538 291 5591 οὐκ
309 5534 427 5592 οὖσι
454 5538 719 5603 διάκενον,
749 5540 861 5591 ἀλλ’
885 5540 983 5607 οὐχ
1012 5538 1307 5591 ὑπόστασιν
1330 5538 1408 5609 τῷ
1442 5537 1599 5591 πάθει
1628 5555 1761 5608 παρ-

189 5631 449 5699 σχομένη.

273 5724 493 5779 "Joan.
514 5724 602 5788 xv,
633 5725 719 5780 13.

430 5818 703 5907 ΡΑτιιοι.
737 5820 853 5882 Gtt.
886 5817 1016 5881 XC.

178 5902 291 5911 -ορ-

1789 3130 1834 3187 C

1794 4476 1839 4534 Ii

1854 724 2108 778 unusque
2153 709 2439 764 hominum
2482 712 2675 767 audire
2720 713 2992 778 voluerit,
3038 730 3144 769 nec
3186 726 3433 771 nostrum

1853 809 2067 853 reatum
2113 816 2275 854 suum
2315 801 2498 857 facere
2548 806 2924 871 recusaverit;
2968 816 3289 877 tantumque
3336 826 3438 864 nos

1854 906 1952 960 per
1997 892 2226 961 gratiam
2278 892 2536 949 deiﬁcare
2579 895 2837 966 dignatus
2877 900 2969 964 sit,
3013 910 3281 970 quantum
3318 901 3437 973 ipse

1856 981 2159 1035 secundum
2190 983 2351 1053 613
2393 984 2858 1053 dispensationem
2902 989 3066 1044 homo
3096 990 3275 1047 factus
3303 1003 3388 1047 est
3421 1012 3435 1047 :

1856 1081 1916 1124 ut
1950 1087 2060 1125 non
2101 1072 2275 1127 solum
2317 1074 2411 1128 alii
2449 1076 2586 1130 alios
2625 1080 2954 1133 naturaliter
2998 1083 3325 1151 complecti,
3373 1099 3439 1138 ac

1857 1164 2011 1218 velut
2049 1180 2151 1218 nos
2185 1164 2333 1234 ipsos
2378 1166 2614 1220 invicem
2646 1170 2969 1237 spiritaliter
3006 1172 3234 1244 diligere
3268 1190 3440 1229 nove-

1857 1256 2061 1323 rimus;
2099 1272 2293 1310 verum
2338 1259 2504 1312 etiam
2548 1276 2711 1329 supra
2752 1278 2854 1316 nos
2895 1263 3044 1332 ipsos
3088 1264 3178 1318 alii
3214 1266 3337 1321 aliis
3374 1282 3441 1321 ex

1856 1348 2060 1405 divinis
2089 1348 2402 1404 rationibus
2430 1364 2618 1404 curam
2662 1352 3004 1421 impendere,
3038 1356 3288 1426 hancque
3321 1373 3442 1410 mu—

1857 1448 1966 1493 tua:
1998 1440 2314 1495 dilectionis
2350 1441 2757 1499 cxbibitionem
2796 1457 3081 1515 praestare,
3137 1460 3199 1503 ut
3234 1464 3298 1503 ex
3330 1450 3444 1503 vir-

1858 1538 1974 1585 tute
2008 1547 2108 1600 pro
2139 1532 2373 1586 invicem
2402 1544 2759 1603 spontaneum
2797 1536 2963 1589 alacri
2992 1539 3176 1592 animo
3206 1548 3439 1593 mortem

1855 1621 2162 1677 ambiamus
2202 1634 2481 1693 Oppetere.
2519 1623 2681 1679 Nulla
2712 1626 2882 1692 enim,
2917 1626 3115 1697 inquit,
3145 1629 3242 1683 hac
3270 1631 3443 1700 major

1859 1711 2067 1767 dilectio
2106 1722 2203 1779 est,
2229 1724 2287 1768 ut
2330 1716 2447 1784 quis
2494 1725 2653 1785 ponat
2697 1718 2932 1771 animum
2964 1735 3115 1771 suam
3141 1734 3236 1789 pro
3274 1722 3442 1775 amico

1858 1816 1953 1854 suo
1978 1802 2044 1857 δ’.

1927 1892 2016 1947 15.
2053 1892 2169 1947 Lex
2196 1901 2433 1959 natura,
2463 1902 2525 1948 ut
2572 1908 2786 1948 summa
2826 1895 3026 1962 dicam,
3055 1899 3325 1953 naturalis
3352 1878 3450 1953 ra-I

1858 1984 1936 2038 tio
1960 1991 2066 2047 est,
2096 1999 2322 2039 sensum
2365 1986 2649 2040 subditum
2693 1995 2853 2041 nacta
2903 2002 2968 2042 ac
3002 1988 3341 2056 dedititium,
3373 1992 3440 2044 ad

1858 2078 2256 2133 abhorrentem
2302 2094 2332 2133 a
2366 2080 2581 2133 ratione
2620 2078 2878 2133 allectum
2915 2081 3303 2146 amovendum,
3332 2098 3443 2153 quo

1860 2170 1921 2235 ii,
1951 2171 2046 2240 qui
2081 2180 2279 2226 natura
2313 2172 2591 2243 conjuncti
2627 2182 2776 2238 sunt,
2817 2173 3163 2229 dividuntur.
3195 2174 3309 2229 Lex
3340 2191 3441 2230 au-

1860 2268 1971 2314 tem
2012 2262 2237 2331 scripta,
2269 2263 2537 2317 naturalis
2569 2265 2710 2318 ratio
2752 2273 2857 2328 est,
2892 2272 3017 2334 post
3050 2264 3443 2321 abhorrentem

1859 2368 1892 2407 a
1942 2352 2157 2408 ratione
2218 2354 2455 2409 ablatam
2515 2368 2715 2411 sensus
2764 2355 3147 2421 affectionem,
3200 2357 3444 2426 spiritale

1861 2445 2027 2499 etiam
2066 2446 2405 2501 desiderium
2446 2462 2801 2518 amoremque
2841 2464 3150 2513 assumens,
3177 2465 3289 2519 quo
3319 2464 3444 2503 tuu-

1863 2546 1957 2593 tua
2006 2552 2235 2604 eorum,
2278 2538 2374 2609 qui
2421 2553 2625 2609 genere
2679 2540 2959 2610 conjuncti
3006 2548 3163 2606 sunt,
3208 2540 3445 2595 eohaasio

1862 2629 2129 2685 consistat
2155 2646 2220 2685 ac
2252 2640 2634 2687 conservetur.
2665 2631 2779 2687 Lex
2804 2631 3043 2701 denique
3073 2632 3279 2703 gratiae,
3302 2633 3446 2687 ratio

1862 2729 1948 2774 est
1978 2730 2173 2775 natura
2204 2722 2484 2791 superior,
2514 2733 2769 2779 naturam
2808 2722 2874 2777 ad
2906 2722 3312 2778 deiﬁcationcm
3339 2723 3445 2777 im-

1864 2812 2206 2866 mutabiliter
2262 2821 2658 2879 transmutans,
2709 2830 2773 2868 ac
2811 2814 2965 2868 velut
3006 2815 3062 2869 in
3113 2814 3348 2884 imagine
3391 2823 3449 2869 et

1864 2901 2162 2955 simulacro
2192 2900 2248 2954 in
2286 2910 2486 2957 natura
2511 2904 2751 2957 humana
2784 2903 3262 2972 incomprehense,
3300 2906 3446 2974 quod

1864 3009 2033 3063 supra
2074 2994 2366 3047 essentiam
2410 3010 2474 3049 ac
2512 3004 2767 3049 naturam
2808 3003 2913 3057 est,
2945 2996 3225 3064 exemplar
3261 3004 3448 3051 osten-

1865 3085 2022 3150 dens,
2063 3083 2517 3156 sempiternazque
2559 3086 2837 3141 beatitatis
2873 3086 3278 3156 perennitatem
3304 3101 3447 3155 pra:-

1869 3176 2025 3231 hens.

1942 3270 2029 3325 14.
2066 3274 2138 3329 Ut
2165 3271 2386 3343 quidem
2425 3268 2736 3339 proximqu
2776 3268 2980 3322 habeas
3011 3267 3154 3322 sicut
3188 3267 3445 3337 teipsum,

1869 3375 1936 3415 eo
1969 3363 2146 3417 solum
2184 3369 2417 3433 spectat,
2446 3372 2507 3415 ut
2550 3361 2670 3431 ejus
2701 3359 2874 3413 vitam
2912 3375 2980 3414 ac
3019 3360 3167 3429 quod
3210 3360 3445 3425 exsistit,

1869 3468 2061 3519 cures;
2104 3454 2250 3523 quod
2298 3460 2385 3507 est
2431 3451 2568 3521 legis
2612 3450 2915 3505 naturalis:
2944 3459 3004 3504 ut
3042 3460 3225 3506 autem
3251 3451 3449 3522 diligas

1866 3547 2015 3600 sicut
2042 3547 2301 3616 teipsum,
2334 3562 2403 3600 eo
2436 3546 2657 3608 attinet,
2693 3551 2756 3598 ut
2795 3552 2851 3599 et
2884 3544 3023 3599 bene
3050 3558 3118 3599 ex
3148 3545 3351 3599 virtute
3387 3560 3448 3599 se

1869 3638 2079 3693 habere
2138 3639 2449 3709 proximum
2509 3636 2835 3707 provideas;
2893 3638 3043 3707 quod
3096 3638 3183 3691 lex
3240 3638 3447 3707 scripta

1864 3729 2065 3799 jubet:
2106 3739 2167 3784 ut
2206 3746 2338 3785 vero
2386 3731 2698 3800 proximum
2744 3729 2937 3799 diligas
2976 3744 3142 3799 supra
3184 3729 3443 3799 teipsum,

1868 3819 2006 3891 legis
2031 3822 2219 3890 gratiae
2245 3838 2449 3877 munus
2480 3820 2917 3891 propriissimum
2951 3831 3055 3874 est.
3358 3868 3367 3875 .

1866 3970 1869 3975 _
1938 3913 2027 3967 15.
2064 3913 2168 3979 Qui
2212 3929 2243 3967 a
2284 3914 2466 3968 causis
2506 3914 2846 3982 voluptatem
2884 3928 2949 3967 ac
2988 3912 3275 3967 libidinem
3313 3928 3443 3983 pro-

1868 4007 2194 4061 curantibus
2239 4007 2551 4072 cohibetur,
2596 4005 2961 4061 Providentia:
3007 4004 3237 4059 docetur
3278 4007 3447 4059 ratio.

1869 4114 1989 4164 nes,
2020 4100 2307 4154 materiam
2356 4099 2659 4153 inbibentis
2690 4113 2812 4168 qua:
2843 4098 3075 4151 allectus
3109 4106 3274 4165 atque
3310 4097 3443 4152 vitia

1869 4205 2140 4260 propense
2172 4190 2459 4244 succendit
2488 4208 2500 4242 :
2531 4189 2629 4258 qui
2668 4200 2853 4243 autem
2887 4188 3279 4241 consciscenda
3315 4204 3441 4243 cor-

1870 4283 2022 4352 poris
2069 4283 2257 4336 dolore
2307 4280 2519 4351 ﬂagella
2562 4281 2812 4348 suscipit,
2855 4279 3050 4350 judicii
3092 4281 3363 4345 rationes,
3409 4297 3441 4335 a

1870 4374 2174 4443 superioris
2194 4374 2375 4427 aetatis
2391 4373 2652 4427 sordibus
2670 4372 2930 4427 violentis
2949 4372 3231 4426 laboribus
3250 4386 3445 4427 emun-

1867 4465 2050 4519 dantis
2074 4464 2365 4519 condiscit.

1936 4556 2023 4610 l6.
2063 4554 2203 4609 Cum
2238 4554 2529 4624 Scriptura
2568 4554 2893 4625 prophetam
2929 4554 3155 4609 tentorii
3181 4568 3343 4609 causa
3378 4566 3444 4610 ac

1862 4647 2165 4702 cucurbita
2216 4646 2424 4718 (carnis
2468 4646 2683 4701 scilicet
2728 4660 2793 4701 ac
2841 4647 3080 4701 carnalis
3122 4646 3439 4717 voluptatis)

1861 4738 2161 4802 dolentem,
2208 4738 2489 4806 Deumque
2512 4751 2578 4791 ex
2639 4738 2871 4792 adverso
2905 4737 3099 4791 Ninive
3129 4738 3441 4793 studentem

1862 4829 2170 4895 induxerit;
2202 4830 2377 4899 liquet
2401 4830 2581 4900 plane,
2609 4829 2681 4883 iis
2712 4840 2833 4900 quae.
2869 4829 3188 4884 hominibus
3225 4830 3281 4882 in
3318 4844 3443 4899 prc-

1865 4920 1945 4974 tio
1986 4930 2117 4974 sunt
2162 4934 2229 4975 ac
2271 4922 2449 4975 amori
2488 4922 2783 4987 habentur,
2821 4922 2969 4975 istud
3003 4921 3080 4975 sic
3116 4920 3229 4973 Deo
3261 4920 3440 4974 visum

1868 5012 2125 5078 charum;
2163 5011 2379 5067 cunctis
2407 5014 2621 5067 scilicet
2646 5012 2815 5067 rebus
2848 5010 3200 5080 praestantius
3226 5022 3348 5065 esse
3378 5024 3441 5064 ac

1866 5099 2138 5164 nobilius;
2177 5100 2379 5154 nedum
2416 5102 2503 5164 iis,
2532 5117 2653 5171 quae
2692 5116 2761 5155 ne
2791 5099 3014 5170 quidem
3042 5108 3189 5163 sunt,
3214 5084 3440 5166 solaque

1867 5190 2292 5257 priesumptione
2324 5200 2543 5243 errante
2567 5189 2777 5259 judicio
2813 5204 2934 5242 esse
2968 5188 3247 5249 videntur,
3277 5184 3441 5257 614

1866 5292 2101 5349 quorum
2153 5280 2302 5333 nulla
2355 5294 2583 5348 prorsus
2630 5278 2949 5332 substantim
2991 5278 3153 5342 ratio,
3186 5277 3279 5331 sed
3323 5276 3441 5329 sola

1867 5369 2051 5423 animo
2104 5364 2338 5423 illudens
2388 5368 2677 5437 cogitatio,
2730 5367 3058 5437 inanemque
3104 5365 3330 5438 ﬁguram
3376 5380 3440 5419 ac

1869 5462 2108 5533 speciem
2138 5477 2250 5515 non
2277 5461 2503 5514 cutibus
2533 5460 2799 5527 praebens,
2831 5475 2941 5514 non
2976 5459 3197 5513 aﬂ'ectui
3227 5474 3291 5513 ac
3319 5473 3441 5529 pas.

1870 5551 2011 5604 sioni
2039 5566 2165 5605 vere
2197 5550 2494 5606 exsistcndi
2526 5550 2889 5604 substantiam
2924 5550 3189 5605 tribuens.

3040 5816 3118 5880 1:3
