4108 6428
616 338 754 403 1355

1762 334 1821 392 S.
1864 330 2149 390 ΜΑΧΙΜΙ
2188 324 2693 387 CONFESSORIS

3704 314 3819 379 1356

690 451 777 505 17.
804 446 1086 518 Exquisita
1109 454 1366 517 certaque
1388 445 1733 515 eloquiorum
1755 442 1994 512 Spiritus
2015 441 2191 496 scien-
2220 451 2265 498 Α

2220 451 2265 498 Α
2368 436 2454 500 ιζ’.
2528 440 2545 455 ‘
2581 435 2644 487 'H
2694 432 2793 505 μὲν
2838 430 3070 502 ἀκριϐὴς
3121 427 3322 498 γνῶσις
3375 427 3480 480 τῶν
3529 426 3711 495 λογίων
3743 432 3821 485 τοῦ

616 544 714 608 tia,
742 539 814 595 iis
848 539 1115 594 duntaxat
1145 537 1484 594 manifestari
1530 536 1714 598 habet,
1752 534 1844 604 qui
1877 533 2028 604 digni
2070 531 2190 601 Spic

618 633 728 687 ritu
761 638 922 694 sunt;
958 629 1053 699 qui
1088 628 1298 684 scilicet
1331 626 1580 697 diligenti
1616 625 1863 679 colendis
1890 623 2191 678 virtutibus

618 738 787 794 opera
832 722 1095 777 vitiorum
1137 720 1364 791 fuligine
1406 727 1709 789 expurgato
1750 717 1972 780 animo,
2020 716 2193 769 instar

618 813 781 869 nitidi
824 828 888 868 ac
931 810 1194 883 pellucidi
1247 810 1490 880 speculi,
1539 809 1721 879 primo
1764 806 1949 861 statim
1996 804 2195 858 mentis

618 903 857 974 appulsu
901 917 966 956 ac
1002 899 1466 965 consideratione,
1500 899 1652 953 velut
1697 897 1894 952 faciem
1944 895 2055 949 illis
2096 895 2196 948 im-

619 1010 864 1064 pressam
919 1007 984 1047 ac
1040 991 1389 1055 illabentem,
1457 989 1773 1045 divinorum
1826 986 2195 1057 cognitionem

622 1085 1019 1154 scientiamque
1072 1082 1403 1153 suscipiunt.
1455 1081 1668 1147 Quibus
1708 1089 1890 1133 autem
1935 1078 2197 1132 vitiorum

623 1177 1060 1249 inquinamentis
1091 1177 1204 1231 vita
1247 1185 1576 1246 compuncta
1602 1181 1686 1229 est
1716 1180 1770 1226 et
1804 1171 2197 1236 contaminata,

625 1264 693 1319 iis
741 1279 811 1318 ne
859 1264 950 1318 vix
1003 1263 1224 1334 quidem
1280 1278 1348 1317 ex
1405 1262 1816 1317 verosimilibus
1865 1260 2200 1330 quibusdam

626 1355 848 1409 indiciis
899 1354 1210 1409 divinorum
1270 1354 1557 1409 scientiam
1608 1354 1923 1423 conjectura
1984 1352 2201 1421 assequi

624 1459 948 1499 concessum
973 1453 1076 1508 est,
1105 1443 1307 1498 nedum
1336 1453 1396 1498 ut
1426 1444 1696 1513 exquisite
1726 1444 2033 1514 intelligere
2063 1458 2203 1513 prte-

627 1545 849 1590 sumant
880 1551 944 1590 ac
976 1536 1159 1591 verbis
1191 1552 1471 1590 enarrare.

698 1628 786 1681 i8.
826 1627 929 1693 Qui
980 1628 1181 1683 mentis
1212 1629 1465 1693 formam,
1512 1643 1633 1697 quae
1677 1628 1731 1682 in
1773 1627 1980 1698 Spiritu
2019 1626 2206 1681 divino

627 1734 693 1772 ex
723 1719 1025 1772 virtutibus
1060 1718 1293 1772 scientia
1334 1729 1438 1782 est,
1465 1726 1657 1773 nactus
1678 1728 1782 1782 est,
1812 1719 1858 1772 is
1882 1718 2069 1773 divina
2094 1718 2205 1787 pati

2294 530 2634 600 Πνεῦματος,
2697 526 2878 597 μόνοις
2939 520 3419 577 ἀποκαλύπτεσθαι
3488 520 3685 588 ticum
3733 526 3828 586 τοῖς

2294 623 2466 690 ἀξίοις
2507 620 2603 673 τοῦ
2652 618 2999 689 Πνεύματος·
3032 615 3082 668 οἳ
3120 614 3209 668 διά
3254 612 3456 683 πολλὴν
3506 612 3612 664 τῶν
3649 613 3829 683 ἀρετῶν

2295 715 2639 786 ἐπιμέλειαν,
2672 713 2773 783 τῆς
2808 710 2920 764 τῶν
2946 709 3139 764 παθῶν
3177 706 3409 776 αὶθάλης
3432 705 3525 759 τὸν
3548 703 3666 759 νοῦν
3692 708 3827 760 ἐκκα-

2296 809 2588 879 θάραντες,
2629 806 2901 874 ἐσόπτρου
2949 801 3107 870 δίκην
3146 796 3393 869 καθαροῦ
3453 796 3551 850 καὶ
3585 796 3829 864 διαυγοῦς,

2299 900 2416 969 ἅμα
2451 900 2518 969 τῇ
2570 895 2872 968 προσϐολῇ,
2912 891 3164 962 καθάπερ
3207 888 3501 960 πρόσωπον
3536 888 3834 958 ὲντυπουμίι

2297 1004 2397 1061 νην
2422 990 2609 1052 αὐτοῖς
2642 989 2739 1042 καὶ
2760 984 3145 1056 ἐμπίπτουσαν
3178 982 3278 1052 τὴν
3302 979 3410 1033 τῶν
3437 978 3597 1032 θείων
3624 979 3835 1048 δέχονται

2299 1080 2526 1149 γνῶσιν.
2559 1074 2657 1142 Οἷς
2684 1076 2742 1130 δὲ
2767 1078 2892 1139 ταῖς
2914 1074 3025 1127 τῶν
3065 1072 3255 1127 παθῶν
3285 1070 3501 1141 κηλῖσιν
3530 1072 3559 1123 ὁ
3593 1068 3698 1139 βίος
3730 1088 3837 1124 κατ-

2302 1175 2567 1236 έστικται,
2622 1170 2776 1241 μόλις
2828 1169 2933 1222 κᾶν
2971 1166 3032 1231 ἐξ
3065 1165 3288 1219 είκότων
3347 1162 3509 1217 τινῶν
3554 1161 3837 1231 στοχασμῶν

2302 1264 2683 1336 τεκμηριῶσαι
2717 1262 2815 1334 τὴν
2857 1260 2966 1314 τῶν
3019 1258 3179 1312 θείων
3226 1257 3429 1326 γνῶσίν
3462 1256 3580 1308 ἐστι
3628 1254 3836 1316 δυνατὸν,

2308 1362 2382 1430 μὴ
2412 1358 2495 1412 ὅτι
2526 1374 2589 1425 γε
2620 1354 2814 1425 νοῆσαί
2840 1371 2900 1407 τε
2928 1354 3022 1408 καὶ⁵
3050 1351 3258 1424 φράσαι
3280 1350 3485 1420 ταύτην
3509 1347 3577 1401 δι’
3594 1346 3840 1418 ἀκριϐείας

2305 1447 2793 1512 ἀπαυθαδίζεσθαι.

2384 1642 2473 1703 ιη’.
2527 1633 2586 1686 '0
2616 1632 2711 1687 τοῦ
2740 1632 2832 1686 νοῦ
2862 1631 3075 1704 μορφὴν
3104 1631 3204 1701 τὴν
3254 1629 3313 1696 ἐξ
3357 1629 3573 1701 ἀρετῶν
3615 1628 3670 1680 ἐν
3699 1626 3840 1680 Πνεῦ-

2312 1743 2443 1795 ματι
2471 1725 2605 1794 θείῳ
2634 1723 2929 1794 δεξάμενος
2943 1722 3166 1791 γνῶσιν,
3183 1722 3254 1774 τά
3279 1720 3398 1773 θεῖα
3424 1719 3638 1788 λέγεται
3662 1717 3840 1778 παθεῖν,

628 1810 853 1873 dicitur,
886 1809 1033 1879 quod
1074 1824 1182 1875 non
1224 1817 1442 1869 natura,
1471 1807 1792 1861 substantiae
1826 1806 1942 1875 ipsa
1972 1806 2204 1870 ratione,
2239 1784 2250 1838 1

2239 1784 2280 1838 Β
2312 1784 2396 1870 ότι
2429 1814 2503 1886 μὴ
2533 1784 2869 1883 φῦσεινκατά
3039 1784 3296 1883 ὓπαρξιν,
3333 1809 3472 1866 ἀλλά
3499 1784 3688 1881 ⁷χάριτι
3731 1809 3840 1861 κατά

629 1901 727 1955 sed
775 1917 875 1971 per
925 1900 1154 1970 gratiam
1205 1915 1271 1953 ex
1326 1898 1745 1969 participatione
1790 1898 1936 1951 illam
1981 1897 2213 1967 adeptus

629 2005 733 2047 est.
762 1991 865 2058 Qui
896 2000 1078 2045 autem
1114 1991 1400 2046 scientiam
1428 2006 1550 2059 qua:
1578 2004 1641 2044 ex
1670 1990 1843 2059 gratia
1871 1996 1958 2044 est
1983 1989 2215 2046 minime

630 2093 827 2137 nactus
859 2090 963 2145 est,
990 2082 1345 2151 quantumvis
1373 2080 1619 2150 spiritale
1650 2079 1858 2149 aliquid
1885 2077 2215 2151 solertisque

632 2173 838 2244 ingenii
878 2173 1045 2238 dicat,
1076 2173 1195 2243 ejus
1240 2181 1418 2227 tamen
1465 2173 1612 2243 quod
1652 2173 1900 2242 loquitur
1926 2190 2023 2243 per
2051 2190 2213 2244 expe-

632 2266 888 2321 rientiam
916 2268 1025 2321 vim
1052 2268 1288 2339 ignorat.
1313 2267 1469 2321 Nuda
1498 2265 1644 2321 enim
1668 2265 1982 2337 disciplina,
2018 2269 2212 2323 habitu

630 2367 974 2415 constantem
1002 2360 1289 2415 scientiam
1316 2374 1427 2414 non
1463 2358 1677 2413 tribuit.

704 2453 787 2508 i9.
802 2453 954 2508 Mens
965 2467 1234 2508 summam
1249 2451 1539 2523 quamdam
1554 2467 1620 2506 ex
1634 2450 1933 2507 virtutibus
1947 2459 2105 2507 nacta
2121 2467 2217 2521 pu-

634 2546 813 2600 ritatis
831 2545 965 2610 vim,
988 2546 1254 2600 virtutum
1280 2545 1479 2599 merito
1500 2542 1807 2599 rationibus
1833 2543 2216 2599 condiscendis

634 2648 954 2706 comparata
977 2645 1089 2701 est;
1120 2635 1306 2689 divine
1339 2650 1406 2689 ex
1433 2635 1541 2689 illis
1560 2634 1878 2705 insignitam
1903 2634 2212 2697 scientiam,

633 2742 792 2782 suam
837 2727 957 2797 ipsa
998 2727 1103 2782 sibi
1134 2726 1330 2780 faciem
1369 2736 1655 2796 praestans.
1694 2726 1739 2781 A
1774 2741 1834 2781 se
1868 2725 2015 2779 enim
2062 2741 2216 2779 mens

634 2820 815 2873 omnis
845 2818 1032 2890 figura:
1050 2818 1346 2887 formaeque
1377 2833 1593 2887 expers,
1608 2818 1963 2873 adventitiam
1996 2816 2217 2871 asciscit

635 2912 891 2977 formam,
926 2913 1013 2968 vel
1046 2928 1115 2967 ex
1150 2911 1455 2966 virtutibus
1493 2911 1548 2965 in
1590 2911 1785 2981 spiritu
1822 2910 2214 2965 consistentem

637 3003 949 3067 scientiam,
977 3002 1063 3057 vel
1090 3017 1213 3071 quae
1241 3015 1307 3054 ex
1336 3000 1847 3070 perturbationibus
1872 3010 2039 3055 atoue
2067 3000 2217 3054 vitiis

637 3094 978 3164 supervenit,
1010 3092 1395 3163 ignorantiam.

706 3186 797 3241 20.
830 3186 1092 3256 Quisquis
1114 3201 1144 3239 a
1168 3185 1352 3239 divina
1374 3183 1577 3238 ercidit
1599 3183 1913 3249 dilectione,
1938 3184 2213 3238 carnalem

638 3280 813 3351 legem
843 3279 1145 3348 voluptatis
1178 3277 1436 3331 illecebra
1464 3292 1527 3331 ac
1554 3276 1782 3331 libidine
1814 3279 1896 3331 sui
1929 3277 2220 3331 dominan-

641 3379 751 3423 tem
780 3368 967 3433 habet,
1002 3384 1109 3437 qua
1157 3367 1298 3421 nihil
1335 3381 1529 3421 eorum
1574 3382 1697 3435 qua:
1739 3384 1771 3422 a
1810 3368 1922 3422 Deo
1946 3376 2217 3438 praecepta

640 3468 769 3515 sunt
797 3474 1023 3515 servare
1050 3459 1228 3513 valeat
1260 3469 1355 3512 aut
1390 3459 1541 3513 velit.
1575 3458 1677 3525 Qui
1708 3459 1857 3513 enim
1895 3458 1971 3513 illi
2004 3460 2128 3515 vita:
2157 3473 2221 3514 ac

641 3568 832 3623 regno,
869 3552 1019 3622 quod
1058 3565 1124 3605 ex
1167 3551 1378 3605 virtute
1422 3551 1603 3622 agitur
1644 3559 1809 3621 atque
1854 3552 2087 3621 regitur,
2124 3566 2222 3605 vo-

643 3645 851 3713 luptate
898 3641 1110 3697 ebriam
1157 3640 1618 3711 libidinosamque
1660 3642 1830 3696 vitam
1881 3642 2218 3711 praetulerit,

643 3734 890 3789 scientia:
916 3734 1038 3788 loco
1069 3734 1436 3804 ignorantiam
1469 3734 1685 3791 ascivit.

710 3826 775 3879 21
841 3824 945 3891 Qui
991 3825 1059 3878 ad
1112 3824 1433 3880 interiorem
1480 3826 1537 3879 in
1588 3824 1792 3894 spiritu
1841 3824 1980 3895 legis
2023 3824 2222 3879 littera:

643 3914 890 3968 divinum
938 3914 1195 3969 decorem
1246 3923 1426 3969 mente
1456 3914 1582 3985 [non
1622 3914 1838 3979 transit,
1872 3915 2221 3970 libidinosam

645 4005 815 4060 animi
846 4005 1192 4060 affectionem
1228 4005 1588 4078 (mundanum
1623 4006 1840 4061 scilicet
1864 4006 2121 4060 aiiectum
2158 4021 2223 4061 ac

645 4097 830 4152 δεουιί
860 4096 1180 4167 amantem),
1205 4112 1273 4151 ex
1301 4097 1438 4168 legis
1467 4097 1759 4169 disciplina
1794 4098 1849 4151 in
1878 4098 2028 4152 nuda
2056 4096 2220 4168 615

646 4189 918 4246 sermonis
946 4190 1256 4260 prolatione
1284 4190 1463 4261 posita
1492 4190 1718 4261 gignere
1752 4190 2059 4245 consuevit.

711 4366 802 4421 22.
826 4364 945 4421 Oris
988 4364 1221 4435 confusio
1251 4373 1356 4429 est,
1387 4363 1779 4434 cogitationum
1839 4362 2010 4418 animi
2059 4378 2222 4418 mun—

2241 3120 2289 3182 C

2312 1907 2409 1977 τὴν
2445 1905 2685 1976 μέθεξιν,
2734 1904 2942 1971 ταύτην
2990 1902 3349 1974 προσέλαϐεν.
3393 1902 3453 1955 Ὀ
3487 1901 3543 1955 δὲ
3575 1901 3668 1970 τὴν
3692 1901 3747 1952 ὲκ
3769 1900 3844 1969 χά-

2316 2015 2463 2067 ριτος
2504 1998 2575 2067 μὴ
2606 1996 2902 2065 δεξάμενος
2930 1995 3152 2063 γνῶσιν,
3181 1994 3286 2048 κᾶν
3313 1994 3449 2066 λέγῃ
3484 2010 3537 2045 τι
3564 1990 3841 2061 γνωστικὸν,

2313 2090 2413 2142 οὐκ
2446 2086 2554 2141 οἶδε
2602 2089 2745 2142 κατά
2795 2091 2990 2157 πεῖραν
3017 2085 3113 2139 τοῦ
3151 2086 3449 2156 λεγομένου
3501 2084 3600 2156 τὴν
3636 2082 3842 2151 δύναμιν.

2315 2180 2460 2251 Ψιλὴ
2488 2180 2597 2250 γὰρ
2639 2179 2896 2251 μάθησις,
2939 2178 3037 2248 τὴν
3074 2177 3197 2233 καθ’
3221 2177 3337 2243 ἕξιν
3364 2175 3571 2246 γνῶσιν
3597 2175 3655 2228 οὐ
3678 2174 3842 2229 δίδωσι.

2391 2435 2476 2489 ιϐ’.
2517 2434 2663 2498 Νοῦς
2703 2436 2782 2498 είς
2831 2433 2999 2504 ἄκρον
3031 2431 3119 2486 διὰ
3152 2432 3262 2486 τῶν
3304 2432 3520 2504 ἀρετῶν
3563 2432 3846 2505 καθαιρόμεο

2317 2545 2425 2592 νος,
2453 2529 2581 2591 τοὺς
2622 2526 2731 2581 τῶν
2771 2525 2985 2598 ἀρετῶν
3029 2526 3279 2596 πέφυκεν
3319 2526 3549 2589 εἰκότως
3579 2526 3847 2579 ἐκδιδάσκε-

2319 2620 2440 2674 σθαι
2474 2620 2685 2689 λόγους,
2717 2620 2816 2690 τὴν
2844 2618 2902 2684 ἐξ
2931 2619 3113 2673 αὐτῶν
3169 2618 3406 2683 θειωδῶς
3439 2619 3847 2691 χαρακτηρισθεῖο

2319 2731 2417 2767 σαν
2466 2712 2668 2781 γνῶσιν
2727 2713 2926 2765 οἰκεῖον
3003 2711 3324 2783 ποιούμενος
3388 2712 3692 2782 πρόσωπον.
3741 2709 3847 2763 Καθ’

2319 2805 2511 2859 ἑαυτὸν
2560 2806 2670 2877 γὰρ
2720 2805 2965 2869 ἀνείδεός
3007 2822 3068 2858 τε
3109 2806 3206 2860 καὶ
3252 2806 3720 2877 ἀχαρακτηριστος
3765 2803 3847 2861 πᾶς

2318 2900 2625 2969 καθέστηκε
2658 2896 2806 2962 νοῦς,
2839 2898 3055 2970 μορφὴν
3092 2897 3234 2969 ἔχων
3273 2898 3595 2967 ἐπίκτητον,
3626 2898 3656 2967 ἢ
3692 2895 3773 2965 τὴν
3799 2897 3847 2947 ὲκ

2318 2990 2427 3044 τῶν
2458 2991 2669 3060 ἀρετῶν
2709 2991 3025 3043 ὑποστᾶσαν
3069 2992 3126 3042 ὲν
3187 2989 3467 3060 πνεύματι
3494 2988 3703 3057 γνῶσιν,
3725 2987 3752 3057 ἢ
3774 2986 3845 3056 τὴν

2319 3083 2383 3136 ἐκ
2406 3082 2515 3135 τῶν
2552 3082 2742 3135 παθῶν
2777 3082 3275 3151 ὲπισυμϐαίνουσαν
3299 3081 3545 3149 ἄγνοιαν.

2392 3176 2624 3251 κἠΠάς
2672 3176 2702 3229 ὁ
2743 3177 2843 3245 τῆς
2894 3173 3047 3238 θείας
3090 3172 3467 3236 ὲκπεπτωκὼς
3518 3170 3737 3240 ἀγάπης,
3777 3170 3845 3223 τὸν

2319 3269 2377 3321 ὲν
2404 3271 2471 3340 τῇ
2506 3268 2670 3337 σαρκὶ
2698 3267 2862 3337 νόμον
2898 3267 3012 3336 ἔχει
3046 3265 3134 3319 διά
3165 3266 3269 3336 τῆς
3294 3265 3495 3335 ἡδονῆς
3519 3262 3843 3335 βασιλεύοντα.

2318 3360 2410 3414 τὸν
2463 3361 2733 3433 μηδεμίαν
2783 3360 2933 3413 θείαν
2976 3357 3198 3430 ἐντολὴν
3258 3356 3496 3427 φυλάξαι
3542 3351 3844 3425 δυνάμενονῆ

2322 3452 2670 3523 βουλόμενον.
2703 3451 2817 3521 Τῆς
2849 3450 2959 3522 γὰρ
2994 3450 3053 3502 ἐν
3078 3449 3352 3518 πνεύματι
3388 3446 3527 3500 Θεοῦ
3557 3447 3669 3499 κατ’
3690 3442 3846 3514 ἀρετὴν

2319 3541 2712 3612 διεξαγομένης
2755 3540 2901 3611 ζωῆς
2938 3557 2997 3593 τε
3045 3539 3141 3593 καὶ
3192 3536 3501 3608 βασιλείας,
3553 3532 3847 3607 προτιμήσας

2318 3633 2421 3703 τὴν
2451 3632 2733 3702 φιλήδονον
2765 3631 2932 3700 ζωὴν,
2971 3626 3071 3701 τὴν
3101 3628 3328 3697 ἄγνοιαν
3369 3628 3494 3681 ἀντὶ
3526 3626 3621 3697 τῆς
3642 3621 3846 3692 γνώσεως

2321 3724 2501 3793 ἐαυτῷ
2531 3724 2906 3777 ἐπεσπάσατο.

2394 3815 2503 3870 κα’.
2554 3816 2613 3873 '0
2657 3816 2732 3887 μὴ
2769 3813 3063 3869 διαϐαίνων
3096 3812 3240 3866 κατά
3269 3811 3394 3865 νοῦν
3447 3811 3586 3883 πρὸς
3615 3808 3704 3878 τὴν
3731 3805 3843 3859 ἔνδον

2323 3908 2382 3961 ὲν
2414 3906 2687 3978 πνεύματι
2727 3905 2821 3959 τοῦ
2872 3905 3100 3977 νομικοῦ
3142 3904 3476 3976 γράμματος
3512 3902 3656 3956 θείαν
3696 3895 3843 3964 εὐπρέ-

2324 4015 2507 4062 πειαν,
2537 3998 2635 4066 τὴν
2662 3997 2764 4067 τῆς
2792 3998 3021 4069 γνώμης
3058 3997 3342 4068 φιλήδονον
3373 3995 3582 4066 σχέσιν,
3611 3994 3757 4063 ῆγουν
3772 3988 3846 4056 τὴν

2324 4091 2597 4162 κοσμικὴν
2646 4090 3026 4161 προσπάθειαν
3057 4090 3153 4143 καὶ
3183 4088 3546 4158 φιλοκοσμίαν
3572 4085 3743 4154 γεννᾷν
3768 4079 3845 4131 πέ-

2326 4201 2518 4255 φυκεν,
2550 4184 2615 4236 ὲκ
2645 4183 2747 4254 τῆς
2776 4183 2920 4236 κατά
2972 4182 3143 4253 μόνην
3192 4181 3289 4251 τὴν
3319 4182 3379 4234 ὲν
3422 4181 3569 4251 λόγῳ
3602 4175 3687 4231 τοῦ
3713 4174 3845 4243 νόμον

2328 4274 2617 4347 μαθήσεως
2644 4274 2946 4346 προφοράν.

2396 4366 2504 4437 κβ’-
2529 4367 2801 4435 Αἰσχύνη
2837 4366 3134 4434 στόματός
3168 4364 3241 4435 (ι)
3286 4365 3456 4429 ἐστιν,
3505 4364 3539 4434 ή
3588 4358 3712 4414 κατὰ
3750 4352 3844 4408 νοῦν

646 4456 789 4510 dana
817 4469 881 4509 ac
905 4467 1198 4522 corporum
1231 4466 1417 4507 amore
1457 4451 1753 4507 libidinosa
1801 4451 2107 4507 meditatio.
2154 4452 2217 4506 In
2250 4470 2268 4524 ι

2250 4470 2294 4524 D
2323 4458 2650 4529 φιλόκοσμος
2680 4458 2877 4529 μελέτη
2903 4456 3013 4511 τῶν
3045 4456 3321 4526 λογισμῶν
3359 4456 3455 4508 καὶ
3504 4449 3840 4522 φιλοσώματος·

646 4562 757 4617 quo
814 4544 964 4600 enim
1016 4558 1083 4598 ex
1125 4544 1378 4599 elucentc
1428 4544 1485 4598 in
1530 4542 1668 4614 legis
1712 4543 1897 4598 littera
1949 4544 2218 4615 corporali

648 4635 1052 4698 informatione,
1067 4635 1368 4689 voluntatis
1395 4635 1709 4705 mentisque
1734 4634 1964 4690 libidine
1979 4636 2220 4691 mundus

647 4727 994 4799 progignitur
1018 4725 1232 4796 (mundi
1267 4726 1479 4782 scilicet
1510 4742 1576 4782 ac
1603 4726 1791 4782 saeculi
1820 4742 2013 4782 amans
2045 4728 2218 4782 animi

646 4818 915 4890 aﬂ‘ectio),
933 4817 990 4872 in
1020 4817 1127 4872 hoc
1146 4817 1313 4873 etiam
1344 4819 1656 4889 voluptaria
1682 4818 1829 4874 inest
1855 4820 2039 4875 animo
2066 4821 2219 4891 cogi-

649 4910 919 4967 tationum
941 4908 1247 4964 meditatio.
1270 4907 1372 4964 Cui
1396 4908 1545 4964 enim
1569 4908 1650 4965 rei
1672 4909 1874 4966 affectu
1889 4910 2217 4979 addicimur,

647 5020 770 5061 eam
791 5019 1010 5075 quoque
1036 5002 1223 5059 animo
1254 5002 1604 5059 meditamur.

715 5142 732 5161 ⁶
763 5138 847 5199 Cf.
882 5138 949 5194 ad
975 5139 1135 5197 Thal.
1163 5156 1219 5210 q.
1254 5139 1342 5194 65.

723 5254 793 5327 (χ)
830 5253 1469 5334 ξῑσζρνημσζόμαξρς.
1521 5250 1809 5334 Expositio
1854 5260 1940 5305 est
1956 5251 2220 5334 nominis

649 5320 744 5381 Μέ
776 5320 1010 5393 ’φιϐοσθὲ
1063 5320 1295 5378 alterius
1349 5321 1589 5375 filiorum
1618 5320 1802 5376 Saulis
1848 5337 1918 5375 ex
1956 5322 2215 5391 Rhespha

651 5343 883 5460 pellice;
912 5400 973 5448 ut
1024 5402 1079 5447 et
1119 5393 1377 5460 ἀνάθημα
1422 5392 1542 5460 (seu
1578 5392 1765 5460 potius
1817 5391 2103 5460 ἀνάθεμα,
2163 5400 2225 5445 ut

651 5396 883 5465 pellice;
912 5400 973 5448 ut
1024 5402 1079 5447 et
1119 5396 1377 5461 ἀνάθημα
1422 5396 1542 5460 (seu
1578 5396 1765 5460 potius
1817 5396 2103 5460 ἀνάθεμα,
2163 5400 2220 5445 ut

652 5474 849 5535 quaest.
894 5463 990 5543 illa
1141 5462 1421 5543 scribitur)
1460 5460 1708 5543 alterius,
1741 5476 1941 5543 nempe
1970 5461 2220 5543 Ἐρονθίο

654 5531 794 5613 quos
821 5533 1298 5613 ambosuMaximus
1324 5531 1597 5613 illaudata:
1612 5532 1820 5613 sobolis
1836 5541 1963 5613 typo
1996 5532 2218 5601 accipit.

655 5602 861 5682 quippe
888 5618 955 5682 ex
979 5603 1262 5674 illegitimo
1292 5611 1596 5682 susceptos
1619 5602 1899 5682 connubio
1925 5619 1939 5656 :
1968 5617 2083 5682 nec.
2096 5616 2219 5656 raro

2337 4552 2427 4606 Ἐν
2454 4544 2498 4620 ᾧ
2524 4550 2633 4623 γὰρ
2667 4552 2696 4603 ὁ
2726 4550 2930 4620 κόσμος
2951 4551 3016 4603 ἐκ
3039 4548 3139 4617 τῆς
3170 4546 3579 4618 ἐμφαινομένης
3607 4540 3676 4612 τῷ
3706 4536 3843 4611 γράμ-

2329 4658 2459 4712 ματι
2499 4641 2594 4693 τοῦ
2632 4640 2799 4711 νόμου
2842 4639 3166 4709 σωματικῆς
3215 4638 3581 4701 διαπλάσεως,
3619 4632 3743 4688 κατά
3769 4628 3842 4697 τὴν

2324 4731 2613 4802 γνωμικὴν
2659 4730 2843 4801 σχέσιν
2888 4731 3183 4799 γεννᾶσθαι
3215 4731 3461 4800 πέφυκεν
3485 4746 3502 4760 ο
3532 4729 3705 4799 ἤγουν,
3728 4724 3755 4793 ή
3775 4720 3842 4773 τὸν

2327 4824 2530 4893 κόσμον
2561 4822 2791 4893 φιλοῦσα
2818 4822 3082 4891 διάθεσις,
3114 4824 3207 4877 καὶ
3232 4825 3264 4894 ἡ
3296 4823 3440 4877 κατά
3467 4821 3590 4875 νοῦν
3616 4817 3841 4889 φιλήδονος

2328 4915 2529 4986 μελέτη
2563 4915 2673 4969 τῶν
2706 4914 3004 4987 λογισμῶν.
3045 4917 3189 4989 Πρὸς
3217 4916 3246 4969 ὃ
3274 4915 3380 4987 γάρ
3411 4912 3663 4985 σχετικῶς
3682 4902 3841 4963 διακεί-

2328 5007 2489 5078 μεθα,
2522 5008 2660 5079 πρὸς
2682 5011 2857 5063 ἐκεῖνο
2876 5011 2971 5064 καὶ
2996 5010 3140 5064 κατά
3161 5009 3285 5063 νοῦν
3311 5008 3539 5081 μελέτην
3560 4996 3837 5071 κεκτήμεθα.

2324 5248 2647 5324 methodum
2677 5249 2997 5324 exponendi
3021 5250 3341 5324 Scripturas
3381 5250 3438 5304 in
3464 5248 3696 5324 his_i_psis
3716 5240 3836 5324 (aa-pi:

2325 5321 2473 5376 tibus
2505 5308 2874 5375 commendat.
2912 5321 3063 5375 Nihil
3094 5308 3165 5376 ad
3196 5337 3335 5385 rem,
3369 5320 3518 5390 quod
3547 5308 3707 5390 Picus,
3725 5308 3833 5390 illud

2324 5390 2564 5471 Αίσχῦνη
2606 5392 2911 5471 στόματος,
2968 5392 3111 5446 dictu
3170 5382 3458 5471 pudendo)
3495 5390 3625 5471 dictat
3652 5382 3833 5471 infanti:

2324 5450 2645 5532 redditfac
2681 5450 2726 5532 si
2772 5450 2923 5516 esset
2976 5450 3261 5532 sequentis
3318 5450 3722 5532 vocis,_p.£_léﬂl
3769 5450 3831 5532 YF'

2322 5520 2538 5602 κίνησις
2560 5530 2871 5600 epithetum
2895 5520 3284 5602 ε.τὸάνάθημα
3314 5547 3429 5586 non
3453 5520 3659 5602 habuit,
3680 5520 3831 5579 inutile

2320 5601 2425 5671 ipsi
2464 5609 2615 5655 textu
2643 5618 2656 5654 :
2693 5616 2769 5676 ac
2785 5617 2893 5676 nec
2921 5601 3074 5676 forte
3104 5601 3269 5676 nobis
3312 5601 3536 5676 omnino
3564 5601 3747 5676 integer
3768 5604 3831 5676 re:

655 5666 973 5753 ἀναγωγία)
997 5666 1347 5753 sensumque
1383 5666 1690 5753 spiritalem
1721 5673 1782 5753 in
1815 5672 2086 5753 ejusmodi
2113 5687 2217 5753 nof
2315 5666 2708 5753 present-amr.
2739 5672 2904 5728 Plura
2934 5672 2992 5729 in
3022 5674 3113 5730 illa
3151 5670 3352 5739 Quam.
3402 5672 3461 5728 in
3504 5678 3642 5735 textu
3669 5666 3767 5737 ipso
3788 5666 3829 5712 εί

657 5741 870 5798 minum
912 5741 1309 5800 ﬂebra'ncoruin
1350 5741 1682 5815 etvmologia
1717 5741 1938 5812 fundat;
1967 5758 2129 5814 quam
2159 5751 2215 5799 et
2314 5741 2373 5797 in
2404 5741 2661 5799 Scholiis.
3250 5796 3253 5799 .
3379 5758 3388 5767 θ
