4012 6430
196 377 343 443 1357

883 381 1213 443 CAPITUM
1252 377 1674 451 QUINQUIES
1714 376 2233 439 CENTENORUM
2271 378 2659 439 CENTURIA
2695 379 2761 439 V.

3296 368 3443 449 1358,

266 492 375 562 κγ’.
408 493 477 547 Ἦ
514 494 674 548 πάλιν
702 496 966 562 αἰσχύνη
1018 494 1316 563 στόματός
1362 493 1531 555 ἐστιν,
1574 492 1610 545 ἡ
1658 491 1769 550 τοῖς

1942 492 2033 546 25.
2055 491 2165 545 Aut
2193 507 2389 547 rursus
2418 494 2525 546 oris
2557 491 2815 560 confusio,
2855 491 3056 545 mentis
3076 491 3299 561 agitatio
3324 504 3427 555 est,

189 586 430 638 πάθεσιν
481 583 619 649 εἶδος
668 585 971 653 ἐπάγουσα,
1019 586 1107 639 καὶ
1150 584 1211 637 τὸ
1248 582 1376 637 καθ’
1408 583 1602 653 ἡδονὴν
1632 579 1768 649 πρὸς

191 676 456 748 αἴσθησιν
508 677 906 731 διαπλάττουσα
966 677 1181 741 κάλλος,
1235 674 1330 727 τοῦ
1384 672 1477 727 νοῦ
1532 672 1766 741 κίνησις.

193 768 383 839 Χωρὶς
428 768 534 838 γάρ
571 768 668 839 τῆς
721 768 861 821 κατὰ
912 767 1033 820 νοῦν
1078 768 1426 837 ὲπινοητικῆς
1464 763 1765 833 δυνάμεως,

195 858 342 927 πρὸς
395 858 681 912 διάπλασιν
736 858 965 930 μορφῆς,
1023 857 1273 928 οὐδαμῶς
1324 856 1499 919 πάθος
1553 855 1765 924 ἄγεται.

198 949 275 1002 Ἦ
315 950 590 1019 ἀνάθημὰ
625 952 761 1016 ἐστι,
790 952 883 1004 καὶ
907 952 941 1020 ἡ
975 950 1240 1017 πρόσυλος
1277 950 1371 1003 καὶ
1395 947 1635 1018 άκαλλὴς
1661 947 1771 1000 τῶν

194 1041 392 1095 παθῶν
421 1041 517 1095 καὶ
556 1042 929 1105 ἁδιατύπωτος
960 1043 1175 1111 κίνησις
1198 1058 1211 1071 ·
1245 1040 1509 1108 αισχύνη
1538 1040 1597 1093 δὲ
1625 1040 1769 1091 στό-

187 1150 404 1201 ματος,
453 1135 487 1204 ἡ
533 1134 595 1187 τὸ
640 1133 809 1196 πάθος
846 1132 1187 1185 είδοποιοῦσα
1219 1131 1356 1203 πρὸς
1397 1131 1649 1201 αἴσθησιν
1674 1128 1769 1183 τοῦ

193 1223 293 1277 νοῦ
324 1224 557 1294 κίνησις,
600 1224 696 1277 καὶ
725 1227 844 1288 ταῖς
890 1225 1154 1287 ἐπινοίαις
1209 1222 1341 1293 ὓλην
1390 1222 1648 1293 ἁρμόδιον
1692 1220 1772 1291 τῷ

195 1314 364 1367 πάθει
394 1315 710 1385 πορίζουσα.

274 1487 370 1541 κδ’.
417 1488 474 1541 '0
501 1488 588 1542 διὰ
615 1487 822 1559 τρυφὴν
857 1486 1176 1558 σωματικὴν
1205 1487 1302 1542 καὶ
1332 1488 1639 1541 ἀνάπαυσιν
1672 1487 1771 1552 τὰς

198 1581 395 1643 θυσίας
428 1580 520 1633 καὶ
552 1580 650 1642 τὰς
683 1580 893 1650 ἑορτὰς,
920 1580 988 1632 τά
1017 1596 1075 1631 τε
1117 1577 1373 1633 Σάϐϐατα
1404 1580 1497 1631 καὶ
1528 1579 1626 1642 τὰς
1654 1595 1771 1631 νεο-

205 1672 410 1741 μηνίας
453 1670 596 1723 κατὰ
633 1669 725 1722 τὸν
764 1670 927 1739 νόμον
969 1670 1059 1723 τὸν
1101 1669 1233 1722 Θεδν
1280 1669 1652 1738 διατεταχέναι
1686 1686 1773 1721 πιο

202 1763 430 1829 στεύων,
464 1763 642 1833 πάντη
686 1778 747 1815 τε
792 1763 887 1815 καὶ
923 1763 1161 1828 πάντως,
1191 1762 1296 1815 ὑπὸ
1328 1763 1426 1833 τὴν
1469 1762 1657 1834 ἐνοχὴν
1681 1780 1773 1831 γεο

1868 598 1991 652 qua:
2016 582 2308 637 aﬂectibus
2353 582 2595 652 speciem
2638 582 2872 645 inducit,
2905 598 3083 651 exque
3122 598 3317 637 sensus
3350 600 3431 645 ra-

1872 674 2021 728 tione
2070 673 2427 729 libidinosam
2490 672 2961 743 pulchritudinem
3014 672 3240 744 etiingit.
3285 673 3431 729 Citra

1868 764 2019 819 enim
2046 764 2447 835 excogitantem
2491 780 2555 821 ac
2580 764 2943 821 inventricem
2977 766 3177 821 mentis
3204 767 3434 820 faculta-

1872 863 1982 911 tem
2014 855 2083 911 ad
2135 856 2368 910 formam
2413 855 2811 927 ellingendam,
2864 856 3097 912 aﬂ‘ectus
3151 872 3215 911 ac
3254 859 3435 928 passio

1870 962 1981 1002 non
2010 946 2281 1017 procedit.
2310 947 2408 1002 Vel
2452 948 2621 1002 etiam
2648 950 2934 1002 anathema
2975 956 3092 1013 est,
3139 958 3358 1004 terrena
3382 961 3439 1002 et

1873 1036 2165 1091 invenusta
2215 1036 2584 1105 informisque
2648 1037 3125 1107 perturbationum
3185 1053 3250 1093 ac
3303 1036 3438 1092 aﬂ'e-

1870 1137 2059 1183 ctuum
2101 1127 2382 1183 incitatio:
2402 1128 2509 1181 oris
2533 1142 2666 1182 vero
2699 1128 2967 1197 confusio,
2996 1144 3117 1197 quae
3144 1142 3212 1182 ex
3244 1141 3438 1181 sensus

1871 1220 2083 1276 ratione
2117 1220 2373 1275 aﬂectum
2396 1220 2579 1289 specie
2611 1220 2829 1283 format,
2864 1220 3270 1289 subtilibusque
3290 1235 3437 1273 com-

1871 1311 2071 1368 mentis
2088 1321 2271 1381 aptam
2293 1310 2513 1366 aﬂ'ectui
2534 1326 2631 1366 seu
2652 1310 2894 1381 passioni
2918 1312 3202 1365 materiam
3226 1311 3435 1373 tribuit,

1872 1404 2075 1459 mentis
2097 1404 2344 1475 agitatio.

1942 1497 2030 1550 24.
2062 1496 2169 1563 Qui
2218 1496 2461 1553 carnalis
2491 1497 2793 1567 voluptatis
2830 1497 3187 1567 fruendzeque
3237 1498 3441 1567 quietis

1874 1602 2059 1649 causa.
2090 1587 2415 1657 praacepisse
2441 1588 2613 1643 Deum
2638 1587 3030 1643 sacriﬁciorum
3064 1587 3440 1654 festorumque

1874 1677 2137 1747 legitima,
2176 1678 2524 1749 Sabbataque
2560 1687 2617 1733 et
2653 1680 2969 1734 neomenias
2999 1678 3303 1734 instituisse
3326 1678 3443 1731 cxi-

1878 1767 2090 1833 stimat,
2145 1770 2373 1824 omnino
2434 1784 2773 1840 prorsusque
2840 1769 3131 1824 affectibus
3187 1768 3443 1837 vitiisque

198 1856 425 1925 νήσεται
452 1854 549 1923 τῆς
578 1852 687 1906 τῶν
713 1852 902 1906 παθῶν
925 1852 1225 1923 ἐνεργείας,
1255 1853 1348 1906 καὶ
1380 1853 1477 1923 τὴν
1506 1855 1767 1925 αἰσχύνην

1884 1859 2158 1916 obnoxius
2200 1862 2339 1928 erit;
2383 1863 2736 1933 turpiumque
2791 1861 2919 1916 inde
2955 1861 3349 1931 cogitationum
3380 1875 3444 1913 ac

197 1947 302 2016 τῆς
333 1944 441 1999 τῶν
470 1946 556 1998 ἐπ’
600 1945 788 2008 αὑταῖς
841 1944 1079 2016 αἰσχρῶν
1128 1944 1405 2015 λογισμῶν
1459 1946 1769 2017 ῥυπαρίας.

198 2037 308 2089 ὑπό
352 2054 411 2089 τε
462 2036 555 2089 τὸν
613 2036 965 2107 φθειρόμενον
1014 2035 1167 2090 ἐσται
1204 2036 1428 2105 κόσμον,
1454 2037 1549 2089 καὶ
1581 2037 1682 2107 τὴν
1714 2038 1774 2091 ὲν

200 2128 481 2197 λογισμοῖς
509 2126 882 2196 φιλοσώματον
921 2126 1151 2198 μελέτην
1176 2144 1189 2157 ·
1241 2127 1346 2180 ὑπό
1390 2145 1452 2180 τε
1500 2128 1598 2199 τὴν
1642 2128 1774 2195 ὓλην

198 2219 312 2274 τῶν
343 2218 531 2272 παθῶν
561 2218 734 2273 καὶτὸ
761 2217 919 2283 εἶδος,
954 2220 1123 2289 μηδὲν
1155 2218 1284 2273 ἄλλο
1318 2218 1457 2291 πλὴν
1484 2219 1592 2273 τῶν
1626 2219 1775 2275 00st-

203 2312 447 2382 ρομένων
483 2310 661 2380 τίμιον
681 2311 825 2381 ἔχειν
851 2310 1167 2381 δυνάμενος.

272 2532 373 2579 κε’.
423 2525 484 2579 Ὀ
511 2524 749 2588 πεισθεὶς
779 2523 929 2577 θείαν
960 2519 1098 2578 εἶναι
1128 2523 1393 2595 διαταγὴν
1420 2524 1483 2577 τὸ
1524 2539 1767 2592 σωματι-

202 2616 317 2679 κῶς
354 2616 494 2669 κατὰ
542 2616 704 2685 νόμον
757 2616 991 2686 τρυφᾷν,
1048 2615 1147 2685 τὴν
1197 2615 1645 2687 γαστριμαργίαν
1698 2613 1775 2677 ὼς

201 2707 341 2761 Θεοῦ
389 2707 559 2778 δῶρον
596 2706 864 2777 λαμϐάνει
901 2706 1037 2776 πρὸς
1066 2706 1369 2776 συμϐίωσιν
1406 2705 1546 2776 μετὰ
1576 2706 1771 2775 χαρᾶς,

203 2798 265 2864 ἐξ
292 2793 359 2869 ἦς
412 2798 576 2867 γεννᾷ
622 2798 749 2859 τοὺς
793 2795 1116 2866 μολύνοντας
1162 2798 1230 2865 τῇ
1274 2796 1621 2868 παραχρήσει
1674 2796 1775 2865 τὴν

202 2888 485 2943 ἐνέργειαν
506 2889 612 2942 τῶν
638 2888 942 2956 αἰσθήσεων
972 2888 1228 2959 τρόπους.

276 3094 389 3152 κς’.
449 3084 696 3139 Ἐπειδὰν
726 3084 786 3137 τὺ
823 3084 1152 3155 θεωρητικὸν
1186 3101 1283 3153 της
1310 3084 1487 3154 ψυχῆς
1512 3083 1610 3153 τὴν
1641 3100 1773 3155 τρυ-

203 3177 314 3249 φὴν
356 3177 494 3230 κατὰ
535 3177 626 3229 τὸν
659 3177 715 3228 ὲν
749 3176 1041 3245 γράμματι
1071 3174 1233 3245 νόμον
1259 3174 1333 3238 ὡς
1373 3174 1523 3227 θείαν
1558 3171 1646 3227 διὰ
1675 3174 1774 3243 τὴν

200 3268 426 3334 ἐντολὴν
459 3268 770 3336 ἀσπάσηται
806 3266 941 3337 πρὸς
980 3266 1299 3336 συμϐίωσιν,
1328 3265 1426 3334 τὴν
1454 3264 1563 3318 τῶν
1588 3263 1777 3333 αἰσθή-

202 3379 350 3415 σεων
376 3362 525 3431 παρὰ
560 3360 719 3429 φύσιν
752 3360 1068 3432 μετέρχεται
1095 3359 1311 3429 χρῆσιν,
1345 3357 1613 3429 μηδεμιᾶς
1651 3374 1780 3425 συγ-

201 3451 422 3523 χωροῦν
476 3453 618 3503 κατὰ
667 3450 828 3520 φύσιν
880 3449 1260 3519 διαφαίνεσθαι
1296 3447 1393 3519 τὴν
1442 3448 1638 3519 χρῆσιν
1674 3448 1775 3517 τῆς

206 3543 511 3614 ἐνεργείας.
546 3543 713 3612 Γεννᾷ
745 3542 855 3613 γὰρ
891 3543 993 3612 τήν
1035 3558 1095 3594 τε
1137 3540 1246 3593 τῶν
1297 3538 1487 3593 παθῶν
1523 3539 1635 3605 ἕξιν
1685 3540 1778 3593 καὶ

199 3634 307 3704 τὴν
328 3635 630 3705 ἐνέργειαν,
653 3635 745 3685 καὶ
765 3634 840 3696 ὠς
868 3631 1017 3686 θείαν
1042 3629 1389 3694 είσοικίζεται
1419 3629 1517 3701 τὴν
1552 3646 1775 3700 γαστρι-

206 3726 473 3797 μαργίαν,
529 3726 665 3795 πρὸς
700 3726 915 3791 γένεσιν
953 3723 1061 3775 τῶν
1094 3722 1465 3793 ρυπαινὸντων
1504 3723 1571 3791 τῇ
1600 3737 1779 3792 παρα-

202 3820 400 3888 χρήσει
438 3816 534 3879 τὰς
586 3816 862 3886 αἰσθήσεις
900 3815 1136 3886 τρόπων,
1176 3815 1255 3878 εἰς
1285 3813 1563 3884 ἀναίρεσιν
1586 3812 1695 3865 τῶν
1721 3814 1781 3865 ἐν

202 3911 321 3971 τοῖς
347 3904 463 3961 οὖσι
491 3907 734 3977 φυσικῶν
758 3908 930 3976 λόγων
949 3923 1008 3959 τε
1030 3907 1124 3959 καί
1146 3904 1495 3975 σπερμάτων.

280 4019 383 4083 κζ’.
436 4020 620 4083 Οὐδεὶς
676 4019 812 4090 μόνῃ
860 4018 1211 4090 προσανέχων
1245 4020 1312 4088 τῇ
1349 4019 1632 4087 σωματικῇ
1685 4014 1780 4069 τοῦ

206 4111 377 4181 νόμου
410 4110 649 4181 λατρεία,
684 4110 911 4180 φυσικὸν
946 4110 1270 4180 τοπαράπαν
1304 4108 1503 4163 δύναιτ’
1555 4108 1622 4162 ἂν
1673 4124 1779 4159 πα-

211 4202 535 4277 ραδέξασθαι
563 4204 719 4271 λόγον
750 4204 783 4273 ἦ
820 4202 1097 4273 λογισμὸν,
1124 4203 1205 4255 ὅτι
1236 4201 1370 4272 μηδὲ
1399 4202 1611 4270 πέφυκε
1646 4218 1777 4253 ταυ-

208 4301 302 4355 τὸν
327 4296 467 4355 εἶναι
508 4303 575 4370 τῇ
606 4300 762 4369 φύσει
788 4298 857 4351 τά
884 4298 1147 4368 σύμϐολα.
1183 4297 1241 4350 '0
1268 4298 1375 4368 γὰρ
1413 4298 1524 4359 τοῖς
1581 4294 1782 4365 συμϐό-

208 4394 326 4457 λοις
364 4393 713 4463 ὲναπομένων
742 4389 850 4444 τοῦ
881 4390 1068 4459 νόμου,
1101 4390 1161 4441 οὐ
1193 4387 1413 4441 δύναται
1455 4387 1598 4440 κατὰ
1624 4385 1780 4452 λόγον

208 4488 315 4556 τὴν
338 4486 446 4539 τῶν
474 4485 643 4538 ὄντων
666 4484 827 4553 φύσιν
851 4484 1005 4554 όρᾷν,
1036 4482 1131 4535 καὶ
1158 4484 1283 4543 τοὺς
1304 4480 1558 4542 τεθέντας
1584 4478 1779 4531 οὺσιω-

207 4577 322 4640 δῶς
346 4576 449 4630 ὑπὸ
472 4576 568 4629 τοῦ
594 4574 923 4646 δημιουργοῦ
946 4576 1059 4637 τοῖς
1084 4569 1201 4627 οὖσι
1255 4571 1444 4639 λόγους
1484 4570 1783 4639 περιποιεῖ-

211 4668 361 4732 σθαι,
384 4669 472 4723 διὰ
490 4668 551 4722 τὸ
568 4668 675 4721 τῶν
698 4667 974 4720 συμϐόλων
1002 4666 1137 4729 πρὸς
1167 4664 1264 4736 τὴν
1296 4663 1405 4717 τῶν
1430 4662 1594 4715 ὄντων
1625 4660 1783 4730 φύσιν

206 4761 486 4831 διάφορον.

285 4880 391 4945 κη’.
453 4873 512 4926 '0
552 4873 685 4925 Θεὸν
722 4870 820 4942 τὴν
869 4870 1075 4926 κοιλίαν
1100 4870 1420 4941 ἡγούμενος,
1448 4867 1544 4920 καὶ
1579 4866 1654 4928 ὡς
1692 4865 1783 4918 ἐπὶ

210 4965 342 5038 δόξῃ
389 4968 456 5036 τῇ
507 4964 734 5036 αἰσχύνῃ
781 4963 1266 5032 καλλωπιζόμενος,
1332 4960 1505 5029 μόνων
1542 4953 1679 5010 οἶδεν
1710 4956 1786 5018 ὡς

214 5058 376 5110 θείων
409 5057 728 5127 ἀντέχεσθαι
767 5056 856 5109 διά
902 5055 1140 5125 σπουδῆς
1183 5053 1292 5107 τῶν
1323 5052 1509 5105 παθῶν
1536 5052 1635 5119 τῆς
1664 5051 1782 5105 ἅτι-

216 5148 388 5216 μίας·
436 5148 532 5200 καὶ
579 5147 668 5200 διὰ
718 5146 876 5199 τοῦτο
918 5147 1057 5216 μόνα
1112 5144 1365 5214 περιέπει
1415 5142 1485 5195 τὰ
1534 5141 1781 5211 χρονικὰ,

211 5238 462 5292 τουτέστι
493 5240 590 5310 τὴν
621 5239 752 5310 ῦλην
790 5240 884 5292 καὶ
913 5238 974 5291 τὸ
1006 5233 1164 5301 εἶδος,
1197 5236 1290 5289 καὶ
1312 5235 1410 5306 τὴν
1438 5235 1579 5287 κατὰ
1606 5233 1784 5303 παρά-

214 5343 411 5399 χρησιν
464 5328 777 5397 πενταπλῆν
834 5324 1111 5396 ἐνέργειαν
1168 5321 1275 5375 τῶν
1330 5322 1652 5391 αἰσθήσεων.
1705 5321 1785 5391 Τῇ

215 5419 329 5487 γάρ
381 5417 483 5489 ὕλῃ
526 5420 620 5471 καὶ
665 5418 744 5487 τῷ
788 5416 923 5470 εἴδει
978 5414 1361 5483 συμπλακεῖσα
1404 5412 1544 5466 κατὰ
1574 5411 1719 5482 μίξιν
1752 5415 1786 5482 ὴ

216 5508 494 5575 αἴσθησις,
533 5510 812 5564 ἀποτελεῖν
861 5508 958 5579 μὲν
1004 5505 1195 5568 πάθος,
1224 5504 1561 5558 ἁπεκτείνειν
1598 5504 1653 5557 δὲ
1693 5503 1788 5556 καὶ

219 5601 458 5669 ἀναιρεῖν
484 5601 606 5663 τοὺς
633 5601 771 5655 κατὰ
794 5598 956 5668 φύσιν
980 5599 1191 5669 πέφυκε
1226 5596 1436 5665 λόγους.
1470 5595 1647 5659 Πάθος
1680 5597 1794 5667 γάρ

223 5692 313 5744 ιιι
356 5691 519 5761 φύσις
556 5692 823 5745 κατὰ³τδν
860 5690 954 5745 τοῦ
1000 5686 1143 5745 εἶναι
1194 5687 1373 5756 λόγον,
1410 5686 1658 5756 οὐδαμῶς
1692 5688 1787 5741 άλ-

222 5783 398 5853 Αήλοις
432 5784 883 5855 συνυπάρχουσιν.
922 5784 997 5837 Οὐ
1046 5782 1155 5853 γὰρ
1214 5780 1423 5851 πέφυκε
1472 5779 1631 5833 πάθει
1664 5798 1787 5835 συν-

1878 1952 2156 2007 rationum
2203 1953 2440 2023 paedoris
2481 1954 2687 2024 probro
2735 1969 2801 2008 ac
2844 1952 3152 2007 confusioni
3190 1970 3204 2005 :
3238 1950 3445 2006 mundo

1879 2041 2011 2096 item
2044 2043 2139 2113 qui
2175 2044 2570 2114 corrumpitur,
2601 2054 2658 2099 et
2681 2044 2993 2099 libidinosa:
3021 2044 3189 2114 inque
3210 2059 3446 2113 corpora

1878 2134 2066 2189 etl‘usze
2100 2135 2491 2205 cogitationum
2537 2135 2912 2201 meditationi;
2951 2150 3018 2189 ac
3056 2144 3334 2205 postremo
3361 2134 3446 2187 vi-

1879 2226 2086 2281 tiorum
2114 2226 2524 2297 affectuumque
2552 2236 2669 2281 tum
2694 2226 2940 2281 materiae
2966 2240 3081 2281 tum
3106 2226 3324 2291 formae;
3352 2225 3446 2293 qui

1881 2328 2082 2389 praeter
2115 2336 2180 2374 ea
2204 2336 2325 2390 qua:
2360 2320 2714 2391 corruptione
2744 2320 3043 2384 intereunt,
3069 2318 3206 2373 nihil
3236 2318 3290 2372 in
3326 2333 3449 2387 prc-

1883 2409 1961 2465 tio
1982 2410 2183 2465 habere
2209 2411 2403 2481 possit.

1949 2523 2038 2578 25.
2066 2524 2165 2579 Cui
2198 2532 2348 2579 certo
2372 2539 2691 2594 persuasum
2722 2524 2816 2587 sit,
2852 2522 3101 2578 divinum
3135 2536 3256 2577 esse
3299 2534 3449 2574 mau—

1880 2613 2068 2669 datum
2123 2617 2506 2685 corporalibus
2562 2618 2867 2673 secundum
2924 2618 3099 2688 legem
3164 2616 3449 2685 indulgere

1881 2704 2119 2769 deliciis,
2147 2713 2407 2775 tanquam
2451 2708 2547 2761 Dei
2594 2707 2801 2762 donum
2836 2723 2960 2762 cum
2998 2707 3199 2778 gaudio
3241 2705 3452 2760 ventris

1883 2794 2180 2865 ingluviem
2204 2795 2261 2849 in
2282 2798 2484 2851 sociam
2510 2798 2636 2853 vita:
2671 2797 2937 2853 rationem
2972 2799 3221 2861 assumit,
3246 2811 3312 2850 ex
3344 2811 3449 2865 qua

1882 2886 2076 2941 modos
2108 2903 2401 2958 moresque
2436 2905 2535 2959 per
2578 2890 2809 2944 abusum
2836 2931 2849 2951 ,
2882 2905 3143 2945 sensuum
3172 2887 3452 2957 operatio-

1881 2994 2005 3033 nem
2041 2980 2391 3050 inquinantes
2414 2981 2604 3051 gignit.

1949 3094 2038 3149 26.
2069 3094 2206 3149 Cum
2229 3095 2398 3149 animi
2427 3095 2511 3150 vis
2534 3102 2943 3165 contemplandi
2970 3097 3169 3157 solers,
3196 3102 3451 3163 vo.uptaa

1804 3196 1846 3253 (ζ
1883 3192 1989 3239 tom
2021 3200 2089 3239 ex
2113 3184 2249 3255 legis
2273 3184 2457 3239 littera
2483 3193 2741 3254 tanquam
2774 3183 3016 3238 divinam
3042 3193 3269 3255 propter
3298 3199 3449 3237 man-

1880 3278 2070 3332 datum
2099 3277 2154 3331 in
2189 3276 2395 3332 sociam
2424 3277 2549 3331 vita:
2588 3278 2858 3331 rationem
2888 3275 3133 3346 proclive
3168 3276 3446 3338 asciverit,

1880 3366 2246 3422 innaturalem
2299 3380 2561 3420 sensuum
2616 3381 2776 3419 usum
2812 3365 2979 3431 colit,
3037 3366 3175 3420 nihil
3232 3366 3446 3436 reipsa,

1878 3456 2150 3528 quidquid
2179 3467 2363 3527 agant,
2394 3473 2462 3511 ex
2510 3466 2719 3511 natura:
2762 3457 3073 3512 rationibus
3117 3458 3338 3512 elucere
3372 3457 3448 3512 si-

1878 3564 2036 3604 nens.
2072 3548 2257 3618 Gignit
2276 3547 2423 3602 enim
2444 3546 2703 3602 vitiorum
2727 3562 2791 3602 ac
2826 3547 3299 3617 perturbationum
3324 3564 3447 3603 cum

1880 3641 2129 3695 habitum
2156 3650 2271 3694 tum
2304 3647 2520 3705 actum;
2569 3655 2633 3694 ac
2676 3640 2830 3695 velut
2878 3639 3120 3693 divinam
3147 3680 3165 3705 ,
3205 3642 3447 3712 conjugii

1874 3736 1999 3803 jure
2035 3735 2213 3805 gulam
2240 3733 2414 3796 ducit,
2452 3733 2597 3787 unde
2629 3748 2810 3787 mores
2838 3733 3142 3802 modosque
3182 3733 3448 3803 suscipiat

1880 3842 1979 3897 per
2006 3826 2238 3881 abusum
2278 3840 2475 3880 sensus
2505 3824 2833 3894 polluentes,
2862 3825 3028 3896 616
3066 3841 3303 3894 quorum
3326 3826 3450 3881 labe

1882 3918 2159 3973 naturales
2198 3917 2255 3971 in
2285 3917 2452 3972 rebus
2495 3916 2740 3971 rationes
2778 3915 3099 3986 seminaque
3144 3916 3448 3971 interlmat.

1950 4034 2039 4087 9.7.
2084 4033 2186 4099 Qui
2211 4033 2311 4087 soli
2342 4032 2613 4102 corporali
2639 4031 2774 4101 legis
2798 4031 2968 4085 cultui
3008 4032 3253 4085 animum
3292 4032 3451 4085 adhi-

1881 4126 1996 4189 bet,
2026 4124 2332 4179 naturalem
2358 4123 2584 4177 omnino
2617 4124 2883 4177 rationem
2925 4131 3022 4176 aut
3063 4124 3450 4192 cogitationem

1882 4229 2214 4284 sensumque
2246 4214 2412 4268 animi
2439 4223 2498 4268 ut
2521 4214 2771 4283 recipiat,
2798 4214 2917 4267 fieri
2952 4230 3063 4268 non
3090 4224 3301 4284 potest;
3326 4233 3450 4271 cum

1882 4318 2063 4373 neque
2107 4312 2477 4371 comparatum
2517 4303 2606 4366 sit,
2633 4312 2691 4356 ut
2716 4302 2959 4373 symbola
3003 4302 3241 4372 idipsum
3264 4320 3329 4357 ac
3358 4322 3452 4359 na-

1884 4403 2007 4447 tura
2037 4392 2165 4447 sint.
2206 4391 2309 4459 Qui
2338 4391 2485 4446 enim
2517 4392 2653 4462 legis
2689 4390 2951 4461 symbolis
2986 4392 3330 4458 immoratur,
3367 4409 3453 4446 re-

1886 4500 2009 4537 rum
2042 4492 2319 4547 naturam,
2351 4482 2426 4536 ita
2463 4493 2525 4536 ut
2567 4482 2778 4536 ratione
2811 4490 3187 4552 comparatum
3216 4492 3319 4547 est,
3363 4483 3451 4537 lu-

1885 4586 2063 4632 strare
2100 4592 2209 4631 non
2251 4583 2449 4645 potest,
2475 4590 2577 4629 nec
2611 4573 2980 4628 essentialitcr
3007 4590 3036 4627 a
3071 4573 3330 4629 Creatore
3371 4574 3453 4629 in-

1885 4666 2031 4721 ditas
2071 4667 2239 4722 rebus
2272 4665 2511 4719 rationes
2540 4665 2835 4728 asciscere,
2884 4665 2956 4719 ob
2980 4665 3276 4721 discrimen
3305 4668 3450 4736 quod

1887 4758 2030 4813 inter
2058 4756 2303 4829 symbolo
2334 4771 2627 4825 rerumque
2650 4766 2905 4810 naturam
2936 4765 3041 4811 est.

1956 4869 2043 4923 28.
2071 4869 2173 4935 Qui
2195 4878 2441 4925 ventrem
2460 4870 2630 4924 Deum
2668 4884 2790 4924 esse
2820 4870 3116 4935 existimat,
3157 4885 3221 4924 ac
3255 4869 3449 4925 confu-

1886 4961 2041 5015 sione
2066 4960 2383 5030 probroque
2414 4961 2681 5031 gloriatur
2705 4969 2767 5015 ut
2790 4960 3081 5032 magniﬁco
3113 4961 3300 5032 gloria:
3322 4961 3454 5016 titu-

1886 5052 1979 5121 |o,_
2011 5053 2159 5107 solos
2204 5052 2358 5107 novit
2406 5060 2665 5123 tanquam
2717 5052 2934 5107 divinos
2977 5052 3125 5109 serio
3163 5052 3451 5123 complecti

1886 5143 2339 5214 probrosissimos
2360 5144 2590 5199 affectus
2612 5145 2853 5213 vitiaque
2887 5163 2900 5196 :
2923 5144 3161 5214 hincque
3187 5143 3326 5199 adeo
3345 5155 3449 5207 est,

1889 5248 1949 5289 ut
1976 5236 2091 5290 sola
2124 5246 2283 5291 curet
2313 5238 2567 5306 colatque
2604 5245 2990 5304 temporanea;
3026 5237 3310 5291 materiam
3343 5238 3452 5290 sci-

1886 5324 2017 5380 licet
2045 5331 2103 5379 et
2154 5322 2408 5388 formam,
2470 5334 2526 5379 et
2550 5338 2671 5392 quae
2713 5322 2887 5376 abusu
2920 5330 3153 5386 constat,
3207 5321 3453 5392 quinque

1887 5415 2141 5486 partibus
2188 5415 2421 5470 divisam
2469 5428 2731 5468 sensuum
2783 5412 3184 5482 operationem.
3253 5410 3450 5466 Sensui

1887 5508 2036 5561 enim
2062 5506 2304 5561 materiae
2326 5505 2625 5573 formaque
2658 5504 2989 5573 complicato
3030 5516 3193 5573 atque
3219 5502 3451 5557 commi-

1889 5610 1974 5654 sto
2005 5605 2384 5667 comparatum
2419 5604 2540 5656 est.
2579 5604 2639 5649 ut
2677 5594 2925 5649 libidinis
2956 5593 3188 5664 vitiique
3228 5603 3449 5661 parens,

1889 5690 2167 5747 naturales
2196 5688 2441 5742 rationes
2469 5686 2717 5742 sublatas
2754 5685 2888 5741 velit
2920 5699 2985 5741 ac
3014 5683 3315 5740 interimat.
3352 5680 3449 5737 Vi-

1894 5782 2031 5835 tium
2060 5780 2241 5846 enim,
2285 5794 2380 5834 seu
2415 5778 2589 5833 libido
2632 5787 2687 5835 et
2729 5777 3073 5848 perturbatio
3094 5818 3109 5843 ,
3142 5784 3451 5845 naturaque
