4108 6454
661 367 805 435 1359

1815 370 1875 430 S.
1915 370 2200 430 MAXIM!
2237 363 2743 436 CONFESSORIS

3723 385 3828 452 1360

654 480 878 544 essendi
937 480 1150 537 ratione
1180 493 1294 537 non
1333 495 1442 535 una
1505 494 1693 536 secum
1749 483 2044 538 exsistunt.
2099 484 2219 538 Non
2249 496 2276 548 Α

2206 501 2219 537 ι
2249 496 2295 548 Α
2322 487 2686 555 εμφαίνεσθαι
2752 488 3082 558 τοπαράπαν
3105 489 3324 558 φύσεως
3352 491 3522 562 λόγος,
3551 492 3715 569 ὥσπερ
3733 502 3828 555 οὔτε

651 575 801 632 enim
825 576 1052 632 omnino
1085 582 1461 644 comparatum
1513 582 1618 639 est,
1654 582 1716 630 ut
1757 589 1867 629 una
1912 590 2038 630 cum
2072 576 2211 630 vitio

2320 577 2480 646 φύσει
2506 579 2991 634 συναποτίκτεσθαι
3026 581 3168 634 κατὰ
3193 583 3404 650 γένεσιν
3424 585 3602 650 πάθος.

650 671 960 742 affectuque
1013 679 1071 726 et
1110 667 1367 733 libidine,
1429 676 1642 724 natura;
1692 669 1836 724 ratio
1896 669 2130 735 eluceat,
2183 678 2278 735 ιιι,
2339 687 2518 742 neque
2563 689 2669 728 una
2699 689 2824 728 cum
2854 683 3049 729 natura
3081 675 3278 730 vitium
3336 677 3646 748 labesqueet
3691 687 3835 753 passio

649 760 922 833 originem
958 761 1180 816 habeat.

717 854 806 911 29.
835 855 940 924 Qui
973 868 1084 909 non
1113 851 1291 908 credit
1328 851 1635 922 spiritalem
1675 867 1796 908 esse
1840 852 2218 922 Scripturam,

648 951 1023 1015 paupertatem
1051 954 1230 1005 suam,
1257 939 1406 1009 quod
1434 940 1503 994 ad
1533 940 1820 996 scientiam
1851 940 2069 1005 attinet,
2108 954 2221 994 non

645 1033 834 1098 sentit,
865 1031 971 1086 etsi
997 1030 1140 1084 fame
1182 1029 1548 1084 consumitur.
1585 1030 1727 1086 Vere
1755 1044 1994 1098 namque
2045 1028 2221 1084 fames

560 1171 574 1184 ,
645 1131 751 1188 est,
782 1121 930 1193 quod
953 1120 1097 1175 bona
1124 1119 1244 1189 ipso
1285 1120 1666 1190 experimento
1694 1127 1971 1191 gustuque
1999 1119 2218 1190 cognita

645 1214 924 1276 deﬁciant,
976 1211 1318 1282 penuriaque
1357 1225 1422 1267 ac
1447 1219 1664 1282 egestas
1697 1212 1954 1266 ciborum
1991 1211 2219 1282 spirita-

643 1307 802 1370 lium,
829 1304 1035 1375 quibus
1066 1303 1237 1357 animi
1271 1303 1429 1374 vigor
1453 1301 1744 1357 conﬂatur.
1770 1301 1888 1368 Qua
1915 1302 2064 1358 enim
2089 1303 2218 1372 quis

645 1400 857 1456 ratione
883 1398 1083 1453 famem
1116 1396 1448 1451 damnumve
1474 1395 1774 1466 putaverit,
1805 1411 1870 1450 ea
1896 1396 2003 1451 sibi
2036 1396 2218 1451 ablata

643 1506 879 1562 quorum
902 1503 1183 1559 nunquam
1211 1486 1438 1558 penitus
1467 1486 1724 1542 notitiam
1743 1487 1983 1542 habuit?

713 1666 802 1721 30.
859 1665 1071 1719 Revera
1100 1662 1244 1716 fame
1293 1659 1511 1716 laborat
1551 1660 1707 1731 plebs
1737 1659 2004 1725 ﬁdelium,
2035 1674 2102 1715 ac
2125 1674 2220 1715 eo-

2399 846 2502 902 κθ’.
2547 847 2607 900 ’0
2635 848 2710 919 μὴ
2745 851 3016 905 πιστεύων
3053 851 3150 922 τὴν
3184 852 3404 925 Γραφην
3425 872 3558 911 ειναι
3588 878 3836 934 πνευματι.

2325 936 2451 1008 κὴν,
2480 937 2580 1007 τῆς
2606 939 2814 1004 οἰκείας
2857 942 3000 994 κατὰ
3033 942 3133 1012 τὴν
3191 944 3399 1010 γνῶσιν
3435 944 3614 1014 πενίας
3652 953 3736 1006 οὐκ
3769 959 3838 1009 al-

2326 1027 2599 1088 σθάνεται,
2628 1029 2764 1083 άλλὰ
2811 1031 2955 1102 λιμῷ
2999 1033 3392 1103 διαφθείρεται.
3429 1039 3592 1108 Λιμὸς
3609 1041 3704 1112 γάρ
3724 1044 3842 1099 ἐστιν

2322 1119 2400 1182 ὼς
2425 1119 2667 1190 άληθῶς,
2701 1121 2945 1192 ἔκλειψις
2991 1124 3102 1178 τῶν
3153 1128 3275 1178 κατ’
3331 1128 3500 1196 αὐτὴν
3545 1131 3637 1200 τὴν
3684 1137 3840 1204 πεῖραν

2321 1211 2680 1282 ἐγνωσμένων
2705 1215 2949 1282 ἀγαθῶν,
2983 1217 3078 1270 καὶ
3137 1219 3341 1291 ἀπορία
3384 1222 3478 1275 καὶ
3526 1224 3703 1289 σπάνις
3735 1245 3839 1281 παν-

2314 1302 2473 1374 τελὴς
2529 1304 2636 1357 τῶν
2689 1305 2787 1376 τὴν
2816 1306 2993 1381 ψυχὴν
3027 1311 3475 1381 συγκρατςύντων
3505 1320 3841 1387 πνευματικῶν

2321 1392 2649 1464 βρωμάτων.
2683 1397 2807 1460 Πῶς
2839 1400 2949 1469 γὰρ
2982 1400 3140 1472 λιμὸν
3166 1403 3433 1472 ἡγήσεται
3467 1423 3548 1468 τις
3589 1407 3619 1476 ἦ
3657 1407 3838 1478 ζημίαν,

2316 1485 2419 1558 τὴν
2447 1486 2557 1540 τῶν
2587 1488 2841 1555 καθάπαξ
2866 1491 3014 1563 αΰτῷ
3042 1493 3310 1566 μηδαμῶς
3339 1497 3682 1565 ἐγνωσμένων
3708 1502 3840 1569 deei-

2319 1595 2468 1649 ρεσιν
2486 1599 2501 1648 ;

2394 1671 2459 1728 λ’.
2507 1673 2778 1744 Διμὼττει
2824 1676 2912 1729 ἐπ’
2962 1675 3222 1748 ἀληθείας
3261 1678 3370 1730 τῶν
3398 1678 3602 1733 πιστῶν
3655 1682 3736 1734 καὶ
3767 1685 3840 1736 ἑπ-

645 1772 770 1812 rum
798 1756 894 1827 qui
917 1754 1210 1810 veritatem
1255 1761 1665 1824 cognoverunt;
1698 1752 2040 1823 singulorum
2084 1752 2217 1806 item

2326 1762 2647 1829 εγνωκότων
2667 1763 2766 1835 τὴν
2788 1764 3045 1835 ἀλήθειαν
3075 1767 3104 1818 ὀ
3137 1765 3286 1831 λαὸς,
3315 1767 3410 1820 καὶ
3435 1769 3468 1837 ή
3503 1768 3638 1839 ψυχὴ
3659 1770 3734 1823 τοῦ
3748 1772 3839 1825 καθ’

645 1846 864 1909 animm,
890 1843 1120 1914 spiritali
1148 1843 1206 1897 in
1230 1841 1406 1912 gratia
1435 1841 1905 1910 contemplatione
1948 1840 2175 1896 dimissa
2197 1881 2218 1906 ,
2247 1851 2267 1906 1

2247 1851 2291 1906 Β
2318 1853 2548 1906 ἕκαστον
2574 1856 2820 1926 ἀφεμένη
2861 1857 2959 1926 τῆς
2984 1859 3043 1910 ὲν
3065 1860 3132 1928 τῇ
3151 1859 3334 1928 χάριτι
3358 1861 3714 1932 πνευματικῆς
3737 1863 3840 1917 θεω-

644 1936 858 2007 iigurali
878 1936 936 1990 in
958 1935 1146 1990 littera
1171 1933 1426 1988 servituti
1447 1932 1604 1988 factae
1625 1931 1910 1999 obnoxiae;
1941 1931 2073 1988 dum
2103 1948 2220 1988 ma-

2217 1963 2220 1973 '
2322 1943 2463 2014 ρίας,
2499 1945 2596 1998 καὶ
2628 1947 2897 2018 γενομένη
2927 1947 3024 2019 τῆς
3076 1950 3313 2020 τυπικῆς
3367 1952 3430 2004 ὲν
3479 1951 3555 2022 τῷ
3603 1931 3839 2024 γράμματι

643 2027 859 2095 gniﬁcis
885 2023 1064 2081 sensis
1094 2031 1152 2080 et
1187 2023 1548 2093 conceptibus
1593 2022 2027 2092 actionibusque
2069 2038 2220 2078 men-

646 2125 756 2173 tem
787 2131 901 2172 non
953 2123 1221 2187 pascunt,
1254 2115 1353 2170 sed
1404 2115 1788 2185 corporalibus
1843 2114 2219 2187 symbolarum

643 2207 944 2279 Scriptura:
973 2205 1478 2271 informationibus,
1523 2205 1838 2263 libidinosis
1871 2205 2222 2278 cogitationi-

645 2297 753 2352 bus
782 2295 1088 2367 adimpleut
1104 2311 1352 2351 sensum.

711 2388 802 2444 51.
829 2387 1090 2459 Quisquis
1115 2387 1420 2458 spiritalem
1444 2386 1744 2458 Scriptura:
1771 2401 1942 2442 sacrm
1975 2395 2220 2442 contem-

644 2482 945 2554 plationem
976 2496 1091 2536 non
1137 2479 1401 2544 admittit,
1440 2489 1556 2536 tum
1599 2480 1910 2536 naturalem
1939 2495 2049 2535 una
2091 2494 2220 2534 cum

645 2574 740 2628 illa
767 2572 1086 2629 Judaeorum
1113 2572 1276 2643 617
1308 2586 1463 2626 more
1506 2573 1684 2642 legem
1716 2571 2062 2641 repudiavit,
2103 2579 2220 2626 tum

645 2664 819 2736 legem
845 2662 1054 2734 gratiae,
1082 2661 1172 2727 iis,
1206 2663 1302 2732 qui
1331 2679 1400 2717 ex
1428 2663 1578 2718 illius
1595 2663 1904 2717 rationibus
1932 2672 2216 2734 reguntur,

647 2753 1053 2810 deiﬁcationem
1076 2761 1448 2824 prazstantem,
1472 2752 1721 2808 nescivit.
1750 2752 1801 2807 ls
1816 2752 1990 2822 igitur
2020 2752 2116 2822 qui
2146 2752 2224 2806 le-

647 2857 772 2914 gem
821 2843 1084 2913 scriptam
1145 2842 1421 2912 corporali
1477 2843 1689 2898 ratione
1716 2841 1938 2912 accipit,
1976 2843 2220 2899 animum

647 2934 949 2990 virtutibus
985 2949 1097 2989 non
1124 2934 1224 2988 alit
1256 2951 1270 2986 :
1303 2933 1510 3003 quique
1538 2949 1725 2989 rerum
1770 2933 2081 2988 rationibus
2111 2949 2222 2990 non

558 3047 565 3054 ·
649 3025 886 3083 attendit
945 3025 1228 3089 animum,
1285 3041 1396 3081 non
1447 3040 1574 3079 eum
1606 3025 1756 3080 varia
1811 3025 1908 3080 Dei
1957 3025 2222 3096 sapientia

649 3115 937 3189 magniﬁce
978 3124 1192 3170 recreat
1215 3131 1279 3170 ac
1317 3114 1495 3186 pascit
1530 3132 1544 3168 :
1575 3114 1671 3184 qui
1699 3114 1938 3185 denique
1966 3131 2223 3186 magnum

651 3226 808 3267 novae
852 3209 1044 3280 gratim
1094 3223 1207 3263 non
1248 3208 1404 3263 novit
1451 3207 1792 3279 mysterium,
1830 3222 1939 3261 non
1985 3208 2222 3262 exsultat
2253 3202 2296 3258 C

655 3316 753 3373 spe
787 3299 990 3356 futurae
1017 3299 1406 3355 deiﬁeationis.
1441 3298 1599 3366 Quod
1630 3299 1801 3370 igitur
1837 3298 1975 3369 legis
2009 3299 2228 3368 scripta:

651 3393 916 3466 spiritalis
943 3392 1337 3463 contemplatio
1362 3390 1601 3456 deﬁciat,
1637 3391 1892 3446 comitem
1925 3399 2224 3461 egestatem

652 3485 839 3548 habet,
877 3493 939 3539 ut
971 3499 1040 3539 ex
1067 3481 1308 3540 naturali
1333 3482 1453 3555 lege
1501 3497 1614 3538 non
1660 3481 2002 3554 intelligatur
2041 3483 2226 3537 multi-

650 3578 778 3650 plex
805 3577 902 3633 Dei
934 3575 1225 3647 sapientia,
1271 3574 1340 3631 ad
1369 3590 1531 3646 quam
1574 3582 1838 3644 sequatur
1865 3574 2114 3639 omnino,
2158 3589 2226 3628 ex

651 3667 782 3723 novi
839 3667 1084 3738 mysterii
1145 3665 1361 3722 ratione
1416 3681 1518 3736 per
1568 3663 1796 3736 gratiam
1858 3661 2225 3718 concedenda:

651 3757 1017 3814 deiﬁcationis
1055 3757 1384 3828 ignorantia.

666 3865 670 3870 ’
723 3869 815 3924 '52.
843 3869 998 3924 Mens
1039 3868 1220 3924 omnis
1247 3867 1564 3925 Christiana
1594 3866 1801 3937 pietate
1831 3866 2124 3938 perspicax
2159 3881 2224 3922 ac

651 3957 810 4015 fortis
852 3965 1074 4028 aspectu
1090 3957 1160 4025 ",
1186 3973 1406 4028 semper
1434 3957 1749 4022 desiderat,
1795 3972 1860 4012 ac
1903 3960 2102 4027 quaerit
2146 3955 2224 4010 fa-

652 4051 792 4108 ciem
817 4049 1114 4106 Domini".
1141 4049 1331 4104 Facies
1358 4057 1543 4104 autem
1570 4049 1786 4104 Domini
1831 4058 1950 4114 est,
1990 4064 2120 4113 vera
2142 4050 2225 4104 di-

651 4144 930 4204 vinorum,
968 4155 1068 4212 pro
1095 4155 1162 4196 eo
1183 4155 1246 4196 ac
1270 4141 1476 4196 virtute
1525 4149 1908 4210 comparatum
1939 4147 2052 4204 est,
2091 4154 2223 4194 con-

652 4233 934 4306 templatio
964 4246 1028 4286 ac
1066 4231 1320 4295 scientia,
1360 4246 1524 4302 quam
1554 4231 1648 4300 qui
1683 4231 1905 4301 quaerit,
1945 4231 2066 4300 ejus
2092 4245 2219 4285 cau-

651 4340 768 4382 sam
816 4323 1061 4396 penuriae
1105 4338 1170 4378 ac
1225 4323 1484 4394 egestatis
1523 4321 1705 4377 discit.
1747 4321 2219 4388 Quemadmodum

650 4416 800 4472 enim
823 4415 992 4470 facies
1019 4414 1451 4484 uniuscujusque
1488 4413 1700 4484 insigne
1727 4421 1964 4482 notaque
1993 4411 2218 4482 prepria

651 4517 769 4574 est;
828 4506 908 4562 sic
937 4521 1156 4577 quoque
1195 4506 1462 4577 spiritalis
1496 4505 1729 4562 scientia
1772 4505 2055 4576 signanter
2099 4503 2217 4560 Nu-

652 4613 779 4653 men
809 4606 1165 4667 repraasentat
1191 4613 1204 4650 :
1237 4612 1402 4666 quam
1426 4598 1521 4668 qui
1543 4595 1996 4667 quaerit,Domini
2024 4595 2219 4650 faciem

652 4701 900 4758 quaerere
922 4684 1139 4740 dicitur.
1165 4684 1268 4751 Qui
1309 4694 1494 4741 autem
1524 4685 1769 4741 eruentis
1797 4684 2084 4740 sacriﬁciis
2121 4699 2222 4756 pro

651 4779 851 4834 littera:
871 4777 1008 4849 legis
1043 4777 1254 4832 ratione
1274 4777 1477 4848 oppido
1501 4779 1735 4834 carnalis
1751 4787 1856 4843 est,
1883 4775 2222 4832 desiderabi-

685 4897 691 4906 ‘
720 4934 769 4970 ιο
797 4933 842 4990 Il
880 4933 1014 5004 Reg.
1047 4932 1135 4998 16,
1172 4933 1261 4988 12.
1335 4932 1380 4966 ⁸⁵⁷
1409 4932 1552 4989 Psal.
1583 4950 1706 4999 xxv,
1737 4933 1790 4990 8.

726 5071 804 5142 (a)
830 5071 1157 5142 Πληρρυσα
1197 5069 1312 5142 τὴν
1343 5068 1632 5142 αἴσθησιν
1660 5069 1965 5138 ἐμπαθοῦς
1999 5090 2224 5141 φαντα-

653 5138 1167 5212 afdé.Male_Picus
1202 5138 1284 5194 sic
1326 5139 1475 5193 clara
1519 5146 1762 5212 torquet,
1799 5138 2064 5211 nulloque
2093 5153 2221 5212 apto

653 5225 820 5269 sensu
865 5209 1079 5281 reddit;
1109 5209 1243 5264 dum
1292 5223 1403 5281 non
1430 5207 1672 5281 attendit
1713 5210 1884 5281 ipsam
1937 5207 2220 5281 participii

653 5280 1144 5352 constructionem,
1175 5293 1245 5352 ac_
1268 5277 1361 5352 rb.
1386 5277 1795 5352 πληροῦσα,ήοί
1823 5277 2066 5352 genitivo
2088 5277 2220 5352 gau-

653 5351 815 5418 dere;
841 5350 987 5420 quod
1015 5349 1173 5404 nobis
1198 5348 1438 5403 ablativo
1454 5363 1582 5403 casu
1616 5348 1885 5415 redditur,
1913 5348 2216 5405 Libidinosa

651 5419 877 5491 impleni
917 5419 1250 5491 cogitatione.

746 5492 798 5557 ὁ)
858 5487 994 5545 Kat'
1025 5488 1272 5561 ἰσχυρὸς
1306 5487 1532 5561 ὁράσει.
1583 5487 1841 5561 Davidem
1895 5489 1995 5545 ista
2036 5493 2213 5561 respi-

655 5557 834 5631 ciunt,
855 5562 951 5630 qui
976 5561 1058 5631 sic
1081 5559 1224 5613 ﬁlios
1241 5557 1421 5612 Saulis
1449 5565 1569 5628 post
1598 5560 1719 5631 ejus
1747 5570 1978 5631 mortem
2009 5561 2062 5614 in
2089 5557 2216 5631 gra-

657 5632 786 5686 tiam
808 5628 1276 5697 Gabaonitarum,
1296 5637 1576 5697 grassante
1612 5628 1754 5683 fame
1788 5629 2071 5692 occiderit,
2097 5628 2216 5686 'eis-

655 5714 762 5768 que
785 5700 841 5753 in
873 5707 1061 5753 monte
1096 5696 1498 5768 cruciﬁgendos
1528 5698 1841 5752 tradiderit.
1894 5699 2104 5754 Dicitur
2121 5717 2215 5754 au-

655 5767 770 5824 tem
797 5768 998 5839 ἀγαθὸς
1021 5768 1207 5838 ὁράσει
1228 5806 1243 5832 ,
1270 5767 1288 5820 l
1321 5767 1454 5838 Reg.
1491 5784 1601 5834 xvn,
1635 5769 1690 5835 2,
1721 5769 1866 5838 quod
1901 5770 2213 5839 formosum,

2317 2034 2583 2099 δουλείας,
2629 2035 2704 2107 μὴ
2731 2037 3098 2107 διατρέφουσα
3130 2040 3222 2092 τὸν
3256 2039 3379 2094 νοῦν
3406 2043 3531 2104 ταῖς
3553 2043 3652 2095 τῶν
3677 2045 3840 2113 verpa-

2316 2143 2426 2180 των
2483 2126 2898 2197 μεγαλοφυῖαις,
2953 2129 3090 2184 ἀλλὰ
3151 2131 3440 2212 πληροῦσα
3495 2132 3591 2204 τὴν
3639 2133 3842 2204 αἴσθησιν

2317 2217 2598 2287 ὲμπαθοῦς
2625 2219 2926 2290 φαντασίας
2971 2220 3071 2292 (α),
3094 2224 3216 2287 ταῖς
3239 2225 3581 2294 σωματικαῖς
3605 2223 3703 2278 τῶν
3736 2225 3842 2297 Γρα·

2320 2310 2496 2380 φικῶν
2531 2311 2815 2382 συμϐόλων
2844 2313 3231 2369 διατυπώσεσι.

2390 2402 2494 2458 λα’.
2528 2405 2644 2468 Πᾶς
2679 2407 2708 2458 ό
2751 2405 2849 2477 τὴν
2887 2406 3266 2479 πνευματικὴν
3313 2411 3414 2479 τῆς
3469 2409 3622 2478 ἁγίας
3665 2410 3843 2480 Γραφης

2320 2493 2554 2564 θεωρίαν
2571 2494 2646 2565 μὴ
2693 2496 3065 2569 προσιέμενος,
3109 2499 3201 2552 τόν
3243 2517 3304 2552 τε
3341 2499 3573 2570 φυσικὸν
3597 2501 3747 2571 ταύτῃ
3773 2503 3844 2556 καὶ

2319 2583 2410 2638 τὸν
2438 2586 2680 2655 γραπτὸν
2720 2589 2864 2642 κατὰ
2891 2589 3016 2651 τοὺς
3058 2590 3347 2658 Ἰουδαίους
3400 2592 3739 2647 συναπώσατο
3779 2593 3845 2647 νίς

2324 2693 2444 2745 μον,
2472 2677 2686 2732 καὶτὸν
2733 2680 2792 2732 ὲν
2824 2682 2888 2751 τῇ
2933 2681 3118 2752 χάριτι
3167 2682 3330 2752 νόμον
3378 2684 3635 2753 ἠγνόησε,
3675 2684 3776 2738 καθ’
3802 2684 3846 2736 ὃν

2320 2767 2520 2822 δίδοται
2553 2771 2664 2833 τοῖς
2710 2770 2830 2824 κατ’
2861 2771 3024 2824 αὑτὸν
3055 2773 3343 2843 ἀγομένοις
3373 2776 3410 2846 ἡ
3447 2774 3652 2838 θέωσις.
3695 2776 3746 2829 '0
3768 2777 3848 2828 τοία

2321 2876 2415 2912 νυν
2464 2859 2554 2913 τὸν
2587 2861 2830 2930 γραπτὸν
2855 2860 3019 2932 νόμον
3047 2862 3345 2934 λαμϐάνων
3393 2867 3724 2934 σωματικῶς,
3750 2867 3846 2937 ἀρε-

2321 2952 2441 3012 ταῖς
2466 2951 2566 3020 τὴν
2594 2950 2771 3022 ψυχὴν
2808 2951 2867 3004 οὐ
2908 2953 3185 3024 διατρέφει
3215 2971 3229 2986 ο
3265 2956 3359 3008 καὶ
3383 2957 3413 3008 ὁ
3452 2959 3562 3017 τοῖς
3589 2956 3742 3024 λόγοις
3765 2954 3847 3008 τῶν

2323 3043 2493 3096 ὅντων
2541 3043 2640 3097 οὐκ
2697 3043 3020 3109 ἐπιϐάλλων,
3073 3049 3139 3118 τῇ
3199 3046 3419 3118 ποικίλῃ
3449 3047 3541 3101 τοῦ
3571 3047 3693 3102 Θεοῦ
3721 3048 3846 3116 σοφίᾳ

2323 3130 2416 3184 τὸν
2471 3130 2597 3184 νοῦν
2642 3132 2742 3203 οὐχ
2785 3133 2941 3204 ἑστιᾷ
2972 3133 3270 3205 φιλοτίμως
3302 3152 3316 3167 ·
3361 3137 3461 3190 καὶ
3497 3138 3526 3190 ὁ
3547 3136 3603 3190 τὸ
3634 3136 3756 3207 μέγα
3774 3135 3848 3204 τῆς

2327 3222 2523 3292 καινῆς
2561 3223 2782 3294 χάριτος
2822 3224 2898 3294 μὴ
2937 3227 3223 3294 γινώσκων
3261 3229 3587 3298 μυστήριον,
3618 3231 3678 3298 τῇ
3709 3225 3846 3279 ἐλπίδι

2325 3314 2426 3381 τῆς
2472 3313 2772 3384 μελλούσης
2825 3313 3072 3380 θεώσεως
3114 3316 3214 3370 οὐκ
3255 3316 3570 3384 ἀγάλλεται.
3615 3313 3847 3382 Οὖκοῦνή

2325 3404 2566 3474 ἔλλειψις
2604 3407 2702 3476 τῆς
2743 3408 2882 3462 κατὰ
2913 3407 3005 3462 τὸν
3034 3409 3277 3480 γραπτὸν
3307 3409 3477 3480 νόμον
3506 3408 3736 3479 θεωρίας,
3765 3407 3848 3476 ἔχει

2326 3499 2717 3570 παρεπομένην
2749 3499 2885 3571 αὐτῇ
2913 3498 3010 3570 τὴν
3039 3499 3242 3553 ἔνδειαν
3269 3499 3370 3571 τῆς
3399 3500 3547 3554 κατὰ
3567 3499 3651 3552 τὸν
3671 3497 3848 3568 φυσικὸν

2324 3592 2488 3662 νόμον
2508 3593 2805 3665 νοουμένης
2849 3594 3102 3665 ποικίλης
3131 3595 3323 3664 σοφίας
3354 3595 3453 3648 τοῦ
3501 3593 3652 3658 Θεοῦ,
3699 3594 3853 3661 ἐφεπο-

2326 3684 2495 3754 μένην
2545 3683 2776 3754 ἔχουσαν
2799 3688 2898 3756 τῆς
2933 3685 3075 3740 κατὰ
3103 3685 3162 3738 τὸ
3186 3685 3370 3740 καινὸν
3398 3687 3689 3756 μυστήριον
3709 3684 3847 3754 χάριτι

2323 3775 2694 3846 δοθησομένης
2724 3774 2973 3838 θεώσεως
3004 3776 3219 3840 πάντως
3249 3776 3347 3846 τὴν
3374 3775 3620 3843 ἄγνοιαν.

2393 3865 2494 3935 λβ’.
2524 3867 2639 3930 Πᾶς
2665 3865 2792 3930 νοῦς
2816 3866 2954 3919 κατὰ
2977 3865 3211 3938 Χριστὸν
3235 3864 3544 3936 διορατικδς
3565 3863 3652 3918 καὶ
3677 3861 3849 3934 ἰσχυρὸς

2322 3959 2508 4029 ὁράσει
2541 3957 2636 4029 (b),
2673 3959 2760 4012 ἀεὶ
2806 3959 3018 4027 ἐφίεται
3050 3958 3143 4012 καὶ
3175 3959 3331 4029 ζητεῖ
3368 3957 3434 4012 τὸ
3469 3958 3739 4032 πρόσωπον
3764 3957 3851 4008 Κυ-

2325 4049 2464 4119 ρίου.
2502 4051 2804 4121 Πρόσωπον
2830 4050 2886 4104 δὲ
2919 4051 3123 4121 Κυρίου
3148 4050 3514 4122 καθέστηκεν,
3551 4053 3582 4120 ἡ
3621 4051 3727 4103 κατ’
3752 4049 3851 4118 ἀρε-

2320 4140 2419 4212 τὴν
2441 4139 2549 4193 τῶν
2583 4139 2744 4194 θείων
2767 4141 2971 4212 ἀληθὴς
2998 4141 3221 4212 θεωρία,
3247 4141 3342 4195 καὶ
3369 4141 3590 4209 γνῶσις,
3611 4141 3670 4212 ἦν
3689 4138 3849 4211 ζητῶν.

2320 4231 2630 4285 διδάσκεται
2661 4233 2762 4305 τὴν
2791 4233 2969 4286 αἰτίαν
3013 4233 3117 4303 τῆς
3156 4233 3277 4286 κατ’
3326 4233 3494 4286 αὐτὸν
3546 4233 3736 4293 ἐνδείας
3775 4230 3849 4281 καὶ

2319 4321 2573 4392 ἀπορίας.
2610 4322 2817 4392 Ὥσπερ
2849 4322 2957 4392 γὰρ
2988 4320 3048 4374 τὸ
3079 4320 3372 4391 πρόσωπον
3401 4315 3848 4391 χαρακτηριστιιόν

2320 4413 2438 4465 ἐστι
2461 4413 2554 4466 τοῦ
2587 4411 2709 4466 καθ’
2740 4413 2988 4475 ἕκαστον,
3007 4410 3150 4464 οὕτω
3175 4412 3268 4465 καὶ
3288 4414 3319 4481 ἠ
3341 4409 3673 4481 πνευματικὴ
3690 4406 3849 4474 γνῶσις

2322 4503 2673 4574 ἐμφαντικῶς
2701 4503 3093 4576 χαρακτηρίζει
3138 4503 3200 4557 τὸ
3241 4503 3426 4559 Θεῖον.
3476 4503 3578 4554 Ἦν
3609 4500 3642 4552 ’ὁ
3685 4495 3846 4566 ζητῶν.

2325 4594 2546 4662 λέγεται
2568 4593 2752 4665 ζητεῖν
2770 4595 2830 4647 τὸ
2865 4595 3154 4666 πρόσωπον
3188 4594 3421 4664 Κυρίου.
3467 4594 3526 4646 ’0
3549 4593 3603 4646 δὲ
3626 4602 3848 4654 κατασσρ

2328 4683 2594 4756 κοὺμενος
2625 4685 2768 4739 κατὰ
2799 4684 2861 4739 rb
2897 4685 3133 4756 γράμμα
3170 4684 3267 4738 τοῦ
3297 4685 3467 4755 νόμου
3504 4684 3621 4743 ταῖς
3647 4679 3848 4747 ὲναίμοις

2330 4776 2541 4841 θυσίαις
2589 4776 2678 4848 (c),
2725 4777 3067 4848 ποθουμένην
3120 4776 3341 4844 ἄγνοιαν
3391 4775 3524 4846 ἔχει,
3572 4772 3694 4843 πρὸς
3719 4768 3847 4838 μόνην

2321 5073 2828 5142 ιίεεονιιιῃῖᾳερειξῑιι,
2867 5067 3036 5138 Syrus
3080 5066 3345 5142 et__Ar_ab.
3384 5072 3681 5142 exponunt.
3711 5058 3842 5142 flebr.

2319 5152 2381 5197 ut
2417 5157 2449 5196 a
2479 5139 2622 5196 LXX
2659 5133 2937 5194 i'edditulil
2977 5150 3086 5198 rt:
3131 5137 3394 5194 Maximus
3431 5133 3528 5204 qui
3555 5133 3621 5204 ad
3646 5133 3843 5186 animum

2314 5222 2456 5292 erat:
2506 5210 2726 5291 laxaris
2766 5210 2926 5292 (ονείδ.
2951 5208 3150 5292 male".
3199 5203 3500 5292 παυθεὲἓ.
3523 5203 3844 5292 ﬁr}959;,_933

2315 5275 2594 5337 maxime"
2613 5275 2784 5335 animi
2835 5278 3190 5349 pulchritudo
3248 5275 3535 5349 consistit;
3596 5275 3842 5349 potiusque

2314 5353 2490 5406 active
2539 5350 2765 5424 videtur
2795 5342 3069 5424 accipere,
3115 5356 3176 5402 ut
3205 5347 3380 5424 quasi
3413 5342 3622 5424 altera;
3655 5342 3841 5424 alteram

2311 5437 2505 5476 vocem
2535 5421 2793 5490 explicet,
2825 5413 3275 5488 τὸ,’διορατικὸς.
3314 5414 3422 5490 τῷ,
3450 5413 3842 5490 ισχυρδςόρᾲσειτ

2320 5492 2471 5560 fortis
2503 5485 2639 5555 υἱειὶ,
2699 5504 2878 5559 eoque
2932 5485 3081 5544 acuti
3115 5507 3147 5560 :_
3180 5501 3283 5540 nec
3312 5485 3451 5539 male
3484 5485 3662 5560 Picus,
3686 5485 3844 5560 risiottf

2319 5554 2561 5630 pollens;
2598 5554 2706 5618 etsi
2737 5554 2847 5615 non
2903 5560 3037 5613 satis
3085 5557 3153 5612 ad
3199 5566 3438 5611 mentem
3484 5554 3695 5608 videtur
3731 5559 3840 5602 sacri

2318 5640 2521 5686 textus.

2392 5701 2460 5772 (ο)
2502 5701 3083 5772 Κατασαρκούμενος
3139 5699 3271 5762 ταῖς
3313 5697 3579 5772 ἐναιμοις
3627 5688 3837 5772 θυσίαι,-

2319 5756 2543 5827 Ca‘n'tali
2573 5756 3028 5842 sensit-mentoque
3055 5756 3228 5838 factus
3248 5756 3486 5823 'cruentis
3515 5756 3840 5825 hemina“
