4012 6432
224 389 358 456 1361

916 402 1246 463 CAPITUM
1282 400 1702 474 QUINQUIES
1741 396 2260 461 CENTENORUM
2297 400 2684 461 CENTURIA
2718 401 2777 461 V.

3309 393 3445 457 1362

215 500 423 571 σαρκὸς
467 501 662 571 ἡδονὴν
694 505 915 577 ἐντολὴν
945 508 1316 579 ἐκδεχόμενος,
1347 510 1441 562 καὶ
1472 509 1639 580 μόνης
1664 507 1772 559 κατ

1886 505 1993 558 lem
2047 505 2411 576 ignorantiam
2451 507 2638 568 habet,
2686 520 2752 560 ex
2815 504 2928 557 sola
2978 502 3158 556 carnis
3216 500 3445 557 libidine

213 589 471 661 αἴσθησιν
531 592 891 665 ἀντεχόμενος
955 597 1282 668 σωματικῶς
1351 602 1452 668 τῆς
1504 596 1638 669 ὕλης
1683 595 1781 649 τοῦ

210 682 561 753 γράμματος.

283 858 385 929 λγ’.
430 862 491 916 Ὀ
526 864 624 934 μὲν
660 867 986 934 σωματικῶς
1011 868 1153 923 κατά
1174 868 1263 923 τὸν
1291 869 1452 940 νόμον
1481 869 1777 940 λατρεύων,

208 952 464 1023 καθάπερ
511 953 644 1025 ὓλην
693 960 853 1029 γεννᾷ
886 958 986 1030 τὴν
1018 960 1143 1013 κατ’
1168 960 1452 1031 ἐνέργειαν
1483 959 1779 1029 ἁμαρτίαν,

208 1044 307 1096 καὶ
332 1043 406 1106 ὡς
434 1041 572 1110 εἶδος
603 1047 702 1119 τὴν
729 1049 818 1101 ἐπ’
844 1051 979 1122 αὐτῇ
1003 1051 1098 1105 τοῦ
1125 1052 1217 1106 νοῦ
1242 1050 1642 1119 συγκατάθεσιν
1659 1051 1779 1114 ταῖς

206 1135 544 1206 προσφόροις
562 1138 776 1208 ἡδοναῖς
803 1141 914 1195 τῶν
951 1143 1259 1213 αἰσθήσεων
1286 1142 1488 1205 ὑλικῶς
1521 1141 1781 1196 διαπλάτ-

203 1242 383 1279 τεται.
429 1228 487 1281 '0
528 1228 587 1282 δὲ
620 1231 1002 1301 πνευματικῶς
1026 1233 1126 1304 τὴν
1154 1232 1374 1305 Γραφὴν
1405 1232 1778 1303 ἐκδεχόμενος,

204 1317 287 1381 ὡς
336 1318 435 1388 μὲν
467 1318 598 1391 ὕλην
639 1320 736 1392 τὴν
771 1323 1072 1394 ἐνέργειαν,
1116 1323 1192 1387 ὡς
1220 1320 1357 1388 εἶδος
1380 1324 1438 1378 δὲ
1477 1324 1576 1393 τῆς
1600 1323 1781 1394 ἀμαρ-

202 1408 329 1472 τίας
353 1410 451 1480 τὴν
479 1413 895 1480 συγκατάθεσιν,
928 1416 1066 1484 μετὰ
1107 1415 1217 1470 τῶν
1247 1416 1385 1470 κατά
1427 1416 1779 1489 παράχρησιν

202 1501 347 1571 πρὸς
378 1502 568 1574 ἡδονὴν
618 1506 718 1575 τῆς
775 1506 1083 1577 αἰσθήσεως
1130 1506 1348 1578 τρόπων
1396 1507 1638 1573 θανατοῖ,
1688 1505 1776 1560 διὰ

202 1592 315 1646 τῶν
347 1596 589 1662 φυσικῶν
615 1597 889 1667 λογισμῶν
922 1601 980 1652 ὲν
1008 1598 1086 1670 τῷ
1122 1600 1249 1671 ὕψει
1280 1603 1385 1671 τῆς
1414 1600 1666 1671 θεωρίας.

277 1684 370 1739 λδ¹.
408 1684 519 1757 Τὴν
557 1686 691 1758 ὓλην
738 1689 831 1742 καὶ
881 1689 943 1743 τὺ
988 1686 1149 1758 εἶδος,
1208 1693 1304 1745 καὶ
1354 1692 1482 1755 τοὺς
1510 1691 1638 1761 περὶ
1677 1690 1775 1761 τὴν

203 1775 342 1846 ὓλην
388 1780 482 1831 καὶ
513 1779 576 1832 τὸ
609 1776 749 1843 εἶδος
792 1780 934 1835 κατά
971 1783 1317 1854 παράχρησιν
1348 1783 1509 1836 πέντε
1540 1783 1774 1854 τρόπους

199 1868 314 1922 τῶν
357 1870 516 1924 πέντε
553 1872 858 1943 αἰσθήσεων
883 1891 895 1904 ·
933 1875 1077 1944 λέγω
1120 1875 1179 1929 δὲ
1214 1875 1312 1947 τὴν
1340 1876 1562 1946 ἐμπαθῆ
1595 1893 1653 1930 τε
1681 1877 1774 1931 καὶ⁵

202 1957 359 2029 παρὰ
394 1959 554 2028 φύσιν
589 1961 724 2032 πρὸς
755 1964 822 2017 τὰ
854 1967 1086 2036 αἰσθητά
1129 1966 1240 2018 τῶν
1279 1966 1584 2037 αἰσθήσεων
1635 1985 1773 2037 συμ-

202 2048 432 2120 πλοκὴν,
474 2051 643 2120 ἤγουν
672 2052 742 2106 τὰ
786 2053 891 2106 ὑπὸ
921 2054 1112 2125 χρόνον
1146 2056 1241 2110 καὶ⁷
1270 2055 1497 2125 ῥεῦσιν,“
1514 2055 1654 2126 μετά
1674 2060 1773 2125 τὴν

202 2141 439 2211 πάροδον
489 2143 588 2213 τῆς
628 2146 687 2198 ὲν
733 2145 884 2216 νόμῳ
932 2146 1073 2200 κατά
1099 2147 1162 2200 τὸ
1194 2148 1430 2218 γράμμα
1458 2148 1774 2219 σωματικῆς

201 2229 480 2299 λατρείας,
536 2234 630 2286 καὶ
678 2235 778 2304 τὴν
816 2237 914 2305 τῆς
958 2235 1179 2305 ἀγνοίας
1224 2236 1491 2301 διάϐασιν,
1540 2236 1773 2306 παραδί-

202 2322 338 2377 δωσι
371 2323 741 2396 θανατωθῆναι
774 2330 881 2390 τοῖς
912 2327 1053 2381 κατά
1087 2329 1322 2400 φυσικὴν
1362 2328 1592 2399 θεωρίαν
1634 2329 1773 2401 ὑψη-

202 2411 443 2485 λοτέροις
474 2415 652 2484 λόγοις
683 2417 775 2471 καὶ
804 2418 1099 2487 λογισμοῖς,
1134 2421 1162 2472 ὁ
1195 2420 1560 2489 πνευματικὸς
1589 2419 1771 2491 νόμος,

202 2505 240 2574 ἦ
262 2504 402 2565 νοῦς·
425 2506 521 2578 τὴν
538 2508 719 2573 ἐντοῖς
742 2508 1033 2579 συμϐόλοις
1060 2510 1197 2579 πρὸς
1223 2509 1476 2578 αἴσθησιν
1502 2511 1597 2564 καὶ
1620 2512 1775 2581 σῶμα

203 2595 650 2669 καθολικωτάτην
702 2602 811 2655 τῶν
861 2602 965 2657 ὑπὸ
1014 2602 1206 2674 χρόνον
1261 2603 1467 2674 σχέσιν,
1516 2603 1776 2673 ἀφανίσαι

202 2689 302 2787 καὶ
331 2689 659 2758 θανατῶσαι,
692 2694 835 2749 κατά
870 2696 931 2749 τὸ
971 2695 1106 2769 ὕψος
1142 2697 1453 2770 γινομένοις
1476 2697 1572 2754 τοῦ
1607 2698 1772 2755 νόμου

200 2783 303 2847 τῆς
322 2783 704 2854 πνευματικῆς
733 2783 992 2853 θεωρίας.

273 2952 367 3007 λε’.
413 2956 601 3027 Χωρὶς
634 2959 875 3030 φυσικῆς
908 2960 1163 3035 θεωρίας,
1202 2963 1378 3028 οὐδεὶς
1405 2964 1503 3036 τὴν
1537 2964 1674 3036 πρὸς
1706 2968 1774 3021 τὰ

202 3043 324 3100 θεία
348 3047 456 3101 τῶν
482 3050 722 3119 νομικῶν
750 3052 1030 3123 συμϐόλων
1058 3054 1379 3125 ἀπέμφασιν
1404 3057 1771 3125 διαγινώσκει.

201 3137 268 3233 εἰ
299 3140 408 3210 γὰρ
463 3141 539 3212 μὴ
573 3143 815 3211 φυσικῶς
847 3145 1108 3218 πρότερόν
1133 3164 1218 3212 τις
1246 3148 1343 3220 τὴν
1364 3151 1544 3214 ἐντοῖς
1572 3153 1774 3223 συμσό-
1802 3175 1844 3233 c

200 3231 314 3295 λοις
341 3234 450 3287 τῶν
483 3235 642 3289 θείων
678 3238 772 3290 καὶ
795 3239 1001 3308 νοητῶν
1030 3240 1405 3313 διασκοπήσας
1421 3243 1766 3315 ἀπέμφασιν,

198 3322 375 3377 ἐλθεῖν
397 3324 625 3398 ποθήσει
660 3327 801 3382 κατὰ
827 3329 972 3395 νοῦν,
999 3330 1105 3396 ἔξω
1140 3332 1419 3396 παντελῶς
1456 3333 1566 3389 τῶν
1609 3335 1769 3390 θείων

200 3416 413 3471 ἀδύτων
433 3417 533 3490 τὴν
560 3420 816 3491 αἴσθησιν
838 3420 1087 3492 θέμενος,
1124 3423 1262 3495 πρὸς
1292 3425 1392 3499 τὴν
1425 3426 1535 3479 τῶν
1566 3427 1769 3499 νοητῶν

199 3508 551 3579 εὐπρέπειαν,
570 3512 667 3581 τῆς
684 3513 742 3564 ὲν
755 3515 866 3577 τοῖς
878 3514 1066 3577 τύποις
1089 3514 1421 3586 ἀπολυθῆναι
1438 3514 1688 3584 καθάπαξ
1706 3518 1769 3571 οὐ

197 3600 420 3655 δύναται
469 3604 791 3673 σωματικῆς
841 3606 1114 3670 ποικιλίας
1143 3624 1157 3637 ·
1185 3606 1306 3661 καθ’
1332 3609 1397 3680 ἣν
1428 3609 1537 3672 ἕως
1571 3608 1770 3681 βέϐηκε

198 3689 297 3743 τοῦ
327 3691 655 3762 γράμματος
684 3693 1063 3764 ἀντεχόμενος,
1089 3695 1188 3766 τὴν
1210 3697 1275 3749 ὲκ
1324 3696 1418 3751 τοῦ
1470 3698 1631 3770 λιμοῦ
1670 3701 1771 3771 τῆς

198 3780 453 3849 γνώσεως
475 3784 698 3847 εἰκότως
714 3785 945 3856 ἀπορίαν
965 3787 1026 3840 οὐ
1046 3788 1475 3860 παραμυθεῖται,
1502 3791 1601 3862 τῆς
1631 3792 1774 3863 Γρα-

200 3873 309 3941 φῆς
335 3873 433 3944 τὴν
455 3873 792 3944 γῆν,,ῆγουν
835 3874 898 3928 τὸ
943 3875 1121 3946 σῶμα,
1176 3877 1317 3931 κατά
1360 3877 1452 3931 τὸν
1494 3879 1770 3950 ἀπατηλὸν

197 3963 322 4030 ὅφιν
370 3963 572 4017 ἐσθίειν
613 3965 814 4018 «ἑαυτὸν
873 3967 1283 4031 καταδικάσας⁶
1337 3969 1454 4024 ἀλλ’
1501 3971 1563 4024 οὐ
1627 3972 1769 4025 κατά

197 4052 453 4124 Χριστδν,
480 4054 574 4107 τὸν
601 4054 849 4125 οὐρανὸν,
885 4055 1055 4125 ῆγουν
1091 4058 1191 4127 τῆς
1216 4058 1438 4129 Γραφῆς
1467 4061 1527 4113 τὸ
1550 4060 1769 4131 πνεῦμα

199 4146 295 4198 xui.
322 4144 420 4215 τὴν
447 4144 651 4217 ψυχὴν,
683 4146 933 4200 τουτέστι
960 4148 1051 4202 τὸν
1073 4149 1324 4219 οὐράνιον
1357 4152 1452 4204 καὶ
1480 4152 1769 4220 ἀγγελικδν

198 4234 365 4306 ἄρτον
393 4253 408 4267 ο
430 4236 573 4305 λέγω
609 4238 687 4301 δὲ,
711 4238 810 4308 τὴν
840 4241 898 4292 ὲν
923 4239 1146 4311 Χριστῷ
1181 4241 1290 4295 τῶν
1326 4242 1559 4313 Γραφῶν
1601 4260 1767 4297 πνευ-

200 4327 437 4396 ματικὴν
472 4326 706 4397 θεωρίαν
752 4330 848 4383 καὶ
891 4329 1093 4397 γνῶσιν
1143 4329 1643 4402 βρωματιςόμενος,
1700 4334 1769 4405 ἢν

194 4417 381 4470 δίδωσι
442 4418 683 4487 δαψιλῶς
736 4420 1244 4493 ἐπιχορηγουμένην
1297 4425 1410 4488 τοῖς
1476 4424 1767 4494 ἀγαπῶσιν

1882 598 2111 668 ejusque
2153 600 2363 654 ratione
2402 599 2721 654 mandatum
2766 595 3075 665 intelligens
3102 633 3118 657 ,
3156 594 3446 663 solumque

1884 689 2080 743 littera:
2129 692 2388 744 corticem
2447 688 2806 759 corporaliter
2840 727 2853 751 ,
2896 701 2999 757 pro
3040 699 3107 740 eo
3166 698 3231 739 ac
3280 699 3445 739 sensu

1882 790 2255 849 comparatum
2274 790 2377 844 est,
2414 779 2802 849 complectens.

1951 869 2038 922 53.
2068 869 2173 935 Qui
2196 869 2557 940 corporaliter
2581 868 2810 939 legalem
2841 868 3050 921 cultum
3094 864 3236 929 obit,
3275 864 3449 918 instar

1880 958 2146 1024 materiae,
2195 960 2405 1030 peccati
2437 967 2620 1014 actum
2651 958 2858 1029 gignit;
2901 958 3183 1025 instarque
3236 953 3445 1015 form,

1880 1051 2082 1105 ruentis
2114 1051 2171 1106 in
2205 1050 2343 1105 illud
2365 1048 2823 1104 convenientibus
2852 1060 3111 1102 sensuum
3151 1043 3447 1113 voluptati-

1881 1142 1986 1197 bus
2020 1140 2380 1197 materialiter
2405 1140 2608 1195 format
2640 1153 2946 1194 assensum.
2970 1135 3075 1203 Qui
3107 1142 3295 1189 autem
3333 1134 3446 1203 spi-

1880 1233 2116 1288 rltaliter
2138 1232 2479 1301 Scripturam
2500 1228 2721 1299 accipit,
2750 1229 2923 1283 instar
2942 1226 3206 1291 materiae,
3228 1233 3411 1279 actum
3431 1265 3446 1288 ,

1879 1326 2164 1395 instarque
2221 1324 2412 1378 formae
2436 1362 2453 1385 ,
2512 1321 2725 1391 peccati
2775 1333 3125 1382 consensum,
3162 1331 3273 1371 una
3320 1330 3448 1370 cum

1878 1430 2074 1471 sensus
2100 1431 2201 1486 per
2224 1414 2548 1471 abusionem
2572 1412 2775 1467 lasciva
2794 1410 2978 1465 indole
3001 1411 3228 1482 ejusque
3246 1407 3447 1471 modis,

1877 1506 2216 1560 naturalium
2244 1506 2521 1560 rationum
2559 1518 2728 1573 opera
2761 1503 2817 1557 in
2850 1500 3075 1557 sublimi
3104 1498 3446 1568 contempla-

1878 1596 2047 1651 tionis
2071 1611 2171 1650 axe
2198 1594 2492 1650 interimit.
3054 1658 3063 1667 ἰ

1945 1688 2035 1743 54.
2060 1687 2342 1741 Materiam
2363 1696 2420 1741 et
2451 1684 2709 1749 formam,
2731 1684 2940 1754 quique
2966 1681 3144 1737 abusa
3164 1681 3312 1735 circa
3334 1692 3452 1733 ma-

1877 1777 2071 1832 teriam
2103 1776 2403 1833 etformam
2423 1774 2573 1829 modi
2602 1774 2848 1844 quinque
2876 1786 3136 1828 sensuum
3158 1778 3451 1824 versantur

1806 1839 1848 1894 Β
1878 1867 2257 1938 (libidinosum
2294 1865 2508 1922 scilicet
2538 1839 3007 1921 ac-inna'turalem
3032 1876 3296 1917 sensuum
3319 1874 3451 1916 cum

1876 1960 2046 2016 rebus
2093 1974 2215 2029 quae
2270 1973 2439 2013 sensu
2481 1956 2868 2028 percipiuntur
2896 1954 3282 2024 complexum;
3328 1952 3449 2007 sive

1873 2068 2001 2107 cum
2035 2051 2104 2107 iis
2130 2067 2251 2122 qua:
2276 2051 2514 2105 subsunt
2551 2047 2788 2118 tempori
2826 2062 2890 2101 ac
2911 2043 3279 2114 dilabuntur),
3317 2050 3448 2113 post

1874 2144 2087 2199 scilicet
2118 2142 2461 2213 corporalem
2486 2140 2624 2211 legis
2669 2139 2879 2195 cultum
2908 2153 2977 2194 ex
3003 2136 3204 2191 litterae
3232 2134 3447 2190 ratione

1874 2241 2025 2291 retro
2072 2226 2349 2299 relictum,
2411 2248 2477 2288 ac
2527 2239 2843 2303 superatam
2888 2227 3272 2299 ignorantiam,
3322 2225 3445 2280 neci

1874 2329 2175 2384 tradendos
2209 2326 2628 2383 sublimioribus
2677 2321 2948 2378 naturalis
2998 2319 3167 2391 618
3200 2325 3448 2373 contem.-

1874 2418 2133 2488 plationis
2163 2417 2471 2473 rationibus
2492 2430 2557 2470 ac
2576 2412 3024 2486 cogitationibus,
3047 2412 3137 2465 lex
3160 2407 3444 2479 spiritalis,

1874 2510 1988 2565 sive
2025 2523 2182 2564 mens
2211 2507 2414 2572 tradit;
2462 2518 2662 2574 nempe
2693 2543 2710 2568 ,
2741 2511 2804 2557 ut
2827 2498 3357 2557 universalissimam
3387 2496 3447 2551 in

1874 2600 2136 2674 symbolis
2167 2613 2354 2654 rerum
2383 2596 2617 2667 tempori
2658 2594 3032 2665 subiectarum
3052 2606 3121 2647 ex
3156 2603 3355 2645 sensus
3382 2602 3449 2641 ac

1874 2690 2123 2761 corporis
2181 2690 2395 2745 ratione
2448 2684 2918 2743 necessitudinem
2943 2724 2959 2749 ,
3032 2681 3102 2737 ad
3154 2679 3451 2736 sublimem

1875 2797 2029 2841 axem
2089 2781 2354 2854 spiritalis
2396 2776 2878 2850 contemplationis
2932 2775 3071 2847 legis
3132 2776 3407 2843 provectae
3430 2811 3446 2834 ,

1874 2875 2133 2930 aboleant
2161 2889 2225 2931 ac
2262 2872 2603 2928 interimant.

1944 2966 2031 3021 35.
2054 2965 2202 3021 Citra
2228 2963 2531 3019 naturalem
2559 2961 3014 3031 speculationem,
3036 2969 3201 3010 nemo
3228 2950 3451 3021 symbo-

1876 3057 2055 3112 lorum
2106 3056 2365 3127 legalium
2409 3053 2816 3108 dissentaneam
2866 3064 2897 3103 a
2935 3046 3139 3102 divinis
3177 3045 3446 3098 rationem

1876 3146 2176 3219 cognoscit.
2203 3146 2318 3201 Nisi
2350 3143 2500 3199 enim
2529 3142 2657 3213 quis
2690 3142 2865 3211 prius,
2900 3138 3217 3193 divinorum
3246 3150 3311 3189 ac
3359 3133 3449 3187 ine

1873 3241 2248 3312 telligibilium.
2265 3239 2612 3295 dissentanea
2633 3236 2686 3290 in
2710 3232 2973 3307 symbolis
2998 3230 3209 3284 ratione
3241 3241 3306 3282 ac
3332 3224 3447 3279 dis-

1870 3332 2236 3388 similitudine
2295 3330 2589 3401 diligenter
2656 3329 2943 3397 inspecta,
3003 3336 3169 3378 sensu
3224 3317 3449 3390 penitus

1871 3424 2074 3480 divinis
2100 3424 2326 3479 excluso
2358 3421 2558 3494 adytis,
2599 3419 2845 3489 forisque
2868 3416 3094 3480 relicto,
3130 3412 3197 3467 ad
3221 3426 3446 3467 eorum-

1871 3516 1998 3572 dem
2023 3515 2357 3586 spiritalium
2377 3512 2920 3584 intelligibiliumque
2950 3508 3232 3567 decorem,
3262 3509 3447 3558 mente

1870 3608 2062 3663 venire
2112 3616 2356 3677 satagat,
2411 3621 2445 3659 a
2499 3602 2772 3674 corporali
2823 3600 3121 3672 ﬁgurarum
3180 3594 3447 3650 varietate

1870 3698 2098 3755 omnino
2126 3696 2337 3752 absolvi
2367 3710 2480 3751 non
2510 3702 2721 3765 potest;
2750 3707 2819 3747 ex
2851 3689 3011 3762 cuius
3034 3688 3249 3742 ratione
3270 3699 3447 3755 quan-

1870 3791 1967 3847 diu
1993 3790 2257 3854 ambulat,
2275 3789 2476 3844 litterae
2495 3787 2785 3842 adhaerens
2805 3797 3037 3853 eamque
3053 3774 3450 3839 consectando,

1872 3883 1932 3938 [it
1959 3883 2179 3947 merito,
2233 3889 2294 3937 ut
2342 3888 2667 3952 egestatem,
2710 3892 2819 3948 qua
2873 3875 3017 3931 fame
3066 3872 3307 3935 laborat,
3337 3884 3451 3923 non

1869 3975 2102 4037 soletur,
2171 3974 2266 4044 qui
2315 3973 2432 4042 ipse
2494 3986 2575 4037 se,
2638 3968 2913 4040 serpentis
2960 3963 3269 4021 seductoris
3296 3975 3453 4015 more

1870 4064 2164 4126 addixerit,
2224 4071 2285 4117 ut
2338 4061 2641 4131 Scripturae
2689 4069 2893 4115 terram
2943 4056 3169 4126 (corpus
3215 4050 3448 4117 scilicet)

1869 4154 2119 4211 comedat
2139 4154 2203 4218 ⁸⁸;
2219 4167 2327 4206 non
2351 4160 2410 4206 ut
2436 4151 2746 4206 Christiana
2772 4149 3130 4220 ingenuitate,
3148 4144 3451 4214 Scriptura:

1869 4246 2067 4301 cmlum
2095 4244 2370 4313 (spiritum
2395 4242 2608 4297 scilicet
2637 4240 2992 4307 animumque
3024 4249 3221 4304 nempe
3250 4246 3450 4302 panem

1868 4336 2151 4392 caelestem
2177 4343 2234 4389 et
2256 4331 2593 4404 angelicum)
2619 4330 2921 4387 manducet
2951 4344 2967 4383 :
2995 4325 3321 4398 spiritalem,
3360 4321 3448 4376 in-

1868 4441 2057 4498 quam,
2087 4427 2145 4481 in
2166 4425 2389 4481 Christo
2409 4423 2823 4494 Scripturarum
2845 4415 3366 4487 contemplationem
3393 4422 3451 4468 et

195 4511 362 4565 αὐτὸν
388 4513 417 4565 ὁ
441 4511 592 4575 Θεὸς,
622 4513 765 4567 κατά
788 4513 848 4567 τὸ
885 4516 1289 4586 γεγραμμένον,
1342 4518 1548 4585 Ἄρτον
1593 4520 1768 4587 οὐρα-

1876 4518 2165 4575 scientiam
2199 4515 2385 4571 cibum
2421 4514 2678 4584 adeptus,
2714 4524 2881 4582 quem
2924 4510 3071 4565 Deus
3106 4510 3290 4578 ipsum
3318 4504 3449 4560 dili-

194 4603 311 4658 νοῦ
338 4604 561 4659 ἔδωκεν
591 4604 815 4673 αὐτοῖς,
842 4607 1025 4676 ἄρτον
1067 4609 1340 4679 ἀγγέλων
1389 4610 1612 4681 ἔφαγεν
1662 4610 1767 4666 dr-

193 4698 444 4763 θρωπος.

271 4868 375 4937 λς’.
424 4871 549 4943 Χρὴ
581 4871 680 4944 τὴν
724 4870 846 4925 κατ’
875 4872 1127 4944 αἴσθησιν
1159 4875 1294 4947 πρὸς
1320 4874 1478 4946 σῶμα
1508 4877 1607 4947 τῆς
1630 4877 1770 4948 Γρα-

194 4963 305 5032 φῆς
332 4961 580 5034 ἐκδοχὴν,
606 4963 682 5027 ὡς
703 4964 894 5018 παθῶν
922 4965 1204 5037 προδήλως
1227 4968 1322 5021 καὶ
1358 4969 1457 5039 τῆς
1510 4969 1647 5040 πρὸς
1698 4970 1768 5023 τά

193 5056 425 5126 χρονικὰ
464 5058 560 5109 καὶ
604 5058 797 5128 ῥέοντα
829 5059 1086 5129 σχετικῆς
1115 5061 1407 5125 διαθέσεως
1438 5058 1609 5116 οὖσαν.
1638 5079 1765 5131 γεν-

192 5142 442 5212 νητικὴν,
467 5143 633 5213 ῆγουν
660 5145 760 5214 τῆς
790 5147 927 5216 πρὸς
958 5147 1028 5201 τά
1058 5150 1292 5220 αἰσθητά
1323 5150 1432 5205 τῶν
1460 5152 1767 5221 αἰσθήσεων

194 5233 480 5301 ἑμπαθοῢς
508 5234 811 5307 ἐνεργείας,
829 5238 905 5302 ὡς
931 5239 1100 5292 Σαοὺλ
1118 5240 1284 5294 τέκνα
1305 5244 1398 5296 καὶ
1420 5242 1639 5311 ἔκγονα,
1678 5245 1768 5300 διὰ

270 5386 314 5417 ⁸⁸
335 5388 472 5445 Gen.
502 5404 581 5455 Ill,
612 5391 700 5447 M.
776 5392 822 5424 ι’
854 5392 998 5448 Psal.
1036 5409 1235 5460 Lxxvu,
1262 5396 1352 5450 24.

197 5523 340 5605 nalis
368 5522 495 5604 inde
526 5523 797 5605 redditus,
826 5540 892 5580 ac
921 5525 1075 5605 velut
1099 5526 1218 5605 ejus
1247 5540 1401 5588 cura,
1422 5534 1479 5580 et
1512 5526 1767 5605 voluptas

196 5595 312 5673 illis
336 5595 631 5673 sanciatur,
671 5603 732 5648 ut
769 5595 1150 5673 superioribus
1190 5597 1300 5673 jam
1315 5595 1763 5673 Δοξξβοειιίιηῖἵοη

199 5666 339 5720 bene
372 5663 557 5726 Picus,
584 5663 894 5719 incarnatus
928 5667 1125 5720 ruentis
1160 5663 1433 5733 sacrificiis
1458 5666 1635 5734 :quod
1672 5667 1763 5721 ille

198 5734 426 5805 cruentis
447 5734 745 5803 scripserit.
770 5734 925 5802 Quod
964 5744 1105 5799 erat,
1136 5735 1195 5788 ὲν
1229 5735 1307 5802 τῷ
1347 5734 1470 5805 ὕψει
1498 5736 1595 5805 τῆς
1617 5737 1761 5790 ἀπα-

203 5803 387 5868 θείας“
419 5814 695 5877 essetque,
746 5807 802 5861 in
834 5806 1317 5880 impcrturbationis
1357 5803 1590 5861 celsitate
1613 5807 1761 5878 ejus-

1874 4610 2133 4683 gentibus
2173 4609 2325 4679 large
2362 4606 2768 4669 subministret,
2800 4604 2955 4675 juxta
3000 4600 3151 4673 quod
3180 4599 3447 4670 scriptum

1872 4711 1959 4759 est
1988 4701 2230 4756 :Panem
2261 4698 2377 4755 caeli
2409 4698 2550 4751 dedit
2578 4697 2651 4750 eis
2675 4736 2691 4760 ,
2723 4710 2915 4765 partem
2947 4690 3261 4763 angelorum
3292 4706 3449 4744 man-

1874 4792 2084 4846 ducavit
2110 4793 2263 4846 homo
2286 4791 2353 4842 δ’.

1947 4883 2037 4939 56.
2073 4881 2265 4953 Opera:
2297 4881 2539 4951 pretium
2574 4890 2679 4944 cst,
2711 4888 2771 4933 ut
2814 4875 3114 4945 Scriptum
3156 4887 3223 4925 ex
3253 4885 3457 4925 sensus-

1876 4973 2091 5028 ratione
2142 4972 2363 5042 corpori
2424 4967 2892 5027 accommodatam
2943 4962 3343 5033 acceptionem,
3388 4970 3449 5013 ut

1874 5061 2165 5133 perspicue
2203 5061 2687 5131 perturbatiunum
2725 5057 3097 5124 vitiorumque
3120 5093 3135 5118 ,
3166 5068 3232 5107 ac
3259 5050 3447 5107 libidi-

1873 5168 2021 5207 nosa:
2040 5168 2166 5223 erga
2186 5158 2539 5222 temporanea
2559 5150 2809 5218 (iuraque
2830 5143 3138 5201 affectionis
3162 5150 3447 5213 parentem

1877 5244 2112 5314 (vitiosae
2137 5243 2351 5319 scilicet
2376 5258 2572 5299 sensus
2602 5255 2734 5311 erga
2766 5253 2855 5293 res
2883 5237 2963 5293 illi
2984 5236 3230 5309 objectas
3253 5248 3448 5305 opera-

1873 5542 1981 5597 que
2014 5542 2230 5597 summo
2254 5523 2691 5597 axe_ac_verti_e_e,
2718 5520 2976 5597 allegoria
3009 5519 3360 5597 “montem,
3387 5518 3443 5572 in

1872 5588 1983 5666 quo
2038 5596 2286 5651 cruciﬁxi
2337 5593 2522 5666 Saulis
2572 5588 2866 5666 ﬁlii;_noj1
2902 5590 3044 5666 bene
3076 5588 3440 5666 idemrl’icus,

1871 5657 2209 5737 cogitationes
2232 5664 2450 5737 excelsa;
2472 5663 2753 5737 vacuitatis
2771 5662 3125 5731 affectionum,
3158 5657 3341 5737 aptius
3353 5666 3447 5737 ta-

1869 5727 2169 5864 215:1};[ulod
2193 5734 2412 5793 restitui
2429 5733 2685 5808 Θεωρίας,
2705 5727 2991 5805 exstatque
3011 5727 3208 5804 quaesti
3231 5728 3324 5785 illa
3348 5727 3438 5791 65,

2029 5823 2080 5863 ια
2107 5822 2213 5860 αδδ,

2029 5822 2190 5863 ιαιαδε
2198 5846 2213 5860 .
