4108 6424
561 360 701 430 1363
1717 368 1777 427 8.
1819 367 2108 427 ΜΑΧΙΜΙ
2140 366 2164 426 (

2267 367 2650 434 iFESSORIS
3681 375 3822 441 1364

560 471 749 543 tionis)
774 479 1035 541 tanquam
1056 471 1238 529 Saulis
1269 470 1411 530 filios
1445 488 1509 528 ac
1531 482 1764 544 nepotes
1781 476 1850 539 '°,
1878 473 2146 530 naturalis

2267 478 2348 549 τῆς
2388 480 2626 551 φυσικῆς
2654 481 2711 536 ὲν
2737 481 2876 554 δρει,
2899 486 2966 555 τῇ
2998 501 3105 539 των
3135 485 3295 540 θείων
3314 485 3598 558 ἀναγωγῇ,
3624 485 3825 556 λογίων

560 563 954 634 speeulationis
1017 579 1151 636 cpe,
1212 566 1363 622 velut
1423 566 1478 621 in
1536 577 1724 624 monte
1784 567 2144 639 (divinorum

2267 569 2512 638 ίφανίσαι
2541 571 2796 645 θεωρίας,
2824 573 2880 628 εῐ
2900 592 3017 640 πως
3055 577 3433 650 ἐμφορηθῆναι
3479 579 3632 643 θείας
3675 579 3828 650 ἐφιέ-

560 653 776 710 scilicet
818 655 1171 727 eloquiorum
1221 656 1404 713 altiori
1435 667 1494 712 et
1539 674 1573 714 a
1635 675 1800 715 sensu
1860 659 2146 726 remotiori

2267 661 2391 716 ιεθα
2412 665 2654 735 χάριτος.

562 742 977 820 intelligentia)
1029 748 1347 815 deleamus;
1411 749 1455 804 si
1490 751 1656 807 modo
1703 751 1893 807 divina
1957 751 2145 807 satiari

560 839 739 909 gratia
767 840 1164 896 desideramus.

631 926 722 982 57.
757 927 986 982 Veritati
1038 929 1295 1000 injuriam
1345 931 1557 987 faciunt
1590 939 1706 986 tum
1761 933 1871 998 lex,
1924 948 2048 1003 qua:
2079 948 2146 988 ex

564 1018 680 1072 sola
710 1017 910 1073 litterae
940 1020 1153 1075 ratione
1181 1021 1538 1094 intelligatur,
1571 1034 1687 1079 tum
1718 1025 1876 1094 plebs
1897 1025 2146 1090 Judaica,

564 1123 629 1162 ac
645 1107 690 1164 si
711 1110 838 1179 quis
856 1111 1055 1166 horum
1076 1113 1262 1168 animo
1286 1116 1492 1170 assecla
1519 1117 1772 1183 exsistit;
1799 1118 1915 1172 sola
1939 1120 2153 1175 scilicet

567 1198 756 1254 littera
781 1200 894 1255 vim
929 1203 1067 1274 legis
1095 1202 1388 1270 definiens,
1422 1222 1528 1261 nec
1561 1207 1631 1262 ad
1671 1208 1917 1279 mysticae
1962 1209 2019 1263 in
2060 1210 2152 1264 lit-

2319 942 2418 1006 λζ’.
2470 944 2670 998 Ἀδικεί
2709 945 2808 1015 τὴν
2845 946 3108 1018 ἀλήθειαν
3138 949 3168 1002 ὅ
3198 965 3259 1001 τε
3310 949 3472 1020 νόμος
3496 949 3642 1003 κατὰ
3671 950 3834 1020 μόνον

2249 1032 2310 1086 τὸ
2338 1034 2573 1104 γράμμα
2599 1035 2907 1108 νοούμενος,
2938 1038 3034 1090 καὶ
3061 1039 3092 1091 ὁ
3113 1038 3223 1092 τῶν
3258 1039 3532 1093 Ἰουδαίων
3557 1039 3710 1104 λαὸς,
3742 1043 3837 1094 καὶ

2251 1127 2305 1179 ετ
2327 1143 2410 1190 τις
2430 1126 2655 1181 ἐκείνων
2685 1129 2919 1200 ὑπάρχει
2953 1129 3094 1183 κατά
3119 1130 3359 1184 διάνοιαν
3389 1131 3658 1202 μιμητὴς,
3688 1133 3836 1202 μόνῳ

2249 1219 2329 1290 τῷ
2354 1220 2647 1292 γράμματι
2675 1222 3036 1292 περιγράφων
3074 1221 3168 1276 τοῦ
3221 1223 3390 1293 νόμου
3432 1221 3532 1293 τὴν
3575 1222 3833 1292 δύναμιν,

573 1299 690 1347 tera
739 1296 972 1352 occultae
1028 1298 1274 1354 scientia:
1336 1299 1792 1366 declarationem,
1839 1304 2150 1359 naturalem

2267 1313 2347 1364 ιαὶ
2377 1311 2451 1383 μὴ
2476 1311 2766 1384 δεχόμενος
2793 1314 2929 1385 πρὸς
2961 1317 3062 1384 τὴν
3091 1315 3400 1387 φανέρωσιν
3429 1315 3532 1385 τῆς
3565 1315 3835 1385 μυστικῆς

572 1385 1002 1453 speculationem
1033 1389 1294 1458 (mediam
1325 1393 1540 1448 scilicet
1574 1393 1719 1448 inter
1743 1392 1946 1464 figuras
1979 1405 2150 1450 etve-

2267 1406 2716 1477 ἑγκεκρυμμένης
2754 1406 2832 1477 τῷ
2858 1407 3148 1479 γράμματι
3191 1385 3448 1475 γνώσεως
3475 1407 3575 1479 τὴν
3600 1409 3839 1478 φυσικὴν

575 1475 814 1548 ritatem)
869 1494 1183 1549 assumens;
1219 1499 1342 1553 qua:
1394 1498 1492 1539 eos
1551 1484 1644 1554 qui
1695 1485 2063 1540 instituuntur
2120 1502 2152 1541 a

2267 1475 2509 1567 θεωρίαν,
2549 1475 2726 1566 μέσην
2763 1475 3116 1568 ὑπάρχουσαν
3150 1498 3340 1554 τύπων
3379 1501 3472 1553 καὶ
3516 1475 3834 1571 άληθείαςν·

575 1565 762 1636 liguris
784 1566 1130 1636 adducendo,
1165 1572 1233 1626 ad
1266 1573 1556 1628 veritatem
1583 1573 1815 1628 reducat
1848 1574 1988 1630 :sed
2005 1576 2155 1630 velut

2267 1565 2376 1640 τῶν
2398 1587 2515 1656 μὲν,
2545 1565 3012 1658 τοῦςγάγομέῄνους
3054 1590 3396 1659 άπάγουσαν,
3448 1589 3588 1661 πρὸς
3612 1565 3692 1644 ’δὲ
3740 1593 3838 1662 τὴν

571 1669 692 1709 eam
753 1672 983 1726 prorsus
1029 1675 1273 1730 negans,
1314 1671 1372 1718 et
1414 1678 1446 1718 a
1496 1662 1808 1718 divinorum
1867 1665 2155 1720 secretiori

2267 1679 2634 1747 ὲπανάγουσαν
2666 1697 2679 1711 ·
2711 1679 2826 1732 ἀλλ’
2858 1675 2970 1734 οἷον
2987 1680 3194 1751 ταύτην
3217 1681 3450 1751 πάμπαν
3471 1682 3832 1753 ἀρνούμενος,

572 1745 828 1801 doctrina
872 1749 1186 1806 initiatione
1233 1752 1395 1823 longe
1437 1753 1758 1806 amandans.
1802 1753 2155 1824 6191lanc

2267 1772 2353 1825 καὶ
2391 1772 2490 1839 τῆς
2521 1773 2628 1825 τῶν
2655 1771 2815 1825 θείων
2841 1773 3012 1844 αὐτὴν
3039 1774 3143 1839 ἔξω
3173 1773 3500 1845 ποιούμενος
3541 1792 3835 1846 μυσταγω-

575 1834 746 1904 igitur
767 1841 1114 1908 corporalem
1145 1857 1211 1896 ac
1255 1852 1669 1912 temporaneam
1711 1843 1849 1914 legis
1880 1846 2154 1915 acceptio-

2267 1865 2403 1933 γίας.
2433 1834 2648 1931 Ταύτην
2673 1834 3098 1937 τοιγαροῦίχρῆ
3123 1866 3218 1920 τοῦ
3255 1834 3419 1936 νόμου
3595 1834 3836 1936 σωματι-

574 1939 722 1988 nem,
758 1927 912 1983 velut
939 1932 1175 2001 tempori
1199 1931 1498 1987 obnoxiam
1529 1931 1864 2004 ﬂuxamque,
1901 1937 2061 2006 quasi
2099 1938 2154 1994 in

2267 1927 2373 2026 κῆν*
2406 1954 2501 2006 καὶ
2548 1927 2882 2026 πρόσκαιρον
2932 1927 3180 2025 ὲκξοχῆν,
3229 1927 3331 2020 ὡς.
3365 1956 3468 2012 ὑπὸ
3503 1927 3704 2026 χρόνον
3746 1955 3840 2008 καὶ

575 2025 782 2082 monte,
815 2017 873 2072 in
900 2021 1149 2076 scientiae
1173 2023 1538 2090 sublimitate,
1561 2040 1662 2094 per
1687 2028 1997 2082 naturalem
2029 2043 2155 2098 spe-

2267 2046 2510 2116 ρέουσαν,
2547 2046 2892 2100 ἀποκτείνειν
2933 2046 3023 2099 διὰ
3052 2047 3155 2116 τῆς
3195 2048 3434 2117 φυσικῆς
3471 2047 3736 2116 θεωρίας,
3769 2047 3844 2111 ὡς

573 2109 905 2166 eulationem
949 2112 1273 2170 interimant
1308 2130 1535 2171 necesse
1564 2125 1670 2183 est,
1712 2118 1807 2187 qui
1839 2118 2156 2174 divinorum

571 2205 1012 2272 spectaculorum
1046 2222 1453 2279 sensorumque
1493 2209 1672 2264 seduli
1707 2220 1983 2268 amatores
2008 2215 2154 2269 exsi-

571 2305 742 2352 stant.

638 2390 728 2446 38.
753 2390 1110 2462 Corporalem
1133 2393 1434 2466 Scriptura:
1462 2396 1884 2470 intelligentiam
1927 2417 2157 2471 prorsus

571 2480 776 2549 abolet,
806 2484 902 2552 qni
921 2485 1158 2542 actionis
1177 2487 1329 2542 cultu
1354 2503 1456 2558 per
1492 2492 1800 2547 naturalem
1822 2493 2157 2564 speculatio-

574 2587 698 2628 nem
722 2576 969 2645 perimit,
999 2593 1124 2648 quze
1147 2592 1217 2633 ex
1251 2579 1372 2651 lege
1420 2583 1626 2654 scripta
1658 2586 1856 2642 animae
1903 2587 2155 2651 inolevit,

573 2665 925 2723 libidinosam
945 2685 1010 2723 ac
1043 2685 1338 2740 corporum
1369 2682 1666 2740 amantem,
1689 2692 1816 2748 erga
1849 2677 2157 2733 instabilem

573 2760 888 2831 ﬂuxamque
907 2764 1197 2819 materiam
1218 2767 1686 2825 necessitudinem
1703 2785 1768 2827 ac
1789 2770 2156 2838 affectionem;

575 2851 728 2906 velut
754 2851 1016 2906 nimirum
1063 2853 1248 2909 Saulis
1297 2857 1440 2912 filios
1486 2873 1550 2913 ac
1596 2869 1852 2929 nepotes,
1890 2861 2158 2917 humilem

576 2944 714 3014 legis
763 2944 1206 3018 intelligentiam,
1257 2950 1440 3005 media
1475 2953 1712 3007 naturali
1764 2954 2158 3023 speculatione,

579 3047 835 3105 tanquam
894 3038 952 3092 in
1012 3048 1230 3105 monte,
1272 3041 1330 3095 in
1395 3042 1643 3098 scientiae
1713 3046 1863 3100 celso
1911 3047 2158 3112 vertice,

571 3128 860 3198 jugulans;
898 3131 1356 3203 manifestamque
1386 3136 1528 3204 apud
1557 3136 1876 3202 Dominum,
1904 3139 2159 3209 superio-

579 3235 693 3276 rem
723 3221 860 3293 legis
885 3226 1264 3294 acceptionem
1301 3229 1520 3297 corpori
1547 3228 2036 3300 indulgentiorem,
2063 3249 2162 3301 per

577 3313 980 3370 confessionem
1016 3317 1243 3372 faciens.
1291 3318 1406 3373 Hoc
1460 3321 1607 3374 enim
1653 3321 1919 3377 studiosis
1976 3334 2162 3378 rerum

580 3403 995 3475 indagatoribus
1018 3423 1085 3463 ex
1119 3409 1232 3464 illis
1253 3410 1437 3466 verbis
1479 3411 1786 3484 intelligere
1833 3414 1998 3470 liceat
2035 3433 2048 3469 :
2083 3415 2166 3471 Ad

577 3495 741 3550 solem
771 3513 1033 3568 exponere
1054 3511 1178 3554 ante
1203 3501 1507 3558 Dominum.
1531 3503 1599 3558 Et
1623 3506 1694 3558 ad
1719 3505 1882 3560 solem
1915 3524 2164 3578 exposue-

584 3595 708 3641 runt
735 3605 842 3654 eos,
877 3591 1076 3661 inquit,
1108 3595 1165 3647 in
1190 3603 1364 3648 monte
1394 3605 1519 3650 ante
1540 3597 1825 3653 Dominum
1847 3601 1890 3632 ⁸³
1920 3619 1932 3655 :
1969 3617 2166 3674 nempe

584 3683 639 3734 in
682 3680 860 3735 lucem
883 3684 1257 3752 producentes
1284 3687 1404 3757 (per
1440 3691 1730 3745 scientiam
1774 3693 2011 3764 scilicet)
2041 3711 2167 3764 quae

582 3786 649 3824 ex
681 3771 878 3827 littera:
923 3776 1136 3830 ratione
1167 3785 1253 3831 est
1307 3777 1497 3848 illique
1526 3779 1792 3847 adhaeret,
1838 3795 2165 3854 occupatam

584 3863 787 3918 erroris
822 3864 1138 3934 opinionem
1179 3885 1193 3920 :
1225 3868 1375 3938 quod
1414 3879 1500 3925 est
1537 3880 1845 3926 emortuam
1901 3875 2037 3945 legis
2077 3877 2167 3931 lit-

587 3962 757 4006 teram
816 3969 918 4024 per
973 3956 1262 4013 scientiam
1348 3961 1404 4015 in
1457 3961 1656 4032 spiritu
1700 3965 1778 4035 (in
1830 3965 2170 4025 sublimitate

587 4047 1005 4117 speculationis)
1032 4050 1409 4107 manifestare.

658 4136 748 4190 39.
788 4138 1013 4206 Littera,
1048 4140 1247 4212 inquit,
1279 4145 1464 4198 occidit
1483 4162 1502 4209 ;
1531 4147 1748 4215 spiritus
1792 4156 1973 4202 autem
2003 4148 2171 4217 viviﬁ-

589 4237 672 4281 mt
693 4231 757 4283 ³³.
788 4230 1158 4298 Quamobrem
1191 4237 1280 4290 cui
1306 4237 1379 4291 ita
1407 4245 1788 4308 comparatum
1816 4248 1903 4294 est
1924 4250 1986 4296 ut
2017 4241 2170 4295 occi-

591 4321 703 4383 (lat,
761 4323 1049 4379 occidatur
1100 4341 1331 4382 necesse
1385 4337 1471 4384 est
1513 4329 1735 4386 vivifico
1788 4332 2008 4402 Spiritu.
2049 4334 2167 4390 Una

590 4413 737 4466 enim
771 4414 932 4468 simul
957 4415 1011 4468 in
1037 4426 1163 4470 actu
1185 4417 1475 4483 exsistere,
1503 4421 1651 4490 quod
1674 4421 1810 4493 legis
1840 4437 2170 4494 corporeum

2259 2136 2318 2188 ὲν
2343 2135 2461 2205 ὄρει
2491 2135 2570 2205 τῷ
2592 2134 2718 2204 ὕψει
2739 2138 2840 2207 τῆς
2866 2133 3145 2206 γνώσεως,
3167 2139 3294 2201 τοὺς
3324 2137 3432 2190 τῶν
3456 2136 3620 2190 θείων
3645 2140 3843 2208 smps-

2261 2227 2431 2298 λητάς
2465 2227 2776 2299 θεαμάτων.

2330 2401 2434 2474 λη’.
2476 2403 2580 2456 Τὸν
2637 2404 2950 2474 σωματικὸν
2999 2405 3124 2458 νοῦν
3164 2406 3266 2476 τῆς
3307 2406 3533 2476 Γραφῆς
3588 2403 3846 2472 ἀφανίζει

2263 2493 2562 2561 παντελῶς,
2603 2493 2632 2546 ὁ
2662 2494 2863 2566 πράξει
2889 2496 2976 2550 διὰ
3002 2495 3105 2565 τῆς
3150 2496 3390 2565 φυσικῆς
3431 2495 3667 2566 θεωρίας
3710 2496 3847 2548 ἀπο-

2263 2586 2492 2641 κτείνων
2529 2585 2629 2657 τὴν
2670 2587 2970 2658 γενομένην
3003 2588 3065 2641 ἐκ
3095 2587 3190 2641 τοῦ
3218 2586 3463 2657 γραπτοῦ
3485 2587 3680 2657 νόμου,
3713 2588 3852 2657 πρὸς

2259 2673 2358 2746 τὴν
2379 2675 2612 2730 ἄστατον
2635 2675 2768 2747 ὕλην
2797 2677 2894 2730 καὶ
2947 2678 3178 2746 ῥέουσαν
3229 2681 3295 2749 τῇ
3354 2677 3501 2749 ψυχῇ
3563 2678 3850 2748 φιλήδονον

2265 2763 2450 2834 σχέσιν
2498 2764 2594 2816 καὶ
2647 2763 3048 2834 φιλοσώματον,
3099 2766 3500 2835 κατασφάττων
3549 2766 3628 2830 ὡς
3678 2768 3848 2819 τέκνα

2261 2852 2357 2905 τοῦ
2391 2852 2563 2906 Σαοὺλ
2590 2853 2685 2905 καὶ
2743 2854 2963 2921 ἔκγονα,
3007 2854 3104 2926 τὴν
3149 2856 3488 2926 χαμαίζηλον
3529 2855 3625 2908 τοῦ
3685 2855 3850 2926 νόμου

2261 2943 2524 3004 διάνοιαν,
2562 2943 2652 2997 διὰ
2697 2944 2870 3016 μέσης
2915 2945 3018 3015 τῆς
3064 2948 3303 3018 φυσικῆς
3357 2946 3613 3016 θεωρίας,
3665 2946 3745 3010 ὡς
3794 2949 3850 2999 ἐν

2264 3031 2381 3101 ὄρει
2423 3031 2500 3102 τῷ
2539 3029 2664 3100 ὕψει
2701 3032 2801 3103 τῆς
2825 3033 3102 3101 γνώσεως,
3129 3034 3226 3087 καὶ
3252 3035 3494 3104 φανερὰν
3519 3035 3848 3101 ποιούμενος

2267 3123 2501 3178 ἐνώπιον
2567 3124 2795 3197 Κυρίου,
2859 3125 2926 3178 δι’
2976 3125 3419 3196 ἑξομολογήσεως
3465 3127 3692 3198 δηλαδὴ,
3754 3129 3848 3196 τὴν

2267 3213 2400 3285 πρὸς
2433 3213 2594 3285 σῶμα
2639 3213 2735 3289 τοῦ
2763 3214 2930 3285 νόμου
2961 3214 3230 3284 προτέραν
3269 3214 3514 3284 ἐκδοχὴν.
3546 3215 3724 3268 Τοῦτο
3745 3219 3849 3287 γάρ

2263 3306 2325 3358 τὸ
2348 3346 2362 3371 ,
2431 3306 2774 3374 Ἑξηλιὰσαι
2801 3346 2818 3370 ,
2875 3305 3115 3359 νοεῖσθαι
3165 3304 3389 3360 δύναται
3434 3309 3551 3370 τοῖς
3611 3307 3850 3378 φιλομα-

2268 3397 2438 3464 θέσιν,
2485 3399 2691 3454 ἔναντι
2764 3398 3009 3466 Κυρίου.
3043 3400 3154 3452 Kal
3211 3400 3549 3466 ἐξηλιάσαν
3604 3401 3848 3465 αὐτοὺς,

2269 3491 2532 3561 φησὶν,ὲν
2567 3490 2648 3556 τῷ
2677 3491 2798 3560 ὄρει
2833 3494 3039 3546 ἔναντι
3067 3492 3288 3559 Κυρίου
3313 3507 3328 3522 ο
3369 3493 3449 3554 εἰς
3479 3490 3596 3558 φῶς
3621 3492 3848 3558 άγαγὸν-

2271 3599 2387 3648 τες,
2433 3582 2524 3636 διά
2562 3585 2663 3652 τῆς
2689 3581 2945 3650 γνώσεως
2971 3581 3194 3653 δηλαδὴ,
3225 3582 3323 3650 τὴν
3357 3581 3499 3634 κατά
3524 3581 3590 3633 τὸ
3616 3582 3850 3651 γράμμα

2269 3673 2700 3743 πεπλανημένην
2762 3671 3034 3744 πρόληψιν
3067 3688 3082 3703 °
3139 3672 3279 3742 ὅπερ
3339 3672 3481 3734 ἐστὶ,
3537 3669 3848 3740 φανερῶσαι

2270 3767 2412 3821 κατὰ
2443 3767 2504 3820 το
2535 3765 2670 3836 ὕψος
2696 3765 2796 3835 τῆς
2820 3765 3052 3833 θεωρίας
3082 3764 3145 3818 τὸ
3169 3765 3404 3834 γράμμα
3427 3762 3524 3816 τοῦ
3560 3763 3733 3832 νόμου
3762 3779 3848 3814 νε-

2270 3856 2402 3926 κρὸν
2431 3855 2520 3909 διὰ
2544 3855 2644 3924 τῆς
2679 3857 2736 3908 ἐν
2760 3855 3034 3925 πνεύματι
3058 3853 3328 3922 γνώσεως.

2341 4146 2438 4201 λθ’,
2484 4145 2552 4200 Td
2574 4146 2828 4216 γράμμα,
2853 4145 3039 4214 φησὶν,
3071 4143 3411 4197 ἀποκτείνει
3441 4158 3455 4171 ·
3480 4141 3546 4194 τὸ
3566 4141 3631 4194 δὲ
3666 4140 3851 4193 πνεῦ-

2266 4257 2352 4308 μα
2380 4238 2672 4301 ζωοποιεῖ-
2690 4239 2781 4291 Διὸ
2805 4237 2912 4310 χρὴ
2959 4238 3019 4290 τὸ
3053 4237 3395 4290 ἀποκτείνειν
3424 4235 3685 4302 πεφυκὸς,
3721 4236 3852 4285 άπο-

2273 4330 2581 4384 κτείνεσθαι
2627 4330 2898 4398 πνεύματι
2959 4329 3226 4398 ζωοποιῷ.
3299 4329 3674 4396 Συνυπάρχειν
3749 4324 3851 4394 γάρ

2272 4423 2523 4494 ἀλλήλοις
2539 4424 2660 4476 κατ’
2693 4423 2974 4492 ἐνέργειαν
2998 4423 3114 4490 ἅμα
3135 4419 3277 4473 κατὰ
3296 4419 3356 4471 τὸ
3377 4418 3507 4471 αὐτὸ
3528 4417 3588 4470 τὺ
3613 4433 3691 4469 σω
3699 4433 3851 4486 ματι-

590 4512 677 4558 est
711 4512 768 4558 et
789 4506 934 4574 quod
965 4507 1215 4564 divinum
1249 4510 1509 4581 (litteram
1541 4512 1756 4568 scilicet
1800 4523 1858 4569 et
1891 4515 2164 4587 spiritum)

2279 4514 2374 4567 κον
2404 4513 2499 4566 τοῦ
2538 4513 2706 4583 νόμου
2753 4513 2848 4564 καὶ
2878 4511 2942 4564 τὸ
2973 4510 3138 4574 θεῖον,
3179 4510 3348 4579 ῆγουν
3386 4510 3448 4560 τὸ
3496 4507 3735 4576 γράμμα
3761 4505 3852 4557 καὶ

592 4594 816 4649 omnino
867 4595 986 4651 lieri
1020 4613 1132 4653 non
1181 4610 1407 4670 potest:
1451 4605 1600 4674 quod
1636 4621 1818 4676 neque
1863 4609 2164 4665 consentire

2275 4604 2339 4658 τὸ
2376 4603 2616 4674 πνεῦμα,
2665 4601 2944 4664 παντελῶς
2975 4601 3259 4672 ἀμήχανον
3284 4618 3300 4633 ο
3330 4601 3414 4652 ὅτι
3457 4597 3589 4667 μηδὲ
3623 4614 3850 4666 συμφω-

594 4686 848 4751 liabeant,
880 4689 1028 4758 quod
1063 4700 1257 4746 natura
1292 4695 1460 4750 vitam
1491 4698 1718 4766 praebet,
1767 4709 1824 4754 et
1865 4701 2011 4770 quod
2053 4717 2174 4756 eam

596 4785 776 4846 potest
802 4778 1060 4836 adimere.

665 4869 864 4925 40.‘Ea
905 4872 958 4926 vi
1011 4874 1242 4942 Spiritus
1289 4877 1554 4944 praeditus
1585 4889 1780 4943 est,ut
1826 4882 1996 4936 vitam
2041 4899 2180 4952 prae-

597 4962 756 5028 beat;
792 4963 974 5018 littera
1005 4981 1138 5019 vero
1161 5008 1175 5030 ,
1216 4976 1276 5019 ut
1304 4983 1425 5021 eam
1470 4969 1694 5025 adimat.
1742 4972 1860 5026 Non
1897 4989 2027 5044 ergo
2063 4972 2176 5028 fieri

596 5063 799 5123 potest,
830 5066 894 5109 ut
923 5056 1087 5111 simul
1138 5058 1320 5114 littera
1346 5075 1410 5113 ac
1428 5060 1656 5130 spiritus
1699 5063 1809 5116 vim
1855 5071 2085 5118 exerant
2117 5079 2180 5117 ac

597 5155 899 5215 operentur
922 5187 936 5212 ,
970 5149 1050 5202 uti
1099 5164 1281 5218 neque
1321 5158 1384 5204 ut
1411 5150 1560 5220 quod
1613 5151 1894 5207 vivificum
1944 5163 2000 5209 et
2031 5153 2177 5225 quod

599 5235 878 5291 letiferum
904 5248 989 5291 est
1015 5253 1123 5292 una
1156 5240 1444 5294 exsistant.

670 5393 716 5424 ⁵⁸
751 5393 797 5447 ll
830 5394 964 5465 Reg.
1001 5412 1109 5459 χχι,
1145 5394 1171 5447 1
1207 5410 1361 5465 seqq.

674 5527 752 5600 (τι)
782 5527 1259 5600 Πράγττεινᾼκατὰ
1313 5526 1388 5600 to,
1431 5530 1598 5600 ᾳιῢτό.
1629 5527 1786 5594 Quod
1827 5542 1957 5582 sane
1999 5543 2176 5600 exque

603 5597 955 5668 ubilOsopbia
979 5597 1185 5668 optime
1220 5599 1420 5653 extulit
1447 5599 1736 5659 Maximus,
1763 5613 1872 5652 non
1910 5613 2070 5667 posse
2098 5599 2180 5652 sic

613 5669 885 5723 contraria
911 5668 1217 5724 secundum
1249 5669 1419 5733 idem,
1449 5668 1504 5722 id
1537 5680 1642 5733 est,
1693 5669 1853 5724 simul
1888 5678 1944 5722 et
1985 5669 2176 5732 semel,

592 5737 928 5809 'eodemque‘
942 5737 1104 5808 quasi
1136 5755 1370 5794 munere
1395 5754 1558 5809 agere
1579 5780 1593 5802 ,
1648 5739 1870 5809 vimque
1896 5754 2178 5802 exercere,

613 5806 851 5876 quorum
882 5806 1142 5878 alterum,
1167 5809 1333 5878 vitae;
1369 5806 1627 5878 alterum,
1662 5806 1999 5866 interitionis
2033 5824 2180 5863 inor--

2278 4698 2388 4749 νεῖν
2435 4696 2648 4763 πέφυκε
2685 4692 2765 4763 τῷ
2798 4691 3159 4765 παρεχομένῳ
3196 4689 3345 4744 κατὰ
3388 4689 3551 4757 φύσιν
3590 4687 3760 4756 ζωὴν,
3795 4687 3853 4739 τὸ

2277 4785 2482 4854 ταύτην
2529 4783 2884 4854 ἀφαιρεῖσθαι
2917 4782 3237 4850 δυνάμενον.

2355 4875 2430 4948 μ’.
2459 4875 2532 4928 Τὸ
2567 4875 2666 4946 μὲν
2691 4874 2930 4943 πνεῦμα,
2983 4873 3127 4942 ζωῆς
3183 4871 3418 4940 ὑπάρχει
3465 4867 3803 4937 παρεκτικὸν
3833 4883 3848 4900 ·

2277 4969 2340 5022 τὸ
2381 4967 2438 5020 δὲ
2478 4967 2734 5036 γράμμα,
2772 4964 2919 5034 ζωῆς
2952 4966 3098 5016 ἐστιν
3132 4960 3510 5032 ἁφαιρετικὸν,
3552 4956 3765 5010 Οὕκοῦν
3795 4957 3850 5008 οὗ

2277 5061 2501 5114 δύναται
2536 5058 2714 5111 καὶτὸ
2741 5057 2978 5129 γράμμα
3005 5055 3266 5126 πράττειν
3302 5052 3448 5105 κατὰ
3492 5051 3554 5104 τὸ
3602 5048 3736 5102 αὐτὸ
3781 5049 3849 5115 (d)

2279 5151 2374 5202 καὶ
2407 5149 2467 5201 τδ
2507 5147 2745 5218 πνεῦμα,
2780 5146 2968 5216 ὥσπερ
3006 5145 3128 5198 οὐδὲ
3170 5143 3232 5196 τὸ
3261 5140 3526 5206 ζωοποιὸν
3554 5139 3634 5209 τῷ
3661 5137 3851 5209 φθορο-

2279 5240 2416 5310 ποιῴ
2449 5239 2832 5308 συνυπάρχειν.

1439 5395 1481 5426 ⁸¹
1519 5395 1655 5449 ibid.
1687 5395 1739 5448 9.
1819 5397 1862 5426 ⁵¹
1891 5396 1934 5449 ll
1958 5396 2084 5450 Cur.
2117 5411 2194 5458 ιιι,
2228 5395 2280 5448 7.

2277 5527 2457 5595 tisque
2482 5533 2676 5578 auctor
2692 5522 2992 5588 exsistant;
3015 5522 3171 5595 vald‘e
3198 5519 3541 5595 ἀφιλοσοφως
3569 5515 3732 5570 Picus
3756 5515 3850 5569 Ne-

2278 5591 2474 5665 que—unt
2494 5596 2798 5670 circajdem
2824 5608 2984 5662 agere
3029 5591 3210 5670 littera
3251 5599 3313 5670 et.
3334 5591 3550 5670 spiritus
3571 5602 3753 5670 χιιιιὲ
3773 5595 3848 5670 est

2281 5655 2399 5735 ipsa
2415 5655 3099 5735 contrariorumessentia:
3125 5677 3192 5716 ac
3214 5655 3447 5735 rationis
3463 5657 3702 5735 negatio.
3720 5655 3847 5710 Sunt

2281 5728 2432 5791 certe
2476 5735 2568 5788 illa
2608 5733 2756 5788 circa
2785 5731 2954 5799 idem,
2987 5733 3084 5788 sed
3111 5747 3222 5789 non
3255 5729 3439 5797 simul,
3473 5728 3569 5783 sed
3597 5742 3764 5781 unum
3787 5740 3845 5778 ex

2281 5807 2390 5862 alio
2415 5812 2471 5861 et
2501 5803 2874 5860 successione.
