4108 6440
296 390 443 458 1365

1008 403 1342 463 CAPITUM
1381 403 1808 478 QUINQUIES
1846 406 2365 468 CENTENORUM
2404 406 2795 471 CENTURIA
2832 407 2896 468 V.

3426 398 3559 464 1366

363 489 477 553 μιν.
494 487 768 557 Περιτομή
786 489 897 542 ἐστι
919 492 1178 563 μυστικὴ,
1192 493 1290 564 τῆς
1303 492 1585 563 ὲμπαθοῦς
1598 495 1739 549 κατὰ
1750 495 1875 550 νοῦν

2048 497 2140 551 Δί.
2172 495 2395 569 Mystica
2426 494 2779 551 circumcisio
2810 501 2931 555 est,
2982 506 3147 561 ptena
3191 505 3258 545 ac
3304 489 3559 546 absoluta

288 578 421 649 περὶ
439 579 542 647 τὴν
563 578 886 633 ἐπείσακτον
924 582 1138 650 γένεσιν
1189 584 1258 657 (e)
1300 586 1561 655 σχέσεως,
1606 590 1873 660 παντελὴς

290 669 654 741 περιαίρεσις.
690 672 943 737 Φυσικῶς
978 675 1087 746 γὰρ
1118 676 1507 743 ὶπιϐἀλλοντες
1537 683 1652 743 τοῖς
1691 682 1873 752 πράγ-

293 780 484 831 μασιν,
545 762 772 834 οἴδαμεν
832 765 909 823 ὡς
959 766 1061 820 οὐκ
1110 767 1228 823 ἔστι
1279 770 1557 841 τελειότης
1591 776 1624 843 ἡ
1667 773 1767 843 τῆς
1808 776 1899 847 ἐκ.

288 850 425 903 Θεοῦ
481 850 627 904 κατά
687 852 848 918 φύσιν
901 854 1219 927 ἀρτιότητος
1260 858 1625 930 περιαίρεσις.
1652 862 1727 914 Οὐ
1763 861 1872 932 γὰρ

290 945 436 996 ποιεῖ
460 941 773 1014 τελειότητα
803 943 965 1013 φύσις
984 945 1074 1000 διὰ
1099 946 1298 1019 τέχνης
1334 949 1727 1023 κολοϐουμένη,
1776 952 1874 1005 καὶ

285 1033 380 1087 διά
411 1034 713 1104 περινοίας,
741 1036 1112 1108 ἀποτιθεμένη
1156 1038 1218 1092 τὸ
1264 1040 1467 1111 προσὸν
1514 1043 1650 1114 αὐτῇ
1689 1043 1874 1097 θεόθεν

289 1125 612 1193 κατὰλόγον
650 1126 1039 1198 δημιουργίας,
1080 1128 1167 1184 ἶνα
1208 1129 1284 1201 μὴ
1324 1132 1423 1197 τὴν
1468 1132 1684 1203 τέχνην,
1735 1134 1873 1188 Θεοῦ

290 1215 430 1287 πρὸς
464 1216 752 1287 βεϐαίωσιν
780 1217 1127 1293 δικαιοσύνης
1160 1224 1515 1296 ἰσχυροτέραν
1538 1226 1870 1297 είσάγωμεν,

288 1309 389 1361 καὶ
423 1309 521 1379 τὴν
553 1312 1015 1383 περινενοημένην
1045 1314 1144 1383 τῆς
1180 1315 1399 1383 φύσεως
1440 1316 1702 1387 ἔλλειψιν,
1744 1320 1870 1371 dwa-

287 1397 647 1471 πληρωτικὴν
690 1400 979 1473 ποιώμεθα
1017 1402 1118 1471 τῆς
1150 1404 1208 1456 ὲν
1245 1403 1562 1477 δικαιοσύνῃ
1604 1407 1748 1460 κατά
1776 1406 1873 1475 δη·-

288 1487 584 1559 μιουργίαν
618 1490 909 1563 ἐλλείψεως
944 1509 960 1526 ο
999 1494 1113 1548 ἀλλ’
1145 1495 1211 1549 ἐκ
1245 1498 1344 1567 τῆς
1376 1496 1611 1565 ωπικῆς
1637 1495 1748 1568 [qu.
1782 1497 1871 1563 65,

283 1578 504 1651 τυπικ.]
535 1581 627 1634 τοῦ
661 1584 1127 1656 περιτεμνομένου
1154 1586 1345 1659 μορίου
1368 1587 1591 1653 θέσεως,
1610 1588 1875 1643 διδασκώ-

287 1671 434 1741 μεθα
473 1674 745 1728 ποιεῖσθαι
786 1676 1082 1747 γνωμικῶς
1127 1676 1277 1749 [ίὺὶά.
1316 1679 1545 1751 γνωστ.]
1595 1680 1682 1751 την
1707 1698 1868 1750 περι-

204 1828 209 1835 .
282 1764 463 1834 τομὴν
494 1766 594 1835 τῆς
616 1768 757 1821 κατά
791 1768 970 1840 ψυχὴν
1004 1770 1284 1840 ὲμπαθοῦς
1299 1771 1595 1835 διαθέσεως
1617 1788 1633 1804 ⁸
1663 1773 1783 1827 καθ’
1808 1774 1873 1844 ἢν

287 1858 497 1924 μᾶλλον
517 1861 583 1929 τῇ
607 1859 767 1928 φύσει
794 1862 1109 1932 συντρέχειν
1134 1864 1169 1934 ἡ
1190 1864 1385 1934 γνώμη
1418 1863 1759 1935 ῥυθμίζεται,
1782 1864 1874 1917 τὸν

284 1948 512 2017 ἐμπαθῆ
544 1952 642 2019 τῆς
679 1952 978 2023 ἐπικτήτου
996 1953 1263 2021 γενέσεως
1293 1954 1457 2023 νόμον
1482 1955 1870 2025 διορθουμένη.

1978 587 2288 643 libidinosae
2309 587 2509 642 mentis
2530 585 2841 642 aﬁectionis
2862 598 2993 654 erga
3014 582 3380 638 adventitium
3398 595 3562 653 gene-

1978 681 2209 735 rationis
2235 689 2423 735 ortum
2452 679 2777 749 amputatio.
2809 676 3035 733 Scimus
3060 674 3211 731 enim
3231 673 3559 729 naturaliter

1976 773 2222 828 animum
2241 772 2408 829 rebus
2443 770 2789 835 adhibentes,
2812 768 3003 825 nonin
3030 782 3100 824 eo
3115 767 3349 838 positam
3380 765 3564 836 perfe-

1975 865 2241 928 ctionem,
2277 872 2337 918 ut
2378 862 2667 925 naturalis,
2699 878 2833 932 quat.
2848 877 2919 916 ex
2956 861 3070 915 Deo
3100 868 3228 921 est,
3270 856 3560 927 integritas

1977 950 2280 1006 auferatur.
2310 950 2430 1006 Non
2452 951 2602 1005 enim
2623 959 2820 1005 natura
2844 965 2943 1021 per
2964 956 3140 1005 artem
3164 947 3417 1003 mutilata
3438 961 3565 1017 per-

1978 1041 2278 1097 fectionem
2320 1040 2683 1107 nauciscitur,
2712 1040 3015 1111 subtilique
3057 1040 3282 1095 invento
3306 1052 3375 1092 eo
3399 1046 3561 1091 trun-

1976 1140 2117 1197 cata,
2142 1134 2291 1203 quod
2320 1150 2415 1204 per
2446 1134 2715 1190 rationem
2738 1134 3036 1190 creationis
3064 1131 3231 1204 620
3252 1130 3333 1185 illi
3355 1128 3563 1185 divini-

1977 1232 2065 1278 tus
2094 1224 2260 1289 inest,
2284 1240 2354 1280 ne
2377 1223 2445 1279 ad
2456 1224 2686 1294 justitiaa
2710 1222 2902 1289 robur,
2924 1231 3099 1278 artem
3122 1223 3238 1277 Deo
3269 1221 3555 1277 fortiorem

1978 1314 2332 1381 inducamus;
2372 1316 2839 1385 adinventumquc
2872 1325 3089 1371 natura:
3125 1313 3423 1377 defectum,
3457 1312 3558 1367 dc-

1975 1406 2152 1462 l‘ectus
2167 1407 2393 1478 justitia:
2411 1423 2478 1462 ex
2499 1407 2779 1462 creatione
2800 1406 3243 1476 supplementum
3264 1403 3558 1460 faciamus:

1976 1498 2072 1554 sed
2122 1514 2221 1569 per
2265 1499 2497 1555 membri
2554 1501 2675 1571 ejus
2703 1498 2850 1569 quod
2876 1496 3296 1553 circumciditur
3328 1494 3560 1550 localem

1977 1593 2165 1657 situm,
2191 1591 2693 1647 circumcidendam
2727 1590 2928 1647 mentis
2957 1588 3188 1644 arbitrio
3210 1587 3559 1642 libidinosam

1977 1684 2144 1739 animi
2191 1684 2540 1740 affectionem
2599 1684 2904 1748 discimus;
2959 1683 3118 1753 cujus
3182 1680 3564 1750 amputatione

1977 1777 2327 1847 componitur
2370 1777 2606 1842 animus,
2636 1785 2697 1831 ut
2737 1774 3081 1831 emendanda
3133 1772 3359 1828 ascititii
3408 1780 3565 1825 ortus

1982 1866 2354 1935 generationis
2387 1865 2679 1921 libidinosa
2707 1866 2847 1935 lege,
2880 1881 3005 1919 cum
3035 1874 3233 1918 natura
3279 1863 3461 1933 potius
3503 1876 3568 1914 ac

1981 1956 2059 2011 illi
2092 1973 2277 2013 comes
2309 1958 2464 2012 malit
2509 1972 2861 2012 concurrere.

366 2038 474 2108 μβ’.
507 2041 740 2095 Φυσικὸν
762 2044 795 2113 ή
819 2043 1177 2114 ἀκροϐυστία.
1210 2046 1331 2099 Πᾶν
1357 2045 1415 2098 δὲ
1440 2047 1690 2114 φυσικὸν,
1724 2046 1875 2108 θείας

2047 2050 2137 2104 ιε.
2195 2050 2530 2120 Prteputium
2590 2049 2725 2121 quid
2779 2050 3032 2104 naturale
3102 2058 3205 2105 est.
3273 2044 3561 2114 Quidquid

286 2131 456 2201 ἔργον
488 2132 853 2207 δημιουργίας
890 2138 1030 2200 ἐστὶ,
1068 2138 1163 2189 καὶ
1195 2136 1317 2191 λίαν
1372 2138 1558 2204 καλὸν,
1612 2138 1752 2191 κατά
1784 2139 1881 2209 τὴν

288 2225 610 2293 φάσκουσαν
646 2228 833 2299 φωνήν
860 2244 874 2257 ο
925 2230 1035 2284 Καὶ
1068 2226 1229 2284 εἶδεν
1266 2233 1299 2285 ό
1345 2231 1490 2297 Θεὸς
1537 2230 1735 2285 πάντα
1769 2230 1885 2286 ὅσα

286 2314 566 2382 ἐποίησε,
598 2316 698 2370 καί
736 2316 869 2371 ιδοὺ
901 2320 1062 2373 καλὰ
1092 2319 1255 2375 λίαν.
1300 2319 1357 2372 '0
1377 2320 1433 2373 δὲ
1462 2321 1623 2390 νόμος
1653 2319 1726 2383 ώς
1750 2320 1885 2372 ἀκά-

288 2406 493 2478 θαρτον
530 2409 937 2480 περιαιρεῖσθαι
980 2410 1222 2464 κελεύων
1258 2411 1357 2483 τὴν
1393 2412 1760 2483 ἀκροϐυστίαν
1794 2410 1881 2465 διὰ

290 2501 619 2571 περιτομῆς,
646 2502 737 2555 τὸν
766 2502 898 2555 Θεὸν
936 2504 1164 2573 εἰσάγει,
1194 2503 1284 2557 διὰ
1326 2504 1527 2575 τέχνης
1569 2506 1625 2557 τὸ
1669 2506 1874 2558 οἰκεῖον

288 2590 678 2662 διορθούμενον
728 2592 919 2664 ἔργον,
959 2595 1097 2667 ὅπερ
1127 2596 1232 2649 κᾶν
1266 2598 1467 2649 ἐννοεῖν
1497 2596 1879 2649 ἀσεϐέστατον.

291 2684 506 2737 Οὐκοῦν
543 2686 570 2736 ὁ
592 2686 705 2748 τοῖς
745 2685 1037 2756 συμϐόλοις
1057 2686 1152 2741 τοῦ
1180 2689 1346 2757 νόμου
1374 2687 1623 2756 φυσικῶς
1653 2688 1881 2741 ἐπιϐάλο

288 2780 426 2845 λων,
461 2774 696 2846 οἷδενώς
724 2782 785 2836 οὐ
821 2783 921 2853 τὴν
950 2784 1113 2852 φύσιν
1172 2786 1200 2837 ὁ
1251 2784 1383 2847 Θεὸς
1441 2782 1748 2854 διορθοῦται
1795 2782 1884 2835 διά

289 2869 397 2941 τῆς
432 2872 650 2942 τέχνης,
681 2873 822 2927 ἀλλὰ
849 2875 913 2928 τὸ
948 2875 1227 2937 ὲπιπειθὲς
1260 2874 1407 2945 λόγῳ
1438 2876 1536 2945 τῆς
1561 2873 1741 2944 ψυχῆς
1772 2891 1879 2926 πα-

292 2962 522 3033 θητικὸν
559 2964 986 3036 περιτέμνεσθαι
1033 2965 1266 3030 κελεύει,
1303 2965 1364 3018 τὸ
1394 2964 1482 3017 διὰ
1512 2963 1606 3017 τοῦ
1640 2980 1883 3034 σώματι·

292 3053 397 3107 κοῦ
430 3056 621 3125 μορίου
659 3056 908 3120 τυπικῶς
956 3057 1305 3129 δηλούμενον,
1347 3058 1482 3127 ὅπερ
1537 3055 1738 3124 γνῶσις
1794 3055 1882 3108 διὰ

292 3142 396 3212 τῆς
425 3144 567 3196 κατά
603 3144 803 3215 πρᾶξιν
848 3145 1093 3217 ἀνδρίας,
1138 3148 1235 3217 τῆς
1266 3144 1492 3216 γνώμης
1525 3142 1883 3197 ἀποτίθεσθαι

295 3234 562 3302 πέφυκεν.
610 3235 669 3288 ὐ
713 3236 821 3306 γὰρ
863 3237 1211 3308 περιτέμνων
1245 3237 1445 3306 ἱερεὺς,
1496 3234 1748 3305 σημαίνει
1783 3235 1883 3302 τὴν

295 3326 503 3393 γνῶσιν
530 3367 544 3391 ,
612 3326 711 3399 τὴν
762 3328 991 3398 ἔχουσαν
1037 3328 1289 3400 καθάπερ
1343 3327 1561 3396 σίδηρον
1601 3324 1743 3378 κατά
1788 3325 1881 3377 τοῦ

1985 2152 2166 2197 autem
2213 2152 2298 2198 cst
2325 2144 2598 2209 naturale,
2624 2144 2821 2199 divinae
2871 2142 3169 2197 creationis
3197 2157 3337 2210 opus
3359 2148 3463 2199 cst,
3502 2153 3569 2192 ac

1982 2234 2143 2290 valde
2172 2235 2402 2298 bonum,
2430 2235 2582 2306 juxta
2614 2250 2805 2291 vocem
2834 2250 2958 2304 qum
3001 2233 3078 2288 ait
3110 2249 3123 2286 :
3160 2233 3226 2287 Et
3269 2232 3395 2285 vidit
3429 2230 3565 2283 Deus

1983 2336 2173 2381 cuncta
2196 2344 2314 2399 qua:
2343 2328 2558 2397 fecerat.
2582 2336 2629 2381 et
2656 2343 2767 2381 ecce
2793 2326 2947 2381 valde
2977 2326 3110 2379 bona
3129 2325 3199 2377 ⁸³.
3240 2324 3347 2377 Lex
3383 2332 3565 2375 autem

1985 2419 2116 2474 dum
2147 2419 2589 2475 circumcisionis
2625 2420 2732 2474 ritu
2766 2418 3111 2490 praeputium.
3132 2417 3285 2472 velut
3323 2417 3564 2469 immun-

1983 2513 2114 2567 dum
2139 2512 2415 2582 amputari
2443 2512 2623 2582 jubet,
2667 2510 2841 2565 Deum
2886 2508 3189 2564 introducit
3232 2505 3368 2561 artis
3398 2518 3565 2572 Opera

1985 2620 2124 2674 opus
2150 2620 2312 2659 suum
2329 2604 2703 2674 corrigentem
2734 2621 2747 2656 :
2774 2602 2921 2672 quod
2946 2598 3298 2673 quidem,vel
3328 2597 3565 2667 cogitatu

1987 2696 2376 2766 impiissimum
2403 2696 2645 2763 est.'Qui
2680 2697 2849 2768 igitur
2885 2695 3025 2765 legis
3055 2690 3320 2766 symbolis
3369 2696 3565 2743 natura

1985 2785 2127 2841 duce
2158 2786 2396 2841 attendit
2423 2787 2693 2851 animum,
2726 2802 2837 2840 non
2873 2782 3169 2839 emendare
3188 2781 3362 2836 Deum
3405 2785 3568 2833 natu-

1986 2893 2102 2931 ram
2130 2878 2266 2932 artis
2291 2894 2394 2947 ope
2417 2878 2704 2948 intelligit;
2732 2876 2829 2932 sed
2858 2874 3179 2947 praecipere,
3208 2880 3269 2927 ut
3287 2868 3568 2941 patibilem

1986 2966 2155 3020 animi
2184 2966 2497 3020 facultatem
2527 2965 2727 3021 rationi
2764 2964 3164 3033 obsequentem
3200 2957 3567 3014 circumcida-

1987 3072 2129 3123 mus,
2150 3072 2268 3126 quae
2301 3056 2511 3110 scilicet
2535 3055 2840 3125 corporalis
2862 3052 3095 3108 membri
3117 3051 3289 3122 figura
3318 3048 3571 3118 designe-

1989 3158 2112 3215 tur;
2141 3163 2303 3217 quam
2334 3148 2525 3217 utique
2550 3146 2804 3210 scientia,
2834 3144 2995 3200 fortis
3026 3142 3263 3197 actionis
3282 3140 3357 3203 vi,
3385 3140 3569 3193 animo

1987 3242 2228 3312 abjicere
2257 3239 2443 3295 habet.
2471 3237 2891 3295 Circumcidens
2904 3236 3051 3291 enim
3077 3232 3353 3295 sacerdos,
3387 3231 3569 3287 scien-

1990 3334 2121 3387 tiam
2178 3329 2496 3402 significat,
2562 3330 2715 3385 velut
2783 3328 2933 3384 ferro
2991 3326 3258 3383 adversus
3310 3324 3568 3379 afl‘ectum

296 3416 533 3484 πάθους,
563 3416 661 3488 τὴν
698 3416 795 3471 τοῦ
830 3417 991 3488 λόγου
1047 3421 1192 3474 κατά
1241 3420 1340 3490 τὴν
1386 3418 1587 3489 πρᾶξιν
1638 3416 1883 3487 ἀνδρίαν.

1991 3424 2299 3493 vitiumque
2323 3438 2417 3477 seu
2445 3420 2939 3492 perturbationem,
2965 3418 3093 3473 forti
3118 3416 3354 3471 actionis
3380 3413 3571 3483 vigore

312 3509 663 3577 Ἀφανίζεται
700 3510 810 3581 γὰρ
847 3514 879 3583 ή
913 3511 1012 3566 τοῦ
1090 3511 1257 3583 νόμου
1307 3511 1640 3583 παράδοσις,
1700 3508 1889 3561 πλεονο

298 3600 588 3666 εκτοῦντος
608 3602 669 3655 τὸ
695 3604 930 3675 γράμμα
956 3605 1050 3658 τοῦ
1075 3606 1401 3676 πνεύματος.

377 3700 490 3764 μγ’.
535 3695 607 3748 Τὸ
632 3696 937 3761 Σάϐϐατόν,
982 3697 1173 3751 παθῶν
1217 3699 1334 3751 ὲστι
1370 3696 1594 3767 καὶτῆς
1631 3695 1761 3768 περὶ
1790 3694 1890 3768 τὴν

302 3787 473 3857 φύσιν
501 3786 611 3840 τῶν
636 3788 809 3841 ὄντων
837 3788 931 3841 τοῦ
991 3787 1083 3842 νοῦ
1130 3790 1401 3860 κινήσεως
1458 3788 1769 3852 ἀνάπαυσις
1794 3804 1810 3821 ⁶
1854 3786 1889 3858 ἢ

301 3876 491 3930 τελεία
526 3877 713 3930 παθῶν
740 3878 1005 3950 ἀπραξία,
1038 3878 1256 3950 καὶτῆς
1284 3877 1412 3949 περὶ
1440 3878 1509 3931 τὰ
1541 3876 1890 3948 πεποιημένα

302 3969 569 4039 καθολικὴ
592 3967 685 4021 τοῦ
708 3968 799 4022 νοῦ
828 3969 1009 4023 παύλα
1043 3971 1331 4041 κινήσεως,
1362 3969 1456 4023 καὶ
1482 3968 1621 4039 πρὸς
1644 3969 1706 4021 τὸ
1734 3968 1890 4021 Θεῖον

303 4054 488 4110 τελεία
540 4055 789 4120 διάϐασις
814 4072 830 4087 ο
878 4058 935 4110 ἐν
968 4052 1012 4125 ᾧ
1058 4056 1150 4110 τὸν
1175 4055 1243 4109 δι’
1281 4056 1483 4126 ἀρετῆς
1510 4056 1607 4111 καὶ
1637 4054 1891 4125 γνώσεως

306 4147 451 4201 κατά
495 4146 557 4199 τὸ
610 4145 830 4217 θεμιτὸν
877 4147 1232 4217 ἀφικόμενον,
1263 4148 1323 4199 ού
1364 4147 1446 4200 δεῖ
1469 4147 1727 4217 καθάπερ
1757 4145 1890 4210 ξύλα

306 4238 407 4311 τὴν
443 4238 657 4293 οίανοῦν
688 4238 974 4303 παντελῶς
1005 4237 1139 4309 ὓλην
1181 4237 1483 4309 ὲξαπτικὴν
1536 4238 1890 4308 ἐνθυμεῖσθαι

307 4331 521 4395 παθῶν,
546 4332 669 4386 οὗτε
727 4332 835 4405 μὴν
887 4332 1102 4403 φύσεως
1160 4332 1489 4403 τοπαράπαν
1531 4333 1892 4401 ἀναλέγεσθαι

306 4424 523 4493 λόγους,
554 4425 641 4477 ἵνα
681 4425 756 4496 μὴ
802 4424 1037 4478 πάθεσιν
1085 4423 1369 4493 ἡδόμενον,
1413 4424 1447 4494 ἢ
1490 4422 1708 4492 φύσεως
1746 4425 1892 4496 ὅροις

312 4516 711 4587 μετρούμενον,
735 4518 879 4571 κατὰ
910 4516 1039 4579 τοὺς
1068 4515 1336 4587 ’Έλληνας
1357 4515 1447 4568 τὸν
1478 4515 1611 4569 Θεὸν
1638 4515 1897 4586 δογματί-

308 4607 495 4678 ζωμεν
518 4625 532 4637 ’
560 4610 729 4679 ὅνπερ
759 4611 792 4681 ἡ
829 4609 1011 4662 τελεία
1048 4608 1182 4679 μόνη
1216 4608 1458 4680 κέκραγε
1502 4608 1653 4680 σιγὴ,
1706 4610 1801 4663 καὶ
1850 4611 1883 4681 η

307 4700 580 4772 παντελὴς
602 4702 725 4755 καθ’
752 4701 1027 4773 ὑπεροχὴν
1062 4702 1308 4767 ἀγνωσία
1353 4704 1652 4774 παρίστησι
1682 4703 1768 4773 (ι’).

1994 3518 2342 3571 instructam.
2377 3513 2644 3568 Abolctur
2659 3512 2806 3567 enim
2828 3509 3135 3581 corporalis
3160 3507 3295 3578 legis
3322 3505 3568 3564 traditio,

1990 3622 2054 3662 ea
2088 3606 2300 3661 ratione
2331 3603 2479 3675 quod
2507 3603 2735 3673 spiritus
2763 3601 2961 3657 litterae
2983 3599 3260 3670 praavalet.

2063 3699 2151 3754 45.
2179 3698 2499 3763 Sabbatum,
2525 3695 2821 3750 affectuum
2854 3701 2939 3749 est
2966 3709 3030 3748 ac
3053 3689 3530 3763 perturbationum
3554 3728 3569 3750 ,

1989 3798 2286 3858 motusque
2335 3787 2505 3840 animi
2558 3785 2709 3841 circa
2760 3768 2947 3839 rcrurn
2998 3791 3252 3836 naturam
3304 3780 3463 3850 quies
3517 3787 3575 3831 ct

1991 3880 2225 3937 cessatio
2252 3896 2265 3933 :
2290 3885 2385 3933 aut
2412 3878 2710 3932 affectuum
2736 3875 3329 3946 perturbationumque
3362 3870 3573 3925 sedatio

1990 3980 2047 4026 et
2072 3970 2294 4033 inertia,
2330 3966 2771 4036 universalisque
2798 3965 2967 4019 animi
2986 3973 3169 4019 motus
3195 3963 3340 4017 circa
3366 3978 3429 4015 ca
3455 3976 3575 4030 quae

1990 4061 2215 4116 condita
2246 4068 2395 4123 sunt,
2432 4058 2555 4112 linis
2588 4066 2752 4127 atque
2779 4057 2833 4110 in
2863 4057 3036 4111 Deum
3082 4054 3361 4124 perfectus
3392 4064 3573 4108 trans-

1993 4154 2104 4208 itus
2132 4169 2147 4207 :
2183 4152 2238 4205 in
2260 4166 2424 4221 quem
2455 4150 2550 4220 qui
2582 4150 2788 4203 virtute
2827 4164 2891 4203 ac
2916 4147 3169 4209 scientia,
3217 4145 3397 4215 quoad
3422 4144 3572 4207 licet,

1993 4242 2253 4306 evaserit,
2286 4254 2477 4297 caveat
2522 4254 2749 4295 necesse
2783 4248 2889 4304 est,
2940 4255 3005 4294 ne
3040 4246 3300 4307 tanquam
3333 4237 3479 4306 ligna
3505 4236 3573 4297 ³³,

1997 4336 2163 4390 ullam
2226 4348 2455 4404 prorsus
2518 4334 2803 4387 materiam
2855 4332 3039 4385 animo
3095 4328 3402 4398 concipiat,
3455 4343 3577 4397 quae

1993 4425 2285 4481 affectibus
2301 4440 2364 4478 ac
2380 4421 2891 4493 perturbationibus
2911 4420 3153 4475 fomento
3184 4419 3288 4483 sit;
3318 4426 3375 4471 at
3398 4432 3577 4487 neque

1995 4516 2223 4573 omnino
2278 4525 2491 4570 natura:
2546 4514 2791 4569 rationes
2849 4514 3101 4584 colligat,
3156 4528 3227 4567 ne
3258 4510 3576 4566 Grzecorum

1997 4624 2171 4673 more,
2198 4609 2394 4674 Deum,
2418 4608 2505 4662 vel
2536 4605 2829 4662 affectibus
2854 4605 3209 4677 gaudentem,
3246 4603 3334 4658 vel
3364 4611 3577 4657 natura}

1999 4701 2254 4757 terminis
2301 4714 2685 4755 commensum
2734 4706 3072 4754 statuamus:
3115 4711 3282 4767 quem
3332 4693 3577 4765 perfecta

306 4792 490 4848 solum
515 4792 721 4847 silentii
747 4791 995 4847 clamitat
1011 4792 1204 4863 religio
1223 4793 1293 4857 ",
1316 4808 1381 4848 ac
1403 4794 1563 4863 plena
1584 4793 1892 4849 secundum
1928 4792 2309 4849 excellentiam
2344 4790 2654 4862 ignorantia
2683 4799 3061 4861 reprazsentat.

383 4952 432 4983 ⁸³
460 4949 597 5007 Gen.
631 4967 689 5016 ιι,
722 4950 813 5005 51.
888 4947 935 4982 ⁸⁸
968 4950 1134 5005 Num.
1168 4967 1257 5015 xv,
1291 4951 1379 5005 52.
1459 4951 1504 4981 "
1540 4950 1678 5004 Psal.
1721 4967 1862 5016 thv,
1895 4953 1949 5006 2.

387 5094 469 5174 (ei
497 5094 633 5174 Περὶ
689 5092 807 5160 τὴν
862 5090 1541 5174 ἐειιιςίιγακτοις.Δγέηεσινἶ
1570 5091 1884 5174 Necessario

1997 5090 2470 5174 peccante..Quod
2496 5107 2575 5155 το,
2594 5087 2902 5174 ’γνωμικῶς
2938 5084 3238 5174 (quomodo
3266 5084 3591 5174 faciendam

314 5160 571 5219 reStituta
603 5178 708 5216 vox
741 5178 808 5217 ex
834 5178 966 5216 mss.
993 5176 1116 5231 qua!
1154 5161 1322 5216 editis
1356 5160 1565 5225 deerat,
1598 5171 1655 5216 et
1691 5162 1893 5231 repeti-

316 5246 411 5290 tur
437 5234 492 5287 in
522 5233 627 5287 fine
653 5232 873 5302 capitis.
892 5232 1011 5286 Non
1032 5231 1180 5286 enim
1200 5232 1347 5287 circa
1369 5232 1587 5302 γένεσιν
1616 5231 1890 5295 absolute,

316 5307 401 5359 sic
450 5301 747 5359 libidinosa
772 5311 1026 5357 versatur
1065 5302 1268 5356 mentis
1320 5301 1575 5365 affectio,
1622 5302 1716 5356 sed
1745 5302 1894 5358 circa

315 5376 533 5443 γένεσιν
585 5375 935 5436 ἐπείσακτον,
972 5386 1097 5441 qua:
1127 5387 1195 5427 ex
1226 5380 1452 5443 peccato
1482 5372 1703 5426 advenit
1729 5380 1893 5425 natu-

319 5441 415 5508 ra},
444 5452 501 5498 et
523 5460 686 5513 quam
711 5443 980 5498 Maximus
1011 5457 1124 5496 non
1152 5457 1283 5513 raro
1301 5441 1551 5509 γέννησιν
1572 5450 1893 5513 νοστιμορ-

318 5512 586 5585 ponitque
728 5513 973 5583 γενέσει⁶
1008 5512 1224 5637 quaesit
1245 5512 1478 5593 simplex
1506 5512 1819 5593 procreatio
1838 5521 1895 5567 et

319 5592 502 5637 ortus.
533 5585 712 5637 qualis
754 5600 786 5637 a
830 5585 943 5637 Deo
965 5582 1012 5637 Α
1052 5597 1159 5637 amt
1190 5581 1315 5637 fuit.
1347 5597 1459 5635 non
1481 5598 1574 5637 aut
1607 5584 1894 5637 brutorum

319 5581 513 5648 ortus,
533 5581 712 5654 qualis
745 5581 786 5638 'a
830 5585 943 5639 Deo
965 5581 1159 5638 Adami
1190 5581 1315 5647 fuit,
1347 5582 1574 5654 nonqui
1607 5584 1894 5654 brutorum

320 5669 479 5709 more
508 5651 888 5710 commistione
919 5653 1193 5709 seminum
1239 5667 1304 5707 ac
1351 5651 1582 5706 libidine
1626 5653 1682 5706 in
1733 5651 1895 5707 nobis

324 5722 593 5795 fit;iquod
627 5724 828 5795 passim
873 5722 1141 5779 Maximus
1182 5732 1305 5795 post
1332 5721 1473 5793 Greg
1513 5722 1677 5795 ANyss.
1711 5736 1775 5776 ac
1796 5738 1892 5777 su-

327 5792 576 5866 perieres
631 5792 1140 5867 theologosnegat
1183 5792 1463 5849 'futurum’
1513 5792 1736 5849 humine
1783 5808 1893 5850 non

1996 5156 2479 5217 circumcisionem
2524 5159 2846 5230 spiritalem
2873 5156 3109 5230 acjere
3140 5156 3252 5209 Deo
3293 5161 3577 5230 acceptam

1997 5240 2186 5287 monet
2210 5231 2499 5301 Maximus)
2528 5224 2655 5301 s'cite
2693 5227 2897 5282 reddit.
2937 5225 3123 5301 Picus,
3154 5240 3265 5301 non
3289 5224 3431 5301 satis
3464 5224 3575 5301 sci-

1997 5312 2139 5365 tum,
2170 5312 2246 5357 est
2270 5294 2891 5371 animo,'voluntate,_ac
2911 5295 3059 5371 quod
3110 5294 3352 5359 reddidi,
3388 5294 3574 5349 mentis

1997 5371 2216 5427 arbitrio
2232 5413 2246 5435 ,
2282 5373 2564 5440 animique
2582 5368 2877 5440 sententia.

2069 5442 2131 5514 (f)
2176 5433 2243 5498 Ἠ
2262 5433 2571 5514 παντελὴς
2619 5439 2748 5514 καθ’
2772 5433 3087 5514 ὑςτερρχὴν
3117 5435 3390 5514 dpereat?
3424 5448 3573 5501 παρ-

1997 5504 2229 5581 (ornat.
2262 5513 2414 5568 istud
2444 5504 2775 5581 ex'mysticae
2798 5504 3086 5581 theologia:
3110 5507 3233 5581 sinu
3259 5504 3491 5581 petitum
3509 5520 3574 5581 ac

2000 5574 2282 5655 Dionysio,
2316 5598 2427 5652 quo
2455 5574 2757 5655 eminentia
2809 5574 3060 5655 quaedam
3104 5574 3350 5655 scientia:
3371 5574 3575 5655 divini-

2002 5664 2092 5709 tus
2122 5644 2397 5709 concessa:
2427 5665 2592 5720 supra
2625 5644 2923 5720 humanam
2957 5647 3290 5720 denotatur;
3324 5644 3403 5699 uti
3435 5653 3491 5720 e_t
3518 5644 3573 5697 in

2000 5740 2068 5778 co
2116 5723 2265 5794 quod
2298 5713 2529 5777 stultum
2558 5719 2654 5794 Dei
2692 5718 3031 5794 nominatur,
3048 5716 3308 5794 eminens
3325 5713 3481 5787 quaad
3495 5728 3579 5794 1m

2002 5783 2167 5866 supra
2198 5793 2495 5849 humanam
2528 5786 2829 5862 sapientia;
2880 5787 2960 5843 uti
2981 5786 3183 5844 Paulus
3226 5783 3397 5843 lCor.
3420 5801 3458 5853 ι,
3491 5783 3575 5840 si-
