4012 6502
527 361 664 428 1367

1687 378 1752 442 S.
1791 378 2079 457 MAXIMI
2117 383 2624 452 CONFESSORIS

3645 393 3814 459 1368

592 472 689 576 44..
731 489 927 532 mrena
948 451 1330 550 benignitatis,
1348 484 1556 540 munda
1585 486 1722 542 lides
1749 497 1855 556 est,
1883 451 2100 561 lapillo-

2275 499 2380 566 μδν.
2438 501 2711 571 Στέφανός
2759 503 2878 557 ἐστι
2921 508 3290 578 χρηστότητος
3335 506 3432 578 (g),
3462 483 3804 570 πίστιξκα-

525 578 647 620 rum
674 564 850 624 instar
882 576 1047 639 atque
1075 587 1418 641 gemmarum
1442 577 1606 633 celsis
1628 579 1946 650 dogmatum
1973 599 2109 653 prae-

525 655 916 720 dicationibus.
970 661 1425 735 spiritalibusque
1476 667 1788 726 rationibus
1832 688 1898 727 ac
1927 675 2111 730 sensis

525 747 682 816 quasi
708 749 878 820 62],
908 750 1142 810 ﬂoribus
1168 755 1534 825 interstincta,
1565 776 1686 830 qua:
1730 762 1884 818 velut
1919 779 2105 835 caput,

527 839 833 911 religiosam
859 855 1096 902 mentem
1126 848 1392 920 astringat
1434 866 1498 906 ac
1519 851 1722 922 cingat.
1763 855 1861 911 Vel
1914 858 2104 927 potius

526 943 732 990 corona
766 931 1121 1004 benignitatis
1146 945 1252 1006 est,
1283 937 1400 1008 ipse
1430 941 1533 995 Dei
1565 941 1779 1011 Sermo,
1815 947 2110 1015 provideno

528 1022 617 1079 tiae
637 1023 944 1096 iudiciique
975 1029 1264 1086 modorum
1289 1034 1564 1090 varietate
1599 1036 1967 1107 (continentia
1999 1041 2108 1095 sci-

527 1116 656 1172 licet
672 1132 863 1174 eorum
883 1118 1180 1180 aﬂ'eetuum
1199 1123 1295 1192 qui
1315 1141 1381 1178 ex
1412 1125 1689 1182 voluntate
1715 1139 1864 1194 sunt,
1892 1145 2112 1185 eorum-

526 1221 634 1275 que
656 1205 920 1276 patientia
942 1210 1235 1277 malorum,
1271 1229 1391 1283 quae
1416 1215 1605 1271 invitis
1634 1217 1918 1290 eveniunt)
1958 1220 2110 1274 velut

526 1303 692 1363 caput
727 1336 742 1360 ,
811 1305 1056 1357 mentem
1103 1301 1543 1374 circumcingens
1573 1346 1589 1370 ,
1638 1307 1870 1377 ejusque
1921 1309 2111 1379 gratiae

527 1388 860 1446 commercio
886 1405 993 1459 qua
1018 1390 1296 1450 deiﬁcatio
1345 1405 1656 1464 praestatur,
1708 1398 1885 1468 ipsam
1921 1400 2102 1470 seipsa

530 1483 773 1532 mentem
795 1477 1189 1549 elegantiorem
1217 1498 1282 1540 ac
1301 1485 1678 1542 venustiorem
1699 1488 1960 1544 reddens.

595 1589 684 1643 45.
712 1588 1123 1647 Continentiam
1151 1594 1244 1650 hic
1279 1597 1408 1662 loci,
1433 1599 1801 1656 Providentia:
1824 1618 1964 1672 opus
1987 1619 2106 1660 esse

525 1679 680 1746 dicit,
711 1697 835 1752 quae
852 1683 921 1738 ab
950 1685 1118 1740 animi
1146 1690 1464 1756 spontaneis
1487 1690 1780 1748 aﬂ‘eetibus
1803 1697 2104 1764 emundet;

2209 589 2372 660 θαρὰ,
2420 591 2582 646 λίθων
2622 594 2823 664 τιμίων
2851 596 3009 668 δίκην
3046 601 3167 662 ταῖς
3232 598 3340 652 τῶν
3365 600 3658 670 δογμάτων
3687 600 3806 668 ὕψ-

2205 683 2481 754 ηγορίαις.
2542 687 2637 739 καὶ
2662 686 2841 756 λόγοις
2873 688 3224 764 διηνθισμένη
3271 695 3667 761 πνευματικοῖς
3695 695 3806 744 καὶ

2207 776 2464 845 νοήμασι,
2483 777 2573 830 τὸν
2595 778 2822 847 θεοφιλῆ
2845 780 3096 854 καθάπερ
3112 783 3356 854 κεφαλὴν
3377 784 3803 852 διασφίγγουσα

2207 864 2351 918 νοῦν.
2386 867 2456 919 Ἦ
2482 867 2683 936 μᾶλλον
2711 869 2982 938 στέφανος
3017 872 3387 942 χρηστότητός
3411 875 3579 939 ἐστιν,
3612 873 3805 935 αὐτὸς

2207 957 2236 1007 6
2269 956 2363 1010 τοῦ
2399 957 2536 1015 Θεοῦ
2564 959 2758 1028 Λόγος,
2791 963 2819 1015 ό
2852 964 2920 1034 τῇ
2947 963 3191 1034 ποικιλίᾳ
3214 963 3330 1016 τῶν
3353 963 3490 1017 κατὰ
3516 964 3804 1032 πρόνοιαν

2208 1049 2305 1101 καὶ
2333 1050 2512 1120 κρίσιν
2545 1051 2784 1121 τρόπων,
2815 1052 2982 1123 ἤγουν
3006 1053 3303 1123 ἐγκρατείᾳ
3338 1053 3446 1106 τῶν
3486 1052 3802 1118 ἑκουσίων,

2209 1140 2305 1193 καὶ
2342 1141 2588 1213 ὑπομονῇ
2635 1141 2744 1195 τῶν
2774 1141 3046 1196 ἀκουσίων
3079 1143 3291 1207 παθῶν,
3319 1142 3393 1207 ὡς
3414 1144 3664 1216 κεφαλὴν
3694 1143 3798 1195 τὸν

2207 1231 2332 1284 νοῦν
2359 1233 2740 1304 περιγράφων,
2763 1236 2858 1288 καὶ
2878 1237 2945 1305 τῇ
2972 1238 3174 1307 μετοχῇ
3227 1237 3328 1305 τῆς
3382 1237 3524 1290 κατὰ
3579 1237 3791 1289 θέωσιν

2210 1325 2430 1395 χάριτος
2453 1326 2618 1379 αὑτὸν
2654 1327 2845 1380 ἑαυτοῦ
2878 1328 2970 1381 τὸν
3001 1328 3125 1381 νοῦν
3157 1329 3331 1384 ποιῶν
3350 1330 3720 1402 ὡραιότερον.

2283 1589 2385 1656 με’.
2440 1589 2702 1644 Ἐνταῦθα
2739 1591 2837 1660 τὴν
2886 1592 3235 1662 ἐγκράτειαν,
3269 1590 3428 1661 ἔργον
3461 1587 3601 1645 εἴναι
3634 1591 3799 1657 λέγει

2207 1682 2305 1751 τῆς
2326 1682 2611 1752 Προνοίας,
2641 1682 2715 1745 ὡς
2744 1682 2850 1736 τῶν
2872 1683 3165 1753 γνωμικῶν
3191 1683 3530 1754 καθαρτικὴν
3561 1683 3799 1737 παθῶν

525 1775 850 1848 patientiam
884 1793 1037 1843 vero,
1053 1779 1251 1850 judicii
1281 1797 1423 1851 opus
1443 1799 1565 1839 esse
1591 1794 1756 1855 atque
1780 1785 2018 1852 facinus,
2047 1799 2104 1843 ut

2214 1773 2307 1844 τὴν
2359 1774 2636 1843 ὑπομονὴν
2696 1773 2772 1838 δὲ,
2826 1773 2926 1842 τῆς
2976 1774 3214 1844 κρίσεως
3267 1771 3405 1829 εἶναι
3449 1775 3806 1845 κατόρθωμά

525 1881 652 1936 qua:
670 1866 1060 1923 iuvoluntariis
1090 1871 1489 1927 tentationibus
1509 1853 1856 1942 adversetur,
1875 1878 2104 1948 ejusque

2214 1879 2392 1932 φησιν,
2412 1862 2488 1926 ὡς
2513 1865 2627 1926 τοῖς
2642 1863 2917 1926 ἀκουσίοις
2945 1863 3334 1933 ἀντιτασωμὲι
3345 1881 3410 1935 ην
3430 1868 3799 1935 πειρασμοῖς,

525 1957 702 2026 partis
734 1959 1100 2029 philosophia:
1132 1962 1362 2017 exsistat
1396 1965 1724 2035 symbolum,
1759 1983 1881 2036 qua:
1905 1967 2106 2022 actioni

526 2049 730 2115 studet,
767 2060 1026 2121 tanquam
1055 2054 1124 2108 ab
1155 2053 1390 2125 (Egypto
1423 2072 1454 2111 a
1479 2067 1705 2127 peccato
1741 2059 1809 2113 ad
1844 2060 2104 2115 virtutem

527 2142 780 2199 subditos
817 2144 1132 2201 traducens.

593 2256 683 2312 46.
713 2257 830 2311 Non
863 2257 1012 2328 quod
1041 2259 1206 2314 vellet
1229 2261 1374 2314 Deus
1400 2261 1504 2315 coli
1543 2262 1662 2316 dies
1691 2263 1758 2317 ab
1784 2262 2104 2319 hominibus

527 2347 746 2418 illisque
779 2350 1046 2405 honorem
1089 2352 1304 2417 haberi,
1349 2354 1455 2407 coli
1496 2355 1663 2424 jussit
1707 2354 2009 2410 Sabbatum
2048 2367 2106 2411 et

485 2442 848 2515 \neomcnias
881 2453 936 2498 et
966 2443 1104 2498 festa
1155 2461 1168 2498 :
1214 2444 1294 2499 sic
1318 2446 1465 2499 enim
1507 2447 1718 2502 servire
1749 2447 1922 2518 magis
1951 2463 2108 2502 crea-

530 2542 667 2588 turae
694 2551 858 2604 quam
882 2535 1131 2591 Creatori
1160 2537 1229 2602 '°,
1261 2537 1331 2592 ad
1365 2538 1607 2593 mandati
1640 2540 1816 2610 legem
1842 2539 1989 2610 quod
2023 2549 2107 2594 at-

531 2623 690 2688 tinet,
719 2640 816 2679 eos
840 2625 1156 2692 docuisset;
1191 2628 1285 2697 qui
1329 2628 1562 2693 scilicet,
1595 2645 1716 2684 esse
1750 2630 1870 2684 dies
1909 2640 2105 2686 natura

530 2715 893 2782 venerabiles,
922 2716 1112 2788 eisque
1143 2718 1281 2774 adeo
1315 2720 1524 2774 cultum
1572 2719 1949 2776 adhibendum
1983 2737 2105 2776 esse

525 2804 941 2872 existimarent;
976 2811 1071 2861 sed
1113 2808 1219 2862 sibi
1261 2808 1377 2878 ipse
1423 2809 1800 2864 adhibendum
1841 2811 2105 2867 honorem

529 2894 756 2966 ﬁgurate
780 2913 847 2951 ex
875 2897 1090 2953 dierum
1119 2899 1333 2954 ratione
1360 2901 1620 2956 ostendit.
1649 2903 1771 2972 Ipse
1800 2903 1947 2957 enim
1972 2903 2107 2957 Sab-

528 2993 717 3049 batum
761 3003 867 3066 est,
911 3006 1171 3068 tanquam
1213 3013 1585 3054 azrumnarum
1634 2998 1690 3054 in
1733 3013 1898 3054 carne
1944 3006 2106 3070 atque

527 3084 778 3141 laborum
817 3087 1032 3156 requies
1060 3105 1073 3140 :
1102 3087 1313 3142 Pascha
1347 3103 1501 3154 vero,
1530 3094 1590 3142 ut
1623 3103 1815 3142 corum
1839 3088 2107 3144 liberator

2210 1953 2303 2006 καὶ
2333 1954 2435 2023 τῆς
2480 1953 2795 2024 πρακτικῆς
2841 1955 3161 2024 φιλοσοφίας
3190 1957 3540 2027 ὑπάρχουσαν
3579 1957 3805 2026 σύμϐο-

2208 2045 2298 2099 λον
2321 2061 2334 2076 ·
2364 2046 2502 2117 πρὸς
2543 2045 2763 2116 ἀρετὴν,
2801 2045 2879 2108 ὡς
2919 2047 3015 2100 ἀπ’
3049 2047 3328 2114 Αἰγύπτου
3364 2048 3459 2117 τῆς
3482 2048 3804 2120 ἁμαρτίας,

2206 2139 2334 2201 τοὺς
2370 2137 2462 2190 ὑπ’
2497 2138 2668 2208 αὐτῆς
2694 2139 3100 2209 κρατουμένους
3128 2139 3571 2203 διαϐιϐάζουσαν.

2283 2251 2399 2321 [ις’.
2439 2252 2514 2304 Οὑ
2547 2251 2647 2315 τὰς
2687 2251 2903 2322 ἡμέρας
2944 2253 3208 2321 τιμᾶσθαι
3251 2251 3420 2304 θέλων
3449 2253 3474 2304 6
3513 2249 3652 2311 Θεὸς
3689 2250 3808 2302 tit-=6

2208 2343 2314 2396 τῶν
2346 2343 2671 2415 ἀνθρώπων,
2710 2343 3011 2414 προσέταξε
3041 2345 3337 2414 τιμηθῆναι
3373 2343 3436 2395 τό
3476 2359 3540 2394 τε
3569 2341 3803 2395 Σάϐϐα-

2207 2454 2322 2498 τον,
2352 2437 2448 2489 καὶ
2477 2437 2575 2500 τὰς
2602 2436 2918 2506 νεομηνίας,
2955 2436 3050 2488 καὶ
3078 2435 3178 2498 τὰς
3213 2436 3406 2505 ἑορτάς
3431 2451 3443 2463 ·
3482 2433 3630 2486 οῦτω
3678 2433 3808 2503 vi?

2209 2529 2275 2583 ἂν
2324 2527 2608 2599 λατρεύειν
2639 2530 2705 2598 τῇ
2754 2528 2931 2582 κτίσει
2979 2529 3128 2597 παρὰ
3180 2527 3270 2580 τὸν
3319 2527 3584 2580 κτίσαντα
3643 2527 3802 2578 κατὰ

2208 2621 2373 2690 νόμου
2401 2620 2622 2688 ἐντολὴν
2649 2620 3029 2690 ἐδογμάτισεν,
3072 2619 3356 2690 οἰομένους
3395 2618 3602 2680 dsit-.52;
3653 2613 3806 2670 εἶναι

2211 2713 2370 2781 φύσει
2397 2712 2496 2775 τὰς
2519 2711 2749 2784 ἡμέρας,
2777 2712 2873 2765 καὶ
2909 2711 2996 2764 διὰ
3020 2710 3179 2764 τοῦτο
3213 2710 3596 2780 προσκυνητὰς
3617 2725 3630 2737 ’
3678 2700 3812 2760 ἀλλ’

2210 2803 2400 2856 ἑαυτὸν
2429 2802 2691 2874 τιμᾶσθαι
2728 2802 3073 2873 συμϐολικῶς
3103 2803 3191 2856 διὰ
3233 2803 3341 2855 τῶν
3371 2800 3598 2873 ἡμερῶν
3645 2817 3803 2869 περ·

2211 2895 2500 2966 εδήλωσεν.
2542 2897 2717 2958 Αὐτὸς
2747 2896 2854 2967 γάρ
2885 2896 3000 2947 ἐστι
3025 2893 3299 2948 Σάϐϐα-εον
3336 2892 3454 2962 μὲν,
3482 2891 3561 2953 ὡς
3589 2892 3709 2944 τῶν
3743 2893 3807 2944 ἑν

2213 2988 2380 3058 σαρκὶ
2403 2988 2501 3058 τῆς
2537 2987 2717 3058 ψυχῆς
2763 2986 2976 3057 μόχθων
3016 2985 3342 3048 ἀνάπαυσις,
3387 2984 3483 3037 καὶ
3510 2985 3624 3035 τῶν
3649 2984 3806 3036 κατὰ

2213 3079 2562 3150 δικαιοσύνην
2592 3080 2770 3133 πόνων
2795 3078 3142 3141 κατάπαυσις
3160 3093 3175 3106 ’
3205 3076 3395 3146 Πάσχα
3417 3075 3496 3140 δὲ,
3529 3075 3608 3138 ὡς
3636 3076 3806 3127 ἐλευο

526 3176 623 3245 qui
666 3193 852 3232 amara
895 3178 1108 3252 peccati
1140 3179 1406 3234 servitute
1437 3189 1695 3235 tenentur
1727 3199 1741 3235 :
1782 3177 2104 3235 Pentecoste

2214 3169 2460 3241 θερωτὴς
2483 3171 2596 3224 τῶν
2641 3175 2709 3242 τῇ
2757 3171 2930 3242 πικρᾷ
2974 3168 3188 3237 δουλείᾳ
3236 3168 3673 3240 κεκρατημένων
3701 3169 3807 3235 τῆς

526 3277 733 3336 autem,
772 3279 832 3323 ut
874 3287 1059 3328 rerum
1101 3272 1435 3342 principium
1481 3282 1538 3327 et
1572 3273 1697 3326 linis
1745 3272 2017 3342 ratioque,
2049 3272 2104 3328 in

2214 3266 2511 3338 ἁμαρτίαςο
2540 3265 2890 3335 Πεντηκοστὴ
2919 3262 2997 3326 δὲ,
3026 3262 3104 3326 ὡς
3129 3262 3353 3333 ἀπαρχὴ
3381 3261 3478 3315 καὶ
3497 3260 3655 3324 τέλος
3684 3261 3803 3312 τῶν

526 3377 635 3431 qua
670 3369 868 3416 cuneta
898 3373 1094 3417 natura
1130 3363 1463 3419 subsistunt.
1494 3364 1669 3418 Porro
1689 3363 1814 3418 vide
1844 3365 2107 3434 quemad-

527 3453 751 3509 modum
784 3455 892 3519 lex,
916 3471 1014 3512 eos
1047 3455 1144 3526 qui
1171 3455 1343 3525 ipsam
1367 3457 1730 3527 corporaliter
1769 3456 2102 3527 intelligunt,

526 3543 742 3614 perdat,
771 3561 892 3614 qua:
928 3545 1140 3599 scilicet
1175 3545 1388 3599 servire
1420 3553 1693 3600 creaturae
1731 3543 1906 3614 magis
1938 3558 2104 3613 quam

525 3636 774 3696 Creatori
818 3636 1066 3700 suadeat,
1116 3643 1174 3690 et
1222 3643 1284 3689 ut
1326 3651 1412 3702 ea,
1451 3646 1649 3692 natura
1693 3635 2104 3690 venerationem

527 3727 732 3784 habere
773 3728 1112 3791 existiment,
1148 3743 1270 3798 quae
1296 3729 1540 3802 ipsorum
1568 3743 1732 3784 causa
1773 3727 1915 3782 facta
1953 3735 2103 3794 sunt,

529 3821 779 3888 ignorate
807 3835 895 3882 eo,
923 3820 1082 3891 cujus
1114 3819 1216 3889 ipsi
1248 3820 1422 3892 gratia
1445 3821 1797 3875 exstiterunt.

598 3931 688 3986 47.
726 3931 983 3996 Mundus,
1022 3932 1177 3988 locus
1213 3926 1402 3988 [initus
1440 3941 1543 3997 est,
1576 3941 1630 3987 et
1677 3933 1836 4003 quies
1869 3933 2108 3989 circum-

529 4015 766 4096 scripta:
803 4031 1019 4093 tempus
1055 4031 1259 4088 autem,
1300 4032 1484 4078 motus
1511 4024 1965 4094 circumscriptus
1988 4034 2102 4090 est;

527 4132 596 4170 ex
618 4131 727 4187 quo
763 4117 824 4170 lit
846 4158 861 4181 ,
893 4126 954 4170 ut
975 4131 1188 4180 eorum,
1216 4117 1312 4186 qui
1340 4117 1397 4172 in
1421 4117 1515 4171 illo
1550 4125 1700 4181 sunt,
1740 4117 1867 4172 vitae
1901 4125 2104 4182 motus,

528 4223 627 4279 per
646 4223 740 4264 eas
763 4208 1018 4264 immutet
1043 4208 1333 4278 qualitates
1355 4223 1476 4278 quae
1491 4208 1748 4263 deterunt
1771 4223 2106 4278 sensumque

528 4297 798 4351 adiciunt.
853 4295 992 4352 Cum
1040 4305 1226 4356 autem
1276 4307 1494 4362 natura,
1551 4297 1735 4352 locum
1781 4313 1844 4352 ac
1889 4307 2108 4367 tempus

529 4398 646 4443 tum
690 4387 870 4458 reipsa
913 4396 1039 4444 actu
1081 4398 1195 4442 tum
1238 4389 1427 4444 subtili
1479 4391 1719 4457 cogitatu
1767 4399 2104 4460 transgressa

530 4477 615 4548 (ea
639 4477 851 4532 scilicet
873 4478 990 4532 sine
1015 4479 1217 4550 quibus
1253 4495 1385 4543 non,
1409 4479 1465 4532 iu
1493 4487 1598 4543 est,
1627 4478 1836 4533 ﬁnitam
1861 4479 2100 4548 quietem

2207 3358 2401 3426 ὅντων,
2445 3361 2538 3412 καὶ
2580 3358 2758 3426 λόγος,
2915 3359 2982 3412 τὰ
3033 3358 3210 3410 πάντα
3255 3356 3416 3425 φύσει
3462 3356 3800 3423 συνέστηκε.

2211 3450 2411 3506 Σκόπει
2432 3449 2490 3502 δὲ
2516 3449 2632 3513 πῶς
2657 3451 2685 3502 6
2707 3449 2878 3519 νόμος
2899 3448 3162 3502 ἀπόλλυσι
3192 3449 3318 3510 τοὺς
3341 3447 3602 3509 νοοῦντας
3627 3447 3804 3498 αὑτὸν

2213 3541 2559 3612 σωματικῶς,
2594 3543 2658 3612 τῇ
2689 3541 2864 3594 κτίσει
2888 3539 3170 3611 λατρεύειν
3195 3538 3350 3610 παρὰ
3376 3539 3470 3593 τὸν
3500 3539 3799 3591 κτίσαντα

2210 3633 2436 3699 πείθων,
2488 3633 2582 3687 καὶ
2612 3633 2864 3705 ἡγεῖσθαι
2907 3632 3068 3703 φύσει
3117 3632 3313 3697 σεπτὰ,
3352 3632 3420 3685 τὰ
3466 3632 3539 3685 δι’
3590 3633 3799 3692 αὐτοὺς

2208 3725 2493 3794 γεγονότα,
2541 3725 2636 3779 τὸν
2667 3725 2734 3778 δι’
2772 3724 2832 3778 ὃν
2873 3725 3030 3779 αὐτοὶ
3061 3724 3346 3795 γεγόνασιν
3381 3724 3794 3795 ἀγνοήσαντας.

2281 3925 2389 3997 μζ.
2447 3926 2505 3984 Ὀ
2557 3927 2658 3997 μὲν
2700 3926 2924 3997 κόσμος,
2968 3927 3130 3989 τόπος
3166 3925 3285 3978 ἐστὶ
3339 3924 3792 3994 πεπερασμένος,

2209 4022 2303 4077 καὶ
2325 4023 2516 4085 στάσις
2548 4020 3040 4092 περιγεγραμμένη
3063 4035 3074 4048 °
3119 4021 3147 4072 6
3177 4019 3232 4072 δὲ
3264 4019 3481 4088 χρόνος,
3511 4035 3796 4090 περιγρα-

2211 4111 2422 4184 φομένη
2453 4109 2762 4178 καθέστηκε
2807 4109 3040 4180 κίνησις,
3073 4107 3193 4162 ὅθεν
3234 4109 3328 4161 καὶ
3365 4107 3640 4176 enormi;
3676 4107 3795 4160 τῶν

2208 4204 2266 4258 ἐν
2313 4200 2461 4272 αὑτῷ
2529 4201 2862 4270 καθέστηκεν
2912 4203 2944 4269 ἡ
3001 4200 3143 4256 κατὰ
3187 4199 3287 4269 τὴν
3345 4199 3494 4270 ζωὴν
3545 4200 3794 4266 κίνησις.

2221 4294 2488 4365 Ὀπηνίκα
2530 4293 2586 4348 δὲ
2619 4293 2711 4346 τὸν
2744 4293 2908 4346 τόπον
2956 4290 3238 4344 διελθοῦσα
3296 4291 3392 4345 καὶ
3432 4289 3526 4344 τὸν
3570 4290 3796 4360 χρόνον,

2208 4389 2329 4442 κατ’
2358 4385 2638 4456 ὲνέργειάν
2660 4402 2718 4438 τε
2754 4384 2849 4438 καὶ
2884 4383 3092 4438 ἔννοιαν
3122 4385 3155 4454 ἡ
3186 4383 3371 4454 φύσις,
3400 4384 3571 4454 ἤγουν
3603 4383 3675 4436 τὰ
3713 4375 3796 4435 ὧν

2207 4480 2307 4533 οὐκ
2354 4479 2504 4541 ἄνευ,
2543 4477 2792 4530 τουτέστι
2844 4477 2944 4546 τὴν
2984 4477 3409 4548 πεπερασμένην
3459 4475 3652 4530 στάσιν
3692 4477 3792 4528 καὶ

527 4577 592 4617 ac
614 4565 846 4634 motum)
882 4564 1198 4620 immediate
1233 4566 1600 4622 Providentia:
1629 4567 1940 4632 cohaeserit,
1969 4568 2104 4622 Pro-

2214 4569 2441 4639 κίνησιν,
2467 4568 2689 4637 ἀμέσως
2716 4567 2960 4638 συναφθῇ
2985 4569 3048 4638 τῇ
3083 4567 3330 4636 προνοίᾳ,
3360 4565 3520 4634 λόγον
3535 4566 3790 4636 εὑρίσκει

527 4654 829 4714 videntium
859 4657 1128 4714 rationem
1157 4667 1355 4714 natura
1393 4659 1698 4727 simplicem
1733 4666 1790 4714 et
1823 4659 2098 4723 stabilem,

527 4744 788 4814 omnique
819 4761 1048 4815 prorsus
1079 4747 1590 4818 circumscriptione
1622 4763 1719 4802 seu
1755 4746 1862 4801 ﬁne
1917 4762 2104 4803 caren-

528 4843 663 4900 tem,
691 4836 1061 4903 nanciseitur;
1089 4845 1254 4907 atque
1288 4839 1427 4893 adeo
1452 4854 1521 4893 ne
1550 4839 1713 4910 622
1749 4847 1956 4892 motum
1978 4839 2104 4908 qui-

532 4925 659 4980 dem
684 4942 915 4996 prorsus
937 4929 1256 4984 habentem.

594 5017 684 5072 48.
716 5018 857 5073 Dum
889 5031 1087 5076 natura
1109 5032 1465 5092 temperance
1496 5022 1550 5075 in
1591 5020 1797 5075 mundo
1829 5030 2102 5088 versatur,

596 5173 643 5205 ⁵⁸
674 5173 830 5228 Rom.
862 5191 900 5238 ι,
929 5175 1019 5228 9.5.

528 5329 786 5397 gnificat;
812 5329 1197 5400 explicantque
1234 5331 1469 5398 theologi
1495 5330 1581 5385 illa
1610 5345 1742 5385 voce
1768 5330 1892 5386 καθ’
1923 5334 2095 5400 ὑπερο·

525 5399 974 5471 οχὴν,εεειιηιίιιιη
993 5399 1371 5471 excellentiam.
1404 5401 1538 5454 Male
1563 5400 1744 5463 Picus,
1763 5399 2096 5471 prorsusque

526 5469 808 5540 ἀμυήτως,
829 5469 1032 5540 ΔΑηιρίιε
1062 5470 1270 5539 subjicit
1301 5471 1464 5525 oculis
1493 5488 1702 5524 summa
1742 5469 2023 5540 ignoratio;

599 5536 677 5611 (g)_
731 5536 1033 5611 Στέφανος
1068 5536 1492 5611 χρὴστότητος.
1538 5536 1810 5608 Allegoria
1839 5551 1944 5605 est,
1979 5543 2100 5611 ejus

530 5606 680 5675 quad
710 5609 843 5679 psaﬂl.
877 5609 971 5663 illo
1028 5606 1150 5679 inv
1175 5609 1444 5679 habetur,
1483 5606 1814 5679 Εὑλογήσεις
1850 5613 1940 5663 τὸν
1973 5606 2094 5664 στέ-

531 5692 698 5750 φανον
727 5676 820 5731 τοῦ
854 5678 1236 5750 ἐέιιαυτρῦᾲτῆς
1266 5676 1644 5750 χρηστότητός
1671 5676 1763 5734 σου
1783 5724 1794 5742 ,
1834 5681 1924 5736 ubi
1966 5698 2098 5749 χρη-

534 5743 727 5828 στότης
754 5757 1001 5828 exparte
1036 5748 1133 5806 Dei
1163 5743 1220 5806 se
1249 5743 1398 5828 tenet
1419 5743 1673 5828 {ejusque
1707 5743 2096 5828 benignitatem

531 5830 598 5870 ac
610 5815 957 5872 clementiam
976 5828 1155 5884 sonat,
1185 5833 1292 5889 qua
1323 5819 1401 5875 sic
1425 5815 1632 5876 annum
1661 5815 2096 5889 bonis‘instruit,

2207 4660 2305 4730 τὴν
2334 4661 2610 4730 πρόνοιαν,
2641 4658 2785 4712 κατὰ
2823 4659 2986 4728 φύσιν
3019 4658 3224 4713 ἁπλοῦν
3256 4675 3317 4712 τε
3361 4658 3454 4710 καὶ
3496 4658 3791 4726 στάσιμον,

2209 4752 2304 4806 καὶ
2351 4749 2618 4820 μηδεμίαν
2665 4750 2858 4819 ἔχοντα
2910 4750 3086 4819 πάντη
3135 4747 3505 4820 περιγραφὴν,
3547 4748 3652 4799 καὶ
3703 4745 3793 4800 διὸ

2206 4842 2366 4897 τοῦτο
2393 4842 2673 4906 παντελῶς
2711 4841 2835 4896 οὔτε
2875 4842 3107 4912 κίνησιν.

2283 5024 2373 5088 μη¹
2443 5017 2534 5068 Ἑν
2579 5016 2678 5084 μὲν
2720 5013 2800 5083 τῷ
2845 5014 3037 5084 κόσμῳ
3079 5013 3401 5084 ὑπάρχουσα
3443 5014 3723 5086 χρονικῶς
3755 5029 3788 5080 η

2206 5336 2267 5382 ιιι
2308 5329 2378 5384 sit
2407 5329 2598 5386 amicis
2644 5327 2796 5398 quasi
2837 5336 3091 5384 contexta
3130 5341 3328 5398 corona
3358 5326 3478 5398 :_ita
3504 5326 3602 5398 hic
3631 5326 3789 5398 ﬁdes,

2204 5400 2370 5454 tantis
2398 5409 2555 5453 aucta
2589 5396 2932 5462 muneribus,
2966 5407 3169 5467 quanta
3204 5396 3472 5452 descn'hit
3497 5397 3788 5452 Maximus.

2203 5467 2314 5524 Nec
2339 5469 2471 5525 satis
2498 5477 2683 5537 aptum
2711 5468 2930 5522 videtur
2962 5469 3109 5538 quod
3152 5467 3333 5538 reddit
3359 5467 3561 5538 Picus,
3594 5484 3786 5520 corona

2205 5540 2499 5610 probitatis,
2526 5538 2672 5610 quod
2713 5538 2792 5594 sic
2817 5537 2988 5610 nemo
3017 5538 3169 5610 ineo
3204 5537 3338 5607 psal.
3388 5537 3788 5606 interpretatus

2202 5607 2306 5673 est,
2334 5625 2398 5663 ac
2431 5607 2666 5672 merito;
2697 5623 2799 5663 nec
2825 5609 2971 5678 enim
3001 5607 3108 5662 diei
3143 5616 3343 5678 potest
3364 5648 3378 5669 ,
3428 5624 3632 5661 corona
3664 5623 3786 5676 pro-

2203 5681 2377 5734 bitatis
2400 5679 2495 5732 Dei
2520 5721 2531 5742 ,
2562 5680 2656 5733 sed
2680 5679 2798 5747 ejus
2829 5677 3187 5749 benignitatis
3221 5693 3316 5731 seu
3346 5678 3656 5749 bonitatis;
3679 5692 3782 5749 non

2203 5765 2310 5819 qua
2332 5761 2632 5804 coronetur
2655 5749 2749 5820 Dei
2781 5747 3056 5820 probitas,
3081 5748 3177 5808 sed
3205 5764 3316 5820 qua
3343 5749 3496 5804 Deus
3531 5747 3790 5818 benigni-

2205 5818 2316 5874 tate
2353 5829 2583 5875 coronat
2609 5835 2671 5874 ac
2701 5818 2963 5874 bonitate.
