4108 6438
224 389 382 459 1369

950 399 1281 460 CAPITUM
1313 400 1736 473 QUINQUIES
1770 401 2291 463 CENTENORUM
2327 402 2713 464 CENTURIA
2747 404 2818 464 V.

3347 399 3489 465 1370‘

222 506 422 575 φύσις,
452 508 751 580 ἀλλοιωτὴν
771 507 885 579 ἔχει
918 509 1019 581 τὴν
1044 512 1279 583 κίνησιν,
1309 513 1395 566 διὰ
1425 514 1522 586 τὴν
1560 513 1656 567 τοῦ
1714 514 1808 567 κό-

1917 514 1981 569 ob
2032 514 2225 569 mundi
2281 523 2524 583 quietem
2579 515 2812 582 finitam,
2879 514 3257 586 temporisque
3319 516 3482 572 aliam

223 613 382 667 σμου
403 602 830 672 πεπερασμένην
866 604 1074 665 στάσιν,
1100 605 1193 658 καὶ
1218 604 1318 675 τὴν
1348 606 1469 659 καθ’
1494 606 1806 678 ἐτεροίωσιν

219 689 333 742 τοῦ
361 690 554 760 χρόνου
577 692 748 763 φοράν
767 707 782 722 °
812 695 870 747 ἑν
896 695 956 748 δὲ
986 693 1067 766 τῷ
1102 694 1221 766 Θεῷ
1250 698 1529 768 γινομένη,
1577 698 1664 750 διὰ
1707 700 1808 761 τὴν

221 785 474 857 φυσικὴν
516 787 613 840 τοῦ
658 789 716 842 ἐν
830 789 1022 857 γέγονε
1069 792 1293 859 μονάδα,
1330 794 1519 846 στάσιν
1550 792 1809 863 ἀκίνητον

222 869 373 935 ἔξει.
426 875 523 927 καὶ
573 878 837 944 στάσιμον
880 880 1318 949 ταυτοκινησίαν,
1365 880 1492 951 περὶ
1524 880 1585 933 τὸ
1617 880 1811 934 ταυτὸν

225 967 333 1018 καὶ
382 965 442 1019 ἓν
476 970 568 1023 καὶ
624 970 808 1039 μόνον,
851 971 1040 1035 ὰῖδίως
1077 974 1392 1044 γινομένην,
1462 973 1532 1044 ἢν
1581 970 1722 1027 οἶδεν
1778 975 1807 1026 6

223 1056 399 1127 λόγος
433 1061 508 1129 (Ii)
548 1062 755 1133 ἄμεσον
794 1060 933 1120 εἶναι
983 1067 1116 1136 περὶ
1145 1068 1205 1121 τὸ
1239 1069 1454 1139 πρῶτον
1476 1069 1670 1130 αῐτιον,
1699 1065 1807 1120 τῶν

223 1147 296 1213 ἐξ
321 1152 491 1207 αὐτοῦ
520 1157 907 1226 πεποιημένων
939 1159 1165 1229 μόνιμον
1193 1159 1401 1229 ἵδρυσιν
1425 1166 1465 1215 '.

1910 614 2074 676 atque
2099 606 2262 660 aliam
2294 606 2577 667 lationem,
2631 616 2690 660 ut
2735 622 2803 660 ex
2842 606 2966 661 aliis
3009 606 3147 661 alias
3190 605 3489 675 qualitates

1911 699 2185 763 immutet,
2226 706 2437 751 motum
2474 698 2744 768 ejusmodi
2793 698 2978 763 habet,
3008 713 3174 768 quem
3216 698 3483 753 varianti-

1909 790 2015 844 bus
2042 789 2400 859 qualitatibus
2424 804 2643 843 sensum
2672 789 3064 853 afficientibus,
3101 790 3492 844 alterationem

1909 893 2126 938 vocant.
2156 883 2255 939 Ubi
2286 892 2470 936 autem
2496 883 2550 935 in
2576 884 2744 936 Deum
2768 882 3127 945 concesserit,
3159 881 3231 935 ob
3258 892 3487 939 natura-

1909 976 2017 1029 lem
2049 977 2171 1046 ejus
2208 976 2261 1029 in
2308 990 2418 1045 quo
2467 984 2570 1037 est,
2608 975 2896 1039 unitatem,
2934 974 3260 1043 sempiterni
3302 982 3495 1027 motus

1912 1067 2150 1136 quietem
2212 1066 2459 1131 habebit,
2517 1065 2875 1135 ejusdemque
2913 1076 3097 1121 motus
3145 1066 3293 1120 circa
3340 1065 3486 1119 idem

1916 1174 2197 1228 unumque
2229 1173 2293 1211 ac
2321 1158 2501 1212 solum
2551 1155 2884 1226 sempiterne
2926 1158 3201 1212 versantis
3231 1168 3495 1212 constan-

222 1244 371 1299 tiam
415 1262 579 1316 quam
620 1246 904 1319 Scriptura
941 1248 1336 1316 immediatam,
1382 1250 1528 1305 circa
1576 1248 1811 1318 primam
1845 1264 2089 1312 causam,
2130 1263 2322 1302 eorum
2352 1262 2473 1317 qua
2501 1262 2569 1301 ex
2592 1246 2682 1299 illa
2750 1256 2899 1314 sunt,
2959 1248 3213 1303 stabilem
3247 1249 3488 1304 mansio-

226 1349 368 1389 nem
406 1336 703 1405 sedemque
732 1353 933 1393 vocare
962 1339 1268 1393 consuevit.

308 1429 419 1499 μθ’.
485 1432 799 1503 ιίυστήριόν
853 1435 968 1486 ἐστι
1019 1435 1418 1505 Πεντηκοστῆς,
1463 1437 1497 1506 ἡ
1540 1435 1677 1506 πρὸς
1713 1436 1807 1505 τὴν

227 1522 505 1592 Πρόνοιαν
520 1524 723 1594 ἄμεσος
757 1525 865 1579 τῶν
889 1529 1303 1598 προνοουμένων
1331 1529 1528 1592 ἓνωσις
1544 1547 1557 1563 ο
1589 1531 1755 1599 ἦγουν
1776 1531 1810 1600 ἡ

226 1616 379 1684 πρὸς
407 1615 498 1669 τὸν
522 1616 680 1683 λόγον
707 1618 848 1671 κατὰ
877 1619 976 1689 τὴν
996 1620 1098 1690 τῆς
1129 1621 1397 1691 Προνοίας
1437 1622 1677 1675 ἐπίνοιαν
1712 1622 1812 1689 τῆς

229 1708 457 1776 φύσεως
499 1710 714 1774 ἓνωσις,
770 1713 891 1765 καθ’
922 1713 991 1784 ἢν
1034 1714 1265 1784 οὐδεμία
1315 1715 1642 1785 τοπαράπαν
1695 1713 1812 1766 ἐστὶ

228 1801 433 1871 χρόνου
491 1803 585 1855 καὶ
631 1808 898 1871 γενέσεως
937 1805 1196 1875 ἔμφασις.
1250 1807 1491 1874 Σάλπιγξ
1538 1807 1593 1859 δὲ
1653 1806 1814 1859 πάλιν

231 1894 398 1963 ἡμῶν
422 1896 571 1948 ἐστιν
594 1898 621 1950 6
648 1895 826 1964 λόγος,
849 1896 925 1962 ὡς
953 1899 1051 1961 τὰς
1091 1899 1239 1961 θείας
1268 1901 1360 1954 καὶ
1384 1902 1657 1972 ἀρρήτους
1687 1902 1816 1970 ἡμῖν

233 1986 603 2057 ἐνηχούμενος
631 1986 892 2056 γνώσεις’
930 1989 1157 2061 ίλασμὺς
1194 1991 1271 2056 δὲ,
1314 1992 1390 2055 ὡς
1440 1994 1497 2045 ὲν
1530 1993 1706 2063 ἑαυτῴ
1746 1992 1815 2045 τὰ

230 2076 509 2148 ἡμέτερα,
550 2077 673 2130 καθ’
702 2080 852 2149 ἡμᾶς
872 2080 1180 2151 γενόμενος,
1212 2080 1443 2133 διαλύων
1474 2081 1811 2151 ἐγκλήματα*

233 2167 337 2220 καὶ
356 2170 424 2238 τῇ
456 2170 635 2241 δωρεᾷ
662 2173 761 2241 τῆς
793 2172 1015 2242 χάριτος
1050 2173 1109 2225 ὲν
1140 2172 1432 2242 πνεύματι,
1488 2173 1586 2244 τὴν
1630 2175 1812 2243 ἀμαρ-

230 2260 485 2330 τήσασαν
525 2259 685 2329 φύσιν
723 2261 1020 2315 θεοποιῶψ
1083 2263 1430 2333 σκηνοπηγία
1469 2265 1547 2330 δὲ,
1592 2264 1667 2329 ὡς
1716 2266 1815 2335 τῆς

230 2349 402 2419 ἡμῶν
428 2351 569 2403 κατὰ
596 2350 696 2419 τὴν
722 2351 1055 2423 θεομίμητον
1083 2351 1194 2417 ἕξιν
1218 2354 1345 2423 περὶ
1375 2354 1437 2406 τὸ
1465 2354 1628 2407 καλὸν
1653 2356 1817 2424 ἀτρεςα

230 2442 370 2511 ψιας
396 2443 611 2513 πρᾶξις,
637 2445 729 2498 καὶ
756 2446 785 2498 6
805 2444 907 2516 τῆς
928 2444 1063 2517 πρὸς
1082 2444 1379 2499 ἀθανασίαν
1404 2448 1815 2517 μεταποιήσεως

236 2527 558 2597 συνέκτικὸς
591 2534 809 2606 δεσμός.

307 2721 374 2771 v'.
417 2714 476 2768 '0
500 2715 682 2786 ψιλαῖς
718 2716 841 2778 ταῖς
891 2714 1140 2785 ἐναιμοις
1186 2715 1389 2785 χαίρων
1418 2714 1650 2778 θυσίαις,
1686 2712 1816 2783 περὶ

230 2808 306 2860 τὰ
341 2807 489 2876 πάθη
517 2806 836 2871 σπουδάζειν
858 2805 935 2869 ὡς
965 2805 1219 2875 ἐμπαθὴς
1245 2806 1650 2877 παρασκευάζει
1687 2806 1817 2868 τοὺς

234 2897 492 2960 θὺοντας.
524 2897 673 2950 Φιλεί
718 2896 827 2967 γὰρ
868 2896 1084 2967 χαίρειν
1123 2897 1184 2948 τὸ
1210 2897 1451 2965 γνησίως
1498 2896 1684 2958 σέὸον,
1733 2889 1817 2957 οἷς

229 2991 419 3061 χαίρει
462 2992 524 3044 τὸ
581 2989 1073 3059 προσκυνούμενον.
1128 2990 1288 3042 Ὅθεν
1350 2988 1541 3051 θυσίας
1586 2985 1725 3040 οἶδεν
1786 2990 1815 3040 6

1988 1436 2075 1489 49.
2108 1435 2466 1491 Pentecostes
2498 1435 2846 1507 mysterium,
2880 1445 2964 1490 est
3004 1436 3321 1492 immediata
3359 1439 3497 1493 unio

1917 1542 2041 1580 cum
2074 1528 2427 1582 Providentia
2460 1544 2650 1583 eorum
2683 1528 2778 1598 qui
2804 1528 3157 1582 Providentia
3187 1537 3491 1599 reguntur;

1918 1620 1971 1673 id
1996 1628 2099 1684 est,
2122 1629 2332 1674 natura:
2357 1636 2481 1674 cum
2510 1622 2747 1685 ratione,
2790 1619 3093 1674 secundum
3114 1619 3495 1673 Providentia:

1918 1720 2280 1781 conceptum,
2342 1712 2660 1781 copulatio;
2724 1712 3027 1766 secundum
3107 1726 3271 1779 quam
3344 1710 3497 1763 nulla

1917 1819 2147 1874 prorsus
2172 1805 2457 1874 temporis,
2499 1815 2767 1873 ortusque
2794 1804 3167 1874 generationis
3195 1811 3371 1858 exstat
3411 1818 3501 1857 re-

1915 1896 2286 1965 przesentatio.
2321 1897 2533 1951 Rursus
2564 1906 2745 1950 autem
2776 1897 2907 1949 tuba
2942 1905 3151 1959 nostra,
3184 1911 3367 1949 sermo
3388 1904 3499 1953 est.

1918 1994 1979 2042 ut
2003 1988 2097 2056 qui
2126 1987 2343 2041 divinas
2370 1997 2534 2057 atque
2569 2003 2794 2041 arcanas
2818 1988 2979 2041 nobis
3005 1988 3268 2041 scientias
3291 2002 3355 2040 ac
3390 2003 3496 2040 no-

1916 2079 2095 2133 tiones
2121 2079 2359 2133 insonet.
2403 2079 2728 2149 Pr0pitiatio
2768 2094 2923 2142 vero,
2965 2086 3026 2131 ut
3060 2078 3153 2146 qui
3191 2078 3246 2131 in
3285 2078 3494 2147 seipse,

1914 2170 2076 2225 nobis
2106 2170 2305 2227 similis
2331 2171 2531 2234 factus,
2572 2179 2760 2225 nostra
2798 2170 3063 2224 dissolvat
3088 2170 3339 2233 crimina,
3375 2184 3497 2239 gra-

1915 2263 2114 2331 tiasque
2163 2262 2308 2316 dono
2356 2262 2413 2315 in
2458 2261 2708 2331 Spiritu,
2765 2271 3022 2314 naturam
3077 2260 3288 2330 peccati
3341 2274 3493 2313 ream

1915 2352 2119 2407 deitate
2157 2352 2388 2406 imbuat.
2429 2351 2765 2421 Scenopegia
2802 2351 3061 2420 denique,
3092 2358 3155 2404 ut
3194 2358 3395 2404 nostrai
3431 2349 3497 2403 in

1914 2445 2062 2500 bono
2092 2444 2580 2509 immutabilitatis,
2620 2443 2814 2498 habitu
2845 2443 2939 2496 Dei
2973 2443 3192 2505 aemulo,
3227 2441 3395 2507 actio,
3430 2458 3497 2497 ac

1917 2552 2022 2606 qua
2077 2536 2142 2590 ad
2192 2536 2663 2590 immortalitatem
2710 2544 3169 2599 transmutamur,
3214 2534 3499 2590 vinculum

1916 2643 2254 2683 conservans
2280 2644 2344 2681 ac
2365 2628 2679 2682 continens.

1988 2718 2075 2773 50.
2125 2718 2230 2784 Qui
2271 2718 2437 2772 nudis
2482 2718 2687 2787 gaudet
2732 2719 2984 2773 cruentis
3029 2719 3340 2782 sacriﬁciis,
3382 2727 3501 2772 tan-

1915 2828 2080 2881 quam
2131 2811 2425 2865 affectibus
2470 2811 2588 2881 ipse
2631 2811 2852 2865 deditus
2892 2826 2957 2865 ac
3007 2812 3362 2875 libidinosus,
3404 2824 3507 2864 eos

1914 2903 2009 2971 qui
2053 2902 2366 2957 sacrificant
2416 2912 2479 2957 ut
2532 2902 2823 2956 affectibus
2874 2901 3292 2972 impendantur,
3343 2900 3500 2955 facit.

1915 2994 2093 3049 Verus
2140 2995 2289 3048 enim
2334 2995 2536 3057 cultor,
2586 2994 2655 3048 iis
2708 2994 2888 3048 libens
2924 2994 3248 3057 delectatur,
3299 2994 3503 3063 quibus

233 3082 423 3150 λόγος,
454 3081 552 3151 τὴν
576 3080 684 3134 τῶν
710 3078 897 3133 παθῶν
934 3079 1134 3150 μᾶλλον
1162 3079 1397 3148 σφαγὴν,
1432 3080 1525 3132 καὶ
1565 3078 1665 3149 τὴν
1707 3079 1814 3131 τῶν

1918 3087 2135 3141 Numen
2194 3087 2399 3156 ipsum,
2454 3086 2600 3155 quod
2658 3086 2810 3140 colit.
2873 3087 3029 3143 Unde
3089 3086 3297 3140 hostias
3349 3086 3503 3140 novit

233 3173 484 3243 φυσικῶν
512 3173 795 3243 δυνάμεων
825 3173 1226 3242 προσαγωγὴν⁸
1252 3164 1348 3234 ὧν,
1378 3169 1472 3222 τοῦ
1501 3170 1599 3241 μὲν
1630 3170 1809 3236 λόγου,

231 3268 408 3331 τύπος
432 3267 579 3320 ἐστὶν
604 3268 633 3320 6
668 3266 851 3338 κριός·
883 3264 977 3319 τοῦ
1010 3266 1067 3318 δὲ
1096 3264 1269 3337 θυμοῦ
1302 3267 1457 3336 φέρει
1488 3264 1759 3334 σύμϐολον
1787 3266 1814 3317 ὁ

230 3359 467 3430 ταῦρος·
516 3360 615 3430 τῆς
644 3358 703 3412 δὲ
733 3357 1054 3428 ἐπιθυμίας,
1150 3358 1261 3425 ιαῖξ
1291 3358 1525 3429 ὑπάρχει
1558 3358 1810 3428 δήλωσις.

308 3533 412 3589 να’.
452 3533 656 3596 Θυσίας
704 3533 1082 3603 πνευματικὰς
1124 3526 1264 3585 εἶναι
1316 3530 1696 3601 γινώσκομεν,
1750 3532 1811 3584 οὐ

238 3627 408 3697 μόνον
458 3626 558 3697 τὴν
608 3625 718 3678 τῶν
758 3624 947 3678 παθῶν
995 3625 1262 3694 νέκρωσιν
1298 3623 1691 3693 σφαττομένων
1744 3624 1811 3693 τῇ

235 3719 488 3791 μαχαίρᾳ
513 3719 608 3772 τοῦ
641 3718 970 3789 πνεύματος,
1016 3719 1155 3787 ὅπερ
1184 3716 1303 3769 ἐστὶ
1341 3717 1492 3786 ῥῆμα
1520 3716 1678 3781 Θεοῦ,
1721 3717 1814 3769 καὶ

233 3815 422 3883 πάσης
473 3813 572 3882 τῆς
607 3813 666 3865 ὲν
712 3811 877 3882 σαρκὶ
922 3809 1087 3881 ζωῆς,
1137 3809 1211 3874 ὡς
1252 3810 1487 3879 αἵματος
1528 3808 1627 3879 τὴν
1671 3809 1817 3862 κατὰ

235 3905 501 3971 πρόθεσιν
528 3904 743 3974 κίνησιν
774 3904 858 3973 (i),
888 3901 1024 3957 ἀλλὰ
1056 3901 1153 3955 καὶ
1179 3901 1288 3955 τῶν
1315 3899 1457 3954 κατὰ
1495 3899 1813 3968 φιλοσοφίαν

239 3996 411 4068 ἠθῶν,
448 3996 543 4049 καὶ
582 3995 774 4049 πασῶν
814 3994 924 4047 τῶν
962 3992 1107 4047 κατὰ
1140 3993 1302 4062 φύσιν
1333 3991 1615 4062 δυνάμεων
1644 4008 1813 4062 προσ-

234 4089 459 4162 αγωγὴν
477 4091 601 4159 ὰφιε
611 4106 702 4160 ρου
710 4086 885 4158 μένων
904 4086 1043 4157 Θεῷ,
1068 4086 1163 4139 καὶ
1184 4085 1262 4156 τῷ
1288 4084 1421 4157 πυρὶ
1445 4086 1545 4154 τῆς
1568 4084 1626 4137 ὲν
1645 4084 1812 4137 Ilva-:6-

238 4201 372 4255 ματι
433 4184 655 4253 χάριτος
704 4180 842 4253 πρὸς
889 4178 989 4249 τὴν
1053 4177 1205 4233 θείαν
1272 4176 1428 4247 λῆξιν
1488 4176 1815 4231 ὁλοκαυτου-
1860 4186 1863 4189 ⁷

237 4273 419 4346 μένων
454 4272 540 4346 (ἰ).

310 4417 358 4450 ⁸⁷
376 4414 592 4486 Ἑριιεε.
626 4430 702 4481 vt,
733 4414 820 4467 l7.

316 4555 334 4575 "
351 4553 571 4626 Dionys.
606 4552 682 4607 De
709 4551 902 4607 caelesti
926 4552 1249 4607 hierarchia.

1922 3177 2227 3246 Scriptura,
2273 3179 2571 3232 affectuum
2611 3178 2799 3246 potius
2834 3177 3236 3247 jugulationem
3278 3187 3476 3230 natura

1919 3264 2167 3334 liumque
2237 3266 2438 3319 virium
2500 3265 2872 3329 oblationem;
2932 3280 3199 3333 quarum,
3273 3263 3506 3318 rationis-

1921 3355 2144 3423 quidem
2187 3355 2383 3425 ﬁgura,
2415 3356 2595 3419 aries;
2630 3354 2723 3409 ira:
2773 3355 3105 3425 symbolum,
3143 3365 3334 3410 taurus
3359 3371 3505 3425 prte-

1920 3447 2058 3512 fert;
2095 3447 2438 3517 cupiditatis,
2464 3463 2628 3516 capra
2651 3447 2959 3517 symbolum
2980 3454 3085 3501 est.

1989 3540 2078 3594 51.
2122 3540 2344 3594 Hostias
2384 3540 2665 3609 spiritales
2708 3556 2829 3594 esse
2874 3540 3152 3603 novimus,
3183 3554 3293 3592 non
3323 3539 3506 3593 solum
3544 3552 3549 3569 ’

1919 3632 2067 3701 quod
2121 3632 2353 3685 affectus
2403 3632 2585 3701 gladio
2642 3632 2895 3701 spiritus,
2942 3632 3088 3700 quod
3137 3639 3222 3685 est
3270 3630 3503 3685 verbum

1920 3724 2016 3778 Dei
2053 3726 2121 3788 ",
2160 3725 2464 3794 jugulando
2493 3724 2913 3788 mortificamus,
2953 3724 3239 3792 vitamque
3281 3736 3503 3776 omnem

1920 3816 2221 3878 carnalem,
2260 3816 2431 3872 instar
2467 3816 2772 3886 sanguinis,
2806 3814 2975 3869 animi
3009 3813 3292 3884 pr0posito
3317 3812 3507 3866 fatidi-

1920 3922 2043 3960 mus
2070 3906 2430 3971 aclibamus;
2465 3905 2561 3960 sed
2590 3906 2740 3975 quod
2781 3905 2949 3961 etiam
2982 3919 3170 3959 mores
3205 3919 3398 3958 omnes
3435 3919 3507 3958 ex

1920 3998 2289 4067 philosophiae
2315 3997 2630 4053 rationibus
2661 3998 2973 4062 institutos,
3012 3997 3275 4067 viresque
3310 4009 3512 4050 omnes

1920 4092 2202 4146 naturales
2240 4093 2353 4146 Deo
2390 4099 2761 4156 consecratas,
2805 4091 3043 4161 igneque
3098 4090 3340 4161 Spiritus
3373 4105 3502 4160 gra-

1922 4181 2031 4245 tiae,
2094 4192 2153 4236 ut
2196 4182 2276 4237 illi
2323 4183 2377 4236 in
2418 4184 2691 4253 integrum
2732 4182 2953 4249 cedant,
2994 4182 3317 4237 holocausto
3363 4179 3503 4236 offe-

1922 4286 2118 4324 l‘lmUS.

314 4711 389 4783 (ἡ)
420 4713 534 4766 Ἦν
554 4708 767 4767 οῒδενδ
800 4712 1011 4783 λόγος,
1027 4710 1184 4783 Quod
1216 4712 1297 4768 sic
1320 4725 1481 4770 vocat
1519 4714 1807 4778 Maximus,

1917 4716 2225 4770 minimum.

236 4786 267 4839 6
291 4782 471 4851 λόγος,
492 4798 620 4855 Anon
647 4784 764 4855 ipsa
790 4798 950 4855 sacra
983 4782 1269 4855 scriptura
1322 4794 1428 4850 est,
1473 4785 1569 4839 sed
1612 4786 1813 4855 Diony-

238 4855 378 4918 sius,
413 4853 507 4922 qui
559 4853 639 4907 sic
669 4851 744 4925 ide
776 4852 984 4925 angelis
1024 4851 1299 4925 loquitur;
1333 4864 1393 4908 ut
1422 4857 1578 4925 quasi
1610 4851 1811 4909 funda-

238 4933 351 4979 tam
402 4939 594 4977 eorum
643 4923 789 4977 circa
841 4923 1011 4975 Deum
1062 4922 1481 4979 collocationem
1525 4942 1589 4980 ac
1624 4926 1811 4979 sedem

237 4994 534 5066 significet,
558 5009 689 5066 qua:
728 4992 909 5066 eritet
935 4990 1219 5066 hominum
1254 4994 1569 5059 beatorum,
1612 4996 1815 5066 quibus

237 5062 389 5120 Deus
417 5064 533 5133 ipse
556 5064 710 5133 locus
736 5062 957 5134 futurus
986 5062 1094 5125 sit;
1124 5078 1322 5134 exquo
1344 5067 1532 5127 etiam,
1552 5062 1816 5134 perennis

237 5136 331 5189 illa
364 5131 612 5203 ejusdem
637 5131 1078 5203 motusquies‘et
1108 5132 1412 5197 stabilitas;
1441 5131 1567 5189 eum
1592 5136 1645 5188 in
1681 5144 1819 5189 tem-

236 5201 538 5290 νοςςζέιιιο
568 5205 802 5290 agimus,
827 5202 945 5290 ipso
972 5201 1258 5287 alterante,
1283 5205 1436 5290 jugii
1464 5205 1535 5286 sit
1562 5206 1812 5259 mutatio.

310 5274 373 5344 (ἱ)
408 5272 528 5341 Τὴν
559 5272 709 5327 κάτά
756 5274 1046 5344 πρόθεσιν
1076 5272 1367 5344 Axii-now.
1398 5275 1575 5329 Etiam
1615 5285 1812 5343 quaxst.

238 5341 331 5398 illa
356 5341 453 5409 '65,
485 5360 611 5399 eum
656 5342 1011 5415 perspicuum
1045 5341 1116 5415 sit
1148 5342 1253 5411 leg.
1290 5343 1542 5415 κένωσιν,
1570 5341 1665 5399 seu
1698 5361 1814 5399 ma-

235 5415 322 5484 gis
345 5416 501 5483 χύσιν
522 5432 534 5445 ·
560 5412 671 5470 nec
702 5414 1002 5484 Maximum
1041 5412 1201 5484 aliter
1222 5413 1542 5484 scripsisse.
1588 5415 1665 5469 De
1688 5416 1816 5472 vitae

233 5481 387 5539 énim
416 5486 648 5539 carnalis
680 5482 955 5554 sacrificio
982 5481 1267 5554 sanguinis
1292 5481 1613 5554 metaphora
1632 5501 1817 5540 sermo

233 5562 343 5618 est,
372 5570 535 5623 quem
559 5555 731 5624 liquet
754 5571 864 5608 non
882 5553 1043 5608 aliter
1059 5567 1221 5624 quam
1246 5552 1511 5624 libatioiie
1530 5564 1586 5607 et
1601 5555 1816 5610 fusione

232 5622 633 5679 offerri..Nihil
653 5642 780 5694 ergo
813 5624 880 5678 ad
914 5640 1051 5684 rem,
1076 5622 1224 5693 quos
1258 5623 1331 5676 ita
1361 5624 1521 5694 Picus
1554 5625 1814 5689 reddidit,

232 5694 380 5749 velut
432 5693 829 5749 commotionem
866 5696 1162 5759 sanguinis,
1196 5703 1305 5751 etc.
1352 5693 1494 5748 Sane
1537 5696 1818 5750 cohaerent

234 5765 505 5835 νέκρωσις
528 5777 585 5819 et
626 5769 882 5829 κένωσις,
934 5764 1171 5819 alterum
1206 5765 1259 5819 in
1289 5764 1628 5830 viventibus,
1678 5766 1817 5819 alte-

237 5850 364 5891 rum
386 5835 543 5907 quasi
571 5836 624 5890 in
653 5835 895 5891 humidis
924 5845 981 5890 et
1014 5835 1345 5898 fluentibus;
1377 5835 1613 5902 κίνησις,
1642 5852 1710 5892 nc
1731 5838 1815 5893 vel

1985 4788 2050 4857 (j)
2078 4789 2231 4853 Πρὸς
2270 4784 2385 4857 τὴν
2418 4785 2583 4857 θείαν·
2613 4785 2799 4857 λῆξιν
2830 4785 3383 4857 όλργαυτουμένωιη.
3426 4784 3498 4841 Ut

1913 4855 2039 4910 Deo
2070 4865 2197 4910 tota:
2236 4855 2434 4908 cedant
2482 4872 2496 4907 :
2552 4855 2669 4909 haec
2705 4855 2851 4909 cnim
2899 4856 3205 4909 holocausli
3240 4856 3402 4918 ratio,
3439 4863 3499 4907 ut

1912 4927 2096 4980 omnia
2126 4927 2238 4979 Deo
2276 4925 2621 4989 adoleantur,
2655 4926 2927 4993 nullaeque
2956 4927 3039 4979 vel
3071 4925 3372 4979 sacerdotis
3409 4925 3499 4978 vel

1913 4996 2267 5050 offerentium
2320 5005 2503 5063 partes
2531 4996 2663 5048 fiant
2714 5012 2729 5058 ;
2765 4996 3071 5065 cujusmodi
3099 4996 3365 5065 Maximus
3392 5010 3498 5065 no-

1914 5076 2092 5120 strum
2135 5065 2228 5120 hic
2270 5065 2534 5119 describit
2572 5064 2925 5121 sacrificium.
2984 5066 3078 5119 Est
3131 5065 3277 5120 enim
3320 5064 3496 5131 λῆξις,

1924 5136 2200 5205 μερίς,ιιιί
2234 5134 2435 5205 Suidas
2465 5134 2711 5204 exponit,
2749 5134 2973 5203 etquod
3002 5134 3125 5204 quis
3146 5134 3380 5187 sortitur
3409 5133 3493 5186 ci—

1920 5204 2028 5275 que
2059 5204 2297 5275 obtingit
2331 5221 2393 5259 ac
2422 5205 2568 5259 illius
2602 5206 2744 5275 juris
2773 5205 3009 5259 exsistit.
3054 5206 3172 5260 Non
3215 5204 3353 5258 bene
3384 5205 3492 5257 ita-

1918 5292 2026 5345 que
2051 5276 2232 5337 Picus,
2269 5276 2339 5327 ad
2365 5276 2596 5329 divinam
2638 5284 2832 5328 sortem
2889 5275 3306 5345 consequendum
3336 5290 3353 5327 :
3381 5290 3493 5345 non

1916 5343 2068 5426 enim
2100 5345 2449 5426 adjunctum,
2484 5360 2611 5426 eum
2662 5360 2884 5426 sensum
2925 5343 3169 5426 patitur;
3206 5344 3311 5425 etsi
3356 5343 3497 5397 alias

1918 5416 2013 5469 illa
2046 5431 2151 5486 vox
2178 5414 2358 5486 ipsum
2383 5416 2669 5486 admittat;
2703 5415 2885 5484 sitque
2910 5430 3039 5470 vere
3076 5415 3221 5470 Deus
3249 5414 3365 5482 ipse
3390 5428 3494 5486 no-

1915 5495 2032 5540 stra
2052 5482 2227 5554 λῆξιςζ
2242 5485 2324 5544 τὸ,
2346 5484 2565 5547 παῦσις,
2602 5484 2654 5538 id
2677 5493 2780 5548 est,
2796 5482 3110 5551 Vliwrcditas,
3138 5482 3491 5554 κληρονομία,

1917 5555 2038 5625 ipso
2068 5555 2239 5610 Suida
2287 5555 2620 5624 interprete;
2648 5554 2992 5624 dicimusque
3048 5563 3268 5625 sanctos
3317 5571 3497 5625 μακα-

1958 5626 2042 5679 ίαν
2068 5625 2244 5706 λῆξιν,
2280 5626 2484 5706 Ιὸεαιριες
2525 5625 2670 5706 series
2713 5625 2943 5706 adeptos
2999 5641 3140 5679 esse.
3168 5624 3303 5706 .Nec
3345 5624 3495 5706 bene

1961 5693 2133 5750 ortus
2160 5695 2297 5749 illud
2336 5694 2491 5748 Suid.
2525 5694 2700 5762 λῆξις,
2733 5693 2956 5760 παῦσις,
2996 5696 3235 5758 cessatio,
3267 5693 3493 5756 sedatio,

1917 5766 2189 5838 exponit:
2219 5764 2417 5838 melius
2452 5765 2675 5835 requies,
2705 5782 2826 5837 qua:
2850 5766 2969 5838 ipsa
3016 5775 3243 5831 aeterna,
3297 5770 3496 5837 uestra

1919 5836 1974 5891 in
2008 5838 2121 5892 Deo
2154 5835 2446 5892 hacreditas
2464 5844 2568 5891 est.
2723 5835 2738 5837 “
2872 5835 2888 5838 ⁷
3292 5870 3295 5873 .
3330 5835 3335 5853 ³
3484 5872 3487 5875 ς
