4108 6424
669 345 822 426 '1371

1868 371 1930 430 Β.
1972 371 2259 431 ΜΑΧΙΜΙ
2297 363 2804 433 CONFESSORIS

3769 371 3877 437 1m

760 472 850 530 52.
875 474 1157 533 Terrenus
1185 478 1485 549 Scriptura:
1517 495 1712 536 sensus
1747 483 1913 538 animi
1948 485 2158 554 potitus
2190 485 2258 538 il-
2289 493 2336 547 Α

2251 493 2336 547 -Α
2430 485 2528 557 νβ’.
2579 485 2637 540 Ὀ
2692 487 2874 558 χοῖκδς
2931 505 3058 551 νους
3105 487 3202 558 τῆς
3255 485 3498 558 Γραφῆς,
3565 487 3757 556 κρατῶν
3795 491 3873 554 τῆς

685 561 840 632 lique
861 562 1162 633 imperans,
1195 567 1483 622 naturales
1506 569 1695 638 abiicit
1721 571 1882 640 623
1922 573 2166 627 rationes
2194 573 2260 638 ⁸⁸,

685 656 1024 710 naturalium
1045 657 1366 714 facultatum
1387 659 1562 715 abusu
1583 676 1676 716 eas
1698 662 1926 719 abolens
1949 679 2013 719 ac
2035 679 2260 720 necans.

685 743 788 800 Hic
808 747 955 802 enim
985 748 1116 802 dum
1144 749 1297 814 vivit,
1339 750 1434 819 qui
1466 752 1581 807 sola
1603 769 1770 808 carne
1801 754 1977 824 legem
2011 756 2260 821 deﬁniat,

685 840 970 895 naturales
992 841 1239 916 rationes
1268 857 1333 897 ac
1359 845 1724 914 cogitationes
1755 863 1948 902 revera
1986 850 2266 904 consumit

685 938 744 984 et
795 932 1144 1001 persequitur
1190 935 1508 1004 perditque,
1555 938 1706 993 velut
1753 939 1968 994 scilicet
2019 939 2261 1004 divinos,

685 1019 1145 1087 probrosissimos
1172 1023 1408 1078 aﬂ‘ectus
1431 1027 1620 1082 colens
1648 1028 1694 1058 ⁸⁹
1721 1046 1734 1081 :
1771 1045 1912 1098 quos
1935 1030 2128 1100 utique
2167 1047 2266 1086 na-

688 1111 895 1165 turales
921 1112 1186 1176 rationes,
1207 1130 1305 1184 per
1331 1115 1469 1186 legis
1495 1118 1723 1187 spiritus
1747 1119 1945 1175 factam
1974 1121 2058 1177 eis
2085 1123 2263 1178 licen-

686 1200 837 1265 tiam,
871 1201 927 1256 in
961 1219 1134 1258 unum
1161 1221 1356 1262 omnes
1385 1208 1713 1265 interimunt
1743 1226 1808 1266 ac
1828 1221 2052 1268 necant.
2137 1249 2142 1256 -

755 1399 844 1454 55.
886 1399 1083 1456 Statim
1109 1418 1174 1458 ac
1197 1405 1398 1476 aliquis
1428 1407 1689 1463 virtutum
1715 1409 2122 1480 phi1050phiam
2159 1427 2265 1467 ra—

687 1492 837 1548 tione
874 1493 1098 1560 obierit,
1131 1496 1544 1567 Scripturarum
1575 1516 1793 1570 quoque
1819 1517 2043 1556 sensum
2071 1502 2127 1556 in
2147 1503 2264 1572 spi—

685 1585 856 1639 ritum
912 1595 1112 1643 natura
1167 1592 1468 1656 transtulit,
1523 1602 1584 1647 ut
1633 1593 1689 1647 in
1743 1595 1987 1649 novitate
2034 1596 2264 1665 spiritus

685 1678 869 1748 reipsa
895 1694 996 1749 per
1013 1680 1270 1737 sublimia
1301 1700 1462 1738 sensa
1498 1685 1612 1740 Deo
1651 1687 1877 1752 serviat,
1922 1703 2035 1742 non
2075 1697 2260 1744 autem

685 1770 742 1823 in
777 1780 1052 1828 vetustate
1095 1774 1295 1830 litterae
1327 1791 1427 1845 per
1454 1776 1805 1832 humiliorem
1832 1795 1900 1833 ex
1932 1794 2127 1834 sensus
2168 1796 2260 1835 ra-

686 1861 837 1915 tione
877 1863 944 1929 “,
984 1871 1047 1918 ut
1103 1865 1328 1935 corpori
1369 1878 1748 1938 comparatum
1781 1883 1868 1924 est
1892 1911 1907 1934 ,
1943 1871 2080 1942 legis
2107 1888 2234 1927 acce

684 1953 949 2020 ptionem,
976 1955 1275 2011 aﬂectuum
1307 1969 1498 2028 pastor
1537 1961 1605 2025 θ’,
1639 1975 1702 2015 ac
1722 1963 1931 2031 peccati
1961 1963 2140 2018 cultor
2164 1963 2263 2020 Juo

683 2042 926 2098 daaorum
949 2061 1103 2100 more
1133 2046 1428 2102 eﬂiciatur.

751 2134 840 2189 54.
867 2135 990 2190 Mox
1011 2153 1075 2192 ac
1094 2137 1294 2208 aliquis
1317 2154 1384 2194 ex
1399 2154 1594 2195 sensus
1621 2141 1836 2197 ratione
1865 2142 1939 2196 ita
1966 2150 2028 2197 ut
2040 2144 2260 2214 corpori

682 2237 1058 2295 comparatum
1118 2239 1240 2296 est,
1294 2229 1632 2301 Scripturam
1689 2233 1938 2304 accipere
1991 2234 2259 2301 desierit,

682 2325 867 2372 mente
905 2334 1125 2388 quoque
1163 2320 1232 2374 ad
1265 2320 1518 2390 spiritum
1546 2331 1746 2377 natura
1769 2323 1951 2378 media
1979 2334 2256 2390 excurret,

681 2425 747 2464 ea
780 2410 1103 2479 spiritaliter
1139 2428 1326 2483 agens,
1348 2429 1470 2483 qua
1495 2414 1718 2472 Iudaeus
1750 2417 2111 2486 corporaliter
2135 2432 2264 2488 per-

679 2502 914 2572 agendo,
952 2503 1096 2558 irato
1129 2505 1243 2560 Deo
1270 2507 1468 2562 utitur.

754 2593 844 2647 55.
880 2594 1033 2649 Mens
1056 2595 1240 2650 omnis
1267 2597 1454 2652 divina
1494 2598 1699 2669 pietate
1725 2599 1943 2654 excelsa
1969 2609 2137 2670 atque
2163 2615 2260 2656 su.

681 2681 890 2746 blimis,
937 2685 1124 2750 simul,
1171 2693 1286 2740 tum
1323 2687 1587 2743 vitiorum
1632 2704 1698 2744 ac
1735 2687 2033 2743 libidinum
2078 2698 2260 2745 actum

679 2773 896 2844 jugulat
935 2791 1001 2830 ac
1038 2777 1332 2843 interimit,
1379 2787 1493 2832 tum
1541 2778 1933 2850 cogitationum
1980 2780 2262 2851 animique

684 2865 956 2920 rationum
984 2866 1304 2924 indecorum
1340 2879 1548 2925 motum
1584 2888 1597 2925 :
1630 2871 1697 2925 ad
1732 2871 1848 2926 haac
1888 2872 2058 2926 etiam
2086 2913 2100 2935 ,
2159 2873 2261 2927 ab-

689 2956 886 3013 usione
911 2968 1229 3017 constantes
1247 2962 1481 3018 lascivos
1495 2979 1754 3018 sensuum
1779 2964 2120 3033 operationis
2140 2979 2261 3019 mo-

683 3045 804 3101 dos.
847 3048 980 3103 Neci
1027 3050 1178 3104 enim
1227 3050 1522 3106 traduntur
1564 3051 1795 3108 allectus
1857 3069 1922 3107 ac
1977 3053 2258 3118 libidines,

2361 577 2558 649 ψυχῆς,
2579 579 2705 643 τοὺς
2735 579 2993 649 φυσικοὺς
3017 578 3377 633 smmum
3406 578 3616 646 λόγους,
3648 581 3708 648 τῇ
3735 595 3877 648 παρα-

2363 671 2556 742 χρήσει
2578 671 2687 728 τῶν
2705 672 2847 727 κατά
2867 671 3031 744 φύσιν
3050 671 3331 743 δυνάμεων
3357 671 3551 733 αὐτοὺς
3569 670 3874 738 ἐξαφανίζων.

2363 755 2532 827 Οὗτος
2576 763 2686 836 γὰρ
2738 764 2869 829 ζῶν,
2916 763 3003 816 ἐπ’
3039 762 3298 834 ἀληθείας
3335 761 3574 815 συντελεῖ
3603 760 3690 813 καὶ
3728 761 3875 815 διώκει

2363 857 2458 909 καὶ
2485 855 2766 919 ἀπόλλυσι,
2822 856 2987 926 σαρκὶ
3047 856 3185 928 μόνῃ
3224 855 3314 908 τδν
3351 854 3510 924 νόμον
3547 852 3874 922 περιγράψων,

2361 947 2488 1008 τοὺς
2509 946 2652 1001 κατὰ
2677 947 2838 1016 φύσιν
2877 949 3022 1018 φημί
3050 947 3242 1014 λόγους
3274 947 3370 999 καὶ
3403 945 3704 1014 λογισμοὺς,
3737 946 3875 1013 τιμῶν

2361 1035 2438 1100 ὡς
2469 1035 2587 1090 θεῖα
2609 1038 2678 1091 τὰ
2702 1037 2848 1109 πάθη
2877 1038 2980 1109 τῆς
3023 1039 3268 1108 ἀτιμίας,
3312 1036 3458 1106 ἅπερ
3493 1037 3543 1088 οἱ
3590 1035 3718 1088 κατὰ
3748 1036 3875 1103 φύσιν

2361 1125 2630 1196 λογισμοὶ,
2693 1127 3065 1197 λαμϐάνοντες
3112 1128 3296 1182 ἄδειαν
3345 1127 3451 1181 ὑπὸ
3504 1125 3596 1178 τοῦ
3635 1127 3777 1194 νόμου
3801 1125 3874 1179 τοῦ

2363 1216 2696 1287 πνεύματος,
2761 1219 3176 1273 ἀποκτείνουσιν
3236 1217 3523 1271 ἐπιτοαυτὸ
3595 1216 3684 1269 καὶ
3748 1215 3873 1269 θαναο

2361 1307 2568 1362 τοῦσιν.

2431 1399 2533 1468 νγ’.
2563 1399 2720 1470 ’Ἅμα
2755 1416 2841 1465 τις
2875 1401 2976 1473 τὴν
3009 1397 3368 1471 τῶνὰρετῶν
3406 1395 3637 1464 λογικῶς
3675 1395 3872 1465 μετέλθοι

2362 1490 2700 1559 φιλοσοφίαν,
2767 1491 2886 1562 ἅμα
2935 1491 3031 1544 καὶ⁸
3073 1490 3172 1560 τὴν
3224 1488 3348 1542 τῶν
3399 1484 3631 1556 Γραφῶν
3673 1487 3789 1556 πρὸς
3829 1487 3874 1538 ιδ

2362 1578 2578 1650 πνεῦμα
2605 1579 2852 1648 φυσικῶς
2891 1583 3226 1652 μετήνεγκεν
3261 1578 3515 1648 ἐκδοχὴν,
3545 1577 3605 1629 ὲν
3646 1577 3872 1647 καινότητι

2361 1671 2672 1742 πνεύματος
2700 1673 3021 1743 πρακτικῶς
3059 1672 3149 1726 διὰ
3170 1671 3278 1726 τῶν
3307 1669 3532 1741 ὑψηλῶν
3559 1669 3872 1738 θεωρημάτων

2361 1761 2439 1832 τῷ
2468 1761 2587 1832 Θεῷ
2615 1762 2916 1833 λατρεύων,
2960 1764 3057 1816 καὶ
3100 1763 3159 1816 οὐ
3205 1761 3531 1826 παλαιότητι
3583 1758 3871 1829 γράμματος,

2361 1854 2449 1908 διὰ
2477 1854 2576 1924 τῆς
2598 1856 2719 1907 κατ’
2747 1853 3003 1926 αἴσθησιν
3033 1854 3169 1924 πρὸς
3213 1853 3374 1922 σῶμα
3412 1850 3778 1919 ταπεινοτέρας
3801 1849 3870 1902 τοῦ

2361 1945 2527 2016 νόμου
2561 1945 2898 2017 παραδοχῆς,
2945 1944 3180 2017 τροφεὺς
3221 1943 3414 1996 παθῶν
3459 1941 3600 1996 κατὰ
3625 1942 3736 2002 τοὺς
3770 1940 3869 1992 Ἰου-

2359 2038 2544 2101 δαίους
2573 2038 2881 2109 γινόμενος,
2912 2037 3007 2090 καὶ
3046 2036 3324 2108 ἁμαρτίας
3351 2034 3706 2106 θεραπευτής.

2427 2128 2521 2182 νδ’.
2558 2129 2715 2200 ’Ἅμα
2735 2146 2818 2192 τις
2849 2128 3122 2183 παύσεται
3159 2127 3286 2181 κατ’
3316 2127 3574 2198 αἴσθησιν
3607 2127 3726 2196 πρὸς
3754 2125 3874 2195 σῶμα

2359 2219 2456 2290 τὴν
2485 2221 2709 2292 Γραφὴν
2731 2220 3110 2290 ἐκδεχόμενος,
3148 2220 3265 2289 ἄμα
3290 2220 3387 2273 καὶ
3423 2219 3559 2288 πρὸς
3601 2218 3657 2270 rb
3701 2216 3870 2286 πνεῦμα

2360 2312 2502 2366 κατὰ
2522 2311 2648 2364 νοῦν
2677 2310 2764 2365 διὰ
2803 2311 2977 2382 μέσης
3004 2311 3293 2383 ἀνατρέχει
3322 2313 3424 2381 τῆς
3469 2309 3696 2380 φύσεως,
3731 2310 3874 2360 ἐκεῖνα

2360 2405 2616 2475 πράττων
2647 2404 3055 2475 πνευματικῶς,
3085 2403 3230 2475 ἅπερ
3262 2401 3593 2472 σωματικῶς
3612 2402 3640 2455 ό
3674 2399 3872 2463 Ἰουδαία,

2361 2498 2646 2563 ἐπιτελῶν,
2675 2497 2790 2568 ἔχει
2820 2497 2913 2552 τὸν
2935 2498 3068 2551 Θεὸν
3093 2495 3480 2568 ὀργιζόμενον.

2431 2598 2528 2647 νε’.
2565 2592 2683 2653 Πᾶς
2711 2591 2840 2657 νοῦς
2882 2591 3030 2646 κατὰ
3071 2590 3206 2644 Θεδν
3251 2589 3458 2660 ὑψηλὸς
3496 2587 3589 2643 καὶ
3632 2585 3868 2658 μετέωρος,

2361 2683 2507 2737 κατὰ
2542 2681 2605 2736 rb
2634 2683 2787 2747 αὐτὸ,
2803 2684 2906 2754 τήν
2935 2699 2996 2737 τε
3027 2681 3138 2738 τῶν
3160 2681 3351 2736 παθῶν
3379 2679 3736 2748 κατασφάττει
3757 2676 3871 2744 ἐνέρ-

2361 2795 2535 2847 γειαν,
2575 2778 2672 2831 καὶ
2725 2777 2826 2848 τὴν
2865 2775 2976 2830 τῶν
3019 2775 3295 2847 λογισμῶν
3347 2774 3631 2844 ἀσχήμονα
3674 2772 3868 2843 κίνησιν·

2363 2869 2501 2940 πρὸς
2523 2869 2600 2933 δὲ,
2635 2869 2731 2922 καὶ
2766 2869 2894 2932 τοὺς
2919 2866 3063 2922 κατὰ
3091 2868 3448 2938 παράχρησιν
3479 2865 3578 2935 τῆς
3602 2864 3700 2917 τῶν
3719 2863 3871 2929 uicti-

2365 2979 2504 3017 σεων
2531 2962 2814 3035 ἐνεργείας
2859 2960 3200 3025 ἀκολάστους
3245 2960 3508 3031 τρόπους.
3564 2953 3870 3028 Ἀναιροῦντοι

2363 3052 2473 3124 γὰρ
2489 3053 2559 3106 τὰ
2581 3053 2728 3124 πάθη
2746 3051 2852 3105 ὑπὸ
2875 3051 2986 3105 τῶν
3009 3051 3232 3123 ὑψηλῶν
3256 3052 3356 3122 τῆς
3384 3050 3602 3119 φύσεως
3631 3047 3869 3118 λογισμῶν,

685 3139 1017 3196 sublimibus
1073 3150 1285 3197 natura:
1342 3142 1655 3198 rationibus
1710 3159 1776 3198 ac
1829 3144 2307 3222 cogitationibu5(

2015 3145 2260 3200 tionibus
2288 3163 2331 3223 ρ
2363 3145 2506 3198 κατὰ
2537 3143 2637 3214 τὴν
2663 3142 2874 3214 ὑψηλὴν
2908 3142 3142 3215 θεωρίαν
3171 3142 3637 3216 θριαμϐευόμενα.

683 3231 1026 3296 auctoribus,
1061 3232 1192 3286 dum
1227 3233 1454 3288 sublimi
1485 3234 1601 3289 haec
1643 3235 2024 3305 speculatione
2067 3236 2262 3291 trium-

683 3323 796 3393 pho
815 3333 1006 3395 agunt.

755 3415 844 3470 56.
897 3415 1115 3470 Peccati
1157 3416 1329 3471 robur
1376 3416 1584 3488 (carnis
1621 3419 1835 3475 scilicet
1881 3420 2258 3491 prudentiam)

683 3505 862 3560 sancti
892 3506 1240 3575 baptismatis
1280 3508 1467 3576 gratia:
1501 3519 1875 3577 comparatum
1915 3517 2000 3564 est
2057 3518 2118 3564 ut
2163 3509 2263 3564 ab-

682 3597 855 3663 oleat;
875 3596 1188 3667 divinisque
1204 3598 1385 3666 reipsa
1409 3598 1702 3668 implendis
1719 3599 1992 3655 mandatis
2006 3601 2262 3671 praestita:

680 3687 1030 3751 obedientiae,
1069 3697 1132 3742 ut
1165 3688 1347 3758 gladio
1375 3689 1606 3757 spiritus
1631 3691 1674 3721 “
1709 3690 1932 3760 (divina:
1957 3692 2170 3747 scilicet
2201 3692 2260 3748 in

680 3776 878 3844 spiritu
919 3775 1169 3830 scientiae
1207 3774 1400 3845 verbo)
1437 3776 1731 3832 interﬁciat
1755 3818 1771 3844 ,
1806 3779 2093 3834 clamando
2131 3796 2253 3852 my-

684 3861 824 3915 stice
851 3859 1120 3915 adversus
1143 3859 1354 3930 peccati
1375 3860 1576 3927 labem,
1599 3861 1744 3916 haud
1756 3877 1916 3917 secus
1945 3879 2008 3918 ac
2033 3879 2262 3934 magnus

681 3951 902 4006 Samuel
927 3952 995 4006 ad
1028 3955 1175 4022 Agag
1206 3970 1220 4006 :
1255 3949 1400 4006 Sicut
1426 3950 1599 4006 liberis
1625 3953 1828 4007 orbavit
1855 3953 2102 4008 mulieres
2135 3954 2261 4026 gla-

681 4043 798 4097 dius
835 4051 972 4109 tuus,
991 4043 1140 4098 hodie
1170 4041 1346 4097 liberis
1371 4042 1643 4096 orbabitur
1663 4059 1727 4098 ea:
1756 4044 2064 4100 mulieribus
2089 4055 2262 4102 mater

684 4143 775 4188 tua
799 4134 868 4188 ".

751 4225 838 4279 57.
877 4225 1074 4281 Multas
1109 4226 1380 4282 virtutum
1417 4227 1559 4298 gula;
1602 4226 1822 4293 vitium,
1874 4228 2060 4284 adulta
2097 4230 2259 4285 volu-

681 4313 848 4382 ptatis
903 4314 1261 4385 cogitatione,
1305 4316 1461 4370 velut
1521 4314 1724 4386 gladio,
1776 4316 1970 4372 liberis
2022 4319 2256 4374 orbavit.

2431 3409 2539 3468 νς⁹.
2572 3401 2646 3455 Τὸ
2674 3401 2878 3472 κράτος
2911 3402 3011 3472 τῆς
3056 3398 3350 3472 ἁμαρτίας,
3392 3401 3562 3471 ἤγουν
3590 3413 3645 3453 το
3674 3398 3869 3469 φρόνημα

2360 3493 2460 3563 τῆς
2501 3494 2723 3564 σαρκὸς,
2769 3495 2804 3564 ἡ
2843 3493 3008 3564 χάρις
3053 3493 3338 3562 ἀφανίζειν
3385 3495 3595 3562 πέφυκε
3641 3490 3722 3544 τοῦ
3755 3487 3868 3556 ἁγίου

2363 3586 2767 3656 βαπτίσματος·
2827 3587 2924 3640 καλ⁸
2971 3586 3005 3654 ἡ
3053 3585 3174 3638 κατ’
3225 3585 3514 3654 ἐνέργειαν
3560 3582 3750 3652 ὑπακοὴ
3791 3578 3866 3632 τῶν

2362 3676 2522 3731 θείων
2557 3676 2810 3743 ἐντολῶν,
2859 3677 3204 3731 ἀποκτείνειν
3245 3680 3314 3749 τῇ
3353 3676 3599 3748 μαχαίρᾳ
3630 3672 3714 3727 τοῦ
3748 3669 3867 3724 πνεύ-

2363 3785 2553 3839 ματος,
2603 3768 2794 3839 Ιἤγουν,
2841 3767 2921 3838 τῷ
2976 3770 3185 3840 ῥήματι
3221 3768 3320 3838 τῆς
3373 3767 3527 3830 θείας
3565 3767 3621 3819 ὲν
3653 3763 3866 3830 πνεύματι

2359 3861 2635 3928 γνώσεως,
2665 3859 2845 3931 βοῶσα
2873 3860 3155 3931 μυστικῶς
3187 3860 3327 3930 πρὸς
3349 3859 3410 3912 rb
3434 3859 3601 3922 πάθος
3628 3857 3717 3925 τῆς
3735 3855 3866 3922 ἁμαρο

2358 3951 2503 4016 τίας,
2531 3951 2607 4015 ὡς
2636 3954 2664 4005 ό
2700 3953 2876 4023 μέγας
2909 3951 3047 4024 πρὸς
3077 3952 3168 4006 τὸν
3210 3952 3413 4019 Ἀγαγ,
3465 3948 3719 4020 Σαμουὴλ,
3751 3943 3864 3997 ‘Ar0‘

2359 4037 2447 4097 ὧν
2473 4045 2782 4112 ήτέκνωσε
2821 4044 3111 4114 γυναῖκας
3147 4043 3185 4112 ἡ
3220 4041 3488 4112 μάχαιρά
3511 4057 3642 4102 σου,
3663 4039 3864 4092 ἀτεκιω-

2361 4135 2608 4203 θήσεται
2644 4135 2915 4204 σήμερον
2943 4135 3014 4188 ἐκ
3050 4133 3355 4204 γυναικῶν
3383 4133 3421 4200 ἠ
3440 4133 3635 4201 μήτηρ
3659 4144 3775 4184 σου.

2430 4228 2528 4292 νζ’.
2581 4227 2792 4291 Πολλὰς
2837 4227 2897 4281 rb
2925 4225 3098 4290 πάθος
3123 4225 3222 4296 τῆς
3255 4222 3688 4296 γαστριμαργίας
3721 4219 3781 4281 ὡς
3817 4218 3858 4268 ὲν

2363 4320 2633 4392 μαχαίρᾳ,
2663 4319 2742 4391 τῷ
2765 4319 2954 4391 τελείῳ
2975 4319 3075 4388 τῆς
3107 4319 3300 4389 ἡδονῆς
3328 4315 3594 4387 λογισμῷ,
3619 4311 3864 4382 ητέκνωτεν

683 4405 1082 4475 Temperantia:
1111 4406 1259 4461 enim
1285 4413 1341 4461 et
1374 4408 1643 4462 castitatis
1673 4423 1770 4477 per
1804 4407 2256 4463 incontinentiam

2239 4425 2256 4462 ι
2360 4413 2582 4484 ἀρετάς.
2605 4413 2718 4484 Τῆς
2744 4412 2842 4482 μὲν
2865 4412 2974 4482 γὰρ
3002 4409 3378 4482 σωφροσύνης,
3417 4409 3507 4463 διὰ
3538 4407 3632 4476 τῆς
3650 4399 3861 4473 ἀκρασίας

571 4549 576 4552 .
678 4495 914 4564 vitaeque
949 4497 1224 4550 luxuriam
1247 4497 1550 4568 exstinguit
1586 4498 1836 4563 semina;
1865 4497 2114 4568 iustitiae,
2157 4514 2193 4568 p

2237 4514 2258 4552 ι·
2288 4501 2333 4556 1)
2360 4503 2674 4558 ἀποκτείνει
2721 4503 2788 4556 τὰ
2819 4502 3139 4570 σπέρματα·
3187 4503 3288 4572 τῆς
3319 4498 3655 4567 δικαιοσύνης
3696 4493 3763 4554 δὲ,
3800 4489 3859 4542 διὰ

682 4587 1052 4643 insatiabilem
1067 4589 1328 4660 modique
1352 4591 1593 4646 nesciam
1619 4591 1858 4647 habendi
1877 4591 2255 4661 cupiditatem,

2241 4631 2255 4656 ,
2356 4594 2458 4664 τῆς
2483 4592 2796 4657 πλεονεξίας
2817 4591 3118 4664 διαφθείρει
3147 4592 3247 4663 τὴν
3284 4591 3580 4661 ἰσονομίαν·
3606 4589 3696 4657 τῆς
3718 4583 3859 4652 φιλαν-

681 4679 993 4748 corrumpit
1030 4679 1428 4748 aequalitatem;
1466 4681 1834 4736 humanitatis
1870 4696 1968 4735 seu
2002 4679 2257 4749 benigni-

2236 4709 2257 4719 -
2359 4686 2605 4756 θρωπίας
2632 4686 2712 4750 δὲ,
2742 4685 2831 4739 διὰ
2852 4684 2956 4755 τῆς
2993 4684 3302 4754 φιλαυτίας.
3335 4685 3436 4755 τὴν
3473 4685 3534 4736 ἐκ
3566 4679 3756 4749 φύσεως
3779 4674 3858 4726 δια·

682 4770 832 4836 tatis,
871 4786 973 4840 per
1009 4785 1213 4824 caecum
1261 4785 1326 4826 ac
1377 4774 1652 4827 carnalem
1698 4786 1967 4834 amorem,
2017 4785 2140 4840 qua:
2191 4785 2258 4824 ex

682 4870 890 4916 natura;
931 4860 1244 4916 rationibus
1279 4869 1387 4927 est,
1418 4863 1868 4933 conjunctionem
1895 4861 2060 4934 624
2095 4861 2261 4918 solvit

681 4961 739 5007 ct
758 4952 1251 5008 necessitudinem.
1283 4954 1486 5023 Atque,
1522 4963 1584 5007 ut
1614 4969 1828 5011 summa
1865 4954 2044 5010 dicam
2065 4994 2080 5018 ,
2107 4955 2262 5011 nulla

683 5051 812 5097 sunt
831 5043 1057 5099 virtutis
1085 5045 1334 5114 germina
1355 5059 1478 5114 quae
1511 5044 1651 5116 gulae
1683 5044 1835 5100 labes
1869 5060 1980 5100 non
2013 5045 2260 5115 proclive

685 5135 986 5190 interimat.

751 5226 842 5282 58.
869 5226 1024 5282 Gula;
1046 5226 1266 5294 vitium,
1291 5226 1478 5282 divina
1502 5227 1687 5282 omnia
1718 5228 1988 5283 virtutum
2011 5230 2260 5300 germina

683 5317 931 5386 proclive
966 5317 1280 5374 interimit:
1313 5319 1463 5389 quod
1498 5319 1679 5388 ipsum
1719 5318 1846 5374 ﬁdei
1890 5320 2086 5390 gratia,
2119 5319 2262 5377 divi-

683 5405 882 5476 nisque
924 5422 1137 5463 morem
1181 5409 1425 5479 gerendo
1466 5409 1763 5478 mandatis,
1797 5410 2041 5468 scientia:
2079 5427 2260 5467 sermo

683 5511 958 5569 propense
978 5498 1102 5555 neci
1135 5499 1324 5557 tradit.

689 5725 1014 5851 “ﬂslzlteg.
1041 5745 1150 5796 xxx,
1175 5730 1230 5786 6.
1305 5730 1349 5763 ⁸³
1383 5732 1543 5787 Rom.
1580 5747 1616 5797 ι,
1643 5730 1732 5788 26.
1809 5735 1852 5768 θ’
1881 5735 2037 5793 Rom.
2075 5751 2166 5801 VII.
2201 5735 2254 5790 6-

763 5832 898 5861 ουν·

2355 4780 2545 4851 τέμνει
2575 4779 2883 4850 συνέχειαν.
2919 4777 3030 4832 Καὶ
3047 4779 3324 4849 συντόμως
3346 4779 3541 4841 εἰπεῖν,
3576 4773 3765 4827 πάντων
3783 4765 3862 4817 τῶν

2358 4870 2483 4924 κατ’
2545 4870 2746 4942 ἀρετὴν
2807 4869 3166 4939 γεννημάτων
3245 4867 3586 4938 ἁναιρετικόν
3642 4865 3743 4916 ἐστι
3790 4857 3859 4925 τῆς

2359 4961 2803 5032 γαστριμαργίας
2831 4961 2894 5015 rb
2923 4961 3116 5024 πάθος.

2427 5221 2529 5292 ντί·
2556 5220 2630 5272 Τδ
2667 5220 2766 5290 τῆς
2801 5221 3246 5291 γαστριμαργίας
3275 5218 3471 5281 πάθος,
3507 5215 3674 5269 πάντα
3690 5209 3748 5262 τὰ
3770 5205 3853 5258 Θεία

2354 5310 2465 5365 τῶν
2484 5291 2710 5380 νὰρετῶν
2739 5311 3083 5364 ἀποκτείνειν
3115 5310 3437 5380 γεννήματα
3482 5309 3727 5374 πέφυκεν·
3756 5291 3853 5349 αὐτὸ

2356 5402 2415 5456 δὲ
2454 5404 2520 5474 τῇ
2569 5418 2631 5454 τε
2665 5401 2851 5472 χάριτι
2893 5402 2995 5472 τῆς
3039 5402 3299 5464 πίστεως,
3330 5400 3425 5452 καὶ⁵
3452 5400 3515 5468 τῇ
3553 5392 3740 5460 ὑπακοῇ
3773 5384 3852 5438 τῶν

2358 5494 2521 5548 θείων
2567 5493 2820 5558 ἐντολῶν,
2861 5494 2952 5547 διὰ
2996 5493 3090 5547 τοῦ
3133 5493 3272 5546 κατὰ
3300 5491 3398 5562 τὴν
3431 5488 3622 5559 γνῶσιν
3648 5475 3846 5538 ἀποκτεί-

2357 5604 2511 5642 νεται
2547 5585 2730 5654 λόγου.

2362 5735 2402 5766 "
2438 5731 2574 5789 Gen.
2623 5746 2760 5790 XLVI.
2791 5729 2878 5786 32.
2977 5731 3022 5763 “
3075 5728 3275 5800 Ephes.
3324 5744 3400 5797 vi,
3450 5729 3533 5783 l7.
3619 5721 3658 5756 “
3691 5718 3711 5774 ι
3747 5715 3848 5781 θεία
