4012 6434
124 393 274 459 1373

841 399 1177 459 CAPITUM
1215 398 1641 472 QUINQUIES
1679 400 2197 462 CENTENORUM
2236 404 2624 463 CENTURIA
2664 404 2728 465 V.

3254 392 3396 463 1374

196 509 298 565 νθ’.
330 509 450 573 Φῶς
480 511 622 563 ἐστιν
658 512 733 574 ώς
767 511 986 582 ἀληθῶς
1011 512 1182 566 ὲθνῶν
1220 516 1249 567 6
1290 515 1495 586 Κύριος
1522 517 1701 588 ἡμῶν,

1877 518 1966 572 59.
2003 517 2268 572 Dominus
2312 526 2502 572 noster
2535 518 2723 571 lumen
2759 524 2844 570 est
2880 514 3129 586 gentium
3155 514 3223 579 “,
3255 530 3389 571 vere

122 598 532 652 ἀποκαλύπτων
569 601 756 663 αὐτοῖς
792 601 884 654 διὰ
919 602 1020 671 τῆς
1054 602 1291 672 ἀληθοῦς
1328 605 1701 673 ἐπιγνώσεως,

121 693 259 755 τοὺς
284 691 364 761 τῷ
398 691 546 762 ζόφῳ
571 694 669 761 τῆς
697 693 923 761 ἀγνοίας
952 694 1365 764 ὲπιμεμυκότας
1391 697 1705 767 ὀφθαλμοὺς

122 783 233 851 τῆς
281 782 541 847 διανοίας,
588 785 683 837 καὶ
734 784 887 847 θείας
927 786 1154 854 ἀγωγῆς
1205 786 1367 839 πάλιν
1408 789 1706 858 ἑτοιμάσας

128 876 329 929 ἑαυτὸν
355 878 468 939 τοῖς
505 879 712 940 πιστοῖς
741 876 914 940 λαοῖς,
943 878 1147 946 ἀγαθὸν
1183 878 1387 950 ἀρετῆς
1427 879 1704 949 ὲξεμπλά-

133 980 281 1032 ριον,
310 964 609 1035 προσώπου
640 965 734 1018 τοῦ
771 967 892 1021 κατ’
936 968 1158 1038 ἀρετὴν,
1202 969 1567 1040 ὑπογραμμδς
1605 973 1706 1024 αὐ-

128 1056 250 1119 τοῖς
281 1056 573 1127 γενόμενος
603 1057 698 1111 καὶ
725 1058 1098 1123 ὑποτύπωσις,
1138 1059 1274 1129 πρὸς
1295 1061 1353 1113 ὃν
1393 1062 1707 1133 ἀφορῶντες

129 1148 209 1211 ώς
242 1149 486 1219 ἀρχηγὸν
512 1150 612 1220 τῆς
646 1151 921 1221 σωτηρίας
962 1152 1140 1222 ἡμῶν,
1183 1152 1283 1215 τὰς
1321 1155 1526 1222 ἀρετὰς
1564 1154 1709 1209 κατὰ

134 1240 391 1309 μίμησιν,
428 1240 505 1304 ὡς
543 1244 672 1313 ἡμῖν
718 1244 835 1297 ἐστι
884 1244 1141 1308 δυνατὸν,
1194 1246 1572 1317 κατορθοῦμεν
1620 1248 1707 1302 διὰ

128 1329 234 1398 τῆς
267 1330 537 1398 πράξεως.

204 1417 272 1482 ξ’.
301 1419 417 1483 Πᾶς
448 1423 476 1473 6
503 1421 591 1475 διὰ
621 1422 816 1489 φθόνον
846 1424 1022 1493 μισῶν
1046 1427 1141 1478 καὶ
1169 1426 1356 1490 κακῶς
1401 1427 1708 1499 διαθρυλῶν

128 1512 258 1573 ταῖς
312 1512 585 1577 διαϐολαῖς
621 1514 713 1568 τὸν
745 1516 802 1567 ἐν
832 1518 946 1579 τοῖς
970 1517 1144 1585 ἀγῶσι
1183 1518 1292 1571 τῶν
1334 1521 1567 1590 ἀρετῶν,
1614 1524 1707 1575 καὶ

126 1604 200 1673 τῇ
237 1605 527 1678 περιουσία
572 1605 668 1659 τοῦ
710 1607 868 1676 λόγου
910 1611 1009 1679 τῆς
1043 1614 1417 1683 πνευματικῆς
1451 1614 1708 1682 γνώσεως

128 1694 521 1769 δυνατώτερον,
581 1700 753 1753 Σαούλ
797 1702 916 1754 ἑστι
956 1703 1180 1774 πονηρῷ
1236 1707 1708 1776 καταπνιγόμενος

132 1792 430 1862 πνεύματι,
466 1794 541 1865 μὴ
576 1795 757 1866 φέρων
800 1797 863 1850 τὸ
896 1798 1053 1861 κλέος
1085 1799 1183 1868 τῆς
1223 1800 1344 1853 κατ’
1375 1800 1576 1871 ἀρετὴν
1612 1804 1707 1855 καὶ

1810 606 2030 661 clausos
2054 606 2379 677 ignorantia:
2403 606 2637 677 caligine
2680 604 2881 659 mentis
2916 604 3127 666 oculos,
3160 618 3305 658 vene
3331 604 3385 657 in

1810 694 1891 749 eis
1920 695 2215 766 agnitionis
2241 696 2363 750 luce
2397 702 2650 763 retegens
2680 709 2746 747 ac
2778 692 3052 762 aperiens,
3083 707 3393 761 rursusque

1812 786 2013 842 divinae
2038 786 2404 842 institutionis
2430 802 2493 840 ac
2518 786 2843 854 disciplinae,
2880 784 2997 854 ipse
3035 799 3093 838 se
3136 782 3391 837 fidelibus

1813 878 2033 949 populis
2062 879 2299 947 probum
2327 878 2541 948 paravit
2571 877 2792 931 virtutis
2823 874 3173 930 temulatione
3201 890 3389 929 exem-

1813 972 1997 1041 plum;
2038 970 2260 1024 virtutis
2304 977 2496 1023 ornata
2535 968 2703 1023 facies
2748 982 2811 1020 ac
2854 982 3042 1020 norma
3088 965 3194 1019 illis
3249 965 3389 1020 ellu-

1813 1076 1968 1131 ctus;
2020 1064 2074 1117 in
2122 1079 2285 1134 quem
2314 1061 2833 1133 aspicientes,velut
2876 1069 3159 1114 auctorem
3192 1074 3255 1112 ac
3286 1058 3393 1111 du-

1812 1173 1933 1212 cem
1989 1156 2182 1211 salutis
2234 1164 2439 1210 nostrae
2487 1154 2554 1214 ⁸⁵,
2604 1153 2841 1206 virtutes
2900 1151 3067 1215 illius,
3101 1150 3390 1214 imitando,

1818 1248 2000 1319 quoad
2054 1248 2216 1304 nobis
2266 1262 2591 1302 concessum
2626 1254 2730 1308 est,
2770 1243 3005 1298 actionis
3048 1243 3199 1296 cultu
3249 1259 3390 1312 pra:-

1813 1352 2045 1397 stamus.

1883 1435 1969 1491 60.
2005 1434 2269 1504 Quisquis
2295 1449 2406 1503 prae
2456 1431 2660 1486 invidia
2704 1430 2820 1485 odit
2866 1445 2929 1484 ac
2975 1429 3117 1483 male
3170 1428 3393 1499 sugillat

1814 1523 2165 1592 detrahitque
2192 1522 2265 1585 ei,
2293 1521 2387 1590 qui
2409 1519 2631 1574 virtutis
2655 1517 3055 1572 certaminibus
3099 1516 3389 1570 abundan-

1816 1615 1999 1683 tiaque
2044 1614 2317 1667 sermonis
2359 1610 2627 1681 spiritalis
2676 1608 2924 1664 scientiae
2971 1607 3253 1677 potentior
3283 1617 3390 1667 eSt,

1816 1708 1945 1763 Saul
1975 1719 2059 1763 est
2088 1706 2425 1777 nequissimo
2458 1718 2754 1773 oppressus
2776 1703 2999 1771 spiritu,
3026 1703 3147 1771 ejus
3178 1702 3271 1770 qui
3301 1700 3393 1754 illo

1815 1799 2163 1869 praestantior
2183 1808 2286 1861 est,
2307 1796 2528 1851 virtutis
2544 1794 2714 1849 decus
2734 1802 2789 1848 et
2810 1794 3055 1848 scientiae
3076 1793 3393 1847 felicitatem

132 1882 338 1950 γνῶσιν
369 1884 713 1954 εὐδαιμονίας
741 1885 839 1938 τοῦ
876 1887 1223 1957 κρείττονοςο
1274 1891 1370 1943 καὶ
1423 1892 1511 1944 διὰ
1557 1893 1712 1945 τοῦτο

1822 1892 1959 1945 l'erre
1980 1908 2090 1946 non
2123 1891 2344 1957 valens;
2375 1890 2614 1957 hincque
2644 1888 2907 1955 majorem
2941 1886 2996 1939 in
3039 1885 3262 1939 modum
3294 1884 3395 1939 de-

140 1975 305 2028 πλέον
337 1976 683 2047 μαινόμενος,
742 1979 823 2031 ὅτι
877 1978 951 2048 μὴ
1005 1979 1231 2034 δύναται
1277 1982 1369 2035 τὸν
1421 1984 1714 2055 εὐεργέτην

134 2065 593 2136 διαχειρίσασθαι.
624 2070 893 2134 Πολλάκις
916 2072 971 2125 δὲ
1010 2074 1106 2126 καὶ
1132 2072 1294 2127 αὑτὸν
1326 2074 1713 2144 ἀποπέμπεται

138 2156 356 2225 πικρῶς
404 2157 496 2211 τὸν
542 2157 797 2227 φίλτατον
840 2162 1116 2222 Ἰωνάθαν,
1155 2162 1248 2216 τὸν
1291 2164 1531 2233 ἔμφυτον
1573 2166 1716 2234 λέγω

133 2246 281 2299 κατὰ
307 2247 611 2319 συνείδησιν
626 2249 903 2321 λογισμὸν,
924 2252 985 2305 τὸ
1010 2252 1195 2306 ἄδικον
1224 2255 1381 2323 μῖσος
1400 2253 1712 2324 ἐλέγχοντα,

134 2339 239 2391 καὶ
292 2338 388 2392 τοῦ
454 2344 788 2411 μισουμένου
845 2343 1153 2414 φιλαλήθως
1213 2345 1597 2417 ἀφηγούμενον
1646 2347 1717 2401 τὰ

138 2431 566 2502 κατορθώματα.

212 2523 315 2590 ξαν.
348 2525 831 2596 Παρακαλέσωμεν
869 2529 963 2581 καὶ
991 2528 1150 2598 ἡμεῖς
1178 2528 1267 2582 τὸν
1308 2530 1498 2600 νοητδν
1527 2531 1713 2593 Δασιδ,

134 2615 417 2685 ὲπηχῆσαι
446 2620 511 2687 τῇ
540 2617 743 2689 κιθάρᾳ
783 2622 882 2690 τῆς
919 2622 1295 2692 πνευματικῆς
1338 2622 1575 2694 θεωρίας
1621 2626 1717 2679 καὶ

134 2701 419 2771 γνώσεως,
454 2705 958 2777 ὲπιληπτευόμενον
998 2711 1112 2771 τοῖς
1137 2708 1340 2773 ὑλικοῖς
1365 2712 1437 2779 (Ιί)
1466 2712 1555 2763 τὸν
1584 2713 1717 2783 ἠμέ-

134 2812 298 2865 τερον
333 2796 481 2860 νοῦν,
512 2797 609 2849 καὶ
653 2798 924 2853 ἀπελάσαι
970 2799 1031 2853 τὸ
1075 2802 1314 2872 πονηρὸν
1353 2804 1572 2875 πνεῦμα
1620 2808 1718 2878 τῆς

137 2887 275 2958 πρὸς
316 2888 569 2959 αίσθησιν
598 2889 791 2960 ὑλικῆς
838 2894 1216 2962 περιπετείας,
1262 2894 1349 2947 ἵνα
1399 2895 1717 2966 δυνηθῶμεν

138 2978 339 3047 νοῆσαι
395 2978 483 3031 τὸν
532 2978 697 3047 νόμον
743 2984 1151 3051 πνευματικῶς,
1210 2985 1425 3037 καὶτὸν
1469 2989 1527 3039 ἐν
1569 2988 1719 3058 αὐτῷ

136 3071 528 3142 κεκρυμμένον
576 3072 737 3140 λόγον
801 3076 1063 3144 μυστικὸν
1112 3078 1319 3147 εὑρεῖν,
1375 3080 1470 3133 καὶ
1528 3080 1718 3151 κτῆμα

137 3163 473 3232 ποιήσασθαι
500 3165 724 3235 διαρκὲς
760 3166 897 3237 πρὸς
929 3167 1138 3235 ἐφόδιον
1175 3167 1321 3240 ζωῆς
1346 3171 1539 3224 ἀϊδίου.

210 3253 311 3324 ξβ¹.
362 3256 478 3318 Πᾶς
514 3257 542 3308 6
586 3256 863 3328 σωτηρίας
895 3258 1057 3329 ἐρῶν,
1100 3258 1133 3329 ἢ
1174 3259 1370 3329 πράξει
1424 3246 1715 3333 πάντωςίῆ

135 3348 346 3418 θεωρίᾳ
378 3348 723 3419 προσανέχει.
781 3350 1010 3420 Ἀρετῆς
1056 3350 1166 3421 γὰρ
1200 3352 1292 3404 καὶ
1333 3351 1585 3420 γνώσεως
1610 3372 1718 3423 χω-

138 3439 247 3507 ρὶς,
276 3437 528 3507 οὖδαμῶς
554 3438 730 3503 οὐδεὶς
758 3438 977 3493 πώποτε
1000 3445 1183 3511 τυχεῖν
1212 3443 1485 3514 σωτηρίας
1503 3444 1720 3514 δεδύνη-

131 3547 260 3583 ται’
294 3531 451 3599 εἴπερ
481 3531 683 3601 ἀρετῆς
718 3532 837 3598 μὲν,
873 3533 934 3585 τὸ
960 3533 1183 3586 τάσσειν
1211 3534 1313 3605 τὴν
1337 3535 1430 3587 τοῦ
1467 3534 1719 3606 σώματος

132 3622 373 3690 κίνησιν,
400 3617 510 3674 οἷον
540 3623 744 3693 χαλινῷ
773 3642 879 3677 τινι
905 3624 982 3694 τῷ
1016 3625 1161 3697 ὀρθῷ
1189 3626 1438 3695 λογισμῷ
1460 3628 1559 3697 τῆς
1584 3628 1718 3696 πρὸς

128 3715 370 3767 ἀτοπίαν
413 3717 586 3784 φορᾶς
618 3717 999 3788 ἐπιστημόνως
1046 3716 1537 3788 άναχαιτιζούσης·
1584 3719 1719 3772 θεων

134 3804 264 3888 ρίακς
305 3804 383 3867 δὲ,
440 3805 501 3857 τὸ
546 3806 615 3859 τὰ
676 3806 861 3870 καλῶς
906 3807 1173 3878 νοηθέντα
1212 3825 1273 3862 τε
1312 3809 1409 3863 καὶ
1456 3808 1729 3881 κριθέντα

130 3896 431 3967 ἐμφρόνως
457 3897 736 3967 αἱρεῖσθαι
755 3898 1111 3970 ψηφίζεσθαι.

212 4071 319 4138 ἐτ’.
366 4070 586 4143 Ἐπειδὴ
626 4074 811 4145 νοερὸν
853 4075 949 4146 μέν
977 4077 1177 4129 ἔστιτὸ
1212 4078 1391 4141 νοοῦν,
1430 4078 1622 4148 νοητὸν
1658 4079 1717 4132 δὲ

129 4164 197 4216 τὸ
219 4162 536 4231 νοούμενον,
571 4168 747 4235 τροφὴ
776 4165 833 4219 δὲ
864 4168 958 4219 καὶ
982 4162 1095 4219 οἷον
1116 4156 1201 4219 ’σύ
1214 4185 1403 4231 στασις
1421 4169 1515 4221 τοῦ
1540 4171 1720 4223 νοοῦν-

126 4274 230 4319 τος
255 4255 319 4308 τὸ
344 4256 670 4327 νοούμενονο
724 4258 951 4323 εἰκότως
1003 4262 1032 4313 ὁ
1072 4259 1205 4323 Θεὸς
1238 4259 1333 4313 ἆτε
1378 4263 1514 4314 νόων
1545 4263 1717 4317 ὄντων

127 4347 246 4399 τῶν
283 4346 613 4417 ἀσωμάτων,
646 4348 810 4411 αὐτὸς
836 4347 1145 4419 νοούμενος,
1173 4351 1266 4403 καὶ
1316 4352 1505 4421 νοητὸς
1534 4354 1718 4418 αὐτοῖς

129 4437 263 4490 καθ’
313 4438 433 4492 ὅσον
489 4440 839 4507 ἐφικνοῦνται
894 4440 1216 4507 γινόμενος,
1266 4441 1468 4495 ἔσωθεν
1516 4444 1718 4508 αὐτοὺς

128 4530 429 4600 ἑλλάμπει,
460 4534 554 4585 τοῦ
581 4531 672 4585 νοῦ
706 4533 955 4597 νοοῦντός
985 4550 1044 4585 τε
1074 4535 1169 4587 καὶ
1193 4535 1551 4605 τρεφομένου.

206 4710 305 4775 ξδ’.
349 4710 576 4782 Ἐτερόν
622 4714 739 4765 ἐστι
777 4712 987 4783 νοητὸν,
1030 4716 1122 4765 καὶ
1163 4712 1351 4781 ἕτερον
1382 4713 1587 4782 νοερόν.
1641 4714 1716 4768 Τὸ

129 4803 244 4872 γὰρ
268 4803 477 4872 νοητὸν,
509 4804 682 4875 τροφὴ
728 4798 817 4856 οἷά
855 4821 958 4866 τις,
1002 4802 1077 4866 ὼς
1114 4803 1350 4873 εἴρηται,
1392 4804 1487 4856 τοῦ
1530 4806 1718 4876 νοεροῦ

208 4922 255 4953 ⁸⁵
283 4920 414 4975 Luc.
448 4938 507 4985 ιι,
533 4922 624 4975 '59..
700 4920 746 4953 “
777 4920 943 4975 Hebr.
979 4936 1071 4985 xu,
1100 4920 1155 4974 2.
1232 4920 1277 4951 ⁸⁸
1304 4919 1324 4974 Ι
1360 4920 1494 4990 Reg.
1528 4938 1616 4985 xx,
1648 4925 1736 4980 50.

207 5035 285 5105 (lt)
326 5036 914 5105 Ἐπιληπτευόμενον
960 5037 1086 5101 τοῖς
1120 5035 1375 5101 ὐλικοῖς.
1406 5036 1510 5101 Qui
1556 5042 1709 5096 velut

126 5108 408 5169 daemone,
450 5106 532 5160 sic
561 5109 799 5163 terrenis
826 5122 1131 5177 eorumque
1178 5122 1364 5160 amore
1431 5117 1705 5177 teneatur,

125 5176 549 5297 arrestitiorum
573 5192 752 5243 more;
787 5178 917 5232 dum
948 5176 1055 5232 hoc
1079 5177 1294 5231 animus
1318 5177 1434 5244 ipse
1479 5176 1708 5247 patitur,

126 5263 246 5297 mm
319 5246 467 5297 Saul.
493 5262 726 5297 cornere
752 5264 780 5297 a
802 5248 1071 5297 daemone.
1099 5263 1128 5297 a
1157 5262 1267 5297 uno
1306 5247 1497 5297 mitius
1542 5250 1708 5297 halm-

126 5246 287 5315 quod
319 5246 467 5301 Saul.
493 5262 726 5316 corpore
752 5264 781 5301 a
802 5248 1071 5309 daemone,
1099 5263 1128 5300 a
1157 5262 1267 5315 quo
1306 5246 1497 5301 mitius
1541 5250 1711 5305 habe-

126 5317 254 5375 hat,
319 5316 521 5370 Davide
558 5319 807 5386 pulsante
846 5319 1134 5371 citharam.
1193 5316 1309 5369 Non
1345 5316 1485 5386 bene
1519 5319 1705 5385 Picus,

127 5386 307 5439 Rebus
341 5385 722 5459 materialibus.
754 5391 907 5459 quasi
931 5387 1111 5443 marha
1134 5385 1388 5459 comitiali
1419 5387 1705 5459 laboranti,

1816 1983 2021 2037 mentia
2064 1983 2272 2045 furens,
2318 1980 2465 2050 quod
2506 1981 2685 2049 ipsum
2722 1979 2817 2048 qui
2849 1977 3143 2040 demeruit,
3181 1976 3394 2031 interﬁ-

1816 2092 1941 2131 cere
1962 2090 2073 2129 non
2098 2082 2297 2144 potest.
2332 2074 2443 2127 Nec
2473 2088 2595 2126 raro
2613 2070 2999 2125 charissimam
3032 2069 3394 2123 .lonathanem

1816 2170 1952 2224 dure
1988 2168 2204 2237 repellit
2246 2167 2291 2197 ⁸⁸
2332 2165 2663 2233 (naturalem
2705 2163 2916 2217 scilicet
2970 2159 3261 2231 rationem)
3296 2160 3396 2215 ini-

1816 2275 1986 2329 quum
2035 2258 2222 2313 odium
2278 2256 2802 2326 reprehendentem,
2848 2254 3078 2323 ejusque
3126 2254 3220 2322 qui
3266 2252 3395 2307 odio

1817 2348 2108 2411 habeatur,
2168 2347 2335 2402 animi
2406 2345 2649 2400 candore
2713 2345 2976 2415 praeclara
3048 2344 3189 2398 facta
3255 2343 3397 2397 refe-

1817 2448 2053 2493 rentem.

1888 2531 1977 2585 6i.
2007 2530 2117 2584 Nos
2141 2544 2364 2598 quoque
2389 2526 2691 2598 spiritalem
2732 2525 2989 2581 Davidem
3015 2523 3393 2587 Obsecremus,

1817 2630 1879 2675 ut
1905 2620 2170 2690 spiritalis
2193 2618 2679 2689 contemplationis
2713 2633 2776 2672 ac
2813 2616 3059 2671 scientia:
3082 2616 3293 2670 cithara
3324 2616 3393 2681 °",

1820 2722 2169 2769 terrenarum
2200 2711 2402 2765 all‘ectu
2440 2710 2747 2780 phanaticze
2786 2708 2958 2763 menti
2983 2716 3186 2761 nostra:
3217 2722 3279 2761 ac
3310 2722 3398 2760 ard

1819 2804 2056 2874 reptitizn
2083 2805 2321 2865 insonet,
2344 2817 2407 2857 ac
2432 2802 2831 2872 nequissimum
2873 2800 3133 2870 spiritum
3166 2808 3399 2854 terrenae

1819 2913 2014 2952 sensus
2035 2895 2317 2951 varietatis
2351 2894 2553 2965 abigat,
2590 2903 2649 2948 ut
2680 2892 3003 2963 spiritaliter
3029 2891 3190 2945 nobis
3222 2892 3396 2962 legem

1820 2988 2129 3058 intelligere
2161 2987 2343 3050 liceat,
2368 2986 2535 3055 inque
2572 3001 2635 3039 ea
2661 2985 2924 3039 latentem
2960 2983 3250 3054 mysticum
3279 2997 3397 3036 ser-

1819 3096 2039 3135 monem
2085 3079 2377 3143 invenire;
2412 3094 2495 3143 ae,
2537 3075 2683 3145 quod
2716 3076 2851 3129 satis
2876 3075 2968 3140 sit,
3001 3091 3057 3128 tn
3091 3075 3216 3128 vita:
3241 3083 3399 3128 teter-

1821 3189 1905 3228 na:
1924 3171 2185 3226 viaticum
2220 3185 2563 3240 comparare.

1892 3264 1980 3319 62.
2021 3262 2285 3333 Quisquis
2326 3260 2518 3315 salutis
2563 3274 2749 3313 amore
2785 3265 3028 3320 tenetur,
3059 3264 3155 3311 aut
3194 3254 3396 3311 actioni

1819 3371 2050 3427 prorsus
2124 3363 2219 3409 aut
2292 3350 2748 3420 contemplationi
2816 3348 3062 3402 animum
3136 3346 3393 3402 intendit.

1819 3448 2040 3517 Absque
2084 3447 2232 3501 enim
2285 3447 2494 3500 virtute
2542 3454 2599 3500 et
2647 3444 2901 3504 scientia,
2951 3456 3112 3495 nemo
3154 3453 3397 3509 unquam

1819 3540 2052 3595 salutem
2095 3538 2274 3607 potuit
2308 3536 2575 3607 adipisci;
2620 3536 2823 3605 quippe
2867 3549 2993 3588 cum
3037 3532 3263 3585 virtutis
3303 3530 3395 3595 sit,

1819 3638 1881 3683 ut
1908 3630 2160 3698 corporis
2192 3636 2402 3682 motum
2448 3637 2763 3696 componat,
2806 3641 2926 3695 qua:
2958 3624 3214 3678 videlicet
3248 3623 3401 3676 velut

1819 3721 1978 3776 freno
2004 3719 2267 3790 quodam,
2310 3729 2463 3775 recta
2502 3719 2973 3781 consideratione,
3016 3732 3083 3770 ne
3114 3716 3181 3769 ad
3220 3714 3397 3784 turpia

1818 3827 1883 3867 ac
1909 3811 2183 3865 luxuriam
2206 3811 2505 3876 dilabatur,
2540 3812 2716 3881 perite
2742 3812 2915 3880 ipsam
2946 3810 3203 3864 cohibeat
3230 3826 3243 3871 ;
3270 3826 3400 3863 con—

1822 3903 2196 3973 templationis
2219 3919 2373 3969 vero,
2409 3914 2471 3958 ut
2494 3903 2666 3974 probe
2703 3903 2979 3957 intellecta
3010 3917 3073 3956 ac
3098 3901 3399 3971 prudenter

1814 3994 2079 4066 judicata,
2113 3995 2365 4067 eligenda
2396 3996 2687 4050 decernat.

1887 4087 2050 4157 625
2096 4088 2186 4142 65.
2235 4087 2374 4142 Cum
2422 4086 2795 4140 intellectuale
2852 4082 3081 4155 (νοερὸν)
3130 4084 3202 4137 sit
3247 4082 3392 4150 quod

1820 4175 2114 4245 intelligit;
2160 4183 2216 4230 et
2244 4174 2532 4242 intelligile
2563 4172 2798 4245 (νοητὸν)
2844 4172 2989 4241 quod
3028 4171 3393 4239 intelligitur:

1817 4268 1938 4337 ejus
1962 4281 2095 4321 vero
2134 4267 2280 4337 quod
2323 4266 2584 4336 intelligit
2626 4265 2947 4319 alimentum
2981 4279 3045 4317 ac
3086 4263 3238 4317 velut
3269 4262 3400 4315 sub-

1820 4357 2019 4412 stantia
2064 4358 2156 4422 sit,
2200 4358 2347 4428 quod
2393 4358 2757 4428 intelligitur;
2805 4356 3005 4409 merito
3052 4356 3216 4415 Deus,
3272 4370 3396 4407 cum

1824 4449 2062 4519 Spiritus
2094 4459 2310 4505 mentes
2336 4452 2469 4513 sint,
2498 4451 2611 4520 ipse
2645 4450 2981 4513 intellectus,
3014 4464 3076 4502 ac
3108 4446 3285 4517 quoad
3317 4446 3400 4499 eis

1748 4577 1790 4632 Β
1823 4540 2042 4609 assequi
2082 4541 2232 4605 licet,
2271 4542 2338 4596 iis
2370 4540 2550 4596 factus
2577 4539 2962 4610 intelligibilis,
2983 4538 3219 4592 interius
3250 4537 3399 4605 ipsos

1817 4630 2079 4697 illustrat,
2120 4633 2199 4687 sic
2236 4641 2298 4685 ut
2336 4650 2494 4688 mens
2525 4641 2581 4688 et
2607 4631 2876 4702 intelligat
2899 4638 2956 4685 et
2988 4631 3186 4684 alatur.

1891 4723 1978 4777 64.
2010 4723 2176 4779 Aliud
2210 4733 2295 4779 est
2334 4724 2679 4796 intelligibile
2711 4723 2947 4795 (νοητὸν)
2972 4732 3029 4777 et
3060 4721 3208 4776 aliud
3238 4719 3398 4773 intel-

1821 4814 2056 4869 lectuale
2086 4816 2335 4887 (νοερόν.)
2374 4818 2511 4873 Illud
2537 4818 2709 4882 enim,
2740 4816 2822 4871 uti
2858 4816 3067 4871 dictum
3096 4822 3201 4877 est,
3232 4812 3397 4881 hujus

1815 4929 1858 4959 ⁸⁷
1890 4930 1909 4984 1
1941 4930 2076 5002 Reg.
2110 4948 2220 4995 xvx,
2258 4932 2345 4987 16.

1820 5048 1985 5116 repti,
2016 5064 2121 5103 nec
2174 5049 2418 5111 audiant,
2466 5064 2570 5104 nec
2622 5048 2868 5111 videant,
2929 5060 3032 5100 nec
3062 5044 3394 5115 intelligant,

1816 5115 1913 5170 sed
1969 5120 2216 5171 omnium
2255 5135 2516 5173 sensuum
2553 5119 2811 5172 facultate
2859 5116 3110 5170 destituti
3156 5115 3391 5182 jaceaut,

1812 5188 1950 5240 nihil
1979 5188 2297 5243 dill'erentes
2340 5206 2370 5243 a
2418 5189 2779 5243 mortuistt
2805 5201 2908 5239 nec
2934 5185 3218 5253 sequentia
3253 5184 3396 5238 bene

1811 5257 2046 5327 reddita,
2077 5259 2138 5311 τὸ
2166 5260 2401 5326 πονηρὸν
2420 5259 2637 5327 πνεῦμα
2669 5258 2767 5325 τῆς
2806 5254 3391 5327 ὑλικῆςλπεριπετείαμς,

1811 5325 2112 5397 Malignum
2139 5323 2387 5395 spirit-am
2418 5323 2732 5381 temeritatis
2763 5324 3076 5380 materialis.
3096 5323 3395 5397 Τῆς-προς

1813 5391 2068 5466 αῖσοῆσιν
2108 5391 2357 5452 additum
2404 5414 2472 5451 ex
2518 5411 2648 5449 mss.
2686 5391 3396 5466 terrenorumgvieissitudo

128 5471 261 5537 qum
290 5464 369 5537 est
405 5457 577 5537 altera
602 5457 775 5537 hujus
796 5460 960 5537 vocis
987 5457 1258 5537 acceptio,
1304 5458 1549 5537 secundo
1588 5460 1708 5515 loco
1803 5472 1888 5519 est
1912 5457 2214 5537 eorumque
2246 5467 2631 5537 συμπτώματα
2658 5473 2922 5537 etcasus,
2953 5463 3097 5537 unde
3129 5464 3210 5517 sic
3237 5463 3391 5537 varie

129 5526 411 5610 lrlesychio
442 5528 640 5610 posita,
666 5526 759 5610 καὶ
785 5532 814 5583 ὁ
845 5534 909 5600 τῇ
948 5530 1068 5610 ἱερᾴ
1098 5527 1261 5610 ⁵νόσω
1314 5529 1704 5610 συνεχόμενοςο

1802 5551 1999 5613 sensus
2039 5534 2294 5613 allicitur,
2320 5534 2583 5613 'ae__vitia_
2607 5534 2770 5589 nobis
2812 5534 3216 5613 propignuntur
3255 5549 3269 5585 :
3310 5534 3393 5588 sic

129 5596 238 5680 Qui
261 5612 411 5680 sacro
444 5594 644 5662 inorbo,
670 5600 849 5680 idest,
870 5594 1154 5680 comitiali,
1188 5594 1539 5680 laborataSic
1557 5601 1705 5680 enim

1822 5606 1948 5661 anim
1985 5608 2158 5680 nobis
2202 5594 2319 5662 haec
2362 5606 2650 5680 allegoria,
2694 5594 2932 5675 πονηρὸν
2974 5594 3387 5680 7timebam,“non

131 5665 553 5745 laborantinnon
578 5669 803 5745 prodest
829 5669 1042 5745 mystici
1079 5665 1302 5745 pavidis
1341 5666 1587 5745 cithara,_
1621 5670 1704 5725 uti
1803 5677 2165 5732 materialium
2205 5665 2509 5739 temeritas“,
2543 5665 2664 5745 quae
2707 5665 2975 5730 nonvtam
3018 5665 3387 5745 materialium

129 5749 241 5787 nec
301 5734 450 5789 Sauli
498 5734 811 5806 profuisset,
851 5734 904 5795 si
949 5739 1040 5794 hic
1063 5739 1185 5807 ejus
1207 5735 1407 5793 fuisset.
1451 5740 1701 5806 morbus,

132 5819 265 5858 cum
288 5815 515 5862 auctore
548 5807 804 5864 Traliano
830 5819 885 5865 et
913 5808 1257 5880 experientia
1281 5813 1437 5875 teste,
1472 5808 1551 5865 sic
1575 5825 1700 5873 cor-

1809 5745 2049 5815 dicatur,
2078 5763 2244 5819 quam
2288 5746 2747 5819 intelligentiam:

2824 5760 3022 5816 nempe
3064 5744 3386 5817 προπέτεια.
