4108 6438
227 342 370 410 1377
936 350 1268 413 CAPITUM
1304 352 1724 428 QUINQUIES
1761 352 2281 418 CENTENORUM
2315 355 2704 417 CENTURIA
2732 357 2798 418 V.
2894 346 2897 351 ί
3336 357 3479 425 1378

224 454 561 527 νοουμένων.
597 455 825 510 Ἔνωσιν
849 456 907 510 δέ
936 475 1069 529 φησι
1101 459 1195 512 τοῦ
1226 462 1339 526 νοῦ,
1375 463 1559 527 καθὼς
1596 465 1655 516 ἐν
1691 464 1801 526 τοῖς

1905 465 2097 534 lutque
2137 464 2340 520 arentis
2370 465 2580 522 formas.
2613 466 2865 536 Hincque
2900 466 3039 523 adeo
3067 478 3172 536 est,
3205 478 3269 525 ut
3297 473 3483 544 νοερὰ,

224 548 362 621 ἑξῆς
412 547 743 618 σαφέστερον
789 547 959 617 λέγει,
1002 551 1073 603 δι’
1111 547 1179 625 ἧς
1223 554 1361 624 πρὸς
1418 554 1487 608 τὰ
1540 555 1801 609 ἐπέκεινα

1906 552 1960 606 id
1986 561 2090 617 est,
2124 552 2508 623 intelligentia,
2544 554 2809 610 inferiora
2844 555 2957 610 sint
3004 556 3113 610 τῶν
3142 558 3369 630 νοητῶν,
3397 561 3487 617 his

225 640 429 695 ἑαυτοῦ
460 638 817 703 ἀνατείνεται,
846 640 1014 710 ἤγουν
1046 644 1111 713 τῇ
1152 644 1281 714 περὶ
1307 644 1442 697 Θεοῦ
1474 644 1801 717 προσϐάλλει

1904 643 2168 699 nimirum
2208 660 2330 714 quae
2364 645 2766 716 intelliguntur.
2810 647 3009 702 Mentis
3046 664 3180 703 vero
3220 650 3483 706 unionem

223 731 473 805 Θεωρία·
532 730 593 784 τὸ
620 770 635 797 ,
670 732 887 785 πάντων
947 733 1207 805 ἐκστῆναι
1246 735 1355 789 τῶν
1396 736 1666 806 αἰσθητῶν
1711 735 1801 789 καί

1906 734 2062 800 dicit,
2091 735 2238 789 sicut
2277 735 2331 789 in
2375 737 2733 804 sequentibus
2758 737 2962 793 clarius
2985 739 3237 809 exponit,
3283 757 3391 810 qua
3424 758 3485 796 se

220 825 340 879 τῶν
372 823 597 896 νοητῶν,
621 823 704 877 ἔτι
745 824 803 877 δὲ
843 825 936 878 καὶ
968 826 1066 895 τῆς
1107 827 1311 890 οίκείας
1363 829 1631 898 κινήσεως
1651 844 1665 858 ·
1698 822 1801 880 εἷθ’

220 918 407 981 οὕτως
442 916 540 987 τῆς
570 915 719 979 Θείας
744 915 999 983 γνώσεως
1034 916 1290 984 δέξασθαι
1317 918 1414 989 τὴν
1446 919 1661 974 ἀκτῖνα.

1905 826 2153 881 extendit
2209 825 2277 879 ad
2326 841 2412 892 ea,
2460 843 2582 896 qua:
2623 829 2719 883 illa
2760 831 3049 899 superiora
3092 839 3241 896 sunt,
3283 833 3486 888 divinae

1908 914 2123 969 scilicet
2166 913 2493 969 incumbens
2534 918 2995 986 contemplationi.
3030 937 3044 973 :
3097 935 3162 974 ca
3216 921 3480 976 nimirum

220 1009 464 1073 ratione,
509 1023 615 1079 qua
652 1008 909 1063 omnibus
946 1024 1067 1078 quae
1108 1024 1270 1064 sensu
1309 1010 1691 1081 percipiuntur
1734 1024 1799 1063 ac
1834 1020 1957 1076 quae
2022 1014 2204 1058 mente
2235 1004 2640 1075 intelliguntur,
2677 1007 2929 1075 excedit;
2995 1009 3176 1066 adhuc
3205 1020 3392 1067 autem
3423 1023 3485 1068 et

219 1117 332 1160 suo
363 1101 539 1172 ipsius
574 1110 753 1169 motu;
794 1118 859 1156 ac
895 1102 1156 1173 deinceps
1190 1104 1393 1160 divinae
1429 1105 1676 1167 scientiae
1703 1103 1947 1159 lucidum
1973 1100 2139 1170 juhar
2169 1100 2385 1170 recipit.

297 1196 365 1245 o'.
398 1191 462 1244 Εἰ
491 1193 724 1244 κινεῖται
747 1190 1023 1259 ἀναλόγως
1048 1192 1227 1262 ἐαυτῷ
1252 1193 1454 1265 νοερῶς
1476 1192 1569 1246 τὸν
1600 1192 1807 1262 νοερὸν,

224 1282 333 1339 καὶ
369 1283 483 1336 νοεῖ
519 1281 738 1345 πάντως
761 1299 776 1314 θ
832 1282 880 1335 εἰ
909 1281 966 1334 δὲ
1000 1285 1131 1345 νοεῖ,
1180 1285 1273 1337 καὶ
1305 1286 1407 1355 ἐρᾷ
1443 1285 1662 1348 πάντως
1708 1282 1806 1337 τοῦ

223 1372 551 1445 νοηθέντος⁹
597 1374 647 1425 εἰ
675 1372 733 1425 δέ
764 1373 885 1446 ἐρᾷ,
936 1374 1032 1427 καὶ
1071 1373 1271 1444 πάσχει
1299 1376 1518 1438 πάντως
1548 1374 1646 1445 τὴν
1671 1374 1808 1445 πρὸς

222 1466 367 1521 αὐτὸ
390 1466 465 1530 ὡς
497 1464 728 1537 ἐραστδν
764 1467 1053 1520 ἔκστασιν·
1098 1468 1148 1519 εἰ
1180 1467 1237 1520 δὲ
1274 1467 1495 1537 πάσχει,
1529 1467 1689 1537 δῆλον
1719 1467 1802 1519 ὅτι

222 1557 331 1612 καὶ
354 1558 662 1628 ἐπείγεται·
707 1558 757 1611 εἰ
789 1559 847 1613 δὲ
880 1558 1184 1628 ἐπείγεται,
1226 1558 1323 1611 καὶ
1369 1558 1627 1613 ἐπιτείνει
1664 1558 1805 1613 πάν-

223 1665 342 1715 τως
363 1650 425 1703 τὸ
452 1650 681 1722 σφοδρὸν
710 1652 808 1722 τῆς
837 1653 1125 1722 κινήσεως.
1170 1652 1234 1705 Εἰ
1269 1652 1326 1705 δέ
1371 1652 1633 1706 ἐπιτείνει
1674 1667 1805 1720 σιρο-

225 1739 377 1810 δρῶς
407 1739 505 1811 τὴν
531 1740 769 1812 κίνησιν,
822 1742 922 1812 οὐχ
967 1741 1184 1796 ἵσταται
1232 1742 1425 1812 μέχρις
1471 1741 1540 1796 ἂν
1578 1742 1806 1811 γένηται

1982 1188 2069 1242 70.
2097 1186 2252 1255 Quod
2296 1188 2612 1259 intelligens
2649 1204 2752 1258 pro
2792 1190 2877 1245 sui
2920 1194 3131 1249 ratione
3176 1197 3486 1269 intelligen-

1912 1278 2049 1335 tium
2076 1294 2228 1333 more
2260 1288 2529 1343 movetur,
2564 1280 2789 1335 omnino
2817 1283 2983 1337 etiam
3013 1285 3267 1357 intelligit
3297 1299 3354 1345 ct
3388 1306 3483 1344 co-

1909 1372 2062 1442 gitat.
2108 1370 2165 1426 Si
2206 1381 2391 1426 autem
2423 1372 2679 1442 intelligit
2718 1389 2782 1431 ac
2822 1378 3045 1446 cogitat.
3083 1382 3272 1449 procul
3313 1383 3483 1440 dubio

1905 1463 2072 1518 etiam
2096 1463 2433 1517 intellectum
2455 1465 2824 1535 accogitatum
2841 1479 3005 1524 amat.
3032 1470 3085 1525 Si
3111 1484 3291 1527 autem
3315 1485 3479 1539 amat,

1908 1555 2133 1609 omnino
2156 1555 2321 1609 etiam
2346 1555 2402 1609 in
2436 1556 2590 1621 illud,
2631 1566 2693 1611 ut
2738 1574 2852 1614 rem
2894 1571 3149 1627 amatam,
3198 1581 3481 1623 excessum

1905 1645 2130 1716 patitur.
2168 1646 2263 1700 Sin
2306 1657 2486 1702 autem
2528 1648 2755 1717 patitur,
2787 1649 2932 1705 haud
2967 1652 3195 1707 dubiutn
3229 1656 3361 1724 quin
3388 1673 3481 1711 ur-

1905 1747 2097 1809 geatur
2129 1753 2193 1793 ac
2224 1738 2505 1794 tncitetur.
2553 1738 2609 1795 Si
2654 1756 2787 1795 vero
2825 1749 3050 1811 urgetur
3093 1759 3158 1799 ac
3199 1744 3481 1809 incitatur,

226 1827 354 1882 ὅλον
400 1830 459 1884 ἐν
513 1829 619 1900 ὅλῳ
664 1830 743 1900 τῷ
781 1830 1015 1901 ἐραστῷ,
1060 1832 1156 1885 καὶ
1204 1831 1294 1900 ὑφ’
1334 1831 1455 1885 ὅλου
1494 1832 1801 1903 περιληφθῇ

1905 1844 2132 1899 prorsus
2183 1830 2351 1884 etiam
2402 1838 2585 1885 motus
2632 1831 3035 1887 vehementiam
3082 1834 3336 1891 intendit.
3387 1837 3481 1892 Sin

227 1921 519 1989 ἑκουσίως,
543 1922 664 1976 ὅλον
691 1922 831 1975 κατὰ
859 1922 1182 1995 προαίρεσιν
1212 1922 1311 1993 τὴν
1343 1901 1611 1995 σωτήριον
1652 1901 1801 1992 περιέ

1912 1930 2094 1975 autem
2134 1921 2490 1977 vehementer
2537 1922 2772 1979 intendit
2813 1933 3044 1990 motum,
3078 1943 3186 1981 non
3226 1928 3478 1997 quiescit,

228 2013 450 2083 γραφὴν
484 2014 778 2085 δεχόμενον
798 2014 820 2086 [
844 2015 984 2069 male
1004 2016 1143 2070 edita
1175 2015 1496 2088 δεδόμενον]
1518 2033 1530 2047 ο
1576 2016 1645 2069 ἶν’
1684 2015 1806 2068 ὅλον

228 2104 341 2176 ὅλῳ
366 2105 574 2176 ποιωθῇ
602 2106 681 2176 τῷ
706 2108 1101 2177 περιγράφοντι
1120 2148 1135 2167 ,
1176 2106 1251 2171 ὡς
1285 2107 1409 2177 μηδ’
1450 2107 1586 2171 ὅλως
1620 2106 1804 2159 λοιπὸν

231 2197 523 2269 βούλεσθαι
557 2197 617 2264 ἐξ
658 2199 851 2253 ἑαυτοῦ
890 2200 1022 2254 αὐτὸ
1069 2202 1245 2255 ἐκεῖνο
1285 2201 1406 2254 ὅλον
1442 2199 1804 2271 γνωρίζεσθαι

228 2286 497 2342 δύνασθαι
521 2288 583 2343 τὸ
620 2290 1120 2360 περιγραφόμενον·
1157 2290 1273 2343 ἀλλ’
1311 2293 1375 2344 ἐκ
1403 2290 1496 2344 τοῦ
1536 2290 1805 2361 περιγρά-

229 2397 449 2448 φοντος,
475 2381 549 2445 ὡς
576 2381 682 2453 ἀὴρ
709 2382 883 2436 διόλυυ
905 2384 1317 2461 πεφωτισμένος
1347 2384 1485 2453 φωτί
1508 2400 1520 2413 ⁸
1551 2384 1644 2437 καὶ
1672 2383 1805 2453 πυρὶ

1912 2011 2087 2067 donec
2117 2019 2289 2066 totum
2328 2012 2428 2066 toti
2470 2022 2649 2068 amato
2691 2014 3053 2079 immeaverit,
3098 2024 3263 2086 atque
3308 2034 3338 2073 a
3368 2028 3482 2074 toto

1911 2110 2105 2173 sponte
2153 2103 2612 2173 comprehensum
2663 2104 2850 2171 fuerit,
2904 2108 3051 2177 quod
3098 2117 3270 2179 totum
3311 2112 3481 2166 animi

1911 2195 2192 2265 proposito
2224 2212 2288 2250 ac
2319 2197 2597 2252 voluntate
2618 2198 2907 2254 salutarem
2932 2201 3109 2270 capiat
3138 2202 3485 2260 circumscri-

1909 2283 2175 2352 ptionem,
2204 2294 2264 2339 ut
2293 2293 2490 2350 totum,
2522 2301 2588 2339 eo
2617 2287 2761 2356 quod
2786 2288 3205 2355 circumscribit,
3239 2301 3352 2346 toto
3381 2293 3482 2348 im-

1911 2376 2131 2441 buatur,
2179 2387 2238 2431 ut
2286 2394 2387 2432 nec
2425 2394 2647 2447 prorsus
2673 2380 2783 2448 jam
2814 2396 2881 2435 ex
2922 2381 3101 2451 seipso
3135 2382 3269 2436 illud
3301 2384 3480 2453 ipsum

233 2470 457 2543 σίδηρος
483 2473 603 2536 ὅλος
635 2473 742 2545 ὅλῳ
776 2474 1301 2546 πεπυρακτωμένος,
1333 2475 1366 2545 ἢ
1400 2474 1505 2527 εἴτι
1543 2473 1672 2528 ἄλλο
1698 2474 1801 2527 τῶν

1909 2467 2057 2537 quod
2110 2476 2284 2523 totum
2329 2469 2807 2524 circumscribitur
2848 2470 3097 2541 dignosci
3132 2488 3290 2542 posse
3323 2475 3478 2539 velit,

227 2562 494 2618 τοιούτων
516 2564 658 2620 ἐστί.

298 2822 405 2880 oa'.
441 2824 620 2896 Πολλὴ
652 2826 684 2897 ἡ
708 2826 841 2896 πρὸς
866 2826 933 2881 τά
958 2824 1228 2897 νοούμενα
1254 2825 1361 2878 τῶν
1392 2823 1681 2880 νοούντων,
1708 2824 1803 2878 καὶ

233 2916 380 2989 πρὸς
413 2918 482 2972 τά
517 2916 750 2988 αἰσθητά
779 2918 888 2971 τῶν
947 2917 1356 2987 αἰσθανομένων
1394 2916 1598 2985 σχέσις.
1646 2915 1703 2968 '0
1746 2916 1802 2967 δὲ

226 3005 519 3076 ἄνθρωπος
546 3007 609 3059 ἐκ
629 3005 805 3078 ψυχῆς
829 3006 921 3059 καί.
954 3004 1203 3075 σώματος
1229 3003 1514 3073 τυγχάνων
1552 3002 1800 3072 αἰσθητι-

225 3096 354 3161 κοῦ,
383 3097 473 3151 διά
498 3098 599 3167 τῆς
630 3100 747 3152 κατ’
777 3097 1091 3168 ἐπαλλαγὴν
1133 3096 1271 3167 πρὸς
1318 3096 1554 3165 ἑκάτερα
1590 3095 1657 3148 τὰ
1703 3094 1801 3163 τῆς

227 3190 463 3254 κτίσεως
493 3190 759 3261 τμήματα
786 3191 1020 3261 φυσικῆς
1040 3185 1276 3257 σχέσεώς
1303 3203 1363 3238 τε
1393 3186 1488 3239 καὶ
1516 3185 1795 3256 ἰδιότητος,

1912 2559 2008 2613 sed
2052 2574 2117 2612 ex
2154 2574 2222 2613 eo
2269 2559 2413 2627 quod
2451 2559 2871 2625 circumscribit,
2910 2561 3061 2616 velut
3098 2579 3193 2617 aer
3237 2564 3481 2633 undique

1912 2646 2033 2701 luce
2066 2647 2341 2716 perfusus,
2377 2656 2434 2701 et
2459 2648 2666 2701 ferrum
2699 2657 2871 2703 totum
2899 2658 3013 2705 toto
3049 2652 3158 2723 igni
3190 2654 3479 2709 subactum

1909 2738 2323 2807 incensumque,
2349 2746 2443 2792 aut
2469 2738 2514 2793 si
2548 2739 2679 2809 quid
2704 2741 2852 2794 aliud
2878 2750 2963 2797 est
2990 2744 3107 2812 ejus
3136 2744 3372 2813 generis.

1979 2827 2066 2881 7i.
2123 2827 2318 2897 Ingens
2354 2828 2601 2897 quaedam
2649 2840 2734 2885 est
2772 2846 2962 2886 eorum
2998 2849 3119 2902 qua:
3171 2834 3483 2905 intelligunt

1908 2932 2032 2972 cum
2063 2917 2132 2971 its
2155 2933 2275 2987 quae
2316 2917 2716 2988 intelliguntur,
2758 2929 2814 2975 et
2842 2936 3031 2976 eorum
3072 2939 3193 2991 quae
3214 2924 3480 2989 sentiunt,

1907 3022 2031 3065 cum
2058 3008 2127 3061 iis
2150 3023 2272 3076 quae
2298 3023 2460 3062 sensu
2494 3009 2892 3078 percipiuntur,
2927 3014 3275 3068 necessitudo
3297 3024 3353 3069 ct
3387 3015 3484 3069 ha-

1906 3097 2117 3153 bitudo.
2173 3098 2343 3151 llomo
2383 3107 2588 3164 autem,
2639 3114 2764 3153 cum
2813 3115 2878 3154 ex
2929 3102 3111 3155 anima
3150 3112 3208 3157 et
3250 3119 3481 3174 corpore

1907 3188 2178 3243 sentiendi
2216 3188 2270 3242 vi
2307 3188 2552 3258 praedito,
2583 3199 2817 3254 constet,
2862 3206 2930 3245 ex
2969 3193 3206 3247 naturali
3236 3194 3478 3249 vicissim

226 3281 327 3334 καὶ
352 3253 753 3352 περιγράξηται
784 3253 877 3335 καὶ
901 3253 1261 3350 περιγράφει·
1288 3276 1348 3329 τὸ
1389 3276 1507 3346 μὲν,
1531 3278 1597 3346 τῇ
1621 3253 1797 3346 ούσίᾳ’

1907 3271 2031 3334 cum
2086 3280 2349 3333 alterutra
2410 3290 2673 3336 creatum
2738 3282 2989 3352 portione
3053 3281 3377 3339 habitudine
3424 3294 3481 3340 et

227 3368 291 3422 τδ
330 3369 409 3433 δὲ,
439 3371 507 3440 τῇ
537 3369 783 3439 δυνάμει.
822 3367 1271 3439 Περιγράφεσθαι
1303 3368 1411 3436 γάρ
1443 3369 1555 3429 τοῖς
1584 3368 1801 3437 νοητοῖς

225 3462 327 3516 καὶ
358 3463 636 3532 αἰσθητοῖς
682 3462 757 3527 ῶς
812 3461 959 3533 ψυχὴ
995 3460 1280 3531 τυγχάνων
1322 3460 1419 3513 καί
1467 3460 1649 3529 σῶμα,
1706 3457 1802 3511 καὶ

224 3552 596 3624 περιγράφειν
622 3554 795 3608 ταῦτα
822 3553 964 3607 κατά
996 3551 1224 3622 δύναμιν
1255 3551 1522 3622 πέφυκεν,
1557 3550 1633 3614 ῶς
1666 3548 1805 3603 νοῶν

225 3645 326 3699 καὶ
379 3645 854 3716 αἰσθανόμενοςοὸ
899 3644 957 3699 δὲ
1002 3644 1134 3707 Θεὸς
1169 3642 1355 3707 ἁπλῶς
1392 3644 1487 3696 καί
1540 3642 1807 3713 ἀορίστως

230 3722 387 3809 ὑπὲρ
433 3738 613 3792 πάντα
656 3738 725 3792 τά
773 3738 903 3791 ὄντα
938 3736 1077 3799 ἐστὶ,
1119 3734 1187 3788 τά
1234 3734 1560 3806 περιέχοντά
1605 3749 1665 3787 τε
1714 3732 1807 3785 καὶ

226 3831 615 3903 περιεχόμενα,
646 3831 721 3894 ὡς
745 3833 878 3883 πᾶσι
911 3828 1189 3891 παντελῶς
1211 3828 1435 3898 ἄσχετος
1462 3825 1562 3878 ῶν.

1907 3370 2260 3440 preprietate,
2294 3378 2407 3423 tum
2439 3371 2937 3439 circumscribitur;
2978 3382 3091 3428 tum
3127 3376 3478 3432 circumscri-

1908 3459 2017 3524 bit;
2045 3459 2277 3513 alterum
2302 3458 2523 3528 quidem
2554 3460 2900 3528 substantia;
2934 3462 3160 3516 alteram
3186 3479 3336 3527 vero,
3377 3480 3476 3535 po-

1904 3551 2095 3605 tentia.
2139 3550 2209 3606 Ut
2251 3568 2448 3621 nempe
2492 3551 2979 3608 circumscribatur
3011 3554 3117 3608 illis
3148 3571 3269 3624 qme
3296 3564 3478 3611 mente

1903 3641 2281 3711 intelliguntur
2305 3658 2367 3696 ac
2388 3659 2509 3713 qua:
2544 3659 2705 3699 sensu
2730 3644 3134 3715 percipiuntur,
3163 3646 3288 3701 inde
3313 3648 3475 3718 627

1902 3744 1989 3789 est
2015 3734 2161 3803 quod
2195 3734 2378 3789 anima
2409 3744 2465 3790 et
2488 3750 2688 3806 corpus
2707 3744 2827 3802 est;
2858 3747 2917 3791 ut
2935 3754 3067 3792 vero
3092 3738 3206 3794 inec
3232 3740 3478 3808 potentia

1905 3822 2343 3886 circumscribat,
2399 3822 2545 3892 quod
2596 3824 2906 3895 intelligens
2952 3842 3016 3880 ac
3074 3828 3317 3881 sentiens
3368 3838 3474 3883 cst.

228 3916 377 3977 Deus
423 3931 605 3976 autem
647 3919 969 3990 simpliciter
1002 3929 1059 3974 et
1100 3919 1366 3973 immense
1406 3931 1571 3986 super
1615 3910 1799 3970 omnia
1835 3920 1939 3979 est,
1982 3920 2096 3966 tum
2136 3927 2200 3968 ea
2239 3928 2361 3983 qua:
2431 3914 2715 3969 continent
2789 3924 2905 3970 tum
2946 3932 3069 3986 qua:
3104 3917 3477 3983 continentur,

225 4022 291 4070 ut
320 4016 413 4088 qui
442 4016 656 4071 cunctis
691 4030 917 4087 prorsus
940 4015 1225 4070 absolutus
1255 4014 1482 4069 eminet.

297 4111 397 4182 οβ’.
431 4112 585 4165 Πᾶσα
608 4111 770 4182 ἡδονὴ
804 4111 910 4165 τῶν
953 4110 1452 4181 ἀπηγορευμένων,
1492 4108 1557 4162 ἐκ
1594 4106 1802 4169 πάθους

223 4202 319 4279 δὲὰ
345 4202 519 4273 μέσης
550 4202 857 4274 αἰσθήσεως
884 4202 1019 4273 πρός
1055 4218 1108 4253 τι
1146 4200 1365 4262 πάντως
1408 4199 1652 4268 γίνεσθαι
1700 4198 1801 4251 πέ-

230 4312 407 4364 φυκεν
453 4294 730 4366 αἰσθητόν.
786 4293 921 4348 Οὐδὲ
966 4294 1073 4365 γάρ
1118 4292 1247 4347 ἀλλο
1290 4292 1344 4346 τί
1375 4294 1523 4346 ἐστιν
1551 4291 1733 4362 ἡδονὴ,
1764 4291 1799 4363 ἢ

229 4379 377 4449 εἶδος
414 4383 739 4456 αἰσθήσεως,
770 4384 827 4436 ἐν
854 4381 932 4454 τῷ
976 4381 1278 4453 αἰσθητικῷ
1321 4382 1409 4436 διά
1436 4399 1580 4445 τινος
1607 4380 1801 4451 αἰσθη-

227 4476 331 4531 τοῦ
375 4475 761 4547 μορφουμένη·
817 4474 851 4545 ἧ
890 4475 1090 4547 τρόπος
1147 4472 1467 4543 αἰσθητικῆς
1500 4470 1799 4543 ἐνεργείας,

228 4571 351 4624 κατ’
380 4568 671 4638 ἐπιθυμίαν
698 4567 889 4635 ἄλογον
916 4566 1324 4637 συνιστάμενος.
1364 4562 1662 4632 Ἐπιθυμία
1692 4562 1799 4633 γὰρ

225 4659 479 4731 αἰσθήσει
509 4657 869 4730 προστεθεῖσα
890 4698 905 4721 ,
939 4658 1020 4720 εἰς
1048 4656 1241 4728 ἡδονὴν
1273 4654 1625 4726 μεταπίπτει,
1661 4648 1801 4717 εἶδος

224 4752 366 4821 αὐτῇ
407 4750 707 4818 ἐπάγουσα·
735 4748 829 4802 καὶ
864 4748 1115 4818 αἴσθησις
1152 4748 1273 4801 κατ’
1304 4744 1602 4816 ἐπιθυμίαν
1642 4761 1799 4815 κινη-

226 4840 404 4907 θεῖσα,
445 4839 639 4911 ἡδονὴν
690 4837 1088 4910 ἀπεργάζεται,
1133 4837 1193 4891 τὸ
1241 4837 1499 4907 αἰσθητὸν
1558 4835 1796 4907 προσλα-

224 4930 419 4985 ϐοῦσα.
448 4930 671 4993 Γνόντες
703 4925 797 4982 οὖν
840 4930 889 4981 οἱ
924 4928 1091 4997 ἀγιοι,
1125 4928 1205 4981 ὃτι
1243 4927 1331 4982 διὰ
1382 4925 1556 4997 μέσης
1596 4924 1797 4995 σαρκός

223 5022 366 5094 πρὸς
395 5023 493 5091 τὴν
548 5020 682 5091 ὕλην
720 5022 754 5090 ἠ
783 5020 929 5090 ψυχὴ
971 5020 1121 5092 παρὰ
1152 5018 1315 5088 φύσιν
1364 5016 1659 5086 κινουμένη
1696 5015 1794 5086 τὴν

220 5112 417 5185 χοῖκὴν
458 5110 670 5182 μορφὴν
701 5110 1012 5173 ὑποδύεται,
1041 5110 1130 5163 διά
1162 5109 1334 5179 μέσης
1373 5107 1577 5177 μᾶλλον
1615 5107 1795 5176 ψυχῆς

220 5202 369 5257 κατά
413 5201 575 5271 φύσιν
632 5200 788 5254 αὐτοὶ
840 5200 979 5271 πρὸς
1024 5199 1115 5252 τὸν
1157 5199 1290 5251 Θεὸν
1328 5197 1657 5267 κινούμενοι,
1699 5197 1794 5249 καὶ

220 5296 325 5365 τὴν
353 5292 533 5365 σάρκα
565 5292 643 5363 τῷ
681 5291 800 5363 Θεῷ
836 5291 1158 5362 πρεπόντως
1189 5289 1471 5348 οἰκειῶσαι
1519 5286 1796 5357 διενοήθη-

224 5404 348 5453 σαν,
382 5386 449 5439 δι⁹
480 5388 765 5458 ἀσκήσεως
796 5384 1008 5455 ἀρετῶν
1061 5384 1422 5454 ἐνδεχομένως
1475 5380 1646 5450 αὐτὴν
1673 5383 1791 5443 ταῖς

223 5478 400 5543 θείαις
427 5479 697 5549 ἐμφάσεσι
725 5477 1188 5538 καλλωπίσαντες.

298 5758 399 5821 ογ.
432 5750 807 5821 Μεγαλοφυῶς
855 5763 903 5802 οι
961 5746 1103 5814 ἅγιοι
1164 5761 1306 5799 κατα
1352 5744 1445 5797 τὸν
1482 5744 1655 5814 ἀληθῆ
1702 5743 1794 5796 καί

1975 4105 2063 4159 72.
2094 4105 2274 4160 Vetita
2302 4105 2481 4160 omnis
2513 4105 2785 4174 voluptas,
2813 4120 2880 4159 ex
2910 4106 3163 4170 passione
3194 4117 3359 4177 atque
3388 4116 3473 4162 at-

1903 4194 2049 4249 fectn
2078 4195 2134 4249 in
2160 4210 2276 4249 rem
2296 4195 2533 4264 aliquam
2552 4196 2735 4250 sensui
2764 4195 3056 4265 obiectam,
3076 4212 3239 4251 sensu
3268 4199 3472 4262 medio,

1902 4285 2154 4355 pronasci
2212 4285 2394 4359 habet.
2448 4286 2566 4340 Non
2611 4284 2757 4338 enim
2812 4285 3061 4353 voluptas
3116 4285 3263 4339 aliud
3317 4287 3476 4356 quid-

1903 4390 2069 4447 quam
2118 4382 2224 4439 est,
2270 4390 2434 4443 quam
2485 4374 2774 4428 sentientis
2823 4374 3097 4429 facultatis
3145 4376 3357 4445 species
3411 4392 3477 4432 ac

1904 4468 2099 4533 forma,
2136 4468 2216 4523 rei
2249 4467 2481 4541 alicujus
2500 4468 2718 4523 sensilis
2745 4483 2933 4537 opera,
2976 4468 3030 4522 in
3060 4469 3329 4524 sentiente
3359 4470 3475 4525 for-

1834 4544 1876 4598 Ῑ)
1904 4569 2049 4614 mata
2085 4577 2099 4613 :
2148 4560 2263 4614 sive
2307 4559 2577 4615 sentiendi
2620 4558 2956 4629 operationis
2993 4560 3209 4626 modus,
3254 4561 3473 4618 irratio-

1896 4653 2006 4707 nali
2034 4651 2332 4721 cupiditate
2361 4652 2691 4709 consistens.
2716 4651 3003 4723 Cupiditas
3044 4654 3214 4719 enim,
3264 4654 3309 4709 si
3343 4670 3473 4710 scn-

1894 4744 1980 4800 sui
2028 4743 2273 4808 accedat,
2308 4744 2365 4797 in
2399 4744 2734 4813 voluptatem
2776 4746 2992 4810 transit,
3024 4745 3252 4800 formam
3300 4746 3378 4800 illi
3409 4761 3473 4799 ac

1895 4834 2483 4905 specieminducens;
2536 4850 2840 4905 sensusque
2892 4836 3195 4905 cupiditate
3247 4845 3469 4896 motus,

1894 4940 2011 4979 rem
2052 4935 2247 4979 nactus
2290 4939 2510 4978 sensum
2540 4925 2889 4991 allicientem,
2924 4927 3252 4996 voluptatem
3282 4924 3468 4980 eﬂicit.

1893 5014 2140 5070 Scientes
2170 5016 2353 5084 itaque
2381 5015 2575 5079 sancti,
2623 5016 2885 5079 animam,
2916 5016 3047 5069 dum
3085 5026 3250 5069 Carne
3290 5015 3469 5070 media

1895 5105 2361 5161 innaturaliterad
2394 5115 2608 5161 terrena
2640 5115 2912 5169 movetur,
2940 5115 3211 5182 terrenam
3236 5104 3467 5160 formam

1894 5198 2156 5262 induere;
2196 5197 2297 5266 ipsi
2331 5182 2513 5267 petius
2542 5199 2721 5253 media
2748 5199 2928 5251 anima
2972 5213 3039 5251 ex
3069 5206 3275 5250 natura:
3302 5194 3469 5248 ratio-

1894 5287 2058 5341 nibus
2100 5286 2157 5340 in
2202 5288 2374 5341 Deum
2413 5296 2566 5342 motu
2612 5288 2982 5349 connitentes,
3031 5286 3206 5356 ipsam
3245 5300 3468 5354 quoque

1896 5394 2116 5433 carnem
2154 5380 2542 5434 convenienter
2565 5378 2676 5434 Deo
2702 5378 2996 5433 conciliare
3028 5393 3210 5447 operte
3228 5376 3466 5447 pretium

1900 5471 2194 5534 duxerunt,
2233 5472 2499 5525 virtutum
2542 5470 2693 5524 cultu
2733 5486 2796 5524 ac
2833 5469 3250 5533 exercitatione,
3285 5467 3466 5536 quoat!

1898 5562 2133 5624 licebat,
2186 5562 2390 5615 divinis
2450 5576 2569 5614 eam
2625 5560 2969 5629 pcrornando
3024 5558 3465 5629 repmscntatio-

1898 5653 2079 5707 nibus.

1966 5745 2052 5799 75.
2104 5744 2305 5810 Sancti,
2345 5749 2487 5800 ’vero
2528 5760 2587 5799 ac
2630 5745 2895 5801 inoffenso
2935 5752 3116 5799 motus
3152 5758 3219 5798 ex
3266 5749 3459 5796 natura
