4108 6434
687 343 820 405 1379
1385 396 1390 400 .
1839 349 1901 411 S.
1943 348 2230 410 MAXIMI
2267 347 2776 410 CONFESSORIS
3774 349 3881 417 1380

686 463 868 526 modo,
904 475 1147 532 praesens
1179 466 1536 516 scammatum
1576 469 1742 530 atque
1779 476 1958 517 arenas
1994 463 2256 516 saeculum
2287 474 2308 528 Α

2287 462 2659 530 Αᾶπταιστον
2712 462 2812 530 τῆς
2861 473 3002 512 κατα
3051 475 3214 527 φυσιν
3262 461 3530 529 κινήσεως
3577 461 3781 532 τρόπον,
3810 471 3881 522 τὸν

684 548 969 620 magniﬁce
993 548 1367 611 transierunt;
1396 563 1619 604 sensum
1648 549 1870 619 quidem
1899 566 2024 605 cum
2052 560 2256 616 mente,

2361 555 2606 626 παρόντα
2647 553 2756 605 τῶν
2794 551 3136 622 σκαμμὰτων
3179 551 3351 604 αἰῶνα
3381 552 3479 622 (m)
3507 551 3766 625 διέϐησαν·
3797 561 3879 631 τὴν

683 642 1028 712 simplicibus
1048 640 1229 696 media
1263 639 1474 695 ratione
1500 656 1684 696 rerum
1711 643 2018 698 rationibus
2053 644 2266 699 instru-

2260 677 2266 685 ν
2365 647 2465 718 μὲν
2493 646 2770 716 αἴσθησιν,
2807 644 3012 709 ἁπλοῦς
3042 645 3132 698 διὰ
3165 645 3332 716 μέσου
3358 645 3452 698 τοῦ
3475 643 3632 713 λόγου
3663 648 3782 720 πρὸς
3808 655 3882 707 τὸν

685 742 794 797 cta,
847 734 1203 803 copulantes;
1248 740 1490 786 mentem
1538 748 1692 798 vero,
1737 734 1886 788 omni
1933 750 2162 804 prorsus
2203 734 2261 789 in

2363 737 2486 792 νοῦν
2519 739 2646 802 τοὺς
2693 738 2803 791 τῶν
2830 737 3000 791 ὄντων
3033 737 3228 808 ἔχοντα
3267 736 3458 805 λόγους
3488 736 3789 804 ἑνώσαντεςο
3815 744 3887 798 τὸν

684 841 773 880 res
797 825 1073 894 quaslibet
1116 831 1269 878 motu
1306 824 1565 889 solutam,
1600 835 1764 895 atque
1788 825 1858 880 ab
1883 825 1998 896 ipsa
2031 843 2131 882 sua
2161 843 2262 882 na-

687 918 848 972 turali
873 915 1193 986 0peratione
1234 923 1543 982 vacantem,
1583 918 1697 972 Deo
1734 919 2099 986 adhibentes;
2131 935 2259 990 qua,

685 1016 797 1062 tota
823 1007 874 1060 vi
901 1007 958 1060 in
988 1007 1159 1060 Deum
1185 1006 1423 1072 collecti,
1453 1006 1574 1072 toti,
1610 1007 1724 1062 Deo
1751 1008 1849 1064 toti
1876 1023 1975 1077 per
2005 1008 2262 1078 spiritum

685 1099 902 1156 misceri
979 1108 1332 1163 meruerunt,
1395 1108 1567 1154 totam
1633 1101 1874 1156 cmlestis
1937 1101 2258 1173 imaginem,

683 1191 864 1260 quoad
919 1205 1244 1245 concessum
1300 1190 1621 1246 hominibus
1679 1201 1784 1258 est,
1835 1202 2122 1263 portantes
2176 1195 2258 1259 ";

685 1291 1001 1352 tantamque
1021 1282 1222 1338 divinae
1251 1285 1738 1353 representationis
1760 1285 1869 1339 vim
1897 1285 1979 1354 (ut
2007 1286 2081 1340 ita
2099 1287 2265 1340 liccat

684 1373 856 1443 loqui)
879 1372 1177 1437 trahentes,
1207 1383 1472 1442 quantum
1503 1375 1606 1441 ipsi
1638 1376 1799 1430 tracti
1835 1376 1891 1429 in
1925 1377 2097 1431 Deum
2126 1391 2264 1430 con-

2360 831 2418 884 δὲ
2444 829 2594 891 νοῦν.
2625 829 2725 899 τῆς
2768 830 2900 900 περὶ
2928 829 2997 882 τὰ
3024 828 3155 882 ὄντα
3184 827 3360 881 πάντα
3388 827 3654 898 κινήσεως
3677 830 3888 899 καθαρῶς

2361 923 2718 986 ἀπολυθέντα,
2739 924 2834 975 καὶ
2856 922 3027 992 αὐτῆς
3053 921 3154 992 τῆς
3183 920 3306 974 καθ’
3330 920 3493 973 αὑτὸν
3520 921 3740 992 φυσικῆς
3765 925 3888 994 ὲνερ-

2361 1015 2517 1083 γείας
2539 1014 2871 1085 ἠρεμοῦντα,
2922 1013 3002 1084 τῷ
3049 1013 3168 1083 Θεῷ
3198 1012 3683 1086 προσκομίσαντες·
3722 1015 3826 1070 καθ’
3842 1017 3889 1070 ὃν

2361 1107 2562 1170 όλικῶς
2595 1107 2736 1178 πρὸς
2764 1107 2896 1160 Θεὸν
2920 1105 3300 1176 συναχθέντες,
3333 1105 3444 1159 ὅλοι
3470 1105 3577 1174 ὅλῳ
3601 1105 3712 1176 Θεῷ
3728 1109 3888 1178 ἐγκρα-

2366 1198 2525 1270 θῆναι
2551 1199 2640 1252 διὰ
2670 1198 2764 1252 τοῦ
2789 1197 3098 1268 πνεύματος
3123 1196 3457 1268 ἠξιώθησαν,
3497 1197 3622 1268 ὅλην
3647 1198 3731 1251 τοῦ
3757 1200 3884 1254 ἐπου-

2367 1289 2551 1360 ρανίου
2579 1287 2721 1342 κατὰ
2767 1287 2829 1340 τὸ
2861 1287 3085 1341 δυνατὸν
3134 1287 3469 1357 ἀνθρώποις,
3503 1289 3604 1358 τὴν
3633 1288 3792 1341 εἰκόνα
3818 1307 3884 1358 φο-

2377 1381 2653 1451 ρέσαντες,
2701 1380 2794 1432 καὶ
2835 1379 3090 1432 τοσοῦτον
3135 1378 3388 1444 ἕλξαντες
3432 1379 3531 1448 τῆς
3561 1377 3704 1442 Θείας
3744 1381 3881 1451 ἑμφά-

684 1477 922 1517 cessere.
2367 1491 2527 1537 σεως,
2544 1474 2592 1525 εί
2627 1469 2787 1542 Θέμις
2809 1470 2964 1524 τοῦτο
2997 1470 3193 1534 εἰπεῖν,
3227 1470 3351 1523 ὅσον
3377 1469 3655 1540 ὲλχθέντες
3673 1470 3806 1524 αὐτοὶ
3823 1473 3883 1542 τῷ

2364 1562 2484 1633 Θεῷ
2511 1561 2854 1631 ὲνετέθησαν.

755 1653 842 1715 74.
877 1650 1042 1704 Aiunt
1087 1650 1258 1704 Deum
1303 1657 1360 1705 et
1403 1649 1680 1704 hominem
1713 1650 1816 1703 sroi
1859 1656 2050 1703 mutuo
2083 1664 2271 1703 exem-

2260 1677 2271 1690 -
2434 1655 2527 1708 06'.
2572 1653 2842 1723 Ἀλλήλων
2889 1647 3030 1706 εἷναί
3056 1667 3188 1722 φασι
3219 1649 3664 1720 παραδείγματα,
3689 1651 3882 1706 τὸνΘεὸν

684 1741 858 1812 plaria
900 1756 1044 1804 esse,
1079 1748 1402 1809 tantumque
1438 1740 1611 1793 Deum
1661 1738 1872 1792 homini
1929 1737 2266 1807 benignitate

2260 1755 2266 1787 ε
2368 1743 2464 1797 καὶ
2497 1744 2590 1796 τὸν
2629 1741 2934 1814 ἄνθρωπον,
2989 1743 3085 1795 καὶ
3116 1739 3370 1794 τοσοῦτον
3405 1739 3488 1810 τῷ
3533 1739 3784 1813 ἀνθρώπῳ
3815 1744 3882 1796 τὸν

685 1848 750 1888 ac
767 1831 1060 1887 clementia
1095 1831 1372 1886 hominem
1408 1830 1546 1895 ﬁeri,
1585 1838 1850 1900 quantum
1881 1829 2048 1883 homo
2069 1843 2126 1883 se
2156 1827 2270 1882 Deo
2299 1817 2307 1870 Ῑ

2258 1845 2270 1880 ι
2299 1817 2340 1871 Β
2369 1836 2501 1890 Θεὸν
2528 1835 2618 1890 διὰ
2657 1834 3072 1906 φιλανθρωπίαν
3119 1833 3585 1904 ἀνθρωπίζεσθαι,
3626 1834 3737 1888 ὅσον
3762 1837 3786 1888 ὸ
3811 1837 3880 1889 ἅν-

685 1943 787 1996 per
813 1925 1136 1980 charitatem
1167 1922 1424 1978 deiﬁcare
1459 1922 1676 1992 potuit:
1720 1929 2043 1991 tantumque
2083 1920 2267 1974 homi-

2261 1948 2267 1959 ι
2369 1925 2586 1997 θρωπος
2615 1925 2809 1978 ἑαυτὸν
2829 1923 2910 1995 τῷ
2939 1924 3059 1995 Θεῷ
3081 1923 3151 1978 δι’
3172 1923 3397 1994 ἀγάπης
3423 1923 3668 1993 δυνηθεὶς
3690 1924 3883 1978 ἀπεθέω-

686 2030 810 2069 nem
847 2030 877 2069 a
907 2015 1021 2069 Deo
1049 2013 1168 2083 rapi
1187 2012 1256 2066 ad
1283 2011 1590 2075 sciendum,
1609 2020 1875 2082 quantum
1907 2011 2072 2064 homo
2092 2010 2264 2064 Deum

685 2115 883 2161 natura
938 2104 1386 2176 inaspectahilem
1432 2105 1702 2160 virtutum
1760 2111 1960 2158 ornatu
2017 2100 2264 2156 manife-

687 2199 875 2254 stavit.

757 2290 846 2344 75.
873 2288 1132 2360 Quisquis
1162 2286 1512 2344 mortiﬁcavit
1530 2285 1779 2340 membra
1799 2299 1919 2354 quae
1943 2291 2074 2337 sunt
2103 2296 2272 2350 super

690 2389 889 2436 terram
932 2382 1000 2446 ⁷⁸,
1047 2395 1378 2450 omnemque
1423 2395 1453 2434 a
1497 2395 1557 2434 se
1614 2378 1799 2433 carnis
1833 2377 2000 2447 628
2043 2389 2266 2429 sensum

687 2471 968 2534 exstinxit,
1009 2485 1073 2525 ac
1105 2485 1352 2540 prorsus,
1389 2485 1499 2538 qua
1553 2468 1633 2522 illi
1677 2466 1991 2528 tenebatur,
2017 2463 2270 2518 affectio-

689 2576 813 2615 nem
851 2560 1114 2625 excussit,
1153 2575 1262 2630 qua
1310 2558 1390 2623 ﬁt,
1437 2569 1499 2613 ut
1539 2559 1781 2613 charitas
1820 2556 1912 2610 uni
1946 2557 2057 2609 Deo
2082 2554 2268 2609 debita

689 2649 748 2703 in
790 2649 950 2704 nobis
994 2649 1248 2719 partibus
1283 2646 1600 2714 scindatur;
1649 2655 1954 2715 cunctaque
1997 2644 2181 2698 carnis
2205 2657 2270 2697 ac

689 2740 903 2804 mundi,
939 2740 1138 2794 divinae
1161 2739 1348 2810 gratia:
1378 2755 1562 2803 causa,
1593 2739 1824 2809 insignia
1859 2736 2098 2804 negavit,
2135 2742 2271 2789 utet

689 2831 878 2886 dicere
918 2831 1091 2900 possit
1131 2847 1255 2886 cum
1297 2832 1459 2886 beato
1493 2831 1658 2885 Paulo
1687 2829 1934 2899 apostolo
1963 2847 1976 2882 :
2011 2827 2142 2892 Quis
2175 2843 2268 2880 nos

687 2924 954 2992 separabit
987 2941 1019 2976 a
1041 2925 1297 2977 charitate
1325 2922 1556 2979 Christi?
1592 2931 1648 2976 et
1679 2937 1801 2991 qua:
1841 2928 2150 2991 sequuntur
2181 2919 2267 2984 ἠς

689 3013 782 3068 hic
802 3015 944 3078 talis,
957 3017 1070 3069 sine
1092 3025 1242 3086 patre
1269 3023 1316 3068 et
1345 3015 1458 3068 sine
1480 3021 1650 3067 matre
1672 3021 1720 3065 et
1741 3013 1854 3067 sine
1870 3011 2180 3082 genealogia
2200 3011 2269 3072 τ’,

690 3106 750 3160 in
779 3121 988 3161 morem
1028 3108 1209 3176 magni
1247 3105 1648 3161 Melchisedech
1688 3103 1866 3160 factus
1893 3112 1998 3162 est.
2028 3117 2138 3158 non
2169 3101 2270 3158 ha-

690 3197 826 3253 bens
840 3213 949 3268 quo
975 3214 1004 3253 a
1033 3212 1200 3254 carne
1225 3205 1281 3252 et
1307 3206 1500 3251 natura
1525 3205 1801 3264 teneatur,
1827 3195 1899 3251 ob
1921 3195 2269 3268 conjunctio-
2296 3166 2339 3228 ε

689 3307 816 3348 nem
839 3307 960 3361 quae
999 3291 1076 3346 illi
1099 3307 1223 3346 cum
1247 3290 1446 3360 spiritu
1476 3289 1694 3360 obtigit.

761 3495 849 3549 76.
905 3493 1060 3548 llaud
1109 3495 1318 3564 justum
1369 3500 1526 3556 nuto,
1582 3490 1870 3562 prmsentis
1912 3489 2040 3546 vitae
2083 3491 2270 3556 ﬁnem,

693 3595 928 3640 mortem
963 3585 1261 3655 appellare,
1289 3583 1384 3637 sed
1410 3583 1792 3638 liberationem
1815 3599 1845 3637 a
1866 3591 2063 3646 morte,
2088 3597 2271 3637 semo-

695 3683 804 3729 tam
833 3673 1264 3742 corruptionem,
1290 3671 1624 3726 vindicatam
1658 3672 1996 3737 libertatem,
2027 3671 2272 3728 sedatam

695 3763 1087 3828 turbationem,
1125 3763 1338 3818 sublata
1387 3763 1759 3831 bella,pulsas
1796 3760 2076 3825 tenebras,
2124 3760 2276 3814 labo-

695 3871 816 3909 rum
851 3855 1120 3924 requiem,
1151 3854 1220 3908 ab
1269 3865 1406 3909 aestu
1439 3870 1721 3917 serenum,
1754 3853 2048 3908 obductam
2078 3852 2275 3907 confu-

695 3940 927 4004 sionem,
952 3938 1223 3993 eluctatos
1251 3938 1480 3993 affectus
1512 3953 1576 3992 ac
1603 3937 2082 4008 perturbationes;
2109 3947 2166 3992 et
2216 3945 2278 3992 ut

695 4047 910 4086 summa
951 4031 1150 4096 dicam,
1199 4030 1445 4086 omnium
1485 4029 2052 4099 circumscriptionem
2100 4029 2277 4084 malo-

695 4137 818 4177 rum
862 4137 927 4176 ac
973 4130 1208 4188 metam;
1241 4123 1445 4192 quibus
1488 4121 1664 4175 sancti
1696 4121 2008 4174 voluntaria
2044 4120 2278 4175 mortifi-

694 4211 912 4268 catione
944 4223 1170 4268 strenue
1199 4212 1500 4290 perfuncti,
1544 4212 1793 4282 hospites
1833 4229 1891 4266 se
1935 4221 1991 4266 ct
2033 4212 2278 4284 peregri-

694 4322 797 4360 nos
829 4321 858 4360 a
891 4307 1004 4360 vita
1033 4314 1089 4360 et
1134 4306 1331 4360 smcula
1380 4304 1754 4359 exhibucrunt
1794 4303 1859 4356 η.
1904 4302 2040 4358 Cum
2071 4301 2276 4356 mundo

693 4399 842 4452 enim
873 4408 930 4452 et
967 4413 1223 4468 corpore,
1256 4407 1313 4452 ct
1341 4412 1463 4466 qua:
1488 4412 1554 4450 ex
1591 4395 1673 4450 eis
1715 4395 2012 4465 insurgunt
2059 4394 2277 4450 fortiter

2370 2032 2453 2069 σε’
2483 2016 2581 2070 καὶ
2615 2015 2871 2070 τοσοῦτον
2906 2016 3012 2070 ὑπὸ
3042 2013 3178 2068 Θεοῦ
3206 2014 3302 2068 τὸν
3331 2014 3620 2087 ἄνθρωπον
3650 2016 3772 2069 κατὰ
3789 2016 3882 2070 νοῦν

2368 2108 2713 2181 ἁρπάζεσθαι
2757 2109 2895 2179 πρὸς
2935 2108 2995 2162 τὸ
3039 2107 3302 2176 γνωστὸν,
3333 2108 3459 2160 ὅσον
3485 2107 3517 2158 ό
3547 2105 3799 2178 ἄνθρωπος
3816 2109 3882 2162 τὸν

2367 2201 2598 2272 ἀόρατον
2641 2199 2801 2270 φύσει
2823 2200 2955 2253 Θεὸν
2995 2198 3086 2253 διὰ
3109 2198 3219 2252 τῶν
3243 2197 3462 2270 ἀρετῶν
3498 2199 3802 2271 ὲφανέρωσε.

2441 2298 2535 2345 οε’.
2560 2292 2678 2356 Πᾶς
2697 2293 2726 2344 ό
2753 2291 2820 2346 τὰ
2851 2292 2990 2362 μέλη
3021 2291 3304 2364 νεκρώσας
3334 2290 3406 2345 τὰ
3442 2292 3536 2344 ἐπὶ
3557 2291 3676 2361 γῆς,
3697 2291 3776 2344 καὶ
3794 2290 3882 2343 ὅλον

2369 2378 2564 2434 ἑαυτοῦ
2585 2381 2685 2451 τῆς
2719 2380 2920 2450 σαρκὸς
2949 2379 3292 2442 κατασϐέσας
3320 2378 3386 2432 τὸ
3411 2378 3684 2448 φρόνημα,
3708 2376 3786 2430 καὶ
3807 2375 3879 2444 τὴν

2370 2473 2509 2544 πρὸς
2554 2473 2727 2541 αὐτὴν
2773 2471 2949 2526 διόλου
2999 2471 3185 2541 σχέσιν
3223 2464 3880 2540 ἀποσεισάμενος,δι’ἧςὴ

2367 2562 2446 2634 τῷ
2467 2561 2588 2632 Θεῴ
2623 2561 2770 2632 μόνῳ
2797 2561 3212 2632 χρεωστουμένη
3260 2561 3395 2632 παρ’
3423 2563 3459 2630 ἡ
3469 2560 3587 2632 μῶν
3624 2560 3786 2629 ἀγάπη

2373 2653 2602 2724 ρίζεται,
2637 2651 2730 2705 καὶ
2768 2651 3146 2723 ἀρνησάμενος
3177 2650 3356 2704 πάντα
3382 2653 3456 2704 τὰ
3481 2650 3580 2720 τῆς
3613 2649 3786 2720 σαρκὸς
3812 2649 3879 2699 καὶ

2370 2745 2576 2816 κόσμου
2603 2743 2982 2814 γνωρίσματα,
3011 2743 3109 2814 τῆς
3139 2743 3290 2806 θείας
3315 2741 3509 2795 ’ἐνεκεν
3529 2742 3750 2811 χάριτοςο
3776 2736 3877 2791 ὥστε

2372 2835 2467 2890 καὶ
2500 2835 2682 2905 λέγειν
2710 2833 2972 2888 δύνασθαι
3003 2834 3140 2904 μετὰ
3175 2833 3268 2887 τοῦ
3306 2835 3579 2904 μακαρίου
3611 2831 3794 2884 Παύλου
3810 2830 3876 2882 τοῦ

2371 2927 2708 2993 ἀπόστολου,
2759 2928 2855 2991 Τίς
2913 2920 3068 2996 ἡμᾶς
3122 2925 3360 2996 χωρίσει
3407 2924 3533 2979 ἀπὸ
3569 2921 3672 2990 τῆς
3693 2921 3877 2991 ἀγάπης

2370 3017 2481 3072 τοῦ
2513 3018 2800 3087 Χριστοῦ;
2837 3019 2929 3071 καὶ
2957 3017 3024 3070 τὰ
3069 3017 3216 3088 ὲξῆςυ
3244 3019 3274 3070 ό
3309 3015 3554 3079 τοιοῦτος
3580 3015 3788 3080 ἀπάτωρ
3807 3011 3876 3065 καὶ

2372 3111 2614 3182 ἀμήτωρ
2652 3111 2750 3167 καὶ
2797 3111 3272 3182 ἀγενεαλόγητος
3301 3109 3444 3164 κατὰ
3473 3108 3562 3162 τὸν
3589 3106 3744 3177 μέγαν
3771 3103 3877 3158 Μελ-

2372 3207 2588 3277 χισεδὲκ
2615 3207 2860 3275 γέγονεν,
2899 3205 3000 3259 οὐκ
3026 3204 3162 3274 ἔχων
3194 3205 3344 3266 ὅπως
3375 3202 3486 3254 ὑπὸ
3515 3198 3704 3270 σαρκὸς
3731 3211 3877 3267 κρατη-

2371 3299 2437 3370 θῇ
2460 3297 2556 3351 κοιλ⁵
2591 3297 2826 3366 φύσεως,
2854 3295 2945 3350 διὰ
2958 3296 3058 3368 τὴν
3083 3293 3463 3366 γεγενημένην
3487 3292 3618 3364 πρὸς
3635 3289 3690 3342 τὸ
3711 3286 3876 3357 πνεῦμα

2371 3389 2687 3458 συνάφειαν.

2440 3484 2547 3542 ος’.
2579 3475 2654 3530 Τδ
2689 3476 2860 3548 πέρας
2885 3476 2984 3547 τῆς
3018 3474 3301 3546 παρούσης
3328 3473 3501 3541 ζωῆς,
3533 3472 3592 3525 οὐ
3625 3469 3797 3524 δίκαιον
3819 3460 3874 3519 οἷ·

2376 3584 2473 3639 μαι
2501 3567 2728 3620 θάνατον
2783 3567 3093 3637 ὀνομάζειν,
3143 3565 3280 3620 ἀλλὰ
3311 3564 3549 3618 θανάτου
3593 3557 3871 3627 ἀπαλλαγὴν,

2372 3659 2468 3712 καὶ
2502 3659 2708 3730 φθορᾶς
2736 3658 3039 3729 χωρισμὸν,
3083 3658 3178 3712 καὶ
3208 3657 3455 3721 δουλείας
3485 3653 3784 3725 ἐλευθερίαν,
3807 3654 3874 3703 καὶ

2371 3753 2618 3822 ταραχῆς
2649 3750 2886 3816 παῦλαν,
2932 3751 3030 3804 καὶ
3071 3751 3324 3822 πολέμων
3362 3751 3655 3820 ἀναίρεσιν,
3681 3746 3762 3799 καὶ
3783 3745 3872 3796 σκό-

2372 3861 2499 3907 τους
2528 3843 2902 3915 ὑποχώρησιν,
2933 3844 3030 3898 καὶ
3062 3843 3240 3898 πόνων
3269 3844 3479 3906 ἄνεσιν,
3516 3841 3605 3896 καὶ
3629 3839 3875 3910 βράσμαως

2371 3937 2632 4008 ἠρεμίαν,
2682 3937 2781 3991 καῖ
2829 3937 3092 4009 αἰσχύνης
3153 3935 3550 4006 συγκάλυμμα.
3606 3933 3692 3986 καὶ
3737 3927 3875 3984 παθῶν

2375 4027 2684 4098 ἀποφυγὴν,
2726 4029 2822 4082 καὶ
2869 4029 3109 4094 πάντων,
3142 4029 3232 4082 ῐνα
3262 4026 3499 4080 συνελὼν
3533 4025 3680 4088 είπω,
3698 4021 3788 4074 τῶν
3803 4035 3876 4071 κα-

2375 4119 2486 4174 κῶν
2520 4122 2906 4191 περιγραφήν·
2942 4121 3087 4191 ἅπερ
3131 4119 3200 4173 δι’
3250 4119 3500 4179 ἑκουσίου
3549 4107 3876 4185 νεκρώσεωςοί

2377 4211 2526 4280 ἅγιοι
2569 4210 3040 4282 κατορθώσαντες,
3074 4209 3258 4278 ξένους
3292 4210 3520 4272 ἑαυτοὺς
3551 4205 3639 4260 τοῦ
3678 4205 3772 4275 βίου
3810 4199 3877 4253 καὶ

2377 4301 2793 4373 παρεπιδήμους
2839 4304 3205 4373 παρέστησαν.
3244 4302 3449 4371 Κόσμῳ
3474 4317 3536 4354 τε
3564 4299 3664 4370 γὰρ
3700 4295 3778 4349 καὶ
3808 4292 3876 4343 σώ-

2380 4410 2545 4463 ματι,
2611 4394 2706 4448 καὶ
2749 4397 2868 4458 ταῖς
2895 4395 2955 4460 ἐξ
3003 4394 3182 4449 αὐτῶν
3226 4393 3626 4448 ὲπαναστάσισι
3671 4383 3876 4456 γενναίως

695 4487 1043 4552 dimicantes,
1074 4504 1137 4544 ac
1180 4489 1438 4559 utrinque
1476 4487 1894 4559 provenientem
1914 4502 1983 4541 ex
2014 4501 2274 4541 sensuum
2307 4515 2317 4570 1

2251 4502 2274 4540 n
2307 4515 2352 4570 ι)
2383 4485 2701 4556 μαχόμενοι,
2727 4486 2822 4540 καὶ
2854 4487 2953 4557 τὴν
2984 4486 3043 4552 ἐξ
3073 4488 3277 4557 ἀμφοῖν
3326 4485 3467 4540 κατὰ
3489 4485 3586 4557 τὴν
3609 4481 3705 4534 τῶν
3734 4473 3873 4539 ab“?

696 4595 823 4634 cum
872 4581 1170 4637 sensilibus
1216 4581 1551 4638 commercio
1597 4597 1855 4652 nexuque
1896 4569 2318 4650 deceptionem’

2249 4597 2277 4635 ιι
2310 4569 2333 4570 7
2380 4595 2518 4632 σεων
2563 4578 2700 4649 πρὸς
2743 4579 2815 4633 τὰ
2859 4580 3095 4651 αἰσθητὰ
3143 4579 3462 4650 συμπλοκὴν
3497 4569 3871 4648 παραγενομένην

699 4672 1060 4740 suﬂocantes,
1108 4675 1410 4729 inviolabili
1449 4674 1641 4729 fultam
1689 4673 1944 4728 libertate
1983 4672 2154 4726 animi
2196 4672 2280 4727 di-

698 4767 965 4837 gnitatem
1001 4767 1106 4822 sibi
1138 4768 1272 4838 ipsis
1307 4777 1623 4823 servarunt.

766 4859 857 4914 77.
885 4859 1109 4915 insitam
1135 4859 1297 4914 nobis
1317 4875 1347 4913 a
1367 4867 1566 4913 natura
1594 4858 1959 4930 providentiae
1996 4856 2275 4921 nutitiam,

696 4951 962 5018 noniexili
985 4959 1309 5022 argumento
1343 4959 1540 5004 natura
1561 4950 1678 5020 ipsa
1706 4950 1985 5016 insinuat,
2021 4949 2154 5004 dum
2184 4962 2282 5004 ne—

2373 4670 2592 4741 ἀπὰτην
2629 4668 3048 4736 ἀποπνίξαντες,
3079 4671 3380 4725 ἀδούλωτον
3421 4670 3627 4730 ἑαυτοῖς
3661 4657 3874 4733 ἐφύλαξαν

2372 4761 2473 4832 τῆς
2495 4761 2678 4832 ψυχῆς
2714 4761 2776 4815 τὸ
2802 4761 3040 4832 ἀξίωμα.

2441 4852 2540 4918 0ξό
2571 4853 2887 4926 Τεκμήριον
2913 4855 2975 4908 οὐ
3012 4857 3244 4926 σμικρὸν
3263 4855 3358 4909 τοῦ
3388 4853 3624 4925 φυσικῶς
3657 4847 3773 4919 ἡμῖν
3814 4839 3872 4894 ἓν·

2377 4946 2650 5018 εσπὰρθαι
2705 4947 2807 5020 τὴν
2847 4951 2945 5020 τῆς
2980 4948 3235 5020 προνοίας
3270 4947 3495 5016 γνῶσιν,
3531 4948 3562 5016 η
3606 4942 3748 5013 φύσις
3771 4932 3870 5000 αὑτὴ

766 5129 863 5188 ".1
891 5125 1017 5183 Cor.
1051 5145 1140 5184 xv.
1171 5127 1258 5183 49.
1333 5126 1384 5160 ’⁸
1410 5125 1620 5182 Coloss.
1655 5143 1734 5189 in,
1767 5127 1820 5182 5.
1895 5127 1941 5159 ’ί
1985 5126 2116 5171 9r"
2180 5140 2273 5181 vni
2330 5126 2388 5182 55

1895 5127 1941 5159 τί
1985 5126 2116 5171 ον’*
2180 5140 2273 5181 vnl
2330 5126 2419 5182 55.
2494 5127 2539 5157 ἠ
2567 5126 2731 5182 Hebr.
2766 5143 2860 5193 vn,
2886 5127 2940 5182 5.
3016 5126 3111 5181 ⁷³1
3159 5126 3306 5181 Petr.
3335 5143 3394 5189 ιι,
3423 5126 3505 5180 ll.

773 5283 870 5354 (τη)
910 5284 1021 5337 Τὸν
1053 5287 1322 5352 παρόντα
1347 5283 1466 5337 τῶν
1490 5281 1856 5354 σκαμμάζων
1879 5279 2081 5336 αιῶνα.
2112 5279 2270 5354 Quod

697 5353 754 5409 in
778 5350 907 5410 Pico
935 5350 1386 5425 exstat,'prwsens
1417 5369 1584 5407 scema
1613 5350 1884 5425 saxulum.
1917 5351 2271 5425 typographi~

695 5441 820 5480 cum
852 5423 1109 5478 mendum
1140 5421 1293 5489 puto,
1319 5442 1382 5479 ac
1415 5440 1540 5478 eum
1570 5439 1747 5476 arente
1772 5421 2080 5489 scripsisse,
2104 5437 2271 5489 quam

695 5443 820 5480 cum
852 5443 1109 5478 menuum
1180 5443 1293 5488 uto,
1319 5443 1382 5479 ac
1415 5443 1540 5478 eum
1570 5443 1747 5476 arena:
1772 5443 2080 5489 scripsisse,
2145 5443 2268 5476 nam

695 5505 752 5548 et
773 5509 874 5560 ego
895 5509 1106 5557 vocem,
1130 5443 1329 5548 (Piraeea:
1354 5495 1505 5548 vocis
1529 5491 1861 5561 explicandae
1886 5507 2049 5546 causa
2073 5443 2268 5560 aiijeci.

695 5564 934 5634 Utraque
959 5565 1106 5618 enim
1137 5565 1277 5618 idem
1309 5562 1555 5634 utrisque
1589 5565 1931 5634 signiﬁcatur
1961 5561 2116 5634 locus
2147 5577 2271 5615 cer-

696 5631 919 5688 taminis
959 5649 1023 5688 ac
1061 5635 1226 5699 fossa,
1261 5635 1314 5688 in
1354 5631 1611 5703 qna'non
1653 5643 1806 5688 esset
1847 5633 1968 5703 ejus
2009 5631 2272 5703 defugere

695 5703 891 5784 aleam,
913 5704 1008 5784 sed
1033 5703 1117 5784 vel
1145 5719 1268 5784 cum
1295 5701 1610 5784 adversario
1633 5701 2266 5784 pligile_decer_tandum,

699 5771 778 5825 vel
804 5785 930 5826 cum
959 5773 1149 5828 bestiis
1170 5773 1614 5846 depugnandum,
1635 5771 1693 5827 in
1717 5771 1927 5846 quibus
1955 5773 2061 5828 tale
2091 5782 2270 5829 certa-

2377 5296 2501 5336 men
2526 5279 2810 5351 gentilium
2837 5279 3051 5351 feritate
3075 5279 3463 5351 exhibebatur;
3488 5277 3625 5351 quod
3647 5273 3759 5330 nihil
3777 5282 3865 5347 cui]:

2379 5349 2561 5412 scena.
2587 5359 2648 5405 ut
2675 5350 2868 5420 liquet,
2891 5350 3057 5404 habet
3082 5365 3394 5406 commune.
3415 5349 3565 5417 ουοά
3589 5355 3864 5420 veresequ-

2380 5431 2489 5485 tnr,
2520 5408 2632 5474 ὅλοι
2666 5408 2774 5490 ὃλῲ
2802 5408 2921 5489 Θεῷ
2953 5420 3315 5490 ἐγκραθῆναι,
3347 5408 3460 5474 toti~
3474 5423 3523 5474 in
3559 5427 3656 5472 toto
3683 5414 3772 5490 Deo
3791 5408 3864 5490 FF:

2369 5483 2532 5554 mari,
2560 5491 2612 5545 id
2638 5483 2765 5546 vero
2797 5483 2967 5561 ipsius
2993 5483 3103 5561 Pici
3137 5483 3384 5556 inscitiae,
3412 5491 3536 5544 dum
3566 5503 3664 5561 non
3685 5483 3864 5538 adverti!

2366 5561 2455 5643 eo,
2491 5561 2716 5630 κραθεὶς
2748 5558 3293 5643 σι’ἐγκραθεὶςη
3325 5562 3418 5614 τοῦ
3440 5558 3860 5643 ,κεράννυῇμιοὲξὶ

2367 5626 2606 5696 miscere,
2636 5648 2740 5702 qua
2773 5626 2906 5688 voce
2939 5626 3129 5686 intima
3161 5631 3254 5686 illa
3286 5632 3484 5690 mentis
3507 5626 3622 5686 cum
3649 5626 3744 5681 Deo
3765 5629 3862 5677 tullo

2366 5703 2569 5773 passim
2601 5701 2868 5775 theologis
2892 5701 3246 5775 signiﬁcatur.
