4108 6442
237 358 378 423 ⁸1381

958 351 1292 413 CAPITUM
1330 345 1752 423 QUINQUIES
1790 341 2310 404 CENTENORUM
2343 341 2732 403 CENTURIA
2769 345 2838 404 V.

3352 342 3489 408 1382

235 468 474 522 δίδωσιν·
515 463 750 535 ὁπηνίκα
785 462 851 517 ἂν
876 462 1025 532 ἡμᾶς
1051 459 1352 521 ἀδιδάκτως
1378 457 1568 527 ῶσπερ
1592 454 1809 509 ὠθοῦσα

1925 447 2060 503 mine
2083 447 2341 513 docente,
2372 463 2428 502 tn
2458 448 2768 519 repentinis
2808 446 3028 504 casibus
3053 446 3126 503 ad
3164 447 3336 503 Deum
3364 465 3493 521 pre-

239 560 378 627 πρὸς
405 557 500 612 τὸν
543 557 676 611 Θεὸν
709 554 797 607 διὰ
826 553 934 607 τῶν
962 552 1137 623 εὐχῶν
1173 553 1232 605 ἐν
1274 551 1392 611 ταῖς
1428 546 1689 616 ἐξαίφνης
1717 562 1811 598 πε-

240 649 577 719 ριστάσεσιν,
605 646 817 702 ἐκεῖθεν
851 647 1034 715 ζητεῖν
1054 644 1152 714 τὴν
1173 641 1447 712 σωτηρίαν
1470 636 1815 709 παρασκευά-

234 742 331 811 ζῃ.
374 741 497 795 ’Υπ’
520 741 764 810 ἀνάγκης
807 738 917 808 γάρ
944 738 1097 805 ἀφνω
1128 731 1542 802 συλληφθέντες,
1584 730 1817 800 ἀπροαι-

238 832 415 903 ρέτως
449 832 579 904 πρίν
606 849 660 885 τι
702 828 1027 901 σκέψασθαι,
1057 827 1148 879 τὸν
1171 824 1304 879 Θεὸν
1333 819 1702 889 ἐπιϐοώμεθα·
1740 819 1816 883 ὠς

237 923 307 977 ἂν
336 922 435 992 τῆς
461 922 719 993 προνοίας
749 922 918 991 αὐτῆς
952 918 1092 990 πρὸς
1140 917 1364 987 ἑαυτὴν,
1408 915 1503 969 καὶ
1540 912 1817 982 λογισμῶν

235 1012 430 1085 χωρὶς,
484 1010 749 1081 ἑλκούσης
794 1010 960 1081 ἡμᾶς,
993 1009 1088 1062 καί
1116 1007 1178 1061 τδ
1203 1006 1370 1077 τάχος
1415 1004 1517 1075 τῆς
1572 1005 1631 1058 ἐν
1683 1005 1817 1075 ἡμῖν

236 1104 438 1176 νοερᾶς
469 1101 707 1171 νικώσης
735 1101 1037 1171 δυνάμεως,
1072 1100 1171 1154 καὶ
1208 1098 1427 1151 πάντων
1460 1094 1817 1167 ἰσχυροτέραν

237 1194 341 1265 τὴν
366 1194 517 1249 θείαν
548 1191 1007 1265 προδεικνυούσης
1037 1190 1315 1262 βοήθειαν.
1346 1190 1461 1243 Ούκ
1486 1188 1552 1242 ἂν
1580 1187 1638 1240 δὲ
1667 1189 1817 1257 ἡμᾶς

240 1283 380 1359 ἦγεν
417 1286 801 1359 ἀπροαιρέτως
832 1288 867 1356 ὴ
904 1284 1094 1355 φύσις,
1143 1284 1239 1338 ἐπὶ
1284 1284 1346 1337 τὸ
1384 1284 1459 1355 μὴ
1504 1281 1666 1351 φύσιν
1696 1282 1817 1351 ἔχον

240 1380 510 1448 γίνεσθαι·
565 1380 675 1432 πᾶν
706 1377 764 1431 δὲ
808 1377 870 1431 τὸ
913 1376 1117 1447 ὁτῳοῦν
1148 1374 1397 1444 φυσικῶς
1424 1373 1711 1443 ἑπόμενον,
1743 1373 1818 1435 ὡς

241 1473 414 1525 πᾶσιν
435 1470 676 1541 εὔδηλον,
703 1468 931 1540 ἰσχυρὰν
960 1468 1074 1538 ἔχει
1104 1467 1199 1521 καὶ
1220 1464 1647 1536 ἀκαταμάχητον
1678 1463 1820 1517 κατά

240 1562 346 1631 τὴν
374 1558 651 1625 ἀπόδειξιν
678 1562 778 1629 τῆς
812 1558 1070 1629 ἀληθείας
1094 1557 1195 1626 τὴν
1222 1556 1478 1626 δύναμιν.

312 1660 417 1726 οη’.
470 1652 686 1724 Ἐπειδὴ
717 1651 826 1705 τῶν
863 1650 1054 1711 ὄντων,
1095 1648 1166 1702 τὰ
1212 1646 1313 1717 μέν
1344 1647 1491 1699 ἐστιν
1523 1644 1725 1714 ἀγαθὰ,
1751 1642 1818 1696 τά

240 1748 301 1801 δὲ
348 1743 550 1813 φαῦλα·
585 1743 757 1796 ταῦτα
793 1741 871 1807 δὲ,
903 1742 937 1813 ἢ
969 1740 1214 1814 παρόντα
1249 1740 1399 1794 ἐστὶν
1445 1740 1479 1807 ἢ
1533 1737 1816 1809 μέλλοντα·

1912 539 2070 594 cibus
2085 536 2379 607 confugere
2405 537 2716 608 impellens,
2740 536 2870 592 inde
2884 536 3121 593 salutem
3140 539 3491 607 quaerendam

1914 628 2163 686 instruit.
2209 626 2406 682 Subito
2453 628 2607 682 enim
2656 627 2990 683 necessitate
3030 628 3293 697 correpti,
3341 630 3494 685 nullo

1914 719 2150 774 rationis
2212 718 2468 784 consilio,
2522 720 2673 773 nulla
2729 719 3126 774 deliberatione
3189 721 3491 790 pmmissa,

1914 811 2086 866 Deum
2132 811 2495 878 invocamus;
2550 820 2810 880 tanquam
2860 827 2961 867 nos
3004 811 3071 867 ad
3106 815 3345 882 seipsam
3373 814 3495 870 sine

1917 901 2045 956 ullis
2065 900 2395 961 rationibus,
2429 901 2547 971 ipsa
2573 902 2754 955 trahat
2778 902 3147 973 providentia,
3181 904 3494 976 intelligen-

1916 994 2084 1063 dique
2132 994 2188 1048 in
2237 994 2399 1049 nobis
2445 994 2784 1049 celeritatem
2822 996 3072 1060 vincens,
3108 996 3366 1052 omnibus
3398 1012 3497 1070 po-

1917 1086 2214 1141 tentiorem
2239 1085 2483 1140 divinam
2508 1101 2669 1155 opem
2696 1087 3019 1155 praetendat.
3051 1089 3345 1159 Nunquam
3363 1103 3497 1143 vero

1916 1186 2114 1231 natura
2157 1177 2469 1231 inconsulto
2530 1176 2790 1247 nullaque
2834 1189 3114 1246 praeeunte
3160 1181 3375 1236 ratione
3429 1194 3497 1235 eo

1918 1273 2185 1337 traheret,
2235 1272 2384 1343 quod
2432 1279 2632 1327 natura
2672 1271 2791 1326 fieri
2826 1289 2938 1326 non
2972 1283 3177 1342 posset.
3219 1274 3495 1344 Quidquid

1918 1373 2105 1420 autem
2142 1365 2236 1419 ulli
2268 1363 2346 1418 rei
2386 1371 2587 1417 natura
2632 1378 2817 1417 comes
2848 1373 2955 1427 est,
2984 1364 3038 1417 id
3074 1380 3226 1429 vero,
3255 1374 3318 1420 ut
3357 1381 3496 1420 cun-

1917 1456 2022 1511 ctis
2052 1455 2402 1510 manifestum
2433 1463 2538 1516 est,
2578 1452 2788 1507 firmam
2820 1463 2878 1508 et
2902 1454 3323 1524 insuperabilem
3353 1472 3500 1512 asse-

1919 1549 2090 1605 renda
2110 1549 2343 1604 veritate
2364 1549 2476 1602 vim
2499 1548 2686 1602 habet.

1990 1638 2079 1693 78.
2124 1639 2262 1694 Cum
2314 1653 2524 1702 rerum,
2580 1636 2701 1692 alia;
2749 1637 2927 1702 bonae,
2979 1636 3101 1691 aliae
3152 1638 3306 1692 malae
3348 1636 3496 1701 sint;

1919 1730 2114 1800 haeque
2144 1730 2285 1785 adeo
2325 1730 2412 1784 vel
2462 1729 2925 1801 prmsentes.sint,
2960 1729 3047 1782 vel
3072 1728 3271 1783 futurae
3304 1745 3319 1781 :
3354 1727 3501 1797 quod

245 1831 695 1905 προσδοκώμενον
727 1831 826 1901 μὲν
855 1830 1079 1899 ἀγαθὸν,
1110 1829 1408 1900 ἐπιθυμίαν
1430 1828 1606 1882 καλεῖ·
1642 1826 1816 1895 παρὸν

1925 1820 2126 1875 bonum
2168 1835 2435 1890 suspensa
2476 1819 2888 1888 exspectatione
2928 1826 3100 1880 tenet,
3143 1818 3499 1887 cupiditatem

243 1922 325 1985 δέ,
363 1922 557 1992 ἡδονήν
589 1937 603 1951 ·
651 1921 745 1974 καὶ
778 1920 965 1984 πάλιν,
996 1919 1444 1991 προσδοκώμενον
1498 1918 1598 1989 μὲν
1623 1916 1815 1981 κακὸν,

243 2014 432 2083 φόϐον·
469 2013 644 2084 παρὸν
676 2013 753 2077 δὲ,
778 2012 978 2082 λύπην·
1004 2014 1078 2076 ὡς
1115 2008 1253 2066 εἷναί
1275 2029 1333 2065 τε
1360 2012 1455 2066 καὶ
1475 2010 1815 2081 θεωρεῖσθαι,

242 2108 377 2177 περί
407 2105 506 2177 μὲν
535 2104 605 2158 τά
637 2104 798 2169 καλὰ,
828 2105 937 2158 εἴτε
982 2103 1052 2157 τά
1099 2103 1267 2167 ὅντως
1294 2104 1444 2165 ὄντα,
1483 2102 1596 2155 εἴτε
1632 2102 1702 2154 τὰ
1732 2118 1819 2154 vo-

246 2197 519 2267 μιζόμενα
539 2237 554 2260 ,
586 2196 688 2266 τὴν
738 2196 933 2267 ἡδονὴν
966 2194 1059 2249 καί¹
1092 2195 1193 2266 τὴν
1235 2195 1562 2266 ἐπιθυμίαν·
1600 2194 1729 2264 περί
1760 2191 1820 2245 δὲ

239 2290 312 2343 τὰ
342 2288 540 2358 φαῦλα,
569 2288 670 2359 τὴν
715 2286 894 2359 λύπην
926 2288 1024 2341 καὶ
1070 2287 1161 2341 τὸν
1210 2287 1392 2357 φόϐον.
1424 2286 1535 2340 Καὶ
1563 2287 1672 2357 γὰρ
1701 2287 1822 2338 ἐπι-

238 2378 586 2451 τυγχάνουσα
614 2380 713 2450 μὲν
736 2381 769 2450 ὴ
790 2378 1078 2450 ἐπιθυμία,
1118 2379 1315 2451 ἡδονὴν
1347 2377 1659 2448 ἐργάζεται·
1682 2378 1821 2431 ἀπο-

238 2476 589 2545 τυγχάνουσα
612 2474 670 2528 δὲ
717 2472 914 2544 λύπην.

315 2726 418 2783 οθ’.
448 2728 636 2782 Κακδν
690 2724 834 2781 εἰναί
878 2742 1012 2795 φασι
1065 2727 1248 2780 πᾶσαν
1289 2724 1467 2796 λύπην
1513 2728 1581 2798 τῇ
1617 2726 1821 2797 ἑαυτῆς

244 2818 431 2889 φύσει.
465 2819 583 2874 Κάν
608 2818 715 2889 γάρ
738 2820 767 2871 ὁ
810 2818 1095 2880 σπουδαῖος
1125 2819 1211 2871 ἐπ’
1241 2817 1540 2889 ἀλλοτρίοις
1584 2819 1821 2890 λυπῆται

246 2914 464 2976 κακοῖς,
510 2911 585 2975 ὼς
624 2912 895 2981 ἐλεήμων,
931 2910 1046 2965 ἀλλ’
1081 2911 1142 2963 ού
1196 2912 1624 2981 προηγουμένως
1678 2913 1824 2967 κατά

244 2998 528 3072 πρόθεσιν,
578 2998 691 3051 ἀλλ’
725 2999 1077 3069 ἐφεπομένως
1111 2998 1252 3051 κατά
1308 2999 1661 3069 περίστασιν·
1699 3004 1728 3055 ὁ
1766 3001 1823 3055 δὲ

246 3088 604 3160 θεωρητικὸς,
639 3087 741 3141 κᾶν
772 3087 983 3151 τούτοις
1024 3086 1241 3156 ἀπαθὴς
1283 3086 1551 3157 διαμένει,
1582 3089 1824 3158 συνάψας

1920 1918 2109 1977 vocat;
2138 1911 2285 1981 quod
2319 1919 2504 1965 autem
2535 1910 2590 1963 in
2618 1918 2872 1979 promptu
2904 1924 2969 1965 ac
3003 1925 3245 1979 praesens
3266 1918 3371 1972 est,
3400 1923 3499 1963 vo-

1920 2002 2229 2073 luptatem:
2267 2017 2331 2056 ac
2372 2016 2586 2065 rursus,
2631 2008 3008 2070 exspectatum
3056 2001 3281 2064 malum,
3337 2000 3503 2055 timo-

1922 2108 2071 2159 rem;
2100 2093 2245 2162 quod
2269 2107 2401 2147 vero
2440 2107 2684 2162 praesens
2726 2090 2892 2161 629
2920 2100 3025 2156 est,
3068 2091 3346 2147 tristitiam
3378 2092 3502 2146 ani-

1921 2185 2107 2254 mique
2138 2184 2407 2239 dolorem.
2438 2184 2515 2240 lta
2556 2183 2788 2245 scilicet,
2826 2190 2885 2236 ut
2908 2182 3053 2237 circa
3080 2182 3243 2244 bona,
3268 2182 3384 2236 sive
3410 2181 3502 2235 illa

1922 2290 2114 2329 revera
2137 2274 2282 2328 bona
2314 2274 2444 2339 sint,
2477 2273 2592 2328 sive
2629 2270 2962 2337 existimata,
2991 2280 3107 2325 tum
3136 2271 3388 2340 voluptas
3410 2285 3504 2323 ex-

1920 2366 2118 2420 sistant
2144 2374 2201 2419 et
2241 2364 2619 2436 intelligantur
2665 2374 2779 2419 tum
2812 2363 3125 2433 cupiditas;
3170 2362 3319 2417 circa
3361 2360 3501 2416 mala

1921 2470 2073 2519 vero,
2118 2464 2300 2510 metus
2336 2464 2392 2509 et
2442 2455 2686 2510 tristitia.
2742 2456 2809 2510 Et
2853 2457 3000 2511 enim
3062 2454 3333 2525 cupiditas
3386 2454 3501 2508 voti

1922 2560 2149 2614 compos
2192 2544 2409 2608 effecta,
2448 2544 2785 2614 voluptatem
2823 2544 3000 2613 parit;
3040 2558 3107 2598 eo
3158 2554 3343 2598 autem
3380 2542 3501 2599 fru-

1921 2643 2113 2699 strata,
2144 2633 2314 2688 animi
2345 2634 2590 2689 dolorem
2610 2650 2674 2689 ac
2701 2634 2980 2689 tristitiam
3012 2633 3161 2687 facit.

1990 2724 2079 2779 79.
2122 2723 2427 2779 Tristitiam
2478 2739 2700 2779 omnem
2745 2723 3026 2793 animique
3076 2722 3345 2787 dolorem,
3400 2736 3504 2778 sua

1923 2814 2103 2885 ipsum
2137 2815 2322 2870 indole
2355 2814 2560 2870 malum
2602 2830 2722 2870 csse
2766 2816 2941 2869 aiunt.
2990 2813 3311 2883 Quanquam
3356 2813 3506 2868 enim

1923 2907 2206 2963 studiosus
2238 2922 2303 2961 ac
2335 2908 2559 2963 virtutis
2591 2908 2772 2963 cultor
2813 2923 2882 2961 ex
2916 2907 3112 2961 alienis
3142 2906 3304 2961 malis
3334 2906 3506 2961 tristi-

1925 2997 2055 3051 tiam
2093 2998 2345 3063 assumit,
2387 2998 2647 3068 doletque
2675 2998 2881 3061 animo,
2925 3007 2985 3051 ut
3018 2996 3353 3060 misericors,
3388 3012 3504 3075 non

1924 3096 2107 3143 tamen
2136 3088 2402 3157 primario
2445 3089 2650 3143 mentis
2698 3088 2913 3143 ratione
2958 3103 3023 3142 ac
3061 3087 3365 3158 proposito,
3408 3088 3507 3142 sed

244 3159 441 3231 ἐαυτὸν
494 3175 571 3247 τῷ
621 3176 760 3247 Θεῷ,
818 3176 915 3229 καὶ
957 3174 1067 3228 τῶν
1114 3176 1242 3247 τῇδε
1293 3175 1510 3231 πάντων
1537 3177 1822 3249 ἀλλοτριώ-

1927 3187 2365 3249 consequenter;
2386 3189 2652 3249 quantum
2674 3178 2885 3234 scilicet
2905 3179 3135 3233 suadeat
3151 3178 3269 3249 ipsa
3287 3179 3505 3233 adversi

247 3285 372 3333 σας.

1928 3287 2089 3327 casus
2120 3272 2281 3326 ratio.
2319 3271 2411 3336 At,
2449 3271 2546 3341 qui
2578 3279 2875 3341 provectus
2905 3272 3367 3341 contemplatione
3398 3280 3502 3334 est,

245 3358 305 3414 in
337 3360 428 3415 his
469 3374 687 3431 quoque
720 3358 912 3413 dolore
953 3357 1289 3413 inviolabilis
1332 3367 1540 3426 manet,
1579 3374 1675 3429 qut
1708 3360 1825 3429 ipse
1861 3362 2102 3433 seipsum
2129 3362 2242 3417 Deo
2271 3362 2642 3433 conjunxerit,
2700 3373 2866 3433 atque
2893 3377 2925 3416 a
2955 3362 3189 3416 terrenis
3249 3361 3507 3417 omnibus

245 3450 497 3505 animum
529 3449 860 3520 abjunxerit.

319 3552 398 3601 π’.
433 3547 496 3599 Οἰ
523 3545 669 3613 ἆγιοι
692 3543 892 3608 πάντες
929 3543 1023 3598 τοῦ
1055 3545 1200 3600 θείου
1234 3546 1331 3599 καὶ
1359 3545 1633 3609 ἀπλανοῦς
1666 3546 1826 3616 λόγου

245 3635 492 3705 γνησίως
543 3632 959 3704 ἐπειλημμένοι,
987 3632 1078 3686 τὸν
1113 3633 1285 3687 αἰῶνα
1312 3633 1502 3687 τοῦτον
1541 3634 1823 3705 διέὸησαν,

245 3728 429 3782 οὐδενὶ
461 3726 569 3779 τῶν
601 3728 660 3779 ἐν
688 3725 837 3796 αὐτῷ
874 3726 1125 3796 τερπνῶν
1176 3727 1239 3777 τὸ
1296 3726 1399 3797 τῆς
1449 3725 1627 3797 ψυχῆς
1683 3727 1828 3796 ἰχνος

246 3819 719 3889 ἐναπερείσαντες,
753 3816 893 3888 Πρὸς
927 3818 1036 3888 γάρ
1068 3818 1191 3881 τοὺς
1223 3818 1425 3887 ἄκρους
1458 3818 1568 3871 τῶν
1611 3817 1826 3890 ἀνθρώ-

250 3928 378 3973 ποις
407 3908 643 3979 ἐφικτῶν
677 3910 805 3979 περὶ
835 3907 971 3961 Θεοῦ
998 3910 1212 3978 λόγους,
1252 3912 1352 3981 τῆς
1381 3910 1714 3981 ἀγαθότητός
1761 3911 1824 3964 τέ

249 4020 399 4073 φημι
457 4002 551 4055 καὶ
596 4002 695 4072 τῆς
726 4001 967 4071 ἀγάπης,
1024 3999 1169 4071 μάλα
1196 4019 1259 4070 γε
1290 4004 1513 4066 εἰκότως
1556 4003 1647 4056 τὸν
1698 4002 1821 4057 νοῦν

248 4094 713 4155 ἀναπετάσαντες·
747 4087 828 4155 οἷς
860 4092 1147 4163 κινηθέντα
1190 4093 1281 4146 τὸν
1313 4092 1465 4156 Θεὸν,
1497 4093 1558 4145 τὸ
1598 4089 1738 4147 εἶναί
1762 4110 1822 4147 τε

248 4181 436 4237 δοῦναι
459 4184 569 4244 τοῖς
593 4178 735 4245 οὖσι,
779 4182 875 4235 καί.
903 4181 965 4234 τὸ
1007 4178 1067 4235 εὖ
1116 4175 1255 4235 εἶναι
1286 4182 1635 4253 χαρίσασθαι,
1667 4186 1824 4235 ἐπαι-

249 4274 546 4340 δεύθησαν·
578 4273 740 4343 εῐπερ
767 4272 985 4342 κίνησιν
1019 4272 1112 4324 ἐπὶ
1133 4270 1269 4324 Θεοῦ
1303 4270 1395 4323 τοῦ
1430 4271 1594 4340 μόνου
1628 4272 1820 4342 ἀκινή-

249 4382 349 4418 του
405 4364 562 4435 θέμις
592 4364 788 4430 εἰπεῖν,
839 4362 976 4417 ἀλλά
1038 4361 1115 4433 μὴ
1171 4362 1368 4431 μᾶλλον
1414 4361 1687 4433 βούλησιν,
1726 4362 1823 4434 τὴν

1932 4382 2196 4435 usurpare
2250 4367 2398 4430 licet,
2447 4369 2543 4438 qui
2590 4368 2741 4422 solus
2788 4378 2872 4423 est
2917 4369 3215 4423 immobilis
3248 4386 3262 4422 :
3292 4378 3347 4424 et
3396 4386 3506 4424 non
3600 4354 3619 4369 “

254 4457 436 4512 πάντα
482 4454 739 4509 κινοῦσάν
787 4472 869 4519 τε,
906 4455 1001 4509 καὶ
1057 4457 1136 4517 εἰς
1174 4455 1236 4507 τδ
1284 4450 1421 4507 εἶναι
1467 4456 1824 4525 παράγουσαν

254 4549 349 4603 καὶ
383 4548 731 4619 συνέχουσαν,
786 4545 1114 4618 κινουμένην
1146 4545 1205 4599 δὲ
1247 4544 1500 4616 οὐδαμῶς
1549 4544 1825 4599 οὐδέποτε.

331 4750 445 4797 πα¹.
490 4742 553 4796 Ἦ
573 4740 721 4813 ψυχὴ
749 4740 909 4795 οὐσία
936 4736 1100 4809 νοερά
1122 4754 1183 4790 τε
1213 4736 1308 4789 καί¹
1329 4735 1521 4807 λογικὴ
1547 4735 1823 4807 ὑπάρχου-

258 4854 349 4897 σα.
384 4836 479 4889 καὶ¹
507 4837 618 4887 νοεῖ
644 4834 740 4887 καὶ
773 4830 1071 4900 λογίζεται·
1110 4829 1339 4900 δύναμιν
1376 4829 1473 4899 μὲν
1507 4828 1705 4899 ἔχουσα
1734 4829 1827 4882 τὸν

258 4928 406 4982 νοῦν·
443 4926 656 4996 κίνησιν
687 4924 765 4989 δέ,
793 4923 893 4994 τὴν
932 4922 1139 4993 νόησιν·
1170 4921 1454 4991 ἐνέργειαν
1494 4921 1573 4984 δὲ,
1605 4921 1666 4974 τὸ
1703 4920 1827 4991 νόη-

263 5038 337 5089 μα
374 5019 475 5089 (η),
510 5017 690 5087 Πέρας
726 5015 836 5085 γάρ
862 5013 1039 5077 τοῦτο,
1082 5014 1181 5083 τῆς
1210 5031 1271 5065 τε
1311 5011 1407 5065 τοῦ
1456 5012 1700 5074 νοοῦντος
1738 5012 1833 5065 καὶ

259 5108 355 5161 τοῦ
390 5106 679 5176 νοουμένου
707 5100 943 5175 νοήσεώς
983 5104 1151 5167 ἐστιν,
1180 5102 1257 5165 ὠς
1291 5101 1694 5172 περιοριστικὸν
1730 5101 1831 5171 τῆς

261 5200 398 5270 πρὸς
429 5196 631 5267 ἀλληλα
670 5194 778 5248 τῶν
808 5194 991 5263 ἄκρων
1032 5192 1276 5261 ὑπάρχον
1317 5192 1576 5261 σχέσεως.
1616 5190 1833 5245 Νοοῦσα

334 5407 417 5475 (n)
460 5408 798 5482 fErépretar
822 5405 1033 5482 Δδὲηινὸ
1073 5406 1289 5482 νόημα.
1326 5402 1487 5457 Varia
1532 5402 1652 5471 ejus
1685 5400 1841 5482 vocis

264 5474 544 5548 acCeptio,
578 5474 778 5548 saépius
822 5476 1055 5548 Maximo
1097 5474 1373 5548 discussa;
1417 5488 1480 5526 ea
1519 5474 1837 5548 occasione,

263 5540 413 5616 quod
440 5540 539 5617 pro
564 5540 679 5621 ipsa
704 5547 1022 5621 operatione
1044 5545 1131 5600 vel
1156 5543 1436 5621 facultate,
1461 5558 1567 5621 una
1600 5543 1653 5595 in
1683 5540 1842 5621 Chri:

264 5612 351 5672 sto
379 5612 859 5683 asserebatur,'his
888 5617 983 5688 qui
1020 5614 1262 5688 proxime
1292 5612 1841 5688 Eutychianonerrori

265 5688 623 5753 accedebant,
650 5681 759 5761 qua
793 5681 1488 5761 avsy'épyhtovnhumanam
1623 5681 1845 5761 Christo

266 5766 523 5813 naturam
560 5750 854 5829 ponebant,
888 5750 1059 5829 ipsam
1095 5754 1368 5819 tollentes,
1400 5750 1672 5823 siquidem
1706 5750 1843 5805 nihil

1999 3546 2089 3602 80.
2130 3545 2316 3602 Sancti
2354 3561 2545 3601 omnes
2574 3545 2764 3600 divino
2804 3555 3079 3617 certaeque
3106 3545 3356 3602 veritatis
3389 3546 3505 3601 sin-

1927 3653 2054 3694 cere
2100 3653 2167 3692 ex
2212 3638 2397 3693 animo
2444 3653 2699 3693 sermone
2744 3647 2986 3708 arrepto,
3032 3638 3201 3693 hocce
3246 3639 3503 3694 smculum

1927 3731 2301 3794 transierunt,
2341 3729 2480 3784 nulli
2514 3744 2705 3784 eorum
2745 3746 2867 3799 qua:
2901 3730 2959 3784 in
2992 3746 3061 3786 eo
3097 3731 3375 3786 oblectant
3412 3730 3506 3785 dc-

1929 3820 2035 3876 fixo
2060 3821 2230 3875 animi
2264 3821 2516 3891 vestigio.
2547 3820 2631 3875 Ad
2667 3836 2951 3891 supremas
2973 3822 3123 3877 enim
3148 3821 3215 3876 ad
3243 3837 3379 3891 quas
3408 3837 3506 3891 pro

1928 3912 2166 3968 humana
2191 3914 2327 3968 eniti
2356 3915 2566 3968 ratione
2598 3914 2749 3980 licet,
2778 3914 2846 3970 de
2869 3915 2983 3971 Deo
3008 3915 3247 3970 rationes
3271 3914 3507 3982 (bonita-

1929 4004 2001 4059 tis
2019 4005 2231 4060 scilicet
2253 4020 2318 4060 ac
2338 4004 2671 4077 dilectionis)
2696 4022 2797 4075 per
2818 4023 2982 4077 quam
3005 4015 3130 4076 apte
3153 4022 3218 4061 ac
3238 4008 3506 4062 concinne

1928 4097 2174 4151 animum
2205 4098 2565 4166 explicantes,
2602 4096 2937 4161 didicerunt,
2972 4097 3177 4167 quibus
3211 4098 3359 4153 Deus
3394 4114 3509 4152 mo—

1929 4194 2038 4251 tus,
2070 4188 2237 4242 rebus
2266 4197 2329 4242 ut
2361 4196 2545 4242 essent
2573 4188 2852 4253 tribuerit,
2879 4197 2936 4243 et
2966 4196 3026 4241 ut
3063 4188 3202 4242 bene
3239 4188 3507 4257 beateque

1928 4285 2111 4332 essent
2144 4277 2372 4347 largitus
2412 4278 2513 4341 sit;
2564 4277 2611 4331 si
2654 4277 2817 4332 modo
2852 4277 2907 4331 in
2942 4278 3054 4332 Deo
3088 4286 3272 4331 motus
3315 4294 3504 4332 vocem

1931 4459 2114 4527 potius
2147 4459 2467 4524 voluntatis,
2491 4476 2615 4529 quae
2643 4460 2825 4514 omnia
2860 4470 3097 4524 moveat,
3126 4461 3291 4531 inque
3323 4478 3507 4517 rerum

1930 4559 2181 4605 naturam
2218 4551 2484 4619 producat
2507 4568 2573 4607 ac
2602 4552 2901 4618 contineat,
2934 4568 3036 4609 nec
3067 4554 3182 4623 ipsa
3212 4562 3392 4609 tamen
3424 4557 3509 4611 ul-

1926 4642 2041 4696 lum
2076 4658 2316 4711 unquam
2346 4653 2553 4698 motum
2580 4645 2848 4699 admittat.

1998 4735 2086 4789 81.
2130 4734 2322 4788 Anima
2366 4736 2702 4807 intelligendi
2735 4752 2798 4792 ac
2832 4738 3063 4792 rationis
3090 4738 3143 4791 vi
3178 4738 3427 4807 praedita,
3455 4749 3513 4793 et

1934 4826 2194 4897 intelligit
2224 4835 2281 4880 et
2319 4828 2711 4891 ratiocinatur;
2753 4828 3095 4892 facultatem,
3132 4836 3370 4882 mentem
3410 4828 3511 4881 ha-

1937 4920 2099 4985 bens;
2138 4928 2370 4982 motum,
2406 4920 2873 4987 intellectionem;
2904 4923 3182 4990 ἐνέργειαν
3217 4919 3396 4988 (velut
3424 4934 3513 4973 ac-

1940 5021 2053 5066 tum
2087 5012 2238 5066 dicas
2270 5020 2326 5065 et
2354 5012 2508 5081 quasi
2539 5013 2829 5083 ell'ectum)
2864 5014 3143 5067 notionem
3172 5021 3337 5082 atque
3377 5026 3511 5066 con-

1935 5112 2178 5172 ceptum.
2204 5103 2300 5157 Est
2321 5103 2467 5158 enim
2498 5113 2815 5172 conceptus,
2843 5111 2956 5157 tum
2984 5101 3359 5171 intelligentis,
3396 5110 3512 5154 tum

1936 5194 2059 5264 ejus
2080 5194 2226 5264 quod
2268 5194 2620 5266 intelligitur,
2663 5194 2806 5258 finis,
2844 5202 2905 5247 ut
2935 5194 3092 5264 cujus
3121 5193 3212 5260 sit,
3239 5203 3300 5247 ut
3335 5200 3516 5246 extre—

1940 5400 1997 5455 in
2020 5408 2218 5454 natura
2248 5405 2353 5461 est,
2377 5411 2489 5451 non
2521 5393 2756 5450 naturali
2788 5392 3075 5463 praeditum
3108 5390 3383 5463 facultate.
3413 5386 3515 5441 llic

1940 5471 2250 5539 ἐνέργειαν.
2284 5469 2461 5537 ipsum
2507 5464 2641 5519 dicit
2684 5460 3076 5539 intellectionis
3117 5460 3413 5539 terminum
3450 5472 3513 5511 ac

1940 5530 2201 5603 verbum,
2235 5530 2433 5607 in'quo
2470 5550 2625 5607 mens
2656 5549 2771 5588 rem
2806 5534 3133 5607 intueretur.
3153 5530 3512 5607 _A_nastasiu_t_n

1940 5610 2163 5679 exponit
2190 5596 2522 5679 Maximus,
2554 5606 2683 5659 dum
2727 5620 2897 5679 unam
2952 5605 3066 5673 ipse
3114 5596 3514 5679 videturovell’e

1942 5670 2253 5747 ἐνέργειαν,
2299 5692 2402 5748 pro
2444 5676 2680 5748 etl‘ectu,
2726 5675 2781 5729 in
2832 5674 2919 5732 his
2964 5670 3084 5745 quae
3126 5685 3194 5726 ex
3241 5670 3517 5724 Vaticanis

1944 5745 2104 5805 codd.
2129 5750 2249 5821 ejus
2276 5745 2583 5819 argumenti
2616 5745 2829 5801 damus.
