4108 6426
647 308 796 375 1383
1817 314 1879 379 S.
1922 315 2224 385 MAXIMI,
2249 317 2269 379 (

2278 317 2755 386 :ONFESSOR-IS
3159 345 3162 348 ’
3769 328 3900 393 1384

643 437 866 481 morum
932 421 1081 480 inter
1141 439 1200 482 se
1252 427 1595 484 habitudinis
1648 430 2090 504 circumscriptio
2137 436 2265 498 sit“

2279 442 2303 498 ι
2333 439 2441 510 γὰρ
2471 441 2504 510 ἡ
2529 440 2697 513 ψυχὴ,
2721 442 2936 497 ἵσταται
2963 441 3059 496 τοῦ
3085 445 3225 497 νοετν
3246 445 3422 499 ἐκεῖνο
3448 444 3509 499 τὺ
3537 445 3730 517 νοηθὲν
3766 452 3901 516 μετά

653 515 843 570 Anima
906 515 1054 570 enim
1095 516 1426 588 intelligens,
1468 519 1805 590 intelligendi
1861 538 1975 576 rem
2017 523 2236 579 intelle-

2336 528 2434 599 τὴν
2467 530 2632 583 αὑτοῦ
2666 531 2870 601 νόησιν.
2901 533 2976 585 Τὸ
3006 533 3115 603 γὰρ
3136 535 3324 605 νοηθὲν
3349 535 3553 607 κυρίως
3578 515 3748 599 sese,
3772 515 3903 588 at-

647 618 823 672 ctam,
875 616 998 678 post
1046 609 1167 680 ejus
1196 610 1620 666 intellectionem
1671 612 1833 668 ﬁnem
1884 613 2034 668 facit.
2079 614 2236 682 Quod

2337 617 2418 672 έτι
2449 619 2550 690 τὴν
2593 621 2729 692 πρὸς
2756 622 2818 676 τὸ
2849 623 3108 693 νοηθῆναι
3135 625 3296 678 πάλιν
3324 626 3641 678 ἐκκαλεῖται
3669 626 3771 694 τῆς
3806 627 3905 695 ψυ-

651 700 799 754 enim
844 701 1014 754 semel
1056 701 1279 770 proprie
1317 717 1555 771 vereque
1600 703 1936 758 intellectum
1979 715 2082 771 est,
2123 723 2235 762 non

2335 712 2436 782 χῆς
2462 711 2710 782 δύναμιν·
2742 713 2836 765 καὶ
2875 713 3000 768 καθ’
3025 713 3256 768 ἕκαστον
3301 714 3477 785 νόημα
3521 714 3669 767 οὕτω
3714 715 3906 768 στάσιν

653 792 890 860 amplius
918 792 1086 845 animi
1120 793 1228 846 vim
1259 793 1406 847 excit
1447 794 1514 848 ad
1561 794 2012 865 intelligendum;
2045 797 2235 866 sicque

2333 805 2546 877 δέχεται
2595 807 2696 878 τῆς
2743 810 2902 874 ποιᾶς
2945 810 3038 862 ἐπὶ
3068 809 3147 880 τῷ
3191 810 3424 880 νοήματι
3471 809 3569 862 τοῦ
3618 809 3905 876 νοηθέντος

654 882 746 938 illa
783 883 838 936 in
863 898 1192 952 unoquoque
1213 893 1502 955 conceptu,
1531 902 1561 940 a
1593 887 1685 940 tali
1715 887 1952 956 quadam
2014 888 2234 944 intelle-
2334 899 2594 969 νοήσεως,

609 969 616 978 ’
653 975 830 1029 ctione
857 975 910 1030 in
938 984 1204 1044 conceptu
1233 976 1312 1030 rei
1343 977 1629 1033 intellectae
1650 979 1902 1048 quiescit.

719 1067 807 1120 82.
848 1066 1317 1132 Quemadmodum
1361 1069 1666 1138 ignorantia
1696 1080 1946 1126 errantes
1986 1071 2232 1140 proclive

2403 1076 2514 1148 πβ’.
2550 1078 2817 1150 Ὠσπερὴ
2847 1079 3039 1148 ἄγνοια
3066 1080 3368 1154 διαιρετικὴ
3401 1083 3512 1137 τῶν
3548 1083 3907 1154 πεπλανημέ-

651 1157 869 1221 dividit,
903 1157 984 1212 sic
1012 1157 1151 1212 lucis
1185 1158 1446 1227 spiritalis
1471 1161 1782 1229 praesentia,
1813 1176 1911 1214 eos
1945 1161 2036 1230 qui
2100 1160 2232 1216 illu-

2332 1186 2438 1222 νων
2463 1171 2632 1233 ἐστὶν,
2662 1170 2836 1235 οὕτως
2856 1174 2889 1242 ἡ
2914 1174 3007 1228 τοῦ
3045 1174 3240 1245 νοητοῦ
3266 1175 3441 1243 φωτὸς
3466 1177 3746 1245 παρουσία
3787 1194 3906 1230 συν-

659 1257 924 1309 strantnr,
958 1247 1200 1315 proclive
1239 1255 1298 1300 et
1334 1246 1450 1315 ipsa
1493 1248 1719 1317 colligit,
1749 1249 1976 1318 unitque
2015 1257 2072 1303 et
2103 1265 2235 1304 con-

2332 1263 2548 1330 αγωγδς
2577 1265 2672 1316 καὶ
2720 1265 2952 1336 ἑνωτικὴ
2983 1267 3094 1320 τῶν
3134 1267 3520 1338 φωτιζομένων
3547 1268 3668 1321 ἐστὶ
3700 1269 3799 1321 καὶ
3819 1285 3900 1321 τε·

652 1347 890 1394 summat
936 1337 1102 1409 630
1140 1347 1302 1407 atque
1355 1339 1668 1405 convertit;
1710 1355 1743 1394 a
1789 1339 1978 1395 multis
2021 1341 2233 1396 scilicet

2329 1353 2591 1425 λειωτικὴ
2639 1356 2734 1409 καὶ
2761 1357 3182 1429 ἑπιστρεπτικὴ·
3215 1337 3353 1428 πρὸς
3375 1358 3439 1413 τὸ
3475 1359 3648 1422 δντως
3677 1359 3759 1422 ὂν,
3801 1361 3903 1411 ἀπὸ

651 1428 1026 1500 apparentiam
1060 1428 1412 1492 habentibus,
1445 1429 1512 1482 ad
1556 1429 1607 1482 id
1652 1429 1798 1498 quod
1834 1441 1920 1485 est
1948 1445 2079 1484 vere
2109 1447 2234 1486 con-

2331 1444 2443 1498 τῶν
2472 1444 2686 1498 πολλῶν
2707 1447 3060 1519 δοξασμάτων
3080 1450 3498 1521 ἐπιστρέφουσα,
3531 1451 3628 1504 καὶ⁸
3656 1451 3761 1513 τάς
3790 1467 3903 1502 ποι-

655 1527 914 1585 vertens;
943 1519 1232 1590 variasque
1256 1519 1518 1584 visiones,
1548 1521 1664 1574 sive
1691 1520 1773 1591 (ut
1799 1521 1984 1576 verius
2013 1519 2230 1592 loquor)

2331 1536 2488 1600 κξλας
2543 1538 2716 1606 ὄψεις,
2747 1538 2781 1608 ἢ
2825 1539 3158 1611 κυριώτερον
3209 1519 3419 1607 εἰπεῖν,
3459 1543 3790 1611 φαντασίας,
3829 1547 3901 1607 εἰς

653 1623 822 1678 animi
877 1624 1222 1679 informantis
1272 1623 1486 1693 species
1535 1624 1915 1695 cogitationes,
1969 1625 2025 1679 in
2066 1641 2232 1680 unam

2333 1627 2464 1696 μίαν
2508 1629 2684 1699 ἀληθῆ
2735 1632 2830 1683 καὶ
2875 1631 3122 1701 καθαρὰν
3169 1633 3265 1684 καὶ
3298 1634 3546 1704 μονοειδῆ
3593 1635 3901 1703 συνάγουσα

652 1730 839 1770 veram
868 1731 1170 1786 puramque
1191 1723 1247 1771 et
1269 1715 1597 1770 uniformem
1625 1716 1887 1788 colligens
1920 1717 2228 1784 scientiam,
2263 1793 2274 1797 _

2330 1719 2553 1790 γνῶσιν⁸
2583 1721 2678 1776 καὶ
2719 1721 2837 1787 ἑνὸς
2891 1721 2985 1776 καὶ
3028 1723 3288 1778 ἑνωτικοῦ
3337 1730 3517 1794 φωτὸς
3548 1727 3900 1797 ὲμπιπλῶσα.

652 1821 873 1875 unaque
904 1815 960 1862 et
984 1806 1208 1862 uniente
1238 1807 1362 1862 luce
1394 1807 1718 1877 adimplens.
2261 1793 2305 1849 Β

722 1899 810 1952 83.
846 1897 992 1953 Idem
1026 1907 1111 1953 est
1145 1898 1433 1967 pulchrum
1471 1906 1634 1968 atque
1672 1898 1900 1961 bonum,
1946 1913 2072 1953 cum
2108 1898 2232 1970 pul-

2406 1897 2522 1966 πγ’.
2569 1899 2589 1919 ⁹
2623 1896 2832 1950 Ταυτόν
2872 1897 3019 1950 ἐστιν
3044 1896 3122 1967 τῷ
3154 1896 3344 1968 ἀγαθῷ
3378 1896 3439 1951 τδ
3475 1897 3665 1959 καλὸν.
3701 1899 3785 1952 ὃτι
3813 1899 3903 1952 τοῦ

635 1987 852 2043 chrum
878 1996 935 2044 et
965 1989 1167 2044 bonum
1194 1989 1344 2043 omni
1371 1989 1586 2045 ratione.
1608 1989 1788 2045 omnia
1815 1996 2094 2060 expelant,
2127 2005 2232 2046 nec

2331 1988 2498 2045 καλοῦ
2525 1989 2621 2042 καὶ
2641 1987 2850 2056 ἀγαθοῦ
2880 1988 3018 2042 κατὰ
3049 1990 3232 2042 πᾶσαν
3257 1988 3438 2042 αἰτίαν
3465 1988 3649 2042 πάντα
3668 1989 3902 2056 ἐφίεται,

654 2079 766 2133 ulla
806 2094 894 2134 res
934 2079 1007 2134 sit
1043 2078 1261 2149 pulchri
1299 2095 1364 2134 ac
1403 2080 1532 2135 boni
1557 2095 1782 2151 'eXpers.
1815 2081 2044 2137 Cunctis
2081 2081 2229 2137 enim

2331 2081 2426 2135 καὶ
2457 2082 2554 2134 οὐκ
2586 2081 2704 2132 ἔστι
2733 2094 2787 2131 τι
2816 2079 2925 2132 τῶν
2949 2081 3136 2143 ὄντων,
3180 2079 3211 2132 δ
3249 2079 3322 2149 μὴ
3364 2079 3582 2150 μετέχει
3607 2078 3707 2131 τοῦ
3738 2079 3903 2132 κα.λοῦ

653 2171 802 2239 quod
842 2171 1132 2241 pulchrum
1168 2186 1231 2225 ac
1264 2171 1469 2226 bonum
1510 2181 1613 2234 est,
1652 2188 1751 2227 cert
1787 2189 1916 2228 vere
1948 2173 2230 2228 admiran-

2331 2173 2426 2225 καὶ
2465 2169 2691 2238 ἀγαθοῦ.
2728 2171 2870 2222 Πᾶσι
2895 2169 3004 2240 γάρ
3025 2171 3143 2222 ἐστι
3163 2170 3222 2222 τὸ
3248 2170 3412 2223 καλὸν
3441 2170 3534 2223 καὶ
3565 2169 3799 2238 ἀγαθὸν,
3833 2169 3906 2232 ὡς

654 2261 807 2325 dum,
850 2261 1219 2332 expetendum
1268 2271 1352 2318 est
1397 2270 1454 2316 et
1499 2264 1732 2318 amabile
1772 2272 1830 2318 et
1875 2262 2137 2334 placitum
2176 2272 2230 2319 et

2331 2261 2502 2324 δντως
2532 2259 2792 2328 ἀγαστὸν,
2828 2259 3020 2329 ἐφετὸν
3048 2262 3144 2314 καὶ
3175 2261 3406 2332 ὲραστδν
3427 2262 3522 2313 καὶ
3551 2261 3793 2330 ἀρεστὸν
3815 2264 3907 2314 καὶ

652 2353 800 2423 quod
860 2353 1094 2424 eligatur
1155 2363 1212 2408 et
1274 2354 1679 2409 charissimam.
1735 2354 1978 2410 Observa
2044 2364 2230 2410 autem

2331 2354 2546 2427 αἱρετὸν
2587 2355 2683 2408 καὶ
2733 2354 3039 2425 ἀγαπητόν.
3089 2353 3403 2425 Σημεεωσαι
3448 2354 3504 2406 δὲ
3545 2355 3668 2417 πῶς
3703 2356 3734 2407 δ
3766 2355 3907 2416 0:19;

653 2449 1113 2519 quemadmodum
1142 2449 1362 2504 divinus
1384 2466 1538 2503 amor
1569 2450 1622 2504 in
1650 2449 1793 2504 bono
1824 2451 2227 2520 prteexsistens,

2332 2444 2472 2517 ἔρως
2519 2446 2577 2498 ὲν
2603 2444 2682 2514 τῷ
2719 2444 2908 2514 ἀγαθῷ
2940 2445 3330 2516 προῦπάρχων,
3373 2443 3525 2497 ἔτεκε
3553 2443 3650 2497 τὸν
3680 2444 3742 2497 ἓν
3773 2447 3907 2514 ημῖν

652 2542 857 2597 bonum
892 2543 946 2596 in
976 2543 1136 2599 nobis
1177 2558 1418 2618 amorem
1451 2543 1719 2612 genuerit,
1751 2558 1860 2612 quo
1887 2542 2106 2612 pulchri
2133 2556 2230 2596 seu

2333 2535 2535 2605 ἀγαθὸν
2568 2535 2781 2604 ἔρωτα,
2831 2534 2900 2588 δι’
2946 2529 3008 2587 οὗ
3058 2533 3152 2586 τοῦ
3203 2533 3371 2586 καλοῦ
3416 2535 3508 2586 καὶ
3552 2533 3764 2601 ἀγαθοῦ
3812 2536 3907 2603 ἐς·

653 2633 892 2694 honesti,
937 2633 1178 2703 bonique
1226 2634 1282 2686 in
1328 2633 1489 2687 nobis
1540 2633 1877 2688 desiderium
1922 2643 2027 2697 est,
2076 2634 2255 2704 juxta.

2336 2627 2548 2697 ιέμεθα,
2580 2626 2722 2678 κατὰ
2758 2625 2850 2678 τὸν
2892 2624 3449 2693 εἰπόντα,Ἐραστὴς
3475 2625 3778 2694 ἐγενόμην
3802 2625 3907 2678 τοῦ

652 2737 779 2774 cum
821 2722 915 2791 qui
963 2721 1134 2776 dicit:
1171 2724 1392 2776 Amator
1436 2723 1604 2791 factus
1652 2739 1770 2776 sum
1818 2721 2229 2792 pulchritudinis

2333 2718 2602 2783 κάλλους
2630 2715 2843 2785 αὐτῆς.
2879 2715 3010 2779 Καὶ,
3055 2714 3371 2784 Ἐράσθητι
3401 2715 3622 2786 αὐτῆς,
3672 2717 3776 2770 καὶ
3806 2733 3908 2782 τη-

653 2810 797 2867 ἱιίὶιιε
819 2811 884 2865 ⁷⁸.
921 2812 989 2866 Ει
1015 2829 1030 2866 :
1066 2813 1202 2866 Ama
1229 2811 1404 2878 illam,
1435 2821 1483 2866 et
1512 2813 1745 2868 servabit
1776 2823 1860 2880 te;
1887 2812 2231 2869 circumvalla

2325 2809 2508 2879 ρήσει
2532 2823 2628 2862 σε’
2657 2824 2788 2876 περι
2793 2806 3152 2876 χαράκωσον
3175 2805 3390 2876 αὐτὴν,
3417 2809 3512 2861 καὶ
3535 2807 3779 2877 ὑψώσει
3810 2822 3906 2864 σε.

653 2903 826 2966 illam,
853 2913 902 2957 et
938 2904 1192 2958 exaltabit
1221 2911 1270 2958 te
1293 2905 1359 2958 ⁷⁸.

722 2994 811 3052 84.
845 2993 1129 3065 Theologi,
1166 2995 1337 3048 Deum
1371 2992 1700 3064 quandoque
1733 3009 1974 3049 amorem
2009 3003 2228 3060 vocant,

2407 2984 2511 3040 τπδ’.
2541 2985 2618 3038 Τὸ
2646 2984 2806 3038 Θεῖον
2849 2984 2899 3037 οἱ
2939 2983 3199 3051 θεολόγοι,
3235 2983 3364 3037 ποτὲ
3395 2983 3498 3054 μὲν
3539 2983 3740 3055 ἔρωτα,

651 3081 984 3152 quandoque
1009 3083 1336 3138 charitatem
1363 3099 1458 3138 seu
1487 3082 1836 3138 dilectionem
1859 3099 1873 3149 ;
1898 3083 2230 3154 quandoque
2256 3124 2273 3180 ‘

2285 3123 2299 3178 ι
2331 3077 2388 3131 δὲ
2420 3077 2666 3147 ἀγάπην,
2700 3075 2830 3130 ποτὲ
2863 3074 2920 3130 δὲ
2950 3075 3178 3146 ὲραστὸν
3201 3075 3292 3129 καί
3313 3075 3594 3146 ἀγαπητὸν
3615 3075 3907 3129 καλοῦσιν.

650 3171 943 3226 amabilem
999 3171 1415 3242 dilectumque,
1479 3187 1575 3226 seu
1629 3171 2032 3226 charissimam.
2091 3166 2272 3228 Hinc'

2289 3166 2299 3178 ’
2333 3169 2516 3234 Ὀθεν,
2547 3170 2623 3233 ὡς
2646 3169 2745 3241 μὲν
2765 3168 2900 3240 ἔρως
2920 3167 3163 3239 ὑπάρχον
3177 3166 3272 3222 καὶ
3302 3166 3508 3239 ἀγάπη,
3543 3172 3798 3222 κινεῖται·
3833 3167 3911 3232 ὡς

651 3258 908 3329 proinde,
939 3273 1004 3314 ea
1041 3261 1266 3330 quidem
1306 3263 1520 3316 ratione
1562 3278 1670 3331 qua
1708 3277 1868 3316 amor
1898 3273 1956 3317 et
1991 3263 2232 3319 eharitas

2326 3261 2386 3316 δὲ
2427 3261 2658 3332 ὲραστδν
2698 3263 2792 3315 καὶ
2822 3261 3129 3328 ἀγαπητὸν,
3168 3262 3308 3314 κινεῖ
3352 3259 3488 3332 πρὸς
3531 3260 3690 3313 ἑαυτὸ
3718 3261 3908 3314 πάντα

649 3357 735 3402 est
785 3363 882 3404 seu
934 3350 1176 3414 dilectio,
1233 3362 1510 3416 movetur;
1552 3367 1661 3421 qua
1707 3367 1838 3406 vero
1879 3353 2132 3408 amabilis
2175 3363 2234 3409 et

2325 3353 2394 3407 τὰ
2425 3353 2628 3425 ἔρωτος
2658 3353 2755 3406 καὶ
2787 3353 3009 3425 ἀγάπης
3036 3352 3281 3408 δεκτικά.
3311 3353 3420 3406 Kal.
3447 3351 3778 3422 τρανότερον
3803 3347 3909 3406 αὖε

649 3439 887 3496 dilectus
918 3456 1012 3496 seu
1046 3443 1421 3508 charissimus,
1445 3445 1628 3499 omnia
1651 3445 1718 3500 ad
1752 3461 1811 3501 se
1836 3445 2004 3500 trahit
2027 3446 2231 3502 amoris

2327 3444 2409 3508 θις
2457 3444 2642 3512 φάναι,
2675 3447 2903 3499 κινεῖται
2938 3445 3036 3515 μὲν
3083 3445 3159 3508 ὡς
3193 3443 3379 3513 σχέσιν
3423 3441 3686 3512 ἐμποιοῦν
3725 3443 3907 3496 Evado

651 3545 717 3584 ac
746 3530 1031 3586 charitatis
1070 3548 1167 3587 seu
1208 3532 1520 3589 dilectionis
1551 3537 1790 3604 capacia.
1823 3537 1912 3599 Et,
1945 3544 2006 3590 ut
2037 3553 2231 3592 rursus

2332 3535 2487 3589 θετον
2524 3535 2730 3606 ἔρωτος
2763 3535 2861 3588 καὶ
2911 3535 3136 3604 ἀγάπης
3181 3536 3297 3598 τοῖς
3339 3533 3543 3587 τούτων
3593 3534 3906 3592 Barcini;-

650 3622 856 3678 clarius
877 3623 1075 3689 dicam,
1103 3633 1356 3680 movetur
1379 3625 1621 3696 quidem,
1649 3643 1709 3682 ea
1746 3627 1979 3692 ratione,
2006 3645 2113 3698 qua
2142 3630 2227 3683 in-

2331 3629 2474 3681 κινεῑ
2500 3626 2576 3691 δὲ,
2604 3626 2681 3690 ὡς
2713 3626 2961 3680 ἑλκτικὸν
2986 3625 3167 3694 φύσει,
3194 3628 3298 3696 τῆς
3323 3624 3431 3678 τῶν
3453 3611 3549 3678 ὲπτ
3563 3624 3694 3679 αὐτὸ
3715 3642 3909 3679 κινου-

651 3721 872 3768 ternum
914 3714 1097 3770 animo
1127 3716 1334 3770 amoris
1362 3727 1416 3771 et
1444 3717 1730 3772 eharitatis
1770 3733 1869 3772 seu
1917 3719 2230 3775 dilectionis

2337 3719 2512 3790 μένων
2563 3719 2820 3788 ἐφέσεως.
2867 3719 2979 3772 Καὶ⁵
3020 3719 3185 3772 πάλιν
3215 3720 3358 3771 κινεῖ
3395 3718 3488 3770 καὶ
3534 3719 3792 3781 κινεῖται,
3832 3719 3909 3780 ὡς

649 3802 910 3858 aﬁectum
957 3805 1043 3859 his
1093 3806 1400 3875 ingenerat,
1447 3808 1539 3876 qui
1594 3809 1744 3862 illius
1786 3824 2014 3878 capaces
2065 3819 2226 3876 sunt;

2331 3809 2501 3879 διψῶν
2527 3808 2588 3862 τὺ
2621 3807 2897 3878 διψᾶσθαι,
2934 3809 3028 3862 καὶ
3069 3808 3213 3880 ἐρῶν
3255 3808 3317 3862 τδ
3350 3806 3595 3880 ἐρᾶσθαι,
3634 3808 3730 3860 καὶ
3759 3811 3907 3876 ἁγα-

650 3901 835 3947 movet
861 3907 997 3947 vero
1029 3909 1094 3949 ea
1123 3895 1354 3959 ratione,
1387 3913 1494 3966 qua
1538 3898 1646 3951 vim
1689 3899 1854 3953 habet
1893 3908 2089 3955 natura
2121 3908 2232 3954 tra-

1297 3911 1354 3959 ie,
1387 3913 1494 3966 qua
1538 3898 1646 3951 vim
1689 3899 1854 3953 habet
1893 3908 2089 3955 natura
2121 3908 2232 3954 ιη-
2335 3899 2454 3951 πῶν
2493 3897 2554 3950 τὸ
2585 3897 2919 3966 ἀγαπᾶσθαι.

649 3985 816 4040 hendi
859 4001 1054 4041 eorum
1088 3990 1414 4058 appetitum,
1451 3991 1545 4061 qui
1587 3991 1655 4046 ad
1699 3993 1876 4064 ipsum
1910 4002 2220 4050 moventur.
2257 3993 2335 4050 Ac
2361 4008 2554 4048 rursus
2584 4000 2766 4047 movet
2819 4001 2986 4062 atque
3046 3998 3321 4056 movetur,
3356 3990 3524 4062 utqui
3551 3991 3704 4047 sitiat
3728 3990 3905 4058 sitiri,

647 4086 795 4132 amet
828 4079 1022 4146 amari,
1053 4095 1118 4134 ac
1144 4080 1334 4151 diligat
1361 4083 1538 4154 diligi.
3132 4104 3134 4107 '

716 4168 806 4224 85.
844 4168 989 4236 Quin
1019 4179 1076 4226 et
1107 4171 1329 4228 divinus
1361 4190 1516 4228 amor
1545 4174 1842 4230 exstaticus
1877 4186 1962 4232 est
1985 4218 2000 4241 ,
2035 4188 2094 4232 ut
2129 4177 2224 4247 qui

2401 4183 2504 4232 πεθ.
2540 4175 2694 4230 Ἐστι
2730 4175 2788 4230 δὲ
2833 4177 2928 4230 καὶ
2977 4175 3302 4240 ἑκστατικὸς
3352 4175 3381 4226 δ
3415 4173 3556 4238 θεῖος
3603 4173 3768 4247 ἔρως,
3805 4177 3905 4230 οιέιι

646 4269 926 4314 amatores
954 4276 1064 4314 non
1101 4263 1186 4316 sui
1230 4263 1473 4332 ipsorum
1517 4281 1638 4320 esse
1679 4267 1844 4330 sinat,
1890 4268 1990 4323 sed
2031 4284 2223 4324 eorum

2327 4266 2432 4320 ἐῶν
2451 4267 2660 4320 ἑαυτῶν
2680 4263 2819 4321 εἶναι
2847 4267 2972 4331 τοὺς
2999 4267 3258 4337 ἐραστὰς,
3289 4265 3426 4320 ἀλλὰ
3445 4264 3554 4318 τῶν
3581 4266 3901 4336 ἐρωμένων.

644 4349 740 4418 qui
797 4351 973 4405 amori
1024 4352 1319 4408 habentur.
1371 4355 1540 4426 quue
1589 4357 1886 4422 declarant,
1940 4359 2224 4428 superiora

2327 4359 2438 4412 Καὶ
2468 4358 2688 4429 δηλοῦσι
2734 4361 2805 4413 τὰ
2857 4359 2960 4431 μὲν
3003 4360 3311 4432 ὑπέρτερα,
3349 4361 3448 4430 τῆς
3503 4358 3760 4429 προνοίας
3797 4359 3904 4411 τῶν

644 4441 891 4510 quidem,
909 4442 1040 4496 dum
1061 4444 1382 4500 inferiorum
1402 4447 1559 4511 ﬁunt,
1573 4464 1764 4503 eorum
1783 4465 1928 4504 cura:
1948 4450 2222 4521 impensa:
2255 4492 2266 4547 Ι

2281 4496 2298 4545 )
2326 4449 2649 4503 καταδεεστὲ
2657 4467 2769 4521 ρων
2791 4451 3074 4521 γινόμενα·
3095 4451 3192 4505 καὶ
3215 4449 3285 4503 τά
3315 4450 3624 4520 ὁμόστοιχα,
3662 4447 3767 4547 τῆς
3811 4452 3903 4504 di;-

644 4544 890 4585 resvero
909 4532 1155 4602 ejusdem
1185 4535 1426 4604 generis,
1460 4545 1652 4592 mutua
1679 4539 2045 4606 cohterentia;
2077 4541 2217 4596 infe-
2255 4532 2266 4547 ’

2277 4532 2296 4546 ’
2325 4539 2502 4610 λήλων
2534 4540 2788 4610 συνοχῆς*
2815 4542 2910 4595 καὶ
2937 4541 3006 4595 τά
3034 4539 3320 4612 ὑφειμένα,
3358 4543 3454 4610 τῆς
3482 4540 3617 4612 πρὸς
3641 4539 3716 4593 τὰ
3745 4542 3899 4610 πρῶο

645 4620 790 4675 riora
840 4620 1102 4693 denique,
1153 4624 1422 4681 diviniore
1467 4630 1827 4686 conversione
1873 4631 1944 4685 ad
1984 4648 2047 4687 ea
2099 4649 2223 4702 quas

2325 4649 2392 4684 τα
2422 4631 2700 4703 θειοτέρας
2728 4634 3081 4705 ἐπιστροφῆς.
3114 4633 3205 4686 Διδ
3252 4633 3347 4686 καὶ
3389 4631 3600 4696 Παῦλος
3643 4633 3676 4686 ὁ
3724 4633 3899 4703 μέγας

644 4719 775 4764 sunt
814 4711 1014 4781 prima.
1058 4713 1265 4770 Idcirco
1308 4717 1474 4771 etiam
1521 4734 1748 4789 magnus
1788 4721 1989 4777 Paulus
2033 4723 2222 4780 divino

2325 4725 2386 4777 ὲν
2403 4726 2606 4795 κατοχῇ
2638 4723 2734 4778 τοῦ
2763 4724 2909 4779 θείου
2941 4725 3179 4794 γεγονὼς
3211 4725 3434 4797 ἔρωτος,
3462 4725 3677 4795 καὶτῆς
3703 4727 3901 4778 ἐκστα-

643 4809 838 4870 captus
891 4819 1103 4870 amore,
1150 4806 1343 4876 visque
1387 4809 1532 4864 illius
1579 4825 1700 4879 qua?
1748 4827 2034 4868 excessum
2069 4814 2219 4881 facit,

2324 4816 2485 4884 τικῆς
2519 4815 2685 4869 αὐτοῦ
2729 4817 3012 4886 δυνάμεως
3042 4816 3403 4888 μετειληφὼς,
3436 4817 3603 4888 mea
3640 4818 3894 4888 στόματι,

643 4891 924 4962 particeps
963 4894 1242 4950 effectus:
1291 4897 1412 4952 Vivo
1460 4915 1574 4968 ego,
1626 4901 1810 4956 aiebat
1850 4902 2037 4958 divino
2081 4920 2219 4972 ore;

2327 4903 2418 4957 Ζῶ
2444 4905 2578 4975 ἐγὼ,
2609 4908 2798 4977 φησὶν,
2817 4909 3041 4972 οὐκέτι,
3066 4907 3136 4978 τῇ
3163 4909 3316 4964 δὲέν
3339 4911 3468 4982 ἐμοὶ
3498 4911 3756 4978 Χριστός
3775 4927 3794 4938 ·
3827 4911 3895 4962 ὡς

633 4982 762 5051 jam
783 5000 888 5038 non
920 5002 1048 5055 ego;
1078 4989 1198 5041 vivit
1228 5005 1348 5042 vero
1385 4991 1440 5042 in
1480 5005 1560 5042 me
1597 4990 1924 5060 Christus";
1963 5003 2221 5065 tanquam

2327 4993 2534 5064 ἀληθὴς
2565 4996 2804 5067 ἐραστὴς
2853 4999 2946 5051 καὶ
2973 4997 3340 5065 ἐξεστηκὼς,
3391 4999 3468 5062 ὡς
3517 4999 3678 5061 αὑτός
3709 5005 3722 5034 ί
3736 5015 3889 5067 φησι.

644 5072 860 5128 scilicet
902 5091 1072 5130 verus
1114 5087 1345 5143 amator,
1378 5087 1433 5134 et
1473 5081 1568 5149 qui
1599 5080 1705 5134 Deo
1731 5088 2028 5140 excessisset
2053 5088 2120 5153 "",
2161 5098 2224 5144 ut

2324 5080 2403 5147 τῷ
2431 5085 2577 5150 Θεῷ,
2610 5087 2702 5138 καὶ
2737 5087 2796 5139 οὐ
2823 5087 2924 5157 τὴν
2953 5087 3148 5142 ἑαυτοῦ
3177 5089 3306 5154 ζῶν,
3337 5089 3472 5143 ἀλλά
3513 5089 3613 5160 τὴν
3645 5089 3746 5141 τοῦ
3771 5090 3892 5158 ἐρα-

645 5161 794 5218 idem
823 5164 942 5234 ipse
970 5166 1252 5236 loquitur;
1292 5186 1397 5225 nec
1430 5172 1541 5241 jam
1574 5189 1730 5228 suam
1758 5176 1894 5245 ipse,
1920 5179 2016 5233 sed
2056 5183 2224 5234 amati

1725 5197 1730 5226 ›
1758 5176 1894 5245 ipse,
1920 5179 2016 5233 sed
2056 5183 2224 5234 amati
2325 5174 2449 5226 στοῦ
2477 5175 2644 5246 ζωὴν.
2675 5176 2750 5241 ὡς
2785 5178 2990 5250 σφόδρα
3035 5179 3347 5254 ἀγαπητήν.

643 5251 856 5309 viveret
881 5256 1074 5322 vitam,
1107 5274 1210 5314 ceu
1233 5260 1393 5331 longe
1419 5263 1820 5320 charissimam.

713 5341 802 5398 86.
836 5345 894 5400 ld
931 5364 1152 5419 quoque
1187 5349 1242 5404 in
1277 5353 1508 5422 gratiam
1538 5355 1789 5410 veritatis
1823 5355 2081 5413 ﬁdentius
2136 5360 2222 5414 di-

2397 5372 2494 5430 πς¹
2547 5366 2858 5440 Τολμητέον
2895 5371 2990 5424 καὶ
3020 5369 3179 5426 τοῦτο
3218 5372 3361 5444 ὑπὲρ
3389 5371 3644 5444 ἀληθείας
3691 5373 3876 5424 εἰπεῖν·

715 5477 764 5508 ’⁸
793 5478 918 5550 Sap.
949 5500 1061 5548 vm,
1091 5487 1144 5539 ‘2.
1220 5489 1267 5518 ’⁷³
1296 5489 1456 5545 Prov.
1492 5507 1565 5555 tv,
1598 5491 1651 5546 6.
1725 5493 1769 5522 7‘
1798 5491 1972 5547 Galat.
2003 5510 2062 5560 ιι,
2086 5494 2175 5549 20.
2251 5497 2335 5552 "l

1091 5487 1144 5539 ‘2.
1220 5489 1267 5518 ’⁷³
1296 5489 1456 5545 Prov.
1492 5507 1565 5555 tv,
1598 5491 1651 5546 6.
1725 5493 1769 5522 7‘
1798 5491 1972 5547 Galat.
2003 5510 2062 5560 ιι,
2086 5494 2175 5549 20.
2251 5497 2294 5528 ⁷⁷
2317 5499 2359 5552 ll
2386 5498 2510 5554 Cor.
2540 5519 2590 5568 v,
2624 5504 2709 5557 15.

717 5612 896 5696 ξςξὲρ.
928 5617 1218 5696 £_De__dir.
1266 5641 1428 5692 nam,
1477 5628 1508 5696 ᾗ
1544 5629 1608 5682 10
1653 5638 1706 5684 et
1757 5630 1822 5686 Η»
1861 5629 1928 5684 ad
1960 5647 2109 5686 num.
2149 5631 2215 5688 8i
2251 5637 2406 5691 infra.

711 5682 736 5703 "
763 5679 901 5738 Ibid.
935 5684 1022 5751 83,
1073 5689 1156 5742 15.
