4108 6434
251 414 392 484 139ῗ
1239 431 1730 503 ΟῸᾸΞΞΤΙΟΝΕΞ
1767 436 1868 496 AD

1901 437 2493 500 THEOPEMP’I‘UM.
2529 483 2534 486 -
3362 443 3494 508 1398

251 555 445 608 ροντος
482 538 898 609 ἐνδομυχοῦσαν,
929 543 1023 594 καὶ
1061 535 1176 598 οἷον
1221 547 1539 611 αἰκίζουσάν
1575 567 1632 601 τε
1669 567 1823 602 συνεν
1854 559 1873 610 1

1883 572 1897 612 ι
1927 561 2081 607 nesta
2107 563 2233 608 sunt
2262 569 2325 607 ac
2351 554 2512 608 oflicii
2545 554 2889 618 obduratior,
2917 568 3037 624 quae
3067 569 3133 608 ex
3160 553 3505 610 diuturniore

253 631 369 702 χώς
402 631 492 684 καὶ
513 631 826 701 διοχλοῦσαν
855 633 952 705 τὴν
979 634 1209 705 βάσανον
1238 654 1251 666 ’
1277 637 1381 702 ἕως
1419 639 1482 690 λυ
1492 641 1728 711 μῂνηται
1757 639 1825 695 τὰ

1927 642 2118 697 habitu
2147 643 2403 708 inolevit;
2449 645 2577 696 dum
2619 643 2710 697 illa
2741 644 2890 698 intus
2928 645 3103 699 latens
3142 659 3205 699 ac
3249 645 3506 698 continue

254 723 357 793 τὴν
408 722 587 793 ψυχὴν
632 724 1005 796 λυμαινόμενα
1041 728 1212 798 πάθη,
1249 730 1316 783 δι’
1348 731 1702 802 ἐγκρατείας,
1733 735 1828 787 καὶ

1927 737 2079 790 velut
2112 736 2390 806 flagellatis
2438 737 2807 806 ingruensque
2847 736 3132 791 molestius
3175 747 3505 791 tormentum

253 815 356 882 τῆς
387 815 523 885 πρὸς
563 815 630 868 τὰ
665 817 800 884 μέλη
831 819 930 888 τῆς
965 821 1166 890 σαρκὸς
1197 824 1444 878 ἑκουσίου
1480 827 1823 896 νεκρώσεως.

1928 824 2076 879 ferre
2103 840 2213 879 non
2239 835 2419 895 potest
2445 843 2456 878 :
2485 825 2728 894 quandiu
2759 826 3019 880 nimirum
3045 827 3273 881 affectus
3297 843 3360 881 ae
3385 827 3507 880 libi-

251 903 393 960 Εἶτα
431 908 526 960 καὶ
551 907 688 980 πρὸς
711 910 1030 980 ἀγχιστείαν
1059 914 1226 968 αὐτοῦ
1253 915 1346 968 τοῦ
1377 916 1536 985 λόγου
1568 919 1636 972 δι’
1670 921 1828 974 εὐσε-

1934 916 2114 982 dines,
2155 918 2391 971 animam
2425 919 2858 987 pessumdantes,
2890 935 2988 988 per
3021 919 3413 974 continentiam
3447 937 3508 974 ac

211 1041 216 1052 .
255 998 434 1062 ϐείας.
472 1001 566 1054 καὶ
599 1001 698 1071 τῆς
728 1003 857 1074 περὶ
903 1003 970 1058 τὰ
1005 1006 1239 1077 κρείττω
1267 1009 1602 1080 τελεωτέρας
1631 1011 1829 1080 ἀγάγοι

1935 1016 2130 1076 sponte
2158 1017 2488 1078 assumptum
2530 1010 2902 1064 membrorum
2931 1011 3112 1064 carnis
3135 1010 3510 1064 mortificatio-

255 1095 502 1166 σπουδῆς
526 1114 541 1128 ·
572 1093 654 1161 οἷς
682 1101 932 1166 φυσικῶς
966 1103 1404 1173 ἐνεργουμένοις,
1435 1105 1501 1156 τὰ
1524 1105 1701 1157 οἰκεῖα
1735 1105 1832 1157 καὶ

1935 1114 2096 1163 nem,
2146 1115 2255 1153 non
2300 1100 2766 1169 pessumdederit;
2813 1101 3120 1170 exindeque
3173 1101 3238 1154 ad
3285 1099 3510 1154 rationis

258 1189 507 1260 πατρικὰ
539 1193 920 1260 παραϐάλλων,
961 1196 990 1248 ὁ
1016 1196 1156 1266 ὑπὲρ
1190 1197 1368 1250 λὺσὶαν
1395 1198 1488 1250 καὶ
1517 1197 1678 1265 φύσιν
1698 1197 1831 1260 Θεὸς

1936 1193 2110 1262 ipsius
2132 1194 2617 1257 necessitudinem,
2636 1195 2856 1263 pietatis
2883 1195 3032 1249 eultu
3065 1195 3509 1263 diligentioriquc

257 1283 470 1355 Κύριος
527 1285 685 1354 ἡμῶν
726 1285 937 1355 Ἰησοῦς
978 1288 1233 1357 Χριστὸς,
1282 1289 1343 1341 '0
1368 1288 1424 1340 δὲ
1451 1289 1598 1353 Θεὸς
1628 1291 1700 1341 οὐ
1742 1288 1829 1356 μὴ

1933 1299 2100 1352 opera
2123 1299 2251 1355 erga
2270 1300 2333 1337 ea
2359 1301 2480 1354 qua:
2503 1284 2722 1338 virtutis
2743 1293 2891 1348 sunt,
2916 1285 3226 1354 provexerit
3252 1303 3264 1338 :
3287 1283 3507 1354 quibus,

257 1374 519 1444 ποιήσῃ,
545 1377 704 1446 φησὶ,
743 1377 858 1444 τὴν
894 1377 1210 1444 ἐκδίκησιν
1231 1377 1414 1446 ὑμῶν,
1445 1379 1510 1430 δι’
1544 1378 1677 1447 ἐμοῦ
1705 1397 1836 1447 σαρ-

1935 1376 2063 1429 dum
2097 1376 2176 1429 sic
2204 1384 2398 1429 natura
2431 1385 2777 1445 prtestantur,
2805 1393 2902 1430 sua
2931 1386 3268 1446 paternaque
3299 1375 3512 1430 assimi-

259 1467 548 1542 κωθέντος,
575 1471 667 1522 καὶ
700 1470 797 1539 τὴν
820 1470 914 1524 τοῦ
936 1471 1264 1542 καθαιρέτου
1288 1472 1384 1540 τῆς
1414 1472 1629 1540 φύσεως
1651 1488 1833 1524 ποιουο

1933 1466 2075 1530 lans,
2104 1467 2198 1536 qui
2241 1467 2476 1521 essentia
2523 1474 2824 1535 naturaque
2854 1469 2998 1522 Deus
3025 1469 3289 1522 Dominus
3329 1476 3513 1520 noster

259 1541 426 1630 μένου
469 1560 795 1631 καθαίρεσιν
822 1579 836 1626 ;
1112 1541 1117 1542 ν

1932 1560 2092 1614 Jesus
2119 1559 2375 1614 Christus
2401 1561 2652 1628 superior
2679 1553 2782 1625 est;
2814 1560 2970 1625 Deus,
2999 1561 3196 1629 inquit,
3223 1560 3388 1630 638
3409 1575 3513 1611 non

258 1649 416 1717 faciet
441 1648 978 1703 vestrivindictam':
1007 1650 1466 1720 pcrmcscilicct,
1495 1651 1588 1720 qui
1646 1663 1867 1704 carnem
1906 1650 2319 1718 assumpserim,
2387 1659 2443 1704 et
2483 1650 2579 1719 qui
2619 1667 2745 1704 eum
2785 1651 3085 1715 destruant,
3130 1651 3221 1721 qui
3260 1660 3513 1706 naturam

257 1735 554 1793 destruxit.

333 1827 492 1881 υῦτω
520 1827 620 1897 μὲν
646 1825 740 1882 οὖν
765 1829 832 1883 τὰ
867 1833 990 1900 περὶ
1022 1831 1210 1885 τούτου
1245 1831 1520 1902 διεξῆλθον
1551 1832 1828 1901 irit/Spw:
1860 1839 1900 1891 Β

1893 1842 1900 1888 ι
1991 1831 2200 1899 Sicque
2247 1833 2386 1886 adeo
2428 1849 2550 1902 qua:
2594 1834 2704 1887 huc
2751 1843 2998 1903 spectant
3044 1835 3147 1889 sub
3189 1835 3515 1906 compendio

259 1917 394 1984 ἐγὼ,
439 1918 562 1970 καθ’
586 1919 710 1972 ὅσον
760 1921 820 1973 τὸ
864 1923 1146 1992 ἐγχωροῦν
1214 1925 1315 1991 τῆς
1353 1923 1591 1986 διανοίας
1635 1925 1834 1994 μέτρον

1935 1921 2208 1981 enarravi,
2242 1931 2507 1989 quantum
2556 1937 2657 1989 pro
2711 1922 2875 1974 animi
2922 1923 3143 1977 modulo
3189 1924 3404 1994 assequi
3446 1925 3515 1977 li-

260 2010 575 2080 ὲπήρκεσεν
608 2029 622 2042 ο
649 2014 696 2064 εί
721 2016 814 2067 καὶ
839 2015 1020 2077 ἄλλως
1054 2015 1205 2070 ἄλλοι
1237 2017 1326 2068 τὸν
1362 2016 1528 2068 τόπον
1562 2017 1830 2085 κατανοήι

1935 2011 2070 2073 cuit,
2102 2012 2205 2065 etsi
2250 2013 2339 2064 alii
2376 2029 2500 2065 eum
2536 2012 2714 2065 locum
2749 2013 2908 2066 aliter
2944 2013 3358 2076 intellexerunt;
3386 2030 3513 2083 par-

263 2117 459 2164 σαντες
488 2119 502 2133 ’
533 2105 583 2156 οί
638 2105 737 2172 μὲν
792 2108 873 2167 είς
911 2108 1148 2176 Χριστόν
1180 2125 1194 2139 ο
1221 2108 1271 2160 οἱ
1310 2107 1366 2161 δὲ
1397 2107 1723 2178 τοῦμπαλιν,
1757 2111 1834 2168 εἰς

1939 2102 2146 2172 timque
2176 2104 2244 2158 de
2285 2103 2530 2168 Christo,
2562 2105 2762 2174 partim
2810 2116 3001 2160 contra
3045 2107 3113 2160 de
3157 2108 3513 2172 Antichristo,

261 2191 355 2243 τὸν
399 2192 770 2263 ’Δντίχριστον
817 2195 1158 2266 ἐξειλήφασι.
1193 2200 1322 2262 Δέος
1377 2199 1434 2251 δέ
1468 2216 1559 2268 μοι
1601 2201 1763 2262 νοεῖν,
1799 2199 1831 2268 ἦ

1937 2196 2190 2250 nonnulli
2229 2205 2623 2265 exposuerunt.
2656 2197 2838 2251 Metuo
2870 2204 3047 2251 tamen
3084 2214 3147 2252 ac
3179 2199 3513 2262 absterreor,

261 2280 447 2349 λέγειν
492 2285 728 2355 ἑκάτερα
759 2302 772 2316 ⁶
813 2288 875 2340 τὸ
931 2290 1050 2358 μὲν,
1081 2288 1158 2353 ὡς
1211 2289 1544 2360 ἀσύγκριτον
1578 2308 1592 2320 ο
1618 2289 1680 2343 οὐ
1727 2289 1836 2362 γὰρ

1937 2302 2008 2342 ne
2055 2289 2330 2342 utrumvis
2377 2299 2472 2342 aut
2522 2289 2839 2358 intelligam,
2889 2299 2984 2342 aut
3029 2290 3206 2344 dicam
3238 2310 3252 2344 :
3284 2291 3514 2346 alterum

268 2371 438 2441 μείων
499 2375 598 2442 μὲν
651 2376 780 2428 Υἱοῦ
808 2393 822 2406 ⁸
860 2379 1062 2447 μείζων
1115 2380 1171 2433 δὲ
1199 2381 1496 2451 “acpbe-,7!)
1531 2379 1834 2448 ἐκδίκησιςο

1938 2379 2183 2450 quidem,
2207 2379 2353 2450 quod
2375 2395 2591 2434 omnem
2629 2391 2850 2450 respuat
2884 2383 3376 2451 comparationem;
3407 2398 3514 2438 non

263 2462 302 2535 ᾗ
340 2463 406 2517 δι’
437 2464 618 2528 ἄλλον,
654 2469 746 2521 καὶ
789 2470 921 2539 ἄλλη
974 2471 1036 2522 τὸ
1086 2473 1326 2537 συνόλον,
1365 2471 1502 2541 πλὴν
1539 2471 1634 2524 τοῦ
1682 2469 1834 2524 Υίοῦ.

1973 2473 2086 2525 nim
2119 2473 2298 2526 minor
2340 2473 2560 2542 quidem
2593 2473 2737 2536 Filii,
2777 2475 2949 2544 major
2977 2484 3161 2528 autem
3189 2475 3371 2530 ‘l’atris
3393 2477 3517 2530 vin-
3589 2539 3595 2546 ν

268 2555 380 2607 Καὶ
419 2556 534 2620 πῶς
567 2559 659 2610 ἐπὶ
689 2560 784 2625 τῆς
825 2562 992 2630 αὐτῆς
1031 2566 1398 2634 συγκριτικῶς
1448 2581 1599 2635 φησι,
1635 2564 1727 2624 τὸ,
1777 2564 1838 2616 Ὀ

1939 2563 2082 2618 dicta
2117 2573 2226 2628 est;
2262 2574 2355 2619 aut
2386 2582 2484 2634 per
2513 2565 2700 2628 alium,
2736 2576 2896 2636 atque
2929 2569 3030 2621 alia
3076 2585 3323 2639 prorsus,
3354 2585 3515 2639 quam

265 2645 336 2700 δὲ
360 2649 524 2713 Θεὸς,
549 2651 732 2719 φησὶν,
776 2656 846 2706 οὐ
878 2658 1118 2718 ποιήσει
1151 2656 1265 2722 τὴν
1290 2657 1608 2722 ἐκδίκησιν
1623 2657 1797 2724 ὑμῶν
1820 2672 1838 2718 ;

1941 2654 2086 2719 Filii,
2123 2663 2218 2708 aut
2254 2671 2352 2724 per
2384 2657 2602 2711 Filium.
2633 2655 2875 2722 Quanam
2899 2673 3030 2710 vero
3060 2659 3292 2718 ratione,
3325 2658 3515 2712 eadem

264 2738 344 2790 υὺ
381 2740 490 2809 γὰρ
523 2739 634 2810 ἔχει
680 2742 864 2812 χώραν
890 2760 901 2775 '
940 2745 970 2815 ἧ
1001 2746 1259 2818 διάφορος
1299 2748 1517 2810 πάντως
1553 2748 1838 2817 δειχθήσεο

1940 2763 2065 2800 cum
2092 2747 2183 2808 sit,
2212 2749 2364 2816 quasi
2391 2763 2486 2816 per
2513 2748 2978 2818 comparationem
3000 2749 3155 2811 dicit,
3181 2749 3318 2803 Deus
3343 2758 3520 2802 autem

266 2846 399 2893 ται,
443 2833 536 2884 καὶ
589 2836 727 2900 μετὰ
774 2836 871 2906 τῆς
909 2838 1122 2904 φύσεως
1168 2840 1228 2892 οὐ
1274 2839 1578 2909 δυναμένης
1620 2841 1679 2893 τὸ
1725 2837 1840 2894 ἴσον

1943 2855 2046 2892 non
2077 2841 2542 2908 facicteindictam
2568 2843 2769 2894 vestri?
2791 2842 2907 2895 Non
2941 2841 3087 2895 enim
3120 2839 3285 2894 habet
3307 2841 3517 2900 locum,

267 2921 404 2994 ἃρᾷν
428 2939 443 2954 ⁶
469 2926 558 2977 καὶ
585 2927 672 2980 διὰ
703 2927 859 2980 τοῦτο
909 2930 1126 2992 λοιπὸν,
1153 2932 1212 2984 οὐ
1249 2932 1690 3002 συντασσομένης
1725 2949 1736 2960 ·
1771 2934 1842 2986 εἰ·

1942 2943 2038 2987 aut
2066 2933 2290 2986 omnino
2316 2933 2567 2988 diversus
2595 2933 3015 2997 monstrabitur,
3051 2948 3225 3002 eaque
3253 2932 3521 3002 praeditus

269 3013 594 3085 κονιζοῦσης
624 3018 680 3069 δὲ
711 3019 892 3088 μόνον.
927 3021 1001 3080 ὡς
1026 3021 1437 3092 ῦπερκειμένην
1458 3063 1473 3086 ,
1504 3022 1604 3090 τὴν
1639 3021 1841 3091 ὑπερέ-

1943 3031 2160 3086 natura,
2195 3039 2316 3092 quae
2359 3023 2512 3078 .idem
2560 3034 2819 3093 praestare
2866 3041 2974 3078 non
3022 3026 3238 3094 possit:
3291 3042 3519 3095 quaeque

270 3123 494 3175 χουσαν.
515 3108 587 3160 Τὸ
610 3107 686 3166 δὲ.
720 3110 795 3172 ὡς
823 3111 1143 3164 ἁνέκδεκτον
1181 3113 1274 3164 καὶ
1313 3114 1612 3183 ἀμήχανον,
1643 3113 1704 3166 τὸ
1741 3132 1841 3166 κα-
1871 3165 1892 3219 ί

270 3198 362 3219 Ἰὶ..
419 3217 471 3219 A-
511 3201 554 3219 _.
661 3203 672 3219 \
866 3204 876 3218 ο
1021 3206 1043 3219 -ο
1160 3204 1170 3219 α
1316 3206 1328 3219 ι
1375 3206 1477 3219 κερ
1599 3207 1614 3219 ι
1767 3210 1831 3219 -.-

1895 3166 1908 3182 ,
1944 3114 2083 3168 adeo
2110 3115 2355 3185 ejusdem
2389 3115 2613 3170 minime
2633 3117 2855 3170 .ordinis
2889 3117 2992 3181 sit;
3030 3116 3123 3170 sed
3163 3132 3284 3186 qua:
3311 3117 3517 3170 solum-

1895 3198 1911 3219 Α
2056 3204 2068 3219 1
2165 3215 2174 3219 -
2568 3206 2578 3216 ο
2702 3217 2710 3219 _
2890 3207 2900 3218 ο
3006 3207 3018 3219 ι
3265 3205 3285 3219 ο
3384 3213 3394 3219 .

267 3198 362 3250 λδν
410 3201 584 3254 ποιεῖν
625 3203 714 3255 τον
747 3204 947 3266 κακίας
991 3204 1218 3276 εὑρετὴν
1243 3206 1338 3258 καὶ
1371 3206 1688 3260 διδάσκαλον
1718 3223 1733 3235 ·
1760 3210 1841 3262 Οὐ
1872 3198 1889 3219 ι

1897 3198 1911 3218 ¹
1945 3204 2108 3258 modo
2157 3215 2421 3274 tanquam
2474 3206 2807 3260 eminentem
2860 3207 3154 3260 simulacro
3201 3205 3402 3260 referat
3455 3222 3519 3260 ac

271 3290 382 3358 τὰρ
414 3291 684 3355 δύναται,
715 3297 868 3364 φησι,
898 3295 1150 3364 δένδρον
1184 3297 1423 3364 σαπρὸν
1444 3299 1712 3367 καρποὺς
1737 3316 1843 3353 κα-

1946 3305 2321 3364 reprzesentet,
2343 3313 2462 3351 eam
2484 3313 2605 3366 quae
2625 3297 2908 3366 prmeellit.
2931 3298 3178 3356 Alterum
3199 3312 3351 3360 vero,
3373 3299 3519 3366 quod

267 3383 424 3449 ,ποὺς
488 3386 717 3438 ποιεῖν·
751 3387 913 3439 καλὸν
965 3389 1019 3439 δὲ
1065 3389 1096 3458 ἡ
1154 3389 1454 3458 ἐκδίκησις,
1488 3391 1581 3443 καὶ
1624 3389 1684 3444 τὸ
1743 3391 1843 3459 τὴν

1945 3385 2100 3440 nullo
2140 3386 2301 3440 modo
2349 3386 2746 3442 admittendum
2793 3389 2886 3450 sit,
2935 3403 3113 3457 neque
3145 3403 3232 3442 res
3265 3388 3426 3453 ferat,
3463 3398 3522 3442 ut

269 3475 495 3543 ὖχλησιν
524 3479 879 3544 ἀφοσιοῦσθαι
911 3480 1138 3543 δεόντως
1179 3481 1270 3532 τοῦ
1322 3482 1796 3552 προσπελάζοντος
1827 3500 1840 3514 ·

1945 3485 2138 3530 auctor
2165 3477 2384 3530 malitia:
2415 3487 2468 3530 et
2504 3478 2758 3532 inventor
2790 3477 3110 3547 doctorque,
3138 3478 3346 3532 bonum
3375 3494 3519 3548 prte-

272 3567 304 3638 ῆ
334 3568 507 3639 τούτῳ
535 3571 974 3639 παραϐάλλεσθαι
1009 3574 1190 3643 τυχὸν,
1215 3573 1241 3626 ὃ
1268 3576 1342 3643 μὴ
1372 3573 1532 3643 θέμις
1551 3618 1564 3636 ,
1599 3575 1688 3626 τὸν
1731 3575 1845 3627 Πα-

1947 3577 2091 3621 stare
2128 3567 2474 3621 existimetur
2515 3585 2527 3620 :
2572 3568 2686 3622 Non
2719 3571 2880 3628 enim,
2927 3570 3126 3639 inquit,
3165 3579 3329 3640 potest
3365 3570 3522 3624 arbor

270 3660 426 3730 τέρα,
461 3661 554 3714 καὶ
584 3663 762 3734 πάσης
792 3665 994 3734 ἀρετῆς
1020 3667 1114 3717 καὶ
1148 3665 1294 3735 ζωῆς
1319 3665 1554 3735 χορηγὸν
1583 3664 1643 3729 ἐξ
1681 3666 1810 3718 Υἱοῦ
1829 3707 1844 3727 ,

1950 3659 2094 3714 maia
2123 3662 2322 3730 fructus
2351 3661 2508 3714 bonos
2539 3662 2711 3730 facere
2739 3663 2790 3727 ⁶;
2820 3663 3059 3718 vindicta
3092 3674 3273 3716 autem
3319 3663 3520 3716 bonum

271 3755 368 3806 καὶ
405 3753 580 3806 ταῦτα
631 3754 954 3824 μονογενοῦς
979 3795 993 3816 .
1025 3758 1114 3810 καὶ
1155 3760 1272 3812 ἴσου
1309 3763 1408 3830 τὴν
1441 3762 1603 3830 φύσιν
1627 3762 1722 3815 καὶ
1747 3761 1847 3830 τὴν

1948 3760 2052 3816 est,
2093 3753 2350 3824 justeque
2381 3769 2607 3809 munere
2653 3771 2748 3809 seu
2790 3754 3091 3817 functione,
3122 3753 3524 3824 interpellantis

271 3845 608 3916 ἁγαθὸτητα.
643 3849 716 3901 Οὐ
751 3848 858 3918 γὰρ
888 3851 954 3902 τὰ
991 3850 1132 3904 καλὰ
1179 3853 1268 3906 διὰ
1288 3853 1396 3907 τῶν
1427 3854 1612 3907 κακῶν
1650 3853 1850 3924 μηνύε-

1949 3845 2255 3899 molestiam
2299 3844 2569 3899 redimere
2603 3861 2667 3900 ac
2699 3845 2994 3914 depelle-re.
3023 3847 3131 3900 Aut
3156 3847 3296 3901 forte
3325 3855 3386 3900 ut
3410 3847 3522 3900 An-
3549 3883 3553 3889 η

275 3937 399 3990 σθαι
456 3939 719 4008 πέφυκεν,
761 3940 950 4012 ὥσπερ
981 3943 1102 3996 οὐδὲ
1144 3945 1232 3998 διὰ
1269 3947 1493 4009 σκότους
1545 3947 1605 3999 τὸ
1640 3947 1776 4014 φῶς,
1812 3948 1845 4017 ἢ

1950 3935 2200 3990 tichristo
2237 3937 2402 4007 (quod
2448 3937 2622 4007 nefas)
2665 3938 2879 3992 Patrem
2918 3938 3150 3994 similem
3195 3954 3521 4001 asseramus,

275 4023 511 4080 θανάτου
541 4028 652 4101 ζωή
683 4047 696 4059 ⁸
735 4035 828 4084 καὶ
880 4033 973 4086 τοῦ
1021 4035 1286 4104 μηδαμῶς
1313 4037 1495 4100 δντος.
1531 4037 1591 4090 τὸ
1637 4039 1714 4091 ὃν.
1745 4041 1850 4091 Καὶ

1949 4045 2049 4099 per
2073 4029 2301 4093 .Filium,
2347 4029 2512 4098 idque
2561 4029 2906 4099 unigenitum
2953 4031 3181 4099 parique
3234 4038 3428 4084 natura
3463 4045 3551 4084 ac:

274 4119 340 4172 οὐ
368 4119 509 4187 λέγω
551 4122 725 4175 ταῦτα
771 4125 904 4194 πρὸς
931 4125 1029 4194 τὴν
1054 4127 1279 4180 ἐκείνων
1309 4128 1566 4197 ἀθέτησιν
1603 4147 1616 4160 ·
1655 4130 1850 4199 ἔχομαι

1951 4121 2217 4184 bonitate,
2242 4121 2460 4176 virtutis
2485 4121 2665 4178 omnis
2685 4137 2749 4174 ac
2771 4123 2894 4175 vitce
2913 4129 3214 4175 auctorem.
3237 4123 3354 4176 Non
3379 4123 3524 4175 enim

277 4208 390 4279 γὰρ
419 4211 507 4262 καὶ
533 4211 830 4282 ἀντέχομαι
864 4214 1009 4283 ζωῆς
1046 4215 1206 4268 πλέον
1235 4256 1250 4279 ,
1281 4217 1381 4283 τῆς
1437 4218 1543 4271 τῶν
1593 4220 1850 4288 φαμένων

1950 4219 2148 4267 natura
2177 4221 2570 4280 comparatum,
2593 4220 2654 4265 ut
2679 4211 2820 4265 bona
2849 4219 2904 4266 et
2924 4211 3175 4276 honesta,
3195 4227 3385 4266 eorum
3406 4227 3527 4280 quae

277 4297 630 4367 διδασκαλίας
651 4322 664 4334 ·
698 4305 834 4357 ἀλλὰ
861 4306 920 4358 τὸ
943 4308 1142 4360 οἰκεῖον
1177 4309 1401 4378 μέτριον
1424 4309 1490 4362 δι’
1523 4310 1698 4380 ἄκραν
1742 4311 1851 4363 δει-

1952 4304 2093 4361 mala
2125 4312 2274 4366 sunt,
2303 4311 2429 4374 typo
2455 4303 2844 4372 designentur;
2871 4302 3020 4356 sicut
3045 4318 3222 4370 neque
3246 4311 3306 4355 ut
3341 4303 3525 4357 lumen

279 4393 405 4448 λίαν
434 4395 883 4465 ἀσφαλιζόμενος.
915 4399 1024 4468 Τὴν
1054 4398 1110 4451 δὲ
1143 4399 1448 4466 ἀνάγνωσιν
1486 4400 1579 4452 τοῦ
1615 4401 1852 4456 {immi-

1954 4412 2053 4465 per
2086 4396 2362 4459 tenebras,
2387 4412 2450 4450 ac
2475 4412 2572 4465 per
2596 4405 2828 4450 mortem
2851 4395 2988 4460 vita;
3014 4410 3081 4448 eo
3109 4394 3346 4464 denique
3381 4395 3525 4464 quod

279 4483 400 4546 ζειν
427 4485 732 4546 κανονίζειν
784 4488 844 4540 οὐ
893 4488 1102 4557 πρέπον
1133 4489 1275 4558 ἐμοὶ,
1307 4489 1396 4542 διὰ
1425 4492 1524 4561 τὴν
1558 4493 1615 4544 ἐν
1641 4492 1852 4557 τούτοις
1887 4495 1901 4548 Ι

1903 4496 1926 4544 ἶ
1956 4487 2184 4541 minime
2209 4495 2312 4548 est.
2343 4487 2395 4541 id
2425 4485 2568 4555 quod
2599 4494 2684 4540 est
2709 4484 2993 4556 ﬁguretur.
3026 4484 3212 4554 Neque
3242 4485 3355 4539 hmc
3381 4485 3525 4547 dicu,

278 4576 596 4648 ἀμαθίαν,ἦ
628 4581 740 4641 τοῖς
766 4580 1097 4649 ἠσκημένοις
1116 4583 1207 4634 καὶ
1233 4584 1435 4654 σπουδῇ
1465 4585 1852 4655 προελομένοις

1951 4591 2014 4634 ut
2049 4581 2182 4635 viris
2221 4581 2540 4646 detrahant;
2581 4594 2705 4633 eum
2745 4593 2934 4633 eorum
2972 4577 3067 4647 qui
3106 4577 3382 4641 dixerunt,
3433 4577 3528 4630 do-

278 4667 382 4736 τὴν
413 4670 728 4722 παίδευσιν⁹
763 4671 811 4724 οἳ
847 4673 1051 4740 ταύτην
1102 4674 1338 4742 ὀφείλειν
1391 4677 1524 4744 φασὶ
1572 4679 1852 4743 κανονίζεο

1949 4675 2207 4740 ctrinam,
2242 4674 2358 4742 ipsa
2387 4673 2693 4727 eharinrem
2731 4671 2843 4726 vita
2867 4671 3119 4736 habeam,
3153 4671 3248 4726 sed
3295 4677 3354 4724 ut
3395 4686 3529 4724 meae

281 4759 411 4811 σθαι
468 4758 772 4830 βαρυτόνως
834 4762 1118 4834 μᾶλλον,ἢ
1176 4765 1623 4834 περισπομένως,
1657 4767 1737 4818 ὅτι
1794 4768 1852 4820 τέ

1951 4769 2070 4838 ipse
2100 4767 2354 4821 tenuitati
2386 4782 2502 4834 pra:
2530 4779 2742 4818 summa
2777 4763 3074 4818 formidine
3099 4778 3339 4818 caveam.
3370 4763 3531 4820 Vocis

280 4866 417 4920 φασι
445 4851 551 4904 τῶν
583 4853 846 4923 ῥημάτιον
871 4855 1020 4906 οὐδὲν
1052 4858 1409 4924 περισπᾶται,
1443 4855 1580 4926 πλὴν
1606 4860 1653 4909 εἰ
1689 4858 1761 4928 μὴ
1789 4859 1853 4910 ἐκ

1959 4867 2142 4914 autem
2179 4857 2520 4920 ὑπωπιάζειν
2559 4864 2816 4910 accentus
2847 4856 3114 4910 rationem
3151 4853 3390 4915 tradente.
3421 4867 3531 4908 non

283 4947 654 5014 συναιρέσεως
710 4945 1004 5014 βαρυτόνου
1065 4946 1418 5015 καθέστηκεν.
1469 4949 1544 5011 ὡς
1599 4949 1692 5011 τὸ,
1725 4949 1849 5013 νοῶ,

1961 4959 2068 5004 tam
2099 4964 2342 5002 mearum
2381 4947 2452 5000 sit
2485 4948 2748 5016 partium,
2779 4947 2851 5001 ob
2885 4961 3153 5002 summam
3193 4945 3342 4999 iisin
3370 4943 3531 4998 rebus

281 5036 380 5090 καὶ
448 5037 619 5096 ποιῶ.
674 5038 768 5091 καὶ
829 5037 1036 5107 χρυσῶ,
1116 5040 1208 5092 καὶ
1269 5039 1368 5091 ὃσα
1431 5039 1695 5103 τοιαῦτα,
1749 5057 1854 5108 φυ-

1962 5041 2260 5103 inscitiam,
2294 5054 2455 5109 quam
2497 5038 2864 5101 eruditorum,
2904 5046 2962 5092 et
2994 5036 3088 5105 qui
3115 5033 3420 5104 disciplinis
3449 5049 3530 5087 sc-

280 5128 556 5182 λάσσοντα
618 5131 715 5182 καὶ
777 5132 916 5184 μετὰ
976 5131 1288 5202 προθέσεως
1359 5132 1452 5184 ἐπὶ
1522 5131 1619 5202 τῆς
1683 5131 1857 5201 αὐτῆς

1963 5132 2093 5186 dulo
2131 5131 2373 5185 animum
2404 5131 2790 5200 adjunxerunt.
2817 5129 2986 5183 Aiunt
3016 5129 3198 5196 itaque
3229 5126 3310 5181 sic
3341 5125 3531 5179 obser-

281 5221 377 5296 ιςὸν
405 5223 578 5275 τόνον.
1964 5221 2225 5285 vandum,
2255 5231 2316 5275 ut
2343 5221 2496 5291 gravi
2525 5220 2708 5290 potius
2733 5226 2992 5282 accentu,
3033 5231 3196 5286 quam
3231 5215 3370 5269 ﬂexo
3403 5230 3533 5284 pro-

284 5316 593 5372 nuntietur.
620 5317 840 5373 Nullum
863 5319 1010 5374 enim
1035 5320 1263 5374 verbum
1286 5321 1477 5374 dicunt
1503 5318 1882 5384 circumﬂecti,
1923 5318 2030 5373 nisi
2064 5315 2209 5387 quod
2248 5331 2314 5370 ex
2356 5315 2508 5386 gravi
2543 5331 2640 5385 per
2678 5313 3106 5368 contractionem
3140 5310 3397 5367 effectum
3428 5311 3531 5378 sit;

272 5418 350 5461 .ut
395 5415 523 5462 sunt
565 5409 668 5460 νοῶ
699 5409 870 5472 ποιῶ,
902 5411 1117 5480 χρυσῶ,
1153 5426 1216 5465 ac
1259 5412 1490 5475 similia,
1527 5428 1647 5482 qua:
1691 5413 1857 5466 etiam
1895 5427 2020 5466 cum
2055 5409 2429 5480 propositione
2457 5409 2510 5462 in
2537 5407 2726 5462 eadem
2753 5419 2974 5468 servant
2995 5414 3302 5459 accentum.

360 5500 476 5567 Τὴν
503 5500 701 5567 δεξιὰν,
729 5504 977 5572 σιαγόνα,
1005 5503 1102 5574 τὴν
1128 5503 1308 5567 δεξιὰν
1343 5506 1539 5576 πρᾶξίν
1566 5524 1731 5576 φημι,
1760 5505 1852 5558 καὶ

2028 5503 2194 5575 639
2217 5504 2506 5557 Dexteram
2537 5501 2811 5556 maxillam
2837 5541 2853 5567 ,
2889 5499 3168 5554 dexteram
3205 5497 3329 5552 dico
3361 5495 3534 5550 actioe

272 5593 424 5661 631w
457 5591 638 5656 ἔνθεος
697 5597 831 5663 ἡμῖν
881 5595 968 5650 διὰ
1020 5596 1129 5648 τῶν
1177 5596 1405 5651 ἐντολῶν
1463 5599 1854 5668 συνιστάμενος

1961 5612 2110 5661 nem,
2146 5604 2202 5650 et
2243 5611 2365 5665 qua:
2411 5595 2583 5648 fauste
2617 5593 2798 5658 cedit;
2829 5607 3045 5647 omnem
3081 5589 3341 5658 denique,
3371 5601 3533 5656 quam

278 5684 407 5753 βίος
453 5685 872 5755 χαρακτηρίζει,
921 5688 1292 5760 ραπιζομένην
1333 5689 1438 5743 ὑπὸ
1476 5689 1570 5744 τοῦ
1612 5690 1849 5760 πονηροῦ

1957 5688 2144 5750 divina
2192 5687 2352 5741 nobis
2384 5686 2513 5750 vita,
2545 5685 2925 5744 mandatorum
2953 5681 3335 5748 observatione
3373 5678 3531 5748 fulta,

351 5841 381 5870 ·⁵
402 5840 541 5900 Luc.
573 5858 716 5907 xvm,
756 5843 806 5894 7.
886 5844 904 5870 ‘
935 5843 1117 5898 Matth.
1150 5861 1238 5906 vn,
1278 5845 1354 5900 18.
