  <div class='ocr_page' id='page_1' title='image "/cluster/home/n/w/nwhite01/storage/ocr_20150623/90/hvd.32044019208016/709.png"; bbox 0 0 4108 6428; ppageno 0'>
   <div class='ocr_carea' id='block_1_1' title="bbox 691 389 826 451">
    <p class='ocr_par' dir='ltr' id='par_1_1' title="bbox 691 389 826 451">
     <span class='ocr_line' id='line_1_1' title="bbox 691 389 826 451; baseline 0.022 -2"><span class='ocrx_word' id='word_1_1' title='bbox 691 389 712 449; x_wconf 88' lang='grc'><strong>1</strong></span> <span class='ocrx_word' id='word_1_2' title='bbox 733 390 826 451; x_wconf 76' lang='grc' dir='ltr'>ίθ3</span> 
     </span>
    </p>
   </div>
   <div class='ocr_carea' id='block_1_2' title="bbox 1839 414 2780 475">
    <p class='ocr_par' dir='ltr' id='par_1_2' title="bbox 1839 414 2780 475">
     <span class='ocr_line' id='line_1_2' title="bbox 1839 414 2780 475; baseline 0.003 -5"><span class='ocrx_word' id='word_1_3' title='bbox 1839 415 1898 472; x_wconf 88' lang='lat' dir='ltr'><strong>S.</strong></span> <span class='ocrx_word' id='word_1_4' title='bbox 1941 415 2224 471; x_wconf 66' lang='lat' dir='ltr'><strong>MAXIM!</strong></span> <span class='ocrx_word' id='word_1_5' title='bbox 2267 414 2780 475; x_wconf 76' lang='lat' dir='ltr'><strong>CUNFESSORIS</strong></span> 
     </span>
    </p>
   </div>
   <div class='ocr_carea' id='block_1_3' title="bbox 3768 420 3871 485">
    <p class='ocr_par' dir='ltr' id='par_1_3' title="bbox 3768 420 3871 485">
     <span class='ocr_line' id='line_1_3' title="bbox 3768 420 3871 485; baseline 0.01 -1"><span class='ocrx_word' id='word_1_6' title='bbox 3768 420 3871 485; x_wconf 74' lang='grc' dir='ltr'><strong>ίωί</strong></span> 
     </span>
    </p>
   </div>
   <div class='ocr_carea' id='block_1_4' title="bbox 687 499 2309 600">
    <p class='ocr_par' dir='ltr' id='par_1_4' title="bbox 687 499 2309 588">
     <span class='ocr_line' id='line_1_4' title="bbox 687 499 2309 588; baseline 0.013 -32"><span class='ocrx_word' id='word_1_7' title='bbox 687 499 818 560; x_wconf 86' lang='lat' dir='ltr'><strong>illuc</strong></span> <span class='ocrx_word' id='word_1_8' title='bbox 840 521 1028 562; x_wconf 87' lang='lat' dir='ltr'><strong>errore</strong></span> <span class='ocrx_word' id='word_1_9' title='bbox 1055 525 1182 580; x_wconf 67' lang='lat' dir='ltr'><strong>vaga</strong></span> <span class='ocrx_word' id='word_1_10' title='bbox 1212 513 1355 567; x_wconf 82' lang='lat' dir='ltr'><strong>circa</strong></span> <span class='ocrx_word' id='word_1_11' title='bbox 1387 516 1621 581; x_wconf 82' lang='lat' dir='ltr'><strong>inutilia,</strong></span> <span class='ocrx_word' id='word_1_12' title='bbox 1644 519 1893 588; x_wconf 66' lang='lat' dir='ltr'><strong>juvenem</strong></span> <span class='ocrx_word' id='word_1_13' title='bbox 1928 523 1984 577; x_wconf 92' lang='lat' dir='ltr'><strong>in</strong></span> <span class='ocrx_word' id='word_1_14' title='bbox 2020 524 2264 588; x_wconf 90' lang='lat' dir='ltr'><strong>modum,</strong></span> <span class='ocrx_word' id='word_1_15' title='bbox 2299 563 2309 584; x_wconf 56' lang='grc' dir='ltr'><em>ι</em></span> 
     </span>
    </p>
   </div>
   <div class='ocr_carea' id='block_1_5' title="bbox 2249 499 3871 600">
    <p class='ocr_par' dir='ltr' id='par_1_5' title="bbox 2249 520 3871 600">
     <span class='ocr_line' id='line_1_5' title="bbox 2249 520 3871 600; baseline 0.004 -25"><span class='ocrx_word' id='word_1_16' title='bbox 2249 564 2264 588; x_wconf 98' lang='grc'><strong>,</strong></span> <span class='ocrx_word' id='word_1_17' title='bbox 2299 531 2335 584; x_wconf 77' lang='grc' dir='ltr'><strong>Α</strong></span> <span class='ocrx_word' id='word_1_18' title='bbox 2369 524 2556 588; x_wconf 78' lang='grc' dir='ltr'>ζουσα,</span> <span class='ocrx_word' id='word_1_19' title='bbox 2586 520 2686 592; x_wconf 78' lang='grc' dir='ltr'>ᾦδε</span> <span class='ocrx_word' id='word_1_20' title='bbox 2732 529 2952 580; x_wconf 79' lang='grc' dir='ltr'>κάκεῖσε</span> <span class='ocrx_word' id='word_1_21' title='bbox 2989 528 3117 597; x_wconf 72' lang='grc' dir='ltr'>περὶ</span> <span class='ocrx_word' id='word_1_22' title='bbox 3145 527 3214 580; x_wconf 76' lang='grc' dir='ltr'><strong>τὰ</strong></span> <span class='ocrx_word' id='word_1_23' title='bbox 3233 527 3503 596; x_wconf 71' lang='grc' dir='ltr'>ἀνωφελῆ,</span> <span class='ocrx_word' id='word_1_24' title='bbox 3528 522 3610 578; x_wconf 75' lang='grc' dir='ltr'>οἷά</span> <span class='ocrx_word' id='word_1_25' title='bbox 3637 545 3708 588; x_wconf 78' lang='grc' dir='ltr'><strong>τις</strong></span> <span class='ocrx_word' id='word_1_26' title='bbox 3736 531 3871 600; x_wconf 77' lang='grc' dir='ltr'>δαμα-</span> 
     </span>
    </p>
   </div>
   <div class='ocr_carea' id='block_1_6' title="bbox 687 591 2261 681">
    <p class='ocr_par' dir='ltr' id='par_1_6' title="bbox 687 591 2261 681">
     <span class='ocr_line' id='line_1_6' title="bbox 687 591 2261 681; baseline 0.015 -37"><span class='ocrx_word' id='word_1_27' title='bbox 687 591 970 648; x_wconf 89' lang='lat' dir='ltr'><strong>iuvcnitur</strong></span> <span class='ocrx_word' id='word_1_28' title='bbox 999 615 1010 650; x_wconf 93' lang='lat'><strong>:</strong></span> <span class='ocrx_word' id='word_1_29' title='bbox 1041 614 1330 670; x_wconf 90' lang='lat' dir='ltr'><strong>sermoque</strong></span> <span class='ocrx_word' id='word_1_30' title='bbox 1361 620 1424 657; x_wconf 89' lang='lat' dir='ltr'><strong>ac</strong></span> <span class='ocrx_word' id='word_1_31' title='bbox 1453 607 1614 669; x_wconf 97' lang='lat' dir='ltr'><strong>ratio,</strong></span> <span class='ocrx_word' id='word_1_32' title='bbox 1637 608 1852 678; x_wconf 88' lang='lat' dir='ltr'><strong>abjecto</strong></span> <span class='ocrx_word' id='word_1_33' title='bbox 1879 613 2112 667; x_wconf 89' lang='lat' dir='ltr'><strong>actionis</strong></span> <span class='ocrx_word' id='word_1_34' title='bbox 2136 630 2261 681; x_wconf 89' lang='lat' dir='ltr'><strong>pre—</strong></span> 
     </span>
    </p>
   </div>
   <div class='ocr_carea' id='block_1_7' title="bbox 686 685 2260 765">
    <p class='ocr_par' dir='ltr' id='par_1_7' title="bbox 686 685 2260 765">
     <span class='ocr_line' id='line_1_7' title="bbox 686 685 2260 765; baseline 0.012 -28"><span class='ocrx_word' id='word_1_35' title='bbox 686 685 830 739; x_wconf 90' lang='lat' dir='ltr'><strong>tioso</strong></span> <span class='ocrx_word' id='word_1_36' title='bbox 867 689 1092 754; x_wconf 89' lang='lat' dir='ltr'><strong>amictu,</strong></span> <span class='ocrx_word' id='word_1_37' title='bbox 1125 692 1268 744; x_wconf 86' lang='lat' dir='ltr'><strong>haud</strong></span> <span class='ocrx_word' id='word_1_38' title='bbox 1309 695 1458 748; x_wconf 86' lang='lat' dir='ltr'><strong>cultu</strong></span> <span class='ocrx_word' id='word_1_39' title='bbox 1499 696 1715 753; x_wconf 88' lang='lat' dir='ltr'><strong>decenti</strong></span> <span class='ocrx_word' id='word_1_40' title='bbox 1757 701 1918 765; x_wconf 91' lang='lat' dir='ltr'><strong>nitet,</strong></span> <span class='ocrx_word' id='word_1_41' title='bbox 1951 703 2056 757; x_wconf 91' lang='lat' dir='ltr'><strong>etsi</strong></span> <span class='ocrx_word' id='word_1_42' title='bbox 2096 703 2260 759; x_wconf 87' lang='lat' dir='ltr'><strong>talem</strong></span> 
     </span>
    </p>
   </div>
   <div class='ocr_carea' id='block_1_8' title="bbox 685 780 1609 852">
    <p class='ocr_par' dir='ltr' id='par_1_8' title="bbox 685 780 1609 852">
     <span class='ocr_line' id='line_1_8' title="bbox 685 780 1609 852; baseline 0.016 -22"><span class='ocrx_word' id='word_1_43' title='bbox 685 780 869 847; x_wconf 87' lang='lat' dir='ltr'><strong>specie</strong></span> <span class='ocrx_word' id='word_1_44' title='bbox 901 789 1060 836; x_wconf 90' lang='lat' dir='ltr'><strong>tenus</strong></span> <span class='ocrx_word' id='word_1_45' title='bbox 1089 785 1349 852; x_wconf 72' lang='lat' dir='ltr'><strong>praeferre</strong></span> <span class='ocrx_word' id='word_1_46' title='bbox 1372 788 1609 844; x_wconf 88' lang='lat' dir='ltr'><strong>videtur.</strong></span> 
     </span>
    </p>
   </div>
   <div class='ocr_carea' id='block_1_9' title="bbox 754 954 2263 1042">
    <p class='ocr_par' dir='ltr' id='par_1_9' title="bbox 754 954 2263 1042">
     <span class='ocr_line' id='line_1_9' title="bbox 754 954 2263 1042; baseline 0.012 -35"><span class='ocrx_word' id='word_1_47' title='bbox 754 954 806 1008; x_wconf 88' lang='lat'><strong>6.</strong></span> <span class='ocrx_word' id='word_1_48' title='bbox 841 956 1029 1010; x_wconf 84' lang='lat' dir='ltr'><strong>Virilis</strong></span> <span class='ocrx_word' id='word_1_49' title='bbox 1068 958 1334 1028; x_wconf 78' lang='lat' dir='ltr'><strong>fortisque</strong></span> <span class='ocrx_word' id='word_1_50' title='bbox 1375 963 1612 1030; x_wconf 88' lang='lat' dir='ltr'><strong>animus,</strong></span> <span class='ocrx_word' id='word_1_51' title='bbox 1648 969 1894 1024; x_wconf 80' lang='lat' dir='ltr'><strong>mulieris</strong></span> <span class='ocrx_word' id='word_1_52' title='bbox 1935 972 2127 1037; x_wconf 84' lang='lat' dir='ltr'><strong>instar,</strong></span> <span class='ocrx_word' id='word_1_53' title='bbox 2164 987 2263 1042; x_wconf 89' lang='lat' dir='ltr'><strong>per</strong></span> 
     </span>
    </p>
   </div>
   <div class='ocr_carea' id='block_1_10' title="bbox 685 1049 2264 1130">
    <p class='ocr_par' dir='ltr' id='par_1_10' title="bbox 685 1049 2264 1130">
     <span class='ocr_line' id='line_1_10' title="bbox 685 1049 2264 1130; baseline 0.014 -33"><span class='ocrx_word' id='word_1_54' title='bbox 685 1060 902 1101; x_wconf 87' lang='lat' dir='ltr'><strong>onmem</strong></span> <span class='ocrx_word' id='word_1_55' title='bbox 929 1049 1116 1112; x_wconf 88' lang='lat' dir='ltr'><strong>vitam,</strong></span> <span class='ocrx_word' id='word_1_56' title='bbox 1142 1051 1349 1122; x_wconf 88' lang='lat' dir='ltr'><strong>duplici</strong></span> <span class='ocrx_word' id='word_1_57' title='bbox 1380 1072 1610 1112; x_wconf 85' lang='lat' dir='ltr'><strong>accensa</strong></span> <span class='ocrx_word' id='word_1_58' title='bbox 1635 1058 1751 1114; x_wconf 84' lang='lat' dir='ltr'><strong>face</strong></span> <span class='ocrx_word' id='word_1_59' title='bbox 1778 1061 2030 1130; x_wconf 88' lang='lat' dir='ltr'><strong>(actionis</strong></span> <span class='ocrx_word' id='word_1_60' title='bbox 2054 1063 2264 1119; x_wconf 84' lang='lat' dir='ltr'><strong>scilicet</strong></span> 
     </span>
    </p>
   </div>
   <div class='ocr_carea' id='block_1_11' title="bbox 684 1138 2259 1225">
    <p class='ocr_par' dir='ltr' id='par_1_11' title="bbox 684 1138 2259 1225">
     <span class='ocr_line' id='line_1_11' title="bbox 684 1138 2259 1225; baseline 0.013 -36"><span class='ocrx_word' id='word_1_61' title='bbox 684 1138 739 1191; x_wconf 94' lang='lat' dir='ltr'><strong>vi</strong></span> <span class='ocrx_word' id='word_1_62' title='bbox 783 1153 846 1191; x_wconf 88' lang='lat' dir='ltr'><strong>ac</strong></span> <span class='ocrx_word' id='word_1_63' title='bbox 888 1145 1398 1216; x_wconf 81' lang='lat' dir='ltr'><strong>contemplationis)</strong></span> <span class='ocrx_word' id='word_1_64' title='bbox 1444 1165 1566 1218; x_wconf 64' lang='lat' dir='ltr'><strong>quae</strong></span> <span class='ocrx_word' id='word_1_65' title='bbox 1609 1160 1739 1205; x_wconf 90' lang='lat' dir='ltr'><strong>sunt</strong></span> <span class='ocrx_word' id='word_1_66' title='bbox 1782 1153 1945 1208; x_wconf 78' lang='lat' dir='ltr'><strong>cilicii</strong></span> <span class='ocrx_word' id='word_1_67' title='bbox 1991 1155 2202 1225; x_wconf 83' lang='lat' dir='ltr'><strong>peragit</strong></span> <span class='ocrx_word' id='word_1_68' title='bbox 2246 1173 2259 1209; x_wconf 91' lang='lat'><strong>:</strong></span> 
     </span>
    </p>
   </div>
   <div class='ocr_carea' id='block_1_12' title="bbox 685 1235 2265 1306">
    <p class='ocr_par' dir='ltr' id='par_1_12' title="bbox 685 1235 2265 1306">
     <span class='ocr_line' id='line_1_12' title="bbox 685 1235 2265 1306; baseline 0.014 -28"><span class='ocrx_word' id='word_1_69' title='bbox 685 1241 877 1281; x_wconf 86' lang='lat' dir='ltr'><strong>rursus</strong></span> <span class='ocrx_word' id='word_1_70' title='bbox 915 1245 1048 1284; x_wconf 86' lang='lat' dir='ltr'><strong>vero</strong></span> <span class='ocrx_word' id='word_1_71' title='bbox 1083 1235 1360 1290; x_wconf 82' lang='lat' dir='ltr'><strong>contraria</strong></span> <span class='ocrx_word' id='word_1_72' title='bbox 1415 1238 1510 1306; x_wconf 88' lang='lat' dir='ltr'><strong>qui</strong></span> <span class='ocrx_word' id='word_1_73' title='bbox 1541 1240 1918 1296; x_wconf 65' lang='lat' dir='ltr'><strong>voluntatibus</strong></span> <span class='ocrx_word' id='word_1_74' title='bbox 1959 1244 2140 1299; x_wconf 88' lang='lat' dir='ltr'><strong>mollis</strong></span> <span class='ocrx_word' id='word_1_75' title='bbox 2180 1253 2265 1300; x_wconf 86' lang='lat' dir='ltr'><strong>est</strong></span> 
     </span>
    </p>
   </div>
   <div class='ocr_carea' id='block_1_13' title="bbox 681 1329 1072 1374">
    <p class='ocr_par' dir='ltr' id='par_1_13' title="bbox 681 1329 1072 1374">
     <span class='ocr_line' id='line_1_13' title="bbox 681 1329 1072 1374; baseline 0.018 -6"><span class='ocrx_word' id='word_1_76' title='bbox 681 1329 750 1369; x_wconf 89' lang='lat' dir='ltr'><strong>ac</strong></span> <span class='ocrx_word' id='word_1_77' title='bbox 784 1332 1072 1374; x_wconf 80' lang='lat' dir='ltr'><strong>remissus.</strong></span> 
     </span>
    </p>
   </div>
   <div class='ocr_carea' id='block_1_14' title="bbox 755 1409 2262 1491">
    <p class='ocr_par' dir='ltr' id='par_1_14' title="bbox 755 1409 2262 1491">
     <span class='ocr_line' id='line_1_14' title="bbox 755 1409 2262 1491; baseline 0.013 -30"><span class='ocrx_word' id='word_1_78' title='bbox 755 1409 806 1461; x_wconf 93' lang='lat'><strong>7.</strong></span> <span class='ocrx_word' id='word_1_79' title='bbox 837 1409 958 1463; x_wconf 86' lang='lat' dir='ltr'><strong>Non</strong></span> <span class='ocrx_word' id='word_1_80' title='bbox 991 1410 1193 1466; x_wconf 82' lang='lat' dir='ltr'><strong>sullicit</strong></span> <span class='ocrx_word' id='word_1_81' title='bbox 1225 1414 1428 1481; x_wconf 89' lang='lat' dir='ltr'><strong>animo,</strong></span> <span class='ocrx_word' id='word_1_82' title='bbox 1457 1426 1519 1472; x_wconf 91' lang='lat' dir='ltr'><strong>ut</strong></span> <span class='ocrx_word' id='word_1_83' title='bbox 1549 1433 1581 1472; x_wconf 87' lang='lat' dir='ltr'><strong>a</strong></span> <span class='ocrx_word' id='word_1_84' title='bbox 1613 1420 1748 1476; x_wconf 90' lang='lat' dir='ltr'><strong>vitio</strong></span> <span class='ocrx_word' id='word_1_85' title='bbox 1782 1423 2022 1491; x_wconf 81' lang='lat' dir='ltr'><strong>perfecte</strong></span> <span class='ocrx_word' id='word_1_86' title='bbox 2058 1425 2262 1480; x_wconf 85' lang='lat' dir='ltr'><strong>libere-</strong></span> 
     </span>
    </p>
   </div>
   <div class='ocr_carea' id='block_1_15' title="bbox 683 1505 2264 1577">
    <p class='ocr_par' dir='ltr' id='par_1_15' title="bbox 683 1505 2264 1577">
     <span class='ocr_line' id='line_1_15' title="bbox 683 1505 2264 1577; baseline 0.013 -27"><span class='ocrx_word' id='word_1_87' title='bbox 683 1505 806 1565; x_wconf 84' lang='lat' dir='ltr'><strong>tur,</strong></span> <span class='ocrx_word' id='word_1_88' title='bbox 853 1511 1047 1569; x_wconf 88' lang='lat' dir='ltr'><strong>sponte</strong></span> <span class='ocrx_word' id='word_1_89' title='bbox 1091 1516 1372 1575; x_wconf 88' lang='lat' dir='ltr'><strong>assumpta</strong></span> <span class='ocrx_word' id='word_1_90' title='bbox 1412 1509 1723 1577; x_wconf 86' lang='lat' dir='ltr'><strong>amictatio;</strong></span> <span class='ocrx_word' id='word_1_91' title='bbox 1767 1513 1873 1567; x_wconf 91' lang='lat' dir='ltr'><strong>nisi</strong></span> <span class='ocrx_word' id='word_1_92' title='bbox 1918 1515 2066 1570; x_wconf 89' lang='lat' dir='ltr'><strong>etiis</strong></span> <span class='ocrx_word' id='word_1_93' title='bbox 2107 1518 2264 1571; x_wconf 89' lang='lat' dir='ltr'><strong>malis</strong></span> 
     </span>
    </p>
   </div>
   <div class='ocr_carea' id='block_1_16' title="bbox 682 1591 2262 1673">
    <p class='ocr_par' dir='ltr' id='par_1_16' title="bbox 682 1591 2262 1673">
     <span class='ocr_line' id='line_1_16' title="bbox 682 1591 2262 1673; baseline 0.013 -31"><span class='ocrx_word' id='word_1_94' title='bbox 682 1605 807 1659; x_wconf 67' lang='lat' dir='ltr'><strong>quae</strong></span> <span class='ocrx_word' id='word_1_95' title='bbox 840 1591 1027 1647; x_wconf 80' lang='lat' dir='ltr'><strong>invitis</strong></span> <span class='ocrx_word' id='word_1_96' title='bbox 1060 1595 1382 1664; x_wconf 90' lang='lat' dir='ltr'><strong>obveniunt,</strong></span> <span class='ocrx_word' id='word_1_97' title='bbox 1408 1601 1553 1655; x_wconf 90' lang='lat' dir='ltr'><strong>velut</strong></span> <span class='ocrx_word' id='word_1_98' title='bbox 1589 1602 1728 1673; x_wconf 82' lang='lat' dir='ltr'><strong>ignis</strong></span> <span class='ocrx_word' id='word_1_99' title='bbox 1761 1606 1978 1659; x_wconf 82' lang='lat' dir='ltr'><strong>camino</strong></span> <span class='ocrx_word' id='word_1_100' title='bbox 2009 1623 2118 1660; x_wconf 89' lang='lat' dir='ltr'><strong>non</strong></span> <span class='ocrx_word' id='word_1_101' title='bbox 2149 1607 2262 1662; x_wconf 88' lang='lat' dir='ltr'><strong>dis-</strong></span> 
     </span>
    </p>
   </div>
   <div class='ocr_carea' id='block_1_17' title="bbox 689 1681 956 1737">
    <p class='ocr_par' dir='ltr' id='par_1_17' title="bbox 689 1681 956 1737">
     <span class='ocr_line' id='line_1_17' title="bbox 689 1681 956 1737; baseline 0.011 -3"><span class='ocrx_word' id='word_1_102' title='bbox 689 1681 956 1737; x_wconf 77' lang='lat' dir='ltr'><strong>solvatur.</strong></span> 
     </span>
    </p>
   </div>
   <div class='ocr_carea' id='block_1_18' title="bbox 756 1774 2259 1855">
    <p class='ocr_par' dir='ltr' id='par_1_18' title="bbox 756 1774 2259 1855">
     <span class='ocr_line' id='line_1_18' title="bbox 756 1774 2259 1855; baseline 0.013 -28"><span class='ocrx_word' id='word_1_103' title='bbox 756 1774 809 1828; x_wconf 90' lang='lat'><strong>8.</strong></span> <span class='ocrx_word' id='word_1_104' title='bbox 863 1776 1037 1832; x_wconf 80' lang='lat' dir='ltr'><strong>Gladii</strong></span> <span class='ocrx_word' id='word_1_105' title='bbox 1099 1779 1155 1834; x_wconf 90' lang='lat' dir='ltr'><strong>in</strong></span> <span class='ocrx_word' id='word_1_106' title='bbox 1209 1798 1416 1838; x_wconf 86' lang='lat' dir='ltr'><strong>morem</strong></span> <span class='ocrx_word' id='word_1_107' title='bbox 1474 1784 1542 1838; x_wconf 91' lang='lat' dir='ltr'><strong>ad</strong></span> <span class='ocrx_word' id='word_1_108' title='bbox 1596 1787 1834 1855; x_wconf 85' lang='lat' dir='ltr'><strong>perfecte</strong></span> <span class='ocrx_word' id='word_1_109' title='bbox 1895 1789 2259 1846; x_wconf 77' lang='lat' dir='ltr'><strong>abdicandum</strong></span> 
     </span>
    </p>
   </div>
   <div class='ocr_carea' id='block_1_19' title="bbox 2361 617 3874 692">
    <p class='ocr_par' dir='ltr' id='par_1_19' title="bbox 2361 617 3874 692">
     <span class='ocr_line' id='line_1_19' title="bbox 2361 617 3874 692; baseline 0.005 -24"><span class='ocrx_word' id='word_1_110' title='bbox 2361 617 2442 680; x_wconf 88' lang='grc' dir='ltr'><strong>λις</strong></span> <span class='ocrx_word' id='word_1_111' title='bbox 2472 618 2928 690; x_wconf 85' lang='grc' dir='ltr'>περιπλανωμένη</span> <span class='ocrx_word' id='word_1_112' title='bbox 2955 620 3298 690; x_wconf 81' lang='grc' dir='ltr'>εὑρίσκεται·</span> <span class='ocrx_word' id='word_1_113' title='bbox 3331 620 3359 671; x_wconf 90' lang='lat'><strong>6</strong></span> <span class='ocrx_word' id='word_1_114' title='bbox 3388 619 3445 671; x_wconf 81' lang='grc' dir='ltr'><strong>δὲ</strong></span> <span class='ocrx_word' id='word_1_115' title='bbox 3471 618 3738 689; x_wconf 56' lang='grc' dir='ltr'>Ἇὸγπηῆς</span> <span class='ocrx_word' id='word_1_116' title='bbox 3765 641 3874 692; x_wconf 66' lang='grc' dir='ltr'>πρε·</span> 
     </span>
    </p>
   </div>
   <div class='ocr_carea' id='block_1_20' title="bbox 2363 709 3876 781">
    <p class='ocr_par' dir='ltr' id='par_1_20' title="bbox 2363 709 3876 781">
     <span class='ocr_line' id='line_1_20' title="bbox 2363 709 3876 781; baseline 0.005 -21"><span class='ocrx_word' id='word_1_117' title='bbox 2363 709 2556 778; x_wconf 85' lang='grc' dir='ltr'>κτικῆς</span> <span class='ocrx_word' id='word_1_118' title='bbox 2586 710 2713 773; x_wconf 81' lang='grc' dir='ltr'>τοὺς</span> <span class='ocrx_word' id='word_1_119' title='bbox 2744 711 2996 781; x_wconf 78' lang='grc' dir='ltr'><strong>ἐντίμους</strong></span> <span class='ocrx_word' id='word_1_120' title='bbox 3041 710 3272 780; x_wconf 77' lang='grc' dir='ltr'><strong>χιτῶνας</strong></span> <span class='ocrx_word' id='word_1_121' title='bbox 3327 711 3761 780; x_wconf 82' lang='grc' dir='ltr'>ἀποποιούμενος,</span> <span class='ocrx_word' id='word_1_122' title='bbox 3800 715 3876 767; x_wconf 71' lang='grc' dir='ltr'><strong>οῦκ</strong></span> 
     </span>
    </p>
   </div>
   <div class='ocr_carea' id='block_1_21' title="bbox 2361 799 3878 875">
    <p class='ocr_par' dir='ltr' id='par_1_21' title="bbox 2361 799 3878 875">
     <span class='ocr_line' id='line_1_21' title="bbox 2361 799 3878 875; baseline 0.001 -21"><span class='ocrx_word' id='word_1_123' title='bbox 2361 802 2673 872; x_wconf 82' lang='grc' dir='ltr'><strong>εὐσχήμων,</strong></span> <span class='ocrx_word' id='word_1_124' title='bbox 2724 801 2828 856; x_wconf 81' lang='grc' dir='ltr'>κᾶν</span> <span class='ocrx_word' id='word_1_125' title='bbox 2877 803 3119 867; x_wconf 81' lang='grc' dir='ltr'>τοιοῦτος</span> <span class='ocrx_word' id='word_1_126' title='bbox 3149 799 3290 856; x_wconf 80' lang='grc' dir='ltr'>εἶναι</span> <span class='ocrx_word' id='word_1_127' title='bbox 3345 819 3460 866; x_wconf 82' lang='grc' dir='ltr'><strong>πως</strong></span> <span class='ocrx_word' id='word_1_128' title='bbox 3494 801 3555 855; x_wconf 82' lang='grc' dir='ltr'>τὸ</span> <span class='ocrx_word' id='word_1_129' title='bbox 3591 802 3747 856; x_wconf 83' lang='grc' dir='ltr'><strong>δοκεῖν</strong></span> <span class='ocrx_word' id='word_1_130' title='bbox 3776 821 3878 875; x_wconf 67' lang='lat' dir='ltr'><strong>em-</strong></span> 
     </span>
    </p>
   </div>
   <div class='ocr_carea' id='block_1_22' title="bbox 2365 891 2665 961">
    <p class='ocr_par' dir='ltr' id='par_1_22' title="bbox 2365 891 2665 961">
     <span class='ocr_line' id='line_1_22' title="bbox 2365 891 2665 961; baseline 0.007 -17"><span class='ocrx_word' id='word_1_131' title='bbox 2365 891 2665 961; x_wconf 74' lang='grc' dir='ltr'>ματίζεται.</span> 
     </span>
    </p>
   </div>
   <div class='ocr_carea' id='block_1_23' title="bbox 2435 979 3879 1056">
    <p class='ocr_par' dir='ltr' id='par_1_23' title="bbox 2435 979 3879 1056">
     <span class='ocr_line' id='line_1_23' title="bbox 2435 979 3879 1056; baseline 0.004 -21"><span class='ocrx_word' id='word_1_132' title='bbox 2435 988 2508 1046; x_wconf 85' lang='grc' dir='ltr'>ς’.</span> <span class='ocrx_word' id='word_1_133' title='bbox 2533 981 2599 1036; x_wconf 85' lang='grc' dir='ltr'><strong><em>Ἥ</em></strong></span> <span class='ocrx_word' id='word_1_134' title='bbox 2625 982 2844 1055; x_wconf 77' lang='grc' dir='ltr'>ἀνδρεία</span> <span class='ocrx_word' id='word_1_135' title='bbox 2863 982 3030 1054; x_wconf 76' lang='grc' dir='ltr'>ψυχὴ,</span> <span class='ocrx_word' id='word_1_136' title='bbox 3052 982 3128 1047; x_wconf 84' lang='grc' dir='ltr'>ὡς</span> <span class='ocrx_word' id='word_1_137' title='bbox 3153 983 3311 1053; x_wconf 84' lang='grc' dir='ltr'>γυνὴ,</span> <span class='ocrx_word' id='word_1_138' title='bbox 3346 983 3476 1055; x_wconf 77' lang='grc' dir='ltr'>παρ’</span> <span class='ocrx_word' id='word_1_139' title='bbox 3509 979 3624 1037; x_wconf 79' lang='grc' dir='ltr'>ὅλον</span> <span class='ocrx_word' id='word_1_140' title='bbox 3647 985 3794 1056; x_wconf 79' lang='grc' dir='ltr'>αὐτῆς</span> <span class='ocrx_word' id='word_1_141' title='bbox 3810 987 3879 1042; x_wconf 71' lang='grc' dir='ltr'>τὸν</span> 
     </span>
    </p>
   </div>
   <div class='ocr_carea' id='block_1_24' title="bbox 2365 1073 3877 1146">
    <p class='ocr_par' dir='ltr' id='par_1_24' title="bbox 2365 1073 3877 1146">
     <span class='ocr_line' id='line_1_24' title="bbox 2365 1073 3877 1146; baseline 0.001 -20"><span class='ocrx_word' id='word_1_142' title='bbox 2365 1073 2498 1142; x_wconf 88' lang='grc' dir='ltr'>βίον,</span> <span class='ocrx_word' id='word_1_143' title='bbox 2517 1076 2596 1137; x_wconf 88' lang='grc' dir='ltr'>εἰς</span> <span class='ocrx_word' id='word_1_144' title='bbox 2615 1075 2707 1128; x_wconf 79' lang='grc' dir='ltr'><strong>δύο</strong></span> <span class='ocrx_word' id='word_1_145' title='bbox 2723 1074 2966 1145; x_wconf 80' lang='grc' dir='ltr'><strong>λύχνους,</strong></span> <span class='ocrx_word' id='word_1_146' title='bbox 2981 1077 3041 1129; x_wconf 79' lang='grc' dir='ltr'>τὸ</span> <span class='ocrx_word' id='word_1_147' title='bbox 3063 1076 3361 1146; x_wconf 85' lang='grc' dir='ltr'>πρακτικόν</span> <span class='ocrx_word' id='word_1_148' title='bbox 3381 1092 3440 1128; x_wconf 89' lang='grc' dir='ltr'><strong>τε</strong></span> <span class='ocrx_word' id='word_1_149' title='bbox 3460 1076 3554 1129; x_wconf 74' lang='grc' dir='ltr'>καὶ</span> <span class='ocrx_word' id='word_1_150' title='bbox 3579 1075 3877 1146; x_wconf 71' lang='grc' dir='ltr'>θεωρητικὸν,</span> 
     </span>
    </p>
   </div>
   <div class='ocr_carea' id='block_1_25' title="bbox 2364 1165 3878 1239">
    <p class='ocr_par' dir='ltr' id='par_1_25' title="bbox 2364 1165 3878 1239">
     <span class='ocr_line' id='line_1_25' title="bbox 2364 1165 3878 1239; baseline 0.003 -21"><span class='ocrx_word' id='word_1_151' title='bbox 2364 1166 2686 1235; x_wconf 80' lang='grc' dir='ltr'><strong>καιομένους</strong></span> <span class='ocrx_word' id='word_1_152' title='bbox 2729 1167 3056 1238; x_wconf 66' lang='grc' dir='ltr'>κατέχουσα,</span> <span class='ocrx_word' id='word_1_153' title='bbox 3093 1168 3322 1239; x_wconf 80' lang='grc' dir='ltr'><strong>πράττει</strong></span> <span class='ocrx_word' id='word_1_154' title='bbox 3368 1166 3438 1219; x_wconf 74' lang='grc' dir='ltr'>τὰ</span> <span class='ocrx_word' id='word_1_155' title='bbox 3483 1165 3878 1235; x_wconf 67' lang='grc' dir='ltr'>ὀφειλόμεναοή</span> 
     </span>
    </p>
   </div>
   <div class='ocr_carea' id='block_1_26' title="bbox 2363 1251 3696 1328">
    <p class='ocr_par' dir='ltr' id='par_1_26' title="bbox 2363 1251 3696 1328">
     <span class='ocr_line' id='line_1_26' title="bbox 2363 1251 3696 1328; baseline 0.002 -22"><span class='ocrx_word' id='word_1_156' title='bbox 2363 1251 2580 1308; x_wconf 67' lang='grc' dir='ltr'>ἐναντία</span> <span class='ocrx_word' id='word_1_157' title='bbox 2611 1255 2666 1307; x_wconf 84' lang='grc' dir='ltr'>δὲ</span> <span class='ocrx_word' id='word_1_158' title='bbox 2701 1255 2886 1322; x_wconf 81' lang='grc' dir='ltr'>πάλιν,</span> <span class='ocrx_word' id='word_1_159' title='bbox 2920 1258 2954 1326; x_wconf 77' lang='grc' dir='ltr'>ὴ</span> <span class='ocrx_word' id='word_1_160' title='bbox 2980 1256 3282 1328; x_wconf 83' lang='grc' dir='ltr'>παρειμένη</span> <span class='ocrx_word' id='word_1_161' title='bbox 3320 1257 3442 1318; x_wconf 83' lang='grc' dir='ltr'>ταῖς</span> <span class='ocrx_word' id='word_1_162' title='bbox 3472 1255 3696 1324; x_wconf 63' lang='grc' dir='ltr'><strong>⁴ἡδοναῖς.</strong></span> 
     </span>
    </p>
   </div>
   <div class='ocr_carea' id='block_1_27' title="bbox 2428 1434 3880 1508">
    <p class='ocr_par' dir='ltr' id='par_1_27' title="bbox 2428 1434 3880 1508">
     <span class='ocr_line' id='line_1_27' title="bbox 2428 1434 3880 1508; baseline 0 -20"><span class='ocrx_word' id='word_1_163' title='bbox 2428 1435 2494 1498; x_wconf 81' lang='grc' dir='ltr'><strong>ζ’.</strong></span> <span class='ocrx_word' id='word_1_164' title='bbox 2537 1434 2650 1488; x_wconf 78' lang='grc' dir='ltr'>Οὐκ</span> <span class='ocrx_word' id='word_1_165' title='bbox 2676 1435 2839 1506; x_wconf 85' lang='grc' dir='ltr'>ἀρκεῖ</span> <span class='ocrx_word' id='word_1_166' title='bbox 2869 1440 2935 1508; x_wconf 78' lang='grc' dir='ltr'>τῇ</span> <span class='ocrx_word' id='word_1_167' title='bbox 2963 1437 3107 1508; x_wconf 62' lang='grc' dir='ltr'>ψυχῇ</span> <span class='ocrx_word' id='word_1_168' title='bbox 3141 1437 3272 1508; x_wconf 74' lang='grc' dir='ltr'>πρὸς</span> <span class='ocrx_word' id='word_1_169' title='bbox 3299 1437 3511 1490; x_wconf 85' lang='grc' dir='ltr'>τελείαν</span> <span class='ocrx_word' id='word_1_170' title='bbox 3540 1436 3727 1498; x_wconf 86' lang='grc' dir='ltr'>κακίας</span> <span class='ocrx_word' id='word_1_171' title='bbox 3749 1437 3880 1490; x_wconf 79' lang='grc' dir='ltr'>ἀπαλ-</span> 
     </span>
    </p>
   </div>
   <div class='ocr_carea' id='block_1_28' title="bbox 2362 1525 3879 1598">
    <p class='ocr_par' dir='ltr' id='par_1_28' title="bbox 2362 1525 3879 1598">
     <span class='ocr_line' id='line_1_28' title="bbox 2362 1525 3879 1598; baseline 0.002 -21"><span class='ocrx_word' id='word_1_172' title='bbox 2362 1525 2622 1597; x_wconf 71' lang='grc' dir='ltr'>λαγὴν,ή</span> <span class='ocrx_word' id='word_1_173' title='bbox 2665 1527 2908 1593; x_wconf 78' lang='grc' dir='ltr'><strong>ἑκούσιος</strong></span> <span class='ocrx_word' id='word_1_174' title='bbox 2961 1529 3321 1593; x_wconf 73' lang='grc' dir='ltr'>κακοπάθεια,</span> <span class='ocrx_word' id='word_1_175' title='bbox 3359 1531 3407 1581; x_wconf 84' lang='grc' dir='ltr'><strong>εί</strong></span> <span class='ocrx_word' id='word_1_176' title='bbox 3449 1528 3525 1598; x_wconf 80' lang='grc' dir='ltr'>μὴ</span> <span class='ocrx_word' id='word_1_177' title='bbox 3577 1529 3665 1580; x_wconf 72' lang='grc' dir='ltr'>καὶ</span> <span class='ocrx_word' id='word_1_178' title='bbox 3713 1527 3786 1580; x_wconf 66' lang='grc' dir='ltr'>διὰ</span> <span class='ocrx_word' id='word_1_179' title='bbox 3809 1529 3879 1596; x_wconf 69' lang='grc' dir='ltr'>τῆς</span> 
     </span>
    </p>
   </div>
   <div class='ocr_carea' id='block_1_29' title="bbox 2365 1619 3489 1693">
    <p class='ocr_par' dir='ltr' id='par_1_29' title="bbox 2365 1619 3489 1693">
     <span class='ocr_line' id='line_1_29' title="bbox 2365 1619 3489 1693; baseline 0.005 -21"><span class='ocrx_word' id='word_1_180' title='bbox 2365 1619 2622 1674; x_wconf 78' lang='grc' dir='ltr'><strong>ἀκουσίου</strong></span> <span class='ocrx_word' id='word_1_181' title='bbox 2649 1621 3033 1693; x_wconf 76' lang='grc' dir='ltr'>ἐκπυρουμὲνη</span> <span class='ocrx_word' id='word_1_182' title='bbox 3074 1622 3148 1693; x_wconf 85' lang='grc' dir='ltr'><strong>μὴ</strong></span> <span class='ocrx_word' id='word_1_183' title='bbox 3177 1621 3489 1692; x_wconf 79' lang='grc' dir='ltr'>διαλύηται.</span> 
     </span>
    </p>
   </div>
   <div class='ocr_carea' id='block_1_30' title="bbox 2435 1793 3880 1871">
    <p class='ocr_par' dir='ltr' id='par_1_30' title="bbox 2435 1793 3880 1871">
     <span class='ocr_line' id='line_1_30' title="bbox 2435 1793 3880 1871; baseline 0 -20"><span class='ocrx_word' id='word_1_184' title='bbox 2435 1804 2508 1867; x_wconf 82' lang='grc' dir='ltr'><strong>η’.</strong></span> <span class='ocrx_word' id='word_1_185' title='bbox 2554 1793 2657 1852; x_wconf 80' lang='grc' dir='ltr'><strong>Οἷά</strong></span> <span class='ocrx_word' id='word_1_186' title='bbox 2683 1817 2768 1864; x_wconf 86' lang='grc' dir='ltr'><strong>τις</strong></span> <span class='ocrx_word' id='word_1_187' title='bbox 2806 1800 3108 1871; x_wconf 83' lang='grc' dir='ltr'>μάχαιραὴ</span> <span class='ocrx_word' id='word_1_188' title='bbox 3145 1799 3291 1870; x_wconf 66' lang='grc' dir='ltr'><strong>ψυχὴ</strong></span> <span class='ocrx_word' id='word_1_189' title='bbox 3335 1799 3475 1870; x_wconf 82' lang='grc' dir='ltr'>πρὸς</span> <span class='ocrx_word' id='word_1_190' title='bbox 3500 1797 3705 1851; x_wconf 85' lang='grc' dir='ltr'>τελείαν</span> <span class='ocrx_word' id='word_1_191' title='bbox 3728 1799 3880 1860; x_wconf 65' lang='grc' dir='ltr'>κακίας</span> 
     </span>
    </p>
   </div>
   <div class='ocr_carea' id='block_1_31' title="bbox 684 1865 2306 1963">
    <p class='ocr_par' dir='ltr' id='par_1_31' title="bbox 684 1865 2306 1952">
     <span class='ocr_line' id='line_1_31' title="bbox 684 1865 2306 1952; baseline 0.012 -35"><span class='ocrx_word' id='word_1_192' title='bbox 684 1865 880 1920; x_wconf 84' lang='lat' dir='ltr'><strong>vitium</strong></span> <span class='ocrx_word' id='word_1_193' title='bbox 917 1868 1146 1924; x_wconf 90' lang='lat' dir='ltr'><strong>duratus</strong></span> <span class='ocrx_word' id='word_1_194' title='bbox 1187 1874 1422 1939; x_wconf 90' lang='lat' dir='ltr'><strong>animus,</strong></span> <span class='ocrx_word' id='word_1_195' title='bbox 1455 1877 1559 1930; x_wconf 91' lang='lat' dir='ltr'><strong>nisi</strong></span> <span class='ocrx_word' id='word_1_196' title='bbox 1607 1893 1704 1948; x_wconf 90' lang='lat' dir='ltr'><strong>per</strong></span> <span class='ocrx_word' id='word_1_197' title='bbox 1743 1880 1920 1947; x_wconf 76' lang='lat' dir='ltr'><strong>ignem</strong></span> <span class='ocrx_word' id='word_1_198' title='bbox 1968 1890 2025 1937; x_wconf 86' lang='lat' dir='ltr'><strong>et</strong></span> <span class='ocrx_word' id='word_1_199' title='bbox 2060 1899 2255 1952; x_wconf 87' lang='lat' dir='ltr'><strong>aquam</strong></span> <span class='ocrx_word' id='word_1_200' title='bbox 2293 1866 2306 1923; x_wconf 73' lang='grc' dir='ltr'><strong>Ι</strong></span> 
     </span>
    </p>
   </div>
   <div class='ocr_carea' id='block_1_32' title="bbox 2257 1865 3879 1963">
    <p class='ocr_par' dir='ltr' id='par_1_32' title="bbox 2293 1865 3879 1963">
     <span class='ocr_line' id='line_1_32' title="bbox 2293 1865 3879 1963; baseline -0.001 -21"><span class='ocrx_word' id='word_1_201' title='bbox 2293 1866 2337 1924; x_wconf 73' lang='grc' dir='ltr'><strong><em>Β</em></strong></span> <span class='ocrx_word' id='word_1_202' title='bbox 2362 1865 2700 1961; x_wconf 77' lang='grc' dir='ltr'>ἀπαλλαγὴν,</span> <span class='ocrx_word' id='word_1_203' title='bbox 2730 1892 2777 1942; x_wconf 87' lang='grc' dir='ltr'><strong>εί</strong></span> <span class='ocrx_word' id='word_1_204' title='bbox 2807 1865 2998 1960; x_wconf 53' lang='grc' dir='ltr'><strong>⁷μὴδιεὶί</strong></span> <span class='ocrx_word' id='word_1_205' title='bbox 3023 1865 3195 1962; x_wconf 73' lang='grc' dir='ltr'>πυρὸς</span> <span class='ocrx_word' id='word_1_206' title='bbox 3426 1891 3522 1942; x_wconf 76' lang='grc' dir='ltr'><strong>καὶ</strong></span> <span class='ocrx_word' id='word_1_207' title='bbox 3549 1890 3743 1952; x_wconf 74' lang='grc' dir='ltr'>ὓδατος,</span> <span class='ocrx_word' id='word_1_208' title='bbox 3761 1907 3879 1942; x_wconf 82' lang='grc' dir='ltr'>τουτ-</span> 
     </span>
    </p>
   </div>
   <div class='ocr_carea' id='block_1_33' title="bbox 687 1957 2264 2037">
    <p class='ocr_par' dir='ltr' id='par_1_33' title="bbox 687 1957 2264 2037">
     <span class='ocr_line' id='line_1_33' title="bbox 687 1957 2264 2037; baseline 0.013 -29"><span class='ocrx_word' id='word_1_209' title='bbox 687 1957 1053 2024; x_wconf 84' lang='lat' dir='ltr'><strong>(voluntarios</strong></span> <span class='ocrx_word' id='word_1_210' title='bbox 1081 1964 1291 2019; x_wconf 82' lang='lat' dir='ltr'><strong>scilicet</strong></span> <span class='ocrx_word' id='word_1_211' title='bbox 1316 1977 1370 2021; x_wconf 89' lang='lat' dir='ltr'><strong>et</strong></span> <span class='ocrx_word' id='word_1_212' title='bbox 1401 1968 1797 2024; x_wconf 87' lang='lat' dir='ltr'><strong>involuntarios</strong></span> <span class='ocrx_word' id='word_1_213' title='bbox 1824 1972 2056 2037; x_wconf 82' lang='lat' dir='ltr'><strong>labores)</strong></span> <span class='ocrx_word' id='word_1_214' title='bbox 2088 1984 2264 2028; x_wconf 83' lang='lat' dir='ltr'><strong>trans-</strong></span> 
     </span>
    </p>
   </div>
   <div class='ocr_carea' id='block_1_34' title="bbox 687 2048 2266 2130">
    <p class='ocr_par' dir='ltr' id='par_1_34' title="bbox 687 2048 2266 2130">
     <span class='ocr_line' id='line_1_34' title="bbox 687 2048 2266 2130; baseline 0.01 -29"><span class='ocrx_word' id='word_1_215' title='bbox 687 2048 834 2114; x_wconf 87' lang='lat' dir='ltr'><strong>ierit,</strong></span> <span class='ocrx_word' id='word_1_216' title='bbox 863 2052 1206 2110; x_wconf 89' lang='lat' dir='ltr'><strong>illidentibus</strong></span> <span class='ocrx_word' id='word_1_217' title='bbox 1229 2057 1448 2112; x_wconf 87' lang='lat' dir='ltr'><strong>casibus</strong></span> <span class='ocrx_word' id='word_1_218' title='bbox 1475 2070 1639 2130; x_wconf 87' lang='lat' dir='ltr'><strong>atque</strong></span> <span class='ocrx_word' id='word_1_219' title='bbox 1664 2061 1908 2115; x_wconf 75' lang='lat' dir='ltr'><strong>adversis</strong></span> <span class='ocrx_word' id='word_1_220' title='bbox 1932 2063 2266 2118; x_wconf 82' lang='lat' dir='ltr'><strong>inviolabilis</strong></span> 
     </span>
    </p>
   </div>
   <div class='ocr_carea' id='block_1_35' title="bbox 683 2144 1596 2198">
    <p class='ocr_par' dir='ltr' id='par_1_35' title="bbox 683 2144 1596 2198">
     <span class='ocr_line' id='line_1_35' title="bbox 683 2144 1596 2198; baseline 0.013 -6"><span class='ocrx_word' id='word_1_221' title='bbox 683 2155 794 2193; x_wconf 85' lang='lat' dir='ltr'><strong>non</strong></span> <span class='ocrx_word' id='word_1_222' title='bbox 827 2144 1157 2198; x_wconf 88' lang='lat' dir='ltr'><strong>servabitur.</strong></span> <span class='ocrx_word' id='word_1_223' title='bbox 1571 2166 1596 2185; x_wconf 61' lang='grc' dir='ltr'><strong>κ</strong></span> 
     </span>
    </p>
   </div>
   <div class='ocr_carea' id='block_1_36' title="bbox 754 2233 2261 2312">
    <p class='ocr_par' dir='ltr' id='par_1_36' title="bbox 754 2233 2261 2312">
     <span class='ocr_line' id='line_1_36' title="bbox 754 2233 2261 2312; baseline 0.009 -26"><span class='ocrx_word' id='word_1_224' title='bbox 754 2233 807 2286; x_wconf 83' lang='grc'>9.</span> <span class='ocrx_word' id='word_1_225' title='bbox 855 2235 1328 2301; x_wconf 86' lang='lat' dir='ltr'><strong>Quemadmodum</strong></span> <span class='ocrx_word' id='word_1_226' title='bbox 1385 2243 1745 2298; x_wconf 88' lang='lat' dir='ltr'><strong>tentationum</strong></span> <span class='ocrx_word' id='word_1_227' title='bbox 1795 2261 1916 2312; x_wconf 72' lang='lat' dir='ltr'><strong>qua:</strong></span> <span class='ocrx_word' id='word_1_228' title='bbox 1971 2260 2038 2298; x_wconf 77' lang='lat' dir='ltr'><strong>ex</strong></span> <span class='ocrx_word' id='word_1_229' title='bbox 2096 2245 2261 2300; x_wconf 91' lang='lat' dir='ltr'><strong>animi</strong></span> 
     </span>
    </p>
   </div>
   <div class='ocr_carea' id='block_1_37' title="bbox 685 2327 2260 2400">
    <p class='ocr_par' dir='ltr' id='par_1_37' title="bbox 685 2327 2260 2400">
     <span class='ocr_line' id='line_1_37' title="bbox 685 2327 2260 2400; baseline 0.008 -22"><span class='ocrx_word' id='word_1_230' title='bbox 685 2327 966 2381; x_wconf 86' lang='lat' dir='ltr'><strong>voluntate</strong></span> <span class='ocrx_word' id='word_1_231' title='bbox 993 2339 1143 2394; x_wconf 90' lang='lat' dir='ltr'><strong>sunt,</strong></span> <span class='ocrx_word' id='word_1_232' title='bbox 1171 2342 1282 2387; x_wconf 90' lang='lat' dir='ltr'><strong>tres</strong></span> <span class='ocrx_word' id='word_1_233' title='bbox 1309 2335 1733 2390; x_wconf 88' lang='lat' dir='ltr'><strong>universaliores</strong></span> <span class='ocrx_word' id='word_1_234' title='bbox 1761 2353 1937 2391; x_wconf 76' lang='lat' dir='ltr'><strong>causa:</strong></span> <span class='ocrx_word' id='word_1_235' title='bbox 1965 2339 2260 2400; x_wconf 83' lang='lat' dir='ltr'><strong>exsistunt,</strong></span> 
     </span>
    </p>
   </div>
   <div class='ocr_carea' id='block_1_38' title="bbox 680 2419 2261 2494">
    <p class='ocr_par' dir='ltr' id='par_1_38' title="bbox 680 2419 2261 2494">
     <span class='ocr_line' id='line_1_38' title="bbox 680 2419 2261 2494; baseline 0.008 -24"><span class='ocrx_word' id='word_1_236' title='bbox 680 2419 910 2478; x_wconf 76' lang='lat' dir='ltr'><strong>sanitas.</strong></span> <span class='ocrx_word' id='word_1_237' title='bbox 939 2420 1166 2486; x_wconf 68' lang='lat' dir='ltr'><strong>divitia),</strong></span> <span class='ocrx_word' id='word_1_238' title='bbox 1192 2433 1246 2478; x_wconf 89' lang='lat' dir='ltr'><strong>et</strong></span> <span class='ocrx_word' id='word_1_239' title='bbox 1278 2425 1448 2494; x_wconf 83' lang='lat' dir='ltr'><strong>gloria</strong></span> <span class='ocrx_word' id='word_1_240' title='bbox 1478 2442 1575 2481; x_wconf 92' lang='lat' dir='ltr'><strong>seu</strong></span> <span class='ocrx_word' id='word_1_241' title='bbox 1601 2427 1860 2492; x_wconf 69' lang='lat' dir='ltr'><strong>claritas;</strong></span> <span class='ocrx_word' id='word_1_242' title='bbox 1885 2429 1963 2482; x_wconf 89' lang='lat' dir='ltr'><strong>sic</strong></span> <span class='ocrx_word' id='word_1_243' title='bbox 1991 2441 2048 2483; x_wconf 92' lang='lat' dir='ltr'><strong>et</strong></span> <span class='ocrx_word' id='word_1_244' title='bbox 2074 2446 2261 2484; x_wconf 89' lang='lat' dir='ltr'><strong>earum</strong></span> 
     </span>
    </p>
   </div>
   <div class='ocr_carea' id='block_1_39' title="bbox 683 2511 2268 2589">
    <p class='ocr_par' dir='ltr' id='par_1_39' title="bbox 683 2511 2268 2589">
     <span class='ocr_line' id='line_1_39' title="bbox 683 2511 2268 2589; baseline 0.009 -26"><span class='ocrx_word' id='word_1_245' title='bbox 683 2526 808 2579; x_wconf 68' lang='lat' dir='ltr'><strong>qum</strong></span> <span class='ocrx_word' id='word_1_246' title='bbox 841 2511 1028 2568; x_wconf 75' lang='lat' dir='ltr'><strong>invitis</strong></span> <span class='ocrx_word' id='word_1_247' title='bbox 1058 2530 1122 2569; x_wconf 91' lang='lat' dir='ltr'><strong>ac</strong></span> <span class='ocrx_word' id='word_1_248' title='bbox 1155 2518 1426 2572; x_wconf 76' lang='lat' dir='ltr'><strong>exteriore</strong></span> <span class='ocrx_word' id='word_1_249' title='bbox 1460 2529 1653 2589; x_wconf 80' lang='lat' dir='ltr'><strong>agente</strong></span> <span class='ocrx_word' id='word_1_250' title='bbox 1683 2521 2006 2586; x_wconf 88' lang='lat' dir='ltr'><strong>obveniunt,</strong></span> <span class='ocrx_word' id='word_1_251' title='bbox 2035 2529 2145 2577; x_wconf 90' lang='lat' dir='ltr'><strong>tres</strong></span> <span class='ocrx_word' id='word_1_252' title='bbox 2179 2523 2268 2577; x_wconf 86' lang='lat' dir='ltr'><strong>iti—</strong></span> 
     </span>
    </p>
   </div>
   <div class='ocr_carea' id='block_1_40' title="bbox 685 2601 2269 2691">
    <p class='ocr_par' dir='ltr' id='par_1_40' title="bbox 685 2601 2269 2678">
     <span class='ocr_line' id='line_1_40' title="bbox 685 2601 2269 2678; baseline 0.008 -25"><span class='ocrx_word' id='word_1_253' title='bbox 685 2601 808 2654; x_wconf 85' lang='lat' dir='ltr'><strong>dem</strong></span> <span class='ocrx_word' id='word_1_254' title='bbox 842 2613 972 2658; x_wconf 90' lang='lat' dir='ltr'><strong>sunt</strong></span> <span class='ocrx_word' id='word_1_255' title='bbox 995 2622 1190 2669; x_wconf 61' lang='lat' dir='ltr'><strong>causae,</strong></span> <span class='ocrx_word' id='word_1_256' title='bbox 1215 2609 1484 2664; x_wconf 87' lang='lat' dir='ltr'><strong>bonorum</strong></span> <span class='ocrx_word' id='word_1_257' title='bbox 1513 2611 1725 2678; x_wconf 89' lang='lat' dir='ltr'><strong>jactura</strong></span> <span class='ocrx_word' id='word_1_258' title='bbox 1755 2628 1849 2664; x_wconf 84' lang='lat' dir='ltr'><strong>seu</strong></span> <span class='ocrx_word' id='word_1_259' title='bbox 1875 2611 2091 2676; x_wconf 84' lang='lat' dir='ltr'><strong>damna,</strong></span> <span class='ocrx_word' id='word_1_260' title='bbox 2120 2615 2269 2666; x_wconf 81' lang='lat' dir='ltr'><strong>inlir-</strong></span> 
     </span>
    </p>
   </div>
   <div class='ocr_carea' id='block_1_41' title="bbox 2362 1981 3879 2052">
    <p class='ocr_par' dir='ltr' id='par_1_41' title="bbox 2362 1981 3879 2052">
     <span class='ocr_line' id='line_1_41' title="bbox 2362 1981 3879 2052; baseline 0.001 -19"><span class='ocrx_word' id='word_1_261' title='bbox 2362 1981 2509 2034; x_wconf 81' lang='grc' dir='ltr'>ἐστιν</span> <span class='ocrx_word' id='word_1_262' title='bbox 2550 1982 2812 2036; x_wconf 76' lang='grc' dir='ltr'>ἑκουσίων</span> <span class='ocrx_word' id='word_1_263' title='bbox 2843 1984 3018 2036; x_wconf 82' lang='grc' dir='ltr'>πόνων</span> <span class='ocrx_word' id='word_1_264' title='bbox 3060 1984 3153 2036; x_wconf 73' lang='grc' dir='ltr'><strong>καὶ</strong></span> <span class='ocrx_word' id='word_1_265' title='bbox 3177 1982 3469 2045; x_wconf 81' lang='grc' dir='ltr'>ἀκουσίων,</span> <span class='ocrx_word' id='word_1_266' title='bbox 3502 1981 3776 2052; x_wconf 59' lang='grc' dir='ltr'>ἄθραυστκ</span> <span class='ocrx_word' id='word_1_267' title='bbox 3795 1983 3879 2044; x_wconf 71' lang='grc' dir='ltr'>ταῖς</span> 
     </span>
    </p>
   </div>
   <div class='ocr_carea' id='block_1_42' title="bbox 2365 2075 3747 2147">
    <p class='ocr_par' dir='ltr' id='par_1_42' title="bbox 2365 2075 3747 2147">
     <span class='ocr_line' id='line_1_42' title="bbox 2365 2075 3747 2147; baseline -0.001 -19"><span class='ocrx_word' id='word_1_268' title='bbox 2365 2076 2705 2138; x_wconf 79' lang='grc' dir='ltr'>ἀντιτυπίαις</span> <span class='ocrx_word' id='word_1_269' title='bbox 2729 2075 2836 2128; x_wconf 86' lang='grc' dir='ltr'><strong>τῶν</strong></span> <span class='ocrx_word' id='word_1_270' title='bbox 2864 2093 2929 2128; x_wconf 92' lang='grc' dir='ltr'><strong>συ</strong></span> <span class='ocrx_word' id='word_1_271' title='bbox 2940 2075 3271 2146; x_wconf 77' lang='grc' dir='ltr'>μεαινόντων</span> <span class='ocrx_word' id='word_1_272' title='bbox 3302 2075 3362 2128; x_wconf 82' lang='grc' dir='ltr'>οὐ</span> <span class='ocrx_word' id='word_1_273' title='bbox 3398 2076 3747 2147; x_wconf 74' lang='grc' dir='ltr'>συντηρεῑται.</span> 
     </span>
    </p>
   </div>
   <div class='ocr_carea' id='block_1_43' title="bbox 2436 2246 3882 2319">
    <p class='ocr_par' dir='ltr' id='par_1_43' title="bbox 2436 2246 3882 2319">
     <span class='ocr_line' id='line_1_43' title="bbox 2436 2246 3882 2319; baseline -0.003 -17"><span class='ocrx_word' id='word_1_274' title='bbox 2436 2247 2501 2302; x_wconf 83' lang='grc' dir='ltr'>θ’.</span> <span class='ocrx_word' id='word_1_275' title='bbox 2544 2250 2754 2319; x_wconf 81' lang='grc' dir='ltr'>Ὠσπερ</span> <span class='ocrx_word' id='word_1_276' title='bbox 2805 2249 2912 2302; x_wconf 86' lang='grc' dir='ltr'><strong>τῶν</strong></span> <span class='ocrx_word' id='word_1_277' title='bbox 2955 2250 3220 2302; x_wconf 77' lang='grc' dir='ltr'>ἑκουσίων</span> <span class='ocrx_word' id='word_1_278' title='bbox 3262 2247 3612 2316; x_wconf 85' lang='grc' dir='ltr'>πειρασμῶν,</span> <span class='ocrx_word' id='word_1_279' title='bbox 3655 2246 3766 2316; x_wconf 84' lang='grc' dir='ltr'>τρία</span> <span class='ocrx_word' id='word_1_280' title='bbox 3804 2249 3882 2299; x_wconf 76' lang='grc' dir='ltr'>εξεὶ</span> 
     </span>
    </p>
   </div>
   <div class='ocr_carea' id='block_1_44' title="bbox 2365 2335 3877 2406">
    <p class='ocr_par' dir='ltr' id='par_1_44' title="bbox 2365 2335 3877 2406">
     <span class='ocr_line' id='line_1_44' title="bbox 2365 2335 3877 2406; baseline -0.002 -15"><span class='ocrx_word' id='word_1_281' title='bbox 2365 2337 2434 2391; x_wconf 73' lang='grc' dir='ltr'>τὰ</span> <span class='ocrx_word' id='word_1_282' title='bbox 2465 2338 2874 2406; x_wconf 85' lang='grc' dir='ltr'>καθολικώτερα</span> <span class='ocrx_word' id='word_1_283' title='bbox 2903 2339 3051 2392; x_wconf 74' lang='grc' dir='ltr'>αἴτια</span> <span class='ocrx_word' id='word_1_284' title='bbox 3074 2355 3088 2368; x_wconf 82' lang='lat'><strong><em>°</em></strong></span> <span class='ocrx_word' id='word_1_285' title='bbox 3119 2337 3299 2406; x_wconf 75' lang='grc' dir='ltr'>ὑγεία,</span> <span class='ocrx_word' id='word_1_286' title='bbox 3326 2337 3558 2399; x_wconf 77' lang='grc' dir='ltr'>πλοῦτος</span> <span class='ocrx_word' id='word_1_287' title='bbox 3575 2337 3664 2389; x_wconf 81' lang='grc' dir='ltr'><strong>καὶ</strong></span> <span class='ocrx_word' id='word_1_288' title='bbox 3693 2335 3877 2388; x_wconf 73' lang='grc' dir='ltr'>εὖκλεια·</span> 
     </span>
    </p>
   </div>
   <div class='ocr_carea' id='block_1_45' title="bbox 2367 2428 3879 2500">
    <p class='ocr_par' dir='ltr' id='par_1_45' title="bbox 2367 2428 3879 2500">
     <span class='ocr_line' id='line_1_45' title="bbox 2367 2428 3879 2500; baseline -0.003 -18"><span class='ocrx_word' id='word_1_289' title='bbox 2367 2428 2510 2482; x_wconf 75' lang='grc' dir='ltr'>οὕτω</span> <span class='ocrx_word' id='word_1_290' title='bbox 2541 2431 2636 2484; x_wconf 71' lang='grc' dir='ltr'><strong>καὶ</strong></span> <span class='ocrx_word' id='word_1_291' title='bbox 2663 2429 2731 2482; x_wconf 73' lang='grc' dir='ltr'>τὰ</span> <span class='ocrx_word' id='word_1_292' title='bbox 2756 2431 2865 2482; x_wconf 83' lang='grc' dir='ltr'>τῶν</span> <span class='ocrx_word' id='word_1_293' title='bbox 2899 2430 3174 2483; x_wconf 84' lang='grc' dir='ltr'>ἀκουσίων</span> <span class='ocrx_word' id='word_1_294' title='bbox 3207 2429 3334 2500; x_wconf 85' lang='grc' dir='ltr'>τρία</span> <span class='ocrx_word' id='word_1_295' title='bbox 3363 2429 3501 2480; x_wconf 74' lang='grc' dir='ltr'>είσίο</span> <span class='ocrx_word' id='word_1_296' title='bbox 3534 2428 3735 2497; x_wconf 76' lang='grc' dir='ltr'>ζημίαι,</span> <span class='ocrx_word' id='word_1_297' title='bbox 3760 2429 3879 2479; x_wconf 77' lang='grc' dir='ltr'>ἀσθέ-</span> 
     </span>
    </p>
   </div>
   <div class='ocr_carea' id='block_1_46' title="bbox 2370 2519 3876 2592">
    <p class='ocr_par' dir='ltr' id='par_1_46' title="bbox 2370 2519 3876 2592">
     <span class='ocr_line' id='line_1_46' title="bbox 2370 2519 3876 2592; baseline -0.002 -19"><span class='ocrx_word' id='word_1_298' title='bbox 2370 2538 2510 2574; x_wconf 90' lang='grc' dir='ltr'>νειαι</span> <span class='ocrx_word' id='word_1_299' title='bbox 2540 2523 2634 2574; x_wconf 72' lang='grc' dir='ltr'><strong>καὶ</strong></span> <span class='ocrx_word' id='word_1_300' title='bbox 2661 2520 2940 2592; x_wconf 75' lang='grc' dir='ltr'>λοιδορίαι.</span> <span class='ocrx_word' id='word_1_301' title='bbox 2971 2521 3216 2574; x_wconf 86' lang='grc' dir='ltr'>Γίνονται</span> <span class='ocrx_word' id='word_1_302' title='bbox 3241 2521 3298 2573; x_wconf 76' lang='grc' dir='ltr'>δὲ</span> <span class='ocrx_word' id='word_1_303' title='bbox 3340 2520 3522 2573; x_wconf 77' lang='grc' dir='ltr'>ταῦτα</span> <span class='ocrx_word' id='word_1_304' title='bbox 3547 2519 3700 2582; x_wconf 71' lang='grc' dir='ltr'>τισὶν,</span> <span class='ocrx_word' id='word_1_305' title='bbox 3732 2521 3795 2581; x_wconf 83' lang='grc' dir='ltr'><strong>είς</strong></span> <span class='ocrx_word' id='word_1_306' title='bbox 3820 2521 3876 2570; x_wconf 79' lang='grc' dir='ltr'><strong>οξ-</strong></span> 
     </span>
    </p>
   </div>
   <div class='ocr_carea' id='block_1_47' title="bbox 2373 2613 3362 2685">
    <p class='ocr_par' dir='ltr' id='par_1_47' title="bbox 2373 2613 3362 2685">
     <span class='ocr_line' id='line_1_47' title="bbox 2373 2613 3362 2685; baseline -0.002 -17"><span class='ocrx_word' id='word_1_307' title='bbox 2373 2615 2608 2684; x_wconf 78' lang='grc' dir='ltr'>κοδομήν</span> <span class='ocrx_word' id='word_1_308' title='bbox 2627 2633 2640 2646; x_wconf 74' lang='grc' dir='ltr'><strong>ο</strong></span> <span class='ocrx_word' id='word_1_309' title='bbox 2673 2616 2782 2668; x_wconf 76' lang='grc' dir='ltr'>τισὶ</span> <span class='ocrx_word' id='word_1_310' title='bbox 2807 2616 2882 2680; x_wconf 74' lang='grc' dir='ltr'><strong>δὲ,</strong></span> <span class='ocrx_word' id='word_1_311' title='bbox 2917 2617 2996 2678; x_wconf 88' lang='grc' dir='ltr'><strong>είς</strong></span> <span class='ocrx_word' id='word_1_312' title='bbox 3023 2613 3362 2685; x_wconf 82' lang='grc' dir='ltr'>καθαίρεσιν.</span> 
     </span>
    </p>
   </div>
   <div class='ocr_carea' id='block_1_48' title="bbox 686 2678 3879 2774">
    <p class='ocr_par' dir='ltr' id='par_1_48' title="bbox 686 2678 3879 2774">
     <span class='ocr_line' id='line_1_48' title="bbox 686 2678 3879 2774; baseline 0.003 -30"><span class='ocrx_word' id='word_1_313' title='bbox 686 2678 922 2756; x_wconf 80' lang='lat' dir='ltr'><strong>mitates,</strong></span> <span class='ocrx_word' id='word_1_314' title='bbox 973 2699 1261 2752; x_wconf 89' lang='lat' dir='ltr'><strong>maledicta</strong></span> <span class='ocrx_word' id='word_1_315' title='bbox 1289 2716 1351 2754; x_wconf 90' lang='lat' dir='ltr'><strong>ac</strong></span> <span class='ocrx_word' id='word_1_316' title='bbox 1379 2701 1645 2755; x_wconf 84' lang='lat' dir='ltr'><strong>convicia.</strong></span> <span class='ocrx_word' id='word_1_317' title='bbox 1673 2699 1797 2756; x_wconf 71' lang='lat' dir='ltr'><strong>llam</strong></span> <span class='ocrx_word' id='word_1_318' title='bbox 1847 2712 2028 2756; x_wconf 90' lang='lat' dir='ltr'><strong>autem</strong></span> <span class='ocrx_word' id='word_1_319' title='bbox 2095 2689 2421 2771; x_wconf 83' lang='lat' dir='ltr'><strong>quibusdam</strong></span> <span class='ocrx_word' id='word_1_320' title='bbox 2478 2707 2698 2763; x_wconf 77' lang='lat' dir='ltr'><strong>quidem</strong></span> <span class='ocrx_word' id='word_1_321' title='bbox 2731 2706 2800 2760; x_wconf 91' lang='lat' dir='ltr'><strong>ad</strong></span> <span class='ocrx_word' id='word_1_322' title='bbox 2839 2705 3258 2761; x_wconf 63' lang='lat' dir='ltr'><strong>aediﬁcationem</strong></span> <span class='ocrx_word' id='word_1_323' title='bbox 3302 2704 3667 2774; x_wconf 84' lang='lat' dir='ltr'><strong>contingunt,</strong></span> <span class='ocrx_word' id='word_1_324' title='bbox 3703 2701 3879 2772; x_wconf 89' lang='lat' dir='ltr'><strong>quibus-</strong></span> 
     </span>
    </p>
   </div>
   <div class='ocr_carea' id='block_1_49' title="bbox 686 2787 1541 2849">
    <p class='ocr_par' dir='ltr' id='par_1_49' title="bbox 686 2787 1541 2849">
     <span class='ocr_line' id='line_1_49' title="bbox 686 2787 1541 2849; baseline 0.008 -9"><span class='ocrx_word' id='word_1_325' title='bbox 686 2787 809 2840; x_wconf 87' lang='lat' dir='ltr'><strong>dam</strong></span> <span class='ocrx_word' id='word_1_326' title='bbox 837 2805 965 2841; x_wconf 81' lang='lat' dir='ltr'><strong>vero</strong></span> <span class='ocrx_word' id='word_1_327' title='bbox 995 2790 1061 2843; x_wconf 85' lang='lat' dir='ltr'><strong>ad</strong></span> <span class='ocrx_word' id='word_1_328' title='bbox 1088 2790 1541 2849; x_wconf 81' lang='lat' dir='ltr'><strong>destructionem.</strong></span> 
     </span>
    </p>
   </div>
   <div class='ocr_carea' id='block_1_50' title="bbox 757 2878 2268 2958">
    <p class='ocr_par' dir='ltr' id='par_1_50' title="bbox 757 2878 2268 2958">
     <span class='ocr_line' id='line_1_50' title="bbox 757 2878 2268 2958; baseline 0.007 -28"><span class='ocrx_word' id='word_1_329' title='bbox 757 2878 917 2950; x_wconf 67' lang='grc'><strong>642</strong></span> <span class='ocrx_word' id='word_1_330' title='bbox 969 2879 1051 2934; x_wconf 87' lang='lat' dir='ltr'><strong>l0.</strong></span> <span class='ocrx_word' id='word_1_331' title='bbox 1098 2882 1489 2940; x_wconf 71' lang='lat' dir='ltr'><strong>Adnascuutur</strong></span> <span class='ocrx_word' id='word_1_332' title='bbox 1531 2889 1684 2942; x_wconf 89' lang='lat' dir='ltr'><strong>velut</strong></span> <span class='ocrx_word' id='word_1_333' title='bbox 1723 2888 1963 2943; x_wconf 76' lang='lat' dir='ltr'><strong>stolones</strong></span> <span class='ocrx_word' id='word_1_334' title='bbox 2011 2888 2268 2958; x_wconf 86' lang='lat' dir='ltr'><strong>quidam,</strong></span> 
     </span>
    </p>
   </div>
   <div class='ocr_carea' id='block_1_51' title="bbox 682 2971 2266 3049">
    <p class='ocr_par' dir='ltr' id='par_1_51' title="bbox 682 2971 2266 3049">
     <span class='ocr_line' id='line_1_51' title="bbox 682 2971 2266 3049; baseline 0.006 -26"><span class='ocrx_word' id='word_1_335' title='bbox 682 2971 872 3023; x_wconf 81' lang='lat' dir='ltr'><strong>animo</strong></span> <span class='ocrx_word' id='word_1_336' title='bbox 903 2972 1146 3041; x_wconf 80' lang='lat' dir='ltr'><strong>quidem,</strong></span> <span class='ocrx_word' id='word_1_337' title='bbox 1177 2977 1452 3046; x_wconf 83' lang='lat' dir='ltr'><strong>cupiditas</strong></span> <span class='ocrx_word' id='word_1_338' title='bbox 1486 2988 1542 3033; x_wconf 91' lang='lat' dir='ltr'><strong>ct</strong></span> <span class='ocrx_word' id='word_1_339' title='bbox 1574 2980 1828 3043; x_wconf 85' lang='lat' dir='ltr'><strong>tristitia;</strong></span> <span class='ocrx_word' id='word_1_340' title='bbox 1864 2981 2084 3049; x_wconf 74' lang='lat' dir='ltr'><strong>corpori</strong></span> <span class='ocrx_word' id='word_1_341' title='bbox 2115 2997 2266 3043; x_wconf 85' lang='lat' dir='ltr'><strong>vero,</strong></span> 
     </span>
    </p>
   </div>
   <div class='ocr_carea' id='block_1_52' title="bbox 689 3061 2264 3140">
    <p class='ocr_par' dir='ltr' id='par_1_52' title="bbox 689 3061 2264 3140">
     <span class='ocr_line' id='line_1_52' title="bbox 689 3061 2264 3140; baseline 0.009 -32"><span class='ocrx_word' id='word_1_342' title='bbox 689 3061 940 3130; x_wconf 77' lang='lat' dir='ltr'><strong>voluptas</strong></span> <span class='ocrx_word' id='word_1_343' title='bbox 973 3072 1027 3117; x_wconf 91' lang='lat' dir='ltr'><strong>et</strong></span> <span class='ocrx_word' id='word_1_344' title='bbox 1063 3064 1238 3120; x_wconf 82' lang='lat' dir='ltr'><strong>dolor.</strong></span> <span class='ocrx_word' id='word_1_345' title='bbox 1265 3067 1437 3121; x_wconf 87' lang='lat' dir='ltr'><strong>Causa</strong></span> <span class='ocrx_word' id='word_1_346' title='bbox 1471 3086 1619 3132; x_wconf 83' lang='lat' dir='ltr'><strong>vero,</strong></span> <span class='ocrx_word' id='word_1_347' title='bbox 1654 3070 1861 3124; x_wconf 89' lang='lat' dir='ltr'><strong>doloris</strong></span> <span class='ocrx_word' id='word_1_348' title='bbox 1897 3070 2139 3140; x_wconf 87' lang='lat' dir='ltr'><strong>quidem,</strong></span> <span class='ocrx_word' id='word_1_349' title='bbox 2168 3089 2264 3125; x_wconf 85' lang='lat' dir='ltr'><strong>vo-</strong></span> 
     </span>
    </p>
   </div>
   <div class='ocr_carea' id='block_1_53' title="bbox 2441 2882 3877 2963">
    <p class='ocr_par' dir='ltr' id='par_1_53' title="bbox 2441 2882 3877 2963">
     <span class='ocr_line' id='line_1_53' title="bbox 2441 2882 3877 2963; baseline -0.005 -18"><span class='ocrx_word' id='word_1_350' title='bbox 2441 2898 2490 2945; x_wconf 85' lang='lat' dir='ltr'><strong>t&#39;.</strong></span> <span class='ocrx_word' id='word_1_351' title='bbox 2535 2893 2930 2962; x_wconf 64' lang='grc' dir='ltr'>Παρυφέστηκε</span> <span class='ocrx_word' id='word_1_352' title='bbox 2965 2891 3112 2963; x_wconf 75' lang='grc' dir='ltr'>ψυχῇ</span> <span class='ocrx_word' id='word_1_353' title='bbox 3152 2892 3282 2963; x_wconf 81' lang='grc' dir='ltr'>μὲν,</span> <span class='ocrx_word' id='word_1_354' title='bbox 3327 2889 3597 2960; x_wconf 70' lang='grc' dir='ltr'>ὲπιθυμια</span> <span class='ocrx_word' id='word_1_355' title='bbox 3631 2889 3715 2941; x_wconf 75' lang='grc' dir='ltr'><strong>καὶ</strong></span> <span class='ocrx_word' id='word_1_356' title='bbox 3742 2882 3877 2953; x_wconf 60' lang='grc' dir='ltr'>λίθπῆ</span> 
     </span>
    </p>
   </div>
   <div class='ocr_carea' id='block_1_54' title="bbox 2371 2979 3878 3055">
    <p class='ocr_par' dir='ltr' id='par_1_54' title="bbox 2371 2979 3878 3055">
     <span class='ocr_line' id='line_1_54' title="bbox 2371 2979 3878 3055; baseline -0.003 -21"><span class='ocrx_word' id='word_1_357' title='bbox 2371 2981 2584 3053; x_wconf 77' lang='grc' dir='ltr'>σώματι</span> <span class='ocrx_word' id='word_1_358' title='bbox 2609 2984 2686 3044; x_wconf 84' lang='grc' dir='ltr'><strong>δὲ,</strong></span> <span class='ocrx_word' id='word_1_359' title='bbox 2713 2985 2876 3054; x_wconf 73' lang='grc' dir='ltr'>ἡδονὴ</span> <span class='ocrx_word' id='word_1_360' title='bbox 2908 2985 3004 3038; x_wconf 69' lang='grc' dir='ltr'>καὶ</span> <span class='ocrx_word' id='word_1_361' title='bbox 3035 2985 3217 3055; x_wconf 74' lang='grc' dir='ltr'>ὀδύνη.</span> <span class='ocrx_word' id='word_1_362' title='bbox 3245 2984 3428 3036; x_wconf 73' lang='grc' dir='ltr'>Αἴτιον</span> <span class='ocrx_word' id='word_1_363' title='bbox 3459 2982 3537 3050; x_wconf 77' lang='grc' dir='ltr'>δὲ,</span> <span class='ocrx_word' id='word_1_364' title='bbox 3569 2982 3664 3050; x_wconf 79' lang='grc' dir='ltr'><strong>τῆς</strong></span> <span class='ocrx_word' id='word_1_365' title='bbox 3690 2983 3772 3051; x_wconf 82' lang='grc' dir='ltr'>μὲν</span> <span class='ocrx_word' id='word_1_366' title='bbox 3792 2979 3878 3030; x_wconf 64' lang='lat'><em>665-</em></span> 
     </span>
    </p>
   </div>
   <div class='ocr_carea' id='block_1_55' title="bbox 2369 3070 3877 3147">
    <p class='ocr_par' dir='ltr' id='par_1_55' title="bbox 2369 3070 3877 3147">
     <span class='ocr_line' id='line_1_55' title="bbox 2369 3070 3877 3147; baseline -0.017 -2"><span class='ocrx_word' id='word_1_367' title='bbox 2369 3093 2484 3144; x_wconf 69' lang='grc' dir='ltr'><strong>νηῖς</strong></span> <span class='ocrx_word' id='word_1_368' title='bbox 2535 3077 2567 3145; x_wconf 74' lang='grc' dir='ltr'>ἢ</span> <span class='ocrx_word' id='word_1_369' title='bbox 2605 3077 2762 3146; x_wconf 65' lang='grc' dir='ltr'>ἡδονή</span> <span class='ocrx_word' id='word_1_370' title='bbox 2791 3077 2860 3142; x_wconf 78' lang='lat' dir='ltr'><strong>(b)</strong></span> <span class='ocrx_word' id='word_1_371' title='bbox 2882 3093 2893 3105; x_wconf 87' lang='lat'>&#39;</span> <span class='ocrx_word' id='word_1_372' title='bbox 2929 3075 3174 3139; x_wconf 79' lang='grc' dir='ltr'>θέλοντες</span> <span class='ocrx_word' id='word_1_373' title='bbox 3206 3075 3315 3147; x_wconf 67' lang='grc' dir='ltr'><strong>γὰρ</strong></span> <span class='ocrx_word' id='word_1_374' title='bbox 3363 3076 3625 3144; x_wconf 77' lang='grc' dir='ltr'>ἐκφυγεῖν</span> <span class='ocrx_word' id='word_1_375' title='bbox 3665 3071 3751 3144; x_wconf 76' lang='grc' dir='ltr'>τὴν</span> <span class='ocrx_word' id='word_1_376' title='bbox 3779 3070 3877 3121; x_wconf 66' lang='grc' dir='ltr'>κατὰ</span> 
     </span>
    </p>
   </div>
   <div class='ocr_carea' id='block_1_56' title="bbox 691 3152 2313 3240">
    <p class='ocr_par' dir='ltr' id='par_1_56' title="bbox 691 3152 2313 3240">
     <span class='ocr_line' id='line_1_56' title="bbox 691 3152 2313 3240; baseline 0.009 -37"><span class='ocrx_word' id='word_1_377' title='bbox 691 3152 891 3221; x_wconf 87' lang='lat' dir='ltr'><strong>luptas.</strong></span> <span class='ocrx_word' id='word_1_378' title='bbox 914 3155 1055 3208; x_wconf 85' lang='lat' dir='ltr'><strong>Dum</strong></span> <span class='ocrx_word' id='word_1_379' title='bbox 1090 3158 1237 3210; x_wconf 89' lang='lat' dir='ltr'><strong>enim</strong></span> <span class='ocrx_word' id='word_1_380' title='bbox 1276 3161 1564 3215; x_wconf 86' lang='lat' dir='ltr'><strong>molestum</strong></span> <span class='ocrx_word' id='word_1_381' title='bbox 1597 3163 1802 3217; x_wconf 86' lang='lat' dir='ltr'><strong>doloris</strong></span> <span class='ocrx_word' id='word_1_382' title='bbox 1837 3179 2057 3217; x_wconf 83' lang='lat' dir='ltr'><strong>sensum</strong></span> <span class='ocrx_word' id='word_1_383' title='bbox 2093 3165 2264 3218; x_wconf 88' lang='lat' dir='ltr'><strong>vitare</strong></span> <span class='ocrx_word' id='word_1_384' title='bbox 2295 3183 2313 3240; x_wconf 86' lang='grc'><strong>(</strong></span> 
     </span>
    </p>
   </div>
   <div class='ocr_carea' id='block_1_57' title="bbox 2254 3152 3876 3240">
    <p class='ocr_par' dir='ltr' id='par_1_57' title="bbox 2254 3161 3876 3240">
     <span class='ocr_line' id='line_1_57' title="bbox 2254 3161 3876 3240; baseline -0.004 -22"><span class='ocrx_word' id='word_1_385' title='bbox 2254 3181 2264 3218; x_wconf 70' lang='lat'><strong>2</strong></span> <span class='ocrx_word' id='word_1_386' title='bbox 2295 3183 2336 3240; x_wconf 70' lang='grc' dir='ltr'>α</span> <span class='ocrx_word' id='word_1_387' title='bbox 2369 3167 2467 3237; x_wconf 77' lang='grc' dir='ltr'>τὴν</span> <span class='ocrx_word' id='word_1_388' title='bbox 2494 3167 2684 3238; x_wconf 81' lang='grc' dir='ltr'>ὀδύνην</span> <span class='ocrx_word' id='word_1_389' title='bbox 2719 3168 2977 3221; x_wconf 78' lang='grc' dir='ltr'>ἐπίπονον</span> <span class='ocrx_word' id='word_1_390' title='bbox 3008 3165 3282 3235; x_wconf 82' lang='grc' dir='ltr'>αἴσθησιν,</span> <span class='ocrx_word' id='word_1_391' title='bbox 3318 3165 3458 3236; x_wconf 76' lang='grc' dir='ltr'>πρὸς</span> <span class='ocrx_word' id='word_1_392' title='bbox 3487 3163 3584 3234; x_wconf 77' lang='grc' dir='ltr'>τὴν</span> <span class='ocrx_word' id='word_1_393' title='bbox 3621 3161 3786 3234; x_wconf 64' lang='grc' dir='ltr'>ήδονίιν</span> <span class='ocrx_word' id='word_1_394' title='bbox 3808 3177 3876 3211; x_wconf 79' lang='lat' dir='ltr'><strong>x1-</strong></span> 
     </span>
    </p>
   </div>
   <div class='ocr_carea' id='block_1_58' title="bbox 690 3242 2270 3324">
    <p class='ocr_par' dir='ltr' id='par_1_58' title="bbox 690 3242 2270 3324">
     <span class='ocr_line' id='line_1_58' title="bbox 690 3242 2270 3324; baseline 0.011 -31"><span class='ocrx_word' id='word_1_395' title='bbox 690 3242 966 3306; x_wconf 88' lang='lat' dir='ltr'><strong>volumus,</strong></span> <span class='ocrx_word' id='word_1_396' title='bbox 989 3246 1054 3299; x_wconf 90' lang='lat' dir='ltr'><strong>ad</strong></span> <span class='ocrx_word' id='word_1_397' title='bbox 1088 3249 1420 3318; x_wconf 87' lang='lat' dir='ltr'><strong>voluptatem</strong></span> <span class='ocrx_word' id='word_1_398' title='bbox 1449 3252 1794 3324; x_wconf 84' lang='lat' dir='ltr'><strong>confugimus</strong></span> <span class='ocrx_word' id='word_1_399' title='bbox 1829 3272 1840 3307; x_wconf 95' lang='lat'>:</span> <span class='ocrx_word' id='word_1_400' title='bbox 1877 3254 2109 3309; x_wconf 70' lang='lat' dir='ltr'><strong>tristitia:</strong></span> <span class='ocrx_word' id='word_1_401' title='bbox 2137 3271 2270 3311; x_wconf 85' lang='lat' dir='ltr'><strong>vero</strong></span> 
     </span>
    </p>
   </div>
   <div class='ocr_carea' id='block_1_59' title="bbox 692 3341 1823 3419">
    <p class='ocr_par' dir='ltr' id='par_1_59' title="bbox 692 3341 1823 3419">
     <span class='ocr_line' id='line_1_59' title="bbox 692 3341 1823 3419; baseline 0.013 -30"><span class='ocrx_word' id='word_1_402' title='bbox 692 3351 789 3390; x_wconf 82' lang='lat' dir='ltr'><strong>seu</strong></span> <span class='ocrx_word' id='word_1_403' title='bbox 822 3341 1095 3404; x_wconf 71' lang='lat' dir='ltr'><strong>mmroris,</strong></span> <span class='ocrx_word' id='word_1_404' title='bbox 1120 3345 1392 3414; x_wconf 89' lang='lat' dir='ltr'><strong>cupiditas</strong></span> <span class='ocrx_word' id='word_1_405' title='bbox 1419 3356 1510 3401; x_wconf 91' lang='lat' dir='ltr'><strong>aut</strong></span> <span class='ocrx_word' id='word_1_406' title='bbox 1532 3349 1823 3419; x_wconf 58' lang='lat' dir='ltr'><strong>agritudo.</strong></span> 
     </span>
    </p>
   </div>
   <div class='ocr_carea' id='block_1_60' title="bbox 763 3427 2272 3505">
    <p class='ocr_par' dir='ltr' id='par_1_60' title="bbox 763 3427 2272 3505">
     <span class='ocr_line' id='line_1_60' title="bbox 763 3427 2272 3505; baseline 0.011 -25"><span class='ocrx_word' id='word_1_407' title='bbox 763 3427 851 3481; x_wconf 81' lang='lat' dir='ltr'><strong>ll.</strong></span> <span class='ocrx_word' id='word_1_408' title='bbox 887 3429 1187 3488; x_wconf 87' lang='lat' dir='ltr'><strong>‘Studiosus</strong></span> <span class='ocrx_word' id='word_1_409' title='bbox 1229 3451 1293 3489; x_wconf 88' lang='lat' dir='ltr'><strong>ac</strong></span> <span class='ocrx_word' id='word_1_410' title='bbox 1334 3436 1555 3492; x_wconf 88' lang='lat' dir='ltr'><strong>virtutis</strong></span> <span class='ocrx_word' id='word_1_411' title='bbox 1603 3440 1808 3505; x_wconf 90' lang='lat' dir='ltr'><strong>cultor,</strong></span> <span class='ocrx_word' id='word_1_412' title='bbox 1853 3439 2058 3494; x_wconf 86' lang='lat' dir='ltr'><strong>bonum</strong></span> <span class='ocrx_word' id='word_1_413' title='bbox 2104 3440 2272 3497; x_wconf 83' lang='lat' dir='ltr'><strong>habet</strong></span> 
     </span>
    </p>
   </div>
   <div class='ocr_carea' id='block_1_61' title="bbox 686 3520 2269 3601">
    <p class='ocr_par' dir='ltr' id='par_1_61' title="bbox 686 3520 2269 3601">
     <span class='ocr_line' id='line_1_61' title="bbox 686 3520 2269 3601; baseline 0.009 -29"><span class='ocrx_word' id='word_1_414' title='bbox 686 3520 801 3574; x_wconf 85' lang='lat' dir='ltr'><strong>alte</strong></span> <span class='ocrx_word' id='word_1_415' title='bbox 833 3522 1017 3576; x_wconf 89' lang='lat' dir='ltr'><strong>animo</strong></span> <span class='ocrx_word' id='word_1_416' title='bbox 1046 3526 1342 3595; x_wconf 88' lang='lat' dir='ltr'><strong>repositum</strong></span> <span class='ocrx_word' id='word_1_417' title='bbox 1379 3529 1713 3599; x_wconf 87' lang='lat' dir='ltr'><strong>insitmnque</strong></span> <span class='ocrx_word' id='word_1_418' title='bbox 1745 3549 1758 3583; x_wconf 93' lang='lat'><strong>:</strong></span> <span class='ocrx_word' id='word_1_419' title='bbox 1787 3531 1881 3601; x_wconf 90' lang='lat' dir='ltr'><strong>qui</strong></span> <span class='ocrx_word' id='word_1_420' title='bbox 1912 3542 2092 3586; x_wconf 90' lang='lat' dir='ltr'><strong>autem</strong></span> <span class='ocrx_word' id='word_1_421' title='bbox 2124 3533 2269 3587; x_wconf 89' lang='lat' dir='ltr'><strong>inani</strong></span> 
     </span>
    </p>
   </div>
   <div class='ocr_carea' id='block_1_62' title="bbox 693 3612 2272 3690">
    <p class='ocr_par' dir='ltr' id='par_1_62' title="bbox 693 3612 2272 3690">
     <span class='ocr_line' id='line_1_62' title="bbox 693 3612 2272 3690; baseline 0.011 -26"><span class='ocrx_word' id='word_1_422' title='bbox 693 3612 868 3680; x_wconf 84' lang='lat' dir='ltr'><strong>gloria</strong></span> <span class='ocrx_word' id='word_1_423' title='bbox 897 3614 1128 3679; x_wconf 87' lang='lat' dir='ltr'><strong>laborat,</strong></span> <span class='ocrx_word' id='word_1_424' title='bbox 1155 3618 1246 3672; x_wconf 93' lang='lat' dir='ltr'><strong>illo</strong></span> <span class='ocrx_word' id='word_1_425' title='bbox 1271 3621 1586 3690; x_wconf 86' lang='lat' dir='ltr'><strong>cogitatum.</strong></span> <span class='ocrx_word' id='word_1_426' title='bbox 1611 3624 1809 3678; x_wconf 82' lang='lat' dir='ltr'><strong>Malum</strong></span> <span class='ocrx_word' id='word_1_427' title='bbox 1835 3640 1964 3679; x_wconf 88' lang='lat' dir='ltr'><strong>vero</strong></span> <span class='ocrx_word' id='word_1_428' title='bbox 1991 3625 2272 3682; x_wconf 85' lang='lat' dir='ltr'><strong>studiosus</strong></span> 
     </span>
    </p>
   </div>
   <div class='ocr_carea' id='block_1_63' title="bbox 693 3705 2272 3777">
    <p class='ocr_par' dir='ltr' id='par_1_63' title="bbox 693 3705 2272 3777">
     <span class='ocr_line' id='line_1_63' title="bbox 693 3705 2272 3777; baseline 0.008 -20"><span class='ocrx_word' id='word_1_429' title='bbox 693 3705 850 3772; x_wconf 89' lang='lat' dir='ltr'><strong>quasi</strong></span> <span class='ocrx_word' id='word_1_430' title='bbox 898 3708 1189 3776; x_wconf 82' lang='lat' dir='ltr'><strong>superﬁcie</strong></span> <span class='ocrx_word' id='word_1_431' title='bbox 1234 3720 1393 3766; x_wconf 90' lang='lat' dir='ltr'><strong>tenus</strong></span> <span class='ocrx_word' id='word_1_432' title='bbox 1434 3712 1625 3777; x_wconf 85' lang='lat' dir='ltr'><strong>habet;</strong></span> <span class='ocrx_word' id='word_1_433' title='bbox 1675 3715 2001 3771; x_wconf 89' lang='lat' dir='ltr'><strong>libidinosus</strong></span> <span class='ocrx_word' id='word_1_434' title='bbox 2041 3732 2173 3771; x_wconf 89' lang='lat' dir='ltr'><strong>vero</strong></span> <span class='ocrx_word' id='word_1_435' title='bbox 2209 3732 2272 3770; x_wconf 92' lang='lat' dir='ltr'><strong>ac</strong></span> 
     </span>
    </p>
   </div>
   <div class='ocr_carea' id='block_1_64' title="bbox 678 3796 1826 3874">
    <p class='ocr_par' dir='ltr' id='par_1_64' title="bbox 678 3796 1826 3874">
     <span class='ocr_line' id='line_1_64' title="bbox 678 3796 1826 3874; baseline 0.01 -26"><span class='ocrx_word' id='word_1_436' title='bbox 678 3796 960 3865; x_wconf 51' lang='lat' dir='ltr'><strong>,voluptati</strong></span> <span class='ocrx_word' id='word_1_437' title='bbox 989 3798 1228 3864; x_wconf 91' lang='lat' dir='ltr'><strong>deditus,</strong></span> <span class='ocrx_word' id='word_1_438' title='bbox 1252 3803 1362 3856; x_wconf 92' lang='lat' dir='ltr'><strong>alto</strong></span> <span class='ocrx_word' id='word_1_439' title='bbox 1389 3804 1551 3856; x_wconf 76' lang='lat' dir='ltr'><strong>lixum</strong></span> <span class='ocrx_word' id='word_1_440' title='bbox 1583 3814 1826 3874; x_wconf 88' lang='lat' dir='ltr'><strong>pectore.</strong></span> 
     </span>
    </p>
   </div>
   <div class='ocr_carea' id='block_1_65' title="bbox 766 3888 2271 3967">
    <p class='ocr_par' dir='ltr' id='par_1_65' title="bbox 766 3888 2271 3967">
     <span class='ocr_line' id='line_1_65' title="bbox 766 3888 2271 3967; baseline 0.007 -27"><span class='ocrx_word' id='word_1_441' title='bbox 766 3888 852 3941; x_wconf 67' lang='lat'><strong>12.</strong></span> <span class='ocrx_word' id='word_1_442' title='bbox 890 3890 1090 3945; x_wconf 85' lang='lat' dir='ltr'><strong>Rarius</strong></span> <span class='ocrx_word' id='word_1_443' title='bbox 1131 3910 1232 3946; x_wconf 89' lang='lat' dir='ltr'><strong>nec</strong></span> <span class='ocrx_word' id='word_1_444' title='bbox 1269 3909 1334 3947; x_wconf 78' lang='lat' dir='ltr'><strong>ex</strong></span> <span class='ocrx_word' id='word_1_445' title='bbox 1375 3895 1558 3949; x_wconf 88' lang='lat' dir='ltr'><strong>animo</strong></span> <span class='ocrx_word' id='word_1_446' title='bbox 1604 3913 1667 3950; x_wconf 92' lang='lat' dir='ltr'><strong>ac</strong></span> <span class='ocrx_word' id='word_1_447' title='bbox 1714 3913 1982 3967; x_wconf 89' lang='lat' dir='ltr'><strong>propense</strong></span> <span class='ocrx_word' id='word_1_448' title='bbox 2027 3897 2081 3950; x_wconf 88' lang='lat' dir='ltr'><strong>in</strong></span> <span class='ocrx_word' id='word_1_449' title='bbox 2129 3897 2271 3950; x_wconf 90' lang='lat' dir='ltr'><strong>malo</strong></span> 
     </span>
    </p>
   </div>
   <div class='ocr_carea' id='block_1_66' title="bbox 693 3981 2268 4058">
    <p class='ocr_par' dir='ltr' id='par_1_66' title="bbox 693 3981 2268 4058">
     <span class='ocr_line' id='line_1_66' title="bbox 693 3981 2268 4058; baseline 0.007 -27"><span class='ocrx_word' id='word_1_450' title='bbox 693 3981 1002 4044; x_wconf 77' lang='lat' dir='ltr'><strong>versatur&#39;,</strong></span> <span class='ocrx_word' id='word_1_451' title='bbox 1026 3983 1118 4051; x_wconf 90' lang='lat' dir='ltr'><strong>qui</strong></span> <span class='ocrx_word' id='word_1_452' title='bbox 1147 3983 1278 4037; x_wconf 90' lang='lat' dir='ltr'><strong>illud</strong></span> <span class='ocrx_word' id='word_1_453' title='bbox 1309 3985 1423 4058; x_wconf 68' lang='lat' dir='ltr'><strong>odit</strong></span> <span class='ocrx_word' id='word_1_454' title='bbox 1450 4004 1462 4039; x_wconf 93' lang='lat'><strong>:</strong></span> <span class='ocrx_word' id='word_1_455' title='bbox 1491 3988 1741 4044; x_wconf 90' lang='lat' dir='ltr'><strong>crebrius</strong></span> <span class='ocrx_word' id='word_1_456' title='bbox 1762 4004 1894 4043; x_wconf 88' lang='lat' dir='ltr'><strong>vero</strong></span> <span class='ocrx_word' id='word_1_457' title='bbox 1923 3998 1979 4043; x_wconf 87' lang='lat' dir='ltr'><strong>et</strong></span> <span class='ocrx_word' id='word_1_458' title='bbox 2003 3989 2268 4053; x_wconf 86' lang='lat' dir='ltr'><strong>tenacius,</strong></span> 
     </span>
    </p>
   </div>
   <div class='ocr_carea' id='block_1_67' title="bbox 695 4071 1746 4143">
    <p class='ocr_par' dir='ltr' id='par_1_67' title="bbox 695 4071 1746 4143">
     <span class='ocr_line' id='line_1_67' title="bbox 695 4071 1746 4143; baseline 0.009 -20"><span class='ocrx_word' id='word_1_459' title='bbox 695 4071 789 4140; x_wconf 75' lang='lat' dir='ltr'><strong>qui</strong></span> <span class='ocrx_word' id='word_1_460' title='bbox 816 4073 934 4143; x_wconf 84' lang='lat' dir='ltr'><strong>ejus</strong></span> <span class='ocrx_word' id='word_1_461' title='bbox 963 4073 1144 4128; x_wconf 86' lang='lat' dir='ltr'><strong>adhuc</strong></span> <span class='ocrx_word' id='word_1_462' title='bbox 1171 4076 1354 4130; x_wconf 84' lang='lat' dir='ltr'><strong>causis</strong></span> <span class='ocrx_word' id='word_1_463' title='bbox 1383 4076 1613 4133; x_wconf 62' lang='lat' dir='ltr'><strong>allectus</strong></span> <span class='ocrx_word' id='word_1_464' title='bbox 1642 4089 1746 4133; x_wconf 90' lang='lat' dir='ltr'><strong>est.</strong></span> 
     </span>
    </p>
   </div>
   <div class='ocr_carea' id='block_1_68' title="bbox 768 4249 2272 4326">
    <p class='ocr_par' dir='ltr' id='par_1_68' title="bbox 768 4249 2272 4326">
     <span class='ocr_line' id='line_1_68' title="bbox 768 4249 2272 4326; baseline 0.005 -24"><span class='ocrx_word' id='word_1_465' title='bbox 768 4249 850 4303; x_wconf 72' lang='grc'><strong>15.</strong></span> <span class='ocrx_word' id='word_1_466' title='bbox 884 4249 1092 4317; x_wconf 80' lang='lat' dir='ltr'><strong>Quibus</strong></span> <span class='ocrx_word' id='word_1_467' title='bbox 1125 4270 1234 4309; x_wconf 91' lang='lat' dir='ltr'><strong>non</strong></span> <span class='ocrx_word' id='word_1_468' title='bbox 1269 4271 1335 4308; x_wconf 73' lang='lat' dir='ltr'><strong>ex</strong></span> <span class='ocrx_word' id='word_1_469' title='bbox 1368 4271 1551 4310; x_wconf 79' lang='lat' dir='ltr'><strong>animo</strong></span> <span class='ocrx_word' id='word_1_470' title='bbox 1585 4266 1669 4311; x_wconf 90' lang='lat' dir='ltr'><strong>est</strong></span> <span class='ocrx_word' id='word_1_471' title='bbox 1705 4267 1763 4310; x_wconf 82' lang='lat' dir='ltr'><strong>ut</strong></span> <span class='ocrx_word' id='word_1_472' title='bbox 1798 4257 2127 4326; x_wconf 83' lang='lat' dir='ltr'><strong>poenitcaut,</strong></span> <span class='ocrx_word' id='word_1_473' title='bbox 2163 4257 2272 4310; x_wconf 88' lang='lat' dir='ltr'><strong>illis</strong></span> 
     </span>
    </p>
   </div>
   <div class='ocr_carea' id='block_1_69' title="bbox 696 4346 2270 4419">
    <p class='ocr_par' dir='ltr' id='par_1_69' title="bbox 696 4346 2270 4419">
     <span class='ocr_line' id='line_1_69' title="bbox 696 4346 2270 4419; baseline 0.004 -25"><span class='ocrx_word' id='word_1_474' title='bbox 696 4355 915 4412; x_wconf 85' lang='lat' dir='ltr'><strong>quoque</strong></span> <span class='ocrx_word' id='word_1_475' title='bbox 937 4346 1064 4415; x_wconf 79' lang='lat' dir='ltr'><strong>juge</strong></span> <span class='ocrx_word' id='word_1_476' title='bbox 1090 4355 1173 4400; x_wconf 89' lang='lat' dir='ltr'><strong>est</strong></span> <span class='ocrx_word' id='word_1_477' title='bbox 1203 4359 1262 4401; x_wconf 93' lang='lat' dir='ltr'><strong>ut</strong></span> <span class='ocrx_word' id='word_1_478' title='bbox 1288 4347 1609 4419; x_wconf 87' lang='lat' dir='ltr'><strong>delinquant</strong></span> <span class='ocrx_word' id='word_1_479' title='bbox 1633 4365 1652 4402; x_wconf 77' lang='grc' dir='ltr'><strong>’ἒ</strong></span> <span class='ocrx_word' id='word_1_480' title='bbox 1685 4350 1887 4418; x_wconf 85' lang='lat' dir='ltr'><strong>quibus</strong></span> <span class='ocrx_word' id='word_1_481' title='bbox 1912 4365 2042 4401; x_wconf 82' lang='lat' dir='ltr'><strong>vero</strong></span> <span class='ocrx_word' id='word_1_482' title='bbox 2071 4365 2177 4403; x_wconf 90' lang='lat' dir='ltr'><strong>non</strong></span> <span class='ocrx_word' id='word_1_483' title='bbox 2206 4365 2270 4402; x_wconf 76' lang='lat' dir='ltr'><strong>ex</strong></span> 
     </span>
    </p>
   </div>
   <div class='ocr_carea' id='block_1_70' title="bbox 696 4432 2267 4508">
    <p class='ocr_par' dir='ltr' id='par_1_70' title="bbox 696 4432 2267 4508">
     <span class='ocr_line' id='line_1_70' title="bbox 696 4432 2267 4508; baseline 0.002 -23"><span class='ocrx_word' id='word_1_484' title='bbox 696 4432 966 4488; x_wconf 87' lang='lat' dir='ltr'><strong>destinata</strong></span> <span class='ocrx_word' id='word_1_485' title='bbox 1009 4446 1092 4490; x_wconf 91' lang='lat' dir='ltr'><strong>est</strong></span> <span class='ocrx_word' id='word_1_486' title='bbox 1134 4437 1416 4493; x_wconf 89' lang='lat' dir='ltr'><strong>voluntate</strong></span> <span class='ocrx_word' id='word_1_487' title='bbox 1462 4455 1524 4492; x_wconf 91' lang='lat' dir='ltr'><strong>ac</strong></span> <span class='ocrx_word' id='word_1_488' title='bbox 1573 4438 1854 4508; x_wconf 84' lang='lat' dir='ltr'><strong>proposito</strong></span> <span class='ocrx_word' id='word_1_489' title='bbox 1905 4447 1964 4490; x_wconf 89' lang='lat' dir='ltr'><strong>ut</strong></span> <span class='ocrx_word' id='word_1_490' title='bbox 2009 4446 2267 4506; x_wconf 88' lang='lat' dir='ltr'><strong>peccent,</strong></span> 
     </span>
    </p>
   </div>
   <div class='ocr_carea' id='block_1_71' title="bbox 2368 3254 3748 3329">
    <p class='ocr_par' dir='ltr' id='par_1_71' title="bbox 2368 3254 3748 3329">
     <span class='ocr_line' id='line_1_71' title="bbox 2368 3254 3748 3329; baseline -0.004 -19"><span class='ocrx_word' id='word_1_491' title='bbox 2368 3258 2712 3329; x_wconf 72' lang='grc' dir='ltr'>ταφεύγομεν</span> <span class='ocrx_word' id='word_1_492' title='bbox 2733 3275 2746 3290; x_wconf 92' lang='grc'><strong>·</strong></span> <span class='ocrx_word' id='word_1_493' title='bbox 2783 3258 2957 3328; x_wconf 77' lang='grc' dir='ltr'>λύπης</span> <span class='ocrx_word' id='word_1_494' title='bbox 2991 3258 3068 3323; x_wconf 78' lang='grc' dir='ltr'><strong>δὲ,</strong></span> <span class='ocrx_word' id='word_1_495' title='bbox 3101 3256 3369 3328; x_wconf 82' lang='grc' dir='ltr'>ἐπιθυμία</span> <span class='ocrx_word' id='word_1_496' title='bbox 3403 3257 3439 3328; x_wconf 75' lang='grc' dir='ltr'>ἢ</span> <span class='ocrx_word' id='word_1_497' title='bbox 3467 3254 3748 3328; x_wconf 78' lang='grc' dir='ltr'>ἀρῤωστία.</span> 
     </span>
    </p>
   </div>
   <div class='ocr_carea' id='block_1_72' title="bbox 2442 3424 3880 3502">
    <p class='ocr_par' dir='ltr' id='par_1_72' title="bbox 2442 3424 3880 3502">
     <span class='ocr_line' id='line_1_72' title="bbox 2442 3424 3880 3502; baseline -0.009 -16"><span class='ocrx_word' id='word_1_498' title='bbox 2442 3441 2532 3486; x_wconf 88' lang='grc' dir='ltr'>ια’.</span> <span class='ocrx_word' id='word_1_499' title='bbox 2587 3433 2923 3487; x_wconf 83' lang='grc' dir='ltr'>Ἐνδιάθετον</span> <span class='ocrx_word' id='word_1_500' title='bbox 2964 3433 3062 3502; x_wconf 77' lang='grc' dir='ltr'><strong>μὲν</strong></span> <span class='ocrx_word' id='word_1_501' title='bbox 3103 3433 3131 3485; x_wconf 88' lang='lat'><strong>6</strong></span> <span class='ocrx_word' id='word_1_502' title='bbox 3180 3431 3440 3501; x_wconf 75' lang='grc' dir='ltr'><strong>ἐνάρετος</strong></span> <span class='ocrx_word' id='word_1_503' title='bbox 3471 3427 3719 3498; x_wconf 73' lang='grc' dir='ltr'>κέκτηται</span> <span class='ocrx_word' id='word_1_504' title='bbox 3742 3424 3790 3474; x_wconf 75' lang='grc' dir='ltr'><strong>τδ</strong></span> <span class='ocrx_word' id='word_1_505' title='bbox 3810 3440 3880 3474; x_wconf 76' lang='grc' dir='ltr'>κα-</span> 
     </span>
    </p>
   </div>
   <div class='ocr_carea' id='block_1_73' title="bbox 2369 3515 3877 3594">
    <p class='ocr_par' dir='ltr' id='par_1_73' title="bbox 2369 3515 3877 3594">
     <span class='ocr_line' id='line_1_73' title="bbox 2369 3515 3877 3594; baseline -0.01 -17"><span class='ocrx_word' id='word_1_506' title='bbox 2369 3525 2458 3577; x_wconf 85' lang='grc' dir='ltr'><strong>λον</strong></span> <span class='ocrx_word' id='word_1_507' title='bbox 2482 3543 2494 3555; x_wconf 77' lang='grc' dir='ltr'><strong>ο</strong></span> <span class='ocrx_word' id='word_1_508' title='bbox 2525 3541 2810 3594; x_wconf 77' lang='grc' dir='ltr'>περινενοη</span> <span class='ocrx_word' id='word_1_509' title='bbox 2821 3525 2979 3593; x_wconf 78' lang='grc' dir='ltr'>μένον</span> <span class='ocrx_word' id='word_1_510' title='bbox 3027 3521 3106 3586; x_wconf 83' lang='grc' dir='ltr'>δὲ,</span> <span class='ocrx_word' id='word_1_511' title='bbox 3141 3523 3171 3574; x_wconf 98' lang='lat'><strong>6</strong></span> <span class='ocrx_word' id='word_1_512' title='bbox 3199 3519 3500 3584; x_wconf 80' lang='grc' dir='ltr'>κενόδοξος.</span> <span class='ocrx_word' id='word_1_513' title='bbox 3533 3518 3603 3569; x_wconf 75' lang='grc' dir='ltr'><strong>Τὸ</strong></span> <span class='ocrx_word' id='word_1_514' title='bbox 3644 3516 3696 3568; x_wconf 81' lang='grc' dir='ltr'>δὲ</span> <span class='ocrx_word' id='word_1_515' title='bbox 3737 3515 3877 3571; x_wconf 70' lang='grc' dir='ltr'>κακὸν,</span> 
     </span>
    </p>
   </div>
   <div class='ocr_carea' id='block_1_74' title="bbox 2369 3603 3878 3684">
    <p class='ocr_par' dir='ltr' id='par_1_74' title="bbox 2369 3603 3878 3684">
     <span class='ocr_line' id='line_1_74' title="bbox 2369 3603 3878 3684; baseline -0.012 -16"><span class='ocrx_word' id='word_1_516' title='bbox 2369 3617 2397 3668; x_wconf 82' lang='lat'><strong>6</strong></span> <span class='ocrx_word' id='word_1_517' title='bbox 2434 3614 2529 3684; x_wconf 73' lang='grc' dir='ltr'><strong>μὲν</strong></span> <span class='ocrx_word' id='word_1_518' title='bbox 2565 3613 2870 3678; x_wconf 87' lang='grc' dir='ltr'>σπουδαῖος,</span> <span class='ocrx_word' id='word_1_519' title='bbox 2900 3612 2957 3678; x_wconf 75' lang='grc' dir='ltr'><strong>ἐξ</strong></span> <span class='ocrx_word' id='word_1_520' title='bbox 2989 3609 3254 3680; x_wconf 76' lang='grc' dir='ltr'>ἐπιπολῆς</span> <span class='ocrx_word' id='word_1_521' title='bbox 3284 3609 3428 3679; x_wconf 66' lang='grc' dir='ltr'>εχει·</span> <span class='ocrx_word' id='word_1_522' title='bbox 3466 3607 3602 3659; x_wconf 67' lang='grc' dir='ltr'>κατὰ</span> <span class='ocrx_word' id='word_1_523' title='bbox 3633 3604 3799 3674; x_wconf 72' lang='grc' dir='ltr'>βαθοὺς</span> <span class='ocrx_word' id='word_1_524' title='bbox 3823 3603 3878 3661; x_wconf 72' lang='grc' dir='ltr'>δὲ,</span> 
     </span>
    </p>
   </div>
   <div class='ocr_carea' id='block_1_75' title="bbox 2369 3704 2712 3775">
    <p class='ocr_par' dir='ltr' id='par_1_75' title="bbox 2369 3704 2712 3775">
     <span class='ocr_line' id='line_1_75' title="bbox 2369 3704 2712 3775; baseline -0.006 -17"><span class='ocrx_word' id='word_1_525' title='bbox 2369 3707 2397 3758; x_wconf 91' lang='lat'><strong>6</strong></span> <span class='ocrx_word' id='word_1_526' title='bbox 2429 3704 2712 3775; x_wconf 70' lang='grc' dir='ltr'><strong>φιλήδονος</strong></span> 
     </span>
    </p>
   </div>
   <div class='ocr_carea' id='block_1_76' title="bbox 2442 3886 3879 3967">
    <p class='ocr_par' dir='ltr' id='par_1_76' title="bbox 2442 3886 3879 3967">
     <span class='ocr_line' id='line_1_76' title="bbox 2442 3886 3879 3967; baseline -0.014 -14"><span class='ocrx_word' id='word_1_527' title='bbox 2442 3897 2531 3967; x_wconf 73' lang='grc' dir='ltr'>ιβ’.</span> <span class='ocrx_word' id='word_1_528' title='bbox 2585 3895 2866 3965; x_wconf 75' lang='grc' dir='ltr'>Ὀλιγὰκις</span> <span class='ocrx_word' id='word_1_529' title='bbox 2897 3895 2998 3966; x_wconf 77' lang='grc' dir='ltr'><strong>μὲν</strong></span> <span class='ocrx_word' id='word_1_530' title='bbox 3022 3895 3120 3949; x_wconf 69' lang='grc' dir='ltr'><strong>καὶ</strong></span> <span class='ocrx_word' id='word_1_531' title='bbox 3153 3893 3254 3947; x_wconf 80' lang='grc' dir='ltr'><strong>οὐκ</strong></span> <span class='ocrx_word' id='word_1_532' title='bbox 3281 3892 3561 3962; x_wconf 76' lang='grc' dir='ltr'>ἐπιμελῶς</span> <span class='ocrx_word' id='word_1_533' title='bbox 3595 3890 3659 3958; x_wconf 79' lang='grc' dir='ltr'><strong>(ι’)</strong></span> <span class='ocrx_word' id='word_1_534' title='bbox 3692 3886 3879 3955; x_wconf 55' lang='lat' dir='ltr'><strong>sapim-</strong></span> 
     </span>
    </p>
   </div>
   <div class='ocr_carea' id='block_1_77' title="bbox 2370 3976 3878 4058">
    <p class='ocr_par' dir='ltr' id='par_1_77' title="bbox 2370 3976 3878 4058">
     <span class='ocr_line' id='line_1_77' title="bbox 2370 3976 3878 4058; baseline -0.003 -17"><span class='ocrx_word' id='word_1_535' title='bbox 2370 4006 2460 4041; x_wconf 89' lang='grc' dir='ltr'><strong>ται</strong></span> <span class='ocrx_word' id='word_1_536' title='bbox 2499 3988 2634 4058; x_wconf 80' lang='grc' dir='ltr'>πρὸς</span> <span class='ocrx_word' id='word_1_537' title='bbox 2677 3988 2736 4040; x_wconf 85' lang='grc' dir='ltr'>τὺ</span> <span class='ocrx_word' id='word_1_538' title='bbox 2784 3987 2974 4050; x_wconf 78' lang='grc' dir='ltr'>κακὸν,</span> <span class='ocrx_word' id='word_1_539' title='bbox 3017 3989 3045 4040; x_wconf 88' lang='grc' dir='ltr'>ὁ</span> <span class='ocrx_word' id='word_1_540' title='bbox 3097 3985 3254 4038; x_wconf 74' lang='grc' dir='ltr'>τοῦτο</span> <span class='ocrx_word' id='word_1_541' title='bbox 3305 3984 3523 4054; x_wconf 78' lang='grc' dir='ltr'>μισῶνο</span> <span class='ocrx_word' id='word_1_542' title='bbox 3570 3981 3816 4036; x_wconf 74' lang='grc' dir='ltr'>πλεονάκις</span> <span class='ocrx_word' id='word_1_543' title='bbox 3840 3976 3878 4024; x_wconf 57' lang='grc' dir='ltr'><strong>δὲ</strong></span> 
     </span>
    </p>
   </div>
   <div class='ocr_carea' id='block_1_78' title="bbox 2372 4069 3878 4150">
    <p class='ocr_par' dir='ltr' id='par_1_78' title="bbox 2372 4069 3878 4150">
     <span class='ocr_line' id='line_1_78' title="bbox 2372 4069 3878 4150; baseline -0.009 -19"><span class='ocrx_word' id='word_1_544' title='bbox 2372 4081 2464 4132; x_wconf 69' lang='grc' dir='ltr'><strong>καὶ</strong></span> <span class='ocrx_word' id='word_1_545' title='bbox 2524 4077 3054 4150; x_wconf 85' lang='grc' dir='ltr'>προσεκτικώτερον,</span> <span class='ocrx_word' id='word_1_546' title='bbox 3111 4079 3140 4131; x_wconf 90' lang='lat'><strong>6</strong></span> <span class='ocrx_word' id='word_1_547' title='bbox 3201 4076 3281 4129; x_wconf 76' lang='grc' dir='ltr'>ἔτι</span> <span class='ocrx_word' id='word_1_548' title='bbox 3335 4078 3459 4139; x_wconf 85' lang='grc' dir='ltr'>ταῖς</span> <span class='ocrx_word' id='word_1_549' title='bbox 3508 4073 3694 4134; x_wconf 85' lang='grc' dir='ltr'>αίτίαις</span> <span class='ocrx_word' id='word_1_550' title='bbox 3723 4069 3878 4122; x_wconf 70' lang='grc' dir='ltr'>ἐκείνω</span> 
     </span>
    </p>
   </div>
   <div class='ocr_carea' id='block_1_79' title="bbox 2372 4170 2766 4240">
    <p class='ocr_par' dir='ltr' id='par_1_79' title="bbox 2372 4170 2766 4240">
     <span class='ocr_line' id='line_1_79' title="bbox 2372 4170 2766 4240; baseline -0.003 -17"><span class='ocrx_word' id='word_1_551' title='bbox 2372 4170 2766 4240; x_wconf 79' lang='grc' dir='ltr'>προσκείμενος</span> 
     </span>
    </p>
   </div>
   <div class='ocr_carea' id='block_1_80' title="bbox 2443 4250 3878 4332">
    <p class='ocr_par' dir='ltr' id='par_1_80' title="bbox 2443 4250 3878 4332">
     <span class='ocr_line' id='line_1_80' title="bbox 2443 4250 3878 4332; baseline -0.007 -16"><span class='ocrx_word' id='word_1_552' title='bbox 2443 4268 2529 4330; x_wconf 82' lang='grc' dir='ltr'>ιγ’.</span> <span class='ocrx_word' id='word_1_553' title='bbox 2571 4256 2666 4325; x_wconf 82' lang='grc' dir='ltr'><strong>Οἷς</strong></span> <span class='ocrx_word' id='word_1_554' title='bbox 2700 4261 2775 4332; x_wconf 82' lang='grc' dir='ltr'>μὴ</span> <span class='ocrx_word' id='word_1_555' title='bbox 2809 4260 2950 4314; x_wconf 84' lang='grc' dir='ltr'>κατά</span> <span class='ocrx_word' id='word_1_556' title='bbox 3002 4259 3258 4331; x_wconf 76' lang='grc' dir='ltr'>πρόθεσιν</span> <span class='ocrx_word' id='word_1_557' title='bbox 3302 4258 3364 4311; x_wconf 77' lang='grc' dir='ltr'><strong>τὸ</strong></span> <span class='ocrx_word' id='word_1_558' title='bbox 3409 4258 3696 4329; x_wconf 82' lang='grc' dir='ltr'>μετανοεῖν,</span> <span class='ocrx_word' id='word_1_559' title='bbox 3720 4250 3878 4305; x_wconf 69' lang='grc' dir='ltr'>τοῦτοις</span> 
     </span>
    </p>
   </div>
   <div class='ocr_carea' id='block_1_81' title="bbox 2374 4341 3876 4424">
    <p class='ocr_par' dir='ltr' id='par_1_81' title="bbox 2374 4341 3876 4424">
     <span class='ocr_line' id='line_1_81' title="bbox 2374 4341 3876 4424; baseline -0.009 -20"><span class='ocrx_word' id='word_1_560' title='bbox 2374 4354 2596 4424; x_wconf 78' lang='grc' dir='ltr'>συνεχὲς</span> <span class='ocrx_word' id='word_1_561' title='bbox 2630 4351 2723 4407; x_wconf 68' lang='grc' dir='ltr'><strong>καὶ</strong></span> <span class='ocrx_word' id='word_1_562' title='bbox 2758 4353 2817 4405; x_wconf 74' lang='grc' dir='ltr'><strong>τὸ</strong></span> <span class='ocrx_word' id='word_1_563' title='bbox 2849 4351 3219 4422; x_wconf 74' lang='grc' dir='ltr'>πλημμελεῖν·</span> <span class='ocrx_word' id='word_1_564' title='bbox 3259 4344 3338 4412; x_wconf 74' lang='grc' dir='ltr'>οἷς</span> <span class='ocrx_word' id='word_1_565' title='bbox 3377 4351 3436 4402; x_wconf 82' lang='grc' dir='ltr'>δὲ</span> <span class='ocrx_word' id='word_1_566' title='bbox 3489 4347 3636 4417; x_wconf 78' lang='grc' dir='ltr'><strong>παρὰ</strong></span> <span class='ocrx_word' id='word_1_567' title='bbox 3677 4341 3876 4412; x_wconf 76' lang='grc' dir='ltr'>πρόθεσιν</span> 
     </span>
    </p>
   </div>
   <div class='ocr_carea' id='block_1_82' title="bbox 2372 4429 3876 4516">
    <p class='ocr_par' dir='ltr' id='par_1_82' title="bbox 2372 4429 3876 4516">
     <span class='ocr_line' id='line_1_82' title="bbox 2372 4429 3876 4516; baseline -0.011 -15"><span class='ocrx_word' id='word_1_568' title='bbox 2372 4447 2430 4500; x_wconf 70' lang='grc' dir='ltr'>τὸ</span> <span class='ocrx_word' id='word_1_569' title='bbox 2460 4445 2818 4516; x_wconf 78' lang='grc' dir='ltr'>ἁμαρτάνειν,</span> <span class='ocrx_word' id='word_1_570' title='bbox 2860 4443 3352 4515; x_wconf 79' lang='grc' dir='ltr'>ὲμπληροφὸρητος</span> <span class='ocrx_word' id='word_1_571' title='bbox 3386 4443 3420 4513; x_wconf 80' lang='grc' dir='ltr'>ἡ</span> <span class='ocrx_word' id='word_1_572' title='bbox 3461 4442 3718 4512; x_wconf 76' lang='grc' dir='ltr'>μετᾰνοια,</span> <span class='ocrx_word' id='word_1_573' title='bbox 3742 4433 3815 4486; x_wconf 77' lang='grc' dir='ltr'>καὶ</span> <span class='ocrx_word' id='word_1_574' title='bbox 3837 4429 3876 4480; x_wconf 59' lang='grc' dir='ltr'>τὶ</span> 
     </span>
    </p>
   </div>
   <div class='ocr_carea' id='block_1_83' title="bbox 697 4525 2319 4606">
    <p class='ocr_par' dir='ltr' id='par_1_83' title="bbox 697 4525 2319 4600">
     <span class='ocr_line' id='line_1_83' title="bbox 697 4525 2319 4600; baseline 0.002 -23"><span class='ocrx_word' id='word_1_575' title='bbox 697 4533 845 4578; x_wconf 87' lang='lat' dir='ltr'><strong>certa</strong></span> <span class='ocrx_word' id='word_1_576' title='bbox 886 4542 1060 4594; x_wconf 78' lang='lat' dir='ltr'><strong>exque</strong></span> <span class='ocrx_word' id='word_1_577' title='bbox 1103 4527 1288 4582; x_wconf 90' lang='lat' dir='ltr'><strong>animo</strong></span> <span class='ocrx_word' id='word_1_578' title='bbox 1333 4530 1654 4599; x_wconf 74' lang='lat' dir='ltr'><strong>pmnitentia</strong></span> <span class='ocrx_word' id='word_1_579' title='bbox 1699 4540 1802 4596; x_wconf 90' lang='lat' dir='ltr'><strong>est,</strong></span> <span class='ocrx_word' id='word_1_580' title='bbox 1838 4530 2064 4600; x_wconf 89' lang='lat' dir='ltr'><strong>ejusque</strong></span> <span class='ocrx_word' id='word_1_581' title='bbox 2106 4525 2319 4582; x_wconf 79' lang='lat' dir='ltr'><strong>causa]</strong></span> 
     </span>
    </p>
   </div>
   <div class='ocr_carea' id='block_1_84' title="bbox 1551 4525 3173 4606">
    <p class='ocr_par' dir='ltr' id='par_1_84' title="bbox 1551 4525 3173 4606">
     <span class='ocr_line' id='line_1_84' title="bbox 1551 4525 3173 4606; baseline 0.004 -24"><span class='ocrx_word' id='word_1_582' title='bbox 1551 4530 1654 4585; x_wconf 80' lang='lat' dir='ltr'><strong>utia</strong></span> <span class='ocrx_word' id='word_1_583' title='bbox 1699 4540 1802 4596; x_wconf 90' lang='lat' dir='ltr'><strong>est,</strong></span> <span class='ocrx_word' id='word_1_584' title='bbox 1838 4530 2064 4600; x_wconf 89' lang='lat' dir='ltr'><strong>ejusque</strong></span> <span class='ocrx_word' id='word_1_585' title='bbox 2106 4543 2268 4582; x_wconf 85' lang='lat' dir='ltr'><strong>causa</strong></span> <span class='ocrx_word' id='word_1_586' title='bbox 2301 4525 2344 4581; x_wconf 87' lang='lat' dir='ltr'><strong>D</strong></span> <span class='ocrx_word' id='word_1_587' title='bbox 2372 4535 2542 4591; x_wconf 71' lang='grc' dir='ltr'>αἴτιον</span> <span class='ocrx_word' id='word_1_588' title='bbox 2575 4536 2779 4605; x_wconf 81' lang='grc' dir='ltr'>ταύτης</span> <span class='ocrx_word' id='word_1_589' title='bbox 2809 4536 2928 4606; x_wconf 71' lang='grc' dir='ltr'><strong>οὖχὶ</strong></span> <span class='ocrx_word' id='word_1_590' title='bbox 2960 4535 3173 4606; x_wconf 74' lang='grc' dir='ltr'>συχνόν.</span> 
     </span>
    </p>
   </div>
   <div class='ocr_carea' id='block_1_85' title="bbox 699 4614 1196 4673">
    <p class='ocr_par' dir='ltr' id='par_1_85' title="bbox 699 4614 1196 4673">
     <span class='ocr_line' id='line_1_85' title="bbox 699 4614 1196 4673; baseline 0.008 -5"><span class='ocrx_word' id='word_1_591' title='bbox 699 4614 844 4668; x_wconf 88' lang='lat' dir='ltr'><strong>haud</strong></span> <span class='ocrx_word' id='word_1_592' title='bbox 875 4615 949 4670; x_wconf 89' lang='lat' dir='ltr'><strong>ita</strong></span> <span class='ocrx_word' id='word_1_593' title='bbox 980 4618 1196 4673; x_wconf 88' lang='lat' dir='ltr'><strong>crebra.</strong></span> 
     </span>
    </p>
   </div>
   <div class='ocr_carea' id='block_1_86' title="bbox 769 4707 2277 4768">
    <p class='ocr_par' dir='ltr' id='par_1_86' title="bbox 769 4707 2277 4768">
     <span class='ocr_line' id='line_1_86' title="bbox 769 4707 2277 4768; baseline 0.005 -8"><span class='ocrx_word' id='word_1_594' title='bbox 769 4707 854 4760; x_wconf 62' lang='lat' dir='ltr'><strong>ll.</strong></span> <span class='ocrx_word' id='word_1_595' title='bbox 907 4707 1112 4763; x_wconf 90' lang='lat' dir='ltr'><strong>Sensus</strong></span> <span class='ocrx_word' id='word_1_596' title='bbox 1174 4718 1230 4764; x_wconf 92' lang='lat' dir='ltr'><strong>et</strong></span> <span class='ocrx_word' id='word_1_597' title='bbox 1287 4710 1623 4767; x_wconf 78' lang='lat' dir='ltr'><strong>conscientia</strong></span> <span class='ocrx_word' id='word_1_598' title='bbox 1682 4713 1796 4768; x_wconf 89' lang='lat' dir='ltr'><strong>oris</strong></span> <span class='ocrx_word' id='word_1_599' title='bbox 1861 4711 2101 4767; x_wconf 89' lang='lat' dir='ltr'><strong>sermoni</strong></span> <span class='ocrx_word' id='word_1_600' title='bbox 2167 4713 2277 4767; x_wconf 92' lang='lat' dir='ltr'><strong>sint</strong></span> 
     </span>
    </p>
   </div>
   <div class='ocr_carea' id='block_1_87' title="bbox 695 4797 2272 4872">
    <p class='ocr_par' dir='ltr' id='par_1_87' title="bbox 695 4797 2272 4872">
     <span class='ocr_line' id='line_1_87' title="bbox 695 4797 2272 4872; baseline 0.004 -23"><span class='ocrx_word' id='word_1_601' title='bbox 695 4797 953 4862; x_wconf 87' lang='lat' dir='ltr'><strong>comites,</strong></span> <span class='ocrx_word' id='word_1_602' title='bbox 984 4807 1042 4853; x_wconf 91' lang='lat' dir='ltr'><strong>ut</strong></span> <span class='ocrx_word' id='word_1_603' title='bbox 1077 4799 1287 4855; x_wconf 87' lang='lat' dir='ltr'><strong>scilicet</strong></span> <span class='ocrx_word' id='word_1_604' title='bbox 1318 4801 1539 4856; x_wconf 89' lang='lat' dir='ltr'><strong>divinus</strong></span> <span class='ocrx_word' id='word_1_605' title='bbox 1571 4819 1773 4869; x_wconf 91' lang='lat' dir='ltr'><strong>sermo,</strong></span> <span class='ocrx_word' id='word_1_606' title='bbox 1805 4803 1900 4872; x_wconf 88' lang='lat' dir='ltr'><strong>qui</strong></span> <span class='ocrx_word' id='word_1_607' title='bbox 1934 4805 2072 4858; x_wconf 81' lang='lat' dir='ltr'><strong>dixit</strong></span> <span class='ocrx_word' id='word_1_608' title='bbox 2095 4803 2114 4832; x_wconf 63' lang='grc'>⁸</span> <span class='ocrx_word' id='word_1_609' title='bbox 2153 4803 2272 4856; x_wconf 85' lang='lat' dir='ltr'><strong>fore</strong></span> 
     </span>
    </p>
   </div>
   <div class='ocr_carea' id='block_1_88' title="bbox 697 4891 2272 4966">
    <p class='ocr_par' dir='ltr' id='par_1_88' title="bbox 697 4891 2272 4966">
     <span class='ocr_line' id='line_1_88' title="bbox 697 4891 2272 4966; baseline 0.004 -24"><span class='ocrx_word' id='word_1_610' title='bbox 697 4905 756 4945; x_wconf 90' lang='lat' dir='ltr'><strong>se</strong></span> <span class='ocrx_word' id='word_1_611' title='bbox 791 4891 846 4944; x_wconf 89' lang='lat' dir='ltr'><strong>in</strong></span> <span class='ocrx_word' id='word_1_612' title='bbox 889 4891 1071 4947; x_wconf 88' lang='lat' dir='ltr'><strong>medio</strong></span> <span class='ocrx_word' id='word_1_613' title='bbox 1105 4909 1318 4957; x_wconf 88' lang='lat' dir='ltr'><strong>eorum,</strong></span> <span class='ocrx_word' id='word_1_614' title='bbox 1354 4910 1464 4948; x_wconf 92' lang='lat' dir='ltr'><strong>non</strong></span> <span class='ocrx_word' id='word_1_615' title='bbox 1504 4896 1821 4962; x_wconf 90' lang='lat' dir='ltr'><strong>erubescat,</strong></span> <span class='ocrx_word' id='word_1_616' title='bbox 1855 4896 1926 4951; x_wconf 91' lang='lat' dir='ltr'><strong>ob</strong></span> <span class='ocrx_word' id='word_1_617' title='bbox 1966 4895 2272 4966; x_wconf 87' lang='lat' dir='ltr'><strong>procacita-</strong></span> 
     </span>
    </p>
   </div>
   <div class='ocr_carea' id='block_1_89' title="bbox 771 5069 1785 5136">
    <p class='ocr_par' dir='ltr' id='par_1_89' title="bbox 771 5069 1785 5136">
     <span class='ocr_line' id='line_1_89' title="bbox 771 5069 1785 5136; baseline 0.002 -13"><span class='ocrx_word' id='word_1_618' title='bbox 771 5070 790 5101; x_wconf 84' lang='grc'><strong><em>²</em></strong></span> <span class='ocrx_word' id='word_1_619' title='bbox 814 5069 960 5125; x_wconf 79' lang='lat' dir='ltr'><strong>&quot;Gen.</strong></span> <span class='ocrx_word' id='word_1_620' title='bbox 989 5087 1066 5135; x_wconf 67' lang='grc' dir='ltr'>γι,</span> <span class='ocrx_word' id='word_1_621' title='bbox 1099 5071 1152 5124; x_wconf 79' lang='grc'>5.</span> <span class='ocrx_word' id='word_1_622' title='bbox 1231 5071 1251 5102; x_wconf 77' lang='grc'><strong>⁸</strong></span> <span class='ocrx_word' id='word_1_623' title='bbox 1283 5071 1472 5126; x_wconf 79' lang='lat' dir='ltr'><strong>Matth.</strong></span> <span class='ocrx_word' id='word_1_624' title='bbox 1509 5088 1660 5136; x_wconf 79' lang='lat' dir='ltr'><strong>xvm,</strong></span> <span class='ocrx_word' id='word_1_625' title='bbox 1691 5072 1785 5127; x_wconf 67' lang='lat'><strong>‘20.</strong></span> 
     </span>
    </p>
   </div>
   <div class='ocr_carea' id='block_1_90' title="bbox 769 5248 2264 5322">
    <p class='ocr_par' dir='ltr' id='par_1_90' title="bbox 769 5248 2264 5322">
     <span class='ocr_line' id='line_1_90' title="bbox 769 5248 2264 5322; baseline 0.004 -18"><span class='ocrx_word' id='word_1_626' title='bbox 769 5253 840 5318; x_wconf 72' lang='grc' dir='ltr'><strong>(ὁ)</strong></span> <span class='ocrx_word' id='word_1_627' title='bbox 875 5251 984 5317; x_wconf 78' lang='grc' dir='ltr'><strong>Τῆς</strong></span> <span class='ocrx_word' id='word_1_628' title='bbox 1001 5252 1118 5320; x_wconf 75' lang='grc' dir='ltr'>μὲν</span> <span class='ocrx_word' id='word_1_629' title='bbox 1143 5253 1385 5319; x_wconf 75' lang='grc' dir='ltr'>ὀδυνης,</span> <span class='ocrx_word' id='word_1_630' title='bbox 1409 5252 1446 5319; x_wconf 80' lang='grc' dir='ltr'><strong><em>ἡ</em></strong></span> <span class='ocrx_word' id='word_1_631' title='bbox 1475 5248 1683 5318; x_wconf 75' lang='grc' dir='ltr'>ἡδονή.</span> <span class='ocrx_word' id='word_1_632' title='bbox 1713 5251 1852 5307; x_wconf 84' lang='lat' dir='ltr'><strong>Sunt</strong></span> <span class='ocrx_word' id='word_1_633' title='bbox 1877 5251 2096 5322; x_wconf 69' lang='lat' dir='ltr'><strong>quidem</strong></span> <span class='ocrx_word' id='word_1_634' title='bbox 2125 5253 2264 5310; x_wconf 69' lang='lat' dir='ltr'><strong>haec.</strong></span> 
     </span>
    </p>
   </div>
   <div class='ocr_carea' id='block_1_91' title="bbox 684 5322 2264 5404">
    <p class='ocr_par' dir='ltr' id='par_1_91' title="bbox 684 5322 2264 5404">
     <span class='ocr_line' id='line_1_91' title="bbox 684 5322 2264 5404; baseline 0.001 -29"><span class='ocrx_word' id='word_1_635' title='bbox 684 5323 802 5376; x_wconf 65' lang='lat' dir='ltr'><strong>alia</strong></span> <span class='ocrx_word' id='word_1_636' title='bbox 835 5322 955 5376; x_wconf 84' lang='lat' dir='ltr'><strong>aliis</strong></span> <span class='ocrx_word' id='word_1_637' title='bbox 987 5339 1180 5386; x_wconf 87' lang='lat' dir='ltr'><strong>causa,</strong></span> <span class='ocrx_word' id='word_1_638' title='bbox 1215 5324 1292 5376; x_wconf 92' lang='lat' dir='ltr'><strong>uti</strong></span> <span class='ocrx_word' id='word_1_639' title='bbox 1325 5323 1446 5378; x_wconf 88' lang='lat' dir='ltr'><strong>aliis</strong></span> <span class='ocrx_word' id='word_1_640' title='bbox 1479 5323 1611 5404; x_wconf 70' lang='lat' dir='ltr'><strong>locis</strong></span> <span class='ocrx_word' id='word_1_641' title='bbox 1646 5322 1759 5392; x_wconf 90' lang='lat' dir='ltr'><strong>ipse</strong></span> <span class='ocrx_word' id='word_1_642' title='bbox 1794 5323 2060 5404; x_wconf 67' lang='lat' dir='ltr'><strong>Maximus</strong></span> <span class='ocrx_word' id='word_1_643' title='bbox 2090 5324 2264 5404; x_wconf 61' lang='lat' dir='ltr'><strong>expli-</strong></span> 
     </span>
    </p>
   </div>
   <div class='ocr_carea' id='block_1_92' title="bbox 691 5393 2266 5473">
    <p class='ocr_par' dir='ltr' id='par_1_92' title="bbox 691 5393 2266 5473">
     <span class='ocr_line' id='line_1_92' title="bbox 691 5393 2266 5473; baseline -0.001 -26"><span class='ocrx_word' id='word_1_644' title='bbox 691 5402 812 5454; x_wconf 74' lang='lat' dir='ltr'><strong>cat;</strong></span> <span class='ocrx_word' id='word_1_645' title='bbox 855 5393 1092 5462; x_wconf 90' lang='lat' dir='ltr'><strong>dumque</strong></span> <span class='ocrx_word' id='word_1_646' title='bbox 1129 5404 1406 5473; x_wconf 75' lang='lat' dir='ltr'><strong>sectamur</strong></span> <span class='ocrx_word' id='word_1_647' title='bbox 1442 5393 1811 5473; x_wconf 81' lang='lat' dir='ltr'><strong>voluptatem,</strong></span> <span class='ocrx_word' id='word_1_648' title='bbox 1846 5409 1944 5446; x_wconf 90' lang='lat' dir='ltr'><strong>nos</strong></span> <span class='ocrx_word' id='word_1_649' title='bbox 1983 5393 2266 5473; x_wconf 74' lang='lat' dir='ltr'><strong>laboribus</strong></span> 
     </span>
    </p>
   </div>
   <div class='ocr_carea' id='block_1_93' title="bbox 693 5463 2261 5543">
    <p class='ocr_par' dir='ltr' id='par_1_93' title="bbox 693 5463 2261 5543">
     <span class='ocr_line' id='line_1_93' title="bbox 693 5463 2261 5543; baseline -0.001 -27"><span class='ocrx_word' id='word_1_650' title='bbox 693 5463 1150 5543; x_wconf 38' lang='lat' dir='ltr'><strong>implicamuszac</strong></span> <span class='ocrx_word' id='word_1_651' title='bbox 1179 5463 1422 5517; x_wconf 77' lang='lat' dir='ltr'><strong>dolorem</strong></span> <span class='ocrx_word' id='word_1_652' title='bbox 1453 5463 2261 5543; x_wconf 38' lang='lat' dir='ltr'><strong>augemus,&#39;ipsumquejugcm</strong></span> 
     </span>
    </p>
   </div>
   <div class='ocr_carea' id='block_1_94' title="bbox 693 5530 2263 5600">
    <p class='ocr_par' dir='ltr' id='par_1_94' title="bbox 693 5530 2263 5600">
     <span class='ocr_line' id='line_1_94' title="bbox 693 5530 2263 5600; baseline 0.001 -17"><span class='ocrx_word' id='word_1_653' title='bbox 693 5531 999 5587; x_wconf 83' lang='lat' dir='ltr'><strong>reddimus.</strong></span> <span class='ocrx_word' id='word_1_654' title='bbox 1029 5532 1127 5586; x_wconf 88' lang='lat' dir='ltr'><strong>llic</strong></span> <span class='ocrx_word' id='word_1_655' title='bbox 1161 5542 1371 5589; x_wconf 86' lang='lat' dir='ltr'><strong>tamen.</strong></span> <span class='ocrx_word' id='word_1_656' title='bbox 1399 5541 1456 5586; x_wconf 86' lang='lat' dir='ltr'><strong>et</strong></span> <span class='ocrx_word' id='word_1_657' title='bbox 1487 5530 1633 5600; x_wconf 85' lang='lat' dir='ltr'><strong>quod</strong></span> <span class='ocrx_word' id='word_1_658' title='bbox 1667 5530 1861 5586; x_wconf 58' lang='lat' dir='ltr'><strong>attinet</strong></span> <span class='ocrx_word' id='word_1_659' title='bbox 1893 5530 1976 5586; x_wconf 85' lang='lat' dir='ltr'><strong>ad</strong></span> <span class='ocrx_word' id='word_1_660' title='bbox 1999 5532 2263 5586; x_wconf 85' lang='lat' dir='ltr'><strong>rationem</strong></span> 
     </span>
    </p>
   </div>
   <div class='ocr_carea' id='block_1_95' title="bbox 695 5601 2265 5672">
    <p class='ocr_par' dir='ltr' id='par_1_95' title="bbox 695 5601 2265 5672">
     <span class='ocr_line' id='line_1_95' title="bbox 695 5601 2265 5672; baseline -0.002 -18"><span class='ocrx_word' id='word_1_661' title='bbox 695 5602 932 5672; x_wconf 79' lang='lat' dir='ltr'><strong>Maximo</strong></span> <span class='ocrx_word' id='word_1_662' title='bbox 967 5604 1215 5663; x_wconf 83' lang='lat' dir='ltr'><strong>allatam.</strong></span> <span class='ocrx_word' id='word_1_663' title='bbox 1248 5603 1439 5672; x_wconf 74' lang='lat' dir='ltr'><strong>potius</strong></span> <span class='ocrx_word' id='word_1_664' title='bbox 1470 5601 1821 5672; x_wconf 78' lang='lat' dir='ltr'><strong>scribendum</strong></span> <span class='ocrx_word' id='word_1_665' title='bbox 1863 5603 2136 5665; x_wconf 89' lang='lat' dir='ltr'><strong>videatur,</strong></span> <span class='ocrx_word' id='word_1_666' title='bbox 2167 5601 2265 5670; x_wconf 81' lang='grc' dir='ltr'><strong>τῆς</strong></span> 
     </span>
    </p>
   </div>
   <div class='ocr_carea' id='block_1_96' title="bbox 698 5670 2262 5741">
    <p class='ocr_par' dir='ltr' id='par_1_96' title="bbox 698 5670 2262 5741">
     <span class='ocr_line' id='line_1_96' title="bbox 698 5670 2262 5741; baseline 0 -19"><span class='ocrx_word' id='word_1_667' title='bbox 698 5671 804 5738; x_wconf 77' lang='grc' dir='ltr'>μὲν</span> <span class='ocrx_word' id='word_1_668' title='bbox 851 5673 1072 5741; x_wconf 73' lang='grc' dir='ltr'>ἡδονῆς.</span> <span class='ocrx_word' id='word_1_669' title='bbox 1105 5676 1138 5741; x_wconf 81' lang='grc' dir='ltr'>ἠ</span> <span class='ocrx_word' id='word_1_670' title='bbox 1187 5670 1364 5738; x_wconf 75' lang='grc' dir='ltr'>ὁδῦνη·</span> <span class='ocrx_word' id='word_1_671' title='bbox 1412 5670 1574 5722; x_wconf 82' lang='lat' dir='ltr'><strong>Dolor</strong></span> <span class='ocrx_word' id='word_1_672' title='bbox 1619 5688 1781 5725; x_wconf 75' lang='lat' dir='ltr'><strong>causa</strong></span> <span class='ocrx_word' id='word_1_673' title='bbox 1828 5682 1902 5726; x_wconf 79' lang='lat' dir='ltr'><strong>est</strong></span> <span class='ocrx_word' id='word_1_674' title='bbox 1947 5672 2262 5740; x_wconf 78' lang='lat' dir='ltr'><strong>voluptatis;</strong></span> 
     </span>
    </p>
   </div>
   <div class='ocr_carea' id='block_1_97' title="bbox 687 5741 2260 5811">
    <p class='ocr_par' dir='ltr' id='par_1_97' title="bbox 687 5741 2260 5811">
     <span class='ocr_line' id='line_1_97' title="bbox 687 5741 2260 5811; baseline 0 -19"><span class='ocrx_word' id='word_1_675' title='bbox 687 5741 845 5808; x_wconf 67' lang='grc' dir='ltr'><strong>⁸ιἰιιοιι</strong></span> <span class='ocrx_word' id='word_1_676' title='bbox 883 5743 1005 5811; x_wconf 85' lang='lat' dir='ltr'><strong>eius</strong></span> <span class='ocrx_word' id='word_1_677' title='bbox 1039 5743 1344 5811; x_wconf 75' lang='lat' dir='ltr'><strong>depellendi</strong></span> <span class='ocrx_word' id='word_1_678' title='bbox 1391 5743 1936 5811; x_wconf 71' lang='lat' dir='ltr'><strong>causa,_voluptatcm</strong></span> <span class='ocrx_word' id='word_1_679' title='bbox 1976 5749 2260 5795; x_wconf 85' lang='lat' dir='ltr'><strong>consecta-</strong></span> 
     </span>
    </p>
   </div>
   <div class='ocr_carea' id='block_1_98' title="bbox 689 5809 2256 5884">
    <p class='ocr_par' dir='ltr' id='par_1_98' title="bbox 689 5809 2256 5884">
     <span class='ocr_line' id='line_1_98' title="bbox 689 5809 2256 5884; baseline -0.003 -15"><span class='ocrx_word' id='word_1_680' title='bbox 689 5825 842 5869; x_wconf 64' lang='grc' dir='ltr'>νυνι.</span> <span class='ocrx_word' id='word_1_681' title='bbox 874 5809 1124 5866; x_wconf 78' lang='lat' dir='ltr'><strong>Pleniora</strong></span> <span class='ocrx_word' id='word_1_682' title='bbox 1155 5813 1297 5868; x_wconf 78' lang='lat' dir='ltr'><strong>forte</strong></span> <span class='ocrx_word' id='word_1_683' title='bbox 1335 5809 1553 5878; x_wconf 75' lang='lat' dir='ltr'><strong>scripsit</strong></span> <span class='ocrx_word' id='word_1_684' title='bbox 1589 5809 1850 5868; x_wconf 61' lang='lat' dir='ltr'><strong>Maximus</strong></span> <span class='ocrx_word' id='word_1_685' title='bbox 1896 5831 1908 5866; x_wconf 92' lang='lat'>:</span> <span class='ocrx_word' id='word_1_686' title='bbox 1946 5825 2256 5884; x_wconf 85' lang='lat' dir='ltr'><strong>quanquam</strong></span> 
     </span>
    </p>
   </div>
   <div class='ocr_carea' id='block_1_99' title="bbox 2451 4704 3873 4781">
    <p class='ocr_par' dir='ltr' id='par_1_99' title="bbox 2451 4704 3873 4781">
     <span class='ocr_line' id='line_1_99' title="bbox 2451 4704 3873 4781; baseline -0.01 -18"><span class='ocrx_word' id='word_1_687' title='bbox 2451 4710 2536 4765; x_wconf 76' lang='grc' dir='ltr'>ιδ’.</span> <span class='ocrx_word' id='word_1_688' title='bbox 2576 4711 2835 4781; x_wconf 80' lang='grc' dir='ltr'>Αἴσθησις</span> <span class='ocrx_word' id='word_1_689' title='bbox 2868 4710 2961 4762; x_wconf 76' lang='grc' dir='ltr'><strong>καὶ</strong></span> <span class='ocrx_word' id='word_1_690' title='bbox 2993 4709 3320 4776; x_wconf 80' lang='grc' dir='ltr'>συνείδησις,</span> <span class='ocrx_word' id='word_1_691' title='bbox 3351 4709 3496 4780; x_wconf 77' lang='grc' dir='ltr'><strong>λόγῳ</strong></span> <span class='ocrx_word' id='word_1_692' title='bbox 3521 4707 3593 4776; x_wconf 78' lang='grc' dir='ltr'>τῷ</span> <span class='ocrx_word' id='word_1_693' title='bbox 3633 4704 3753 4759; x_wconf 72' lang='grc' dir='ltr'>κατᾶ</span> <span class='ocrx_word' id='word_1_694' title='bbox 3779 4715 3873 4768; x_wconf 69' lang='grc' dir='ltr'>προσ</span> 
     </span>
    </p>
   </div>
   <div class='ocr_carea' id='block_1_100' title="bbox 2380 4790 3873 4884">
    <p class='ocr_par' dir='ltr' id='par_1_100' title="bbox 2380 4795 3873 4884">
     <span class='ocr_line' id='line_1_100' title="bbox 2380 4795 3873 4884; baseline -0.003 -28"><span class='ocrx_word' id='word_1_695' title='bbox 2380 4802 2551 4873; x_wconf 74' lang='grc' dir='ltr'>φορὰν</span> <span class='ocrx_word' id='word_1_696' title='bbox 2585 4801 2944 4874; x_wconf 82' lang='grc' dir='ltr'>συνερχέσθω,</span> <span class='ocrx_word' id='word_1_697' title='bbox 2974 4801 3121 4860; x_wconf 80' lang='grc' dir='ltr'>ὅπως</span> <span class='ocrx_word' id='word_1_698' title='bbox 3159 4802 3186 4852; x_wconf 87' lang='lat'><strong>6</strong></span> <span class='ocrx_word' id='word_1_699' title='bbox 3230 4799 3470 4868; x_wconf 79' lang='grc' dir='ltr'>εἰρηκὼς</span> <span class='ocrx_word' id='word_1_700' title='bbox 3513 4799 3644 4859; x_wconf 84' lang='grc' dir='ltr'>θεῖος</span> <span class='ocrx_word' id='word_1_701' title='bbox 3667 4795 3873 4884; x_wconf 35' lang='grc' dir='ltr'>λόγκχεγ</span> 
     </span>
    </p>
   </div>
   <div class='ocr_carea' id='block_1_101' title="bbox 2381 4878 3872 4967">
    <p class='ocr_par' dir='ltr' id='par_1_101' title="bbox 2381 4878 3872 4967">
     <span class='ocr_line' id='line_1_101' title="bbox 2381 4878 3872 4967; baseline -0.007 -21"><span class='ocrx_word' id='word_1_702' title='bbox 2381 4894 2531 4967; x_wconf 76' lang='grc' dir='ltr'>μέσῳ</span> <span class='ocrx_word' id='word_1_703' title='bbox 2564 4893 2774 4946; x_wconf 86' lang='grc' dir='ltr'>τούτων</span> <span class='ocrx_word' id='word_1_704' title='bbox 2820 4889 3194 4964; x_wconf 82' lang='grc' dir='ltr'>εὑρίσκεσθαι,</span> <span class='ocrx_word' id='word_1_705' title='bbox 3250 4897 3325 4962; x_wconf 79' lang='grc' dir='ltr'>μὴ</span> <span class='ocrx_word' id='word_1_706' title='bbox 3369 4889 3786 4960; x_wconf 71' lang='grc' dir='ltr'>καταισχύνηται.</span> <span class='ocrx_word' id='word_1_707' title='bbox 3813 4878 3872 4930; x_wconf 71' lang='lat'><strong>5&#39;1</strong></span> 
     </span>
    </p>
   </div>
   <div class='ocr_carea' id='block_1_102' title="bbox 2372 5247 3867 5322">
    <p class='ocr_par' dir='ltr' id='par_1_102' title="bbox 2372 5247 3867 5322">
     <span class='ocr_line' id='line_1_102' title="bbox 2372 5247 3867 5322; baseline -0.009 -18"><span class='ocrx_word' id='word_1_708' title='bbox 2372 5267 2609 5322; x_wconf 84' lang='lat' dir='ltr'><strong>pronum</strong></span> <span class='ocrx_word' id='word_1_709' title='bbox 2657 5261 2742 5307; x_wconf 90' lang='lat' dir='ltr'><strong>est</strong></span> <span class='ocrx_word' id='word_1_710' title='bbox 2789 5259 3128 5321; x_wconf 85' lang='lat' dir='ltr'><strong>permutatas</strong></span> <span class='ocrx_word' id='word_1_711' title='bbox 3179 5251 3278 5305; x_wconf 87' lang='lat' dir='ltr'><strong>has</strong></span> <span class='ocrx_word' id='word_1_712' title='bbox 3320 5265 3481 5305; x_wconf 84' lang='lat' dir='ltr'><strong>voces</strong></span> <span class='ocrx_word' id='word_1_713' title='bbox 3526 5263 3589 5302; x_wconf 76' lang='lat' dir='ltr'><strong>ex</strong></span> <span class='ocrx_word' id='word_1_714' title='bbox 3631 5247 3867 5300; x_wconf 85' lang='lat' dir='ltr'><strong>litterarum</strong></span> 
     </span>
    </p>
   </div>
   <div class='ocr_carea' id='block_1_103' title="bbox 2373 5323 3852 5390">
    <p class='ocr_par' dir='ltr' id='par_1_103' title="bbox 2373 5323 3852 5390">
     <span class='ocr_line' id='line_1_103' title="bbox 2373 5323 3852 5390; baseline 0.004 -14"><span class='ocrx_word' id='word_1_715' title='bbox 2373 5323 2681 5377; x_wconf 78' lang='lat' dir='ltr'><strong>vicinitate.</strong></span> <span class='ocrx_word' id='word_1_716' title='bbox 3577 5388 3589 5390; x_wconf 98' lang='lat'>_</span> <span class='ocrx_word' id='word_1_717' title='bbox 3632 5385 3656 5390; x_wconf 85' lang='lat'>_</span> <span class='ocrx_word' id='word_1_718' title='bbox 3834 5377 3852 5390; x_wconf 84' lang='grc'><strong>,.</strong></span> 
     </span>
    </p>
   </div>
   <div class='ocr_carea' id='block_1_104' title="bbox 2442 5385 3868 5465">
    <p class='ocr_par' dir='ltr' id='par_1_104' title="bbox 2442 5385 3868 5465">
     <span class='ocr_line' id='line_1_104' title="bbox 2442 5385 3868 5465; baseline -0.01 14"><span class='ocrx_word' id='word_1_719' title='bbox 2442 5394 2512 5461; x_wconf 70' lang='grc'><strong>(⁸)</strong></span> <span class='ocrx_word' id='word_1_720' title='bbox 2547 5394 2654 5465; x_wconf 46' lang='grc' dir='ltr'><strong>Καὶ</strong></span> <span class='ocrx_word' id='word_1_721' title='bbox 2691 5394 2813 5465; x_wconf 36' lang='grc' dir='ltr'><strong>οὐκ-</strong></span> <span class='ocrx_word' id='word_1_722' title='bbox 2834 5391 3145 5465; x_wconf 66' lang='grc' dir='ltr'>ἐπιμελῶς·</span> <span class='ocrx_word' id='word_1_723' title='bbox 3179 5390 3392 5465; x_wconf 65' lang='grc' dir='ltr'><strong>Αηιιείο</strong></span> <span class='ocrx_word' id='word_1_724' title='bbox 3421 5399 3507 5465; x_wconf 78' lang='lat' dir='ltr'><strong>est</strong></span> <span class='ocrx_word' id='word_1_725' title='bbox 3529 5388 3591 5442; x_wconf 89' lang='lat' dir='ltr'><strong>ad</strong></span> <span class='ocrx_word' id='word_1_726' title='bbox 3623 5385 3738 5465; x_wconf 66' lang='grc' dir='ltr'><strong>ΟΕἮῙ</strong></span> <span class='ocrx_word' id='word_1_727' title='bbox 3761 5385 3868 5465; x_wconf 50' lang='grc' dir='ltr'><strong>ν¹¹έ³Ῑ</strong></span> 
     </span>
    </p>
   </div>
   <div class='ocr_carea' id='block_1_105' title="bbox 2372 5455 3867 5536">
    <p class='ocr_par' dir='ltr' id='par_1_105' title="bbox 2372 5455 3867 5536">
     <span class='ocr_line' id='line_1_105' title="bbox 2372 5455 3867 5536; baseline -0.009 -21"><span class='ocrx_word' id='word_1_728' title='bbox 2372 5463 2464 5517; x_wconf 88' lang='lat' dir='ltr'><strong>ubi</strong></span> <span class='ocrx_word' id='word_1_729' title='bbox 2498 5455 2592 5516; x_wconf 48' lang='lat' dir='ltr'><strong>&#39;sic</strong></span> <span class='ocrx_word' id='word_1_730' title='bbox 2635 5455 3327 5536; x_wconf 45' lang='grc' dir='ltr'>ἐπιμελῶς((ιιιιιδίηεοι-ἰο,</span> <span class='ocrx_word' id='word_1_731' title='bbox 3365 5455 3867 5536; x_wconf 42' lang='lat' dir='ltr'><strong>omnique.diligrnlﬂ</strong></span> 
     </span>
    </p>
   </div>
   <div class='ocr_carea' id='block_1_106' title="bbox 2370 5517 3868 5609">
    <p class='ocr_par' dir='ltr' id='par_1_106' title="bbox 2370 5517 3868 5609">
     <span class='ocr_line' id='line_1_106' title="bbox 2370 5517 3868 5609; baseline -0.005 -23"><span class='ocrx_word' id='word_1_732' title='bbox 2370 5542 2536 5602; x_wconf 88' lang='lat' dir='ltr'><strong>atque</strong></span> <span class='ocrx_word' id='word_1_733' title='bbox 2577 5517 2744 5601; x_wconf 73' lang='lat' dir='ltr'><strong>Opera</strong></span> <span class='ocrx_word' id='word_1_734' title='bbox 2784 5517 3068 5609; x_wconf 69' lang='lat' dir='ltr'><strong>dicuntur,</strong></span> <span class='ocrx_word' id='word_1_735' title='bbox 3107 5530 3254 5609; x_wconf 75' lang='lat' dir='ltr'><strong>illius</strong></span> <span class='ocrx_word' id='word_1_736' title='bbox 3293 5533 3467 5609; x_wconf 72' lang='lat' dir='ltr'><strong>aetatis</strong></span> <span class='ocrx_word' id='word_1_737' title='bbox 3509 5517 3738 5609; x_wconf 63' lang='lat' dir='ltr'><strong>nomines</strong></span> <span class='ocrx_word' id='word_1_738' title='bbox 3767 5517 3868 5609; x_wconf 50' lang='grc' dir='ltr'><strong>[ιιῇξο</strong></span> 
     </span>
    </p>
   </div>
   <div class='ocr_carea' id='block_1_107' title="bbox 2370 5587 3866 5672">
    <p class='ocr_par' dir='ltr' id='par_1_107' title="bbox 2370 5587 3866 5672">
     <span class='ocr_line' id='line_1_107' title="bbox 2370 5587 3866 5672; baseline -0.008 -16"><span class='ocrx_word' id='word_1_739' title='bbox 2370 5587 2725 5660; x_wconf 75' lang='grc' dir='ltr'><strong>ἱηὲυηὼὲτος</strong></span> <span class='ocrx_word' id='word_1_740' title='bbox 2760 5603 2908 5672; x_wconf 86' lang='lat' dir='ltr'><strong>quod</strong></span> <span class='ocrx_word' id='word_1_741' title='bbox 2940 5587 3133 5671; x_wconf 82' lang='lat' dir='ltr'><strong>procul</strong></span> <span class='ocrx_word' id='word_1_742' title='bbox 3167 5600 3350 5672; x_wconf 26' lang='lat' dir='ltr'><strong>est‘ab</strong></span> <span class='ocrx_word' id='word_1_743' title='bbox 3387 5617 3480 5672; x_wconf 82' lang='lat' dir='ltr'><strong>eo,</strong></span> <span class='ocrx_word' id='word_1_744' title='bbox 3507 5597 3596 5668; x_wconf 92' lang='lat' dir='ltr'><strong>qui</strong></span> <span class='ocrx_word' id='word_1_745' title='bbox 3620 5591 3739 5672; x_wconf 76' lang='lat' dir='ltr'><strong>illud</strong></span> 
     </span>
    </p>
   </div>
   <div class='ocr_carea' id='block_1_108' title="bbox 2370 5665 3866 5742">
    <p class='ocr_par' dir='ltr' id='par_1_108' title="bbox 2370 5665 3866 5742">
     <span class='ocr_line' id='line_1_108' title="bbox 2370 5665 3866 5742; baseline -0.011 -16"><span class='ocrx_word' id='word_1_746' title='bbox 2370 5688 2618 5742; x_wconf 73' lang='lat' dir='ltr'><strong>ponteque</strong></span> <span class='ocrx_word' id='word_1_747' title='bbox 2667 5665 2874 5726; x_wconf 80' lang='lat' dir='ltr'><strong>iuviius</strong></span> <span class='ocrx_word' id='word_1_748' title='bbox 2913 5665 2996 5726; x_wconf 79' lang='lat' dir='ltr'><strong>vel</strong></span> <span class='ocrx_word' id='word_1_749' title='bbox 3042 5669 3486 5742; x_wconf 81' lang='lat' dir='ltr'><strong>concupiscentia</strong></span> <span class='ocrx_word' id='word_1_750' title='bbox 3505 5665 3633 5742; x_wconf 57' lang='lat' dir='ltr'><strong>[vel</strong></span> <span class='ocrx_word' id='word_1_751' title='bbox 3677 5665 3866 5742; x_wconf 52' lang='lat' dir='ltr'><strong>suasione</strong></span> 
     </span>
    </p>
   </div>
   <div class='ocr_carea' id='block_1_109' title="bbox 2369 5733 3866 5810">
    <p class='ocr_par' dir='ltr' id='par_1_109' title="bbox 2369 5733 3866 5810">
     <span class='ocr_line' id='line_1_109' title="bbox 2369 5733 3866 5810; baseline -0.007 -17"><span class='ocrx_word' id='word_1_752' title='bbox 2369 5733 2550 5810; x_wconf 75' lang='lat' dir='ltr'><strong>aliqua</strong></span> <span class='ocrx_word' id='word_1_753' title='bbox 2594 5752 2690 5798; x_wconf 89' lang='lat' dir='ltr'><strong>aut</strong></span> <span class='ocrx_word' id='word_1_754' title='bbox 2725 5743 2892 5798; x_wconf 87' lang='lat' dir='ltr'><strong>etiam</strong></span> <span class='ocrx_word' id='word_1_755' title='bbox 2936 5757 3150 5806; x_wconf 84' lang='lat' dir='ltr'><strong>errore.</strong></span> <span class='ocrx_word' id='word_1_756' title='bbox 3187 5733 3241 5796; x_wconf 72' lang='lat' dir='ltr'><strong>iii</strong></span> <span class='ocrx_word' id='word_1_757' title='bbox 3284 5740 3422 5796; x_wconf 89' lang='lat' dir='ltr'><strong>illud</strong></span> <span class='ocrx_word' id='word_1_758' title='bbox 3463 5733 3756 5808; x_wconf 82' lang='lat' dir='ltr'><strong>quandoque</strong></span> <span class='ocrx_word' id='word_1_759' title='bbox 3790 5736 3866 5779; x_wconf 74' lang='lat' dir='ltr'><strong>m-</strong></span> 
     </span>
    </p>
   </div>
   <div class='ocr_carea' id='block_1_110' title="bbox 2356 5812 2532 5868">
    <p class='ocr_par' dir='ltr' id='par_1_110' title="bbox 2356 5812 2532 5868">
     <span class='ocr_line' id='line_1_110' title="bbox 2356 5812 2532 5868; baseline 0.011 -2"><span class='ocrx_word' id='word_1_760' title='bbox 2356 5812 2532 5868; x_wconf 74' lang='lat' dir='ltr'><strong>bitur.</strong></span> 
     </span>
    </p>
   </div>
  </div>
