4012 6434
130 366 287 433 ιιυθ
320 372 323 375 ’

1311 362 1487 423 ALIA
1668 356 1909 417 VATIC.
1955 355 2246 414 CAPITA.

3276 345 3413 413 1410

119 481 296 545 ἄνευ,
320 480 380 531 ὲν
422 474 653 547 καθαρῷ
687 478 870 548 χωρίῳ
898 476 998 547 τῆς
1031 475 1198 546 εὐχῆς
1228 476 1289 527 οὐ
1318 473 1542 527 δύναται
1572 472 1726 539 γενέ-

1846 468 1953 521 sine
1977 482 2085 535 qua
2113 480 2291 528 mens,
2323 464 2378 515 in
2408 459 2615 514 mundo
2643 458 2909 514 orationis
2940 460 3061 514 loco
3092 475 3201 514 non
3236 473 3417 532 potest

124 570 269 623 σθαι
296 571 326 623 6
353 568 499 631 νοῦς.

208 659 312 713 λε’.
367 660 453 711 Ἐν
507 657 585 728 τῷ
637 658 981 729 ἐλέγχεσθαι,
1014 657 1047 728 ἢ
1081 659 1296 729 σιωπᾷν
1330 657 1432 716 δεῖ.
1461 657 1495 727 ἦ
1529 659 1712 728 ἠπίως

116 750 534 818 ἀπολογεῖσθαι
567 749 647 817 τῷ
685 751 1045 819 καταλέγοντι
1068 768 1082 781 ο
1115 751 1177 803 ού
1217 752 1306 804 διά
1357 750 1419 802 τὸ
1459 748 1725 818 συστῆσαι

122 842 210 899 τά
260 842 440 893 οἰκεῖα
493 840 586 892 τὸν
640 841 1033 910 ἐλεγχόμενον
1067 840 1157 893 διά
1208 840 1266 893 δὲ
1310 840 1371 892 τὸ
1424 840 1726 910 ἀναστῆσαι

120 933 535 1003 προσκόψαντα
561 935 711 998 ἴσως,
738 934 832 985 τὸν
850 934 909 985 ὲν
934 932 1125 1003 ἀγνοίᾳ
1165 933 1474 1003 ἐλέγχοντα.

203 1114 308 1168 λε’.
362 1114 420 1167 '0
442 1038 531 1183 τῷ
583 1112 890 1185 λυπησαντι
939 1114 1142 1177 ἀδίκως
1172 1115 1236 1185 (Ῑ)
1269 1113 1375 1184 πρὸ
1422 1112 1515 1165 τοῦ
1558 1128 1728 1183 προσ-

116 1206 408 1277 κληθῆναι
434 1206 527 1259 ὑπ’
555 1206 719 1260 αὐτοῦ
751 1206 974 1269 εὐνοῶν,
1002 1206 1310 1277 ἐζημίωται
1357 1206 1465 1258 τῶν
1490 1205 1722 1275 ἀνηκόνο

114 1315 249 1355 των
266 1298 446 1351 οὐδέν.
490 1297 547 1351 '0
577 1298 635 1351 δὲ
692 1299 831 1369 μετά
882 1298 983 1369 τὴν
1035 1297 1398 1369 πρόσκλησιν,
1428 1296 1529 1365 τῆς
1557 1296 1725 1366 εύφο-

124 1390 266 1461 ρίας
293 1389 355 1441 τὸ
384 1390 579 1459 ἥμισυ.
610 1388 898 1460 Κερδαίνει
924 1389 981 1442 δὲ
1009 1389 1129 1442 ὅλον
1156 1389 1218 1441 τὸ
1241 1389 1721 1460 προκαταεληθὲν,

118 1484 156 1533 ὀ
191 1481 471 1551 μηδέποτε
496 1481 586 1535 διά
616 1481 795 1551 λύπην
824 1480 1253 1549 ἀποσυνάγωγος
1292 1479 1688 1551 εὑρισκόμενος
1707 1494 1723 1510 ·

118 1573 469 1644 προστίθησι
500 1572 559 1626 δὲ
590 1574 685 1628 καὶ
730 1573 923 1644 μισθὸν
952 1572 1154 1637 ὲαυτῶ,
1191 1574 1221 1627 ό
1250 1572 1314 1625 τὸ
1340 1572 1565 1644 σφάλμα
1598 1572 1725 1643 βάλ-

117 1661 247 1719 λων
277 1665 467 1718 ἐπάνω
502 1662 705 1718 ἑαυτοῦ
738 1664 794 1717 ἐν
825 1662 1011 1718 παντί.

201 1940 317 2007 λς’.
354 1940 492 1995 οὔτε
522 1944 551 1995 6
588 1939 919 2012 ὑψηλόφρων
945 1941 1299 2011 ἐπιγινώσκει
1333 1938 1422 1996 οἶα
1469 1944 1539 1998 τά
1586 1945 1720 1998 ἑαυ-

123 2035 233 2091 τοῦ
275 2034 679 2105 ἐλαττώματα,
738 2034 864 2088 οὔτε
911 2035 942 2087 6
992 2036 1380 2107 ταπεινόφρων
1438 2037 1507 2091 τά
1547 2039 1728 2091 οἰκεῖα

126 2128 302 2182 καλά.
338 2126 617 2180 Καλύπτει
650 2128 782 2197 γὰρ,
801 2128 893 2180 τὸν
927 2127 1047 2198 μὲν,
1083 2127 1275 2196 ἄγνοια
1304 2128 1505 2200 φαύλη·
1531 2129 1623 2183 τὸν
1644 2129 1723 2195 δὲ,

127 2220 459 2290 θεάρεστος.

207 2310 311 2373 λζ’.
346 2309 472 2373 Τοῖς
502 2309 765 2379 ἰσοτίμοις
798 2310 826 2362 6
854 2290 1208 2380 ὑπερήφανος
1233 2329 1293 2365 εν
1317 2311 1504 2376 καλοῖς
1542 2329 1725 2385 παρα·
1754 2347 1765 2353 -

128 2401 465 2473 μετρεῖσθαι
508 2403 567 2455 οὐ
614 2401 896 2473 βούλεταυ
947 2405 1005 2457 ὲν
1046 2403 1104 2456 δὲ
1132 2408 1243 2467 τοίς
1272 2406 1558 2469 ἐναντίοις,
1588 2406 1726 2477 πρὸς

130 2495 261 2556 τοὺς
288 2492 680 2563 ὑπερέχοντας,
720 2493 956 2565 φορητὸν
984 2493 1045 2547 τὸ
1079 2494 1276 2548 ἑαυτοῦ
1304 2496 1725 2567 παραϐαλλόμε-

126 2604 227 2641 νον
258 2588 479 2657 ήγιίται
513 2587 825 2659 ἐλάττωμα.

204 2680 315 2751 λη’.
354 2682 416 2734 Ὀ
448 2678 549 2751 μὲν
582 2679 753 2750 ψόγος
788 2680 1044 2753 στερρὰν*
1073 2682 1103 2735 6
1134 2682 1192 2736 δὲ
1226 2681 1471 2747 ἔπαινος,
1500 2682 1724 2737 ἔκλυτον

127 2781 237 2850 τὴν
274 2778 460 2850 ψυχὴν
506 2779 883 2852 ἀπεργάζεται
934 2779 1031 2833 καὶ
1074 2778 1425 2852 νωθροτὲραν
1471 2780 1611 2851 πρὸς
1651 2781 1722 2834 τά

127 2870 306 2924 καλά.

206 2962 311 3017 λθ’.
356 2963 687 3027 ’Υπόστασις
722 2963 823 3035 μὲν
854 2963 1123 3027 πλούτου,
1153 2964 1377 3035 χρυσόςο
1409 2963 1610 3034 ἀρετῆς
1645 2962 1721 3025 δὲ,

128 3056 493 3121 ταπείνωσις.
541 3056 630 3119 Ὠς
667 3053 759 3110 οὖν
785 3058 814 3110 6
850 3056 1054 3127 χρυσοῦ
1111 3056 1337 3127 ἀπορῶν
1385 3056 1550 3125 πένης
1583 3055 1720 3117 ἐστὶ,

1830 576 2031 613 versari
2042 601 2053 611 .

1901 653 1989 706 54.
2025 652 2165 707 Dum
2198 650 2323 720 quis
2358 646 2818 719 reprehenditur,
2851 654 2945 701 aut
2976 655 3155 701 taceat
3189 661 3417 702 necesse

1827 757 1934 809 est,
1972 755 2067 801 aut
2103 744 2305 800 blande
2347 741 2626 812 sugillanti
2669 740 2989 796 excusando
3027 740 3359 810 respondeat
3400 758 3413 795 :

1829 855 1942 895 non
1970 849 2029 893 ut
2058 839 2103 893 is
2126 837 2220 907 qui
2253 834 2680 905 reprehenditur
2703 850 2801 889 sua
2828 842 3052 894 statuat,
3077 833 3174 888 sed
3202 843 3262 887 ut
3288 849 3418 888 eum

1828 931 1922 1001 qui
1952 931 2094 985 forte
2124 928 2378 989 oﬂ'c'ndit,
2407 943 2504 997 per
2530 926 2900 997 ignorantiam
2930 924 3417 995 reprehendendo,

1828 1021 2024 1090 erigat.

1900 1114 1990 1167 55.
2012 1112 2118 1178 Qui
2143 1112 2192 1166 ei
2219 1112 2311 1181 qui
2343 1110 2542 1181 injuria
2571 1109 2727 1173 laesit,
2750 1110 3071 1180 priusquam
3095 1110 3163 1165 ab
3186 1126 3254 1165 eo
3282 1110 3422 1165 invi-

1830 1215 2062 1268 taretur,
2085 1204 2485 1261 benevolentia:
2512 1203 2692 1257 sinum
2720 1204 2917 1272 aperit,
2940 1204 3059 1273 ejus
3082 1203 3227 1273 quod
3256 1202 3419 1257 oﬂicii

1828 1300 1901 1355 sit
1928 1300 2132 1353 nullam
2161 1300 2432 1368 jacturam
2464 1296 2616 1350 fecit.
2642 1294 2747 1361 Qui
2780 1310 2913 1351 vero
2946 1304 3236 1365 postquam
3272 1295 3419 1349 invi-

1834 1402 1980 1447 tatus
2030 1392 2231 1454 fuerit,
2281 1389 2561 1444 uberioris
2610 1387 2819 1442 fructus
2864 1388 3148 1441 dimidiam
3204 1397 3420 1457 partem

1828 1484 2033 1541 amisit.
2060 1483 2335 1538 Lucratur
2361 1491 2547 1535 autem
2574 1481 2844 1551 quidquid
2874 1481 3054 1535 fuerat
3080 1482 3422 1551 prosemina—

1829 1585 1967 1641 tum,
2001 1577 2096 1646 qui
2130 1592 2244 1647 prae
2279 1575 2501 1629 tristitia
2538 1573 2820 1641 animique
2852 1589 3105 1637 rancore,
3137 1590 3419 1644 nunquam

1828 1668 2177 1739 prmscutiam
2225 1667 2555 1723 subduxisse
2606 1667 2908 1721 invenitur.
2949 1666 3056 1721 Sed
3101 1674 3159 1721 et
3206 1682 3421 1722 merce-

1830 1762 1956 1817 dem
1996 1762 2102 1817 sibi
2136 1761 2478 1826 accumulat,
2506 1760 2603 1831 qui
2636 1761 2693 1815 in
2728 1759 2989 1815 omnibus
3023 1760 3079 1815 in
3110 1776 3169 1815 se
3202 1762 3419 1832 culpam

1832 1857 2033 1928 rejicit.

1894 1947 2060 2018 645
2104 1946 2193 2001 56.
2237 1946 2351 2002 Nec
2394 1946 2489 2015 qui
2539 1945 2686 1998 elato
2726 1953 2811 1999 est
2858 1944 3045 1999 animo
3087 1960 3218 1999 suos
3264 1943 3422 2003 novit

1826 2040 2096 2103 defectus,
2126 2038 2315 2109 quanti
2360 2038 2501 2103 sint;
2543 2054 2646 2092 nec
2687 2038 2780 2108 qui
2820 2037 3016 2091 humili
3056 2038 3420 2107 modesteque

1825 2148 2013 2193 sensu,
2042 2147 2139 2186 sua
2176 2131 2350 2196 bona;
2386 2130 2527 2186 celat
2554 2131 2702 2185 enim
2738 2139 2855 2184 tum
2892 2130 3047 2184 illum
3076 2130 3224 2185 mala
3259 2130 3419 2201 igno-

1826 2224 2026 2285 rantia,
2054 2232 2169 2277 tum
2200 2224 2349 2278 hunc
2374 2223 2486 2277 Deo
2514 2231 2757 2293 accepta.

1895 2315 1984 2371 57.
2020 2316 2305 2386 Superbus
2346 2315 2402 2370 in
2447 2314 2637 2377 bonis,
2671 2313 2979 2383 aequalibus
3022 2313 3281 2384 componi
3332 2328 3420 2369 rc-

1825 2404 1949 2461 nuit
1994 2424 2008 2459 :
2056 2407 2110 2461 in
2156 2405 2457 2460 contrariis
2499 2420 2635 2458 vero
2675 2405 2981 2474 malisque,
3017 2420 3142 2458 cum
3186 2404 3275 2459 his
3321 2404 3418 2474 qui

1826 2496 2154 2567 praecellunt
2185 2496 2450 2549 collatum
2480 2494 2676 2549 vilium
2708 2508 2893 2560 suum,
2930 2492 3219 2549 tolerabile
3255 2509 3419 2566 pror-

1824 2603 1920 2644 sus
1948 2588 2248 2642 existimat.

1901 2680 1991 2734 58.
2028 2678 2377 2749 Vitupcrium
2423 2678 2681 2749 quidem,
2717 2678 3008 2734 robustum
3051 2695 3116 2735 ac
3160 2679 3360 2736 fortem
3403 2696 3416 2733 :

1828 2771 1948 2827 laus
1976 2787 2130 2835 vero,
2163 2771 2407 2825 solutum
2451 2787 2516 2825 ac
2551 2771 2794 2837 mollem,
2821 2780 2877 2827 et
2914 2773 2983 2827 ad
3028 2788 3093 2829 ea
3132 2790 3256 2845 qua:
3292 2782 3424 2829 sunt

1824 2863 1991 2918 oﬂieii
2020 2879 2242 2933 segnem
2272 2862 2456 2918 reddit
2476 2862 2743 2917 animum.

1895 2956 1984 3011 39.
2017 2955 2343 3010 Divitiarum
2371 2956 2595 3024 quidem
2629 2955 2960 3020 substantia,
2987 2970 3215 3022 aurum;
3242 2957 3412 3011 virtu-

1826 3049 1897 3103 tis
1926 3064 2091 3112 vero,
2124 3048 2429 3102 humilitas.
2461 3046 2938 3113 Quemadmodum
2972 3049 3140 3117 igitur
3168 3050 3263 3119 qui
3298 3050 3420 3105 auri

129 3147 244 3201 κᾶν
300 3147 373 3218 μὴ
418 3150 532 3211 τοῖς
565 3147 764 3212 ἔξωθεν
815 3149 1112 3218 φαίνηταιο
1156 3146 1300 3200 οὕτω
1340 3145 1721 3211 ταπεινώσεως

1846 3141 2055 3196 )enuria
2094 3141 2337 3204 laborat,
2371 3156 2581 3211 pauper
2609 3149 2725 3207 est,
2752 3143 3007 3212 quamvis
3038 3142 3127 3196 his
3158 3143 3253 3213 qui
3285 3143 3422 3198 foris

126 3243 296 3306 ἄνευ,
328 3240 582 3311 ἐνάρετος
618 3240 720 3293 οὐκ
756 3239 909 3293 ἔσται
944 3241 972 3295 6
1001 3239 1433 3309 ἀγωνιζόμενος.

211 3419 292 3485 μ’.
333 3412 550 3485 Χρυσοῦ
584 3411 731 3484 δίχα,
771 3410 961 3482 ὥσπερ
988 3410 1229 3481 ἔμπορος
1254 3408 1316 3462 οὐ
1346 3408 1591 3477 πέφυκεν
1623 3407 1723 3477 ἔμ-

127 3521 334 3575 πορος,
386 3504 488 3558 κᾶν
536 3504 653 3557 λίαν
705 3505 840 3576 πρὸς
888 3503 1162 3574 ἐμπορίαν
1196 3503 1347 3555 tanta
1394 3502 1721 3572 ἐπιτήδειος·

126 3596 321 3658 οὕτως
362 3598 486 3651 οὐδὲ
519 3596 1025 3669 ταπεινοφροσύνης
1065 3596 1258 3667 χωρὶς,
1294 3596 1353 3647 ὲν
1396 3596 1724 3665 κατασχέσει

125 3690 250 3744 τῶν
286 3690 383 3760 τῆς
413 3690 615 3760 ἀρετῆς
665 3688 841 3760 ἡδέων
878 3688 1237 3758 εὑρεθήσεται
1293 3688 1321 3740 ό
1361 3686 1720 3757 ἀσκούμενος,

130 3784 246 3839 κᾶν
280 3784 457 3855 πάντη
498 3786 566 3854 τῇ
612 3782 805 3836 ἑαυτοῦ
836 3782 1122 3851 νουνεχεία
1152 3779 1355 3853 θαρρῇ.

216 3874 329 3948 μα’.
354 3874 434 3949 Τῇ
468 3872 940 3945 ταπεινοφροσύνῃ
988 3876 1018 3927 6
1055 3872 1241 3935 ἀνιὼν,
1284 3870 1600 3944 κατώτερος
1627 3871 1722 3925 τοῦ

136 3968 342 4024 ἑαυτοῦ
395 3968 745 4040 φρονήματος
774 3967 1005 4037 γίνεταν
1033 3965 1307 4037 ἀνώτερος
1333 3964 1414 4027 δὲ,
1449 3966 1477 4017 6
1507 3966 1725 4034 ἐκείνης

132 4065 337 4136 χωρὶς,
390 4062 448 4124 6;
484 4063 606 4116 οὐδὲ
640 4060 1117 4134 παραμετρεῖσθαι
1147 4062 1259 4123 τοῖς
1302 4058 1609 4128 ἐλαχίστοις
1648 4058 1724 4127 (g)

134 4155 413 4218 ἑκουσίως
434 4154 705 4226 ἀνέχεται·
739 4155 832 4208 καὶ
858 4154 946 4207 διά
975 4152 1134 4206 τοῦτο
1169 4153 1227 4205 ὲν
1259 4154 1378 4215 ταῖς
1416 4151 1725 4223 πρωτοκλι-

135 4243 292 4305 σίαις
332 4242 392 4295 τὸ
417 4243 662 4315 λυπηρὸν
693 4242 1087 4298 ἐπιδείκνυται.

220 4336 332 4407 μβ¹.
363 4336 542 4391 Καλὸν
565 4337 645 4408 τῷ
679 4339 959 4408 ἀγωνιστῇ
1006 4338 1225 4407 φρονεῖν
1264 4336 1363 4407 μὲν
1395 4338 1596 4409 ἥττονα
1627 4336 1728 4406 τῆς
1774 4388 1779 4392 .

134 4432 408 4504 ἐργασίας
460 4430 648 4498 αὑτοῦ,
684 4433 948 4502 πράττειν
984 4431 1042 4485 δὲ
1084 4430 1369 4501 κρείττονα
1399 4429 1499 4501 τῆς
1522 4430 1726 4492 δειλίας

1826 3242 1956 3289 sunt
1985 3248 2048 3287 ac
2077 3234 2355 3288 extraneis
2387 3249 2496 3288 non
2521 3234 2809 3300 videatur;
2844 3236 2922 3290 sic
2952 3234 3071 3289 sine
3105 3233 3421 3290 humilitate

1825 3325 2045 3379 virtutis
2076 3325 2323 3395 palaestra
2354 3335 2576 3381 certans
2605 3325 2892 3381 studiosus
2915 3340 3028 3379 non
3057 3325 3184 3380 erit.

1894 3418 1983 3472 60.
2014 3418 2491 3485 Quemadmodum
2527 3429 2821 3483 mercator,
2852 3434 3019 3489 quem
3052 3434 3250 3474 aurum
3280 3418 3421 3475 deﬂ-

1825 3510 1956 3574 ciat,
1993 3525 2095 3564 nec
2136 3511 2182 3565 si
2225 3510 2383 3565 valde.
2426 3510 2660 3566 idoneus
2698 3518 3024 3565 mercatura:
3065 3510 3159 3576 sit,
3194 3511 3423 3566 omnino

1824 3612 2098 3659 mercator
2131 3604 2359 3659 exsistat
2406 3622 2420 3657 :
2467 3604 2548 3658 sic
2590 3618 2695 3658 nec
2736 3617 3003 3657 exercens
3048 3601 3115 3657 ad
3158 3601 3422 3672 pietatem

1825 3698 1942 3753 sine
1984 3696 2295 3751 humilitate
2329 3696 2551 3752 virtutis
2586 3696 2869 3751 fructuum
2911 3710 3137 3766 compos
3176 3710 3422 3765 unquam

1825 3788 2170 3853 invenietur,
2199 3789 2555 3858 quantumvis
2588 3788 2815 3843 omnino
2850 3801 2962 3842 suae
2997 3785 3237 3841 solertia:
3267 3784 3420 3841 ﬁdat.

1895 3880 1985 3934 6i.
2015 3877 2119 3945 Qui
2159 3895 2357 3934 sensus
2394 3878 2663 3933 modestia
2700 3894 2764 3933 ac
2796 3877 3111 3932 humilitate
3144 3876 3423 3943 ascendit,

1824 3986 1989 4026 sensu
2024 3987 2125 4027 suo
2157 3971 2425 4043 dejectior
2454 3971 2736 4037 redditur;
2769 3971 2864 4040 qui
2899 3985 3033 4025 vero
3068 3968 3277 4039 absque
3308 3969 3422 4035 illa,

1824 4064 2008 4128 altior,
2038 4078 2103 4118 ac
2134 4079 2237 4119 nec
2268 4064 2516 4119 minimis
2548 4064 2745 4119 lubens
2780 4063 3036 4133 componi
3068 4062 3220 4118 velit.
3253 4060 3417 4117 llinc-

1825 4170 1933 4225 que
1980 4156 2117 4211 adeo
2166 4156 2257 4221 tit,
2292 4166 2352 4211 ut
2396 4157 2452 4210 in
2498 4156 2694 4225 primis
2735 4155 3091 4210 consessibus
3136 4153 3423 4209 tristitiam

1825 4245 2025 4317 prodat
2044 4243 2086 4299 ⁸.

1896 4338 1985 4392 42.
2036 4338 2267 4392 Przestat
2314 4337 2553 4408 pugilem
2598 4336 2823 4391 virtutis
2873 4336 3164 4407 palazstra,
3204 4336 3423 4392 minora

1826 4444 2019 4499 sapere
2047 4444 2210 4498 quam
2240 4444 2340 4499 pro
2366 4444 2468 4483 suo
2497 4444 2698 4498 opere;
2732 4428 2948 4498 potiora
2973 4444 3106 4482 vero
3128 4444 3293 4498 quam
3323 4443 3424 4498 pro

136 4520 334 4579 αὐτοῦ.
369 4522 524 4576 Οὕτω
562 4523 669 4592 γάρ
710 4522 776 4576 ἂν
823 4525 918 4575 καὶ
962 4520 1271 4592 ἀνθρώποις
1298 4521 1595 4590 αἰδέσιμος,
1629 4521 1723 4573 καὶ

1846 4535 1923 4573 sua
1949 4518 2240 4574 formidine
2268 4535 2331 4573 ac
2356 4520 2571 4590 ignavia
2599 4535 2782 4589 agere.
2808 4518 2904 4575 Sic
2930 4521 3081 4575 enim
3110 4530 3223 4575 tum
3251 4520 3423 4575 homi-

136 4614 268 4688 Θεῷ
294 4613 559 4688 smitam;
598 4615 916 4685 εὑρίσκεται
955 4614 1471 4684 ἀνεπαίσχυντος.

219 4806 334 4869 μγ’.
367 4798 438 4851 Ἢ
476 4796 880 4868 κατορθοῦσθαι
915 4794 997 4850 δεῖ
1023 4795 1098 4867 (It)
1124 4794 1263 4865 πρὸς
1302 4793 1483 4858 πάσας
1510 4792 1611 4857 τὰς
1643 4793 1733 4847 ὲν·

212 4941 239 4974 ⁸
263 4939 397 4994 Luc.
433 4954 541 5003 xw,
567 4940 622 5003 7;
648 4954 736 4999 xx,
773 4937 864 4993 66.
940 4937 962 4968 ’
988 4936 1009 4990 ι
1034 4935 1178 4990 Tim.
1208 4950 1269 4999 ιι,
1301 4934 1394 4989 l5.

219 5056 285 5124 (Γ)
333 5054 398 5105 '0
432 5051 513 5117 τῷ
544 5051 893 5124 λυξιήσαντι
922 5050 1165 5124 ἀδίκως.
1191 5048 1429 5124 Coactus
1458 5064 1581 5124 sum
1607 5064 1733 5103 mu-

131 5120 274 5184 ιπε-
290 5124 438 5194 quod
476 5122 802 5194 mendosum
836 5120 1064 5194 omnino
1108 5120 1441 5194 apparebat,
1470 5120 1735 5194 nulloque

133 5191 486 5269 apto—sensu
533 5209 564 5247 a
608 5192 843 5269 Maximo
885 5192 1052 5269 scribi
1094 5198 1396 5269 po_tucrat_,_
1430 5191 1735 5269 λυπήσαντι

132 5259 394 5328 δίκαίως,
419 5271 475 5319 et
501 5264 800 5332 μετανοῶν·
825 5278 949 5317 cum
971 5259 1175 5331 alioqui
1205 5260 1457 5332 expedita
1473 5259 1545 5314 sit
1568 5260 1737 5315 totius

134 5337 347 5406 capitis
378 5331 669 5406 sententia,
699 5334 816 5406 ipsa
845 5342 1058 5403 arguta,
1089 5348 1153 5406 ac
1176 5348 1284 5406 qua
1314 5331 1531 5406 erudite
1561 5346 1732 5400 expo-

136 5402 361 5465 nuntur
388 5406 589 5475 gradus
611 5402 824 5460 ferendi
853 5402 947 5458 aut
970 5402 1288 5475 remittendi
1322 5402 1579 5471 injurias;
1611 5417 1734 5475 qua:

139 5494 289 5537 tunc
332 5472 545 5547 injuria-
590 5486 751 5539 sunt,
788 5492 914 5530 cum
960 5475 1161 5546 injuste
1208 5472 1575 5547 inferuntur:
1620 5474 1739 5524 ἀντὶ

138 5550 247 5604 τοῦ
299 5544 594 5617 μετανοῶν,
624 5548 970 5617 scripsissem
1020 5544 1353 5616 μετευνοῶν,
1381 5544 1435 5617 Δεἰ
1483 5544 1571 5617 illa
1605 5558 1739 5596 voce

140 5614 317 5675 usum
379 5619 615 5687 aliquem
681 5614 972 5686 probatum
1026 5614 1314 5670 auctorem
1356 5614 1732 5687 invenissem.

143 5690 372 5758 Alioqui
422 5684 553 5742 vero
602 5684 703 5742 vos
752 5690 984 5747 εὐνοῶν,
1031 5687 1146 5756 ipsa
1195 5684 1735 5758 non__incouuuotla;

147 5754 565 5832 respexeritque
606 5759 661 5832 in
702 5775 765 5814 ea
805 5754 1091 5832 Maximus,
1126 5754 1259 5832 illud
1299 5756 1487 5832 Matth.
1521 5773 1573 5832 ι’,
1607 5755 1677 5808 ίὶὸ
1720 5772 1732 5784 ·

150 5826 320 5885 Ἐσθι
348 5826 547 5885 εὐνοῶν
580 5830 659 5900 τῷ
691 5830 945 5900 ἀντιδίκῳ
977 5846 1068 5881 σου
1102 5827 1257 5897 ταχύ’
1291 5826 1487 5880 Habeto
1521 5826 1737 5879 benevo-

1831 4610 1999 4664 nibus
2028 4610 2381 4674 venerabilis,
2418 4617 2531 4663 tum
2558 4610 2670 4665 Deo
2698 4613 2973 4682 aperarius
3003 4612 3383 4683 inconfusibilis
3403 4614 3425 4645 '

1833 4701 2170 4757 invenietur.

1910 4794 1999 4850 ιδ.
2031 4803 2141 4850 Aut
2182 4794 2278 4850 Dei
2324 4793 2581 4850 mandata
2624 4796 2811 4853 omnia
2854 4798 3153 4869 adimpleat
3198 4815 3423 4859 necesse

1831 5052 2051 5106 (entiam
2083 5066 2203 5103 cum
2240 5051 2548 5107 adversario
2583 5063 2671 5108 tuo
2705 5055 2839 5117 cito,
2871 5052 2953 5106 uti
2990 5051 3173 5107 reddit
3208 5052 3423 5109 Erasm.

1831 5122 2119 5206 ἔρριπτε
2155 5132 2383 5206 sonant;
2424 5132 2743 5206 spectatque
2781 5132 2834 5205 et
2877 5123 3131 5206 istud‘ad
3175 5126 3420 5206 reconci-

1830 5193 2141 5255 liationem,
2175 5208 2280 5261 qua
2313 5194 2620 5259 studemus,
2653 5193 2871 5262 injuria:
2902 5193 3081 5253 obliti,
3116 5210 3158 5248 sn
3195 5195 3329 5262 quid
3361 5212 3425 5251 ea

1833 5263 1959 5319 laesa
1988 5263 2371 5317 benevolentia
2403 5276 2507 5325 est.
2533 5265 2740 5319 saniori
2771 5262 3002 5318 consilio
3030 5266 3315 5318 resarcire.

1921 5336 1995 5403 (g)
2030 5335 2534 5402 Παραμετρεῖσθαι
2561 5335 2684 5399 τοῖς
2707 5335 3073 5403 ἐλαχίστοις.
3098 5334 3221 5389 lla-c
3246 5335 3416 5389 humi-

1837 5403 2010 5458 litatis
2048 5404 2312 5473 perfectio
2352 5415 2455 5468 est,
2486 5420 2548 5458 ac
2586 5404 2733 5474 quod
2777 5405 3041 5459 Dominus
3081 5407 3202 5459 aliis
3240 5406 3425 5461 verbis

1841 5475 2161 5537 admonuit,
2200 5476 2404 5544 jubens
2448 5475 2639 5530 sedere
2692 5475 2747 5528 in
2803 5476 3104 5529 novissimo
3156 5476 3312 5542 loco;
3367 5487 3423 5530 ut

1842 5562 2003 5600 nemo
2028 5546 2100 5599 sit
2126 5548 2267 5600 inter
2291 5546 2571 5608 minimos,
2594 5547 2753 5613 cujus
2780 5564 2881 5599 nos
2907 5548 3130 5600 modum
3158 5547 3423 5602 excedere

1840 5616 2443 5688 existimemusSocus
2474 5616 2557 5688 de,
2578 5616 2831 5685 superbis
2865 5618 2954 5680 57,
2985 5634 3088 5671 nec
3122 5618 3424 5688 :equalibus

1841 5688 1917 5741 ait
1952 5690 2086 5756 (τοῖς
2131 5685 2411 5753 ἰσοτίμοις)
2440 5688 2507 5761 in
2547 5687 2708 5741 bonis
2744 5688 2883 5743 velle
2929 5685 3424 5761 παραμετρεῖσθαι,

1840 5761 2079 5827 componi
2108 5768 2155 5810 et
2180 5760 2465 5825 exarquari.

1913 5826 1991 5899 (It)
2047 5828 2113 5883 Ἢ
2160 5829 2603 5895 κατορθοῦσθαι
2650 5828 2760 5886 δεῖ.
2803 5826 2982 5901 Caput
3028 5829 3173 5890 istud
3224 5845 3424 5888 novum
