4012 6424
587 347 721 410 Mil

1766 349 1825 406 Β.
1870 346 2153 406 ΜΑΧῙΜΙ
2193 345 2703 440 εοΝΡΕξδΟΒιδ

3711 351 3850 414 ﬂii

583 467 701 522 (st,
749 467 846 512 aut
892 458 986 512 ιιιιί
1035 457 1330 526 diligenter
1377 454 1668 509 lmmilitati
1725 454 2034 514 incumbat,
2075 469 2147 522 qu

2276 454 2436 518 τολάς
2470 454 2566 508 τοῦ
2603 455 2757 520 Θεοῦ,
2792 457 2824 526 ἢ
2855 460 2985 524 μιᾶς
3017 458 3412 512 ἀντιποιεῖσθαι
3458 459 3556 528 τῆς
3601 476 3852 513 ταπεινο-

588 558 844 603 tereatur
867 565 936 604 ne
968 558 1267 602 extrancus
1299 564 1327 600 a
1361 545 1814 600 recumbentibus
1845 544 1900 598 in
1933 545 2171 598 thalamo

585 641 842 696 exsistat.

654 735 744 788 Μ.
767 734 932 788 illisce
963 730 1300 802 simplicitati
1327 731 1757 797 continentiam;
1786 747 1847 785 ac
1869 731 2171 787 humilitati

582 825 779 894 copula
802 825 1114 886 veritatem,
1135 823 1355 892 erisque
1380 821 1608 891 justitiae
1629 821 2061 884 contubernalis,
2079 820 2170 875 cui

580 917 734 970 velut
769 916 838 970 ad
878 931 1153 978 mensam,
1183 915 1410 984 reliqua:
1444 929 1637 968 omnes
1667 913 1900 966 virtutes
1935 911 2172 967 libenter

580 1015 1010 1078 congregemur.

650 1102 739 1154 45.
768 1101 921 1155 C:eca
958 1100 1162 1154 veritas
1198 1107 1314 1161 est,
1345 1099 1434 1152 cui
1471 1098 1611 1152 desit
1645 1113 1829 1153 eomes
1864 1097 2165 1152 humilitas.

579 1189 828 1260 Iliucque
851 1200 937 1244 est
962 1201 1022 1244 ut
1046 1190 1480 1244 contradictione
1509 1191 1800 1260 paedagogo
1828 1201 2034 1253 utatur,
2059 1205 2168 1259 qua

577 1292 861 1351 utcunque
895 1282 1152 1355 laborans
1179 1282 1455 1344 iniciatur,
1479 1299 1580 1336 uec
1608 1291 1789 1336 tamen
1817 1293 2013 1352 praeter
2040 1299 2170 1337 ran-

575 1376 724 1428 coris
753 1391 936 1428 arcem
965 1374 1264 1444 quidquam
1298 1375 1566 1429 inveniat.

646 1468 737 1520 46.
783 1467 976 1520 Blandi
1021 1483 1242 1531 mores,
1283 1467 1508 1522 virtutis
1555 1467 1812 1523 decorem
1861 1468 2102 1538 produnt
2149 1487 2164 1522 :

573 1558 1068 1626 membrorumque
1105 1558 1260 1612 ﬁrma
1294 1559 1650 1628 compositio,
1685 1559 1852 1613 animi
1888 1575 2076 1630 pacem
2111 1569 2168 1614 et

575 1651 1058 1722 tranquillitatem.

643 1745 811 1816 646
839 1745 926 1798 47.
952 1744 1197 1798 Primum
1222 1743 1428 1798 bonum
1459 1754 1562 1809 est,
1588 1745 1767 1800 nullas
1791 1745 1951 1801 oﬂicii
1980 1754 2165 1816 partes

573 1834 854 1890 deserere.
880 1833 1018 1888 lluic
1039 1835 1371 1904 proximum,
1396 1835 1544 1904 quod
1571 1846 1813 1890 erratum
1839 1836 1929 1902 sit,
1953 1837 2163 1906 pudore

572 1942 685 1980 non
725 1927 1006 1995 obtegere,
1041 1941 1104 1979 ac
1145 1942 1247 1980 nec
1289 1927 1343 1980 in
1387 1943 1452 1982 eo
1494 1927 1870 1998 impudentius
1904 1932 2158 2001 gloriari;

570 2019 669 2074 sed
731 2019 903 2089 magis
955 2019 1268 2081 humiliari,
1311 2029 1367 2072 et
1409 2035 1536 2073 cum
1585 2022 1888 2086 accuseris,
1928 2022 2161 2090 teipsum

571 2111 781 2180 pariter
827 2125 1124 2173 accusare,
1178 2126 1508 2182 pmnamque
1567 2111 1807 2167 libenter
1859 2113 2158 2182 suscipere.

570 2203 688 2259 Hoc
727 2204 785 2259 ni
825 2204 916 2259 ﬁat
936 2245 950 2270 ,
981 2204 1283 2262 invalidum
1314 2215 1401 2260 est
1427 2205 1694 2276 quidquid
1727 2205 1838 2260 Deo
1867 2203 2158 2259 obtuleris.

638 2380 730 2435 48.
774 2379 915 2436 Cum
968 2391 1169 2450 sponte
1213 2389 1498 2452 assumpta
1549 2382 1938 2445 adlietatione,
1983 2381 2159 2436 susci-

567 2472 772 2542 pienda
823 2482 878 2527 et
920 2489 1042 2542 quze
1077 2473 1279 2528 invitis
1325 2474 1560 2539 accidit;
1611 2491 1733 2544 qua:
1783 2474 2045 2528 nimirum
2091 2489 2159 2528 ex

567 2564 736 2618 illatis
777 2564 1100 2628 calumniis,
1133 2581 1311 2634 exque
1354 2581 1537 2620 rerum
1577 2565 1792 2620 damnis
1829 2566 2068 2635 acceptis
2105 2575 2160 2620 et

565 2655 988 2725 mgritudinibus
1014 2656 1285 2710 consistit.
1311 2655 1435 2710 llaec
1463 2657 1612 2710 enim
1645 2656 1738 2725 qui
1765 2672 1873 2709 non
1901 2657 2152 2725 suscipit.

567 2746 667 2800 sed
699 2745 922 2816 indigne
953 2746 1082 2810 fert,
1111 2747 1160 2800 ei
1199 2747 1397 2802 similis
1435 2757 1543 2809 est,
1573 2747 1666 2816 qui
1709 2761 1818 2800 non
1857 2762 1984 2800 eum
2023 2747 2155 2809 sale,

566 2837 663 2892 sed
703 2853 828 2892 cum
868 2837 986 2893 solo
1026 2839 1187 2892 melle
1227 2839 1347 2894 vult
1383 2839 1673 2893 comedere
1708 2855 1902 2908 panem
1937 2854 2098 2892 suum
2139 2856 2153 2891 :

565 2928 658 2983 cui
697 2943 828 2983 sane
872 2944 982 2983 non
1024 2930 1231 2998 ubique
1272 2945 1458 2985 eomes
1497 2931 1770 3002 voluptas,
1799 2929 1895 2985 sed
1935 2931 2157 2985 satietas

563 3028 731 3089 atque
760 3036 964 3076 nausea
995 3035 1214 3090 semper
1237 3037 1268 3076 e
1291 3023 1476 3077 vicino
1501 3031 1605 3078 est.

2277 548 2573 617 φροσύνης,
2616 549 2708 602 τὸν
2745 549 2981 603 δεδοιότα
3020 551 3093 623 μὴ
3134 552 3282 618 ξενον
3331 552 3443 605 τῶν
3482 554 3562 606 τῶ
3599 555 3853 623 νυμφῶνι

2272 638 2648 710 ἀνακειμένων
2683 641 2937 710 ὀφθῆναι.

2347 731 2450 802 μδ’.
2495 733 2666 799 Μίξον
2704 737 2770 805 τῇ
2810 735 3073 804 άπλζτητι
3123 737 3222 804 τὴν
3250 738 3605 807 ἐγκράτειαν·
3632 738 3728 790 καὶ
3759 738 3851 789 σύ·

2273 822 2463 889 ζευξον
2513 828 2579 896 τῇ
2626 830 3094 900 ταπεινοφροσύνῃ
3137 829 3420 899 ἀλήθειαν.
3475 835 3571 883 καὶ
3625 829 3856 898 ὀφθείη

2269 915 2586 989 δικαιοσύνῃ
2619 919 2914 982 συνέστιος·
3015 921 3092 984 ὡς
3124 923 3217 974 ἐπὶ
3248 920 3547 991 τραπέζης,
3581 919 3719 990 ἄλλη
3749 923 3852 973 πεῖ-

2273 1025 2341 1061 σα
2384 1008 2530 1076 φιλεῖ
2562 1011 2985 1079 ἐπισυνάγεσοαι
3016 1013 3207 1082 ἀρετή.

2345 1108 2448 1172 με’.
2475 1102 2662 1172 Τυφλὴ
2690 1103 2790 1170 τῆς
2815 1105 3318 1175 ταπεινοφροσύνης
3340 1105 3515 1175 χωρὶς
3541 1105 3576 1174 ἡ
3603 1103 3844 1173 ἀλήθεια,

2271 1191 2372 1245 Διὰ
2405 1191 2562 1246 τοῦτο
2585 1194 2677 1246 καὶ
2700 1196 2765 1264 τῇ
2793 1193 3071 1266 ἀντιλογία
3099 1194 3300 1264 χρῆται
3325 1194 3688 1262 παιδαγωγῷ,
3719 1196 3848 1265 ἐρεῖ-

2271 1287 2494 1356 σαιιμὲν
2529 1287 2667 1358 αὐτῇ
2723 1287 2814 1340 ἐπί
2857 1305 2907 1340 τι
2956 1289 3250 1360 μοχθούσῃ.
3290 1290 3363 1360 μὴ
3401 1289 3741 1360 εὑρισκούσῃ
3769 1289 3842 1353 δὲ,

2269 1379 2318 1430 εί
2353 1377 2426 1448 μὴ
2457 1377 2516 1428 τὸ
2545 1379 2641 1447 τῆς
2677 1378 3038 1448 μνησικακίας
3068 1379 3352 1448 ὀχύρωμα.

2343 1467 2440 1538 μετ’
2477 1468 2646 1531 "lilio;
2676 1469 2932 1540 χρηστὸν,
2969 1469 3281 1540 ὡραιότητα
3323 1473 3601 1542 μαρτυρεῖ
3622 1471 3837 1542 ἀρετῆς·

2269 1556 2452 1629 μελῶν
2484 1559 2541 1612 δὲ
2563 1559 2874 1625 εὐστάθεια,
2903 1561 3183 1633 εἰρηναίαν
3220 1561 3419 1632 ψυχήν.

2341 1735 2450 1807 μζ’.
2513 1737 2733 1810 Πρῶτον
2791 1736 2888 1808 μὲν
2949 1739 3152 1802 καλὸν,
3212 1739 3274 1792 τὸ
3320 1741 3379 1792 ὲν
3442 1739 3641 1810 μηδενὶ
3700 1741 3850 1811 μέρει

2265 1828 2502 1880 πταίειν.
2531 1829 2794 1900 Δεύτερον
2824 1829 2902 1890 δὲ,
2929 1830 2988 1882 τὸ
3037 1831 3111 1902 μὴ
3145 1831 3282 1884 αἰδοῖ
3305 1832 3766 1885 κατακαλύπτειν
3794 1833 3850 1883 τὸ

2267 1919 2490 1991 σφάλμα
2530 1921 2725 1974 αὐτοῦ’
2763 1924 2837 1992 μή
2879 1941 2936 1975 τε
2983 1924 3111 1995 μὴν,
3161 1923 3547 1977 ἀναιδεύεσθαι
3593 1926 3654 1975 ἐν
3685 1923 3848 1992 αὐτῷ.

2267 2013 2468 2084 μᾶλλον
2497 2014 2553 2067 δὲ
2589 2015 3000 2080 ταπεινοῦσθαι,
3029 2018 3123 2069 καὶ
3148 2017 3636 2088 κατηγορούμενον
3663 2017 3854 2072 ἑαυτὈῦ

2265 2110 2724 2177 συγκατηγορεῖν,
2756 2109 2850 2162 καὶ
2886 2109 3137 2179 δέχεσθα.
3167 2110 3425 2178 ἀσμένως
3452 2109 3521 2165 τὸ
3549 2111 3852 2177 ἐπιτίμιον.

2263 2196 2468 2251 Τούτου
2497 2199 2553 2252 δὲ
2591 2200 2665 2269 μὴ
2703 2202 3014 2271 γινομένου,
3047 2201 3335 2274 άνίσχυρον
3364 2201 3515 2255 ἅπαν
3540 2201 3608 2254 τὸ
3643 2201 3725 2271 τῷ
3744 2202 3856 2270 Θεῷ

2263 2291 2724 2362 προσφερόμενον.

2335 2387 2446 2451 μη’.
2501 2381 2646 2452 Πρὸς
2682 2384 2748 2452 τῇ
2799 2382 3033 2453 ἑκουσίῳ
3063 2381 3430 2454 κακοπαθείᾳ,
3476 2381 3593 2452 χρὴ
3636 2382 3735 2434 καὶ
3763 2380 3854 2448 τὴν

2261 2471 2516 2526 ἀκούσιον
2561 2473 2974 2543 καταδέχεσθαι·
3017 2475 3114 2546 τὴν
3157 2475 3220 2528 ἐκ
3252 2474 3524 2528 διαϐολῶν
3563 2475 3738 2543 λέγω,
3766 2475 3854 2543 ζη-

2264 2563 2404 2632 μιῶν
2441 2581 2499 2618 τε
2532 2566 2629 2618 καὶ
2655 2565 2969 2624 ἀσθενειῶν.
3001 2565 3186 2619 Ταῦτα
3224 2567 3333 2638 γὰρ
3363 2568 3395 2620 ὁ
3440 2568 3524 2637 μὴ
3556 2567 3852 2636 καταδεχὸ-

2263 2673 2442 2727 μενος,
2469 2656 2604 2710 am
2631 2657 2937 2725 δυσπετῶν,
2958 2659 3147 2729 ὅμοιός
3174 2661 3291 2712 ἐστι
3315 2659 3394 2729 τῷ
3424 2662 3507 2728 μὴ
3535 2661 3686 2728 μετὰ
3710 2659 3848 2722 ἁλὸς,

2261 2749 2403 2818 μετὰ
2430 2749 2486 2802 δὲ
2517 2748 2733 2818 μέλιτος
2759 2751 2923 2820 μόνου
2965 2751 3288 2820 βουλομένου
3320 2751 3533 2804 ἐσθίειν
3568 2753 3669 2805 τὸν
3698 2755 3851 2823 ἄρτον

2259 2840 2446 2894 αὐτοῦ·
2479 2841 2536 2904 ὃς
2579 2844 2640 2895 οὐ
2676 2842 2908 2895 πάντοτε
2952 2843 3049 2913 μὲν
3084 2844 3181 2913 τὴν
3212 2843 3406 2914 ἡδονὴν
3459 2844 3582 2914 ἔχει
3630 2845 3848 2914 σύντρο-

2259 2951 2379 3002 φον,
2424 2933 2516 2988 τὸν
2549 2934 2606 2996 δὲ
2637 2935 2796 3006 κόρον
2827 2935 2914 2988 ἀεὶ
2945 2935 3163 3004 γείτονα
3195 2934 3486 3006 κέκτηται.

633 3111 724 3167 49.
756 3111 893 3167 Cum
930 3111 1097 3166 herus
1138 3111 1230 3176 sit,
1259 3114 1402 3167 servi
1443 3113 1672 3168 formam
1715 3113 1971 3183 prazferre
2006 3111 2149 3166 vide-

2333 3113 2442 3184 μθ’.
2481 3113 2761 3184 Δεσπότης
2792 3112 2889 3174 ὢν,
2918 3113 3106 3167 δούλου
3139 3115 3324 3185 σχῆμα
3374 3076 3844 3185 περιϐαλλόμενος

565 3213 677 3272 tur,
708 3206 804 3276 qui
850 3205 1085 3277 proximi
1122 3213 1332 3260 vestem
1372 3206 1609 3281 laecram
1647 3205 1849 3259 divinis
1889 3203 2154 3258 sermoni-

561 3297 669 3354 bus
717 3299 893 3365 lavat,
935 3301 1022 3356 vel
1063 3300 1159 3370 qui
1205 3301 1682 3369 eleemosynarum
1729 3295 2155 3365 elargitionibus

563 3405 685 3444 eam
713 3392 955 3446 censuit.
981 3392 1186 3447 Caveat
1218 3401 1402 3445 autem
1429 3390 1523 3459 qui
1556 3390 1661 3444 hoc
1688 3389 1838 3452 facit,
1861 3386 2152 3456 nequando

562 3481 709 3549 quod
757 3492 818 3537 ut
863 3498 1056 3537 servus
1103 3499 1217 3538 rem
1267 3491 1518 3551 przestet,
1547 3497 1672 3534 cum
1715 3479 2001 3542 mercede,
2032 3493 2152 3546 qua:

561 3574 727 3627 etiam
761 3576 1045 3644 competit,
1076 3574 1336 3645 potentia:
1369 3573 1717 3643 dignitatem,
1751 3571 1932 3626 inanis
1964 3571 2152 3642 gloriae

562 3663 700 3737 vitio
729 3664 967 3717 amittat.

633 3753 721 3806 50.
765 3752 1241 3818 Quemadmodum
1293 3752 1428 3806 ﬁdes
1475 3751 1781 3812 substantia
1829 3756 1914 3803 est
1963 3765 2146 3802 rerum

562 3843 956 3910 Sperandarum
983 3845 1055 3908 ‘°;
1096 3845 1171 3898 ita
1210 3844 1471 3897 nimirum
1507 3842 1822 3912 prudentia,
1852 3840 2053 3908 animi;
2085 3856 2149 3894 ac

561 3933 804 3995 virtutis,
837 3933 1142 3988 humilitas.
1168 3933 1478 4002 Mirumque
1515 3940 1619 3994 est,
1645 3927 1924 3999 quomodo
1958 3942 2080 3996 qua:
2116 3942 2148 3981 a

561 4043 620 4081 se
650 4027 893 4096 perfecta
925 4035 1074 4091 sunt,
1102 4025 1422 4096 imperfecta
1448 4023 1734 4088 exsistant,
1764 4021 1810 4076 si
1838 4020 2146 4080 accidentia

559 4120 763 4175 desint.

628 4213 718 4268 5i.
754 4212 1007 4266 Dominus
1047 4212 1308 4266 custodia.
1352 4211 1628 4264 introitum
1675 4216 1821 4260 tuum
1860 4216 1909 4260 et
1947 4208 2143 4260 exitum

559 4313 729 4368 tuum,
768 4304 949 4374 inquit
973 4306 1047 4370 ”;
1082 4304 1337 4359 ciborum
1374 4302 1588 4358 scilicet
1621 4309 1787 4371 atque
1821 4302 2138 4366 verborum,

558 4411 658 4464 per
684 4395 1085 4450 continentiam
1115 4411 1214 4450 seu
1242 4395 1656 4450 abstinentiam.
1680 4394 1784 4461 Qui
1817 4394 1966 4449 enim
2002 4404 2141 4448 tem-

2259 3205 2528 3276 φαίνεται,
2564 3206 2592 3258 ὁ
2620 3204 2680 3258 τὸ
2709 3204 3008 3276 διερῥωγὺς
3043 3205 3256 3259 πλύνων
3282 3205 3376 3258 τοῦ
3403 3205 3649 3274 πλησίον
3680 3207 3841 3274 λόγοις

2257 3295 2464 3356 ἐνθέοις
2504 3296 2737 3366 ἱμάτιον,
2772 3299 2805 3368 ἢ
2867 3297 3271 3369 καταρῥάπτων
3307 3300 3430 3360 ταῖς
3497 3299 3834 3368 pansam...

2255 3386 2536 3440 Σκοπείτω
2563 3385 2619 3438 δὲ
2647 3387 2676 3440 ὁ
2703 3385 2862 3443 τοῦτο
2889 3386 3074 3447 ποιῶν,
3113 3387 3183 3455 μή
3227 3402 3358 3438 ποτε
3403 3386 3496 3438 διὰ
3530 3387 3596 3439 τὸ
3625 3387 3703 3451 ὡς
3731 3387 3836 3440 δοῦ-

2253 3479 2343 3542 λος
2377 3479 2536 3535 τοῦτο
2570 3478 2767 3542 τελεῖν,
2809 3479 3196 3550 προσαπολέσῃ
3239 3481 3336 3532 σὺν
3375 3479 3458 3548 τῷ
3507 3481 3718 3551 μισθῷ,
3755 3483 3834 3534 καί

2251 3570 2312 3625 τὸ
2344 3570 2546 3641 προσὸν
2578 3569 2727 3640 αὐτῷ
2750 3570 2849 3637 τῆς
2879 3569 3126 3636 ἐξουσίας
3150 3569 3237 3623 διὰ
3260 3570 3584 3636 κενοδοξίας
3604 3573 3831 3642 ἀξίωμα.

2319 3747 2381 3801 ν’.
2417 3749 2629 3820 Ὥσπερ
2670 3750 2702 3820 ἡ
2749 3749 2931 3814 πίστις
2971 3749 3340 3821 ἐλπιζομένων
3382 3751 3696 3814 ὑπόστασις
3744 3752 3831 3803 πέ-

2250 3859 2443 3911 φυκεν,
2476 3841 2619 3898 οὕτω
2661 3843 2839 3912 ψυχῆς
2890 3843 3009 3914 μὲν,
3051 3846 3084 3913 ἡ
3121 3845 3382 3914 φρόνησις
3407 3860 3420 3873 ·
3460 3845 3674 3915 ἀρετῆς
3699 3845 3822 3913 δὲ.ή

2247 3934 2601 3997 ταπείνωσις.
2627 3937 2738 3989 Καὶ
2759 3936 2971 4005 θαῦμα,
2996 3937 3112 4000 πῶς
3135 3937 3204 3989 τά
3229 3937 3521 4008 αὐτοτελῆ,
3554 3938 3668 3992 τῶν
3699 3956 3821 4009 ,τυμ-

2248 4028 2562 4100 6ε6ηκότων
2593 4029 2717 4100 δίχα
2742 4031 2910 4101 ἀτελῆ
2942 4032 3332 4101 καθεστήκασι.

2315 4211 2415 4260 να’.
2454 4206 2671 4272 Κύριος
2693 4204 2954 4273 φυλάξω
2999 4202 3114 4272 τὴν
3149 4203 3396 4259 εἵσοδώ⁴
3452 4222 3579 4259 σου
3605 4245 3620 4265 ,
3667 4205 3828 4274 φησι,

2244 4297 2344 4351 καὶ
2375 4299 2490 4364 τὴν
2532 4297 2752 4361 ἔξοδόν
2781 4312 2920 4351 o'ov'
2956 4296 3054 4366 τὴν
3087 4297 3195 4348 τῶν
3228 4295 3552 4366 βρωμάτων
3590 4297 3825 4366 δηλονότι

2244 4390 2482 4444 καὶτῶν
2521 4390 2819 4461 ῥημάτων,
2863 4393 2929 4461 τῇ
2970 4388 3285 4460 ἐγκρατείᾳ.
3339 4389 3672 4460 Ἐγκρατῶς
3724 4390 3826 4460 γὰρ

555 4495 747 4556 pet-ate
779 4496 837 4541 et
866 4488 1053 4543 sobrie
1090 4503 1150 4543 se
1186 4488 1355 4542 habet
1386 4504 1487 4558 pro
1521 4487 1770 4542 ciborum
1808 4486 2138 4541 verborum-

2264 4481 2436 4552 μὲχων
2469 4482 2597 4551 περὶ
2637 4481 2737 4550 τὴν
2783 4481 2894 4532 τῶν
2948 4480 3254 4552 βρωμάτων
3288 4481 3384 4534 καὶ
3423 4484 3697 4552 ῥημάτων
3726 4486 3824 4535 εἰς-

555 4593 664 4646 que
711 4577 939 4631 introitu
984 4587 1150 4647 atque
1203 4579 1390 4641 exitu,
1435 4577 1792 4647 cupiditatem
1851 4576 2135 4630 oculorum

552 4669 727 4734 vitat;
787 4667 1036 4738 iramque
1093 4685 1161 4723 ex
1210 4670 1434 4724 vesania
1483 4668 1762 4737 animique
1808 4667 2134 4733 insolentia,

552 4761 721 4826 lenit;
748 4775 983 4831 quorum
1017 4761 1208 4831 utique
1233 4761 1398 4815 etiam
1431 4777 1542 4830 pra:
1567 4758 1826 4814 omnibus
1849 4756 2138 4820 conniten-

554 4851 686 4906 dum
731 4852 882 4907 omni
929 4853 1095 4906 modo
1141 4851 1367 4904 virtutis
1417 4852 1702 4921 palaestra,
1747 4857 1806 4904 ut
1850 4849 2135 4918 diligentia

553 4942 844 4998 habeatur.
867 4945 929 4998 In
958 4944 1045 4998 his
1069 4942 1216 4997 enim
1245 4950 1360 4995 tum
1382 4942 1464 4995 vis
1491 4940 1685 5010 agendi
1711 4940 1882 4994 robur
1901 4937 2134 5004 obtinet,

551 5044 668 5089 tum
691 5034 1101 5106 contemplandi
1129 5034 1446 5088 ﬁrmitatem
1475 5032 1663 5085 habet.

619 5125 708 5185 59.,
737 5125 879 5180 Sunt
901 5127 996 5196 qui
1029 5142 1126 5195 pro
1158 5125 1412 5190 ciborum
1443 5122 1674 5176 introitu
1698 5137 1949 5192 magnam
1975 5119 2134 5186 adhi-

551 5216 718 5271 beant
764 5218 1144 5290 diligentiam;
1199 5235 1302 5289 pro
1357 5217 1508 5273 exitu
1563 5227 1746 5271 autem
1795 5217 2130 5282 verborum,

550 5310 775 5378 segnius
809 5326 874 5364 ac
908 5310 1271 5380 negligentius
1306 5327 1426 5366 sese
1458 5309 1716 5364 habeant.
1754 5307 1816 5360 lli
1858 5309 1994 5363 tales
2034 5325 2134 5364 ue-

549 5399 757 5464 sciuut,
790 5417 858 5455 ex
901 5401 1246 5457 Ecclesiastis
1285 5400 1588 5464 sententia,
1626 5400 1762 5454 iram
1805 5400 2031 5470 quidem
2068 5417 2136 5455 ex

623 5516 668 5548 ⁸ο
691 5514 857 5570 Hebr.
887 5533 960 5581 ιι,
995 5517 1046 5571 i.

549 5641 664 5693 est,
695 5635 795 5688 etsi
839 5634 893 5688 in
936 5635 1154 5692 sclicdis
1195 5636 1366 5694 Roma
1407 5637 1614 5699 missis,
1645 5635 1841 5690 eodem
1884 5649 2117 5688 numero

551 5702 927 5773 consignatum
985 5716 1106 5759 erat
1160 5721 1284 5760 cum
1343 5707 1632 5773 superiori.
1688 5707 1834 5764 idem
1887 5705 2116 5761 verbum

549 5772 740 5844 eadem
790 5777 1195 5828 constructione
1244 5791 1309 5827 ex
1362 5772 1496 5844 psal.
1540 5792 1732 5840 cxvlzt,
1780 5775 1910 5836 1‘28,
1954 5775 2118 5828 habet

551 5838 712 5896 Mare.
743 5861 791 5898 e.
813 5845 900 5908 51,
931 5844 1006 5897 De
1041 5845 1148 5915 lege
1174 5838 1432 5916 spiritah’;
1454 5845 1521 5900 de
1550 5862 1679 5915 quo,
1709 5838 1936 5918 ejusque
1966 5854 2116 5900 recto

1121 5517 1162 5547 “
1193 5516 1333 5571 Psal.
1369 5533 1488 5579 cxx,
1525 5516 1578 5571 8.

2242 4574 2359 4627 οἶόν
2388 4591 2445 4626 τε
2475 4575 2567 4627 καὶ
2605 4573 2800 4638 ἔξοδον,
2835 4573 3130 4643 ἐπιθυμίαν
3162 4574 3260 4644 μὲν
3304 4573 3406 4644 τὴν
3442 4575 3503 4641 ἐξ
3538 4576 3823 4646 ὀφθαλμῶν

2242 4665 2648 4735 ἀποδιδράσκει·
2679 4666 2851 4735 θυμὸν
2893 4666 2948 4719 δὲ
2987 4667 3075 4719 τὸν
3112 4665 3171 4729 ἐξ
3200 4667 3464 4730 ἀπονοίας
3503 4670 3823 4739 καταπραῦο

2242 4774 2371 4817 ναι,
2425 4751 2499 4810 ὧν
2544 4757 2624 4810 δεῖ
2664 4759 2759 4810 καὶ
2788 4758 2892 4829 πρὸ
2935 4759 3150 4811 πάντων
3181 4759 3456 4812 ποιεῖσθαι
3498 4761 3607 4831 τὴν
3645 4763 3821 4830 ἐπιμέ-

2241 4846 2390 4900 λειαν
2430 4848 2520 4900 τὸν
2567 4848 2974 4917 άγονιζὸμενον,
3011 4849 3173 4900 παντὶ
3214 4850 3401 4918 τρόπῳ
3436 4851 3819 4905 σπουδαστέον.

2255 4938 2343 4990 Ἐν
2369 4938 2576 5001 τούτοις
2615 4939 2746 5010 γὰρ,
2776 4939 2838 4992 τὺ
2880 4939 2978 5010 μὲν
3011 4940 3314 5012 πρακτικὸν
3346 4940 3624 5011 ἔῤῥωται·
3682 4944 3742 4996 τὸ
3772 4944 3820 4996 δὲ

2241 5026 2596 5098 θεωρητικὸν,
2629 5029 2979 5099 ἐστερέωται.

2305 5119 2408 5190 νβ’.
2443 5119 2598 5184 Τινὲς
2619 5120 2676 5173 δὲ
2700 5138 2766 5173 πε
2774 5122 2828 5190 ρὶ
2856 5123 2956 5191 τὴν
2982 5121 3183 5174 εἴσοδον
3197 5121 3306 5172 τῶν
3333 5121 3679 5192 βρωμάτων,
3703 5124 3820 5176 πολ-

2236 5214 2334 5284 λὴν
2374 5215 2652 5268 ποιοῦνται
2695 5215 2792 5286 τὴν
2838 5215 3178 5284 ἐπιμέλειαν·
3217 5217 3346 5286 περὶ
3374 5205 3460 5268 δὲ
3492 5216 3683 5280 ἔξοδον
3727 5215 3818 5270 τῶν

2240 5306 2521 5378 ῥημάτων,
2553 5307 2771 5376 ἀμελῶς
2799 5307 3146 5363 διατίθενται.
3196 5310 3258 5362 Οί
3291 5309 3529 5362 τοιοῦτοι
3584 5313 3688 5363 οὐκ
3717 5311 3820 5362 ἐπί-

2242 5417 2465 5452 στανται
2507 5398 2742 5469 πράγειν
2784 5399 2956 5470 θυμὸν
2990 5401 3088 5469 μὲν
3117 5400 3224 5453 ἀπὸ
3251 5400 3483 5471 καρδίας
3517 5404 3610 5472 (ἱ),
3643 5403 3818 5456 ἐπιθο-

2227 5649 2414 5695 scnsu,
2446 5648 2567 5702 qua:
2589 5631 2703 5686 visa
2737 5642 2862 5686 sunt
2896 5632 3079 5696 obiter
3109 5631 3356 5699 exposita
3388 5641 3573 5685 a.tem
3605 5631 3805 5684 Maximi

2226 5705 2546 5757 centenario
2577 5719 2642 5756 ex
2674 5703 2925 5766 duobus,
2962 5717 3062 5755 nec
3091 5702 3180 5753 hic
3209 5717 3438 5754 necesse
3470 5712 3744 5770 repetere.

2297 5777 2358 5835 (ἱ)
2399 5774 2692 5840 Ηαριίγειν
2725 5775 2914 5840 θυμδι·
2941 5775 3057 5840 μὲν
3089 5773 3205 5824 ἀπὸ
3246 5772 3518 5837 καρδίας.
3556 5773 3707 5825 Inter
3739 5781 3800 5822 tot

2225 5845 2378 5899 verbi
2432 5844 2665 5915 παράγω
2721 5843 3180 5914 signiﬁcationes,
3222 5857 3331 5913 qua
3376 5853 3718 5913 usurparunt
3757 5845 3798 5892 oi
