4108 6436
212 360 353 426 1413

1370 360 1547 420 ALIA
1585 356 1690 418 EX
1726 353 1969 418 VATIC.
2007 351 2296 414 CAPITA.

3335 352 3473 418 1414

210 472 346 540 μίαν
391 471 448 524 δὲ
480 469 588 525 ἀπὸ
619 470 848 543 σαρκὸς,
894 474 1036 527 κατά
1075 473 1168 526 τὸν
1201 471 1685 544 ιἙκκλησιαστήν·
1733 466 1783 518 δι

1905 461 2100 524 corde,
2127 477 2194 515 ex
2229 478 2393 518 carne
2423 479 2558 518 vero
2591 463 2948 534 cupiditatem
2972 464 3034 528 ",
3064 476 3314 529 autcrre;
3347 468 3474 534 qui-

207 559 289 616 ὢν
311 566 344 634 ἡ
380 563 598 635 καθαρὰ
618 565 815 636 καρδία
845 565 1126 631 κτίζεσθαι
1158 567 1313 620 εἴωθε
1343 565 1492 637 παρὰ
1515 562 1610 618 τοῦ
1635 579 1795 616 καιν-

204 657 537 728 ουργοῦντος
576 658 918 728 Πνεῦμα-τος.

287 754 377 815 ιγ’.
419 748 493 800 Τὸ
525 748 625 818 μὲν
669 749 778 802 τῶν
824 749 1131 820 βρωμάτων
1164 751 1486 821 ἀπέριττον,
1526 748 1656 819 περὶ
1693 747 1792 816 τὴν

209 838 358 907 ἥττω
387 839 598 909 τρυφῆς
631 841 910 910 ποιότητα·
935 841 994 894 τὸ
1017 841 1073 893 δὲ
1096 841 1202 894 τῶν
1235 842 1494 912 ῥημάτων
1521 838 1792 906 ἀνέγκληο

205 945 326 992 τον,
357 931 484 1000 περὶ
514 929 609 1001 τὴν
649 933 882 1002 κρείττω
919 931 1020 1001 τῆς
1064 932 1280 1002 σιωπῆς
1326 931 1598 1004 ποσότητα
1643 931 1795 1000 εὑρε-

209 1019 460 1091 θήσεται.

284 1113 374 1169 νᾶ.
415 1115 676 1184 Ιιὺρωσον
706 1115 831 1178 τοὺς
862 1115 1091 1186 νεφρούς
1126 1132 1219 1168 σου
1251 1117 1437 1185 ἀσιτία
1463 1113 1789 1185 βρωμάτων,

208 1211 308 1259 καὶ
347 1206 538 1260 ἕτασον
560 1207 658 1277 τὴν
681 1208 911 1279 καρδίαν
936 1225 1028 1260 σου
1059 1209 1354 1278 ἐγκρατείᾳ
1390 1209 1672 1279 ῥημάτιον,
1699 1207 1793 1258 καί

205 1297 356 1363 ἕξεις
402 1298 536 1368 πρὸς
583 1299 887 1370 ὑπηρεσίαν
923 1299 1124 1363 καλῶν,
1164 1299 1244 1366 τὸ,
1290 1299 1686 1370 ἐπιθυμητικόν
1733 1317 1790 1352 τε

206 1390 308 1440 καὶ
338 1387 588 1457 θυμικόν.

285 1486 380 1533 νεθ.
428 1479 489 1532 Ἦ
541 1481 641 1550 μὲν
689 1481 796 1534 τῶν
836 1481 1218 1553 ὑπογαστρίων
1257 1481 1418 1553 ἡδονὴ
1461 1480 1792 1536 καταπίπτει

208 1571 274 1624 ἐν
320 1573 704 1641 ἀσκουμένοις,
733 1571 828 1626 τοῦ
851 1573 1104 1644 σώματος
1130 1574 1708 1645 παρακμάσαντοςοὲτι
1736 1575 1792 1626 δὲ

210 1663 522 1735 παραμένει
563 1664 660 1718 τοῦ
692 1665 973 1737 φάρυγγος
1005 1667 1094 1737 (j),
1133 1665 1210 1737 τῷ
1244 1667 1319 1737 μή
1364 1666 1628 1735 φθάσαντι
1655 1667 1792 1719 ταὺ-

207 1773 314 1824 την
345 1756 567 1820 ἐνδίκως
616 1758 862 1812 κολάσαι.
927 1759 1236 1812 Σπουδάσαι
1281 1754 1374 1812 οὖν
1423 1758 1528 1829 χρὴ
1573 1758 1662 1811 διὰ
1694 1759 1792 1828 τῆς

209 1848 412 1912 αίτίου,
462 1848 556 1901 τοῦ
610 1849 855 1903 αἰτιατοῦ
893 1850 986 1902 τὸν
1030 1850 1338 1920 ὀνειδισμὸν
1367 1852 1792 1919 ἀποτρίψασθαι,

209 1939 290 2003 ὡς
331 1940 398 1993 ἂν
455 1940 532 2010 μὴ
587 1939 737 2005 ξένος
776 1942 956 1994 ἐκεῖσε
1010 1941 1110 2012 τῆς
1149 1943 1290 1996 κατὰ
1329 1943 1428 2013 τὴν
1471 1943 1796 2013 ἐγκράτειαν

209 2033 416 2103 ἀρετῆς
449 2034 710 2104 εὑρεθεὶς,
751 2036 1070 2107 αἰσχυνθῇς.

287 2133 395 2190 νς’.
440 2127 766 2196 Ἀναγκαῖον
811 2129 1012 2182 εἰδέναι
1069 2128 1160 2182 τὸν
1211 2129 1475 2201 ἀσκητὴν,
1524 2130 1652 2184 πότε
1699 2132 1796 2186 καὶ

208 2219 325 2272 τίσι
359 2218 610 2290 βρώμασι
639 2222 722 2275 δεῖ
741 2222 816 2286 ὼς
842 2223 1034 2293 ἐχθρὸν
1054 2222 1275 2294 τρέφειν
1301 2224 1361 2276 τὸ
1403 2223 1561 2293 σῶμα
1593 2225 1756 2278 αὑτοῦ
1777 2241 1790 2253 ο

210 2310 347 2362 πότε
382 2311 439 2364 δὲ
465 2311 540 2375 ὡς
571 2313 723 2380 φίλον
763 2313 1104 2385 παρακαλεῖν
1133 2316 1226 2367 καί⁵
1262 2313 1424 2368 πάλιν
1455 2315 1796 2386 παραμυθεὶ-

217 2399 349 2454 σθαι
384 2400 461 2465 ὡς
497 2403 720 2474 ἀσθενῆ·
755 2405 843 2458 ἵνα
877 2406 950 2477 μὴ
985 2405 1123 2476 λάθῃ
1157 2405 1226 2459 τὰ
1257 2406 1356 2478 μὲν
1392 2407 1486 2460 τοῦ
1515 2408 1792 2472 ἀσθενοῦς,

209 2491 292 2562 τῷ
332 2493 494 2564 φίλῳ·
547 2495 615 2548 τὰ
661 2495 718 2548 δὲ
763 2497 856 2551 τοῦ
907 2498 1062 2566 φίλου
1115 2500 1440 2570 παρατιθεὶς
1483 2501 1562 2570 τῷ
1594 2501 1794 2570 ἐχθρῷ·

213 2583 310 2635 καὶ
347 2583 642 2654 ἑκατέρους
692 2585 766 2648 ὡς
812 2588 1194 2657 σκανδαλίσας,
1246 2590 1422 2662 καιρῷ
1490 2593 1794 2663 πειρασμοῦ

213 2673 444 2744 εὑρήσει
478 2676 847 2747 πολεμοῦντας
871 2680 1054 2736 αὐτόν.

290 2846 378 2913 ιζ’.
419 2850 586 2902 Ὅταν
641 2852 738 2922 τῆς
771 2853 987 2924 τρυφῆς
1026 2855 1126 2926 τὴν
1157 2858 1364 2928 τροφὴν
1397 2873 1426 2910 ο
1465 2857 1797 2928 τρεφόμενος

215 2941 623 3012 προτιμοτέραν
662 2945 984 3016 ποιήσηται,
1019 2947 1141 3001 τότε
1187 2950 1222 3020 ὴ
1253 2948 1360 3002 τῶν
1395 2948 1647 3020 δακρύων
1673 2952 1794 3001 ὲπι-

214 3031 517 3103 δημήσασα
551 3034 710 3106 χάρις
733 3036 901 3107 αὐτῷ,
949 3039 1289 3108 παρακαλεῖν
1327 3041 1556 3112 ἄρχεται
1584 3041 1680 3093 καὶ
1705 3041 1798 3094 άλ-

1896 550 2001 606 bus
2025 551 2318 606 innovator
2341 553 2580 624 Spiritus
2604 555 2772 610 habet
2793 572 2888 610 cor
2911 556 3177 610 mundtuu
3199 571 3387 611 creare
3402 558 3472 611 Ρ.

1963 728 2053 783 55.
2083 727 2346 783 Ciborum
2376 729 2590 785 laudata
2623 730 2908 801 frugalitas
2935 741 3099 801 atque
3130 730 3389 801 parcitas,
3420 730 3477 784 in

1894 819 2092 872 minori
2117 836 2280 890 quam
2304 837 2403 891 pro
2424 822 2640 877 deliciis
2659 825 2952 894 qualitate;
2978 823 3270 878 verborum
3291 832 3474 877 autem

1893 911 2044 964 omni
2078 928 2280 966 vacans
2315 915 2746 983 reprehensione
2777 915 3150 986 indulgentia,
3182 915 3238 968 in
3272 912 3476 984 potiori

1893 1017 2054 1070 quam
2088 1018 2189 1071 pro
2214 1003 2437 1058 silentio
2465 1003 2774 1058 invenietur
2797 1006 3122 1075 t'lllalllltale.

1963 1097 2125 1168 647
2145 1099 2232 1151 54.
2256 1098 2365 1153 Ure
2390 1113 2552 1152 renes
2575 1108 2699 1153 tuos
2724 1101 2974 1154 ciborum
3003 1099 3210 1160 inedia.
3232 1106 3286 1154 et
3306 1097 3476 1168 proba

1895 1204 1993 1242 cor
2013 1199 2168 1243 tuum
2194 1191 2491 1244 verborum
2516 1191 2868 1254 abstinentia,
2894 1191 3232 1260 habebisque
3259 1191 3479 1244 virtutis

1894 1282 2206 1337 ministerio
2254 1283 2656 1354 obsequentes,
2710 1284 3030 1354 cupiditatis
3056 1285 3260 1354 ineque
3308 1284 3479 1338 facul-

1896 1383 2086 1429 tatem.

2095 1468 2463 1523 Venereornm
2495 1469 2767 1538 voluptas,
2796 1480 3201 1524 emarcesccute
3229 1468 3478 1537 corporis

1893 1560 2061 1630 pube,
2087 1560 2347 1624 concidit,
2373 1562 2425 1614 in
2457 1561 2524 1615 iis
2546 1561 2640 1630 qui
2663 1561 2886 1615 virtutis
2909 1561 3154 1630 palmstra
3178 1567 3436 1614 exercent
3462 1578 3477 1614 :

1893 1650 2074 1705 adhuc
2114 1661 2294 1705 tamen
2330 1661 2552 1706 manent
2579 1652 2718 1724 gulze
2746 1653 3109 1714 irritatnenta,
3138 1652 3211 1712 ei,
3245 1651 3338 1721 qui
3367 1667 3479 1704 non

1894 1753 2022 1797 ante
2064 1757 2183 1796 eam
2232 1743 2416 1798 debita
2465 1743 2674 1798 ultione
2720 1743 3093 1813 castigaverit.
3144 1742 3479 1796 Enitendum

1897 1835 2060 1906 igitur
2091 1842 2195 1896 cst.
2229 1844 2289 1888 ut
2318 1852 2416 1904 per
2453 1852 2696 1899 causam,
2726 1835 2956 1890 effectus
2987 1835 3251 1905 probrum
3284 1834 3482 1897 elidas,

1897 1942 1965 1980 ne
1989 1935 2286 1980 extraneus
2309 1927 2378 1982 ab
2404 1927 2748 1983 abstinentia:
2775 1943 2872 1981 seu
2898 1927 3252 1980 continentia:
3276 1927 3482 1982 virtute

1898 2019 2011 2073 illic
2042 2019 2320 2082 inventus,
2356 2018 2732 2073 eonfundaris.

1965 2113 2053 2166 56.
2096 2112 2376 2165 Exercens
2429 2111 2496 2164 ad
2551 2111 2847 2180 pietatem,
2904 2109 3042 2164 sciat
3097 2126 3322 2165 necesse
3372 2119 3481 2172 est.

1895 2203 2247 2273 quandonam
2300 2210 2356 2257 et
2408 2202 2616 2272 quibus
2665 2201 2806 2256 cibis
2855 2202 3113 2256 alendum
3167 2217 3368 2272 corpus
3420 2211 3484 2256 ut

1898 2295 2107 2359 hostis;
2166 2294 2388 2364 quando
2433 2295 2560 2349 item
2615 2294 2981 2350 recreandum
3037 2302 3095 2346 ut
3140 2293 3371 2357 amicus,
3416 2309 3482 2346 ac

1897 2403 2090 2442 rursus
2120 2385 2340 2457 quando
2370 2387 2419 2440 ci
2452 2387 2764 2441 adhibenda
2799 2387 2992 2440 solatia
3030 2395 3286 2454 tanquam
3325 2385 3480 2438 infir-

1897 2497 2022 2535 mo:
2047 2498 2115 2536 ne
2138 2497 2236 2551 per
2258 2481 2708 2552 imprudentiam,
2727 2495 2847 2548 quae
2871 2487 2999 2532 sunt
3024 2477 3247 2541 infirmi,
3266 2477 3479 2542 amico;

1895 2581 1951 2628 et
1973 2589 2094 2642 qum
2125 2573 2307 2636 amici,
2335 2571 2481 2626 hosti
2506 2569 2867 2641 apponendo;
2897 2585 2961 2623 ac
2985 2567 3138 2622 velut
3167 2566 3260 2637 qui
3295 2576 3481 2621 utros-

1896 2681 2003 2735 que
2027 2665 2504 2730 scandalizaverit,
2529 2663 2779 2732 utrisque
2807 2661 2864 2716 in
2891 2669 3137 2730 tempore
3163 2659 3484 2714 tentationis

1896 2765 2086 2812 utatur
2115 2757 2370 2810 infensis.

1967 2851 2056 2905 57.
2095 2847 2232 2904 Cum
2263 2849 2309 2905 is
2336 2848 2431 2919 qui
2461 2848 2724 2904 alimento
2751 2846 2947 2910 utitur,
2973 2846 3112 2917 gula:
3142 2844 3357 2900 deliciis
3386 2860 3484 2899 ne-

1896 2941 2201 2997 cessarium
2232 2940 2417 2995 cibum
2462 2939 2767 3010 prtetulerit
2789 2979 2802 3003 ,
2845 2946 2978 2992 tunc
3007 2936 3280 2992 accedens
3309 2936 3484 3006 laery-

1897 3048 2111 3087 marum
2153 3032 2362 3102 gratia,
2398 3032 2650 3101 ingerere
2693 3029 2888 3100 incipit
2927 3046 2991 3084 ac
3029 3029 3282 3092 suadere,
3327 3039 3389 3081 ut
3424 3036 3485 3081 et

215 3123 319 3193 λης
347 3125 526 3188 πάσης
555 3125 815 3197 ήδὺτητος
847 3129 1327 3198 ἐπιλανθάνεσθαι,
1362 3131 1437 3194 ὼς
1461 3130 1563 3202 ἠδη
1589 3130 1792 3184 τούτων

1897 3139 2116 3178 omnem
2141 3123 2303 3178 aliam
2335 3122 2684 3180 dulcedinem
2714 3121 3096 3186 obliviscatur,
3129 3135 3252 3190 qua:
3284 3119 3480 3174 harum

216 3213 621 3286 καταποθείσης
648 3217 960 3290 ἁσυγκρίτῳ
1009 3219 1252 3292 ήδὺτητι.

293 3313 396 3376 νη’.
437 3307 527 3378 Τῷ
561 3309 660 3378 μὲν
698 3310 1088 3383 πλατυνομένῳ
1119 3314 1419 3387 συνεστάλη
1452 3315 1522 3368 τὰ
1565 3317 1794 3387 δάκρυα·

217 3397 487 3470 ὲξεϐλὺθη
517 3400 572 3453 δὲ
604 3400 799 3466 ταῦτα,
830 3403 908 3474 τῷ
932 3405 1032 3474 τὴν
1066 3406 1258 3478 στενὴν
1280 3407 1398 3460 ὁδὸν
1426 3409 1789 3480 ἀγαπήσαντι.

291 3571 391 3626 νθ¹.
428 3573 541 3626 Οὑκ
574 3573 722 3628 ἔστιν
748 3575 922 3647 λυπης
945 3593 1120 3640 εκτος,
1153 3577 1276 3630 οὔτε
1309 3579 1794 3651 ἀμαρτωλὶς,οὑτε

217 3661 450 3728 δίκαιος
489 3666 606 3718 ἀλλ’
630 3669 658 3720 ὁ
701 3668 820 3738 μὲν,
856 3669 939 3722 ὃτι
987 3671 1061 3740 μὴ
1094 3671 1270 3741 πάντη
1319 3671 1586 3724 ἀπέλιπεν
1613 3674 1671 3725 τὸ
1699 3691 1796 3726 κα-

218 3754 339 3809 κόνο
371 3755 400 3808 ὁ
429 3755 508 3824 δὲ,
537 3758 620 3812 ὅτι
655 3757 808 3812 οὑπω
849 3759 1119 3814 κατέλαϐε
1157 3762 1216 3814 τὸ
1247 3761 1414 3825 ὅντως
1443 3762 1624 3816 καλόν.

193 3932 205 3944 ’
293 3947 358 4012 ξ’.
399 3948 522 4001 Τῶν
557 3948 642 4018 ἐφ’
672 3949 802 4020 ἡμῖν
843 3950 942 4020 μὲν
983 3949 1125 4003 κατὰ
1152 3950 1378 4021 δύναμιν
1411 3953 1626 4023 ἀρεταὶ,
1660 3952 1793 4024 εὐχὴ

217 4039 317 4092 καὶ
344 4040 544 4108 σιωπήο
584 4038 692 4091 τῶν
728 4039 826 4092 οὑκ
860 4040 948 4108 ἐφ’
980 4043 1111 4110 ἡμῖν
1144 4041 1221 4101 δὲ,
1263 4041 1378 4093 ἀλλ’
1419 4042 1495 4105 ὡς
1524 4043 1592 4095 τὰ
1627 4043 1795 4096 πολλὰ

215 4129 320 4198 τῆς
351 4127 446 4180 τοῦ
481 4129 731 4200 σώματος
762 4132 1124 4200 κατασκευῆς,
1153 4133 1377 4200 νηστεία
1399 4135 1491 4186 καὶ
1519 4134 1794 4204 ἀγρυπνία

217 4221 381 4274 εἰσίν.
419 4223 597 4293 Ὅπερ
641 4221 735 4275 οὖν
774 4223 852 4293 τῷ
885 4224 1158 4293 ἀγωνιστῇ
1189 4223 1604 4296 εὐληπτότερον,
1637 4225 1794 4279 τοῦτο

219 4313 592 4383 μετέρχεσθαι
625 4316 755 4386 χρή.
1401 4327 1408 4332 “

1892 3213 2004 3284 jam
2040 3211 2455 3283 incomparabili
2487 3211 2780 3266 dulcedine
2811 3211 3069 3281 absorpta
3102 3212 3195 3265 sit.

1966 3306 2053 3360 58.
2099 3306 2162 3361 Ei
2193 3305 2286 3375 qui
2322 3304 2584 3358 dilatatur
2611 3343 2625 3367 ,
2662 3311 2945 3357 contracta
2986 3311 3071 3356 est
3110 3302 3482 3372 laerymarum

1895 3396 2014 3462 vis;
2051 3396 2233 3450 fluunt
2262 3404 2446 3450 autem
2472 3393 2625 3465 largo
2645 3391 2817 3457 fonte,
2846 3391 2948 3459 illi,
2973 3393 3068 3463 qui
3093 3393 3235 3446 viam
3269 3401 3479 3447 arctam

1895 3489 2110 3545 dilexit.

1967 3581 2055 3635 59.
2097 3580 2210 3634 Nec
2266 3588 2526 3648 peccator
2577 3578 2800 3648 aliquis,
2858 3593 2963 3633 nec
3010 3578 3213 3648 justus,
3265 3577 3481 3633 doloris

1895 3671 2064 3730 animi
2090 3687 2286 3741 expers
2313 3669 2530 3726 exsistit
2558 3688 2570 3725 :
2608 3669 2702 3723 sed
2733 3669 2882 3725 dolet
2913 3669 3007 3724 ille
3040 3669 3288 3739 quidem,
3327 3671 3475 3740 quod

1895 3778 2004 3817 non
2034 3763 2258 3816 omnino
2289 3761 2489 3815 malum
2529 3759 2812 3829 reliquerit
2839 3777 2854 3826 ;
2886 3759 2979 3814 hic
2997 3775 3151 3824 vero,
3181 3759 3326 3829 quod
3345 3774 3478 3814 ncc-

1895 3855 2026 3909 dum
2083 3853 2228 3922 quod
2258 3861 2340 3907 est
2365 3868 2494 3906 vere
2525 3851 2730 3905 bonum
2763 3851 2999 3920 adeptus
3027 3851 3119 3906 sit.

1965 3945 2054 4000 60.
2083 3944 2289 3998 Eorum
2315 3958 2435 4012 qua:
2460 3941 2514 3996 in
2539 3951 2726 3994 nostra
2753 3948 2884 3994 sunt
2909 3939 3192 4003 facultate,
3217 3939 3479 4005 virtutes,

1894 4037 2073 4092 oratio
2097 4043 2153 4089 et
2186 4034 2466 4088 silentium
2499 4052 2511 4086 :
2542 4047 2736 4086 eorum
2770 4049 2925 4096 vero,
2959 4048 3081 4101 qua:
3112 4048 3222 4086 non
3259 4041 3388 4087 sunt
3421 4033 3475 4086 in

1894 4127 2174 4188 facultate,
2200 4123 2293 4178 sed
2324 4124 2648 4194 plerumque
2671 4138 2739 4176 ex
2763 4127 3015 4192 corporis
3043 4131 3478 4194 temperamento

1893 4217 2169 4289 pendent,
2200 4215 2470 4285 jejunium
2518 4224 2574 4268 et
2622 4215 2842 4285 vigilite.
2879 4214 3034 4282 Quod
3087 4215 3255 4284 igitur
3302 4215 3476 4285 pugili

1896 4310 2070 4380 magis
2109 4307 2461 4377 expeditum,
2500 4305 2553 4360 id
2591 4321 2721 4362 vero
2763 4322 2987 4363 necesse
3020 4323 3146 4362 eum
3196 4307 3376 4362 colere
3418 4316 3476 4360 ct

1895 4416 2172 4456 CXPI‘CCI‘C.

295 4490 403 4557 51'.
435 4491 596 4556 Οἶκος
629 4494 727 4564 μὲν
777 4493 964 4563 εὑγῆς,
999 4493 1034 4562 ἡ
1084 4491 1351 4561 ὑπομονήο
1383 4494 1792 4564 πεοικρατεῖται

1972 4493 2060 4546 (it.
2097 4492 2301 4546 Domus
2356 4489 2643 4558 orationis,
2687 4492 2952 4564 patientia
2995 4502 3121 4559 est;
3167 4491 3289 4563 ejus
3325 4491 3476 4546 enim

293 4652 338 4682 "
369 4651 550 4706 Eccle.
585 4665 658 4707 χι.
698 4647 783 4703 10.
860 4647 904 4679 ¹⁸
929 4647 1071 4702 Psat.
1107 4663 1158 4710 ι,
1188 4648 1272 4702 12..

213 4804 468 4876 ΙλΧΧΑἰη
511 4821 578 4860 eo
621 4805 832 4861 Eccles.
884 4807 1034 4866 loco.
1070 4822 1181 4861 non
1213 4805 1507 4860 admodum
1557 4807 1800 4876 probatis

211 4873 426 4931 Gracis
459 4876 780 4931 auctoribus
815 4877 962 4932 trita.
993 4876 1164 4931 Alline
1196 4885 1382 4946 tamen
1423 4883 1529 4939 est,
1557 4873 1705 4946 quod
1742 4879 1796 4933 in

211 4945 459 5016 plurium
499 4947 704 5016 majore
744 4945 975 5010 chico,
1011 4946 1146 5002 alias
1177 4945 1526 5016 Crispiniano
1562 4945 1800 5002 refertur

210 5015 517 5088 exj’lutar.
622 5017 866 5082 Romulo,
882 5017 926 5068 Τ
929 5016 1117 5080 ούτους
1145 5015 1398 5088 ἐξέκρουε
1430 5017 1524 5088 καὶ
1549 5018 1797 5088 παρῆγεν

210 5089 242 5139 ὁ
277 5085 499 5159 Τάτιος.
535 5086 704 5152 Quasi
743 5089 998 5159 expunxi!
1033 5104 1094 5140 ac
1129 5085 1324 5159 missos
1347 5086 1520 5159 fecit:
1553 5085 1698 5159 quod
1739 5097 1795 5143 et

212 5173 324 5235 vox
354 5154 1010 5235 Hebraica_sonat'_'t:ty_m
1041 5154 1438 5235 transirefecit.
1463 5156 1622 5227 Apud
1649 5157 1792 5235 Pau-

211 5227 354 5291 lum,
376 5227 458 5290 τὸ,
489 5228 736 5299 Παράγει
763 5228 874 5298 γὰρ
900 5227 961 5280 τὸ
996 5227 1184 5350 σχῆμα
1209 5226 1542 5308 τοῦυκόσμοῦ
1577 5228 1788 5290 τούτου,

211 5297 232 5350 1
282 5297 412 5350 Cor.
446 5314 553 5350 vn.
588 5299 688 5350 51.
724 5297 872 5350 uuod
916 5297 1062 5350 vuln.
1148 5305 1344 5350 rwtem
1388 5293 1563 5350 ﬁaura
1608 5301 1788 5350 numdi

209 5297 232 5352 Ι
282 5297 412 5351 Cor.
446 5314 553 5361 vn,
577 5293 688 5362 δι’,
724 5293 872 5368 quod
916 5293 1062 5365 vulg.
1089 5293 1357 5368 ’Pra’tgrit
1387 5293 1563 5366 ﬁgura
1608 5301 1792 5352 numdi

211 5369 407 5438 hujus;
460 5367 687 5436 perinde
734 5365 888 5422 reddi
924 5376 1126 5438 posset
1171 5383 1185 5420 :
1237 5365 1441 5438 Faltoni
1479 5376 1554 5420 est
1598 5371 1791 5438 species

212 5437 401 5509 mundi
435 5438 609 5509 hujus,
633 5439 776 5509 quod
813 5437 1369 5509 scilicetgmorﬁtalium
1403 5438 1579 5509 oculis
1612 5437 1666 5492 in
1701 5455 1790 5493 re-

211 5509 318 5562 bus
349 5505 606 5580 humanis
639 5505 848 5580 objicit,
879 5525 910 5562 a
941 5507 1142 5580 quibus
1172 5506 1375 5580 Paulus
1394 5505 1788 5580 discipulorum

211 5588 411 5632 avocat
449 5578 682 5641 animos,
709 5576 787 5634 'ne
831 5596 889 5635 se
935 5576 1042 5633 illis
1079 5576 1379 5632 dementari
1418 5576 1621 5643 sinant,
1658 5579 1790 5648 ipsis

210 5665 240 5702 2
267 5649 684 5720 ilr.erendo,sed
711 5652 882 5720 magis
907 5650 971 5703 ad
1001 5665 1063 5703 ea
1089 5665 1210 5718 qua:
1234 5663 1362 5701 vere
1392 5659 1520 5701 sunt
1543 5650 1788 5705 studium

209 5735 244 5769 εἰ
271 5733 375 5771 nne
409 5719 768 5784 transferant,
803 5722 908 5776 levi
946 5720 1123 5775 solum
1158 5734 1343 5772 rerum
1379 5733 1479 5772 usu
1515 5720 1784 5787 permisso

211 5809 274 5843 ac
301 5789 520 5842 nitatem
548 5789 672 5845 vittc
697 5791 992 5847 necessitas
1017 5790 1123 5844 alio
1149 5789 1537 5845 festinantibus
1562 5795 1791 5848 omnino

1900 4808 2158 4878 postulat.
2185 4809 2290 4863 Pro
2315 4805 2608 4878 ἐπιθυμίας
2631 4803 2786 4878 Vulg,
2812 4806 3042 4878 malitia,
3066 4822 3136 4860 ex
3157 4805 3293 4860 ileb.
3318 4807 3474 4873 cujus

1899 4876 2051 4934 vocis
2079 4879 2370 4947 explicatio
2398 4887 2505 4940 est,
2532 4877 2612 4940 τὸ,
2640 4876 2929 4945 ἐπιθυμία³
2960 4876 3077 4931 haec
3105 4877 3252 4932 enim
3290 4878 3480 4931 carnis

1899 4949 2104 5004 malitia
2129 4964 2224 5002 seu
2253 4949 2479 5018 vitium,
2505 4948 2942 5018 concupiscentia.

1971 5020 2035 5089 tj)
2083 5019 2212 5089 Ἔτι
2263 5017 2330 5070 δὲ
2363 5015 2704 5089 παραμένει
2749 5016 2857 5070 τοῦ
2888 5015 3227 5089 φάρυγγος,
3266 5016 3473 5089 Nempe

1897 5085 2244 5160 diuturniora
2287 5088 2424 5160 gula:
2460 5085 2950 5160 ’praalia,_nec__nisi
2992 5097 3163 5140 morte
3203 5085 3475 5160 ﬁnienda;

1895 5159 2044 5228 quod
2089 5156 2310 5212 absolvi
2343 5174 2371 5212 a
2416 5156 3022 5228 necessario‘ciborum
3068 5171 3190 5228 usu,
3227 5157 3473 5225 quandiu

1893 5225 2006 5284 vita
2034 5237 2312 5298 superstes
2337 5238 2441 5286 est.
2469 5229 2694 5282 minime
2719 5225 2906 5298 liceat;
2939 5227 3026 5280 eui
3057 5227 3345 5295 conjuncta
3381 5229 3474 5286 illa

1898 5300 2037 5382 gula:
2094 5297 2551 5382 voluptasnipsa
2612 5297 3190 5382 necessaoriaoDeoque
3249 5307 3473 5353 auctore

1899 5365 2085 5430 insita,
2113 5365 2358 5438 quandiu
2389 5365 2551 5439 justa:
2584 5365 2989 5439 mediocritatis
3010 5368 3232 5439 modum
3269 5378 3487 5421 servat..

1899 5441 2069 5494 Secus
2093 5439 2160 5493 dc
2186 5437 2547 5493 venereorum
2575 5437 2872 5505 voluptate,
2895 5437 3144 5490 ordinata
3172 5437 3237 5490 ad
3269 5439 3470 5506 speciei

1897 5510 2401 5572 conservationem,
2435 5508 2592 5576 cujus
2627 5507 2704 5560 rei
2741 5522 2970 5570 Intnms,
3004 5523 3103 5561 nec
3143 5507 3208 5559 ad
3249 5523 3468 5573 omnes,

1894 5596 1997 5636 nec
2025 5596 2124 5650 pro
2145 5579 2294 5632 omni
2318 5589 2469 5650 statu
2489 5587 2583 5630 aut
2604 5585 2760 5630 aetate
2785 5588 3012 5650 spectat.
3040 5579 3165 5631 Erat
3189 5578 3470 5650 mendose,

1893 5648 2232 5718 παρειμένου
2275 5649 2368 5702 τοῦ
2407 5649 2706 5716 φάρυγγοςο
2734 5663 2854 5715 qua:
2890 5648 2967 5702 sic
3006 5656 3190 5717 aperta
3229 5648 3468 5716 imperiti

1896 5721 2092 5777 scrib:e
2123 5719 2340 5792 menda,
2376 5718 2903 5792 nolitn‘excoquere,
2929 5728 3020 5773 aut
3057 5718 3279 5792 possim,
3312 5719 3466 5775 inde.

1898 5809 2004 5864 quc
2034 5790 2228 5848 lectori
2251 5789 2527 5861 negotium
2551 5787 2838 5844 facessere.
