4108 6470
652 416 801 483 4419
1844 419 1902 476 S.
1945 416 2233 477 ΜΛΧΙΜΙ
2269 427 2274 468 1

2271 415 2783 477 CONFESSORIS
3789 422 3893 487 14-30

661 530 783 600 lege
808 528 950 584 freta
978 527 1192 583 inducit
1223 529 1424 585 mentis
1448 527 1695 598 evagatio
1726 545 1738 580 :
1764 542 1926 597 quam
1956 528 2048 597 qui
2076 536 2258 582 exter-

2289 543 2332 596 Α
2363 527 2475 589 τοῖς
2507 525 2794 596 δάκρυσινο
2819 523 3134 593 ἀντεισάγει
3179 523 3236 578 δὲ
3273 523 3541 590 τούτουςὸ
3565 537 3891 601 percupich

663 621 917 686 niinavit,
962 636 1076 675 una
1112 636 1333 692 quoque
1388 621 1656 675 malorum
1711 618 1957 674 omnium
2006 633 2250 683 causam,

2355 619 2452 674 τοῦ
2498 619 2639 683 νοὸς,
2665 621 2818 690 νόμῳ
2869 618 3236 691 εὐτραπελίας
3297 619 3768 690 ἐνδυναμούμενο;’
3796 626 3894 695 ἣνό

662 713 928 784 loquendi
960 712 1276 770 libertatem
1304 711 1634 783 proﬂigavit.

2355 711 2642 784 ὲξορῑζων,
2681 712 3064 782 συνεξόριστον
3112 711 3210 765 καὶ
3238 710 3302 764 τὸ
3349 712 3632 765 παναίτιον
3668 717 3895 788 πεποίηκε

2355 803 2459 874 τῆς
2488 803 2805 876 παρρησίας
2837 802 3029 858 κακόν.

737 902 827 958 84.
871 900 1149 973 Jejunium
1191 897 1441 969 quidem,
1485 895 1601 952 diei
1631 895 1964 969 symbolum,
2005 909 2074 949 eo
2104 891 2255 963 quod

2429 897 2538 951 πδ’.
2599 895 2846 969 Ἡμέρας
2894 894 2995 966 μὲν
3047 893 3322 966 σύμϐολον
3374 895 3408 965 ἡ
3462 883 3704 966 νηστεία,
3751 895 3902 950 Bia-tt

663 995 907 1049 exterius
940 992 1120 1063 palam
1154 989 1398 1063 geritur;
1431 990 1611 1045 oratio
1649 997 1835 1044 autem
1865 987 2068 1052 noctis,
2105 985 2255 1056 quod

2358 987 2604 1060 ἔκδηλον·
2633 987 2832 1051 νυκτὸς
2861 987 2917 1041 δὲ
2940 986 3030 1040 διὰ
3057 987 3118 1040 τὸ
3143 984 3362 1056 ἄδηλον,
3390 988 3424 1057 ή
3449 986 3606 1057 εὐχή.
3639 987 3901 1060 Ἐκατὲραν

629 1109 633 1113 ~
665 1086 900 1140 obscura
961 1099 1026 1138 ac
1079 1090 1292 1138 secreta
1331 1089 1440 1136 est.
1466 1081 1568 1148 Qui
1610 1081 1779 1152 igitur
1810 1078 2082 1134 utrumvis
2114 1077 2251 1133 alte-

2355 1075 2454 1134 οὖν
2481 1078 2690 1133 τούτων
2745 1079 2804 1132 ἐν
2860 1079 3098 1149 ἑκατέρᾳ
3147 1078 3376 1140 ἐνδίκως
3424 1079 3454 1131 ὁ
3505 1081 3901 1149 μετερχόμενος,

664 1195 789 1232 rum
822 1177 1085 1232 in-altero
1103 1177 1254 1248 juste
1281 1185 1558 1242 exerceat,
1588 1175 1656 1230 ad
1687 1174 2095 1247 speculatorum
2121 1170 2257 1228 civi-

2359 1172 2500 1245 πρὸς
2528 1172 2630 1244 τὴν
2655 1170 2766 1226 τῶν
2802 1169 3172 1224 κατασκόπων
3221 1171 3596 1241 ἀπαντήσεται
3637 1170 3780 1222 πόλιν
3805 1179 3900 1240 (ιιι),

667 1280 834 1326 tatem
886 1271 1163 1336 deveniet,
1198 1250 1538 1336 undeldolor
1567 1279 1615 1324 et
1649 1269 1872 1324 tristitia
1902 1277 2063 1338 atque
2095 1265 2258 1337 gemi-

2357 1265 2428 1318 ἐν
2445 1259 2484 1336 ᾗ
2499 1263 2730 1331 ἀπέδρα
2745 1262 2955 1330 ὀδύνη,
2968 1262 3135 1330 λύπη
3157 1260 3255 1316 καὶ
3276 1260 3614 1330 στεναγμὸς
3626 1262 3682 1313 ὲν
3703 1262 3903 1333 Χριστῷ.

664 1373 764 1430 tius;
796 1364 851 1416 in
881 1362 1103 1418 Christo
1137 1363 1420 1433 aufugiam
1449 1363 1512 1415 ’⁸.

735 1456 824 1510 85.
880 1455 1160 1526 Spiritalis
1218 1457 1500 1526 operatio.
1566 1455 1686 1511 sine
1749 1455 1917 1510 etiam
1979 1454 2256 1525 corporali

2433 1442 2540 1498 πε’.
2573 1442 2639 1496 Ἦ
2669 1441 3022 1513 πνευματικὴ
3050 1441 3306 1513 ἐργασία,
3334 1441 3430 1495 καὶ
3447 1443 3757 1511 σωματικοῦ
3776 1442 3905 1515 ἔργου

664 1563 832 1618 opere
879 1547 1183 1602 consistere
1231 1546 1419 1602 habet.
1468 1547 1669 1602 Beatus
1707 1561 1860 1616 ergo,
1903 1545 1998 1614 qui
2036 1555 2258 1601 terreno

2362 1535 2524 1600 ἐκτὸς
2573 1533 2935 1588 συνίστασθαι
2971 1533 3209 1604 πέφυκε.
3259 1534 3554 1606 Μακάριος
3586 1529 3679 1588 οὖν
3712 1535 3901 1606 ὀκρείσ-

664 1658 858 1712 opere,
896 1655 1018 1710 qua:
1045 1640 1101 1694 in
1135 1641 1365 1695 materia
1395 1657 1504 1696 non
1531 1651 1636 1704 est,
1670 1639 2050 1710 operationem
2083 1637 2260 1709 pluris

2362 1646 2492 1682 σονα
2539 1626 2636 1682 τοῦ
2677 1627 2868 1681 ὲνύλου
2922 1625 3111 1700 ἔργου,
3141 1625 3243 1697 τὴν
3287 1626 3453 1681 ἇῡλον
3485 1625 3907 1698 ήγησάμενοςὲρ-

664 1733 881 1789 fecerit.
919 1733 1024 1787 Per
1063 1747 1187 1787 eam
1221 1732 1370 1789 enim
1411 1733 1558 1802 quod
1597 1732 1753 1788 deest
1795 1733 1951 1804 Operi
1987 1731 2254 1802 implevit,

2360 1719 2585 1790 γασίαν.
2638 1719 2910 1789 Διάὐτῆς
2945 1719 3057 1790 γὰρ
3103 1719 3207 1789 τὴν
3250 1718 3348 1773 τοῦ
3402 1717 3572 1790 ἔργου
3631 1718 3907 1790 ἐπλήρωσεν

663 1826 760 1896 qui
787 1824 1056 1880 orationis
1095 1823 1249 1878 cultu
1277 1824 1445 1879 vitam
1477 1825 1857 1881 absconditam
1892 1841 1957 1882 ac
1994 1826 2106 1881 Deo
2139 1841 2259 1879 ma-

2289 1868 2332 1924 Β
2355 1814 2625 1886 ἔλλειψιν,
2663 1813 2839 1886 ζήσας
2884 1814 2984 1886 τὴν
3033 1814 3430 1887 κεκρυμμένην
3477 1815 3632 1887 ζωὴν
3655 1818 3748 1886 τῆς
3778 1816 3906 1886 εὐχῆς

664 1917 919 1972 nifestam
957 1916 1112 1973 vivit.

2289 1905 2332 1924 ν
2361 1909 2457 1963 καὶ
2487 1907 2731 1980 φανερὰν
2775 1905 2863 1979 τῷ
2889 1905 3031 1977 Θεῷ.

733 2009 821 2065 86.
861 2009 1026 2064 Ferre
1058 2026 1162 2066 nos
1195 2011 1467 2082 patienter
1513 2009 1624 2067 ﬁde
1653 2010 1910 2066 hortatur
1938 2011 2256 2082 Apostolus,

2432 2008 2556 2066 πς’.
2607 1999 2940 2071 Ὑπομένειν
2981 2000 3081 2072 μὲν
3123 2000 3277 2072 ἡμᾶς
3317 2001 3385 2070 τῇ
3431 1998 3622 2054 πίστει
3653 2001 3729 2072 (ιι)
3765 2017 3908 2071 παρα-

663 2116 762 2171 spe
801 2101 1063 2172 gaudere,
1096 2103 1335 2159 orationi
1360 2103 1589 2168 instare,
1623 2112 1682 2158 ut
1707 2103 1893 2174 gaudii
1923 2103 2130 2159 bonum
2154 2120 2258 2159 no-

2359 2093 2519 2148 καλεί
2547 2094 2576 2146 ὁ
2615 2093 2962 2157 Ἀπὸστολος·
2996 2091 3210 2164 χαίρειν
3237 2094 3306 2164 τῇ
3337 2092 3542 2156 ἑλπίδι,
3574 2095 3642 2163 τῇ
3676 2098 3909 2164 προσευχῇ

665 2195 753 2249 bis
787 2204 1106 2266 perseveret
1137 2197 1202 2251 ".
1239 2195 1337 2251 Sin
1367 2204 1555 2251 autem
1598 2211 1657 2251 se
1700 2213 1790 2252 res
1828 2197 1902 2251 ita
1944 2197 2133 2265 habet,
2161 2197 2259 2268 qui

2360 2189 2821 2259 προσκαρτερεῖν,
2858 2186 2946 2240 ἵνα
2995 2185 3058 2239 τὸ
3097 2185 3198 2257 τῆς
3229 2186 3407 2256 χαρᾶς
3450 2187 3590 2255 ἡμῖν
3640 2186 3912 2257 παραμείνῃ

665 2287 807 2341 mala
834 2302 942 2344 non
973 2285 1080 2342 fert
1107 2287 1406 2358 patienter,
1433 2287 1613 2343 fidelis
1642 2303 1752 2342 non
1787 2297 1873 2343 est
1902 2307 1916 2344 :
1951 2297 2006 2344 et
2030 2288 2126 2359 qui
2146 2304 2258 2344 non

2360 2279 2546 2334 καλόν.
2577 2279 2642 2333 Εἰ
2669 2279 2726 2332 δὲ
2754 2278 2934 2341 τοῦτο,
2988 2279 3098 2350 ἄρα
3127 2280 3156 2332 ὁ
3189 2277 3265 2350 μὴ
3295 2277 3613 2348 ὑπομένων,
3647 2279 3706 2330 οὐ
3736 2279 3908 2339 πιστός·

663 2376 886 2447 gaudet,
921 2393 1022 2432 nec
1048 2376 1206 2432 honre
1234 2377 1351 2447 spei
1382 2386 1486 2433 est.
1524 2377 1724 2433 Amisit
1757 2379 1908 2434 enim
1939 2379 2124 2450 gaudii
2157 2395 2258 2450 pa-

2357 2370 2469 2424 ὁδὲ
2499 2370 2561 2424 οὐ
2618 2368 2846 2441 χαίρων,
2891 2369 2995 2423 οὐκ
3047 2367 3290 2433 εὔελπις·
3334 2369 3651 2423 ἁπεϐάλετο
3703 2369 3801 2442 γὰρ
3836 2371 3913 2438 τὴν

665 2477 879 2524 rentein
911 2470 1243 2535 orationem,
1275 2468 1425 2539 quod
1457 2470 1536 2524 illi
1568 2486 1679 2526 non
1711 2471 1880 2527 instat
1901 2484 1996 2527 aut
2023 2487 2087 2527 ea
2120 2471 2260 2527 assi-

2359 2464 2540 2517 αἰτίαν
2581 2461 2683 2532 τῆς
2723 2463 2899 2534 χαρᾶς
2930 2461 3263 2532 προσευχὴν,
3293 2461 3353 2513 ὲν
3380 2460 3462 2531 τῷ
3501 2461 3578 2532 μὴ
3616 2477 3913 2531 προσκαρτε-

648 2563 810 2616 ~duus
835 2570 944 2616 est.

2361 2557 2480 2627 ρεῖν
2506 2555 2564 2608 ἐν
2611 2554 2773 2626 αὐτῇ.

734 2674 824 2728 87.
867 2673 924 2727 Si
952 2674 1177 2730 animus
1210 2674 1268 2729 in
1300 2677 1535 2732 terrenis
1570 2691 1635 2731 ac
1665 2677 1850 2732 saeculi
1887 2693 2072 2732 rerum
2103 2678 2258 2750 cogi.-

2432 2667 2544 2733 1:3,".
2581 2669 2643 2721 Ei
2671 2669 2784 2732 τοῖς
2812 2665 3129 2738 ὲγκοσμίοις
3151 2665 3439 2737 λογισμοῖς
3468 2667 3499 2720 ὁ
3531 2665 3661 2730 νοῦς
3687 2664 3744 2730 ἐξ
3772 2665 3910 2738 ἀρχῆς

664 2764 968 2820 tationibus
1002 2764 1164 2820 initio
1193 2774 1450 2820 versatus
1472 2806 1487 2831 ,
1539 2775 1744 2820 tantam
1775 2783 1901 2821 cum
1947 2768 2057 2822 illis
2097 2779 2256 2824 nacta

2361 2761 2870 2831 συναναστραφεὶς,
2925 2759 3200 2830 τοσαύτην
3252 2760 3310 2811 ὲν
3360 2759 3554 2822 αὐτοῖς
3617 2758 3716 2830 τὴν
3767 2757 3911 2826 φιλίαν

641 2867 747 2911 'est
781 2857 1286 2926 necessitudinem;
1323 2870 1608 2929 quantam,
1643 2875 1796 2931 rogo,
1831 2876 1940 2915 non
1969 2861 2258 2915 nancisce-

2360 2855 2657 2925 ἐκτήσατο,
2676 2853 2850 2922 πόσην
2879 2853 2982 2906 οὐκ
3010 2851 3078 2906 ἂν
3106 2852 3419 2923 οἰκειότητα
3440 2854 3549 2923 σχῇ
3588 2853 3647 2905 ὲν
3667 2851 3794 2922 εὐχῇ
3815 2867 3909 2904 συι-

665 2957 777 3013 tur,
829 2949 876 3002 si
933 2949 1197 3004 continue
1253 2950 1493 3015 orationi
1559 2949 1877 3005 incumbat?
1933 2951 1992 3005 ln
2053 2951 2258 3021 quibus

2359 2947 2498 3018 εχεῖ·
2544 2946 2639 2999 καὶ
2675 2943 2786 3015 γὰρ
2819 2945 2877 2997 ὲν
2915 2936 3020 3007 οἷς,
3061 2943 3219 3016 φησὶ,
3263 2942 3507 3015 χρονίζει
3532 2943 3634 3014 (ο),
3682 2944 3736 2996 ἐν
3768 2942 3911 3004 mimi;

641 3038 834 3105 enim,
876 3039 1078 3110 inquit,
1120 3050 1390 3106 moratur,
1427 3040 1482 3095 in
1514 3039 1623 3096 illis
1652 3050 1710 3096 et
1737 3040 1961 3096 dilatari
1988 3041 2149 3096 solet.

1514 3039 1623 3096 illis
1652 3050 1710 3096 et.
1737 3040 1961 3096 dilatari
1988 3041 2149 3096 solet.
2359 3041 2457 3096 καὶ
2487 3040 2857 3095 πλατύνεσθαι
2894 3039 3105 3094 εἴωθεν.

733 3132 822 3187 88.
862 3131 1342 3199 Quemadmodum
1372 3149 1401 3188 a
1431 3149 1534 3188 suo
1564 3135 1696 3189 olim
1729 3134 2014 3191 domicilio
2044 3135 2258 3192 divisus

2431 3142 2546 3208 πη’.
2585 3135 2797 3206 Ὠσπερ
2827 3133 2924 3188 τοῦ
2949 3135 3081 3188 ἰδίου
3106 3135 3430 3207 οἱκητηρίου
3459 3137 3639 3191 πάλαι
3665 3138 3912 3210 διαιρεθεὶς

661 3225 904 3289 animus,
939 3225 1088 3281 illius
1111 3226 1382 3281 claritatis
1408 3227 1619 3282 oblitus
1647 3236 1766 3294 est;
1793 3228 1873 3284 sic
1898 3243 2126 3284 necesse
2149 3236 2254 3296 est,

2290 3228 2332 3291 ο
2361 3227 2390 3280 ὁ
2421 3226 2568 3291 νοῦς,
2617 3226 2717 3297 τῆς
2768 3227 2980 3280 ἐκείνου
3031 3226 3424 3298 λαμπρότητος
3457 3229 3776 3283 ἐπελάθετοο
3804 3229 3912 3281 οὕτω

661 3326 724 3372 ut
747 3317 932 3372 seculi
958 3333 1145 3372 rerum
1172 3334 1368 3374 rursus
1394 3320 1676 3375 oblivione
1709 3328 2012 3390 assumpta,
2043 3320 2257 3375 oratio-

2362 3319 2445 3374 δεῖ
2483 3318 2675 3374 τοῦτον
2724 3315 2883 3383 αὖθις
2921 3320 2980 3372 ὲν
3010 3318 3155 3391 λήθῃ
3187 3319 3298 3372 τῶν
3327 3312 3432 3373 ὦδε
3463 3321 3778 3393 γενόμενον,
3808 3321 3910 3392 πρὸς

663 3410 751 3464 nis
781 3408 1039 3478 prwsidio
1070 3409 1139 3465 ad
1165 3426 1285 3465 eam
1315 3412 1562 3481 proclive
1595 3421 1866 3468 recurrat.

1631 3421 1866 3468 ccurrat.
2364 3412 2581 3483 ὲκεινην
2609 3413 2948 3484 ἀναδραμεῖν
2971 3411 3040 3465 δι’
3067 3411 3253 3482 εὐχῆς.

737 3519 825 3575 89.
869 3519 1025 3576 Sicut
1051 3521 1234 3577 infans
1263 3521 1330 3576 ad
1359 3522 1617 3594 frigentia
1643 3523 1834 3579 matris
1863 3523 2058 3588 ubera,
2083 3523 2164 3579 sic
2198 3538 2257 3579 se

2434 3525 2545 3581 «0'.
2593 3525 2866 3596 Καθάπερ
2896 3525 3092 3596 νήπιον
3124 3523 3262 3597 πρὸς
3297 3527 3549 3596 μαστοὺς
3584 3525 3911 3597 ἐναποψυγέν-

664 3626 822 3666 mens
866 3611 933 3667 ad
993 3612 1300 3668 orationem
1345 3613 1551 3668 habere
1603 3613 1954 3692 invenietur,
1987 3630 2111 3684 quae
2146 3630 2258 3669 non

2363 3636 2462 3682 τας
2491 3617 2724 3688 μητρὸς,
2743 3615 2920 3680 οὕτως
2937 3615 3304 3688 εὑρεθήσεται
3330 3616 3460 3682 νοῦς
3489 3620 3631 3690 πρὸς
3663 3619 3815 3690 εὐχὴν
3838 3619 3911 3687 τὴν

663 3703 838 3775 possit
871 3704 1253 3761 consolatione
1288 3705 1497 3772 lenire;
1530 3704 1597 3760 ad
1630 3721 1752 3762 eam
1784 3716 1969 3762 autem
2000 3723 2124 3776 qua:
2157 3706 2260 3762 ali-

2368 3705 2444 3779 μὴ
2464 3705 2774 3777 δυναμένην
2794 3705 3181 3777 παρακαλέσαι
3212 3707 3398 3762 αὐτόν·
3421 3709 3565 3779 πρὸς
3581 3709 3640 3762 δὲ
3664 3709 3757 3781 τὴν
3776 3708 3910 3770 at)»;

738 3880 783 3913 “
810 3881 912 3938 lsa.
941 3897 1013 3948 LI,
1040 3885 1128 3938 ll.
1208 3884 1252 3914 "’
1278 3883 1444 3939 llebr.
1475 3900 1570 3948 xu,
1602 3885 1623 3938 l
1651 3901 1665 3952 ;
1695 3885 1854 3939 Rom.
1880 3899 1988 3950 xu;
2021 3885 2117 3950 ης
2147 3883 2360 3941 Coloss.
2401 3900 2475 3951 tv,
2503 3884 2562 3939 2.

735 4059 834 4134 (in)
877 4062 1038 4134 Πρρς
1061 4061 1194 4134 ,τὴν
1231 4058 1790 4134 τῶιτῌκατασιιόπων
1827 4063 2242 4132 ἀπαντήσεται
2351 4079 2357 4116 1

2351 4061 2447 4132 ris)
2479 4061 2692 4118 Erasm.
2758 4063 2981 4134 tempori
3005 4065 3310 4129 servientes,
3339 4062 3425 4119 sic
3454 4063 3787 4120 abhorrente
3809 4078 3907 4117 sen-

663 4131 865 4186 πόλιν.
897 4131 979 4186 Ad
1015 4133 1239 4206 sionem
1259 4132 1513 4206 scilicet,
1539 4133 1698 4204 cujus
1727 4148 1928 4206 nomen
1961 4131 2241 4206 speculam
2352 4133 2561 4206 tentia.
2581 4149 2682 4188 nee
2711 4131 3049 4206 satis'Paulo
3075 4134 3264 4206 digna,
3275 4149 3388 4206 pro
3413 4150 3482 4190 eo
3510 4136 3663 4206 quod
3697 4137 3908 4206 legerunt

661 4209 841 4276 sonat,
874 4218 938 4258 ac
972 4205 1131 4276 cujus
1169 4205 1343 4276 ipsius
1380 4203 1839 4276 Isaiasnmen'iinit
1878 4203 2004 4274 cap.
2030 4205 2122 4258 illo
2168 4219 2239 4276 ιι,
2351 4203 2594 4276 antiqui_
2629 4220 2822 4276 omnes
2883 4205 3085 4276 _relati,
3133 4203 3190 4276 et
3250 4203 3410 4276 Vulg.
3474 4203 3767 4276 habetque
3808 4205 3904 4258 cod.

661 4289 774 4344 quo
821 4273 925 4345 ista
971 4273 1157 4329 omnia
1205 4274 1420 4328 Maximi
1469 4275 1802 4337 collineaut,
1847 4273 2109 4329 congiieta
2164 4275 2242 4330 illi

2351 4274 2618 4345 Alexand.
2644 4273 2722 4344 τῷ
2751 4273 2942 4345 Κυρίῳ
2972 4275 3342 4340 δουλεύοντες,
3362 4273 3604 4330 Domino
3634 4273 3905 4334 simia-nm;

659 4344 955 4414 allegoria;
1003 4361 1316 4417 quanquam
1364 4345 1453 4417 hic
1491 4345 1573 4417 cis
1616 4345 1774 4415 longe
1821 4347 1982 4399 solito
2027 4345 2246 4415 parcior

2351 4344 2486 4414 quid
2521 4346 2722 4417 mirqu
2757 4344 3024 4417 potuiSSe,
3051 4361 3176 4416 pro,
3202 4348 3268 4415 τῇ
3300 4346 3507 4417 πίστει,
3532 4350 3603 4417 τῇ
3640 4345 3824 4415 θλίψει,
3849 4346 3905 4398 sic

659 4422 767 4478 est,
797 4422 856 4487 ut
880 4424 946 4487 _et
969 4414 1244 4487 capitibus
1270 4415 1338 4487 de
1367 4415 1656 4487 charitate.
1691 4414 1732 4487 ξ
1914 4485 1958 4487 μ
2029 4414 2060 4487 ί
2143 4485 2152 4487 _
2354 4416 2634 4487 unaserie
2664 4424 2814 4487 textu
2841 4414 2917 4469 ibi
2946 4414 3536 4487 laborantefobreperc
3549 4414 3904 4487 ?"Maxinio,_ri

734 4485 814 4556 (nc)
879 4484 1235 4556 ’Υπρμένειν
1287 4484 1457 4556 ἡμᾶς
1501 4484 1574 4553 τῇ
1630 4485 1849 4556 πίστει.
1906 4485 1997 4541 Sic
2050 4485 2248 4556 legisse

2357 4485 2574 4556 meliori
2609 4486 2802 4540 codice
2830 4487 3192 4552 emcndantc;
3224 4486 3271 4540 si
3305 4484 3488 4541 tanien
3527 4488 3619 4542 ille
3652 4502 3716 4542 ex
3753 4485 3903 4541 codice

658 4553 957 4628 Maximum
986 4555 1270 4628 Roman,
1295 4556 1382 4618 12,
1409 4555 1503 4609 ubi
1534 4571 1684 4628 nunc
1711 4555 1922 4628 Grarca,
1949 4559 2014 4627 τῇ
2047 4553 2247 4624 mild/si,
2285 4621 2319 4628 _
2357 4555 2611 4628 scripsit,
2643 4573 2754 4610 non
2789 4566 2850 4610 ut
2881 4557 3209 4628 suggerebat
3225 4557 3507 4628 memoria
3543 4575 3558 4611 :
3589 4574 3712 4628 qua:
3743 4557 3906 4628 sapius

659 4623 820 4699 vulg.
844 4625 906 4699 in
927 4624 1267 4699 tribulatione
1295 4628 1581 4695 patientes;
1614 4621 2014 4699 nihilcdubiuni'
2041 4643 2054 4677 :
2082 4621 2254 4699 utque
2285 4621 2329 4676 Ι)
2360 4626 2414 4681 id
2455 4621 2846 4699 repraesentat,
2879 4621 3012 4681 non'
3029 4626 3180 4697 quod
3221 4626 3277 4681 in
3309 4627 3510 4699 codice
3550 4621 3905 4699 leginiug'scd

661 4695 754 4779 alii
786 4693 1007 4779 codices
1034 4693 1492 4777 sullragarcntur,
1519 4698 1606 4778 illa
1636 4697 1802 4778 lectio
1832 4697 2006 4779 magis
2033 4693 2245 4779 arride-
2349 4696 2497 4767 quod
2518 4693 2663 4779 Βιατὰ
2688 4699 2980 4779 πρόχειρον
3001 4693 3476 4778 accommodatius
3499 4693 3672 4779 nobis
3687 4699 3906 4779 videtur:

661 4773 769 4829 ret,
798 4765 945 4840 quod
975 4765 1277 4840 praesertim
1296 4768 1635 4840 constructio
1658 4766 1771 4840 ipsa
1797 4765 2044 4840 mollior;
2071 4766 2247 4840 quod-
2348 4765 2628 4840 quomodo
2665 4765 2832 4840 etiam
2873 4765 3208 4840 Hieronymo
3246 4768 3446 4840 saepius
3469 4767 3904 4840 obrepsissech-

659 4851 768 4909 que
797 4836 936 4890 adeo
970 4836 1245 4909 duplicem
1278 4837 1538 4909 virtutem
1574 4838 1777 4892 Paulus
1807 4839 2069 4892 continua
2090 4836 2246 4892 serie
2347 4836 2531 4892 servat
2561 4837 2719 4909 J-oan.
2751 4839 3016 4903 Morinus,
3049 4836 3105 4892 in
3143 4836 3388 4909 Exercit.
3423 4836 3680 4900 hiblicis;
3712 4837 3903 4909 potiori-

658 4905 880 4960 videtur
907 4905 1317 4979 commendare,
1345 4923 1408 4961 ac
1433 4908 1639 4979 cuique
1670 4909 1818 4978 quod
1851 4910 1927 4963 illi
1963 4909 2244 4979 proprium
2347 4908 2699 4979 querationc
2729 4909 2879 4972 aliis,
2908 4924 3145 4978 quorum
3182 4909 3238 4962 in
3270 4908 3474 4964 divinis
3506 4927 3620 4963 non
3658 4905 3796 4963 tanta
3825 4907 3904 4960 fuit

659 4978 1158 5051 aut__conjunctum
1209 4977 1618 5051 est,_t_ri_bucr_e
1671 4977 1702 5033 εί
1743 4980 1896 5048 spei,
1946 4977 2242 5051 gaudium,
2346 4978 2626 5051 ακρίϐεια.
2656 4977 2904 5049 llincque
2928 4977 3042 5051 est,
3071 4987 3134 5035 ut
3163 4979 3301 5032 nihil
3334 4979 3611 5035 ailirmare
3646 4982 3828 5051 ausim.
3855 4994 3902 5029 ac

659 5049 725 5116 τῇ
769 5047 946 5119 ἐλπίδι
983 5049 1289 5119 χαίροντες·
1333 5047 1489 5111 ﬁdei,
1527 5047 1785 5102 laborum
1822 5047 2243 5113 sustinentium,

2346 5047 2524 5102 donec
2565 5047 2861 5104 occurrant
2901 5050 3140 5104 certiora
3187 5059 3576 5115 monumenta,
3617 5050 3898 5104 mutandum

660 5119 727 5191 τῇ
780 5118 1392 5191 πίστειὺπομὲνοντες·
1439 5119 1591 5191 quo_d_
1634 5120 1814 5191 ipsum
1857 5130 2242 5191 argumentum

2347 5119 2702 5191 contendere.
2741 5120 2887 5174 Satis
2931 5119 3034 5175 fuit
3079 5120 3242 5174 aliain
3293 5121 3415 5190 ejus
3459 5123 3563 5176 loci
3612 5122 3896 5177 lectionem,

661 5186 771 5240 late
785 5186 1140 5259 prosequitur
1171 5190 1226 5244 in
1259 5190 1429 5259 Epist.
1455 5186 1522 5244 ad
1549 5186 1738 5254 llebr.,
1765 5186 2065 5246 ostendens
2093 5191 2243 5245 omni
2346 5205 2471 5258 quae
2505 5190 2642 5244 tanti
2671 5191 2948 5255 videatur,
2976 5191 3214 5245 Maximo
3241 5186 3470 5246 auctore
3500 5203 3778 5261 utcunque
3801 5191 3900 5242 viu~

660 5266 816 5313 retro
847 5276 964 5314 aevo
995 5269 1216 5316 sanctos
1250 5261 1340 5314 illa
1367 5261 1607 5315 victores
1637 5261 1886 5314 laborum
1919 5262 2193 5316 exstitisse
2229 5279 2242 5314 :
2346 5261 2532 5316 dicare
2559 5276 2624 5315 ac
2649 5261 2956 5315 declarare.

661 5345 787 5382 cum
833 5330 1001 5404 illud,
1035 5335 1101 5402 τῇ
1145 5331 1321 5404 (ξλὶψει
1361 5330 1990 5404 ὑπομένοντεςηιιυιοαιιι
2019 5333 2245 5404 omnino

2364 5401 2377 5404 _
2419 5330 2492 5401 (ο)
2539 5332 2636 5404 Ἐν
2669 5326 2757 5396 οἷς
2798 5329 3072 5400 χρονίζει.
3103 5331 3387 5387 Sententia
3417 5344 3522 5397 est,
3558 5349 3725 5404 quam
3767 5341 3815 5404 et
3834 5329 3896 5404 vi-

661 5400 1130 5480 constructionem
1156 5401 1378 5480 habeat,
1404 5409 1462 5480 _et
1496 5402 1550 5456 in
1581 5418 1688 5472 qua
1720 5401 1928 5480 aliquid
1960 5401 2244 5480 desidcre-
2347 5400 2545 5480 deatur
2571 5401 2642 5480 ab
2662 5411 2892 5455 auctore
2925 5404 3203 5480 superiori
3241 5414 3526 5458 mutuatus
3555 5400 3714 5474 {qua
3756 5400 3897 5480 signi

663 5478 774 5543 tur,
804 5473 1120 5527 necessario
1149 5473 1545 5542 supplendum;
1578 5489 1680 5528 nec
1703 5474 1836 5526 satis
1863 5473 2244 5528 antecedenti-
2348 5473 2547 5526 ﬁcatur
2578 5472 2929 5543 placercqum
2954 5474 3144 5527 molita
3160 5484 3478 5543 sunteaque
3501 5472 3894 5543 consuetudine.

659 5539 767 5613 bus
814 5553 910 5598 aut
960 5539 1323 5613 sequentibus
1377 5545 1649 5597 cohaereat
1699 5560 1711 5596 :
1774 5544 1986 5597 tametsi
2041 5545 2245 5598 habent
2348 5544 2434 5597 vel
2462 5543 2511 5596 si
2545 5539 2682 5596 alias
2706 5543 3005 5612 injucunda
3043 5545 3174 5599 sint.
3208 5539 3485 5599 Describit
3519 5545 3691 5598 Marc.
3719 5543 3786 5596 De
3824 5542 3898 5609 ju-

661 5611 842 5686 etiam
885 5611 1105 5686 Chrys.,
1150 5614 1451 5686 Theudor,
1479 5614 1825 5686 'l‘heophyl.,_
1857 5613 2246 5686 etc.cCumque
2347 5614 2504 5686 stitia.
2529 5627 2593 5665 ex
2625 5611 2845 5686 aper.__c.
2872 5613 2970 5686 (i8,
2994 5614 3194 5668 durum
3227 5616 3432 5670 tuentis
3465 5627 3766 5677 certamen,
3795 5625 3894 5686 cut"

658 5679 1039 5754 superioribus
1083 5685 1218 5740 illud
1263 5685 1503 5749 haeserit,
1542 5679 1837 5754 τῷόωἱιρῷ
1877 5679 2243 5748 δουλεύοντες,

2347 5685 2417 5739 ab
2445 5679 2712 5753 occupata
2733 5684 2863 5754 olim
2892 5683 3306 5750 informatione,
3333 5687 3441 5739 ἀπὸ
3470 5687 3693 5754 χρονίας
3720 5679 3891 5754 πρρξὴ·

660 5752 1465 5827 quodreprzesentantgrama:
1495 5751 1687 5827 omnes
1712 5751 1986 5827 editiones
2015 5757 2081 5827 (si
2109 5754 2246 5827 forte
2346 5756 2494 5827 ςιεῳς
2521 5751 2844 5827 avellendus
2865 5764 2950 5810 est
2977 5756 3228 5827 animus,
3250 5756 3408 5824 quasi
3449 5751 3771 5827 tortoribus
3789 5751 3896 5803 hinc

659 5822 1027 5903 Earisicn'setn
1069 5827 1177 5878 τῶν
1447 5826 1696 5903 semillis
1743 5822 2055 5897 adjunctam
2107 5826 2243 5880 Novi
2349 5822 2478 5903 inde
2513 5839 2609 5878 cor
2635 5825 3110 5903 distrahentibus:
3143 5826 3235 5880 ubi
3254 5822 3452 5897 frigide
3485 5824 3693 5897 Obsop.
3727 5831 3897 5889 tempt-

661 5895 904 5954 Testam.
929 5897 998 5953 ad
1028 5897 1309 5968 exemplar
1335 5895 1641 5951 Romanum
1667 5895 1984 5967 expressam
2014 5913 2245 5965 cxccpc-
2349 5895 2455 5950 rali
2475 5895 2839 5964 occupatione.
