4108 6442
284 433 418 498 1421

1451 433 1624 495 ALIA
1664 431 1766 491 EX
1798 429 2042 490 VATIC.
2085 430 2375 491 CAPITA.

3425 436 3440 497 l
3457 437 3556 500 422

280 549 535 622 ἔχουσαν.
567 551 642 616 ὡς
673 551 900 606 παιδίον
928 551 988 605 τὸ
1027 550 1117 620 ὐφ’
1169 551 1364 622 ἡδονῆς
1411 545 1754 617 ὲναφυπνοῦν
1808 547 1865 596 ὲν

1975 553 2054 597 ter
2078 553 2395 612 comparata
2425 543 2516 609 sit,
2550 545 2700 600 velut
2731 545 2908 602 infans
2939 547 2992 602 in
3017 549 3137 620 ejus
3167 549 3378 619 placide
3416 551 3559 604 ulnis

286 647 410 708 ταῖς
439 645 708 712 ἀγκάλαις
733 645 924 716 αὐτῆς.

360 741 432 803 μ’.
485 735 663 799 Ἐκεῖ,
693 737 879 806 φησὶν.
920 737 980 788 ἐν
1019 738 1085 807 τῇ
1136 735 1388 806 πενθίμῳ
1441 733 1685 804 δηλονότι
1740 733 1869 803 εὐνῇ

279 826 382 895 τῆς
410 826 669 898 ἐναρέτου
709 827 877 896 ζωῆς.
902 827 1046 881 κατὰ
1073 827 1173 896 τὴν
1200 828 1259 880 ὲν
1287 826 1366 897 τῷ
1403 825 1646 898 ’ᾼσματι
1677 828 1868 896 φήσειε

277 918 500 990 νύμφην
529 919 624 973 καὶ
654 920 687 989 ἠ
713 918 847 990 εὐχὴ
882 920 1018 990 πρὸς
1047 919 1140 972 τὸν
1166 919 1370 990 ἑαυτῆς
1415 918 1674 990 ἐραστὴν,
1696 917 1870 971 δώσω

277 1011 423 1078 τοὺς
437 1011 710 1083 μαστούς
728 1030 848 1081 μου
870 1011 994 1075 σοι,
1025 1013 1074 1065 εί
1102 1011 1300 1075 ὁλικῶς
1326 1029 1418 1080 μοι
1449 1011 1725 1082 διατεθῇς.

351 1105 463 1170 μα’.
486 1101 679 1156 Φιλίαν
708 1103 846 1175 πρὸς
873 1101 974 1173 τὴν
1000 1101 1168 1173 εὐχὴν
1195 1102 1256 1156 οὐ
1283 1102 1508 1155 δύναται
1537 1101 1868 1172 κτήσασθαι,

275 1194 307 1245 6
348 1193 425 1264 μὴ
468 1195 653 1247 πᾶσαν
685 1193 820 1264 ὓλην
855 1193 1340 1265 ἀπαρνησὰμενος,
1370 1194 1512 1263 πλὴν
1538 1193 1746 1263 τροφῆς
1776 1195 1871 1246 καὶ

280 1285 515 1355 σκέπης.
553 1285 700 1350 Ἕξω
727 1286 837 1338 τῶν
863 1285 1042 1342 ἄλλων
1084 1285 1246 1355 γενοῦ
1299 1287 1358 1338 ὲν
1409 1285 1573 1355 εὐχῇ,
1621 1286 1650 1338 6
1701 1283 1873 1337 θέλων

281 1379 425 1445 μετὰ
457 1375 621 1445 μόνου
653 1373 1028 1444 γενέσθαιτοῦ
1053 1375 1168 1432 νοῦ.

353 1465 461 1537 ιιβκ
493 1466 600 1520 Τοῦ
662 1467 947 1538 θεοφιλοῦς
1009 1469 1346 1541 μαρτύριον.
1402 1470 1538 1542 εὐχὴ
1591 1470 1869 1540 μονολόγι,

279 1576 408 1623 στος
448 1558 546 1632 (p)°
583 1559 742 1629 λόγος
771 1560 828 1615 δὲ
858 1562 1092 1632 καίριος,
1123 1560 1397 1632 ἔμφρονος
1423 1561 1692 1632 λογισμοῦ
1730 1579 1744 1593 ·
1780 1579 1870 1633 μο-

277 1651 490 1722 νοειδὴς
517 1652 576 1706 δὲ
596 1651 808 1721 γεῦσις,
834 1652 936 1724 τῆς
966 1653 1264 1725 ἐλευθέρας
1287 1654 1374 1725 εἴη
1405 1655 1732 1727 αἰσθήσεως.
1783 1655 1872 1709 Ἐν

278 1744 496 1808 τούτοις
522 1741 618 1799 οὖν
654 1747 772 1809 τοῖς
826 1747 1030 1818 τρισὶν,
1082 1747 1363 1817 ἐρρῶσθαι
1416 1747 1484 1801 τὰ
1535 1749 1635 1818 τῆς
1693 1749 1870 1820 ψυχῆς

278 1835 522 1904 λέγεται.
1835 1888 1838 1890 γ

353 1936 464 2000 ια’.
510 1930 838 2002 Δειανθῆναι
868 1932 951 1986 δεῖ
985 1933 1168 1998 καλῶς
1201 1934 1296 1988 καὶ
1325 1932 1726 2005 ἁπαλυνθῆναι,
1755 1933 1865 1987 ῶσ-

280 2042 390 2094 περ
435 2025 543 2078 τῶν
578 2025 807 2090 παίδων,
845 2024 947 2096 τὴν
990 2025 1153 2094 φύσιν
1203 2025 1298 2079 τοῦ
1331 2027 1652 2098 εὐχομένου,
1697 2027 1774 2090 ὡς
1803 2028 1868 2081 ἂν

281 2117 428 2172 κατὰ
471 2116 571 2189 τὴν
605 2117 854 2179 ἐκείνων,
908 2117 1174 2182 εὐείκτως
1227 2118 1450 2187 δέξηται
1507 2118 1608 2190 τὴν
1652 2120 1716 2172 ἐκ
1768 2122 1869 2190 τῆς

279 2209 450 2281 εὐχῆς
497 2209 898 2280 ἐνταττομένην
953 2209 1279 2277 ἀνάπτυξιν.
1332 2211 1424 2264 Διὸ
1482 2212 1558 2281 μὴ
1593 2211 1807 2281 ἀμέλει,
1841 2215 1869 2264 6

282 2302 630 2373 συναφθῆναι
661 2301 836 2375 ταύτῃ
871 2301 1065 2372 φιλῶν.

355 2395 458 2463 ιιδν.
491 2395 565 2447 Οὐ
596 2394 801 2459 πάντες
825 2394 918 2448 τὸν
943 2395 1109 2449 αὐτὸν
1141 2395 1342 2449 σκοπὸν
1377 2398 1434 2450 ἐν
1467 2397 1599 2468 εὐχῇ
1627 2398 1862 2467 κέκτην·

277 2501 372 2540 ται
398 2501 412 2515 ·
449 2485 610 2549 ἄλλος
639 2485 741 2556 μὲν
770 2485 954 2552 ἄλλον,
985 2488 1080 2540 καὶ
1110 2487 1268 2550 ἄλλος
1303 2486 1362 2540 δὲ
1391 2487 1604 2558 ἕτερον.
1664 2489 1722 2539 ὐ
1767 2491 1867 2560 μὲν

277 2577 395 2648 γὰρ
421 2576 662 2648 εὔχεται,
687 2580 737 2632 εί
767 2576 879 2633 οἷόν
905 2595 986 2644 τε,
1022 2579 1162 2649 μετὰ
1213 2579 1314 2648 τῆς
1370 2579 1534 2650 εὐχῆς
1583 2575 1722 2632 εἶναι
1768 2581 1868 2646 τὴν

279 2669 515 2740 καρδίαν
551 2669 721 2724 αὐτοῦ
763 2670 1020 2735 πάντοτε,
1053 2671 1151 2724 καὶ
1185 2671 1324 2742 πρὸς
1359 2670 1420 2723 τὸ
1453 2671 1868 2742 ὐπεραναϐἧναι

279 2761 459 2832 αὐτῆς
480 2778 493 2793 °
521 2765 549 2823 6
577 2762 636 2815 δὲ
662 2762 752 2817 ἵνα
776 2762 852 2834 μὴ
877 2761 1156 2832 λογισμοῖς
1182 2763 1240 2816 ὲν
1270 2762 1410 2831 αὐτῇ
1442 2762 1866 2832 περικόπτηται.

280 2852 492 2914 Πάντες
523 2851 581 2904 δὲ
625 2849 900 2920 εῦχονται,
936 2849 970 2917 ἢ
1003 2849 1410 2921 συντηρηθῆναι
1446 2850 1506 2902 ὲν
1539 2850 1788 2918 ἀγαθοῖς,
1833 2852 1866 2918 ἢ

283 2940 362 3010 μὴ
391 2940 810 3012 συναπαχθῆναι
834 2941 1047 3002 κακοῖς.

355 3029 457 3096 ιμ’.
500 3029 562 3082 El
605 3030 667 3096 ἐξ
706 3029 892 3100 εὐχῆς,
929 3029 1107 3092 οὐδεὶς
1148 3029 1550 3091 ἀταπείνωτοςο
1589 3030 1872 3101 συντρίϐε-

281 3138 373 3176 ται
405 3121 516 3193 γὰρ
551 3123 580 3175 ό
605 3122 665 3174 ὲν
692 3122 1026 3174 ταπεινώσει
1049 3121 1346 3192 εὐχόμενος
1367 3135 1381 3150 ·
1414 3122 1516 3174 οὐκ
1539 3121 1648 3193 ἄρα
1681 3123 1740 3173 ὲν
1772 3139 1868 3175 τα-

280 3213 544 3268 πεινώσει
577 3212 964 3283 προσεύχεται,
988 3215 1017 3267 6
1055 3212 1256 3276 ἔξωθεν
1301 3211 1724 3286 θρασυνόμενος.

353 3311 473 3374 ἵης’.
521 3305 668 3376 Πρὸς
714 3304 816 3376 τὴν
873 3306 1071 3376 χήραν,
1125 3303 1224 3376 τὴν
1279 3307 1416 3376 πρὸς
1457 3304 1551 3357 τὸν
1589 3303 1740 3374 ὠμὸν
1772 3305 1870 3374 τὴν

277 3400 441 3471 δίκην
500 3399 760 3455 κινοῦσαν
806 3397 1022 3470 κριτὴν,
1085 3396 1308 3470 ἀφορῶν
1350 3401 1379 3452 6
1420 3399 1738 3470 εὐχόμενος,
1771 3402 1873 3454 οὐκ

280 3489 591 3562 ὲκκακίσῃς
641 3489 732 3543 διὰ
809 3490 909 3559 τὴν
967 3487 1276 3558 βραδυτῆτα
1332 3488 1440 3542 τῶν
1490 3490 1713 3558 ἀγαθῶν
1772 3493 1872 3561 τῆς

280 3580 470 3652 εὐχῆς.

355 3674 464 3742 ιιζκ
497 3676 574 3729 Οὐ
606 3675 926 3746 παραμείνῃ
954 3692 1038 3728 σοι
1065 3675 1222 3745 εὐχὴ,
1249 3671 1326 3745 τῷ
1358 3673 1497 3744 πρὸς
1524 3674 1593 3727 τὰ
1620 3673 1869 3742 συλλογι-

280 3764 488 3834 ζόμενα
503 3764 726 3830 ἔσωθεν,
759 3766 853 3820 καὶ
869 3765 1206 3836 όμιλούμενα
1229 3763 1429 3829 ἔξωθεν
1450 3764 1868 3837 ὲμϐραδύνοντι·

280 3858 320 3928 ἡ
369 3856 508 3928 αὐτὴ
563 3857 620 3909 δὲ
659 3855 961 3928 ὀφθήσεται
1008 3855 1449 3926 ὐποστρέφουσα,
1488 3855 1568 3926 τῷ
1603 3856 1670 3908 δι’
1697 3856 1870 3927 αὐτὴν

281 3949 713 4020 ὐποτεμνομένφ
741 3948 810 4002 τὰ
837 3949 1086 4004 πλείονα.

351 4045 464 4113 ι,ηῆ
491 4042 585 4106 Εἰς
607 4041 842 4112 λαγόνας
877 4041 1058 4111 ψυχῆς
1088 4041 1138 4094 εί
1182 4041 1259 4112 μὴ
1305 4041 1611 4096 εἰσδύνουσι
1654 4041 1726 4096 τὰ
1776 4044 1871 4115 ῥή-

283 4151 435 4205 ματα
475 4135 574 4204 τῆς
606 4135 796 4206 εὐχῆς.
827 4135 930 4188 οὐκ
967 4135 1038 4188 ἂν
1064 4135 1146 4197 είς
1169 4135 1268 4196 τὰς
1295 4133 1392 4188 τοῦ
1421 4135 1718 4207 προσώπου
1752 4151 1870 4190 σιαο

280 4227 450 4296 γόνας
497 4225 568 4279 τὰ
617 4225 828 4298 δάκρυα
859 4223 1291 4296 περικλυσθῆναι
1325 4225 1866 4296 συγχωρηθήσονται.

355 4320 461 4387 ιιθκ
535 4318 914 4372 Ἀνατέλλουσι
968 4317 1202 4389 γεωργῷ
1248 4318 1349 4388 μὲν
1407 4319 1476 4371 τὰ
1520 4319 1756 4390 δάκρυα,
1796 4319 1871 4390 μὴ

279 4412 408 4467 κατ’
439 4412 565 4484 δψιν
594 4412 703 4466 τῶν
732 4412 1066 4484 σπερμάτων
1121 4411 1392 4482 ῥιφέντων
1435 4411 1532 4482 τῆς
1575 4412 1682 4482 γῆς
1705 4429 1720 4443 ο
1774 4429 1871 4482 μο-

279 4505 437 4578 ναχῷ
489 4505 547 4559 δὲ
613 4504 683 4560 τὰ
740 4505 954 4576 δάκρυα
1005 4503 1426 4569 ἀναϐλύζουσιν,
1483 4506 1584 4560 οὐκ
1636 4506 1870 4577 ἀπονητὶ

283 4599 673 4673 μετερχομένῳ
700 4598 770 4652 τὰ
804 4600 1024 4671 ῥήματα
1049 4597 1147 4668 τῆς
1182 4598 1370 4668 εὐχῆς.

358 4699 427 4763 ρ’.
476 4693 642 4756 κλεὶς
685 4691 930 4762 οὐρανῶν
966 4691 1244 4762 βασιλείας
1277 4693 1680 4764 εὐχή.λΤαύτηιι
1709 4696 1737 4746 ό
1772 4712 1869 4749 κα-

355 4845 400 4880 ¹⁸
426 4849 585 4905 Cant.
619 4865 715 4916 vn,
753 4849 837 4904 l2.
919 4848 958 4879 "
996 4848 1014 4902 l
1045 4847 1188 4902 Tim.
1227 4863 1299 4912 vt,
1337 4847 1389 4900 8.
1466 4849 1512 4880 ὀ
1544 4848 1675 4904 Luc.
1707 4867 1858 4914 xvm,
1887 4853 1921 4904 5

356 4997 434 5070 (ρ)
457 4994 628 5070 Εἰνχὴ
659 4991 1119 5070 μονῡ-Μγκζζοςς.
1173 4988 1581 5070 Interpretatur
1597 5059 1609 5070 .
1627 4990 1863 5060 llesych.

283 5057 630 5142 μονόκλονός,
659 5057 843 5142 exque
867 5057 1167 5142 convarin‘.
1200 5057 1369 5140 .Quod
1437 5057 1862 5142 situobscu'rt-tm

281 5129 383 5214 per
397 5129 899 5214 obscuriusglalrc.
926 5130 1013 5214 .De.
1031 5129 1246 5214 jnstitiu
1281 5144 1344 5181 ea:
1387 5131 1586 5214 operit».
1616 5146 1689 5214 ἐξ
1715 5130 1860 5214 .160,

291 5199 671 5282 μονολόγιστον
703 5199 1115 5282 ξλπίδαῼῑιεώςι,
1168 5213 1334 5282 quam
1361 5207 1418 5255 et
1446 5200 1630 5282 parari
1661 5199 1728 5282 δι’
1763 5203 1866 5272 ἀρ-

279 5269 672 5350 νήσεωςῖιίᾳίι.
703 5276 875 5350 Ὅταν
907 5270 1135 5350 θροῦς.
1157 5270 1411 5350 κρατήσῃ
1461 5269 1530 5321 δι’
1579 5269 1869 5350 ἀρνήσεως

281 5339 386 5420 τήν
421 5339 804 5420 μονολόγλιστον
830 5342 1042 5420 ξλπίδα·
1084 5339 1177 5394 ubi
1219 5339 1460 5419 primum
1513 5356 1596 5420 ex
1633 5339 1868 5420 name

279 5409 506 5476 emend.
535 5417 602 5472 δι’
629 5409 1018 5486 summa;
1045 5425 1153 5486 non
1185 5409 1334 5464 enim
1367 5424 1472 5462 vox
1511 5410 1603 5464 illa
1628 5412 1864 5486 simplex

279 5507 350 5546 eo
383 5505 550 5546 sensu
583 5481 912 5556 usurpatur:
959 5481 1268 5556 ἀπᾴρνῆσις
1304 5494 1460 5556 ve_ro,
1487 5495 1671 5556 rerum
1704 5481 1868 5535 abdi-

279 5561 429 5616 catio
467 5570 572 5623 est,
626 5549 854 5627 ipsaque
890 5551 1097 5610 nostris
1125 5549 1424 5627 abnegatio
1474 5566 1582 5618 qua
1601 5552 1696 5627 _sie
1740 5568 1870 5621 spes

283 5618 669 5702 μονολόγιστοξ
695 5618 1001 5687 οὺὶίηειιιιυ,
1054 5636 1122 5702 τιέξ
1173 5618 1556 5702 μονολόγιστος
1600 5621 1716 5702 ipsa
1741 5618 1868 5702 εἰη-ξ

282 5689 359 5758 tia
389 5689 840 5773 paraturzlquam
864 5710 1056 5750 vocem
1080 5689 1314 5773 lleSych.
1350 5689 1762 5773 interpretatus
1795 5691 1867 5745 sit

280 5759 601 5842 ἀκλόνητος·
638 5759 710 5842 υί
747 5768 1097 5842 irrepserunt
1141 5759 1206 5815 in
1241 5761 1363 5828 ejus
1412 5759 1651 5842 Lcsicon
1703 5761 1861 5842 plura

281 5831 504 5898 menda.
539 5831 786 5907 Quadrat
811 5831 1442 5912 enini_optin1e,ttt_spcs
1467 5831 1547 5912 sic
1586 5833 1863 5900 μονολόγι.

287 5931 409 5978 στος
436 5902 676 5977 dicatur,
708 5909 865 5980 quasi
907 5902 1133 5960 minime
1167 5902 1593 5962 cogitationibus
1631 5917 1856 5971 anceps,

1976 633 2403 691 indormiscens.

2042 725 2203 798 651
2237 725 2324 782 90.
2366 726 2505 792 Illic,
2547 727 2726 799 inquit
2766 728 2862 798 (in
2909 728 3128 800 lugubri
3169 719 3379 784 scilicet
3420 733 3560 784 lt‘t'lu

1975 819 2099 874 vita:
2120 820 2564 884 studiose,dicat
2589 823 2770 876 oratio
2798 822 2863 876 ad
2890 838 3053 877 suum
3083 833 3386 878 amatorem
3411 825 3562 878 velut

1975 912 2184 982 Sponsa
2218 913 2271 966 in
2297 913 2569 984 Cantieo),
2601 915 2736 968 dabo
2768 915 2858 969 tibi
2883 916 3040 968 ubera
3064 932 3180 971 mea
3211 915 3284 981 ";
3314 916 3358 970 si
3384 919 3552 972 modo

1975 1016 2028 1059 te
2058 1005 2192 1059 mihi
2221 1013 2400 1060 totum
2435 1022 2775 1078 prorsusque
2805 1009 3106 1064 addixeris.
3447 1074 3458 1080 η
3593 1069 3604 1082 μ

2044 1098 2131 1151 91.
2174 1097 2486 1156 Amicitiam
2517 1113 2641 1152 eum
2666 1099 2918 1156 oratione
2947 1100 3191 1156 nancisci
3219 1117 3329 1156 non
3355 1110 3558 1173 potest,

1973 1189 2065 1258 qui
2107 1190 2355 1260 exceptis
2408 1190 2736 1245 necessariis
2785 1192 3064 1247 alimentis
3115 1203 3281 1264 atque
3333 1195 3558 1256 vestitu,

1975 1282 2216 1336 terrenis
2247 1283 2506 1338 omnibus
2532 1300 2641 1339 non
2670 1285 3145 1341 abrenuntiaverit
3173 1289 3235 1341 '9.
3261 1287 3302 1341 Α
3333 1288 3562 1357 reliquis

1972 1375 2224 1439 excedas,
2249 1375 2342 1446 qui
2378 1377 2493 1431 sola
2525 1385 2709 1432 mente
2743 1376 2796 1430 in
2821 1377 3069 1432 oratione
3100 1379 3305 1433 versari
3331 1380 3489 1435 velis.

2044 1467 2135 1522 92.
2177 1469 2466 1539 Religiosa:
2485 1469 2686 1525 mentis
2713 1478 2926 1524 certum
2954 1469 3242 1534 indicium,
3266 1489 3373 1526 una
3401 1473 3564 1528 ratio-

1972 1560 2142 1615 nibus
2175 1561 2612 1633 ineoncussaque
2647 1561 2868 1617 oratio:
2902 1562 3190 1632 prudentis
3223 1580 3354 1619 vero
3393 1567 3562 1620 ratio-

1973 1651 2081 1716 nis.
2114 1661 2462 1722 opportunus
2497 1668 2723 1715 sermo;
2758 1667 2955 1707 sensus
2990 1661 3176 1708 autem
3219 1655 3404 1718 liberi,
3440 1657 3566 1711 uni-

1973 1744 2168 1799 formis
2189 1753 2404 1814 gustus.
2427 1745 2486 1800 ln
2508 1744 2596 1800 his
2619 1745 2787 1816 igitur
2815 1744 2992 1800 tribus
3019 1745 3190 1800 animi
3215 1748 3561 1805 sanctitatem

1973 1835 2280 1892 consistere
2309 1836 2521 1891 dicunt.

2047 1926 2135 1982 95.
2177 1924 2417 1992 Orantis,
2464 1927 2567 1983 rite
2612 1926 2916 1998 subigenda
2952 1943 3016 1982 ac
3060 1928 3379 1994 mollienda,
3413 1931 3568 1988 velut

1972 2033 2308 2088 puerorum,
2353 2018 2566 2073 indoles
2603 2019 2712 2083 sit;
2751 2028 2812 2073 ut
2845 2018 2990 2073 sicut
3031 2019 3140 2075 illis
3185 2032 3564 2092 comparatum

1970 2121 2077 2174 est,
2132 2127 2256 2182 qua:
2321 2128 2390 2166 ex
2444 2111 2699 2166 oratione
2755 2111 2966 2166 inditur
3020 2112 3356 2183 explanatio,
3413 2116 3564 2170 nulla

1973 2202 2288 2258 resistentia
2329 2202 2604 2272 facileque
2645 2203 2969 2274 recipiatur.
3009 2201 3153 2258 Cave
3196 2203 3364 2273 igitur
3400 2207 3566 2275 negli-

1971 2308 2086 2363 gas,
2118 2294 2213 2364 qui
2247 2293 2326 2346 illi
2357 2293 2552 2348 sociari
2587 2294 2742 2348 velis.

2041 2388 2131 2442 9-4.
2173 2388 2293 2442 Non
2328 2400 2522 2441 omnes
2567 2385 2621 2441 in
2669 2387 2921 2442 oratione
2952 2388 3212 2442 eumdem
3259 2389 3423 2443 finem
3463 2388 3565 2442 ha-

1974 2478 2128 2542 bent,
2165 2493 2357 2533 verum
2388 2478 2532 2534 alius
2567 2477 2733 2532 alium
2771 2487 2938 2548 atque
2967 2478 3159 2533 alium.
3191 2479 3324 2533 Nam
3355 2487 3440 2535 est
3468 2480 3564 2549 qui

1971 2581 2113 2636 oret,
2149 2580 2229 2638 ut,
2265 2571 2310 2626 si
2343 2569 2460 2626 fieri
2492 2579 2698 2641 potest,
2727 2571 2847 2642 ejus
2873 2587 3094 2640 semper
3119 2571 3338 2626 animus
3362 2571 3418 2626 in
3441 2586 3568 2625 ora-

1973 2665 2124 2720 tioue
2157 2674 2431 2728 versetur,
2471 2663 2731 2734 illiusque
2774 2673 2949 2719 metas
2992 2663 3143 2718 velut
3187 2663 3566 2735 transgredia-

1975 2767 2092 2821 tur;
2125 2764 2181 2812 et
2218 2765 2304 2811 est
2337 2756 2434 2826 qui
2471 2763 2595 2812 oret
2626 2771 2696 2812 ne
2730 2755 2785 2810 in
2823 2771 2890 2810 ea
2933 2753 3363 2826 cogitationibus
3393 2754 3568 2810 inter-

1971 2850 2230 2918 pelletur.
2269 2847 2477 2904 Omnes
2520 2863 2652 2903 vero
2685 2855 2869 2913 orant,
2903 2856 2984 2912 ut,
3017 2856 3115 2902 aut
3156 2847 3208 2901 in
3245 2846 3408 2903 bonis
3435 2863 3568 2903 con-

1971 2949 2285 3005 serventur,
2318 2950 2414 2996 aut
2437 2955 2506 2995 ne
2537 2940 2809 2994 malorum
2843 2955 3117 2994 consensu
3159 2939 3566 2995 subducantur.

2041 3033 2133 3087 95.
2171 3031 2309 3087 Cum
2333 3047 2401 3087 ex
2423 3031 2678 3087 oratione
2704 3046 2868 3086 nemo
2896 3047 3006 3084 non
3034 3029 3362 3086 humiliatus
3406 3041 3569 3087 exeat

1976 3123 2091 3193 (qui
2120 3123 2268 3181 enim
2302 3132 2425 3178 orat
2456 3123 2510 3177 in
2529 3122 2843 3178 humilitate
2873 3121 3226 3192 conteritur),
3261 3121 3422 3192 plane
3454 3137 3564 3178 non

1899 3237 1941 3295 c
1973 3223 2094 3270 orat
2127 3215 2182 3270 in
2219 3215 2553 3280 humilitate,
2585 3215 2678 3286 qui
2712 3215 2960 3270 exterius
2989 3214 3296 3271 insoleseit.

2042 3309 2132 3364 96.
2171 3308 2275 3376 Qui
2308 3309 2373 3363 ad
2405 3309 2628 3364 viduam
2663 3309 2816 3366 litem
2847 3318 3278 3380 prosequentem
3304 3310 3447 3381 apud
3472 3324 3568 3365 ste-

1972 3417 2101 3456 vum
2144 3401 2390 3472 judieem
2414 3403 2482 3468 ὀ,
2511 3416 2674 3457 orans
2713 3410 2793 3467 tu,
2837 3401 3084 3456 animum
3127 3401 3389 3468 attendis,
3431 3417 3564 3456 cave

1972 3495 2316 3564 despondeas
2367 3494 2633 3560 animum,
2697 3493 2913 3549 tametsi
2970 3493 3243 3548 bonorum
3295 3493 3566 3548 orationis

1976 3585 2190 3639 tardius
2219 3600 2447 3654 compos
2486 3584 2604 3638 fias.
3015 3603 3032 3610 α’

2042 3678 2132 3731 97.
2175 3676 2333 3732 llaud
2368 3676 2466 3730 tibi
2495 3675 2717 3731 assidua
2748 3674 2934 3730 futura
2964 3674 3166 3733 oratio,
3195 3673 3289 3743 qui
3329 3673 3564 3728 interius

1975 3769 2426 3841 cogitationibus,
2453 3768 2808 3839 exteriusque
2840 3767 3276 3823 fabulationibus
3301 3765 3562 3820 immore-

1972 3861 2050 3917 ris
2076 3880 2089 3916 :
2118 3862 2310 3918 eadem
2343 3869 2528 3916 autem
2560 3860 2740 3916 redire
2764 3858 3165 3930 conspicietur,
3197 3855 3243 3912 si
3273 3855 3420 3911 illius
3443 3863 3562 3910 stu-

1971 3955 2066 4009 dio
2097 3956 2362 4026 pleraque
2402 3952 2762 4008 resccaveris.

2041 4050 2130 4104 98.
2165 4049 2281 4104 Nisi
2318 4050 2372 4102 in
2404 4046 2572 4103 animi
2605 4047 2786 4101 sinum
2826 4045 3096 4100 orationis
3137 4043 3304 4099 verba
3338 4041 3565 4098 immea-

1972 4141 2173 4204 verint,
2205 4141 2356 4210 largo
2387 4139 2615 4192 flumine
2650 4138 2879 4207 irrigare
2914 4137 3072 4190 faciei
3108 4151 3276 4205 genas
3308 4135 3565 4208 laerymis

1971 4247 2083 4286 non
2110 4231 2318 4286 licebit.

2040 4325 2130 4379 99.
2171 4322 2518 4380 Oboriuntur
2555 4320 2810 4391 agricolae
2843 4320 3117 4390 lacrymaa,
3161 4317 3293 4372 dum
3344 4333 3453 4372 non
3506 4318 3562 4374 in

1971 4419 2149 4475 oculis
2176 4418 2420 4489 proiecta
2459 4422 2622 4469 terra:
2662 4412 2872 4468 semina
2902 4410 3086 4476 videt;
3119 4409 3391 4465 monacho
3431 4425 3565 4466 vero

1970 4498 2301 4573 seaturiitnt,
2349 4509 2482 4562 dum
2530 4523 2640 4561 non
2679 4505 2798 4559 sine
2836 4503 3028 4558 labore
3072 4502 3344 4557 orationis
3393 4503 3564 4558 verba

1891 4587 1950 4681 ,υ
1979 4603 2274 4675 percurrit.

2053 4694 2170 4749 100.
2214 4692 2387 4762 Regni
2449 4689 2714 4744 coalorum
2769 4683 2957 4748 clavis,
3017 4686 3216 4740 oratio.
3272 4684 3420 4738 llanc
3470 4683 3567 4754 qui

1979 4993 2072 5047 sed
2129 4993 2246 5061 ipsa
2293 4989 2460 5061 unius
2504 4989 2735 5044 rationis
2781 4989 3206 5061 etiinturbata;
3247 4989 3561 5061 eodemque

1976 5058 2376 5117 modo'oratio.
2411 5059 2529 5113 Non
2560 5061 2709 5129 quod
2735 5060 2980 5115 reddidit
3004 5058 3213 5129 Obsop.
3245 5059 3412 5115 Marci
3439 5058 3563 5115 leco

1971 5134 2327 5200 citato,spem
2362 5130 2511 5183 unice
2538 5130 3004 5184 considerandam.
3061 5130 3290 5193 lterum,
3344 5146 3393 5185 c.
3435 5131 3562 5192 102.

1972 5205 2001 5256 ό
2067 5201 2446 5270 μονολόγιστον
2478 5201 2720 5266 ἐξανύων
2751 5201 2936 5270 εὐχήν,
2967 5200 3109 5270 intra
3146 5200 3399 5255 velamen
3433 5217 3560 5254 ver-

1973 5269 2081 5327 sari
2115 5272 2350 5328 Maximo
2378 5269 2605 5332 dicitur,
2631 5269 2974 5340 opponitque
2997 5269 3077 5338 τῷ
3111 5273 3169 5323 ὲν
3198 5271 3338 5340 αὐτῇ
3365 5271 3563 5341 ῥεμϐο-

1977 5345 2145 5414 μὲνῳ,
2175 5343 2268 5414 qui
2321 5358 2456 5411 vaga
2486 5350 2660 5394 mente
2708 5342 2765 5394 in
2799 5357 2862 5393 ea
2882 5342 2973 5414 sit,
3017 5341 3355 5414 segniusque
3414 5349 3558 5414 oret.

1977 5409 2292 5468 itec'sohria
2328 5409 2410 5482 ac
2452 5420 2664 5482 attenta
2693 5411 3059 5482 mentc._Nam
3088 5409 3149 5466 et
3183 5409 3471 5482 Chrysost.
3506 5411 3561 5464 in

1979 5484 2154 5554 Epist.
2199 5483 2271 5536 ad
2305 5479 3014 5554 Coloss._tq”g_ypr;yopoﬁvct
3052 5479 3423 5554 xgbvfw’ovn
3465 5496 3563 5554 op-

1977 5551 2131 5622 ponit
2159 5571 2171 5606 :
2219 5553 2308 5607 cui
2344 5551 2576 5620 proinde
2611 5551 2754 5622 idem
2781 5559 2865 5606 est
2895 5567 2959 5605 ac
2981 5551 3243 5621 ἀκηδιῶνο
3269 5553 3357 5622 qui
3383 5553 3562 5622 segnis

1982 5621 2294 5695 tepidusque
2329 5632 2405 5695 est
2424 5639 2442 5676 :
2463 5636 2574 5691 quo
2602 5621 2716 5674 fere
2735 5623 3091 5695 sensuetiam
3121 5621 3561 5695 μετᾲέωρονιιςιι-ιιί

1981 5689 2104 5748 raro
2137 5689 2327 5764 Patres
2349 5689 2545 5746 dicunt
2574 5709 2586 5744 :
2618 5689 2769 5764 quod
2801 5701 2860 5746 et
2885 5689 3345 5764 Ιίεεςριιζκοῦφον
3380 5693 3563 5764 reddit

1975 5775 2032 5818 et
2063 5763 2267 5817 ἐννεόψ
2300 5763 2486 5834 levent,
2519 5761 2772 5834 stultum;
2798 5761 3048 5832 suspensi
3083 5761 3295 5817 scilicet
3321 5763 3562 5834 vagique

1973 5852 2034 5888 ac
2075 5835 2346 5890 instabilis
2373 5833 2562 5887 animi.
