4012 6500
585 449 755 512 ξῇ1423

1785 440 1846 500 S.
1889 437 2178 500 MAXIMI
2217 437 2730 503 CONFESSOBIS

3741 446 3865 512 1424

613 570 767 616 tenet
814 575 913 630 pro
953 575 1020 612 co
1059 573 1123 612 ac
1158 556 1338 619 decet,
1385 555 1524 608 bona
1563 552 1683 623 ejus
1723 551 1916 606 amicis
1959 551 2184 620 repositi

2304 552 2446 624 έχων
2487 555 2564 619 ὡς
2600 557 2701 623 δεῖ,
2733 559 2836 628 6ρᾷ
2887 575 2955 611 τα
2993 560 3333 630 ἀποκείμενα
3359 561 3540 630 ἀγαθὰ
3562 562 3674 624 τοῖς
3704 562 3864 630 φίλοις

581 655 782 707 -vidct.
829 652 1016 706 Solum
1067 659 1252 704 autem
1298 646 1589 717 praesentia
1628 644 1962 710 considerat,
1997 644 2091 713 qui
2138 642 2194 696 in

613 749 703 801 illa
737 745 993 800 tiduciam
1026 758 1134 798 non
1167 741 1353 795 habet.

681 840 844 911 652
888 838 1006 892 101.
1045 837 1166 891 Non
1221 842 1402 905 potest
1458 847 1614 886 mens
1662 832 1844 885 dicere
1894 829 1962 883 ad
2018 829 2192 883 Deum

611 945 734 983 cum
769 927 968 982 ﬁducia
995 926 1139 979 inter
1172 924 1440 978 orandum
1471 941 1483 974 :
1521 920 1779 991 Dirupisti
1804 917 2016 972 vincula
2038 933 2192 982 mea;

611 1023 702 1076 tibi
732 1019 1040 1089 sacriﬁcabo
1073 1019 1299 1072 hostiam
1331 1016 1505 1070 laudis
1532 1015 1600 1078 ",
1632 1012 1738 1067 nisi
1778 1011 2002 1066 virtutis
2044 1010 2193 1065 desi—

608 1112 768 1168 derio
819 1111 889 1166 ab
941 1109 1156 1181 ignavia
1198 1117 1254 1163 et
1299 1107 1554 1178 segnitie,
1603 1102 2080 1172 somnolentiaque
2129 1117 2194 1156 ac

608 1203 902 1275 gulositate
930 1199 1214 1270 abruperit
1243 1198 1510 1253 animum.

677 1379 800 1434 102.
844 1379 1012 1434 Extra
1061 1375 1300 1447 primum
1349 1371 1598 1427 velamen
1649 1370 1704 1424 in
1755 1367 2012 1423 oratione
2061 1374 2189 1428 stat,

605 1474 700 1545 qui
739 1479 924 1528 mente
949 1470 1248 1526 distractus
1283 1475 1367 1523 est
1398 1483 1412 1519 :
1443 1465 1586 1519 intra
1621 1468 1897 1533 penetrat,
1933 1458 2027 1530 qui
2066 1457 2191 1512 unis

605 1563 1036 1638 cogitationibus
1061 1562 1270 1633 (mente
1299 1557 1512 1613 scilicet
1541 1570 1652 1610 non
1675 1553 1831 1625 vaga)
1860 1562 2000 1606 orat.
2030 1551 2192 1606 Solus

604 1666 790 1714 autem
814 1657 870 1711 in
892 1655 1094 1711 Sancta
1119 1661 1434 1708 sanctorum
1469 1648 1758 1718 inspectat,
1785 1645 1878 1715 qui
1911 1659 2034 1698 cum
2059 1657 2190 1712 pace

601 1747 941 1804 naturalium
992 1743 1288 1806 rationum,
1343 1755 1407 1794 ea
1455 1737 1622 1794 etiam
1673 1735 2010 1798 considerat,
2068 1747 2191 1802 quae

603 1841 750 1896 circa
782 1837 1083 1895 essentiam
1131 1843 1262 1890 sunt
1306 1836 1526 1888 omnem
1579 1829 1783 1884 mentis
1830 1826 2186 1883 excedentem

602 1947 848 1996 sensum,
875 1945 939 1985 ac
967 1929 1094 1984 inde
1121 1927 1307 1982 divina
1347 1924 1581 1995 quadam
1613 1922 1736 1976 luce
1769 1920 2048 1991 dignatur.

673 2025 794 2080 105.
835 2024 882 2079 Λ
933 2021 1167 2078 terrenis
1213 2018 1350 2074 foris
1384 2023 1670 2071 vacantem
1716 2013 1983 2073 animum,
2036 2009 2189 2064 velut

601 2119 818 2174 ﬂamma
859 2115 1106 2186 quaedam
1153 2108 1578 2172 circumvolula,
1619 2105 1775 2176 quasi
1822 2096 2026 2158 ferrum
2076 2101 2184 2172 igni

601 2220 830 2277 prorsus
879 2217 1209 2258 succensum
1263 2198 1494 2255 reddit:
1542 2205 1737 2266 estque
1787 2193 1904 2264 ipse
1960 2193 2186 2263 quidem

601 2298 746 2354 idem
777 2297 1016 2360 animus,
1052 2293 1145 2349 sed
1182 2307 1346 2363 quem
1379 2289 1699 2360 contingere
1728 2287 1957 2341 minime
1987 2287 2182 2352 liceat;

599 2388 743 2444 sicut
791 2387 1000 2443 ferrum
1046 2384 1156 2456 igni
1203 2383 1446 2440 candens
1491 2378 1736 2434 exterius
1783 2377 2027 2447 contingi
2075 2391 2185 2430 non

599 2488 806 2626 mils;
835 2569 1039 2625 Beatus
1069 2566 1166 2636 qui
1195 2565 1250 2620 in
1285 2564 1389 2619 hac
1425 2563 1539 2617 vita
1564 2562 1620 2616 in
1650 2577 1778 2617 eum
1803 2559 2026 2616 modum
2059 2573 2180 2629 spc-_

598 2663 738 2718 clari
768 2661 1006 2724 meruit;
1033 2659 1238 2729 quique
1261 2663 1498 2711 statuam
1526 2662 1720 2709 natura
1747 2653 1974 2715 luteam,
1999 2648 2199 2730 gratiae,

603 2766 832 2807 munere
863 2751 1080 2821 igneam
1106 2746 1265 2800 vidit.

675 2843 798 2898 105.
835 2841 1049 2905 Gravis,
1075 2854 1176 2895 ceu
1205 2837 1376 2892 herus
1403 2833 1650 2906 quidam,
1679 2834 1767 2889 bis
1793 2834 1886 2904 qui
1913 2832 2188 2888 inducun-

603 2949 692 2995 tur
713 2952 777 2991 ac
801 2933 1028 2990 novitiis
1049 2930 1319 2988 incumbit
1341 2931 1429 2985 lex
1443 2929 1748 2994 orationis;
1769 2926 2186 2998 proﬁcientibus

599 3040 784 3090 autem
823 3028 973 3082 velut
1009 3042 1164 3081 amor
1203 3033 1289 3079 est
1328 3023 1395 3078 ad
1433 3023 1612 3078 lautas
1640 3021 1798 3092 quasi
1837 3021 2030 3092 epulas
2059 3035 2186 3075 esu-

595 3125 837 3181 rientem
870 3119 1229 3190 compellens.

667 3212 789 3268 106.
830 3213 927 3267 llis
971 3211 1064 3282 qui
1100 3209 1274 3280 probe
1311 3208 1587 3264 actionem
1629 3206 1818 3263 colunt
1853 3203 2184 3276 quandoque

595 3304 821 3374 quidem
859 3304 1037 3358 oratio
1059 3343 1089 3366 ,.
1109 3302 1260 3357 velut
1289 3304 1467 3358 nubes
1493 3300 1833 3356 obumbrans
1854 3299 1924 3364 ’²,
1962 3306 2184 3354 urentes
2209 3271 2254 3332 θ

597 3403 752 3449 arcet
778 3393 1168 3464 cogitationes;
1201 3391 1531 3462 quandoque
1561 3403 1696 3444 vero
1723 3388 1879 3444 velut
1913 3388 2184 3458 lacryma-

599 3501 720 3540 rum
742 3494 924 3557 guttas
950 3483 1062 3539 illis
1086 3483 1352 3545 iri-orans,
1381 3480 1651 3552 spiritalia
1681 3479 2019 3535 theoremata
2050 3492 2181 3533 sen-

596 3591 766 3646 saque
797 3573 1058 3629 ostendit.

672 3664 794 3719 107.
832 3663 1122 3720 Canticum
1182 3663 1409 3717 citharae
1458 3661 1872 3716 condimentum
1925 3659 2178 3726 exsistat,

595 3771 764 3826 quam
797 3756 923 3825 quis
958 3753 1208 3810 exterius
1236 3754 1416 3824 pulset
1445 3770 1458 3808 :
1488 3753 1706 3808 animus
1733 3767 1865 3808 vero
1891 3751 2000 3808 nisi
2032 3751 2182 3824 adju-

595 3855 758 3901 vante
803 3845 858 3899 in
900 3845 1150 3900 oratione
1197 3845 1428 3914 mystica
1475 3843 1532 3897 in
1576 3842 1776 3912 spiritu
1823 3841 2178 3908 allocutione,

596 3936 743 3992 haud
783 3935 940 3990 facile
972 3935 1267 4006 compungi
1301 3923 1610 3989 donsuevit.
1645 3933 1784 3988 illud
1826 3934 1973 3990 enim
1998 3951 2011 3988 :
2041 3933 2180 4000 Quid

593 4041 827 4090 oremus,
857 4026 990 4080 sicut
1013 4032 1238 4097 oportet,
1271 4026 1527 4101 nescimus
1545 4025 1614 4090 ’³,
1645 4025 1698 4079 in
1749 4040 1876 4080 eum
1936 4025 2178 4095 proclive

599 4128 847 4176 orantem
880 4117 1218 4174 intellectum
1245 4116 1419 4174 ducit.

1245 4225 1522 4299 Ejusdem.

672 4344 988 4400 “lustratur
1021 4359 1186 4407 mens,
1219 4341 1478 4409 spiritalis
1511 4341 1969 4412 contemplationis

669 4414 735 4470 In
769 4413 994 4467 sublime
1023 4413 1188 4479 elata,
1222 4412 1347 4466 dum
1375 4428 1639 4466 sermones
1671 4410 1796 4466 istos
1827 4410 2031 4483 legerit.

670 4526 792 4583 108.
834 4527 1070 4582 Necesse
1104 4535 1190 4582 est
1223 4534 1285 4582 ut
1316 4525 1581 4597 spiritalis
1604 4526 1824 4582 noverit
1849 4525 2174 4598 (γνωστικὸν

2299 646 2491 716 αὐτῆς.
2534 648 2686 702 Μόνα
2729 651 2786 702 δὲ
2833 651 2902 703 τὰ
2941 652 3185 722 παρόντα
3218 656 3571 724 περισκοπεῖ,
3602 657 3632 708 6
3661 658 3862 727 παρῤη-

2297 737 2421 792 σίαν
2446 740 2504 792 ὲν
2538 740 2724 812 ἐκείνῃ
2757 742 2832 814 μὴ
2873 742 3144 812 ἐσχηκώς.

2369 835 2473 899 ρα’.
2500 830 2583 882 »οὐ
2621 829 2848 884 δύναται
2885 833 2914 885 6
2948 830 3076 898 νοῦς
3107 836 3166 888 ὲν
3196 833 3376 906 καιρῷ
3405 835 3510 904 τῆς
3541 835 3706 904 εὐχῆς
3738 837 3867 906 μετὰ

2296 921 2612 994 παρρησίας
2643 923 2825 992 λέγειν
2876 926 3014 992 πρὸς
3057 926 3148 981 τὸν
3197 927 3334 980 Θεόν
3357 942 3374 959 ·
3405 926 3868 996 Διέρρηεαςτοὺς

2295 1012 2558 1082 δεσμούς
2567 1015 2828 1084 μου,ισοὶ
2845 1019 3009 1070 θυσω
3029 1021 3252 1072 θυσίαν
3267 999 3578 1084 αἰνέσως,
3595 1022 3646 1071 εί
3675 1021 3746 1089 μὴ
3765 1020 3867 1072 δει-

2294 1104 2416 1169 λίας
2457 1107 2553 1159 καὶ
2595 1106 2892 1177 ῥᾳθυμίας,
2939 1108 3278 1173 πολυυπνίας
3325 1127 3385 1163 τε
3426 1112 3524 1164 καὶ
3549 1111 3868 1181 ἀδηφαγίας,

2295 1193 2354 1258 ἐξ
2401 1187 2477 1248 ὧν
2512 1195 2576 1248 τὸ
2613 1197 2854 1262 πταίειν,
2881 1197 3149 1271 ἐπιθυμίᾳ
3174 1200 3288 1252 τῶν
3317 1203 3683 1271 κρειττόνων,
3710 1204 3869 1274 ἁπορο

2295 1286 2458 1355 earn.

2368 1375 2468 1446 ρβ’.
2509 1376 2658 1443 Ἔξω
2695 1379 2788 1432 τοῦ
2833 1378 3050 1450 πρώτου
3100 1381 3597 1449 καταπετάσματος
3644 1381 3866 1446 ἵσταται,

2291 1469 2320 1520 ό
2348 1469 2405 1520 ὲν
2435 1469 2566 1540 εὐχῇ
2601 1469 2940 1542 ῥεμϐόμενος
2966 1486 2981 1504 ο
3025 1470 3237 1524 ἔνδοθεν
3281 1470 3519 1539 γίνεται,
3568 1471 3600 1523 6
3664 1472 3869 1540 μονολό-

2292 1575 2482 1627 γιστον
2521 1559 2767 1624 ἐξανύων
2816 1563 3012 1634 αὑτήν.
3053 1563 3231 1626 Μόνος
3273 1563 3333 1616 δὲ
3365 1563 3449 1626 είς
3476 1562 3552 1617 τὰ
3583 1564 3754 1630 Ἀγια
3774 1565 3872 1616 τῶν

2293 1653 2466 1720 ἁγίων
2497 1653 2839 1725 παρέκυψεν,
2866 1656 2894 1708 6
2919 1653 3063 1724 μετὰ
3095 1654 3198 1724 τῆς
3241 1655 3470 1726 εἰρήνης
3503 1656 3615 1708 τῶν
3639 1655 3871 1724 φυσικῶν

2291 1743 2570 1814 λογισμῶν
2613 1745 2712 1798 καὶ
2751 1745 2820 1799 τὰ
2851 1747 3106 1818 περὶτῆς
3133 1746 3316 1801 πάντα
3344 1747 3472 1800 νοῦν
3503 1737 3871 1818 ὑπερεχούσης

2293 1834 2530 1908 ἱούσίας]
2574 1836 3061 1909 διασκεπτόμενος,
3098 1838 3194 1892 καί
3215 1855 3364 1902 τινος
3393 1837 3611 1892 ἐκεῖθεν
3635 1855 3873 1906 φωτοφαο

2222 1931 2264 1986 Β
2292 1928 2439 1992 νείας
2470 1927 2920 2000 καταξιούμενος.

2364 2026 2463 2090 pf.
2525 2020 2757 2074 Ὀπόταν
2807 2021 2918 2076 ἀπὸ
2973 2021 3080 2076 τῶν
3127 2020 3332 2086 ἔξωθεν
3385 2021 3710 2092 σχολάσασα
3766 2018 3798 2094 ᾖ
3840 2024 3870 2093 ἡ

2286 2113 2456 2182 ψυχὴ,
2499 2113 2619 2166 τότε
2647 2106 2738 2166 οἷά
2761 2130 2846 2177 τις
2883 2113 3016 2183 φλὸξ
3044 2113 3511 2184 περικυκλὼσασα
3551 2113 3777 2185 ταύτην,
3804 2115 3872 2178 ὡς

2289 2203 2510 2273 σίδηρον
2566 2202 2825 2267 καθάπαξ
2879 2202 2958 2273 τῷ
3001 2204 3138 2275 πυρὶ
3182 2206 3712 2275 πεπυρακτωμένην
3754 2205 3871 2274 ὅλην

2287 2291 2602 2362 καθίστησι,
2635 2293 2730 2345 καὶ
2763 2291 2879 2344 ἔστι
2907 2291 3055 2362 ψυχὴ
3091 2291 3191 2360 μὲν
3217 2293 3250 2361 ἠ
3276 2292 3445 2356 αὑτὴ,
3470 2293 3664 2345 οὐκέτι
3693 2293 3752 2346 δὲ
3787 2295 3871 2346 καὶ

2287 2384 2457 2452 ἁπτὴ,
2496 2381 2572 2446 ὡς
2613 2383 2736 2436 οὐδὲ
2762 2385 2792 2437 6
2825 2382 3208 2456 πυρακτωθεὶς
3252 2383 3500 2453 σίδηρος,
3531 2386 3659 2448 ταῖς
3688 2381 3870 2450 ἔξωθεν

2287 2477 2552 2544 ἐπαφαῖς.

2361 2563 2457 2637 ρδ’.
2516 2566 2802 2637 Μακάριος
2852 2566 2882 2618 ό
2903 2566 2961 2618 ὲν
3010 2565 3090 2636 τῷ
3124 2563 3225 2635 βίῳ
3244 2563 3422 2634 τούτῳ
3447 2564 3655 2620 οὑτωσὶ
3685 2566 3870 2638 θεωρη-

2288 2654 2449 2726 θῆναι
2493 2654 2766 2722 ἀξιωθεὶς,
2823 2657 2917 2709 καὶ
2961 2657 3054 2710 τὸν
3098 2655 3262 2710 αὐτὸν
3311 2654 3479 2725 φύσει
3521 2658 3752 2729 πήλινον
3793 2661 3870 2712 ἁν-

2252 2759 2261 2766 ’
2286 2747 2535 2819 δριάντα,
2568 2749 2754 2819 χάριτι
2779 2747 3010 2819 πύρινον
3041 2747 3303 2805 κατιδών.

2359 2837 2455 2909 ρε’.
2517 2840 2642 2903 Τοῖς
2708 2839 2809 2910 μὲν
2869 2841 3245 2910 εἰσαγομένοις
3300 2837 3393 2897 οἷά
3443 2860 3535 2906 τις
3589 2843 3866 2911 δεσπότης,

2286 2932 2316 2984 6
2353 2931 2517 3001 νόμος
2552 2931 2828 2985 ἐπίκειται
2869 2932 2969 3002 τῆς
3006 2933 3174 3003 εὐχῆς
3209 2951 3222 2964 ο
3278 2937 3395 2998 τοῖς
3444 2936 3762 3006 προκόψασι
3793 2935 3864 2996 δὲ.

2286 3022 2365 3087 ὡς
2404 3022 2546 3094 ἔρως
2580 3025 2608 3076 6
2639 3023 2983 3078 συνελαύνων
3014 3025 3287 3082 πεινῶντα
3320 3026 3583 3098 καθάπερ
3618 3027 3866 3097 πολυτελῆ

2287 3109 2425 3182 πρὸς
2465 3110 2728 3166 ἑστίασιν.

2363 3211 2472 3275 pqr.
2523 3205 2649 3269 Τοῖς
2690 3205 2886 3271 καλῶς,
2919 3207 3017 3278 τὴν
3061 3209 3378 3280 πρακτικὴν
3428 3211 3865 3280 μετερχομένοιςι

2285 3298 2422 3351 ποτε
2445 3297 2542 3369 μὲν
2566 3299 2599 3368 ἡ
2621 3297 2757 3370 εὐχὴ
2779 3297 2979 3371 νεφέλη
3012 3299 3266 3371 καθάπερ
3291 3301 3723 3366 ἐπισκιάζουσα,
3751 3304 3866 3365 τοὺς

2284 3391 2621 3453 καυστικοὺς
2679 3389 2940 3462 ἀπείργει
2994 3389 3056 3456 ἐξ
3106 3391 3288 3446 αὐτῶν
3337 3391 3646 3462 λογισμούς
3678 3410 3696 3427 ’
3746 3395 3863 3446 ποτε

2283 3479 2342 3534 δὲ
2403 3480 2670 3549 σταγόνας
2722 3474 2811 3535 οἷα
2866 3480 3118 3552 δακρύων
3167 3481 3384 3546 τούτοις
3435 3483 3862 3554 amycum”,

2281 3572 2526 3627 δείκνυσι
2552 3573 2624 3628 τὰ
2653 3573 3004 3645 πνευματικὰ
3033 3573 3390 3646 θεωρήματα.

2355 3664 2456 3738 ρξ’.
2517 3665 2644 3738 ᾯδὴ
2691 3667 2790 3738 μὲν
2827 3667 3046 3740 ἧδμσμα
3081 3667 3314 3739 κιθάρας
3358 3668 3460 3738 τῆς
3533 3670 3864 3740 κρουομένης

2283 3760 2388 3814 ὑπό
2414 3777 2559 3824 τινος
2587 3759 2789 3826 ἔξωθεν
2815 3761 3171 3833 εὑρεθήσεται
3193 3777 3207 3792 ·
3243 3760 3393 3832 ψυχὴ
3444 3761 3506 3816 δὲ
3560 3762 3641 3833 μὴ
3689 3779 3862 3831 συνερ-

2281 3851 2486 3924 χούσης
2521 3853 2659 3924 αὐτῇ
2701 3854 2760 3906 ὲν
2809 3853 2943 3925 εὐχῇ
2990 3852 3092 3923 τῆς
3143 3853 3203 3906 ὲν
3260 3853 3546 3923 πνεύματι
3607 3855 3862 3924 μυστικῆς

2283 3925 2746 4013 προσκφωνὴσεως,
2769 3942 3177 4006 εύκατάνυκτος
3191 3941 3252 3996 οὐ
3285 3939 3502 4009 πέφυκε
3531 3941 3855 3996 δείκνυσθαι.

2281 4034 2355 4087 Τὸ
2397 4033 2529 4106 γὰρ,
2587 4035 2645 4087 Τί
2672 4033 3139 4104 προσευξώμεθα
3165 4034 3314 4090 καθὸ
3333 4032 3430 4090 δεῖ
3451 4037 3569 4089 οὐκ
3596 4035 3857 4106 οιὸσμεν,

2281 4130 2377 4184 καὶ⁵
2405 4128 2474 4184 τὰ
2507 4128 2658 4199 ἑξῆς,
2691 4131 2771 4192 είς
2801 4128 2959 4182 τοῦτο
2980 4128 3165 4198 ἐνάγει
3193 4128 3285 4184 τὸν
3316 4130 3777 4202 προσευχόμενον.

2915 4241 3022 4295 Τοῦ
3043 4241 3227 4296 αὑτοῦ.

2280 4358 2589 4418 Φωτίζεται
2617 4358 2763 4424 νοῦς
2789 4358 3128 4427 τνωστικῆς
3157 4359 3409 4427 θεωρίας

2278 4427 2436 4496 Πρὸς
2469 4427 2629 4497 ὕψος
2657 4428 2877 4496 ἀρθεὶς,
2907 4428 3094 4483 τοῖσδ’
3121 4429 3477 4498 ἐπάν-τυχὼν
3510 4431 3738 4498 λόγοις.

2355 4548 2462 4614 ρην.
2529 4542 2851 4610 Ἀναγκαῖον
2885 4541 3083 4596 εἰδέναι
3132 4541 3226 4595 τὸν
3271 4543 3597 4612 γνωστικδν,
3655 4544 3781 4596 πότε
3827 4543 3854 4594 ὁ

597 4622 831 4695 vocant)
862 4623 1210 4694 quandonam
1244 4625 1364 4696 ejus
1392 4639 1548 4679 mens
1585 4623 1641 4678 in
1675 4638 1964 4680 sensorum
2009 4623 2177 4678 animi

2293 4609 2606 4698 νοῦς-αὐτοῦ
2649 4609 2730 4698 εἰς
2779 4632 2878 4705 τὴν
2925 4633 3112 4704 χώραν
3161 4609 3613 4705 τῶνγνοημάτων
3675 4636 3849 4688 ἐστίν’

598 4734 662 4775 ac
705 4723 1117 4788 conceptuum;
1162 4717 1383 4787 quando
1416 4719 1545 4773 item
1593 4718 1647 4773 in
1682 4718 2078 4790 cogitationum
2123 4729 2180 4775 et

598 4810 894 4875 rationum,
930 4823 994 4863 ac
1022 4807 1246 4879 quando
1291 4807 1348 4862 in
1393 4823 1590 4864 sensus
1630 4809 1854 4881 regione
1899 4820 2173 4865 versetur.

597 4903 776 4972 Atque
804 4901 861 4956 in
891 4901 998 4957 hac
1024 4914 1269 4964 rursum,
1306 4899 1362 4956 iu
1402 4899 1544 4956 iisne
1586 4917 1710 4971 quae
1741 4910 2070 4972 opportuna,
2103 4917 2174 4956 an

596 4996 782 5065 potius
810 5009 931 5064 quae
971 4993 1285 5063 importuna
1317 5000 1467 5057 sunt,
1508 4990 1840 5048 inveniatur.

667 5083 829 5156 653
869 5083 991 5139 109.
1029 5083 1284 5147 Animus,
1326 5081 1456 5136 dum
1496 5095 1609 5135 non
1648 5082 1704 5136 in
1738 5083 1917 5139 sensis
1949 5098 2013 5139 ac
2042 5099 2174 5140 con-

596 5175 881 5246 ceptibus,
924 5174 1150 5230 omnino
1195 5173 1252 5228 in
1293 5172 1724 5244 cogitationibus
1763 5182 1820 5228 et
1862 5174 2174 5231 rationibus

597 5275 876 5332 versatur,
919 5265 1273 5335 vicissimque
1301 5265 1432 5320 dum
1459 5265 1514 5318 in
1547 5263 1976 5334 cogitationibus
1999 5274 2054 5321 et
2082 5283 2170 5321 ra-

595 5359 870 5425 tionibus;
913 5374 1023 5414 non
1061 5357 1118 5412 in
1157 5356 1336 5413 sensis
1364 5356 1530 5413 animi
1563 5370 1627 5410 ac
1660 5357 2040 5426 conceptibus.
2076 5358 2167 5416 At.

598 5448 726 5504 dum
754 5449 807 5503 in
838 5463 1028 5515 sensu,
1050 5462 1178 5502 cum
1205 5447 1465 5502 omnibus
1490 5452 1763 5501 versatur.

2287 4725 2418 4780 πότε
2447 4725 2505 4780 δὲ
2534 4726 2615 4789 εἰς
2659 4726 2761 4797 τὴν
2798 4725 2910 4779 τῶν
2946 4725 3226 4796 λογισμῶν
3250 4742 3265 4757 ο
3317 4727 3414 4781 καὶ
3460 4727 3592 4781 πότε
3647 4730 3726 4792 εἰς
3767 4726 3852 4795 τὴν

2283 4817 2403 4871 κατ’
2435 4816 2711 4888 αἴσθησιν.
2745 4817 2856 4872 Καὶ
2885 4818 2944 4871 ὲν
2975 4816 3149 4890 ταύτῃ
3179 4817 3367 4884 πάλιν,
3405 4820 3456 4873 εἰ
3485 4819 3548 4874 ὲν
3584 4823 3701 4884 τοῖς
3726 4821 3849 4873 κατᾶ

2283 4909 2496 4980 καιρὸν,
2518 4908 2553 4980 ἦ
2580 4911 2639 4962 ὲν
2674 4911 2790 4973 τοῖς
2822 4909 2974 4981 παρὰ
3005 4910 3197 4980 καιρὸν
3231 4911 3434 4982 μᾶλλον
3454 4912 3788 4984 εὑρίσκεται.

2357 5081 2457 5155 ρθ’.
2501 5083 2590 5136 Ἐν
2625 5084 2892 5154 νοήμασιν
2930 5081 3034 5136 οὐκ
3069 5081 3146 5135 ὣν
3196 5085 3224 5136 ὀ
3269 5081 3416 5149 νοῦς,
3465 5084 3528 5136 ἐν
3585 5082 3841 5153 λογισμοῖς

2279 5175 2499 5239 πάντως
2540 5173 2687 5227 ἐστίν
2718 5171 2834 5226 ἐν
2862 5173 3141 5244 λογισμοῖς
3175 5173 3232 5226 δὲ
3260 5171 3356 5237 ὢν,
3389 5175 3448 5228 ὲν
3475 5175 3740 5246 νοήμασιν
3761 5173 3841 5225 οὐκ

2278 5268 2444 5322 ἔστιν.
2509 5268 2598 5320 Ἐν
2641 5267 2697 5321 δὲ
2726 5269 2793 5338 τῇ
2825 5266 3074 5338 αἰσθήσει
3100 5266 3390 5337 γενόμενος
3418 5265 3522 5338 (q),
3556 5268 3697 5338 μετὰ
3727 5266 3840 5321 πᾶν·

2277 5377 2386 5414 των
2419 5359 2584 5412 ἐστίν.

667 5589 710 5621 ¹¹
751 5589 894 5644 Psal.
928 5605 1048 5654 cxv,
1082 5589 1167 5642 17.
1245 5589 1290 5618 ¹²
1324 5588 1497 5644 Exod.
1536 5605 1646 5653 xlv,
1681 5589 1766 5643 19.
1843 5589 1890 5621 ’³
1921 5589 2079 5646 Rom.
2114 5608 2226 5658 vm,
2256 5593 2344 5648 26.

671 5725 751 5803 (ιη
787 5726 889 5803 Ἕκ
916 5725 984 5779 δὲ
1011 5725 1086 5803 τῇ
1120 5727 1399 5803 agrariae:
1456 5728 1798 5796 γενόμενος.
1855 5725 1997 5803 S_unt
2040 5727 2157 5784 haec

597 5795 755 5863 quasi
783 5795 1141 5865 aenigmatica.
1163 5797 1306 5862 Quid
1335 5797 1408 5851 sit
1437 5803 1677 5851 mentem
1735 5811 1857 5850 esse
1885 5796 1941 5850 in
1965 5811 2154 5863 sensu,

596 5867 840 5932 dumque
873 5864 928 5917 in
953 5865 1048 5918 illo
1076 5874 1180 5930 est,
1226 5874 1281 5922 et
1321 5873 1620 5935 conceptus
1661 5865 1866 5921 habere
1899 5875 1955 5921 ct
1981 5868 2154 5922 ratio-

2267 5727 2618 5792 cinationes;
2651 5725 2838 5792 idest,
2863 5741 2950 5782 res
2973 5725 3303 5796 simpliciter
3344 5735 3403 5780 et
3436 5743 3568 5780 cum
3604 5727 3831 5782 discursu

2268 5796 2775 5868 intelligere,haud
2801 5796 2937 5850 satis
2974 5797 3154 5865 capio,
3212 5797 3324 5868 nisi
3364 5797 3472 5852 hoc
3529 5798 3652 5852 vult
3693 5798 3832 5850 lian-

2266 5885 2410 5934 mus,
2446 5866 2845 5937 intelligentcm
2865 5881 3147 5935 nunquam
3179 5866 3416 5932 absolvi,
3458 5883 3565 5936 pro
3616 5868 3718 5922 hoc
3740 5876 3829 5918 su-
