4108 6430
265 394 409 471 1425

1364 444 1373 452 .
1440 390 1620 452 ALIA
1655 382 1760 450 EX
1799 383 2039 451 VATlC.
2082 382 2370 456 ΟΛΡΙΤΛ.

3411 371 3562 436 1426³

336 509 431 575 ρι’.
473 501 574 556 Διὰ
626 502 724 557 τοῦ
769 502 1040 575 νοήματος
1071 500 1173 573 μὲν
1201 501 1230 555 6
1256 498 1380 564 νοῦς
1408 499 1688 571 διέρχεται
1717 498 1854 571 πρὸς
1882 533 1891 562 λ

2031 496 2148 552 110.
2193 498 2299 553 Per
2329 495 2500 552 animi
2541 508 2766 551 sensum
2797 500 2962 575 atque
2991 497 3322 560 conceptum
3350 485 3551 543 transit
3577 497 3580 500 ‘

254 595 328 648 τὰ
364 595 534 666 νοητά
564 612 579 628 ο
606 593 699 649 διὰ
724 594 784 649 δὲ
819 592 918 648 τοῦ
953 590 1217 664 λογισμοῦ
1263 591 1403 663 πρὸς
1457 591 1528 646 τὰ
1578 591 1776 661 λογικὰ
1825 592 1856 644 6

259 686 425 755 λόγος
457 703 473 719 ·
526 687 666 760 πρὸς
709 687 768 742 δὲ
815 686 916 760 τὴν
941 684 1279 758 πρακτικὴν,
1298 683 1390 738 διὰ
1415 683 1519 754 τῆς
1551 682 1856 754 φαντασίας

261 780 299 846 ἡ
328 781 608 851 αἴσθησις.

1964 604 2122 645 mens
2163 587 2230 643 ad
2273 587 2566 659 spiritalia,
2597 595 2653 642 et
2687 601 2774 652 ea,
2805 574 2929 654 quae
2959 582 3053 636 illa
3083 580 3201 635 sola
3230 576 3552 647 intelligun-

1964 687 2056 736 tur
2089 698 2102 733 :
2132 696 2232 751 per
2267 677 2749 736 ratiocinationem
2781 689 2914 730 vero
2943 683 3001 728 et
3036 670 3374 732 discursum,
3409 665 3552 720 ratio

1963 773 2032 828 ad
2077 789 2143 828 ea
2185 786 2309 842 quze
2358 771 2647 826 rationalia
2695 768 2797 841 (sic
2835 765 2992 838 quasi
3030 761 3233 819 rationi
3279 753 3594 829 subjecta)-

256 882 420 926 sunt.
472 872 762 928 Postremo
802 887 1002 929 sensus
1042 870 1113 927 ad
1155 870 1454 935 actionem,
1501 884 1600 940 per
1638 883 1762 924 eam
1795 866 1906 921 vim
1945 882 2068 937 quae
2108 865 2375 935 imagines
2404 865 2688 926 informat,
2717 871 2775 918 et
2817 857 3096 932 cogitandi
3134 853 3428 911 facultates
3457 863 3556 904 vo-

257 969 448 1016 catur.

340 1053 469 1124 ρια⁹.
502 1054 598 1119 El;
619 1055 812 1110 ἑαυτὸν
843 1059 872 1110 ό
899 1055 1028 1120 νοῦς
1084 1055 1476 1126 συναγόμενος,
1533 1055 1686 1109 οὐδὲν
1733 1052 1858 1108 οὔτε

265 1144 382 1198 τῶν
417 1145 564 1201 κατὰ
601 1147 695 1200 τὸν
726 1147 990 1219 λογισμὸν
1045 1147 1282 1220 θεωρεῖ·
1335 1148 1576 1219 γυμνοὺς
1631 1146 1689 1200 δὲ
1733 1145 1862 1210 νόας

265 1238 370 1294 καὶ
401 1237 550 1303 θείας
581 1238 778 1312 αὐγὰς,
814 1236 1119 1314 βλυζούσας
1156 1242 1384 1314 είρήνην
1430 1256 1490 1294 τε
1532 1241 1627 1294 καὶ
1677 1239 1858 1311 χάριν.

353 1497 480 1569 ριβ’.
519 1497 684 1553 Ἄλλο
720 1499 750 1554 ό
779 1498 902 1564 νοῦς
933 1498 1031 1554 τοῦ
1071 1499 1421 1572 πράγματος,
1447 1500 1541 1554 καὶ
1565 1499 1698 1554 ἄλλο
1721 1502 1749 1553 6
1781 1501 1868 1555 λό-

273 1607 380 1660 γος
426 1591 592 1646 αὺτοῦ
621 1607 636 1623 ο
672 1592 770 1646 καὶ
800 1591 990 1664 ἕτερον
1025 1591 1088 1645 τὸ
1119 1591 1226 1646 ὑπὸ
1257 1593 1358 1664 τὴν
1385 1591 1637 1661 αἴσθησιν
1665 1593 1866 1661 ἀναγό-

2041 1050 2160 1105 111.
2205 1049 2356 1104 Mens
2387 1049 2442 1103 in
2476 1048 2714 1118 selpsam
2745 1045 3002 1109 collecta,
3029 1038 3166 1096 nihil
3197 1049 3392 1094 eorum
3422 1049 3556 1090 con-

1967 1143 2198 1208 siderat,
2225 1159 2347 1212 qua:
2376 1141 2461 1196 vel
2492 1155 2659 1196 sensu
2699 1135 3108 1209 percipiuntur,
3147 1129 3235 1186 vel
3265 1125 3558 1184 ratiocina-

1972 1235 2123 1289 tione
2170 1243 2226 1289 et
2274 1233 2527 1288 discursu
2578 1238 2921 1294 noscuntur;
2975 1225 3074 1281 sed
3119 1221 3299 1278 nudas
3342 1226 3558 1275 mentes

1970 1329 2302 1398 divinosque
2357 1326 2623 1398 fulgores,
2659 1324 2810 1394 large
2854 1335 3047 1392 pacem
3092 1315 3460 1374 scaturientes
3501 1316 3588 1366 et.

1970 1423 2226 1495 gratiam.

2049 1518 2173 1572 112.
2217 1517 2381 1572 Aliud
2416 1523 2502 1571 est
2539 1514 2617 1570 rei
2664 1509 3002 1574 intellectus,
3043 1505 3194 1561 aliud
3229 1503 3349 1574 ejus
3384 1497 3560 1562 ratio;

1974 1611 2127 1667 aliud
2153 1611 2392 1680 denique
2416 1607 2565 1680 quod
2588 1605 2694 1661 sub
2721 1619 2945 1660 sensum
2969 1597 3272 1656 reducitur.
3295 1591 3563 1654 Primum,

283 1686 472 1753 μενον.
515 1684 626 1737 Καὶ
655 1683 716 1737 τὸ
749 1684 850 1754 μὲν
871 1683 1020 1738 ἔστιν
1046 1684 1209 1738 οὐσία
1235 1701 1248 1717 ο
1283 1684 1344 1738 τὸ
1363 1683 1441 1750 δὲ,
1475 1685 1824 1758 συμϐεϐηκός
1853 1703 1865 1716 ·

1993 1705 2282 1760 ιιιὺςῑαιιιίιι
2343 1714 2457 1770 est;
2519 1701 2790 1766 alterum,
2849 1695 3133 1759 accidens;
3188 1695 3563 1761 postremum,

276 1777 342 1829 τὸ
372 1777 452 1841 δὲ,
491 1777 525 1847 ἡ
557 1775 654 1829 τοῦ
679 1777 1047 1846 ὑποκειμένου
1077 1777 1334 1848 διαφορά.

359 1873 488 1937 ριγ’.
541 1866 752 1931 Πολλὰς
790 1867 947 1932 όδοῦς
976 1867 1302 1937 ἀνατέμνων
1335 1869 1366 1921 ό
1399 1867 1545 1933 νοῦς,
1577 1869 1875 1942 ἀκόρεστος

273 1961 611 2015 δείκνυται·
657 1960 798 2032 πρὸς
854 1959 987 2030 μίαν
1038 1959 1096 2013 δὲ
1151 1959 1521 2030 συναγόμενος
1559 1961 1659 2031 τῆς
1686 1963 1875 2032 εὐχῆς,

284 2053 396 2124 πρὸ
427 2053 528 2124 τῆς
566 2052 843 2116 ὲντελείας
884 2053 1392 2124 στενοχωρούμενος
1417 2053 1690 2123 φαίνεται,
1714 2054 1878 2108 λιπα-

286 2141 402 2211 ρῶν
460 2141 554 2196 τὸν
606 2141 834 2212 μέτοχον
889 2142 961 2213 (r)
1003 2140 1370 2212 ἀπολυθῆναι,
1407 2142 1544 2214 πρὸς
1579 2143 1649 2196 τὰ
1677 2144 1772 2211 ἀφ’
1803 2137 1878 2198 ὧν

282 2234 627 2308 ἐξελήλυθεν.

363 2327 484 2400 ριδ’.
525 2328 770 2384 Ἀνωθεν
803 2329 1044 2400 ἠγμένος
1097 2330 1126 2383 6
1182 2327 1330 2394 νοῦς,
1361 2329 1463 2384 οῦκ
1485 2329 1879 2402 ἀναδραμεῖται

288 2417 450 2485 αὖθις
496 2422 697 2485 ἐκεῖσε,
747 2422 797 2476 εἰ
845 2421 922 2493 μὴ
977 2421 1194 2477 τελείαν
1222 2422 1335 2476 τῶν
1383 2423 1535 2478 κάτω
1584 2427 1881 2497 ποιήσηται

287 2513 701 2585 καταφρόνησιν
724 2511 813 2567 διὰ
843 2514 939 2586 τῆς
971 2514 1192 2588 περὶτὰ
1225 2515 1348 2570 θεῖα
1387 2515 1606 2587 σχολῆς.

367 2613 487 2677 ριε⁹.
546 2605 614 2659 Εἴ
654 2623 715 2659 τε
757 2606 834 2678 μὴ
881 2607 979 2675 τὴν
1021 2606 1200 2677 ψυχήν
1237 2623 1332 2660 σου
1361 2606 1496 2679 δύνῃ
1526 2607 1664 2678 μετὰ
1699 2607 1878 2678 μόνων

291 2701 522 2770 ποιῆσαι
554 2697 664 2752 τῶν
697 2699 826 2770 περὶ
853 2699 1024 2770 αὐτὴν
1045 2699 1349 2770 λογισμῶν,
1380 2699 1482 2754 κᾶν
1500 2701 1562 2753 τδ
1593 2701 1753 2772 σῶμα
1785 2717 1881 2754 σου

293 2791 554 2864 μονάζειν
581 2791 916 2860 ἁνάγκαζον,
942 2792 1042 2862 τὴν
1091 2792 1220 2862 περὶ
1275 2791 1408 2846 αὐτὸ
1459 2791 1752 2864 ἀθλιότητα
1795 2791 1886 2846 διὰ

292 2884 496 2948 παντὸς
514 2882 862 2954 ἐννοούμενος
892 2899 906 2912 ’
936 2883 1079 2937 οὕτω
1115 2883 1225 2955 γὰρ
1249 2882 1326 2955 τῷ
1354 2885 1532 2957 χρόνῳ
1558 2884 1698 2939 ἐλέει
1723 2885 1881 2952 Θεοῦ,

292 2977 550 3048 καὶπρὸς
575 2976 883 3050 τὸπρῶτον
933 2977 1271 3048 ἀναδραμεῖν
1310 2977 1518 3052 δυνήσῃ
1574 2978 1670 3050 τῆς
1721 2978 1884 3048 εὑγε·

288 3071 448 3136 νείας
485 3070 727 3142 ἀξίωμα.

375 3185 509 3258 ρις’.
565 3186 624 3240 '0
675 3184 775 3256 μὲν
825 3182 1130 3255 πρακτικὸς
1169 3185 1498 3253 ῦποτάσσειν
1531 3185 1770 3250 εὐκόλως
1795 3185 1887 3241 δύ-

291 3299 456 3338 ναται
485 3280 577 3334 τὸν
607 3278 732 3333 νοῦν
761 3281 828 3352 τῇ
861 3279 1015 3351 εὐχῇ·
1049 3280 1078 3333 6
1108 3278 1167 3332 δὲ
1197 3277 1550 3349 θεωρητικὸς,
1587 3277 1687 3350 τὴν
1721 3277 1888 3350 εὐχὴν

295 3374 377 3446 τῷ
401 3375 503 3428 νοῒ.
545 3373 605 3427 '0
649 3373 747 3444 μὲν
774 3370 885 3426 ἀπὸ
907 3371 1017 3425 τῶν
1039 3370 1383 3442 φαινομένων
1413 3371 1719 3426 συστέλλων
1755 3389 1888 3443 σχηο

297 3467 492 3539 μάτων
535 3465 636 3535 τὴν
663 3463 918 3535 αἴσθησιν
939 3475 954 3491 ·
985 3464 1014 3516 ὁ
1043 3462 1101 3516 δὲ
1137 3462 1234 3534 τὴν
1263 3461 1444 3532 ψυχὴν
1475 3462 1612 3534 πρὸς
1645 3464 1770 3526 τοὺς
1799 3463 1885 3532 ὲγ-

298 3553 725 3626 κεκρυμμένους
751 3553 867 3616 τοῖς
904 3552 1112 3623 ῥήμασι
1133 3551 1326 3619 λόγους
1351 3551 1754 3622 μεταϐιϐάζων.
1780 3553 1891 3608 Καὶ

295 3649 331 3701 6
368 3645 469 3718 μὲν
497 3644 768 3716 σωμάτων
807 3643 987 3696 πείθει
1015 3641 1207 3710 λόγους
1235 3643 1327 3696 τὸν
1354 3641 1481 3696 νοῦν
1502 3643 1704 3698 ἐννοεῖν
1730 3659 1744 3674 ο
1775 3643 1804 3695 6
1832 3643 1892 3697 δὲ

298 3739 611 3808 ἀσωμάτων
635 3736 942 3790 κατανοεῖν.
982 3732 1287 3811 ’Δσώματοι
1308 3733 1366 3788 δέ
1392 3735 1500 3788 εἰσι
1528 3734 1677 3804 λόγοι
1702 3736 1890 3807 σωμά-

301 3846 435 3896 των,
469 3827 734 3899 ίδιότητές
759 3843 819 3881 τε
849 3827 946 3881 καὶ
974 3826 1156 3881 οὐσίαι
1189 3824 1392 3881 αὐτῶν.

391 4108 512 4182 ριζ¹.
570 4109 742 4162 Ὅταν
794 4106 888 4160 τὸν
937 4105 1062 4161 νοῦν
1088 4122 1183 4160 σου
1212 4107 1312 4178 τῆς
1335 4105 1444 4160 τῶν
1475 4109 1769 4178 σωμάτων,
1803 4109 1898 4162 καὶ

309 4200 643 4275 βρωμάτων,
667 4199 762 4252 καὶ
793 4198 1096 4269 χρημάτων
1125 4197 1460 4268 ἡδυπαθείας
1494 4199 1893 4272 ἐλευθερώσῃς,

309 4287 562 4347 τότεκαὶ
589 4291 728 4362 ὅπερ
768 4289 836 4344 ἂν
877 4291 1076 4352 ποιεῖς,
1125 4289 1301 4360 δῶρον
1359 4289 1602 4359 καθαρὸν
1652 4290 1732 4360 τῷ
1777 4293 1899 4364 Θεῷ

313 4383 696 4456 λογισθήσεται
731 4399 745 4413 ο
781 4380 1194 4452 ἀντιδοθήσεται
1219 4381 1277 4434 δέ
1315 4399 1398 4435 σοι
1428 4381 1524 4436 τοῦ
1557 4381 1898 4455 διανοιγῆναι

1977 1796 2213 1867 subjecti
2251 1793 2582 1850 dill'erentia.

2052 1889 2174 1942 115.
2212 1888 2365 1944 Mens
2409 1887 2600 1957 plures
2634 1883 2811 1938 iniens
2851 1879 2989 1943 vias,
3019 1870 3346 1930 insatiabilis
3389 1862 3570 1921 nosci-

1980 1993 2071 2035 tur
2097 1999 2108 2033 :
2136 1980 2206 2035 ad
2236 1993 2402 2034 unam
2427 1993 2556 2033 vero
2581 1975 2835 2038 collecta,
2868 1985 2990 2042 qua:
3023 1975 3108 2022 est
3131 1960 3419 2024 orationis,
3443 1970 3570 2012 cum

1980 2069 2218 2124 necdum
2250 2077 2410 2124 naCta
2442 2076 2527 2122 est
2553 2063 2972 2136 perfectionem,
3005 2052 3286 2128 angustari
3319 2049 3567 2136 videtur;

1984 2179 2182 2234 rogans
2236 2163 2333 2233 qui
2394 2161 2469 2217 sit
2528 2159 2840 2231 particeps,
2903 2151 2970 2207 ad
3032 2164 3098 2206 ea
3161 2141 3365 2201 dimitti
3424 2135 3571 2194 unde

1979 2257 2210 2312 exierat.

2056 2346 2179 2401 1H.
2213 2347 2257 2402 E
2305 2345 2444 2400 ecelo
2496 2344 2758 2399 devectus
2809 2339 3050 2404 animus,
3108 2350 3220 2390 non
3270 2345 3338 2386 eo
3382 2338 3576 2382 rursus

1982 2439 2180 2495 evadat
2221 2437 2563 2508 postliminio
2609 2449 2888 2496 reversus,
2916 2431 3024 2486 nisi
3063 2423 3311 2483 vacando
3348 2415 3573 2482 divinis,

1984 2541 2204 2587 terrena
2231 2531 2345 2585 hinc
2371 2528 2739 2597 infcrioraquc
2767 2521 3183 2594 contempserit.

2058 2622 2180 2676 115.
2223 2622 2316 2676 Sin
2349 2615 2532 2674 minus
2569 2619 2698 2672 licet
2737 2617 2818 2673 sic
2854 2629 3184 2687 componere
3215 2609 3485 2668 animum,
3515 2609 3579 2658 ut

1981 2730 2110 2770 cum
2141 2713 2280 2768 solis
2317 2713 2465 2766 circa
2507 2711 2687 2781 ipsum
2724 2707 3156 2782 cogitationibus
3185 2707 3460 2762 versetur,
3488 2693 3577 2750 vel

1984 2820 2188 2876 corpus
2237 2813 2392 2860 tuum
2447 2803 2756 2857 solitarium
2808 2815 2929 2856 esse
2973 2814 3127 2869 coge,
3167 2808 3289 2851 eam
3333 2805 3457 2861 qua:
3499 2785 3579 2842 illi

1985 2895 2198 2966 adjacet
2241 2894 2519 2948 miseriam
2552 2893 2814 2947 continue
2849 2889 3136 2962 cogitans:
3163 2885 3244 2942 sic
3269 2882 3418 2938 enim
3451 2891 3582 2950 pro-

1986 3004 2146 3044 cessu
2192 2986 2476 3056 temporis,
2509 2985 2582 3039 ad
2629 2985 2922 3055 pristinam
2969 2995 3189 3053 quoque
3241 2974 3434 3032 licebit
3481 2968 3580 3027 Dei

1911 3076 1955 3136 C
1986 3078 2285 3138 clementia
2320 3077 2501 3132 redire
2533 3076 2891 3148 ingenuitatis
2919 3071 3315 3146 praestantiam.

2062 3193 2188 3249 116.
2227 3193 2278 3248 ls
2329 3190 2553 3262 quidem
2613 3191 2708 3261 qui
2765 3188 2980 3244 actione
3033 3182 3375 3254 defungitur,
3422 3177 3582 3234 facile

1991 3295 2233 3344 mentem
2275 3285 2551 3356 subjicere
2602 3292 2784 3354 potest
2825 3279 3097 3345 orationi;
3137 3277 3232 3348 qui
3268 3290 3401 3331 vero
3445 3287 3580 3327 con-

1991 3378 2340 3451 templationi
2371 3377 2580 3439 studet,
2605 3376 2910 3431 orationem
2933 3371 3128 3428 menti.
3153 3369 3308 3426 Alter
3335 3365 3581 3437 quidem,

1991 3472 2374 3530 contrahendo
2408 3485 2631 3527 sensum
2663 3470 2732 3525 ab
2755 3484 2948 3524 eorum
2980 3465 3170 3538 ﬁguris
3191 3480 3313 3535 qua:
3342 3463 3397 3517 in
3427 3474 3584 3531 aspe-

1992 3573 2144 3620 ctum
2178 3564 2416 3628 cadunt;
2451 3562 2592 3617 alter
2626 3576 2780 3625 vero,
2815 3560 3059 3615 animum
3103 3555 3484 3612 transferendo
3511 3549 3582 3606 ad

1995 3656 2238 3711 rationes
2272 3656 2506 3710 latentes
2537 3653 2590 3708 in
2629 3653 2830 3708 verbis.
2857 3653 2935 3708 Ac
2962 3650 3187 3722 quidem
3217 3647 3376 3712 alter,
3413 3642 3582 3701 menti

1995 3757 2191 3803 auctor
2230 3757 2314 3802 est
2358 3756 2418 3802 ut
2456 3762 2753 3818 corporum
2791 3745 3034 3800 rationes
3063 3742 3412 3807 consideret;
3445 3739 3586 3794 alter

1996 3855 2148 3902 vero,
2178 3847 2240 3894 ut
2273 3839 2727 3908 incon-porcorum
2764 3838 2923 3908 plene
2957 3835 3246 3907 intelligat.
3285 3832 3426 3888 Sunt
3453 3844 3587 3886 vero

2000 3932 2343 4005 incorporea:
2407 3946 2701 4000 corporum
2745 3929 3038 3993 irationcs,
3096 3939 3399 3996 eorumque
3459 3935 3586 3978 cum

1998 4025 2365 4094 proprietates
2394 4033 2507 4077 tum
2535 4024 2811 4079 essentiaz.

2074 4113 2198 4166 117.
2237 4112 2375 4166 Cum
2403 4122 2642 4167 mentem
2674 4121 2821 4166 tuam
2853 4127 2884 4166 a
2914 4123 3210 4180 corporum
3243 4117 3299 4164 et
3336 4107 3588 4162 ciborum

2001 4218 2066 4258 ac
2093 4203 2452 4273 pecuniarum
2484 4203 2793 4273 voluptario
2823 4202 3022 4256 atl‘ectu
3047 4199 3214 4271 654
3248 4215 3314 4253 ac
3358 4197 3589 4252 libidine

2002 4295 2353 4361 liberaveris,
2422 4305 2554 4350 tunc
2599 4294 2865 4365 quidquid
2929 4292 3160 4357 feceris,
3217 4305 3420 4345 munus
3478 4289 3592 4343 Deo

2004 4388 2272 4444 mundum
2331 4389 2695 4459 reputabitur,
2744 4387 3190 4456 retribueturque
3227 4384 3324 4440 tibi
3364 4391 3425 4438 ut
3463 4396 3592 4454 ape-

317 4581 402 4640 ιιι,
433 4584 463 4622 a
492 4567 898 4640 phantasmate,
930 4565 1076 4640 qu'od
1104 4567 1291 4640 sensui
1311 4569 1560 4640 ascribit.
1587 4570 1714 4625 Sive
1739 4570 1888 4625 enim
1923 4574 1965 4626 D
1995 4571 2281 4633 Maximus,
2303 4569 2516 4640 λογικά,
2540 4584 2647 4623 non
2677 4567 2794 4638 ipsa
2827 4566 3041 4623 ratione
3068 4563 3320 4640 prgdita2
3349 4563 3446 4617 sed
3470 4579 3593 4640 qua;

317 4635 607 4720 ipsam—rei
648 4635 1016 4720 quidditatem
1042 4637 1502 4720 intelligat,.quod
1535 4648 1698 4720 vocat
1713 4643 1892 4720 νόημα

320 4707 400 4778 (id
452 4715 540 4763 est
589 4714 922 4779 conceptum
973 4707 1177 4779 mentis
1219 4723 1284 4762 ac
1332 4708 1727 4779 intellectum),
1780 4707 1898 4765 sive

316 4776 470 4860 circa
525 4776 842 4860 accidentia
871 4785 929 4860 et
979 4778 1351 4860 preprietates
1412 4776 1710 4844 discurrat,
1751 4781 1900 4860 quod

317 4848 582 4929 λογισμὸν
629 4847 918 4929 indigetat,
951 4847 1180 4929 omnino
1218 4864 1448 4929 necesse
1471 4859 1592 4929 est,
1620 4860 1682 4906 ut
1730 4847 1904 4921 phan-

320 4918 708 4992 tasma,_quasi
742 4918 939 4992 omnis
961 4919 1098 4992 ejus
1121 4919 1452 4992 cognitionis
1480 4921 1676 4986 basim,
1710 4918 1905 4992 specu-

319 4991 495 5054 letur,
529 4989 585 5044 in
615 5004 726 5058 quo
748 4997 806 5044 et
825 4988 1160 5054 accidentia,
1183 4988 1239 5044 et
1259 4989 1377 5058 ipsa
1399 4992 1640 5046 essentia
1684 4988 1792 5048 illis
1817 4996 1902 5047 in—

321 5061 538 5124 voluta,
578 5060 816 5133 eluceat.
849 5059 932 5112 Τὰ
957 5060 1151 5133 λογικὰ
1174 5060 1322 5133 quod
1347 5071 1528 5133 vocat,
1552 5078 1617 5117 ea
1642 5079 1763 5133 qua:
1789 5065 1904 5118 dis-

321 5146 492 5206 cursu
539 5145 606 5186 ac
648 5129 864 5206 ratione
908 5131 1202 5206 cogitante
1243 5130 1630 5206 intelliguntur
1663 5129 1905 5206 (passive

324 5201 542 5256 scilicet
565 5200 773 5256 utendo
795 5200 887 5254 illa
903 5199 1058 5271 voce)
1077 5199 1243 5271 paulo
1265 5199 1593 5257 insolentius
1612 5199 1715 5258 est.
1735 5206 1906 5259 Allinc

325 5280 514 5327 tamen
551 5279 657 5337 est,
707 5271 854 5341 quod
882 5271 1105 5340 λογικὴν
1157 5271 1348 5324 στάσιν
1390 5271 1587 5328 dicunt
1632 5276 1906 5337 rhetores,

323 5350 529 5397 statum
559 5341 904 5397 rationalem.
929 5341 1332 5410 Quintilianus,
1372 5343 1412 5396 1.
1469 5359 1547 5409 Ill,
1587 5360 1637 5398 c.
1663 5347 1728 5400 5:
1764 5346 1909 5401 Illud

323 5413 652 5494 iampmnes
704 5412 964 5494 fatentur,
997 5427 1108 5494 esse
1131 5415 1447 5494 quaestiones
1477 5424 1571 5494 a_ut
1597 5417 1651 5469 in
1688 5419 1906 5488 scripto,

327 5493 423 5538 aut
450 5484 506 5538 in
541 5500 644 5556 non
663 5484 889 5556 scripto:
912 5485 972 5556 in
1002 5484 1366 5556 scripto,_sunt
1400 5485 1463 5538 de
1495 5487 1654 5556 jure:
1697 5489 1752 5542 in
1796 5484 1910 5541 non

326 5556 548 5625 scripto,
580 5555 644 5608 de
672 5553 923 5609 resillud
954 5553 1146 5624 legale,
1206 5554 1300 5608 hoc
1341 5553 1629 5610 rationale.
1678 5559 1910 5613 llerma-

365 5634 682 5697 orasatque
711 5641 839 5697 eum
872 5625 1049 5680 secuti
1073 5633 1296 5697 vocant,
1319 5628 1544 5691 νομικὸν
1572 5636 1629 5682 et
1673 5629 1908 5697 λογικόν.

359 5694 872 5777 tentC.i.cero,Tttsc.
977 5711 1067 5777 tv}.
1096 5694 1268 5777 Παρω
1320 5712 1383 5777 ea
1426 5714 1544 5777 qam
1594 5698 1659 5752 de
1696 5694 1910 5770 pertur-

331 5767 634 5839 bationibus
664 5766 992 5839 enttcleatitts
1016 5765 1478 5839 dispttlant§totci
1503 5785 1518 5820 :
1551 5785 1670 5838 qua:
1696 5765 1909 5839 ’λογικὰ

336 5834 634 5908 appellant,
673 5838 796 5907 quia
828 5834 1137 5892 asseruntur
1166 5836 1430 5894 subtilius.
1467 5834 1572 5896 Sic'
1596 5834 1795 5912 itaque
1824 5842 1920 5897 hic

1378 5921 1397 5946 ο

2003 4641 2083 4695 sic
2121 4642 2336 4696 ratione
2377 4633 2799 4712 percipiuntur;
2822 4646 2887 4712 _et
2918 4652 3042 4712 qua;
3063 4633 3376 4712 rationalia,
3398 4633 3593 4712 eadem

2003 4727 2127 4766 cum
2161 4704 2549 4767 ercis'vocis
2581 4709 2872 4780 ὁμωνυμίᾳ.
2920 4704 3172 4780 cogimur
3213 4704 3592 4780 dice_re,qu_od

2003 4799 2112 4836 non
2149 4783 2421 4837 distincta:
2444 4773 2630 4844 voces,
2656 4789 2716 4834 ut
2737 4773 2870 4836 sunt
2897 4778 2958 4832 τὸ
2980 4773 3169 4846 νοητὸν
3197 4783 3256 4846 et
3291 4773 3354 4826 τὸ
3385 4774 3576 4844 νοερὸν

2003 4854 2105 4908 etsi
2134 4870 2236 4908 nec
2267 4853 2318 4907 in
2359 4853 2468 4908 illis
2514 4860 2776 4906 auctores
2817 4850 2953 4905 satis
2995 4845 3239 4902 accurati
3269 4851 3420 4908 sunt,
3467 4859 3592 4909 nec,

2006 4941 2129 4978 raro
2163 4940 2356 4977 eorum
2384 4923 2688 4994 signiﬁcata
2705 4919 3069 4994 confundant,
3095 4931 3161 4972 ac
3197 4914 3347 4986 quod
3373 4914 3590 4984 passive

2007 5005 2187 5059 sonat,
2213 4995 2392 5048 active
2417 4990 2713 5062 accipiant.
2754 4990 3131 5062 vicissimque.

2079 5054 2491 5135 (ν)’Λιπαρῶν
2540 5054 2666 5135 't6r_
2681 5063 2965 5131 μέτοχον.
3000 5054 3266 5135 Placebat
3321 5054 3498 5135 magis
3525 5064 3596 5135 ut

2007 5125 2155 5191 esset
2207 5135 2300 5187 τὸν
2342 5125 2865 5204 κάτοχονηῐὶοειιηέ
2893 5145 3043 5194 cum,
3081 5127 3175 5204 qui
3218 5125 3304 5180 vir
3328 5125 3596 5196 spiritalis

2009 5205 2101 5267 sit,
2136 5206 2339 5271 ἔνθεος,
2375 5199 2574 5276 plenus
2603 5199 2815 5276 Spiritu
2862 5216 2926 5255 ac
2975 5199 3230 5276 oratione
3273 5206 3593 5276 provectus,

2010 5279 2241 5349 ejusque
2298 5267 2501 5331 nactus
2527 5267 2967 5349 perfectionem;
2977 5269 3190 5349 quique
3243 5267 3382 5349 adeo
3409 5267 3598 5349 quiete

2013 5337 2067 5401 in
2095 5337 2187 5402 illa
2222 5347 2478 5410 fruatur;
2509 5337 2621 5415 prae
2643 5337 3501 5415 laborisscilicet;impatientia,
3536 5345 3604 5415 ut

2013 5417 2068 5472 in
2104 5419 2230 5472 aliis
2286 5418 2367 5473 sic
2412 5407 2696 5484 dissipatis
2736 5411 2965 5484 (actioni
3022 5407 3235 5484 scilicet
3286 5407 3598 5484 addictum)

2013 5489 2216 5544 morari
2247 5488 2395 5542 sinat
2421 5505 2434 5539 :
2468 5503 2530 5540 ac
2555 5479 2644 5538 'vel
2662 5479 2918 5546 maxime,
2941 5481 3088 5552 quod
3113 5494 3312 5552 ea‘vox
3343 5479 3598 5552 κάτοχοσ,

2013 5548 2976 5637 etiarnactivam“signiﬁcationem
3018 5548 3367 5637 quandoque
3402 5549 3604 5637 admit-

2015 5638 2112 5685 tat.
2149 5631 2241 5685 Sic
2267 5629 2416 5684 enim
2451 5627 2540 5680 ille
2555 5619 2618 5681 in
2653 5624 2922 5679 orationis
2937 5619 3204 5678 exercitio
3255 5619 3601 5675 detinentem

2017 5702 2235 5756 Patrem
2276 5697 2608 5768 spiritalem,
2639 5696 2708 5749 ab
2735 5711 2798 5750 ea
2834 5695 3138 5759 dimittere,
3189 5692 3268 5748 sic
3315 5691 3473 5762 quasi
3510 5699 3603 5746 tte-

2017 5772 2110 5829 dio
2134 5772 2317 5826 vietus
2345 5782 2616 5840 propense
2646 5775 2819 5838 roget.
