4108 6454
591 402 723 488 1497

1758 428 1820 487 S.
1863 425 2149 486 ΜΑΧΙΜΙ
2189 425 2697 486 CONFESSORIS

3737 424 3861 490 1428

587 533 802 587 riantur
834 533 979 586 oeuli
1021 533 1206 588 cordis
1245 534 1346 598 tui,
1380 543 1435 588 et
1469 543 1527 588 ut
1558 535 1612 589 in
1648 535 1742 590 Dei
1778 535 1990 606 legibus
2021 534 2076 589 in
2109 549 2177 589 eo

2291 536 2410 597 τοὺς
2444 535 2544 603 τῆς
2571 535 2804 607 καρδίας
2846 555 2938 591 σου
2970 537 3304 609 ὀφθαλμοὺς,
3341 537 3435 592 καὶ
3460 537 3684 610 τρανῶς
3710 538 3865 608 Epp;-

587 623 823 679 ceeultis
873 625 1019 679 clare
1073 625 1385 690 medi‘teris;
1445 642 1565 695 qua:
1604 627 1829 696 quidem
1870 643 2039 698 super
2072 626 2179 682 mel

587 725 644 770 et
678 715 862 769 favum
916 716 1150 786 spiritali
1198 718 1411 787 gutturi
1457 726 1550 771 tuo
1590 718 1930 774 videbuntur
1964 720 2032 785 “,
2068 734 2182 790 prae

589 809 885 864 dulcedine
913 827 1035 880 qua:
1066 825 1133 864 ex
1167 809 1275 864 illis
1310 809 1661 866 diffunditur.

659 892 782 955 118.
829 892 969 956 Fieri
1003 917 1111 955 non
1142 910 1324 971 potest
1360 911 1422 956 ut
1447 917 1740 972 corporum
1787 900 2177 972 pecuniarum-

588 1011 698 1064 que
734 1011 797 1049 ac
828 994 1267 1050 necessariorum
1292 995 1541 1050 ciborum
1578 994 1882 1066 cupiditate
1925 993 2180 1064 superio-

589 1101 706 1141 rem
737 1086 940 1142 ellieias
969 1087 1236 1152 animum,
1264 1087 1370 1142 nisi
1398 1089 1453 1143 in
1492 1087 1751 1143 mundam
1782 1087 2060 1157 justorum
2090 1100 2180 1141 re-

590 1177 806 1248 gionem
839 1194 966 1233 eum
1000 1178 1306 1240 induxeris.
1346 1179 1401 1233 in
1435 1195 1540 1253 qua
1577 1178 1674 1235 Dei
1717 1178 2021 1248 mortisque
2070 1191 2181 1232 me-

589 1267 765 1323 moria
793 1270 1301 1340 supergerminans,
1333 1286 1557 1342 germen
1593 1285 1754 1326 omne
1791 1269 1869 1324 rei
1899 1268 2182 1325 desidera-

589 1360 717 1416 bilis
746 1377 776 1417 e
807 1370 1026 1418 terreno
1051 1363 1217 1419 corde
1242 1363 1468 1420 delebit.

666 1455 788 1511 119.
831 1456 1021 1511 Mortis
1063 1457 1396 1533 cogitatione
1438 1457 1576 1513 nihil
1624 1455 2038 1513 formidolosius
2074 1466 2180 1522 est,

590 1561 696 1602 nec
741 1549 840 1603 Dei
887 1550 1149 1604 memoria
1195 1549 1496 1620 quidquam
1547 1549 1950 1605 admirabilius.
1997 1549 2183 1605 Altera

589 1638 837 1710 quidem,
866 1641 1162 1696 salutarem
1190 1641 1467 1696 tristitiam
1499 1652 1759 1712 praastare
1787 1642 1979 1708 habet;
2011 1643 2183 1697 altera

591 1731 837 1786 tribuere
881 1733 1081 1788 mentis
1131 1733 1398 1790 laztitiam.
1434 1733 1525 1789 Ait
1567 1734 1714 1788 enim
1747 1733 2044 1805 Propheta,
2075 1733 2185 1788 Me-

592 1839 710 1875 mor
739 1822 816 1892 [ui
849 1822 962 1888 Dei,
999 1833 1047 1877 et
1081 1825 1368 1880 delectatus
1405 1842 1523 1879 sum
1549 1826 1615 1879 ’⁸.
1652 1824 1884 1895 Sapiens
1916 1841 2136 1895 quoque
2167 1842 2180 1878 :

590 1911 894 1968 Memorare
934 1917 1215 1971 novissima
1259 1925 1374 1982 tua,
1441 1926 1626 1971 etnon
1671 1918 1904 1988 peccabis
1935 1918 2002 1970 “.
2039 1916 2186 1972 Fieri

592 2005 740 2060 enim
785 2023 894 2062 non
942 2016 1142 2083 potest,
1187 2018 1248 2064 ut
1295 2009 1422 2080 quis
1468 2013 1699 2065 alterum
1747 2010 2017 2075 obtineat,
2049 2009 2186 2082 quin

594 2098 803 2169 prioris
836 2100 1195 2156 acerbitatem
1223 2102 1344 2173 ejus
1374 2102 1493 2172 ipso
1521 2101 1770 2172 periculo
1802 2101 2040 2156 noverit.

667 2191 790 2246 120.
832 2192 1017 2247 Donec
1065 2209 1222 2248 mens
1270 2194 1509 2249 revelata
1557 2193 1697 2250 faeie
1737 2193 1841 2248 Dei
1879 2192 2186 2248 claritatem

594 2285 882 2356 conspexit
918 2287 982 2351 ³⁷,
1020 2302 1130 2341 non
1179 2297 1361 2356 potest
1411 2287 1630 2341 animus
1675 2286 1862 2341 dicere
1917 2286 1973 2339 in
2021 2300 2186 2340 sensu

594 2390 698 2431 suo
732 2395 744 2431 :
783 2378 895 2449 Ego
940 2396 1060 2434 vero
1109 2378 1408 2433 delectabar
1454 2380 1510 2433 in
1553 2377 1780 2433 Domino
1811 2379 1878 2444 ³⁸,
1913 2377 2189 2432 exsultubo

593 2467 650 2520 in
681 2467 916 2522 salutari
947 2471 1062 2540 ejus
1093 2472 1158 2524 ".
1190 2470 1449 2525 Velamen
1484 2469 1635 2525 enim
1673 2469 1802 2524 caeci
1845 2485 1910 2526 ac
1952 2469 2190 2525 carnalis

595 2558 802 2614 amoris
837 2575 1005 2632 super
1053 2577 1150 2617 cor
1195 2563 1316 2634 ejus
1359 2562 1601 2632 positum
1633 2573 1750 2628 est,
1785 2572 1847 2618 ut
1880 2579 1991 2618 non
2029 2577 2188 2619 reve-

593 2651 783 2709 lentur
826 2655 882 2710 ei
929 2656 1283 2712 fundamenta
1325 2657 1478 2713 orbis
1519 2667 1681 2713 terra:
1727 2657 1938 2729 (rerum
1981 2658 2192 2713 scilicet

596 2743 944 2800 conditarum
978 2746 1264 2816 rationes),
1301 2763 1404 2802 nec
1432 2746 1625 2802 abillo
1662 2747 1947 2803 auferetur
1981 2747 2190 2817 absque

595 2837 883 2894 laboribus
909 2846 1104 2910 sponte
1133 2840 1432 2910 assumptis
1462 2847 1628 2910 atque
1655 2839 1970 2901 extrinseeo
1995 2846 2190 2918 agente

599 2928 790 2984 illatis.

670 3021 795 3076 121.
831 3021 949 3077 Νοιι
993 3029 1118 3091 post
1143 3020 1328 3093 fugam
1352 3036 1419 3077 ex
1451 3019 1687 3093 Egypto
1721 3021 1870 3092 (post
1901 3030 2191 3092 peccatum

599 3111 812 3168 scilicet
854 3111 1004 3182 quod
1042 3120 1170 3167 actu
1215 3112 1611 3182 perpetratur),
1657 3127 1836 3183 neque
1876 3120 2002 3182 post
2029 3112 2194 3170 maris

599 3204 894 3259 transitum
948 3204 1237 3278 (libidinis
1285 3217 1600 3277 superatam
1635 3208 2039 3274 servitutem);
2096 3208 2193 3264 sed

600 3308 721 3366 pos!
760 3312 968 3352 moram
1008 3298 1065 3352 in
1116 3297 1358 3364 deserto,
1390 3315 1512 3369 quae
1564 3299 1824 3355 videlicet
1861 3301 2007 3354 inter
2038 3300 2196 3354 mali-

604 3389 694 3444 tiae
715 3388 947 3445 ellectus
976 3399 1269 3460 motusque
1312 3391 1493 3446 media
1538 3392 1875 3457 intercedat,
1911 3391 2195 3446 lsraelitici

603 3482 792 3552 populi
841 3481 1062 3538 ductori
1106 3497 1433 3538 concessum
1477 3485 1767 3554 explorare
1819 3491 2024 3539 terram
2063 3499 2196 3553 pro-

602 3575 828 3631 missam
855 3576 899 3608 ⁸⁰
934 3575 1397 3647 (tranquillissimi
1437 3576 1607 3630 animi
1649 3584 1853 3632 statum
1895 3592 1961 3632 ac
1997 3576 2198 3647 imper-

607 3667 1024 3741 turbationem),
1047 3667 1212 3724 missa
1242 3667 1296 3724 in
1329 3683 1451 3722 eam
1492 3684 1608 3724 rem
1659 3669 1959 3740 aspeetrice
1993 3669 2200 3724 virtute

605 3775 709 3815 sua
740 3777 806 3816 ac
829 3761 1022 3832 procul
1055 3761 1384 3832 inspectrice
1411 3761 1477 3815 ³¹.

680 3850 801 3905 122.
837 3851 904 3906 lli
938 3851 1032 3922 qui
1063 3852 1119 3906 in
1151 3851 1373 3906 deserto
1410 3851 1624 3916 sedent,
1653 3852 1748 3922 qui
1780 3853 1991 3908 scilicet
2019 3867 2050 3907 a
2083 3867 2198 3907 ma-

607 3945 678 4000 lis
719 3945 993 4009 otiantur,
1043 3944 1237 4000 auditu
1289 3946 1407 4001 solo
1447 3945 1622 4000 beatae
1668 3945 1819 4000 illius
1858 3954 2018 4001 terrze
2056 3946 2200 4000 bona

608 4042 998 4105 perceperunt.
1031 4033 1136 4100 Qui
1172 4048 1303 4090 vero
1334 4033 1500 4088 etiam
1544 4035 1922 4104 exploratores
1955 4034 2198 4099 fuerunt,

609 4126 667 4182 hi
717 4127 981 4182 nimirum
1027 4142 1116 4182 res
1161 4126 1306 4197 ipsas
1343 4126 1522 4181 oculis
1566 4126 1905 4196 usurpando,
1941 4127 2203 4183 subtilius

609 4219 798 4275 animo
848 4219 1274 4274 intellexerunt.
1315 4219 1384 4274 At
1418 4219 1512 4289 qui
1560 4218 1616 4272 in
1657 4234 1782 4273 eam
1828 4218 2040 4290 ingredi
2090 4234 2203 4274 ine-

611 4319 869 4375 ruerunt,
901 4317 1016 4368 toto
1051 4325 1217 4364 sensu
1258 4324 1326 4363 ex
1363 4325 1426 4364 ea
1470 4309 1772 4364 ﬂuentibus
1809 4309 1863 4364 in
1897 4310 2056 4365 laetis
2090 4326 2206 4365 mo-

613 4421 731 4462 rem
775 4420 842 4459 ac
886 4403 1066 4459 mellis
1101 4403 1300 4474 (prima
1343 4404 1558 4460 scilicet
1590 4412 1647 4460 et
1679 4404 1921 4459 secunda
1960 4415 2208 4460 eontem-

614 4495 878 4567 platione)
909 4496 1216 4552 rationibus
1247 4497 1477 4552 saturati
1517 4504 1645 4552 sunt
1672 4497 1738 4550 δ’.

682 4672 848 4746 655
898 4673 1019 4728 125.
1055 4673 1308 4729 Nondum
1350 4691 1475 4744 cum
1512 4674 1734 4730 Christo
1765 4673 2064 4732 crucifixus
2099 4683 2205 4737 est,

616 4767 712 4838 qui
740 4767 1021 4823 naturales
1047 4767 1233 4821 carnis
1259 4765 1442 4821 adhuc
1474 4777 1657 4823 motus
1694 4768 1863 4822 habet
1895 4785 1907 4820 :
1940 4783 2042 4821 nec
2084 4781 2210 4821 cum

617 4861 712 4916 illo
739 4859 988 4930 sepultus
1014 4867 1118 4924 est,
1145 4859 1237 4929 qui
1268 4859 1437 4913 animi
1465 4859 1744 4915 desideria
1783 4876 1848 4916 ac
1879 4859 2213 4930 cupiditates

2285 625 2443 696 λετᾷν
2483 628 2596 689 τοῖς
2635 628 3113 702 ἐγκεκρυμμένοις
3144 631 3202 683 ἐν
3228 631 3366 702 αὐτῇ
3404 629 3598 700 νόμοις
3624 627 3776 690 Θεοῦ,
3804 629 3865 680 οἰ-

2281 735 2428 782 τινες
2459 719 2601 788 ὑπὲρ
2633 717 2757 787 μέλι
2783 719 2879 772 καὶ⁵
2909 719 3105 792 κηρίον
3143 719 3222 791 τῷ
3256 719 3432 790 νοητῷ
3477 735 3580 772 σου
3621 717 3865 786 λογισθή-

2283 831 2466 868 σονται
2493 813 2755 885 λάρυγγι,
2777 817 2844 888 τῇ
2877 815 2973 870 ἀπ’
3002 815 3185 870 αὐτῶν
3210 815 3531 887 ἐκδιδομένῃ
3557 813 3803 886 ήδὺτητι.

2359 911 2484 977 ριηὀ
2527 905 2602 958 Οὐ
2625 905 2837 980 δυνήσῃ
2875 906 3149 977 σωμάτων
3178 907 3275 960 καὶ
3305 905 3638 977 χρημάτων,
3666 905 3757 956 καὶ
3781 904 3869 974 τῆς

2281 999 2390 1055 τῶν
2449 997 2768 1068 ἀναγκαίων
2834 998 3144 1072 βρωμάτων
3212 999 3512 1070 ἐπιθυμίας
3576 997 3868 1069 ὑπέρτερον

2283 1089 2510 1160 ποιῆσαι
2544 1088 2636 1142 τὸν
2685 1087 2830 1155 νοῦν,
2865 1090 2914 1143 εί
2943 1091 3018 1162 μὴ
3048 1091 3107 1145 ἐν
3138 1093 3204 1162 τῇ
3244 1089 3465 1162 καθαρᾷ
3500 1089 3618 1144 τῶν
3660 1088 3869 1142 δικαίων

2282 1179 2438 1253 χώρᾳ
2470 1181 2689 1260 εἱσάξης
2724 1183 2891 1236 αὐτόν
2921 1198 2937 1215 ο
2982 1182 3105 1237 καθ’
3160 1185 3246 1254 ἦν,
3285 1167 3336 1254 ’ἢ
3381 1201 3441 1237 τε
3495 1181 3596 1237 τοῦ
3652 1180 3868 1236 Θανάτου

2283 1276 2379 1328 καὶ
2402 1276 2436 1346 ή
2463 1274 2559 1329 τοῦ
2585 1275 2723 1328 Θεοῦ
2747 1277 2940 1346 μνήμη
2969 1275 3530 1347 ἐπαναὸλαστήσασα,
3560 1274 3678 1328 ἀπὸ
3693 1275 3870 1344 γηῖνης

2283 1367 2515 1438 καρδίας
2544 1367 2839 1437 ἀπαλείψει
2871 1369 2978 1421 πᾶν
3011 1367 3271 1437 ἐνθυμίου
3301 1367 3618 1438 ἀνάστημα.

2358 1457 2482 1531 ριθ’.
2541 1461 2707 1521 Οὐδὲν
2758 1459 2883 1515 οὔτε
2942 1460 3156 1526 ἐννοίας
3197 1461 3432 1515 Θανάτου
3476 1459 3869 1530 φοϐερώτερον,

2284 1549 2409 1605 οὔτε
2455 1549 2592 1604 Θεοῦ
2627 1551 2853 1622 μνήμης
2883 1549 3355 1622 θαυμασιώτερον.
3401 1550 3467 1604 Ἦ
3496 1550 3603 1620 μὲν
3632 1547 3741 1617 γάρ
3766 1549 3868 1602 ἐστι

2286 1641 2466 1715 λύπης
2520 1641 2900 1714 σωτηριώδους
2947 1644 3260 1713 παρεκτική
3298 1659 3311 1674 ο
3355 1643 3390 1713 ή
3428 1641 3508 1706 δὲ,
3539 1640 3869 1710 εὐφροσύνης

2285 1735 2604 1806 χαιριστική.
2669 1733 3015 1804 Ἐμνήσθην
3068 1734 3200 1804 γὰρ,
3261 1734 3428 1804 φησιν
3475 1735 3506 1786 6
3567 1733 3866 1804 Προφήτης,

2288 1826 2396 1881 τοῦ
2435 1825 2606 1888 Θεοῦ,
2647 1825 2745 1879 καί
2788 1822 3170 1894 ηὐφράνθην.
3208 1823 3320 1876 Kal.
3357 1825 3385 1876 6
3411 1822 3591 1891 Σοφός
3613 1838 3628 1851 ·
3659 1821 3869 1890 hmini-

2217 1895 2260 1951 Β
2291 1933 2452 1972 σκου
2485 1917 2557 1971 τὰ
2592 1914 2825 1986 ἐσκατά
2858 1929 3002 1981 σου,
3035 1914 3134 1969 καὶ
3183 1916 3295 1984 οὐχ
3325 1912 3870 1984 ἀμαρτήσεις.’Ᾱδὺ-

2292 2027 2450 2063 νατον
2476 2009 2587 2079 γάρ
2616 2025 2737 2063 τινα
2760 2006 2857 2067 τοῦ
2885 2006 3140 2077 δευτέρου
3169 2008 3228 2060 ἐν
3249 2007 3588 2077 κατασχέσει
3612 2005 3866 2075 γενέσθαι,

2231 2118 2236 2119 ,
2297 2103 2372 2175 μὴ
2405 2103 2602 2178 πεῖραν
2626 2100 2726 2170 τῆς
2759 2098 2855 2154 τοῦ
2883 2098 3152 2172 προτέῗρου
3188 2097 3423 2155 λαϐόντα
3453 2098 3807 2169 στυφότητος-

2370 2191 2472 2265 ρκ’.
2499 2192 2649 2257 Ἕως
2685 2194 2752 2247 ἂν
2772 2193 2870 2264 τὴν
2897 2190 2994 2246 τοῦ
3018 2189 3155 2245 Θεοῦ
3181 2190 3340 2257 δόξαν
3374 2190 3868 2261 ἀνακεκαλυμμένῳ

2295 2285 2578 2359 προσώπῳ
2602 2286 2706 2340 οὑκ
2735 2285 2823 2359 ἴδῃ
2849 2287 2878 2339 6
2904 2285 3054 2350 νοῦς,
3095 2286 3156 2340 οὐ
3201 2284 3424 2339 δύναται
3455 2285 3489 2355 ή
3528 2284 3680 2354 ψυχὴ
3711 2281 3869 2349 λέγειν

2295 2381 2354 2434 έν
2383 2377 2636 2450 αἰσθήσει
2666 2378 2837 2448 αὐτῆς
2871 2394 2886 2409 ⁸
2923 2375 3066 2448 Ἐγὼ
3088 2376 3157 2432 δὲ
3175 2376 3271 2430 ἐπὶ
3294 2374 3375 2440 τῷ
3399 2377 3606 2444 Κυρίῳ
3634 2374 3867 2442 (895201}-

2295 2485 2481 2541 σσμαι
2513 2487 2528 2500 '
2569 2468 3016 2540 ἀγνιλλιάσομαι
3067 2467 3167 2528 ἐπὶ
3219 2465 3300 2532 τῷ
3342 2467 3623 2533 σωτηρίῳ
3682 2463 3865 2520 αὐτοῦ.

2295 2561 2580 2631 Κάλυμμα
2610 2559 2720 2632 γὰρ
2744 2563 2922 2612 κεῖται
2951 2558 3012 2612 τὸ
3031 2559 3134 2626 τῆς
3163 2557 3451 2626 φιλαυτίας
3487 2555 3596 2610 ἐπὶ
3621 2555 3718 2626 τὴν
3750 2573 3868 2626 καρ-

2295 2652 2413 2706 δίαν
2447 2651 2641 2722 αὐτῆς,
2692 2650 2829 2722 πρὸς
2869 2649 2930 2704 τὸ
2986 2648 3062 2720 μὴ
3117 2647 3580 2720 άνακαλυιῴἧναι
3637 2647 3768 2716 αὐτῇ
3812 2645 3867 2698 τὰ

2298 2745 2530 2817 θεμέλια
2562 2743 2664 2814 τῆς
2696 2742 3044 2814 οἰκουμένης,
3078 2742 3240 2796 ἅτινά
3277 2743 3417 2794 εἰσιν
3468 2739 3520 2792 οἱ
3576 2738 3724 2806 λόγοι
3775 2736 3867 2790 τῶν

2296 2837 2624 2907 γεγονότων,
2669 2835 2808 2906 ὅπερ
2843 2834 2903 2902 ἐξ
2943 2832 3116 2903 αὐτῆς
3165 2832 3228 2886 οὐ
3278 2831 3680 2903 περιαιρεῖται,
3734 2830 3868 2882 ἐκου-

2299 2929 2433 2990 σίων
2456 2927 2635 2985 πόνων
2667 2925 2761 2980 καὶ
2792 2923 3066 2979 ἀκουσίων
3086 2922 3276 2995 χωρίς.

2377 3039 2519 3103 ρκα’.
2597 3032 2672 3085 Οὐ
2723 3033 2864 3102 μετά
2909 3029 3009 3099 τὴν
3071 3028 3131 3093 ἐξ
3183 3027 3464 3097 Αἰγύπτου
3517 3027 3724 3097 φυγήν·
3764 3027 3865 3094 ἣτις

2299 3124 2450 3176 ἐστὶν
2500 3124 2534 3195 ή
2574 3121 2696 3176 κατ’
2751 3119 3038 3192 ἐνέργειαν
3092 3119 3341 3189 ἁμαρτία
3370 3133 3387 3149 °
3441 3116 3568 3170 οὐδὲ
3616 3115 3748 3187 μετά
3783 3114 3863 3185 τήν

2301 3214 2577 3285 θαλάσσης
2614 3211 2887 3274 διάϐασιν,
2931 3211 3031 3281 τῆς
3063 3210 3204 3266 κατὰ
3235 3209 3421 3280 σχέσιν
3443 3209 3595 3274 λέγω
3628 3207 3862 3269 δουλείαςο

2298 3305 2434 3359 ἀλλά
2461 3303 2720 3376 μετὰ-τὴν
2746 3306 2803 3357 ἐν
2824 3304 3020 3375 ἐρήμῳ
3041 3300 3345 3374 διατριϐὴν,
3379 3300 3589 3372 μεταξὺ
3633 3299 3867 3368 κειμένην

2297 3399 2688 3468 ἐνεργημάτων
2740 3395 2836 3450 καὶ
2865 3396 3189 3466 κινημάτων
3232 3394 3451 3458 κακίας,
3516 3391 3620 3445 τοῦ
3679 3389 3864 3461 Ἰσραήλ

2295 3492 2324 3544 6
2367 3487 2700 3560 δημαγωγὸς
2739 3487 2806 3558 (s)
2848 3489 3221 3542 κατασκοπεῖν
3257 3487 3488 3541 δύναται
3523 3485 3631 3554 τὴν
3664 3483 3759 3553 γῆν
3784 3481 3863 3551 τῆς

2297 3575 2654 3645 ἐπαγγελίας,
2722 3576 2849 3647 ἥτις
2902 3574 3054 3630 ἐστὶν
3101 3577 3134 3646 ή
3193 3573 3460 3639 ἀπάθεια,
3510 3571 3618 3642 τὴν
3663 3569 3864 3639 ὀπτικήν

2298 3663 2648 3720 ἀποστέλλων
2679 3664 2774 3717 καὶ
2795 3661 3102 3734 ἐποπτικὴν
3127 3661 3295 3716 αὐτοῦ
3321 3659 3580 3731 δύναμιν.

2375 3849 2515 3928 ρκξιθ.
2557 3856 2620 3910 Oi
2654 3856 2753 3927 μὲν
2787 3856 2846 3908 ἐν
2887 3857 2952 3927 τῇ
2999 3854 3196 3926 ἐρήμῳ
3235 3852 3566 3922 καθήμενοι,
3595 3847 3862 3908 τουτέστιν,

2301 3948 2361 4000 ἐν
2408 3947 2474 4016 τῇ
2528 3944 2638 3999 τῶν
2692 3942 2882 3997 κακῶν
2933 3940 3328 4012 άνενεργησίᾳ,
3393 3941 3530 4010 ἀκοῇ
3599 3938 3729 4009 μόνη
3781 3933 3864 4002 τῆς

2306 4035 2584 4109 μακαρίας
2614 4036 2830 4105 ἐκείνης
2868 4037 2972 4105 γῆς
3021 4034 3092 4086 τὰ
3139 4033 3419 4102 ἀγαθὰ...
3444 4072 3458 4086 .
3509 4032 3561 4084 οἱ
3613 4031 3669 4084 δὲ
3711 4029 3774 4082 τά
3816 4029 3862 4080 ὲν

2303 4128 2494 4200 ἐκείνῃ
2528 4128 3080 4197 κατασκοπήσαντες,
3106 4126 3165 4178 ἐν
3205 4124 3457 4196 περινοίᾳ
3498 4122 3737 4192 δηλονότι
3779 4120 3862 4189 ψυ-

2303 4222 2406 4293 χῆς
2441 4219 2550 4273 τῶν
2600 4218 2895 4289 ὁρωμένων
2925 4216 3161 4289 θεωρίας
3214 4216 3494 4286 γεγόνασι.
3543 4216 3614 4269 Οἱ
3661 4215 3714 4268 δὲ
3747 4228 3862 4265 κατ-

2307 4308 2632 4376 αξιωθέντες
2693 4309 2751 4360 ἐν
2803 4307 2942 4378 αὐτῇ
3023 4306 3318 4371 εἰσελθεῖν,
3379 4307 3477 4378 ὅλῃ
3526 4309 3598 4378 τῇ
3646 4303 3862 4373 αἰσθήσει

2305 4400 2417 4454 τῶν
2463 4398 2524 4464 ἐξ
2560 4398 2733 4468 αὐτῆς
2774 4397 3160 4470 ἀπορρεόντων
3193 4395 3269 4461 ώς
3311 4397 3454 4466 γάλα
3488 4398 3591 4451 καὶ
3625 4395 3754 4468 μέλι,
3784 4393 3861 4459 τῆς

2309 4491 2533 4563 πρώτης
2585 4491 2731 4560 φημὶ
2779 4491 2875 4543 καὶ
2942 4490 3208 4566 δευτέρας
3265 4488 3503 4562 θεωρίας
3567 4489 3664 4560 (t),
3716 4486 3858 4553 λόγων

2236 4610 2285 4668 D
2310 4582 2736 4654 ἐνεφορήθησαν.

2381 4684 2520 4748 ρκγ’.
2569 4675 2739 4729 υῦπω
2769 4673 3188 4746 συνεσταυρώθη
3219 4674 3467 4746 Χριστῷ,
3497 4676 3528 4728 6
3549 4673 3630 4727 ἐτι
3659 4669 3857 4742 φυσικὰς

2313 4765 2556 4834 κινήσεις
2595 4761 2736 4832 ἔχων
2788 4763 3026 4834 σαρκός’
3071 4763 3196 4816 οὐδὲ
3238 4763 3546 4835 συνετάφη,
3598 4766 3626 4818 ό
3652 4763 3857 4832 ψυχιιῆ

2312 4856 2647 4927 ἐνθυμήσεις
2692 4855 3088 4926 ἐπισυρόμενος
3110 4874 3121 4886 ·
3161 4856 3280 4919 πῶς
3314 4852 3408 4910 οὖν
3445 4855 3744 4923 συναναστῇ
3778 4850 3856 4904 αό-

694 5024 739 5056 “
771 5023 914 5076 Psal.
942 5039 1092 5086 xvm,
1116 5022 1200 5075 11.
1279 5023 1322 5052 ’⁸
1346 5019 1485 5074 Psal.
1509 5034 1686 5079 Lxxw,
1715 5019 1766 5070 4.
1848 5017 1891 5047 ²⁶
1910 5018 2090 5071 Eeele.
2111 5033 2195 5070 γιι.

2296 5057 2308 5068 .
2387 5017 2430 5048 ’⁷
2459 5015 2504 5086 11
2523 5014 2652 5086 Cor.
2682 5029 2735 5066 ιιι
2767 5012 2854 5086 -1ξ.
2934 5013 2982 5043 ³⁸
2997 5013 3136 5068 Psal.
3161 5030 3270 5079 cm,
3294 5013 3383 5068 54.
3461 5015 3508 5045 ²⁹
3531 5015 3669 5070 Psal.
3692 5029 3756 5078 lx,
3786 5010 3852 5066 lli-

632 5096 683 5127 ”
710 5096 870 5150 Deut.
911 5109 966 5156 ιι,
997 5094 1085 5158 ‘26;
1113 5093 1278 5147 Josue
1303 5108 1360 5156 ιι,
1394 5092 1442 5144 1.

697 5255 765 5324 (s)
809 5253 920 5324 Τοῦ
957 5250 1208 5324 Ἰσραὴλ
1258 5255 1289 5324 ᾤ
1330 5250 1702 5324 δημαγωγός.
1759 5249 2212 5324 ᾷιζεῃ-ςεοὶὶίοοι,

624 5319 718 5398 qui
745 5319 828 5380 sic
850 5323 996 5398 duos
1023 5323 1194 5386 viros,
1224 5323 1347 5398 sive
1377 5330 1437 5374 ut
1483 5321 1689 5398 habent
1732 5322 1779 5372 οἱ
1816 5319 1983 5398 μξὶΧ,
2029 5322 2214 5398 νεανίτ

1523 5089 1730 5142 "Deut.
1771 5105 1913 5152 xxxn,
1943 5089 2008 5152 :2;
2048 5103 2228 5151 xxxn',
2259 5087 2310 5141 1.

2388 5087 2431 5117 ε’
2467 5083 2642 5139 Exod.
2677 5099 2756 5146 ιιι,
2792 5083 2844 5136 8.

2315 5247 2390 5300 De
2417 5245 2584 5308 Mose,
2603 5247 2701 5314 qui
2721 5249 2856 5303 velit
2886 5244 3276 5313 acciper_e,qui
3300 5252 3355 5298 et
3379 5244 3498 5316 ipse
3521 5243 3854 5316 speculatores

2316 5317 2487 5389 misit.
2513 5325 2569 5371 et
2589 5332 2618 5370 a
2646 5318 2808 5389 longe
2840 5321 3010 5373 etiam
3042 5325 3245 5389 terrain
3279 5315 3514 5384 aspexit,
3559 5321 3854 5389 monstrante

627 5383 815 5457 ὁκους,
839 5396 1077 5461 iuvenes,
1115 5383 1461 5462 exploratum
1495 5392 1667 5453 misit,
1695 5389 1851 5462 omni
1874 5391 1984 5460 jam
2013 5391 2216 5462 deserti
2316 5389 2396 5462 illi
2441 5388 2555 5462 Deo
2582 5404 2613 5441 e
2650 5383 2871 5462 monte.
2893 5404 3018 5462 eum
3053 5383 3361 5462 moriturus
3389 5395 3559 5462 esset,
3605 5401 3702 5462 nec
3737 5383 3851 5462 hica

628 5460 892 5536 superato
928 5465 1159 5536 itinere.
1177 5460 1416 5536 Exponit
1449 5472 1640 5536 autem
1693 5460 1978 5536 Bia-ximus
1999 5461 2206 5536 allego-

630 5529 776 5597 rice,
830 5535 928 5604 τὴν
978 5534 1210 5603 ὀπτικήν
1241 5529 1335 5586 καὶ
1388 5531 1689 5600 ἐποπτικὴν
1730 5529 1896 5604 αὑτοῦ
1953 5529 2202 5604 δύναμιν·

630 5601 1008 5660 εει-ηεηάῖυἰιη
1040 5614 1087 5658 et
1135 5601 1464 5674 inspiciendi,
1498 5618 1722 5656 sensum
1767 5601 2100 5674 scilicetnet’
2125 5602 2209 5656 in-

633 5677 955 5740 tellectum;
1000 5677 1052 5729 id
1085 5684 1170 5729 est
1222 5672 1486 5733 mentem,
1521 5688 1643 5742 quae
1685 5682 1769 5726 est
1813 5673 1898 5726 vis
1963 5672 2055 5727 illa
2107 5674 2206 5726 ἐπ-

632 5751 858 5830 οπτική.
888 5763 994 5816 qua
1021 5748 1150 5800 licet
1174 5745 1444 5830 tantisper
1477 5744 1608 5824 ipsa
1629 5743 2137 5830 divina‘inspic'ere,
2161 5753 2217 5799 et

635 5813 1041 5886 παρακύπτειν,
1067 5817 1226 5884 quasi
1263 5833 1291 5869 a
1327 5815 1486 5884 lange
1527 5813 1685 5867 avide
1741 5813 2059 5886 inclinando
2087 5829 2216 5884 pro-

639 5884 887 5962 spicere:
924 5902 1045 5958 qua:
1070 5885 1798 5958 vittehujussummanostra
1817 5884 2082 5958 perfectio
2109 5893 2211 5943 est.

2316 5457 2537 5512 Maximi
2577 5474 2747 5528 scopo
2787 5459 3019 5512 abierit:
3049 5473 3174 5510 nam
3209 5464 3264 5510 et
3297 5457 3414 5511 haec
3432 5457 3689 5510 ἐποπτεία
3721 5455 3848 5512 sinet

2317 5538 2521 5598 quanta
2556 5529 2888 5584 mortalibus
2916 5543 3178 5582 concessa
3206 5528 3300 5581 Dei
3325 5528 3523 5582 notitia
3572 5543 3633 5582 ac
3663 5534 3849 5594 sperata:

2313 5599 2695 5654 beatitudinis.

2389 5671 2407 5739 (
2426 5670 2476 5739 t)
2514 5669 2628 5736 Τῆς
2658 5670 2893 5736 πρώτης
2928 5668 3024 5722 καὶ
3057 5667 3330 5737 δευτέρας
3373 5671 3634 5736 θεωρίας.
3667 5665 3848 5739 Videtur

2323 5738 2557 5813 primam
2582 5739 3106 5813 contemplationem
3138 5739 3329 5813 dicere
3352 5780 3367 5802 ,
3394 5757 3518 5810 quae
3569 5738 3712 5813 quasi
3751 5748 3847 5802 spc-

2324 5809 2634 5876 cnlatorum
2667 5826 2730 5863 ac
2761 5809 2924 5878 fugax
2947 5821 3061 5874 est;
3110 5809 3434 5873 secundam,
3489 5827 3606 5879 quae
3629 5812 3730 5878 ipsa
3762 5813 3845 5857 sta-

2323 5883 2473 5948 bilis,
2501 5881 2652 5939 velut
2675 5880 3081 5955 possidentium
3123 5882 3235 5952 jam
3257 5881 3474 5937 beatam
3498 5883 3637 5937 illam
3658 5887 3838 5934 terram.
