4108 6426
622 365 754 432 1131

1784 372 1846 430 S.
1879 371 2163 432 ΜΑΧΙΜΙ
2204 369 2718 433 CONFESSORIS

3749 363 3866 431 1432

617 481 930 540 rluriumvc
976 479 1259 535 consortio
1304 481 1506 552 agitur,
1544 479 1700 536 seria
1737 482 1910 552 magis
1950 497 2016 538 ac
2047 497 2204 552 repe-

2315 483 2488 553 σχιδεῖ
2513 482 2685 553 ψυχῇ.
2737 480 2992 552 λογισμοὶ
3055 481 3154 550 μὲν
3194 479 3605 549 ἀπελήλανταιο
3659 476 3771 540 νόες
3817 479 3865 532 δέ

619 573 734 629 tita
774 574 1238 645 immorantesque
1280 575 1664 647 cegitationes.
1707 574 1977 631 Caterum
2013 577 2201 632 animo

615 665 712 735 qui
762 665 951 720 multis
989 664 1198 721 divisus
1239 675 1343 732 est,
1379 665 1686 721 abscedunt
1729 665 1952 736 quidem
1997 665 2236 738 cogita-'

618 757 833 824 tiones;
869 765 1084 812 mentes
1115 771 1248 811 vero
1283 757 1413 812 sola
1449 757 1776 827 corporibus
1806 756 1966 812 nuda
1995 756 2074 810 illi
2107 772 2201 812 ac-

2312 576 2462 646 μόνοι
2503 575 2701 648 γυμνοὶ
2751 575 3022 645 σωμάτων
3053 572 3130 644 (y)
3182 573 3319 644 αὐτῇ
3379 569 3862 643 προσπελάζοντες.

2309 667 2437 731 τοὺς
2485 668 2617 738 περὶ
2675 667 2939 738 Προνοίας
2978 665 3071 719 καὶ
3127 663 3363 736 κρίσεως
3419 663 3640 731 λόγους,
3672 661 3745 725 ῶς
3765 679 3870 715 τινα

2311 757 2538 829 θεμέλια
2568 758 2673 830 γῆς
2709 756 3210 820 ἀνακαλύπτοντες,
3233 755 3372 826 αὐτῇ
3403 752 3809 832 ἐμφανίζουσιν.

617 845 879 904 cedentes
919 845 1207 902 manifeste
1255 855 1552 918 apparent,
1593 846 1961 902 Providentia
2007 862 2072 902 ac
2140 847 2373 918 iudicii,
2442 849 2594 905 velut
2637 849 2887 922 quadam
2937 846 3296 903 fundamenta
3337 855 3522 910 terra,
3592 843 3874 900 rere-laute:

616 953 648 991 r
666 940 864 995 itiones
901 940 970 993 ³⁸.

687 1032 854 1104 656
903 1033 1022 1087 151.
1064 1030 1459 1103 Cogitationes,
1500 1047 1604 1087 nec
1649 1032 1820 1101 partis
1864 1039 1994 1086 sunt
2034 1032 2206 1087 animi

617 1124 858 1180 carentis
896 1123 1130 1189 ratione,
1165 1139 1274 1179 non
1308 1124 1457 1178 enim
1493 1123 1753 1196 cogitatio
1786 1123 1863 1195 (id
1898 1132 2003 1190 est,
2035 1123 2206 1179 ratio-

616 1211 845 1284 cinatio)
893 1212 951 1267 in
1003 1211 1182 1266 brutis
1229 1220 1343 1279 est;
1397 1227 1578 1282 neque
1629 1211 1833 1267 mentis
1874 1220 2032 1277 sunt,
2077 1229 2204 1269 nam

614 1323 797 1377 neque
857 1306 916 1361 in
973 1305 1202 1377 angelis.
1257 1304 1394 1362 Cum
1449 1321 1582 1377 ergo
1635 1303 1914 1360 facultatis
1973 1305 2205 1364 rationis

615 1397 862 1468 germina
913 1397 1045 1462 sint,
1079 1397 1233 1452 velut
1260 1397 1428 1462 scala,
1469 1395 1727 1451 facultate
1771 1401 1993 1450 utentes
2035 1395 2207 1451 infor-

614 1498 800 1544 mante
832 1488 1067 1560 species,
1093 1504 1124 1542 a
1147 1503 1312 1544 sensu
1352 1489 1420 1544 ad
1455 1497 1696 1544 mentem
1731 1489 2056 1556 ascendunt,
2083 1506 2206 1562 qua

615 1593 748 1638 sunt
793 1583 943 1638 illius
990 1584 1041 1638 ei
1093 1583 1447 1650 nuntiantes;
1498 1583 1952 1656 descenduntque
1995 1600 2062 1640 ex
2113 1586 2204 1642 illa

2387 1034 2525 1107 ρλα⁹.
2556 1036 2622 1090 Ol
2668 1033 2940 1105 λογισμοὶ,
2972 1031 3101 1088 οὔτε
3142 1029 3240 1084 τοῦ
3289 1029 3488 1099 ἀλόγου
3535 1027 3741 1099 μέρους
3782 1028 3874 1082 εἰσὶ

2311 1129 2413 1200 τῆς
2447 1127 2628 1200 ψυχῆς
2648 1143 2660 1159 ·
2697 1127 2820 1181 οὐδὲ
2859 1127 2969 1198 γάρ
2995 1121 3387 1194 ἐστιλογισμδς
3415 1123 3475 1175 ἐν
3503 1121 3620 1183 τοῖς
3645 1117 3874 1186 ἀλόγοις·

2311 1220 2434 1275 οὔτε
2476 1219 2570 1275 τοῦ
2628 1217 2818 1290 νοεροῦ
2837 1235 2850 1248 °
2875 1218 2997 1273 ἐπεὶ
3055 1216 3190 1288 μηδέ
3236 1217 3296 1268 ἐν
3325 1211 3582 1282 ἀγγέλοις
3601 1225 3616 1241 ⁸
3643 1209 3806 1280 αὐτῆς
3826 1209 3874 1262 δὲ

2311 1313 2411 1383 τῆς
2453 1311 2682 1382 λογικῆς
2710 1311 2866 1376 ὅντες
2921 1310 3261 1379 γεννήματα,
3291 1305 3368 1369 ὡς
3400 1303 3638 1372 κλίμακι
3667 1301 3733 1371 τῇ
3761 1317 3875 1368 93v-

2311 1403 2479 1476 τασίᾳ
2523 1402 2824 1474 χρώμενοι,
2878 1399 3233 1456 ἀναϐαίνουσι
3283 1396 3384 1468 μὲν
3441 1393 3583 1466 πρὸς
3635 1391 3728 1444 τὸν
3766 1390 3874 1444 νοῦν

2310 1495 2418 1551 ἀπὸ
2453 1495 2552 1566 τῆς
2601 1493 2928 1565 αἰσθήσεως,
2956 1491 3028 1545 τὰ
3081 1488 3295 1559 ἐκείνης
3343 1484 3492 1556 αὒτῷ
3527 1482 3877 1551 ἀπαγγέλλον-

2311 1604 2430 1651 τεςο
2471 1585 2863 1640 καταϐαίνουσι
2891 1583 2952 1638 δέ
2982 1583 3122 1655 πρὺς
3151 1580 3322 1652 αὐτὴν
3343 1579 3404 1646 ἐξ
3429 1575 3602 1632 αὐτοῦ
3655 1576 3724 1630 τά
3747 1577 3871 1629 ἐκεί-

617 1673 685 1728 ad
749 1675 966 1744 ipsum,
1023 1689 1145 1744 qua
1196 1675 1316 1747 eius
1371 1683 1503 1730 sunt
1559 1674 1639 1729 illi
1693 1675 2030 1732 documento
2092 1688 2205 1733 tra-

2315 1695 2402 1731 vou
2427 1675 2830 1748 ὑποτιθέμενοι.

619 1763 837 1820 dentes.

691 1858 815 1912 l32.
858 1858 1021 1914 Velut
1068 1857 1294 1929 quidam
1347 1873 1379 1914 e
1425 1860 1704 1930 profundo
1749 1877 1969 1920 sursum
2024 1879 2209 1918 emer-

618 1957 833 2019 gentes,
869 1963 955 2015 ac,
997 1964 1108 2020 quo
1149 1949 1404 2022 adiutore
1451 1961 1700 2022 utantur,
1743 1971 2077 2028 quemquam
2116 1971 2211 2027 ap-

619 2041 969 2111 prehendere
1017 2044 1261 2100 nitentes
1285 2045 1475 2116 illique
1509 2047 1818 2115 adharere,
1855 2049 1934 2105 sic
1964 2049 2121 2105 mala
2151 2066 2211 2106 se

618 2134 980 2205 cogitationes
1007 2135 1316 2204 habebunt,
1344 2138 1476 2193 dum
1504 2141 1643 2196 ratis
1663 2141 1717 2196 in
1748 2142 1998 2208 modum,
2028 2143 2211 2216 lacry-

619 2239 838 2278 marum
869 2225 1083 2280 diluvio
1117 2227 1316 2281 vitium
1348 2229 1402 2283 in
1439 2231 1753 2300 periculum
1783 2242 2036 2288 vocatur.

695 2316 816 2370 155.
859 2317 968 2372 Pro
1001 2319 1251 2390 subjecta
1292 2321 1465 2376 animi
1504 2322 1797 2392 qualitate,
1826 2325 1937 2392 vel,
1977 2333 2038 2380 ut
2066 2325 2213 2396 pira-

619 2417 805 2462 tarum
866 2423 1023 2465 more
1079 2411 1258 2482 pelagi
1310 2412 1590 2481 profundo
1643 2426 1924 2488 mergant,
1978 2417 2098 2485 vel,
2152 2428 2213 2474 ut

621 2499 800 2556 instar
846 2501 1114 2573 remigum
1165 2503 1443 2559 laboranti
1491 2507 1660 2562 maris
1705 2510 1955 2579 periculo
2000 2510 2214 2581 pariter

622 2608 786 2662 opem
823 2593 1026 2660 ferant,
1062 2595 1210 2650 circa
1249 2590 1387 2655 eum.
1420 2609 1696 2670 coguntur
1743 2601 2108 2673 cogitationes
2149 2618 2214 2658 ac

623 2685 901 2752 rationes;
946 2687 1066 2742 alia
1110 2688 1336 2758 quidem
1385 2689 1442 2744 in
1489 2691 1720 2763 pelagus
1769 2693 2053 2748 trahentes
2098 2702 2214 2748 tur-

2384 1855 2517 1928 ρλβ’.
2553 1854 2652 1918 Ὦς
2683 1869 2833 1918 τινες
2876 1855 2942 1908 ἐκ
2973 1851 3139 1925 βυθοῦ
3168 1848 3594 1922 ἀναφερόμενοι,
3629 1845 3724 1900 καί
3748 1861 3874 1908 τινος

2311 1949 2393 2012 εἰς
2451 1947 2704 2020 βοήθειαν
2764 1944 3124 2000 ἐπιλαϐέσθαι
3174 1941 3537 2014 πειρώμενοι,
3568 1941 3621 1994 oi
3670 1937 3872 2007 πονηροὶ

2315 2042 2570 2112 λογισμοὶ
2595 2041 3010 2112 εὑρεθήσονται,
3026 2039 3228 2113 ὁλκάδα
3255 2037 3531 2108 καθάπερ,
3555 2032 3875 2088 κινδυνευού-

2313 2150 2418 2204 σης
2449 2134 2550 2204 τῆς
2577 2133 2779 2196 κακίας
2817 2131 3072 2214 δακρύων
3105 2127 3495 2198 κατακλυσμῶ.

2387 2314 2518 2387 ρλγ’.
2550 2315 2711 2369 Κατά
2735 2313 2835 2384 τὴν
2881 2311 3246 2384 ὑποκειμένην
3272 2311 3540 2379 ποιότητα
3563 2307 3667 2377 τῆς
3695 2305 3870 2377 ψχῖἶῆ

2313 2410 2347 2483 ἦ
2381 2410 2458 2474 ὡς
2497 2407 2758 2481 πειραταὶ
2810 2405 3251 2470 καταποντίζειν,
3275 2405 3308 2474 ἢ
3332 2403 3409 2468 ὡς
3435 2402 3624 2474 ἐρέται
3654 2399 3873 2470 συμϐοη-

2315 2501 2430 2556 θεῖν
2463 2498 2872 2572 κινδυνευούσῃ,
2906 2500 2954 2554 oi
2991 2498 3134 2569 ,περὶ
3166 2496 3334 2567 αὐτὴν
3375 2497 3707 2564 συνάγονται
3745 2493 3874 2560 λογι-

2317 2594 2479 2666 σμοί·
2537 2593 2588 2647 οἱ
2633 2592 2734 2664 μὲν
2780 2590 2918 2662 πρὸς
2965 2591 3202 2658 πέλαγος
3239 2587 3460 2641 ἐννοιῶν
3489 2586 3746 2646 ἕλκοντες
3781 2583 3873 2636 τῶν

2315 2685 2584 2760 ἀπρεπῶν
2608 2683 2888 2755 λογισμῶν
2909 2699 2922 2714 ·
2971 2683 3020 2736 οἱ
3065 2681 3125 2735 δὲ
3159 2681 3256 2752 τὴν
3291 2675 3460 2734 ἆσσον
3491 2677 3874 2751 παρεκλεγόμεο

2315 2798 2420 2846 νοι,
2452 2780 2547 2834 καὶ
2581 2778 2720 2850 πρὸς
2745 2775 3038 2848 γαληνίους
3067 2774 3243 2838 ἀκτὰς
3271 2773 3365 2826 τὸν
3413 2771 3542 2826 νοῦν
3585 2770 3873 2825 ἐποκείλουο

2318 2890 2422 2927 σιν.

621 2777 778 2847 pium
836 2778 1266 2849 cogitationum;
1321 2782 1444 2837 alia
1499 2798 1635 2839 vero
1691 2785 1996 2856 proximam
2059 2800 2211 2840 oram

623 2869 893 2940 legentes,
937 2878 997 2924 ut
1035 2871 1104 2927 ad
1153 2874 1450 2944 tranquilla
1491 2885 1734 2932 mentem
1781 2876 1968 2932 littora
2010 2876 2211 2947 impel-

622 2961 754 3018 lant

695 3053 818 3110 151.
863 3054 1171 3127 Septimum
1206 3058 1388 3115 inanis
1417 3059 1608 3132 gloria
1640 3059 1861 3127 vitium,
1887 3061 1982 3132 qui
2017 3071 2080 3116 ut
2112 3077 2210 3116 ex-

2389 3053 2518 3127 ρλδ’.
2554 3053 2823 3123 ’Ἑϐδομον
2870 3051 2964 3104 τὸν
2997 3048 3114 3132 τῆςΔ
3156 3045 3464 3114 κενοδοξίας
3526 3043 3782 3114 λογισμὸν
3815 3043 3873 3111 (ι)

624 3159 858 3205 tremam
906 3150 1150 3206 tunicam
1195 3162 1456 3208 excutere
1497 3152 1633 3210 velit
1675 3153 1916 3218 animus,
1962 3153 2069 3207 nisi
2116 3153 2214 3207 illo

2315 3123 2529 3218 ὄντα,ἠ
2581 3144 2820 3214 ἐφεμένη
2866 3141 2940 3204 ὼς
2996 3123 3225 3210 ἔσχὶτον
3267 3137 3644 3192 ἀποϐαλέσθαι
3697 3137 3872 3206 χιτῶνα

622 3243 911 3313 superiora
956 3243 1206 3310 exuerit,
1257 3243 1408 3298 haud
1451 3243 1628 3318 possit
1673 3251 1923 3300 octavam
1970 3254 2214 3315 postmo-

2315 3237 2482 3310 ψυχὴ.
2515 3239 2562 3290 εἰ
2595 3235 2671 3308 μὴ
2698 3235 2823 3298 τοὺς
2851 3234 2959 3305 πρὸ
2987 3231 3151 3285 αὑτοῦ
3177 3230 3582 3302 ἀπεκδύσηται,
3638 3231 3699 3282 οὐ
3735 3231 3872 3298 δυνή-

621 3333 754 3387 dum
777 3333 1184 3404 superinduere
1213 3334 1628 3407 cogitationem,
1661 3352 1825 3406 quam
1852 3345 1907 3390 et
1929 3337 2212 3392 caelestem

2317 3347 2469 3384 σεται
2523 3329 2641 3400 μετ’
2687 3327 2886 3388 αὐτοὺς
2939 3323 3128 3393 ὃγδοον
3186 3322 3609 3378 ἐπενδύσασθαι.
3658 3323 3751 3374 Ὃν
3798 3323 3872 3373 καί

623 3425 1026 3481 habitationem
1056 3441 1259 3482 vocare
1292 3409 1449 3482 novit
1468 3427 1694 3483 divinus
1721 3427 2022 3497 Apostolus
2056 3428 2122 3492 ³⁸,
2149 3442 2214 3482 ac

2315 3423 2630 3493 οίκητήριον
2663 3419 2914 3490 οὐράνιον
2938 3417 3124 3472 καλεῖν
3144 3411 3289 3470 οἶδεν
3315 3419 3344 3470 ὁ
3367 3415 3512 3478 θεῖος
3548 3414 3869 3475 ’Δπόστολος,

621 3533 724 3589 per
773 3519 1013 3590 gemitus
1066 3535 1196 3574 eum
1245 3519 1680 3591 superinduere,
1733 3519 1830 3591 qui
1879 3521 2000 3592 ejus
2046 3535 2212 3576 causa

2315 3515 2411 3570 ml.
2443 3513 2533 3567 διὰ
2586 3510 2911 3580 στεναγμῶν
2954 3507 3312 3564 ἐπενδύεσθαι
3360 3508 3488 3570 τοὺς
3521 3506 3594 3559 δι’
3623 3506 3752 3561 αὐτὸ
3783 3504 3870 3558 τῶν

623 3613 866 3669 terrenis
898 3613 1034 3668 nudi
1072 3613 1367 3670 exsistant.

2315 3605 2518 3662 ὑλικῶν
2551 3603 3014 3676 γυμνητεύοντας.

695 3704 820 3760 155.
858 3704 1125 3762 Perfecta
1157 3706 1391 3761 orationi
1422 3705 1589 3777 objici
1618 3706 1798 3762 solent
1826 3705 2213 3777 cogitationes,

2394 3698 2523 3771 ρλε’.
2551 3698 2631 3768 Τῇ
2667 3697 2766 3769 μὲν
2807 3696 2992 3768 τελείᾳ
3040 3697 3200 3767 εὐχῇ,
3254 3692 3477 3764 ἄγγελοι
3525 3691 3873 3763 παραϐάλλειν

624 3791 837 3861 angeli;
901 3791 1134 3857 media,
1179 3793 1490 3863 spiritales;
1556 3794 2214 3882 rudimentaria,.natu-

2318 3793 2596 3862 πεφύκασι
2617 3789 2894 3859 λογισμοί·
2937 3793 3004 3860 τῇ
3035 3789 3091 3843 δὲ
3125 3791 3288 3862 μέσῃ,
3316 3787 3712 3858 πνευματικοί·
3735 3787 3794 3854 τῇ
3825 3782 3872 3835 δὲ

626 3883 795 3938 rales.
2339 3888 2700 3958 είσαγωγικῇ,
2747 3887 2796 3938 oi
2851 3884 3183 3955 φυσιολόγοι.

697 3973 822 4030 156.
857 3973 1336 4043 Quemadmodum
1373 3978 1528 4049 grani
1566 3995 1835 4050 generosa
1861 3979 1948 4035 vis
1979 3995 2077 4050 per
2107 3979 2214 4052 spi-

2391 3980 2536 4052 ρλςδ.
2573 3979 2786 4051 Ὥσπερ
2822 3978 2884 4032 τὸ
2923 3977 3138 4045 εὐγενὲς
3166 3975 3258 4029 τοῦ
3290 3974 3494 4028 κόκκου
3531 3971 3624 4027 διὰ
3651 3970 3741 4026 τοῦ
3769 3968 3873 4022 mi-

625 4081 747 4122 cam
791 4066 1132 4122 manifestari
1169 4067 1330 4132 solet,
1377 4069 1459 4123 sic
1493 4078 1551 4124 et
1597 4069 2083 4140 contemplationis
2122 4086 2214 4127 ve-

2318 4093 2471 4146 χυος,
2511 4074 2654 4128 οὕτω
2687 4073 2782 4127 καὶ
2829 4071 2892 4125 τὸ
2920 4069 3210 4140 εἱλικρινὲς
3245 4067 3346 4138 τῆς
3367 4064 3603 4136 θεωρίας
3624 4063 3710 4116 διά
3739 4077 3871 4132 πρω

624 4157 763 4214 ritas
786 4172 887 4230 per
913 4160 1245 4215 orationem.
1279 4159 1358 4214 Ac
1391 4161 1540 4230 spica
1569 4155 1795 4231 quidem
1827 4161 1978 4216 velut
2007 4171 2214 4218 armata

2317 4167 2483 4236 ευχῆς
2538 4165 2730 4220 εἴωθεν
2773 4160 3206 4234 ἐμφανίζεσθαι·
3238 4160 3505 4229 κέκτηται
3533 4155 3592 4209 δὲ
3624 4157 3654 4209 ό
3677 4157 3784 4226 μὲν,
3809 4153 3874 4213 εἰς

624 4249 874 4319 quadam
925 4250 1136 4320 spicula
1181 4250 1392 4306 circum
1441 4252 1640 4308 aristas
1687 4252 1875 4316 habet,
1917 4268 2041 4323 qua
2081 4269 2214 4308 aves

2318 4255 2639 4326 ἀποτροπὴν
2686 4251 2798 4306 τῶν
2833 4249 3224 4322 σπερμολόγων
3275 4247 3502 4318 ὀρνέων,
3545 4241 3640 4299 οἷά
3675 4262 3784 4297 τινα
3809 4242 3875 4294 δ’)-

625 4343 835 4400 εειηίιηο
886 4345 1136 4416 legentes
1181 4356 1442 4414 arceant;
1482 4347 1660 4401 oratio
1698 4361 1834 4401 vero
1869 4362 1964 4401 eas
2005 4346 2212 4417 cogita-

2321 4364 2482 4422 ρατα.
2513 4348 2642 4409 τοὺς
2683 4342 3170 4416 περιποιχοῦντας
3207 4340 3508 4412 ἀνθέρικος
3527 4354 3541 4368 °
3572 4340 3638 4392 τὸ
3667 4338 3738 4399 δέ,
3767 4337 3874 4396 τοὺς

624 4434 808 4491 tiones
835 4452 957 4506 qua
992 4437 1456 4508 philosophantur
1487 4439 1542 4494 in
1575 4438 1996 4504 tentationibus,
2027 4449 2086 4494 ut
2115 4437 2213 4493 ad-

2320 4437 2741 4508 φιλοσοφοῦντας
2781 4438 2840 4491 ἐν
2891 4435 3220 4505 πειρασμοῖς
3270 4431 3589 4503 λογισμοὺς,
3639 4429 3766 4501 πρὸς
3793 4428 3872 4498 τὴν

624 4535 916 4582 versantes
951 4528 1298 4582 interimant.

698 4619 822 4675 157.
857 4618 990 4686 Qua
1033 4620 1202 4674 animi
1242 4622 1422 4676 oculis
1471 4622 1770 4692 conspicua
1809 4603 1939 4678 Sunt
1974 4623 2215 4691 (actione

625 4710 864 4785 scilicet)
886 4711 1040 4768 velut
1063 4711 1335 4768 columba
1360 4730 1554 4784 penna
1581 4715 1950 4787 deargentata
1977 4723 2108 4770 sunt
2132 4715 2175 4746 ³⁷
2199 4733 2212 4770 :

2320 4531 2548 4584 ἐκείνων
2581 4529 2884 4600 ἀναίρεσιν.

2397 4621 2529 4692 ρλζ’.
2570 4621 2652 4675 Τὰ
2679 4621 2778 4693 μὲν
2805 4619 3062 4692 ὁρώμενα
3088 4620 3191 4690 τῆς
3221 4617 3425 4689 ψυχῆς,
3467 4616 3560 4670 διά
3609 4617 3712 4688 τὴν
3753 4612 3870 4682 πρᾶ-

2323 4715 2427 4782 ξιν,
2465 4714 2799 4786 περιστερᾶς
2824 4711 3324 4787 περιηργυρωμένα
3353 4707 3610 4779 καθάπερ
3640 4708 3744 4761 eiul
3763 4720 3871 4758 πτε-

699 4893 743 4924 ³⁵
776 4889 918 4946 Psal.
969 4905 1097 4952 xvn,
1135 4888 1221 4943 16.
1301 4889 1345 4920 ⁸⁸
1372 4888 1414 4943 ll
1438 4888 1568 4947 Cor.
1596 4907 1652 4958 ν,
1675 4891 1730 4946 2.
1809 4890 1854 4922 ³⁷
1886 4889 2030 4946 Psal.
2065 4905 2224 4955 uvu,
2260 4890 2347 4944 14.

702 5049 778 5123 (y)
812 5050 963 5123 Νόες
991 5049 1166 5123 [toral
1196 5047 1410 5123 Timr-oi
1438 5048 1759 5123 ⁸σωμάτων.
1775 5048 1921 5123 Quas
1942 5051 2035 5106 hic
2064 5067 2217 5108 men-

629 5118 888 5178 πεδ’ἰίοοτιι
909 5119 1196 5190 Maximus,
1237 5119 1369 5189 ipsa
1407 5118 1661 5190 sintqua
1691 5121 2054 5190 cogitationes
2093 5138 2219 5178 suc-

630 5191 876 5274 cendunt
917 5199 1093 5274 atque
1137 5189 1436 5272 daemones,
1475 5189 1554 5244 sic
1609 5189 1873 5270 nimirum
1917 5193 2220 5274 proﬂigatae

631 5264 755 5317 vita
783 5259 1105 5316 hominibus
1131 5261 1480 5328 praesentiam
1532 5270 1628 5315 aut
1648 5259 1804 5330 quasi
1837 5259 2211 5330 priesentiam,

631 5335 838 5390 nudam
892 5331 1255 5385 exhibentes:
1309 5331 1462 5386 velut
1508 5331 1676 5384 etiam
1731 5340 1948 5388 mentes
1987 5344 2210 5396 sancta.

629 5405 851 5458 eximia:
883 5401 1196 5456 sanctitatis
1228 5401 1384 5467 viris,
1415 5402 1750 5472 quandoque
1810 5401 1963 5472 ipsa,
2012 5420 2123 5458 non
2155 5405 2212 5459 in

631 5475 862 5536 somnis,
905 5483 1002 5527 aut
1043 5481 1331 5543 moventes
1366 5472 1476 5525 vim
1509 5472 1823 5543 cogitandi;
1875 5474 1970 5529 sed
2021 5489 2212 5530 coram

632 5546 927 5615 praesentia
952 5542 1107 5616 quasi
1151 5543 1426 5616 corporali
1460 5542 1752 5616 apparent,
1789 5543 2091 5616 divinaque
2113 5561 2211 5601 eos

633 5613 870 5670 docent:
908 5615 1001 5686 qui
1059 5613 1623 5686 gradusupropbetia
1671 5615 1797 5669 aliis
1854 5616 1962 5686 jam
2001 5613 2210 5684 dictis,

634 5694 860 5740 auctore
910 5685 1075 5738 etiam
1127 5683 1380 5753 angelico
1433 5685 1702 5749 Doctore,
1752 5683 1919 5740 altior
1967 5687 2207 5742 exsistit.

634 5756 880 5810 Obscura
905 5764 1086 5809 tamen
1119 5761 1232 5808 tota
1270 5754 1360 5808 hic
1395 5754 1613 5809 Maximi
1643 5772 1798 5811 mens
1825 5766 1880 5810 et
1912 5757 2166 5812 doctrina
2193 5776 2206 5823 ;

635 5843 698 5880 ac
735 5841 864 5880 num
896 5825 996 5892 ipsi
1023 5825 1141 5878 sine
1173 5825 1427 5878 discursu
1468 5838 1770 5896 conceptus
1813 5829 2012 5882 mentis
2045 5829 2207 5882 allio-

2325 5069 2438 5115 res,
2464 5053 2561 5110 ita.
2595 5050 2772 5105 vocati
2791 5051 2927 5115 νόες.

2401 5124 2471 5194 (z)
2506 5123 2618 5176 Τὸν
2647 5121 2756 5187 τῆς
2775 5121 3044 5194 aemilio“:
3049 5123 3153 5194 1'an
3166 5121 3483 5194 λογισμόν.
3505 5122 3715 5179 Vitium
3736 5127 3866 5176 sonat

2328 5190 2425 5248 illa
2445 5190 2572 5256 vox,
2609 5207 2733 5246 cum
2757 5190 2826 5246 de
2861 5193 3064 5247 talibus
3103 5190 3614 5249 dicitur.‘Vitiosas
3668 5194 3754 5248 alii
3797 5205 3866 5244 co-

2323 5264 2658 5334 gitationes,
2707 5273 2928 5328 vocant,
2981 5263 3050 5317 de
3108 5262 3315 5332 quibus
3351 5272 3570 5318 exstant
3623 5259 3863 5334 Cassiani,

2321 5331 2455 5399 Nili,
2487 5341 2542 5387 et
2581 5333 2832 5404 aliorum
2857 5331 3142 5388 tractatus.
3173 5334 3398 5403 Septem
3438 5349 3572 5404 ergo
3602 5331 3862 5391 seuvitiis,

2325 5420 2426 5461 seu
2457 5404 2677 5459 vitiosis
2717 5403 3176 5474 cogitationibus,
3224 5405 3457 5474 ipsaque
3492 5403 3765 5474 postremo
3793 5417 3866 5454 ex-

2316 5490 2479 5531 cussa
2515 5474 2698 5529 inanis
2745 5473 2936 5544 gloria
2983 5473 3157 5537 labes,
3223 5473 3505 5544 superest,
3554 5485 3615 5529 ut
3646 5484 3860 5529 octavam

2316 5545 2866 5618 cogitationem,_uo_n
2893 5545 3002 5618 jam
3035 5545 3317 5618 vitiosam,
3347 5544 3444 5600 sed
3466 5561 3592 5618 qua
3616 5545 3762 5618 vitiis
3784 5554 3860 5595 seu

2316 5615 2612 5672 affectibus
2682 5615 3338 5692 eliminatis"succedit,
3396 5615 3858 5692 superinduamug;

2319 5702 2486 5757 quam
2543 5685 2899 5741 comnumius
2920 5685 3190 5740 Maximus
3211 5687 3418 5756 aliique
3467 5685 3738 5757 spiritales
3782 5685 3862 5747 τὴν

2319 5754 2594 5813 ἀπάθειαν
2619 5765 2863 5816 vocant;
2908 5757 3253 5812 domicilium
3307 5754 3554 5822 calestc,
3598 5754 3739 5827 quod
3786 5761 3862 5820 ιθ·

2320 5829 2550 5884 mitibus
2569 5844 2630 5882 ac
2655 5827 2908 5894 lacrvmis
2952 5837 3198 5894 paratur.
