  <div class='ocr_page' id='page_1' title='image "/cluster/home/n/w/nwhite01/storage/ocr_20150623/90/hvd.32044019208016/725.png"; bbox 0 0 4108 6456; ppageno 0'>
   <div class='ocr_carea' id='block_1_1' title="bbox 589 399 728 467">
    <p class='ocr_par' dir='ltr' id='par_1_1' title="bbox 589 399 728 467">
     <span class='ocr_line' id='line_1_1' title="bbox 589 399 728 467; baseline -0.007 0"><span class='ocrx_word' id='word_1_1' title='bbox 589 399 728 467; x_wconf 75' lang='grc'><strong>1435</strong></span> 
     </span>
    </p>
   </div>
   <div class='ocr_carea' id='block_1_2' title="bbox 1765 384 2707 453">
    <p class='ocr_par' dir='ltr' id='par_1_2' title="bbox 1765 384 2707 453">
     <span class='ocr_line' id='line_1_2' title="bbox 1765 384 2707 453; baseline -0.005 -1"><span class='ocrx_word' id='word_1_2' title='bbox 1765 390 1825 453; x_wconf 85' lang='lat' dir='ltr'><strong>S.</strong></span> <span class='ocrx_word' id='word_1_3' title='bbox 1867 386 2155 452; x_wconf 81' lang='lat' dir='ltr'><strong>MAXIMI</strong></span> <span class='ocrx_word' id='word_1_4' title='bbox 2195 384 2707 447; x_wconf 84' lang='lat' dir='ltr'><strong>CONFESSORIS</strong></span> 
     </span>
    </p>
   </div>
   <div class='ocr_carea' id='block_1_3' title="bbox 3741 383 3863 452">
    <p class='ocr_par' dir='ltr' id='par_1_3' title="bbox 3741 383 3863 452">
     <span class='ocr_line' id='line_1_3' title="bbox 3741 383 3863 452; baseline 0.033 -4"><span class='ocrx_word' id='word_1_5' title='bbox 3741 383 3863 452; x_wconf 64' lang='lat'><strong>1-136</strong></span> 
     </span>
    </p>
   </div>
   <div class='ocr_carea' id='block_1_4' title="bbox 586 499 2191 590">
    <p class='ocr_par' dir='ltr' id='par_1_4' title="bbox 586 505 2182 590">
     <span class='ocr_line' id='line_1_4' title="bbox 586 505 2182 590; baseline -0.015 -9"><span class='ocrx_word' id='word_1_6' title='bbox 586 517 1064 590; x_wconf 70' lang='lat' dir='ltr'><strong>contemplationi.</strong></span> <span class='ocrx_word' id='word_1_7' title='bbox 1100 515 1253 571; x_wconf 87' lang='lat' dir='ltr'><strong>Alter</strong></span> <span class='ocrx_word' id='word_1_8' title='bbox 1281 511 1510 584; x_wconf 91' lang='lat' dir='ltr'><strong>quidem</strong></span> <span class='ocrx_word' id='word_1_9' title='bbox 1549 509 1604 564; x_wconf 91' lang='lat' dir='ltr'><strong>in</strong></span> <span class='ocrx_word' id='word_1_10' title='bbox 1636 509 1726 564; x_wconf 87' lang='lat' dir='ltr'><strong>his</strong></span> <span class='ocrx_word' id='word_1_11' title='bbox 1755 505 2182 578; x_wconf 77' lang='lat' dir='ltr'><strong>philosophatur</strong></span> 
     </span>
    </p>
   </div>
   <div class='ocr_carea' id='block_1_5' title="bbox 2292 499 3860 590">
    <p class='ocr_par' dir='ltr' id='par_1_5' title="bbox 2292 499 3860 574">
     <span class='ocr_line' id='line_1_5' title="bbox 2292 499 3860 574; baseline 0.003 -20"><span class='ocrx_word' id='word_1_12' title='bbox 2292 501 2515 573; x_wconf 71' lang='grc' dir='ltr'><strong>ριτικός.</strong></span> <span class='ocrx_word' id='word_1_13' title='bbox 2559 502 2619 555; x_wconf 86' lang='grc'><strong>⁸0</strong></span> <span class='ocrx_word' id='word_1_14' title='bbox 2647 503 2748 574; x_wconf 83' lang='grc' dir='ltr'><strong>μὲν</strong></span> <span class='ocrx_word' id='word_1_15' title='bbox 2778 502 2837 556; x_wconf 80' lang='grc' dir='ltr'><strong>ἐν</strong></span> <span class='ocrx_word' id='word_1_16' title='bbox 2865 503 2978 565; x_wconf 80' lang='grc' dir='ltr'><strong>τοῖς</strong></span> <span class='ocrx_word' id='word_1_17' title='bbox 2999 499 3143 557; x_wconf 85' lang='grc' dir='ltr'><strong>κατὰ</strong></span> <span class='ocrx_word' id='word_1_18' title='bbox 3165 500 3329 571; x_wconf 81' lang='grc' dir='ltr'><strong>φύσιν</strong></span> <span class='ocrx_word' id='word_1_19' title='bbox 3357 499 3683 572; x_wconf 82' lang='grc' dir='ltr'><strong>φιλοσοφῶν</strong></span> <span class='ocrx_word' id='word_1_20' title='bbox 3706 517 3718 529; x_wconf 86' lang='grc'><strong>·</strong></span> <span class='ocrx_word' id='word_1_21' title='bbox 3745 506 3860 572; x_wconf 74' lang='grc' dir='ltr'><strong>ὀδὲ,</strong></span> 
     </span>
    </p>
   </div>
   <div class='ocr_carea' id='block_1_6' title="bbox 586 597 2183 688">
    <p class='ocr_par' dir='ltr' id='par_1_6' title="bbox 586 597 2183 688">
     <span class='ocr_line' id='line_1_6' title="bbox 586 597 2183 688; baseline -0.016 -15"><span class='ocrx_word' id='word_1_22' title='bbox 586 631 712 688; x_wconf 71' lang='lat' dir='ltr'><strong>qua:</strong></span> <span class='ocrx_word' id='word_1_23' title='bbox 735 625 868 670; x_wconf 89' lang='lat' dir='ltr'><strong>sunt</strong></span> <span class='ocrx_word' id='word_1_24' title='bbox 894 625 965 666; x_wconf 78' lang='lat' dir='ltr'><strong>ex</strong></span> <span class='ocrx_word' id='word_1_25' title='bbox 993 616 1218 675; x_wconf 86' lang='lat' dir='ltr'><strong>natura;</strong></span> <span class='ocrx_word' id='word_1_26' title='bbox 1245 606 1384 660; x_wconf 81' lang='lat' dir='ltr'><strong>alter</strong></span> <span class='ocrx_word' id='word_1_27' title='bbox 1405 617 1542 658; x_wconf 90' lang='lat' dir='ltr'><strong>vero</strong></span> <span class='ocrx_word' id='word_1_28' title='bbox 1566 600 1623 656; x_wconf 90' lang='lat' dir='ltr'><strong>in</strong></span> <span class='ocrx_word' id='word_1_29' title='bbox 1647 599 1902 655; x_wconf 89' lang='lat' dir='ltr'><strong>oratione</strong></span> <span class='ocrx_word' id='word_1_30' title='bbox 1931 597 2183 666; x_wconf 88' lang='lat' dir='ltr'><strong>seipsum</strong></span> 
     </span>
    </p>
   </div>
   <div class='ocr_carea' id='block_1_7' title="bbox 593 707 797 764">
    <p class='ocr_par' dir='ltr' id='par_1_7' title="bbox 593 707 797 764">
     <span class='ocr_line' id='line_1_7' title="bbox 593 707 797 764; baseline -0.02 0"><span class='ocrx_word' id='word_1_31' title='bbox 593 707 797 764; x_wconf 81' lang='lat' dir='ltr'><strong>nescit.</strong></span> 
     </span>
    </p>
   </div>
   <div class='ocr_carea' id='block_1_8' title="bbox 659 778 2186 853">
    <p class='ocr_par' dir='ltr' id='par_1_8' title="bbox 659 778 2186 853">
     <span class='ocr_line' id='line_1_8' title="bbox 659 778 2186 853; baseline -0.014 0"><span class='ocrx_word' id='word_1_32' title='bbox 659 798 780 852; x_wconf 75' lang='lat' dir='ltr'><strong>N7.</strong></span> <span class='ocrx_word' id='word_1_33' title='bbox 823 795 943 850; x_wconf 83' lang='lat' dir='ltr'><strong>Non</strong></span> <span class='ocrx_word' id='word_1_34' title='bbox 977 791 1182 848; x_wconf 80' lang='lat' dir='ltr'><strong>sinitur</strong></span> <span class='ocrx_word' id='word_1_35' title='bbox 1211 787 1426 844; x_wconf 89' lang='lat' dir='ltr'><strong>activus</strong></span> <span class='ocrx_word' id='word_1_36' title='bbox 1455 784 1668 842; x_wconf 89' lang='lat' dir='ltr'><strong>diutius</strong></span> <span class='ocrx_word' id='word_1_37' title='bbox 1696 783 1753 837; x_wconf 93' lang='lat' dir='ltr'><strong>in</strong></span> <span class='ocrx_word' id='word_1_38' title='bbox 1783 778 2026 853; x_wconf 86' lang='lat' dir='ltr'><strong>spiritali</strong></span> <span class='ocrx_word' id='word_1_39' title='bbox 2057 791 2186 833; x_wconf 89' lang='lat' dir='ltr'><strong>con-</strong></span> 
     </span>
    </p>
   </div>
   <div class='ocr_carea' id='block_1_9' title="bbox 590 868 2186 961">
    <p class='ocr_par' dir='ltr' id='par_1_9' title="bbox 590 868 2186 961">
     <span class='ocr_line' id='line_1_9' title="bbox 590 868 2186 961; baseline -0.015 -14"><span class='ocrx_word' id='word_1_40' title='bbox 590 888 948 961; x_wconf 88' lang='lat' dir='ltr'><strong>templatione</strong></span> <span class='ocrx_word' id='word_1_41' title='bbox 990 882 1218 940; x_wconf 88' lang='lat' dir='ltr'><strong>morari.</strong></span> <span class='ocrx_word' id='word_1_42' title='bbox 1259 879 1553 936; x_wconf 85' lang='lat' dir='ltr'><strong>Invenitur</strong></span> <span class='ocrx_word' id='word_1_43' title='bbox 1591 875 1742 933; x_wconf 88' lang='lat' dir='ltr'><strong>enim</strong></span> <span class='ocrx_word' id='word_1_44' title='bbox 1783 883 1846 929; x_wconf 88' lang='lat' dir='ltr'><strong>ut</strong></span> <span class='ocrx_word' id='word_1_45' title='bbox 1892 869 2038 942; x_wconf 89' lang='lat' dir='ltr'><strong>apud</strong></span> <span class='ocrx_word' id='word_1_46' title='bbox 2083 868 2186 924; x_wconf 89' lang='lat' dir='ltr'><strong>ali-</strong></span> 
     </span>
    </p>
   </div>
   <div class='ocr_carea' id='block_1_10' title="bbox 590 962 2186 1055">
    <p class='ocr_par' dir='ltr' id='par_1_10' title="bbox 590 962 2186 1055">
     <span class='ocr_line' id='line_1_10' title="bbox 590 962 2186 1055; baseline -0.014 -17"><span class='ocrx_word' id='word_1_47' title='bbox 590 999 757 1055; x_wconf 85' lang='lat' dir='ltr'><strong>quem</strong></span> <span class='ocrx_word' id='word_1_48' title='bbox 809 977 1054 1049; x_wconf 88' lang='lat' dir='ltr'><strong>hospitio</strong></span> <span class='ocrx_word' id='word_1_49' title='bbox 1099 982 1386 1046; x_wconf 73' lang='lat' dir='ltr'><strong>exceptus,</strong></span> <span class='ocrx_word' id='word_1_50' title='bbox 1426 987 1491 1028; x_wconf 92' lang='lat' dir='ltr'><strong>ac</strong></span> <span class='ocrx_word' id='word_1_51' title='bbox 1533 969 1630 1042; x_wconf 85' lang='lat' dir='ltr'><strong>qui</strong></span> <span class='ocrx_word' id='word_1_52' title='bbox 1674 968 1786 1024; x_wconf 90' lang='lat' dir='ltr'><strong>cito</strong></span> <span class='ocrx_word' id='word_1_53' title='bbox 1830 965 1982 1021; x_wconf 90' lang='lat' dir='ltr'><strong>illius</strong></span> <span class='ocrx_word' id='word_1_54' title='bbox 2019 962 2186 1018; x_wconf 91' lang='lat' dir='ltr'><strong>domo</strong></span> 
     </span>
    </p>
   </div>
   <div class='ocr_carea' id='block_1_11' title="bbox 589 1075 937 1148">
    <p class='ocr_par' dir='ltr' id='par_1_11' title="bbox 589 1075 937 1148">
     <span class='ocr_line' id='line_1_11' title="bbox 589 1075 937 1148; baseline -0.017 -17"><span class='ocrx_word' id='word_1_55' title='bbox 589 1075 937 1148; x_wconf 89' lang='lat' dir='ltr'><strong>egrediatur.</strong></span> 
     </span>
    </p>
   </div>
   <div class='ocr_carea' id='block_1_12' title="bbox 664 1151 2186 1236">
    <p class='ocr_par' dir='ltr' id='par_1_12' title="bbox 664 1151 2186 1236">
     <span class='ocr_line' id='line_1_12' title="bbox 664 1151 2186 1236; baseline -0.014 -12"><span class='ocrx_word' id='word_1_56' title='bbox 664 1168 788 1224; x_wconf 72' lang='lat' dir='ltr'><strong>MS.</strong></span> <span class='ocrx_word' id='word_1_57' title='bbox 831 1164 1224 1236; x_wconf 87' lang='lat' dir='ltr'><strong>ingrediuntur</strong></span> <span class='ocrx_word' id='word_1_58' title='bbox 1257 1158 1423 1216; x_wconf 85' lang='lat' dir='ltr'><strong>activi</strong></span> <span class='ocrx_word' id='word_1_59' title='bbox 1473 1158 1620 1212; x_wconf 91' lang='lat' dir='ltr'><strong>inter</strong></span> <span class='ocrx_word' id='word_1_60' title='bbox 1653 1151 1950 1215; x_wconf 89' lang='lat' dir='ltr'><strong>orandum,</strong></span> <span class='ocrx_word' id='word_1_61' title='bbox 1992 1157 2186 1221; x_wconf 90' lang='lat' dir='ltr'><strong>portas</strong></span> 
     </span>
    </p>
   </div>
   <div class='ocr_carea' id='block_1_13' title="bbox 592 1241 2183 1322">
    <p class='ocr_par' dir='ltr' id='par_1_13' title="bbox 592 1241 2183 1322">
     <span class='ocr_line' id='line_1_13' title="bbox 592 1241 2183 1322; baseline -0.013 -6"><span class='ocrx_word' id='word_1_62' title='bbox 592 1260 980 1316; x_wconf 88' lang='lat' dir='ltr'><strong>mandatorum</strong></span> <span class='ocrx_word' id='word_1_63' title='bbox 1005 1255 1132 1321; x_wconf 86' lang='lat' dir='ltr'><strong>Dei;</strong></span> <span class='ocrx_word' id='word_1_64' title='bbox 1156 1264 1216 1310; x_wconf 91' lang='lat' dir='ltr'><strong>ut</strong></span> <span class='ocrx_word' id='word_1_65' title='bbox 1237 1268 1373 1309; x_wconf 91' lang='lat' dir='ltr'><strong>vero</strong></span> <span class='ocrx_word' id='word_1_66' title='bbox 1387 1250 1554 1322; x_wconf 76' lang='lat'><strong>658</strong></span> <span class='ocrx_word' id='word_1_67' title='bbox 1575 1249 1630 1304; x_wconf 92' lang='lat' dir='ltr'><strong>in</strong></span> <span class='ocrx_word' id='word_1_68' title='bbox 1663 1245 1804 1302; x_wconf 85' lang='lat' dir='ltr'><strong>atria</strong></span> <span class='ocrx_word' id='word_1_69' title='bbox 1828 1245 2100 1299; x_wconf 89' lang='lat' dir='ltr'><strong>virtutum</strong></span> <span class='ocrx_word' id='word_1_70' title='bbox 2127 1241 2183 1296; x_wconf 91' lang='lat' dir='ltr'><strong>in</strong></span> 
     </span>
    </p>
   </div>
   <div class='ocr_carea' id='block_1_14' title="bbox 591 1332 2185 1417">
    <p class='ocr_par' dir='ltr' id='par_1_14' title="bbox 591 1332 2185 1417">
     <span class='ocr_line' id='line_1_14' title="bbox 591 1332 2185 1417; baseline -0.011 -11"><span class='ocrx_word' id='word_1_71' title='bbox 591 1350 847 1413; x_wconf 86' lang='lat' dir='ltr'><strong>canticis,</strong></span> <span class='ocrx_word' id='word_1_72' title='bbox 896 1344 1333 1417; x_wconf 87' lang='lat' dir='ltr'><strong>contemplativi.</strong></span> <span class='ocrx_word' id='word_1_73' title='bbox 1391 1341 1498 1397; x_wconf 76' lang='lat' dir='ltr'><strong>Alii</strong></span> <span class='ocrx_word' id='word_1_74' title='bbox 1537 1339 1743 1412; x_wconf 80' lang='lat' dir='ltr'><strong>gratias</strong></span> <span class='ocrx_word' id='word_1_75' title='bbox 1791 1344 1986 1407; x_wconf 87' lang='lat' dir='ltr'><strong>agunt,</strong></span> <span class='ocrx_word' id='word_1_76' title='bbox 2033 1332 2185 1404; x_wconf 89' lang='lat' dir='ltr'><strong>quod</strong></span> 
     </span>
    </p>
   </div>
   <div class='ocr_carea' id='block_1_15' title="bbox 593 1426 2196 1505">
    <p class='ocr_par' dir='ltr' id='par_1_15' title="bbox 593 1426 2196 1505">
     <span class='ocr_line' id='line_1_15' title="bbox 593 1426 2196 1505; baseline -0.009 -10"><span class='ocrx_word' id='word_1_77' title='bbox 593 1440 762 1496; x_wconf 84' lang='lat' dir='ltr'><strong>soluti</strong></span> <span class='ocrx_word' id='word_1_78' title='bbox 795 1438 1030 1493; x_wconf 88' lang='lat' dir='ltr'><strong>vinculis</strong></span> <span class='ocrx_word' id='word_1_79' title='bbox 1061 1445 1226 1504; x_wconf 87' lang='lat' dir='ltr'><strong>sunt;</strong></span> <span class='ocrx_word' id='word_1_80' title='bbox 1261 1434 1376 1502; x_wconf 87' lang='lat' dir='ltr'><strong>alii,</strong></span> <span class='ocrx_word' id='word_1_81' title='bbox 1406 1432 1556 1505; x_wconf 91' lang='lat' dir='ltr'><strong>quod</strong></span> <span class='ocrx_word' id='word_1_82' title='bbox 1601 1439 1657 1488; x_wconf 91' lang='lat' dir='ltr'><strong>et</strong></span> <span class='ocrx_word' id='word_1_83' title='bbox 1699 1429 1952 1500; x_wconf 88' lang='lat' dir='ltr'><strong>captivos</strong></span> <span class='ocrx_word' id='word_1_84' title='bbox 1994 1426 2196 1482; x_wconf 84' lang='lat' dir='ltr'><strong>hostes</strong></span> 
     </span>
    </p>
   </div>
   <div class='ocr_carea' id='block_1_16' title="bbox 594 1539 1047 1600">
    <p class='ocr_par' dir='ltr' id='par_1_16' title="bbox 594 1539 1047 1600">
     <span class='ocr_line' id='line_1_16' title="bbox 594 1539 1047 1600; baseline 0 -16"><span class='ocrx_word' id='word_1_85' title='bbox 594 1545 728 1586; x_wconf 86' lang='lat' dir='ltr'><strong>suos</strong></span> <span class='ocrx_word' id='word_1_86' title='bbox 752 1539 1047 1600; x_wconf 88' lang='lat' dir='ltr'><strong>ceperunt.</strong></span> 
     </span>
    </p>
   </div>
   <div class='ocr_carea' id='block_1_17' title="bbox 669 1613 2189 1688">
    <p class='ocr_par' dir='ltr' id='par_1_17' title="bbox 669 1613 2189 1688">
     <span class='ocr_line' id='line_1_17' title="bbox 669 1613 2189 1688; baseline -0.005 -15"><span class='ocrx_word' id='word_1_87' title='bbox 669 1619 792 1676; x_wconf 73' lang='lat' dir='ltr'><strong>M9.</strong></span> <span class='ocrx_word' id='word_1_88' title='bbox 834 1619 1071 1675; x_wconf 86' lang='lat' dir='ltr'><strong>Necesse</strong></span> <span class='ocrx_word' id='word_1_89' title='bbox 1123 1625 1210 1674; x_wconf 90' lang='lat' dir='ltr'><strong>est</strong></span> <span class='ocrx_word' id='word_1_90' title='bbox 1259 1631 1364 1688; x_wconf 90' lang='lat' dir='ltr'><strong>pro</strong></span> <span class='ocrx_word' id='word_1_91' title='bbox 1403 1613 1642 1671; x_wconf 89' lang='lat' dir='ltr'><strong>actionis</strong></span> <span class='ocrx_word' id='word_1_92' title='bbox 1691 1613 1905 1684; x_wconf 79' lang='lat' dir='ltr'><strong>vigore,</strong></span> <span class='ocrx_word' id='word_1_93' title='bbox 1957 1624 2080 1667; x_wconf 89' lang='lat' dir='ltr'><strong>esse</strong></span> <span class='ocrx_word' id='word_1_94' title='bbox 2130 1618 2189 1665; x_wconf 91' lang='lat' dir='ltr'><strong>et</strong></span> 
     </span>
    </p>
   </div>
   <div class='ocr_carea' id='block_1_18' title="bbox 594 1700 2186 1779">
    <p class='ocr_par' dir='ltr' id='par_1_18' title="bbox 594 1700 2186 1779">
     <span class='ocr_line' id='line_1_18' title="bbox 594 1700 2186 1779; baseline -0.008 -14"><span class='ocrx_word' id='word_1_95' title='bbox 594 1709 1115 1779; x_wconf 87' lang='lat' dir='ltr'><strong>contemplationis;</strong></span> <span class='ocrx_word' id='word_1_96' title='bbox 1148 1723 1218 1762; x_wconf 90' lang='lat' dir='ltr'><strong>ne</strong></span> <span class='ocrx_word' id='word_1_97' title='bbox 1243 1707 1395 1762; x_wconf 88' lang='lat' dir='ltr'><strong>velut</strong></span> <span class='ocrx_word' id='word_1_98' title='bbox 1427 1705 1486 1760; x_wconf 90' lang='lat' dir='ltr'><strong>in</strong></span> <span class='ocrx_word' id='word_1_99' title='bbox 1508 1703 1634 1759; x_wconf 88' lang='lat' dir='ltr'><strong>navi</strong></span> <span class='ocrx_word' id='word_1_100' title='bbox 1663 1719 1773 1757; x_wconf 92' lang='lat' dir='ltr'><strong>non</strong></span> <span class='ocrx_word' id='word_1_101' title='bbox 1797 1700 2186 1759; x_wconf 86' lang='lat' dir='ltr'><strong>convenienti-</strong></span> 
     </span>
    </p>
   </div>
   <div class='ocr_carea' id='block_1_19' title="bbox 595 1790 2186 1870">
    <p class='ocr_par' dir='ltr' id='par_1_19' title="bbox 595 1790 2186 1870">
     <span class='ocr_line' id='line_1_19' title="bbox 595 1790 2186 1870; baseline -0.004 -17"><span class='ocrx_word' id='word_1_102' title='bbox 595 1799 703 1854; x_wconf 92' lang='lat' dir='ltr'><strong>bus</strong></span> <span class='ocrx_word' id='word_1_103' title='bbox 751 1798 1028 1870; x_wconf 82' lang='lat' dir='ltr'><strong>justisque</strong></span> <span class='ocrx_word' id='word_1_104' title='bbox 1089 1797 1224 1853; x_wconf 87' lang='lat' dir='ltr'><strong>velis</strong></span> <span class='ocrx_word' id='word_1_105' title='bbox 1277 1796 1586 1860; x_wconf 88' lang='lat' dir='ltr'><strong>instructa,</strong></span> <span class='ocrx_word' id='word_1_106' title='bbox 1653 1793 1738 1848; x_wconf 91' lang='lat' dir='ltr'><strong>vel</strong></span> <span class='ocrx_word' id='word_1_107' title='bbox 1797 1807 1910 1862; x_wconf 64' lang='lat' dir='ltr'><strong>prae</strong></span> <span class='ocrx_word' id='word_1_108' title='bbox 1964 1790 2186 1846; x_wconf 84' lang='lat' dir='ltr'><strong>illorum</strong></span> 
     </span>
    </p>
   </div>
   <div class='ocr_carea' id='block_1_20' title="bbox 595 1883 2190 1954">
    <p class='ocr_par' dir='ltr' id='par_1_20' title="bbox 595 1883 2190 1954">
     <span class='ocr_line' id='line_1_20' title="bbox 595 1883 2190 1954; baseline -0.004 -10"><span class='ocrx_word' id='word_1_109' title='bbox 595 1889 884 1945; x_wconf 83' lang='lat' dir='ltr'><strong>nimietate</strong></span> <span class='ocrx_word' id='word_1_110' title='bbox 915 1889 1336 1944; x_wconf 80' lang='lat' dir='ltr'><strong>vehementiore</strong></span> <span class='ocrx_word' id='word_1_111' title='bbox 1365 1886 1498 1941; x_wconf 84' lang='lat' dir='ltr'><strong>ﬂatu</strong></span> <span class='ocrx_word' id='word_1_112' title='bbox 1525 1885 1698 1940; x_wconf 88' lang='lat' dir='ltr'><strong>aleam</strong></span> <span class='ocrx_word' id='word_1_113' title='bbox 1729 1883 1951 1948; x_wconf 87' lang='lat' dir='ltr'><strong>subeat,</strong></span> <span class='ocrx_word' id='word_1_114' title='bbox 1974 1883 2062 1938; x_wconf 87' lang='lat' dir='ltr'><strong>vel</strong></span> <span class='ocrx_word' id='word_1_115' title='bbox 2087 1899 2190 1954; x_wconf 87' lang='lat' dir='ltr'><strong>pro</strong></span> 
     </span>
    </p>
   </div>
   <div class='ocr_carea' id='block_1_21' title="bbox 598 1977 2190 2050">
    <p class='ocr_par' dir='ltr' id='par_1_21' title="bbox 598 1977 2190 2050">
     <span class='ocr_line' id='line_1_21' title="bbox 598 1977 2190 2050; baseline -0.004 -15"><span class='ocrx_word' id='word_1_116' title='bbox 598 1981 822 2036; x_wconf 89' lang='lat' dir='ltr'><strong>illorum</strong></span> <span class='ocrx_word' id='word_1_117' title='bbox 879 1996 947 2036; x_wconf 69' lang='lat' dir='ltr'><strong>ex</strong></span> <span class='ocrx_word' id='word_1_118' title='bbox 998 1979 1204 2050; x_wconf 77' lang='lat' dir='ltr'><strong>navigii</strong></span> <span class='ocrx_word' id='word_1_119' title='bbox 1259 1978 1476 2035; x_wconf 88' lang='lat' dir='ltr'><strong>ratione</strong></span> <span class='ocrx_word' id='word_1_120' title='bbox 1528 1977 1840 2049; x_wconf 87' lang='lat' dir='ltr'><strong>parvitate,</strong></span> <span class='ocrx_word' id='word_1_121' title='bbox 1897 1987 2190 2031; x_wconf 86' lang='lat' dir='ltr'><strong>ventorum</strong></span> 
     </span>
    </p>
   </div>
   <div class='ocr_carea' id='block_1_22' title="bbox 595 2073 1090 2144">
    <p class='ocr_par' dir='ltr' id='par_1_22' title="bbox 595 2073 1090 2144">
     <span class='ocr_line' id='line_1_22' title="bbox 595 2073 1090 2144; baseline -0.002 -15"><span class='ocrx_word' id='word_1_122' title='bbox 595 2073 872 2144; x_wconf 77' lang='lat' dir='ltr'><strong>iacturam</strong></span> <span class='ocrx_word' id='word_1_123' title='bbox 904 2073 1090 2144; x_wconf 85' lang='lat' dir='ltr'><strong>faciat.</strong></span> 
     </span>
    </p>
   </div>
   <div class='ocr_carea' id='block_1_23' title="bbox 673 2159 2192 2235">
    <p class='ocr_par' dir='ltr' id='par_1_23' title="bbox 673 2159 2192 2235">
     <span class='ocr_line' id='line_1_23' title="bbox 673 2159 2192 2235; baseline -0.002 -18"><span class='ocrx_word' id='word_1_124' title='bbox 673 2164 797 2220; x_wconf 80' lang='grc'><strong>150.</strong></span> <span class='ocrx_word' id='word_1_125' title='bbox 836 2165 971 2234; x_wconf 88' lang='lat' dir='ltr'><strong>Ejus</strong></span> <span class='ocrx_word' id='word_1_126' title='bbox 1011 2163 1216 2235; x_wconf 80' lang='lat' dir='ltr'><strong>navigii</strong></span> <span class='ocrx_word' id='word_1_127' title='bbox 1252 2163 1400 2235; x_wconf 89' lang='lat' dir='ltr'><strong>quod</strong></span> <span class='ocrx_word' id='word_1_128' title='bbox 1431 2162 1646 2218; x_wconf 90' lang='lat' dir='ltr'><strong>ratione</strong></span> <span class='ocrx_word' id='word_1_129' title='bbox 1689 2161 1922 2233; x_wconf 89' lang='lat' dir='ltr'><strong>regitur,</strong></span> <span class='ocrx_word' id='word_1_130' title='bbox 1955 2159 2192 2231; x_wconf 76' lang='lat' dir='ltr'><strong>remiges</strong></span> 
     </span>
    </p>
   </div>
   <div class='ocr_carea' id='block_1_24' title="bbox 601 2253 2202 2328">
    <p class='ocr_par' dir='ltr' id='par_1_24' title="bbox 601 2253 2202 2328">
     <span class='ocr_line' id='line_1_24' title="bbox 601 2253 2202 2328; baseline -0.002 -18"><span class='ocrx_word' id='word_1_131' title='bbox 601 2257 782 2326; x_wconf 85' lang='lat' dir='ltr'><strong>cogita</strong></span> <span class='ocrx_word' id='word_1_132' title='bbox 817 2257 939 2326; x_wconf 90' lang='lat' dir='ltr'><strong>pias</strong></span> <span class='ocrx_word' id='word_1_133' title='bbox 975 2256 1359 2328; x_wconf 88' lang='lat' dir='ltr'><strong>cogitationes.</strong></span> <span class='ocrx_word' id='word_1_134' title='bbox 1395 2256 1619 2321; x_wconf 83' lang='lat' dir='ltr'><strong>Remos,</strong></span> <span class='ocrx_word' id='word_1_135' title='bbox 1661 2254 1858 2310; x_wconf 86' lang='lat' dir='ltr'><strong>vitales</strong></span> <span class='ocrx_word' id='word_1_136' title='bbox 1898 2253 2070 2308; x_wconf 89' lang='lat' dir='ltr'><strong>animi</strong></span> <span class='ocrx_word' id='word_1_137' title='bbox 2106 2253 2202 2316; x_wconf 33' lang='lat' dir='ltr'><strong>fa-,</strong></span> 
     </span>
    </p>
   </div>
   <div class='ocr_carea' id='block_1_25' title="bbox 601 2345 2193 2418">
    <p class='ocr_par' dir='ltr' id='par_1_25' title="bbox 601 2345 2193 2418">
     <span class='ocr_line' id='line_1_25' title="bbox 601 2345 2193 2418; baseline -0.002 -17"><span class='ocrx_word' id='word_1_138' title='bbox 601 2347 860 2412; x_wconf 83' lang='lat' dir='ltr'><strong>cultates,</strong></span> <span class='ocrx_word' id='word_1_139' title='bbox 891 2347 1032 2403; x_wconf 88' lang='lat' dir='ltr'><strong>iram</strong></span> <span class='ocrx_word' id='word_1_140' title='bbox 1061 2356 1119 2402; x_wconf 90' lang='lat' dir='ltr'><strong>et</strong></span> <span class='ocrx_word' id='word_1_141' title='bbox 1141 2347 1524 2418; x_wconf 82' lang='lat' dir='ltr'><strong>cupiditatem,</strong></span> <span class='ocrx_word' id='word_1_142' title='bbox 1555 2347 1897 2402; x_wconf 83' lang='lat' dir='ltr'><strong>voluntatem</strong></span> <span class='ocrx_word' id='word_1_143' title='bbox 1922 2353 1980 2400; x_wconf 91' lang='lat' dir='ltr'><strong>et</strong></span> <span class='ocrx_word' id='word_1_144' title='bbox 2010 2345 2193 2400; x_wconf 91' lang='lat' dir='ltr'><strong>consi-</strong></span> 
     </span>
    </p>
   </div>
   <div class='ocr_carea' id='block_1_26' title="bbox 605 2437 2188 2512">
    <p class='ocr_par' dir='ltr' id='par_1_26' title="bbox 605 2437 2188 2512">
     <span class='ocr_line' id='line_1_26' title="bbox 605 2437 2188 2512; baseline -0.002 -18"><span class='ocrx_word' id='word_1_145' title='bbox 605 2439 768 2494; x_wconf 86' lang='lat' dir='ltr'><strong>lium.</strong></span> <span class='ocrx_word' id='word_1_146' title='bbox 806 2438 906 2495; x_wconf 83' lang='lat' dir='ltr'><strong>His</strong></span> <span class='ocrx_word' id='word_1_147' title='bbox 939 2455 1162 2512; x_wconf 87' lang='lat' dir='ltr'><strong>semper</strong></span> <span class='ocrx_word' id='word_1_148' title='bbox 1199 2455 1341 2511; x_wconf 90' lang='lat' dir='ltr'><strong>opus</strong></span> <span class='ocrx_word' id='word_1_149' title='bbox 1372 2439 1561 2503; x_wconf 87' lang='lat' dir='ltr'><strong>habet,</strong></span> <span class='ocrx_word' id='word_1_150' title='bbox 1595 2439 1692 2510; x_wconf 85' lang='lat' dir='ltr'><strong>qui</strong></span> <span class='ocrx_word' id='word_1_151' title='bbox 1726 2437 1930 2494; x_wconf 90' lang='lat' dir='ltr'><strong>actioni</strong></span> <span class='ocrx_word' id='word_1_152' title='bbox 1962 2437 2188 2493; x_wconf 88' lang='lat' dir='ltr'><strong>studet:</strong></span> 
     </span>
    </p>
   </div>
   <div class='ocr_carea' id='block_1_27' title="bbox 608 2529 2193 2604">
    <p class='ocr_par' dir='ltr' id='par_1_27' title="bbox 608 2529 2193 2604">
     <span class='ocr_line' id='line_1_27' title="bbox 608 2529 2193 2604; baseline -0.002 -17"><span class='ocrx_word' id='word_1_153' title='bbox 608 2548 722 2588; x_wconf 86' lang='lat' dir='ltr'><strong>non</strong></span> <span class='ocrx_word' id='word_1_154' title='bbox 757 2547 982 2603; x_wconf 84' lang='lat' dir='ltr'><strong>semper</strong></span> <span class='ocrx_word' id='word_1_155' title='bbox 1006 2543 1194 2590; x_wconf 88' lang='lat' dir='ltr'><strong>autem</strong></span> <span class='ocrx_word' id='word_1_156' title='bbox 1230 2531 1327 2604; x_wconf 87' lang='lat' dir='ltr'><strong>qui</strong></span> <span class='ocrx_word' id='word_1_157' title='bbox 1366 2532 1556 2588; x_wconf 88' lang='lat' dir='ltr'><strong>studet</strong></span> <span class='ocrx_word' id='word_1_158' title='bbox 1585 2529 2063 2602; x_wconf 88' lang='lat' dir='ltr'><strong>contemplationi.</strong></span> <span class='ocrx_word' id='word_1_159' title='bbox 2090 2530 2193 2585; x_wconf 82' lang='lat' dir='ltr'><strong>Hic</strong></span> 
     </span>
    </p>
   </div>
   <div class='ocr_carea' id='block_1_28' title="bbox 601 2624 2193 2696">
    <p class='ocr_par' dir='ltr' id='par_1_28' title="bbox 601 2624 2193 2696">
     <span class='ocr_line' id='line_1_28' title="bbox 601 2624 2193 2696; baseline -0.003 -14"><span class='ocrx_word' id='word_1_160' title='bbox 601 2627 754 2682; x_wconf 89' lang='lat' dir='ltr'><strong>enim</strong></span> <span class='ocrx_word' id='word_1_161' title='bbox 800 2627 949 2682; x_wconf 92' lang='lat' dir='ltr'><strong>inter</strong></span> <span class='ocrx_word' id='word_1_162' title='bbox 993 2627 1269 2682; x_wconf 90' lang='lat' dir='ltr'><strong>orandum</strong></span> <span class='ocrx_word' id='word_1_163' title='bbox 1317 2626 1535 2682; x_wconf 88' lang='lat' dir='ltr'><strong>cunctis</strong></span> <span class='ocrx_word' id='word_1_164' title='bbox 1585 2625 1770 2681; x_wconf 90' lang='lat' dir='ltr'><strong>valere</strong></span> <span class='ocrx_word' id='word_1_165' title='bbox 1814 2625 2018 2696; x_wconf 87' lang='lat' dir='ltr'><strong>jussis,</strong></span> <span class='ocrx_word' id='word_1_166' title='bbox 2076 2624 2193 2695; x_wconf 89' lang='lat' dir='ltr'><strong>ipse</strong></span> 
     </span>
    </p>
   </div>
   <div class='ocr_carea' id='block_1_29' title="bbox 600 2713 2194 2787">
    <p class='ocr_par' dir='ltr' id='par_1_29' title="bbox 600 2713 2194 2787">
     <span class='ocr_line' id='line_1_29' title="bbox 600 2713 2194 2787; baseline -0.002 -16"><span class='ocrx_word' id='word_1_167' title='bbox 600 2717 846 2787; x_wconf 79' lang='lat' dir='ltr'><strong>seipsum</strong></span> <span class='ocrx_word' id='word_1_168' title='bbox 875 2715 943 2771; x_wconf 88' lang='lat' dir='ltr'><strong>ad</strong></span> <span class='ocrx_word' id='word_1_169' title='bbox 964 2715 1160 2787; x_wconf 86' lang='lat' dir='ltr'><strong>judicii</strong></span> <span class='ocrx_word' id='word_1_170' title='bbox 1183 2723 1458 2786; x_wconf 73' lang='lat' dir='ltr'><strong>certaeque</strong></span> <span class='ocrx_word' id='word_1_171' title='bbox 1482 2714 1818 2786; x_wconf 81' lang='lat' dir='ltr'><strong>cognitionis</strong></span> <span class='ocrx_word' id='word_1_172' title='bbox 1837 2715 2053 2770; x_wconf 88' lang='lat' dir='ltr'><strong>clavum</strong></span> <span class='ocrx_word' id='word_1_173' title='bbox 2077 2713 2194 2770; x_wconf 89' lang='lat' dir='ltr'><strong>col-</strong></span> 
     </span>
    </p>
   </div>
   <div class='ocr_carea' id='block_1_30' title="bbox 602 2805 2192 2878">
    <p class='ocr_par' dir='ltr' id='par_1_30' title="bbox 602 2805 2192 2878">
     <span class='ocr_line' id='line_1_30' title="bbox 602 2805 2192 2878; baseline -0.002 -13"><span class='ocrx_word' id='word_1_174' title='bbox 602 2809 829 2873; x_wconf 81' lang='lat' dir='ltr'><strong>locans,</strong></span> <span class='ocrx_word' id='word_1_175' title='bbox 887 2815 1111 2865; x_wconf 89' lang='lat' dir='ltr'><strong>noctem</strong></span> <span class='ocrx_word' id='word_1_176' title='bbox 1163 2815 1338 2864; x_wconf 88' lang='lat' dir='ltr'><strong>totam</strong></span> <span class='ocrx_word' id='word_1_177' title='bbox 1385 2807 1874 2878; x_wconf 86' lang='lat' dir='ltr'><strong>contemplationis</strong></span> <span class='ocrx_word' id='word_1_178' title='bbox 1923 2805 2192 2862; x_wconf 78' lang='lat' dir='ltr'><strong>insomnis</strong></span> 
     </span>
    </p>
   </div>
   <div class='ocr_carea' id='block_1_31' title="bbox 601 2898 2193 2972">
    <p class='ocr_par' dir='ltr' id='par_1_31' title="bbox 601 2898 2193 2972">
     <span class='ocr_line' id='line_1_31' title="bbox 601 2898 2193 2972; baseline 0 -18"><span class='ocrx_word' id='word_1_179' title='bbox 601 2900 736 2970; x_wconf 81' lang='lat' dir='ltr'><strong>agit,</strong></span> <span class='ocrx_word' id='word_1_180' title='bbox 764 2900 930 2972; x_wconf 83' lang='lat' dir='ltr'><strong>hujus</strong></span> <span class='ocrx_word' id='word_1_181' title='bbox 958 2915 1144 2957; x_wconf 88' lang='lat' dir='ltr'><strong>rerum</strong></span> <span class='ocrx_word' id='word_1_182' title='bbox 1185 2899 1566 2956; x_wconf 90' lang='lat' dir='ltr'><strong>universitatis</strong></span> <span class='ocrx_word' id='word_1_183' title='bbox 1587 2898 1966 2955; x_wconf 88' lang='lat' dir='ltr'><strong>conservatori</strong></span> <span class='ocrx_word' id='word_1_184' title='bbox 1995 2898 2193 2972; x_wconf 62' lang='lat' dir='ltr'><strong>laudes</strong></span> 
     </span>
    </p>
   </div>
   <div class='ocr_carea' id='block_1_32' title="bbox 2221 1851 2271 1907">
    <p class='ocr_par' dir='ltr' id='par_1_32' title="bbox 2221 1851 2271 1907">
     <span class='ocr_line' id='line_1_32' title="bbox 2221 1851 2271 1907; baseline 0 0"><span class='ocrx_word' id='word_1_185' title='bbox 2221 1851 2271 1907; x_wconf 74' lang='grc' dir='ltr'><strong>Β</strong></span> 
     </span>
    </p>
   </div>
   <div class='ocr_carea' id='block_1_33' title="bbox 2286 592 3349 666">
    <p class='ocr_par' dir='ltr' id='par_1_33' title="bbox 2286 592 3349 666">
     <span class='ocr_line' id='line_1_33' title="bbox 2286 592 3349 666; baseline 0.001 -18"><span class='ocrx_word' id='word_1_186' title='bbox 2286 593 2382 648; x_wconf 79' lang='grc' dir='ltr'><strong>καὶ</strong></span> <span class='ocrx_word' id='word_1_187' title='bbox 2413 595 2608 649; x_wconf 79' lang='grc' dir='ltr'><strong>ἑαυτὸν</strong></span> <span class='ocrx_word' id='word_1_188' title='bbox 2631 593 2846 664; x_wconf 82' lang='grc' dir='ltr'>ἀγνοῶν</span> <span class='ocrx_word' id='word_1_189' title='bbox 2879 595 2938 649; x_wconf 77' lang='grc' dir='ltr'><strong>ὲν</strong></span> <span class='ocrx_word' id='word_1_190' title='bbox 2957 593 3038 666; x_wconf 83' lang='grc' dir='ltr'><strong>τῷ</strong></span> <span class='ocrx_word' id='word_1_191' title='bbox 3068 592 3349 664; x_wconf 78' lang='grc' dir='ltr'><strong>εὔχεσθαι.</strong></span> 
     </span>
    </p>
   </div>
   <div class='ocr_carea' id='block_1_34' title="bbox 2358 792 3870 866">
    <p class='ocr_par' dir='ltr' id='par_1_34' title="bbox 2358 792 3870 866">
     <span class='ocr_line' id='line_1_34' title="bbox 2358 792 3870 866; baseline -0.009 -17"><span class='ocrx_word' id='word_1_192' title='bbox 2358 793 2501 864; x_wconf 69' lang='grc' dir='ltr'><strong>ρμζν.</strong></span> <span class='ocrx_word' id='word_1_193' title='bbox 2533 792 2609 848; x_wconf 89' lang='grc' dir='ltr'><strong>Οὐ</strong></span> <span class='ocrx_word' id='word_1_194' title='bbox 2651 795 3019 865; x_wconf 88' lang='grc' dir='ltr'><strong>συγχωρεῖται</strong></span> <span class='ocrx_word' id='word_1_195' title='bbox 3043 793 3074 846; x_wconf 89' lang='grc' dir='ltr'><strong>ό</strong></span> <span class='ocrx_word' id='word_1_196' title='bbox 3106 793 3414 864; x_wconf 78' lang='grc' dir='ltr'><strong>πρακτικὸς</strong></span> <span class='ocrx_word' id='word_1_197' title='bbox 3443 793 3531 858; x_wconf 85' lang='grc' dir='ltr'><strong>είς</strong></span> <span class='ocrx_word' id='word_1_198' title='bbox 3583 811 3870 866; x_wconf 76' lang='grc' dir='ltr'><strong>πνευματι-</strong></span> 
     </span>
    </p>
   </div>
   <div class='ocr_carea' id='block_1_35' title="bbox 2285 881 3869 959">
    <p class='ocr_par' dir='ltr' id='par_1_35' title="bbox 2285 881 3869 959">
     <span class='ocr_line' id='line_1_35' title="bbox 2285 881 3869 959; baseline 0.001 -20"><span class='ocrx_word' id='word_1_199' title='bbox 2285 881 2388 955; x_wconf 73' lang='grc' dir='ltr'><strong>κὴν</strong></span> <span class='ocrx_word' id='word_1_200' title='bbox 2417 885 2509 940; x_wconf 73' lang='grc' dir='ltr'><strong>ἐπὶ</strong></span> <span class='ocrx_word' id='word_1_201' title='bbox 2544 885 2682 940; x_wconf 89' lang='grc' dir='ltr'><strong>πολύ</strong></span> <span class='ocrx_word' id='word_1_202' title='bbox 2709 885 2948 958; x_wconf 79' lang='grc' dir='ltr'><strong>θεωρίαν</strong></span> <span class='ocrx_word' id='word_1_203' title='bbox 2976 885 3359 958; x_wconf 76' lang='grc' dir='ltr'><strong>ἐγκαρτερεῖν.</strong></span> <span class='ocrx_word' id='word_1_204' title='bbox 3396 885 3745 958; x_wconf 85' lang='grc' dir='ltr'><strong>Εὐρίσκεται</strong></span> <span class='ocrx_word' id='word_1_205' title='bbox 3772 889 3869 959; x_wconf 70' lang='grc' dir='ltr'><strong>γὰρ</strong></span> 
     </span>
    </p>
   </div>
   <div class='ocr_carea' id='block_1_36' title="bbox 2285 977 3864 1050">
    <p class='ocr_par' dir='ltr' id='par_1_36' title="bbox 2285 977 3864 1050">
     <span class='ocr_line' id='line_1_36' title="bbox 2285 977 3864 1050; baseline 0.001 -19"><span class='ocrx_word' id='word_1_206' title='bbox 2285 977 2362 1041; x_wconf 84' lang='grc' dir='ltr'><strong>ὡς</strong></span> <span class='ocrx_word' id='word_1_207' title='bbox 2391 977 2744 1042; x_wconf 81' lang='grc' dir='ltr'><strong>ὲπιξενωθείς</strong></span> <span class='ocrx_word' id='word_1_208' title='bbox 2767 995 2898 1042; x_wconf 85' lang='grc' dir='ltr'><strong>τινι,</strong></span> <span class='ocrx_word' id='word_1_209' title='bbox 2930 978 3026 1032; x_wconf 74' lang='grc' dir='ltr'><strong>καὶ</strong></span> <span class='ocrx_word' id='word_1_210' title='bbox 3062 978 3164 1050; x_wconf 88' lang='grc' dir='ltr'><strong>τῆς</strong></span> <span class='ocrx_word' id='word_1_211' title='bbox 3192 979 3405 1033; x_wconf 77' lang='grc' dir='ltr'><strong>ἐκείνου</strong></span> <span class='ocrx_word' id='word_1_212' title='bbox 3435 979 3663 1050; x_wconf 86' lang='grc' dir='ltr'><strong>ταχέως</strong></span> <span class='ocrx_word' id='word_1_213' title='bbox 3696 980 3864 1044; x_wconf 75' lang='grc' dir='ltr'><strong>οίκίας</strong></span> 
     </span>
    </p>
   </div>
   <div class='ocr_carea' id='block_1_37' title="bbox 2287 1067 2752 1140">
    <p class='ocr_par' dir='ltr' id='par_1_37' title="bbox 2287 1067 2752 1140">
     <span class='ocr_line' id='line_1_37' title="bbox 2287 1067 2752 1140; baseline 0.004 -19"><span class='ocrx_word' id='word_1_214' title='bbox 2287 1067 2752 1140; x_wconf 80' lang='grc' dir='ltr'><strong>ὐπεξερχόμενος.</strong></span> 
     </span>
    </p>
   </div>
   <div class='ocr_carea' id='block_1_38' title="bbox 2359 1158 3868 1232">
    <p class='ocr_par' dir='ltr' id='par_1_38' title="bbox 2359 1158 3868 1232">
     <span class='ocr_line' id='line_1_38' title="bbox 2359 1158 3868 1232; baseline 0 -17"><span class='ocrx_word' id='word_1_215' title='bbox 2359 1167 2510 1232; x_wconf 87' lang='grc' dir='ltr'><strong>ρμη’.</strong></span> <span class='ocrx_word' id='word_1_216' title='bbox 2539 1161 2630 1215; x_wconf 83' lang='grc' dir='ltr'><strong>Ἐν</strong></span> <span class='ocrx_word' id='word_1_217' title='bbox 2652 1160 2852 1225; x_wconf 80' lang='grc' dir='ltr'>πύλαις</span> <span class='ocrx_word' id='word_1_218' title='bbox 2877 1159 2976 1230; x_wconf 85' lang='grc' dir='ltr'><strong>μὲν</strong></span> <span class='ocrx_word' id='word_1_219' title='bbox 2998 1158 3340 1231; x_wconf 74' lang='grc' dir='ltr'><strong>εἰσέρχονται</strong></span> <span class='ocrx_word' id='word_1_220' title='bbox 3360 1161 3412 1214; x_wconf 80' lang='grc' dir='ltr'><strong>οἱ</strong></span> <span class='ocrx_word' id='word_1_221' title='bbox 3442 1161 3749 1232; x_wconf 78' lang='grc' dir='ltr'><strong>πρακτικοὶ</strong></span> <span class='ocrx_word' id='word_1_222' title='bbox 3771 1161 3868 1216; x_wconf 75' lang='grc' dir='ltr'><strong>τῶν</strong></span> 
     </span>
    </p>
   </div>
   <div class='ocr_carea' id='block_1_39' title="bbox 2286 1249 3869 1321">
    <p class='ocr_par' dir='ltr' id='par_1_39' title="bbox 2286 1249 3869 1321">
     <span class='ocr_line' id='line_1_39' title="bbox 2286 1249 3869 1321; baseline -0.002 -14"><span class='ocrx_word' id='word_1_223' title='bbox 2286 1252 2521 1307; x_wconf 72' lang='grc' dir='ltr'><strong>ἐντολῶν</strong></span> <span class='ocrx_word' id='word_1_224' title='bbox 2565 1251 2662 1306; x_wconf 78' lang='grc' dir='ltr'><strong>τοῦ</strong></span> <span class='ocrx_word' id='word_1_225' title='bbox 2704 1251 2842 1306; x_wconf 80' lang='grc' dir='ltr'><strong>Θεοῦ</strong></span> <span class='ocrx_word' id='word_1_226' title='bbox 2886 1251 2947 1304; x_wconf 80' lang='grc' dir='ltr'><strong>ἑν</strong></span> <span class='ocrx_word' id='word_1_227' title='bbox 2985 1250 3065 1321; x_wconf 83' lang='grc' dir='ltr'><strong>τῷ</strong></span> <span class='ocrx_word' id='word_1_228' title='bbox 3092 1250 3352 1320; x_wconf 75' lang='grc' dir='ltr'><strong>εὔχεσθαι</strong></span> <span class='ocrx_word' id='word_1_229' title='bbox 3371 1265 3385 1280; x_wconf 87' lang='grc'><strong>·</strong></span> <span class='ocrx_word' id='word_1_230' title='bbox 3411 1249 3490 1315; x_wconf 85' lang='grc' dir='ltr'><strong>ὡς</strong></span> <span class='ocrx_word' id='word_1_231' title='bbox 3513 1252 3578 1303; x_wconf 73' lang='grc' dir='ltr'><strong>ἐν</strong></span> <span class='ocrx_word' id='word_1_232' title='bbox 3605 1250 3794 1314; x_wconf 84' lang='grc' dir='ltr'><strong>αὐλαῖς</strong></span> <span class='ocrx_word' id='word_1_233' title='bbox 3819 1251 3869 1304; x_wconf 80' lang='grc' dir='ltr'><strong>δὲ</strong></span> 
     </span>
    </p>
   </div>
   <div class='ocr_carea' id='block_1_40' title="bbox 2287 1341 3867 1416">
    <p class='ocr_par' dir='ltr' id='par_1_40' title="bbox 2287 1341 3867 1416">
     <span class='ocr_line' id='line_1_40' title="bbox 2287 1341 3867 1416; baseline -0.003 -17"><span class='ocrx_word' id='word_1_234' title='bbox 2287 1344 2603 1416; x_wconf 79' lang='grc' dir='ltr'><strong>ἀρετῶν-ἐν</strong></span> <span class='ocrx_word' id='word_1_235' title='bbox 2655 1343 2868 1415; x_wconf 80' lang='grc' dir='ltr'><strong>ὕμνοις,</strong></span> <span class='ocrx_word' id='word_1_236' title='bbox 2901 1343 2950 1397; x_wconf 84' lang='lat' dir='ltr'><strong>oi</strong></span> <span class='ocrx_word' id='word_1_237' title='bbox 2983 1342 3346 1414; x_wconf 76' lang='grc' dir='ltr'><strong>θεωρητικαί·</strong></span> <span class='ocrx_word' id='word_1_238' title='bbox 3398 1344 3448 1396; x_wconf 79' lang='lat' dir='ltr'><strong>oi</strong></span> <span class='ocrx_word' id='word_1_239' title='bbox 3505 1342 3615 1413; x_wconf 66' lang='grc' dir='ltr'><strong>μιν</strong></span> <span class='ocrx_word' id='word_1_240' title='bbox 3659 1341 3867 1412; x_wconf 74' lang='grc' dir='ltr'><strong>εὐχαριο</strong></span> 
     </span>
    </p>
   </div>
   <div class='ocr_carea' id='block_1_41' title="bbox 2289 1435 3868 1507">
    <p class='ocr_par' dir='ltr' id='par_1_41' title="bbox 2289 1435 3868 1507">
     <span class='ocr_line' id='line_1_41' title="bbox 2289 1435 3868 1507; baseline -0.002 -17"><span class='ocrx_word' id='word_1_241' title='bbox 2289 1437 2565 1501; x_wconf 81' lang='grc' dir='ltr'><strong>στοῦντες,</strong></span> <span class='ocrx_word' id='word_1_242' title='bbox 2602 1437 2686 1492; x_wconf 81' lang='grc' dir='ltr'><strong>ὅτι</strong></span> <span class='ocrx_word' id='word_1_243' title='bbox 2728 1435 3002 1507; x_wconf 74' lang='grc' dir='ltr'><strong>ἐλύθησαν</strong></span> <span class='ocrx_word' id='word_1_244' title='bbox 3041 1437 3153 1490; x_wconf 87' lang='grc' dir='ltr'><strong>τῶν</strong></span> <span class='ocrx_word' id='word_1_245' title='bbox 3178 1435 3427 1506; x_wconf 83' lang='grc' dir='ltr'><strong>δεσμῶν·</strong></span> <span class='ocrx_word' id='word_1_246' title='bbox 3463 1437 3520 1488; x_wconf 77' lang='grc' dir='ltr'><strong>οἱ</strong></span> <span class='ocrx_word' id='word_1_247' title='bbox 3554 1435 3638 1498; x_wconf 81' lang='grc' dir='ltr'><strong>δὲ,</strong></span> <span class='ocrx_word' id='word_1_248' title='bbox 3670 1436 3750 1489; x_wconf 82' lang='grc' dir='ltr'><strong>ὅτι</strong></span> <span class='ocrx_word' id='word_1_249' title='bbox 3786 1437 3868 1489; x_wconf 73' lang='grc' dir='ltr'><strong>καὶ</strong></span> 
     </span>
    </p>
   </div>
   <div class='ocr_carea' id='block_1_42' title="bbox 2288 1526 3772 1601">
    <p class='ocr_par' dir='ltr' id='par_1_42' title="bbox 2288 1526 3772 1601">
     <span class='ocr_line' id='line_1_42' title="bbox 2288 1526 3772 1601; baseline -0.002 -16"><span class='ocrx_word' id='word_1_250' title='bbox 2288 1529 2671 1601; x_wconf 72' lang='grc' dir='ltr'><strong>αἰχμαλώτους</strong></span> <span class='ocrx_word' id='word_1_251' title='bbox 2691 1528 2952 1599; x_wconf 81' lang='grc' dir='ltr'><strong>εἰλήφασι</strong></span> <span class='ocrx_word' id='word_1_252' title='bbox 2981 1529 3112 1592; x_wconf 77' lang='grc' dir='ltr'><strong>τοὺς</strong></span> <span class='ocrx_word' id='word_1_253' title='bbox 3133 1527 3516 1599; x_wconf 81' lang='grc' dir='ltr'><strong>πολεμοῦντας</strong></span> <span class='ocrx_word' id='word_1_254' title='bbox 3550 1526 3772 1591; x_wconf 77' lang='grc' dir='ltr'><strong>αὐτούς.</strong></span> 
     </span>
    </p>
   </div>
   <div class='ocr_carea' id='block_1_43' title="bbox 2362 1619 3867 1693">
    <p class='ocr_par' dir='ltr' id='par_1_43' title="bbox 2362 1619 3867 1693">
     <span class='ocr_line' id='line_1_43' title="bbox 2362 1619 3867 1693; baseline -0.001 -18"><span class='ocrx_word' id='word_1_255' title='bbox 2362 1623 2510 1693; x_wconf 81' lang='grc' dir='ltr'><strong>ρμθ’.</strong></span> <span class='ocrx_word' id='word_1_256' title='bbox 2540 1621 2660 1693; x_wconf 78' lang='grc' dir='ltr'><strong>Χρὴ</strong></span> <span class='ocrx_word' id='word_1_257' title='bbox 2704 1619 2848 1674; x_wconf 85' lang='grc' dir='ltr'><strong>κατὰ</strong></span> <span class='ocrx_word' id='word_1_258' title='bbox 2878 1619 2941 1674; x_wconf 86' lang='grc' dir='ltr'><strong>τδ</strong></span> <span class='ocrx_word' id='word_1_259' title='bbox 2989 1620 3091 1691; x_wconf 87' lang='grc' dir='ltr'><strong>τῆς</strong></span> <span class='ocrx_word' id='word_1_260' title='bbox 3134 1621 3454 1692; x_wconf 80' lang='grc' dir='ltr'><strong>πρακτικῆς</strong></span> <span class='ocrx_word' id='word_1_261' title='bbox 3499 1620 3732 1690; x_wconf 80' lang='grc' dir='ltr'><strong>κράτος,</strong></span> <span class='ocrx_word' id='word_1_262' title='bbox 3783 1623 3867 1673; x_wconf 77' lang='grc' dir='ltr'><strong>καὶ</strong></span> 
     </span>
    </p>
   </div>
   <div class='ocr_carea' id='block_1_44' title="bbox 2287 1708 3866 1784">
    <p class='ocr_par' dir='ltr' id='par_1_44' title="bbox 2287 1708 3866 1784">
     <span class='ocr_line' id='line_1_44' title="bbox 2287 1708 3866 1784; baseline -0.001 -18"><span class='ocrx_word' id='word_1_263' title='bbox 2287 1712 2350 1766; x_wconf 72' lang='grc' dir='ltr'><strong>τὸ</strong></span> <span class='ocrx_word' id='word_1_264' title='bbox 2377 1712 2476 1783; x_wconf 88' lang='grc' dir='ltr'><strong>τῆς</strong></span> <span class='ocrx_word' id='word_1_265' title='bbox 2505 1710 2741 1784; x_wconf 79' lang='grc' dir='ltr'><strong>θεωρίας</strong></span> <span class='ocrx_word' id='word_1_266' title='bbox 2790 1708 3162 1781; x_wconf 85' lang='grc' dir='ltr'><strong>εὑρίσκεσθαι,</strong></span> <span class='ocrx_word' id='word_1_267' title='bbox 3191 1709 3279 1763; x_wconf 79' lang='grc' dir='ltr'><strong>ἵνα</strong></span> <span class='ocrx_word' id='word_1_268' title='bbox 3309 1710 3386 1780; x_wconf 77' lang='grc' dir='ltr'><strong>μὴ</strong></span> <span class='ocrx_word' id='word_1_269' title='bbox 3423 1710 3555 1763; x_wconf 85' lang='grc' dir='ltr'><strong>καθ’</strong></span> <span class='ocrx_word' id='word_1_270' title='bbox 3591 1711 3866 1781; x_wconf 83' lang='grc' dir='ltr'><strong>ὁμοιότητα</strong></span> 
     </span>
    </p>
   </div>
   <div class='ocr_carea' id='block_1_45' title="bbox 2290 1800 3864 1874">
    <p class='ocr_par' dir='ltr' id='par_1_45' title="bbox 2290 1800 3864 1874">
     <span class='ocr_line' id='line_1_45' title="bbox 2290 1800 3864 1874; baseline -0.001 -16"><span class='ocrx_word' id='word_1_271' title='bbox 2290 1803 2478 1858; x_wconf 77' lang='grc' dir='ltr'><strong>πλοίου</strong></span> <span class='ocrx_word' id='word_1_272' title='bbox 2506 1803 2603 1858; x_wconf 79' lang='grc' dir='ltr'><strong>τοῦ</strong></span> <span class='ocrx_word' id='word_1_273' title='bbox 2636 1802 2712 1874; x_wconf 78' lang='grc' dir='ltr'><strong>μὴ</strong></span> <span class='ocrx_word' id='word_1_274' title='bbox 2740 1801 3056 1872; x_wconf 84' lang='grc' dir='ltr'><strong>κατάλληλα</strong></span> <span class='ocrx_word' id='word_1_275' title='bbox 3097 1800 3168 1856; x_wconf 80' lang='grc' dir='ltr'><strong>τὰ</strong></span> <span class='ocrx_word' id='word_1_276' title='bbox 3204 1801 3350 1855; x_wconf 87' lang='grc' dir='ltr'><strong>ίστία</strong></span> <span class='ocrx_word' id='word_1_277' title='bbox 3388 1802 3864 1873; x_wconf 72' lang='grc' dir='ltr'><strong>ἐπιφερομένου,ῆ</strong></span> 
     </span>
    </p>
   </div>
   <div class='ocr_carea' id='block_1_46' title="bbox 2291 1880 3867 1967">
    <p class='ocr_par' dir='ltr' id='par_1_46' title="bbox 2291 1880 3867 1967">
     <span class='ocr_line' id='line_1_46' title="bbox 2291 1880 3867 1967; baseline -0.001 -19"><span class='ocrx_word' id='word_1_278' title='bbox 2291 1894 2536 1949; x_wconf 85' lang='grc' dir='ltr'><strong>κίνδυνον</strong></span> <span class='ocrx_word' id='word_1_279' title='bbox 2564 1880 2840 1967; x_wconf 74' lang='grc' dir='ltr'><strong>ὑπομείνῃ</strong></span> <span class='ocrx_word' id='word_1_280' title='bbox 2883 1894 2941 1946; x_wconf 80' lang='grc' dir='ltr'><strong>ὲν</strong></span> <span class='ocrx_word' id='word_1_281' title='bbox 2982 1893 3202 1964; x_wconf 81' lang='grc' dir='ltr'><strong>ἀνέμων</strong></span> <span class='ocrx_word' id='word_1_282' title='bbox 3255 1892 3626 1964; x_wconf 81' lang='grc' dir='ltr'><strong>σφοδρότησιν</strong></span> <span class='ocrx_word' id='word_1_283' title='bbox 3655 1893 3744 1946; x_wconf 69' lang='grc' dir='ltr'><strong>διὰ</strong></span> <span class='ocrx_word' id='word_1_284' title='bbox 3783 1894 3867 1964; x_wconf 71' lang='grc' dir='ltr'><strong>τὴν</strong></span> 
     </span>
    </p>
   </div>
   <div class='ocr_carea' id='block_1_47' title="bbox 2293 1984 3866 2057">
    <p class='ocr_par' dir='ltr' id='par_1_47' title="bbox 2293 1984 3866 2057">
     <span class='ocr_line' id='line_1_47' title="bbox 2293 1984 3866 2057; baseline -0.002 -17"><span class='ocrx_word' id='word_1_285' title='bbox 2293 1986 2568 2057; x_wconf 80' lang='grc' dir='ltr'><strong>ἀμετρίαν</strong></span> <span class='ocrx_word' id='word_1_286' title='bbox 2601 1985 2806 2051; x_wconf 83' lang='grc' dir='ltr'><strong>αὐτῶν,</strong></span> <span class='ocrx_word' id='word_1_287' title='bbox 2843 1984 2877 2056; x_wconf 78' lang='grc' dir='ltr'>ἢ</span> <span class='ocrx_word' id='word_1_288' title='bbox 2907 1984 3112 2055; x_wconf 78' lang='grc' dir='ltr'><strong>ζημίαν</strong></span> <span class='ocrx_word' id='word_1_289' title='bbox 3142 1987 3473 2056; x_wconf 79' lang='grc' dir='ltr'><strong>πνευμάτων</strong></span> <span class='ocrx_word' id='word_1_290' title='bbox 3500 1985 3600 2040; x_wconf 74' lang='grc' dir='ltr'><strong>διὰ</strong></span> <span class='ocrx_word' id='word_1_291' title='bbox 3619 1985 3718 2056; x_wconf 81' lang='grc' dir='ltr'><strong>τὴν</strong></span> <span class='ocrx_word' id='word_1_292' title='bbox 3745 1987 3866 2057; x_wconf 72' lang='grc' dir='ltr'><strong>πρὸς</strong></span> 
     </span>
    </p>
   </div>
   <div class='ocr_carea' id='block_1_48' title="bbox 2290 2078 2993 2150">
    <p class='ocr_par' dir='ltr' id='par_1_48' title="bbox 2290 2078 2993 2150">
     <span class='ocr_line' id='line_1_48' title="bbox 2290 2078 2993 2150; baseline -0.003 -19"><span class='ocrx_word' id='word_1_293' title='bbox 2290 2079 2353 2132; x_wconf 83' lang='grc' dir='ltr'><strong>τὸ</strong></span> <span class='ocrx_word' id='word_1_294' title='bbox 2387 2079 2597 2148; x_wconf 77' lang='grc' dir='ltr'><strong>σκάφος</strong></span> <span class='ocrx_word' id='word_1_295' title='bbox 2625 2078 2993 2150; x_wconf 82' lang='grc' dir='ltr'><strong>σμικρότητα.</strong></span> 
     </span>
    </p>
   </div>
   <div class='ocr_carea' id='block_1_49' title="bbox 2363 2167 3865 2243">
    <p class='ocr_par' dir='ltr' id='par_1_49' title="bbox 2363 2167 3865 2243">
     <span class='ocr_line' id='line_1_49' title="bbox 2363 2167 3865 2243; baseline 0.001 -19"><span class='ocrx_word' id='word_1_296' title='bbox 2363 2177 2467 2243; x_wconf 86' lang='grc' dir='ltr'><strong>ρν¹.</strong></span> <span class='ocrx_word' id='word_1_297' title='bbox 2513 2167 2743 2241; x_wconf 82' lang='grc' dir='ltr'><strong>Ἐρέτας</strong></span> <span class='ocrx_word' id='word_1_298' title='bbox 2800 2170 2901 2241; x_wconf 74' lang='grc' dir='ltr'><strong>μὲν</strong></span> <span class='ocrx_word' id='word_1_299' title='bbox 2946 2169 3043 2224; x_wconf 75' lang='grc' dir='ltr'><strong>τοδ</strong></span> <span class='ocrx_word' id='word_1_300' title='bbox 3083 2169 3308 2239; x_wconf 79' lang='grc' dir='ltr'><strong>λογικοῦ</strong></span> <span class='ocrx_word' id='word_1_301' title='bbox 3363 2169 3587 2233; x_wconf 89' lang='grc' dir='ltr'><strong>πλοίου,</strong></span> <span class='ocrx_word' id='word_1_302' title='bbox 3629 2170 3865 2235; x_wconf 73' lang='grc' dir='ltr'><strong>νόειτούς</strong></span> 
     </span>
    </p>
   </div>
   <div class='ocr_carea' id='block_1_50' title="bbox 2291 2261 3862 2333">
    <p class='ocr_par' dir='ltr' id='par_1_50' title="bbox 2291 2261 3862 2333">
     <span class='ocr_line' id='line_1_50' title="bbox 2291 2261 3862 2333; baseline 0 -16"><span class='ocrx_word' id='word_1_303' title='bbox 2291 2262 2540 2327; x_wconf 78' lang='grc' dir='ltr'><strong>εὐσεϐεῖς</strong></span> <span class='ocrx_word' id='word_1_304' title='bbox 2580 2261 2912 2333; x_wconf 76' lang='grc' dir='ltr'><strong>λογισμούςο</strong></span> <span class='ocrx_word' id='word_1_305' title='bbox 2950 2261 3145 2327; x_wconf 84' lang='grc' dir='ltr'><strong>κώπας</strong></span> <span class='ocrx_word' id='word_1_306' title='bbox 3197 2262 3278 2327; x_wconf 83' lang='grc' dir='ltr'><strong>δὲ,</strong></span> <span class='ocrx_word' id='word_1_307' title='bbox 3311 2262 3412 2326; x_wconf 74' lang='grc' dir='ltr'><strong>τὰς</strong></span> <span class='ocrx_word' id='word_1_308' title='bbox 3443 2262 3693 2328; x_wconf 70' lang='grc' dir='ltr'><strong>ζωτικὰς</strong></span> <span class='ocrx_word' id='word_1_309' title='bbox 3717 2263 3862 2317; x_wconf 75' lang='grc' dir='ltr'><strong>δυνά-</strong></span> 
     </span>
    </p>
   </div>
   <div class='ocr_carea' id='block_1_51' title="bbox 2295 2353 3864 2428">
    <p class='ocr_par' dir='ltr' id='par_1_51' title="bbox 2295 2353 3864 2428">
     <span class='ocr_line' id='line_1_51' title="bbox 2295 2353 3864 2428; baseline 0 -19"><span class='ocrx_word' id='word_1_310' title='bbox 2295 2372 2419 2426; x_wconf 85' lang='grc' dir='ltr'><strong>μεις</strong></span> <span class='ocrx_word' id='word_1_311' title='bbox 2443 2356 2541 2426; x_wconf 87' lang='grc' dir='ltr'><strong>τῆς</strong></span> <span class='ocrx_word' id='word_1_312' title='bbox 2565 2353 2766 2425; x_wconf 77' lang='grc' dir='ltr'><strong>ψυχῆς,</strong></span> <span class='ocrx_word' id='word_1_313' title='bbox 2797 2353 2969 2425; x_wconf 74' lang='grc' dir='ltr'><strong>θυμὸν</strong></span> <span class='ocrx_word' id='word_1_314' title='bbox 2999 2354 3096 2408; x_wconf 81' lang='grc' dir='ltr'><strong>καὶ</strong></span> <span class='ocrx_word' id='word_1_315' title='bbox 3145 2355 3466 2426; x_wconf 72' lang='grc' dir='ltr'><strong>ἐπιθυμίαν,</strong></span> <span class='ocrx_word' id='word_1_316' title='bbox 3503 2356 3761 2428; x_wconf 80' lang='grc' dir='ltr'><strong>βούλησιν</strong></span> <span class='ocrx_word' id='word_1_317' title='bbox 3782 2359 3864 2410; x_wconf 72' lang='grc' dir='ltr'><strong>καὶ</strong></span> 
     </span>
    </p>
   </div>
   <div class='ocr_carea' id='block_1_52' title="bbox 2294 2444 3864 2519">
    <p class='ocr_par' dir='ltr' id='par_1_52' title="bbox 2294 2444 3864 2519">
     <span class='ocr_line' id='line_1_52' title="bbox 2294 2444 3864 2519; baseline 0.001 -20"><span class='ocrx_word' id='word_1_318' title='bbox 2294 2445 2637 2516; x_wconf 86' lang='grc' dir='ltr'><strong>προαίρεσιν.</strong></span> <span class='ocrx_word' id='word_1_319' title='bbox 2688 2444 2910 2498; x_wconf 74' lang='grc' dir='ltr'><strong>Τούτων</strong></span> <span class='ocrx_word' id='word_1_320' title='bbox 2963 2447 2993 2498; x_wconf 85' lang='grc' dir='ltr'><strong>ό</strong></span> <span class='ocrx_word' id='word_1_321' title='bbox 3053 2446 3154 2516; x_wconf 80' lang='grc' dir='ltr'><strong>μὲν</strong></span> <span class='ocrx_word' id='word_1_322' title='bbox 3215 2447 3550 2518; x_wconf 77' lang='grc' dir='ltr'><strong>πρακτικὸς,</strong></span> <span class='ocrx_word' id='word_1_323' title='bbox 3613 2450 3673 2502; x_wconf 82' lang='grc' dir='ltr'><strong>ἐν</strong></span> <span class='ocrx_word' id='word_1_324' title='bbox 3723 2448 3864 2519; x_wconf 72' lang='grc' dir='ltr'><strong>χρεία</strong></span> 
     </span>
    </p>
   </div>
   <div class='ocr_carea' id='block_1_53' title="bbox 2293 2535 3862 2610">
    <p class='ocr_par' dir='ltr' id='par_1_53' title="bbox 2293 2535 3862 2610">
     <span class='ocr_line' id='line_1_53' title="bbox 2293 2535 3862 2610; baseline 0.002 -21"><span class='ocrx_word' id='word_1_325' title='bbox 2293 2537 2412 2590; x_wconf 78' lang='grc' dir='ltr'><strong>ἐστὶ</strong></span> <span class='ocrx_word' id='word_1_326' title='bbox 2457 2535 2690 2591; x_wconf 87' lang='grc' dir='ltr'><strong>πάντοτε</strong></span> <span class='ocrx_word' id='word_1_327' title='bbox 2715 2551 2727 2564; x_wconf 90' lang='grc'><strong>·</strong></span> <span class='ocrx_word' id='word_1_328' title='bbox 2755 2535 2816 2589; x_wconf 90' lang='grc' dir='ltr'><strong>οὐ</strong></span> <span class='ocrx_word' id='word_1_329' title='bbox 2851 2535 3080 2590; x_wconf 84' lang='grc' dir='ltr'><strong>πάντοτε</strong></span> <span class='ocrx_word' id='word_1_330' title='bbox 3108 2536 3167 2591; x_wconf 79' lang='grc' dir='ltr'><strong>δὲ</strong></span> <span class='ocrx_word' id='word_1_331' title='bbox 3195 2538 3224 2590; x_wconf 85' lang='grc' dir='ltr'>ὁ</span> <span class='ocrx_word' id='word_1_332' title='bbox 3253 2537 3615 2610; x_wconf 85' lang='grc' dir='ltr'><strong>θεωρητικός.</strong></span> <span class='ocrx_word' id='word_1_333' title='bbox 3662 2539 3746 2592; x_wconf 83' lang='grc' dir='ltr'><strong>Ἐν</strong></span> <span class='ocrx_word' id='word_1_334' title='bbox 3769 2539 3862 2610; x_wconf 79' lang='grc' dir='ltr'><strong>γὰρ</strong></span> 
     </span>
    </p>
   </div>
   <div class='ocr_carea' id='block_1_54' title="bbox 2292 2626 3863 2700">
    <p class='ocr_par' dir='ltr' id='par_1_54' title="bbox 2292 2626 3863 2700">
     <span class='ocr_line' id='line_1_54' title="bbox 2292 2626 3863 2700; baseline 0.003 -20"><span class='ocrx_word' id='word_1_335' title='bbox 2292 2626 2370 2698; x_wconf 86' lang='grc' dir='ltr'><strong>τῷ</strong></span> <span class='ocrx_word' id='word_1_336' title='bbox 2401 2626 2579 2700; x_wconf 81' lang='grc' dir='ltr'><strong>καιρῷ</strong></span> <span class='ocrx_word' id='word_1_337' title='bbox 2615 2627 2718 2698; x_wconf 88' lang='grc' dir='ltr'><strong>τῆς</strong></span> <span class='ocrx_word' id='word_1_338' title='bbox 2773 2627 2940 2698; x_wconf 88' lang='grc' dir='ltr'><strong>εὐχῆς</strong></span> <span class='ocrx_word' id='word_1_339' title='bbox 2985 2629 3197 2699; x_wconf 82' lang='grc' dir='ltr'><strong>χαίρειν</strong></span> <span class='ocrx_word' id='word_1_340' title='bbox 3246 2626 3403 2695; x_wconf 75' lang='grc' dir='ltr'><strong>οὗτος</strong></span> <span class='ocrx_word' id='word_1_341' title='bbox 3466 2634 3642 2685; x_wconf 77' lang='grc' dir='ltr'><strong>πᾶσιν</strong></span> <span class='ocrx_word' id='word_1_342' title='bbox 3691 2633 3863 2696; x_wconf 81' lang='grc' dir='ltr'><strong>είπὼν,</strong></span> 
     </span>
    </p>
   </div>
   <div class='ocr_carea' id='block_1_55' title="bbox 2293 2718 3858 2790">
    <p class='ocr_par' dir='ltr' id='par_1_55' title="bbox 2293 2718 3858 2790">
     <span class='ocr_line' id='line_1_55' title="bbox 2293 2718 3858 2790; baseline 0.002 -17"><span class='ocrx_word' id='word_1_343' title='bbox 2293 2718 2458 2782; x_wconf 75' lang='grc' dir='ltr'><strong>αὐτὸς</strong></span> <span class='ocrx_word' id='word_1_344' title='bbox 2494 2718 2687 2774; x_wconf 73' lang='grc' dir='ltr'><strong>ἑαυτὸν</strong></span> <span class='ocrx_word' id='word_1_345' title='bbox 2717 2719 2811 2772; x_wconf 76' lang='grc' dir='ltr'><strong>ἐπὶ</strong></span> <span class='ocrx_word' id='word_1_346' title='bbox 2839 2719 2949 2772; x_wconf 83' lang='grc' dir='ltr'><strong>τῶν</strong></span> <span class='ocrx_word' id='word_1_347' title='bbox 2981 2720 3082 2790; x_wconf 85' lang='grc' dir='ltr'><strong>τῆς</strong></span> <span class='ocrx_word' id='word_1_348' title='bbox 3119 2721 3466 2790; x_wconf 82' lang='grc' dir='ltr'><strong>διαγνώσεως</strong></span> <span class='ocrx_word' id='word_1_349' title='bbox 3493 2723 3704 2777; x_wconf 71' lang='grc' dir='ltr'><strong>οἰάκων</strong></span> <span class='ocrx_word' id='word_1_350' title='bbox 3743 2723 3858 2776; x_wconf 81' lang='grc' dir='ltr'><strong>καθ-</strong></span> 
     </span>
    </p>
   </div>
   <div class='ocr_carea' id='block_1_56' title="bbox 2295 2811 3857 2885">
    <p class='ocr_par' dir='ltr' id='par_1_56' title="bbox 2295 2811 3857 2885">
     <span class='ocr_line' id='line_1_56' title="bbox 2295 2811 3857 2885; baseline 0.003 -21"><span class='ocrx_word' id='word_1_351' title='bbox 2295 2812 2446 2878; x_wconf 78' lang='grc' dir='ltr'><strong>ίζων,</strong></span> <span class='ocrx_word' id='word_1_352' title='bbox 2475 2811 2566 2867; x_wconf 84' lang='grc' dir='ltr'><strong>διὰ</strong></span> <span class='ocrx_word' id='word_1_353' title='bbox 2601 2811 2783 2884; x_wconf 78' lang='grc' dir='ltr'><strong>πάσης</strong></span> <span class='ocrx_word' id='word_1_354' title='bbox 2817 2813 3089 2885; x_wconf 77' lang='grc' dir='ltr'><strong>ἐγρήγορε</strong></span> <span class='ocrx_word' id='word_1_355' title='bbox 3116 2813 3214 2885; x_wconf 89' lang='grc' dir='ltr'><strong>τῆς</strong></span> <span class='ocrx_word' id='word_1_356' title='bbox 3245 2815 3388 2869; x_wconf 85' lang='grc' dir='ltr'><strong>κατὰ</strong></span> <span class='ocrx_word' id='word_1_357' title='bbox 3405 2815 3648 2884; x_wconf 83' lang='grc' dir='ltr'><strong>θεωρίαν</strong></span> <span class='ocrx_word' id='word_1_358' title='bbox 3667 2817 3857 2878; x_wconf 78' lang='grc' dir='ltr'><strong>νυκτὸς,</strong></span> 
     </span>
    </p>
   </div>
   <div class='ocr_carea' id='block_1_57' title="bbox 2289 2903 3858 2977">
    <p class='ocr_par' dir='ltr' id='par_1_57' title="bbox 2289 2903 3858 2977">
     <span class='ocr_line' id='line_1_57' title="bbox 2289 2903 3858 2977; baseline 0 -17"><span class='ocrx_word' id='word_1_359' title='bbox 2289 2903 2529 2969; x_wconf 85' lang='grc' dir='ltr'><strong>αίνέσεις</strong></span> <span class='ocrx_word' id='word_1_360' title='bbox 2554 2905 2849 2975; x_wconf 81' lang='grc' dir='ltr'><strong>προσάγων</strong></span> <span class='ocrx_word' id='word_1_361' title='bbox 2888 2904 2967 2976; x_wconf 86' lang='grc' dir='ltr'><strong>τῷ</strong></span> <span class='ocrx_word' id='word_1_362' title='bbox 3004 2909 3220 2977; x_wconf 88' lang='grc' dir='ltr'><strong>συνοχεί</strong></span> <span class='ocrx_word' id='word_1_363' title='bbox 3247 2907 3343 2960; x_wconf 82' lang='grc' dir='ltr'><strong>τοῦ</strong></span> <span class='ocrx_word' id='word_1_364' title='bbox 3373 2907 3604 2966; x_wconf 81' lang='grc' dir='ltr'><strong>παντός.</strong></span> <span class='ocrx_word' id='word_1_365' title='bbox 3641 2907 3747 2962; x_wconf 78' lang='grc' dir='ltr'><strong>Καί</strong></span> <span class='ocrx_word' id='word_1_366' title='bbox 3771 2907 3858 2960; x_wconf 77' lang='grc' dir='ltr'><strong>πού</strong></span> 
     </span>
    </p>
   </div>
   <div class='ocr_carea' id='block_1_58' title="bbox 601 2963 2191 3069">
    <p class='ocr_par' dir='ltr' id='par_1_58' title="bbox 601 2963 2190 3062">
     <span class='ocr_line' id='line_1_58' title="bbox 601 2963 2190 3062; baseline 0 -17"><span class='ocrx_word' id='word_1_367' title='bbox 601 2963 870 3047; x_wconf 49' lang='lat' dir='ltr'><strong>offerens:</strong></span> <span class='ocrx_word' id='word_1_368' title='bbox 905 2991 1027 3048; x_wconf 81' lang='lat' dir='ltr'><strong>’Sed</strong></span> <span class='ocrx_word' id='word_1_369' title='bbox 1069 2998 1128 3047; x_wconf 91' lang='lat' dir='ltr'><strong>et</strong></span> <span class='ocrx_word' id='word_1_370' title='bbox 1171 2990 1506 3062; x_wconf 89' lang='lat' dir='ltr'><strong>quandoque</strong></span> <span class='ocrx_word' id='word_1_371' title='bbox 1545 2990 1877 3046; x_wconf 89' lang='lat' dir='ltr'><strong>amatorium</strong></span> <span class='ocrx_word' id='word_1_372' title='bbox 1912 2963 2190 3061; x_wconf 55' lang='lat' dir='ltr'><strong>quoddam</strong></span> 
     </span>
    </p>
   </div>
   <div class='ocr_carea' id='block_1_59' title="bbox 2292 2963 3858 3069">
    <p class='ocr_par' dir='ltr' id='par_1_59' title="bbox 2298 2963 3858 3069">
     <span class='ocr_line' id='line_1_59' title="bbox 2298 2963 3858 3069; baseline -0.001 -20"><span class='ocrx_word' id='word_1_373' title='bbox 2298 3011 2356 3048; x_wconf 88' lang='grc' dir='ltr'><strong>τι</strong></span> <span class='ocrx_word' id='word_1_374' title='bbox 2389 2995 2486 3049; x_wconf 79' lang='grc' dir='ltr'><strong>καὶ</strong></span> <span class='ocrx_word' id='word_1_375' title='bbox 2508 2963 2699 3066; x_wconf 69' lang='grc' dir='ltr'><strong>⁷μέλος</strong></span> <span class='ocrx_word' id='word_1_376' title='bbox 2747 2963 3016 3065; x_wconf 52' lang='grc' dir='ltr'><strong>ἓρωτικὸν</strong></span> <span class='ocrx_word' id='word_1_377' title='bbox 3068 2963 3497 3067; x_wconf 53' lang='grc' dir='ltr'><strong>ἁνὲιλαὸόμενος,</strong></span> <span class='ocrx_word' id='word_1_378' title='bbox 3683 2996 3858 3050; x_wconf 79' lang='grc' dir='ltr'><strong>ἑαυτοῦ</strong></span> 
     </span>
    </p>
   </div>
   <div class='ocr_carea' id='block_1_60' title="bbox 601 3081 2191 3160">
    <p class='ocr_par' dir='ltr' id='par_1_60' title="bbox 601 3081 2190 3154">
     <span class='ocr_line' id='line_1_60' title="bbox 601 3081 2190 3154; baseline 0 -18"><span class='ocrx_word' id='word_1_379' title='bbox 601 3082 778 3138; x_wconf 88' lang='lat' dir='ltr'><strong>melos</strong></span> <span class='ocrx_word' id='word_1_380' title='bbox 807 3097 1130 3148; x_wconf 87' lang='lat' dir='ltr'><strong>assumens,</strong></span> <span class='ocrx_word' id='word_1_381' title='bbox 1163 3097 1265 3138; x_wconf 91' lang='lat' dir='ltr'><strong>suo</strong></span> <span class='ocrx_word' id='word_1_382' title='bbox 1294 3083 1470 3154; x_wconf 89' lang='lat' dir='ltr'><strong>ipsius</strong></span> <span class='ocrx_word' id='word_1_383' title='bbox 1501 3081 1706 3139; x_wconf 89' lang='lat' dir='ltr'><strong>accinit</strong></span> <span class='ocrx_word' id='word_1_384' title='bbox 1734 3081 1948 3147; x_wconf 87' lang='lat' dir='ltr'><strong>animo,</strong></span> <span class='ocrx_word' id='word_1_385' title='bbox 1990 3081 2190 3153; x_wconf 86' lang='lat' dir='ltr'><strong>reliqui</strong></span> 
     </span>
    </p>
   </div>
   <div class='ocr_carea' id='block_1_61' title="bbox 2292 3081 3861 3160">
    <p class='ocr_par' dir='ltr' id='par_1_61' title="bbox 2293 3086 3861 3160">
     <span class='ocr_line' id='line_1_61' title="bbox 2293 3086 3861 3160; baseline 0.003 -22"><span class='ocrx_word' id='word_1_386' title='bbox 2293 3086 2629 3159; x_wconf 84' lang='grc' dir='ltr'><strong>προσεπᾲδει</strong></span> <span class='ocrx_word' id='word_1_387' title='bbox 2647 3086 2816 3158; x_wconf 72' lang='grc' dir='ltr'><strong>ψυχῇ,</strong></span> <span class='ocrx_word' id='word_1_388' title='bbox 2843 3086 2971 3150; x_wconf 75' lang='grc' dir='ltr'><strong>τοὺς</strong></span> <span class='ocrx_word' id='word_1_389' title='bbox 3007 3088 3108 3158; x_wconf 86' lang='grc' dir='ltr'><strong>τῆς</strong></span> <span class='ocrx_word' id='word_1_390' title='bbox 3133 3087 3304 3158; x_wconf 73' lang='grc' dir='ltr'><strong>ἄλλης</strong></span> <span class='ocrx_word' id='word_1_391' title='bbox 3323 3087 3608 3160; x_wconf 83' lang='grc' dir='ltr'><strong>θαλάσσης</strong></span> <span class='ocrx_word' id='word_1_392' title='bbox 3645 3089 3861 3143; x_wconf 65' lang='lat' dir='ltr'><strong>duono-</strong></span> 
     </span>
    </p>
   </div>
   <div class='ocr_carea' id='block_1_62' title="bbox 602 3172 2191 3254">
    <p class='ocr_par' dir='ltr' id='par_1_62' title="bbox 602 3172 2191 3239">
     <span class='ocr_line' id='line_1_62' title="bbox 602 3172 2191 3239; baseline 0.001 -11"><span class='ocrx_word' id='word_1_393' title='bbox 602 3173 774 3229; x_wconf 88' lang='lat' dir='ltr'><strong>maris</strong></span> <span class='ocrx_word' id='word_1_394' title='bbox 826 3174 1097 3230; x_wconf 88' lang='lat' dir='ltr'><strong>elationes</strong></span> <span class='ocrx_word' id='word_1_395' title='bbox 1138 3173 1516 3239; x_wconf 88' lang='lat' dir='ltr'><strong>considerans,</strong></span> <span class='ocrx_word' id='word_1_396' title='bbox 1566 3189 1632 3230; x_wconf 89' lang='lat' dir='ltr'><strong>ac</strong></span> <span class='ocrx_word' id='word_1_397' title='bbox 1686 3173 1843 3228; x_wconf 89' lang='lat' dir='ltr'><strong>velut</strong></span> <span class='ocrx_word' id='word_1_398' title='bbox 1892 3172 2191 3229; x_wconf 89' lang='lat' dir='ltr'><strong>frementes</strong></span> 
     </span>
    </p>
   </div>
   <div class='ocr_carea' id='block_1_63' title="bbox 2292 3172 3860 3254">
    <p class='ocr_par' dir='ltr' id='par_1_63' title="bbox 2297 3177 3860 3250">
     <span class='ocr_line' id='line_1_63' title="bbox 2297 3177 3860 3250; baseline 0.001 -20"><span class='ocrx_word' id='word_1_399' title='bbox 2297 3178 2415 3232; x_wconf 88' lang='grc' dir='ltr'><strong>πῶν</strong></span> <span class='ocrx_word' id='word_1_400' title='bbox 2447 3178 2880 3250; x_wconf 83' lang='grc' dir='ltr'><strong>μετεωρισμούς,</strong></span> <span class='ocrx_word' id='word_1_401' title='bbox 2911 3178 3009 3230; x_wconf 70' lang='grc' dir='ltr'><strong>καὶ</strong></span> <span class='ocrx_word' id='word_1_402' title='bbox 3037 3177 3115 3241; x_wconf 87' lang='grc' dir='ltr'><strong>ώς</strong></span> <span class='ocrx_word' id='word_1_403' title='bbox 3144 3177 3368 3250; x_wconf 78' lang='grc' dir='ltr'><strong>ροθίζας</strong></span> <span class='ocrx_word' id='word_1_404' title='bbox 3411 3180 3662 3248; x_wconf 80' lang='grc' dir='ltr'><strong>κινήσεις</strong></span> <span class='ocrx_word' id='word_1_405' title='bbox 3691 3178 3781 3249; x_wconf 81' lang='lat' dir='ltr'><strong>(b),</strong></span> <span class='ocrx_word' id='word_1_406' title='bbox 3800 3179 3860 3232; x_wconf 76' lang='grc' dir='ltr'><strong>τὰ</strong></span> 
     </span>
    </p>
   </div>
   <div class='ocr_carea' id='block_1_64' title="bbox 601 3264 2190 3337">
    <p class='ocr_par' dir='ltr' id='par_1_64' title="bbox 601 3264 2190 3337">
     <span class='ocr_line' id='line_1_64' title="bbox 601 3264 2190 3337; baseline -0.001 -16"><span class='ocrx_word' id='word_1_407' title='bbox 601 3264 806 3322; x_wconf 82' lang='lat' dir='ltr'><strong>fluctus</strong></span> <span class='ocrx_word' id='word_1_408' title='bbox 829 3266 897 3332; x_wconf 62' lang='grc' dir='ltr'><strong>δ’,</strong></span> <span class='ocrx_word' id='word_1_409' title='bbox 936 3267 1122 3322; x_wconf 88' lang='lat' dir='ltr'><strong>divina</strong></span> <span class='ocrx_word' id='word_1_410' title='bbox 1165 3267 1337 3323; x_wconf 88' lang='lat' dir='ltr'><strong>verba</strong></span> <span class='ocrx_word' id='word_1_411' title='bbox 1379 3283 1444 3322; x_wconf 92' lang='lat' dir='ltr'><strong>ac</strong></span> <span class='ocrx_word' id='word_1_412' title='bbox 1473 3266 1900 3337; x_wconf 77' lang='lat' dir='ltr'><strong>iustificationes</strong></span> <span class='ocrx_word' id='word_1_413' title='bbox 1940 3275 2190 3336; x_wconf 88' lang='lat' dir='ltr'><strong>stupens.</strong></span> 
     </span>
    </p>
   </div>
   <div class='ocr_carea' id='block_1_65' title="bbox 675 3360 2194 3429">
    <p class='ocr_par' dir='ltr' id='par_1_65' title="bbox 675 3360 2194 3429">
     <span class='ocr_line' id='line_1_65' title="bbox 675 3360 2194 3429; baseline 0 -13"><span class='ocrx_word' id='word_1_414' title='bbox 675 3361 798 3417; x_wconf 87' lang='grc'><strong>151.</strong></span> <span class='ocrx_word' id='word_1_415' title='bbox 839 3360 943 3429; x_wconf 86' lang='lat' dir='ltr'><strong>Qui</strong></span> <span class='ocrx_word' id='word_1_416' title='bbox 974 3362 1160 3418; x_wconf 91' lang='lat' dir='ltr'><strong>medio</strong></span> <span class='ocrx_word' id='word_1_417' title='bbox 1183 3377 1242 3417; x_wconf 87' lang='lat' dir='ltr'><strong>se</strong></span> <span class='ocrx_word' id='word_1_418' title='bbox 1267 3362 1432 3418; x_wconf 91' lang='lat' dir='ltr'><strong>modo</strong></span> <span class='ocrx_word' id='word_1_419' title='bbox 1466 3362 1634 3417; x_wconf 83' lang='lat' dir='ltr'><strong>habet</strong></span> <span class='ocrx_word' id='word_1_420' title='bbox 1660 3362 1810 3418; x_wconf 88' lang='lat' dir='ltr'><strong>inter</strong></span> <span class='ocrx_word' id='word_1_421' title='bbox 1835 3362 2109 3418; x_wconf 87' lang='lat' dir='ltr'><strong>actionem</strong></span> <span class='ocrx_word' id='word_1_422' title='bbox 2137 3372 2194 3418; x_wconf 90' lang='lat' dir='ltr'><strong>et</strong></span> 
     </span>
    </p>
   </div>
   <div class='ocr_carea' id='block_1_66' title="bbox 600 3451 2196 3523">
    <p class='ocr_par' dir='ltr' id='par_1_66' title="bbox 600 3451 2196 3523">
     <span class='ocr_line' id='line_1_66' title="bbox 600 3451 2196 3523; baseline 0.002 -18"><span class='ocrx_word' id='word_1_423' title='bbox 600 3451 1153 3522; x_wconf 85' lang='lat' dir='ltr'><strong>contemplationem,</strong></span> <span class='ocrx_word' id='word_1_424' title='bbox 1193 3468 1296 3508; x_wconf 92' lang='lat' dir='ltr'><strong>nec</strong></span> <span class='ocrx_word' id='word_1_425' title='bbox 1328 3467 1550 3523; x_wconf 87' lang='lat' dir='ltr'><strong>semper</strong></span> <span class='ocrx_word' id='word_1_426' title='bbox 1581 3461 1874 3508; x_wconf 88' lang='lat' dir='ltr'><strong>nautarum</strong></span> <span class='ocrx_word' id='word_1_427' title='bbox 1919 3469 2071 3508; x_wconf 90' lang='lat' dir='ltr'><strong>more</strong></span> <span class='ocrx_word' id='word_1_428' title='bbox 2111 3468 2196 3508; x_wconf 88' lang='lat' dir='ltr'><strong>re-</strong></span> 
     </span>
    </p>
   </div>
   <div class='ocr_carea' id='block_1_67' title="bbox 603 3540 2195 3614">
    <p class='ocr_par' dir='ltr' id='par_1_67' title="bbox 603 3540 2195 3614">
     <span class='ocr_line' id='line_1_67' title="bbox 603 3540 2195 3614; baseline 0.001 -19"><span class='ocrx_word' id='word_1_429' title='bbox 603 3540 844 3614; x_wconf 85' lang='lat' dir='ltr'><strong>migandi</strong></span> <span class='ocrx_word' id='word_1_430' title='bbox 893 3542 1087 3598; x_wconf 91' lang='lat' dir='ltr'><strong>labore</strong></span> <span class='ocrx_word' id='word_1_431' title='bbox 1141 3542 1545 3613; x_wconf 83' lang='lat' dir='ltr'><strong>navigationem</strong></span> <span class='ocrx_word' id='word_1_432' title='bbox 1596 3541 1748 3607; x_wconf 90' lang='lat' dir='ltr'><strong>facit,</strong></span> <span class='ocrx_word' id='word_1_433' title='bbox 1799 3558 1903 3599; x_wconf 90' lang='lat' dir='ltr'><strong>nec</strong></span> <span class='ocrx_word' id='word_1_434' title='bbox 1955 3557 2195 3614; x_wconf 87' lang='lat' dir='ltr'><strong>prorsus</strong></span> 
     </span>
    </p>
   </div>
   <div class='ocr_carea' id='block_1_68' title="bbox 602 3637 2196 3709">
    <p class='ocr_par' dir='ltr' id='par_1_68' title="bbox 602 3637 2196 3709">
     <span class='ocr_line' id='line_1_68' title="bbox 602 3637 2196 3709; baseline 0 -17"><span class='ocrx_word' id='word_1_435' title='bbox 602 3637 953 3708; x_wconf 86' lang='lat' dir='ltr'><strong>spiritalibus</strong></span> <span class='ocrx_word' id='word_1_436' title='bbox 978 3638 1146 3703; x_wconf 85' lang='lat' dir='ltr'><strong>velis;</strong></span> <span class='ocrx_word' id='word_1_437' title='bbox 1179 3638 1276 3694; x_wconf 87' lang='lat' dir='ltr'><strong>sed</strong></span> <span class='ocrx_word' id='word_1_438' title='bbox 1315 3638 1567 3709; x_wconf 90' lang='lat' dir='ltr'><strong>utrisque</strong></span> <span class='ocrx_word' id='word_1_439' title='bbox 1608 3637 1787 3694; x_wconf 82' lang='lat' dir='ltr'><strong>felicis</strong></span> <span class='ocrx_word' id='word_1_440' title='bbox 1819 3653 1980 3694; x_wconf 90' lang='lat' dir='ltr'><strong>usum</strong></span> <span class='ocrx_word' id='word_1_441' title='bbox 2011 3638 2196 3709; x_wconf 81' lang='lat' dir='ltr'><strong>explet</strong></span> 
     </span>
    </p>
   </div>
   <div class='ocr_carea' id='block_1_69' title="bbox 602 3730 2192 3802">
    <p class='ocr_par' dir='ltr' id='par_1_69' title="bbox 602 3730 2192 3802">
     <span class='ocr_line' id='line_1_69' title="bbox 602 3730 2192 3802; baseline -0.001 -16"><span class='ocrx_word' id='word_1_442' title='bbox 602 3730 968 3802; x_wconf 85' lang='lat' dir='ltr'><strong>navigationis</strong></span> <span class='ocrx_word' id='word_1_443' title='bbox 995 3748 1010 3784; x_wconf 91' lang='lat'><strong>:</strong></span> <span class='ocrx_word' id='word_1_444' title='bbox 1043 3730 1283 3787; x_wconf 88' lang='lat' dir='ltr'><strong>dulciter</strong></span> <span class='ocrx_word' id='word_1_445' title='bbox 1312 3730 1496 3786; x_wconf 91' lang='lat' dir='ltr'><strong>ferens</strong></span> <span class='ocrx_word' id='word_1_446' title='bbox 1527 3746 1654 3786; x_wconf 90' lang='lat' dir='ltr'><strong>cum</strong></span> <span class='ocrx_word' id='word_1_447' title='bbox 1689 3730 1922 3786; x_wconf 86' lang='lat' dir='ltr'><strong>actionis</strong></span> <span class='ocrx_word' id='word_1_448' title='bbox 1953 3730 2192 3796; x_wconf 87' lang='lat' dir='ltr'><strong>labores,</strong></span> 
     </span>
    </p>
   </div>
   <div class='ocr_carea' id='block_1_70' title="bbox 602 3819 2192 3893">
    <p class='ocr_par' dir='ltr' id='par_1_70' title="bbox 602 3819 2192 3893">
     <span class='ocr_line' id='line_1_70' title="bbox 602 3819 2192 3893; baseline 0 -18"><span class='ocrx_word' id='word_1_449' title='bbox 602 3836 713 3892; x_wconf 89' lang='lat' dir='ltr'><strong>qua</strong></span> <span class='ocrx_word' id='word_1_450' title='bbox 752 3822 838 3878; x_wconf 90' lang='lat' dir='ltr'><strong>vel</strong></span> <span class='ocrx_word' id='word_1_451' title='bbox 872 3823 1089 3877; x_wconf 89' lang='lat' dir='ltr'><strong>modice</strong></span> <span class='ocrx_word' id='word_1_452' title='bbox 1134 3819 1306 3893; x_wconf 81' lang='lat' dir='ltr'><strong>fulget</strong></span> <span class='ocrx_word' id='word_1_453' title='bbox 1347 3820 1838 3891; x_wconf 91' lang='lat' dir='ltr'><strong>contemplationis</strong></span> <span class='ocrx_word' id='word_1_454' title='bbox 1878 3821 2024 3885; x_wconf 82' lang='lat' dir='ltr'><strong>luce,</strong></span> <span class='ocrx_word' id='word_1_455' title='bbox 2075 3831 2192 3876; x_wconf 91' lang='lat' dir='ltr'><strong>tum</strong></span> 
     </span>
    </p>
   </div>
   <div class='ocr_carea' id='block_1_71' title="bbox 605 3912 2198 3985">
    <p class='ocr_par' dir='ltr' id='par_1_71' title="bbox 605 3912 2198 3985">
     <span class='ocr_line' id='line_1_71' title="bbox 605 3912 2198 3985; baseline 0.002 -20"><span class='ocrx_word' id='word_1_456' title='bbox 605 3913 944 3983; x_wconf 62' lang='lat' dir='ltr'><strong>imperfectae</strong></span> <span class='ocrx_word' id='word_1_457' title='bbox 987 3913 1230 3968; x_wconf 84' lang='lat' dir='ltr'><strong>rationes</strong></span> <span class='ocrx_word' id='word_1_458' title='bbox 1269 3913 1780 3983; x_wconf 89' lang='lat' dir='ltr'><strong>contemplationis,</strong></span> <span class='ocrx_word' id='word_1_459' title='bbox 1822 3927 1890 3967; x_wconf 79' lang='lat' dir='ltr'><strong>ex</strong></span> <span class='ocrx_word' id='word_1_460' title='bbox 1936 3912 2198 3985; x_wconf 83' lang='lat' dir='ltr'><strong>adjuncta</strong></span> 
     </span>
    </p>
   </div>
   <div class='ocr_carea' id='block_1_72' title="bbox 603 4002 1558 4076">
    <p class='ocr_par' dir='ltr' id='par_1_72' title="bbox 603 4002 1558 4076">
     <span class='ocr_line' id='line_1_72' title="bbox 603 4002 1558 4076; baseline -0.001 -17"><span class='ocrx_word' id='word_1_461' title='bbox 603 4004 845 4060; x_wconf 88' lang='lat' dir='ltr'><strong>actionis</strong></span> <span class='ocrx_word' id='word_1_462' title='bbox 873 4019 1002 4076; x_wconf 88' lang='lat' dir='ltr'><strong>ope.</strong></span> <span class='ocrx_word' id='word_1_463' title='bbox 1551 4002 1558 4004; x_wconf 67' lang='grc'>⁷</span> 
     </span>
    </p>
   </div>
   <div class='ocr_carea' id='block_1_73' title="bbox 679 4096 2191 4169">
    <p class='ocr_par' dir='ltr' id='par_1_73' title="bbox 679 4096 2191 4169">
     <span class='ocr_line' id='line_1_73' title="bbox 679 4096 2191 4169; baseline 0.001 -18"><span class='ocrx_word' id='word_1_464' title='bbox 679 4097 803 4159; x_wconf 78' lang='grc'><strong>152.</strong></span> <span class='ocrx_word' id='word_1_465' title='bbox 841 4096 1305 4169; x_wconf 89' lang='lat' dir='ltr'><strong>Contemplationi</strong></span> <span class='ocrx_word' id='word_1_466' title='bbox 1342 4099 1586 4165; x_wconf 77' lang='lat' dir='ltr'><strong>deditus,</strong></span> <span class='ocrx_word' id='word_1_467' title='bbox 1622 4108 1882 4154; x_wconf 89' lang='lat' dir='ltr'><strong>naturam</strong></span> <span class='ocrx_word' id='word_1_468' title='bbox 1919 4099 2191 4154; x_wconf 90' lang='lat' dir='ltr'><strong>voluntati</strong></span> 
     </span>
    </p>
   </div>
   <div class='ocr_carea' id='block_1_74' title="bbox 605 4188 2193 4261">
    <p class='ocr_par' dir='ltr' id='par_1_74' title="bbox 605 4188 2193 4261">
     <span class='ocr_line' id='line_1_74' title="bbox 605 4188 2193 4261; baseline 0.001 -17"><span class='ocrx_word' id='word_1_469' title='bbox 605 4188 852 4258; x_wconf 87' lang='lat' dir='ltr'><strong>proclive</strong></span> <span class='ocrx_word' id='word_1_470' title='bbox 890 4190 1157 4246; x_wconf 88' lang='lat' dir='ltr'><strong>asseclam</strong></span> <span class='ocrx_word' id='word_1_471' title='bbox 1202 4191 1437 4258; x_wconf 88' lang='lat' dir='ltr'><strong>habens,</strong></span> <span class='ocrx_word' id='word_1_472' title='bbox 1474 4192 1628 4247; x_wconf 87' lang='lat' dir='ltr'><strong>velut</strong></span> <span class='ocrx_word' id='word_1_473' title='bbox 1674 4191 1953 4246; x_wconf 85' lang='lat' dir='ltr'><strong>secundus</strong></span> <span class='ocrx_word' id='word_1_474' title='bbox 1995 4201 2193 4261; x_wconf 87' lang='lat' dir='ltr'><strong>sponte</strong></span> 
     </span>
    </p>
   </div>
   <div class='ocr_carea' id='block_1_75' title="bbox 602 4278 2195 4355">
    <p class='ocr_par' dir='ltr' id='par_1_75' title="bbox 602 4278 2195 4355">
     <span class='ocr_line' id='line_1_75' title="bbox 602 4278 2195 4355; baseline 0.003 -21"><span class='ocrx_word' id='word_1_475' title='bbox 602 4278 807 4346; x_wconf 74' lang='lat' dir='ltr'><strong>fluxus,</strong></span> <span class='ocrx_word' id='word_1_476' title='bbox 862 4283 1017 4338; x_wconf 92' lang='lat' dir='ltr'><strong>nullo</strong></span> <span class='ocrx_word' id='word_1_477' title='bbox 1065 4282 1254 4340; x_wconf 90' lang='lat' dir='ltr'><strong>labore</strong></span> <span class='ocrx_word' id='word_1_478' title='bbox 1299 4285 1708 4355; x_wconf 88' lang='lat' dir='ltr'><strong>navigationem</strong></span> <span class='ocrx_word' id='word_1_479' title='bbox 1755 4282 1928 4339; x_wconf 92' lang='lat' dir='ltr'><strong>facit:</strong></span> <span class='ocrx_word' id='word_1_480' title='bbox 1956 4283 2195 4338; x_wconf 85' lang='lat' dir='ltr'><strong>actionis</strong></span> 
     </span>
    </p>
   </div>
   <div class='ocr_carea' id='block_1_76' title="bbox 604 4373 2193 4456">
    <p class='ocr_par' dir='ltr' id='par_1_76' title="bbox 604 4373 2193 4456">
     <span class='ocr_line' id='line_1_76' title="bbox 604 4373 2193 4456; baseline 0.003 -30"><span class='ocrx_word' id='word_1_481' title='bbox 604 4381 788 4427; x_wconf 91' lang='lat' dir='ltr'><strong>autem</strong></span> <span class='ocrx_word' id='word_1_482' title='bbox 821 4374 1022 4438; x_wconf 82' lang='lat' dir='ltr'><strong>cultor,</strong></span> <span class='ocrx_word' id='word_1_483' title='bbox 1053 4373 1403 4430; x_wconf 75' lang='lat' dir='ltr'><strong>aﬂectionem</strong></span> <span class='ocrx_word' id='word_1_484' title='bbox 1433 4391 1499 4430; x_wconf 90' lang='lat' dir='ltr'><strong>ac</strong></span> <span class='ocrx_word' id='word_1_485' title='bbox 1521 4373 1811 4430; x_wconf 87' lang='lat' dir='ltr'><strong>libidinem</strong></span> <span class='ocrx_word' id='word_1_486' title='bbox 1846 4382 2061 4456; x_wconf 71' lang='lat' dir='ltr'><strong>natura:</strong></span> <span class='ocrx_word' id='word_1_487' title='bbox 2090 4375 2193 4430; x_wconf 87' lang='lat' dir='ltr'><strong>ad-</strong></span> 
     </span>
    </p>
   </div>
   <div class='ocr_carea' id='block_1_77' title="bbox 606 4466 2192 4537">
    <p class='ocr_par' dir='ltr' id='par_1_77' title="bbox 606 4466 2192 4537">
     <span class='ocr_line' id='line_1_77' title="bbox 606 4466 2192 4537; baseline 0.004 -20"><span class='ocrx_word' id='word_1_488' title='bbox 606 4474 918 4518; x_wconf 89' lang='lat' dir='ltr'><strong>versantem</strong></span> <span class='ocrx_word' id='word_1_489' title='bbox 956 4474 1171 4530; x_wconf 89' lang='lat' dir='ltr'><strong>nactus,</strong></span> <span class='ocrx_word' id='word_1_490' title='bbox 1215 4466 1614 4536; x_wconf 88' lang='lat' dir='ltr'><strong>cogitationum</strong></span> <span class='ocrx_word' id='word_1_491' title='bbox 1655 4466 2034 4522; x_wconf 89' lang='lat' dir='ltr'><strong>collidcntium</strong></span> <span class='ocrx_word' id='word_1_492' title='bbox 2065 4483 2192 4537; x_wconf 89' lang='lat' dir='ltr'><strong>pro-</strong></span> 
     </span>
    </p>
   </div>
   <div class='ocr_carea' id='block_1_78' title="bbox 2297 3266 3854 3341">
    <p class='ocr_par' dir='ltr' id='par_1_78' title="bbox 2297 3266 3854 3341">
     <span class='ocr_line' id='line_1_78' title="bbox 2297 3266 3854 3341; baseline 0.001 -20"><span class='ocrx_word' id='word_1_493' title='bbox 2297 3266 2416 3321; x_wconf 87' lang='grc' dir='ltr'><strong>θεῖα</strong></span> <span class='ocrx_word' id='word_1_494' title='bbox 2441 3266 2961 3337; x_wconf 82' lang='grc' dir='ltr'><strong>καταπληττόμενος</strong></span> <span class='ocrx_word' id='word_1_495' title='bbox 3009 3269 3235 3340; x_wconf 71' lang='grc' dir='ltr'><strong>ῥήματά</strong></span> <span class='ocrx_word' id='word_1_496' title='bbox 3265 3285 3325 3322; x_wconf 91' lang='grc' dir='ltr'><strong>τε</strong></span> <span class='ocrx_word' id='word_1_497' title='bbox 3367 3270 3464 3322; x_wconf 66' lang='grc' dir='ltr'><strong>καὶ⁸</strong></span> <span class='ocrx_word' id='word_1_498' title='bbox 3507 3270 3854 3341; x_wconf 84' lang='grc' dir='ltr'><strong>δικαιώματα.</strong></span> 
     </span>
    </p>
   </div>
   <div class='ocr_carea' id='block_1_79' title="bbox 2370 3355 3856 3428">
    <p class='ocr_par' dir='ltr' id='par_1_79' title="bbox 2370 3355 3856 3428">
     <span class='ocr_line' id='line_1_79' title="bbox 2370 3355 3856 3428; baseline -0.001 -18"><span class='ocrx_word' id='word_1_499' title='bbox 2370 3363 2509 3427; x_wconf 81' lang='grc' dir='ltr'><strong>ρνα’.</strong></span> <span class='ocrx_word' id='word_1_500' title='bbox 2549 3357 2607 3409; x_wconf 85' lang='grc' dir='ltr'><strong>Ὀ</strong></span> <span class='ocrx_word' id='word_1_501' title='bbox 2657 3355 2841 3427; x_wconf 82' lang='grc' dir='ltr'><strong>μέσως</strong></span> <span class='ocrx_word' id='word_1_502' title='bbox 2895 3355 3036 3427; x_wconf 72' lang='grc' dir='ltr'><strong>ἔχων</strong></span> <span class='ocrx_word' id='word_1_503' title='bbox 3086 3357 3218 3428; x_wconf 76' lang='grc' dir='ltr'><strong>περὶ</strong></span> <span class='ocrx_word' id='word_1_504' title='bbox 3266 3357 3466 3428; x_wconf 79' lang='grc' dir='ltr'><strong>πρᾶξιν</strong></span> <span class='ocrx_word' id='word_1_505' title='bbox 3497 3359 3600 3410; x_wconf 79' lang='grc' dir='ltr'><strong>καὶ</strong></span> <span class='ocrx_word' id='word_1_506' title='bbox 3623 3357 3856 3427; x_wconf 83' lang='grc' dir='ltr'><strong>θεωρίαν,</strong></span> 
     </span>
    </p>
   </div>
   <div class='ocr_carea' id='block_1_80' title="bbox 2294 3445 3857 3518">
    <p class='ocr_par' dir='ltr' id='par_1_80' title="bbox 2294 3445 3857 3518">
     <span class='ocr_line' id='line_1_80' title="bbox 2294 3445 3857 3518; baseline -0.001 -18"><span class='ocrx_word' id='word_1_507' title='bbox 2294 3446 2418 3500; x_wconf 84' lang='grc' dir='ltr'><strong>οὐτε</strong></span> <span class='ocrx_word' id='word_1_508' title='bbox 2443 3447 2617 3518; x_wconf 88' lang='grc' dir='ltr'><strong>πάντη</strong></span> <span class='ocrx_word' id='word_1_509' title='bbox 2649 3450 2770 3512; x_wconf 86' lang='grc' dir='ltr'><strong>ταῖς</strong></span> <span class='ocrx_word' id='word_1_510' title='bbox 2799 3445 3016 3511; x_wconf 83' lang='grc' dir='ltr'><strong>κώπαις</strong></span> <span class='ocrx_word' id='word_1_511' title='bbox 3045 3449 3188 3502; x_wconf 78' lang='grc' dir='ltr'><strong>κατὰ</strong></span> <span class='ocrx_word' id='word_1_512' title='bbox 3218 3450 3347 3513; x_wconf 83' lang='grc' dir='ltr'><strong>τοὺς</strong></span> <span class='ocrx_word' id='word_1_513' title='bbox 3374 3451 3669 3511; x_wconf 62' lang='grc' dir='ltr'><strong>ναυτικοὺς</strong></span> <span class='ocrx_word' id='word_1_514' title='bbox 3709 3450 3857 3501; x_wconf 68' lang='grc' dir='ltr'><strong>ποιεῖ.</strong></span> 
     </span>
    </p>
   </div>
   <div class='ocr_carea' id='block_1_81' title="bbox 2294 3538 3855 3611">
    <p class='ocr_par' dir='ltr' id='par_1_81' title="bbox 2294 3538 3855 3611">
     <span class='ocr_line' id='line_1_81' title="bbox 2294 3538 3855 3611; baseline 0 -19"><span class='ocrx_word' id='word_1_515' title='bbox 2294 3557 2380 3592; x_wconf 88' lang='grc' dir='ltr'><strong>ται</strong></span> <span class='ocrx_word' id='word_1_516' title='bbox 2435 3539 2528 3593; x_wconf 84' lang='grc' dir='ltr'><strong>τὸν</strong></span> <span class='ocrx_word' id='word_1_517' title='bbox 2570 3539 2772 3604; x_wconf 83' lang='grc' dir='ltr'><strong>πλοῦν,</strong></span> <span class='ocrx_word' id='word_1_518' title='bbox 2829 3538 2945 3593; x_wconf 79' lang='grc' dir='ltr'><strong>οὐθ’</strong></span> <span class='ocrx_word' id='word_1_519' title='bbox 2995 3539 3155 3605; x_wconf 80' lang='grc' dir='ltr'><strong>ὅλως,</strong></span> <span class='ocrx_word' id='word_1_520' title='bbox 3193 3543 3307 3604; x_wconf 90' lang='grc' dir='ltr'><strong>τοῖς</strong></span> <span class='ocrx_word' id='word_1_521' title='bbox 3363 3543 3582 3611; x_wconf 84' lang='grc' dir='ltr'><strong>νοητοῖς</strong></span> <span class='ocrx_word' id='word_1_522' title='bbox 3649 3540 3855 3603; x_wconf 78' lang='grc' dir='ltr'><strong>ἱστίοιςο</strong></span> 
     </span>
    </p>
   </div>
   <div class='ocr_carea' id='block_1_82' title="bbox 2293 3630 3856 3705">
    <p class='ocr_par' dir='ltr' id='par_1_82' title="bbox 2293 3630 3856 3705">
     <span class='ocr_line' id='line_1_82' title="bbox 2293 3630 3856 3705; baseline 0 -19"><span class='ocrx_word' id='word_1_523' title='bbox 2293 3630 2430 3686; x_wconf 78' lang='grc' dir='ltr'><strong>ἀλλὰ</strong></span> <span class='ocrx_word' id='word_1_524' title='bbox 2457 3631 2526 3685; x_wconf 76' lang='grc' dir='ltr'><strong>δι’</strong></span> <span class='ocrx_word' id='word_1_525' title='bbox 2560 3632 2894 3701; x_wconf 79' lang='grc' dir='ltr'><strong>ἀμφοτέρων</strong></span> <span class='ocrx_word' id='word_1_526' title='bbox 2936 3633 3038 3702; x_wconf 79' lang='grc' dir='ltr'><strong>τὴν</strong></span> <span class='ocrx_word' id='word_1_527' title='bbox 3066 3632 3259 3705; x_wconf 85' lang='grc' dir='ltr'><strong>χρείαν</strong></span> <span class='ocrx_word' id='word_1_528' title='bbox 3288 3634 3392 3704; x_wconf 84' lang='grc' dir='ltr'><strong>τῆς</strong></span> <span class='ocrx_word' id='word_1_529' title='bbox 3421 3634 3685 3697; x_wconf 78' lang='grc' dir='ltr'><strong>εὐπλοῖας</strong></span> <span class='ocrx_word' id='word_1_530' title='bbox 3709 3633 3856 3703; x_wconf 72' lang='grc' dir='ltr'><strong>ἔργα·</strong></span> 
     </span>
    </p>
   </div>
   <div class='ocr_carea' id='block_1_83' title="bbox 2295 3718 3858 3796">
    <p class='ocr_par' dir='ltr' id='par_1_83' title="bbox 2295 3718 3858 3796">
     <span class='ocr_line' id='line_1_83' title="bbox 2295 3718 3858 3796; baseline 0.001 -22"><span class='ocrx_word' id='word_1_531' title='bbox 2295 3721 2478 3786; x_wconf 85' lang='grc' dir='ltr'><strong>ζεται·</strong></span> <span class='ocrx_word' id='word_1_532' title='bbox 2514 3721 2688 3792; x_wconf 80' lang='grc' dir='ltr'><strong>ἡδέως</strong></span> <span class='ocrx_word' id='word_1_533' title='bbox 2733 3721 2918 3795; x_wconf 82' lang='grc' dir='ltr'><strong>φέρων</strong></span> <span class='ocrx_word' id='word_1_534' title='bbox 2967 3722 3064 3775; x_wconf 83' lang='grc' dir='ltr'><strong>καὶ</strong></span> <span class='ocrx_word' id='word_1_535' title='bbox 3096 3722 3224 3796; x_wconf 75' lang='grc' dir='ltr'><strong>τοὺς</strong></span> <span class='ocrx_word' id='word_1_536' title='bbox 3252 3721 3450 3786; x_wconf 88' lang='grc' dir='ltr'><strong>πόνους</strong></span> <span class='ocrx_word' id='word_1_537' title='bbox 3475 3722 3580 3793; x_wconf 91' lang='grc' dir='ltr'><strong>τῆς</strong></span> <span class='ocrx_word' id='word_1_538' title='bbox 3608 3718 3858 3793; x_wconf 77' lang='grc' dir='ltr'><strong>πράξεως,</strong></span> 
     </span>
    </p>
   </div>
   <div class='ocr_carea' id='block_1_84' title="bbox 2294 3811 3855 3884">
    <p class='ocr_par' dir='ltr' id='par_1_84' title="bbox 2294 3811 3855 3884">
     <span class='ocr_line' id='line_1_84' title="bbox 2294 3811 3855 3884; baseline 0.004 -17"><span class='ocrx_word' id='word_1_539' title='bbox 2294 3813 2381 3867; x_wconf 83' lang='grc' dir='ltr'><strong>διὰ</strong></span> <span class='ocrx_word' id='word_1_540' title='bbox 2414 3812 2476 3865; x_wconf 82' lang='grc' dir='ltr'><strong>τὸ</strong></span> <span class='ocrx_word' id='word_1_541' title='bbox 2507 3811 2726 3882; x_wconf 86' lang='grc' dir='ltr'><strong>μέτριον</strong></span> <span class='ocrx_word' id='word_1_542' title='bbox 2754 3813 2856 3884; x_wconf 89' lang='grc' dir='ltr'><strong>τῆς</strong></span> <span class='ocrx_word' id='word_1_543' title='bbox 2907 3811 3181 3884; x_wconf 87' lang='grc' dir='ltr'><strong>θεωρίας⁹</strong></span> <span class='ocrx_word' id='word_1_544' title='bbox 3211 3813 3308 3867; x_wconf 72' lang='grc' dir='ltr'><strong>καὶ</strong></span> <span class='ocrx_word' id='word_1_545' title='bbox 3352 3813 3486 3878; x_wconf 86' lang='grc' dir='ltr'><strong>τούς</strong></span> <span class='ocrx_word' id='word_1_546' title='bbox 3541 3813 3737 3882; x_wconf 85' lang='grc' dir='ltr'><strong>λόγους</strong></span> <span class='ocrx_word' id='word_1_547' title='bbox 3773 3815 3855 3880; x_wconf 80' lang='grc' dir='ltr'><strong>τῆς</strong></span> 
     </span>
    </p>
   </div>
   <div class='ocr_carea' id='block_1_85' title="bbox 2294 3903 3857 3977">
    <p class='ocr_par' dir='ltr' id='par_1_85' title="bbox 2294 3903 3857 3977">
     <span class='ocr_line' id='line_1_85' title="bbox 2294 3903 3857 3977; baseline -0.001 -19"><span class='ocrx_word' id='word_1_548' title='bbox 2294 3904 2520 3970; x_wconf 81' lang='grc' dir='ltr'><strong>ἀτελοῦς</strong></span> <span class='ocrx_word' id='word_1_549' title='bbox 2564 3904 2824 3976; x_wconf 83' lang='grc' dir='ltr'><strong>θεωρίας,</strong></span> <span class='ocrx_word' id='word_1_550' title='bbox 2853 3904 3036 3961; x_wconf 78' lang='grc' dir='ltr'><strong>διὰτὸ</strong></span> <span class='ocrx_word' id='word_1_551' title='bbox 3065 3904 3382 3977; x_wconf 83' lang='grc' dir='ltr'><strong>βοηθεῖσθαι</strong></span> <span class='ocrx_word' id='word_1_552' title='bbox 3437 3905 3546 3960; x_wconf 83' lang='grc' dir='ltr'><strong>ὐπὸ</strong></span> <span class='ocrx_word' id='word_1_553' title='bbox 3601 3908 3698 3973; x_wconf 81' lang='grc' dir='ltr'><strong>τῆς</strong></span> <span class='ocrx_word' id='word_1_554' title='bbox 3744 3903 3857 3976; x_wconf 83' lang='grc' dir='ltr'><strong>πρά·</strong></span> 
     </span>
    </p>
   </div>
   <div class='ocr_carea' id='block_1_86' title="bbox 2295 3995 2453 4063">
    <p class='ocr_par' dir='ltr' id='par_1_86' title="bbox 2295 3995 2453 4063">
     <span class='ocr_line' id='line_1_86' title="bbox 2295 3995 2453 4063; baseline 0.013 -15"><span class='ocrx_word' id='word_1_555' title='bbox 2295 3995 2453 4063; x_wconf 80' lang='grc' dir='ltr'><strong>ξεως.</strong></span> 
     </span>
    </p>
   </div>
   <div class='ocr_carea' id='block_1_87' title="bbox 2369 4086 3854 4163">
    <p class='ocr_par' dir='ltr' id='par_1_87' title="bbox 2369 4086 3854 4163">
     <span class='ocr_line' id='line_1_87' title="bbox 2369 4086 3854 4163; baseline 0.001 -23"><span class='ocrx_word' id='word_1_556' title='bbox 2369 4086 2504 4158; x_wconf 81' lang='grc' dir='ltr'><strong>ρνβ’.</strong></span> <span class='ocrx_word' id='word_1_557' title='bbox 2553 4087 2611 4142; x_wconf 88' lang='lat'><strong>&#39;0</strong></span> <span class='ocrx_word' id='word_1_558' title='bbox 2666 4088 2766 4158; x_wconf 83' lang='grc' dir='ltr'><strong>μὲν</strong></span> <span class='ocrx_word' id='word_1_559' title='bbox 2816 4087 3175 4161; x_wconf 75' lang='grc' dir='ltr'><strong>θεωρητικὸς,</strong></span> <span class='ocrx_word' id='word_1_560' title='bbox 3219 4092 3287 4160; x_wconf 79' lang='grc' dir='ltr'><strong>τῇ</strong></span> <span class='ocrx_word' id='word_1_561' title='bbox 3342 4089 3540 4163; x_wconf 84' lang='grc' dir='ltr'><strong>γνώμῃ</strong></span> <span class='ocrx_word' id='word_1_562' title='bbox 3585 4091 3686 4163; x_wconf 81' lang='grc' dir='ltr'><strong>τὴν</strong></span> <span class='ocrx_word' id='word_1_563' title='bbox 3714 4090 3854 4160; x_wconf 83' lang='grc' dir='ltr'><strong>φύσιν</strong></span> 
     </span>
    </p>
   </div>
   <div class='ocr_carea' id='block_1_88' title="bbox 2294 4177 3855 4254">
    <p class='ocr_par' dir='ltr' id='par_1_88' title="bbox 2294 4177 3855 4254">
     <span class='ocr_line' id='line_1_88' title="bbox 2294 4177 3855 4254; baseline 0.001 -22"><span class='ocrx_word' id='word_1_564' title='bbox 2294 4177 2433 4250; x_wconf 81' lang='grc' dir='ltr'><strong>ἔχων</strong></span> <span class='ocrx_word' id='word_1_565' title='bbox 2461 4181 2884 4251; x_wconf 81' lang='grc' dir='ltr'><strong>συντρέχουσαν,</strong></span> <span class='ocrx_word' id='word_1_566' title='bbox 2905 4181 2983 4245; x_wconf 89' lang='grc' dir='ltr'><strong>ώς</strong></span> <span class='ocrx_word' id='word_1_567' title='bbox 3011 4177 3125 4235; x_wconf 74' lang='grc' dir='ltr'><strong>οἷόν</strong></span> <span class='ocrx_word' id='word_1_568' title='bbox 3147 4201 3200 4236; x_wconf 91' lang='grc' dir='ltr'><strong>τι</strong></span> <span class='ocrx_word' id='word_1_569' title='bbox 3229 4182 3429 4254; x_wconf 76' lang='grc' dir='ltr'><strong>ῥεῦμα,</strong></span> <span class='ocrx_word' id='word_1_570' title='bbox 3458 4185 3680 4245; x_wconf 77' lang='grc' dir='ltr'><strong>ἀπόνως</strong></span> <span class='ocrx_word' id='word_1_571' title='bbox 3709 4186 3855 4237; x_wconf 69' lang='lat' dir='ltr'><strong>noqu</strong></span> 
     </span>
    </p>
   </div>
   <div class='ocr_carea' id='block_1_89' title="bbox 2291 4268 3856 4343">
    <p class='ocr_par' dir='ltr' id='par_1_89' title="bbox 2291 4268 3856 4343">
     <span class='ocr_line' id='line_1_89' title="bbox 2291 4268 3856 4343; baseline 0.001 -22"><span class='ocrx_word' id='word_1_572' title='bbox 2291 4285 2383 4322; x_wconf 86' lang='grc' dir='ltr'><strong>ται</strong></span> <span class='ocrx_word' id='word_1_573' title='bbox 2425 4268 2487 4322; x_wconf 83' lang='grc' dir='ltr'><strong>τὸ</strong></span> <span class='ocrx_word' id='word_1_574' title='bbox 2543 4269 2792 4342; x_wconf 84' lang='grc' dir='ltr'><strong>πλώϊμον</strong></span> <span class='ocrx_word' id='word_1_575' title='bbox 2817 4287 2832 4304; x_wconf 75' lang='grc' dir='ltr'><strong><em>ο</em></strong></span> <span class='ocrx_word' id='word_1_576' title='bbox 2869 4273 2899 4325; x_wconf 87' lang='grc' dir='ltr'><strong>ό</strong></span> <span class='ocrx_word' id='word_1_577' title='bbox 2943 4271 3002 4324; x_wconf 81' lang='grc' dir='ltr'><strong>δὲ</strong></span> <span class='ocrx_word' id='word_1_578' title='bbox 3048 4273 3358 4343; x_wconf 81' lang='grc' dir='ltr'><strong>πρακτικὸς</strong></span> <span class='ocrx_word' id='word_1_579' title='bbox 3385 4313 3400 4338; x_wconf 90' lang='grc'><strong>,</strong></span> <span class='ocrx_word' id='word_1_580' title='bbox 3451 4272 3856 4343; x_wconf 71' lang='grc' dir='ltr'><strong>ἐναντιουμένην</strong></span> 
     </span>
    </p>
   </div>
   <div class='ocr_carea' id='block_1_90' title="bbox 2292 4359 3855 4434">
    <p class='ocr_par' dir='ltr' id='par_1_90' title="bbox 2292 4359 3855 4434">
     <span class='ocr_line' id='line_1_90' title="bbox 2292 4359 3855 4434; baseline 0.003 -22"><span class='ocrx_word' id='word_1_581' title='bbox 2292 4359 2566 4431; x_wconf 77' lang='grc' dir='ltr'><strong>εὑρίσκων</strong></span> <span class='ocrx_word' id='word_1_582' title='bbox 2609 4364 2676 4433; x_wconf 80' lang='grc' dir='ltr'><strong>τῇ</strong></span> <span class='ocrx_word' id='word_1_583' title='bbox 2729 4362 3056 4434; x_wconf 79' lang='grc' dir='ltr'><strong>προαιρέσει</strong></span> <span class='ocrx_word' id='word_1_584' title='bbox 3103 4364 3204 4434; x_wconf 78' lang='grc' dir='ltr'><strong>τὴν</strong></span> <span class='ocrx_word' id='word_1_585' title='bbox 3249 4363 3470 4434; x_wconf 78' lang='grc' dir='ltr'><strong>σχέσιν,</strong></span> <span class='ocrx_word' id='word_1_586' title='bbox 3523 4365 3694 4419; x_wconf 71' lang='grc' dir='ltr'><strong>πολὺν</strong></span> <span class='ocrx_word' id='word_1_587' title='bbox 3725 4365 3855 4432; x_wconf 85' lang='grc' dir='ltr'><strong>λογι-</strong></span> 
     </span>
    </p>
   </div>
   <div class='ocr_carea' id='block_1_91' title="bbox 2294 4450 3851 4528">
    <p class='ocr_par' dir='ltr' id='par_1_91' title="bbox 2294 4450 3851 4528">
     <span class='ocr_line' id='line_1_91' title="bbox 2294 4450 3851 4528; baseline 0.002 -23"><span class='ocrx_word' id='word_1_588' title='bbox 2294 4450 2448 4522; x_wconf 85' lang='grc' dir='ltr'><strong>σμῶν</strong></span> <span class='ocrx_word' id='word_1_589' title='bbox 2473 4451 2768 4522; x_wconf 81' lang='grc' dir='ltr'><strong>ὑφίσταται</strong></span> <span class='ocrx_word' id='word_1_590' title='bbox 2794 4452 3063 4518; x_wconf 81' lang='grc' dir='ltr'><strong>κλύδωνα,</strong></span> <span class='ocrx_word' id='word_1_591' title='bbox 3093 4453 3171 4518; x_wconf 85' lang='grc' dir='ltr'><strong>ὡς</strong></span> <span class='ocrx_word' id='word_1_592' title='bbox 3194 4455 3276 4519; x_wconf 84' lang='grc' dir='ltr'><strong>εἰς</strong></span> <span class='ocrx_word' id='word_1_593' title='bbox 3315 4455 3648 4511; x_wconf 82' lang='grc' dir='ltr'><strong>ἁπευδοκίαν</strong></span> <span class='ocrx_word' id='word_1_594' title='bbox 3675 4455 3851 4528; x_wconf 70' lang='grc' dir='ltr'><strong>μικροῦ</strong></span> 
     </span>
    </p>
   </div>
   <div class='ocr_carea' id='block_1_92' title="bbox 607 4539 2191 4629">
    <p class='ocr_par' dir='ltr' id='par_1_92' title="bbox 607 4554 2191 4629">
     <span class='ocr_line' id='line_1_92' title="bbox 607 4554 2191 4629; baseline 0.004 -22"><span class='ocrx_word' id='word_1_595' title='bbox 607 4554 746 4608; x_wconf 92' lang='lat' dir='ltr'><strong>cella</strong></span> <span class='ocrx_word' id='word_1_596' title='bbox 791 4554 987 4609; x_wconf 89' lang='lat' dir='ltr'><strong>durius</strong></span> <span class='ocrx_word' id='word_1_597' title='bbox 1025 4555 1298 4624; x_wconf 89' lang='lat' dir='ltr'><strong>quatitur;</strong></span> <span class='ocrx_word' id='word_1_598' title='bbox 1337 4573 1646 4629; x_wconf 89' lang='lat' dir='ltr'><strong>parumque</strong></span> <span class='ocrx_word' id='word_1_599' title='bbox 1679 4558 1836 4614; x_wconf 89' lang='lat' dir='ltr'><strong>abest</strong></span> <span class='ocrx_word' id='word_1_600' title='bbox 1873 4574 1944 4614; x_wconf 90' lang='lat' dir='ltr'><strong>ne</strong></span> <span class='ocrx_word' id='word_1_601' title='bbox 1985 4559 2191 4614; x_wconf 90' lang='lat' dir='ltr'><strong>laboris</strong></span> 
     </span>
    </p>
   </div>
   <div class='ocr_carea' id='block_1_93' title="bbox 2292 4539 3032 4629">
    <p class='ocr_par' dir='ltr' id='par_1_93' title="bbox 2296 4542 3032 4618">
     <span class='ocr_line' id='line_1_93' title="bbox 2296 4542 3032 4618; baseline 0.001 -21"><span class='ocrx_word' id='word_1_602' title='bbox 2296 4543 2410 4598; x_wconf 88' lang='grc' dir='ltr'><strong>δεῖν</strong></span> <span class='ocrx_word' id='word_1_603' title='bbox 2436 4542 2526 4598; x_wconf 82' lang='grc' dir='ltr'><strong>διὰ</strong></span> <span class='ocrx_word' id='word_1_604' title='bbox 2548 4544 2610 4599; x_wconf 83' lang='grc' dir='ltr'><strong>τὸ</strong></span> <span class='ocrx_word' id='word_1_605' title='bbox 2637 4543 2804 4618; x_wconf 82' lang='grc' dir='ltr'><strong>βάρος</strong></span> <span class='ocrx_word' id='word_1_606' title='bbox 2835 4545 3032 4600; x_wconf 75' lang='grc' dir='ltr'><strong>ἐλθεῖν.</strong></span> 
     </span>
    </p>
   </div>
   <div class='ocr_carea' id='block_1_94' title="bbox 607 4645 1515 4716">
    <p class='ocr_par' dir='ltr' id='par_1_94' title="bbox 607 4645 1515 4716">
     <span class='ocr_line' id='line_1_94' title="bbox 607 4645 1515 4716; baseline 0.006 -17"><span class='ocrx_word' id='word_1_607' title='bbox 607 4645 856 4700; x_wconf 89' lang='lat' dir='ltr'><strong>molestia</strong></span> <span class='ocrx_word' id='word_1_608' title='bbox 881 4645 1222 4716; x_wconf 89' lang='lat' dir='ltr'><strong>despondeat</strong></span> <span class='ocrx_word' id='word_1_609' title='bbox 1247 4649 1515 4704; x_wconf 91' lang='lat' dir='ltr'><strong>animum.</strong></span> 
     </span>
    </p>
   </div>
   <div class='ocr_carea' id='block_1_95' title="bbox 679 4734 2192 4809">
    <p class='ocr_par' dir='ltr' id='par_1_95' title="bbox 679 4734 2192 4809">
     <span class='ocr_line' id='line_1_95' title="bbox 679 4734 2192 4809; baseline 0.003 -21"><span class='ocrx_word' id='word_1_610' title='bbox 679 4734 803 4789; x_wconf 74' lang='grc'><strong>155.</strong></span> <span class='ocrx_word' id='word_1_611' title='bbox 843 4735 956 4791; x_wconf 88' lang='lat' dir='ltr'><strong>Nec</strong></span> <span class='ocrx_word' id='word_1_612' title='bbox 976 4749 1112 4790; x_wconf 88' lang='lat' dir='ltr'><strong>arvo</strong></span> <span class='ocrx_word' id='word_1_613' title='bbox 1134 4747 1535 4808; x_wconf 86' lang='lat' dir='ltr'><strong>comparatum,</strong></span> <span class='ocrx_word' id='word_1_614' title='bbox 1559 4738 1664 4794; x_wconf 90' lang='lat' dir='ltr'><strong>nisi</strong></span> <span class='ocrx_word' id='word_1_615' title='bbox 1690 4737 1859 4809; x_wconf 90' lang='lat' dir='ltr'><strong>probe</strong></span> <span class='ocrx_word' id='word_1_616' title='bbox 1883 4737 2192 4804; x_wconf 77' lang='lat' dir='ltr'><strong>excolatur,</strong></span> 
     </span>
    </p>
   </div>
   <div class='ocr_carea' id='block_1_96' title="bbox 607 4827 2192 4902">
    <p class='ocr_par' dir='ltr' id='par_1_96' title="bbox 607 4827 2192 4902">
     <span class='ocr_line' id='line_1_96' title="bbox 607 4827 2192 4902; baseline 0.002 -21"><span class='ocrx_word' id='word_1_617' title='bbox 607 4834 670 4881; x_wconf 92' lang='lat' dir='ltr'><strong>nt</strong></span> <span class='ocrx_word' id='word_1_618' title='bbox 700 4827 908 4883; x_wconf 89' lang='lat' dir='ltr'><strong>serenti</strong></span> <span class='ocrx_word' id='word_1_619' title='bbox 948 4827 1176 4884; x_wconf 88' lang='lat' dir='ltr'><strong>uberem</strong></span> <span class='ocrx_word' id='word_1_620' title='bbox 1205 4845 1268 4887; x_wconf 90' lang='lat' dir='ltr'><strong>ac</strong></span> <span class='ocrx_word' id='word_1_621' title='bbox 1295 4831 1585 4901; x_wconf 88' lang='lat' dir='ltr'><strong>probatam</strong></span> <span class='ocrx_word' id='word_1_622' title='bbox 1614 4830 1876 4887; x_wconf 87' lang='lat' dir='ltr'><strong>refundat</strong></span> <span class='ocrx_word' id='word_1_623' title='bbox 1903 4839 2147 4902; x_wconf 85' lang='lat' dir='ltr'><strong>segetem</strong></span> <span class='ocrx_word' id='word_1_624' title='bbox 2177 4846 2192 4885; x_wconf 88' lang='lat'><strong>:</strong></span> 
     </span>
    </p>
   </div>
   <div class='ocr_carea' id='block_1_97' title="bbox 606 4918 2190 4993">
    <p class='ocr_par' dir='ltr' id='par_1_97' title="bbox 606 4918 2190 4993">
     <span class='ocr_line' id='line_1_97' title="bbox 606 4918 2190 4993; baseline 0 -19"><span class='ocrx_word' id='word_1_625' title='bbox 606 4918 691 4978; x_wconf 86' lang='lat' dir='ltr'><strong>sic</strong></span> <span class='ocrx_word' id='word_1_626' title='bbox 711 4934 814 4974; x_wconf 90' lang='lat' dir='ltr'><strong>nec</strong></span> <span class='ocrx_word' id='word_1_627' title='bbox 842 4920 1044 4987; x_wconf 82' lang='lat' dir='ltr'><strong>activo,</strong></span> <span class='ocrx_word' id='word_1_628' title='bbox 1071 4920 1177 4976; x_wconf 91' lang='lat' dir='ltr'><strong>nisi</strong></span> <span class='ocrx_word' id='word_1_629' title='bbox 1215 4921 1508 4993; x_wconf 89' lang='lat' dir='ltr'><strong>diligenter</strong></span> <span class='ocrx_word' id='word_1_630' title='bbox 1532 4921 1808 4977; x_wconf 90' lang='lat' dir='ltr'><strong>actionem</strong></span> <span class='ocrx_word' id='word_1_631' title='bbox 1829 4921 1977 4976; x_wconf 87' lang='lat' dir='ltr'><strong>colat</strong></span> <span class='ocrx_word' id='word_1_632' title='bbox 2003 4928 2190 4976; x_wconf 81' lang='lat' dir='ltr'><strong>extra-</strong></span> 
     </span>
    </p>
   </div>
   <div class='ocr_carea' id='block_1_98' title="bbox 608 5009 2192 5083">
    <p class='ocr_par' dir='ltr' id='par_1_98' title="bbox 608 5009 2192 5083">
     <span class='ocr_line' id='line_1_98' title="bbox 608 5009 2192 5083; baseline 0.003 -21"><span class='ocrx_word' id='word_1_633' title='bbox 608 5023 716 5079; x_wconf 91' lang='lat' dir='ltr'><strong>que</strong></span> <span class='ocrx_word' id='word_1_634' title='bbox 745 5023 963 5066; x_wconf 90' lang='lat' dir='ltr'><strong>omnem</strong></span> <span class='ocrx_word' id='word_1_635' title='bbox 990 5011 1335 5083; x_wconf 75' lang='lat' dir='ltr'><strong>iactantiam,</strong></span> <span class='ocrx_word' id='word_1_636' title='bbox 1365 5020 1426 5066; x_wconf 90' lang='lat' dir='ltr'><strong>ut</strong></span> <span class='ocrx_word' id='word_1_637' title='bbox 1454 5011 1768 5068; x_wconf 81' lang='lat' dir='ltr'><strong>ailluentem</strong></span> <span class='ocrx_word' id='word_1_638' title='bbox 1811 5009 2192 5081; x_wconf 88' lang='lat' dir='ltr'><strong>mundumque</strong></span> 
     </span>
    </p>
   </div>
   <div class='ocr_carea' id='block_1_99' title="bbox 608 5099 1473 5161">
    <p class='ocr_par' dir='ltr' id='par_1_99' title="bbox 608 5099 1473 5161">
     <span class='ocr_line' id='line_1_99' title="bbox 608 5099 1473 5161; baseline 0.003 -7"><span class='ocrx_word' id='word_1_639' title='bbox 608 5114 676 5154; x_wconf 76' lang='lat' dir='ltr'><strong>ex</strong></span> <span class='ocrx_word' id='word_1_640' title='bbox 706 5099 958 5157; x_wconf 88' lang='lat' dir='ltr'><strong>oratione</strong></span> <span class='ocrx_word' id='word_1_641' title='bbox 992 5101 1180 5158; x_wconf 90' lang='lat' dir='ltr'><strong>videat</strong></span> <span class='ocrx_word' id='word_1_642' title='bbox 1206 5100 1473 5161; x_wconf 90' lang='lat' dir='ltr'><strong>fructum.</strong></span> 
     </span>
    </p>
   </div>
   <div class='ocr_carea' id='block_1_100' title="bbox 677 5262 1143 5323">
    <p class='ocr_par' dir='ltr' id='par_1_100' title="bbox 677 5262 1143 5323">
     <span class='ocr_line' id='line_1_100' title="bbox 677 5262 1143 5323; baseline 0.002 -5"><span class='ocrx_word' id='word_1_643' title='bbox 677 5263 724 5295; x_wconf 79' lang='lat'>“</span> <span class='ocrx_word' id='word_1_644' title='bbox 749 5262 895 5320; x_wconf 89' lang='lat' dir='ltr'><strong>Psal.</strong></span> <span class='ocrx_word' id='word_1_645' title='bbox 927 5278 1034 5320; x_wconf 83' lang='lat' dir='ltr'><strong>xcn</strong></span> <span class='ocrx_word' id='word_1_646' title='bbox 1087 5265 1143 5323; x_wconf 74' lang='grc'><strong>4.</strong></span> 
     </span>
    </p>
   </div>
   <div class='ocr_carea' id='block_1_101' title="bbox 685 5421 2184 5497">
    <p class='ocr_par' dir='ltr' id='par_1_101' title="bbox 685 5421 2184 5497">
     <span class='ocr_line' id='line_1_101' title="bbox 685 5421 2184 5497; baseline 0.003 -20"><span class='ocrx_word' id='word_1_647' title='bbox 685 5421 894 5497; x_wconf 33' lang='grc' dir='ltr'><strong>(1)),Καὶ</strong></span> <span class='ocrx_word' id='word_1_648' title='bbox 945 5422 1027 5487; x_wconf 83' lang='grc' dir='ltr'><strong>ὡς</strong></span> <span class='ocrx_word' id='word_1_649' title='bbox 1054 5421 1297 5497; x_wconf 69' lang='grc' dir='ltr'><strong>ῥορίζας</strong></span> <span class='ocrx_word' id='word_1_650' title='bbox 1324 5427 1621 5497; x_wconf 79' lang='grc' dir='ltr'><strong>κινήσεις.</strong></span> <span class='ocrx_word' id='word_1_651' title='bbox 1653 5425 1796 5494; x_wconf 82' lang='lat' dir='ltr'><strong>Quin</strong></span> <span class='ocrx_word' id='word_1_652' title='bbox 1824 5427 1897 5482; x_wconf 92' lang='lat' dir='ltr'><strong>sit</strong></span> <span class='ocrx_word' id='word_1_653' title='bbox 1922 5429 2184 5486; x_wconf 91' lang='lat' dir='ltr'><strong>mendum</strong></span> 
     </span>
    </p>
   </div>
   <div class='ocr_carea' id='block_1_102' title="bbox 615 5493 2192 5570">
    <p class='ocr_par' dir='ltr' id='par_1_102' title="bbox 615 5493 2192 5570">
     <span class='ocr_line' id='line_1_102' title="bbox 615 5493 2192 5570; baseline 0.003 -21"><span class='ocrx_word' id='word_1_654' title='bbox 615 5493 806 5570; x_wconf 36' lang='lat' dir='ltr'><strong>in‘illa</strong></span> <span class='ocrx_word' id='word_1_655' title='bbox 843 5507 1002 5570; x_wconf 79' lang='lat' dir='ltr'><strong>voce,</strong></span> <span class='ocrx_word' id='word_1_656' title='bbox 1035 5494 1219 5570; x_wconf 81' lang='lat' dir='ltr'><strong>nullus</strong></span> <span class='ocrx_word' id='word_1_657' title='bbox 1266 5493 1489 5570; x_wconf 80' lang='lat' dir='ltr'><strong>dubito.</strong></span> <span class='ocrx_word' id='word_1_658' title='bbox 1537 5499 1621 5555; x_wconf 90' lang='lat' dir='ltr'><strong>Sit</strong></span> <span class='ocrx_word' id='word_1_659' title='bbox 1667 5493 1807 5554; x_wconf 84' lang='lat' dir='ltr'><strong>forte</strong></span> <span class='ocrx_word' id='word_1_660' title='bbox 1852 5499 2059 5570; x_wconf 78' lang='grc' dir='ltr'><strong>ῥοθίας,</strong></span> <span class='ocrx_word' id='word_1_661' title='bbox 2102 5499 2192 5554; x_wconf 90' lang='lat' dir='ltr'><strong>vel</strong></span> 
     </span>
    </p>
   </div>
   <div class='ocr_carea' id='block_1_103' title="bbox 615 5562 2191 5645">
    <p class='ocr_par' dir='ltr' id='par_1_103' title="bbox 615 5562 2191 5645">
     <span class='ocr_line' id='line_1_103' title="bbox 615 5562 2191 5645; baseline 0.008 -29"><span class='ocrx_word' id='word_1_662' title='bbox 615 5562 1177 5645; x_wconf 57' lang='lat' dir='ltr'><strong>poetatgoésa;,quod</strong></span> <span class='ocrx_word' id='word_1_663' title='bbox 1202 5569 1371 5624; x_wconf 86' lang='lat' dir='ltr'><strong>etiam</strong></span> <span class='ocrx_word' id='word_1_664' title='bbox 1409 5571 1642 5645; x_wconf 80' lang='lat' dir='ltr'><strong>verbum</strong></span> <span class='ocrx_word' id='word_1_665' title='bbox 1680 5562 2191 5645; x_wconf 74' lang='lat' dir='ltr'><strong>agnoscit_HeSych.</strong></span> 
     </span>
    </p>
   </div>
   <div class='ocr_carea' id='block_1_104' title="bbox 615 5639 2192 5711">
    <p class='ocr_par' dir='ltr' id='par_1_104' title="bbox 615 5639 2192 5711">
     <span class='ocr_line' id='line_1_104' title="bbox 615 5639 2192 5711; baseline 0.005 -24"><span class='ocrx_word' id='word_1_666' title='bbox 615 5639 775 5711; x_wconf 78' lang='lat' dir='ltr'><strong>quasi</strong></span> <span class='ocrx_word' id='word_1_667' title='bbox 803 5642 1084 5711; x_wconf 68' lang='lat' dir='ltr'><strong>trementes</strong></span> <span class='ocrx_word' id='word_1_668' title='bbox 1111 5639 1300 5710; x_wconf 79' lang='lat' dir='ltr'><strong>ﬂuctus</strong></span> <span class='ocrx_word' id='word_1_669' title='bbox 1337 5639 2192 5711; x_wconf 73' lang='lat' dir='ltr'><strong>commotionesprocellamque;</strong></span> 
     </span>
    </p>
   </div>
   <div class='ocr_carea' id='block_1_105' title="bbox 619 5704 2194 5779">
    <p class='ocr_par' dir='ltr' id='par_1_105' title="bbox 619 5704 2194 5779">
     <span class='ocr_line' id='line_1_105' title="bbox 619 5704 2194 5779; baseline 0.005 -21"><span class='ocrx_word' id='word_1_670' title='bbox 619 5714 681 5758; x_wconf 85' lang='lat' dir='ltr'><strong>nt</strong></span> <span class='ocrx_word' id='word_1_671' title='bbox 709 5704 816 5760; x_wconf 89' lang='lat' dir='ltr'><strong>alia</strong></span> <span class='ocrx_word' id='word_1_672' title='bbox 835 5707 997 5762; x_wconf 88' lang='lat' dir='ltr'><strong>aliam</strong></span> <span class='ocrx_word' id='word_1_673' title='bbox 1029 5704 1218 5779; x_wconf 82' lang='lat' dir='ltr'><strong>vocem</strong></span> <span class='ocrx_word' id='word_1_674' title='bbox 1259 5711 1530 5766; x_wconf 77' lang='lat' dir='ltr'><strong>Maximus</strong></span> <span class='ocrx_word' id='word_1_675' title='bbox 1572 5704 1828 5779; x_wconf 65' lang='lat' dir='ltr'><strong>esplicet.</strong></span> <span class='ocrx_word' id='word_1_676' title='bbox 1883 5711 1994 5766; x_wconf 81' lang='grc' dir='ltr'><strong>ΙΙοο</strong></span> <span class='ocrx_word' id='word_1_677' title='bbox 2043 5704 2194 5766; x_wconf 76' lang='lat' dir='ltr'><strong>enim</strong></span> 
     </span>
    </p>
   </div>
   <div class='ocr_carea' id='block_1_106' title="bbox 621 5777 2194 5854">
    <p class='ocr_par' dir='ltr' id='par_1_106' title="bbox 621 5777 2194 5854">
     <span class='ocr_line' id='line_1_106' title="bbox 621 5777 2194 5854; baseline 0.005 -26"><span class='ocrx_word' id='word_1_678' title='bbox 621 5781 888 5854; x_wconf 60' lang='lat' dir='ltr'><strong>praestant</strong></span> <span class='ocrx_word' id='word_1_679' title='bbox 912 5777 1082 5833; x_wconf 86' lang='lat' dir='ltr'><strong>maris</strong></span> <span class='ocrx_word' id='word_1_680' title='bbox 1117 5779 1406 5854; x_wconf 80' lang='lat' dir='ltr'><strong>elationes,</strong></span> <span class='ocrx_word' id='word_1_681' title='bbox 1438 5789 1500 5835; x_wconf 90' lang='lat' dir='ltr'><strong>ut</strong></span> <span class='ocrx_word' id='word_1_682' title='bbox 1528 5777 1737 5854; x_wconf 67' lang='lat' dir='ltr'><strong>fluctus</strong></span> <span class='ocrx_word' id='word_1_683' title='bbox 1753 5781 1835 5854; x_wconf 80' lang='lat' dir='ltr'><strong>sic</strong></span> <span class='ocrx_word' id='word_1_684' title='bbox 1862 5781 2068 5854; x_wconf 82' lang='lat' dir='ltr'><strong>impetu</strong></span> <span class='ocrx_word' id='word_1_685' title='bbox 2104 5799 2194 5836; x_wconf 84' lang='lat' dir='ltr'><strong>as~</strong></span> 
     </span>
    </p>
   </div>
   <div class='ocr_carea' id='block_1_107' title="bbox 620 5847 2199 5921">
    <p class='ocr_par' dir='ltr' id='par_1_107' title="bbox 620 5847 2199 5921">
     <span class='ocr_line' id='line_1_107' title="bbox 620 5847 2199 5921; baseline 0.006 -20"><span class='ocrx_word' id='word_1_686' title='bbox 620 5847 1003 5916; x_wconf 66' lang='lat' dir='ltr'><strong>surgentibus,</strong></span> <span class='ocrx_word' id='word_1_687' title='bbox 1036 5857 1263 5921; x_wconf 84' lang='lat' dir='ltr'><strong>tumque</strong></span> <span class='ocrx_word' id='word_1_688' title='bbox 1291 5852 1484 5911; x_wconf 86' lang='lat' dir='ltr'><strong>eadem</strong></span> <span class='ocrx_word' id='word_1_689' title='bbox 1507 5853 1558 5909; x_wconf 76' lang='lat' dir='ltr'><strong>vi</strong></span> <span class='ocrx_word' id='word_1_690' title='bbox 1588 5847 2026 5921; x_wconf 81' lang='lat' dir='ltr'><strong>subsidentibus,</strong></span> <span class='ocrx_word' id='word_1_691' title='bbox 2052 5853 2199 5911; x_wconf 87' lang='lat' dir='ltr'><strong>aliis-</strong></span> 
     </span>
    </p>
   </div>
   <div class='ocr_carea' id='block_1_108' title="bbox 2369 4734 3844 4808">
    <p class='ocr_par' dir='ltr' id='par_1_108' title="bbox 2369 4734 3844 4808">
     <span class='ocr_line' id='line_1_108' title="bbox 2369 4734 3844 4808; baseline 0.001 -17"><span class='ocrx_word' id='word_1_692' title='bbox 2369 4735 2503 4807; x_wconf 86' lang='grc' dir='ltr'><strong>ρνγ’.</strong></span> <span class='ocrx_word' id='word_1_693' title='bbox 2533 4734 2671 4789; x_wconf 78' lang='grc' dir='ltr'><strong>Οὔτε</strong></span> <span class='ocrx_word' id='word_1_694' title='bbox 2708 4734 2864 4806; x_wconf 90' lang='grc' dir='ltr'><strong>χώρα</strong></span> <span class='ocrx_word' id='word_1_695' title='bbox 2894 4737 2970 4806; x_wconf 82' lang='grc' dir='ltr'><strong>μὴ</strong></span> <span class='ocrx_word' id='word_1_696' title='bbox 3001 4735 3182 4800; x_wconf 85' lang='grc' dir='ltr'><strong>καλῶς</strong></span> <span class='ocrx_word' id='word_1_697' title='bbox 3205 4738 3673 4808; x_wconf 83' lang='grc' dir='ltr'><strong>κατεργασθεῖσα,</strong></span> <span class='ocrx_word' id='word_1_698' title='bbox 3705 4737 3844 4792; x_wconf 83' lang='grc' dir='ltr'><strong>πολύ-</strong></span> 
     </span>
    </p>
   </div>
   <div class='ocr_carea' id='block_1_109' title="bbox 2292 4826 3847 4900">
    <p class='ocr_par' dir='ltr' id='par_1_109' title="bbox 2292 4826 3847 4900">
     <span class='ocr_line' id='line_1_109' title="bbox 2292 4826 3847 4900; baseline 0.003 -21"><span class='ocrx_word' id='word_1_699' title='bbox 2292 4844 2422 4898; x_wconf 91' lang='grc' dir='ltr'><strong>χουν</strong></span> <span class='ocrx_word' id='word_1_700' title='bbox 2443 4827 2540 4881; x_wconf 75' lang='grc' dir='ltr'><strong>καὶ</strong></span> <span class='ocrx_word' id='word_1_701' title='bbox 2562 4826 2804 4898; x_wconf 83' lang='grc' dir='ltr'><strong>καθαρὸν</strong></span> <span class='ocrx_word' id='word_1_702' title='bbox 2835 4827 3226 4899; x_wconf 72' lang='grc' dir='ltr'><strong>ἀντιπαρέχειν</strong></span> <span class='ocrx_word' id='word_1_703' title='bbox 3246 4828 3327 4899; x_wconf 83' lang='grc' dir='ltr'><strong>τῷ</strong></span> <span class='ocrx_word' id='word_1_704' title='bbox 3360 4829 3646 4900; x_wconf 87' lang='grc' dir='ltr'><strong>σπείροντι</strong></span> <span class='ocrx_word' id='word_1_705' title='bbox 3667 4831 3847 4892; x_wconf 77' lang='grc' dir='ltr'><strong>εἴωθεν,</strong></span> 
     </span>
    </p>
   </div>
   <div class='ocr_carea' id='block_1_110' title="bbox 2295 4916 3848 4991">
    <p class='ocr_par' dir='ltr' id='par_1_110' title="bbox 2295 4916 3848 4991">
     <span class='ocr_line' id='line_1_110' title="bbox 2295 4916 3848 4991; baseline 0 -21"><span class='ocrx_word' id='word_1_706' title='bbox 2295 4916 2419 4970; x_wconf 86' lang='grc' dir='ltr'><strong>οὐτε</strong></span> <span class='ocrx_word' id='word_1_707' title='bbox 2449 4919 2478 4972; x_wconf 85' lang='grc' dir='ltr'><strong>ό</strong></span> <span class='ocrx_word' id='word_1_708' title='bbox 2508 4917 2608 4988; x_wconf 77' lang='grc' dir='ltr'><strong>τὴν</strong></span> <span class='ocrx_word' id='word_1_709' title='bbox 2641 4916 2956 4989; x_wconf 79' lang='grc' dir='ltr'><strong>πρακτικὴν</strong></span> <span class='ocrx_word' id='word_1_710' title='bbox 2988 4917 3413 4989; x_wconf 84' lang='grc' dir='ltr'><strong>μετερχόμενος,</strong></span> <span class='ocrx_word' id='word_1_711' title='bbox 3456 4919 3506 4972; x_wconf 91' lang='grc' dir='ltr'><strong>εί</strong></span> <span class='ocrx_word' id='word_1_712' title='bbox 3554 4918 3634 4991; x_wconf 83' lang='grc' dir='ltr'><strong>μὴ</strong></span> <span class='ocrx_word' id='word_1_713' title='bbox 3683 4920 3848 4988; x_wconf 76' lang='grc' dir='ltr'><strong>ἐπιμε-</strong></span> 
     </span>
    </p>
   </div>
   <div class='ocr_carea' id='block_1_111' title="bbox 2296 5007 3850 5081">
    <p class='ocr_par' dir='ltr' id='par_1_111' title="bbox 2296 5007 3850 5081">
     <span class='ocr_line' id='line_1_111' title="bbox 2296 5007 3850 5081; baseline 0.001 -20"><span class='ocrx_word' id='word_1_714' title='bbox 2296 5008 2406 5072; x_wconf 86' lang='grc' dir='ltr'><strong>λῶς</strong></span> <span class='ocrx_word' id='word_1_715' title='bbox 2440 5008 2647 5080; x_wconf 83' lang='grc' dir='ltr'><strong>ταύτην</strong></span> <span class='ocrx_word' id='word_1_716' title='bbox 2697 5009 2794 5062; x_wconf 69' lang='grc' dir='ltr'><strong>καὶ</strong></span> <span class='ocrx_word' id='word_1_717' title='bbox 2832 5008 3102 5080; x_wconf 84' lang='grc' dir='ltr'><strong>φανητίας</strong></span> <span class='ocrx_word' id='word_1_718' title='bbox 3129 5007 3260 5063; x_wconf 77' lang='grc' dir='ltr'><strong>ἄνευ</strong></span> <span class='ocrx_word' id='word_1_719' title='bbox 3313 5011 3670 5081; x_wconf 86' lang='grc' dir='ltr'><strong>μετέρχεται,</strong></span> <span class='ocrx_word' id='word_1_720' title='bbox 3699 5011 3778 5064; x_wconf 74' lang='grc' dir='ltr'><strong>τὸν</strong></span> <span class='ocrx_word' id='word_1_721' title='bbox 3802 5007 3850 5074; x_wconf 74' lang='grc' dir='ltr'><strong>ἐξ</strong></span> 
     </span>
    </p>
   </div>
   <div class='ocr_carea' id='block_1_112' title="bbox 2296 5100 3598 5177">
    <p class='ocr_par' dir='ltr' id='par_1_112' title="bbox 2296 5100 3598 5177">
     <span class='ocr_line' id='line_1_112' title="bbox 2296 5100 3598 5177; baseline 0.002 -21"><span class='ocrx_word' id='word_1_722' title='bbox 2296 5101 2464 5177; x_wconf 81' lang='grc' dir='ltr'><strong>εὐχῆς</strong></span> <span class='ocrx_word' id='word_1_723' title='bbox 2491 5100 2682 5174; x_wconf 72' lang='grc' dir='ltr'><strong>ὄψεται</strong></span> <span class='ocrx_word' id='word_1_724' title='bbox 2703 5101 2917 5175; x_wconf 79' lang='grc' dir='ltr'><strong>καρπὸν</strong></span> <span class='ocrx_word' id='word_1_725' title='bbox 2947 5100 3118 5158; x_wconf 81' lang='grc' dir='ltr'><strong>πολύν</strong></span> <span class='ocrx_word' id='word_1_726' title='bbox 3139 5119 3200 5155; x_wconf 90' lang='grc' dir='ltr'><strong>τε</strong></span> <span class='ocrx_word' id='word_1_727' title='bbox 3223 5103 3315 5158; x_wconf 71' lang='grc' dir='ltr'><strong>καὶ</strong></span> <span class='ocrx_word' id='word_1_728' title='bbox 3334 5102 3598 5175; x_wconf 86' lang='grc' dir='ltr'><strong>καθαρόν.</strong></span> 
     </span>
    </p>
   </div>
   <div class='ocr_carea' id='block_1_113' title="bbox 2294 5421 3844 5498">
    <p class='ocr_par' dir='ltr' id='par_1_113' title="bbox 2294 5421 3844 5498">
     <span class='ocr_line' id='line_1_113' title="bbox 2294 5421 3844 5498; baseline -0.005 -16"><span class='ocrx_word' id='word_1_729' title='bbox 2294 5443 2404 5498; x_wconf 88' lang='lat' dir='ltr'><strong>que</strong></span> <span class='ocrx_word' id='word_1_730' title='bbox 2432 5429 2572 5486; x_wconf 88' lang='lat' dir='ltr'><strong>alios</strong></span> <span class='ocrx_word' id='word_1_731' title='bbox 2594 5423 3097 5498; x_wconf 63' lang='grc' dir='ltr'><strong>ἰηιοτοίρίοῃιίὺυε</strong></span> <span class='ocrx_word' id='word_1_732' title='bbox 3115 5439 3181 5479; x_wconf 89' lang='lat' dir='ltr'><strong>ac</strong></span> <span class='ocrx_word' id='word_1_733' title='bbox 3223 5439 3282 5479; x_wconf 92' lang='lat' dir='ltr'><strong>se</strong></span> <span class='ocrx_word' id='word_1_734' title='bbox 3339 5433 3532 5479; x_wconf 89' lang='lat' dir='ltr'><strong>mutuo</strong></span> <span class='ocrx_word' id='word_1_735' title='bbox 3563 5421 3844 5480; x_wconf 86' lang='lat' dir='ltr'><strong>collidenti-</strong></span> 
     </span>
    </p>
   </div>
   <div class='ocr_carea' id='block_1_114' title="bbox 2291 5493 3841 5569">
    <p class='ocr_par' dir='ltr' id='par_1_114' title="bbox 2291 5493 3841 5569">
     <span class='ocr_line' id='line_1_114' title="bbox 2291 5493 3841 5569; baseline -0.005 -15"><span class='ocrx_word' id='word_1_736' title='bbox 2291 5493 2420 5562; x_wconf 75' lang='lat' dir='ltr'><strong>lius,</strong></span> <span class='ocrx_word' id='word_1_737' title='bbox 2451 5499 2740 5569; x_wconf 89' lang='lat' dir='ltr'><strong>allisisque</strong></span> <span class='ocrx_word' id='word_1_738' title='bbox 2769 5493 3056 5569; x_wconf 71' lang='lat' dir='ltr'><strong>adlittora</strong></span> <span class='ocrx_word' id='word_1_739' title='bbox 3085 5493 3340 5564; x_wconf 86' lang='lat' dir='ltr'><strong>ipsasque</strong></span> <span class='ocrx_word' id='word_1_740' title='bbox 3366 5509 3536 5569; x_wconf 83' lang='lat' dir='ltr'><strong>rupes</strong></span> <span class='ocrx_word' id='word_1_741' title='bbox 3562 5511 3627 5569; x_wconf 79' lang='lat' dir='ltr'><strong>ac</strong></span> <span class='ocrx_word' id='word_1_742' title='bbox 3667 5503 3841 5569; x_wconf 62' lang='lat' dir='ltr'><strong>cantes.</strong></span> 
     </span>
    </p>
   </div>
   <div class='ocr_carea' id='block_1_115' title="bbox 2292 5562 3843 5648">
    <p class='ocr_par' dir='ltr' id='par_1_115' title="bbox 2292 5562 3843 5648">
     <span class='ocr_line' id='line_1_115' title="bbox 2292 5562 3843 5648; baseline -0.006 -22"><span class='ocrx_word' id='word_1_743' title='bbox 2292 5571 2560 5642; x_wconf 88' lang='lat' dir='ltr'><strong>strepitus</strong></span> <span class='ocrx_word' id='word_1_744' title='bbox 2606 5562 2884 5641; x_wconf 48' lang='lat' dir='ltr'><strong>ej’usmodi</strong></span> <span class='ocrx_word' id='word_1_745' title='bbox 2923 5582 2986 5621; x_wconf 92' lang='lat' dir='ltr'><strong>ac</strong></span> <span class='ocrx_word' id='word_1_746' title='bbox 3034 5562 3464 5648; x_wconf 47' lang='lat' dir='ltr'><strong>fragon—procul</strong></span> <span class='ocrx_word' id='word_1_747' title='bbox 3516 5566 3723 5648; x_wconf 74' lang='lat' dir='ltr'><strong>reboet.</strong></span> <span class='ocrx_word' id='word_1_748' title='bbox 3769 5562 3843 5648; x_wconf 76' lang='lat' dir='ltr'><strong>qui</strong></span> 
     </span>
    </p>
   </div>
   <div class='ocr_carea' id='block_1_116' title="bbox 2295 5644 3842 5708">
    <p class='ocr_par' dir='ltr' id='par_1_116' title="bbox 2295 5644 3842 5708">
     <span class='ocr_line' id='line_1_116' title="bbox 2295 5644 3842 5708; baseline -0.004 -12"><span class='ocrx_word' id='word_1_749' title='bbox 2295 5652 2566 5698; x_wconf 85' lang='lat' dir='ltr'><strong>terrorem</strong></span> <span class='ocrx_word' id='word_1_750' title='bbox 2610 5657 2676 5697; x_wconf 87' lang='lat' dir='ltr'><strong>ac</strong></span> <span class='ocrx_word' id='word_1_751' title='bbox 2717 5647 3006 5708; x_wconf 81' lang='lat' dir='ltr'><strong>stuporem</strong></span> <span class='ocrx_word' id='word_1_752' title='bbox 3039 5644 3253 5708; x_wconf 83' lang='lat' dir='ltr'><strong>injiciat</strong></span> <span class='ocrx_word' id='word_1_753' title='bbox 3290 5655 3303 5690; x_wconf 87' lang='lat'>:</span> <span class='ocrx_word' id='word_1_754' title='bbox 3333 5651 3458 5708; x_wconf 66' lang='lat' dir='ltr'><strong>qua;</strong></span> <span class='ocrx_word' id='word_1_755' title='bbox 3507 5644 3693 5692; x_wconf 89' lang='lat' dir='ltr'><strong>omnia</strong></span> <span class='ocrx_word' id='word_1_756' title='bbox 3719 5647 3842 5708; x_wconf 58' lang='lat' dir='ltr'><strong>quast</strong></span> 
     </span>
    </p>
   </div>
   <div class='ocr_carea' id='block_1_117' title="bbox 2294 5703 3844 5780">
    <p class='ocr_par' dir='ltr' id='par_1_117' title="bbox 2294 5703 3844 5780">
     <span class='ocr_line' id='line_1_117' title="bbox 2294 5703 3844 5780; baseline -0.008 -13"><span class='ocrx_word' id='word_1_757' title='bbox 2294 5713 2402 5767; x_wconf 88' lang='lat' dir='ltr'><strong>alio</strong></span> <span class='ocrx_word' id='word_1_758' title='bbox 2425 5713 2482 5767; x_wconf 88' lang='lat' dir='ltr'><strong>in</strong></span> <span class='ocrx_word' id='word_1_759' title='bbox 2514 5712 2651 5766; x_wconf 89' lang='lat' dir='ltr'><strong>mari</strong></span> <span class='ocrx_word' id='word_1_760' title='bbox 2687 5703 2886 5780; x_wconf 82' lang='lat' dir='ltr'><strong>procul</strong></span> <span class='ocrx_word' id='word_1_761' title='bbox 2917 5703 3264 5780; x_wconf 53' lang='lat' dir='ltr'><strong>considerat,</strong></span> <span class='ocrx_word' id='word_1_762' title='bbox 3293 5703 3388 5780; x_wconf 85' lang='lat' dir='ltr'><strong>qui</strong></span> <span class='ocrx_word' id='word_1_763' title='bbox 3434 5706 3554 5778; x_wconf 91' lang='lat' dir='ltr'><strong>ipse</strong></span> <span class='ocrx_word' id='word_1_764' title='bbox 3583 5703 3844 5780; x_wconf 63' lang='lat' dir='ltr'><strong>tranquilm</strong></span> 
     </span>
    </p>
   </div>
   <div class='ocr_carea' id='block_1_118' title="bbox 2296 5777 3844 5850">
    <p class='ocr_par' dir='ltr' id='par_1_118' title="bbox 2296 5777 3844 5850">
     <span class='ocr_line' id='line_1_118' title="bbox 2296 5777 3844 5850; baseline -0.005 -13"><span class='ocrx_word' id='word_1_765' title='bbox 2296 5777 2780 5850; x_wconf 77' lang='lat' dir='ltr'><strong>contemplationis</strong></span> <span class='ocrx_word' id='word_1_766' title='bbox 2809 5778 2970 5850; x_wconf 83' lang='lat' dir='ltr'><strong>mari,</strong></span> <span class='ocrx_word' id='word_1_767' title='bbox 2997 5777 3162 5850; x_wconf 79' lang='lat' dir='ltr'><strong>velut</strong></span> <span class='ocrx_word' id='word_1_768' title='bbox 3194 5777 3266 5850; x_wconf 79' lang='lat' dir='ltr'><strong>ad</strong></span> <span class='ocrx_word' id='word_1_769' title='bbox 3290 5777 3507 5833; x_wconf 83' lang='lat' dir='ltr'><strong>clavum</strong></span> <span class='ocrx_word' id='word_1_770' title='bbox 3561 5779 3738 5850; x_wconf 88' lang='lat' dir='ltr'><strong>quiete</strong></span> <span class='ocrx_word' id='word_1_771' title='bbox 3774 5788 3844 5829; x_wconf 78' lang='lat' dir='ltr'><strong>se-</strong></span> 
     </span>
    </p>
   </div>
   <div class='ocr_carea' id='block_1_119' title="bbox 2297 5847 3329 5924">
    <p class='ocr_par' dir='ltr' id='par_1_119' title="bbox 2297 5847 3329 5924">
     <span class='ocr_line' id='line_1_119' title="bbox 2297 5847 3329 5924; baseline -0.004 -16"><span class='ocrx_word' id='word_1_772' title='bbox 2297 5847 2658 5924; x_wconf 65' lang='lat' dir='ltr'><strong>dcnsEilliquc</strong></span> <span class='ocrx_word' id='word_1_773' title='bbox 2687 5849 3054 5918; x_wconf 86' lang='lat' dir='ltr'><strong>indormicns,</strong></span> <span class='ocrx_word' id='word_1_774' title='bbox 3078 5847 3329 5906; x_wconf 87' lang='lat' dir='ltr'><strong>vehitur.</strong></span> 
     </span>
    </p>
   </div>
  </div>
