4012 6430
579 349 607 416 ι
620 351 718 418 139

1787 373 1847 432 S.
1891 375 2178 438 ΜΑΧΙΜΙ
2217 373 2724 439 CONFESSORIS

3725 384 3852 452 1440

650 469 773 524 161.
801 455 1010 526 Ιίοιιιηιί
1029 487 1152 544 quae
1179 466 1364 532 mente
1396 477 1787 552 intelliguntur
1821 489 2160 557 contempla-

2338 489 2473 558 ρξβ’.
2515 467 2874 561 Παράδεισος,
2899 491 2933 561 ἡ
2957 489 3160 564 θεωρία
3187 492 3297 548 τῶν
3321 492 3534 564 νοητῶν
3562 495 3742 551 ἐστιν.
3770 499 3852 553 Ἑν

577 562 678 626 tio,
706 562 1002 632 paradisus
1024 577 1132 621 est.
1170 568 1227 623 In
1261 585 1388 624 eum
1417 570 1590 636 intus,
1627 586 1688 630 ut
1711 575 1766 630 in
1798 576 2048 644 domum,
2071 580 2168 650 qui

575 653 842 723 spiritalis
875 663 962 710 est
997 666 1162 727 atque
1191 658 1412 729 sapiens
1439 661 1492 716 in
1519 665 1773 722 oratione
1823 668 2165 739 ingreditur:

574 756 712 796 vero
741 744 1016 798 actionem
1055 745 1208 810 colit,
1260 747 1460 802 viatori
1509 767 1682 822 prope
1713 754 1914 811 similis
1949 758 2166 814 videbi-

578 842 694 897 tur,
735 833 831 903 qui
865 835 1001 890 velit
1024 836 1249 906 quidem
1289 839 1678 911 introspicere,
1718 847 1884 917 660
1930 864 2036 905 nec
2078 858 2164 906 ta-

578 926 707 980 nien
743 926 1135 996 permittatur,
1169 929 1380 986 idcirco
1413 934 1678 990 nimirum
1714 939 1864 1007 quod
1896 942 2168 1000 maceries

574 1015 817 1085 spiritali
847 1017 968 1088 ejus
994 1024 1220 1076 staturae
1251 1024 1416 1092 paulo
1444 1026 1612 1081 altius
1648 1029 1879 1085 eminet.

651 1109 773 1164 163.
827 1109 1159 1181 Corporales
1209 1114 1443 1171 allectus
1497 1133 1562 1172 ac
1603 1119 1928 1189 passiones,
1967 1122 2167 1185 bestiis

576 1200 790 1256 similes
811 1210 943 1257 sunt
976 1219 990 1257 :
1028 1203 1200 1259 animi
1224 1215 1412 1262 autem
1425 1208 1683 1275 ati‘ectus,
1711 1213 2060 1272 volucribus.
2084 1217 2165 1273 Ac

576 1291 806 1360 quidem
832 1293 1069 1360 activus,
1101 1311 1224 1366 quae
1247 1298 1414 1367 primi
1441 1303 1662 1371 generis
1690 1313 1820 1358 sunt
1852 1321 1883 1359 a
1912 1307 2164 1363 rationali

577 1381 738 1436 vinea
775 1385 934 1453 quasi
965 1385 1184 1457 objecto
1209 1399 1369 1458 septo
1406 1405 1598 1447 arcere
1631 1400 1836 1462 potest,
1880 1411 1992 1450 non
2028 1411 2165 1452 vero

574 1471 747 1526 etiam
780 1474 1060 1541 volucres,
1089 1476 1200 1531 nisi
1238 1477 1543 1547 spiritalem
1572 1492 1771 1562 nactus
1803 1484 1876 1539 sit
1917 1494 2166 1542 contem-

577 1563 926 1633 plationem;
977 1570 1336 1638 quantumvis
1403 1572 1787 1632 custodiendis
1845 1592 1969 1648 quae
2031 1588 2166 1634 sunt

573 1657 750 1711 animi
781 1657 1103 1732 diligentem
1135 1677 1327 1718 curam
1362 1664 1649 1722 habuerit.

652 1748 776 1803 164.
821 1749 1075 1807 Actionis
1108 1753 1291 1809 cultor
1333 1756 1532 1811 morali
1573 1757 1775 1814 decore
1811 1762 2167 1830 praestantior

574 1837 816 1893 evadere
847 1855 956 1894 non
997 1850 1215 1912 potest,
1259 1843 1366 1899 nisi
1394 1854 1451 1900 et
1493 1846 1611 1916 ipse
1658 1849 1812 1905 velut
1851 1851 2167 1920 patriarcha

576 1923 856 1980 Abraham
879 1927 925 1958 ⁵³
949 1929 1182 1995 exierit;
1237 1931 1392 1987 velut
1417 1932 1642 2003 quidem
1667 1952 1698 1991 c
1723 1935 1909 2004 domo,
1937 1954 1970 1994 e
2005 1949 2170 1995 natu-

580 2015 682 2069 rali
719 2016 860 2087 lege,
898 2019 1162 2090 velutque
1208 2037 1240 2078 e
1281 2026 1638 2094 cognatione,
1684 2043 1715 2083 a
1749 2039 2026 2086 coaetanea
2060 2031 2166 2102 ipsi

578 2108 716 2172 vita,
739 2118 796 2165 et
817 2127 940 2181 qua:
968 2113 1188 2170 libidini
1219 2116 1412 2173 lueret.
1467 2118 1606 2188 Nam
1636 2120 1719 2176 sic
1750 2130 1810 2177 et
1845 2122 1963 2192 ipse
2009 2124 2167 2180 velut

579 2199 928 2270 signaculum
957 2204 1025 2270 “,
1057 2221 1167 2276 quo
1191 2209 1467 2279 generalis
1497 2210 1797 2267 auferenda
1821 2214 2080 2285 voluptas
2093 2215 2169 2272 sit

579 2300 748 2360 atque
780 2293 980 2360 libido,
1025 2308 1363 2368 accepturus
1395 2312 1516 2367 est;
1559 2319 1659 2374 per
1696 2321 1862 2375 quam
1907 2307 2055 2376 quod
2095 2309 2167 2364 ab

577 2391 708 2438 ortu
733 2384 1194 2458 circumpositum
1222 2391 1477 2448 velamen
1505 2403 1614 2460 est,
1656 2395 1821 2467 plena
1855 2411 1961 2455 nos
1990 2397 2168 2456 liber-

581 2481 692 2528 tate
717 2473 924 2532 donare
946 2494 1057 2533 non
1087 2480 1245 2536 sinit.

666 2563 789 2619 165.
820 2566 934 2621 Nec
963 2569 1237 2638 equuleus
1277 2587 1408 2628 vere
1438 2573 1493 2629 in
1528 2577 1761 2647 praesepi
1801 2594 2062 2647 manere,
2102 2598 2168 2638 ac

578 2671 703 2724 qua:
734 2656 884 2711 illius
915 2659 1116 2728 pabula
1145 2671 1296 2728 sunt,
1327 2664 1494 2721 edere
1525 2668 1784 2733 sustinet,
1803 2686 1986 2740 neque
2010 2688 2169 2730 mens

577 2761 785 2802 novum
809 2759 970 2805 aucta
996 2752 1365 2822 perfectione,
1398 2769 1634 2828 angusta
1678 2759 1776 2814 diu
1813 2763 1993 2818 teneri
2038 2780 2168 2820 ora-

579 2835 753 2901 tione,
779 2838 834 2893 in
857 2854 1033 2910 eaque
1056 2843 1282 2900 assidua
1301 2862 1424 2902 esse
1445 2856 1660 2916 potest;
1684 2850 1820 2921 quin
1841 2851 1994 2910 illius
2013 2870 2168 2913 more

576 2929 783 3000 gaudet
821 2933 992 3004 magis
1024 2935 1093 2989 ad
1125 2935 1236 2991 lata
1260 2939 1533 2995 naturalis
1563 2943 1990 3013 speeulationis,
2019 2947 2167 3004 inter

576 3022 952 3079 conciuendos
979 3028 1222 3095 psalmos
1240 3044 1304 3087 ac
1334 3030 1606 3088 lectiones
1629 3032 1940 3106 habendas,
1965 3053 2166 3096 occur-

577 3115 761 3170 rentia
789 3117 968 3172 exire.

647 3207 772 3260 166.
810 3209 972 3263 Velut
993 3211 1210 3266 lumbos
1239 3214 1590 3282 pneciuctos,
1616 3219 1784 3284 actio,
1819 3221 2013 3278 vitales
2037 3239 2167 3281 suas

573 3293 894 3364 facultates,
913 3299 1189 3370 jejunium
1216 3312 1271 3357 et
1303 3305 1692 3361 castimoniam
1718 3308 1922 3376 habet;
1947 3321 2008 3365 ut
2033 3329 2165 3370 vero

572 3389 835 3445 lucernas
869 3391 1152 3460 ardentes,
1182 3398 1600 3467 contemplatio,
1633 3401 1915 3471 sapientes
1943 3419 2009 3458 ac
2033 3421 2164 3460 eru-

574 3477 722 3533 ditas
742 3479 996 3547 virtutes,
1024 3484 1310 3540 silentium
1336 3495 1392 3541 et
1410 3489 1719 3546 orationem
1743 3509 1757 3558 ;
1780 3492 1860 3547 sic
1879 3495 2162 3562 nimirum,

574 3576 638 3624 ut
669 3570 760 3624 illa
797 3571 1022 3641 quidem
1059 3615 1075 3640 ,
1132 3575 1242 3630 illis
1303 3577 1636 3647 cogitantem
1691 3581 1962 3638 rationem
2016 3587 2166 3642 velut

573 3661 930 3733 paedagogum
969 3665 1264 3735 praeficiat;
1327 3667 1444 3723 haec
1494 3686 1628 3726 vero
1683 3672 1804 3729 istis
1851 3691 2163 3734 sermonem

573 3763 757 3807 mente
791 3755 1094 3824 repositum
1126 3757 1281 3812 velut
1311 3761 1630 3829 nuptiarum
1670 3762 2088 3825 instructorem.

649 3845 774 3898 167.
830 3845 984 3900 Mens
1034 3847 1358 3916 imperfecta
1403 3851 1470 3905 ad
1511 3853 1850 3912 lruetiferam
1897 3861 2165 3920 orationis

574 3937 793 3991 vincam
828 3952 940 3992 non
973 3938 1178 3993 sinitur
1213 3939 1424 3998 intrare
1459 3943 1536 4010 ⁶⁸;
1569 3946 1664 4001 sed
1695 3948 1764 4003 ad
1795 3951 1966 4017 solos,
1997 3963 2163 4026 atque

574 4027 632 4082 id
662 4042 831 4097 aegre,
856 4027 1012 4083 velut
1041 4044 1273 4099 pauper,
1309 4031 1377 4086 ad
1419 4033 1641 4091 relictos
1685 4053 1716 4092 e
1750 4039 2038 4099 vindemia
2076 4059 2163 4100 ra-

572 4120 842 4186 cemulos,
867 4120 1048 4176 nudos
1073 4123 1413 4192 psalmorum
1443 4135 1725 4186 extremos
1760 4147 1946 4189 sonos.

647 4213 772 4269 168.
815 4199 974 4270 Sicut
997 4230 1110 4269 non
1142 4231 1336 4272 omnes
1390 4219 1484 4288 qui
1521 4220 1589 4274 ad
1616 4222 1762 4293 regis
1793 4224 2161 4284 admittuntur

572 4306 932 4376 colloquium,
969 4308 1249 4362 communi
1283 4325 1408 4364 cum
1436 4325 1504 4365 eo
1529 4313 1760 4382 prandio
1792 4326 1958 4385 atque
1979 4319 2161 4388 epulis

571 4398 814 4468 gaudere
850 4407 1118 4468 possunt;
1144 4400 1226 4455 sic
1248 4416 1429 4472 neque
1454 4419 1649 4458 omnes
1674 4404 1771 4474 qui
1796 4405 1865 4459 ad
1890 4408 2161 4465 orationis

2189 3176 2236 3238 (ἲ

2271 580 2448 650 τούτῳ
2479 583 2507 634 6
2541 582 2640 652 μὲν
2669 581 2971 651 γνωστικὺς
2993 583 3159 648 ὡς’ἐν
3188 585 3336 656 οἰκίᾳ
3363 585 3580 640 ἔνδοθεν
3609 588 3851 659 εἰσέρχε-

2271 688 2362 726 ται
2405 677 2462 728 ἐν
2495 674 2628 746 εὐχῇ
2656 688 2671 704 ⁸
2706 676 2736 729 6
2779 675 2838 728 δὲ
2886 677 3210 745 πρακτικὸς,
3244 677 3322 742 ὡς
3348 679 3656 751 παροόἱτης
3692 680 3855 751 ὀφθή-

2272 779 2443 828 σεται,
2473 764 2762 836 ἐπιθυμῶν
2787 765 2887 837 μὲν
2916 767 3126 822 ἔνδοθεν
3164 769 3551 840 παρακύπτειν
3570 788 3585 800 ·
3629 771 3708 841 μὴ
3731 789 3855 840 συγ-

2269 856 2617 928 χωρούμενος
2654 857 2735 924 δέ,
2772 858 2865 912 διὰ
2907 858 2970 912 τὺ
3023 859 3529 932 ὑπερανεστῆκέναι
3555 861 3660 916 τὸν
3689 880 3850 934 φραγ·

2273 947 2373 1018 μὸν
2399 949 2499 1018 τῆς
2523 950 2905 1020 πνευματικῆς
2931 949 3148 1022 ἡλικίας
3183 951 3377 1008 αὑτοῦ.

2342 1128 2482 1202 ρξγ⁹.
2515 1115 2604 1184 Τὰ
2647 1131 2746 1202 μὲν
2797 1131 3088 1202 σωματικὰ
3133 1131 3282 1203 πάθη
3331 1131 3544 1202 θηρίοις
3617 1133 3850 1188 ἐοίκασν

2269 1224 2494 1293 πτηνοῖς
2521 1223 2599 1288 δέ,
2627 1223 2696 1277 τὰ
2713 1223 2924 1296 ψυχικά
2941 1241 2956 1256 ’
2985 1225 3126 1278 ἀλλὰ
3144 1224 3212 1278 τὰ
3237 1224 3339 1294 μὲν
3380 1224 3492 1278 ἀπὸ
3514 1227 3618 1278 τοῦ
3644 1226 3853 1293 λογικοῦ

2267 1312 2496 1368 δύναται
2540 1315 2865 1384 ἀμπελῶνος
2910 1314 3277 1388 ἀποτειχίζειν
3323 1318 3354 1370 6
3403 1319 3748 1388 πρακτικός·
3774 1318 3854 1372 οὐ-

2268 1401 2387 1455 κέτι
2416 1402 2474 1456 δὲ
2507 1403 2600 1457 καὶ
2622 1404 2691 1458 τὰ
2720 1405 2965 1470 πετεινὰ,
2987 1407 3038 1460 εί
3065 1405 3142 1478 μὴ
3173 1409 3232 1460 ἐν
3271 1406 3478 1479 θεωρία
3511 1413 3852 1478 πνευματικῇ

2267 1493 2520 1567 γένηται,
2553 1496 2658 1550 κᾶν
2691 1497 2774 1552 ὅτι
2821 1498 3060 1567 μάλιστα
3104 1500 3394 1572 ποιήσεται
3448 1499 3700 1570 σπουδὴν
3730 1500 3852 1571 πρὸς

2264 1587 2365 1657 τὴν
2395 1587 2504 1641 τῶν
2529 1587 2739 1643 ἔνδοθεν
2769 1589 3036 1660 φυλακήν.

2342 1768 2473 1842 ρξδ¹ο
2519 1768 2747 1841 Ἦθικῆς
2775 1769 3112 1844 εὐπρεπείας
3137 1771 3404 1841 κρείττων
3434 1774 3751 1844 πρακτικὸς
3772 1791 3851 1840 γε·

2269 1859 2459 1916 νέσθαι
2509 1859 2571 1914 οὐ
2617 1858 2868 1928 δύναται,
2903 1861 3061 1932 εἰμὴ
3109 1863 3206 1917 καὶ
3245 1863 3412 1926 αὐτὸς
3460 1864 3614 1918 κατὰ
3644 1864 3736 1917 τὸν
3755 1881 3849 1918 κα-

2268 1953 2542 2024 τριάρχην
2582 1951 2836 2024 Ἀϐραὰμ
2862 1951 2967 2018 ἔξω
2991 1953 3240 2025 γένηται,
3265 1955 3341 2018 ὡς
3372 1955 3475 2024 μὲν
3504 1956 3614 2025 τῆς
3636 1956 3849 2025 οἰκείας,

2267 2042 2362 2098 τοῦ
2395 2043 2628 2112 φυσικοῦ
2674 2043 2866 2115 νόμου,
2896 2045 2974 2107 ὡς
3029 2045 3087 2098 δέ
3140 2047 3493 2114 συγγενείας,
3534 2047 3644 2117 τῆς
3680 2047 3851 2117 ἥλικος

2268 2135 2418 2208 αὐτῷ
2465 2137 2730 2191 καὶκατὰ
2773 2138 2959 2208 σχέσιν
3001 2136 3171 2208 ζωῆς.
3202 2138 3360 2192 Οῦτω
3394 2138 3509 2210 γὰρ
3561 2142 3663 2194 καὶ
3690 2136 3847 2203 οὗτος,

2267 2225 2341 2290 ὡς
2373 2226 2651 2299 σφραγῖδα
2675 2225 2905 2299 λήψεται
2934 2227 3034 2298 τῆς
3081 2228 3305 2300 γενικῆς
3332 2229 3535 2300 ἡδονῆς
3568 2231 3675 2302 τὴν
3703 2232 3850 2300 agni-

2269 2335 2443 2392 ρεσιν,
2479 2318 2604 2373 καθ’
2633 2319 2701 2392 ἣν
2746 2319 2809 2374 τὸ
2856 2320 2966 2374 ἀπὸ
2993 2321 3270 2390 γενέσεως
3304 2323 3586 2393 κάλυμμα
3616 2325 3851 2396 περικεί-

2271 2428 2456 2482 μενον,
2488 2411 2591 2485 τὴν
2622 2412 2863 2486 παντελῆ
2907 2413 3222 2486 ἐλευθερίαν
3248 2413 3311 2468 ού
3341 2418 3636 2486 συγχωρεῖ
3690 2432 3851 2488 παραυ

2270 2502 2530 2573 σχεθῆναι
2562 2505 2718 2575 ἡμῖν.
3461 2527 3488 2552 ο

2342 2591 2471 2665 ρξε’.
2510 2595 2648 2650 Οὔτε
2669 2597 2850 2662 πῶλος
2871 2597 2931 2653 ἐν
2955 2597 3078 2669 ἔαρι
3107 2597 3253 2652 ἔνδον
3283 2600 3499 2670 φάτνης
3531 2601 3744 2672 μένειν,
3769 2603 3850 2656 καὶ

2265 2686 2336 2740 τὰ
2369 2686 2587 2760 ἐκείνης
2616 2688 2817 2743 ἐσθίειν
2849 2689 3139 2762 ἀνέχεταιο
3171 2689 3296 2744 οὔτε
3329 2691 3594 2763 νεοτελῆς
3638 2692 3762 2756 νοῦς
3786 2694 3850 2758 (ε)

2265 2775 2328 2829 τὸ
2355 2778 2806 2850 ἀπεστενωμένον
2837 2781 2932 2834 ἐπὶ
2961 2780 3098 2835 πολὺ
3129 2784 3422 2853 καρτερεῖν
3459 2782 3573 2853 τῆς
3611 2783 3776 2854 εὐχῆς
3794 2784 3848 2836 οὐ

2265 2865 2524 2922 δύναταιο
2557 2869 2728 2938 ἡδέως
2778 2871 2982 2939 μᾶλλον
3042 2872 3162 2925 κατ’
3188 2871 3398 2926 ἐκεῖνον
3455 2872 3637 2944 ἔχων.
3671 2873 3761 2927 ἐπὶ
3798 2874 3851 2927 τὸ

2267 2954 2470 3020 πλάτος
2498 2957 2598 3027 τῆς
2629 2961 2868 3030 φυσικῆς
2897 2960 3134 3034 θεωρίας
3161 2961 3512 3033 ἐξέρχεσθαι,
3570 2966 3678 3035 τῆς
3723 2964 3851 3019 κατὰ

2263 3049 2364 3121 τὴν
2391 3049 2712 3124 ψαλμῳδίαν
2743 3053 3138 3127 εὑρισκομενης
3163 3055 3257 3108 καὶ
3284 3055 3386 3127 τὴν
3418 3055 3757 3126 ἀνάγνωσιν.

2343 3233 2486 3304 95‘?-
2529 3233 2622 3298 Ὠς
2659 3233 2759 3306 μὲν
2797 3232 3007 3302 ὀσφύας
3055 3232 3170 3305 ἔχει
3227 3233 3719 3306 περιεζωσμένας,
3763 3252 3845 3307 νη-

2269 3323 2454 3378 στείαν
2484 3324 2580 3380 καὶ
2612 3323 2836 3394 ἁγνείαν
2884 3326 2919 3397 ἠ
2953 3325 3255 3396 πρακτικὴ,
3287 3325 3387 3390 τὰς
3424 3326 3680 3391 (mea;
3708 3326 3847 3381 δυνά-ι

2270 3436 2393 3490 μεις
2425 3419 2632 3492 αὐτῆς’
2667 3419 2746 3484 ὡς
2796 3417 3025 3491 λύχνους
3059 3418 3118 3473 δὲ
3166 3419 3516 3488 καιομένους,
3549 3418 3760 3488 σιωπήν
3794 3433 3848 3470 τι

2267 3512 2363 3566 καὶ
2392 3511 2729 3584 προσευχὴν.
2757 3509 2857 3576 τὰς
2890 3509 3197 3580 γνωστικὰς
3226 3511 3258 3582 ἡ
3284 3510 3614 3582 θεωρητικὴ
3640 3508 3844 3583 ἀρεταί,

2265 3603 2580 3673 ἐφιστῶσαο
2611 3605 2646 3674 ή
2693 3603 2792 3675 μὲν
2841 3603 3109 3669 ἐκείναις,
3143 3602 3235 3656 τὸν
3271 3602 3544 3672 λογισμὸν
3588 3603 3668 3666 ὡς
3710 3602 3845 3655 παιδο

2264 3694 2483 3764 αγωγόν
2504 3709 2518 3724 ⁸
2542 3694 2576 3765 ἠ
2596 3695 2654 3749 δὲ
2679 3693 2926 3759 ταύταις,
2954 3693 3030 3757 ὡς
3060 3711 3121 3746 νυ
3130 3693 3430 3763 μοροστόλον
3460 3693 3633 3762 λόγον
3662 3693 3750 3747 τὸν
3773 3693 3843 3744 ἕνα

2263 3787 2532 3842 διάθετον.

2339 3877 2472 3950 ρξζ’.
2503 3877 2646 3944 Νοῦς
2673 3877 2894 3950 ἀτελὴς,
2920 3880 3000 3942 εἰς
3025 3877 3118 3932 τὸν
3157 3877 3522 3946 κατάκαρπον
3558 3875 3839 3949 ἀμπελῶνα

2261 3969 2353 4023 τὸν
2381 3970 2480 4042 τῆς
2501 3971 2665 4042 εὐχῆς
2699 3970 2762 4024 οὐ
2801 3971 3167 4041 συγχωρεῖται
3194 3968 3552 4040 εἰσέρχεσθαι
3573 3985 3588 3999 ·
3619 3972 3699 4032 είς
3723 3968 3840 4038 μόνα

2262 4061 2318 4114 δὲ
2349 4061 2443 4114 καὶ
2487 4062 2659 4133 μόλις.
2687 4061 2764 4126 ὡς
2793 4062 2931 4134 πρὸς
2961 4061 3328 4130 ὲπιφυλλάδας
3356 4061 3604 4132 πτωχὸς,
3637 4060 3706 4115 τὰ
3728 4058 3843 4130 ψιλὰ

2259 4151 2370 4206 τῶν
2397 4153 2628 4225 ψαλμῶν
2661 4155 2852 4226 ἀπηχή
2862 4172 3028 4226 ματα.

2332 4245 2472 4318 ρεη’.
2509 4249 2722 4319 Ὠσπερ
2761 4248 2822 4300 οὐ
2870 4247 3073 4312 πάντες
3106 4248 3157 4300 oi.
3201 4248 3280 4311 εἰς
3316 4245 3594 4317 βασιλέως
3644 4243 3843 4316 ὁμιλίαν

2259 4339 2567 4410 ἐρχόμενοι,
2599 4342 2928 4412 συναριστᾷν
2974 4340 3126 4413 αὺτῷ
3176 4339 3466 4394 δύνανται·
3521 4340 3698 4400 οὕτως
3732 4336 3838 4392 οὐδὲ

2258 4432 2308 4484 oi.
2335 4433 2415 4496 είς
2447 4433 2700 4504 ἐντυχίαν
2739 4435 2904 4506 εὐχῆς
2938 4435 3188 4506 ἥκοντες,
3220 4433 3424 4498 πάντες
3467 4433 3531 4486 ἐν
3562 4431 3834 4504 (impleti

572 4505 931 4561 congressum
965 4493 1219 4560 veniunt,
1254 4495 1376 4566 ejus
1404 4507 1691 4567 compotes
1728 4499 2000 4556 exsistcnt
2027 4517 2159 4557 con-

2272 4523 2384 4578 κατ’
2397 4493 2630 4597 ⁷ἐκείνπῖν
2651 4493 3008 4597 ὀφθήσονται.

573 4579 974 4650 templationis.

642 4670 766 4726 169.
798 4671 897 4726 Ira:
933 4673 1158 4742 quidem
1207 4673 1424 4731 frenum
1452 4719 1467 4744 ,
1513 4693 1583 4734 ex
1631 4682 1900 4751 temporis
1943 4682 2160 4739 ratione

571 4761 854 4818 silentium
884 4763 1225 4829 est;aliena:
1275 4783 1406 4822 vero
1451 4785 1480 4824 a
1539 4772 1752 4827 ratione
1799 4773 2157 4844 cupiditatis,

570 4856 684 4912 cibi
725 4866 1028 4928 temperata
1056 4858 1200 4913 ratio
1231 4877 1244 4912 :
1274 4863 1628 4929 cogitationis
1657 4864 1897 4935 denique
1923 4868 2156 4925 moleste

567 4946 859 5016 evagantis
899 4955 954 5003 et
979 4963 1146 5018 quam
1181 4947 1405 5006 diﬂicile
1451 4960 1660 5051 teneas‘,
1708 4956 1877 5013 unius
1918 4957 2154 5014 rationis

568 5037 786 5107 ﬁxaque
819 5048 1003 5094 mente
1031 5042 1234 5096 oratio.

636 5129 798 5200 361
830 5130 952 5186 170,
990 5131 1130 5187 Tum
1160 5134 1255 5203 qui
1283 5143 1587 5201 terrenum,
1619 5144 1734 5192 tum
1781 5140 1876 5210 qui
1921 5141 2148 5198 cceleStc

567 5221 908 5290 profundum
942 5223 1131 5280 subire
1165 5227 1330 5294 velit;
1362 5229 1504 5284 alter
1549 5229 1775 5300 quidem
1823 5232 1880 5286 in
1923 5249 2147 5289 sensum

569 5312 881 5380 cadentem,
917 5316 1058 5371 alter
1088 5333 1242 5384 vero,
1273 5335 1396 5390 quat
1429 5323 1546 5377 sola
1588 5333 1772 5379 mente
1809 5325 2143 5396 percipitur,

2334 4699 2466 4775 ρξθ’.
2503 4703 2689 4774 Θυμοῦ
2721 4702 2823 4775 μὲν
2871 4703 3072 4776 κημὸς,
3109 4705 3144 4775 ἠ
3173 4702 3433 4775 εὔκαιρος·
3463 4703 3688 4772 γίνεται
3717 4720 3826 4756 σιω-

2259 4795 2336 4864 πή
2357 4810 2371 4824 ⁸
2394 4795 2600 4865 ἀλόγου
2637 4796 2696 4850 δέ
2714 4796 3032 4868 ἐπιθυμίας,
3055 4799 3089 4866 ἡ
3131 4795 3449 4868 σύμμετρος
3480 4798 3680 4869 ἐδωδή.
3713 4801 3829 4850 Auro

2256 4887 2524 4943 καθέκτου
2565 4888 2624 4942 δὲ
2672 4887 2934 4960 λογισμοῦ
2957 4929 2974 4958 ,
3033 4889 3078 4960 ὴ]
3109 4888 3510 4960 μονολόγιστοςι
3542 4887 3825 4960 προσευχὴ.

2329 5143 2426 5209 ρο’.
2458 5136 2572 5192 Καὶ
2617 5138 2698 5201 είς
2743 5137 2836 5190 τὸν
2865 5138 3020 5192 κάτω
3066 5137 3229 5209 βυθὸν
3264 5137 3362 5192 καὶ
3395 5140 3480 5202 εἰς
3510 5140 3607 5192 τὸν
3659 5141 3762 5194 ἄνω
3799 5139 3820 5188 ὀ

2259 5228 2517 5284 ὑποδῦναι
2566 5229 2909 5301 βουλόμενος,
2937 5231 2968 5284 6
3001 5231 3118 5301 μὲνῖ
3139 5231 3230 5284 διὰ
3269 5231 3364 5285 τὸν
3393 5231 3681 5304 αἰσθητὸν,
3709 5234 3736 5284 6
3771 5228 3817 5282 δὲ

2254 5324 2345 5378 διὰ
2388 5322 2480 5377 τὸν
2531 5323 2720 5394 νοητὸν
2753 5322 3125 5394 μαργαρίτην,
3163 5323 3251 5379 ίνα
3284 5325 3452 5379 αύτδν
3483 5327 3816 5397 ἀνιμήσηται,

639 5423 686 5456 ⁵³
718 5425 857 5482 Gen.
892 5442 987 5496 xu,
1025 5429 1076 5482 1.
1152 5428 1197 5461 ⁸⁸
1228 5429 1363 5486 Gen.
1391 5448 1523 5499 xvn,
1559 5433 1658 5501 ll;
1692 5436 1850 5490 Rom.
1887 5454 1962 5502 Iv,
1999 5439 2088 5493 ll.
2166 5439 2211 5471 ⁸⁵
2244 5439 2407 5494 Deut.
2441 5453 2588 5502 xnv,
2619 5436 2712 5492 21.

641 5538 1042 5622 (e).Neote.1hc
1071 5542 1239 5610 νοῦς.
1290 5543 1456 5611 Quasi
1513 5564 1706 5622 recens
1754 5552 1820 5606 ad
1852 5552 2152 5622 perfectio-

572 5623 701 5691 nem
737 5611 1010 5691 initiatus,
1045 5629 1278 5691 eamque
1334 5632 1539 5691 novum
1571 5611 1988 5691 adeptusfetsi
2022 5640 2151 5679 nec-

571 5677 704 5760 dum
745 5679 802 5734 in
820 5683 932 5760 _illa
963 5683 1097 5760 satis
1149 5677 1433 5760 probatus.
1486 5687 1644 5742 Suid.
1677 5677 1962 5760 έιεοτέλὴς,
2009 5677 2143 5747 νέω.

573 5749 664 5826 στὶ
696 5749 1306 5826 τετελειωμένοςοὶιιιοὰ
1346 5757 1636 5812 Thesauri“
1670 5749 2143 5819 Hesvchi'o'ascri-

572 5819 678 5889 bit,
709 5834 834 5876 cum
862 5823 936 5878 sit
962 5823 1140 5880 solum
1173 5819 1376 5892 Suidte,
1421 5827 1730 5900 redditque.
1761 5833 1957 5889 Ilcccns
1991 5835 2142 5890 abso-

2263 5554 2447 5631 lutus:
2482 5556 2779 5631 nonusatis
2837 5557 2978 5612 bene
3016 5557 3239 5631 Portus,
3278 5554 3509 5631 _Rccens
3552 5551 3807 5631 confectas.

2261 5625 2377 5680 Vox
2409 5625 2557 5698 enim
2593 5625 2847 5698 illa,iqua
2884 5644 2991 5681 una
3026 5627 3181 5682 Suid.
3243 5627 3474 5680 alteram
3515 5623 3806 5698 explicavit,

2255 5695 2549 5764 quamdam
2579 5695 2980 5752 absolutionem
3011 5708 3171 5753 sonat
3189 5706 3245 5752 et
3267 5695 3807 5764 consummatimltﬂl.

2251 5758 2362 5890 {Eon
2403 5765 2574 5819 solam
2613 5767 2998 5834 eﬂ'ectionem;
3052 5768 3120 5824 de
3157 5784 3268 5839 qua
3298 5767 3473 5823 multa
3503 5760 3731 5819 Buda'us
3759 5758 3803 5814 in

2273 5833 2562 5890 ‘omtncnl.

2273 5833 2562 5892 lomtncnl.
