4012 6486
208 425 381 494 ι441

1406 429 1579 488 ALIA
1618 429 1719 487 EX
1756 428 1995 488 VATIC.
2036 428 2327 489 CAPITA.

3360 437 3498 502 1412

201 542 283 591 εἰ
324 512 404 609 pi;
441 536 703 609 γυμνωθῇ
734 530 889 600 οὗτος
938 535 1039 607 τῆς
1090 536 1337 608 ἐσθῆτος,
1374 538 1578 602 ἐκεῖνος
1627 538 1685 592 δὲ
1726 539 1815 609 τῆς

1928 540 2276 610 margaritam
2332 539 2460 595 inde
2497 549 2890 606 extraeturus;
2944 543 3052 597 nisi
3096 545 3286 601 nudati
3332 551 3493 606 ambc

204 632 571 705 αἰσθήσεως,
596 632 904 705 ἀμφότεροι
931 630 1025 686 τοῦ
1056 630 1489 703 ὲπιζητουμένου
1512 633 1815 704 διαμαρτήο

208 743 450 779 σονται.

310 816 449 888 ροα’.
483 816 545 871 ’0
576 817 679 887 μὲν
705 815 920 871 ἔνδοθεν
945 817 1046 889 τῆς
1067 816 1308 883 διανοίας
1332 816 1497 871 αὑτοῦ
1529 816 1820 888 γενόμενος

208 908 386 974 νοῦς,
420 910 479 961 ὲν
509 907 586 980 τῷ
609 907 892 979 εὔχεσθαι,
931 908 1008 972 ὡς
1046 908 1186 980 μετὰ
1216 908 1436 981 νύμφης
1478 908 1709 978 νυμφίος
1761 909 1819 961 ἐν

212 1000 318 1071 τῷ
352 1000 605 1071 νυμφῶνι
628 1001 1008 1071 διαλεγόμενος
1034 1000 1420 1073 εὑρεθήσεται·
1448 1002 1478 1054 ὁ
1503 1000 1560 1054 δὲ
1595 1000 1669 1075 μὴ
1697 1017 1821 1069 συγ·

217 1093 593 1164 χωρούμενος
631 1093 917 1159 εἰσελθεῖν,
970 1092 1176 1158 ἔξωθεν
1207 1094 1496 1164 ἱστάμενος
1547 1091 1819 1157 στενάζων

222 1181 343 1255 βοᾷ
366 1201 382 1216 ⁸
428 1187 524 1253 Τίς
559 1185 776 1251 ἀπάξει
827 1203 905 1256 με
956 1189 1042 1253 εἷς
1088 1189 1273 1241 πόλιν
1309 1186 1635 1255 περιοχῆς;
1669 1187 1702 1256 ἢ
1735 1186 1820 1249 τίς

220 1274 497 1345 ὁδηγήσει
532 1293 623 1346 με,
650 1276 762 1343 ἕως
795 1276 902 1331 τοῦ
923 1276 1012 1347 μὴ
1026 1276 1290 1341 ,βλέπειν
1310 1279 1399 1344 εις
1417 1278 1820 1347 ματαιότητος

223 1363 340 1418 καὶ
363 1366 585 1432 μανίας
611 1366 858 1434 ψευδεῖς
886 1369 947 1421 ἐν
974 1366 1053 1439 τῷ
1082 1366 1363 1438 εὔχεσθαι.

310 1544 446 1616 ροβ’.
480 1545 678 1600 Ὀποία
704 1547 738 1616 ἡ
766 1546 937 1616 χωρὶς
966 1545 1093 1610 ἁλὸς
1118 1545 1198 1617 τῷ
1228 1546 1470 1617 φάρυγγι
1496 1545 1820 1618 λογιζομένη

220 1637 436 1707 τροφὴ,
472 1637 696 1709 τοιαύτη
727 1640 821 1691 καὶ
851 1640 883 1709 ἡ
911 1638 1071 1703 ἐκτὸς
1098 1638 1452 1704 κατανύξεως
1501 1639 1821 1711 λογισθήσε-
1866 1658 1871 1663 '

221 1746 332 1781 ται
358 1729 433 1799 τῷ
454 1730 531 1798 νῷ
559 1729 934 1801 μετερχομένη
968 1730 1124 1801 εὐχή.

313 1824 448 1887 ρογθ.
486 1817 551 1871 Ἦ
584 1819 682 1890 μὲν
706 1818 787 1872 ἐτι
814 1818 1230 1872 καταδιώκουσα
1272 1818 1421 1890 ψυχὴ
1472 1819 1573 1889 τὴν
1625 1820 1814 1892 εὐχὴν,

218 1911 301 1981 τῇ
340 1909 601 1982 ὡδινοὺσῃ
655 1911 889 1982 ὑπάρχει
951 1912 1315 1983 παρεμφερής
1341 1927 1356 1942 ·
1403 1913 1437 1984 ἡ
1475 1911 1531 1965 δὲ
1577 1913 1815 1967 καταλα-

225 2000 430 2065 σοῦσα,
474 2004 540 2073 τῇ
594 2003 865 2075 κυησάσῃ,
911 2003 1006 2057 καὶ
1043 2002 1243 2075 πλήρει
1280 2003 1554 2076 γενομένῃ
1596 2004 1686 2059 διὰ
1722 2004 1814 2059 τὸν

226 2090 399 2144 τόκον
428 2092 624 2161 χαρᾶς.

310 2181 438 2251 ροδν.
477 2182 651 2241 Πάλαι
685 2184 784 2255 μὲν
812 2185 841 2237 ό
874 2183 1204 2256 Ἀμορραῖος
1240 2186 1335 2257 (e‘)
1375 2186 1434 2240 ὲν
1461 2185 1541 2257 τῷ
1572 2186 1689 2258 ὄρει
1734 2189 1813 2241 oi-

225 2274 376 2341 κῶν,
408 2274 739 2346 ἐτίτρωσκεν
771 2275 1125 2348 ἐξερχόμενος
1150 2279 1276 2343 τοὺς
1307 2278 1814 2353 παραδιαζομένους

227 2365 553 2437 διέρχεσθαι
576 2383 591 2397 ·
626 2368 744 2422 νυνὶ
771 2368 827 2422 δὲ
853 2372 886 2441 ἡ
933 2370 1148 2441 ⁸πονηρὰ
1173 2369 1315 2441 λήθη
1346 2370 1532 2425 διώκει
1556 2373 1684 2437 τοὺς
1705 2373 1813 2445 πρὸ

222 2458 336 2529 τῆς
372 2458 595 2527 ἁγνείας
622 2459 718 2513 ἐπὶ
743 2459 845 2531 τὴν
863 2460 1204 2533 ὑψηλοτέραν
1232 2460 1645 2534 ἐπιχειροῦντας
1678 2464 1813 2519 dva-

227 2547 445 2602 ϐαίνειν
474 2548 639 2621 εὑχὴν
674 2551 774 2621 τῆς
801 2552 1123 2623 ἁπλότητος.

309 2648 437 2713 ροε’.
468 2644 581 2715 Τῆς
630 2643 880 2715 καθαρᾶς
926 2645 1113 2717 εὑχὴς,
1145 2647 1203 2699 ὲν
1232 2645 1401 2720 ἔχθρᾳ
1434 2646 1603 2719 πολλῇ
1640 2647 1812 2717 πεφύ-

228 2752 401 2790 κασιν
430 2730 568 2791 εἶναι
617 2736 668 2790 οἱ
720 2736 994 2808 δαίμονες.
1039 2737 1429 2809 Καταπλήττει
1478 2738 1536 2792 δὲ
1563 2738 1809 2804 τούτους,

224 2830 358 2900 οὐχ).
392 2828 597 2899 πλῆθος
637 2829 745 2883 τῶν
793 2830 981 2883 κακῶν
1035 2827 1286 2903 [καλῶνῇ
1323 2830 1397 2894 ὡς
1446 2833 1571 2895 τοὺς
1615 2830 1812 2896 ἔξωθεν

231 2920 536 2990 πολεμίους
572 2921 632 2973 τὸ
660 2921 981 2991 στράτευμα
1004 2936 1019 2952 ο
1069 2921 1187 2975 ἀλλ’
1215 2923 1249 2993 ἠ
1298 2921 1469 2990 τριῶν
1500 2923 1809 2993 συμφωνία,

229 3006 331 3061 νοῦ
365 3007 502 3077 πρὸς
528 3007 706 3076 λόγον,
742 3010 836 3062 καὶ
866 3008 1025 3077 λόγου
1056 3010 1194 3081 πρὸς
1228 3010 1500 3081 αἴσθησιν.

310 3096 451 3168 ρος’.
493 3098 554 3153 'll
596 3100 694 3171 μὲν
731 3100 861 3171 ψιλὴ
884 3101 1042 3173 εὐχὴ,
1070 3100 1148 3166 ὠς
1176 3102 1342 3175 ἄρτος
1376 3101 1676 3172 ὀφθήσεται
1708 3104 1809 3176 ἀρ-

226 3189 502 3260 χομένους
533 3190 869 3262 στηρίζουσα
892 3208 905 3221 ’
941 3194 976 3263 ἡ
1025 3192 1083 3245 δὲ
1112 3193 1251 3263 μετά
1279 3210 1422 3258 τινος
1454 3193 1708 3266 θεωρίας,
1736 3195 1814 3261 ὡς

226 3281 418 3334 ἔλαιον
469 3283 761 3337 πιαίνουσα
784 3300 799 3316 ·
834 3286 867 3354 ὴ
907 3284 964 3339 δὲ
1001 3286 1260 3353 ἁνείδεος,
1295 3286 1371 3351 ὡς
1413 3281 1554 3351 οἶνος
1582 3287 1812 3361 εὐώδης,

226 3366 297 3426 οὗ
326 3374 374 3425 οἱ
405 3374 810 3446 ἐμφορούμενοι
838 3376 1131 3449 ἀπλήστως
1162 3377 1493 3443 ἐξίστανται-

1919 633 2257 697 exstiterint,
2280 634 2423 688 alter
2452 644 2626 697 veste,
2656 635 2909 704 alterque
2930 651 3094 691 sensu
3118 678 3132 701 ,
3163 651 3358 694 neuter
3378 644 3498 712 ejus

1919 724 2079 794 cujus
2102 724 2458 793 inquisitione
2480 724 2713 789 laborat,
2748 741 2974 795 compos
3000 730 3295 785 exstiterit.

1987 815 2111 869 171.
2152 813 2285 881 Quae
2335 816 2479 869 intra
2522 816 2758 885 seipsam
2802 818 2909 872 alta
2961 821 3290 898 cogitatione
3344 840 3502 880 mens

1920 906 2147 960 collecta
2194 916 2298 970 est,
2353 907 2497 962 inter
2543 908 2836 973 orandum,
2884 911 3039 965 velut
3094 928 3332 982 sponsus
3366 932 3493 970 cum

1923 1012 2124 1067 sponsa
2156 998 2209 1052 in
2248 998 2489 1053 thalamo
2516 1015 2830 1056 sermonem
2869 1001 3110 1057 miscens
3158 1005 3498 1061 invenietur.

1920 1088 2024 1144 Cui
2074 1099 2258 1144 autem
2290 1090 2505 1161 ingredi
2551 1107 2661 1145 non
2716 1092 3095 1162 permittitur,
3156 1094 3291 1149 foris
3347 1105 3503 1151 stans

1919 1180 2125 1251 gemitu
2158 1181 2379 1246 clamat,
2412 1181 2540 1247 Quis
2578 1183 2791 1236 deducet
2824 1201 2905 1237 me
2927 1186 2983 1239 in
3012 1186 3276 1240 civitatem
3319 1190 3498 1241 muni-

1931 1282 2042 1326 tam
2072 1272 2158 1326 “'9
2182 1283 2279 1327 aut
2301 1272 2427 1343 quis
2450 1273 2587 1327 mihi
2620 1274 2890 1329 hactenus
2920 1276 3030 1329 dux
3061 1277 3191 1340 erit,
3230 1287 3287 1331 ut
3316 1280 3372 1331 in
3408 1296 3501 1332 va-

1920 1365 2112 1417 nitates
2150 1372 2199 1416 et
2240 1364 2481 1417 insanias
2526 1362 2715 1433 falsas,
2757 1364 2905 1419 inter
2948 1366 3218 1421 orandum
3264 1384 3369 1421 non
3417 1384 3502 1422 re-

1927 1457 2155 1525 spiciam
2185 1456 2271 1509 ⁸τῖ

1993 1546 2115 1600 172.
2143 1545 2333 1613 Qualis
2362 1562 2489 1601 esca
2536 1547 2692 1601 nullo
2734 1547 2845 1603 sale
2880 1548 3102 1603 condita
3151 1549 3360 1619 gutturi
3415 1550 3500 1603 vi-

1921 1635 2106 1697 detur,
2142 1634 2265 1690 talis
2292 1644 2347 1690 et
2382 1636 2579 1700 oratio,
2614 1637 2783 1691 menti
2813 1652 2934 1691 eam
2974 1638 3175 1691 colenti
3212 1639 3497 1693 existima-

1921 1727 2094 1791 bitur,
2128 1728 2232 1782 nisi
2268 1727 2319 1782 ei
2349 1728 2705 1798 eompunctio
2732 1743 2918 1783 comes
2942 1729 3033 1784 sit.

1998 1818 2118 1871 175.
2151 1817 2382 1873 Animus
2403 1819 2711 1873 orationem
2743 1820 2924 1874 adhuc
2955 1836 3315 1890 persequens,
3373 1835 3499 1889 par-

1849 1891 1891 1946 B
1923 1907 2149 1963 turienti
2195 1924 2359 1978 quam
2394 1908 2591 1962 similis
2611 1915 2697 1962 est
2742 1910 2817 1973 ‘5;
2865 1924 2985 1963 eam
3019 1924 3152 1963 vero
3189 1918 3496 1973 assecutus,

1919 1996 1971 2051 ei
2025 2012 2149 2066 quae
2195 1996 2451 2067 peperit,
2505 2011 2684 2066 exque
2749 2006 2911 2067 partu
2959 1997 3142 2068 gaudii
3200 1998 3360 2066 plena
3406 2013 3501 2052 ex-

1918 2089 2088 2144 sistit.

1992 2194 2114 2247 174.
2150 2191 2291 2247 Olim
2317 2191 2539 2262 quidem
2574 2192 2931 2247 Amorrhaeus
2964 2201 3228 2246 montana
3262 2189 3452 2245 colens
3480 2230 3498 2256 ,

1919 2298 2015 2339 eos
2052 2298 2345 2353 aggressus
2372 2282 2467 2351 qui
2508 2282 2818 2352 transgredi
2859 2281 3329 2345 connitebantur‘,
3364 2294 3501 2334 con-

1918 2372 2244 2427 vulnerabat
2274 2374 2358 2432 5’:
2388 2386 2647 2441 nuncque
2696 2372 2837 2426 mala
2869 2371 3080 2426 oblivio
3136 2371 3263 2424 illos
3303 2383 3497 2439 perse-

1919 2465 2133 2536 quitur,
2162 2465 2255 2534 qui
2294 2464 2532 2519 necdum
2580 2464 2961 2519 castimoniam
3011 2463 3233 2532 adepti,
3289 2462 3358 2516 ad
3414 2462 3499 2516 al-

1920 2554 2117 2610 tiorem
2151 2554 2457 2624 simplicem
2486 2554 2790 2609 orationem
2838 2569 3124 2609 ascensum
3172 2552 3498 2608 moliuntur.

1985 2648 2108 2702 175.
2144 2646 2462 2702 Orationem
2493 2662 2686 2717 puram
2721 2646 2872 2717 gravi
2912 2632 3193 2700 daemones
3211 2643 3342 2699 odio
3366 2659 3499 2714 per-

1918 2747 2248 2809 sequuntur,
2278 2738 2443 2807 idque
2465 2753 2531 2793 ex
2562 2737 2745 2809 genio.
2781 2737 3040 2792 Percellit
3079 2752 3209 2791 vero
3257 2750 3355 2791 eos
3384 2750 3499 2789 non

1917 2831 2187 2886 honorum
2219 2831 2401 2895 turba,
2432 2830 2583 2885 velut
2606 2838 2864 2885 externos
2896 2830 3084 2885 hostes
3106 2829 3325 2900 objecta
3358 2842 3501 2898 pra:-

1920 2922 2063 2977 sidia
2087 2922 2368 2987 militum;
2418 2921 2715 2983 sed,trium
2772 2937 3099 2985 consensus,
3140 2920 3342 2975 mentis
3383 2918 3497 2974 sci-

1868 3020 1885 3033 "
1917 3012 2046 3067 licet
2080 3027 2204 3066 cum
2242 3011 2456 3065 ratione
2478 3051 2494 3075 ,
2522 3018 2580 3065 et
2638 3010 2869 3065 rationis
2919 3026 3044 3065 cum
3083 3025 3271 3065 sensu.

1993 3101 2117 3156 176.
2149 3101 2395 3171 Simplex
2421 3100 2620 3165 oratio,
2674 3100 2830 3170 quasi
2878 3099 3038 3168 panis
3086 3097 3369 3152 videbitur
3395 3096 3442 3129 “
3481 3136 3499 3163 ,

1921 3193 2249 3264 incipientes
2275 3209 2339 3248 ac
2368 3191 2803 3247 rudimentarios
2828 3190 3146 3245 confortans
3175 3206 3189 3242 :
3222 3205 3345 3259 qua:
3366 3204 3500 3244 vero

1923 3287 2167 3357 aliquam
2196 3284 2720 3355 contemplationem
2751 3283 3103 3352 eonjunetam
3136 3280 3322 3344 habet,
3346 3281 3501 3335 velut

1912 3379 2104 3434 oleum
2137 3376 2485 3448 impinguans
2506 3376 2549 3408 “
2582 3392 2596 3427 :
2629 3390 2750 3445 qua:
2777 3373 3017 3443 denique
3049 3374 3229 3427 nullas
3257 3371 3502 3426 admittit

225 3464 445 3520 formas
466 3481 530 3521 ac
553 3467 869 3534 simulacra,
901 3472 1056 3536 quasi
1080 3472 1267 3527 vinum
1287 3472 1807 3544 fragrantissimum,
1842 3490 1952 3547 quo
1983 3472 2078 3544 qui
2138 3472 2285 3543 pleni
2323 3478 2473 3535 sunt,
2536 3470 2865 3525 immensum
2915 3467 3191 3524 excedunt
3241 3482 3306 3522 ac
3346 3466 3503 3525 velut

228 3555 524 3613 insaniunt
549 3560 621 3614 ".

312 3645 445 3721 ροζ’.
472 3652 492 3673 '
525 3650 753 3722 Ἄγριος
787 3652 885 3723 μὲν
915 3654 1055 3717 ὄνος,
1090 3655 1295 3720 πόλεως
1342 3657 1441 3726 μὲν
1468 3656 1686 3723 λέγεται
1716 3676 1814 3711 πο-

234 3735 493 3808 λυοχλίας
524 3741 855 3812 καταγελᾷν·
905 3743 1003 3796 καὶ
1031 3744 1338 3817 μονόκερως
1376 3745 1434 3798 δὲ
1481 3746 1573 3800 ὑπ’
1602 3746 1817 3811 οὐδενὸς

232 3830 557 3901 ὃεσμεῖσθαι
588 3831 899 3905 δυνάμενος.
936 3834 1077 3899 Νοῦς
1098 3835 1156 3889 δὲ
1179 3826 1414 3906 φύσεως,
1446 3838 1541 3893 καὶ
1564 3839 1672 3892 τῶν
1689 3839 1818 3911 περὶ

241 3922 411 3990 φύσιν
443 3923 770 3991 βασιλεύσας
798 3926 991 3995 λόγων,
1025 3928 1391 3999 ματαιότητος
1440 3929 1539 4000 μὲν
1580 3946 1817 3997 καταγε-

234 4012 307 4085 λᾷ
330 4012 612 4086 λογισμῶν
642 4018 1077 4088 προσευχόμενος
1095 4035 1111 4052 ·
1152 4023 1284 4091 παρ’
1313 4021 1529 4086 οὐδενὸς
1568 4022 1627 4077 δὲ
1656 4021 1817 4077 δύνα-

240 4123 334 4161 ται
369 4107 481 4161 τῶν
508 4107 613 4162 ὑπὸ
640 4107 738 4179 τὴν
778 4109 1029 4181 αἴσθησιν
1059 4111 1598 4181 κατεξουσιάζεσθαι.

312 4296 447 4361 ροη’.
478 4290 602 4363 Χρὴ
655 4291 748 4346 τὸν
791 4291 1192 4364 ἀγωνιζόμενον
1220 4333 1236 4358 ,
1267 4294 1369 4365 τὴν
1419 4294 1519 4366 μὲν
1561 4296 1815 4367 αἴσθησιν

235 4382 425 4449 αὑτοῦ,
455 4386 535 4447 είς
567 4383 669 4456 τὴν
718 4384 963 4455 μονοειδῆ
1012 4386 1323 4440 συστέλλειν
1359 4388 1586 4459 τροφήν·
1633 4388 1725 4442 τὸν
1756 4389 1814 4443 δὲ

236 4476 384 4541 νοῦν,
452 4479 533 4541 εἰς
583 4477 683 4549 τὴν
752 4477 1131 4549 μονολόγιστον
1213 4482 1526 4554 προσευχήν
1557 4498 1573 4513 ’
1640 4481 1814 4548 οὑτως

236 4569 349 4640 γὰρ
383 4570 610 4641 ἄσχετος
642 4570 880 4640 γεγονὼς
910 4572 975 4626 ἐκ
996 4573 1186 4627 παθῶν
1210 4612 1224 4636 ,
1256 4574 1351 4628 καὶ
1379 4574 1473 4629 ἐπὶ
1509 4576 1572 4629 τὸ
1627 4576 1813 4647 ἁρπάοο

235 4660 432 4724 ζεσθαι
462 4661 601 4733 πρὸς
634 4663 838 4733 Κύριον
864 4663 980 4734 ἥξει
1006 4666 1063 4718 ὲν
1096 4664 1175 4735 τῷ
1209 4667 1637 4737 προσεύχεσθαι.

310 4904 358 4935 ⁸⁸
388 4902 530 4957 Psal.
562 4918 668 4964 LIX,
709 4904 789 4955 ll.
867 4903 912 4933 ⁵⁷
946 4903 1085 4957 Psal.
1112 4918 1301 4967 χχχιι,
1338 4903 1391 4957 5.

238 4972 333 5030 15.
408 4972 451 5003 ⁸⁸
480 4972 620 5027 Psal.
652 4988 778 5036 χχιι,

310 5208 412 5281 (θ’)Δ
443 5207 508 5281 βο
546 5208 898 5281 Ἀμορῤαἷος.
924 5208 1015 5265 Sic
1035 5209 1295 5281 nimirum
1310 5211 1475 5266 Deut.
1508 5228 1546 5273 ι,
1570 5212 1659 5271 44.
1683 5227 1810 5268 cum

235 5278 351 5344 xui,
384 5278 474 5342 '45,
511 5278 622 5333 non
650 5279 1022 5345 Amorrlueus,
1064 5280 1159 5335 sed
1206 5280 1431 5336 Amalec
1482 5291 1539 5337 et
1593 5281 1812 5337 Chana-

236 5364 393 5407 na'us
424 5349 700 5421 dicantur,
733 5348 813 5421 sic
842 5349 908 5403 de
947 5358 1133 5421 monte
1180 5351 1521 5416 exsilientes,
1583 5352 1637 5405 in
1696 5351 1826 5421 quo'

236 5428 400 5475 erant
428 5419 483 5473 in
516 5418 729 5473 insidiis
777 5420 1187 5491 (ἐγκαθήμενοι)
1233 5436 1328 5476 eos
1362 5418 1797 5477 conseidisse'ac

237 5496 562 5559 persecutos
584 5503 726 5553 esse,
751 5490 845 5557 qui
892 5489 1000 5544 vim
1040 5489 1290 5546 fecerant
1342 5500 1405 5545 ut
1464 5492 1798 5546 transirent:

238 5559 387 5632 quod
414 5559 927 5632 scilicet_Deoirato
952 5575 1067 5632 rem
1106 5560 1588 5632 aggrediebantur,
1618 5561 1801 5632 Moyse

237 5629 409 5702 etiam
432 5629 804 5702 dissuadente.
840 5630 899 5683 Ὀ
929 5630 1112 5702 οζκῶν,
1144 5629 1291 5700 quod
1313 5629 1803 5702 scribit,qui._ha'bi-

241 5700 411 5765 tabat,
428 5699 760 5769 cumllebr.
789 5715 853 5755 ac
880 5700 1106 5769 reliquis
1159 5703 1451 5767 convenit;
1510 5699 1801 5769 potuitque

241 5717 553 5765 ιαυαι,ουηι
595 5717 760 5753 near.
789 5717 853 5755 ac
880 5717 1106 5769 reuquts
1159 5717 1451 5767 convenit;
1547 5717 1801 5769 aluitque

241 5770 323 5824 sic
360 5768 548 5841 haberi
567 5768 877 5841 leQl’IBCiS,
906 5786 1141 5840 quorum
1187 5771 1265 5841 illi
1306 5773 1463 5841 copia
1503 5717 1627 5835 iiut,
1687 5773 1801 5826 sive

241 5848 401 5893 erant
430 5837 538 5894 τῶν
567 5836 727 5905 LXX,
764 5840 880 5895 sive
920 5836 954 5911 ἧ
995 5843 1165 5911 κοινή.
1201 5840 1358 5907 Quod
1378 5836 1479 5897 ’ρει
1518 5857 1638 5911 cap.
1677 5841 1800 5907 175,

1840 4715 1890 4777 D

1504 4904 1550 4936 ⁸⁸
1585 4904 1743 4959 Joau.
1777 4920 1886 4969 xvi,
1917 4907 2008 4960 2i.

937 4973 982 5003 ⁸⁸
1014 4973 1055 5027 ll
1097 4971 1224 5027 Cor.
1252 4989 1312 5038 v,
1344 4974 1430 5029 15.
1509 4974 1556 5005 ⁸³
1580 4975 1704 5030 Job.
1732 4992 1915 5041 χχιιι,
1952 4977 2006 5041 5,
2048 4976 2101 5031 9.

309 5092 331 5115 ‘
376 5086 514 5145 Vide
569 5087 824 5144 Bochart.
892 5087 1003 5142 Dea
1066 5087 1256 5143 nimal.
1327 5104 1496 5145 sacra:
1557 5088 1864 5161 Scriptum.

1993 3658 2115 3712 177.
2153 3657 2323 3711 Aiunt
2371 3669 2641 3725 onagrum
2700 3653 2978 3710 confertas
3019 3651 3259 3707 civitatis
3308 3651 3501 3707 turbas

1924 3750 2192 3815 irridere;
2222 3762 2545 3803 monoceros
2595 3754 2778 3801 autem
2826 3764 2857 3801 ιι
2898 3745 3120 3800 nemine
3153 3744 3362 3816 alligari
3396 3760 3498 3815 po-

1926 3849 2031 3895 test
2057 3840 2125 3894 ".
2171 3841 2343 3895 Porro
2372 3853 2549 3903 mens,
2587 3853 2710 3907 qum
2752 3845 2985 3901 naturae,
3028 3851 3329 3906 earumque
3376 3851 3500 3904 quae

1924 3941 2051 3987 sunt
2079 3931 2225 3987 circa
2268 3930 2437 3996 illam,
2498 3930 2779 3985 rationum
2837 3938 3000 3983 nacta
3055 3927 3347 3998 imperium
3382 3926 3495 3991 sit,

1926 4024 2069 4078 inter
2100 4022 2370 4077 orandum
2396 4036 2567 4076 vanas
2602 4019 2797 4075 irridet
2828 4020 3193 4091 cogitationes
3218 4058 3233 4083 ,
3283 4033 3385 4073 nec
3411 4018 3499 4071 ul-

1927 4116 2036 4169 lius
2088 4113 2346 4184 potestati
2397 4112 2714 4183 subjicitur,
2763 4126 2957 4167 eorum
3005 4127 3128 4181 qua:
3166 4109 3223 4164 in
3275 4123 3498 4165 sensum

1925 4206 2149 4260 cadunt.

1992 4297 2115 4351 178.
2153 4296 2347 4362 Debet,
2384 4297 2479 4367 qui
2511 4311 2683 4366 agone
2710 4293 3014 4357 contendit,
3070 4292 3137 4347 ad
3196 4292 3363 4350 unius
3405 4308 3501 4363 ge-

1921 4391 2072 4446 neris
2086 4389 2292 4454 cibum,
2327 4406 2547 4445 sensum
2575 4406 2733 4446 suum
2754 4390 2918 4461 362
2944 4389 3309 4459 restringere;
3341 4403 3498 4442 men-

1926 4490 2145 4551 temque
2230 4481 2297 4535 ad
2354 4482 2521 4535 unius
2602 4479 2835 4534 rationis
2895 4478 3198 4533 orationem
3274 4492 3495 4549 cogere.

1924 4571 2016 4626 Sic
2040 4573 2188 4627 enim
2220 4573 2289 4626 ab
2313 4572 2605 4627 all'ectibus
2638 4572 2779 4626 liber
2804 4571 3059 4637 effectus,
3110 4570 3331 4627 abunde
3360 4586 3496 4627 con-

1924 4673 2189 4733 sequetur
2248 4673 2307 4718 ut
2344 4664 2410 4718 ad
2456 4664 2748 4719 Dominum
2795 4663 2940 4719 inter
2982 4662 3254 4718 orandum
3314 4662 3499 4733 rapia-

1918 4764 2006 4808 tur
2034 4755 2100 4805 θδ.

2122 4908 2167 4940 ⁵ο
2192 4907 2498 5032 ἐξαιηῗὴκιν,
2528 4909 2826 5035 45;“?eut.
2857 4925 2894 4975 ι,
2927 4909 3017 4964 46.

2405 4995 2484 5034 es.
2520 4995 2592 5035 ιν.
2698 5018 2713 5034 .

2405 4995 2484 5034 es.
2520 4995 2592 5046 ιν,
2626 4995 2713 5035 1ο.

3129 4909 3173 4939 ⁶⁰
3202 4906 3349 4963 Psal.
3379 4923 3497 4975 cm,

1884 5214 1885 5217 ’
1920 5212 2044 5282 οὐχὶ
2076 5211 2280 5279 πλῆθος
2308 5213 2417 5266 τῶν
2441 5212 2649 5272 κακῶν.
2684 5211 2869 5282 nullus
2911 5210 3238 5282 decoquere;
3262 5210 3494 5280 possim,

1922 5280 2095 5337 utvita
2122 5283 2413 5352 scripsisse
2468 5291 2655 5352 putem
2706 5281 3023 5346 Maximum,
3050 5290 3160 5352 aut
3219 5280 3361 5352 forte
3399 5282 3498 5337 ha-

1920 5352 2105 5408 buisse
2126 5350 2254 5409 cod.
2276 5350 2482 5414 νοῦς..
2505 5352 2611 5405 nisi
2638 5351 2775 5405 forte
2802 5352 3007 5415 κακῶν,
3036 5351 3157 5403 ἀντὶ
3174 5350 3286 5414 τοῦ,
3316 5352 3494 5404 πόνων

1907 5423 2147 5491 positum
2174 5424 2265 5478 sit.
2302 5422 2408 5477 Sed
2439 5430 2725 5490 prmstaret
2758 5422 2995 5492 ,καλῶνῇ
3014 5421 3235 5475 honesti
3284 5422 3492 5492 quippe

1906 5490 2132 5548 nomine
2159 5494 2381 5547 virtutis
2405 5492 2628 5546 labores
2653 5491 2840 5560 potius
2875 5490 3123 5553 veniant,
3145 5507 3309 5561 quam
3336 5490 3490 5557 mali;

1904 5561 2052 5633 iique
2085 5564 2179 5617 uni
2210 5563 2365 5633 quasi
2386 5561 2676 5633 exercitus
2708 5562 3108 5632 intelligantur,
3139 5563 3232 5631 qui
3280 5573 3493 5633 terren-

1903 5632 1973 5686 do
2033 5632 2311 5688 dmmoutes
2352 5632 2489 5693 sint;
2540 5647 2643 5687 nec
2681 5648 2815 5686 vero
2846 5640 3112 5696 terreant,
3159 5633 3263 5688 nisi
3316 5632 3485 5696 adsit,

1902 5717 2065 5771 quam
2105 5702 2376 5757 Maximus
2406 5701 2579 5774 exigit
2611 5701 2815 5756 virium
2849 5701 3021 5757 animi
3054 5718 3163 5756 una
3205 5702 3491 5773 conspira-

1902 5774 1977 5826 tio
2020 5783 2075 5829 et
2106 5787 2433 5828 consensus.
