4012 6428
576 393 579 396 -
607 353 744 420 1M3

1769 364 1830 424 S.
1875 365 2162 426 MAXIM!
2211 367 2721 429 CONFESSORIS

3747 367 3875 432 ιιιι

674 471 799 526 179.
829 469 1008 525 Canes
1045 467 1100 523 in
1128 483 1188 524 se
1216 470 1432 535 etl'erat.
1473 473 1569 542 qui
1598 473 1680 529 eis
1705 474 1960 532 baculum
2010 481 2171 534 inten-

2311 476 2318 480 ”
2369 483 2500 552 ροθ’.
2536 484 2762 537 Ῥάεδον
2800 483 2952 554 μὲνό
2978 483 3138 537 κυσὶν
3169 484 3429 538 ἐπισείων
3470 485 3722 555 ἠγρίωσε
3761 485 3880 536 καίν’

605 572 682 618 tat
715 580 728 616 :
765 563 846 617 sic
877 571 934 617 et
981 561 1298 626 daemones,
1336 564 1431 633 qui
1469 579 1608 635 pure
1661 565 1888 638 defungi
1933 571 2185 626 oratione

601 652 842 708 studeat.

670 745 791 800 180.
843 745 1154 816 Voluptarii
1201 746 1459 802 homines
1510 762 1574 803 ac
1629 747 1937 816 libidinosi,
1987 760 2047 806 ut
2087 751 2184 822 qui

603 836 810 889 terreni
859 835 990 902 sint,
1055 845 1317 907 tanquam
1369 852 1532 892 ranas
1564 878 1579 904 ,
1630 838 1997 910 cogitationes
2038 841 2186 910 ipsos

601 915 976 982 distrahentes
1000 927 1209 983 habent
1247 944 1262 981 :
1290 943 1529 997 quorum
1570 944 1705 983 vero
1732 929 1799 983 ad
1832 929 2187 986 mediocrita-

601 1027 711 1070 tem
742 1019 973 1075 affectus
999 1020 1210 1076 redacti
1247 1028 1398 1086 sunt,
1450 1022 1603 1076 velut
1641 1023 1906 1078 luscinias
1937 1063 1952 1088 ,
1994 1025 2196 1081 consi-‘

599 1109 914 1166 derationes
943 1110 1150 1166 habent
1177 1127 1276 1167 eos
1306 1112 1685 1178 oblectantes,‘
1707 1129 1774 1168 ex
1801 1115 1928 1170 aliis
1956 1117 2012 1170 in
2043 1116 2184 1171 alios

598 1199 1028 1271 commigrantes
1051 1217 1256 1268 ramos,
1294 1204 1577 1259 variarum
1620 1204 1836 1260 scilicet
1884 1207 2036 1262 cultu
2079 1223 2182 1264 no-

600 1289 830 1346 tionum.
861 1293 932 1348 lis
956 1293 1196 1364 denique
1223 1295 1321 1365 qui
1355 1295 1423 1350 ab
1474 1296 1772 1352 affectibus
1825 1297 1990 1352 liberi
2034 1307 2186 1355 tran-

596 1384 886 1452 quillitatis
915 1401 1098 1440 arcem
1139 1387 1533 1451 ascenderunt,
1568 1388 1763 1458 ingens
1790 1404 1820 1444 a
1883 1391 2183 1462 cogitatio-

597 1472 764 1528 nibus
784 1485 841 1530 et
885 1475 1198 1530 rationibus
1248 1493 1314 1532 ac
1363 1479 1729 1548 conecptibus
1781 1480 2064 1537 silentium
2097 1490 2184 1538 est

595 1572 763 1632 atque
796 1567 1016 1635 requies
1059 1566 1205 1622 inter
1248 1567 1542 1622 orandum.

667 1655 788 1710 181.
819 1655 962 1711 Olim
990 1658 1218 1727 quidem
1254 1657 1430 1712 Maria
1467 1659 1636 1716 Mosis
1663 1676 1844 1726 soror,
1883 1674 2181 1734 conspecta

596 1745 840 1800 hostium
861 1755 1062 1818 strage.
1098 1764 1326 1804 sumens
1355 1759 1700 1822 tympanum,
1758 1753 2012 1809 victoriae
2045 1772 2179 1812 can-

2288 572 2488 627 ὲαυτοῡ
2521 590 2535 604 ·
2601 575 2864 646 δαίμονας
2923 576 2982 630 δὲ
3009 617 3024 643 ,
3083 579 3112 630 ὁ
3168 577 3428 648 καθαρῶς
3485 577 3884 645 ὲκϐιαζόμενος

2287 662 2561 733 εὔχεσθαι.

2363 753 2474 824 ρπ’.
2511 743 2575 810 0i
2619 757 2720 828 μὲν
2756 747 3055 829 ἡδυπαθεῖς
3087 761 3547 830 προσευχόμενοι,
3582 762 3689 814 az:
3753 759 3885 811 ύλὼ-

2284 847 2400 913 δεις
2453 851 2627 914 ὀντες,
2662 851 2740 914 ὡς
2791 850 3102 921 βατράχους
3153 851 3336 922 ἔχουσι
3389 853 3520 915 τοὺς
3575 851 3884 920 λογισμοὺς

2287 939 2676 1006 περισπῶντας
2705 939 2905 1004 αὐτούς
2933 955 2946 968 ·
2979 941 3030 993 oi
3069 941 3124 994 δὲ
3158 942 3575 1012 μετριοπαθεῖς,
3609 940 3716 1005 τὰς
3755 942 3884 995 θεω·

2287 1028 2409 1098 ρίας
2438 1029 2514 1093 ὡς
2541 1028 2772 1102 ἀηδόνας
2806 1030 3260 1102 κατατερπούσας
3290 1033 3492 1094 αὐτοὺς
3514 1074 3532 1099 ,
3556 1035 3627 1102 τῇ
3661 1033 3764 1086 ἀπ’
3793 1034 3883 1086 άλ-

2285 1120 2394 1194 λων
2437 1122 2519 1185 είς
2575 1120 2772 1186 ἄλλους
2798 1122 3135 1194 άκρὲμονας,
3164 1123 3415 1176 τουτέστι
3451 1125 3720 1187 ποικίλας
3751 1125 3882 1178 0a»-

2289 1212 2432 1282 ρίας,
2470 1211 2775 1282 μεταϐάσει
2807 1228 2822 1243 ·
2859 1214 2988 1284 σιγὴ
3047 1214 3106 1268 δὲ
3173 1216 3436 1285 πρόσεστι
3469 1219 3586 1277 τοῖς
3640 1214 3882 1268 ἀπαθέσι

2284 1304 2381 1358 καὶ
2407 1305 2616 1377 ἠρεμία
2649 1304 2822 1378 πολλὴ
2853 1307 2920 1360 ἐκ
2942 1306 3220 1378 λογισμῶν
3252 1310 3349 1364 καὶ
3377 1310 3678 1380 νοημάτων
3721 1310 3782 1362 ὲν
3807 1307 3881 1378 τῷ

2283 1395 2707 1467 προσεύχεσθαι.

2354 1663 2503 1727 prta}.
2543 1657 2721 1711 Πάλαι
2749 1659 2848 1729 μὲν
2884 1659 3038 1732 ήτοῦ
3073 1651 3326 1724 Μωσέως
3351 1662 3544 1733 Μαρία
3577 1662 3694 1715 τῶν
3726 1664 3875 1716 mis-

2287 1746 2427 1815 μίων
2453 1747 2556 1817 τὴν
2587 1747 2800 1801 πτῶσιν
2835 1748 3174 1821 θεασαμένη,
3201 1753 3261 1804 τὸ
3279 1750 3570 1822 τύμπανον
3592 1753 3872 1824 ἀραμένη.

597 1836 704 1890 tica
745 1838 1038 1893 mulierum
1070 1839 1241 1895 choro
1286 1842 1688 1912 auspicabatur
1719 1845 1767 1877 "
1804 1862 1819 1898 :
1860 1861 2011 1902 nunc
2049 1863 2171 1902 verc

2286 1840 2482 1912 ἐξῆρχε
2513 1843 2632 1905 ταῖς
2659 1841 2910 1913 ᾀδούσαις
2942 1841 3012 1895 τὰ
3040 1843 3287 1897 ἐπινίκια
3314 1861 3330 1876 ο
3356 1845 3476 1897 νυνὶ
3507 1844 3565 1897 δὲ
3595 1846 3686 1908 εἰς
3715 1845 3874 1913 εύςη-

595 1927 651 1980 in
675 1928 798 1996 ejus
819 1927 990 1982 animi
1033 1929 1276 1997 laudem,
1323 1932 1419 2003 qui
1462 1933 1729 1988 vitiorum
1777 1949 1844 1989 ac
1884 1935 2182 1991 affectuum

594 2017 774 2073 victor
823 2020 1125 2085 exstiterit,
1153 2020 1269 2091 ipsa
1303 2023 1572 2078 virtutum
1619 2024 1920 2094 primatum
1963 2036 2178 2094 tenens,

591 2111 770 2166 excita
805 2111 1070 2176 cbaritas,
1090 2113 1363 2167 citharam
1389 2130 1515 2169 cum
1539 2117 1782 2182 cantico,
1809 2118 1964 2172 velut
1983 2134 2181 2188 quam-

592 2199 719 2256 dam
770 2203 1300 2272 contemplationem
1338 2244 1354 2269 ,
1413 2206 1634 2276 pridem
1683 2207 1764 2262 illi
1841 2207 1911 2262 ad
1962 2209 2182 2266 decoris

590 2287 990 2344 abundantiam
1037 2291 1367 2358 laboratam,
1424 2294 1480 2348 in
1528 2310 1725 2350 manus
1747 2311 2015 2362 sumens,
2068 2313 2180 2354 non

589 2385 769 2431 cessat
817 2392 946 2434 cum
999 2381 1160 2435 turba
1186 2380 1266 2436 illi
1319 2383 1552 2450 comite,
1611 2386 1899 2444 exsultans
1951 2388 2180 2446 laudare

589 2467 788 2524 Deum.

663 2555 787 2611 182.
827 2556 1058 2624 Quando
1091 2559 1290 2615 orandi
1350 2561 1470 2632 jugi
1532 2563 1802 2620 exercitio
1861 2582 1928 2622 ac
1978 2568 2130 2624 cultu
2159 2611 2176 2639 ,

588 2645 924 2712 psalmorum
980 2649 1207 2703 oracula
1267 2649 1326 2704 in
1373 2653 1590 2708 orantis
1636 2655 1806 2710 corde
1863 2656 2173 2743 haeserint,

592 2744 724 2789 tunc
752 2743 808 2788 et
840 2735 959 2806 ipse
988 2739 1141 2793 velut
1166 2747 1315 2794 terra
1342 2742 1574 2810 optima,
1599 2744 1748 2799 ultro
1777 2745 1924 2800 ferre
1953 2735 2174 2819 incipit,

591 2833 654 2879 ut
681 2841 834 2881 rosas
863 2828 1088 2898 quidem
1116 2869 1132 2894 ,
1192 2830 1650 2903 incorporearum
1687 2852 1872 2892 rerum
1923 2853 2176 2894 contem-

587 2919 929 3001 platiOnem;
966 2930 1028 2976 ut
1060 2938 1191 2976 vero
1231 2924 1364 2990 lilia,
1398 2940 1696 2996 corporum
1749 2929 1910 3001 longe
1957 2931 2176 2986 lucidas

587 3000 832 3066 rationes
855 3027 923 3067 ac
947 3025 1290 3085 conceptus;
1320 3027 1382 3072 ut
1417 3016 1661 3089 denique
1690 3000 1904 3088 violas,
1950 3025 2170 3082 divino-

586 3119 708 3157 rum
729 3104 1070 3174 judiciorum
1100 3108 1310 3163 variam
1338 3124 1442 3164 nec
1471 3111 1658 3167 animo
1704 3113 1866 3170 facile
1912 3131 2169 3188 compre-

583 3194 812 3249 hensam
843 3197 1371 3255 considerationem.

653 3287 777 3342 185.
813 3289 1057 3344 Flamma
1085 3292 1334 3346 materiae
1357 3292 1560 3366 illigata
1586 3295 1729 3351 lucis
1752 3297 1996 3369 fulgores
2019 3316 2171 3372 spar-

579 3376 660 3443 git
692 3394 705 3429 :
734 3377 954 3433 animus
1002 3396 1137 3435 vero
1186 3396 1252 3435 ea
1287 3384 1505 3437 solutus
1562 3401 1628 3440 ac
1668 3390 1908 3444 terrenis
1963 3391 2107 3447 liber
2146 3433 2161 3458 ,

581 3467 694 3522 Deo
731 3467 948 3524 afﬂatus
974 3470 1284 3541 plenusque
1327 3472 1653 3529 invenitur:
1691 3492 1756 3534 ac
1801 3478 1897 3535 illa
1935 3482 2163 3551 quidem

579 3559 650 3614 ad
681 3560 987 3616 fomentum
1023 3578 1197 3634 usque
1225 3565 1401 3619 attolli
1432 3565 1637 3634 habet;
1673 3568 1767 3625 hic
1799 3585 1934 3626 vero
1972 3573 2042 3628 ad
2077 3573 2166 3628 di-

585 3653 702 3708 vini
734 3670 912 3724 usque
943 3655 1153 3711 amoris
1193 3656 1356 3712 finem
1393 3674 1459 3714 ac
1485 3662 2046 3722 consummationem.

653 3745 776 3800 184.
813 3745 917 3812 Qui
950 3761 1008 3800 se
1031 3746 1272 3816 perfecte
1304 3748 1664 3820 abnegaverit
1683 3792 1698 3815 ,
1722 3753 1964 3818 animus,
1992 3771 2166 3827 seque

579 3852 809 3906 prorsus
832 3839 1095 3901 orationi,
1137 3854 1201 3893 ca
1233 3840 1512 3905 sublimis,
1539 3841 1840 3909 addixerit,
1875 3847 1973 3916 qui
2003 3863 2162 3903 crea-

580 3935 708 3981 tura
731 3927 988 3997 superior
1014 3929 1268 3994 exsistat,
1294 3946 1406 3984 non
1432 3933 1656 4001 quando
1684 3935 1823 3990 libet
1851 3936 1918 3990 ad
1955 3948 2159 3994 terram

577 4017 888 4083 descendit,
926 4019 1023 4074 sed
1055 4035 1182 4074 cum
1216 4021 1295 4076 illi
1315 4022 1527 4093 justum
1568 4040 1901 4098 {equumque
1948 4031 2160 4088 videbi-

579 4119 691 4176 tur,
728 4111 825 4181 qui
848 4111 1121 4168 humanas
1155 4128 1246 4170 res
1271 4130 1468 4173 onmes
1516 4118 1766 4189 pondere
1794 4130 1852 4178 et
1895 4139 2160 4183 mensura

573 4205 824 4275 disponit
854 4219 919 4261 ac
954 4205 1118 4277 regit.
2062 4211 2066 4215 ’

646 4297 768 4350 185.
803 4296 905 4352 Ubi
946 4296 1016 4351 ab
1064 4296 1287 4362 anima,
1342 4299 1533 4355 acedia
1579 4303 1940 4370 exsulaverit,
1977 4324 2158 4380 exque

571 4387 744 4441 animi
795 4403 961 4442 sensu
1007 4388 1257 4458 nequitia
1310 4406 1376 4444 ac
1425 4392 1588 4463 663
1632 4395 1876 4464 pravitas
1924 4413 2155 4456 excussa

2287 1933 2418 2002 μίαν
2451 1933 2550 2003 τῆς
2583 1932 2893 2004 νικησάσης
2920 1934 2991 1987 τὰ
3017 1933 3164 2006 πάθη
3197 1935 3378 2005 ψυχῆς
3401 1973 3417 1997 ,
3455 1935 3489 2004 ἡ
3518 1936 3795 2006 κρείττων

2282 2023 2507 2093 ἀρεταῖς
2536 2025 2731 2096 ἀγάπη
2760 2023 3133 2096 διεγερθεῖσα,
3170 2027 3269 2097 τὴν
3301 2026 3420 2096 μετ’
3447 2026 3603 2097 ᾠδῆς
3641 2028 3874 2100 κιθάραν

2282 2114 2473 2188 ῶσπερ
2493 2115 2618 2170 τινὰ
2672 2116 2908 2184 θεωρίαν
2948 2118 3446 2189 μεταχειριζομένη
3504 2117 3686 2190 ταύτῃ
3712 2121 3871 2175 πάλαι

2279 2207 2380 2278 τὴν
2415 2208 2746 2280 πονηθεῖσαν
2768 2209 2850 2272 είς
2878 2208 3110 2274 κάλλους
3142 2211 3489 2280 περιουσίαν,
3522 2213 3585 2264 οὐ
3637 2213 3870 2266 παύεται

2282 2300 2380 2353 σὺν
2403 2302 2519 2365 τοῖς
2547 2300 2678 2373 περὶ
2707 2301 2880 2371 αὐτὴν
2917 2301 3304 2374 ἀγαλλιωμέ·.η
3351 2306 3530 2359 αἰνεῖν
3573 2304 3670 2358 τὸν
3720 2305 3867 2360 Θεὸν.

2352 2573 2500 2648 ρπβ’.
2537 2577 2774 2632 ὀπὸταν
2801 2576 2894 2631 διὰ
2920 2577 3207 2648 συνεχείας
3234 2577 3338 2648 τῆς
3371 2579 3519 2633 κατὰ
3556 2579 3661 2650 τὴν
3710 2581 3866 2650 εύχὴν

2277 2668 2591 2740 κατασχεθῇ
2622 2668 2691 2724 τά
2736 2667 2894 2738 λόγια
2933 2669 3042 2722 τῶν
3080 2670 3308 2741 ψαλμῶν
3337 2672 3398 2723 ὲν
3433 2674 3501 2742 τῇ
3545 2673 3750 2743 καρδία
3780 2672 3863 2724 τεῦ

2275 2760 2596 2832 εὐχομένου,
2615 2761 2739 2814 τότε
2754 2763 2847 2815 καὶ
2861 2761 3024 2826 αὐτὸς
3048 2762 3121 2833 γῆ
3137 2761 3393 2832 καθάπερ
3414 2764 3622 2846 ἀγαθῇ,
3645 2765 3861 2836 ἄρχεται

2275 2852 2602 2924 αὐτομάτως
2657 2852 2979 2924 ἀναφέρειν,
3014 2853 3090 2918 ὡς
3129 2855 3230 2923 μὲν
3270 2854 3400 2923 ῥόδα
3424 2897 3442 2919 ,
3476 2855 3580 2927 τὴν
3633 2855 3864 2928 θεωράν

2273 2945 2381 3000 τῶν
2419 2944 2730 3017 ἀσωμάτων
2763 2963 2778 2978 ο
2820 2945 2898 3005 ὡς
2926 2945 2984 3024 δὲ
3022 2946 3217 3017 κρίνα,
3252 2946 3353 3016 τὴν
3382 2946 3728 3018 τηλαύγειαν
3763 2950 3863 3002 τῶν

2275 3037 2548 3108 σωμάτων
2581 3053 2597 3070 ο
2636 3036 2714 3101 ὠς
2743 3036 2801 3090 δὲ
2834 3038 2913 3099 ῖα,
2941 3036 3003 3091 τὸ
3033 3037 3278 3091 ποικίλον
3320 3038 3434 3092 τῶν
3462 3039 3632 3094 θείων
3660 3044 3858 3113 κρεμά-

2195 3157 2244 3221 C
2273 3144 2381 3181 των
2410 3126 2786 3200 δυσθεώρητον

2344 3305 2492 3381 ρπγ’.
2538 3309 2628 3362 Ἐν
2657 3307 2757 3378 ὕλῃ
2791 3307 2895 3378 μὲν
2933 3306 3294 3377 δεσμευθεῖσα
3327 3307 3461 3376 φλὸξ
3486 3350 3502 3372 ,
3545 3310 3851 3382 ςωτοςνόρης

2269 3400 2599 3456 καθίσταται
2629 3415 2644 3430 ⁸
2679 3398 2740 3464 ἐξ
2769 3397 2904 3470 ὕλης
2930 3398 2988 3451 δὲ
3013 3398 3238 3451 λυθεῖσα
3266 3399 3435 3470 ψυχὴ,
3474 3400 3742 3472 θεοφόρος
3765 3402 3848 3454 εὖ-

2270 3492 2544 3564 ρίσκεται.
2565 3489 2822 3560 Κάκείνη
2883 3489 2985 3561 μὲν
3032 3489 3286 3562 αἴρεσθαι
3319 3493 3575 3562 πέφυκεν
3604 3496 3734 3564 ἄχρι
3764 3493 3845 3546 τοῦ

2268 3583 2698 3654 ὑπεκκαύματος
2729 3598 2743 3612 ο
2777 3581 2916 3652 αὕτη
2966 3580 3043 3648 δὲ,
3079 3582 3242 3654 μέχρι
3281 3583 3378 3637 τοῦ
3413 3585 3565 3639 κατὰ
3594 3587 3688 3639 τὸν
3724 3587 3851 3640 θεῖον

2267 3676 2448 3749 ἔρωτα
2475 3674 2967 3746 συμπεράσματος.
3601 3721 3608 3726 .

2337 3765 2479 3840 ρπδ’.
2524 3768 2593 3820 'H
2631 3765 2856 3830 τελείως
2903 3766 3108 3838 ἑαυτὴν
3155 3767 3524 3840 ,ἀρνησαμένη
3565 3771 3848 3843 duxi-"nt,

2263 3861 2464 3924 dludi;
2487 3859 2813 3915 άνατεθεῖσα
2841 3858 2976 3930 πρὸς
2995 3859 3182 3930 εὐχὴν,
3200 3860 3344 3932 αὕτη
3359 3862 3462 3934 οὐχ
3485 3864 3584 3918 ὅτε
3609 3865 3843 3935 βούλεται

2263 3955 2416 4009 κάτω
2457 3954 2693 4022 γίνεται,
2727 3951 2937 4006 άνωθεν
2993 3953 3362 4024 εὐρισκομένη
3419 3956 3521 4027 τῆς
3577 3959 3842 4022 κτίσεως·

2261 4046 2378 4100 ἀλλ’
2410 4046 2498 4099 ὅτε
2528 4043 2738 4098 δίκαιον
2779 4038 2921 4098 εἶναι
2954 4044 3122 4111 δόξει,
3150 4044 3228 4116 τῷ
3262 4046 3444 4101 πάντα
3493 4050 3731 4122 σταθμῷ
3759 4051 3842 4104 ml

2265 4135 2449 4206 μέτρῳ
2475 4130 2779 4202 διεξάγοντι
2806 4132 2875 4186 τά
2903 4133 3170 4205 ἡμέτερα.

2333 4330 2475 4395 ρπεν.
2510 4323 2681 4377 Ὅταν
2728 4321 2793 4374 ἐκ
2835 4319 3017 4392 ψυχῆς
3047 4321 3146 4392 μὲν
3174 4324 3206 4392 ἡ
3237 4321 3439 4393 άκηδία
3462 4324 3715 4397 ἀπελαθῇ
3741 4343 3753 4356 ·
3786 4328 3841 4380 ὲκ

2256 4415 2496 4480 διανοίας
2540 4414 2596 4468 δὲ
2623 4416 2658 4485 ἠ
2708 4413 2950 4485 πονηρία
2989 4415 3305 4486 ἐκτιναχθῇ,
3353 4415 3480 4470 τότε
3511 4421 3542 4471 ό
3584 4418 3706 4482 νοῦς
3751 4437 3838 4488 γυ-

573 4474 775 4539 fuerit;
806 4484 939 4530 tunc
965 4491 1119 4532 mens
1144 4478 1502 4549 simplicitate
1535 4481 1685 4538 nuda
1735 4485 1958 4556 vitaque
2007 4488 2129 4546 inar

575 4557 650 4581 ,ιβ
671 4564 706 4581 Α*
873 4573 885 4581 .
961 4565 975 4581 ι
1212 4569 1246 4581 ι.
1418 4571 1431 4581 ι
1488 4571 1498 4581 .
1538 4573 1550 4581 .
1951 4579 1958 4581 .

2286 4508 2398 4569 me;
2434 4474 2719 4576 γινόμενος
2754 4507 2818 4577 τῇ
2836 4474 3138 4576 Enimn.
3408 4510 3479 4577 τῇ
3510 4474 3729 4581 ἀτέχνίρ

574 4557 808 4619 tihciosa
836 4573 892 4619 et
927 4565 1138 4637 absque
1173 4569 1287 4623 ullo
1313 4571 1501 4640 probri
1536 4573 1919 4646 integumento
1949 4579 2157 4638 inanis-

571 4672 678 4726 que
725 4655 914 4727 glorize
952 4657 1324 4727 vestimento,
1372 4662 1523 4719 canit
1582 4674 1641 4720 et
1709 4667 1825 4737 ipsa
1873 4671 2152 4728 canticum

569 4764 774 4804 novum
836 4750 995 4817 Deo;
1054 4751 1398 4823 pulsansque
1456 4757 1636 4813 melos
1675 4758 1732 4814 in
1784 4761 2154 4820 exsultatione

565 4840 774 4910 gratias
809 4841 961 4912 agit,
1009 4843 1162 4912 quod
1203 4841 1407 4900 futurae
1449 4846 1578 4903 vitae
1606 4851 1851 4906 encaznia
1883 4865 2150 4925 occupata

566 4932 756 4987 laetitia
793 4934 1057 4989 celebret.

639 5040 759 5097 186.
807 5041 947 5098 Cum
993 5043 1303 5100 diviniores
1345 5047 1612 5116 quosdam
1663 5050 1882 5107 alllatus
1930 5053 2149 5112 animus

2255 4598 2380 4668 δίχα
2403 4597 2607 4660 παντὸς
2635 4596 2729 4649 τοῦ
2767 4598 2909 4651 κατὰ
2937 4598 3036 4669 τὴν
3068 4598 3335 4668 αἰσχύνην
3362 4598 3833 4673 ἐπικαλύμματος,

2255 4691 2351 4746 καὶ
2375 4690 2470 4744 τοῦ
2499 4689 2643 4746 κατὰ
2665 4690 2765 4761 τὴν
2805 4690 3076 4761 φανητίαν
3107 4690 3314 4763 προϐλή
3324 4709 3498 4762 ματος
3517 4733 3534 4758 ,
3568 4689 3725 4767 ᾆσμα
3749 4695 3836 4766 μὲν

2254 4784 2372 4857 ᾅδει
2397 4783 2492 4837 καὶ
2515 4777 2671 4846 οὗτος
2699 4781 2889 4836 καινὸν
2917 4780 2997 4853 τῷ
3022 4781 3142 4852 Θεῷ
3173 4797 3188 4811 ⁸
3222 4783 3550 4855 εὐχαριστεῖ
3591 4786 3651 4840 δὲ
3692 4787 3834 4857 μέλω

2253 4873 2699 4945 ἀνακρουόμενος
2730 4874 2788 4926 ὲν
2818 4873 3164 4948 εὐφροσύνῃ,
3195 4873 3275 4946 τῷ
3308 4876 3408 4947 τῆς
3441 4876 3752 4948 μελλούσης
3775 4879 3832 4931 τά

2253 4964 2510 5032 ἐγκαίνια
2541 4961 2934 5034 προεορτάζειν
2966 4963 3232 5034 βιώσεως.

2325 5054 2484 5126 ρπς’.
2521 5057 2692 5110 Ὅταν
2739 5056 2891 5119 τινας
2933 5055 3218 5128 θειοτέρας
3271 5058 3566 5128 ἐνεργείας
3605 5061 3828 5131 ἐνεργεῖ-

560 5150 730 5191 orans
761 5137 1110 5206 persentire,
1152 5138 1334 5210 iisque
1384 5141 1470 5212 agi
1526 5143 1780 5211 coeperit,
1826 5154 1942 5200 tum
1994 5149 2149 5204 velut

2286 5149 2374 5203 θαι
2410 5149 2647 5221 ἄρξηται
2683 5152 2718 5220 η
2747 5149 3019 5221 εὐχομένη
3044 5150 3216 5221 ψυχὴ,
3242 5150 3365 5204 τότε
3398 5153 3500 5205 καὶ
3539 5154 3684 5224 αὐτὴ
3705 5153 3826 5207 κατὰ

557 5227 914 5284 Canticorum
951 5229 1184 5299 Sponsa.
1221 5233 1351 5287 talia
1379 5243 1436 5288 et
1467 5233 1585 5304 ipse
1609 5233 1678 5288 ad
1712 5235 1935 5293 sodales
1957 5247 2015 5295 et
2047 5242 2143 5311 qui

2286 5239 2345 5312 ὴν
2397 5241 2456 5296 ὲν
2487 5243 2736 5312 ’ᾼσμασι
2767 5240 3027 5311 Νύμφην,
3089 5239 3229 5312 πρὸς
3289 5240 3391 5305 τὰς
3443 5243 3826 5315 ὁμοιοτρόπως

557 5321 679 5392 pari
709 5337 924 5376 morum
950 5323 1101 5376 cultu
1138 5323 1509 5390 delectentur,
1543 5326 1805 5392 succinit,
1847 5326 2142 5388 Fraternas

2286 5330 2478 5386 οιαῦτα
2499 5333 2776 5402 ὕποφωνεῖ
2802 5349 2818 5364 ο
2858 5330 3210 5400 Ἀδελφιδός
3235 5348 3356 5401 μου
3376 5330 3710 5388 ἀπέστειλε
3731 5332 3825 5400 τὴν·

557 5430 703 5467 ηιειισ
762 5416 902 5468 misit
956 5431 1176 5468 manum
1220 5432 1375 5470 suam
1425 5434 1518 5488 per
1571 5418 1836 5488 foramen,
1875 5430 1926 5474 et
1965 5433 2142 5478 venter

2289 5421 2417 5493 εᾶκι
2467 5423 2653 5479 αὐτοῦ
2709 5424 2830 5479 ἀπὸ
2884 5423 3021 5494 τῆς.
3053 5422 3230 5493 ὀπῆς,
3257 5423 3361 5478 καί
3394 5425 3432 5493 ἡ
3470 5428 3676 5481 κοιλία
3721 5442 3821 5496 μου

555 5522 700 5560 meus
728 5507 1001 5562 intremuit
1032 5523 1192 5577 super
1222 5525 1340 5562 eum
1369 5509 1436 5563 “.

629 5597 750 5652 187.
791 5596 928 5654 Cum
968 5600 1127 5655 miles
1161 5616 1422 5657 reversus
1447 5617 1477 5658 c
1507 5594 1722 5673 praelio,
1752 5621 1919 5678 grave
1951 5622 2136 5664 armo-

622 5779 667 5809 ”
703 5777 878 5831 Exod.
915 5797 1002 5845 xv,
1029 5780 1116 5833 ‘20.
1199 5783 1244 5812 ⁵⁵
1275 5782 1432 5836 Cant.
1464 5799 1518 5848 v,
1553 5785 1604 5838 4.

2243 5515 2502 5584 ἐθροὴθη
2523 5515 2616 5568 ἐπ’
2637 5516 2844 5571 αὐτόν.

2319 5605 2463 5677 ρπξ.
2500 5606 2612 5661 Καὶ
2644 5608 2986 5681 στρατιώτης
3023 5609 3086 5662 ἐκ
3117 5608 3211 5662 τοῦ
3264 5609 3515 5683 πολέμου
3566 5609 3818 5665 inculti.
