4108 6460
273 423 415 491 1445

1446 411 1625 477 ALIA
1661 404 1768 472 EX
1806 411 2047 473 VATIC.
2089 413 2376 477 CAl‘l'l‘A.

3415 419 3552 483 1146

269 555 396 602 σας,
421 537 486 591 τὸ
513 536 682 608 βάρος
724 536 834 590 τῶν
867 534 1049 590 ὅπλων
1072 529 1515 596 ἀποσκευάζεται
1549 544 1562 559 ο
1598 524 1696 580 καὶ
1721 543 1863 598 πρα-

1997 544 2089 582 υιιι
2124 529 2340 598 pondus
2363 529 2522 600 ponit
2552 548 2565 596 ;
2604 539 2722 585 tum
2756 530 2972 585 activus
2993 529 3164 585 animi
3201 530 3450 587 rationes
3495 537 3552 586 ct

268 631 462 693 κτικὸς
489 630 618 694 ’.οὓς
646 629 968 700 λογισμοὺς,
1004 627 1084 690 είς
1113 623 1354 696 θεωρίαν
1383 622 1681 694 ἐρχόμενος
1701 636 1715 650 ⁸
1736 619 1862 672 οὕτε

265 723 380 794 γάρ
412 724 623 786 ἐκεῖνος
645 724 694 776 εί
722 721 801 793 μὴ
827 722 887 776 ἐν
912 719 1137 792 πολέμῳ
1161 716 1356 791 χρείαν
1382 715 1497 788 ἔχει
1516 713 1630 769 τῶν
1657 712 1862 776 ὃπλων,

265 813 395 868 οὔτε
427 807 584 879 οὗτος
605 813 717 868 τῶν
747 811 1050 885 λογισμῶν.

345 1001 497 1068 ρπη’.
537 996 602 1049 Οί
640 995 741 1065 μὲν
793 993 1097 1066 πρακτικοὶ
1132 993 1208 1057 ὼς
1246 991 1430 1064 ἔχουσι
1475 991 1680 1054 θέσεως
1731 989 1867 1044 θεω-

271 1089 433 1161 ροῦσι
460 1087 533 1141 τὰ
561 1087 795 1159 σώματα
824 1103 839 1116 ⁸
882 1087 934 1140 οί
955 1086 1014 1141 δὲ
1057 1085 1410 1158 θεωρητικοὶ,
1435 1083 1512 1148 ὡς
1543 1081 1729 1153 ἔχουσι
1761 1079 1865 1152 φύ-

272 1198 416 1245 σεως
446 1197 460 1211 ο
496 1180 650 1252 μόνοι
691 1180 749 1235 δὲ
786 1181 918 1244 τοὺς
958 1179 1152 1249 λόγους
1186 1177 1518 1250 ἀμφοτέρων
1563 1174 1766 1247 ὁρῶσιν
1817 1174 1868 1228 οἱ

270 1275 588 1342 γνωστικοί.

349 1368 498 1439 ρπθ¹.
545 1369 638 1422 Ἐν
700 1368 802 1440 μὲν
852 1370 966 1433 τοῖς
1017 1367 1206 1437 λόγοις
1239 1366 1351 1420 τῶν
1378 1363 1668 1436 σωμάτων,
1703 1359 1871 1430 γινώ-

273 1475 502 1513 σκονται
552 1459 623 1513 τὰ
676 1459 986 1530 ἀσώματα·
1019 1461 1080 1512 ὲν
1127 1457 1450 1529 ,ἀσωμάτοις
1505 1455 1585 1518 δὲ,
1631 1454 1793 1523 λόγος
1842 1453 1872 1506 ό

274 1551 630 1623 ύπερούσιος,
659 1552 796 1623 πρὸς
840 1552 902 1606 ὃν
939 1549 1221 1621 ὲπεῗγεται
1253 1550 1407 1604 πᾶσα
1446 1546 1712 1601 σπουδαία
1735 1545 1871 1600 ἀνα-

273 1642 445 1699 λῦσαι
477 1644 647 1716 ψυχή.

353 1741 464 1809 ριι]
494 1738 560 1792 Oi
588 1738 740 1806 λόγοι
762 1735 872 1792 τῶν
901 1736 1199 1808 σωμάτων,
1229 1736 1308 1800 ὼς
1333 1735 1470 1789 ὀστᾶ
1498 1736 1608 1788 εἰσι
1649 1735 1763 1798 τοῖς
1787 1734 1869 1786 αΞ-

1966 620 2368 691 cogitationes,
2415 638 2542 678 cum
2591 622 2660 677 ad
2706 622 3240 692 contemplationem
3291 621 3552 678 venerit:

1968 728 2097 768 nam
2136 728 2320 785 neque
2350 713 2467 780 ille,
2499 725 2870 786 praeterquam
2910 714 2966 768 in
3005 713 3174 778 bello,
3213 713 3384 768 armis
3414 728 3559 783 opus

1969 803 2161 871 habet,
2197 820 2380 877 neque
2409 806 2517 864 iste
2569 808 2742 864 animi
2791 807 3106 864 rationibus
3150 822 3216 863 ac
3261 805 3557 878 cogitatio-

1967 899 2152 955 nibus.

2045 990 2170 1047 188.
2194 990 2399 1057 Activi,
2422 1007 2657 1064 corpora
2683 1009 2786 1063 pro
2811 1009 3006 1049 eorum
3031 991 3140 1048 situ
3172 991 3557 1056 considerant;

1973 1082 2394 1153 contemplativi
2429 1092 2640 1149 autem,
2665 1098 2769 1155 pro
2803 1099 2996 1139 eorum
3027 1090 3228 1138 natura
3246 1091 3304 1136 et
3335 1080 3554 1135 indole:

1969 1175 2071 1230 soli
2105 1175 2327 1230 demum
2351 1175 2586 1248 gnostici
2617 1176 2693 1246 (id
2725 1185 2832 1241 est,
2856 1175 3137 1245 sapientes
3165 1188 3229 1228 ac
3256 1173 3561 1242 spiritales)

1973 1267 2200 1324 illorum
2233 1268 2445 1339 pariter
2470 1269 2784 1338 horumque
2819 1268 3072 1322 rationes
3092 1265 3306 1321 vident.

2045 1361 2168 1417 189.
2201 1361 2262 1416 In
2290 1376 2588 1433 corporum
2647 1359 2961 1415 rationibus
3012 1368 3431 1430 cognoscuntur
3477 1357 3562 1412 in-

1971 1469 2281 1526 corporea;
2332 1455 2389 1511 in
2466 1454 2816 1525 incorporcis
2874 1468 3008 1508 vero
3075 1451 3564 1522 superessentialis

1973 1563 2177 1616 sermo,
2213 1549 2281 1604 ad
2318 1565 2484 1620 quem
2522 1547 2810 1605 studiosus
2838 1545 3020 1601 omnis
3062 1545 3285 1599 animus
3335 1542 3562 1597 festinat

1973 1637 2234 1693 evadere.

2048 1729 2170 1785 190.
2218 1728 2530 1801 Corporum
2578 1729 2825 1784 rationes
2854 1726 3009 1783 velut
3062 1739 3187 1780 ossa
3226 1731 3396 1786 sunt,
3453 1720 3566 1775 illis

279 1830 506 1932 σθητοῖς
534 1831 1072 1904 ἐπικαλυπτόμενοι,
1102 1831 1197 1896 οὓς
1225 1830 1312 1904 ἴδῃ
1357 1829 1538 1892 οὐδεὶς
1559 1868 1575 1893 ,
1600 1828 1710 1882 τῶν
1767 1825 1873 1891 ἔξω

1995 1823 2244 1894 td0perta
2269 1838 2392 1893 qua:
2429 1822 2486 1876 in
2519 1836 2746 1876 sensum
2777 1818 2984 1874 cadunt
3015 1834 3029 1870 :
3062 1816 3163 1870 bas
3194 1828 3360 1870 nemo
3399 1812 3548 1866 vide-

2010 1918 2044 1932 ο.
2109 1930 2118 1932 -
2178 1915 2190 1927 ο
2270 1930 2281 1932 ,
2363 1931 2371 1932 ,
2547 1911 2812 1932 -!s_-_.-__l:
2846 1909 3076 1932 11ι.ε.η--,.
3113 1907 3430 1932 ,ιη’,ιηιηη--Λ
3462 1919 3526 1932 Au

282 1923 362 1994 μὴ
393 1923 708 1995 γενομένων
737 1923 841 1996 τῆς
873 1922 1258 1996 προσπαθείας
1279 1921 1390 1977 τῶν
1413 1919 1717 1992 αἰσθητῶν.

358 2102 506 2176 ριισῖ.
553 2101 902 2157 ’Δποτίθεται
931 2098 1027 2154 καὶ
1051 2095 1393 2170 στρατιώτης
1414 2095 1483 2150 τά
1512 2093 1675 2156 ὅπλα,
1707 2109 1878 2148 κατα-

280 2195 479 2266 λείψας
510 2196 602 2250 τδν
634 2195 898 2265 πόλεμονο
927 2193 1024 2249 καὶ
1046 2190 1382 2264 θεωρητικὸς
1406 2189 1536 2254 τοὺς
1555 2185 1875 2258 λογισμοὺς,

283 2290 539 2344 ἀναλύων
569 2289 709 2360 πρὸς
742 2289 970 2360 Κύριον.

363 2382 504 2454 ρί.,β’.
531 2382 641 2436 Καὶ
675 2381 980 2454 στρατηγὸς
1006 2380 1065 2434 ὲν
1086 2377 1311 2449 πολέμῳ
1333 2375 1547 2430 σκύλων
1570 2373 1879 2445 διαμαρτά-

287 2495 418 2540 νων,
453 2479 510 2530 ὲν
539 2475 749 2547 ἀθυμίᾳ
783 2474 1108 2529 καθίσταται
1133 2486 1148 2502 ο
1171 2473 1267 2526 καὶ
1305 2468 1612 2542 πρακτικὸς
1641 2469 1700 2520 ὲν
1719 2465 1876 2537 εὐχῇ,

287 2567 528 2641 θεωρίας
563 2566 963 2639 πνευματικῆς.

381 2667 528 2736 ρὴγο.
559 2660 803 2731 Ἔλαφος
837 2660 937 2732 μὲν
958 2659 1052 2713 ἐπὶ
1091 2657 1421 2730 σωματικῶν
1452 2655 1664 2710 ὑδάτων
1693 2652 1880 2725 τρέχει

291 2760 501 2832 πηγὰς,
543 2757 650 2813 ὑπὸ
685 2754 908 2830 [ὄφεως]
947 2753 1112 2828 θηρὸς
1143 2753 1220 2817 ὡς
1275 2754 1304 2807 ό
1351 2749 1574 2824 δηχθείς
1605 2749 1702 2821 (0⁸
1731 2747 1882 2820 ψυχὴ

289 2853 374 2918 δὲ,
415 2853 450 2923 ἡ
478 2849 557 2922 τῷ
585 2848 914 2920 γλυκυτάτῳ
944 2845 1090 2919 βέλει
1120 2844 1400 2918 τρωθεῖσαι
1423 2841 1503 2915 τῷ
1543 2844 1644 2914 τῆς
1687 2838 1878 2912 εὐχῆς,

292 2947 390 3001 ἐπὶ
411 2943 722 3016 ἀσωμάτων
756 2941 952 3012 αὐγάς.

370 3035 508 3111 ριιδκ
540 3034 680 3090 Οὔτε
728 3031 1046 3104 σωματικὺς
1085 3028 1364 3101 ὀφθαλμὸς
1411 3026 1504 3081 τὸν
1535 3025 1737 3081 κόκκον
1786 3022 1882 3078 τοῦ

293 3131 452 3185 σίτου
481 3129 614 3184 ἰδεῖν
648 3126 893 3191 δύναται,
933 3123 1059 3179 οῦτε
1089 3122 1218 3187 νοῦς
1244 3120 1551 3193 πρακτικὸς
1585 3119 1689 3190 τὴν
1721 3115 1886 3188 φύσιν

1978 1918 2072 1981 rit,
2098 1915 2233 1986 quin
2261 1930 2293 1970 a
2323 1929 2507 1971 rerum
2538 1911 2816 1985 ejusmodi
2846 1909 3079 1965 libidine
3112 1907 3430 1975 atl‘ectnque
3461 1919 3563 1959 ex-

1978 2006 2235 2064 cesserit.

2051 2098 2176 2156 191.
2207 2098 2349 2154 Tum
2395 2097 2556 2152 miles
2603 2095 2797 2151 relicta
2838 2092 3035 2147 militia
3059 2105 3211 2145 arma
3243 2086 3425 2158 ponit,
3449 2093 3597 2139 tum.

1979 2189 2445 2260 contemplativns
2473 2188 2720 2245 rationes
2763 2201 2827 2241 ac
2880 2183 3268 2254 cogitationes,
3320 2179 3452 2234 dum
3495 2176 3565 2231 ad

1980 2284 2278 2340 Dominum
2311 2281 2498 2337 solvit.

2054 2374 2175 2430 192.
2207 2373 2347 2429 Tum
2381 2372 2685 2443 imperator
2729 2368 2786 2424 in
2813 2367 2960 2424 bello
2994 2365 3295 2420 frustratus
3326 2360 3519 2432 spoliis
3547 2399 3565 2422 ,

1981 2477 2212 2532 mteret;
2247 2475 2364 2520 tum
2389 2464 2608 2521 activus
2642 2463 2698 2517 in
2741 2459 2992 2516 oratione
3031 2456 3182 2512 haud
3235 2456 3352 2526 ipse
3399 2451 3568 2524 spiri-

1984 2560 2110 2616 talis
2141 2573 2368 2628 compos
2391 2553 2902 2625 contemplationis.

2055 2651 2178 2708 195.
2200 2650 2418 2706 Cervus
2438 2647 2667 2719 quidem
2698 2645 2766 2700 ad
2790 2639 3165 2713 corporalium
3191 2637 3376 2694 fontes
3403 2650 3574 2705 aqua-

1984 2760 2108 2801 rum
2136 2743 2316 2799 currit
2346 2743 2414 2807 ⁸⁷,
2462 2756 2494 2796 a
2521 2745 2781 2808 serpente
2823 2733 3002 2790 bestia
3034 2745 3254 2786 morsus
3287 2746 3300 2782 :
3352 2727 3574 2782 animus

1983 2851 2120 2893 vero
2155 2833 2479 2891 dulcissimo
2509 2831 2733 2888 saneius
2761 2822 3260 2896 orationisjaculo,
3295 2819 3363 2876 ad
3399 2819 3568 2890 spiri-

1988 2938 2148 2984 tuum
2177 2925 2506 2998 splendores
2535 2919 2844 2979 contendit.
3387 2968 3396 2977 ,

2057 3017 2184 3074 194.
2209 3017 2327 3073 Nec
2362 3013 2674 3086 corporalis
2719 3011 2916 3068 oculus
2945 3023 3178 3080 granum
3213 3003 3426 3066 tritici;
3472 3017 3578 3057 nec

1988 3108 2156 3165 activi
2186 3122 2345 3164 mens
2373 3121 2530 3162 suam
2560 3104 2682 3175 ipsa
2716 3102 2960 3157 indolem
2991 3099 3182 3154 videre
3229 3103 3433 3166 potest,
3460 3094 3574 3148 nisi

291 3225 398 3295 τὴν
427 3219 651 3288 ἑαυτοῦ,
680 3221 730 3274 εί
786 3188 888 3292 μὴ⁷
912 3215 1200 3288 γυμνωθῇ,
1232 3188 1442 3278 ἐκεῖνος
1474 3213 1597 3284 μὲν,
1629 3188 1879 3283 έλύτρου,

1995 3204 2085 3261 ille
2115 3201 2343 3274 quidem
2401 3199 2724 3255 membrana
2753 3213 2768 3263 ;
2817 3195 2909 3250 hic
2941 3208 3098 3258 vero,
3148 3189 3381 3246 libidine
3413 3188 3573 3242 οδω.

291 3309 454 3380 οὗτος
483 3315 565 3381 δὲ,
597 3313 837 3384 σχέσεως
857 3310 960 3382 τῆς
990 3305 1510 3381 περικαλυπτούσης
1542 3304 1726 3360 αὐτόν.

374 3431 512 3496 ριιεκ
548 3424 908 3497 Κρύπτονται
960 3420 1192 3494 ἀστέρες
1241 3420 1364 3492 μὲν,
1404 3417 1560 3490 ἡλίου
1601 3411 1838 3486 ἀνατολῇ
1864 3430 1878 3445 ο

293 3517 552 3588 λογισμοὶ
579 3515 637 3569 δὲ
672 3514 1098 3583 ὲκλιμπάνουσι,
1123 3511 1216 3564 τοῦ
1249 3508 1343 3564 νοῦ
1367 3506 1510 3582 πρὸς
1542 3505 1644 3576 τὴν
1674 3505 1887 3558 οίκείαν

298 3607 581 3681 βασιλείαν
611 3603 1141 3675 ὲπαναστρέφοντος.

372 3727 526 3797 ριιςό
557 3720 713 3776 Μετά
767 3719 828 3774 τὸ
861 3717 1017 3782 τέλος
1044 3716 1148 3788 τῆς
1179 3713 1514 3788 πρακτικῆς,
1541 3713 1598 3766 αἱ
1641 3719 1890 3782 πνευμα-

298 3817 453 3870 τικαὶ
491 3812 717 3884 θεωρίαι
748 3808 1132 3883 περιχυθεῖσαι
1155 3807 1235 3878 τῷ
1263 3806 1362 3878 νῷ,
1405 3802 1493 3859 οἶά
1539 3820 1688 3866 τινες
1728 3803 1885 3857 ἀκτῖ-

298 3926 391 3972 νες
422 3907 576 3980 ἡλίου
612 3906 668 3959 αἱ
709 3902 803 3958 τοῦ
854 3900 1133 3973 ὁρίζοντος
1183 3895 1594 3969 ύπερκύψασαι,
1642 3891 1891 3947 δοκοῦσιν

299 4001 507 4067 ἔξωθεν
531 3996 701 4062 αὑτοῦ
733 3993 1118 4069 προσϐάλλειν,
1152 3992 1353 4045 οἰκεῖαι
1415 3984 1597 4054 οὖσαι,
1655 3985 1765 4048 καὶ,
1801 3983 1890 4038 διά

307 4091 660 4163 καθαρότητα
683 4089 886 4143 ἐκεῖνον
909 4104 976 4140 πε
985 4085 1437 4158 ριπτυσσόμεναι.

379 4289 521 4363 ρι,ζ’.
546 4287 785 4342 Τοιαῦτα
834 4285 929 4340 καὶ
989 4281 1115 4346 νοῦς
1151 4254 1489 4352 θεωρητικὸς
1532 4273 1781 4330 ὲκλαλεῖν
1807 4273 1896 4328 δύ-

304 4399 490 4446 ναται,
522 4381 612 4434 ὅτε
671 4377 882 4434 ἀνωθεν
935 4376 1032 4430 ἀπ’
1087 4370 1321 4445 ούρανοῦ
1384 4367 1622 4440 καταϐῇ,
1679 4368 1896 4437 φύσεως

305 4474 582 4543 ἀνάγκαις
613 4468 918 4533 ὲπικλιθείς
946 4484 961 4499 ·
997 4462 1088 4522 οία
1112 4465 1210 4520 καὶ
1239 4465 1268 4518 ό
1303 4461 1713 4534 φθεγξάμενος·
1737 4458 1895 4513 Θείου

307 4569 542 4633 κάλλους
569 4567 622 4620 τί
651 4566 890 4637 ὑπάρχει
919 4560 1416 4634 θαυμασιώτερον;
1449 4557 1545 4611 καὶ
1587 4555 1674 4620 τίς
1717 4553 1897 4607 ἔννοια
1927 4594 1974 4652 D

304 4665 407 4735 τῆς
427 4661 524 4716 τοῦ
551 4659 688 4714 Θεοῦ
714 4654 1205 4730 μεγαλοπρεπείας
1230 4650 1564 4724 χαριεστέρα
1591 4665 1606 4714 ;
1649 4647 1806 4710 ﬂcio;
1837 4643 1895 4698 δὲ

307 4751 455 4806 οῦτω
499 4750 666 4814 πόθος
714 4749 915 4823 δριμὺς
953 4747 1048 4801 καὶ
1101 4744 1398 4816 ἀφόρητος,
1425 4741 1501 4804 ὡς
1537 4741 1566 4794 ὁ
1606 4737 1716 4794 ἀπὸ
1758 4735 1895 4789 Θεοῦ

308 4843 663 4916 ἑγγινόμενος
718 4843 786 4913 τῇ
837 4839 946 4895 ἀπὸ
993 4838 1177 4908 πάσης
1233 4835 1435 4897 κακίας
1501 4829 1895 4900 κεκαθαρμένη

305 4935 479 5006 ψυχῇ,
514 4935 610 4988 καὶ
661 4932 769 4987 ἀπὸ
803 4929 1100 4994 διαθέσεως
1149 4926 1416 4998 λεγούσῃ,
1447 4925 1529 4978 ὅτι
1565 4921 1899 4991 Τετρωμέιηι

308 5029 551 5099 ἀγάπης
573 5027 690 5096 ἐγώ
715 5042 733 5089 ;

387 5146 531 5213 ρι,η’.
572 5139 818 5194 Ἑκείνου
869 5137 1017 5191 ἐστὶν
1071 5134 1132 5187 τὸ
1174 5132 1355 5202 λέγειν
1388 5146 1403 5162 ο
1449 5127 1816 5198 Ἐθερμάνθη
1859 5125 1898 5192 τ’]

310 5235 529 5305 καρδιά
548 5251 669 5304 μου
708 5231 882 5296 ἐντός
932 5247 1068 5294 μου,
1117 5227 1216 5280 καί
1263 5225 1334 5279 ἐν
1376 5223 1454 5294 τῇ
1504 5221 1736 5293 μελέτῃ
1781 5237 1903 5290 μου

387 5414 430 5444 ⁶⁷
468 5413 611 5468 Psal.
649 5426 758 5475 xu,
793 5408 844 5462 1.

393 5569 475 5694 (I21
494 5566 630 5650 Ὑξῑὸ
669 5566 850 5656 θηρὸς
890 5562 972 5628 ὠς
1008 5561 1042 5615 ό
1089 5555 1356 5626 δηχθείς.
1425 5551 1570 5620 Quin
1629 5547 1904 5631 scriptum

428 5681 443 5694 .
480 5653 682 5694 axnno.
706 5637 813 5690 υπὸ
849 5633 1017 5694 θηρὸς
1068 5630 1268 5694 ὄφεως,
1317 5624 1505 5679 nullus
1560 5619 1780 5694 dublto.
1814 5616 1903 5671 SIC

316 5616 690 5701 sn‘Ktaiiitio,’
706 5616 1017 5705 ὗὲίθήᾱρς
1068 5616 1268 5705 δφὲὶῖξς,
1314 5616 1780 5705 ttu'llt'tsddubito.
1809 5616 1903 5705 εις

315 5691 682 5778 cnim—“077192;,
734 5715 791 5760 et
821 5691 1011 5778 θηρία
1071 5691 1271 5771 (bestiw
1319 5694 1556 5778 scilicet)
1629 5691 1903 5772 dicuntur

316 5759 856 5850 geriptur'zepbrasi,
875 5759 1216 5844 quaecunque
1251 5764 1508 5846 animalia
1526 5759 1900 5850 t'toxia‘,.ctiatn

315 5831 778 5921 Hv'ulgo
822 5831 1032 5921 insecta
1080 5831 1378 5921 νόείτιιιιυεΑ
1413 5831 1722 5915 ςιῇιιςιηιιιίἰ
1770 5837 1901 5910 sunt

316 5899 779 5992 Eipéﬁieséiﬁ‘n
834 5915 1003 5970 etiam
1065 5909 1280 5966 notavit
1336 5899 1496 5976 Orig.
1522 5904 1579 5958 in
1623 5899 1903 5970 excerptis

1986 3303 2149 3370 gente
2179 3293 2423 3351 nudatus
2451 3290 2643 3348 fuerit.

2053 3409 2176 3465 195.
2207 3405 2586 3464 Obnubuntur
2635 3400 2808 3457 stellae
2861 3406 2988 3452 ortu
3025 3397 3162 3452 solis
3194 3413 3207 3450 :
3235 3401 3570 3464 eessantqnc

1987 3500 2394 3574 cogitationes,
2435 3503 2623 3551 mente
2657 3493 2727 3549 ad
2758 3507 2922 3549 suum
2962 3503 3194 3561 regnum
3235 3494 3576 3543 revertente.
3669 3546 3672 3549 ,

2061 3700 2180 3757 196.
2204 3694 2509 3755 Aetioncin
2536 3692 2702 3749 ﬁnem
2730 3700 3015 3764 provecta,
3041 3687 3391 3746 circumfusae
3415 3685 3582 3758 665.

1991 3792 2162 3850 menti
2192 3789 2472 3862 spiritales
2488 3785 3017 3857 contemplationes,
3041 3783 3196 3838 velut
3224 3782 3434 3837 solares
3457 3781 3583 3851 qui-

1988 3887 2114 3942 dam
2152 3881 2291 3938 radii
2317 3880 2386 3936 ab
2418 3879 2712 3935 borizonte
2764 3876 3182 3948 promicantes,
3229 3873 3583 3928 extrinsecus

1988 3979 2040 4038 ei
2073 3975 2338 4033 advenire
2368 3971 2632 4028 videntur
2653 4012 2668 4038 ,
2718 3984 2844 4025 cum
2877 3969 3002 4039 ejus
3045 3965 3305 4038 propriae,
3340 3980 3427 4030 ac,
3472 3981 3582 4035 qua

1992 4072 2166 4140 fulget
2195 4064 2492 4123 munditia,
2529 4061 2990 4130 illiieobzerentes
3018 4058 3132 4114 sint
3176 4073 3241 4112 ac
3290 4057 3444 4114 velut
3490 4072 3585 4111 co-

1993 4166 2157 4220 aliue.

2066 4280 2189 4334 197.
2235 4276 2391 4332 Talia
2451 4287 2676 4345 quoque
2726 4283 2884 4324 mens
2927 4261 3396 4333 contemplatione
3455 4263 3582 4316 nixa

1995 4368 2183 4440 eloqui
2215 4373 2418 4438 potest,
2443 4378 2570 4418 cum
2595 4368 2809 4416 naturae
2835 4353 3073 4426 quadam
3100 4350 3434 4405 necessitate
3461 4366 3586 4404 ver-

1997 4477 2152 4536 gens,
2181 4475 2212 4516 e
2236 4458 2392 4514 cmlis
2425 4468 2671 4526 superne
2693 4446 3072 4508 descenderit,
3108 4444 3294 4513 qualia
3334 4452 3392 4498 et
3431 4443 3585 4498 locu-

2000 4531 2091 4608 tus
2111 4559 2218 4616 est,
2243 4547 2341 4618 qui
2358 4546 2435 4602 ait
2459 4564 2472 4599 :
2493 4541 2769 4611 Quidnam
2795 4537 2988 4594 divino
3015 4531 3328 4587 mirabilius
3350 4531 3586 4586 decore?

2001 4644 2134 4713 Quae
2190 4656 2324 4696 vero
2370 4635 2652 4708 cogitatio,
2705 4645 2870 4704 quam
2915 4627 3117 4682 divinae
3158 4622 3589 4695 magniﬁcentia:

2002 4737 2260 4811 gratior?
2309 4733 2446 4800 Quis
2471 4731 2554 4786 sic
2589 4727 2734 4783 acris
2758 4739 2824 4780 ac
2874 4718 3245 4792 importabilis
3279 4732 3437 4771 amor
3461 4758 3475 4778 ,
3522 4732 3588 4770 ac

2004 4807 2100 4901 qui
2133 4830 2187 4883 in
2225 4826 2408 4883 anima
2442 4821 2660 4878 cunctis
2698 4817 2854 4874 vitiis
2885 4815 3194 4884 depurgata
3243 4824 3273 4864 a
3318 4808 3431 4862 Deo
3465 4807 3591 4877 inji-

2004 4900 2173 4984 citur,
2202 4933 2436 4990 quzeque
2457 4932 2524 4971 ex
2549 4913 2749 4969 aﬂectu
2779 4910 2928 4967 dicat
2959 4925 2974 4961 ι
3011 4903 3304 4960 Vulnerata
3325 4900 3591 4954 charitate

2003 5030 2098 5084 ego
2126 5029 2243 5066 sum
2274 5009 2362 5062 "?

2077 5125 2199 5179 198.
2227 5122 2377 5178 Illius
2403 5130 2489 5176 cst
2514 5129 2573 5175 ut
2603 5118 2751 5173 dicat
2780 5133 2794 5168 :
2823 5109 3105 5169 Concaluit
3137 5123 3230 5161 cor
3253 5120 3429 5160 mettm
3443 5104 3588 5156 intra
3641 5097 3648 5105 ’

2006 5234 2108 5280 me,
2145 5224 2193 5269 et
2225 5215 2279 5268 in
2313 5211 2652 5268 meditatione
2680 5222 2798 5261 mea
2831 5201 3135 5258 exardescet
3192 5198 3334 5270 ignis
3370 5195 3415 5226 ⁶⁹
3437 5235 3450 5257 ,
3497 5191 3592 5262 qui

925 5405 971 5438 ⁸⁸
1003 5402 1165 5459 Cant.
1201 5418 1260 5468 ιι,
1289 5401 1356 5467 5;
1396 5415 1449 5463 v,
1477 5399 1530 5453 8.
1608 5396 1653 5428 ⁶⁹
1686 5393 1830 5450 Psal.
1858 5406 2082 5454 xxxvtn,
2113 5389 2166 5443 ί.

2051 5557 2132 5596 ua:
2169 5544 2390 5594 exstant
2422 5530 2789 5610 in_Gencsim,
2844 5536 3086 5610 suntque
3133 5538 3164 5578 a
3205 5519 3594 5610 mejlcollccta.

2008 5558 2132 5664 alii}:
2169 5558 2390 5594 CXSlallL
2422 5558 2478 5589 Ill
2507 5558 2789 5593 UUIIUbIIII,
2844 5558 3085 5610 θιιιιιιιιισ
3133 5558 3163 5578 α
3208 5558 3292 5604 tl“;
3339 5558 3594 5574 ιυιιιιηιο

2012 5647 2031 5666 ι
2055 5613 2105 5667 ic
2137 5606 2518 5671 Act.xxvm,4,
2546 5603 2616 5657 de
2638 5601 2832 5672 vipera
2855 5599 3008 5672 Pauli
3042 5590 3596 5672 titattttttadltaerettle,

2020 5661 2374 5746 δὸνς-έένείδον
2421 5661 2770 5746 οίβάρεαροι
2823 5668 3172 5746 κρεμάμενον
3204 5664 3264 5717 τὸ
3295 5661 3501 5746 ¹θηρίον
3533 5662 3596 5746 ἐικ

2006 5733 2311 5824 χειρὸς
2341 5733 2528 5813 αὐτοῦ’,
2567 5733 2630 5801 Ut
2668 5733 2910 5799 ιίὶίίενιιὶιι
2932 5733 3253 5811 pendentem
3290 5734 3510 5788 bestiam
3531 5733 3590 5783 (lo:

2008 5839 2172 5880 mmm
2205 5837 2339 5890 ejus.
