4012 6500
183 440 321 509 ιιιε)
1339 447 1512 506 ALIA
1553 445 1654 505 EX
1689 447 1764 504 VA

1871 447 1930 507 C.
1970 445 2254 506 CAPITA.

3282 445 3421 511 1450

179 551 477 625 παράδεισε
505 549 715 622 Πατρός
739 565 854 604 σου.
881 549 1072 613 ’Δνθος
1097 548 1189 602 τοῦ
1218 550 1424 617 πεδίου,
1453 552 1545 606 καὶ
1569 550 1748 622 κέδροι

1871 569 1938 606 ms
1979 553 2149 621 factus
2178 561 2254 606 est
2275 553 2345 614 τ’,
2387 551 2620 623 Sponsc,
2664 551 2916 624 paradise
2949 553 3130 612 Patris
3166 556 3250 612 tui
3285 559 3428 616 δῦθι

179 643 373 708 αὐτοῦ,
406 643 483 706 ὡς
529 643 711 712 κέδροι
753 641 847 696 τοῦ
899 641 1155 697 Λιϐάνου.
1213 642 1363 697 Ὑπὸ
1403 643 1519 712 τὴν
1562 643 1748 697 σκιὰν

1871 645 2063 714 :ampi;
2091 652 2147 697 et
2172 644 2322 698 cedri
2347 645 2425 698 tui
2448 645 2592 700 sicut
2620 645 2771 700 cedri
2796 645 2992 700 Libani
3009 648 3078 702 ".
3104 647 3208 703 Sub
3232 651 3425 706 umbra

178 736 371 792 αὑτοῦ
396 737 766 805 ἐπεθύμησα,
823 733 923 788 καὶ
988 734 1256 798 ἐκάθισα,
1304 735 1401 789 καί
1445 737 1480 789 ὀ
1521 734 1750 804 καρπὸς

1872 732 1994 785 llius
2038 732 2330 787 desideravi
2380 742 2428 786 et
2484 736 2630 801 sedi;
2675 743 2725 788 et
2777 735 2979 805 fructus
3003 738 3117 808 ejus
3161 740 3300 796 visus
3345 751 3426 798 eu

171 829 350 900 ’ὤφθη
380 827 608 898 γλυκὺς
634 827 706 881 ἐν
738 824 818 891 τῷ
853 825 1107 895 λάρυγγ’(
1153 843 1291 896 μου.

258 921 351 976 σε.
390 919 503 972 Εἱὸ
545 917 769 988 βασιλέα
821 918 1214 989 ὑποδεχόμενος
1249 919 1330 982 εἰς
1373 918 1434 971 τὸ
1480 918 1750 989 δωμάτιον

178 1013 373 1077 αὐτοῦ,
419 1011 561 1067 οὕτω
613 1009 916 1082 περιφανὴς
961 1011 1275 1081 εὑρίσκεται
1314 1011 1407 1065 καὶ
1452 1010 1751 1083 περίδοξος,

182 1108 282 1161 καὶ⁵
312 1105 488 1177 πάσης
517 1103 797 1175 ἄλλης.....
829 1101 954 1175 [ισ.
989 1101 1277 1173 ἔμπλεως]
1315 1104 1512 1176 χαρᾶς,
1547 1101 1600 1155 τί
1644 1102 1752 1156 πά-

180 1199 269 1253 θοι
299 1199 466 1270 ψυχὴ,
491 1202 523 1269 ἡ
553 1198 644 1252 τὸν
674 1197 906 1252 Βασιλέα
925 1197 1034 1251 τῶν
1066 1197 1332 1268 βασιλέων
1355 1199 1413 1250 ὲν
1436 1195 1516 1268 τῷ
1547 1196 1754 1268 καθαρ-

180 1292 344 1362 θῆναι
378 1290 752 1362 ὑποδεξαμένη
785 1289 923 1344 κατά
965 1291 1064 1360 τὴν
1111 1289 1320 1359 ἀψευδῆ
1366 1289 1578 1343 ἐκείνου
1621 1290 1754 1344 ὑπό-

184 1400 375 1453 σχεσιν
404 1401 418 1448 ;
453 1384 562 1438 Kal.
588 1383 641 1436 τί
680 1383 854 1448 ἐάσει,
896 1381 1001 1449 ἔξω
1032 1381 1129 1452 μὲν
1165 1380 1436 1450 βάλλουσα
1473 1381 1533 1434 τὸ
1558 1381 1634 1452 μὴ
1673 1382 1754 1445 είς

180 1477 491 1531 ἀνάπαυσιν
532 1475 727 1545 ἐκείνῳ
751 1473 964 1528 δοκοῦν·
1014 1473 1222 1527 ἔνδοθεν
1276 1472 1330 1526 δὲ
1367 1473 1664 1541 εἰσάγουσα
1693 1472 1754 1526 τὸ

182 1567 267 1629 εἰς
300 1566 510 1618 ἐκείνου
542 1566 836 1637 ἀρέσκειαν
856 1582 871 1632 ;

257 1659 354 1711 σε’.
405 1659 463 1710 ’0
515 1657 782 1728 κληθῆναι
833 1656 1148 1728 προσδοκῶν
1184 1656 1336 1725 παρά
1383 1654 1645 1725 βασιλέως
1686 1656 1752 1726 τῇ

181 1749 398 1822 αὔριον,
434 1750 578 1813 τίνος
626 1750 684 1802 ὲν
729 1749 970 1819 φροντίδι
1027 1748 1190 1802 ἄλλου
1234 1747 1437 1809 ἔσεται,
1496 1747 1527 1817 ἢ
1579 1746 1755 1815 λόγων

185 1844 419 1915 μελέτης
446 1843 553 1895 τῶν
577 1843 656 1906 είς
681 1841 888 1895 ἐκείνου
930 1839 1067 1894 εἶναι
1100 1840 1403 1911 μελλόντων
1428 1839 1751 1908 ἀρέσκειανς

1850 824 2017 879 dulcis
2042 824 2277 894 faucibus
2314 827 2440 881 meis
2463 828 2527 880 “.

1922 917 2049 970 204.
2086 916 2141 970 Si
2172 916 2219 970 is
2243 917 2340 986 qui
2373 934 2555 988 regem
2603 918 2802 974 domus
2825 919 3067 991 hospitio
3092 923 3310 992 recipit,
3346 924 3430 981 sic

1853 1008 2084 1064 illustris
2151 1009 2444 1078 clarusque
2501 1010 2801 1073 invenitur.
2880 1028 2944 1066 ac
3006 1013 3221 1084 reliquo
3273 1016 3426 1071 omni

1853 1096 2052 1168 gaudio
2114 1098 2401 1168 magniﬁce
2452 1099 2684 1168 plenus;
2737 1100 2870 1170 quid
2920 1101 3012 1156 ﬁat
3060 1104 3288 1170 animo,
3329 1106 3428 1176 qui

1855 1191 2058 1260 Regem
2081 1205 2294 1260 regum,
2327 1206 2441 1261 prae
2469 1205 2566 1245 sua
2592 1192 2884 1253 munditia.
2910 1194 3063 1264 juxta
3087 1210 3152 1249 ac
3182 1195 3271 1251 ille
3297 1211 3429 1252 vere

1854 1281 2136 1351 pollicitus
2179 1291 2264 1336 est
2288 1281 2354 1346 ⁸²,
2381 1282 2729 1351 susceperit?
2761 1283 2903 1349 Quid
2945 1301 3078 1339 vero
3107 1286 3284 1351 sinet,
3331 1288 3428 1358 qui

1855 1373 2003 1430 foras
2033 1375 2244 1445 ejiciat,
2269 1375 2418 1445 quod
2453 1375 2521 1429 ad
2553 1377 2672 1445 ejus
2702 1377 3058 1434 refectionem
3106 1397 3216 1436 non
3245 1382 3432 1437 videa-

1857 1475 1980 1532 tur;
2034 1483 2099 1522 ac
2129 1483 2252 1537 quae
2281 1466 2359 1522 illi
2416 1477 2570 1537 grata
2619 1477 2750 1523 sunt
2796 1478 2854 1524 et
2895 1481 3149 1542 accepta,
3185 1473 3430 1542 proclive

1855 1559 2154 1614 admittat?

1925 1653 2050 1707 205.
2085 1652 2189 1719 Qui
2234 1670 2266 1708 a
2295 1669 2422 1724 rege
2457 1654 2511 1708 in
2541 1655 2845 1709 crastinum
2901 1655 3203 1719 vocandus,
3229 1673 3431 1727 exspe-

1856 1744 2096 1799 ctatione
2133 1761 2435 1814 suspensus
2476 1755 2580 1811 est,
2615 1747 2746 1816 quid
2788 1747 2934 1802 aliud
2966 1765 3224 1804 curarum
3250 1760 3435 1807 verset

1856 1834 2064 1899 animo,
2099 1851 2265 1905 quam
2315 1843 2375 1889 ut
2419 1835 2535 1906 ipse
2581 1851 2770 1891 secum
2801 1853 3083 1893 sermones
3131 1839 3334 1910 cogitet
3369 1855 3435 1897 ac

181 1937 356 1990 Τοῦτο
402 1935 645 2006 τηροῦσα
691 1937 840 1989 πᾶσα
881 1933 1045 2006 ψυχὴ,
1080 1935 1177 1987 οὐκ
1220 1932 1515 2003 ὀφθήσεται
1542 1933 1757 2001 ἀπαρα-

1871 1929 2185 1996 meditetur,
2229 1930 2432 2000 quibus
2467 1931 2588 2002 ejus
2615 1932 2845 2002 gratiam
2881 1932 3120 1986 initurus
3161 1935 3292 1988 est?
3321 1933 3437 1992 Hoc

183 2030 490 2093 σκεύαστος
528 2029 666 2098 πρὸς
694 2029 755 2081 τὸ
788 2027 999 2082 ἐκεῖθεν
1026 2027 1332 2099 κριτήριον.

261 2213 371 2273 σις’.
407 2206 669 2278 Μακαρία
688 2205 856 2276 ψυχὴ,
901 2206 936 2275 ἡ
977 2203 1068 2258 διὰ
1092 2203 1154 2257 τὸ
1177 2204 1420 2275 σήμερον
1450 2204 1757 2274 προσδοκᾷν

184 2300 341 2372 ἥξειν
369 2299 458 2352 τὸν
486 2300 688 2369 Κύριον
729 2299 949 2369 ἑαυτῆς,
984 2297 1154 2368 μηδὲν
1182 2297 1460 2368 ἡγουμένη
1499 2297 1637 2360 ὅλως
1666 2297 1758 2349 τὸν

188 2394 355 2446 πόνον
396 2393 496 2462 τῆς
520 2392 731 2463 ἡμέρας
761 2391 942 2461 πάσης
961 2406 974 2419 ·
1009 2391 1144 2462 μηδὲ
1166 2390 1257 2444 τὸν
1285 2390 1384 2459 τῆς
1413 2390 1624 2456 νυκτὸς,
1669 2389 1759 2444 διὰ

185 2482 251 2538 τὸ
283 2482 485 2547 εὐθέως
514 2485 608 2536 ἐπὶ
631 2484 691 2537 τὸ
724 2481 870 2554 πρωῒ
898 2482 1086 2537 τοῦτον
1115 2481 1333 2554 μέλλειν
1364 2483 1501 2553 αὐτῇ
1529 2482 1760 2553 ἐμφανί-

185 2573 400 2641 ζεσθαι.

265 2667 366 2731 σεῖ’.
401 2667 615 2731 Πάντας
655 2665 754 2739 μὲν
790 2669 894 2739 ὁρᾷ
928 2669 958 2720 ό
995 2665 1155 2730 Θεός’
1197 2665 1363 2736 όρῶσι
1396 2664 1452 2718 δὲ
1484 2664 1575 2719 τὸν
1602 2663 1756 2728 Θεὸν,

189 2761 249 2813 οἱ
289 2759 624 2830 θεωροῦντες
659 2758 826 2830 μηδὲν
862 2761 918 2812 ὲν
947 2758 1024 2829 τῷ
1056 2757 1332 2828 εὔχεσθαι.
1368 2758 1478 2812 Καὶ
1514 2758 1627 2810 ὅσοι
1661 2756 1762 2826 μὲν

186 2854 360 2925 ὁρῶσι
390 2853 478 2906 τὸν
501 2852 652 2918 Θεὸν,
682 2852 779 2906 καὶ
827 2851 1211 2906 είσακούονται
1244 2850 1378 2920 παρ’
1406 2847 1570 2903 αὑτοῦ
1593 2865 1606 2879 ο
1645 2848 1760 2902 ὅσοι

186 2947 249 3002 δὲ
277 2949 377 3000 οὐκ
403 2946 799 3010 είσακούονται,
834 2944 955 2998 οὐδὲ
996 2945 1198 3016 ὁρῶσιν
1233 2941 1416 2996 αὐτόν.
1476 2940 1762 3012 Μακάριος

184 3038 273 3104 δὲ,
351 3041 379 3091 ό
433 3039 704 3092 πιστεύων
745 3039 828 3092 ὅτι
881 3037 1134 3108 βλέπεται
1171 3034 1277 3088 ὑπὸ
1323 3033 1420 3088 τοῦ
1467 3032 1636 3086 Θεοῦ’
1699 3032 1759 3084 οὺ

189 3132 590 3203 σαλευθήσεται
641 3132 751 3203 γὰρ
806 3133 836 3186 ό
880 3132 1017 3194 ποὺς
1067 3128 1259 3193 αὐτοῦ,
1320 3126 1420 3199 τῆς
1470 3125 1762 3198 ἀρεσκείας

187 3225 403 3281 ἑκείνου
434 3225 613 3298 χάριν.

1858 2022 2110 2093 quisquis
2134 2023 2532 2089 observaverit,
2568 2022 2714 2078 haud
2751 2022 3052 2094 imparatus
3087 2025 3154 2079 ad
3183 2025 3437 2086 futurum

1851 2113 2122 2184 judicium
2141 2114 2448 2184 apparebit.

1926 2206 2052 2261 206.
2109 2206 2309 2261 Beatus
2368 2205 2610 2269 animus,
2673 2205 2880 2260 idcirco
2934 2207 3083 2276 quod
3137 2209 3436 2267 Dominum

1858 2316 2020 2354 suum
2048 2299 2212 2353 hodie
2243 2307 2535 2354 venturum
2562 2307 2876 2369 exspectat,
2909 2300 3068 2355 nihili
3097 2301 3308 2357 ducens
3347 2313 3434 2359 to-

1860 2394 1970 2448 tius
1993 2394 2102 2448 diei
2133 2393 2409 2459 laborem;
2442 2408 2506 2447 ac
2532 2393 2699 2447 etiam
2730 2393 2928 2459 noctis,
2969 2395 3115 2464 quod
3144 2395 3234 2450 ille
3250 2397 3435 2452 statim

1859 2498 2020 2538 mane
2054 2482 2404 2554 praesentiam
2438 2481 2490 2536 ei
2521 2483 2874 2538 exhibiturus
2903 2484 2994 2540 sit.
3058 2486 3060 2490 ’

1930 2669 2056 2723 207.
2109 2669 2256 2724 Deus
2308 2668 2531 2739 quidem
2582 2682 2775 2724 omnes
2825 2669 3020 2725 videt:
3062 2671 3254 2726 vident
3301 2688 3436 2729 vero

1861 2762 2034 2818 Deam
2063 2762 2157 2832 qui
2211 2763 2358 2816 inter
2388 2761 2657 2816 orandum
2689 2762 2827 2816 nihil
2861 2762 3070 2818 vident.
3100 2765 3178 2820 Ac
3208 2765 3435 2835 quidem

1860 2871 2052 2911 omnes
2087 2855 2179 2926 qui
2208 2854 2398 2910 vident
2425 2855 2620 2920 Deum,
2659 2856 2730 2911 ab
2767 2856 2860 2911 illo
2888 2873 3107 2928 quoque
3130 2859 3440 2915 exaudiun-

1861 2956 1984 3002 tur:
2019 2947 2114 3017 qui
2146 2962 2278 3001 vero
2309 2961 2421 3000 non
2449 2946 2841 3010 exaudiuntur,
2871 2962 3050 3016 neque
3078 2947 3268 3003 vident
3287 2965 3436 3006 eum.

1861 3039 2060 3094 Beatus
2095 3047 2279 3093 autem
2315 3039 2410 3108 qui
2465 3053 2524 3093 se
2573 3053 2604 3091 a
2635 3037 2748 3093 Deo
2783 3037 2959 3094 videri
2996 3039 3269 3105 credit";
3328 3057 3438 3098 non

1860 3128 2008 3182 enim
2034 3126 2469 3182 commovebitur
2498 3141 2602 3190 pes
2636 3127 2775 3198 ejus,
2813 3143 2919 3197 qua
2946 3126 3162 3183 ratione
3196 3127 3276 3183 illi
3316 3129 3439 3199 pla-

1860 3229 1988 3270 cere
2025 3214 2230 3270 studet.

267 3318 371 3391 ση’.
567 3316 717 3380 ἐντὸς
759 3315 918 3387 ἡμῶν
949 3313 1115 3384 οῦσης
1149 3311 1426 3384 βασιλείας
1463 3311 1531 3366 τά
1558 3311 1759 3380 ἀγαθὰ,

1933 3308 2059 3363 208.
2108 3307 2280 3380 Regni
2336 3307 2640 3373 caelorum,
2701 3307 2847 3378 quod
2901 3308 3046 3364 intra
3108 3326 3208 3366 nos
3268 3311 3436 3379 est“,

191 3417 223 3470 ὁ
250 3413 582 3484 φιλόκοσμος
611 3407 891 3479 ὀφθαλμὸς
919 3407 1018 3460 οὐκ
1037 3403 1167 3460 εἶδε·
1202 3406 1296 3459 καὶ
1319 3403 1455 3476 ἀκοὴ
1484 3404 1763 3475 φιλότιμος

183 3508 295 3563 οὐκ
321 3507 543 3577 ἢκουσε,
569 3505 665 3556 καὶ
700 3503 792 3556 ἐπὶ
816 3501 1042 3575 καρδίαν
1075 3498 1238 3570 κενὴν
1265 3496 1404 3550 Πνεύ
1414 3513 1581 3568 ματος
1605 3496 1761 3566 ἁγίου

186 3601 294 3654 οὐκ
327 3598 492 3669 ἀνέϐη
511 3614 526 3629 ·
550 3595 874 3668 ἀρῤαϐῶνές
913 3598 1019 3649 εἰσι
1063 3593 1172 3647 τῶν
1202 3590 1503 3662 μελλόντων
1526 3590 1762 3644 δίδοσθαι

187 3696 310 3756 τοῖς
334 3691 564 3754 δικαίοις
607 3689 828 3759 ἀγαθῶν
857 3691 913 3744 ἐν
941 3690 1008 3759 τῇ
1047 3686 1316 3758 μελλούσῃ
1351 3684 1599 3756 βασιλείᾳ
1628 3685 1764 3754 Χρι-

190 3784 326 3841 στοῦ
346 3802 361 3816 ⁸
403 3785 499 3838 καὶ
537 3785 566 3837 ό
616 3783 692 3854 μὴ
727 3784 785 3836 ἐν
813 3781 1028 3844 τούτοις
1058 3779 1300 3850 τρυφῶν,
1328 3778 1526 3842 οἵτινές
1553 3779 1688 3830 εἰσιν
1713 3777 1762 3829 οἱ

189 3878 399 3949 καρποὶ
429 3875 771 3946 Πνεῦματος,
818 3876 876 3927 ὲν
916 3871 1214 3926 ἀπολαύσει
1256 3870 1479 3924 ἐκείνων
1510 3867 1762 3938 γενέσθαι

186 3970 256 4023 οὐ
285 3967 524 4022 δύναται.

268 4060 367 4116 σθ’.
395 4062 456 4112 0i
477 4059 585 4111 τῶν
612 4056 934 4129 πρακτικῶν
967 4056 1219 4126 λογισμοὶ
1250 4055 1469 4126 ἐλάφοις
1499 4054 1762 4109 ἐοίκασιν.

197 4154 293 4217 Ὦς
330 4153 439 4223 γὰρ
467 4155 670 4206 ἐκεῖναι
715 4151 847 4203 ποτὲ
889 4150 988 4220 μὲν
1038 4149 1151 4202 ἀνω
1189 4150 1326 4201 εἰσὶν
1361 4152 1420 4202 έν
1468 4152 1581 4213 τοῖς
1612 4150 1763 4220 δρεσι

187 4246 282 4302 διὰ
319 4246 409 4298 τὸν
443 4245 604 4313 φόϐον
631 4244 739 4297 τῶν
777 4241 1052 4313 θηρατῶν,
1093 4241 1224 4295 ποτὲ
1255 4241 1312 4295 δὲ
1358 4242 1509 4296 κάτω
1551 4245 1609 4295 ὲν
1647 4244 1764 4304 ταῖς

191 4335 412 4390 κοιλάσι
467 4334 555 4387 διά
606 4333 696 4386 τὸν
755 4331 919 4384 πόθον
962 4333 1069 4384 τῶν
1112 4331 1170 4384 ὲν
1201 4331 1395 4394 αὐταῖς
1421 4347 1434 4361 ·
1487 4330 1629 4384 οὕτω
1671 4332 1764 4384 καὶ

187 4421 341 4482 οὗτοι
368 4443 382 4456 ο
416 4425 539 4478 οὔτε
567 4424 799 4478 πάντοτε
849 4426 906 4475 ὲν
940 4422 1145 4493 θεωρίᾳ
1184 4423 1526 4492 πνευματικῇ
1575 4419 1766 4474 δύναν-

190 4536 287 4572 ται
348 4513 521 4579 εἶναι,
569 4515 657 4570 διὰ
693 4516 754 4569 τὸ
791 4514 970 4568 αὐτῶν
1022 4513 1267 4578 εύτελές”
1299 4513 1424 4568 οὔτε
1479 4515 1564 4568 ἀεὶ
1610 4516 1667 4566 ἐν
1695 4516 1760 4582 τῇ

193 4612 428 4681 φυσικῇ.
448 4607 552 4662 ’διὰ
579 4608 639 4660 τὸ
673 4606 746 4678 μὴ
776 4607 874 4677 τὴν
908 4606 1216 4660 ἀνάπαυσιν
1241 4603 1459 4658 διώκειν
1503 4604 1610 4658 ἀεί.
1643 4604 1763 4656 Τῶν
1799 4637 1842 4692 D

194 4702 386 4774 μέντοι
426 4699 795 4770 θεωρητικῶν,
831 4696 1168 4769 περιπεζίων
1220 4696 1526 4767 ὑπερόπται
1557 4695 1764 4765 θεωρη-

195 4795 389 4867 μάτων
418 4792 792 4845 καθίστανται.

269 5059 358 5108 σι’.
388 5053 541 5106 Βόλοι
580 5052 679 5123 μὲν
723 5051 915 5122 δρόσου
947 5053 1042 5126 (g),
1082 5054 1187 5125 γῆς
1216 5053 1578 5126 μεθύσκουσιν
1603 5052 1771 5107 αὔλα-

268 5212 315 5245 ⁷⁹
339 5211 496 5266 Cant.
531 5229 567 5276 ι,
598 5213 682 5266 ιδ.
759 5212 807 5245 ⁸ο
833 5211 991 5266 Cant.
1024 5228 1082 5275 ιι,
1119 5213 1183 5279 1;
1214 5211 1358 5266 Psal.
1388 5226 1499 5274 cur,
1533 5210 1617 5264 16.

1718 5208 1762 5240 ⁸¹
1794 5207 1955 5263 Cant.
1987 5223 2046 5270 ιι,
2077 5206 2132 5260 '5.

191 5283 243 5315 "
277 5282 414 5336 Luc.
447 5298 576 5349 xvii,
604 5283 692 5337 21.
773 5285 817 5315 ⁸⁵
844 5283 863 5337 l
890 5282 1014 5338 Cor.
1046 5299 1080 5336 ιι
1107 5282 1160 5338 0.
1239 5282 1284 5312 ⁸⁸
1308 5281 1432 5336 Job.
1470 5295 1691 5345 xxxvul,
1723 5279 1815 5333 28.

1863 3399 2046 3457 saeculi
2069 3415 2257 3454 amans
2290 3399 2528 3466 animus,
2555 3399 2697 3454 bona
2735 3414 2846 3454 non
2875 3399 3036 3465 vidit,
3066 3409 3123 3456 et
3146 3401 3438 3459 ambitiosa

1862 3493 2010 3547 auris
2033 3507 2143 3546 non
2160 3491 2390 3557 audivit,
2420 3507 2522 3546 nec
2552 3491 2604 3544 in
2639 3505 2734 3545 cor
2764 3489 2974 3561 Spiritu
2989 3501 3180 3547 sancto
3202 3507 3436 3548 vacuum

1861 3585 2227 3641 ascenderunt
2249 3584 2316 3637 ⁸³.
2369 3583 2575 3653 Nempe
2638 3583 2980 3638 arrhabones
3037 3591 3168 3638 sunt
3218 3584 3437 3640 illorum

1863 3677 2155 3739 honorum,
2212 3692 2332 3745 qua:
2364 3675 2529 3745 justis
2572 3675 2629 3729 in
2663 3674 2852 3730 futuro
2888 3673 3096 3730 Christi
3139 3691 3308 3747 regno
3338 3675 3440 3731 tri-

1862 3764 2123 3819 buentur.
2167 3763 2264 3827 Ac,
2300 3762 2394 3832 qui
2431 3762 2486 3816 in
2526 3762 2635 3816 illis
2675 3777 2788 3817 non
2815 3761 3121 3817 delectatur
3144 3761 3261 3834 (qui
3308 3771 3440 3818 sunt

1862 3855 2074 3912 fructus
2112 3853 2371 3925 Spiritus)
2398 3870 2502 3910 nec
2525 3863 2585 3908 ut
2610 3853 2721 3910 illis
2751 3853 2967 3909 fruatur
2988 3855 3204 3926 assequi
3234 3863 3434 3926 potest.

1930 4033 2056 4090 209.
2089 4032 2402 4090 Colentium
2431 4031 2704 4088 actionem
2753 4031 3114 4103 cogitationes
3155 4032 3437 4103 animique

1864 4131 2108 4184 rationes
2136 4127 2313 4182 cervis
2359 4124 2502 4179 haud
2546 4124 2826 4180 absimiles
2884 4132 3034 4180 sunt.
3066 4123 3432 4190 Quemadmo-

1864 4222 1993 4276 dum
2019 4219 2167 4275 enim
2197 4219 2368 4284 cervi,
2408 4216 2573 4272 modo
2606 4217 2877 4271 montium
2921 4216 3213 4286 superiora
3245 4224 3438 4272 tenent

1863 4312 1935 4367 ob
1981 4320 2307 4367 venatorum
2365 4318 2607 4373 metum;
2657 4305 2819 4360 modo
2867 4304 3125 4376 depressa
3169 4305 3434 4371 vallium,

1863 4423 1976 4476 quo
2021 4406 2237 4460 illarum
2277 4399 2495 4472 pascuis
2525 4397 2802 4454 desiderio
2847 4396 3195 4464 adiciuntur;
3250 4397 3330 4454 sic
3382 4409 3440 4455 et

1865 4500 1990 4563 illae,
2019 4513 2124 4552 nec
2147 4509 2362 4565 semper
2395 4493 2451 4547 in
2484 4490 2720 4562 spiritali
2749 4489 3209 4560 contemplatione
3229 4490 3440 4546 versari

1869 4596 2120 4661 possunt,
2152 4586 2316 4658 666
2336 4584 2408 4638 ob
2437 4597 2590 4639 suam
2607 4582 2965 4648 tenuitatem;
2990 4596 3092 4637 nec
3119 4582 3172 4636 in
3204 4583 3441 4638 naturali

1870 4695 2088 4750 semper
2113 4675 2509 4748 speculatione,
2534 4671 2681 4742 quod
2709 4687 2819 4727 non
2840 4686 3058 4741 semper
3085 4673 3441 4729 refectionem

1870 4780 2118 4843 qurerant
2146 4785 2213 4823 ac
2233 4767 2495 4838 quietem.
2527 4763 2732 4818 Eorum
2765 4777 2898 4818 vero
2929 4762 3022 4833 qui
3047 4762 3272 4818 student
3303 4779 3443 4818 con-

1873 4862 2217 4935 templationi
2265 4858 2459 4924 animi,
2494 4854 2723 4912 humilia
2762 4871 2925 4913 sensa
2971 4853 3213 4927 proclive
3247 4865 3442 4912 conte-

1873 4964 2092 5103 ""3223?
2121 5045 2292 5102 Stilla:
2340 5043 2481 5101 roris
2494 5041 2542 5077 ⁸⁸
2583 5051 2745 5098 terra:
2800 5037 2980 5094 sulcos
3031 5033 3327 5092 infundunt
3377 5051 3444 5094 ac

2240 5203 2286 5236 "
2327 5202 2487 5260 Joan.
2515 5217 2627 5267 xrv,
2668 5197 2759 5254 25.
2862 5194 2908 5227 ⁸³
2936 5194 3082 5251 Psal.
3113 5210 3314 5260 xxxv",
3353 5193 3440 5250 17.

271 5406 556 5476 (ς)Βόλοι
604 5405 847 5472 δρόσου.
873 5404 1400 5476 δίογοιίοηινοιοιτιι
1458 5404 1656 5476 Lexica
1705 5419 1772 5458 ex
1878 5402 2032 5476 varia
2059 5402 2298 5458 lectione
2340 5401 2571 5469 interpr.
2617 5396 2796 5476 aﬂZert,
2848 5392 3054 5476 nullus.
3083 5389 3290 5476 probo;
3343 5404 3447 5476 nec

189 5475 365 5546 Greg.
392 5475 584 5540 citant,
621 5477 935 5546 habentque
963 5475 1148 5546 Graaca
1180 5475 1377 5540 Biblia,
1413 5475 1573 5529 stillae
1594 5476 1768 5539 roris;

194 5541 431 5628 ipsaque
483 5558 621 5613 adeo
675 5541 859 5614 Hebr.‘
889 5541 1095 5617 513*)»:
1142 5557 1199 5613 in
1251 5575 1358 5630 qua
1402 5573 1538 5630 voce
1583 5557 1760 5612 Aben.

1877 5473 2040 5528 video
2065 5489 2314 5543 quaenam
2349 5458 2837 5543 apta'metaphora.
2865 5458 3446 5543 ιιι.νρνὶε“¹ξιὶίιφ,ίιιιοά

1874 5529 2098 5614 οριὶιῐιιε¹
2116 5543 2360 5598 reddidit
2385 5529 2565 5610 'Vulgq
2596 5529 2858 5592 dicantur
2885 5532 3069 5604 gleba.
3092 5529 3247 5596 Quod
3277 5532 3446 5586 etiam

195 5645 348 5724 Esra_
383 5643 502 5724 vult
530 5658 568 5703 κ
612 5659 732 5724 esse
781 5642 1166 5724 formativum,
1198 5614 1353 5724 quasi
1397 5659 1429 5696 a
1464 5625 1659 5723 δίποδι
1706 5655 1764 5695 eo

1877 5625 2055 5682 masSa
2102 5627 2354 5683 redditur
2384 5640 2449 5679 ea
2486 5638 2611 5684 vox,
2647 5619 2816 5690 βῶλος
2848 5614 3272 5724 σιδήρουᾹΕοεῘξ·
3309 5630 3446 5680 XX".

1916 5719 1926 5724 -
1972 5709 2065 5724 Λιοι
2321 5708 2333 5724 ο
2500 5723 2512 5724 κ
2548 5706 2653 5724 --1-
2723 5701 2866 5724 ...μη
2946 5698 3065 5724 οι...
3111 5697 3142 5724 ἶζ
3176 5713 3233 5724 ’.Α
3259 5698 3326 5724 ,ΑΙ
3380 5714 3446 5724 Α..

193 5713 349 5784 quod
379 5714 536 5768 stillae
579 5715 849 5783 ejusmodi
892 5714 1142 5769 rotunda:
1179 5711 1299 5784 sint,
1336 5727 1400 5767 ac
1428 5711 1772 5784 quasi_c_onA-_

1874 5719 1934 5765 et
1971 5709 2137 5780 βῶλος
2171 5708 2395 5780 χρυσέα,
2422 5723 2523 5778 pro
2543 5706 2681 5780 sole,
2711 5701 2889 5780 Apoll.
2946 5697 3145 5752 Rhodii
3175 5697 3353 5778 schol.
3376 5714 3446 5780 ex

194 5768 424 5864 voluta.
484 5784 576 5838 Sic
609 5768 668 5837 et
723 5784 864 5864 βόλος.
895 5785 1108 5864 δρόσου,
1156 5768 1789 5864 quod_quasi_gl'o‘bt‘t'li'
1879 5768 3448 5864 Euripideénihilocongruit,"quodiurassaz.mangni_alit

195 5854 672 5926 jaciantueroce
692 5851 824 5926 satis
846 5851 1125 5926 ingeniose
1142 5851 1450 5926 eicogitata
1471 5851 1769 5926 voi¢_LXX.

123 5921 142 5982 ι
195 5921 276 5982 λι
302 5925 452 5996 quod
486 5924 637 5995 Xyst.
663 5924 867 5979 habent
898 5921 1077 5994 βῶλοι,
1116 5921 1472 5998 ςίεὸῶτονὶε,
1511 5922 1773 5993 nullaque

409 6018 682 6081 Ρλτιιοι..
736 6016 856 6080 (in.
897 6017 1028 6080 XC.

1879 5838 2305 5921 quid'ponderis
2327 5850 2417 5913 sit,
2452 5838 2738 5921 nonexile
2764 5839 3042 5921 quid._uti
3060 5838 3443 5921 ⁸δίψιοι-σείει

1881 5907 2115 5992 quarum
2148 5922 2379 5987 stillare,
2406 5907 2593 5989 spargi
2645 5907 2812 5972 este't
2839 5911 2971 5986 jaei,
3024 5908 3086 5962 τὸ
3137 5907 3425 5979 βάλλεσθαι

2935 6001 3014 6063 ιο
