4108 6446
320 372 323 375 ,
368 300 507 378 1453

1526 300 1704 382 ιω
1744 299 1846 381 Ex
1882 319 2124 382 V'A'I‘IC.
2165 322 2450 384 mm“.
3172 348 3207 367 μ.
3300 364 3303 367 λ

3477 319 3613 382 ltiti

441 429 564 481 σιθ’.
613 428 687 481 Οὑ
731 430 925 505 ταυτόν
969 431 1117 485 ἐστιν
1161 424 1242 494 οἷς
1290 431 1610 509 ἐσταυρῴθη
1654 431 1684 484 6
1711 430 1934 501 κόσμος,

2109 431 2229 487 219.
2292 434 2408 487 Non
2470 430 2615 488 idem
2659 439 2765 495 est,
2812 430 3015 501 quibus
3046 428 3285 486 mundus
3319 428 3615 483 cruciﬁxus

318 506 323 510 ’
362 523 460 573 καὶ
490 518 684 584 οῑτινες
728 518 805 593 τῷ
837 523 1027 594 κόσμῳ
1064 522 1456 594 ἐσταύρωνται.
1506 506 1631 588 Τοῖς
1670 524 1769 595 μὲν
1804 524 1933 594 γὰρ,

317 610 323 617 ’
359 607 485 684 ἧλοι
523 613 745 682 νηστεία
796 618 888 669 καὶ
932 612 1244 686 ἀγρυπνία·
1290 618 1403 682 τοῖς
1452 618 1531 681 δὲ,
1579 614 1936 690 ἀκτημοσύνη

360 707 458 758 καὶ
490 705 852 770 ἐξουδένωσις.
897 708 1017 761 Τῶν
1056 709 1113 763 δὲ
1145 709 1410 782 δευτέρων
1447 710 1635 783 χωρὶς,
1681 711 1734 764 οἱ
1785 710 1936 764 πόνοι

358 794 472 849 τῶν
506 796 795 874 προτέρων
823 786 1139 870 ἀνωφελείς.

443 894 547 941 σκ’.
592 889 668 942 Οὑ
708 890 963 961 καθαρῶς
998 876 1221 975 δύναται
1261 893 1684 965 προσεύξασθαι,
1723 895 1751 948 6
1786 893 1935 964 φιλο-

359 977 514 1051 κάλῳ
559 981 719 1036 πάθει
780 982 846 1053 (j)
895 985 991 1038 καὶ
1044 985 1314 1057 φιλοτίμῳ
1362 987 1751 1058 κρατούμενος.
1802 988 1937 1061 Περὶ

355 1071 532 1126 ταῦτα
566 1073 673 1144 γὰρ
696 1076 751 1127 αἱ
783 1070 1018 1146 σχέσεις,
1046 1078 1139 1131 καὶ
1177 1078 1227 1131 ei
1257 1078 1357 1149 τῆς
1394 1079 1755 1150 ματαιότητος
1787 1077 1934 1147 λογι-

360 1164 492 1233 σμοὶ
516 1165 616 1236 τὴν
635 1166 943 1238 οἰκειότητα
967 1164 1201 1237 ἔχοντες,
1236 1170 1443 1241 σχοινία
1468 1169 1716 1245 καθάπερ
1740 1168 1935 1241 ἐκείνῳ

357 1255 814 1326 περιπλεκόμενοι
839 1254 1094 1326 γίνονται,
1125 1262 1515 1327 κατασπῶντες
1534 1262 1609 1326 ὠς
1628 1259 1717 1318 οἵα
1744 1280 1937 1331 στρου-

358 1345 477 1399 θίον
511 1346 793 1418 δεδεμένον
828 1350 1132 1424 ἀναπτῆναι
1176 1352 1517 1425 πειρώμενον
1554 1355 1612 1409 ὲν
1640 1352 1718 1427 τῷ
1757 1356 1937 1428 καιρῷ

357 1438 460 1509 τῆς
486 1439 672 1512 εὐχῆς.

433 1535 572 1582 σκα’.
630 1529 920 1587 Ἀδύνατον
962 1534 1241 1605 εἰρηνικὸν
1277 1532 1534 1605 γενέσθαι
1578 1537 1669 1591 τὸν
1706 1538 1830 1592 νοῦν
1878 1540 1935 1593 ὲν

356 1619 520 1691 εὑχῇ,
551 1621 879 1694 ἐγκράτειαν
906 1624 1001 1680 καὶ
1028 1628 1249 1697 ἀγάπην
1294 1627 1455 1701 φίλην
1484 1629 1574 1682 τὸν
1603 1630 1679 1701 μὴ
1727 1631 1935 1702 κτησά-

2043 531 2148 586 est,
2182 533 2238 579 et
2276 528 2367 596 qui
2406 526 2613 581 mundo
2640 525 2889 582 crucifixi
2926 523 3138 580 sunt”.
3173 524 3309 579 Nam
3345 522 3454 577 illis
3487 521 3612 593 qui-

2043 612 2169 670 dem
2198 614 2337 669 clavi
2368 626 2517 680 sunt,
2550 615 2823 687 jejunium
2866 624 2923 669 et
2946 613 3183 684 vigilite;
3218 612 3309 665 his
3335 626 3490 677 vero,
3524 625 3615 665 re-

2042 725 2162 763 rum
2200 708 2474 763 abdicatio
2528 725 2592 764 ac
2649 708 2733 762 sui
2776 712 3144 776 contemptus.
3193 704 3367 758 Porro
3407 703 3615 772 absque

2042 798 2318 859 secundis,
2343 798 2589 868 priorum
2622 796 2839 851 labores
2861 795 3066 850 nullius
3092 800 3221 848 sunt
3245 792 3434 862 frugis.

2110 890 2233 945 220.
2273 891 2389 969 Non
2437 899 2614 959 potest
2644 905 2784 959 pura
2823 896 3007 942 mente
3036 902 3219 950 orare,
3256 885 3352 955 qui
3395 886 3615 955 elegan-

2043 982 2199 1038 tioris
2255 983 2439 1037 cultus
2496 983 2833 1053 honorisque
2887 982 3089 1037 affectu
3149 988 3389 1036 tenetur.
3456 978 3617 1035 Circa

2044 1075 2157 1130 haec
2185 1075 2331 1130 enim
2366 1075 2627 1130 libidines
2658 1091 2920 1145 vanzeque
2956 1074 3318 1145 cogitatiOnes
3352 1088 3476 1126 cum
3522 1086 3620 1125 ne-

2042 1166 2433 1242 cessitudincm
2456 1166 2717 1231 habeant,
2743 1168 2894 1222 velut
2917 1165 3152 1222 funiculi
3177 1166 3227 1220 ci
3257 1161 3617 1234 circumplexi

2043 1254 2201 1318 fiunt,
2234 1257 2531 1325 passerculi
2589 1256 2644 1309 in
2702 1273 2909 1311 morem
2959 1256 3314 1310 detrahentes
3370 1265 3618 1323 tempore

2041 1346 2329 1414 orationis,
2361 1348 2490 1403 dum
2531 1348 2751 1403 evolare
2777 1348 2993 1402 nititur.

2109 1539 2235 1594 221.
2265 1535 2410 1593 Fieri
2440 1554 2550 1593 non
2579 1547 2759 1609 potest
2800 1546 2861 1591 ut
2895 1552 3049 1593 mens
3069 1537 3125 1592 in
3152 1536 3401 1591 oratione
3426 1542 3616 1606 pacata

2040 1630 2133 1698 sit,
2156 1630 2262 1687 nisi
2297 1631 2692 1686 continentiam
2721 1646 2783 1686 ac
2809 1629 3162 1686 dilectionem
3196 1628 3425 1682 amicam
3469 1627 3617 1681 obti-

362 1728 546 1779 μενον.
572 1710 640 1766 Ἦ
674 1714 774 1785 μὲν
796 1715 925 1787 γάρ,
949 1716 1047 1788 τὴν
1080 1718 1223 1771 κατά
1250 1719 1349 1789 τῆς
1385 1719 1565 1790 ψυχῆς
1602 1722 1667 1775 ὲκ
1699 1720 1793 1785 τοῦ
1826 1720 1933 1775 σώ-

2042 1731 2186 1778 neat.
2247 1723 2327 1779 Ac
2369 1723 2596 1794 quidem
2655 1723 2745 1778 illa
2790 1738 2914 1792 quae.
2944 1737 3013 1777 ex
3062 1737 3294 1792 corpore
3355 1721 3619 1774 adversus

362 1806 535 1871 ματος
556 1805 757 1891 ἔχθραν
785 1787 1075 1865 καταλύειν
1095 1787 1570 1884 ἐπαγωνίζεταιονή
1587 1813 1664 1879 δὲ,
1683 1814 1783 1885 τὴν
1800 1815 1936 1887 πρὸς

2040 1814 2299 1879 animam,
2319 1814 2606 1870 inimicitia
2628 1824 2735 1879 est,
2754 1813 2939 1869 Studet
2961 1813 3293 1878 dissolvere,
3328 1812 3444 1866 hzec
3462 1828 3617 1873 vero.

358 1896 453 1950 τὸν
491 1898 716 1968 πλησίον
756 1890 842 1955 διὰ
874 1903 965 1957 τὸν
995 1905 1147 1960 Θεόν.
1185 1904 1556 1977 Κάντεῦθενή
1600 1907 1940 1979 ὑπερέχουσα

361 1989 540 2045 πάντα
567 1992 691 2046 νοῦν
712 1996 903 2067 εἰρήνη
925 1990 1284 2069 ἐπιδημοῦσα,
1303 1999 1473 2069 μονὴν
1504 2001 1777 2056 ποιεῖσθαι
1802 2002 1937 2073 πρὸς

358 2078 455 2133 τὸν
484 2082 684 2136 οὑτωσὶ
715 2087 1211 2158 κατειρηνεύσαντα
1238 2090 1619 2161 ἐπηγγείλατο.

440 2258 575 2331 ἐικβ’.
640 2258 879 2334 Ἀνάγκη
920 2263 1013 2318 τοῦ
1059 2266 1139 2329 είς
1186 2264 1464 2336 βασιλείαν
1502 2268 1636 2324 Θεοῦ
1678 2269 1938 2339 ἀγωνιζο-

365 2352 532 2429 μένου
556 2354 836 2422 εἰσελθεῖν,
866 2359 1212 2429 περισσεύειν
1232 2360 1291 2412 ὲν
1315 2346 1538 2429 ἀγαθοῖς
1567 2362 1629 2416 τὸ
1654 2358 1815 2435 ἔργον
1840 2365 1939 2436 τῆς

360 2443 709 2517 δικαιοσύνης
733 2447 930 2501 αὑτοῦ·
972 2452 1029 2502 ὲν
1072 2450 1464 2523 ὲλεημοτὺναις
1491 2454 1612 2524 μὲν,
1640 2454 1729 2509 διά
1749 2456 1848 2527 τῆς
1874 2458 1941 2510 ὲκ

359 2537 456 2589 τοῦ
496 2535 876 2610 ὑστερήματος
904 2543 1151 2614 παροχῆς
1174 2559 1189 2574 ·
1225 2544 1285 2597 ἐν
1326 2544 1513 2619 πόνοις
1532 2546 1610 2612 δὲ,
1645 2550 1757 2612 τοῖς
1797 2549 1939 2619 ὑπὲρ

358 2624 462 2696 τῆς
494 2628 741 2700 είρήνης,
777 2629 867 2684 διὰ
889 2630 983 2686 τοῦ
1016 2634 1472 2705 ἀποστερήματος
1501 2618 1575 2707 (Ιί)
1605 2637 1706 2708 τῆς
1735 2640 1794 2692 ἐν
1822 2618 1937 2694 Ku-

362 2718 469 2791 ριφ
505 2719 804 2793 ὑπομονῆς·

433 2810 574 2893 ἁκγ’.
624 2813 761 2869 Οὔτε
795 2817 824 2869 6
865 2815 1059 2884 ἐνδεῶς
1089 2820 1227 2891 πρὸς
1271 2820 1472 2891 ἀρετὴν
1505 2820 1644 2891 ἔχων
1698 2822 1787 2877 διά
1838 2824 1936 2896 τὴν

360 2898 642 2975 ἀμέλειαν,
697 2908 821 2963 οὕτε
864 2912 894 2965 6
938 2912 1207 2983 περιττῶς
1258 2912 1348 2966 διὰ
1396 2912 1495 2984 τὴν
1542 2915 1738 2986 οἴησιν,
1804 2917 1937 2971 είσω

361 2996 580 3067 λιμένος
595 2999 692 3053 τοῦ
719 3001 860 3055 κατά
891 3001 989 3074 τὴν
1026 3003 1294 3058 ἀπάθειαν
1341 3004 1742 3076 εὑρεθήσονται.
1773 3008 1935 3062 Οὐδέ-

359 3090 652 3190 τερος.γάρ
680 3091 788 3190 τῶν
811 3096 876 3190 ἐκ
907 3094 1256 3168 δικαιοσύνης
1291 3100 1352 3154 ἐν
1380 3097 1676 3153 ἀπολαύσει
1709 3101 1934 3169 γέγονεν
1962 3130 2007 3190 C

359 3180 604 3248 ἀγαθῶν,
650 3184 920 3252 μεσέτιδος
956 3187 1350 3262 εὑρισκομένης
1386 3193 1589 3261 αὑτοῖς,
1646 3192 1934 3263 ἐλλείψεως

361 3269 457 3325 καὶ
479 3273 805 3346 ὑπερϐολῆς.

434 3364 565 3421 σκδ¹.
592 3366 730 3423 Οὔτε
764 3369 795 3439 ἡ
826 3372 895 3441 γῆ
931 3373 980 3425 εἰ
1020 3372 1096 3443 μὴ
1129 3374 1532 3431 πολυπλασίονα
1584 3378 1662 3449 τῷ
1699 3380 1934 3453 γεωργῷ

360 3455 455 3510 τὸν
483 3458 646 3513 πόνον
676 3461 989 3533 χαρίσηται,
1025 3464 1257 3538 εὔπορον
1302 3470 1396 3523 καὶ
1428 3471 1648 3543 ἀνενδεῆ
1689 3475 1937 3545 ἀπεργά-

363 3564 515 3603 σεται
536 3551 721 3619 αὑτὸν,
752 3555 913 3624 μόνον
954 3554 1046 3610 τὸν
1100 3560 1303 3629 σπόρον
1348 3567 1722 3635 παρεχομένη,
1757 3565 1792 3637 ἢ
1842 3566 1936 3620 καὶ

363 3637 570 3707 μικράν
632 3657 755 3694 τινα
800 3643 1160 3718 προσθήκηνο
1224 3648 1348 3703 οὔτε
1405 3651 1483 3723 τῷ
1532 3653 1821 3725 πρακτικῷ
1874 3653 1937 3707 τὸ

362 3729 657 3801 ἀνυόμενον
685 3734 864 3805 ἔργον,
897 3737 945 3790 εί
997 3738 1071 3810 μὴ
1126 3744 1373 3813 κρεῖττον
1416 3746 1513 3816 τῆς
1560 3744 1935 3819 προαιρέσεως

359 3819 527 3873 αὑτοῦ
560 3822 594 3894 ή
633 3825 839 3897 σπουδὴ
884 3828 1159 3903 εὑρεθείη,
1215 3832 1353 3904 πρὸς
1405 3834 1499 3888 τὸν
1552 3835 1686 3890 Θεὸν
1725 3837 1935 3893 δίκαιον

360 3913 777 3984 ἀπεργάσασθαι
804 3919 1052 3977 δύναται.

431 4100 563 4148 σκε’.
595 4092 732 4149 Οὑτε
767 4098 966 4163 πάντες
1013 4103 1063 4155 oi
1099 4104 1174 4174 μὴ
1201 4105 1526 4174 ἀγαπῶντες
1573 4107 1665 4160 τὸν
1707 4108 1936 4180 πλησίον

363 4183 541 4257 μισεῖν
564 4182 851 4240 δύνανται·
901 4188 1026 4244 οὔτε
1065 4193 1114 4245 οἱ
1156 4194 1230 4266 μὴ
1273 4195 1558 4264 μισοῦντες
1586 4197 1749 4252 αὑτὸν
1795 4200 1934 4267 ἀγα-

360 4274 470 4344 πᾷν
493 4290 506 4303 ·
536 4274 630 4328 καὶ
659 4275 787 4331 ἀλλο
822 4276 922 4347 μέν
968 4281 1107 4346 ἐστι,
1148 4280 1210 4335 τὸ
1248 4283 1562 4352 βασκαίνειν
1598 4285 1806 4341 ἐκείνου
1837 4288 1938 4359 τὴν

361 4366 598 4437 ἀρετήν’
625 4366 809 4439 ἕτερον
834 4367 891 4423 δὲ
922 4369 985 4424 τὸ
1019 4370 1092 4443 μὴ
1123 4373 1371 4444 ἐμποδὼν
1392 4375 1539 4447 αὑτῷ
1586 4377 1937 4449 εὑρίσκεσθαι

2041 1918 2163 1973 qua:
2184 1903 2448 1960 adversus
2469 1904 2779 1977 proximum
2808 1913 2892 1959 est
2904 1913 3128 1976 propter
3148 1904 3341 1958 Deum.
3356 1902 3617 1973 Indeque.

2040 2010 2163 2065 qua:
2193 2011 2412 2051 omnem
2459 2012 2681 2052 sensum
2711 2010 3040 2067 exsuperat,
3074 2012 3180 2067 pax
3227 1995 3531 2051 adveniens
3549 1996 3617 2059 ω’,

2042 2086 2385 2142 mansionem
2423 2103 2482 2143 se
2512 2088 2780 2143 facturam
2812 2087 3057 2158 pollicita
3081 2096 3165 2142 est
3190 2088 3257 2151 9°,
3286 2087 3431 2158 apud
3466 2102 3616 2149 eum.

2043 2178 2135 2247 qui
2158 2193 2224 2232 eo
2248 2194 2307 2234 se
2340 2178 2522 2245 modo,
2556 2194 2763 2249 suaque
2801 2194 2935 2250 pace
2961 2179 3353 2249 composuerit.

2110 2270 2235 2324 229.
2284 2270 2519 2325 Necesse
2556 2279 2661 2336 est,
2692 2278 2753 2324 ut
2780 2272 2901 2341 ejus
2931 2269 3025 2340 qui
3080 2270 3362 2325 contendit
3410 2271 3619 2323 intrare

2043 2362 2096 2416 in
2131 2378 2359 2433 regnum
2410 2362 2594 2427 Dei“,
2646 2378 2787 2432 opus
2820 2362 2874 2416 in
2910 2362 3074 2417 bonis
3102 2362 3382 2425 abundet;
3420 2375 3619 2430 nempe

2040 2453 2094 2509 in
2127 2454 2511 2525 eleemosynis,
2540 2454 2836 2525 prazbendo
2869 2470 2936 2509 ex
2961 2469 3029 2509 eo
3055 2453 3202 2523 quod
3252 2453 3329 2508 illi
3354 2453 3508 2507 deest
3527 2453 3572 2483 ’⁸
3600 2467 3615 2503 :

2038 2547 2091 2601 in
2126 2546 2409 2601 laboribus
2432 2562 2584 2610 vero,
2630 2546 2782 2616 pacis
2809 2562 2996 2609 causa,
3049 2562 3147 2616 per
3173 2546 3295 2616 ejus
3334 2543 3617 2614 patientia:

2039 2640 2443 2694 fraudationem
2475 2656 2597 2709 quae
2624 2640 2678 2693 in
2712 2639 2946 2694 Domino
2966 2651 3071 2695 est.

2106 2816 2230 2872 225.
2258 2815 2372 2871 Νεε
2401 2815 2495 2885 qui
2523 2814 2592 2869 ad
2628 2814 2913 2879 virtutem,
2944 2830 3053 2885 qua
3088 2814 3341 2869 socordia
3375 2813 3614 2875 laborat.

2036 2909 2221 2962 minus
2246 2907 2435 2972 habet,
2460 2922 2563 2962 nec
2596 2907 2689 2977 qui
2727 2906 3003 2977 superflue
3027 2947 3041 2971 ,
3076 2923 3182 2977 qua
3230 2906 3419 2961 itidem
3470 2906 3618 2961 inani

2036 2999 2452 3054 existimatione
2502 3014 2566 3053 ac
2598 2997 2881 3068 jactantia,
2928 2999 3071 3053 intra
3106 2998 3619 3068 imperturbationis

2037 3100 2260 3160 portum
2310 3096 2585 3144 occurret.
2633 3088 2839 3143 Neuter
2882 3090 3030 3144 enim
3082 3088 3355 3143 bonorum
3391 3089 3618 3159 justitize

2036 3197 2261 3253 compos
2290 3181 2533 3245 exstitit,
2558 3180 2763 3251 quippe
2793 3194 2919 3235 cum
2953 3179 3116 3235 ambo
3151 3178 3400 3234 defectus
3425 3194 3616 3234 exces-

2036 3286 2240 3343 susque
2269 3274 2425 3343 juxta
2448 3272 2888 3328 mediocritatem
2925 3287 3034 3326 non
3068 3270 3402 3326 invenerint.

2104 3364 2229 3418 224.
2264 3364 2375 3419 Nec
2413 3370 2557 3418 terra
2583 3403 2598 3428 ,
2631 3363 2737 3417 nisi
2795 3362 3087 3432 multiplici
3138 3370 3323 3432 segete
3367 3359 3617 3432 agricolae

2034 3456 2278 3511 laborem
2311 3454 2708 3517 cumulaverit,
2745 3455 2864 3525 ejus
2889 3454 3023 3509 satis
3069 3452 3427 3523 indigentiam
3460 3450 3615 3507 leva-

2035 3550 2137 3614 bit,
2169 3564 2234 3604 ac
2258 3547 2490 3618 penuria
2509 3563 2636 3603 eum
2666 3547 2925 3603 liberabit
2958 3548 3102 3620 (qua:
3134 3548 3347 3603 scilicet
3396 3562 3617 3601 semen-

2037 3653 2169 3706 tem,
2206 3657 2305 3697 seu
2326 3641 2493 3697 etiam
2532 3641 2792 3712 exiguum
2818 3640 2953 3711 quid
3007 3640 3158 3696 illius
3198 3646 3617 3695 auctoramento

2036 3734 2388 3806 przebuerit),
2433 3736 2512 3790 sic
2565 3749 2667 3789 nec
2695 3733 2843 3804 quod
2887 3731 3270 3803 activus‘opus
3293 3731 3618 3800 facinusque

2035 3827 2290 3892 ediderit,
2334 3828 2547 3898 justum
2590 3841 2719 3881 eum
2766 3825 2913 3897 apud
2937 3826 3110 3881 Deum
3140 3824 3373 3879 reddere
3412 3828 3616 3893 potest,

2035 3921 2143 3975 nisi
2180 3921 2299 3991 ejus
2327 3921 2608 3975 voluntate
2654 3934 2720 3975 ac
2769 3918 3057 3990 proposito
3102 3917 3401 3989 diligentia
3442 3914 3616 3987 major

2037 4013 2225 4068 fuerit.

2106 4105 2232 4159 225.
2269 4104 2382 4160 Nec
2415 4119 2607 4159 omnes
2634 4104 2729 4173 qui
2760 4118 2872 4158 non
2895 4102 3137 4174 diligunt
3172 4100 3509 4171 proximum,
3539 4098 3621 4169 ip-

2038 4212 2160 4252 sum
2191 4195 2373 4252 odisse
2405 4202 2663 4265 possunt;
2713 4209 2817 4248 nec
2847 4192 2943 4263 qui
2988 4208 3102 4248 non
3145 4192 3407 4253 oderunt,
3445 4191 3615 4261 ipsam

2015 4287 2287 4358 diligere.
2339 4284 2614 4355 Aliudque
2658 4283 2825 4354 668
2852 4292 2937 4339 est
2963 4280 3212 4337 invidere
3245 4282 3367 4352 ejus
3393 4278 3615 4340 virtuti,

2040 4378 2299 4448 aliudque
2350 4392 2459 4431 non
2515 4374 2593 4429 illi
2628 4374 2923 4429 obstaculo
2957 4388 3115 4438 esse,
3163 4372 3297 4443 quin
3346 4369 3614 4442 proﬁciat.

362 4456 499 4527 πρὸς
547 4461 849 4533 προκοπήν.
907 4462 1175 4536 Ἐσχάτης
1224 4465 1281 4519 δὲ
1332 4466 1529 4531 κακίας
1578 4468 1934 4539 εὑρεθήσεται

2040 4470 2312 4524 Extrema:
2362 4483 2495 4522 vero
2549 4465 2771 4520 malitia:
2823 4464 3024 4535 gradus
3075 4464 3408 4539 invenietur,
3470 4462 3617 4533 quod

362 4616 692 4743 xx1""‘Galat.
722 4635 796 4687 vi.
836 4622 921 4675 Η.
998 4620 1044 4656 ⁸⁸
1070 4622 1308 4695 Philipp°
1356 4641 1429 4688 tv,
1475 4628 1526 4680 7.

436 4842 532 4913 (ἰ)
569 4843 631 4923 ᾯ
671 4848 980 4923 φιςλῳςάλῳ
1007 4848 1199 4904 πάθει.
1234 4849 1392 4917 Quod
1449 4852 1723 4923 φιλοκάλῳ
1753 4853 1815 4906 τὸ
1843 4871 1929 4921 φι-

360 4913 775 4998 λότιμονῃῇιιιιὲξι
797 4913 1085 4998 μαιίιιιιιε,
1115 4913 1444 4991 argumento
1460 4913 1580 4998 '_est,
1610 4913 1771 4998 sicin
1804 4913 1931 4993 par-

362 4994 470 5062 tem
518 4985 645 5062 vitii
686 4985 831 5062 illud
852 5004 1140 5062 usurpare,
1179 4985 1239 5062 ut
1281 4992 1625 5062 superﬂuum
1667 4985 1935 5049 duntaxat

362 5056 569 5137 cultum
599 5056 1036 5138 elegantiamque
1067 5056 1369 5138 signiﬁcet,
1393 5063 1553 5138 cujus
1594 5079 1748 5118 amor
1766 5063 1932 5138 etiam

364 5126 434 5179 iis
459 5126 553 5193 qui
584 5126 649 5179 ad
676 5126 1258 5196 pietatem‘exercent,
1290 5126 1577 5188 obstaculo
1625 5148 1747 5189 esse
1796 5135 1936 5188 solet

362 5196 701 5273 sublimior-is
725 5198 941 5273 volatus
964 5199 1018 5254 in
1056 5201 1339 5273 oratione;
1394 5204 1674 5273 quomodo
1714 5204 1784 5258 ab
1831 5205 1936 5259 lle-

363 5267 565 5349 sychio.
602 5265 691 5349 τὸ,
734 5268 1039 5335 φιλόκαλος,
1074 5265 1728 5349 φιλόκοσμοξεξροιιίιιιι·
1767 5290 1933 5329 :cum

362 5339 568 5407 alioqui
602 5339 674 5392 'ea
726 5352 833 5393 vox
885 5354 1234 5395 communitis
1286 5339 1445 5398 sonet
1489 5339 1545 5397 in
1588 5345 1815 5406 bonum,
1872 5359 1937 5399 ac

350 5421 466 5487 pro
498 5408 722 5487 honesti
753 5409 1005 5465 studioso
1038 5412 1369 5487 accipiatur:
1403 5414 1743 5487 quandoque
1765 5415 1933 5487 etiam

363 5476 582 5551 dicatur
614 5478 682 5533 de
705 5494 894 5534 amore
918 5476 1235 5551 corporum.
1266 5482 1358 5538 Sic
1381 5476 1669 5551 φὶλοκαλίᾶ.
1720 5485 1931 5539 Socrati

354 5546 602 5623 objecta,
642 5564 705 5603 ac
735 5550 781 5604 si
834 5546 1044 5605 dictum
1076 5552 1267 5623 fuisset
1330 5546 1711 5622 παιδεραστία.
1761 5552 1925 5623 (ἔτεα.

352 5616 448 5693 de
464 5633 675 5693 pavone
695 5622 923 5689 perinde
944 5623 1121 5693 ambo
1149 5622 1263 5676 hmo
1314 5616 1600 5693 conjunxit
1638 5616 1927 5693 φιλόκαλον

367 5688 481 5765 καὶ.
517 5688 829 5765 φιλότιμον·
885 5692 953 5746 ad
1014 5693 1313 5765 notandum
1363 5688 1562 5749 animal
1614 5688 1924 5764 pulchritu-

358 5755 779 5827 dinis'amans,
814 5777 987 5831 eaque
1027 5763 1130 5819 sibi
1171 5764 1390 5836 placens
1426 5780 1505 5835 ac.
1541 5755 1923 5828 ambitiosum;

1631 4628 1679 4658 ’°
1727 4627 1884 4683 Joan.
1926 4644 2035 4693 xw,
2064 4628 2154 4682 ‘25.

2258 4628 2305 4659 ἰ
2342 4625 2535 4680 Matth.
2583 4614 2638 4690 v,
2672 4622 2761 4678 20.
2864 4624 2910 4656 ⁹¹
2968 4624 3133 4681 Marc.
3173 4640 3269 4689 xu,
3324 4625 3422 4689 44;
3481 4624 3617 4679 Luc.

2016 4867 2100 4907 ex
2143 4865 2254 4923 quo
2282 4850 2866 4908 nlaximustransferre
2889 4852 3072 4923 potuit
3100 4851 3156 4907 in
3195 4865 3380 4905 mores
3437 4849 3619 4907 homi-

2120 4939 2170 4976 m
2179 4963 2193 4976 .

2034 4939 2193 5065 mea).
2228 4993 2350 5065 Διὰ.
2394 4991 2501 5047 τοῦ
2546 4992 3059 5065 ἀποστερήματος.
3106 4992 3329 5065 Sensus
3369 4991 3614 5053 videtur,

2014 5061 2128 5118 sic
2156 5062 2444 5118 colendam
2485 5076 2673 5132 pacem
2716 5078 2841 5117 cum
2878 5061 3148 5133 proximo,
3193 5073 3255 5118 ut
3283 5062 3403 5133 ejus
3450 5076 3615 5116 causa

2040 5148 2260 5187 omnem
2292 5133 2494 5204 ineum
2522 5133 2841 5204 patientiam
2884 5132 3269 5204 exhibeamus,
3322 5133 3482 5202 cujus
3514 5133 3617 5202 ipsi

2042 5204 2205 5258 nobis
2242 5203 2296 5257 iu
2326 5202 2550 5258 Christo
2583 5203 2664 5257 rei
2692 5218 2910 5267 sumus;
2958 5217 3230 5258 summam
3255 5202 3510 5265 scilicet,
3556 5213 3618 5256 ut

2039 5275 2197 5344 quasi
2224 5273 2498 5345 fraudatio
2531 5272 2859 5345 Christiana:
2892 5272 2975 5345 in
3012 5274 3172 5345 nobis
3200 5272 3501 5345 patientiae
3525 5275 3616 5329 sit.

2041 5342 2139 5398 seu
2162 5359 2229 5398 ex
2259 5344 2350 5425 illa
2384 5343 2725 5425 subtranctio,
2760 5342 3014 5425 quodsic
3044 5343 3099 5398 in
3135 5342 3620 5425 _i_llum_patientes

2042 5429 2252 5468 sumus.
2283 5413 2439 5469 Sicut
2478 5421 2535 5467 et
2565 5412 2841 5467 fraudatio
2872 5414 3051 5468 victus
3096 5415 3278 5469 vidua:
3310 5412 3434 5477 fuit,
3471 5414 3616 5481 quod

2024 5484 2153 5538 .duo
2185 5484 2393 5537 minuta
2415 5482 2481 5537 ad
2526 5482 2896 5537 necessarium
2925 5499 3082 5538 usum
3143 5484 3414 5548 reposita,
3446 5484 3527 5537 sic
3563 5485 3616 5537 in

2040 5554 2495 5627 gazophylacium
2534 5553 2797 5627 ‘miserit;
2859 5569 2969 5627 non
3020 5553 3317 5627 superﬂua‘
3361 5554 3613 5627 mittens.

2022 5622 2113 5679 ’ὑιί
2140 5622 2360 5696 divites,
2402 5623 2499 5677 sed
2531 5622 2597 5676 ὲκ
2638 5622 2730 5696 τοὺ
2778 5622 3152 5696 ὑστερήματος
3195 5626 3363 5696 αὐτῆς
3418 5625 3617 5689 πάντα,

2034 5695 2293 5765 quidquid
2326 5696 2377 5746 in
2418 5709 2625 5748 amunia
2665 5694 2763 5747 illa
2796 5694 3023 5765 egestate
3046 5695 3128 5749 illi
3185 5694 3511 5767 suppetebat.
