4108 6494
284 530 420 599 1457

1447 544 1624 604 ALIA
1662 543 1766 604 EX
1803 547 2040 629 VATIQ.
2081 551 2369 613 CAPl'l‘A.

3395 556 3563 625 1458.

356 646 487 719 σλβ’.
524 648 635 712 Τὰς
694 647 996 720 προσϐολὰς
1037 650 1086 702 οἱ
1133 649 1587 723 ἀποκρουόμενοι,
1615 653 1677 706 οὐ
1713 669 1849 723 συγ-

2020 655 2144 712 232.
2180 656 2285 724 Qui
2327 662 2709 731 suggestiones
2756 660 3074 733 primosque
3122 670 3305 720 motus
3352 668 3535 737 repel-

282 738 554 811 χωροῦσιν
583 738 794 795 ἔνδοθεν
826 739 923 794 τοῦ
965 740 1185 809 λογικοῦ
1220 743 1543 813 ἀμπελῶνος
1575 744 1652 808 ὡς
1688 746 1856 816 θηρία

280 832 410 896 τοὺς
442 832 738 906 λογρσμοὺς
767 829 1112 901 εἰσέρχεσθαι
1133 869 1148 894 ,
1176 832 1403 887 καὶτῶν
1428 834 1641 887 ἐκείνου
1675 835 1734 888 ὲν
1764 835 1859 888 λύ-

283 939 364 994 μῃ
391 921 747 976 καθίστασθαι
776 938 790 951 ·
820 922 871 987 οί
914 922 972 975 δὲ
1004 921 1387 986 συνδυάζονται
1412 922 1488 994 (n)
1514 924 1635 995 μὲν,
1673 924 1858 991 ἁπλῶς

279 1012 340 1064 δὲ
376 1011 720 1085 είσέρχεσθαι
748 1012 945 1078 αὐτοὺς
977 1014 1372 1086 συγχωροῦσιν,
1403 1016 1480 1087 μὴ
1502 1016 1772 1071 ἅπτεσθαι
1800 1019 1859 1073 δὲ

263 1103 513 1173 ,μηδενὸς
541 1104 652 1159 τῶν
673 1103 861 1159 αὐτῶν
896 1120 910 1136 ·
944 1106 993 1160 οἳ
1025 1106 1122 1161 καὶ
1164 1107 1340 1177 ἡδέως
1376 1109 1476 1177 μὲν
1507 1110 1859 1181 συνομιλοῦσι

282 1199 399 1262 τοῖς
425 1196 621 1252 πάθεσι
643 1197 733 1253 διὰ
763 1198 876 1253 τῶν
914 1197 1224 1270 λογισμῶν,
1257 1202 1337 1266 εἰς
1368 1202 1773 1271 συγκατάθεσιν
1801 1204 1860 1259 δὲ

286 1290 364 1362 μὴ
421 1290 731 1361 ἐρχόμενοι,
763 1290 1130 1362 ὠμοιώθησαν
1159 1294 1273 1356 τοῖς
1320 1293 1519 1348 ὲάσασι
1549 1294 1641 1348 τὸν
1673 1295 1859 1366 μονιὸν

281 1376 495 1432 ἔνδοθεν
520 1378 620 1448 μὲν
638 1377 732 1431 τοῦ
763 1378 1021 1450 φραγμοῦ
1052 1381 1337 1446 εἰσελθεῖν,
1362 1384 1420 1435 εν
1444 1383 1592 1456 κόρῳ
1619 1384 1674 1437 δὲ
1699 1386 1859 1440 αὐτὸν

281 1468 394 1522 τῶν
432 1468 529 1523 τοῦ
553 1469 879 1541 ἀμπελῶνος
909 1471 1164 1540 γενέσθαι
1199 1473 1441 1545 βοτρύων
1474 1475 1550 1545 μὴ
1578 1478 1862 1549 συγχωρή-

282 1577 445 1615 σασιν
474 1576 487 1590 ⁸
521 1556 640 1614 εἶτα
669 1556 827 1633 εὗρον
853 1562 1014 1615 αὑτὸν
1045 1562 1144 1634 τῆς
1173 1563 1383 1617 ἑαυτῶν
1404 1564 1688 1634 δυνάμεως
1712 1568 1863 1636 ισχυ-

286 1653 531 1725 ρὸτερον,
555 1653 606 1707 οί
633 1654 693 1707 ὲν
721 1652 1119 1724 συγκαταθέσει
1160 1654 1421 1720 πολλάκις
1466 1656 1657 1711 παθῶν
1707 1658 1862 1730 εὑρι-

284 1743 569 1815 σχόμενοι.

360 1836 496 1908 σλγ’.
533 1838 699 1893 Οὔπω
727 1838 963 1910 ἔφθασεν
992 1841 1071 1903 είς
1104 1839 1403 1909 ἁπλότητα,
1435 1842 1463 1894 ὀ
1500 1840 1580 1893 ἔτι
1607 1840 1861 1913 δεόμενος

287 1931 613 2002 ἐπιμελείας
663 1931 921 2004 φραγμοῦ
950 1930 1046 1985 τοῦ
1094 1933 1237 1985 κατά
1270 1931 1371 2003 τὴν
1414 1932 1762 2003 ἐγκράτειαν.
1801 1933 1860 1987 ὐ

283 2025 492 2088 τέλειος
532 2024 663 2095 γὰρ,
693 2026 881 2095 φησιν,
919 2025 1020 2077 οὐκ
1050 2023 1465 2096 ἐγκρατεύεται·
1493 2024 1636 2079 ἔοικε
1673 2024 1731 2077 δέ
1755 2042 1860 2078 τινι
1893 2004 1935 2056 Β

285 2116 467 2187 ἔχοντι
494 2115 759 2187 ἄμπελον,
789 2116 823 2189 ἢ
852 2115 1116 2187 ἄρουραν,
1144 2117 1207 2170 οὐ
1231 2117 1395 2187 μέσον
1421 2116 1630 2171 πολλῶν
1688 2115 1864 2171 ἄλλων

285 2208 628 2279 ἀμπελώνων
642 2208 737 2263 καὶ
752 2207 966 2280 χώρων,
981 2208 1097 2263 ἀλλ’
1113 2211 1171 2262 ὲν
1196 2212 1369 2282 γωνίᾳ
1386 2226 1508 2263 πουο
1528 2211 1621 2263 κα)⁵
1634 2209 1724 2263 διὰ
1743 2207 1867 2264 τοῦδ

286 2318 350 2356 το
369 2300 608 2371 δεομένῳ
634 2300 837 2371 πολλῆς
852 2300 952 2371 τῆς
975 2300 1222 2371 φυλακῆς
1254 2302 1350 2355 καὶ⁵
1374 2303 1472 2372 τῆς
1503 2301 1740 2373 νήψεως.
1756 2301 1863 2354 Τοῦ

287 2396 400 2466 γὰρ
437 2395 517 2457 είς
557 2393 838 2464 ἁπλότητα
874 2393 1206 2463 φθάσαντος,
1241 2394 1308 2449 ἐκ
1346 2394 1547 2459 παντὸς
1584 2393 1865 2462 ἀνέπαφος

288 2489 324 2559 ἡ
349 2485 592 2558 ἄμπελος
620 2484 849 2555 γίνεται,
876 2484 1139 2555 βασιλέως
1173 2485 1426 2560 καθάπερ
1458 2487 1492 2558 ἦ
1518 2504 1663 2550 τινος
1694 2486 1858 2541 ἄλλου

288 2577 866 2653 παραδυναστεύοντος
901 2576 1159 2650 φοϐεροῦ,
1199 2579 1295 2633 καὶ
1342 2580 1512 2651 μόνης
1549 2578 1613 2644 ἐξ
1668 2577 1863 2649 ἀκοῆς,

286 2673 419 2738 τούς
474 2689 537 2726 τε
590 2673 834 2735 κλέπτας
874 2671 969 2726 καὶ
1002 2670 1302 2744 παροδίτας
1344 2670 1867 2744 παρασκευάζοντος

290 2766 540 2838 φρίττειν
565 2765 667 2835 τὴν
699 2763 1068 2837 ἐπιχείρησιν.

361 2938 492 2996 σλδ¹.
518 2936 712 2992 Πολλοὶ
740 2935 841 3007 μὶν
893 2935 975 2999 είς
1009 2934 1102 2989 τὸν
1139 2934 1239 3006 τῆς
1286 2937 1654 3004 κακοπαθείας
1688 2959 1852 2997 anu-

285 3032 385 3104 ρδν
401 3027 833 3101 (ο)άνέρχονται·
861 3024 1032 3093 ὀλίγοι
1051 3024 1110 3078 δὲ
1140 3025 1267 3089 τοὺς
1292 3026 1458 3095 ἥλους
1500 3029 1666 3084 αὐτοῦ
1696 3049 1867 3087 κατα-

287 3120 538 3192 δὲχονται
567 3134 584 3151 ο
626 3115 1020 3187 πρωιρετικῆς
1051 3114 1151 3186 μὲν
1180 3115 1494 3182 εὐπειθείας
1513 3118 1691 3175 δοῦλοι
1723 3124 1868 3177 πολ-

288 3215 375 3270 λοί
409 3231 426 3247 ⁸
458 3211 822 3285 ἀπροαιρέτου
842 3196 921 3263 ¹δὲ
942 3206 1230 3279 αίσχύνης,
1270 3208 1422 3280 μόνοι
1455 3213 1505 3265 ot
1545 3213 1608 3267 τὸ
1656 3216 1864 3285 φιλότι-

290 3324 397 3381 μον
430 3304 842 3367 καταλύσαντες

366 3398 493 3455 σλε¹.
527 3399 743 3461 Πάντας
774 3395 875 3467 μὲν
909 3394 1038 3459 τοὺς
1063 3394 1427 3468 δερματίνους
1459 3396 1699 3467 χιτῶνας
1726 3400 1857 3454 πολ-

288 3492 377 3548 λοὶ
402 3489 737 3556 εξεδύσαντο·
754 3486 831 3551 ὡς
850 3485 1076 3558 ἔσχατον
1094 3485 1151 3539 δὲ
1177 3484 1268 3539 τὸν
1285 3486 1383 3559 τῆς
1407 3486 1734 3554 κενοδοξίας,
1765 3490 1863 3561 μό.

362 3630 411 3664 ⁸⁸
439 3629 581 3685 Psal.
610 3642 789 3693 uxrx,
827 3626 914 3682 l4.

1958 748 2098 812 lunt,
2134 750 2497 821 cogitationes
2523 754 2677 809 velut
2700 755 2906 810 bestias
2930 756 3072 810 intra
3101 756 3424 813 rationalem
3449 759 3533 814 vi-

1957 856 2118 897 neam
2148 842 2382 914 ingredi,
2407 845 2632 916 ejusque
2660 846 2900 917 diripere
2932 847 3144 902 fructus
3172 864 3283 903 non
3305 849 3530 905 sinunt:

1958 932 2053 1002 qui
2093 942 2276 989 autem
2313 941 2573 1005 tanquam
2607 936 2827 992 dextras
2855 936 3136 993 societatis
3160 937 3269 993 illis
3296 939 3536 1009 jungen-

1960 1034 2063 1090 tes,
2089 1026 2282 1082 sinunt
2318 1027 2552 1098 ingredi,
2579 1044 2643 1084 ea
2686 1029 2949 1086 duntaxat
2978 1031 3119 1101 lege,
3148 1046 3217 1087 ne
3245 1031 3380 1102 quid
3408 1032 3543 1099 inde

1960 1116 2064 1171 illa:
2097 1117 2451 1189 contingant;
2485 1120 2579 1190 qui
2605 1128 2663 1176 et
2687 1122 2927 1177 libenter
2952 1122 3224 1177 versando
3246 1124 3534 1195 cegitatio-

1959 1220 2078 1271 nes,
2112 1204 2261 1261 vitiis
2292 1218 2611 1263 assuescant
2649 1224 2714 1263 ac
2756 1209 3071 1275 affectibus,
3110 1226 3213 1265 nec
3245 1211 3302 1265 in
3339 1227 3534 1266 eorum

1962 1307 2141 1352 tamen
2182 1313 2511 1355 consensum
2553 1300 2808 1367 veniant;
2852 1301 3058 1356 similes
3103 1302 3211 1356 illis
3256 1312 3406 1367 sunt,
3440 1304 3541 1372 qui

1959 1388 2200 1445 admisso
2239 1391 2379 1447 intra
2414 1394 2708 1448 maceriam
2744 1394 3010 1463 singulari
3052 1393 3168 1449 fero
3196 1395 3265 1457 ⁹³,
3299 1396 3541 1450 saturari

1959 1497 2086 1536 cum
2118 1482 2291 1539 botris
2316 1500 2426 1539 non
2456 1484 2805 1554 permittant;
2839 1492 3064 1556 tumque
3091 1486 3168 1539 illi
3193 1487 3408 1542 viribus
3430 1486 3534 1540 im-

1960 1591 2144 1646 pares,
2187 1576 2336 1632 vitiis
2367 1586 2425 1633 et
2465 1577 2754 1633 affectibus
2782 1594 3066 1634 assensum
3109 1579 3355 1649 praebere
3387 1579 3537 1632 inve-

1960 1669 2204 1724 niantur.

2028 1844 2152 1898 253.
2188 1841 2431 1900 Necdum
2463 1843 2533 1898 ad
2562 1841 2971 1914 simplicitatem
3003 1840 3199 1904 evasit,
3230 1839 3324 1910 qui
3359 1839 3547 1894 adhuc

1962 1937 2213 1991 maceria:
2262 1951 2396 1991 cura
2448 1935 2676 2006 indiget,
2713 1950 2836 2005 qua;
2877 1942 2963 1988 est
3005 1932 3366 1987 continentia.
3403 1931 3545 1985 Nam

1965 2026 2061 2097 qui
2087 2026 2367 2098 perfectus
2406 2037 2510 2093 est,
2542 2028 2740 2098 inquit,
2773 2027 2820 2081 is
2847 2043 2957 2081 non
2989 2025 3279 2081 continens
3307 2032 3411 2079 est.
3443 2024 3539 2077 Est

1964 2133 2097 2172 vero
2129 2117 2324 2172 similis
2347 2117 2571 2171 habenti
2598 2117 2813 2172 vineam
2842 2132 2938 2172 seu
2965 2131 3177 2187 agrum,
3202 2132 3311 2169 non
3338 2115 3390 2169 in
3422 2130 3539 2168 me-

1966 2209 2058 2264 dio
2083 2209 2319 2264 aliorum
2353 2208 2617 2279 plurium,
2650 2209 2743 2264 sed
2776 2208 2965 2278 procul
2998 2208 3053 2262 in
3082 2208 3310 2277 angulo;
3335 2207 3541 2275 quique

1965 2301 2103 2356 adeo
2131 2301 2303 2356 multa
2343 2301 2628 2372 diligentia
2668 2300 3031 2370 pervigilique
3065 2314 3197 2353 cura
3244 2297 3309 2351 ad
3353 2304 3547 2352 custo~

1965 2392 2110 2447 diam
2155 2408 2307 2462 opus
2337 2392 2557 2447 habeat.
2612 2393 2744 2463 Ejus
2793 2392 2940 2446 enim
2988 2390 3083 2461 qui
3131 2389 3549 2459 simplicitatem.

1966 2494 2159 2541 nactus
2202 2493 2317 2544 est.
2351 2484 2530 2549 vinea,
2574 2483 2938 2553 undequaque
2987 2481 3264 2537 inaccessa
3311 2496 3375 2534 ac
3428 2488 3547 2532 tufa-

1962 2587 2079 2643 cst;
2099 2577 2251 2632 velut
2267 2576 2477 2632 scilicet
2498 2576 2641 2646 regis
2673 2584 2771 2629 aut
2793 2574 3075 2646 cujusdam
3102 2573 3327 2627 alterius
3342 2571 3539 2625 summi

1964 2667 2233 2738 principis
2256 2666 2638 2731 formidabilis,
2665 2666 2870 2736 quique
2895 2680 2963 2719 ex
3002 2665 3124 2735 ipso
3166 2662 3357 2717 auditu
3403 2660 3545 2715 furi-

1963 2760 2069 2815 bus
2093 2775 2159 2816 ac
2179 2758 2486 2814 viatoribus
2519 2768 2787 2814 terrorem
2819 2756 3047 2827 injiciat,
3079 2771 3148 2809 ne
3172 2754 3304 2825 quid
3331 2754 3387 2808 in
3419 2770 3549 2809 eam-

1966 2860 2172 2907 temere
2200 2850 2518 2905 moliantur.

2035 2943 2161 2999 254.
2188 2942 2341 2997 Multi
2370 2949 2501 2996 sunt
2523 2941 2618 3010 qui
2644 2938 3009 2995 afllictationis
3032 2953 3251 2993 crucem
3279 2951 3544 2991 conscen-

1965 3032 2131 3099 dant;
2162 3031 2324 3102 pauci
2360 3046 2493 3085 vero
2526 3030 2621 3100 qui
2649 3032 2773 3101 ejus
2814 3029 2997 3084 clavos
3025 3028 3360 3083 admittant:
3385 3026 3550 3080 multi:

1964 3125 2059 3195 qui
2087 3132 2399 3194 spontanea:
2424 3121 2755 3177 obedientia:
2780 3122 2925 3177 servi
2957 3121 3247 3184 exsistant,
3284 3119 3543 3173 involun-

1965 3216 2118 3271 tarize
2152 3223 2335 3270 autem
2367 3212 2706 3270 confusionis
2735 3229 2799 3268 ac
2827 3213 3039 3283 probri,
3076 3212 3113 3266 ii
3138 3212 3421 3275 duntaxat,
3448 3211 3548 3280 qui

1965 3304 2243 3360 ambitiosi
2281 3303 2451 3358 animi
2482 3302 2739 3358 affectum
2773 3302 3063 3357 eliserunt.

2034 3399 2160 3454 255.
2191 3397 2346 3452 Multi
2374 3395 2596 3465 quidem
2627 3396 2891 3466 pelliceas
2913 3409 3105 3449 omnes
3136 3392 3351 3448 tunicas
3373 3407 3544 3445 exue-

1973 3500 2130 3558 runt;
2178 3498 2435 3560 tanquam
2480 3498 2780 3544 extremam
2815 3504 2949 3544 vero
3001 3487 3182 3543 inanis
3222 3485 3427 3557 gloriaz,
3464 3483 3545 3543 illi

289 3747 582 3820 ἀπάθειαν,
608 3751 666 3820 et
711 3758 852 3815 quos
881 3751 1043 3820 vocat
1064 3742 1372 3820 i3_6_urra0:'f_;'
1400 3746 1495 3820 qui
1517 3754 1591 3820 et
1635 3748 1848 3820 jacten-

1966 3750 2272 3820 tabentque
2293 3747 2568 3820 Polyglot.
2594 3724 2705 3801 .Alii
2725 3747 3102 3820 communitis,
3128 3746 3302 3800 bestia:
3326 3744 3541 3820 deserti,

292 3833 389 3876 tur
439 3815 756 3889 ἐπιθυμίαις
773 3836 797 3879 ,·
840 3814 1211 3889 cupiditatibus
1230 3814 1592 3889 ,___desideriia.
1635 3814 1848 3889 'Portus
1952 3821 2032 3883 uti
2061 3814 2228 3889 etiam
2251 3814 2409 3889 SymI
2434 3814 2495 3889 iit
2527 3816 2809 3889 sitpotius
2856 3818 3418 3889 genericumunnmen
3459 3815 3542 3877 τὸ,

291 3890 465 3953 enim,
490 3887 548 3940 in
576 3900 687 3955 quo
713 3894 831 3940 tuta
857 3884 1012 3939 sit-ae
1041 3885 1341 3954 tranquilla
1369 3888 1554 3952 statio,
1584 3888 1854 3951 ἀπαθείας

295 3959 472 4031 magis
488 3956 765 4031 videatur,
797 3955 853 4009 in
876 3970 983 4031 qua
1006 3970 1116 4009 non
1148 3956 1220 4031 sit
1244 3956 1395 4031 ‘ullis
1420 3958 1620 4031 jactari
1669 3960 1855 4031 flucti:

292 4024 422 4095 bus',
454 4025 796 4097 σαλεύεσθαι,
842 4024 938 4097 sed
977 4041 1110 4095 pace
1150 4025 1259 4079 frui
1294 4042 1359 4081 ac
1398 4024 1710 4097 quiescere.
1741 4029 1857 4085 Nisi

293 4102 440 4156 forte
473 4098 578 4152 hoc
600 4096 720 4149 vult
744 4095 1031 4158 Maximus,
1070 4110 1289 4149 omnem
1319 4095 1564 4152 nostram
1594 4099 1685 4153 hic
1717 4100 1861 4152 ἀπά-

294 4172 470 4233 θειαν,
508 4166 965 4235 temperationem
998 4165 1291 4232 quamdam
1325 4181 1447 4221 esse
1480 4168 1777 4222 affectuum
1808 4177 1866 4222 et

300 4235 739 4312 μετριοπάθειαν-⁸
777 4249 1014 4304 quorum
1048 4243 1360 4312 motusnec
1381 4237 1640 4312 perfectis
1662 4238 1863 4312 desint,

297 4304 519 4379 illisque
535 4305 731 4379 jactari
751 4343 767 4366 .
793 4320 918 4379 cum
955 4314 1221 4379 tamense
1245 4304 1354 4379 illis
1384 4304 1594 4379 abduci
1634 4308 1863 4379 minime

294 4375 485 4437 sinant
502 4420 516 4442 ,
537 4375 763 4446 sintque
788 4375 935 4429 velut
963 4375 1116 4430 navis
1140 4375 1255 4445 ipsa
1281 4376 1335 4430 in
1378 4377 1619 4432 anchora
1644 4378 1864 4431 σαλευο-

301 4452 462 4519 μένη,
509 4458 627 4503 tum
657 4445 822 4519 etiam
843 4461 967 4519 cum
1015 4454 1235 4519 portum
1274 4446 1494 4519 videtur
1537 4457 1762 4503 tenere:
1804 4456 1864 4502 ut

296 4515 405 4577 nec
429 4515 562 4574 tunc
584 4531 747 4590 omne
774 4515 920 4570 absit
965 4516 1332 4590 periculum,“
1344 4518 1443 4590 sed
1479 4534 1699 4589 semper
1727 4519 1861 4590 vigi-

295 4591 412 4647 lare
442 4604 668 4645 necesse
691 4587 783 4651 sit,
813 4601 1043 4655 esseque
1068 4603 1200 4641 cura
1234 4587 1556 4644 sollicitum.

373 4660 452 4730 (τι)
503 4664 565 4714 Ol
711 4655 1177 4739 συνδυάζογται..
1198 4657 1399 4739 Addidi
1426 4658 1753 4739 particulam
1780 4659 1857 4739 δὲ..
1896 4685 1939 4739 ι)

294 4741 353 4787 et
375 4726 736 4801 sequentibus
764 4728 968 4782 mutavi
1006 4726 1062 4781 in
1084 4726 1218 4801 καί·
1261 4728 1311 4781 οί
1355 4728 1411 4781 δὲ
1426 4726 1618 4801 ’ἡδέως
1644 4744 1657 4759 ο
1684 4731 1733 4782 of.
1764 4732 1859 4783 καὶ

296 4797 489 4870 ἡδέως·
545 4798 691 4871 quod
720 4807 909 4871 aperte
942 4806 1056 4853 tota
1083 4797 1192 4853 loci
1223 4804 1505 4871 structura
1554 4800 1630 4854 ita
1658 4801 1863 4871 exigat,

295 4873 490 4941 sicque
519 4869 701 4923 onmia
730 4869 891 4941 plana
922 4877 1052 4923 sunt
1102 4877 1159 4941 et
1206 4869 1503 4941 expedita:
1544 4879 1674 4925 sunt
1717 4869 1865 4925 enim

296 4939 419 4998 inec
448 4942 559 4995 duo
610 4939 856 4994 membra
882 4953 998 5009 per
1034 4939 1295 5009 majorem
1320 4940 1747 5009 explicationem
1776 4957 1867 4995 se-

295 5010 760 5084 quentia._Por_ro
819 5007 1193 5084 saluberrima
1224 5007 1478 5064 doctrina
1516 5011 1654 5075 haec,
1712 5012 1861 5065 serio

296 5078 544 5138 cavenda
572 5080 727 5135 initia
751 5096 767 5144 ;
805 5078 1070 5151 paulatim
1089 5079 1293 5151 malum
1320 5095 1637 5151 augescere,
1659 5096 1724 5135 ac
1747 5092 1865 5137 tan-

295 5155 430 5209 dem
461 5153 577 5207 fieri
604 5148 1007 5219 insuperabile;
1050 5149 1361 5220 scitumque
1400 5148 1725 5220 exemplum
1756 5160 1861 5206 est.

296 5225 394 5277 τοῦ
424 5223 607 5293 μονιοῦ
648 5218 867 5293 αγρίου,
886 5218 1186 5293 ,εἱηθιιία-νὶε
1213 5218 1336 5290 feri,
1372 5220 1427 5273 id
1450 5218 1736 5293 esu—apri;
1765 5222 1864 5293 qui

295 5302 357 5349 et
401 5288 563 5349 nobis
589 5288 1254 5360 iride'sanglier'dicitur:
1286 5306 1486 5359 porcus
1533 5288 1745 5346 scilicet
1771 5288 1866 5346 sil-

295 5373 486 5420 vester
504 5375 561 5419 et
606 5361 913 5424 solitarius;
949 5375 1114 5429 quem
1146 5367 1333 5431 tenera
1384 5369 1542 5416 aetate
1599 5362 1866 5431 tantisper

298 5434 593 5500 cohibens;
637 5431 884 5488 adultum
919 5445 1070 5493 vero,
1095 5429 1230 5500 quin
1272 5431 1487 5486 vineam
1513 5429 1861 5497 demoliat'ur,

299 5504 448 5559 intra
473 5519 635 5573 quem
667 5500 991 5573 admiseris,_
1012 5499 1163 5553 nulla
1217 5499 1488 5573 industria
1518 5517 1865 5573 compescere

298 5571 507 5629 valeas;
537 5572 628 5627 Sic
668 5582 853 5627 autem
877 5571 1015 5641 psal.
1047 5584 1224 5636 LXXIX,
1259 5571 1348 5636 14,
1386 5571 1529 5625 idem
1558 5571 1761 5627 animal
1790 5572 1863 5626 si-

296 5643 550 5716 gniﬁcari
603 5652 833 5716 utraque
869 5641 1134 5716 versiculi
1188 5649 1365 5716 parte,
1400 5657 1631 5716 esseque
1683 5642 1864 5711 μονιδν

298 5711 495 5783 ἄγριον
523 5714 617 5783 qui
645 5712 740 5774 σῦς
770 5716 833 5765 ὲκ
863 5712 1069 5782 δρυμοῦ
1093 5711 1283 5783 multis
1308 5711 1606 5767 ostendere
1633 5722 1866 5767 conatur

298 5782 562 5840 Bcchart.
585 5783 683 5837 lib.
709 5799 786 5845 ιιι,
818 5798 938 5851 cap.
964 5783 1055 5847 29,
1079 5791 1119 5836 t.
1147 5782 1169 5836 Ι
1202 5782 1398 5836 Hister.
1437 5782 1755 5837 animalium
1775 5802 1865 5836 sa-

297 5871 409 5909 cra:
435 5852 742 5925 Scriptura}.
774 5852 866 5925 Sic
891 5862 1041 5925 certe
1070 5852 1295 5925 otLXX
1326 5867 1612 5925 accepere,
1632 5854 1704 5908 ita
1734 5855 1861 5925 red-

298 5923 509 5995 dendo,
545 5922 647 5995 etsi
664 5922 899 5995 Cyrillus
931 5923 1049 5995 ὄνον
1110 5923 1302 5995 ἄγριον
1351 5922 1538 5995 habet,
1578 5925 1659 5995 uti
1697 5924 1861 5977 etiam

301 5940 509 5987 denuo,
545 5940 704 5979 etsw
728 5940 899 5977 'l’lllUS
931 5940 1049 5975 ovov
1110 5940 1302 5995 αγριον
1352 5940 1538 5980 nauci.
1578 5940 1659 5978 nu
1697 5940 1859 5977 etiam

301 5994 519 6050 monuit
538 5940 813 6067 llesyciii”
829 6008 937 6064 quo
959 5993 1124 6052 etiam
1143 5993 1859 6066 modoreddiditArabicus,

1957 3901 2032 3950 ττι
2076 3886 2394 3959 significans
2426 3888 2696 3959 bestiam,
2728 3886 2892 3956 quam
2942 3898 3107 3943 certa:
3141 3886 3377 3959 alicujus
3424 3897 3546 3959 Spe-

1962 3960 2085 4015 ciei.
2129 3955 2343 4015 'Chald.
2404 3956 2593 4015 Gallus
2630 3955 2886 4012 silvester.
2936 3960 3002 4014 R.
3038 3958 3229 4019 David,
3286 3955 3423 4026 fera,
3473 3955 3547 4009 Ii.

1965 4030 2172 4106 salem.
2204 4028 2633 4106 1-9μιιὶέςε;.Αῒ)εξιιἱ
2669 4029 2825 4091 Esra,
2860 4046 3004 4106 aues,
3045 4027 3316 4106 uolatilia.
3357 4026 3544 4106 Longe

1968 4100 2128 4153 aliter
2196 4097 2458 4161 oi'LXX,
2520 4098 2658 4168 psal.
2701 4114 2843 4168 ms,
2896 4099 2986 4164 Η,
3036 4099 3305 4168 ὡραιότης
3343 4097 3540 4168 ἀγροῦ,

1969 4170 2164 4240 species
2194 4171 2348 4240 agri;
2391 4184 2528 4240 cum
2552 4166 2676 4240 sint,
2706 4167 2911 4222 eaedem
2947 4166 3113 4223 voces
3152 4167 3454 4240 Hebr-nicas,
3487 4178 3545 4220 et

1972 4236 2146 4294 series
2176 4236 2360 4293 omnis
2415 4237 2484 4293 de
2517 4236 2711 4291 bestiis
2742 4241 2796 4308 in
2826 4254 3029 4308 genere
3068 4254 3166 4293 seu
3201 4236 3547 4308 animalibus

1971 4308 2338 4389 silvestribus,
2373 4317 2565 4377 poscat
2590 4307 2810 4389 exponi.
2836 4306 2989 4389 ’βεδε
3016 4323 3151 4389 vero
3184 4306 3371 4389 dicere
3421 4321 3546 4375 spe-

1972 4379 2117 4433 ciem
2143 4395 2242 4434 seu
2268 4376 2525 4432 ornatum
2552 4376 2689 4446 agri,
2719 4393 2814 4431 seu
2840 4377 3066 4442 deserti,
3092 4377 3147 4431 id
3179 4376 3336 4430 valde
3364 4391 3544 4429 remo-

1971 4458 2112 4513 tum,
2155 4464 2220 4504 ac
2268 4450 2431 4519 plane
2484 4446 2825 4519 mnigmatice
2877 4448 3087 4503 dictum
3124 4447 3314 4519 videri;
3344 4446 3541 4516 possit.

1971 4518 2159 4590 Schol.
2209 4517 2288 4574 ex
2313 4518 2463 4590 Sym.
2490 4517 2631 4590 psal.
2664 4518 2759 4573 illo
2789 4534 2964 4590 txxix,
2996 4520 3118 4590 ζῶα
3149 4517 3405 4590 ἐρημίας,
3432 4533 3539 4590 non

1970 4589 2111 4645 bene
2158 4586 2401 4645 refertur
2446 4586 2505 4643 iri
2532 4588 2684 4660 Syxt.
2742 4588 2810 4660 ad
2842 4606 3031 4660 vocem
3069 4586 3192 4653 σῦς’
3217 4586 3281 4641 ἔκ
3310 4586 3539 4659 δρυμοῦ,

1969 4676 2076 4730 qua
2114 4669 2263 4715 certa
2316 4660 2534 4730 species
2572 4659 2825 4730 animalis
2855 4659 2930 4730 in
2985 4660 3173 4715 Graeco
3223 4660 3437 4730 pariter
3478 4674 3545 4711 ae

1969 4730 2136 4786 llebr.
2171 4730 2486 4795 denotatur,
2524 4729 2641 4799 ipsa
2673 4729 2996 4797 notissima;
3032 4731 3127 4785 sed
3169 4729 3237 4784 ad
3285 4735 3537 4798 sequent.

1971 4802 2151 4870 μονιδς
2200 4802 2411 4870 ἄγριος,
2443 4800 2532 4854 cui
2567 4800 2869 4869 respondet
2902 4802 2956 4855 in
2999 4801 3168 4855 Hebr.
3198 4815 3301 4853 vox
3340 4800 3429 4852 illa
3463 4799 3543 4851 sic

1969 4871 2092 4927 lata:
2118 4870 2562 4941 significationis,
2589 4878 2645 4941 et
2674 4886 2796 4941 qua:
2817 4887 2981 4925 omne
3008 4871 3210 4924 animal
3233 4870 3535 4940 signiﬁcet;

1967 4940 2222 5012 idemque
2255 4940 2416 5012 sit‘ac
2438 4940 2641 4996 Grmcis
2672 4940 2967 5012 κνώδαλον.

2040 5008 2253 5084 (oi-Td?
2279 5008 2388 5077 τῆς
2417 5011 2819 5084 κακοπαᾷεζας
2869 5010 3151 5076 σταυρόν.
3181 5009 3296 5065 Vox
3336 5009 3537 5080 passim

1970 5081 2519 5152 Tb‘eologisrecepta
2547 5096 2647 5151 pro
2678 5081 2865 5135 labore
2908 5089 3104 5152 sponte
3154 5089 3439 5152 assumpto
3484 5088 3541 5133 et

1968 5153 2154 5232 carnis
2178 5151 2569 5232 amictatione;
2597 5152 2796 5232 innquo
2839 5151 2997 5204 multi
3032 5166 3172 5232 pene
3217 5151 3388 5215 avidi,
3413 5166 3537 5205 cum
3584 5200 3587 5203 λ

1969 5224 2025 5277 in
2061 5221 2322 5277 immissis
2352 5237 2382 5275 a
2412 5222 2521 5277 Deo
2552 5221 2731 5285 malis,
2765 5236 2906 5289 aagre
2938 5221 3258 5290 patientiam
3292 5229 3535 5287 teneant;

1970 5293 2136 5375 idque
2157 5292 2663 5375 .lll-aximusuargute
2705 5298 2874 5375 'vocat
2922 5292 3291 5373 κακοπαθείας
3324 5291 3537 5356 clavos;

1967 5360 2062 5433 qui
2095 5362 2326 5442 scilicet,
2357 5360 2593 5442 velimus
2630 5360 2888 5442 nolimus,
2915 5377 2979 5442 ac
3025 5363 3298 5442 exteriore
3321 5369 3538 5442 agente,

1968 5432 2122 5488 cruci
2147 5432 2388 5502 affigunt.
2440 5432 2647 5502 Horum
2684 5432 2973 5485 tolerantia
3016 5432 3279 5502 probazur
3323 5432 3539 5502 virtus;

1968 5500 2280 5573 frustraque
2331 5503 2449 5572 ejus
2501 5501 2723 5555 nomine
2766 5506 2897 5573 quis
2932 5500 3200 5572 gloriatur
3223 5501 3377 5565 ἐκτὸς
3423 5500 3536 5553 θλί-

1965 5574 2130 5643 ψεως,
2187 5571 2288 5627 nisi
2320 5571 2615 5643 aerumnam
2662 5571 2912 5643 malaque
2953 5589 3178 5642 passus;
3228 5573 3306 5626 uti
3350 5580 3545 5643 auctor

1966 5640 2052 5699 est
2081 5644 2294 5699 Marcus
2316 5640 2651 5713 e_remita_De
2701 5640 3019 5713 legc‘spir‘it.
3061 5658 3109 5698 c.
3162 5643 3252 5709 66,
3286 5642 3380 5697 ubi
3430 5643 3543 5712 jam

1966 5716 2200 5777 dixerat,
2223 5730 2273 5768 c.
2301 5711 2389 5776 56,
2424 5710 2694 5783 σύμϐασιν
2710 5710 2997 5783 ὀδυνηρὰν,
3028 5731 3212 5768 casum
3236 5710 3541 5773 molestam,

1966 5786 2061 5840 Dei
2098 5783 2419 5839 memoriam
2471 5782 2748 5852 praebere;
2782 5782 2970 5849 et’57,
3017 5801 3238 5840 onmem
3289 5784 3543 5838 ἀκούσιον

1965 5856 2147 5909 πόνον.
2200 5852 2306 5910 Ubi
2354 5852 2733 5925 abstergendae
2765 5854 2967 5926 Obsop.
3005 5855 3223 5923 sordes,
3253 5855 3299 5911 si
3347 5854 3540 5911 charta

1969 5928 2157 5981 ferret.
2184 5932 2240 5981 et
2268 5924 2444 5980 locus.

1989 5937 2157 5985 erret,
2184 5932 2240 5981 et
2268 5932 2444 5980 locus.
