  <div class='ocr_page' id='page_1' title='image "/cluster/home/n/w/nwhite01/storage/ocr_20150623/90/hvd.32044019208016/738.png"; bbox 0 0 4012 6472; ppageno 0'>
   <div class='ocr_carea' id='block_1_1' title="bbox 216 460 353 528">
    <p class='ocr_par' dir='ltr' id='par_1_1' title="bbox 216 460 353 528">
     <span class='ocr_line' id='line_1_1' title="bbox 216 460 353 528; baseline -0.007 -1"><span class='ocrx_word' id='word_1_1' title='bbox 216 460 353 528; x_wconf 76' lang='grc'>1461</span> 
     </span>
    </p>
   </div>
   <div class='ocr_carea' id='block_1_2' title="bbox 1293 469 2365 555">
    <p class='ocr_par' dir='ltr' id='par_1_2' title="bbox 1293 469 2365 555">
     <span class='ocr_line' id='line_1_2' title="bbox 1293 469 2365 555; baseline 0 -24"><span class='ocrx_word' id='word_1_2' title='bbox 1293 470 1394 531; x_wconf 77' lang='lat' dir='ltr'><strong>EX</strong></span> <span class='ocrx_word' id='word_1_3' title='bbox 1428 470 1672 531; x_wconf 80' lang='lat' dir='ltr'><strong>OPERE</strong></span> <span class='ocrx_word' id='word_1_4' title='bbox 1703 469 1897 555; x_wconf 75' lang='lat' dir='ltr'><strong>LXIII</strong></span> <span class='ocrx_word' id='word_1_5' title='bbox 1933 471 2365 531; x_wconf 72' lang='lat' dir='ltr'><strong>DUBIORUM.</strong></span> 
     </span>
    </p>
   </div>
   <div class='ocr_carea' id='block_1_3' title="bbox 3322 467 3475 534">
    <p class='ocr_par' dir='ltr' id='par_1_3' title="bbox 3322 467 3475 534">
     <span class='ocr_line' id='line_1_3' title="bbox 3322 467 3475 534; baseline 0.013 -2"><span class='ocrx_word' id='word_1_6' title='bbox 3322 467 3475 534; x_wconf 63' lang='lat'><strong>“62&#39;.</strong></span> 
     </span>
    </p>
   </div>
   <div class='ocr_carea' id='block_1_4' title="bbox 217 578 1798 655">
    <p class='ocr_par' dir='ltr' id='par_1_4' title="bbox 217 578 1787 655">
     <span class='ocr_line' id='line_1_4' title="bbox 217 578 1787 655; baseline 0.003 -24"><span class='ocrx_word' id='word_1_7' title='bbox 217 578 594 650; x_wconf 75' lang='grc' dir='ltr'><strong>ἀποφράττειν</strong></span> <span class='ocrx_word' id='word_1_8' title='bbox 644 580 733 634; x_wconf 80' lang='grc' dir='ltr'>τὸν</span> <span class='ocrx_word' id='word_1_9' title='bbox 776 579 1077 653; x_wconf 77' lang='grc' dir='ltr'><strong>ἀμπελῶνα</strong></span> <span class='ocrx_word' id='word_1_10' title='bbox 1107 582 1296 649; x_wconf 82' lang='grc' dir='ltr'>αὑτοῦ,</span> <span class='ocrx_word' id='word_1_11' title='bbox 1326 585 1422 638; x_wconf 80' lang='grc' dir='ltr'>καὶ</span> <span class='ocrx_word' id='word_1_12' title='bbox 1484 585 1787 655; x_wconf 82' lang='grc' dir='ltr'>συγχωρεῖν</span> 
     </span>
    </p>
   </div>
   <div class='ocr_carea' id='block_1_5' title="bbox 1898 578 3463 655">
    <p class='ocr_par' dir='ltr' id='par_1_5' title="bbox 1898 580 3463 653">
     <span class='ocr_line' id='line_1_5' title="bbox 1898 580 3463 653; baseline -0.001 -15"><span class='ocrx_word' id='word_1_13' title='bbox 1898 582 2086 639; x_wconf 82' lang='lat' dir='ltr'><strong>febrim</strong></span> <span class='ocrx_word' id='word_1_14' title='bbox 2129 584 2431 639; x_wconf 82' lang='lat' dir='ltr'><strong>accendant</strong></span> <span class='ocrx_word' id='word_1_15' title='bbox 2474 603 2488 640; x_wconf 90' lang='lat'><strong>:</strong></span> <span class='ocrx_word' id='word_1_16' title='bbox 2526 583 2614 640; x_wconf 85' lang='lat' dir='ltr'><strong>vel</strong></span> <span class='ocrx_word' id='word_1_17' title='bbox 2660 584 2875 638; x_wconf 80' lang='lat' dir='ltr'><strong>vineam</strong></span> <span class='ocrx_word' id='word_1_18' title='bbox 2918 580 3153 637; x_wconf 83' lang='lat' dir='ltr'><strong>macerie</strong></span> <span class='ocrx_word' id='word_1_19' title='bbox 3195 591 3463 653; x_wconf 86' lang='lat' dir='ltr'><strong>seploque</strong></span> 
     </span>
    </p>
   </div>
   <div class='ocr_carea' id='block_1_6' title="bbox 218 672 1798 746">
    <p class='ocr_par' dir='ltr' id='par_1_6' title="bbox 218 672 1791 746">
     <span class='ocr_line' id='line_1_6' title="bbox 218 672 1791 746; baseline 0.001 -21"><span class='ocrx_word' id='word_1_20' title='bbox 218 672 566 744; x_wconf 72' lang='lat' dir='ltr'><strong>eldépxeoOat</strong></span> <span class='ocrx_word' id='word_1_21' title='bbox 591 672 686 727; x_wconf 78' lang='grc' dir='ltr'>σὺν</span> <span class='ocrx_word' id='word_1_22' title='bbox 708 676 828 738; x_wconf 85' lang='grc' dir='ltr'>ταῖς</span> <span class='ocrx_word' id='word_1_23' title='bbox 843 674 1074 739; x_wconf 92' lang='grc' dir='ltr'>ἐννοίαις</span> <span class='ocrx_word' id='word_1_24' title='bbox 1096 678 1217 739; x_wconf 84' lang='grc' dir='ltr'>ταῖς</span> <span class='ocrx_word' id='word_1_25' title='bbox 1237 675 1486 743; x_wconf 74' lang='grc' dir='ltr'>ἀγαθαῖς,</span> <span class='ocrx_word' id='word_1_26' title='bbox 1507 675 1583 739; x_wconf 82' lang='grc' dir='ltr'>ὡς</span> <span class='ocrx_word' id='word_1_27' title='bbox 1608 674 1791 746; x_wconf 75' lang='grc' dir='ltr'>μονιὺν</span> 
     </span>
    </p>
   </div>
   <div class='ocr_carea' id='block_1_7' title="bbox 1898 672 3461 746">
    <p class='ocr_par' dir='ltr' id='par_1_7' title="bbox 1898 674 3461 746">
     <span class='ocr_line' id='line_1_7' title="bbox 1898 674 3461 746; baseline -0.003 -15"><span class='ocrx_word' id='word_1_28' title='bbox 1898 676 2195 739; x_wconf 79' lang='lat' dir='ltr'><strong>obstruere,</strong></span> <span class='ocrx_word' id='word_1_29' title='bbox 2230 691 2295 730; x_wconf 90' lang='lat' dir='ltr'><strong>ac</strong></span> <span class='ocrx_word' id='word_1_30' title='bbox 2327 676 2531 741; x_wconf 85' lang='lat' dir='ltr'><strong>sinere,</strong></span> <span class='ocrx_word' id='word_1_31' title='bbox 2561 684 2623 730; x_wconf 91' lang='lat' dir='ltr'><strong>ut</strong></span> <span class='ocrx_word' id='word_1_32' title='bbox 2656 691 2763 731; x_wconf 89' lang='lat' dir='ltr'><strong>una</strong></span> <span class='ocrx_word' id='word_1_33' title='bbox 2804 689 2930 730; x_wconf 89' lang='lat' dir='ltr'><strong>cum</strong></span> <span class='ocrx_word' id='word_1_34' title='bbox 2976 674 3140 729; x_wconf 81' lang='lat' dir='ltr'><strong>bonis</strong></span> <span class='ocrx_word' id='word_1_35' title='bbox 3168 674 3461 746; x_wconf 54' lang='lat' dir='ltr'><strong>cogitatio.</strong></span> 
     </span>
    </p>
   </div>
   <div class='ocr_carea' id='block_1_8' title="bbox 218 764 1791 839">
    <p class='ocr_par' dir='ltr' id='par_1_8' title="bbox 218 764 1791 839">
     <span class='ocr_line' id='line_1_8' title="bbox 218 764 1791 839; baseline 0.001 -20"><span class='ocrx_word' id='word_1_36' title='bbox 218 764 415 834; x_wconf 85' lang='grc' dir='ltr'>ἄγριον</span> <span class='ocrx_word' id='word_1_37' title='bbox 470 764 533 818; x_wconf 82' lang='grc' dir='ltr'>τὸ</span> <span class='ocrx_word' id='word_1_38' title='bbox 577 766 836 836; x_wconf 85' lang='grc' dir='ltr'>φρόνημα</span> <span class='ocrx_word' id='word_1_39' title='bbox 867 767 967 839; x_wconf 83' lang='grc' dir='ltr'>τῆς</span> <span class='ocrx_word' id='word_1_40' title='bbox 994 768 1219 839; x_wconf 81' lang='grc' dir='ltr'>σαρκὸς,</span> <span class='ocrx_word' id='word_1_41' title='bbox 1257 767 1335 831; x_wconf 85' lang='grc' dir='ltr'>ὠς</span> <span class='ocrx_word' id='word_1_42' title='bbox 1366 768 1643 838; x_wconf 83' lang='grc' dir='ltr'>σταφυλὰς</span> <span class='ocrx_word' id='word_1_43' title='bbox 1672 768 1791 821; x_wconf 88' lang='grc' dir='ltr'>δια·</span> 
     </span>
    </p>
   </div>
   <div class='ocr_carea' id='block_1_9' title="bbox 218 852 1789 933">
    <p class='ocr_par' dir='ltr' id='par_1_9' title="bbox 218 852 1789 933">
     <span class='ocr_line' id='line_1_9' title="bbox 218 852 1789 933; baseline 0.003 -24"><span class='ocrx_word' id='word_1_44' title='bbox 218 856 536 911; x_wconf 75' lang='grc' dir='ltr'>ϐόσκεσθαι.</span> <span class='ocrx_word' id='word_1_45' title='bbox 575 852 670 922; x_wconf 72' lang='grc' dir='ltr'><strong>Οἷς</strong></span> <span class='ocrx_word' id='word_1_46' title='bbox 702 858 764 912; x_wconf 81' lang='grc' dir='ltr'>οὐ</span> <span class='ocrx_word' id='word_1_47' title='bbox 794 853 1075 913; x_wconf 71' lang='grc' dir='ltr'>πείθεσθαι</span> <span class='ocrx_word' id='word_1_48' title='bbox 1120 859 1249 933; x_wconf 85' lang='grc' dir='ltr'>χρὴ,</span> <span class='ocrx_word' id='word_1_49' title='bbox 1282 860 1401 915; x_wconf 80' lang='grc' dir='ltr'>οὐδὲ</span> <span class='ocrx_word' id='word_1_50' title='bbox 1450 863 1571 926; x_wconf 81' lang='grc' dir='ltr'>ταῖς</span> <span class='ocrx_word' id='word_1_51' title='bbox 1628 858 1789 914; x_wconf 79' lang='grc' dir='ltr'>ἀκαί-</span> 
     </span>
    </p>
   </div>
   <div class='ocr_carea' id='block_1_10' title="bbox 221 950 1787 1024">
    <p class='ocr_par' dir='ltr' id='par_1_10' title="bbox 221 950 1787 1024">
     <span class='ocr_line' id='line_1_10' title="bbox 221 950 1787 1024; baseline 0 -21"><span class='ocrx_word' id='word_1_52' title='bbox 221 966 337 1019; x_wconf 89' lang='grc' dir='ltr'>ροις</span> <span class='ocrx_word' id='word_1_53' title='bbox 358 950 704 1021; x_wconf 82' lang='grc' dir='ltr'><strong>κάμπτεσθαι</strong></span> <span class='ocrx_word' id='word_1_54' title='bbox 727 951 1039 1014; x_wconf 79' lang='grc' dir='ltr'><strong>κολακείαις</strong></span> <span class='ocrx_word' id='word_1_55' title='bbox 1055 951 1358 1024; x_wconf 83' lang='grc' dir='ltr'>ἀνθρώπων</span> <span class='ocrx_word' id='word_1_56' title='bbox 1380 969 1440 1005; x_wconf 89' lang='grc' dir='ltr'><strong>τε</strong></span> <span class='ocrx_word' id='word_1_57' title='bbox 1460 952 1554 1008; x_wconf 80' lang='grc' dir='ltr'>καὶ</span> <span class='ocrx_word' id='word_1_58' title='bbox 1579 950 1787 1006; x_wconf 73' lang='grc' dir='ltr'>παθῶνο</span> 
     </span>
    </p>
   </div>
   <div class='ocr_carea' id='block_1_11' title="bbox 219 1041 1785 1118">
    <p class='ocr_par' dir='ltr' id='par_1_11' title="bbox 219 1041 1785 1118">
     <span class='ocr_line' id='line_1_11' title="bbox 219 1041 1785 1118; baseline 0.002 -24"><span class='ocrx_word' id='word_1_59' title='bbox 219 1041 560 1114; x_wconf 74' lang='grc' dir='ltr'><strong>κατακυροῦν</strong></span> <span class='ocrx_word' id='word_1_60' title='bbox 604 1042 662 1096; x_wconf 88' lang='grc' dir='ltr'><strong>δέ</strong></span> <span class='ocrx_word' id='word_1_61' title='bbox 720 1042 813 1096; x_wconf 83' lang='grc' dir='ltr'>τὸν</span> <span class='ocrx_word' id='word_1_62' title='bbox 870 1044 1122 1115; x_wconf 81' lang='grc' dir='ltr'>φραγμὸν</span> <span class='ocrx_word' id='word_1_63' title='bbox 1168 1045 1238 1099; x_wconf 88' lang='grc' dir='ltr'><strong>δι’</strong></span> <span class='ocrx_word' id='word_1_64' title='bbox 1295 1044 1645 1118; x_wconf 81' lang='grc' dir='ltr'><strong>ἐγκρατείας,</strong></span> <span class='ocrx_word' id='word_1_65' title='bbox 1681 1045 1785 1108; x_wconf 77' lang='grc' dir='ltr'>ἕως</span> 
     </span>
    </p>
   </div>
   <div class='ocr_carea' id='block_1_12' title="bbox 217 1134 1785 1209">
    <p class='ocr_par' dir='ltr' id='par_1_12' title="bbox 217 1134 1785 1209">
     <span class='ocr_line' id='line_1_12' title="bbox 217 1134 1785 1209; baseline 0.003 -23"><span class='ocrx_word' id='word_1_66' title='bbox 217 1134 534 1188; x_wconf 74' lang='grc' dir='ltr'>παύσωνται</span> <span class='ocrx_word' id='word_1_67' title='bbox 579 1134 634 1188; x_wconf 76' lang='grc' dir='ltr'>οῖ</span> <span class='ocrx_word' id='word_1_68' title='bbox 675 1151 737 1187; x_wconf 87' lang='grc' dir='ltr'><strong>τε</strong></span> <span class='ocrx_word' id='word_1_69' title='bbox 780 1134 966 1208; x_wconf 84' lang='grc' dir='ltr'>θῆρες,</span> <span class='ocrx_word' id='word_1_70' title='bbox 998 1135 1069 1191; x_wconf 80' lang='grc' dir='ltr'><strong>τὰ</strong></span> <span class='ocrx_word' id='word_1_71' title='bbox 1122 1138 1365 1209; x_wconf 84' lang='grc' dir='ltr'>σαρκικὰ</span> <span class='ocrx_word' id='word_1_72' title='bbox 1410 1138 1579 1209; x_wconf 81' lang='grc' dir='ltr'>πάθη,</span> <span class='ocrx_word' id='word_1_73' title='bbox 1609 1137 1785 1209; x_wconf 82' lang='grc' dir='ltr'>ὠρύε-</span> 
     </span>
    </p>
   </div>
   <div class='ocr_carea' id='block_1_13' title="bbox 220 1224 1786 1302">
    <p class='ocr_par' dir='ltr' id='par_1_13' title="bbox 220 1224 1786 1302">
     <span class='ocr_line' id='line_1_13' title="bbox 220 1224 1786 1302; baseline 0.004 -23"><span class='ocrx_word' id='word_1_74' title='bbox 220 1224 367 1293; x_wconf 85' lang='grc' dir='ltr'>σθαι,</span> <span class='ocrx_word' id='word_1_75' title='bbox 407 1228 501 1280; x_wconf 77' lang='grc' dir='ltr'>καὶ</span> <span class='ocrx_word' id='word_1_76' title='bbox 528 1226 605 1291; x_wconf 85' lang='grc' dir='ltr'>ὡς</span> <span class='ocrx_word' id='word_1_77' title='bbox 626 1230 849 1284; x_wconf 80' lang='grc' dir='ltr'>πετεινὰ</span> <span class='ocrx_word' id='word_1_78' title='bbox 879 1229 929 1283; x_wconf 89' lang='grc' dir='ltr'><strong>οί</strong></span> <span class='ocrx_word' id='word_1_79' title='bbox 953 1230 1175 1301; x_wconf 85' lang='grc' dir='ltr'>μάταιοι</span> <span class='ocrx_word' id='word_1_80' title='bbox 1199 1231 1474 1301; x_wconf 77' lang='grc' dir='ltr'>λογισμοὶ,</span> <span class='ocrx_word' id='word_1_81' title='bbox 1506 1231 1582 1302; x_wconf 80' lang='grc' dir='ltr'>μὴ</span> <span class='ocrx_word' id='word_1_82' title='bbox 1612 1247 1786 1286; x_wconf 86' lang='grc' dir='ltr'>κατα-</span> 
     </span>
    </p>
   </div>
   <div class='ocr_carea' id='block_1_14' title="bbox 218 1318 1786 1396">
    <p class='ocr_par' dir='ltr' id='par_1_14' title="bbox 218 1318 1786 1396">
     <span class='ocr_line' id='line_1_14' title="bbox 218 1318 1786 1396; baseline 0.005 -26"><span class='ocrx_word' id='word_1_83' title='bbox 218 1318 428 1372; x_wconf 75' lang='grc' dir='ltr'>ϐαίνειν</span> <span class='ocrx_word' id='word_1_84' title='bbox 456 1319 835 1390; x_wconf 77' lang='grc' dir='ltr'><strong>λυμαίνεσθαι,</strong></span> <span class='ocrx_word' id='word_1_85' title='bbox 857 1320 956 1394; x_wconf 77' lang='grc' dir='ltr'>τὴν</span> <span class='ocrx_word' id='word_1_86' title='bbox 983 1322 1059 1387; x_wconf 81' lang='grc' dir='ltr'><strong>ὡς</strong></span> <span class='ocrx_word' id='word_1_87' title='bbox 1085 1322 1331 1395; x_wconf 80' lang='grc' dir='ltr'><strong>ἄμπελον</strong></span> <span class='ocrx_word' id='word_1_88' title='bbox 1377 1323 1786 1396; x_wconf 81' lang='grc' dir='ltr'>εὐθηνουμένην</span> 
     </span>
    </p>
   </div>
   <div class='ocr_carea' id='block_1_15' title="bbox 216 1410 1788 1490">
    <p class='ocr_par' dir='ltr' id='par_1_15' title="bbox 216 1410 1788 1490">
     <span class='ocr_line' id='line_1_15' title="bbox 216 1410 1788 1490; baseline 0.004 -27"><span class='ocrx_word' id='word_1_89' title='bbox 216 1410 398 1482; x_wconf 73' lang='grc' dir='ltr'>ψυχὴν</span> <span class='ocrx_word' id='word_1_90' title='bbox 448 1411 702 1482; x_wconf 78' lang='grc' dir='ltr'>θεωρίαις</span> <span class='ocrx_word' id='word_1_91' title='bbox 755 1416 878 1480; x_wconf 84' lang='grc' dir='ltr'>ταῖς</span> <span class='ocrx_word' id='word_1_92' title='bbox 930 1416 991 1469; x_wconf 89' lang='grc' dir='ltr'><strong>ἐν</strong></span> <span class='ocrx_word' id='word_1_93' title='bbox 1017 1414 1239 1490; x_wconf 82' lang='grc' dir='ltr'>Χριστῷ</span> <span class='ocrx_word' id='word_1_94' title='bbox 1276 1416 1455 1489; x_wconf 79' lang='grc' dir='ltr'>Ἰησοῦ</span> <span class='ocrx_word' id='word_1_95' title='bbox 1491 1417 1570 1489; x_wconf 82' lang='grc' dir='ltr'>τῷ</span> <span class='ocrx_word' id='word_1_96' title='bbox 1598 1415 1788 1490; x_wconf 82' lang='grc' dir='ltr'>Κυρίῳ</span> 
     </span>
    </p>
   </div>
   <div class='ocr_carea' id='block_1_16' title="bbox 218 1500 638 1574">
    <p class='ocr_par' dir='ltr' id='par_1_16' title="bbox 218 1500 638 1574">
     <span class='ocr_line' id='line_1_16' title="bbox 218 1500 638 1574; baseline 0.012 -21"><span class='ocrx_word' id='word_1_97' title='bbox 218 1500 399 1572; x_wconf 81' lang='grc' dir='ltr'>ἡμῶν.</span> <span class='ocrx_word' id='word_1_98' title='bbox 446 1501 638 1574; x_wconf 82' lang='grc' dir='ltr'><strong>’Δμήν.</strong></span> 
     </span>
    </p>
   </div>
   <div class='ocr_carea' id='block_1_17' title="bbox 1888 764 3474 837">
    <p class='ocr_par' dir='ltr' id='par_1_17' title="bbox 1888 764 3474 837">
     <span class='ocr_line' id='line_1_17' title="bbox 1888 764 3474 837; baseline -0.003 -15"><span class='ocrx_word' id='word_1_99' title='bbox 1888 768 2072 833; x_wconf 91' lang='lat' dir='ltr'><strong>nibus,</strong></span> <span class='ocrx_word' id='word_1_100' title='bbox 2103 768 2284 822; x_wconf 90' lang='lat' dir='ltr'><strong>carnis</strong></span> <span class='ocrx_word' id='word_1_101' title='bbox 2309 767 2602 837; x_wconf 77' lang='lat' dir='ltr'><strong>prudentia</strong></span> <span class='ocrx_word' id='word_1_102' title='bbox 2629 768 2695 822; x_wconf 91' lang='lat' dir='ltr'><strong>ad</strong></span> <span class='ocrx_word' id='word_1_103' title='bbox 2725 782 2861 822; x_wconf 84' lang='lat' dir='ltr'><strong>uvas</strong></span> <span class='ocrx_word' id='word_1_104' title='bbox 2887 764 3277 837; x_wconf 86' lang='lat' dir='ltr'><strong>depascendas,</strong></span> <span class='ocrx_word' id='word_1_105' title='bbox 3313 764 3474 820; x_wconf 86' lang='lat' dir='ltr'><strong>haud.</strong></span> 
     </span>
    </p>
   </div>
   <div class='ocr_carea' id='block_1_18' title="bbox 1891 857 3473 932">
    <p class='ocr_par' dir='ltr' id='par_1_18' title="bbox 1891 857 3473 932">
     <span class='ocr_line' id='line_1_18' title="bbox 1891 857 3473 932; baseline -0.001 -18"><span class='ocrx_word' id='word_1_106' title='bbox 1891 874 2050 914; x_wconf 88' lang='lat' dir='ltr'><strong>secus</strong></span> <span class='ocrx_word' id='word_1_107' title='bbox 2095 875 2160 913; x_wconf 80' lang='lat' dir='ltr'><strong>ac</strong></span> <span class='ocrx_word' id='word_1_108' title='bbox 2205 859 2494 929; x_wconf 79' lang='lat' dir='ltr'><strong>singularis</strong></span> <span class='ocrx_word' id='word_1_109' title='bbox 2546 860 2698 915; x_wconf 83' lang='lat' dir='ltr'><strong>ferus</strong></span> <span class='ocrx_word' id='word_1_110' title='bbox 2740 858 3096 932; x_wconf 76' lang='lat' dir='ltr'><strong>ingrediatur.</strong></span> <span class='ocrx_word' id='word_1_111' title='bbox 3143 857 3473 914; x_wconf 70' lang='lat' dir='ltr'><strong>Cavendum</strong></span> 
     </span>
    </p>
   </div>
   <div class='ocr_carea' id='block_1_19' title="bbox 1886 949 3459 1024">
    <p class='ocr_par' dir='ltr' id='par_1_19' title="bbox 1886 949 3459 1024">
     <span class='ocr_line' id='line_1_19' title="bbox 1886 949 3459 1024; baseline 0 -19"><span class='ocrx_word' id='word_1_112' title='bbox 1886 967 2019 1006; x_wconf 89' lang='lat' dir='ltr'><strong>vero</strong></span> <span class='ocrx_word' id='word_1_113' title='bbox 2059 966 2126 1005; x_wconf 89' lang='lat' dir='ltr'><strong>ne</strong></span> <span class='ocrx_word' id='word_1_114' title='bbox 2156 952 2242 1006; x_wconf 90' lang='lat' dir='ltr'><strong>his</strong></span> <span class='ocrx_word' id='word_1_115' title='bbox 2272 967 2478 1006; x_wconf 89' lang='lat' dir='ltr'><strong>morem</strong></span> <span class='ocrx_word' id='word_1_116' title='bbox 2513 968 2783 1023; x_wconf 81' lang='lat' dir='ltr'><strong>geramus,</strong></span> <span class='ocrx_word' id='word_1_117' title='bbox 2826 968 2963 1008; x_wconf 82' lang='lat' dir='ltr'><strong>neve</strong></span> <span class='ocrx_word' id='word_1_118' title='bbox 2994 952 3151 1024; x_wconf 76' lang='lat'><strong>671</strong></span> <span class='ocrx_word' id='word_1_119' title='bbox 3192 949 3459 1021; x_wconf 88' lang='lat' dir='ltr'><strong>importu-</strong></span> 
     </span>
    </p>
   </div>
   <div class='ocr_carea' id='block_1_20' title="bbox 1889 1044 3480 1115">
    <p class='ocr_par' dir='ltr' id='par_1_20' title="bbox 1889 1044 3480 1115">
     <span class='ocr_line' id='line_1_20' title="bbox 1889 1044 3480 1115; baseline -0.001 -16"><span class='ocrx_word' id='word_1_120' title='bbox 1889 1044 1979 1100; x_wconf 85' lang='lat' dir='ltr'><strong>nis</strong></span> <span class='ocrx_word' id='word_1_121' title='bbox 2026 1045 2307 1100; x_wconf 83' lang='lat' dir='ltr'><strong>hominum</strong></span> <span class='ocrx_word' id='word_1_122' title='bbox 2360 1045 2564 1115; x_wconf 87' lang='lat' dir='ltr'><strong>pariter</strong></span> <span class='ocrx_word' id='word_1_123' title='bbox 2618 1045 3022 1115; x_wconf 82' lang='lat' dir='ltr'><strong>atl&#39;e&#39;ctuumque</strong></span> <span class='ocrx_word' id='word_1_124' title='bbox 3070 1044 3480 1099; x_wconf 43' lang='lat' dir='ltr'><strong>blandimentis.</strong></span> 
     </span>
    </p>
   </div>
   <div class='ocr_carea' id='block_1_21' title="bbox 1891 1133 3469 1209">
    <p class='ocr_par' dir='ltr' id='par_1_21' title="bbox 1891 1133 3469 1209">
     <span class='ocr_line' id='line_1_21' title="bbox 1891 1133 3469 1209; baseline -0.003 -18"><span class='ocrx_word' id='word_1_125' title='bbox 1891 1135 2207 1202; x_wconf 82' lang='lat' dir='ltr'><strong>ﬂectamur;</strong></span> <span class='ocrx_word' id='word_1_126' title='bbox 2234 1136 2326 1191; x_wconf 90' lang='lat' dir='ltr'><strong>sed</strong></span> <span class='ocrx_word' id='word_1_127' title='bbox 2358 1152 2455 1209; x_wconf 87' lang='lat' dir='ltr'><strong>per</strong></span> <span class='ocrx_word' id='word_1_128' title='bbox 2477 1137 2889 1202; x_wconf 71' lang='lat' dir='ltr'><strong>continentiam,</strong></span> <span class='ocrx_word' id='word_1_129' title='bbox 2922 1136 3212 1192; x_wconf 88' lang='lat' dir='ltr'><strong>maceriem</strong></span> <span class='ocrx_word' id='word_1_130' title='bbox 3243 1133 3469 1188; x_wconf 43' lang='lat' dir='ltr'><strong>munia¢</strong></span> 
     </span>
    </p>
   </div>
   <div class='ocr_carea' id='block_1_22' title="bbox 1892 1224 3461 1297">
    <p class='ocr_par' dir='ltr' id='par_1_22' title="bbox 1892 1224 3461 1297">
     <span class='ocr_line' id='line_1_22' title="bbox 1892 1224 3461 1297; baseline -0.003 -16"><span class='ocrx_word' id='word_1_131' title='bbox 1892 1242 2035 1291; x_wconf 90' lang='lat' dir='ltr'><strong>mus,</strong></span> <span class='ocrx_word' id='word_1_132' title='bbox 2069 1225 2246 1281; x_wconf 90' lang='lat' dir='ltr'><strong>donec</strong></span> <span class='ocrx_word' id='word_1_133' title='bbox 2288 1226 2479 1281; x_wconf 68' lang='lat' dir='ltr'><strong>bestiae</strong></span> <span class='ocrx_word' id='word_1_134' title='bbox 2526 1227 2795 1297; x_wconf 86' lang='lat' dir='ltr'><strong>(carnales</strong></span> <span class='ocrx_word' id='word_1_135' title='bbox 2833 1226 3044 1283; x_wconf 76' lang='lat' dir='ltr'><strong>scilicet</strong></span> <span class='ocrx_word' id='word_1_136' title='bbox 3074 1224 3326 1295; x_wconf 76' lang='lat' dir='ltr'><strong>allectus)</strong></span> <span class='ocrx_word' id='word_1_137' title='bbox 3363 1239 3461 1278; x_wconf 80' lang='lat' dir='ltr'><strong>ru-</strong></span> 
     </span>
    </p>
   </div>
   <div class='ocr_carea' id='block_1_23' title="bbox 1892 1314 3463 1387">
    <p class='ocr_par' dir='ltr' id='par_1_23' title="bbox 1892 1314 3463 1387">
     <span class='ocr_line' id='line_1_23' title="bbox 1892 1314 3463 1387; baseline -0.001 -17"><span class='ocrx_word' id='word_1_138' title='bbox 1892 1316 2009 1387; x_wconf 87' lang='lat' dir='ltr'><strong>gire</strong></span> <span class='ocrx_word' id='word_1_139' title='bbox 2033 1315 2319 1381; x_wconf 87' lang='lat' dir='ltr'><strong>desierint,</strong></span> <span class='ocrx_word' id='word_1_140' title='bbox 2343 1330 2407 1370; x_wconf 90' lang='lat' dir='ltr'><strong>ac</strong></span> <span class='ocrx_word' id='word_1_141' title='bbox 2434 1315 2585 1371; x_wconf 84' lang='lat' dir='ltr'><strong>velut</strong></span> <span class='ocrx_word' id='word_1_142' title='bbox 2610 1316 2878 1383; x_wconf 81' lang='lat' dir='ltr'><strong>volucres,</strong></span> <span class='ocrx_word' id='word_1_143' title='bbox 2905 1333 3056 1371; x_wconf 67' lang='lat' dir='ltr'><strong>vana:</strong></span> <span class='ocrx_word' id='word_1_144' title='bbox 3084 1314 3463 1387; x_wconf 74' lang='lat' dir='ltr'><strong>cogitationes,</strong></span> 
     </span>
    </p>
   </div>
   <div class='ocr_carea' id='block_1_24' title="bbox 1893 1408 3479 1481">
    <p class='ocr_par' dir='ltr' id='par_1_24' title="bbox 1893 1408 3479 1481">
     <span class='ocr_line' id='line_1_24' title="bbox 1893 1408 3479 1481; baseline -0.001 -18"><span class='ocrx_word' id='word_1_145' title='bbox 1893 1408 2136 1463; x_wconf 91' lang='lat' dir='ltr'><strong>animum</strong></span> <span class='ocrx_word' id='word_1_146' title='bbox 2186 1408 2315 1463; x_wconf 88' lang='lat' dir='ltr'><strong>vitis</strong></span> <span class='ocrx_word' id='word_1_147' title='bbox 2360 1409 2533 1464; x_wconf 88' lang='lat' dir='ltr'><strong>instar</strong></span> <span class='ocrx_word' id='word_1_148' title='bbox 2584 1410 3132 1481; x_wconf 86' lang='lat' dir='ltr'><strong>contemplationibus</strong></span> <span class='ocrx_word' id='word_1_149' title='bbox 3179 1408 3479 1477; x_wconf 47' lang='lat' dir='ltr'><strong>sensisque&#39;</strong></span> 
     </span>
    </p>
   </div>
   <div class='ocr_carea' id='block_1_25' title="bbox 1894 1499 3480 1572">
    <p class='ocr_par' dir='ltr' id='par_1_25' title="bbox 1894 1499 3480 1572">
     <span class='ocr_line' id='line_1_25' title="bbox 1894 1499 3480 1572; baseline -0.003 -15"><span class='ocrx_word' id='word_1_150' title='bbox 1894 1502 2219 1572; x_wconf 90' lang='lat' dir='ltr'><strong>locupletem</strong></span> <span class='ocrx_word' id='word_1_151' title='bbox 2257 1510 2419 1571; x_wconf 89' lang='lat' dir='ltr'><strong>atque</strong></span> <span class='ocrx_word' id='word_1_152' title='bbox 2454 1501 2679 1557; x_wconf 89' lang='lat' dir='ltr'><strong>uberem</strong></span> <span class='ocrx_word' id='word_1_153' title='bbox 2733 1503 2787 1557; x_wconf 92' lang='lat' dir='ltr'><strong>in</strong></span> <span class='ocrx_word' id='word_1_154' title='bbox 2826 1501 3042 1558; x_wconf 85' lang='lat' dir='ltr'><strong>Christo</strong></span> <span class='ocrx_word' id='word_1_155' title='bbox 3073 1502 3199 1557; x_wconf 84' lang='lat' dir='ltr'><strong>.I&#39;esu</strong></span> <span class='ocrx_word' id='word_1_156' title='bbox 3231 1499 3480 1557; x_wconf 54' lang='lat' dir='ltr'><strong>Domino:</strong></span> 
     </span>
    </p>
   </div>
   <div class='ocr_carea' id='block_1_26' title="bbox 1821 1587 3211 1660">
    <p class='ocr_par' dir='ltr' id='par_1_26' title="bbox 1821 1587 3211 1660">
     <span class='ocr_line' id='line_1_26' title="bbox 1821 1587 3211 1660; baseline 0 -12"><span class='ocrx_word' id='word_1_157' title='bbox 1821 1587 1863 1647; x_wconf 85' lang='grc' dir='ltr'><strong><em>Β</em></strong></span> <span class='ocrx_word' id='word_1_158' title='bbox 1890 1604 2099 1660; x_wconf 89' lang='lat' dir='ltr'><strong>nostro,</strong></span> <span class='ocrx_word' id='word_1_159' title='bbox 2125 1602 2418 1649; x_wconf 71' lang='lat' dir='ltr'><strong>vastatum:</strong></span> <span class='ocrx_word' id='word_1_160' title='bbox 2444 1609 2553 1650; x_wconf 88' lang='lat' dir='ltr'><strong>non</strong></span> <span class='ocrx_word' id='word_1_161' title='bbox 2576 1594 2982 1653; x_wconf 81' lang='lat' dir='ltr'><strong>descenderint.</strong></span> <span class='ocrx_word' id='word_1_162' title='bbox 3019 1594 3211 1650; x_wconf 80' lang='lat' dir='ltr'><strong>Amen.</strong></span> 
     </span>
    </p>
   </div>
   <div class='ocr_carea' id='block_1_27' title="bbox 1022 1857 2705 1985">
    <p class='ocr_par' dir='ltr' id='par_1_27' title="bbox 1022 1857 2705 1985">
     <span class='ocr_line' id='line_1_27' title="bbox 1022 1857 2705 1985; baseline 0.001 -6"><span class='ocrx_word' id='word_1_163' title='bbox 1022 1863 1325 1982; x_wconf 90' lang='grc' dir='ltr'><strong>ΤΟΥ</strong></span> <span class='ocrx_word' id='word_1_164' title='bbox 1406 1865 1868 1983; x_wconf 89' lang='grc' dir='ltr'><strong>ΑΓΙΟΥ</strong></span> <span class='ocrx_word' id='word_1_165' title='bbox 1938 1857 2664 1985; x_wconf 85' lang='grc' dir='ltr'><strong>ΜΑΞΙΜΟΥ</strong></span> <span class='ocrx_word' id='word_1_166' title='bbox 2702 1936 2705 1939; x_wconf 95' lang='grc'><strong><em>-</em></strong></span> 
     </span>
    </p>
   </div>
   <div class='ocr_carea' id='block_1_28' title="bbox 749 2060 2871 2137">
    <p class='ocr_par' dir='ltr' id='par_1_28' title="bbox 749 2060 2871 2137">
     <span class='ocr_line' id='line_1_28' title="bbox 749 2060 2871 2137; baseline 0.002 -20"><span class='ocrx_word' id='word_1_167' title='bbox 749 2064 853 2123; x_wconf 76' lang='grc' dir='ltr'>Ἐκ</span> <span class='ocrx_word' id='word_1_168' title='bbox 885 2060 999 2117; x_wconf 82' lang='grc' dir='ltr'><strong>τῶν</strong></span> <span class='ocrx_word' id='word_1_169' title='bbox 1028 2061 1122 2133; x_wconf 68' lang='grc' dir='ltr'><strong>ἐτ’</strong></span> <span class='ocrx_word' id='word_1_170' title='bbox 1153 2061 1415 2132; x_wconf 66' lang='grc' dir='ltr'>ἀπῲων,</span> <span class='ocrx_word' id='word_1_171' title='bbox 1457 2061 1613 2131; x_wconf 79' lang='grc' dir='ltr'>Πρὸς</span> <span class='ocrx_word' id='word_1_172' title='bbox 1645 2060 1751 2117; x_wconf 75' lang='grc' dir='ltr'><strong>τὸν</strong></span> <span class='ocrx_word' id='word_1_173' title='bbox 1783 2062 2087 2118; x_wconf 82' lang='grc' dir='ltr'>θειότατον</span> <span class='ocrx_word' id='word_1_174' title='bbox 2111 2063 2377 2130; x_wconf 66' lang='grc' dir='ltr'>,ϐασιλέα</span> <span class='ocrx_word' id='word_1_175' title='bbox 2421 2064 2548 2137; x_wconf 37' lang='grc' dir='ltr'>τὸν,</span> <span class='ocrx_word' id='word_1_176' title='bbox 2579 2063 2871 2135; x_wconf 71' lang='grc' dir='ltr'><strong>Ἀκριδήν.</strong></span> 
     </span>
    </p>
   </div>
   <div class='ocr_carea' id='block_1_29' title="bbox 1353 2307 2323 2398">
    <p class='ocr_par' dir='ltr' id='par_1_29' title="bbox 1353 2307 2323 2398">
     <span class='ocr_line' id='line_1_29' title="bbox 1353 2307 2323 2398; baseline -0.003 0"><span class='ocrx_word' id='word_1_177' title='bbox 1353 2309 1759 2398; x_wconf 82' lang='lat' dir='ltr'><strong>SANCTI</strong></span> <span class='ocrx_word' id='word_1_178' title='bbox 1874 2307 2323 2398; x_wconf 83' lang='lat' dir='ltr'><strong>MAXIMI</strong></span> 
     </span>
    </p>
   </div>
   <div class='ocr_carea' id='block_1_30' title="bbox 746 2474 3016 2559">
    <p class='ocr_par' dir='ltr' id='par_1_30' title="bbox 746 2474 3016 2559">
     <span class='ocr_line' id='line_1_30' title="bbox 746 2474 3016 2559; baseline 0.002 -20"><span class='ocrx_word' id='word_1_179' title='bbox 746 2480 835 2539; x_wconf 80' lang='lat' dir='ltr'><strong>Ex</strong></span> <span class='ocrx_word' id='word_1_180' title='bbox 876 2493 1068 2556; x_wconf 84' lang='lat' dir='ltr'><strong>Opere</strong></span> <span class='ocrx_word' id='word_1_181' title='bbox 1111 2494 1267 2537; x_wconf 77' lang='lat' dir='ltr'><strong>mn</strong></span> <span class='ocrx_word' id='word_1_182' title='bbox 1316 2474 1694 2550; x_wconf 87' lang='lat' dir='ltr'><strong>Dubiorum,</strong></span> <span class='ocrx_word' id='word_1_183' title='bbox 1740 2475 1814 2537; x_wconf 83' lang='lat' dir='ltr'><strong>ad</strong></span> <span class='ocrx_word' id='word_1_184' title='bbox 1856 2475 2337 2538; x_wconf 88' lang='lat' dir='ltr'><strong>divinissimum</strong></span> <span class='ocrx_word' id='word_1_185' title='bbox 2370 2476 2665 2539; x_wconf 73' lang='lat' dir='ltr'><strong>Achridte</strong></span> <span class='ocrx_word' id='word_1_186' title='bbox 2706 2496 2921 2559; x_wconf 81' lang='lat' dir='ltr'><strong>regem</strong></span> <span class='ocrx_word' id='word_1_187' title='bbox 2957 2482 3016 2543; x_wconf 69' lang='grc'><strong>³⁸.</strong></span> 
     </span>
    </p>
   </div>
   <div class='ocr_carea' id='block_1_31' title="bbox 220 2621 3471 2699">
    <p class='ocr_par' dir='ltr' id='par_1_31' title="bbox 220 2621 3471 2699">
     <span class='ocr_line' id='line_1_31' title="bbox 220 2621 3471 2699; baseline 0.002 -18"><span class='ocrx_word' id='word_1_188' title='bbox 220 2627 394 2696; x_wconf 58' lang='grc' dir='ltr'>’,Ιῆτιὶ</span> <span class='ocrx_word' id='word_1_189' title='bbox 433 2632 610 2696; x_wconf 77' lang='lat' dir='ltr'><strong>postea</strong></span> <span class='ocrx_word' id='word_1_190' title='bbox 649 2622 889 2699; x_wconf 69' lang='lat' dir='ltr'><strong>Bulgari,</strong></span> <span class='ocrx_word' id='word_1_191' title='bbox 926 2640 1147 2699; x_wconf 69' lang='lat' dir='ltr'><strong>quorum</strong></span> <span class='ocrx_word' id='word_1_192' title='bbox 1177 2630 1285 2699; x_wconf 68' lang='grc' dir='ltr'>Ιιατο</span> <span class='ocrx_word' id='word_1_193' title='bbox 1317 2622 1638 2699; x_wconf 78' lang='lat' dir='ltr'><strong>metropolis,</strong></span> <span class='ocrx_word' id='word_1_194' title='bbox 1667 2624 1787 2699; x_wconf 35' lang='lat' dir='ltr'><strong>ipsa.</strong></span> <span class='ocrx_word' id='word_1_195' title='bbox 1814 2622 2121 2699; x_wconf 56' lang='lat' dir='ltr'><strong>(ustiuiana</strong></span> <span class='ocrx_word' id='word_1_196' title='bbox 2162 2624 2355 2693; x_wconf 88' lang='lat' dir='ltr'><strong>prima.</strong></span> <span class='ocrx_word' id='word_1_197' title='bbox 2394 2621 2564 2699; x_wconf 74' lang='lat' dir='ltr'><strong>Hujus</strong></span> <span class='ocrx_word' id='word_1_198' title='bbox 2590 2628 2773 2699; x_wconf 74' lang='lat' dir='ltr'><strong>operis</strong></span> <span class='ocrx_word' id='word_1_199' title='bbox 2808 2628 2975 2682; x_wconf 83' lang='lat' dir='ltr'><strong>altum</strong></span> <span class='ocrx_word' id='word_1_200' title='bbox 3021 2629 3138 2683; x_wconf 73' lang='lat' dir='ltr'><strong>aliis</strong></span> <span class='ocrx_word' id='word_1_201' title='bbox 3180 2630 3471 2699; x_wconf 79' lang='lat' dir='ltr'><strong>silentium,</strong></span> 
     </span>
    </p>
   </div>
   <div class='ocr_carea' id='block_1_32' title="bbox 295 2692 3473 2815">
    <p class='ocr_par' dir='ltr' id='par_1_32' title="bbox 295 2692 3473 2815">
     <span class='ocr_line' id='line_1_32' title="bbox 295 2692 3473 2815; baseline 0.001 -65"><span class='ocrx_word' id='word_1_202' title='bbox 295 2692 552 2750; x_wconf 72' lang='lat' dir='ltr'><strong>altissimo</strong></span> <span class='ocrx_word' id='word_1_203' title='bbox 590 2692 765 2748; x_wconf 74' lang='lat' dir='ltr'><strong>tamen</strong></span> <span class='ocrx_word' id='word_1_204' title='bbox 810 2693 1027 2746; x_wconf 69' lang='lat' dir='ltr'><strong>Maximi</strong></span> <span class='ocrx_word' id='word_1_205' title='bbox 1061 2694 1267 2815; x_wconf 47' lang='lat' dir='ltr'><strong>infmia</strong></span> <span class='ocrx_word' id='word_1_206' title='bbox 1308 2692 1669 2763; x_wconf 80' lang='lat' dir='ltr'><strong>compositum,</strong></span> <span class='ocrx_word' id='word_1_207' title='bbox 1706 2692 1787 2745; x_wconf 71' lang='lat' dir='ltr'><strong>vel</strong></span> <span class='ocrx_word' id='word_1_208' title='bbox 1821 2693 1914 2746; x_wconf 81' lang='lat' dir='ltr'><strong>hoc</strong></span> <span class='ocrx_word' id='word_1_209' title='bbox 1952 2695 2124 2762; x_wconf 79' lang='lat' dir='ltr'><strong>ipsum</strong></span> <span class='ocrx_word' id='word_1_210' title='bbox 2163 2692 2725 2763; x_wconf 35' lang='lat' dir='ltr'><strong>excerptum—indicat,</strong></span> <span class='ocrx_word' id='word_1_211' title='bbox 2754 2700 2828 2751; x_wconf 78' lang='lat' dir='ltr'><strong>sic</strong></span> <span class='ocrx_word' id='word_1_212' title='bbox 2858 2700 3231 2769; x_wconf 78' lang='lat' dir='ltr'><strong>tlteologirum;</strong></span> <span class='ocrx_word' id='word_1_213' title='bbox 3259 2719 3323 2755; x_wconf 67' lang='lat' dir='ltr'><strong>ex</strong></span> <span class='ocrx_word' id='word_1_214' title='bbox 3346 2692 3473 2759; x_wconf 55' lang='lat' dir='ltr'><strong>Rw;</strong></span> 
     </span>
     <span class='ocr_line' id='line_1_33' title="bbox 295 2758 3473 2815; baseline 0 0"><span class='ocrx_word' id='word_1_215' title='bbox 295 2770 410 2815; x_wconf 83' lang='lat' dir='ltr'><strong>md.</strong></span> <span class='ocrx_word' id='word_1_216' title='bbox 441 2766 635 2815; x_wconf 83' lang='lat' dir='ltr'><strong>nridem</strong></span> <span class='ocrx_word' id='word_1_217' title='bbox 661 2766 997 2815; x_wconf 71' lang='lat' dir='ltr'><strong>cxscrivtum.</strong></span> <span class='ocrx_word' id='word_1_218' title='bbox 1030 2764 1096 2815; x_wconf 78' lang='lat' dir='ltr'><strong>Se</strong></span> <span class='ocrx_word' id='word_1_219' title='bbox 1154 2782 1220 2815; x_wconf 85' lang='lat' dir='ltr'><strong>an</strong></span> <span class='ocrx_word' id='word_1_220' title='bbox 1256 2765 1363 2815; x_wconf 83' lang='lat' dir='ltr'><strong>iam</strong></span> <span class='ocrx_word' id='word_1_221' title='bbox 1395 2774 1501 2815; x_wconf 82' lang='lat' dir='ltr'><strong>tum</strong></span> <span class='ocrx_word' id='word_1_222' title='bbox 1531 2763 1763 2815; x_wconf 71' lang='grc' dir='ltr'>Βασιλεῖς</span> <span class='ocrx_word' id='word_1_223' title='bbox 1790 2762 2056 2815; x_wconf 83' lang='lat' dir='ltr'><strong>Bulaaria:</strong></span> <span class='ocrx_word' id='word_1_224' title='bbox 2084 2764 2338 2815; x_wconf 81' lang='lat' dir='ltr'><strong>vrincines</strong></span> <span class='ocrx_word' id='word_1_225' title='bbox 2365 2773 2415 2815; x_wconf 85' lang='lat' dir='ltr'><strong>et</strong></span> <span class='ocrx_word' id='word_1_226' title='bbox 2442 2766 2631 2815; x_wconf 84' lang='lat' dir='ltr'><strong>reauli-</strong></span> <span class='ocrx_word' id='word_1_227' title='bbox 2660 2770 2798 2815; x_wconf 81' lang='lat' dir='ltr'><strong>auod</strong></span> <span class='ocrx_word' id='word_1_228' title='bbox 2819 2770 2891 2815; x_wconf 73' lang='lat' dir='ltr'><strong>eis</strong></span> <span class='ocrx_word' id='word_1_229' title='bbox 2918 2774 3131 2815; x_wconf 71' lang='lat' dir='ltr'><strong>tandem</strong></span> <span class='ocrx_word' id='word_1_230' title='bbox 3156 2772 3323 2815; x_wconf 63' lang='lat' dir='ltr'><strong>(2mm;</strong></span> <span class='ocrx_word' id='word_1_231' title='bbox 3345 2758 3473 2815; x_wconf 59' lang='lat' dir='ltr'><strong>(nl:—</strong></span> 
     </span>
    </p>
   </div>
   <div class='ocr_carea' id='block_1_33' title="bbox 295 2764 1096 2837">
    <p class='ocr_par' dir='ltr' id='par_1_33' title="bbox 295 2764 1096 2837">
     <span class='ocr_line' id='line_1_34' title="bbox 295 2764 1096 2837; baseline -0.007 -17"><span class='ocrx_word' id='word_1_232' title='bbox 295 2770 410 2821; x_wconf 80' lang='lat' dir='ltr'><strong>cod.</strong></span> <span class='ocrx_word' id='word_1_233' title='bbox 438 2766 641 2837; x_wconf 82' lang='lat' dir='ltr'><strong>pridem</strong></span> <span class='ocrx_word' id='word_1_234' title='bbox 661 2766 997 2833; x_wconf 59' lang='lat' dir='ltr'><strong>ascriptum.</strong></span> <span class='ocrx_word' id='word_1_235' title='bbox 1030 2764 1096 2837; x_wconf 76' lang='lat' dir='ltr'><strong>Se</strong></span> 
     </span>
    </p>
   </div>
   <div class='ocr_carea' id='block_1_34' title="bbox 313 2836 1114 2904">
    <p class='ocr_par' dir='ltr' id='par_1_34' title="bbox 313 2836 1114 2904">
     <span class='ocr_line' id='line_1_35' title="bbox 313 2836 1114 2904; baseline -0.006 -12"><span class='ocrx_word' id='word_1_236' title='bbox 313 2836 527 2901; x_wconf 75' lang='lat' dir='ltr'><strong>cessere,</strong></span> <span class='ocrx_word' id='word_1_237' title='bbox 556 2836 765 2889; x_wconf 84' lang='lat' dir='ltr'><strong>dubium</strong></span> <span class='ocrx_word' id='word_1_238' title='bbox 800 2850 909 2889; x_wconf 77' lang='lat' dir='ltr'><strong>esse</strong></span> <span class='ocrx_word' id='word_1_239' title='bbox 936 2836 1114 2904; x_wconf 77' lang='lat' dir='ltr'><strong>possit.</strong></span> 
     </span>
    </p>
   </div>
   <div class='ocr_carea' id='block_1_35' title="bbox 1154 2762 3475 2839">
    <p class='ocr_par' dir='ltr' id='par_1_35' title="bbox 1154 2762 3475 2839">
     <span class='ocr_line' id='line_1_36' title="bbox 1154 2762 3475 2839; baseline 0.004 -22"><span class='ocrx_word' id='word_1_240' title='bbox 1154 2782 1220 2817; x_wconf 83' lang='lat' dir='ltr'><strong>an</strong></span> <span class='ocrx_word' id='word_1_241' title='bbox 1244 2765 1363 2835; x_wconf 84' lang='lat' dir='ltr'><strong>jam</strong></span> <span class='ocrx_word' id='word_1_242' title='bbox 1395 2774 1501 2816; x_wconf 82' lang='lat' dir='ltr'><strong>tum</strong></span> <span class='ocrx_word' id='word_1_243' title='bbox 1529 2763 1763 2833; x_wconf 77' lang='grc' dir='ltr'>βασιλεῖς</span> <span class='ocrx_word' id='word_1_244' title='bbox 1790 2762 2056 2834; x_wconf 81' lang='lat' dir='ltr'><strong>Bulgaria:</strong></span> <span class='ocrx_word' id='word_1_245' title='bbox 2083 2762 2338 2834; x_wconf 77' lang='lat' dir='ltr'><strong>principes</strong></span> <span class='ocrx_word' id='word_1_246' title='bbox 2365 2773 2415 2817; x_wconf 85' lang='lat' dir='ltr'><strong>et</strong></span> <span class='ocrx_word' id='word_1_247' title='bbox 2442 2766 2632 2834; x_wconf 84' lang='lat' dir='ltr'><strong>reguli,</strong></span> <span class='ocrx_word' id='word_1_248' title='bbox 2660 2770 2798 2839; x_wconf 83' lang='lat' dir='ltr'><strong>quod</strong></span> <span class='ocrx_word' id='word_1_249' title='bbox 2819 2770 2891 2823; x_wconf 80' lang='lat' dir='ltr'><strong>eis</strong></span> <span class='ocrx_word' id='word_1_250' title='bbox 2918 2762 3131 2824; x_wconf 69' lang='lat' dir='ltr'><strong>tandem</strong></span> <span class='ocrx_word' id='word_1_251' title='bbox 3156 2762 3323 2829; x_wconf 58' lang='grc' dir='ltr'>(ΣιλαΞεὶ</span> <span class='ocrx_word' id='word_1_252' title='bbox 3345 2762 3475 2827; x_wconf 59' lang='lat' dir='ltr'><strong>con-</strong></span> 
     </span>
    </p>
   </div>
   <div class='ocr_carea' id='block_1_36' title="bbox 294 2952 1798 3029">
    <p class='ocr_par' dir='ltr' id='par_1_36' title="bbox 294 2952 1782 3029">
     <span class='ocr_line' id='line_1_37' title="bbox 294 2952 1782 3029; baseline -0.003 -19"><span class='ocrx_word' id='word_1_253' title='bbox 294 2958 370 3011; x_wconf 77' lang='grc' dir='ltr'><strong>Τὸ</strong></span> <span class='ocrx_word' id='word_1_254' title='bbox 420 2957 527 3029; x_wconf 78' lang='grc' dir='ltr'>γὰρ</span> <span class='ocrx_word' id='word_1_255' title='bbox 579 2954 804 3026; x_wconf 83' lang='grc' dir='ltr'>Πνεῦμα</span> <span class='ocrx_word' id='word_1_256' title='bbox 828 2955 889 3009; x_wconf 71' lang='grc' dir='ltr'><strong>τὸ</strong></span> <span class='ocrx_word' id='word_1_257' title='bbox 918 2953 1094 3023; x_wconf 80' lang='grc' dir='ltr'>ἆγιον,</span> <span class='ocrx_word' id='word_1_258' title='bbox 1132 2955 1321 3025; x_wconf 82' lang='grc' dir='ltr'>ὥσπερ</span> <span class='ocrx_word' id='word_1_259' title='bbox 1350 2952 1511 3023; x_wconf 84' lang='grc' dir='ltr'>φύσει</span> <span class='ocrx_word' id='word_1_260' title='bbox 1542 2953 1661 3006; x_wconf 76' lang='grc' dir='ltr'>κατ’</span> <span class='ocrx_word' id='word_1_261' title='bbox 1690 2953 1782 3005; x_wconf 83' lang='grc' dir='ltr'><strong>οὑ-</strong></span> 
     </span>
    </p>
   </div>
   <div class='ocr_carea' id='block_1_37' title="bbox 1898 2952 3477 3029">
    <p class='ocr_par' dir='ltr' id='par_1_37' title="bbox 1956 2955 3477 3027">
     <span class='ocr_line' id='line_1_38' title="bbox 1956 2955 3477 3027; baseline 0.005 -18"><span class='ocrx_word' id='word_1_262' title='bbox 1956 2955 2172 3010; x_wconf 87' lang='lat' dir='ltr'><strong>Etenim</strong></span> <span class='ocrx_word' id='word_1_263' title='bbox 2217 2955 2458 3025; x_wconf 85' lang='lat' dir='ltr'><strong>Spiritus</strong></span> <span class='ocrx_word' id='word_1_264' title='bbox 2488 2968 2732 3022; x_wconf 79' lang='lat' dir='ltr'><strong>sanctus,</strong></span> <span class='ocrx_word' id='word_1_265' title='bbox 2772 2959 3232 3027; x_wconf 84' lang='lat' dir='ltr'><strong>quemadmodum</strong></span> <span class='ocrx_word' id='word_1_266' title='bbox 3280 2972 3477 3022; x_wconf 81' lang='lat' dir='ltr'><strong>natura</strong></span> 
     </span>
    </p>
   </div>
   <div class='ocr_carea' id='block_1_38' title="bbox 224 3038 1793 3114">
    <p class='ocr_par' dir='ltr' id='par_1_38' title="bbox 224 3038 1793 3114">
     <span class='ocr_line' id='line_1_39' title="bbox 224 3038 1793 3114; baseline -0.007 -12"><span class='ocrx_word' id='word_1_267' title='bbox 224 3048 349 3103; x_wconf 82' lang='grc' dir='ltr'>σίαν</span> <span class='ocrx_word' id='word_1_268' title='bbox 389 3048 506 3101; x_wconf 72' lang='grc' dir='ltr'>ἐστὶ</span> <span class='ocrx_word' id='word_1_269' title='bbox 527 3046 620 3100; x_wconf 88' lang='grc' dir='ltr'><strong>τοῦ</strong></span> <span class='ocrx_word' id='word_1_270' title='bbox 648 3045 783 3099; x_wconf 84' lang='grc' dir='ltr'>Θεοῦ</span> <span class='ocrx_word' id='word_1_271' title='bbox 815 3044 910 3098; x_wconf 74' lang='grc' dir='ltr'>καὶ</span> <span class='ocrx_word' id='word_1_272' title='bbox 939 3043 1174 3114; x_wconf 82' lang='grc' dir='ltr'>Πατρὸς,</span> <span class='ocrx_word' id='word_1_273' title='bbox 1210 3040 1381 3105; x_wconf 79' lang='grc' dir='ltr'>οὓτως</span> <span class='ocrx_word' id='word_1_274' title='bbox 1417 3040 1511 3093; x_wconf 81' lang='grc' dir='ltr'>καὶ</span> <span class='ocrx_word' id='word_1_275' title='bbox 1540 3041 1636 3093; x_wconf 86' lang='grc' dir='ltr'><strong>τοῦ</strong></span> <span class='ocrx_word' id='word_1_276' title='bbox 1664 3038 1793 3092; x_wconf 83' lang='grc' dir='ltr'>Υἱοῦ</span> 
     </span>
    </p>
   </div>
   <div class='ocr_carea' id='block_1_39' title="bbox 222 3132 1796 3211">
    <p class='ocr_par' dir='ltr' id='par_1_39' title="bbox 222 3132 1796 3211">
     <span class='ocr_line' id='line_1_40' title="bbox 222 3132 1796 3211; baseline -0.006 -17"><span class='ocrx_word' id='word_1_277' title='bbox 222 3139 531 3211; x_wconf 77' lang='grc' dir='ltr'>φύσεικατ’</span> <span class='ocrx_word' id='word_1_278' title='bbox 564 3137 752 3192; x_wconf 88' lang='grc' dir='ltr'>ουσίαν</span> <span class='ocrx_word' id='word_1_279' title='bbox 778 3136 1051 3207; x_wconf 82' lang='grc' dir='ltr'>ὑπάρχει,</span> <span class='ocrx_word' id='word_1_280' title='bbox 1080 3135 1156 3198; x_wconf 85' lang='grc' dir='ltr'>ὡς</span> <span class='ocrx_word' id='word_1_281' title='bbox 1201 3136 1266 3188; x_wconf 89' lang='grc' dir='ltr'><strong>ἐκ</strong></span> <span class='ocrx_word' id='word_1_282' title='bbox 1311 3133 1406 3188; x_wconf 90' lang='grc' dir='ltr'><strong>τοῦ</strong></span> <span class='ocrx_word' id='word_1_283' title='bbox 1452 3133 1665 3204; x_wconf 80' lang='grc' dir='ltr'>Πατρὸς</span> <span class='ocrx_word' id='word_1_284' title='bbox 1702 3132 1796 3185; x_wconf 80' lang='grc' dir='ltr'><strong>οὐ-</strong></span> 
     </span>
    </p>
   </div>
   <div class='ocr_carea' id='block_1_40' title="bbox 224 3226 1799 3298">
    <p class='ocr_par' dir='ltr' id='par_1_40' title="bbox 224 3226 1799 3298">
     <span class='ocr_line' id='line_1_41' title="bbox 224 3226 1799 3298; baseline -0.006 -12"><span class='ocrx_word' id='word_1_285' title='bbox 224 3230 439 3294; x_wconf 85' lang='grc' dir='ltr'>σιωδῶς</span> <span class='ocrx_word' id='word_1_286' title='bbox 463 3228 665 3284; x_wconf 85' lang='grc' dir='ltr'>δι’Υἱοῦ</span> <span class='ocrx_word' id='word_1_287' title='bbox 691 3228 783 3282; x_wconf 91' lang='grc' dir='ltr'><strong>τοῦ</strong></span> <span class='ocrx_word' id='word_1_288' title='bbox 813 3226 1165 3298; x_wconf 82' lang='grc' dir='ltr'>γεννηθέντος</span> <span class='ocrx_word' id='word_1_289' title='bbox 1185 3226 1482 3297; x_wconf 81' lang='grc' dir='ltr'>ἀφράστως</span> <span class='ocrx_word' id='word_1_290' title='bbox 1507 3226 1799 3298; x_wconf 84' lang='grc' dir='ltr'>ἐκπορευό-</span> 
     </span>
    </p>
   </div>
   <div class='ocr_carea' id='block_1_41' title="bbox 227 3313 1798 3395">
    <p class='ocr_par' dir='ltr' id='par_1_41' title="bbox 227 3313 1798 3395">
     <span class='ocr_line' id='line_1_42' title="bbox 227 3313 1798 3395; baseline -0.003 -22"><span class='ocrx_word' id='word_1_291' title='bbox 227 3340 410 3395; x_wconf 69' lang='grc' dir='ltr'>μενον.</span> <span class='ocrx_word' id='word_1_292' title='bbox 439 3321 554 3374; x_wconf 79' lang='grc' dir='ltr'><strong>Οὐκ</strong></span> <span class='ocrx_word' id='word_1_293' title='bbox 588 3318 736 3373; x_wconf 76' lang='grc' dir='ltr'>ἐστιν</span> <span class='ocrx_word' id='word_1_294' title='bbox 767 3313 859 3372; x_wconf 84' lang='grc' dir='ltr'><strong>οὖν</strong></span> <span class='ocrx_word' id='word_1_295' title='bbox 914 3315 1200 3387; x_wconf 75' lang='grc' dir='ltr'>ἐπινοῆσαι</span> <span class='ocrx_word' id='word_1_296' title='bbox 1246 3315 1420 3386; x_wconf 80' lang='grc' dir='ltr'>τομὴν</span> <span class='ocrx_word' id='word_1_297' title='bbox 1461 3314 1494 3387; x_wconf 76' lang='grc' dir='ltr'>ἢ</span> <span class='ocrx_word' id='word_1_298' title='bbox 1535 3314 1798 3387; x_wconf 83' lang='grc' dir='ltr'>διαίρεσιν</span> 
     </span>
    </p>
   </div>
   <div class='ocr_carea' id='block_1_42' title="bbox 225 3404 1796 3481">
    <p class='ocr_par' dir='ltr' id='par_1_42' title="bbox 225 3404 1796 3481">
     <span class='ocr_line' id='line_1_43' title="bbox 225 3404 1796 3481; baseline -0.006 -13"><span class='ocrx_word' id='word_1_299' title='bbox 225 3414 352 3468; x_wconf 86' lang='grc' dir='ltr'>κατ’</span> <span class='ocrx_word' id='word_1_300' title='bbox 385 3411 575 3466; x_wconf 82' lang='grc' dir='ltr'>οὐδένα</span> <span class='ocrx_word' id='word_1_301' title='bbox 631 3408 859 3481; x_wconf 82' lang='grc' dir='ltr'>τρόπον,</span> <span class='ocrx_word' id='word_1_302' title='bbox 883 3406 959 3470; x_wconf 84' lang='grc' dir='ltr'><strong>ὡς</strong></span> <span class='ocrx_word' id='word_1_303' title='bbox 1010 3406 1045 3477; x_wconf 84' lang='grc' dir='ltr'>ἢ</span> <span class='ocrx_word' id='word_1_304' title='bbox 1102 3406 1195 3460; x_wconf 78' lang='grc' dir='ltr'>τὸν</span> <span class='ocrx_word' id='word_1_305' title='bbox 1250 3405 1471 3477; x_wconf 80' lang='grc' dir='ltr'>Πατέρα</span> <span class='ocrx_word' id='word_1_306' title='bbox 1506 3405 1677 3477; x_wconf 76' lang='grc' dir='ltr'>χωρὶς</span> <span class='ocrx_word' id='word_1_307' title='bbox 1702 3404 1796 3458; x_wconf 89' lang='grc' dir='ltr'><strong>τοῦ</strong></span> 
     </span>
    </p>
   </div>
   <div class='ocr_carea' id='block_1_43' title="bbox 225 3496 1797 3573">
    <p class='ocr_par' dir='ltr' id='par_1_43' title="bbox 225 3496 1797 3573">
     <span class='ocr_line' id='line_1_44' title="bbox 225 3496 1797 3573; baseline -0.008 -12"><span class='ocrx_word' id='word_1_308' title='bbox 225 3504 360 3560; x_wconf 85' lang='grc' dir='ltr'>Υίοῦ</span> <span class='ocrx_word' id='word_1_309' title='bbox 386 3500 762 3573; x_wconf 76' lang='grc' dir='ltr'>ἐπινοηθῆναι,</span> <span class='ocrx_word' id='word_1_310' title='bbox 792 3499 827 3571; x_wconf 77' lang='grc' dir='ltr'>ἢ</span> <span class='ocrx_word' id='word_1_311' title='bbox 854 3498 946 3552; x_wconf 76' lang='grc' dir='ltr'><strong>τὸν</strong></span> <span class='ocrx_word' id='word_1_312' title='bbox 972 3498 1101 3552; x_wconf 82' lang='grc' dir='ltr'>Υίὸν</span> <span class='ocrx_word' id='word_1_313' title='bbox 1127 3497 1297 3570; x_wconf 75' lang='grc' dir='ltr'>χωρὶς</span> <span class='ocrx_word' id='word_1_314' title='bbox 1323 3496 1417 3551; x_wconf 90' lang='grc' dir='ltr'><strong>τοῦ</strong></span> <span class='ocrx_word' id='word_1_315' title='bbox 1446 3496 1762 3568; x_wconf 83' lang='grc' dir='ltr'>Πνεύματος</span> <span class='ocrx_word' id='word_1_316' title='bbox 1781 3536 1797 3562; x_wconf 92' lang='grc'><strong>,</strong></span> 
     </span>
    </p>
   </div>
   <div class='ocr_carea' id='block_1_44' title="bbox 223 3588 1797 3664">
    <p class='ocr_par' dir='ltr' id='par_1_44' title="bbox 223 3588 1797 3664">
     <span class='ocr_line' id='line_1_45' title="bbox 223 3588 1797 3664; baseline -0.006 -13"><span class='ocrx_word' id='word_1_317' title='bbox 223 3598 344 3654; x_wconf 81' lang='grc' dir='ltr'>ἀλλ’</span> <span class='ocrx_word' id='word_1_318' title='bbox 383 3595 500 3649; x_wconf 77' lang='grc' dir='ltr'>ἔστι</span> <span class='ocrx_word' id='word_1_319' title='bbox 560 3610 644 3656; x_wconf 88' lang='grc' dir='ltr'><strong>τις</strong></span> <span class='ocrx_word' id='word_1_320' title='bbox 691 3593 930 3664; x_wconf 78' lang='grc' dir='ltr'>ἄρῤητος</span> <span class='ocrx_word' id='word_1_321' title='bbox 973 3590 1068 3645; x_wconf 76' lang='grc' dir='ltr'>καὶ</span> <span class='ocrx_word' id='word_1_322' title='bbox 1101 3590 1473 3660; x_wconf 86' lang='grc' dir='ltr'>ἀκατανόητος</span> <span class='ocrx_word' id='word_1_323' title='bbox 1503 3590 1562 3643; x_wconf 87' lang='grc' dir='ltr'><strong>ἐν</strong></span> <span class='ocrx_word' id='word_1_324' title='bbox 1587 3588 1797 3653; x_wconf 81' lang='grc' dir='ltr'>τούτοις</span> 
     </span>
    </p>
   </div>
   <div class='ocr_carea' id='block_1_45' title="bbox 224 3681 1801 3755">
    <p class='ocr_par' dir='ltr' id='par_1_45' title="bbox 224 3681 1801 3755">
     <span class='ocr_line' id='line_1_46' title="bbox 224 3681 1801 3755; baseline -0.006 -9"><span class='ocrx_word' id='word_1_325' title='bbox 224 3692 324 3746; x_wconf 81' lang='grc' dir='ltr'>καὶ</span> <span class='ocrx_word' id='word_1_326' title='bbox 356 3689 549 3752; x_wconf 78' lang='grc' dir='ltr'>ἓνωσις</span> <span class='ocrx_word' id='word_1_327' title='bbox 588 3686 685 3740; x_wconf 67' lang='grc' dir='ltr'>καὶ</span> <span class='ocrx_word' id='word_1_328' title='bbox 706 3684 994 3755; x_wconf 88' lang='grc' dir='ltr'>διαίρεσις,</span> <span class='ocrx_word' id='word_1_329' title='bbox 1023 3681 1150 3738; x_wconf 78' lang='grc' dir='ltr'>οὔτε</span> <span class='ocrx_word' id='word_1_330' title='bbox 1184 3683 1284 3755; x_wconf 83' lang='grc' dir='ltr'>τῆς</span> <span class='ocrx_word' id='word_1_331' title='bbox 1310 3683 1421 3737; x_wconf 84' lang='grc' dir='ltr'><strong>τῶν</strong></span> <span class='ocrx_word' id='word_1_332' title='bbox 1451 3682 1801 3736; x_wconf 81' lang='grc' dir='ltr'>ὑποστάσεων</span> 
     </span>
    </p>
   </div>
   <div class='ocr_carea' id='block_1_46' title="bbox 224 3771 1802 3855">
    <p class='ocr_par' dir='ltr' id='par_1_46' title="bbox 224 3771 1802 3855">
     <span class='ocr_line' id='line_1_47' title="bbox 224 3771 1802 3855; baseline -0.01 -16"><span class='ocrx_word' id='word_1_333' title='bbox 224 3783 493 3855; x_wconf 64' lang='grc' dir='ltr'>διαφορᾶς</span> <span class='ocrx_word' id='word_1_334' title='bbox 540 3780 602 3834; x_wconf 86' lang='grc' dir='ltr'>τὸ</span> <span class='ocrx_word' id='word_1_335' title='bbox 662 3778 888 3849; x_wconf 82' lang='grc' dir='ltr'>συνεχὲς</span> <span class='ocrx_word' id='word_1_336' title='bbox 936 3775 1049 3829; x_wconf 84' lang='grc' dir='ltr'><strong>τῶν</strong></span> <span class='ocrx_word' id='word_1_337' title='bbox 1107 3773 1322 3844; x_wconf 82' lang='grc' dir='ltr'>φύσεων</span> <span class='ocrx_word' id='word_1_338' title='bbox 1353 3771 1666 3845; x_wconf 82' lang='grc' dir='ltr'>[φυσικῶν]</span> <span class='ocrx_word' id='word_1_339' title='bbox 1688 3773 1802 3825; x_wconf 85' lang='grc' dir='ltr'>δια-</span> 
     </span>
    </p>
   </div>
   <div class='ocr_carea' id='block_1_47' title="bbox 229 3864 1802 3945">
    <p class='ocr_par' dir='ltr' id='par_1_47' title="bbox 229 3864 1802 3945">
     <span class='ocr_line' id='line_1_48' title="bbox 229 3864 1802 3945; baseline -0.008 -15"><span class='ocrx_word' id='word_1_340' title='bbox 229 3874 477 3945; x_wconf 72' lang='grc' dir='ltr'>σπώσης,</span> <span class='ocrx_word' id='word_1_341' title='bbox 504 3871 651 3941; x_wconf 42' lang='grc' dir='ltr'>οὔτε,</span> <span class='ocrx_word' id='word_1_342' title='bbox 689 3870 790 3941; x_wconf 82' lang='grc' dir='ltr'>τῆς</span> <span class='ocrx_word' id='word_1_343' title='bbox 849 3867 993 3923; x_wconf 84' lang='grc' dir='ltr'>κατὰ</span> <span class='ocrx_word' id='word_1_344' title='bbox 1040 3864 1140 3939; x_wconf 80' lang='grc' dir='ltr'><strong>τὴν</strong></span> <span class='ocrx_word' id='word_1_345' title='bbox 1197 3865 1388 3920; x_wconf 85' lang='grc' dir='ltr'>οὐσίαν</span> <span class='ocrx_word' id='word_1_346' title='bbox 1419 3865 1714 3935; x_wconf 84' lang='grc' dir='ltr'>συναφείας</span> <span class='ocrx_word' id='word_1_347' title='bbox 1740 3864 1802 3918; x_wconf 82' lang='grc' dir='ltr'>τὸ</span> 
     </span>
    </p>
   </div>
   <div class='ocr_carea' id='block_1_48' title="bbox 226 3956 1803 4034">
    <p class='ocr_par' dir='ltr' id='par_1_48' title="bbox 226 3956 1803 4034">
     <span class='ocr_line' id='line_1_49' title="bbox 226 3956 1803 4034; baseline -0.009 -11"><span class='ocrx_word' id='word_1_348' title='bbox 226 3970 365 4024; x_wconf 80' lang='grc' dir='ltr'>ῑδιον</span> <span class='ocrx_word' id='word_1_349' title='bbox 399 3965 508 4020; x_wconf 86' lang='grc' dir='ltr'><strong>τῶν</strong></span> <span class='ocrx_word' id='word_1_350' title='bbox 540 3961 942 4034; x_wconf 83' lang='grc' dir='ltr'>γνωρισμάτων</span> <span class='ocrx_word' id='word_1_351' title='bbox 991 3958 1363 4031; x_wconf 77' lang='grc' dir='ltr'>ἀναχεοὺσης’</span> <span class='ocrx_word' id='word_1_352' title='bbox 1396 3957 1493 4012; x_wconf 77' lang='grc' dir='ltr'>καὶ</span> <span class='ocrx_word' id='word_1_353' title='bbox 1532 3956 1680 4010; x_wconf 73' lang='grc' dir='ltr'>ἐστιν</span> <span class='ocrx_word' id='word_1_354' title='bbox 1711 3956 1803 4011; x_wconf 78' lang='grc' dir='ltr'>ἐπὶ</span> 
     </span>
    </p>
   </div>
   <div class='ocr_carea' id='block_1_49' title="bbox 225 4046 1799 4124">
    <p class='ocr_par' dir='ltr' id='par_1_49' title="bbox 225 4046 1799 4124">
     <span class='ocr_line' id='line_1_50' title="bbox 225 4046 1799 4124; baseline -0.009 -12"><span class='ocrx_word' id='word_1_355' title='bbox 225 4059 501 4112; x_wconf 85' lang='grc' dir='ltr'>τούτων...</span> <span class='ocrx_word' id='word_1_356' title='bbox 528 4056 621 4109; x_wconf 74' lang='grc' dir='ltr'>καὶ</span> <span class='ocrx_word' id='word_1_357' title='bbox 650 4053 921 4124; x_wconf 83' lang='grc' dir='ltr'>διάκρισις</span> <span class='ocrx_word' id='word_1_358' title='bbox 942 4049 1282 4122; x_wconf 84' lang='grc' dir='ltr'>συνημμένη,</span> <span class='ocrx_word' id='word_1_359' title='bbox 1302 4048 1398 4103; x_wconf 75' lang='grc' dir='ltr'>καὶ</span> <span class='ocrx_word' id='word_1_360' title='bbox 1416 4046 1799 4118; x_wconf 80' lang='grc' dir='ltr'>διακεκριμένη</span> 
     </span>
    </p>
   </div>
   <div class='ocr_carea' id='block_1_50' title="bbox 228 4141 1802 4219">
    <p class='ocr_par' dir='ltr' id='par_1_50' title="bbox 228 4141 1802 4219">
     <span class='ocr_line' id='line_1_51' title="bbox 228 4141 1802 4219; baseline -0.01 -13"><span class='ocrx_word' id='word_1_361' title='bbox 228 4150 520 4219; x_wconf 77' lang='grc' dir='ltr'>συνάφεια.</span> <span class='ocrx_word' id='word_1_362' title='bbox 584 4146 941 4217; x_wconf 86' lang='grc' dir='ltr'>Προκείσεται</span> <span class='ocrx_word' id='word_1_363' title='bbox 980 4143 1039 4198; x_wconf 76' lang='grc' dir='ltr'>δὲ</span> <span class='ocrx_word' id='word_1_364' title='bbox 1094 4144 1187 4197; x_wconf 87' lang='grc' dir='ltr'><strong>καί</strong></span> <span class='ocrx_word' id='word_1_365' title='bbox 1227 4159 1281 4195; x_wconf 88' lang='grc' dir='ltr'><strong>τι</strong></span> <span class='ocrx_word' id='word_1_366' title='bbox 1323 4141 1461 4213; x_wconf 81' lang='grc' dir='ltr'>πρὸς</span> <span class='ocrx_word' id='word_1_367' title='bbox 1509 4141 1802 4209; x_wconf 75' lang='grc' dir='ltr'>ἐπίγνωσιν</span> 
     </span>
    </p>
   </div>
   <div class='ocr_carea' id='block_1_51' title="bbox 228 4230 1801 4314">
    <p class='ocr_par' dir='ltr' id='par_1_51' title="bbox 228 4230 1801 4314">
     <span class='ocr_line' id='line_1_52' title="bbox 228 4230 1801 4314; baseline -0.008 -17"><span class='ocrx_word' id='word_1_368' title='bbox 228 4242 483 4314; x_wconf 78' lang='grc' dir='ltr'>ἀμυδρὰν</span> <span class='ocrx_word' id='word_1_369' title='bbox 510 4240 818 4310; x_wconf 76' lang='grc' dir='ltr'>ὑπόδειγμα</span> <span class='ocrx_word' id='word_1_370' title='bbox 848 4254 862 4268; x_wconf 76' lang='grc' dir='ltr'><strong><em>ο</em></strong></span> <span class='ocrx_word' id='word_1_371' title='bbox 901 4235 1101 4309; x_wconf 81' lang='grc' dir='ltr'>μᾶλλον</span> <span class='ocrx_word' id='word_1_372' title='bbox 1119 4234 1175 4288; x_wconf 89' lang='grc' dir='ltr'><strong>δέ</strong></span> <span class='ocrx_word' id='word_1_373' title='bbox 1205 4232 1334 4288; x_wconf 83' lang='grc' dir='ltr'>σκιὰ</span> <span class='ocrx_word' id='word_1_374' title='bbox 1350 4232 1451 4303; x_wconf 81' lang='grc' dir='ltr'>τῆς</span> <span class='ocrx_word' id='word_1_375' title='bbox 1466 4230 1801 4304; x_wconf 82' lang='grc' dir='ltr'>ἁληθείας,ή</span> 
     </span>
    </p>
   </div>
   <div class='ocr_carea' id='block_1_52' title="bbox 227 4321 1801 4406">
    <p class='ocr_par' dir='ltr' id='par_1_52' title="bbox 227 4321 1801 4406">
     <span class='ocr_line' id='line_1_53' title="bbox 227 4321 1801 4406; baseline -0.009 -17"><span class='ocrx_word' id='word_1_376' title='bbox 227 4335 533 4406; x_wconf 80' lang='grc' dir='ltr'>πολύχροος</span> <span class='ocrx_word' id='word_1_377' title='bbox 563 4334 689 4403; x_wconf 83' lang='grc' dir='ltr'>ἶρις.</span> <span class='ocrx_word' id='word_1_378' title='bbox 718 4330 944 4385; x_wconf 83' lang='grc' dir='ltr'>Πάντων</span> <span class='ocrx_word' id='word_1_379' title='bbox 981 4327 1092 4397; x_wconf 83' lang='grc' dir='ltr'>γὰρ</span> <span class='ocrx_word' id='word_1_380' title='bbox 1116 4326 1226 4379; x_wconf 87' lang='grc' dir='ltr'><strong>τῶν</strong></span> <span class='ocrx_word' id='word_1_381' title='bbox 1269 4326 1327 4379; x_wconf 87' lang='grc' dir='ltr'><strong>ἐν</strong></span> <span class='ocrx_word' id='word_1_382' title='bbox 1363 4324 1537 4397; x_wconf 81' lang='grc' dir='ltr'>ταύτῃ</span> <span class='ocrx_word' id='word_1_383' title='bbox 1577 4321 1801 4395; x_wconf 81' lang='grc' dir='ltr'>χρωμά-</span> 
     </span>
    </p>
   </div>
   <div class='ocr_carea' id='block_1_53' title="bbox 227 4416 1800 4496">
    <p class='ocr_par' dir='ltr' id='par_1_53' title="bbox 227 4416 1800 4496">
     <span class='ocr_line' id='line_1_54' title="bbox 227 4416 1800 4496; baseline -0.01 -11"><span class='ocrx_word' id='word_1_384' title='bbox 227 4448 342 4485; x_wconf 84' lang='grc' dir='ltr'><strong>των</strong></span> <span class='ocrx_word' id='word_1_385' title='bbox 378 4431 433 4483; x_wconf 88' lang='grc' dir='ltr'><strong>αί</strong></span> <span class='ocrx_word' id='word_1_386' title='bbox 467 4428 653 4496; x_wconf 71' lang='grc' dir='ltr'>αὐγαὶ,</span> <span class='ocrx_word' id='word_1_387' title='bbox 680 4424 774 4478; x_wconf 74' lang='grc' dir='ltr'>καὶ</span> <span class='ocrx_word' id='word_1_388' title='bbox 796 4420 1207 4494; x_wconf 82' lang='grc' dir='ltr'>διακεκριμέναι</span> <span class='ocrx_word' id='word_1_389' title='bbox 1236 4418 1536 4489; x_wconf 84' lang='grc' dir='ltr'>φαίνονται,</span> <span class='ocrx_word' id='word_1_390' title='bbox 1567 4417 1647 4488; x_wconf 83' lang='grc' dir='ltr'>τῷ</span> <span class='ocrx_word' id='word_1_391' title='bbox 1670 4416 1800 4488; x_wconf 85' lang='grc' dir='ltr'>τηλ-</span> 
     </span>
    </p>
   </div>
   <div class='ocr_carea' id='block_1_54' title="bbox 229 4510 1801 4593">
    <p class='ocr_par' dir='ltr' id='par_1_54' title="bbox 229 4510 1801 4593">
     <span class='ocr_line' id='line_1_55' title="bbox 229 4510 1801 4593; baseline -0.008 -16"><span class='ocrx_word' id='word_1_392' title='bbox 229 4526 422 4593; x_wconf 87' lang='grc' dir='ltr'>αυγεῖς</span> <span class='ocrx_word' id='word_1_393' title='bbox 464 4520 602 4575; x_wconf 73' lang='grc' dir='ltr'>εἶναι</span> <span class='ocrx_word' id='word_1_394' title='bbox 628 4558 643 4579; x_wconf 85' lang='grc'><strong>.</strong></span> <span class='ocrx_word' id='word_1_395' title='bbox 671 4519 765 4573; x_wconf 78' lang='grc' dir='ltr'>καὶ</span> <span class='ocrx_word' id='word_1_396' title='bbox 811 4515 1154 4587; x_wconf 83' lang='grc' dir='ltr'>συνηνῶσθαι</span> <span class='ocrx_word' id='word_1_397' title='bbox 1202 4513 1440 4579; x_wconf 86' lang='grc' dir='ltr'>δοκοῦσι,</span> <span class='ocrx_word' id='word_1_398' title='bbox 1470 4512 1549 4583; x_wconf 84' lang='grc' dir='ltr'>τῷ</span> <span class='ocrx_word' id='word_1_399' title='bbox 1604 4510 1801 4565; x_wconf 87' lang='grc' dir='ltr'>λανθά-</span> 
     </span>
    </p>
   </div>
   <div class='ocr_carea' id='block_1_55' title="bbox 230 4604 1800 4682">
    <p class='ocr_par' dir='ltr' id='par_1_55' title="bbox 230 4604 1800 4682">
     <span class='ocr_line' id='line_1_56' title="bbox 230 4604 1800 4682; baseline -0.01 -12"><span class='ocrx_word' id='word_1_400' title='bbox 230 4634 349 4671; x_wconf 87' lang='grc' dir='ltr'>νειν</span> <span class='ocrx_word' id='word_1_401' title='bbox 390 4614 489 4677; x_wconf 83' lang='grc' dir='ltr'><strong>τὰς</strong></span> <span class='ocrx_word' id='word_1_402' title='bbox 528 4612 678 4682; x_wconf 69' lang='grc' dir='ltr'>δψεις</span> <span class='ocrx_word' id='word_1_403' title='bbox 727 4608 885 4682; x_wconf 81' lang='grc' dir='ltr'>ἡμῶν</span> <span class='ocrx_word' id='word_1_404' title='bbox 915 4610 1045 4671; x_wconf 79' lang='grc' dir='ltr'>τοὺς</span> <span class='ocrx_word' id='word_1_405' title='bbox 1088 4607 1248 4679; x_wconf 83' lang='grc' dir='ltr'>ὄρους</span> <span class='ocrx_word' id='word_1_406' title='bbox 1291 4605 1401 4659; x_wconf 84' lang='grc' dir='ltr'><strong>τῶν</strong></span> <span class='ocrx_word' id='word_1_407' title='bbox 1424 4604 1644 4675; x_wconf 82' lang='grc' dir='ltr'>μίξεων,</span> <span class='ocrx_word' id='word_1_408' title='bbox 1673 4605 1800 4666; x_wconf 76' lang='grc' dir='ltr'>τοὺς</span> 
     </span>
    </p>
   </div>
   <div class='ocr_carea' id='block_1_56' title="bbox 233 4695 1794 4776">
    <p class='ocr_par' dir='ltr' id='par_1_56' title="bbox 233 4695 1794 4776">
     <span class='ocr_line' id='line_1_57' title="bbox 233 4695 1794 4776; baseline -0.008 -16"><span class='ocrx_word' id='word_1_409' title='bbox 233 4705 616 4776; x_wconf 86' lang='grc' dir='ltr'>διακρίνοντας</span> <span class='ocrx_word' id='word_1_410' title='bbox 662 4700 761 4764; x_wconf 81' lang='grc' dir='ltr'><strong>τὰς</strong></span> <span class='ocrx_word' id='word_1_411' title='bbox 789 4699 897 4753; x_wconf 83' lang='grc' dir='ltr'><strong>τῶν</strong></span> <span class='ocrx_word' id='word_1_412' title='bbox 929 4698 1105 4770; x_wconf 82' lang='grc' dir='ltr'>χροῶν</span> <span class='ocrx_word' id='word_1_413' title='bbox 1146 4696 1472 4768; x_wconf 81' lang='grc' dir='ltr'>ἑτερότητας</span> <span class='ocrx_word' id='word_1_414' title='bbox 1504 4711 1518 4726; x_wconf 89' lang='grc'><strong>·</strong></span> <span class='ocrx_word' id='word_1_415' title='bbox 1543 4695 1620 4759; x_wconf 85' lang='grc' dir='ltr'>ὼς</span> <span class='ocrx_word' id='word_1_416' title='bbox 1645 4695 1794 4766; x_wconf 83' lang='grc' dir='ltr'><strong>ἁμή-</strong></span> 
     </span>
    </p>
   </div>
   <div class='ocr_carea' id='block_1_57' title="bbox 232 4787 1792 4872">
    <p class='ocr_par' dir='ltr' id='par_1_57' title="bbox 232 4787 1792 4872">
     <span class='ocr_line' id='line_1_58' title="bbox 232 4787 1792 4872; baseline -0.004 -23"><span class='ocrx_word' id='word_1_417' title='bbox 232 4815 401 4872; x_wconf 80' lang='grc' dir='ltr'>χανον</span> <span class='ocrx_word' id='word_1_418' title='bbox 442 4794 712 4866; x_wconf 81' lang='grc' dir='ltr'>ἐξευρεῖν,</span> <span class='ocrx_word' id='word_1_419' title='bbox 744 4792 905 4864; x_wconf 80' lang='grc' dir='ltr'>μέχρι</span> <span class='ocrx_word' id='word_1_420' title='bbox 938 4790 1083 4854; x_wconf 86' lang='grc' dir='ltr'>τίνος</span> <span class='ocrx_word' id='word_1_421' title='bbox 1120 4790 1321 4861; x_wconf 84' lang='grc' dir='ltr'>’ἐστηκε</span> <span class='ocrx_word' id='word_1_422' title='bbox 1345 4788 1404 4842; x_wconf 72' lang='grc' dir='ltr'>τὸ</span> <span class='ocrx_word' id='word_1_423' title='bbox 1438 4789 1720 4858; x_wconf 87' lang='grc' dir='ltr'>πυραυγές</span> <span class='ocrx_word' id='word_1_424' title='bbox 1759 4787 1792 4858; x_wconf 85' lang='grc' dir='ltr'>ἢ</span> 
     </span>
    </p>
   </div>
   <div class='ocr_carea' id='block_1_58' title="bbox 235 4880 1805 4962">
    <p class='ocr_par' dir='ltr' id='par_1_58' title="bbox 235 4880 1805 4962">
     <span class='ocr_line' id='line_1_59' title="bbox 235 4880 1805 4962; baseline -0.008 -17"><span class='ocrx_word' id='word_1_425' title='bbox 235 4888 603 4962; x_wconf 75' lang='grc' dir='ltr'>σμαραγδίζον</span> <span class='ocrx_word' id='word_1_426' title='bbox 624 4888 744 4948; x_wconf 83' lang='grc' dir='ltr'>ταῖς</span> <span class='ocrx_word' id='word_1_427' title='bbox 774 4884 1012 4953; x_wconf 84' lang='grc' dir='ltr'>αῐγλαις,</span> <span class='ocrx_word' id='word_1_428' title='bbox 1038 4882 1071 4953; x_wconf 79' lang='grc' dir='ltr'>ἢ</span> <span class='ocrx_word' id='word_1_429' title='bbox 1103 4882 1331 4953; x_wconf 79' lang='grc' dir='ltr'>χλοάζον</span> <span class='ocrx_word' id='word_1_430' title='bbox 1352 4883 1473 4945; x_wconf 82' lang='grc' dir='ltr'>ταῖς</span> <span class='ocrx_word' id='word_1_431' title='bbox 1500 4880 1805 4952; x_wconf 81' lang='grc' dir='ltr'>λαμπηδόσι</span> 
     </span>
    </p>
   </div>
   <div class='ocr_carea' id='block_1_59' title="bbox 236 4973 1805 5055">
    <p class='ocr_par' dir='ltr' id='par_1_59' title="bbox 236 4973 1805 5055">
     <span class='ocr_line' id='line_1_60' title="bbox 236 4973 1805 5055; baseline -0.007 -19"><span class='ocrx_word' id='word_1_432' title='bbox 236 4984 363 5055; x_wconf 77' lang='grc' dir='ltr'>Ῐτὰς</span> <span class='ocrx_word' id='word_1_433' title='bbox 380 4976 775 5050; x_wconf 87' lang='grc' dir='ltr'>λαμπηδόνας],</span> <span class='ocrx_word' id='word_1_434' title='bbox 804 4976 900 5029; x_wconf 75' lang='grc' dir='ltr'>καὶ</span> <span class='ocrx_word' id='word_1_435' title='bbox 930 4975 1024 5028; x_wconf 74' lang='grc' dir='ltr'>ἐπὶ</span> <span class='ocrx_word' id='word_1_436' title='bbox 1054 4976 1201 5038; x_wconf 88' lang='grc' dir='ltr'>τίνος</span> <span class='ocrx_word' id='word_1_437' title='bbox 1224 4974 1453 5047; x_wconf 77' lang='grc' dir='ltr'>ἄρχεται</span> <span class='ocrx_word' id='word_1_438' title='bbox 1474 4988 1487 5005; x_wconf 76' lang='grc' dir='ltr'><strong>ο</strong></span> <span class='ocrx_word' id='word_1_439' title='bbox 1523 4973 1805 5026; x_wconf 82' lang='grc' dir='ltr'>παιδεύον-</span> 
     </span>
    </p>
   </div>
   <div class='ocr_carea' id='block_1_60' title="bbox 239 5065 1804 5143">
    <p class='ocr_par' dir='ltr' id='par_1_60' title="bbox 239 5065 1804 5143">
     <span class='ocr_line' id='line_1_61' title="bbox 239 5065 1804 5143; baseline -0.009 -14"><span class='ocrx_word' id='word_1_440' title='bbox 239 5091 355 5139; x_wconf 78' lang='grc' dir='ltr'>τος,</span> <span class='ocrx_word' id='word_1_441' title='bbox 386 5068 561 5143; x_wconf 70' lang='grc' dir='ltr'>οἶμαι,</span> <span class='ocrx_word' id='word_1_442' title='bbox 589 5069 703 5132; x_wconf 88' lang='grc' dir='ltr'>τοῦ,</span> <span class='ocrx_word' id='word_1_443' title='bbox 730 5068 888 5137; x_wconf 75' lang='grc' dir='ltr'>λόγου</span> <span class='ocrx_word' id='word_1_444' title='bbox 918 5068 1012 5122; x_wconf 75' lang='grc' dir='ltr'>καὶ</span> <span class='ocrx_word' id='word_1_445' title='bbox 1035 5066 1123 5121; x_wconf 83' lang='grc' dir='ltr'><strong>διὰ</strong></span> <span class='ocrx_word' id='word_1_446' title='bbox 1152 5066 1253 5137; x_wconf 84' lang='grc' dir='ltr'>τῆς</span> <span class='ocrx_word' id='word_1_447' title='bbox 1278 5066 1510 5129; x_wconf 89' lang='grc' dir='ltr'>κτίσεως</span> <span class='ocrx_word' id='word_1_448' title='bbox 1542 5066 1708 5136; x_wconf 76' lang='grc' dir='ltr'>ἡμᾶς,</span> <span class='ocrx_word' id='word_1_449' title='bbox 1731 5065 1804 5136; x_wconf 81' lang='grc' dir='ltr'>μὴ</span> 
     </span>
    </p>
   </div>
   <div class='ocr_carea' id='block_1_61' title="bbox 240 5156 1803 5231">
    <p class='ocr_par' dir='ltr' id='par_1_61' title="bbox 240 5156 1803 5231">
     <span class='ocr_line' id='line_1_62' title="bbox 240 5156 1803 5231; baseline -0.006 -11"><span class='ocrx_word' id='word_1_450' title='bbox 240 5161 600 5221; x_wconf 81' lang='grc' dir='ltr'>καινοπαθεϊν</span> <span class='ocrx_word' id='word_1_451' title='bbox 645 5163 758 5225; x_wconf 73' lang='grc' dir='ltr'>τοῖς</span> <span class='ocrx_word' id='word_1_452' title='bbox 802 5159 930 5231; x_wconf 75' lang='grc' dir='ltr'>περὶ</span> <span class='ocrx_word' id='word_1_453' title='bbox 976 5158 1082 5211; x_wconf 83' lang='grc' dir='ltr'><strong>τῶν</strong></span> <span class='ocrx_word' id='word_1_454' title='bbox 1124 5157 1415 5229; x_wconf 82' lang='grc' dir='ltr'>δογμάτων</span> <span class='ocrx_word' id='word_1_455' title='bbox 1443 5156 1644 5227; x_wconf 86' lang='grc' dir='ltr'>λόγοις.</span> <span class='ocrx_word' id='word_1_456' title='bbox 1673 5159 1803 5211; x_wconf 85' lang='grc' dir='ltr'>ὃταν</span> 
     </span>
    </p>
   </div>
   <div class='ocr_carea' id='block_1_62' title="bbox 239 5243 1805 5318">
    <p class='ocr_par' dir='ltr' id='par_1_62' title="bbox 239 5243 1805 5318">
     <span class='ocr_line' id='line_1_63' title="bbox 239 5243 1805 5318; baseline -0.005 -13"><span class='ocrx_word' id='word_1_457' title='bbox 239 5254 323 5314; x_wconf 75' lang='grc' dir='ltr'>εἰς</span> <span class='ocrx_word' id='word_1_458' title='bbox 355 5250 418 5304; x_wconf 80' lang='grc' dir='ltr'>τὸ</span> <span class='ocrx_word' id='word_1_459' title='bbox 449 5246 825 5318; x_wconf 77' lang='grc' dir='ltr'>δυσθεώρητον</span> <span class='ocrx_word' id='word_1_460' title='bbox 852 5244 1206 5316; x_wconf 86' lang='grc' dir='ltr'>ἐμπεσόντες,</span> <span class='ocrx_word' id='word_1_461' title='bbox 1234 5243 1371 5314; x_wconf 82' lang='grc' dir='ltr'>πρὸς</span> <span class='ocrx_word' id='word_1_462' title='bbox 1403 5243 1501 5314; x_wconf 81' lang='grc' dir='ltr'>τὴν</span> <span class='ocrx_word' id='word_1_463' title='bbox 1526 5245 1805 5309; x_wconf 82' lang='grc' dir='ltr'>συγκατά-</span> 
     </span>
    </p>
   </div>
   <div class='ocr_carea' id='block_1_63' title="bbox 239 5336 1808 5411">
    <p class='ocr_par' dir='ltr' id='par_1_63' title="bbox 239 5336 1808 5411">
     <span class='ocr_line' id='line_1_64' title="bbox 239 5336 1808 5411; baseline -0.004 -14"><span class='ocrx_word' id='word_1_464' title='bbox 239 5343 394 5397; x_wconf 88' lang='grc' dir='ltr'>θεσιν</span> <span class='ocrx_word' id='word_1_465' title='bbox 458 5342 569 5396; x_wconf 85' lang='grc' dir='ltr'><strong>τῶν</strong></span> <span class='ocrx_word' id='word_1_466' title='bbox 622 5340 931 5411; x_wconf 83' lang='grc' dir='ltr'>λεγομένων</span> <span class='ocrx_word' id='word_1_467' title='bbox 969 5338 1379 5407; x_wconf 80' lang='grc' dir='ltr'>ίλιγγιάσωμεν.</span> <span class='ocrx_word' id='word_1_468' title='bbox 1424 5336 1513 5401; x_wconf 78' lang='grc' dir='ltr'>Ὠς</span> <span class='ocrx_word' id='word_1_469' title='bbox 1560 5337 1670 5409; x_wconf 77' lang='grc' dir='ltr'><strong>γὰρ</strong></span> <span class='ocrx_word' id='word_1_470' title='bbox 1711 5338 1808 5391; x_wconf 75' lang='grc' dir='ltr'>ἐπὶ</span> 
     </span>
    </p>
   </div>
   <div class='ocr_carea' id='block_1_64' title="bbox 235 5425 1809 5500">
    <p class='ocr_par' dir='ltr' id='par_1_64' title="bbox 235 5425 1809 5500">
     <span class='ocr_line' id='line_1_65' title="bbox 235 5425 1809 5500; baseline -0.005 -14"><span class='ocrx_word' id='word_1_471' title='bbox 235 5433 351 5486; x_wconf 84' lang='grc' dir='ltr'><strong>τῶν</strong></span> <span class='ocrx_word' id='word_1_472' title='bbox 412 5433 524 5494; x_wconf 89' lang='grc' dir='ltr'>τοῖς</span> <span class='ocrx_word' id='word_1_473' title='bbox 567 5430 865 5500; x_wconf 79' lang='grc' dir='ltr'>ὀφθαλμοῖς</span> <span class='ocrx_word' id='word_1_474' title='bbox 896 5428 1237 5497; x_wconf 77' lang='grc' dir='ltr'>φαινομένων</span> <span class='ocrx_word' id='word_1_475' title='bbox 1284 5426 1547 5496; x_wconf 85' lang='grc' dir='ltr'>κρείττων</span> <span class='ocrx_word' id='word_1_476' title='bbox 1582 5425 1742 5494; x_wconf 88' lang='grc' dir='ltr'>λόγου</span> <span class='ocrx_word' id='word_1_477' title='bbox 1775 5428 1809 5496; x_wconf 85' lang='grc' dir='ltr'><strong>ή</strong></span> 
     </span>
    </p>
   </div>
   <div class='ocr_carea' id='block_1_65' title="bbox 170 5516 1811 5597">
    <p class='ocr_par' dir='ltr' id='par_1_65' title="bbox 170 5516 1811 5597">
     <span class='ocr_line' id='line_1_66' title="bbox 170 5516 1811 5597; baseline -0.004 -20"><span class='ocrx_word' id='word_1_478' title='bbox 170 5526 173 5529; x_wconf 81' lang='grc'><em>’</em></span> <span class='ocrx_word' id='word_1_479' title='bbox 253 5526 447 5597; x_wconf 80' lang='grc' dir='ltr'>πεῖρα,</span> <span class='ocrx_word' id='word_1_480' title='bbox 470 5522 642 5586; x_wconf 77' lang='grc' dir='ltr'>οὕτως</span> <span class='ocrx_word' id='word_1_481' title='bbox 703 5522 798 5575; x_wconf 73' lang='grc' dir='ltr'>καὶ</span> <span class='ocrx_word' id='word_1_482' title='bbox 855 5520 948 5572; x_wconf 71' lang='grc' dir='ltr'>ἐπὶ</span> <span class='ocrx_word' id='word_1_483' title='bbox 977 5519 1086 5572; x_wconf 82' lang='grc' dir='ltr'><strong>τῶν</strong></span> <span class='ocrx_word' id='word_1_484' title='bbox 1127 5516 1692 5589; x_wconf 80' lang='grc' dir='ltr'>ὑπεραναόεὸηκότων</span> <span class='ocrx_word' id='word_1_485' title='bbox 1727 5517 1811 5571; x_wconf 85' lang='grc' dir='ltr'>δο-</span> 
     </span>
    </p>
   </div>
   <div class='ocr_carea' id='block_1_66' title="bbox 238 5608 1806 5685">
    <p class='ocr_par' dir='ltr' id='par_1_66' title="bbox 238 5608 1806 5685">
     <span class='ocr_line' id='line_1_67' title="bbox 238 5608 1806 5685; baseline -0.004 -17"><span class='ocrx_word' id='word_1_486' title='bbox 238 5614 470 5685; x_wconf 85' lang='grc' dir='ltr'>γμάτων</span> <span class='ocrx_word' id='word_1_487' title='bbox 499 5613 759 5684; x_wconf 86' lang='grc' dir='ltr'>κρείττων</span> <span class='ocrx_word' id='word_1_488' title='bbox 786 5613 818 5682; x_wconf 80' lang='grc' dir='ltr'>ἡ</span> <span class='ocrx_word' id='word_1_489' title='bbox 844 5610 1026 5675; x_wconf 90' lang='grc' dir='ltr'>πίστις</span> <span class='ocrx_word' id='word_1_490' title='bbox 1049 5608 1191 5662; x_wconf 74' lang='grc' dir='ltr'>ἔστω</span> <span class='ocrx_word' id='word_1_491' title='bbox 1240 5608 1337 5678; x_wconf 82' lang='grc' dir='ltr'>τῆς</span> <span class='ocrx_word' id='word_1_492' title='bbox 1390 5609 1480 5663; x_wconf 80' lang='grc' dir='ltr'>διὰ</span> <span class='ocrx_word' id='word_1_493' title='bbox 1514 5609 1621 5664; x_wconf 87' lang='grc' dir='ltr'>τῶν</span> <span class='ocrx_word' id='word_1_494' title='bbox 1661 5608 1806 5678; x_wconf 83' lang='grc' dir='ltr'>λογι-</span> 
     </span>
    </p>
   </div>
   <div class='ocr_carea' id='block_1_67' title="bbox 241 5706 807 5777">
    <p class='ocr_par' dir='ltr' id='par_1_67' title="bbox 241 5706 807 5777">
     <span class='ocr_line' id='line_1_68' title="bbox 241 5706 807 5777; baseline 0.002 -17"><span class='ocrx_word' id='word_1_495' title='bbox 241 5706 398 5777; x_wconf 86' lang='grc' dir='ltr'>σμῶν</span> <span class='ocrx_word' id='word_1_496' title='bbox 432 5706 807 5777; x_wconf 78' lang='grc' dir='ltr'>καταλήψεως.</span> 
     </span>
    </p>
   </div>
   <div class='ocr_carea' id='block_1_68' title="bbox 1897 3047 3478 3114">
    <p class='ocr_par' dir='ltr' id='par_1_68' title="bbox 1897 3047 3478 3114">
     <span class='ocr_line' id='line_1_69' title="bbox 1897 3047 3478 3114; baseline 0.006 -13"><span class='ocrx_word' id='word_1_497' title='bbox 1897 3047 2263 3101; x_wconf 79' lang='lat' dir='ltr'><strong>essentialitcr</strong></span> <span class='ocrx_word' id='word_1_498' title='bbox 2302 3048 2400 3102; x_wconf 89' lang='lat' dir='ltr'><strong>Dei</strong></span> <span class='ocrx_word' id='word_1_499' title='bbox 2440 3056 2526 3102; x_wconf 86' lang='lat' dir='ltr'><strong>est</strong></span> <span class='ocrx_word' id='word_1_500' title='bbox 2562 3058 2618 3102; x_wconf 91' lang='lat' dir='ltr'><strong>et</strong></span> <span class='ocrx_word' id='word_1_501' title='bbox 2658 3048 2850 3114; x_wconf 87' lang='lat' dir='ltr'><strong>Patris,</strong></span> <span class='ocrx_word' id='word_1_502' title='bbox 2897 3051 2970 3105; x_wconf 91' lang='lat' dir='ltr'><strong>ita</strong></span> <span class='ocrx_word' id='word_1_503' title='bbox 3017 3060 3073 3106; x_wconf 91' lang='lat' dir='ltr'><strong>et</strong></span> <span class='ocrx_word' id='word_1_504' title='bbox 3117 3053 3238 3108; x_wconf 87' lang='lat' dir='ltr'><strong>Filii</strong></span> <span class='ocrx_word' id='word_1_505' title='bbox 3281 3063 3478 3112; x_wconf 71' lang='lat' dir='ltr'><strong>natura</strong></span> 
     </span>
    </p>
   </div>
   <div class='ocr_carea' id='block_1_69' title="bbox 1895 3139 3476 3215">
    <p class='ocr_par' dir='ltr' id='par_1_69' title="bbox 1895 3139 3476 3215">
     <span class='ocr_line' id='line_1_70' title="bbox 1895 3139 3476 3215; baseline 0.006 -22"><span class='ocrx_word' id='word_1_506' title='bbox 1895 3139 2261 3194; x_wconf 84' lang='lat' dir='ltr'><strong>essentialiter</strong></span> <span class='ocrx_word' id='word_1_507' title='bbox 2288 3140 2523 3206; x_wconf 83' lang='lat' dir='ltr'><strong>exsistit,</strong></span> <span class='ocrx_word' id='word_1_508' title='bbox 2566 3149 2627 3195; x_wconf 91' lang='lat' dir='ltr'><strong>ut</strong></span> <span class='ocrx_word' id='word_1_509' title='bbox 2667 3142 2762 3211; x_wconf 90' lang='lat' dir='ltr'><strong>qui</strong></span> <span class='ocrx_word' id='word_1_510' title='bbox 2812 3158 2843 3196; x_wconf 85' lang='lat' dir='ltr'><strong>a</strong></span> <span class='ocrx_word' id='word_1_511' title='bbox 2894 3142 3074 3208; x_wconf 84' lang='lat' dir='ltr'><strong>Patre,</strong></span> <span class='ocrx_word' id='word_1_512' title='bbox 3129 3161 3228 3215; x_wconf 89' lang='lat' dir='ltr'><strong>per</strong></span> <span class='ocrx_word' id='word_1_513' title='bbox 3275 3146 3476 3203; x_wconf 85' lang='lat' dir='ltr'><strong>Filium</strong></span> 
     </span>
    </p>
   </div>
   <div class='ocr_carea' id='block_1_70' title="bbox 1899 3229 3483 3310">
    <p class='ocr_par' dir='ltr' id='par_1_70' title="bbox 1899 3229 3483 3310">
     <span class='ocr_line' id='line_1_71' title="bbox 1899 3229 3483 3310; baseline 0.007 -27"><span class='ocrx_word' id='word_1_514' title='bbox 1899 3229 2014 3302; x_wconf 87' lang='lat' dir='ltr'><strong>(qui</strong></span> <span class='ocrx_word' id='word_1_515' title='bbox 2044 3232 2210 3286; x_wconf 89' lang='lat' dir='ltr'><strong>nullis</strong></span> <span class='ocrx_word' id='word_1_516' title='bbox 2230 3232 2414 3287; x_wconf 89' lang='lat' dir='ltr'><strong>verbis</strong></span> <span class='ocrx_word' id='word_1_517' title='bbox 2437 3232 2749 3302; x_wconf 78' lang='lat' dir='ltr'><strong>explicabili</strong></span> <span class='ocrx_word' id='word_1_518' title='bbox 2779 3235 2991 3291; x_wconf 89' lang='lat' dir='ltr'><strong>ratione</strong></span> <span class='ocrx_word' id='word_1_519' title='bbox 3019 3246 3183 3293; x_wconf 85' lang='lat' dir='ltr'><strong>natus</strong></span> <span class='ocrx_word' id='word_1_520' title='bbox 3212 3238 3317 3310; x_wconf 86' lang='lat' dir='ltr'><strong>est)</strong></span> <span class='ocrx_word' id='word_1_521' title='bbox 3348 3240 3483 3294; x_wconf 87' lang='lat' dir='ltr'><strong>sub-</strong></span> 
     </span>
    </p>
   </div>
   <div class='ocr_carea' id='block_1_71' title="bbox 1897 3324 3479 3397">
    <p class='ocr_par' dir='ltr' id='par_1_71' title="bbox 1897 3324 3479 3397">
     <span class='ocr_line' id='line_1_72' title="bbox 1897 3324 3479 3397; baseline 0.006 -20"><span class='ocrx_word' id='word_1_522' title='bbox 1897 3324 2225 3379; x_wconf 86' lang='lat' dir='ltr'><strong>stantialiter</strong></span> <span class='ocrx_word' id='word_1_523' title='bbox 2254 3325 2534 3395; x_wconf 87' lang='lat' dir='ltr'><strong>procedat.</strong></span> <span class='ocrx_word' id='word_1_524' title='bbox 2566 3325 2729 3379; x_wconf 90' lang='lat' dir='ltr'><strong>Nullo</strong></span> <span class='ocrx_word' id='word_1_525' title='bbox 2761 3325 2929 3397; x_wconf 81' lang='lat' dir='ltr'><strong>igitur</strong></span> <span class='ocrx_word' id='word_1_526' title='bbox 2971 3328 3133 3382; x_wconf 90' lang='lat' dir='ltr'><strong>modo</strong></span> <span class='ocrx_word' id='word_1_527' title='bbox 3166 3329 3337 3385; x_wconf 88' lang='lat' dir='ltr'><strong>sectio</strong></span> <span class='ocrx_word' id='word_1_528' title='bbox 3370 3332 3479 3387; x_wconf 90' lang='lat' dir='ltr'><strong>ulla</strong></span> 
     </span>
    </p>
   </div>
   <div class='ocr_carea' id='block_1_72' title="bbox 1898 3413 3479 3486">
    <p class='ocr_par' dir='ltr' id='par_1_72' title="bbox 1898 3413 3479 3486">
     <span class='ocr_line' id='line_1_73' title="bbox 1898 3413 3479 3486; baseline 0.003 -17"><span class='ocrx_word' id='word_1_529' title='bbox 1898 3424 1993 3469; x_wconf 90' lang='lat' dir='ltr'><strong>aut</strong></span> <span class='ocrx_word' id='word_1_530' title='bbox 2038 3413 2235 3469; x_wconf 86' lang='lat' dir='ltr'><strong>divisio</strong></span> <span class='ocrx_word' id='word_1_531' title='bbox 2282 3415 2633 3486; x_wconf 88' lang='lat' dir='ltr'><strong>intelligenda</strong></span> <span class='ocrx_word' id='word_1_532' title='bbox 2674 3424 2777 3481; x_wconf 91' lang='lat' dir='ltr'><strong>est,</strong></span> <span class='ocrx_word' id='word_1_533' title='bbox 2830 3415 2983 3485; x_wconf 89' lang='lat' dir='ltr'><strong>quasi</strong></span> <span class='ocrx_word' id='word_1_534' title='bbox 3030 3425 3123 3470; x_wconf 89' lang='lat' dir='ltr'><strong>aut</strong></span> <span class='ocrx_word' id='word_1_535' title='bbox 3162 3417 3323 3472; x_wconf 87' lang='lat' dir='ltr'><strong>Pater</strong></span> <span class='ocrx_word' id='word_1_536' title='bbox 3359 3419 3479 3475; x_wconf 88' lang='lat' dir='ltr'><strong>sine</strong></span> 
     </span>
    </p>
   </div>
   <div class='ocr_carea' id='block_1_73' title="bbox 1899 3506 3482 3579">
    <p class='ocr_par' dir='ltr' id='par_1_73' title="bbox 1899 3506 3482 3579">
     <span class='ocr_line' id='line_1_74' title="bbox 1899 3506 3482 3579; baseline 0.003 -18"><span class='ocrx_word' id='word_1_537' title='bbox 1899 3507 2036 3561; x_wconf 90' lang='lat' dir='ltr'><strong>Filio</strong></span> <span class='ocrx_word' id='word_1_538' title='bbox 2066 3506 2422 3577; x_wconf 88' lang='lat' dir='ltr'><strong>intelligatur,</strong></span> <span class='ocrx_word' id='word_1_539' title='bbox 2449 3516 2543 3561; x_wconf 90' lang='lat' dir='ltr'><strong>aut</strong></span> <span class='ocrx_word' id='word_1_540' title='bbox 2570 3506 2742 3562; x_wconf 86' lang='lat' dir='ltr'><strong>Filius</strong></span> <span class='ocrx_word' id='word_1_541' title='bbox 2765 3506 2974 3577; x_wconf 89' lang='lat' dir='ltr'><strong>absque</strong></span> <span class='ocrx_word' id='word_1_542' title='bbox 2999 3507 3205 3579; x_wconf 90' lang='lat' dir='ltr'><strong>Spiritu</strong></span> <span class='ocrx_word' id='word_1_543' title='bbox 3234 3526 3247 3563; x_wconf 92' lang='lat'><strong>:</strong></span> <span class='ocrx_word' id='word_1_544' title='bbox 3274 3509 3370 3565; x_wconf 90' lang='lat' dir='ltr'><strong>sed</strong></span> <span class='ocrx_word' id='word_1_545' title='bbox 3395 3519 3482 3566; x_wconf 86' lang='lat' dir='ltr'><strong>est</strong></span> 
     </span>
    </p>
   </div>
   <div class='ocr_carea' id='block_1_74' title="bbox 1900 3596 3477 3673">
    <p class='ocr_par' dir='ltr' id='par_1_74' title="bbox 1900 3596 3477 3673">
     <span class='ocr_line' id='line_1_75' title="bbox 1900 3596 3477 3673; baseline 0.004 -23"><span class='ocrx_word' id='word_1_546' title='bbox 1900 3596 1954 3651; x_wconf 92' lang='lat' dir='ltr'><strong>in</strong></span> <span class='ocrx_word' id='word_1_547' title='bbox 1979 3597 2108 3663; x_wconf 88' lang='lat' dir='ltr'><strong>illis,</strong></span> <span class='ocrx_word' id='word_1_548' title='bbox 2133 3613 2255 3667; x_wconf 72' lang='lat' dir='ltr'><strong>qua:</strong></span> <span class='ocrx_word' id='word_1_549' title='bbox 2290 3612 2392 3652; x_wconf 91' lang='lat' dir='ltr'><strong>nec</strong></span> <span class='ocrx_word' id='word_1_550' title='bbox 2416 3596 2598 3652; x_wconf 87' lang='lat' dir='ltr'><strong>verbis</strong></span> <span class='ocrx_word' id='word_1_551' title='bbox 2624 3597 2885 3667; x_wconf 85' lang='lat' dir='ltr'><strong>explicari</strong></span> <span class='ocrx_word' id='word_1_552' title='bbox 2916 3613 3018 3654; x_wconf 89' lang='lat' dir='ltr'><strong>nec</strong></span> <span class='ocrx_word' id='word_1_553' title='bbox 3037 3606 3222 3656; x_wconf 88' lang='lat' dir='ltr'><strong>mente</strong></span> <span class='ocrx_word' id='word_1_554' title='bbox 3250 3598 3477 3673; x_wconf 82' lang='lat' dir='ltr'><strong>intelligi</strong></span> 
     </span>
    </p>
   </div>
   <div class='ocr_carea' id='block_1_75' title="bbox 1899 3688 3483 3761">
    <p class='ocr_par' dir='ltr' id='par_1_75' title="bbox 1899 3688 3483 3761">
     <span class='ocr_line' id='line_1_76' title="bbox 1899 3688 3483 3761; baseline 0.003 -19"><span class='ocrx_word' id='word_1_555' title='bbox 1899 3688 2092 3759; x_wconf 89' lang='lat' dir='ltr'><strong>possit,</strong></span> <span class='ocrx_word' id='word_1_556' title='bbox 2122 3689 2254 3741; x_wconf 90' lang='lat' dir='ltr'><strong>unio</strong></span> <span class='ocrx_word' id='word_1_557' title='bbox 2284 3688 2492 3758; x_wconf 90' lang='lat' dir='ltr'><strong>pariter</strong></span> <span class='ocrx_word' id='word_1_558' title='bbox 2518 3698 2575 3743; x_wconf 89' lang='lat' dir='ltr'><strong>et</strong></span> <span class='ocrx_word' id='word_1_559' title='bbox 2601 3688 2892 3755; x_wconf 91' lang='lat' dir='ltr'><strong>discretio;</strong></span> <span class='ocrx_word' id='word_1_560' title='bbox 2928 3697 2987 3744; x_wconf 91' lang='lat' dir='ltr'><strong>ut</strong></span> <span class='ocrx_word' id='word_1_561' title='bbox 3011 3706 3191 3760; x_wconf 89' lang='lat' dir='ltr'><strong>neque</strong></span> <span class='ocrx_word' id='word_1_562' title='bbox 3221 3706 3483 3761; x_wconf 81' lang='lat' dir='ltr'><strong>persona-</strong></span> 
     </span>
    </p>
   </div>
   <div class='ocr_carea' id='block_1_76' title="bbox 1901 3780 3481 3854">
    <p class='ocr_par' dir='ltr' id='par_1_76' title="bbox 1901 3780 3481 3854">
     <span class='ocr_line' id='line_1_77' title="bbox 1901 3780 3481 3854; baseline 0.004 -20"><span class='ocrx_word' id='word_1_563' title='bbox 1901 3796 2022 3834; x_wconf 88' lang='lat' dir='ltr'><strong>rum</strong></span> <span class='ocrx_word' id='word_1_564' title='bbox 2057 3780 2336 3835; x_wconf 90' lang='lat' dir='ltr'><strong>distinctio</strong></span> <span class='ocrx_word' id='word_1_565' title='bbox 2359 3795 2552 3835; x_wconf 90' lang='lat' dir='ltr'><strong>eorum</strong></span> <span class='ocrx_word' id='word_1_566' title='bbox 2580 3797 2702 3851; x_wconf 76' lang='lat' dir='ltr'><strong>qua:</strong></span> <span class='ocrx_word' id='word_1_567' title='bbox 2733 3790 2943 3837; x_wconf 74' lang='lat' dir='ltr'><strong>natura:</strong></span> <span class='ocrx_word' id='word_1_568' title='bbox 2975 3789 3105 3837; x_wconf 91' lang='lat' dir='ltr'><strong>sunt</strong></span> <span class='ocrx_word' id='word_1_569' title='bbox 3133 3784 3481 3854; x_wconf 87' lang='lat' dir='ltr'><strong>conjunctio-</strong></span> 
     </span>
    </p>
   </div>
   <div class='ocr_carea' id='block_1_77' title="bbox 1900 3870 3490 3947">
    <p class='ocr_par' dir='ltr' id='par_1_77' title="bbox 1900 3870 3490 3947">
     <span class='ocr_line' id='line_1_78' title="bbox 1900 3870 3490 3947; baseline 0.004 -22"><span class='ocrx_word' id='word_1_570' title='bbox 1900 3886 2027 3925; x_wconf 89' lang='lat' dir='ltr'><strong>nem</strong></span> <span class='ocrx_word' id='word_1_571' title='bbox 2055 3870 2345 3936; x_wconf 85' lang='lat' dir='ltr'><strong>distrahat,</strong></span> <span class='ocrx_word' id='word_1_572' title='bbox 2374 3886 2476 3927; x_wconf 84' lang='lat' dir='ltr'><strong>nec</strong></span> <span class='ocrx_word' id='word_1_573' title='bbox 2502 3888 2623 3943; x_wconf 62' lang='lat' dir='ltr'><strong>qua:</strong></span> <span class='ocrx_word' id='word_1_574' title='bbox 2650 3887 2819 3942; x_wconf 88' lang='lat' dir='ltr'><strong>penes</strong></span> <span class='ocrx_word' id='word_1_575' title='bbox 2848 3872 3141 3927; x_wconf 83' lang='lat' dir='ltr'><strong>essentiam</strong></span> <span class='ocrx_word' id='word_1_576' title='bbox 3168 3876 3490 3947; x_wconf 81' lang='lat' dir='ltr'><strong>conjunctio</strong></span> 
     </span>
    </p>
   </div>
   <div class='ocr_carea' id='block_1_78' title="bbox 1901 3959 3489 4036">
    <p class='ocr_par' dir='ltr' id='par_1_78' title="bbox 1901 3959 3489 4036">
     <span class='ocr_line' id='line_1_79' title="bbox 1901 3959 3489 4036; baseline 0.003 -21"><span class='ocrx_word' id='word_1_577' title='bbox 1901 3968 2004 4025; x_wconf 87' lang='lat' dir='ltr'><strong>est,</strong></span> <span class='ocrx_word' id='word_1_578' title='bbox 2032 3975 2221 4014; x_wconf 89' lang='lat' dir='ltr'><strong>eorum</strong></span> <span class='ocrx_word' id='word_1_579' title='bbox 2249 3975 2370 4029; x_wconf 70' lang='lat' dir='ltr'><strong>qua:</strong></span> <span class='ocrx_word' id='word_1_580' title='bbox 2392 3959 2693 4031; x_wconf 88' lang='lat' dir='ltr'><strong>insigniant</strong></span> <span class='ocrx_word' id='word_1_581' title='bbox 2718 3961 2944 4032; x_wconf 91' lang='lat' dir='ltr'><strong>etquasi</strong></span> <span class='ocrx_word' id='word_1_582' title='bbox 2964 3971 3088 4017; x_wconf 88' lang='lat' dir='ltr'><strong>nota</strong></span> <span class='ocrx_word' id='word_1_583' title='bbox 3115 3962 3489 4036; x_wconf 74' lang='lat' dir='ltr'><strong>distinguant,</strong></span> 
     </span>
    </p>
   </div>
   <div class='ocr_carea' id='block_1_79' title="bbox 1903 4052 3489 4123">
    <p class='ocr_par' dir='ltr' id='par_1_79' title="bbox 1903 4052 3489 4123">
     <span class='ocr_line' id='line_1_80' title="bbox 1903 4052 3489 4123; baseline 0.006 -18"><span class='ocrx_word' id='word_1_584' title='bbox 1903 4053 2289 4123; x_wconf 84' lang='lat' dir='ltr'><strong>proprietatem</strong></span> <span class='ocrx_word' id='word_1_585' title='bbox 2338 4052 2655 4108; x_wconf 77' lang='lat' dir='ltr'><strong>confundat.</strong></span> <span class='ocrx_word' id='word_1_586' title='bbox 2711 4054 2916 4123; x_wconf 83' lang='lat' dir='ltr'><strong>Estque</strong></span> <span class='ocrx_word' id='word_1_587' title='bbox 2964 4054 3021 4109; x_wconf 88' lang='lat' dir='ltr'><strong>in</strong></span> <span class='ocrx_word' id='word_1_588' title='bbox 3079 4055 3300 4113; x_wconf 88' lang='lat' dir='ltr'><strong>illis.....</strong></span> <span class='ocrx_word' id='word_1_589' title='bbox 3355 4073 3489 4114; x_wconf 87' lang='lat' dir='ltr'><strong>cum</strong></span> 
     </span>
    </p>
   </div>
   <div class='ocr_carea' id='block_1_80' title="bbox 1903 4144 3483 4217">
    <p class='ocr_par' dir='ltr' id='par_1_80' title="bbox 1903 4144 3483 4217">
     <span class='ocr_line' id='line_1_81' title="bbox 1903 4144 3483 4217; baseline 0.005 -19"><span class='ocrx_word' id='word_1_590' title='bbox 1903 4144 2160 4199; x_wconf 91' lang='lat' dir='ltr'><strong>discretio</strong></span> <span class='ocrx_word' id='word_1_591' title='bbox 2190 4146 2499 4216; x_wconf 82' lang='lat' dir='ltr'><strong>conjuncta,</strong></span> <span class='ocrx_word' id='word_1_592' title='bbox 2530 4153 2645 4199; x_wconf 93' lang='lat' dir='ltr'><strong>tum</strong></span> <span class='ocrx_word' id='word_1_593' title='bbox 2670 4145 2906 4200; x_wconf 90' lang='lat' dir='ltr'><strong>discreta</strong></span> <span class='ocrx_word' id='word_1_594' title='bbox 2934 4148 3269 4217; x_wconf 88' lang='lat' dir='ltr'><strong>conjunctio.</strong></span> <span class='ocrx_word' id='word_1_595' title='bbox 3302 4150 3483 4206; x_wconf 84' lang='lat' dir='ltr'><strong>Possit</strong></span> 
     </span>
    </p>
   </div>
   <div class='ocr_carea' id='block_1_81' title="bbox 1902 4238 3487 4313">
    <p class='ocr_par' dir='ltr' id='par_1_81' title="bbox 1902 4238 3487 4313">
     <span class='ocr_line' id='line_1_82' title="bbox 1902 4238 3487 4313; baseline 0.003 -20"><span class='ocrx_word' id='word_1_596' title='bbox 1902 4253 2034 4293; x_wconf 86' lang='lat' dir='ltr'><strong>vero</strong></span> <span class='ocrx_word' id='word_1_597' title='bbox 2061 4239 2226 4293; x_wconf 90' lang='lat' dir='ltr'><strong>etiam</strong></span> <span class='ocrx_word' id='word_1_598' title='bbox 2258 4239 2328 4293; x_wconf 91' lang='lat' dir='ltr'><strong>ad</strong></span> <span class='ocrx_word' id='word_1_599' title='bbox 2364 4239 2442 4294; x_wconf 89' lang='lat' dir='ltr'><strong>rei</strong></span> <span class='ocrx_word' id='word_1_600' title='bbox 2471 4239 2636 4310; x_wconf 85' lang='lat' dir='ltr'><strong>hujus</strong></span> <span class='ocrx_word' id='word_1_601' title='bbox 2664 4238 2936 4302; x_wconf 90' lang='lat' dir='ltr'><strong>notitiam,</strong></span> <span class='ocrx_word' id='word_1_602' title='bbox 2969 4241 3279 4310; x_wconf 74' lang='lat' dir='ltr'><strong>exemplum</strong></span> <span class='ocrx_word' id='word_1_603' title='bbox 3307 4242 3487 4313; x_wconf 74' lang='lat' dir='ltr'><strong>quod-</strong></span> 
     </span>
    </p>
   </div>
   <div class='ocr_carea' id='block_1_82' title="bbox 1829 4330 3480 4401">
    <p class='ocr_par' dir='ltr' id='par_1_82' title="bbox 1829 4330 3480 4401">
     <span class='ocr_line' id='line_1_83' title="bbox 1829 4330 3480 4401; baseline 0.003 -16"><span class='ocrx_word' id='word_1_604' title='bbox 1829 4330 2027 4392; x_wconf 81' lang='lat' dir='ltr'><strong>Ddam</strong></span> <span class='ocrx_word' id='word_1_605' title='bbox 2077 4330 2409 4395; x_wconf 88' lang='lat' dir='ltr'><strong>obscurum,</strong></span> <span class='ocrx_word' id='word_1_606' title='bbox 2460 4346 2558 4386; x_wconf 89' lang='lat' dir='ltr'><strong>seu</strong></span> <span class='ocrx_word' id='word_1_607' title='bbox 2612 4330 2796 4401; x_wconf 91' lang='lat' dir='ltr'><strong>potius</strong></span> <span class='ocrx_word' id='word_1_608' title='bbox 2846 4331 3039 4386; x_wconf 87' lang='lat' dir='ltr'><strong>umbra</strong></span> <span class='ocrx_word' id='word_1_609' title='bbox 3081 4333 3357 4400; x_wconf 84' lang='lat' dir='ltr'><strong>veritatis,</strong></span> <span class='ocrx_word' id='word_1_610' title='bbox 3407 4335 3480 4390; x_wconf 91' lang='lat' dir='ltr'><strong>ob</strong></span> 
     </span>
    </p>
   </div>
   <div class='ocr_carea' id='block_1_83' title="bbox 1904 4424 3486 4494">
    <p class='ocr_par' dir='ltr' id='par_1_83' title="bbox 1904 4424 3486 4494">
     <span class='ocr_line' id='line_1_84' title="bbox 1904 4424 3486 4494; baseline 0.003 -16"><span class='ocrx_word' id='word_1_611' title='bbox 1904 4425 2096 4479; x_wconf 89' lang='lat' dir='ltr'><strong>oculos</strong></span> <span class='ocrx_word' id='word_1_612' title='bbox 2116 4424 2350 4489; x_wconf 83' lang='lat' dir='ltr'><strong>versari;</strong></span> <span class='ocrx_word' id='word_1_613' title='bbox 2383 4440 2505 4494; x_wconf 70' lang='lat' dir='ltr'><strong>qua:</strong></span> <span class='ocrx_word' id='word_1_614' title='bbox 2529 4424 2788 4479; x_wconf 86' lang='lat' dir='ltr'><strong>videlicet</strong></span> <span class='ocrx_word' id='word_1_615' title='bbox 2813 4424 3103 4494; x_wconf 89' lang='lat' dir='ltr'><strong>multiplici</strong></span> <span class='ocrx_word' id='word_1_616' title='bbox 3134 4426 3318 4481; x_wconf 89' lang='lat' dir='ltr'><strong>colore</strong></span> <span class='ocrx_word' id='word_1_617' title='bbox 3341 4427 3486 4483; x_wconf 71' lang='lat' dir='ltr'><strong>«elo</strong></span> 
     </span>
    </p>
   </div>
   <div class='ocr_carea' id='block_1_84' title="bbox 1905 4513 3481 4594">
    <p class='ocr_par' dir='ltr' id='par_1_84' title="bbox 1905 4513 3481 4594">
     <span class='ocr_line' id='line_1_85' title="bbox 1905 4513 3481 4594; baseline 0.003 -26"><span class='ocrx_word' id='word_1_618' title='bbox 1905 4514 2002 4570; x_wconf 90' lang='lat' dir='ltr'><strong>iris</strong></span> <span class='ocrx_word' id='word_1_619' title='bbox 2031 4513 2380 4585; x_wconf 87' lang='lat' dir='ltr'><strong>splendescit.</strong></span> <span class='ocrx_word' id='word_1_620' title='bbox 2413 4513 2671 4570; x_wconf 89' lang='lat' dir='ltr'><strong>Omnium</strong></span> <span class='ocrx_word' id='word_1_621' title='bbox 2716 4515 2862 4570; x_wconf 74' lang='lat' dir='ltr'><strong>enim</strong></span> <span class='ocrx_word' id='word_1_622' title='bbox 2898 4516 2972 4594; x_wconf 61' lang='lat' dir='ltr'><strong>in~</strong></span> <span class='ocrx_word' id='word_1_623' title='bbox 2996 4532 3060 4572; x_wconf 91' lang='lat' dir='ltr'><strong>ea</strong></span> <span class='ocrx_word' id='word_1_624' title='bbox 3095 4517 3341 4573; x_wconf 92' lang='lat' dir='ltr'><strong>colorum</strong></span> <span class='ocrx_word' id='word_1_625' title='bbox 3372 4518 3481 4574; x_wconf 83' lang='lat' dir='ltr'><strong>ful-</strong></span> 
     </span>
    </p>
   </div>
   <div class='ocr_carea' id='block_1_85' title="bbox 1905 4606 3484 4681">
    <p class='ocr_par' dir='ltr' id='par_1_85' title="bbox 1905 4606 3484 4681">
     <span class='ocr_line' id='line_1_86' title="bbox 1905 4606 3484 4681; baseline 0.004 -24"><span class='ocrx_word' id='word_1_626' title='bbox 1905 4621 2085 4675; x_wconf 79' lang='lat' dir='ltr'><strong>gores,</strong></span> <span class='ocrx_word' id='word_1_627' title='bbox 2115 4606 2279 4676; x_wconf 78' lang='lat'><strong>672</strong></span> <span class='ocrx_word' id='word_1_628' title='bbox 2319 4613 2375 4660; x_wconf 89' lang='lat' dir='ltr'><strong>et</strong></span> <span class='ocrx_word' id='word_1_629' title='bbox 2416 4606 2635 4662; x_wconf 83' lang='lat' dir='ltr'><strong>discreti</strong></span> <span class='ocrx_word' id='word_1_630' title='bbox 2665 4618 2948 4677; x_wconf 90' lang='lat' dir='ltr'><strong>apparent,</strong></span> <span class='ocrx_word' id='word_1_631' title='bbox 2979 4609 3123 4681; x_wconf 88' lang='lat' dir='ltr'><strong>quod</strong></span> <span class='ocrx_word' id='word_1_632' title='bbox 3155 4610 3313 4681; x_wconf 90' lang='lat' dir='ltr'><strong>longe</strong></span> <span class='ocrx_word' id='word_1_633' title='bbox 3346 4610 3484 4664; x_wconf 88' lang='lat' dir='ltr'><strong>ruti-</strong></span> 
     </span>
    </p>
   </div>
   <div class='ocr_carea' id='block_1_86' title="bbox 1906 4695 3482 4768">
    <p class='ocr_par' dir='ltr' id='par_1_86' title="bbox 1906 4695 3482 4768">
     <span class='ocr_line' id='line_1_87' title="bbox 1906 4695 3482 4768; baseline 0.003 -19"><span class='ocrx_word' id='word_1_634' title='bbox 1906 4695 2042 4758; x_wconf 82' lang='lat' dir='ltr'><strong>lent,</strong></span> <span class='ocrx_word' id='word_1_635' title='bbox 2077 4704 2134 4749; x_wconf 90' lang='lat' dir='ltr'><strong>et</strong></span> <span class='ocrx_word' id='word_1_636' title='bbox 2165 4696 2439 4766; x_wconf 89' lang='lat' dir='ltr'><strong>conjuncti</strong></span> <span class='ocrx_word' id='word_1_637' title='bbox 2481 4711 2602 4751; x_wconf 88' lang='lat' dir='ltr'><strong>esse</strong></span> <span class='ocrx_word' id='word_1_638' title='bbox 2641 4696 2917 4762; x_wconf 84' lang='lat' dir='ltr'><strong>videntur,</strong></span> <span class='ocrx_word' id='word_1_639' title='bbox 2950 4699 3097 4768; x_wconf 89' lang='lat' dir='ltr'><strong>quod</strong></span> <span class='ocrx_word' id='word_1_640' title='bbox 3146 4699 3344 4768; x_wconf 89' lang='lat' dir='ltr'><strong>quibus</strong></span> <span class='ocrx_word' id='word_1_641' title='bbox 3386 4700 3482 4755; x_wconf 88' lang='lat' dir='ltr'><strong>alii</strong></span> 
     </span>
    </p>
   </div>
   <div class='ocr_carea' id='block_1_87' title="bbox 1904 4786 3481 4856">
    <p class='ocr_par' dir='ltr' id='par_1_87' title="bbox 1904 4786 3481 4856">
     <span class='ocr_line' id='line_1_88' title="bbox 1904 4786 3481 4856; baseline 0.002 -15"><span class='ocrx_word' id='word_1_642' title='bbox 1904 4786 2106 4856; x_wconf 88' lang='lat' dir='ltr'><strong>aliique</strong></span> <span class='ocrx_word' id='word_1_643' title='bbox 2153 4788 2371 4843; x_wconf 90' lang='lat' dir='ltr'><strong>colores</strong></span> <span class='ocrx_word' id='word_1_644' title='bbox 2412 4788 2823 4853; x_wconf 89' lang='lat' dir='ltr'><strong>discernuntur,</strong></span> <span class='ocrx_word' id='word_1_645' title='bbox 2866 4792 3021 4855; x_wconf 85' lang='lat' dir='ltr'><strong>tines,</strong></span> <span class='ocrx_word' id='word_1_646' title='bbox 3053 4790 3335 4843; x_wconf 73' lang='lat' dir='ltr'><strong>oculorum</strong></span> <span class='ocrx_word' id='word_1_647' title='bbox 3379 4805 3481 4844; x_wconf 72' lang='grc' dir='ltr'><strong>ιιοο⁸</strong></span> 
     </span>
    </p>
   </div>
   <div class='ocr_carea' id='block_1_88' title="bbox 1904 4876 3479 4948">
    <p class='ocr_par' dir='ltr' id='par_1_88' title="bbox 1904 4876 3479 4948">
     <span class='ocr_line' id='line_1_89' title="bbox 1904 4876 3479 4948; baseline 0.001 -15"><span class='ocrx_word' id='word_1_648' title='bbox 1904 4885 2142 4933; x_wconf 89' lang='lat' dir='ltr'><strong>strorum</strong></span> <span class='ocrx_word' id='word_1_649' title='bbox 2166 4876 2336 4932; x_wconf 88' lang='lat' dir='ltr'><strong>aciem</strong></span> <span class='ocrx_word' id='word_1_650' title='bbox 2357 4877 2563 4932; x_wconf 84' lang='lat' dir='ltr'><strong>lateant</strong></span> <span class='ocrx_word' id='word_1_651' title='bbox 2582 4894 2596 4943; x_wconf 91' lang='lat'>;</span> <span class='ocrx_word' id='word_1_652' title='bbox 2614 4886 2677 4932; x_wconf 90' lang='lat' dir='ltr'><strong>ut</strong></span> <span class='ocrx_word' id='word_1_653' title='bbox 2699 4879 2851 4933; x_wconf 89' lang='lat' dir='ltr'><strong>nullo</strong></span> <span class='ocrx_word' id='word_1_654' title='bbox 2870 4879 3032 4933; x_wconf 91' lang='lat' dir='ltr'><strong>modo</strong></span> <span class='ocrx_word' id='word_1_655' title='bbox 3058 4878 3276 4948; x_wconf 83' lang='lat' dir='ltr'><strong>assequi</strong></span> <span class='ocrx_word' id='word_1_656' title='bbox 3298 4879 3479 4943; x_wconf 88' lang='lat' dir='ltr'><strong>liceat,</strong></span> 
     </span>
    </p>
   </div>
   <div class='ocr_carea' id='block_1_89' title="bbox 1903 4969 3484 5042">
    <p class='ocr_par' dir='ltr' id='par_1_89' title="bbox 1903 4969 3484 5042">
     <span class='ocr_line' id='line_1_90' title="bbox 1903 4969 3484 5042; baseline 0.001 -18"><span class='ocrx_word' id='word_1_657' title='bbox 1903 4986 2189 5041; x_wconf 91' lang='lat' dir='ltr'><strong>quousque</strong></span> <span class='ocrx_word' id='word_1_658' title='bbox 2225 4971 2417 5041; x_wconf 83' lang='lat' dir='ltr'><strong>igneus</strong></span> <span class='ocrx_word' id='word_1_659' title='bbox 2457 4969 2636 5042; x_wconf 82' lang='lat' dir='ltr'><strong>fulgor</strong></span> <span class='ocrx_word' id='word_1_660' title='bbox 2677 4978 2772 5025; x_wconf 90' lang='lat' dir='ltr'><strong>aut</strong></span> <span class='ocrx_word' id='word_1_661' title='bbox 2819 4970 3167 5040; x_wconf 83' lang='lat' dir='ltr'><strong>smargdinus</strong></span> <span class='ocrx_word' id='word_1_662' title='bbox 3192 4979 3285 5024; x_wconf 89' lang='lat' dir='ltr'><strong>aut</strong></span> <span class='ocrx_word' id='word_1_663' title='bbox 3312 4970 3484 5025; x_wconf 75' lang='lat' dir='ltr'><strong>vires-</strong></span> 
     </span>
    </p>
   </div>
   <div class='ocr_carea' id='block_1_90' title="bbox 1902 5061 3485 5133">
    <p class='ocr_par' dir='ltr' id='par_1_90' title="bbox 1902 5061 3485 5133">
     <span class='ocr_line' id='line_1_91' title="bbox 1902 5061 3485 5133; baseline -0.001 -16"><span class='ocrx_word' id='word_1_664' title='bbox 1902 5078 2033 5118; x_wconf 89' lang='lat' dir='ltr'><strong>cens</strong></span> <span class='ocrx_word' id='word_1_665' title='bbox 2063 5062 2229 5117; x_wconf 90' lang='lat' dir='ltr'><strong>rutilo</strong></span> <span class='ocrx_word' id='word_1_666' title='bbox 2272 5077 2373 5117; x_wconf 92' lang='lat' dir='ltr'><strong>suo</strong></span> <span class='ocrx_word' id='word_1_667' title='bbox 2419 5063 2657 5128; x_wconf 87' lang='lat' dir='ltr'><strong>desinat,</strong></span> <span class='ocrx_word' id='word_1_668' title='bbox 2691 5077 2755 5115; x_wconf 90' lang='lat' dir='ltr'><strong>ac</strong></span> <span class='ocrx_word' id='word_1_669' title='bbox 2785 5061 2931 5115; x_wconf 90' lang='lat' dir='ltr'><strong>unde</strong></span> <span class='ocrx_word' id='word_1_670' title='bbox 2964 5062 3193 5133; x_wconf 88' lang='lat' dir='ltr'><strong>incipiat</strong></span> <span class='ocrx_word' id='word_1_671' title='bbox 3224 5079 3237 5116; x_wconf 89' lang='lat'><strong>:</strong></span> <span class='ocrx_word' id='word_1_672' title='bbox 3274 5061 3485 5117; x_wconf 86' lang='lat' dir='ltr'><strong>idcirco</strong></span> 
     </span>
    </p>
   </div>
   <div class='ocr_carea' id='block_1_91' title="bbox 1904 5154 3487 5221">
    <p class='ocr_par' dir='ltr' id='par_1_91' title="bbox 1904 5154 3487 5221">
     <span class='ocr_line' id='line_1_92' title="bbox 1904 5154 3487 5221; baseline -0.001 -12"><span class='ocrx_word' id='word_1_673' title='bbox 1904 5154 2199 5219; x_wconf 87' lang='lat' dir='ltr'><strong>nimirum,</strong></span> <span class='ocrx_word' id='word_1_674' title='bbox 2231 5163 2293 5209; x_wconf 91' lang='lat' dir='ltr'><strong>ut</strong></span> <span class='ocrx_word' id='word_1_675' title='bbox 2339 5154 2629 5217; x_wconf 82' lang='lat' dir='ltr'><strong>existimo,</strong></span> <span class='ocrx_word' id='word_1_676' title='bbox 2682 5161 2744 5206; x_wconf 91' lang='lat' dir='ltr'><strong>ut</strong></span> <span class='ocrx_word' id='word_1_677' title='bbox 2790 5159 2847 5206; x_wconf 91' lang='lat' dir='ltr'><strong>et</strong></span> <span class='ocrx_word' id='word_1_678' title='bbox 2890 5168 2989 5221; x_wconf 91' lang='lat' dir='ltr'><strong>per</strong></span> <span class='ocrx_word' id='word_1_679' title='bbox 3030 5160 3336 5207; x_wconf 84' lang='lat' dir='ltr'><strong>creaturam</strong></span> <span class='ocrx_word' id='word_1_680' title='bbox 3384 5167 3487 5207; x_wconf 86' lang='lat' dir='ltr'><strong>nos</strong></span> 
     </span>
    </p>
   </div>
   <div class='ocr_carea' id='block_1_92' title="bbox 1905 5242 3484 5315">
    <p class='ocr_par' dir='ltr' id='par_1_92' title="bbox 1905 5242 3484 5315">
     <span class='ocr_line' id='line_1_93' title="bbox 1905 5242 3484 5315; baseline -0.002 -13"><span class='ocrx_word' id='word_1_681' title='bbox 1905 5262 2084 5302; x_wconf 88' lang='lat' dir='ltr'><strong>sermo</strong></span> <span class='ocrx_word' id='word_1_682' title='bbox 2104 5247 2340 5312; x_wconf 88' lang='lat' dir='ltr'><strong>erudiat,</strong></span> <span class='ocrx_word' id='word_1_683' title='bbox 2365 5262 2434 5301; x_wconf 91' lang='lat' dir='ltr'><strong>ne</strong></span> <span class='ocrx_word' id='word_1_684' title='bbox 2463 5246 2518 5299; x_wconf 91' lang='lat' dir='ltr'><strong>in</strong></span> <span class='ocrx_word' id='word_1_685' title='bbox 2554 5246 2619 5299; x_wconf 89' lang='lat' dir='ltr'><strong>iis</strong></span> <span class='ocrx_word' id='word_1_686' title='bbox 2642 5244 2992 5299; x_wconf 88' lang='lat' dir='ltr'><strong>sermonibus</strong></span> <span class='ocrx_word' id='word_1_687' title='bbox 3016 5244 3110 5313; x_wconf 91' lang='lat' dir='ltr'><strong>qui</strong></span> <span class='ocrx_word' id='word_1_688' title='bbox 3142 5242 3207 5298; x_wconf 89' lang='lat' dir='ltr'><strong>ad</strong></span> <span class='ocrx_word' id='word_1_689' title='bbox 3230 5243 3484 5315; x_wconf 87' lang='lat' dir='ltr'><strong>dogmata</strong></span> 
     </span>
    </p>
   </div>
   <div class='ocr_carea' id='block_1_93' title="bbox 1904 5335 3484 5409">
    <p class='ocr_par' dir='ltr' id='par_1_93' title="bbox 1904 5335 3484 5409">
     <span class='ocr_line' id='line_1_94' title="bbox 1904 5335 3484 5409; baseline -0.002 -16"><span class='ocrx_word' id='word_1_690' title='bbox 1904 5347 2172 5408; x_wconf 87' lang='lat' dir='ltr'><strong>spectant,</strong></span> <span class='ocrx_word' id='word_1_691' title='bbox 2205 5338 2359 5409; x_wconf 90' lang='lat' dir='ltr'><strong>quasi</strong></span> <span class='ocrx_word' id='word_1_692' title='bbox 2389 5336 2516 5391; x_wconf 87' lang='lat' dir='ltr'><strong>novi</strong></span> <span class='ocrx_word' id='word_1_693' title='bbox 2542 5335 2746 5405; x_wconf 90' lang='lat' dir='ltr'><strong>aliquid</strong></span> <span class='ocrx_word' id='word_1_694' title='bbox 2775 5336 2919 5406; x_wconf 89' lang='lat' dir='ltr'><strong>passi</strong></span> <span class='ocrx_word' id='word_1_695' title='bbox 2955 5335 3317 5402; x_wconf 81' lang='lat' dir='ltr'><strong>oﬂ‘endamur,</strong></span> <span class='ocrx_word' id='word_1_696' title='bbox 3351 5335 3484 5391; x_wconf 91' lang='lat' dir='ltr'><strong>dum</strong></span> 
     </span>
    </p>
   </div>
   <div class='ocr_carea' id='block_1_94' title="bbox 1908 5426 3483 5501">
    <p class='ocr_par' dir='ltr' id='par_1_94' title="bbox 1908 5426 3483 5501">
     <span class='ocr_line' id='line_1_95' title="bbox 1908 5426 3483 5501; baseline -0.002 -16"><span class='ocrx_word' id='word_1_697' title='bbox 1908 5431 1963 5485; x_wconf 90' lang='lat' dir='ltr'><strong>in</strong></span> <span class='ocrx_word' id='word_1_698' title='bbox 1994 5447 2056 5487; x_wconf 88' lang='lat' dir='ltr'><strong>ea</strong></span> <span class='ocrx_word' id='word_1_699' title='bbox 2085 5447 2205 5501; x_wconf 67' lang='lat' dir='ltr'><strong>qua:</strong></span> <span class='ocrx_word' id='word_1_700' title='bbox 2245 5429 2414 5485; x_wconf 90' lang='lat' dir='ltr'><strong>ardua</strong></span> <span class='ocrx_word' id='word_1_701' title='bbox 2449 5436 2577 5482; x_wconf 89' lang='lat' dir='ltr'><strong>sunt</strong></span> <span class='ocrx_word' id='word_1_702' title='bbox 2621 5442 2724 5482; x_wconf 89' lang='lat' dir='ltr'><strong>nec</strong></span> <span class='ocrx_word' id='word_1_703' title='bbox 2770 5426 2998 5497; x_wconf 83' lang='lat' dir='ltr'><strong>intelligi</strong></span> <span class='ocrx_word' id='word_1_704' title='bbox 3036 5426 3194 5482; x_wconf 81' lang='lat' dir='ltr'><strong>facile</strong></span> <span class='ocrx_word' id='word_1_705' title='bbox 3232 5437 3483 5497; x_wconf 89' lang='lat' dir='ltr'><strong>possunt,</strong></span> 
     </span>
    </p>
   </div>
   <div class='ocr_carea' id='block_1_95' title="bbox 1908 5518 3488 5588">
    <p class='ocr_par' dir='ltr' id='par_1_95' title="bbox 1908 5518 3488 5588">
     <span class='ocr_line' id='line_1_96' title="bbox 1908 5518 3488 5588; baseline -0.001 -13"><span class='ocrx_word' id='word_1_706' title='bbox 1908 5520 2234 5583; x_wconf 89' lang='lat' dir='ltr'><strong>incidentes,</strong></span> <span class='ocrx_word' id='word_1_707' title='bbox 2266 5518 2332 5572; x_wconf 91' lang='lat' dir='ltr'><strong>ad</strong></span> <span class='ocrx_word' id='word_1_708' title='bbox 2367 5533 2557 5572; x_wconf 90' lang='lat' dir='ltr'><strong>eorum</strong></span> <span class='ocrx_word' id='word_1_709' title='bbox 2589 5533 2710 5587; x_wconf 70' lang='lat' dir='ltr'><strong>quae</strong></span> <span class='ocrx_word' id='word_1_710' title='bbox 2745 5518 3006 5571; x_wconf 91' lang='lat' dir='ltr'><strong>dicuntur</strong></span> <span class='ocrx_word' id='word_1_711' title='bbox 3036 5533 3314 5573; x_wconf 85' lang='lat' dir='ltr'><strong>assensum</strong></span> <span class='ocrx_word' id='word_1_712' title='bbox 3351 5534 3488 5588; x_wconf 82' lang='lat' dir='ltr'><strong>qua-</strong></span> 
     </span>
    </p>
   </div>
   <div class='ocr_carea' id='block_1_96' title="bbox 1912 5606 3485 5678">
    <p class='ocr_par' dir='ltr' id='par_1_96' title="bbox 1912 5606 3485 5678">
     <span class='ocr_line' id='line_1_97' title="bbox 1912 5606 3485 5678; baseline -0.002 -12"><span class='ocrx_word' id='word_1_713' title='bbox 1912 5612 2034 5666; x_wconf 88' lang='lat' dir='ltr'><strong>dam</strong></span> <span class='ocrx_word' id='word_1_714' title='bbox 2064 5611 2265 5666; x_wconf 88' lang='lat' dir='ltr'><strong>mentis</strong></span> <span class='ocrx_word' id='word_1_715' title='bbox 2303 5608 2628 5664; x_wconf 89' lang='lat' dir='ltr'><strong>titubatione</strong></span> <span class='ocrx_word' id='word_1_716' title='bbox 2660 5625 2723 5663; x_wconf 90' lang='lat' dir='ltr'><strong>ac</strong></span> <span class='ocrx_word' id='word_1_717' title='bbox 2756 5609 2986 5678; x_wconf 83' lang='lat' dir='ltr'><strong>caligine</strong></span> <span class='ocrx_word' id='word_1_718' title='bbox 3018 5606 3485 5678; x_wconf 88' lang='lat' dir='ltr'><strong>obstupuerimus.</strong></span> 
     </span>
    </p>
   </div>
   <div class='ocr_carea' id='block_1_97' title="bbox 1913 5698 3487 5771">
    <p class='ocr_par' dir='ltr' id='par_1_97' title="bbox 1913 5698 3487 5771">
     <span class='ocr_line' id='line_1_98' title="bbox 1913 5698 3487 5771; baseline -0.001 -14"><span class='ocrx_word' id='word_1_719' title='bbox 1913 5702 2383 5771; x_wconf 83' lang='lat' dir='ltr'><strong>Quemadmodum</strong></span> <span class='ocrx_word' id='word_1_720' title='bbox 2423 5701 2573 5756; x_wconf 91' lang='lat' dir='ltr'><strong>enim</strong></span> <span class='ocrx_word' id='word_1_721' title='bbox 2620 5700 2677 5755; x_wconf 91' lang='lat' dir='ltr'><strong>in</strong></span> <span class='ocrx_word' id='word_1_722' title='bbox 2718 5700 2790 5755; x_wconf 85' lang='lat' dir='ltr'><strong>iis</strong></span> <span class='ocrx_word' id='word_1_723' title='bbox 2830 5716 2951 5770; x_wconf 73' lang='lat' dir='ltr'><strong>qua:</strong></span> <span class='ocrx_word' id='word_1_724' title='bbox 2980 5698 3155 5754; x_wconf 89' lang='lat' dir='ltr'><strong>oculis</strong></span> <span class='ocrx_word' id='word_1_725' title='bbox 3191 5700 3487 5769; x_wconf 87' lang='lat' dir='ltr'><strong>conspicua</strong></span> 
     </span>
    </p>
   </div>
   <div class='ocr_carea' id='block_1_98' title="bbox 239 5790 3485 5869">
    <p class='ocr_par' dir='ltr' id='par_1_98' title="bbox 239 5790 3485 5869">
     <span class='ocr_line' id='line_1_99' title="bbox 239 5790 3485 5869; baseline -0.002 -17"><span class='ocrx_word' id='word_1_726' title='bbox 239 5807 396 5864; x_wconf 80' lang='lat' dir='ltr'><strong>sunt,</strong></span> <span class='ocrx_word' id='word_1_727' title='bbox 432 5798 781 5869; x_wconf 70' lang='lat' dir='ltr'><strong>praestantius</strong></span> <span class='ocrx_word' id='word_1_728' title='bbox 828 5811 1081 5853; x_wconf 89' lang='lat' dir='ltr'><strong>sermone</strong></span> <span class='ocrx_word' id='word_1_729' title='bbox 1124 5803 1209 5853; x_wconf 89' lang='lat' dir='ltr'><strong>est</strong></span> <span class='ocrx_word' id='word_1_730' title='bbox 1263 5794 1439 5865; x_wconf 89' lang='lat' dir='ltr'><strong>ipsum</strong></span> <span class='ocrx_word' id='word_1_731' title='bbox 1491 5794 1569 5849; x_wconf 90' lang='lat' dir='ltr'><strong>rei</strong></span> <span class='ocrx_word' id='word_1_732' title='bbox 1610 5794 2090 5866; x_wconf 85' lang='lat' dir='ltr'><strong>experimentum:</strong></span> <span class='ocrx_word' id='word_1_733' title='bbox 2132 5796 2213 5851; x_wconf 90' lang='lat' dir='ltr'><strong>sic</strong></span> <span class='ocrx_word' id='word_1_734' title='bbox 2254 5794 2311 5848; x_wconf 91' lang='lat' dir='ltr'><strong>in</strong></span> <span class='ocrx_word' id='word_1_735' title='bbox 2346 5793 2414 5850; x_wconf 89' lang='lat' dir='ltr'><strong>iis</strong></span> <span class='ocrx_word' id='word_1_736' title='bbox 2445 5809 2567 5864; x_wconf 73' lang='lat' dir='ltr'><strong>qua:</strong></span> <span class='ocrx_word' id='word_1_737' title='bbox 2635 5792 2799 5864; x_wconf 88' lang='lat' dir='ltr'><strong>longe</strong></span> <span class='ocrx_word' id='word_1_738' title='bbox 2868 5790 3067 5847; x_wconf 90' lang='lat' dir='ltr'><strong>mentis</strong></span> <span class='ocrx_word' id='word_1_739' title='bbox 3131 5801 3348 5861; x_wconf 89' lang='lat' dir='ltr'><strong>captum</strong></span> <span class='ocrx_word' id='word_1_740' title='bbox 3394 5807 3485 5845; x_wconf 81' lang='lat' dir='ltr'><strong>cx-</strong></span> 
     </span>
    </p>
   </div>
   <div class='ocr_carea' id='block_1_99' title="bbox 241 5884 3484 5960">
    <p class='ocr_par' dir='ltr' id='par_1_99' title="bbox 241 5884 3484 5960">
     <span class='ocr_line' id='line_1_100' title="bbox 241 5884 3484 5960; baseline -0.002 -12"><span class='ocrx_word' id='word_1_741' title='bbox 241 5891 450 5948; x_wconf 72' lang='lat' dir='ltr'><strong>eedunt</strong></span> <span class='ocrx_word' id='word_1_742' title='bbox 475 5908 539 5949; x_wconf 89' lang='lat' dir='ltr'><strong>ac</strong></span> <span class='ocrx_word' id='word_1_743' title='bbox 564 5889 925 5949; x_wconf 83' lang='lat' dir='ltr'><strong>eminentiora</strong></span> <span class='ocrx_word' id='word_1_744' title='bbox 952 5888 1251 5955; x_wconf 69' lang='lat' dir='ltr'><strong>exsistunt,</strong></span> <span class='ocrx_word' id='word_1_745' title='bbox 1280 5886 1463 5959; x_wconf 85' lang='lat' dir='ltr'><strong>potior</strong></span> <span class='ocrx_word' id='word_1_746' title='bbox 1503 5887 1573 5943; x_wconf 88' lang='lat' dir='ltr'><strong>sit</strong></span> <span class='ocrx_word' id='word_1_747' title='bbox 1606 5887 1761 5954; x_wconf 83' lang='lat' dir='ltr'><strong>ﬁdes,</strong></span> <span class='ocrx_word' id='word_1_748' title='bbox 1797 5906 1957 5960; x_wconf 89' lang='lat' dir='ltr'><strong>quam</strong></span> <span class='ocrx_word' id='word_1_749' title='bbox 1991 5887 2135 5960; x_wconf 86' lang='lat' dir='ltr'><strong>quod</strong></span> <span class='ocrx_word' id='word_1_750' title='bbox 2175 5886 2339 5942; x_wconf 88' lang='lat' dir='ltr'><strong>animi</strong></span> <span class='ocrx_word' id='word_1_751' title='bbox 2376 5886 2682 5942; x_wconf 88' lang='lat' dir='ltr'><strong>rationibus</strong></span> <span class='ocrx_word' id='word_1_752' title='bbox 2711 5904 2739 5941; x_wconf 75' lang='grc' dir='ltr'><strong>ιι</strong></span> <span class='ocrx_word' id='word_1_753' title='bbox 2779 5884 2937 5941; x_wconf 88' lang='lat' dir='ltr'><strong>nobis</strong></span> <span class='ocrx_word' id='word_1_754' title='bbox 2977 5884 3484 5957; x_wconf 84' lang='lat' dir='ltr'><strong>comprehenditur.</strong></span> 
     </span>
    </p>
   </div>
  </div>
