  <div class='ocr_page' id='page_1' title='image "/cluster/home/n/w/nwhite01/storage/ocr_20150623/90/nnc1.0046980113/385.png"; bbox 0 0 4218 6432; ppageno 0'>
   <div class='ocr_carea' id='block_1_1' title="bbox 758 335 865 406">
    <p class='ocr_par' dir='ltr' id='par_1_1' title="bbox 758 335 865 406">
     <span class='ocr_line' id='line_1_1' title="bbox 758 335 865 406; baseline -0.019 -2"><span class='ocrx_word' id='word_1_1' title='bbox 758 335 865 406; x_wconf 79' lang='grc'><strong>755</strong></span> 
     </span>
    </p>
   </div>
   <div class='ocr_carea' id='block_1_2' title="bbox 1930 335 2873 400">
    <p class='ocr_par' dir='ltr' id='par_1_2' title="bbox 1930 335 2873 400">
     <span class='ocr_line' id='line_1_2' title="bbox 1930 335 2873 400; baseline -0.005 0"><span class='ocrx_word' id='word_1_2' title='bbox 1930 339 1990 400; x_wconf 84' lang='grc'><strong>8.</strong></span> <span class='ocrx_word' id='word_1_3' title='bbox 2031 337 2320 400; x_wconf 77' lang='lat' dir='ltr'><strong>MAXIM]</strong></span> <span class='ocrx_word' id='word_1_4' title='bbox 2361 335 2873 397; x_wconf 82' lang='lat' dir='ltr'><strong>CONFESSORIS</strong></span> 
     </span>
    </p>
   </div>
   <div class='ocr_carea' id='block_1_3' title="bbox 3924 335 4026 406">
    <p class='ocr_par' dir='ltr' id='par_1_3' title="bbox 3924 335 4026 406">
     <span class='ocr_line' id='line_1_3' title="bbox 3924 335 4026 406; baseline 0.029 -6"><span class='ocrx_word' id='word_1_5' title='bbox 3924 335 4026 406; x_wconf 81' lang='lat'><strong>756</strong></span> 
     </span>
    </p>
   </div>
   <div class='ocr_carea' id='block_1_4' title="bbox 828 440 2338 519">
    <p class='ocr_par' dir='ltr' id='par_1_4' title="bbox 828 448 2338 518">
     <span class='ocr_line' id='line_1_4' title="bbox 828 448 2338 518; baseline 0 -14"><span class='ocrx_word' id='word_1_6' title='bbox 828 448 1022 518; x_wconf 76' lang='lat' dir='ltr'><strong>igitur,</strong></span> <span class='ocrx_word' id='word_1_7' title='bbox 1049 451 1093 505; x_wconf 91' lang='lat' dir='ltr'><strong>si</strong></span> <span class='ocrx_word' id='word_1_8' title='bbox 1117 449 1266 506; x_wconf 86' lang='lat' dir='ltr'><strong>hunc</strong></span> <span class='ocrx_word' id='word_1_9' title='bbox 1289 451 1490 515; x_wconf 90' lang='lat' dir='ltr'><strong>locum,</strong></span> <span class='ocrx_word' id='word_1_10' title='bbox 1517 465 1585 506; x_wconf 80' lang='lat' dir='ltr'><strong>ex</strong></span> <span class='ocrx_word' id='word_1_11' title='bbox 1609 451 1874 508; x_wconf 78' lang='lat' dir='ltr'><strong>historica</strong></span> <span class='ocrx_word' id='word_1_12' title='bbox 1904 452 2009 507; x_wconf 83' lang='lat' dir='ltr'><strong>fide</strong></span> <span class='ocrx_word' id='word_1_13' title='bbox 2039 467 2338 515; x_wconf 82' lang='lat' dir='ltr'><strong>sumamus,</strong></span> 
     </span>
    </p>
   </div>
   <div class='ocr_carea' id='block_1_5' title="bbox 2438 440 4027 519">
    <p class='ocr_par' dir='ltr' id='par_1_5' title="bbox 2517 440 4027 519">
     <span class='ocr_line' id='line_1_5' title="bbox 2517 440 4027 519; baseline -0.002 -16"><span class='ocrx_word' id='word_1_14' title='bbox 2517 440 2728 503; x_wconf 76' lang='grc' dir='ltr'>Οἶικοῦν</span> <span class='ocrx_word' id='word_1_15' title='bbox 2760 456 2902 502; x_wconf 84' lang='grc' dir='ltr'>κατα</span> <span class='ocrx_word' id='word_1_16' title='bbox 2930 447 3028 516; x_wconf 76' lang='grc' dir='ltr'>μὲν</span> <span class='ocrx_word' id='word_1_17' title='bbox 3056 446 3154 516; x_wconf 77' lang='grc' dir='ltr'><strong>τὴν</strong></span> <span class='ocrx_word' id='word_1_18' title='bbox 3180 447 3420 519; x_wconf 74' lang='grc' dir='ltr'><strong>ἱστορίαν</strong></span> <span class='ocrx_word' id='word_1_19' title='bbox 3442 446 3633 501; x_wconf 89' lang='grc' dir='ltr'>τοῦτον</span> <span class='ocrx_word' id='word_1_20' title='bbox 3662 446 4027 518; x_wconf 83' lang='grc' dir='ltr'>λαμϐάνοντες</span> 
     </span>
    </p>
   </div>
   <div class='ocr_carea' id='block_1_6' title="bbox 756 541 2342 614">
    <p class='ocr_par' dir='ltr' id='par_1_6' title="bbox 756 541 2342 614">
     <span class='ocr_line' id='line_1_6' title="bbox 756 541 2342 614; baseline 0.001 -16"><span class='ocrx_word' id='word_1_21' title='bbox 756 541 1098 614; x_wconf 82' lang='lat' dir='ltr'><strong>Scripturam</strong></span> <span class='ocrx_word' id='word_1_22' title='bbox 1131 545 1360 600; x_wconf 86' lang='lat' dir='ltr'><strong>veritate</strong></span> <span class='ocrx_word' id='word_1_23' title='bbox 1393 545 1492 598; x_wconf 89' lang='lat' dir='ltr'><strong>uiti</strong></span> <span class='ocrx_word' id='word_1_24' title='bbox 1522 545 1666 599; x_wconf 83' lang='lat' dir='ltr'><strong>haud</strong></span> <span class='ocrx_word' id='word_1_25' title='bbox 1700 545 2067 603; x_wconf 82' lang='lat' dir='ltr'><strong>inveniemus.</strong></span> <span class='ocrx_word' id='word_1_26' title='bbox 2109 547 2342 604; x_wconf 85' lang='lat' dir='ltr'><strong>Ubinam</strong></span> 
     </span>
    </p>
   </div>
   <div class='ocr_carea' id='block_1_7' title="bbox 754 637 2342 710">
    <p class='ocr_par' dir='ltr' id='par_1_7' title="bbox 754 637 2342 710">
     <span class='ocr_line' id='line_1_7' title="bbox 754 637 2342 710; baseline 0.003 -19"><span class='ocrx_word' id='word_1_27' title='bbox 754 637 905 692; x_wconf 89' lang='lat' dir='ltr'><strong>enim</strong></span> <span class='ocrx_word' id='word_1_28' title='bbox 935 639 1444 696; x_wconf 78' lang='lat' dir='ltr'><strong>exterminaveruut</strong></span> <span class='ocrx_word' id='word_1_29' title='bbox 1479 641 1797 698; x_wconf 69' lang='lat' dir='ltr'><strong>Gabaonitae</strong></span> <span class='ocrx_word' id='word_1_30' title='bbox 1830 641 2051 698; x_wconf 91' lang='lat' dir='ltr'><strong>Saulem</strong></span> <span class='ocrx_word' id='word_1_31' title='bbox 2081 656 2148 695; x_wconf 80' lang='lat' dir='ltr'><strong>ex</strong></span> <span class='ocrx_word' id='word_1_32' title='bbox 2179 637 2342 710; x_wconf 79' lang='lat'><strong>285</strong></span> 
     </span>
    </p>
   </div>
   <div class='ocr_carea' id='block_1_8' title="bbox 757 727 2344 802">
    <p class='ocr_par' dir='ltr' id='par_1_8' title="bbox 757 727 2344 802">
     <span class='ocr_line' id='line_1_8' title="bbox 757 727 2344 802; baseline 0.003 -22"><span class='ocrx_word' id='word_1_33' title='bbox 757 728 908 780; x_wconf 89' lang='lat' dir='ltr'><strong>omni</strong></span> <span class='ocrx_word' id='word_1_34' title='bbox 952 727 1191 782; x_wconf 82' lang='lat' dir='ltr'><strong>confinio</strong></span> <span class='ocrx_word' id='word_1_35' title='bbox 1240 731 1489 796; x_wconf 82' lang='lat' dir='ltr'><strong>Israelis;</strong></span> <span class='ocrx_word' id='word_1_36' title='bbox 1549 748 1674 788; x_wconf 91' lang='lat' dir='ltr'><strong>cum</strong></span> <span class='ocrx_word' id='word_1_37' title='bbox 1727 733 1884 787; x_wconf 86' lang='lat' dir='ltr'><strong>multi</strong></span> <span class='ocrx_word' id='word_1_38' title='bbox 1933 741 2122 802; x_wconf 86' lang='lat' dir='ltr'><strong>postea</strong></span> <span class='ocrx_word' id='word_1_39' title='bbox 2165 730 2344 785; x_wconf 82' lang='lat' dir='ltr'><strong>Saulis</strong></span> 
     </span>
    </p>
   </div>
   <div class='ocr_carea' id='block_1_9' title="bbox 757 818 2343 891">
    <p class='ocr_par' dir='ltr' id='par_1_9' title="bbox 757 818 2343 891">
     <span class='ocr_line' id='line_1_9' title="bbox 757 818 2343 891; baseline 0.001 -19"><span class='ocrx_word' id='word_1_40' title='bbox 757 818 948 874; x_wconf 84' lang='lat' dir='ltr'><strong>allines</strong></span> <span class='ocrx_word' id='word_1_41' title='bbox 994 819 1048 874; x_wconf 92' lang='lat' dir='ltr'><strong>in</strong></span> <span class='ocrx_word' id='word_1_42' title='bbox 1095 821 1302 891; x_wconf 91' lang='lat' dir='ltr'><strong>populo</strong></span> <span class='ocrx_word' id='word_1_43' title='bbox 1347 825 1692 879; x_wconf 80' lang='lat' dir='ltr'><strong>exsisterent.</strong></span> <span class='ocrx_word' id='word_1_44' title='bbox 1739 823 1834 878; x_wconf 89' lang='lat' dir='ltr'><strong>Sin</strong></span> <span class='ocrx_word' id='word_1_45' title='bbox 1884 831 2064 878; x_wconf 81' lang='lat' dir='ltr'><strong>autem</strong></span> <span class='ocrx_word' id='word_1_46' title='bbox 2106 821 2343 891; x_wconf 76' lang='lat' dir='ltr'><strong>spiritali</strong></span> 
     </span>
    </p>
   </div>
   <div class='ocr_carea' id='block_1_10' title="bbox 755 913 2343 986">
    <p class='ocr_par' dir='ltr' id='par_1_10' title="bbox 755 913 2343 986">
     <span class='ocr_line' id='line_1_10' title="bbox 755 913 2343 986; baseline 0.001 -18"><span class='ocrx_word' id='word_1_47' title='bbox 755 927 922 968; x_wconf 81' lang='lat' dir='ltr'><strong>sensu</strong></span> <span class='ocrx_word' id='word_1_48' title='bbox 977 913 1381 986; x_wconf 88' lang='lat' dir='ltr'><strong>intelligamus,</strong></span> <span class='ocrx_word' id='word_1_49' title='bbox 1434 916 1579 970; x_wconf 89' lang='lat' dir='ltr'><strong>clare</strong></span> <span class='ocrx_word' id='word_1_50' title='bbox 1640 914 2343 979; x_wconf 77' lang='lat' dir='ltr'><strong>inveniemus.naturalis</strong></span> 
     </span>
    </p>
   </div>
   <div class='ocr_carea' id='block_1_11' title="bbox 755 1003 2343 1074">
    <p class='ocr_par' dir='ltr' id='par_1_11' title="bbox 755 1003 2343 1074">
     <span class='ocr_line' id='line_1_11' title="bbox 755 1003 2343 1074; baseline 0.003 -17"><span class='ocrx_word' id='word_1_51' title='bbox 755 1003 1153 1072; x_wconf 83' lang='lat' dir='ltr'><strong>speeulationis</strong></span> <span class='ocrx_word' id='word_1_52' title='bbox 1192 1020 1317 1074; x_wconf 89' lang='lat' dir='ltr'><strong>ope,</strong></span> <span class='ocrx_word' id='word_1_53' title='bbox 1357 1005 1412 1060; x_wconf 91' lang='lat' dir='ltr'><strong>in</strong></span> <span class='ocrx_word' id='word_1_54' title='bbox 1459 1006 1609 1061; x_wconf 87' lang='lat' dir='ltr'><strong>celso</strong></span> <span class='ocrx_word' id='word_1_55' title='bbox 1638 1007 1884 1063; x_wconf 77' lang='lat' dir='ltr'><strong>scientiae.</strong></span> <span class='ocrx_word' id='word_1_56' title='bbox 1919 1006 2162 1074; x_wconf 84' lang='lat' dir='ltr'><strong>vertice,</strong></span> <span class='ocrx_word' id='word_1_57' title='bbox 2207 1007 2343 1062; x_wconf 89' lang='lat' dir='ltr'><strong>scri-</strong></span> 
     </span>
    </p>
   </div>
   <div class='ocr_carea' id='block_1_12' title="bbox 754 1095 2343 1172">
    <p class='ocr_par' dir='ltr' id='par_1_12' title="bbox 754 1095 2343 1172">
     <span class='ocr_line' id='line_1_12' title="bbox 754 1095 2343 1172; baseline 0.006 -24"><span class='ocrx_word' id='word_1_58' title='bbox 754 1102 906 1164; x_wconf 88' lang='lat' dir='ltr'><strong>ptam</strong></span> <span class='ocrx_word' id='word_1_59' title='bbox 939 1095 1119 1166; x_wconf 61' lang='lat' dir='ltr'><strong>legem,</strong></span> <span class='ocrx_word' id='word_1_60' title='bbox 1151 1096 1514 1168; x_wconf 87' lang='lat' dir='ltr'><strong>(corporalem</strong></span> <span class='ocrx_word' id='word_1_61' title='bbox 1544 1101 1752 1156; x_wconf 80' lang='lat' dir='ltr'><strong>scilicet</strong></span> <span class='ocrx_word' id='word_1_62' title='bbox 1782 1105 1836 1155; x_wconf 87' lang='lat' dir='ltr'><strong>in</strong></span> <span class='ocrx_word' id='word_1_63' title='bbox 1871 1101 2134 1172; x_wconf 79' lang='lat' dir='ltr'><strong>symbolis</strong></span> <span class='ocrx_word' id='word_1_64' title='bbox 2161 1103 2343 1158; x_wconf 90' lang='lat' dir='ltr'><strong>cultus</strong></span> 
     </span>
    </p>
   </div>
   <div class='ocr_carea' id='block_1_13' title="bbox 757 1185 2342 1256">
    <p class='ocr_par' dir='ltr' id='par_1_13' title="bbox 757 1185 2342 1256">
     <span class='ocr_line' id='line_1_13' title="bbox 757 1185 2342 1256; baseline 0.007 -18"><span class='ocrx_word' id='word_1_65' title='bbox 757 1185 948 1256; x_wconf 88' lang='lat' dir='ltr'><strong>ritum)</strong></span> <span class='ocrx_word' id='word_1_66' title='bbox 972 1201 1200 1256; x_wconf 87' lang='lat' dir='ltr'><strong>prorsus</strong></span> <span class='ocrx_word' id='word_1_67' title='bbox 1230 1188 1502 1246; x_wconf 86' lang='lat' dir='ltr'><strong>desinere.</strong></span> <span class='ocrx_word' id='word_1_68' title='bbox 1535 1191 1636 1247; x_wconf 83' lang='lat' dir='ltr'><strong>Ubi</strong></span> <span class='ocrx_word' id='word_1_69' title='bbox 1666 1193 1813 1246; x_wconf 90' lang='lat' dir='ltr'><strong>enim</strong></span> <span class='ocrx_word' id='word_1_70' title='bbox 1844 1194 2146 1248; x_wconf 84' lang='lat' dir='ltr'><strong>etiamnum</strong></span> <span class='ocrx_word' id='word_1_71' title='bbox 2176 1194 2342 1249; x_wconf 84' lang='lat' dir='ltr'><strong>stabit</strong></span> 
     </span>
    </p>
   </div>
   <div class='ocr_carea' id='block_1_14' title="bbox 755 1277 2341 1354">
    <p class='ocr_par' dir='ltr' id='par_1_14' title="bbox 755 1277 2341 1354">
     <span class='ocr_line' id='line_1_14' title="bbox 755 1277 2341 1354; baseline 0.008 -26"><span class='ocrx_word' id='word_1_72' title='bbox 755 1277 994 1332; x_wconf 80' lang='lat' dir='ltr'><strong>carnalis</strong></span> <span class='ocrx_word' id='word_1_73' title='bbox 1024 1279 1394 1347; x_wconf 87' lang='lat' dir='ltr'><strong>circumcisio,</strong></span> <span class='ocrx_word' id='word_1_74' title='bbox 1439 1297 1564 1336; x_wconf 87' lang='lat' dir='ltr'><strong>cum</strong></span> <span class='ocrx_word' id='word_1_75' title='bbox 1598 1283 1685 1336; x_wconf 80' lang='lat' dir='ltr'><strong>lex</strong></span> <span class='ocrx_word' id='word_1_76' title='bbox 1718 1283 2039 1353; x_wconf 86' lang='lat' dir='ltr'><strong>spiritaliter</strong></span> <span class='ocrx_word' id='word_1_77' title='bbox 2071 1284 2341 1354; x_wconf 81' lang='lat' dir='ltr'><strong>intelliga-</strong></span> 
     </span>
    </p>
   </div>
   <div class='ocr_carea' id='block_1_15' title="bbox 757 1369 2338 1445">
    <p class='ocr_par' dir='ltr' id='par_1_15' title="bbox 757 1369 2338 1445">
     <span class='ocr_line' id='line_1_15' title="bbox 757 1369 2338 1445; baseline 0.003 -24"><span class='ocrx_word' id='word_1_78' title='bbox 757 1369 885 1422; x_wconf 85' lang='lat' dir='ltr'><strong>tur?</strong></span> <span class='ocrx_word' id='word_1_79' title='bbox 932 1369 1027 1424; x_wconf 91' lang='lat' dir='ltr'><strong>ubi</strong></span> <span class='ocrx_word' id='word_1_80' title='bbox 1074 1370 1330 1437; x_wconf 87' lang='lat' dir='ltr'><strong>Sabbata,</strong></span> <span class='ocrx_word' id='word_1_81' title='bbox 1371 1374 1756 1445; x_wconf 84' lang='lat' dir='ltr'><strong>mensiumque</strong></span> <span class='ocrx_word' id='word_1_82' title='bbox 1804 1374 1996 1430; x_wconf 85' lang='lat' dir='ltr'><strong>initia?</strong></span> <span class='ocrx_word' id='word_1_83' title='bbox 2032 1374 2124 1429; x_wconf 88' lang='lat' dir='ltr'><strong>ubi</strong></span> <span class='ocrx_word' id='word_1_84' title='bbox 2168 1378 2338 1429; x_wconf 79' lang='lat' dir='ltr'><strong>festo-</strong></span> 
     </span>
    </p>
   </div>
   <div class='ocr_carea' id='block_1_16' title="bbox 757 1461 2338 1536">
    <p class='ocr_par' dir='ltr' id='par_1_16' title="bbox 757 1461 2338 1536">
     <span class='ocr_line' id='line_1_16' title="bbox 757 1461 2338 1536; baseline 0.006 -23"><span class='ocrx_word' id='word_1_85' title='bbox 757 1476 879 1515; x_wconf 88' lang='lat' dir='ltr'><strong>rum</strong></span> <span class='ocrx_word' id='word_1_86' title='bbox 909 1461 1150 1518; x_wconf 84' lang='lat' dir='ltr'><strong>universi</strong></span> <span class='ocrx_word' id='word_1_87' title='bbox 1187 1466 1376 1536; x_wconf 83' lang='lat' dir='ltr'><strong>populi</strong></span> <span class='ocrx_word' id='word_1_88' title='bbox 1411 1477 1685 1522; x_wconf 89' lang='lat' dir='ltr'><strong>conventu</strong></span> <span class='ocrx_word' id='word_1_89' title='bbox 1718 1468 2022 1523; x_wconf 85' lang='lat' dir='ltr'><strong>solemnia?</strong></span> <span class='ocrx_word' id='word_1_90' title='bbox 2053 1469 2145 1523; x_wconf 90' lang='lat' dir='ltr'><strong>ubi</strong></span> <span class='ocrx_word' id='word_1_91' title='bbox 2177 1469 2338 1524; x_wconf 90' lang='lat' dir='ltr'><strong>victi-</strong></span> 
     </span>
    </p>
   </div>
   <div class='ocr_carea' id='block_1_17' title="bbox 757 1560 2339 1635">
    <p class='ocr_par' dir='ltr' id='par_1_17' title="bbox 757 1560 2339 1635">
     <span class='ocr_line' id='line_1_17' title="bbox 757 1560 2339 1635; baseline 0.008 -29"><span class='ocrx_word' id='word_1_92' title='bbox 757 1568 991 1619; x_wconf 89' lang='lat' dir='ltr'><strong>marum,</strong></span> <span class='ocrx_word' id='word_1_93' title='bbox 1030 1563 1299 1628; x_wconf 68' lang='lat' dir='ltr'><strong>ternaque</strong></span> <span class='ocrx_word' id='word_1_94' title='bbox 1342 1560 1438 1614; x_wconf 92' lang='lat' dir='ltr'><strong>otii</strong></span> <span class='ocrx_word' id='word_1_95' title='bbox 1489 1569 1544 1615; x_wconf 91' lang='lat' dir='ltr'><strong>et</strong></span> <span class='ocrx_word' id='word_1_96' title='bbox 1587 1562 1812 1630; x_wconf 84' lang='lat' dir='ltr'><strong>quietis,</strong></span> <span class='ocrx_word' id='word_1_97' title='bbox 1841 1578 1904 1616; x_wconf 89' lang='lat' dir='ltr'><strong>ac</strong></span> <span class='ocrx_word' id='word_1_98' title='bbox 1944 1563 2168 1634; x_wconf 70' lang='lat' dir='ltr'><strong>reliquae</strong></span> <span class='ocrx_word' id='word_1_99' title='bbox 2204 1564 2339 1635; x_wconf 83' lang='lat' dir='ltr'><strong>legis</strong></span> 
     </span>
    </p>
   </div>
   <div class='ocr_carea' id='block_1_18' title="bbox 755 1648 2334 1723">
    <p class='ocr_par' dir='ltr' id='par_1_18' title="bbox 755 1648 2334 1723">
     <span class='ocr_line' id='line_1_18' title="bbox 755 1648 2334 1723; baseline 0.008 -25"><span class='ocrx_word' id='word_1_100' title='bbox 755 1648 1032 1715; x_wconf 90' lang='lat' dir='ltr'><strong>corporali</strong></span> <span class='ocrx_word' id='word_1_101' title='bbox 1062 1650 1212 1704; x_wconf 91' lang='lat' dir='ltr'><strong>cultu</strong></span> <span class='ocrx_word' id='word_1_102' title='bbox 1247 1651 1611 1707; x_wconf 86' lang='lat' dir='ltr'><strong>institutionis</strong></span> <span class='ocrx_word' id='word_1_103' title='bbox 1638 1654 1900 1709; x_wconf 83' lang='lat' dir='ltr'><strong>traditio?</strong></span> <span class='ocrx_word' id='word_1_104' title='bbox 1929 1655 2144 1710; x_wconf 88' lang='lat' dir='ltr'><strong>Scimus</strong></span> <span class='ocrx_word' id='word_1_105' title='bbox 2166 1658 2334 1723; x_wconf 88' lang='lat' dir='ltr'><strong>enim,</strong></span> 
     </span>
    </p>
   </div>
   <div class='ocr_carea' id='block_1_19' title="bbox 754 1737 2335 1825">
    <p class='ocr_par' dir='ltr' id='par_1_19' title="bbox 754 1737 2335 1825">
     <span class='ocr_line' id='line_1_19' title="bbox 754 1737 2335 1825; baseline 0.008 -34"><span class='ocrx_word' id='word_1_106' title='bbox 754 1737 852 1807; x_wconf 86' lang='lat' dir='ltr'><strong>qui</strong></span> <span class='ocrx_word' id='word_1_107' title='bbox 886 1748 1098 1795; x_wconf 73' lang='lat' dir='ltr'><strong>natura:</strong></span> <span class='ocrx_word' id='word_1_108' title='bbox 1129 1742 1247 1825; x_wconf 80' lang='lat' dir='ltr'><strong>ipso</strong></span> <span class='ocrx_word' id='word_1_109' title='bbox 1276 1744 1443 1800; x_wconf 88' lang='lat' dir='ltr'><strong>ductu</strong></span> <span class='ocrx_word' id='word_1_110' title='bbox 1473 1745 1716 1800; x_wconf 90' lang='lat' dir='ltr'><strong>animum</strong></span> <span class='ocrx_word' id='word_1_111' title='bbox 1760 1747 1927 1801; x_wconf 78' lang='lat' dir='ltr'><strong>rebus</strong></span> <span class='ocrx_word' id='word_1_112' title='bbox 1965 1743 2335 1814; x_wconf 79' lang='lat' dir='ltr'><strong>attendamus,</strong></span> 
     </span>
    </p>
   </div>
   <div class='ocr_carea' id='block_1_20' title="bbox 2446 537 4025 610">
    <p class='ocr_par' dir='ltr' id='par_1_20' title="bbox 2446 537 4025 610">
     <span class='ocr_line' id='line_1_20' title="bbox 2446 537 4025 610; baseline -0.004 -16"><span class='ocrx_word' id='word_1_113' title='bbox 2446 541 2539 594; x_wconf 83' lang='grc' dir='ltr'>τὸν</span> <span class='ocrx_word' id='word_1_114' title='bbox 2567 541 2750 604; x_wconf 83' lang='grc' dir='ltr'><strong>τόπον,</strong></span> <span class='ocrx_word' id='word_1_115' title='bbox 2780 539 2876 609; x_wconf 82' lang='grc' dir='ltr'><strong>οὐχ</strong></span> <span class='ocrx_word' id='word_1_116' title='bbox 2905 538 3232 608; x_wconf 84' lang='grc' dir='ltr'>εὑρίσκομεν</span> <span class='ocrx_word' id='word_1_117' title='bbox 3265 540 3364 609; x_wconf 74' lang='grc' dir='ltr'>τὴν</span> <span class='ocrx_word' id='word_1_118' title='bbox 3393 539 3434 593; x_wconf 89' lang='grc' dir='ltr'><strong>Γ</strong></span> <span class='ocrx_word' id='word_1_119' title='bbox 3440 537 3616 610; x_wconf 78' lang='grc' dir='ltr'>ραφὴν</span> <span class='ocrx_word' id='word_1_120' title='bbox 3640 538 4025 606; x_wconf 75' lang='grc' dir='ltr'>ἀληθεύουσαν.</span> 
     </span>
    </p>
   </div>
   <div class='ocr_carea' id='block_1_21' title="bbox 2448 629 4026 704">
    <p class='ocr_par' dir='ltr' id='par_1_21' title="bbox 2448 629 4026 704">
     <span class='ocr_line' id='line_1_21' title="bbox 2448 629 4026 704; baseline -0.003 -17"><span class='ocrx_word' id='word_1_121' title='bbox 2448 633 2558 687; x_wconf 77' lang='grc' dir='ltr'>Ποῦ</span> <span class='ocrx_word' id='word_1_122' title='bbox 2589 632 2697 704; x_wconf 83' lang='grc' dir='ltr'>γὰρ</span> <span class='ocrx_word' id='word_1_123' title='bbox 2720 631 2995 701; x_wconf 69' lang='grc' dir='ltr'>ἠφάνισαν</span> <span class='ocrx_word' id='word_1_124' title='bbox 3032 633 3081 684; x_wconf 80' lang='lat' dir='ltr'><strong>oi</strong></span> <span class='ocrx_word' id='word_1_125' title='bbox 3113 629 3454 684; x_wconf 82' lang='grc' dir='ltr'>Γαϐαωνῖται</span> <span class='ocrx_word' id='word_1_126' title='bbox 3503 629 3595 682; x_wconf 80' lang='grc' dir='ltr'>τὸν</span> <span class='ocrx_word' id='word_1_127' title='bbox 3621 629 3796 682; x_wconf 80' lang='grc' dir='ltr'>Σαοὺλ</span> <span class='ocrx_word' id='word_1_128' title='bbox 3829 629 4026 690; x_wconf 83' lang='grc' dir='ltr'>παντὸς</span> 
     </span>
    </p>
   </div>
   <div class='ocr_carea' id='block_1_22' title="bbox 2445 721 4026 797">
    <p class='ocr_par' dir='ltr' id='par_1_22' title="bbox 2445 721 4026 797">
     <span class='ocr_line' id='line_1_22' title="bbox 2445 721 4026 797; baseline -0.003 -19"><span class='ocrx_word' id='word_1_129' title='bbox 2445 727 2596 796; x_wconf 75' lang='grc' dir='ltr'>ὁρίου</span> <span class='ocrx_word' id='word_1_130' title='bbox 2641 726 2879 797; x_wconf 75' lang='grc' dir='ltr'>Ἰσραὴλ,</span> <span class='ocrx_word' id='word_1_131' title='bbox 2911 724 3114 794; x_wconf 81' lang='grc' dir='ltr'>πολλῆς</span> <span class='ocrx_word' id='word_1_132' title='bbox 3140 725 3277 792; x_wconf 74' lang='grc' dir='ltr'>μετά</span> <span class='ocrx_word' id='word_1_133' title='bbox 3317 721 3478 776; x_wconf 82' lang='grc' dir='ltr'>τοῦτο</span> <span class='ocrx_word' id='word_1_134' title='bbox 3531 721 3855 790; x_wconf 74' lang='grc' dir='ltr'><strong>συγγενείας</strong></span> <span class='ocrx_word' id='word_1_135' title='bbox 3888 722 4026 790; x_wconf 77' lang='grc' dir='ltr'>εὑρι-</span> 
     </span>
    </p>
   </div>
   <div class='ocr_carea' id='block_1_23' title="bbox 2446 812 4023 888">
    <p class='ocr_par' dir='ltr' id='par_1_23' title="bbox 2446 812 4023 888">
     <span class='ocr_line' id='line_1_23' title="bbox 2446 812 4023 888; baseline -0.003 -20"><span class='ocrx_word' id='word_1_136' title='bbox 2446 817 2721 888; x_wconf 83' lang='grc' dir='ltr'>σκομένης</span> <span class='ocrx_word' id='word_1_137' title='bbox 2746 818 2802 868; x_wconf 93' lang='lat' dir='ltr'><strong>tv</strong></span> <span class='ocrx_word' id='word_1_138' title='bbox 2829 815 2906 886; x_wconf 85' lang='grc' dir='ltr'>τῷ</span> <span class='ocrx_word' id='word_1_139' title='bbox 2931 813 3078 885; x_wconf 82' lang='grc' dir='ltr'><strong>λαῷ;</strong></span> <span class='ocrx_word' id='word_1_140' title='bbox 3105 813 3260 867; x_wconf 83' lang='grc' dir='ltr'><strong>Κατὰ</strong></span> <span class='ocrx_word' id='word_1_141' title='bbox 3283 812 3462 883; x_wconf 75' lang='grc' dir='ltr'>δὲτὴν</span> <span class='ocrx_word' id='word_1_142' title='bbox 3499 812 3733 884; x_wconf 77' lang='grc' dir='ltr'>θεωρίαν</span> <span class='ocrx_word' id='word_1_143' title='bbox 3757 813 4023 874; x_wconf 79' lang='grc' dir='ltr'>νοοῦντες,</span> 
     </span>
    </p>
   </div>
   <div class='ocr_carea' id='block_1_24' title="bbox 2447 896 4026 978">
    <p class='ocr_par' dir='ltr' id='par_1_24' title="bbox 2447 896 4026 978">
     <span class='ocr_line' id='line_1_24' title="bbox 2447 896 4026 978; baseline -0.004 -18"><span class='ocrx_word' id='word_1_144' title='bbox 2447 909 2634 976; x_wconf 73' lang='grc' dir='ltr'>σαφῶς</span> <span class='ocrx_word' id='word_1_145' title='bbox 2665 896 3013 978; x_wconf 74' lang='grc' dir='ltr'>εὑρίσκομεν,</span> <span class='ocrx_word' id='word_1_146' title='bbox 3047 906 3128 959; x_wconf 82' lang='grc' dir='ltr'>ὅτι</span> <span class='ocrx_word' id='word_1_147' title='bbox 3150 904 3240 958; x_wconf 78' lang='grc' dir='ltr'><strong>διὰ</strong></span> <span class='ocrx_word' id='word_1_148' title='bbox 3275 905 3450 975; x_wconf 79' lang='grc' dir='ltr'>μέσης</span> <span class='ocrx_word' id='word_1_149' title='bbox 3473 905 3574 973; x_wconf 73' lang='grc' dir='ltr'>τῆς</span> <span class='ocrx_word' id='word_1_150' title='bbox 3615 901 3854 973; x_wconf 81' lang='grc' dir='ltr'>φυσικῆς</span> <span class='ocrx_word' id='word_1_151' title='bbox 3899 903 4026 955; x_wconf 80' lang='grc' dir='ltr'>θεω-</span> 
     </span>
    </p>
   </div>
   <div class='ocr_carea' id='block_1_25' title="bbox 2446 994 4026 1074">
    <p class='ocr_par' dir='ltr' id='par_1_25' title="bbox 2446 994 4026 1074">
     <span class='ocr_line' id='line_1_25' title="bbox 2446 994 4026 1074; baseline -0.001 -23"><span class='ocrx_word' id='word_1_152' title='bbox 2446 1001 2587 1074; x_wconf 86' lang='grc' dir='ltr'>ρίας,</span> <span class='ocrx_word' id='word_1_153' title='bbox 2611 1001 2668 1053; x_wconf 87' lang='lat' dir='ltr'><strong>tv</strong></span> <span class='ocrx_word' id='word_1_154' title='bbox 2697 999 2774 1069; x_wconf 80' lang='grc' dir='ltr'>τῷ</span> <span class='ocrx_word' id='word_1_155' title='bbox 2802 997 2926 1068; x_wconf 75' lang='grc' dir='ltr'>ὕψει</span> <span class='ocrx_word' id='word_1_156' title='bbox 2965 998 3065 1068; x_wconf 86' lang='grc' dir='ltr'>τῆς</span> <span class='ocrx_word' id='word_1_157' title='bbox 3093 997 3368 1066; x_wconf 84' lang='grc' dir='ltr'>γνώσεως,</span> <span class='ocrx_word' id='word_1_158' title='bbox 3405 999 3432 1050; x_wconf 84' lang='grc' dir='ltr'>ὁ</span> <span class='ocrx_word' id='word_1_159' title='bbox 3466 997 3710 1067; x_wconf 80' lang='grc' dir='ltr'>γραπτὸς</span> <span class='ocrx_word' id='word_1_160' title='bbox 3747 994 4026 1056; x_wconf 79' lang='grc' dir='ltr'><strong>παντελῶς</strong></span> 
     </span>
    </p>
   </div>
   <div class='ocr_carea' id='block_1_26' title="bbox 2444 1086 4028 1165">
    <p class='ocr_par' dir='ltr' id='par_1_26' title="bbox 2444 1086 4028 1165">
     <span class='ocr_line' id='line_1_26' title="bbox 2444 1086 4028 1165; baseline -0.005 -19"><span class='ocrx_word' id='word_1_161' title='bbox 2444 1093 2766 1160; x_wconf 82' lang='grc' dir='ltr'>ἀπογίνεται</span> <span class='ocrx_word' id='word_1_162' title='bbox 2806 1091 2986 1160; x_wconf 82' lang='grc' dir='ltr'>νόμος,</span> <span class='ocrx_word' id='word_1_163' title='bbox 3017 1091 3184 1161; x_wconf 75' lang='grc' dir='ltr'>ἢγουν</span> <span class='ocrx_word' id='word_1_164' title='bbox 3207 1091 3234 1142; x_wconf 87' lang='grc' dir='ltr'><strong>ό</strong></span> <span class='ocrx_word' id='word_1_165' title='bbox 3267 1088 3577 1158; x_wconf 70' lang='grc' dir='ltr'>σωματικος</span> <span class='ocrx_word' id='word_1_166' title='bbox 3605 1088 3662 1139; x_wconf 89' lang='lat' dir='ltr'><strong>tv</strong></span> <span class='ocrx_word' id='word_1_167' title='bbox 3691 1090 3804 1150; x_wconf 83' lang='grc' dir='ltr'>τοῖς</span> <span class='ocrx_word' id='word_1_168' title='bbox 3836 1086 4028 1165; x_wconf 71' lang='grc' dir='ltr'>συμϐό-</span> 
     </span>
    </p>
   </div>
   <div class='ocr_carea' id='block_1_27' title="bbox 2443 1179 4026 1254">
    <p class='ocr_par' dir='ltr' id='par_1_27' title="bbox 2443 1179 4026 1254">
     <span class='ocr_line' id='line_1_27' title="bbox 2443 1179 4026 1254; baseline -0.005 -16"><span class='ocrx_word' id='word_1_169' title='bbox 2443 1186 2555 1248; x_wconf 75' lang='grc' dir='ltr'>λοις</span> <span class='ocrx_word' id='word_1_170' title='bbox 2588 1184 2728 1237; x_wconf 69' lang='grc' dir='ltr'>κατὰ</span> <span class='ocrx_word' id='word_1_171' title='bbox 2750 1183 2847 1254; x_wconf 80' lang='grc' dir='ltr'>τὴν</span> <span class='ocrx_word' id='word_1_172' title='bbox 2875 1183 3130 1252; x_wconf 86' lang='grc' dir='ltr'>λατρείαν</span> <span class='ocrx_word' id='word_1_173' title='bbox 3158 1181 3381 1251; x_wconf 82' lang='grc' dir='ltr'>θεσμός.</span> <span class='ocrx_word' id='word_1_174' title='bbox 3428 1179 3537 1233; x_wconf 87' lang='grc' dir='ltr'><strong>Ποῦ</strong></span> <span class='ocrx_word' id='word_1_175' title='bbox 3567 1179 3674 1250; x_wconf 75' lang='grc' dir='ltr'>γὰρ</span> <span class='ocrx_word' id='word_1_176' title='bbox 3703 1179 3784 1232; x_wconf 77' lang='grc' dir='ltr'>ἔτι</span> <span class='ocrx_word' id='word_1_177' title='bbox 3834 1180 4026 1250; x_wconf 77' lang='grc' dir='ltr'>στήσε-</span> 
     </span>
    </p>
   </div>
   <div class='ocr_carea' id='block_1_28' title="bbox 2442 1273 4027 1349">
    <p class='ocr_par' dir='ltr' id='par_1_28' title="bbox 2442 1273 4027 1349">
     <span class='ocr_line' id='line_1_28' title="bbox 2442 1273 4027 1349; baseline -0.006 -17"><span class='ocrx_word' id='word_1_178' title='bbox 2442 1296 2531 1332; x_wconf 81' lang='grc' dir='ltr'><strong>ται</strong></span> <span class='ocrx_word' id='word_1_179' title='bbox 2561 1276 2834 1349; x_wconf 84' lang='grc' dir='ltr'>περιτομὴ</span> <span class='ocrx_word' id='word_1_180' title='bbox 2865 1275 3086 1347; x_wconf 82' lang='grc' dir='ltr'>σαρκὸς,</span> <span class='ocrx_word' id='word_1_181' title='bbox 3113 1277 3405 1345; x_wconf 84' lang='grc' dir='ltr'>νοουμένου</span> <span class='ocrx_word' id='word_1_182' title='bbox 3445 1273 3539 1326; x_wconf 83' lang='grc' dir='ltr'><strong>τοῦ</strong></span> <span class='ocrx_word' id='word_1_183' title='bbox 3581 1275 3744 1342; x_wconf 78' lang='grc' dir='ltr'>νόμου</span> <span class='ocrx_word' id='word_1_184' title='bbox 3779 1288 4027 1340; x_wconf 83' lang='grc' dir='ltr'>πνευμα-</span> 
     </span>
    </p>
   </div>
   <div class='ocr_carea' id='block_1_29' title="bbox 2443 1364 4026 1437">
    <p class='ocr_par' dir='ltr' id='par_1_29' title="bbox 2443 1364 4026 1437">
     <span class='ocr_line' id='line_1_29' title="bbox 2443 1364 4026 1437; baseline -0.005 -13"><span class='ocrx_word' id='word_1_185' title='bbox 2443 1371 2612 1436; x_wconf 80' lang='grc' dir='ltr'>τικῶς</span> <span class='ocrx_word' id='word_1_186' title='bbox 2641 1387 2656 1436; x_wconf 92' lang='grc'>;</span> <span class='ocrx_word' id='word_1_187' title='bbox 2686 1369 2791 1423; x_wconf 84' lang='grc' dir='ltr'><strong>ποῦ</strong></span> <span class='ocrx_word' id='word_1_188' title='bbox 2815 1369 2886 1422; x_wconf 79' lang='grc' dir='ltr'>τὰ</span> <span class='ocrx_word' id='word_1_189' title='bbox 2918 1367 3194 1434; x_wconf 78' lang='grc' dir='ltr'>Σάϐϐατα,</span> <span class='ocrx_word' id='word_1_190' title='bbox 3220 1367 3318 1420; x_wconf 79' lang='grc' dir='ltr'>καὶ</span> <span class='ocrx_word' id='word_1_191' title='bbox 3346 1367 3453 1420; x_wconf 82' lang='grc' dir='ltr'><strong>τῶν</strong></span> <span class='ocrx_word' id='word_1_192' title='bbox 3502 1365 3690 1437; x_wconf 84' lang='grc' dir='ltr'>μηνῶν</span> <span class='ocrx_word' id='word_1_193' title='bbox 3723 1366 3779 1419; x_wconf 87' lang='grc' dir='ltr'><strong>αί</strong></span> <span class='ocrx_word' id='word_1_194' title='bbox 3827 1364 4026 1435; x_wconf 74' lang='grc' dir='ltr'>ἀρχαίς</span> 
     </span>
    </p>
   </div>
   <div class='ocr_carea' id='block_1_30' title="bbox 2443 1454 4029 1532">
    <p class='ocr_par' dir='ltr' id='par_1_30' title="bbox 2443 1454 4029 1532">
     <span class='ocr_line' id='line_1_30' title="bbox 2443 1454 4029 1532; baseline -0.006 -16"><span class='ocrx_word' id='word_1_195' title='bbox 2443 1464 2546 1516; x_wconf 79' lang='grc' dir='ltr'><strong>ποῦ</strong></span> <span class='ocrx_word' id='word_1_196' title='bbox 2572 1461 2681 1516; x_wconf 84' lang='grc' dir='ltr'>τῶν</span> <span class='ocrx_word' id='word_1_197' title='bbox 2707 1460 2911 1532; x_wconf 81' lang='grc' dir='ltr'>ἑορτῶν</span> <span class='ocrx_word' id='word_1_198' title='bbox 2933 1461 2990 1513; x_wconf 80' lang='lat' dir='ltr'><strong>al</strong></span> <span class='ocrx_word' id='word_1_199' title='bbox 3028 1458 3396 1528; x_wconf 77' lang='grc' dir='ltr'>πανηγύρειςς</span> <span class='ocrx_word' id='word_1_200' title='bbox 3426 1455 3530 1510; x_wconf 87' lang='grc' dir='ltr'><strong>ποῦ</strong></span> <span class='ocrx_word' id='word_1_201' title='bbox 3554 1455 3660 1509; x_wconf 84' lang='grc' dir='ltr'><strong>τῶν</strong></span> <span class='ocrx_word' id='word_1_202' title='bbox 3683 1454 3911 1518; x_wconf 81' lang='grc' dir='ltr'>θυσιῶν,</span> <span class='ocrx_word' id='word_1_203' title='bbox 3937 1455 4029 1508; x_wconf 73' lang='grc' dir='ltr'>καὶ</span> 
     </span>
    </p>
   </div>
   <div class='ocr_carea' id='block_1_31' title="bbox 2441 1546 4030 1626">
    <p class='ocr_par' dir='ltr' id='par_1_31' title="bbox 2441 1546 4030 1626">
     <span class='ocr_line' id='line_1_31' title="bbox 2441 1546 4030 1626; baseline -0.006 -18"><span class='ocrx_word' id='word_1_204' title='bbox 2441 1556 2541 1626; x_wconf 77' lang='grc' dir='ltr'>τῆς</span> <span class='ocrx_word' id='word_1_205' title='bbox 2569 1554 2768 1625; x_wconf 86' lang='grc' dir='ltr'>ἀργίας</span> <span class='ocrx_word' id='word_1_206' title='bbox 2801 1551 2901 1622; x_wconf 87' lang='grc' dir='ltr'>τῆς</span> <span class='ocrx_word' id='word_1_207' title='bbox 2927 1554 3052 1623; x_wconf 78' lang='grc' dir='ltr'>γῆς,</span> <span class='ocrx_word' id='word_1_208' title='bbox 3091 1551 3185 1605; x_wconf 74' lang='grc' dir='ltr'>καὶ</span> <span class='ocrx_word' id='word_1_209' title='bbox 3214 1551 3313 1620; x_wconf 75' lang='grc' dir='ltr'>τῆς</span> <span class='ocrx_word' id='word_1_210' title='bbox 3338 1549 3530 1618; x_wconf 79' lang='grc' dir='ltr'>λοιπῆς</span> <span class='ocrx_word' id='word_1_211' title='bbox 3553 1548 3645 1601; x_wconf 92' lang='grc' dir='ltr'><strong>τοῦ</strong></span> <span class='ocrx_word' id='word_1_212' title='bbox 3668 1549 3836 1618; x_wconf 86' lang='grc' dir='ltr'>νόμου</span> <span class='ocrx_word' id='word_1_213' title='bbox 3888 1546 4030 1600; x_wconf 71' lang='grc' dir='ltr'>κατὰ</span> 
     </span>
    </p>
   </div>
   <div class='ocr_carea' id='block_1_32' title="bbox 2441 1636 4029 1718">
    <p class='ocr_par' dir='ltr' id='par_1_32' title="bbox 2441 1636 4029 1718">
     <span class='ocr_line' id='line_1_32' title="bbox 2441 1636 4029 1718; baseline -0.006 -18"><span class='ocrx_word' id='word_1_214' title='bbox 2441 1647 2539 1718; x_wconf 82' lang='grc' dir='ltr'>τὴν</span> <span class='ocrx_word' id='word_1_215' title='bbox 2577 1644 2896 1715; x_wconf 80' lang='grc' dir='ltr'>σωματικὴν</span> <span class='ocrx_word' id='word_1_216' title='bbox 2929 1644 3185 1715; x_wconf 84' lang='grc' dir='ltr'>λατρείαν</span> <span class='ocrx_word' id='word_1_217' title='bbox 3214 1643 3375 1715; x_wconf 79' lang='lat' dir='ltr'><strong>[fort.</strong></span> <span class='ocrx_word' id='word_1_218' title='bbox 3430 1641 3558 1696; x_wconf 81' lang='lat' dir='ltr'><strong>add.</strong></span> <span class='ocrx_word' id='word_1_219' title='bbox 3597 1636 4029 1710; x_wconf 80' lang='grc' dir='ltr'>καταστάσεως]</span> 
     </span>
    </p>
   </div>
   <div class='ocr_carea' id='block_1_33' title="bbox 2443 1733 4032 1811">
    <p class='ocr_par' dir='ltr' id='par_1_33' title="bbox 2443 1733 4032 1811">
     <span class='ocr_line' id='line_1_33' title="bbox 2443 1733 4032 1811; baseline -0.006 -19"><span class='ocrx_word' id='word_1_220' title='bbox 2443 1741 2474 1810; x_wconf 82' lang='grc' dir='ltr'><strong>ἡ</strong></span> <span class='ocrx_word' id='word_1_221' title='bbox 2504 1739 2834 1811; x_wconf 82' lang='grc' dir='ltr'>παράδοσις;</span> <span class='ocrx_word' id='word_1_222' title='bbox 2859 1737 3094 1808; x_wconf 78' lang='grc' dir='ltr'>Οἴδαμεν</span> <span class='ocrx_word' id='word_1_223' title='bbox 3111 1736 3219 1808; x_wconf 75' lang='grc' dir='ltr'>γὰρ</span> <span class='ocrx_word' id='word_1_224' title='bbox 3243 1735 3488 1804; x_wconf 78' lang='grc' dir='ltr'>φυσικῶς</span> <span class='ocrx_word' id='word_1_225' title='bbox 3511 1733 3899 1795; x_wconf 75' lang='grc' dir='ltr'>ἐπιϐάλλοντες</span> <span class='ocrx_word' id='word_1_226' title='bbox 3923 1734 4032 1794; x_wconf 80' lang='grc' dir='ltr'>τοῖς</span> 
     </span>
    </p>
   </div>
   <div class='ocr_carea' id='block_1_34' title="bbox 756 1816 2338 1912">
    <p class='ocr_par' dir='ltr' id='par_1_34' title="bbox 756 1834 2335 1912">
     <span class='ocr_line' id='line_1_34' title="bbox 756 1834 2335 1912; baseline 0.009 -29"><span class='ocrx_word' id='word_1_227' title='bbox 756 1847 866 1886; x_wconf 89' lang='lat' dir='ltr'><strong>non</strong></span> <span class='ocrx_word' id='word_1_228' title='bbox 920 1834 976 1889; x_wconf 91' lang='lat' dir='ltr'><strong>in</strong></span> <span class='ocrx_word' id='word_1_229' title='bbox 1026 1851 1094 1890; x_wconf 85' lang='lat' dir='ltr'><strong>eo</strong></span> <span class='ocrx_word' id='word_1_230' title='bbox 1145 1838 1375 1906; x_wconf 81' lang='lat' dir='ltr'><strong>positam</strong></span> <span class='ocrx_word' id='word_1_231' title='bbox 1431 1839 1823 1908; x_wconf 78' lang='lat' dir='ltr'><strong>perfectionem</strong></span> <span class='ocrx_word' id='word_1_232' title='bbox 1875 1857 2029 1906; x_wconf 88' lang='lat' dir='ltr'><strong>esse,</strong></span> <span class='ocrx_word' id='word_1_233' title='bbox 2077 1851 2134 1898; x_wconf 92' lang='lat' dir='ltr'><strong>ut</strong></span> <span class='ocrx_word' id='word_1_234' title='bbox 2171 1859 2335 1912; x_wconf 87' lang='lat' dir='ltr'><strong>quam</strong></span> 
     </span>
    </p>
   </div>
   <div class='ocr_carea' id='block_1_35' title="bbox 2438 1816 4031 1912">
    <p class='ocr_par' dir='ltr' id='par_1_35' title="bbox 2440 1821 4031 1904">
     <span class='ocr_line' id='line_1_35' title="bbox 2440 1821 4031 1904; baseline -0.008 -18"><span class='ocrx_word' id='word_1_235' title='bbox 2440 1832 2765 1904; x_wconf 84' lang='grc' dir='ltr'>πράγμασιν</span> <span class='ocrx_word' id='word_1_236' title='bbox 2791 1830 3016 1901; x_wconf 79' lang='grc' dir='ltr'><strong>(50),ὼς</strong></span> <span class='ocrx_word' id='word_1_237' title='bbox 3048 1830 3148 1883; x_wconf 76' lang='grc' dir='ltr'>οὐκ</span> <span class='ocrx_word' id='word_1_238' title='bbox 3170 1828 3285 1881; x_wconf 79' lang='grc' dir='ltr'>ἔστι</span> <span class='ocrx_word' id='word_1_239' title='bbox 3314 1827 3590 1896; x_wconf 88' lang='grc' dir='ltr'>τελειότης</span> <span class='ocrx_word' id='word_1_240' title='bbox 3614 1828 3646 1897; x_wconf 79' lang='grc' dir='ltr'><strong>η</strong></span> <span class='ocrx_word' id='word_1_241' title='bbox 3671 1826 3771 1895; x_wconf 84' lang='grc' dir='ltr'>τῆς</span> <span class='ocrx_word' id='word_1_242' title='bbox 3801 1826 3869 1877; x_wconf 82' lang='grc' dir='ltr'>ἐκ</span> <span class='ocrx_word' id='word_1_243' title='bbox 3898 1821 4031 1877; x_wconf 87' lang='grc' dir='ltr'>Θεοῦ</span> 
     </span>
    </p>
   </div>
   <div class='ocr_carea' id='block_1_36' title="bbox 755 1925 2336 2000">
    <p class='ocr_par' dir='ltr' id='par_1_36' title="bbox 755 1925 2336 2000">
     <span class='ocr_line' id='line_1_36' title="bbox 755 1925 2336 2000; baseline 0.008 -22"><span class='ocrx_word' id='word_1_244' title='bbox 755 1925 902 1980; x_wconf 85' lang='lat' dir='ltr'><strong>Deus</strong></span> <span class='ocrx_word' id='word_1_245' title='bbox 945 1937 1139 1982; x_wconf 89' lang='lat' dir='ltr'><strong>natura</strong></span> <span class='ocrx_word' id='word_1_246' title='bbox 1186 1929 1555 2000; x_wconf 80' lang='lat' dir='ltr'><strong>integritatem</strong></span> <span class='ocrx_word' id='word_1_247' title='bbox 1596 1932 1824 1994; x_wconf 88' lang='lat' dir='ltr'><strong>indidit,</strong></span> <span class='ocrx_word' id='word_1_248' title='bbox 1869 1935 2174 1989; x_wconf 82' lang='lat' dir='ltr'><strong>auferatur.</strong></span> <span class='ocrx_word' id='word_1_249' title='bbox 2214 1936 2336 1992; x_wconf 88' lang='lat' dir='ltr'><strong>Non</strong></span> 
     </span>
    </p>
   </div>
   <div class='ocr_carea' id='block_1_37' title="bbox 753 2014 2336 2092">
    <p class='ocr_par' dir='ltr' id='par_1_37' title="bbox 753 2014 2336 2092">
     <span class='ocr_line' id='line_1_37' title="bbox 753 2014 2336 2092; baseline 0.009 -26"><span class='ocrx_word' id='word_1_250' title='bbox 753 2014 903 2068; x_wconf 88' lang='lat' dir='ltr'><strong>enim</strong></span> <span class='ocrx_word' id='word_1_251' title='bbox 939 2027 1134 2072; x_wconf 91' lang='lat' dir='ltr'><strong>natura</strong></span> <span class='ocrx_word' id='word_1_252' title='bbox 1169 2028 1286 2074; x_wconf 91' lang='lat' dir='ltr'><strong>arlc</strong></span> <span class='ocrx_word' id='word_1_253' title='bbox 1319 2022 1568 2077; x_wconf 85' lang='lat' dir='ltr'><strong>mutilata</strong></span> <span class='ocrx_word' id='word_1_254' title='bbox 1603 2023 1994 2092; x_wconf 76' lang='lat' dir='ltr'><strong>perfectionem</strong></span> <span class='ocrx_word' id='word_1_255' title='bbox 2025 2025 2173 2089; x_wconf 81' lang='lat' dir='ltr'><strong>facit,</strong></span> <span class='ocrx_word' id='word_1_256' title='bbox 2203 2027 2336 2080; x_wconf 87' lang='lat' dir='ltr'><strong>sub-</strong></span> 
     </span>
    </p>
   </div>
   <div class='ocr_carea' id='block_1_38' title="bbox 754 2103 2338 2184">
    <p class='ocr_par' dir='ltr' id='par_1_38' title="bbox 754 2103 2338 2184">
     <span class='ocr_line' id='line_1_38' title="bbox 754 2103 2338 2184; baseline 0.01 -28"><span class='ocrx_word' id='word_1_257' title='bbox 754 2103 949 2174; x_wconf 87' lang='lat' dir='ltr'><strong>tilique</strong></span> <span class='ocrx_word' id='word_1_258' title='bbox 988 2107 1215 2165; x_wconf 89' lang='lat' dir='ltr'><strong>invento</strong></span> <span class='ocrx_word' id='word_1_259' title='bbox 1242 2111 1294 2165; x_wconf 91' lang='lat' dir='ltr'><strong>id</strong></span> <span class='ocrx_word' id='word_1_260' title='bbox 1325 2113 1603 2176; x_wconf 83' lang='lat' dir='ltr'><strong>amittens,</strong></span> <span class='ocrx_word' id='word_1_261' title='bbox 1635 2115 1784 2184; x_wconf 89' lang='lat' dir='ltr'><strong>quod</strong></span> <span class='ocrx_word' id='word_1_262' title='bbox 1829 2116 1904 2168; x_wconf 82' lang='lat' dir='ltr'><strong>illi</strong></span> <span class='ocrx_word' id='word_1_263' title='bbox 1935 2131 2000 2170; x_wconf 86' lang='lat' dir='ltr'><strong>ex</strong></span> <span class='ocrx_word' id='word_1_264' title='bbox 2041 2117 2338 2172; x_wconf 86' lang='lat' dir='ltr'><strong>crcationis</strong></span> 
     </span>
    </p>
   </div>
   <div class='ocr_carea' id='block_1_39' title="bbox 755 2199 2333 2278">
    <p class='ocr_par' dir='ltr' id='par_1_39' title="bbox 755 2199 2333 2278">
     <span class='ocr_line' id='line_1_39' title="bbox 755 2199 2333 2278; baseline 0.007 -28"><span class='ocrx_word' id='word_1_265' title='bbox 755 2199 970 2254; x_wconf 83' lang='lat' dir='ltr'><strong>ratione</strong></span> <span class='ocrx_word' id='word_1_266' title='bbox 1000 2201 1172 2268; x_wconf 87' lang='lat' dir='ltr'><strong>inest;</strong></span> <span class='ocrx_word' id='word_1_267' title='bbox 1214 2217 1284 2258; x_wconf 85' lang='lat' dir='ltr'><strong>ne</strong></span> <span class='ocrx_word' id='word_1_268' title='bbox 1335 2203 1402 2258; x_wconf 90' lang='lat' dir='ltr'><strong>ad</strong></span> <span class='ocrx_word' id='word_1_269' title='bbox 1451 2205 1821 2275; x_wconf 63' lang='lat' dir='ltr'><strong>praestandum</strong></span> <span class='ocrx_word' id='word_1_270' title='bbox 1870 2207 2095 2278; x_wconf 69' lang='lat' dir='ltr'><strong>justitize</strong></span> <span class='ocrx_word' id='word_1_271' title='bbox 2142 2209 2333 2274; x_wconf 89' lang='lat' dir='ltr'><strong>robur,</strong></span> 
     </span>
    </p>
   </div>
   <div class='ocr_carea' id='block_1_40' title="bbox 751 2286 2334 2359">
    <p class='ocr_par' dir='ltr' id='par_1_40' title="bbox 751 2286 2334 2359">
     <span class='ocr_line' id='line_1_40' title="bbox 751 2286 2334 2359; baseline 0.009 -20"><span class='ocrx_word' id='word_1_272' title='bbox 751 2286 1038 2342; x_wconf 83' lang='lat' dir='ltr'><strong>fortiorem</strong></span> <span class='ocrx_word' id='word_1_273' title='bbox 1076 2290 1186 2345; x_wconf 91' lang='lat' dir='ltr'><strong>Deo</strong></span> <span class='ocrx_word' id='word_1_274' title='bbox 1224 2302 1398 2348; x_wconf 87' lang='lat' dir='ltr'><strong>artem</strong></span> <span class='ocrx_word' id='word_1_275' title='bbox 1445 2292 1790 2359; x_wconf 88' lang='lat' dir='ltr'><strong>inducamus,</strong></span> <span class='ocrx_word' id='word_1_276' title='bbox 1824 2310 1889 2349; x_wconf 92' lang='lat' dir='ltr'><strong>ac</strong></span> <span class='ocrx_word' id='word_1_277' title='bbox 1921 2306 2132 2352; x_wconf 83' lang='lat' dir='ltr'><strong>naturae</strong></span> <span class='ocrx_word' id='word_1_278' title='bbox 2169 2313 2334 2353; x_wconf 79' lang='lat' dir='ltr'><strong>exco-</strong></span> 
     </span>
    </p>
   </div>
   <div class='ocr_carea' id='block_1_41' title="bbox 751 2378 2334 2456">
    <p class='ocr_par' dir='ltr' id='par_1_41' title="bbox 751 2378 2334 2456">
     <span class='ocr_line' id='line_1_41' title="bbox 751 2378 2334 2456; baseline 0.008 -25"><span class='ocrx_word' id='word_1_279' title='bbox 751 2378 983 2448; x_wconf 90' lang='lat' dir='ltr'><strong>gitatum</strong></span> <span class='ocrx_word' id='word_1_280' title='bbox 1017 2381 1318 2448; x_wconf 85' lang='lat' dir='ltr'><strong>defectum,</strong></span> <span class='ocrx_word' id='word_1_281' title='bbox 1349 2383 1599 2440; x_wconf 89' lang='lat' dir='ltr'><strong>defectus</strong></span> <span class='ocrx_word' id='word_1_282' title='bbox 1640 2386 1889 2456; x_wconf 65' lang='lat' dir='ltr'><strong>justitia,</strong></span> <span class='ocrx_word' id='word_1_283' title='bbox 1927 2386 2022 2456; x_wconf 91' lang='lat' dir='ltr'><strong>qui</strong></span> <span class='ocrx_word' id='word_1_284' title='bbox 2072 2403 2138 2442; x_wconf 78' lang='lat' dir='ltr'><strong>ex</strong></span> <span class='ocrx_word' id='word_1_285' title='bbox 2178 2405 2334 2444; x_wconf 88' lang='lat' dir='ltr'><strong>crea-</strong></span> 
     </span>
    </p>
   </div>
   <div class='ocr_carea' id='block_1_42' title="bbox 753 2470 2336 2546">
    <p class='ocr_par' dir='ltr' id='par_1_42' title="bbox 753 2470 2336 2546">
     <span class='ocr_line' id='line_1_42' title="bbox 753 2470 2336 2546; baseline 0.008 -22"><span class='ocrx_word' id='word_1_286' title='bbox 753 2470 903 2524; x_wconf 87' lang='lat' dir='ltr'><strong>tione</strong></span> <span class='ocrx_word' id='word_1_287' title='bbox 957 2471 1206 2537; x_wconf 88' lang='lat' dir='ltr'><strong>inolevit,</strong></span> <span class='ocrx_word' id='word_1_288' title='bbox 1252 2476 1699 2546; x_wconf 86' lang='lat' dir='ltr'><strong>supplementum</strong></span> <span class='ocrx_word' id='word_1_289' title='bbox 1749 2477 2016 2535; x_wconf 86' lang='lat' dir='ltr'><strong>faciamus</strong></span> <span class='ocrx_word' id='word_1_290' title='bbox 2060 2498 2072 2533; x_wconf 95' lang='lat'>:</span> <span class='ocrx_word' id='word_1_291' title='bbox 2119 2482 2215 2536; x_wconf 89' lang='lat' dir='ltr'><strong>sed</strong></span> <span class='ocrx_word' id='word_1_292' title='bbox 2267 2498 2336 2537; x_wconf 84' lang='lat' dir='ltr'><strong>ex</strong></span> 
     </span>
    </p>
   </div>
   <div class='ocr_carea' id='block_1_43' title="bbox 751 2563 2336 2641">
    <p class='ocr_par' dir='ltr' id='par_1_43' title="bbox 751 2563 2336 2641">
     <span class='ocr_line' id='line_1_43' title="bbox 751 2563 2336 2641; baseline 0.009 -26"><span class='ocrx_word' id='word_1_293' title='bbox 751 2563 935 2632; x_wconf 79' lang='lat' dir='ltr'><strong>typieo</strong></span> <span class='ocrx_word' id='word_1_294' title='bbox 962 2566 1085 2636; x_wconf 84' lang='lat' dir='ltr'><strong>ejus</strong></span> <span class='ocrx_word' id='word_1_295' title='bbox 1117 2569 1351 2623; x_wconf 89' lang='lat' dir='ltr'><strong>membri</strong></span> <span class='ocrx_word' id='word_1_296' title='bbox 1390 2571 1520 2634; x_wconf 91' lang='lat' dir='ltr'><strong>situ,</strong></span> <span class='ocrx_word' id='word_1_297' title='bbox 1560 2571 1707 2640; x_wconf 91' lang='lat' dir='ltr'><strong>quod</strong></span> <span class='ocrx_word' id='word_1_298' title='bbox 1753 2571 2194 2641; x_wconf 88' lang='lat' dir='ltr'><strong>circumciditur,</strong></span> <span class='ocrx_word' id='word_1_299' title='bbox 2229 2577 2336 2630; x_wconf 89' lang='lat' dir='ltr'><strong>cir-</strong></span> 
     </span>
    </p>
   </div>
   <div class='ocr_carea' id='block_1_44' title="bbox 749 2654 2334 2729">
    <p class='ocr_par' dir='ltr' id='par_1_44' title="bbox 749 2654 2334 2729">
     <span class='ocr_line' id='line_1_44' title="bbox 749 2654 2334 2729; baseline 0.01 -24"><span class='ocrx_word' id='word_1_300' title='bbox 749 2654 1169 2712; x_wconf 89' lang='lat' dir='ltr'><strong>cumcidendam</strong></span> <span class='ocrx_word' id='word_1_301' title='bbox 1202 2659 1448 2729; x_wconf 87' lang='lat' dir='ltr'><strong>_spiritali</strong></span> <span class='ocrx_word' id='word_1_302' title='bbox 1489 2677 1554 2716; x_wconf 86' lang='lat' dir='ltr'><strong>ac</strong></span> <span class='ocrx_word' id='word_1_303' title='bbox 1598 2662 1843 2718; x_wconf 72' lang='lat' dir='ltr'><strong>scientiae</strong></span> <span class='ocrx_word' id='word_1_304' title='bbox 1878 2679 2104 2718; x_wconf 90' lang='lat' dir='ltr'><strong>munere</strong></span> <span class='ocrx_word' id='word_1_305' title='bbox 2145 2665 2334 2721; x_wconf 88' lang='lat' dir='ltr'><strong>libidi-</strong></span> 
     </span>
    </p>
   </div>
   <div class='ocr_carea' id='block_1_45' title="bbox 749 2745 2334 2822">
    <p class='ocr_par' dir='ltr' id='par_1_45' title="bbox 749 2745 2334 2822">
     <span class='ocr_line' id='line_1_45' title="bbox 749 2745 2334 2822; baseline 0.004 -23"><span class='ocrx_word' id='word_1_306' title='bbox 749 2757 943 2801; x_wconf 86' lang='lat' dir='ltr'><strong>nosam</strong></span> <span class='ocrx_word' id='word_1_307' title='bbox 973 2745 1141 2804; x_wconf 89' lang='lat' dir='ltr'><strong>animi</strong></span> <span class='ocrx_word' id='word_1_308' title='bbox 1172 2747 1522 2805; x_wconf 69' lang='lat' dir='ltr'><strong>affectionem</strong></span> <span class='ocrx_word' id='word_1_309' title='bbox 1563 2749 1858 2815; x_wconf 89' lang='lat' dir='ltr'><strong>docemur;</strong></span> <span class='ocrx_word' id='word_1_310' title='bbox 1897 2751 2052 2822; x_wconf 84' lang='lat' dir='ltr'><strong>cujus</strong></span> <span class='ocrx_word' id='word_1_311' title='bbox 2080 2760 2334 2821; x_wconf 88' lang='lat' dir='ltr'><strong>amputa-</strong></span> 
     </span>
    </p>
   </div>
   <div class='ocr_carea' id='block_1_46' title="bbox 749 2834 2334 2912">
    <p class='ocr_par' dir='ltr' id='par_1_46' title="bbox 749 2834 2334 2912">
     <span class='ocr_line' id='line_1_46' title="bbox 749 2834 2334 2912; baseline 0.006 -23"><span class='ocrx_word' id='word_1_312' title='bbox 749 2834 903 2891; x_wconf 87' lang='lat' dir='ltr'><strong>tione</strong></span> <span class='ocrx_word' id='word_1_313' title='bbox 933 2837 1153 2894; x_wconf 88' lang='lat' dir='ltr'><strong>animus</strong></span> <span class='ocrx_word' id='word_1_314' title='bbox 1181 2842 1556 2911; x_wconf 90' lang='lat' dir='ltr'><strong>componitur,</strong></span> <span class='ocrx_word' id='word_1_315' title='bbox 1588 2851 1650 2896; x_wconf 91' lang='lat' dir='ltr'><strong>ut</strong></span> <span class='ocrx_word' id='word_1_316' title='bbox 1683 2850 1936 2898; x_wconf 86' lang='lat' dir='ltr'><strong>naturam</strong></span> <span class='ocrx_word' id='word_1_317' title='bbox 1967 2843 2154 2912; x_wconf 89' lang='lat' dir='ltr'><strong>potius</strong></span> <span class='ocrx_word' id='word_1_318' title='bbox 2183 2859 2334 2899; x_wconf 80' lang='lat' dir='ltr'><strong>asse-</strong></span> 
     </span>
    </p>
   </div>
   <div class='ocr_carea' id='block_1_47' title="bbox 750 2930 2334 3006">
    <p class='ocr_par' dir='ltr' id='par_1_47' title="bbox 750 2930 2334 3006">
     <span class='ocr_line' id='line_1_47' title="bbox 750 2930 2334 3006; baseline 0.006 -25"><span class='ocrx_word' id='word_1_319' title='bbox 750 2936 953 2994; x_wconf 90' lang='lat' dir='ltr'><strong>ctctur,</strong></span> <span class='ocrx_word' id='word_1_320' title='bbox 990 2930 1344 2989; x_wconf 89' lang='lat' dir='ltr'><strong>libidinosam</strong></span> <span class='ocrx_word' id='word_1_321' title='bbox 1390 2934 1678 2990; x_wconf 86' lang='lat' dir='ltr'><strong>adventitii</strong></span> <span class='ocrx_word' id='word_1_322' title='bbox 1719 2945 1876 2990; x_wconf 90' lang='lat' dir='ltr'><strong>ortus</strong></span> <span class='ocrx_word' id='word_1_323' title='bbox 1927 2935 2103 3006; x_wconf 86' lang='lat' dir='ltr'><strong>legem</strong></span> <span class='ocrx_word' id='word_1_324' title='bbox 2142 2950 2334 2991; x_wconf 89' lang='lat' dir='ltr'><strong>emen-</strong></span> 
     </span>
    </p>
   </div>
   <div class='ocr_carea' id='block_1_48' title="bbox 749 3018 2336 3096">
    <p class='ocr_par' dir='ltr' id='par_1_48' title="bbox 749 3018 2336 3096">
     <span class='ocr_line' id='line_1_48' title="bbox 749 3018 2336 3096; baseline 0.006 -23"><span class='ocrx_word' id='word_1_325' title='bbox 749 3018 907 3074; x_wconf 91' lang='lat' dir='ltr'><strong>dans.</strong></span> <span class='ocrx_word' id='word_1_326' title='bbox 965 3018 1244 3090; x_wconf 90' lang='lat' dir='ltr'><strong>Spiritalis</strong></span> <span class='ocrx_word' id='word_1_327' title='bbox 1292 3023 1443 3078; x_wconf 89' lang='lat' dir='ltr'><strong>enim</strong></span> <span class='ocrx_word' id='word_1_328' title='bbox 1493 3025 1843 3080; x_wconf 90' lang='lat' dir='ltr'><strong>circumcisio</strong></span> <span class='ocrx_word' id='word_1_329' title='bbox 1893 3036 2018 3092; x_wconf 88' lang='lat' dir='ltr'><strong>est,</strong></span> <span class='ocrx_word' id='word_1_330' title='bbox 2069 3026 2229 3096; x_wconf 84' lang='lat' dir='ltr'><strong>plena</strong></span> <span class='ocrx_word' id='word_1_331' title='bbox 2277 3035 2336 3083; x_wconf 89' lang='lat' dir='ltr'><strong>et</strong></span> 
     </span>
    </p>
   </div>
   <div class='ocr_carea' id='block_1_49' title="bbox 749 3107 2332 3174">
    <p class='ocr_par' dir='ltr' id='par_1_49' title="bbox 749 3107 2332 3174">
     <span class='ocr_line' id='line_1_49' title="bbox 749 3107 2332 3174; baseline 0.003 -7"><span class='ocrx_word' id='word_1_332' title='bbox 749 3107 1000 3167; x_wconf 78' lang='lat' dir='ltr'><strong>absoluta</strong></span> <span class='ocrx_word' id='word_1_333' title='bbox 1030 3109 1338 3167; x_wconf 72' lang='lat' dir='ltr'><strong>libidinosa:</strong></span> <span class='ocrx_word' id='word_1_334' title='bbox 1371 3114 1571 3169; x_wconf 82' lang='lat' dir='ltr'><strong>mentis</strong></span> <span class='ocrx_word' id='word_1_335' title='bbox 1601 3114 1910 3170; x_wconf 79' lang='lat' dir='ltr'><strong>affectionis</strong></span> <span class='ocrx_word' id='word_1_336' title='bbox 1940 3117 2178 3171; x_wconf 90' lang='lat' dir='ltr'><strong>ascititio</strong></span> <span class='ocrx_word' id='word_1_337' title='bbox 2205 3128 2332 3174; x_wconf 91' lang='lat' dir='ltr'><strong>ortu</strong></span> 
     </span>
    </p>
   </div>
   <div class='ocr_carea' id='block_1_50' title="bbox 749 3201 2332 3278">
    <p class='ocr_par' dir='ltr' id='par_1_50' title="bbox 749 3201 2332 3278">
     <span class='ocr_line' id='line_1_50' title="bbox 749 3201 2332 3278; baseline 0.005 -23"><span class='ocrx_word' id='word_1_338' title='bbox 749 3201 1058 3272; x_wconf 85' lang='lat' dir='ltr'><strong>amputatio</strong></span> <span class='ocrx_word' id='word_1_339' title='bbox 1093 3221 1104 3256; x_wconf 96' lang='lat'>:</span> <span class='ocrx_word' id='word_1_340' title='bbox 1149 3201 1449 3261; x_wconf 88' lang='lat' dir='ltr'><strong>Sabbatum</strong></span> <span class='ocrx_word' id='word_1_341' title='bbox 1499 3215 1708 3270; x_wconf 88' lang='lat' dir='ltr'><strong>autem,</strong></span> <span class='ocrx_word' id='word_1_342' title='bbox 1747 3206 1994 3276; x_wconf 85' lang='lat' dir='ltr'><strong>perfecta</strong></span> <span class='ocrx_word' id='word_1_343' title='bbox 2037 3209 2332 3278; x_wconf 89' lang='lat' dir='ltr'><strong>perturba-</strong></span> 
     </span>
    </p>
   </div>
   <div class='ocr_carea' id='block_1_51' title="bbox 753 3295 2337 3371">
    <p class='ocr_par' dir='ltr' id='par_1_51' title="bbox 753 3295 2337 3371">
     <span class='ocr_line' id='line_1_51' title="bbox 753 3295 2337 3371; baseline 0.003 -19"><span class='ocrx_word' id='word_1_344' title='bbox 753 3295 966 3352; x_wconf 90' lang='lat' dir='ltr'><strong>tionum</strong></span> <span class='ocrx_word' id='word_1_345' title='bbox 1013 3296 1264 3364; x_wconf 83' lang='lat' dir='ltr'><strong>sedatio,</strong></span> <span class='ocrx_word' id='word_1_346' title='bbox 1316 3299 1756 3370; x_wconf 85' lang='lat' dir='ltr'><strong>universalisque</strong></span> <span class='ocrx_word' id='word_1_347' title='bbox 1806 3316 1937 3371; x_wconf 88' lang='lat' dir='ltr'><strong>erga</strong></span> <span class='ocrx_word' id='word_1_348' title='bbox 1985 3316 2079 3357; x_wconf 89' lang='lat' dir='ltr'><strong>res</strong></span> <span class='ocrx_word' id='word_1_349' title='bbox 2122 3311 2337 3358; x_wconf 88' lang='lat' dir='ltr'><strong>creatas</strong></span> 
     </span>
    </p>
   </div>
   <div class='ocr_carea' id='block_1_52' title="bbox 752 3389 2336 3463">
    <p class='ocr_par' dir='ltr' id='par_1_52' title="bbox 752 3389 2336 3463">
     <span class='ocr_line' id='line_1_52' title="bbox 752 3389 2336 3463; baseline 0.004 -21"><span class='ocrx_word' id='word_1_350' title='bbox 752 3396 935 3442; x_wconf 88' lang='lat' dir='ltr'><strong>motu&#39;s</strong></span> <span class='ocrx_word' id='word_1_351' title='bbox 979 3389 1183 3444; x_wconf 88' lang='lat' dir='ltr'><strong>mentis</strong></span> <span class='ocrx_word' id='word_1_352' title='bbox 1226 3391 1384 3460; x_wconf 85' lang='lat' dir='ltr'><strong>quies</strong></span> <span class='ocrx_word' id='word_1_353' title='bbox 1432 3407 1498 3446; x_wconf 89' lang='lat' dir='ltr'><strong>ac</strong></span> <span class='ocrx_word' id='word_1_354' title='bbox 1540 3391 1808 3459; x_wconf 89' lang='lat' dir='ltr'><strong>cessatio,</strong></span> <span class='ocrx_word' id='word_1_355' title='bbox 1852 3403 2017 3463; x_wconf 90' lang='lat' dir='ltr'><strong>atque</strong></span> <span class='ocrx_word' id='word_1_356' title='bbox 2065 3393 2120 3448; x_wconf 91' lang='lat' dir='ltr'><strong>in</strong></span> <span class='ocrx_word' id='word_1_357' title='bbox 2161 3394 2336 3450; x_wconf 89' lang='lat' dir='ltr'><strong>Deum</strong></span> 
     </span>
    </p>
   </div>
   <div class='ocr_carea' id='block_1_53' title="bbox 750 3478 2338 3556">
    <p class='ocr_par' dir='ltr' id='par_1_53' title="bbox 750 3478 2338 3556">
     <span class='ocr_line' id='line_1_53' title="bbox 750 3478 2338 3556; baseline 0.005 -24"><span class='ocrx_word' id='word_1_358' title='bbox 750 3478 992 3548; x_wconf 85' lang='lat' dir='ltr'><strong>perfecta</strong></span> <span class='ocrx_word' id='word_1_359' title='bbox 1041 3483 1458 3554; x_wconf 89' lang='lat' dir='ltr'><strong>commigratio;</strong></span> <span class='ocrx_word' id='word_1_360' title='bbox 1516 3483 1573 3545; x_wconf 86' lang='lat' dir='ltr'><strong>in</strong></span> <span class='ocrx_word' id='word_1_361' title='bbox 1623 3499 1821 3554; x_wconf 89' lang='lat' dir='ltr'><strong>quem,</strong></span> <span class='ocrx_word' id='word_1_362' title='bbox 1872 3485 1970 3556; x_wconf 91' lang='lat' dir='ltr'><strong>qui</strong></span> <span class='ocrx_word' id='word_1_363' title='bbox 2025 3487 2230 3542; x_wconf 86' lang='lat' dir='ltr'><strong>virtute</strong></span> <span class='ocrx_word' id='word_1_364' title='bbox 2282 3493 2338 3542; x_wconf 89' lang='lat' dir='ltr'><strong>et</strong></span> 
     </span>
    </p>
   </div>
   <div class='ocr_carea' id='block_1_54' title="bbox 751 3571 2338 3646">
    <p class='ocr_par' dir='ltr' id='par_1_54' title="bbox 751 3571 2338 3646">
     <span class='ocr_line' id='line_1_54' title="bbox 751 3571 2338 3646; baseline 0.005 -20"><span class='ocrx_word' id='word_1_365' title='bbox 751 3571 980 3630; x_wconf 77' lang='lat' dir='ltr'><strong>scientia</strong></span> <span class='ocrx_word' id='word_1_366' title='bbox 1024 3577 1330 3640; x_wconf 88' lang='lat' dir='ltr'><strong>concessit,</strong></span> <span class='ocrx_word' id='word_1_367' title='bbox 1380 3591 1482 3646; x_wconf 87' lang='lat' dir='ltr'><strong>pro</strong></span> <span class='ocrx_word' id='word_1_368' title='bbox 1525 3575 1802 3633; x_wconf 87' lang='lat' dir='ltr'><strong>facultatis</strong></span> <span class='ocrx_word' id='word_1_369' title='bbox 1845 3578 2099 3643; x_wconf 90' lang='lat' dir='ltr'><strong>modulo,</strong></span> <span class='ocrx_word' id='word_1_370' title='bbox 2146 3588 2338 3634; x_wconf 87' lang='lat' dir='ltr'><strong>caveat</strong></span> 
     </span>
    </p>
   </div>
   <div class='ocr_carea' id='block_1_55' title="bbox 751 3668 2335 3740">
    <p class='ocr_par' dir='ltr' id='par_1_55' title="bbox 751 3668 2335 3740">
     <span class='ocr_line' id='line_1_55' title="bbox 751 3668 2335 3740; baseline 0.004 -20"><span class='ocrx_word' id='word_1_371' title='bbox 751 3679 978 3722; x_wconf 88' lang='lat' dir='ltr'><strong>necesse</strong></span> <span class='ocrx_word' id='word_1_372' title='bbox 1006 3675 1113 3732; x_wconf 89' lang='lat' dir='ltr'><strong>est,</strong></span> <span class='ocrx_word' id='word_1_373' title='bbox 1144 3683 1214 3724; x_wconf 89' lang='lat' dir='ltr'><strong>ne</strong></span> <span class='ocrx_word' id='word_1_374' title='bbox 1256 3668 1408 3725; x_wconf 88' lang='lat' dir='ltr'><strong>velut</strong></span> <span class='ocrx_word' id='word_1_375' title='bbox 1440 3668 1585 3740; x_wconf 89' lang='lat' dir='ltr'><strong>ligna</strong></span> <span class='ocrx_word' id='word_1_376' title='bbox 1619 3670 1687 3735; x_wconf 81' lang='lat'><strong>&quot;,</strong></span> <span class='ocrx_word' id='word_1_377' title='bbox 1723 3671 2010 3726; x_wconf 87' lang='lat' dir='ltr'><strong>materiam</strong></span> <span class='ocrx_word' id='word_1_378' title='bbox 2053 3671 2219 3726; x_wconf 90' lang='lat' dir='ltr'><strong>ullam</strong></span> <span class='ocrx_word' id='word_1_379' title='bbox 2251 3671 2335 3726; x_wconf 88' lang='lat' dir='ltr'><strong>vi-</strong></span> 
     </span>
    </p>
   </div>
   <div class='ocr_carea' id='block_1_56' title="bbox 751 3757 2338 3831">
    <p class='ocr_par' dir='ltr' id='par_1_56' title="bbox 751 3757 2338 3831">
     <span class='ocr_line' id='line_1_56' title="bbox 751 3757 2338 3831; baseline 0.003 -17"><span class='ocrx_word' id='word_1_380' title='bbox 751 3757 844 3814; x_wconf 80' lang='lat' dir='ltr'><strong>tiis</strong></span> <span class='ocrx_word' id='word_1_381' title='bbox 873 3757 1179 3815; x_wconf 86' lang='lat' dir='ltr'><strong>fomentum</strong></span> <span class='ocrx_word' id='word_1_382' title='bbox 1205 3760 1542 3831; x_wconf 69' lang='lat' dir='ltr'><strong>praebentem</strong></span> <span class='ocrx_word' id='word_1_383' title='bbox 1572 3762 1757 3816; x_wconf 90' lang='lat' dir='ltr'><strong>animo</strong></span> <span class='ocrx_word' id='word_1_384' title='bbox 1785 3762 2115 3830; x_wconf 81' lang='lat' dir='ltr'><strong>meditetur;</strong></span> <span class='ocrx_word' id='word_1_385' title='bbox 2149 3772 2212 3818; x_wconf 89' lang='lat' dir='ltr'><strong>ut</strong></span> <span class='ocrx_word' id='word_1_386' title='bbox 2242 3779 2338 3819; x_wconf 91' lang='lat' dir='ltr'><strong>ne-</strong></span> 
     </span>
    </p>
   </div>
   <div class='ocr_carea' id='block_1_57' title="bbox 750 3850 2334 3926">
    <p class='ocr_par' dir='ltr' id='par_1_57' title="bbox 750 3850 2334 3926">
     <span class='ocr_line' id='line_1_57' title="bbox 750 3850 2334 3926; baseline 0.005 -23"><span class='ocrx_word' id='word_1_387' title='bbox 750 3866 859 3921; x_wconf 90' lang='lat' dir='ltr'><strong>que</strong></span> <span class='ocrx_word' id='word_1_388' title='bbox 881 3850 1110 3906; x_wconf 90' lang='lat' dir='ltr'><strong>omnino</strong></span> <span class='ocrx_word' id='word_1_389' title='bbox 1141 3862 1352 3909; x_wconf 73' lang='lat' dir='ltr'><strong>naturae</strong></span> <span class='ocrx_word' id='word_1_390' title='bbox 1387 3854 1631 3910; x_wconf 90' lang='lat' dir='ltr'><strong>rationes</strong></span> <span class='ocrx_word' id='word_1_391' title='bbox 1656 3855 1894 3926; x_wconf 76' lang='lat' dir='ltr'><strong>colligat,</strong></span> <span class='ocrx_word' id='word_1_392' title='bbox 1923 3870 1992 3910; x_wconf 89' lang='lat' dir='ltr'><strong>ne</strong></span> <span class='ocrx_word' id='word_1_393' title='bbox 2021 3855 2334 3911; x_wconf 76' lang='lat' dir='ltr'><strong>Grzecorum</strong></span> 
     </span>
    </p>
   </div>
   <div class='ocr_carea' id='block_1_58' title="bbox 750 3943 2336 4010">
    <p class='ocr_par' dir='ltr' id='par_1_58' title="bbox 750 3943 2336 4010">
     <span class='ocr_line' id='line_1_58' title="bbox 750 3943 2336 4010; baseline 0.004 -13"><span class='ocrx_word' id='word_1_394' title='bbox 750 3958 931 4007; x_wconf 89' lang='lat' dir='ltr'><strong>more,</strong></span> <span class='ocrx_word' id='word_1_395' title='bbox 975 3943 1180 4010; x_wconf 89' lang='lat' dir='ltr'><strong>Deum,</strong></span> <span class='ocrx_word' id='word_1_396' title='bbox 1221 3945 1310 4000; x_wconf 88' lang='lat' dir='ltr'><strong>vel</strong></span> <span class='ocrx_word' id='word_1_397' title='bbox 1354 3945 1648 4002; x_wconf 61' lang='lat' dir='ltr'><strong>affectibus</strong></span> <span class='ocrx_word' id='word_1_398' title='bbox 1687 3962 1751 4002; x_wconf 94' lang='lat' dir='ltr'><strong>ac</strong></span> <span class='ocrx_word' id='word_1_399' title='bbox 1795 3947 2026 4003; x_wconf 87' lang='lat' dir='ltr'><strong>libidine</strong></span> <span class='ocrx_word' id='word_1_400' title='bbox 2072 3949 2336 4005; x_wconf 88' lang='lat' dir='ltr'><strong>delectari</strong></span> 
     </span>
    </p>
   </div>
   <div class='ocr_carea' id='block_1_59' title="bbox 749 4039 2331 4101">
    <p class='ocr_par' dir='ltr' id='par_1_59' title="bbox 749 4039 2331 4101">
     <span class='ocr_line' id='line_1_59' title="bbox 749 4039 2331 4101; baseline 0.003 -10"><span class='ocrx_word' id='word_1_401' title='bbox 749 4047 1078 4101; x_wconf 84' lang='lat' dir='ltr'><strong>statuamus,</strong></span> <span class='ocrx_word' id='word_1_402' title='bbox 1115 4047 1211 4092; x_wconf 89' lang='lat' dir='ltr'><strong>aut</strong></span> <span class='ocrx_word' id='word_1_403' title='bbox 1245 4047 1458 4094; x_wconf 74' lang='lat' dir='ltr'><strong>naturae</strong></span> <span class='ocrx_word' id='word_1_404' title='bbox 1499 4039 1753 4095; x_wconf 87' lang='lat' dir='ltr'><strong>terminis</strong></span> <span class='ocrx_word' id='word_1_405' title='bbox 1785 4056 2162 4096; x_wconf 86' lang='lat' dir='ltr'><strong>commensum</strong></span> <span class='ocrx_word' id='word_1_406' title='bbox 2205 4057 2331 4096; x_wconf 90' lang='lat' dir='ltr'><strong>eum</strong></span> 
     </span>
    </p>
   </div>
   <div class='ocr_carea' id='block_1_60' title="bbox 749 4129 2338 4201">
    <p class='ocr_par' dir='ltr' id='par_1_60' title="bbox 749 4129 2338 4201">
     <span class='ocr_line' id='line_1_60' title="bbox 749 4129 2338 4201; baseline 0.004 -18"><span class='ocrx_word' id='word_1_407' title='bbox 749 4140 1302 4199; x_wconf 78' lang='lat' dir='ltr'><strong>asseramus;‘quem</strong></span> <span class='ocrx_word' id='word_1_408' title='bbox 1352 4129 1528 4184; x_wconf 87' lang='lat' dir='ltr'><strong>solum</strong></span> <span class='ocrx_word' id='word_1_409' title='bbox 1568 4131 1874 4201; x_wconf 81' lang='lat' dir='ltr'><strong>perfectum</strong></span> <span class='ocrx_word' id='word_1_410' title='bbox 1915 4133 2195 4188; x_wconf 88' lang='lat' dir='ltr'><strong>silentium</strong></span> <span class='ocrx_word' id='word_1_411' title='bbox 2229 4135 2338 4189; x_wconf 83' lang='lat' dir='ltr'><strong>cla-</strong></span> 
     </span>
    </p>
   </div>
   <div class='ocr_carea' id='block_1_61' title="bbox 749 4219 2338 4294">
    <p class='ocr_par' dir='ltr' id='par_1_61' title="bbox 749 4219 2338 4294">
     <span class='ocr_line' id='line_1_61' title="bbox 749 4219 2338 4294; baseline 0.005 -21"><span class='ocrx_word' id='word_1_412' title='bbox 749 4227 886 4284; x_wconf 86' lang='lat' dir='ltr'><strong>mat,</strong></span> <span class='ocrx_word' id='word_1_413' title='bbox 919 4234 984 4275; x_wconf 94' lang='lat' dir='ltr'><strong>c</strong></span> <span class='ocrx_word' id='word_1_414' title='bbox 1031 4219 1191 4291; x_wconf 87' lang='lat' dir='ltr'><strong>plena</strong></span> <span class='ocrx_word' id='word_1_415' title='bbox 1235 4220 1542 4277; x_wconf 82' lang='lat' dir='ltr'><strong>secundum</strong></span> <span class='ocrx_word' id='word_1_416' title='bbox 1591 4223 1979 4279; x_wconf 80' lang='lat' dir='ltr'><strong>excellentiam</strong></span> <span class='ocrx_word' id='word_1_417' title='bbox 2027 4225 2338 4294; x_wconf 86' lang='lat' dir='ltr'><strong>ignorantia</strong></span> 
     </span>
    </p>
   </div>
   <div class='ocr_carea' id='block_1_62' title="bbox 750 4311 2337 4382">
    <p class='ocr_par' dir='ltr' id='par_1_62' title="bbox 750 4311 2337 4382">
     <span class='ocr_line' id='line_1_62' title="bbox 750 4311 2337 4382; baseline 0.003 -17"><span class='ocrx_word' id='word_1_418' title='bbox 750 4320 1129 4382; x_wconf 69' lang='lat' dir='ltr'><strong>repraesentat.</strong></span> <span class='ocrx_word' id='word_1_419' title='bbox 1161 4311 1492 4367; x_wconf 86' lang='lat' dir='ltr'><strong>Neomenias</strong></span> <span class='ocrx_word' id='word_1_420' title='bbox 1527 4327 1662 4368; x_wconf 90' lang='lat' dir='ltr'><strong>vero</strong></span> <span class='ocrx_word' id='word_1_421' title='bbox 1700 4329 1822 4369; x_wconf 89' lang='lat' dir='ltr'><strong>esse</strong></span> <span class='ocrx_word' id='word_1_422' title='bbox 1861 4312 2122 4378; x_wconf 85' lang='lat' dir='ltr'><strong>dicimus,</strong></span> <span class='ocrx_word' id='word_1_423' title='bbox 2151 4313 2337 4370; x_wconf 83' lang='lat' dir='ltr'><strong>diver-</strong></span> 
     </span>
    </p>
   </div>
   <div class='ocr_carea' id='block_1_63' title="bbox 751 4398 2336 4468">
    <p class='ocr_par' dir='ltr' id='par_1_63' title="bbox 751 4398 2336 4468">
     <span class='ocr_line' id='line_1_63' title="bbox 751 4398 2336 4468; baseline 0.004 -15"><span class='ocrx_word' id='word_1_424' title='bbox 751 4413 842 4453; x_wconf 82' lang='lat' dir='ltr'><strong>sas</strong></span> <span class='ocrx_word' id='word_1_425' title='bbox 886 4398 1112 4454; x_wconf 81' lang='lat' dir='ltr'><strong>virtutis</strong></span> <span class='ocrx_word' id='word_1_426' title='bbox 1159 4413 1225 4454; x_wconf 86' lang='lat' dir='ltr'><strong>ac</strong></span> <span class='ocrx_word' id='word_1_427' title='bbox 1277 4399 1523 4455; x_wconf 70' lang='lat' dir='ltr'><strong>scientia:</strong></span> <span class='ocrx_word' id='word_1_428' title='bbox 1575 4416 1741 4456; x_wconf 86' lang='lat' dir='ltr'><strong>cursu</strong></span> <span class='ocrx_word' id='word_1_429' title='bbox 1803 4402 2230 4468; x_wconf 87' lang='lat' dir='ltr'><strong>illustratioues,</strong></span> <span class='ocrx_word' id='word_1_430' title='bbox 2278 4405 2336 4459; x_wconf 89' lang='lat' dir='ltr'><strong>in</strong></span> 
     </span>
    </p>
   </div>
   <div class='ocr_carea' id='block_1_64' title="bbox 750 4491 2411 4576">
    <p class='ocr_par' dir='ltr' id='par_1_64' title="bbox 750 4491 2411 4576">
     <span class='ocr_line' id='line_1_64' title="bbox 750 4491 2411 4576; baseline 0.004 -32"><span class='ocrx_word' id='word_1_431' title='bbox 750 4491 954 4560; x_wconf 87' lang='lat' dir='ltr'><strong>quibus</strong></span> <span class='ocrx_word' id='word_1_432' title='bbox 995 4491 1194 4547; x_wconf 74' lang='lat' dir='ltr'><strong>saecula</strong></span> <span class='ocrx_word' id='word_1_433' title='bbox 1241 4491 1427 4546; x_wconf 88' lang='lat' dir='ltr'><strong>omnia</strong></span> <span class='ocrx_word' id='word_1_434' title='bbox 1471 4501 1701 4562; x_wconf 87' lang='lat' dir='ltr'><strong>repente</strong></span> <span class='ocrx_word' id='word_1_435' title='bbox 1747 4502 2098 4560; x_wconf 90' lang='lat' dir='ltr'><strong>contuentes,</strong></span> <span class='ocrx_word' id='word_1_436' title='bbox 2128 4511 2333 4561; x_wconf 85' lang='lat' dir='ltr'><strong>annum</strong></span> <span class='ocrx_word' id='word_1_437' title='bbox 2366 4516 2411 4576; x_wconf 77' lang='grc' dir='ltr'>ο</span> 
     </span>
    </p>
   </div>
   <div class='ocr_carea' id='block_1_65' title="bbox 749 4582 2334 4654">
    <p class='ocr_par' dir='ltr' id='par_1_65' title="bbox 749 4582 2334 4654">
     <span class='ocr_line' id='line_1_65' title="bbox 749 4582 2334 4654; baseline 0.004 -17"><span class='ocrx_word' id='word_1_438' title='bbox 749 4582 972 4637; x_wconf 86' lang='lat' dir='ltr'><strong>Domini</strong></span> <span class='ocrx_word' id='word_1_439' title='bbox 1026 4582 1422 4654; x_wconf 85' lang='lat' dir='ltr'><strong>acceptabilem</strong></span> <span class='ocrx_word' id='word_1_440' title='bbox 1473 4585 1766 4654; x_wconf 87' lang='lat' dir='ltr'><strong>implemus</strong></span> <span class='ocrx_word' id='word_1_441' title='bbox 1806 4586 1885 4652; x_wconf 87' lang='lat'><strong>&quot;,</strong></span> <span class='ocrx_word' id='word_1_442' title='bbox 1934 4587 2024 4643; x_wconf 91' lang='lat' dir='ltr'><strong>cui</strong></span> <span class='ocrx_word' id='word_1_443' title='bbox 2078 4595 2334 4644; x_wconf 88' lang='lat' dir='ltr'><strong>ornatum</strong></span> 
     </span>
    </p>
   </div>
   <div class='ocr_carea' id='block_1_66' title="bbox 749 4674 2335 4746">
    <p class='ocr_par' dir='ltr' id='par_1_66' title="bbox 749 4674 2335 4746">
     <span class='ocr_line' id='line_1_66' title="bbox 749 4674 2335 4746; baseline 0.003 -16"><span class='ocrx_word' id='word_1_444' title='bbox 749 4691 950 4730; x_wconf 75' lang='lat' dir='ltr'><strong>corona</strong></span> <span class='ocrx_word' id='word_1_445' title='bbox 994 4674 1335 4746; x_wconf 72' lang='lat' dir='ltr'><strong>benignitatis</strong></span> <span class='ocrx_word' id='word_1_446' title='bbox 1369 4676 1416 4710; x_wconf 83' lang='grc'><strong>’⁸</strong></span> <span class='ocrx_word' id='word_1_447' title='bbox 1452 4684 1694 4746; x_wconf 68' lang='lat' dir='ltr'><strong>pra-stet.</strong></span> <span class='ocrx_word' id='word_1_448' title='bbox 1747 4677 1846 4733; x_wconf 84' lang='lat' dir='ltr'><strong>Est</strong></span> <span class='ocrx_word' id='word_1_449' title='bbox 1888 4688 2076 4734; x_wconf 91' lang='lat' dir='ltr'><strong>autem</strong></span> <span class='ocrx_word' id='word_1_450' title='bbox 2130 4695 2335 4735; x_wconf 87' lang='lat' dir='ltr'><strong>corona</strong></span> 
     </span>
    </p>
   </div>
   <div class='ocr_carea' id='block_1_67' title="bbox 753 4766 2336 4844">
    <p class='ocr_par' dir='ltr' id='par_1_67' title="bbox 753 4766 2336 4844">
     <span class='ocr_line' id='line_1_67' title="bbox 753 4766 2336 4844; baseline 0.003 -23"><span class='ocrx_word' id='word_1_451' title='bbox 753 4766 1132 4834; x_wconf 80' lang='lat' dir='ltr'><strong>benignitatis,</strong></span> <span class='ocrx_word' id='word_1_452' title='bbox 1165 4767 1331 4844; x_wconf 74' lang='grc'><strong>286</strong></span> <span class='ocrx_word' id='word_1_453' title='bbox 1356 4766 1492 4826; x_wconf 78' lang='lat' dir='ltr'><strong>ﬁdes</strong></span> <span class='ocrx_word' id='word_1_454' title='bbox 1517 4768 1742 4828; x_wconf 88' lang='lat' dir='ltr'><strong>munda.</strong></span> <span class='ocrx_word' id='word_1_455' title='bbox 1770 4785 1892 4839; x_wconf 72' lang='lat' dir='ltr'><strong>quae</strong></span> <span class='ocrx_word' id='word_1_456' title='bbox 1921 4771 2132 4827; x_wconf 88' lang='lat' dir='ltr'><strong>scilicet</strong></span> <span class='ocrx_word' id='word_1_457' title='bbox 2163 4773 2336 4828; x_wconf 86' lang='lat' dir='ltr'><strong>instar</strong></span> 
     </span>
    </p>
   </div>
   <div class='ocr_carea' id='block_1_68' title="bbox 752 4857 2333 4933">
    <p class='ocr_par' dir='ltr' id='par_1_68' title="bbox 752 4857 2333 4933">
     <span class='ocr_line' id='line_1_68' title="bbox 752 4857 2333 4933; baseline 0.004 -22"><span class='ocrx_word' id='word_1_458' title='bbox 752 4857 1066 4928; x_wconf 84' lang='lat' dir='ltr'><strong>lapillorum</strong></span> <span class='ocrx_word' id='word_1_459' title='bbox 1125 4872 1577 4928; x_wconf 86' lang='lat' dir='ltr'><strong>gemmarumque</strong></span> <span class='ocrx_word' id='word_1_460' title='bbox 1635 4859 1967 4916; x_wconf 90' lang='lat' dir='ltr'><strong>sublimibus</strong></span> <span class='ocrx_word' id='word_1_461' title='bbox 2028 4861 2333 4933; x_wconf 85' lang='lat' dir='ltr'><strong>dogmatis,</strong></span> 
     </span>
    </p>
   </div>
   <div class='ocr_carea' id='block_1_69' title="bbox 751 4949 2334 5022">
    <p class='ocr_par' dir='ltr' id='par_1_69' title="bbox 751 4949 2334 5022">
     <span class='ocr_line' id='line_1_69' title="bbox 751 4949 2334 5022; baseline 0.004 -18"><span class='ocrx_word' id='word_1_462' title='bbox 751 4949 1204 5020; x_wconf 78' lang='lat' dir='ltr'><strong>spiritalibusque</strong></span> <span class='ocrx_word' id='word_1_463' title='bbox 1243 4950 1594 5005; x_wconf 78' lang='lat' dir='ltr'><strong>sermonibus</strong></span> <span class='ocrx_word' id='word_1_464' title='bbox 1640 4965 1704 5007; x_wconf 88' lang='lat' dir='ltr'><strong>ae</strong></span> <span class='ocrx_word' id='word_1_465' title='bbox 1746 4951 1928 5007; x_wconf 80' lang='lat' dir='ltr'><strong>sensis</strong></span> <span class='ocrx_word' id='word_1_466' title='bbox 1967 4953 2334 5022; x_wconf 74' lang='lat' dir='ltr'><strong>interstincta,</strong></span> 
     </span>
    </p>
   </div>
   <div class='ocr_carea' id='block_1_70' title="bbox 752 5041 2336 5118">
    <p class='ocr_par' dir='ltr' id='par_1_70' title="bbox 752 5041 2336 5118">
     <span class='ocr_line' id='line_1_70' title="bbox 752 5041 2336 5118; baseline 0.003 -21"><span class='ocrx_word' id='word_1_467' title='bbox 752 5041 851 5098; x_wconf 87' lang='lat' dir='ltr'><strong>Dei</strong></span> <span class='ocrx_word' id='word_1_468' title='bbox 895 5051 1172 5096; x_wconf 85' lang='lat' dir='ltr'><strong>amantem</strong></span> <span class='ocrx_word' id='word_1_469' title='bbox 1220 5056 1286 5096; x_wconf 89' lang='lat' dir='ltr'><strong>ac</strong></span> <span class='ocrx_word' id='word_1_470' title='bbox 1331 5041 1644 5113; x_wconf 84' lang='lat' dir='ltr'><strong>religiosam</strong></span> <span class='ocrx_word' id='word_1_471' title='bbox 1691 5053 1930 5099; x_wconf 90' lang='lat' dir='ltr'><strong>mentem</strong></span> <span class='ocrx_word' id='word_1_472' title='bbox 1980 5046 2134 5100; x_wconf 90' lang='lat' dir='ltr'><strong>velut</strong></span> <span class='ocrx_word' id='word_1_473' title='bbox 2170 5056 2336 5118; x_wconf 86' lang='lat' dir='ltr'><strong>caput</strong></span> 
     </span>
    </p>
   </div>
   <div class='ocr_carea' id='block_1_71' title="bbox 649 5133 2333 5209">
    <p class='ocr_par' dir='ltr' id='par_1_71' title="bbox 649 5133 2333 5209">
     <span class='ocr_line' id='line_1_71' title="bbox 649 5133 2333 5209; baseline 0.003 -20"><span class='ocrx_word' id='word_1_474' title='bbox 649 5158 656 5166; x_wconf 87' lang='lat'><strong>-</strong></span> <span class='ocrx_word' id='word_1_475' title='bbox 752 5134 1041 5205; x_wconf 83' lang='lat' dir='ltr'><strong>astringat.</strong></span> <span class='ocrx_word' id='word_1_476' title='bbox 1077 5133 1204 5189; x_wconf 88' lang='lat' dir='ltr'><strong>Sive</strong></span> <span class='ocrx_word' id='word_1_477' title='bbox 1238 5135 1423 5204; x_wconf 90' lang='lat' dir='ltr'><strong>potius</strong></span> <span class='ocrx_word' id='word_1_478' title='bbox 1462 5151 1681 5190; x_wconf 88' lang='lat' dir='ltr'><strong>rursum</strong></span> <span class='ocrx_word' id='word_1_479' title='bbox 1721 5151 1924 5191; x_wconf 91' lang='lat' dir='ltr'><strong>corona</strong></span> <span class='ocrx_word' id='word_1_480' title='bbox 1960 5136 2333 5209; x_wconf 87' lang='lat' dir='ltr'><strong>benignitatis,</strong></span> 
     </span>
    </p>
   </div>
   <div class='ocr_carea' id='block_1_72' title="bbox 753 5225 2334 5302">
    <p class='ocr_par' dir='ltr' id='par_1_72' title="bbox 753 5225 2334 5302">
     <span class='ocr_line' id='line_1_72' title="bbox 753 5225 2334 5302; baseline 0.001 -18"><span class='ocrx_word' id='word_1_481' title='bbox 753 5227 873 5299; x_wconf 79' lang='lat' dir='ltr'><strong>ipse</strong></span> <span class='ocrx_word' id='word_1_482' title='bbox 907 5226 1004 5285; x_wconf 87' lang='lat' dir='ltr'><strong>Dei</strong></span> <span class='ocrx_word' id='word_1_483' title='bbox 1052 5225 1245 5285; x_wconf 80' lang='lat' dir='ltr'><strong>Sermo</strong></span> <span class='ocrx_word' id='word_1_484' title='bbox 1275 5235 1380 5291; x_wconf 89' lang='lat' dir='ltr'><strong>est,</strong></span> <span class='ocrx_word' id='word_1_485' title='bbox 1425 5227 1519 5296; x_wconf 93' lang='lat' dir='ltr'><strong>qui</strong></span> <span class='ocrx_word' id='word_1_486' title='bbox 1555 5227 1726 5283; x_wconf 81' lang='lat' dir='ltr'><strong>variis</strong></span> <span class='ocrx_word' id='word_1_487' title='bbox 1765 5227 2126 5298; x_wconf 61' lang='lat' dir='ltr'><strong>providentiae</strong></span> <span class='ocrx_word' id='word_1_488' title='bbox 2158 5245 2223 5286; x_wconf 89' lang='lat' dir='ltr'><strong>ac</strong></span> <span class='ocrx_word' id='word_1_489' title='bbox 2243 5231 2334 5302; x_wconf 85' lang='lat' dir='ltr'><strong>ju-</strong></span> 
     </span>
    </p>
   </div>
   <div class='ocr_carea' id='block_1_73' title="bbox 752 5317 2334 5388">
    <p class='ocr_par' dir='ltr' id='par_1_73' title="bbox 752 5317 2334 5388">
     <span class='ocr_line' id='line_1_73' title="bbox 752 5317 2334 5388; baseline 0.001 -13"><span class='ocrx_word' id='word_1_490' title='bbox 752 5318 886 5375; x_wconf 88' lang='lat' dir='ltr'><strong>dicii</strong></span> <span class='ocrx_word' id='word_1_491' title='bbox 913 5317 1096 5373; x_wconf 85' lang='lat' dir='ltr'><strong>modis</strong></span> <span class='ocrx_word' id='word_1_492' title='bbox 1130 5317 1486 5388; x_wconf 85' lang='lat' dir='ltr'><strong>(abstinentia</strong></span> <span class='ocrx_word' id='word_1_493' title='bbox 1515 5319 1730 5374; x_wconf 89' lang='lat' dir='ltr'><strong>scilicet</strong></span> <span class='ocrx_word' id='word_1_494' title='bbox 1755 5319 2052 5375; x_wconf 78' lang='lat' dir='ltr'><strong>an‘ectuum</strong></span> <span class='ocrx_word' id='word_1_495' title='bbox 2077 5329 2135 5377; x_wconf 90' lang='lat' dir='ltr'><strong>et</strong></span> <span class='ocrx_word' id='word_1_496' title='bbox 2156 5321 2334 5377; x_wconf 89' lang='lat' dir='ltr'><strong>malo-</strong></span> 
     </span>
    </p>
   </div>
   <div class='ocr_carea' id='block_1_74' title="bbox 755 5408 2332 5483">
    <p class='ocr_par' dir='ltr' id='par_1_74' title="bbox 755 5408 2332 5483">
     <span class='ocr_line' id='line_1_74' title="bbox 755 5408 2332 5483; baseline 0.004 -21"><span class='ocrx_word' id='word_1_497' title='bbox 755 5424 899 5474; x_wconf 88' lang='lat' dir='ltr'><strong>rum,</strong></span> <span class='ocrx_word' id='word_1_498' title='bbox 930 5423 1053 5479; x_wconf 75' lang='lat' dir='ltr'><strong>qua:</strong></span> <span class='ocrx_word' id='word_1_499' title='bbox 1083 5421 1150 5463; x_wconf 80' lang='lat' dir='ltr'><strong>ex</strong></span> <span class='ocrx_word' id='word_1_500' title='bbox 1179 5408 1362 5463; x_wconf 91' lang='lat' dir='ltr'><strong>animo</strong></span> <span class='ocrx_word' id='word_1_501' title='bbox 1389 5421 1537 5476; x_wconf 81' lang='lat' dir='ltr'><strong>sunt,</strong></span> <span class='ocrx_word' id='word_1_502' title='bbox 1569 5424 1873 5480; x_wconf 88' lang='lat' dir='ltr'><strong>eorumque</strong></span> <span class='ocrx_word' id='word_1_503' title='bbox 1903 5411 2185 5481; x_wconf 90' lang='lat' dir='ltr'><strong>patientia,</strong></span> <span class='ocrx_word' id='word_1_504' title='bbox 2213 5429 2332 5483; x_wconf 63' lang='lat' dir='ltr'><strong>quae</strong></span> 
     </span>
    </p>
   </div>
   <div class='ocr_carea' id='block_1_75' title="bbox 758 5498 2330 5572">
    <p class='ocr_par' dir='ltr' id='par_1_75' title="bbox 758 5498 2330 5572">
     <span class='ocr_line' id='line_1_75' title="bbox 758 5498 2330 5572; baseline 0.003 -18"><span class='ocrx_word' id='word_1_505' title='bbox 758 5498 962 5555; x_wconf 81' lang='lat' dir='ltr'><strong>invitos</strong></span> <span class='ocrx_word' id='word_1_506' title='bbox 1010 5498 1277 5570; x_wconf 77' lang='lat' dir='ltr'><strong>alliciunt)</strong></span> <span class='ocrx_word' id='word_1_507' title='bbox 1320 5501 1476 5556; x_wconf 73' lang='lat' dir='ltr'><strong>velut</strong></span> <span class='ocrx_word' id='word_1_508' title='bbox 1516 5509 1700 5572; x_wconf 89' lang='lat' dir='ltr'><strong>caput,</strong></span> <span class='ocrx_word' id='word_1_509' title='bbox 1732 5510 1972 5558; x_wconf 90' lang='lat' dir='ltr'><strong>mentem</strong></span> <span class='ocrx_word' id='word_1_510' title='bbox 2004 5502 2330 5570; x_wconf 89' lang='lat' dir='ltr'><strong>circumdat,</strong></span> 
     </span>
    </p>
   </div>
   <div class='ocr_carea' id='block_1_76' title="bbox 2439 1917 4032 1996">
    <p class='ocr_par' dir='ltr' id='par_1_76' title="bbox 2439 1917 4032 1996">
     <span class='ocr_line' id='line_1_76' title="bbox 2439 1917 4032 1996; baseline -0.009 -15"><span class='ocrx_word' id='word_1_511' title='bbox 2439 1926 2579 1981; x_wconf 86' lang='grc' dir='ltr'>κατὰ</span> <span class='ocrx_word' id='word_1_512' title='bbox 2597 1924 2757 1994; x_wconf 82' lang='grc' dir='ltr'>φύσιν</span> <span class='ocrx_word' id='word_1_513' title='bbox 2771 1924 3088 1996; x_wconf 81' lang='grc' dir='ltr'>ἀρτιότητος</span> <span class='ocrx_word' id='word_1_514' title='bbox 3105 1939 3170 1975; x_wconf 89' lang='grc' dir='ltr'><strong>πε</strong></span> <span class='ocrx_word' id='word_1_515' title='bbox 3181 1923 3466 1992; x_wconf 87' lang='grc' dir='ltr'>ριαίρεσις.</span> <span class='ocrx_word' id='word_1_516' title='bbox 3482 1920 3558 1993; x_wconf 76' lang='grc' dir='ltr'>Οῦ</span> <span class='ocrx_word' id='word_1_517' title='bbox 3576 1919 3684 1991; x_wconf 79' lang='grc' dir='ltr'><strong>γὰρ</strong></span> <span class='ocrx_word' id='word_1_518' title='bbox 3701 1920 3850 1972; x_wconf 89' lang='grc' dir='ltr'>ποιεῖ</span> <span class='ocrx_word' id='word_1_519' title='bbox 3863 1917 4032 1970; x_wconf 83' lang='grc' dir='ltr'>τελει-</span> 
     </span>
    </p>
   </div>
   <div class='ocr_carea' id='block_1_77' title="bbox 2437 2011 4031 2088">
    <p class='ocr_par' dir='ltr' id='par_1_77' title="bbox 2437 2011 4031 2088">
     <span class='ocr_line' id='line_1_77' title="bbox 2437 2011 4031 2088; baseline -0.006 -18"><span class='ocrx_word' id='word_1_520' title='bbox 2437 2017 2609 2088; x_wconf 82' lang='grc' dir='ltr'>ότητα</span> <span class='ocrx_word' id='word_1_521' title='bbox 2626 2017 2787 2086; x_wconf 81' lang='grc' dir='ltr'>φύσις</span> <span class='ocrx_word' id='word_1_522' title='bbox 2799 2015 2886 2069; x_wconf 74' lang='grc' dir='ltr'><strong>διά</strong></span> <span class='ocrx_word' id='word_1_523' title='bbox 2906 2015 3100 2085; x_wconf 86' lang='grc' dir='ltr'>τέχνης</span> <span class='ocrx_word' id='word_1_524' title='bbox 3125 2013 3350 2068; x_wconf 89' lang='grc' dir='ltr'>κολοϐου</span> <span class='ocrx_word' id='word_1_525' title='bbox 3359 2013 3518 2084; x_wconf 82' lang='grc' dir='ltr'>μένη,</span> <span class='ocrx_word' id='word_1_526' title='bbox 3538 2013 3633 2066; x_wconf 70' lang='grc' dir='ltr'>καὶ</span> <span class='ocrx_word' id='word_1_527' title='bbox 3646 2011 3734 2064; x_wconf 82' lang='grc' dir='ltr'>διὰ</span> <span class='ocrx_word' id='word_1_528' title='bbox 3750 2012 4031 2082; x_wconf 81' lang='grc' dir='ltr'>περινοίας</span> 
     </span>
    </p>
   </div>
   <div class='ocr_carea' id='block_1_78' title="bbox 2434 2103 4032 2180">
    <p class='ocr_par' dir='ltr' id='par_1_78' title="bbox 2434 2103 4032 2180">
     <span class='ocr_line' id='line_1_78' title="bbox 2434 2103 4032 2180; baseline -0.005 -18"><span class='ocrx_word' id='word_1_529' title='bbox 2434 2109 2800 2180; x_wconf 75' lang='grc' dir='ltr'>ἀποτιθεμένη</span> <span class='ocrx_word' id='word_1_530' title='bbox 2812 2107 2873 2160; x_wconf 81' lang='grc' dir='ltr'>τὸ</span> <span class='ocrx_word' id='word_1_531' title='bbox 2888 2107 3088 2178; x_wconf 84' lang='grc' dir='ltr'>προσὸν</span> <span class='ocrx_word' id='word_1_532' title='bbox 3099 2107 3235 2175; x_wconf 79' lang='grc' dir='ltr'>αὐτῇ</span> <span class='ocrx_word' id='word_1_533' title='bbox 3250 2104 3434 2159; x_wconf 79' lang='grc' dir='ltr'>θεόθεν</span> <span class='ocrx_word' id='word_1_534' title='bbox 3449 2105 3590 2159; x_wconf 77' lang='grc' dir='ltr'>κατὰ</span> <span class='ocrx_word' id='word_1_535' title='bbox 3604 2104 3760 2172; x_wconf 89' lang='grc' dir='ltr'>λόγον</span> <span class='ocrx_word' id='word_1_536' title='bbox 3771 2103 3837 2174; x_wconf 86' lang='grc' dir='ltr'><strong>δη</strong></span> <span class='ocrx_word' id='word_1_537' title='bbox 3849 2118 4032 2171; x_wconf 83' lang='grc' dir='ltr'>μιουρ-</span> 
     </span>
    </p>
   </div>
   <div class='ocr_carea' id='block_1_79' title="bbox 2435 2194 4028 2273">
    <p class='ocr_par' dir='ltr' id='par_1_79' title="bbox 2435 2194 4028 2273">
     <span class='ocr_line' id='line_1_79' title="bbox 2435 2194 4028 2273; baseline -0.008 -18"><span class='ocrx_word' id='word_1_538' title='bbox 2435 2203 2688 2270; x_wconf 81' lang='grc' dir='ltr'>γίας’ἴνα</span> <span class='ocrx_word' id='word_1_539' title='bbox 2719 2202 2795 2273; x_wconf 83' lang='grc' dir='ltr'>μὴ</span> <span class='ocrx_word' id='word_1_540' title='bbox 2829 2201 2928 2269; x_wconf 86' lang='grc' dir='ltr'>τὴν</span> <span class='ocrx_word' id='word_1_541' title='bbox 2954 2199 3150 2270; x_wconf 85' lang='grc' dir='ltr'>τέχνην</span> <span class='ocrx_word' id='word_1_542' title='bbox 3181 2199 3316 2252; x_wconf 82' lang='grc' dir='ltr'>Θεοῦ</span> <span class='ocrx_word' id='word_1_543' title='bbox 3350 2198 3486 2268; x_wconf 72' lang='grc' dir='ltr'>πρὸς</span> <span class='ocrx_word' id='word_1_544' title='bbox 3516 2196 3806 2266; x_wconf 82' lang='grc' dir='ltr'>βεϐαίωσιν</span> <span class='ocrx_word' id='word_1_545' title='bbox 3825 2194 4028 2247; x_wconf 82' lang='grc' dir='ltr'>δικαιο-</span> 
     </span>
    </p>
   </div>
   <div class='ocr_carea' id='block_1_80' title="bbox 2436 2285 4026 2364">
    <p class='ocr_par' dir='ltr' id='par_1_80' title="bbox 2436 2285 4026 2364">
     <span class='ocr_line' id='line_1_80' title="bbox 2436 2285 4026 2364; baseline -0.008 -17"><span class='ocrx_word' id='word_1_546' title='bbox 2436 2294 2602 2364; x_wconf 83' lang='grc' dir='ltr'>σύνης</span> <span class='ocrx_word' id='word_1_547' title='bbox 2622 2293 2743 2364; x_wconf 85' lang='grc' dir='ltr'>ίσχυ</span> <span class='ocrx_word' id='word_1_548' title='bbox 2751 2291 2872 2362; x_wconf 67' lang='lat' dir='ltr'><strong>post</strong></span> <span class='ocrx_word' id='word_1_549' title='bbox 2881 2309 2976 2362; x_wconf 89' lang='grc' dir='ltr'><strong>ραν</strong></span> <span class='ocrx_word' id='word_1_550' title='bbox 2989 2289 3394 2358; x_wconf 84' lang='grc' dir='ltr'>εἰσαγάγωμεν,</span> <span class='ocrx_word' id='word_1_551' title='bbox 3410 2287 3506 2343; x_wconf 72' lang='grc' dir='ltr'>καὶ</span> <span class='ocrx_word' id='word_1_552' title='bbox 3520 2287 3618 2357; x_wconf 83' lang='grc' dir='ltr'>τὴν</span> <span class='ocrx_word' id='word_1_553' title='bbox 3631 2301 3922 2358; x_wconf 82' lang='grc' dir='ltr'>περινενοη</span> <span class='ocrx_word' id='word_1_554' title='bbox 3933 2285 4026 2354; x_wconf 81' lang='grc' dir='ltr'><strong>μὲ-</strong></span> 
     </span>
    </p>
   </div>
   <div class='ocr_carea' id='block_1_81' title="bbox 2435 2379 4028 2458">
    <p class='ocr_par' dir='ltr' id='par_1_81' title="bbox 2435 2379 4028 2458">
     <span class='ocr_line' id='line_1_81' title="bbox 2435 2379 4028 2458; baseline -0.007 -16"><span class='ocrx_word' id='word_1_555' title='bbox 2435 2405 2534 2458; x_wconf 85' lang='grc' dir='ltr'><strong>νην</strong></span> <span class='ocrx_word' id='word_1_556' title='bbox 2550 2387 2649 2458; x_wconf 87' lang='grc' dir='ltr'>τῆς</span> <span class='ocrx_word' id='word_1_557' title='bbox 2670 2387 2882 2455; x_wconf 69' lang='grc' dir='ltr'>φύσεως</span> <span class='ocrx_word' id='word_1_558' title='bbox 2899 2384 3132 2454; x_wconf 77' lang='grc' dir='ltr'>ἔλλειψιν</span> <span class='ocrx_word' id='word_1_559' title='bbox 3147 2383 3605 2455; x_wconf 78' lang='grc' dir='ltr'>ἀναπληρωτικὴν</span> <span class='ocrx_word' id='word_1_560' title='bbox 3617 2379 4028 2452; x_wconf 82' lang='grc' dir='ltr'>ποιώμεθα.τῆς</span> 
     </span>
    </p>
   </div>
   <div class='ocr_carea' id='block_1_82' title="bbox 2434 2473 4027 2550">
    <p class='ocr_par' dir='ltr' id='par_1_82' title="bbox 2434 2473 4027 2550">
     <span class='ocr_line' id='line_1_82' title="bbox 2434 2473 4027 2550; baseline -0.006 -16"><span class='ocrx_word' id='word_1_561' title='bbox 2434 2483 2494 2536; x_wconf 90' lang='lat' dir='ltr'><strong>tv</strong></span> <span class='ocrx_word' id='word_1_562' title='bbox 2520 2479 2834 2550; x_wconf 82' lang='grc' dir='ltr'>δικαιοσύνῃ</span> <span class='ocrx_word' id='word_1_563' title='bbox 2859 2478 3001 2532; x_wconf 77' lang='grc' dir='ltr'>κατὰ</span> <span class='ocrx_word' id='word_1_564' title='bbox 3023 2480 3122 2549; x_wconf 85' lang='grc' dir='ltr'>τὴν</span> <span class='ocrx_word' id='word_1_565' title='bbox 3149 2477 3511 2548; x_wconf 85' lang='grc' dir='ltr'>δημιουργίαν</span> <span class='ocrx_word' id='word_1_566' title='bbox 3554 2474 3846 2544; x_wconf 72' lang='grc' dir='ltr'>ἐλλείψεως</span> <span class='ocrx_word' id='word_1_567' title='bbox 3871 2491 3887 2505; x_wconf 88' lang='grc'><strong>·</strong></span> <span class='ocrx_word' id='word_1_568' title='bbox 3916 2473 4027 2527; x_wconf 80' lang='grc' dir='ltr'>ἀλλ’</span> 
     </span>
    </p>
   </div>
   <div class='ocr_carea' id='block_1_83' title="bbox 2435 2564 4020 2643">
    <p class='ocr_par' dir='ltr' id='par_1_83' title="bbox 2435 2564 4020 2643">
     <span class='ocr_line' id='line_1_83' title="bbox 2435 2564 4020 2643; baseline -0.007 -15"><span class='ocrx_word' id='word_1_569' title='bbox 2435 2575 2501 2628; x_wconf 63' lang='grc' dir='ltr'>ἐκ</span> <span class='ocrx_word' id='word_1_570' title='bbox 2530 2573 2631 2642; x_wconf 84' lang='grc' dir='ltr'>τῆς</span> <span class='ocrx_word' id='word_1_571' title='bbox 2659 2573 2897 2643; x_wconf 85' lang='grc' dir='ltr'>τυπικῆς</span> <span class='ocrx_word' id='word_1_572' title='bbox 2917 2571 3011 2624; x_wconf 85' lang='grc' dir='ltr'><strong>τοῦ</strong></span> <span class='ocrx_word' id='word_1_573' title='bbox 3049 2569 3516 2642; x_wconf 74' lang='grc' dir='ltr'>περιτεμνομένου</span> <span class='ocrx_word' id='word_1_574' title='bbox 3554 2565 3748 2638; x_wconf 90' lang='grc' dir='ltr'>μυρίου</span> <span class='ocrx_word' id='word_1_575' title='bbox 3796 2564 4020 2628; x_wconf 83' lang='grc' dir='ltr'>θέσεως,</span> 
     </span>
    </p>
   </div>
   <div class='ocr_carea' id='block_1_84' title="bbox 2435 2655 4025 2736">
    <p class='ocr_par' dir='ltr' id='par_1_84' title="bbox 2435 2655 4025 2736">
     <span class='ocr_line' id='line_1_84' title="bbox 2435 2655 4025 2736; baseline -0.008 -15"><span class='ocrx_word' id='word_1_576' title='bbox 2435 2664 2802 2736; x_wconf 76' lang='grc' dir='ltr'>διδασκόμεθα</span> <span class='ocrx_word' id='word_1_577' title='bbox 2857 2661 3134 2716; x_wconf 80' lang='grc' dir='ltr'>ποιεῖσθαι</span> <span class='ocrx_word' id='word_1_578' title='bbox 3188 2659 3509 2730; x_wconf 75' lang='grc' dir='ltr'>γνωπικῶς</span> <span class='ocrx_word' id='word_1_579' title='bbox 3559 2659 3660 2730; x_wconf 81' lang='grc' dir='ltr'>τὴν</span> <span class='ocrx_word' id='word_1_580' title='bbox 3718 2655 4025 2728; x_wconf 72' lang='grc' dir='ltr'>περιτομὴν</span> 
     </span>
    </p>
   </div>
   <div class='ocr_carea' id='block_1_85' title="bbox 2435 2748 4019 2828">
    <p class='ocr_par' dir='ltr' id='par_1_85' title="bbox 2435 2748 4019 2828">
     <span class='ocr_line' id='line_1_85' title="bbox 2435 2748 4019 2828; baseline -0.008 -16"><span class='ocrx_word' id='word_1_581' title='bbox 2435 2757 2536 2827; x_wconf 82' lang='grc' dir='ltr'>τῆς</span> <span class='ocrx_word' id='word_1_582' title='bbox 2565 2757 2706 2811; x_wconf 78' lang='grc' dir='ltr'>κατὰ</span> <span class='ocrx_word' id='word_1_583' title='bbox 2727 2756 2905 2828; x_wconf 70' lang='grc' dir='ltr'>ψυχὴν</span> <span class='ocrx_word' id='word_1_584' title='bbox 2941 2753 3222 2826; x_wconf 84' lang='grc' dir='ltr'>ὲμπαθοῦς</span> <span class='ocrx_word' id='word_1_585' title='bbox 3251 2752 3547 2814; x_wconf 80' lang='grc' dir='ltr'>διαθέσεως</span> <span class='ocrx_word' id='word_1_586' title='bbox 3567 2767 3581 2781; x_wconf 88' lang='grc'><strong>·</strong></span> <span class='ocrx_word' id='word_1_587' title='bbox 3617 2749 3737 2804; x_wconf 82' lang='grc' dir='ltr'>καθ’</span> <span class='ocrx_word' id='word_1_588' title='bbox 3774 2750 3844 2822; x_wconf 77' lang='grc' dir='ltr'>ἢν</span> <span class='ocrx_word' id='word_1_589' title='bbox 3885 2748 4019 2819; x_wconf 80' lang='grc' dir='ltr'>μᾶλ-</span> 
     </span>
    </p>
   </div>
   <div class='ocr_carea' id='block_1_86' title="bbox 2435 2841 4026 2919">
    <p class='ocr_par' dir='ltr' id='par_1_86' title="bbox 2435 2841 4026 2919">
     <span class='ocr_line' id='line_1_86' title="bbox 2435 2841 4026 2919; baseline -0.008 -15"><span class='ocrx_word' id='word_1_590' title='bbox 2435 2849 2528 2904; x_wconf 89' lang='grc' dir='ltr'><strong>λον</strong></span> <span class='ocrx_word' id='word_1_591' title='bbox 2563 2852 2627 2919; x_wconf 77' lang='grc' dir='ltr'>τῇ</span> <span class='ocrx_word' id='word_1_592' title='bbox 2663 2849 2823 2916; x_wconf 78' lang='grc' dir='ltr'>φύσει</span> <span class='ocrx_word' id='word_1_593' title='bbox 2873 2847 3189 2918; x_wconf 83' lang='grc' dir='ltr'>συντρέχειν</span> <span class='ocrx_word' id='word_1_594' title='bbox 3241 2845 3274 2915; x_wconf 86' lang='grc' dir='ltr'><strong>ή</strong></span> <span class='ocrx_word' id='word_1_595' title='bbox 3307 2842 3502 2914; x_wconf 83' lang='grc' dir='ltr'>γνώμη</span> <span class='ocrx_word' id='word_1_596' title='bbox 3541 2842 3900 2914; x_wconf 72' lang='grc' dir='ltr'>ῥυθμίζεται,</span> <span class='ocrx_word' id='word_1_597' title='bbox 3933 2841 4026 2893; x_wconf 75' lang='grc' dir='ltr'>τὸν</span> 
     </span>
    </p>
   </div>
   <div class='ocr_carea' id='block_1_87' title="bbox 2440 2934 4025 3011">
    <p class='ocr_par' dir='ltr' id='par_1_87' title="bbox 2440 2934 4025 3011">
     <span class='ocr_line' id='line_1_87' title="bbox 2440 2934 4025 3011; baseline -0.006 -16"><span class='ocrx_word' id='word_1_598' title='bbox 2440 2941 2666 3011; x_wconf 73' lang='grc' dir='ltr'>ἐμπαθῆ</span> <span class='ocrx_word' id='word_1_599' title='bbox 2687 2941 2789 3010; x_wconf 79' lang='grc' dir='ltr'>τῆς</span> <span class='ocrx_word' id='word_1_600' title='bbox 2815 2941 3116 3008; x_wconf 74' lang='grc' dir='ltr'>ἐπικτήτου</span> <span class='ocrx_word' id='word_1_601' title='bbox 3145 2938 3414 3008; x_wconf 77' lang='grc' dir='ltr'>γενέσεως</span> <span class='ocrx_word' id='word_1_602' title='bbox 3438 2936 3606 3006; x_wconf 87' lang='grc' dir='ltr'>νόμον</span> <span class='ocrx_word' id='word_1_603' title='bbox 3635 2934 4025 3005; x_wconf 79' lang='grc' dir='ltr'>διορθουμένη.</span> 
     </span>
    </p>
   </div>
   <div class='ocr_carea' id='block_1_88' title="bbox 2439 3025 4029 3104">
    <p class='ocr_par' dir='ltr' id='par_1_88' title="bbox 2439 3025 4029 3104">
     <span class='ocr_line' id='line_1_88' title="bbox 2439 3025 4029 3104; baseline -0.004 -18"><span class='ocrx_word' id='word_1_604' title='bbox 2439 3034 2717 3104; x_wconf 81' lang='grc' dir='ltr'>Περιτομὴ</span> <span class='ocrx_word' id='word_1_605' title='bbox 2742 3033 2850 3104; x_wconf 86' lang='grc' dir='ltr'><strong>γάρ</strong></span> <span class='ocrx_word' id='word_1_606' title='bbox 2877 3033 2993 3086; x_wconf 69' lang='grc' dir='ltr'>ἐστι</span> <span class='ocrx_word' id='word_1_607' title='bbox 3021 3032 3261 3102; x_wconf 82' lang='grc' dir='ltr'>μυστικὴ</span> <span class='ocrx_word' id='word_1_608' title='bbox 3293 3029 3430 3098; x_wconf 80' lang='lat'><strong>(3|),</strong></span> <span class='ocrx_word' id='word_1_609' title='bbox 3457 3029 3555 3100; x_wconf 83' lang='grc' dir='ltr'>τῆς</span> <span class='ocrx_word' id='word_1_610' title='bbox 3579 3025 3871 3097; x_wconf 76' lang='grc' dir='ltr'>ὲμπαθοῦς</span> <span class='ocrx_word' id='word_1_611' title='bbox 3892 3025 4029 3080; x_wconf 79' lang='grc' dir='ltr'>κατὰ</span> 
     </span>
    </p>
   </div>
   <div class='ocr_carea' id='block_1_89' title="bbox 2435 3113 4028 3196">
    <p class='ocr_par' dir='ltr' id='par_1_89' title="bbox 2435 3113 4028 3196">
     <span class='ocr_line' id='line_1_89' title="bbox 2435 3113 4028 3196; baseline -0.007 -16"><span class='ocrx_word' id='word_1_612' title='bbox 2435 3126 2562 3180; x_wconf 80' lang='grc' dir='ltr'>νοῦν</span> <span class='ocrx_word' id='word_1_613' title='bbox 2598 3125 2726 3196; x_wconf 75' lang='grc' dir='ltr'>περὶ</span> <span class='ocrx_word' id='word_1_614' title='bbox 2755 3124 2854 3196; x_wconf 75' lang='grc' dir='ltr'>τὴν</span> <span class='ocrx_word' id='word_1_615' title='bbox 2889 3124 3214 3177; x_wconf 79' lang='grc' dir='ltr'>ἐπείσακτον</span> <span class='ocrx_word' id='word_1_616' title='bbox 3246 3122 3460 3190; x_wconf 80' lang='grc' dir='ltr'>γένεσιν</span> <span class='ocrx_word' id='word_1_617' title='bbox 3490 3113 3729 3190; x_wconf 74' lang='grc' dir='ltr'>σχέσεως</span> <span class='ocrx_word' id='word_1_618' title='bbox 3754 3118 4028 3187; x_wconf 72' lang='grc' dir='ltr'>παντελὴς</span> 
     </span>
    </p>
   </div>
   <div class='ocr_carea' id='block_1_90' title="bbox 2437 3210 4031 3288">
    <p class='ocr_par' dir='ltr' id='par_1_90' title="bbox 2437 3210 4031 3288">
     <span class='ocr_line' id='line_1_90' title="bbox 2437 3210 4031 3288; baseline -0.005 -18"><span class='ocrx_word' id='word_1_619' title='bbox 2437 3218 2801 3288; x_wconf 83' lang='grc' dir='ltr'>περιαίρεσις.</span> <span class='ocrx_word' id='word_1_620' title='bbox 2848 3215 2923 3268; x_wconf 87' lang='grc' dir='ltr'><strong>Τὸ</strong></span> <span class='ocrx_word' id='word_1_621' title='bbox 2975 3215 3032 3268; x_wconf 84' lang='grc' dir='ltr'>δὲ</span> <span class='ocrx_word' id='word_1_622' title='bbox 3091 3214 3364 3269; x_wconf 70' lang='grc' dir='ltr'>Σάϐϐατον</span> <span class='ocrx_word' id='word_1_623' title='bbox 3397 3211 3531 3283; x_wconf 73' lang='lat'><strong>(5:!)</strong></span> <span class='ocrx_word' id='word_1_624' title='bbox 3598 3210 3782 3266; x_wconf 83' lang='grc' dir='ltr'>τελεία</span> <span class='ocrx_word' id='word_1_625' title='bbox 3839 3210 4031 3265; x_wconf 81' lang='grc' dir='ltr'>παθῶν</span> 
     </span>
    </p>
   </div>
   <div class='ocr_carea' id='block_1_91' title="bbox 2436 3301 4031 3379">
    <p class='ocr_par' dir='ltr' id='par_1_91' title="bbox 2436 3301 4031 3379">
     <span class='ocr_line' id='line_1_91' title="bbox 2436 3301 4031 3379; baseline -0.004 -18"><span class='ocrx_word' id='word_1_626' title='bbox 2436 3310 2586 3362; x_wconf 65' lang='grc' dir='ltr'>ἐστιν</span> <span class='ocrx_word' id='word_1_627' title='bbox 2605 3305 2868 3379; x_wconf 80' lang='grc' dir='ltr'>ἀπραξία,</span> <span class='ocrx_word' id='word_1_628' title='bbox 2894 3307 2988 3360; x_wconf 69' lang='grc' dir='ltr'><strong>καὶ</strong></span> <span class='ocrx_word' id='word_1_629' title='bbox 3017 3308 3114 3374; x_wconf 83' lang='grc' dir='ltr'>τῆς</span> <span class='ocrx_word' id='word_1_630' title='bbox 3131 3307 3258 3377; x_wconf 71' lang='grc' dir='ltr'>περὶ</span> <span class='ocrx_word' id='word_1_631' title='bbox 3290 3303 3361 3358; x_wconf 79' lang='grc' dir='ltr'><strong>τά</strong></span> <span class='ocrx_word' id='word_1_632' title='bbox 3385 3303 3731 3374; x_wconf 80' lang='grc' dir='ltr'>πεποιημένα</span> <span class='ocrx_word' id='word_1_633' title='bbox 3760 3301 4031 3372; x_wconf 75' lang='grc' dir='ltr'>καθολικὴ</span> 
     </span>
    </p>
   </div>
   <div class='ocr_carea' id='block_1_92' title="bbox 2435 3391 4032 3463">
    <p class='ocr_par' dir='ltr' id='par_1_92' title="bbox 2435 3391 4032 3463">
     <span class='ocr_line' id='line_1_92' title="bbox 2435 3391 4032 3463; baseline -0.004 -13"><span class='ocrx_word' id='word_1_634' title='bbox 2435 3395 2530 3450; x_wconf 90' lang='grc' dir='ltr'><strong>τοῦ</strong></span> <span class='ocrx_word' id='word_1_635' title='bbox 2565 3395 2657 3448; x_wconf 91' lang='grc' dir='ltr'><strong>νοῦ</strong></span> <span class='ocrx_word' id='word_1_636' title='bbox 2691 3394 2872 3449; x_wconf 89' lang='grc' dir='ltr'>παῦλα</span> <span class='ocrx_word' id='word_1_637' title='bbox 2908 3395 3196 3463; x_wconf 83' lang='grc' dir='ltr'>κινήσεως,</span> <span class='ocrx_word' id='word_1_638' title='bbox 3230 3394 3324 3446; x_wconf 67' lang='grc' dir='ltr'>καὶ</span> <span class='ocrx_word' id='word_1_639' title='bbox 3376 3391 3513 3463; x_wconf 82' lang='grc' dir='ltr'>πρὸς</span> <span class='ocrx_word' id='word_1_640' title='bbox 3544 3392 3606 3444; x_wconf 84' lang='grc' dir='ltr'><strong>τὺ</strong></span> <span class='ocrx_word' id='word_1_641' title='bbox 3643 3391 3800 3445; x_wconf 82' lang='grc' dir='ltr'>Θεῖον</span> <span class='ocrx_word' id='word_1_642' title='bbox 3846 3392 4032 3444; x_wconf 80' lang='grc' dir='ltr'>τελεία</span> 
     </span>
    </p>
   </div>
   <div class='ocr_carea' id='block_1_93' title="bbox 2435 3480 4036 3557">
    <p class='ocr_par' dir='ltr' id='par_1_93' title="bbox 2435 3480 4036 3557">
     <span class='ocr_line' id='line_1_93' title="bbox 2435 3480 4036 3557; baseline -0.004 -14"><span class='ocrx_word' id='word_1_643' title='bbox 2435 3487 2684 3550; x_wconf 87' lang='grc' dir='ltr'>διάϐασις</span> <span class='ocrx_word' id='word_1_644' title='bbox 2708 3503 2722 3518; x_wconf 75' lang='grc' dir='ltr'><strong><em>ο</em></strong></span> <span class='ocrx_word' id='word_1_645' title='bbox 2757 3489 2816 3540; x_wconf 89' lang='lat' dir='ltr'><strong>tv</strong></span> <span class='ocrx_word' id='word_1_646' title='bbox 2842 3480 2886 3553; x_wconf 85' lang='grc' dir='ltr'>ᾧ</span> <span class='ocrx_word' id='word_1_647' title='bbox 2918 3486 3009 3539; x_wconf 75' lang='grc' dir='ltr'><strong>τὸν</strong></span> <span class='ocrx_word' id='word_1_648' title='bbox 3032 3485 3100 3538; x_wconf 86' lang='grc' dir='ltr'><strong>δι’</strong></span> <span class='ocrx_word' id='word_1_649' title='bbox 3135 3484 3338 3557; x_wconf 85' lang='grc' dir='ltr'>ἀρετῆς</span> <span class='ocrx_word' id='word_1_650' title='bbox 3362 3485 3457 3537; x_wconf 76' lang='grc' dir='ltr'><strong>καὶ</strong></span> <span class='ocrx_word' id='word_1_651' title='bbox 3487 3483 3741 3552; x_wconf 84' lang='grc' dir='ltr'>γνώσεως</span> <span class='ocrx_word' id='word_1_652' title='bbox 3769 3484 3920 3538; x_wconf 73' lang='grc' dir='ltr'>κατὰ</span> <span class='ocrx_word' id='word_1_653' title='bbox 3972 3484 4036 3536; x_wconf 84' lang='grc' dir='ltr'><strong>τδ</strong></span> 
     </span>
    </p>
   </div>
   <div class='ocr_carea' id='block_1_94' title="bbox 2438 3575 4037 3656">
    <p class='ocr_par' dir='ltr' id='par_1_94' title="bbox 2438 3575 4037 3656">
     <span class='ocr_line' id='line_1_94' title="bbox 2438 3575 4037 3656; baseline -0.005 -20"><span class='ocrx_word' id='word_1_654' title='bbox 2438 3580 2660 3651; x_wconf 79' lang='grc' dir='ltr'>θεμιτὸν</span> <span class='ocrx_word' id='word_1_655' title='bbox 2687 3579 3042 3651; x_wconf 78' lang='grc' dir='ltr'>ἀφικόμενον,</span> <span class='ocrx_word' id='word_1_656' title='bbox 3063 3579 3125 3631; x_wconf 85' lang='grc' dir='ltr'>οὐ</span> <span class='ocrx_word' id='word_1_657' title='bbox 3153 3576 3235 3631; x_wconf 79' lang='grc' dir='ltr'><strong>δεῖ</strong></span> <span class='ocrx_word' id='word_1_658' title='bbox 3255 3576 3506 3648; x_wconf 85' lang='grc' dir='ltr'>καθάπερ</span> <span class='ocrx_word' id='word_1_659' title='bbox 3528 3575 3660 3656; x_wconf 81' lang='grc' dir='ltr'>ξύλα</span> <span class='ocrx_word' id='word_1_660' title='bbox 3680 3575 3782 3648; x_wconf 73' lang='grc' dir='ltr'>τὴν</span> <span class='ocrx_word' id='word_1_661' title='bbox 3810 3575 4037 3629; x_wconf 73' lang='grc' dir='ltr'>οίανοῦν</span> 
     </span>
    </p>
   </div>
   <div class='ocr_carea' id='block_1_95' title="bbox 2437 3666 4034 3741">
    <p class='ocr_par' dir='ltr' id='par_1_95' title="bbox 2437 3666 4034 3741">
     <span class='ocr_line' id='line_1_95' title="bbox 2437 3666 4034 3741; baseline -0.004 -16"><span class='ocrx_word' id='word_1_662' title='bbox 2437 3668 2721 3735; x_wconf 82' lang='grc' dir='ltr'>παντελῶς</span> <span class='ocrx_word' id='word_1_663' title='bbox 2752 3668 2887 3741; x_wconf 79' lang='grc' dir='ltr'>ὕλην</span> <span class='ocrx_word' id='word_1_664' title='bbox 2913 3669 3215 3740; x_wconf 63' lang='grc' dir='ltr'>ἱξαπτικὴν</span> <span class='ocrx_word' id='word_1_665' title='bbox 3245 3667 3598 3740; x_wconf 63' lang='grc' dir='ltr'>ἔνθυμεῖσθαι</span> <span class='ocrx_word' id='word_1_666' title='bbox 3643 3666 3836 3720; x_wconf 85' lang='grc' dir='ltr'>παθῶν</span> <span class='ocrx_word' id='word_1_667' title='bbox 3854 3682 3869 3697; x_wconf 81' lang='grc'><em>’</em></span> <span class='ocrx_word' id='word_1_668' title='bbox 3906 3667 4034 3720; x_wconf 68' lang='grc' dir='ltr'>οὔτε</span> 
     </span>
    </p>
   </div>
   <div class='ocr_carea' id='block_1_96' title="bbox 2440 3758 4038 3834">
    <p class='ocr_par' dir='ltr' id='par_1_96' title="bbox 2440 3758 4038 3834">
     <span class='ocr_line' id='line_1_96' title="bbox 2440 3758 4038 3834; baseline -0.003 -18"><span class='ocrx_word' id='word_1_669' title='bbox 2440 3764 2549 3834; x_wconf 82' lang='grc' dir='ltr'>μὴν</span> <span class='ocrx_word' id='word_1_670' title='bbox 2594 3763 2810 3832; x_wconf 80' lang='grc' dir='ltr'>φύσεως</span> <span class='ocrx_word' id='word_1_671' title='bbox 2847 3763 2909 3815; x_wconf 82' lang='grc' dir='ltr'>τὸ</span> <span class='ocrx_word' id='word_1_672' title='bbox 2951 3761 3216 3832; x_wconf 88' lang='grc' dir='ltr'>παράπαν</span> <span class='ocrx_word' id='word_1_673' title='bbox 3267 3759 3636 3827; x_wconf 79' lang='grc' dir='ltr'>ἀναλέγεσθαι</span> <span class='ocrx_word' id='word_1_674' title='bbox 3687 3758 3912 3827; x_wconf 83' lang='grc' dir='ltr'>λόγους,</span> <span class='ocrx_word' id='word_1_675' title='bbox 3950 3759 4038 3811; x_wconf 80' lang='grc' dir='ltr'>ἵνα</span> 
     </span>
    </p>
   </div>
   <div class='ocr_carea' id='block_1_97' title="bbox 2440 3850 4037 3926">
    <p class='ocr_par' dir='ltr' id='par_1_97' title="bbox 2440 3850 4037 3926">
     <span class='ocr_line' id='line_1_97' title="bbox 2440 3850 4037 3926; baseline -0.004 -18"><span class='ocrx_word' id='word_1_676' title='bbox 2440 3853 2515 3926; x_wconf 79' lang='grc' dir='ltr'>μὴ</span> <span class='ocrx_word' id='word_1_677' title='bbox 2543 3854 2777 3908; x_wconf 87' lang='grc' dir='ltr'>πάθεσιν</span> <span class='ocrx_word' id='word_1_678' title='bbox 2804 3853 3088 3924; x_wconf 78' lang='grc' dir='ltr'>ἡδόμενον,</span> <span class='ocrx_word' id='word_1_679' title='bbox 3122 3852 3154 3923; x_wconf 78' lang='grc' dir='ltr'>ἢ</span> <span class='ocrx_word' id='word_1_680' title='bbox 3191 3851 3408 3920; x_wconf 79' lang='grc' dir='ltr'>φύσεως</span> <span class='ocrx_word' id='word_1_681' title='bbox 3437 3851 3585 3920; x_wconf 84' lang='grc' dir='ltr'>ὅροις</span> <span class='ocrx_word' id='word_1_682' title='bbox 3629 3850 4037 3922; x_wconf 80' lang='grc' dir='ltr'>μετρούμενον,</span> 
     </span>
    </p>
   </div>
   <div class='ocr_carea' id='block_1_98' title="bbox 2437 3942 4040 4014">
    <p class='ocr_par' dir='ltr' id='par_1_98' title="bbox 2437 3942 4040 4014">
     <span class='ocr_line' id='line_1_98' title="bbox 2437 3942 4040 4014; baseline -0.004 -14"><span class='ocrx_word' id='word_1_683' title='bbox 2437 3947 2582 4000; x_wconf 77' lang='grc' dir='ltr'>κατὰ</span> <span class='ocrx_word' id='word_1_684' title='bbox 2606 3947 2736 4010; x_wconf 80' lang='grc' dir='ltr'>τοὺς</span> <span class='ocrx_word' id='word_1_685' title='bbox 2771 3944 3044 4014; x_wconf 85' lang='grc' dir='ltr'>Ἕλληνας</span> <span class='ocrx_word' id='word_1_686' title='bbox 3074 3944 3165 3998; x_wconf 83' lang='grc' dir='ltr'>τὸν</span> <span class='ocrx_word' id='word_1_687' title='bbox 3198 3943 3334 3997; x_wconf 80' lang='grc' dir='ltr'>Θεὸν</span> <span class='ocrx_word' id='word_1_688' title='bbox 3365 3942 3786 4014; x_wconf 77' lang='grc' dir='ltr'>δογματίζωμεν</span> <span class='ocrx_word' id='word_1_689' title='bbox 3808 3958 3826 3974; x_wconf 68' lang='grc' dir='ltr'><strong>θ</strong></span> <span class='ocrx_word' id='word_1_690' title='bbox 3860 3944 4040 4008; x_wconf 78' lang='grc' dir='ltr'>ὅνπερ</span> 
     </span>
    </p>
   </div>
   <div class='ocr_carea' id='block_1_99' title="bbox 2438 4034 4044 4109">
    <p class='ocr_par' dir='ltr' id='par_1_99' title="bbox 2438 4034 4044 4109">
     <span class='ocr_line' id='line_1_99' title="bbox 2438 4034 4044 4109; baseline -0.002 -19"><span class='ocrx_word' id='word_1_691' title='bbox 2438 4040 2472 4109; x_wconf 76' lang='grc' dir='ltr'>ἡ</span> <span class='ocrx_word' id='word_1_692' title='bbox 2501 4038 2683 4091; x_wconf 90' lang='grc' dir='ltr'>τελεία</span> <span class='ocrx_word' id='word_1_693' title='bbox 2715 4037 2853 4108; x_wconf 88' lang='grc' dir='ltr'>μόνη</span> <span class='ocrx_word' id='word_1_694' title='bbox 2881 4036 3128 4107; x_wconf 80' lang='grc' dir='ltr'>κέκραγε</span> <span class='ocrx_word' id='word_1_695' title='bbox 3184 4035 3313 4108; x_wconf 84' lang='grc' dir='ltr'>σιγὴ</span> <span class='ocrx_word' id='word_1_696' title='bbox 3366 4035 3504 4105; x_wconf 77' lang='grc'><strong>(³55),</strong></span> <span class='ocrx_word' id='word_1_697' title='bbox 3539 4034 3634 4087; x_wconf 74' lang='grc' dir='ltr'>καὶ</span> <span class='ocrx_word' id='word_1_698' title='bbox 3681 4035 3716 4105; x_wconf 86' lang='grc' dir='ltr'><strong>ἡ</strong></span> <span class='ocrx_word' id='word_1_699' title='bbox 3753 4034 4044 4104; x_wconf 70' lang='grc' dir='ltr'>παντελὴς</span> 
     </span>
    </p>
   </div>
   <div class='ocr_carea' id='block_1_100' title="bbox 2437 4126 4046 4200">
    <p class='ocr_par' dir='ltr' id='par_1_100' title="bbox 2437 4126 4046 4200">
     <span class='ocr_line' id='line_1_100' title="bbox 2437 4126 4046 4200; baseline -0.002 -16"><span class='ocrx_word' id='word_1_700' title='bbox 2437 4129 2562 4184; x_wconf 77' lang='grc' dir='ltr'>καθ’</span> <span class='ocrx_word' id='word_1_701' title='bbox 2586 4129 2862 4200; x_wconf 84' lang='grc' dir='ltr'>ὑπεροχὴν</span> <span class='ocrx_word' id='word_1_702' title='bbox 2883 4131 3130 4199; x_wconf 80' lang='grc' dir='ltr'>ἀγνωσία</span> <span class='ocrx_word' id='word_1_703' title='bbox 3156 4144 3231 4182; x_wconf 90' lang='grc' dir='ltr'><strong>πα</strong></span> <span class='ocrx_word' id='word_1_704' title='bbox 3242 4128 3476 4198; x_wconf 84' lang='grc' dir='ltr'>ρίστησι.</span> <span class='ocrx_word' id='word_1_705' title='bbox 3505 4127 3616 4190; x_wconf 79' lang='grc' dir='ltr'><strong>Τὰς</strong></span> <span class='ocrx_word' id='word_1_706' title='bbox 3642 4126 4046 4197; x_wconf 77' lang='grc' dir='ltr'>δὲ·νεομηνίας</span> 
     </span>
    </p>
   </div>
   <div class='ocr_carea' id='block_1_101' title="bbox 2437 4217 4047 4294">
    <p class='ocr_par' dir='ltr' id='par_1_101' title="bbox 2437 4217 4047 4294">
     <span class='ocr_line' id='line_1_101' title="bbox 2437 4217 4047 4294; baseline -0.004 -19"><span class='ocrx_word' id='word_1_707' title='bbox 2437 4217 2578 4276; x_wconf 75' lang='grc' dir='ltr'>εἷναί</span> <span class='ocrx_word' id='word_1_708' title='bbox 2602 4239 2785 4294; x_wconf 81' lang='grc' dir='ltr'>φαμεν</span> <span class='ocrx_word' id='word_1_709' title='bbox 2814 4222 2952 4292; x_wconf 70' lang='grc'><strong>(54),</strong></span> <span class='ocrx_word' id='word_1_710' title='bbox 2993 4221 3119 4284; x_wconf 80' lang='grc' dir='ltr'>τοὺς</span> <span class='ocrx_word' id='word_1_711' title='bbox 3143 4223 3201 4275; x_wconf 81' lang='lat' dir='ltr'><strong>tv</strong></span> <span class='ocrx_word' id='word_1_712' title='bbox 3225 4219 3304 4290; x_wconf 84' lang='grc' dir='ltr'><strong>τῷ</strong></span> <span class='ocrx_word' id='word_1_713' title='bbox 3324 4220 3512 4292; x_wconf 85' lang='grc' dir='ltr'>δρόμῳ</span> <span class='ocrx_word' id='word_1_714' title='bbox 3533 4219 3643 4274; x_wconf 86' lang='grc' dir='ltr'>τῶν</span> <span class='ocrx_word' id='word_1_715' title='bbox 3672 4221 3797 4273; x_wconf 83' lang='grc' dir='ltr'>κατ’</span> <span class='ocrx_word' id='word_1_716' title='bbox 3830 4220 4047 4292; x_wconf 70' lang='grc' dir='ltr'>ἀρετὴν</span> 
     </span>
    </p>
   </div>
   <div class='ocr_carea' id='block_1_102' title="bbox 2438 4307 4050 4385">
    <p class='ocr_par' dir='ltr' id='par_1_102' title="bbox 2438 4307 4050 4385">
     <span class='ocr_line' id='line_1_102' title="bbox 2438 4307 4050 4385; baseline -0.004 -16"><span class='ocrx_word' id='word_1_717' title='bbox 2438 4315 2534 4369; x_wconf 68' lang='grc' dir='ltr'>καὶ</span> <span class='ocrx_word' id='word_1_718' title='bbox 2563 4315 2766 4382; x_wconf 84' lang='grc' dir='ltr'>γνῶσιν</span> <span class='ocrx_word' id='word_1_719' title='bbox 2798 4314 3024 4385; x_wconf 76' lang='grc' dir='ltr'>ἡμερῶν</span> <span class='ocrx_word' id='word_1_720' title='bbox 3073 4312 3364 4383; x_wconf 78' lang='grc' dir='ltr'>διαφόρους</span> <span class='ocrx_word' id='word_1_721' title='bbox 3398 4312 3739 4381; x_wconf 73' lang='grc' dir='ltr'>φωτισμοὺς,</span> <span class='ocrx_word' id='word_1_722' title='bbox 3776 4307 3868 4374; x_wconf 77' lang='grc' dir='ltr'>οἷς</span> <span class='ocrx_word' id='word_1_723' title='bbox 3909 4329 4050 4382; x_wconf 80' lang='grc' dir='ltr'>προ-</span> 
     </span>
    </p>
   </div>
   <div class='ocr_carea' id='block_1_103' title="bbox 2438 4402 4050 4477">
    <p class='ocr_par' dir='ltr' id='par_1_103' title="bbox 2438 4402 4050 4477">
     <span class='ocr_line' id='line_1_103' title="bbox 2438 4402 4050 4477; baseline -0.002 -19"><span class='ocrx_word' id='word_1_724' title='bbox 2438 4405 2716 4477; x_wconf 77' lang='grc' dir='ltr'>τροπάδην</span> <span class='ocrx_word' id='word_1_725' title='bbox 2745 4404 2993 4467; x_wconf 74' lang='grc' dir='ltr'>ἅπαντας</span> <span class='ocrx_word' id='word_1_726' title='bbox 3016 4403 3290 4467; x_wconf 77' lang='grc' dir='ltr'>ὲνθὲοντες</span> <span class='ocrx_word' id='word_1_727' title='bbox 3313 4403 3438 4466; x_wconf 77' lang='grc' dir='ltr'>τοὺς</span> <span class='ocrx_word' id='word_1_728' title='bbox 3467 4402 3688 4465; x_wconf 80' lang='grc' dir='ltr'>αἰῶνας,</span> <span class='ocrx_word' id='word_1_729' title='bbox 3721 4403 3816 4455; x_wconf 72' lang='grc' dir='ltr'><strong>τὸν</strong></span> <span class='ocrx_word' id='word_1_730' title='bbox 3852 4403 4050 4456; x_wconf 71' lang='grc' dir='ltr'>δεκτίιν</span> 
     </span>
    </p>
   </div>
   <div class='ocr_carea' id='block_1_104' title="bbox 2437 4490 4052 4564">
    <p class='ocr_par' dir='ltr' id='par_1_104' title="bbox 2437 4490 4052 4564">
     <span class='ocr_line' id='line_1_104' title="bbox 2437 4490 4052 4564; baseline 0 -18"><span class='ocrx_word' id='word_1_731' title='bbox 2437 4493 2684 4546; x_wconf 69' lang='grc' dir='ltr'>ἐνιαυτὸν</span> <span class='ocrx_word' id='word_1_732' title='bbox 2698 4491 2793 4545; x_wconf 84' lang='grc' dir='ltr'><strong>τοῦ</strong></span> <span class='ocrx_word' id='word_1_733' title='bbox 2817 4493 3020 4563; x_wconf 73' lang='grc' dir='ltr'>Κυρίου</span> <span class='ocrx_word' id='word_1_734' title='bbox 3042 4490 3468 4564; x_wconf 84' lang='grc' dir='ltr'>πληροῦμεν,τῷ</span> <span class='ocrx_word' id='word_1_735' title='bbox 3481 4490 3593 4557; x_wconf 80' lang='grc' dir='ltr'>τῆς</span> <span class='ocrx_word' id='word_1_736' title='bbox 3615 4493 4052 4560; x_wconf 78' lang='grc' dir='ltr'>χρηστότητος</span> 
     </span>
    </p>
   </div>
   <div class='ocr_carea' id='block_1_105' title="bbox 2440 4583 4052 4656">
    <p class='ocr_par' dir='ltr' id='par_1_105' title="bbox 2440 4583 4052 4656">
     <span class='ocr_line' id='line_1_105' title="bbox 2440 4583 4052 4656; baseline -0.002 -16"><span class='ocrx_word' id='word_1_737' title='bbox 2440 4584 2722 4655; x_wconf 63' lang='grc' dir='ltr'>στεφάνῳ</span> <span class='ocrx_word' id='word_1_738' title='bbox 2755 4585 3152 4656; x_wconf 84' lang='grc' dir='ltr'>κοσμούμενον.</span> <span class='ocrx_word' id='word_1_739' title='bbox 3208 4585 3484 4654; x_wconf 78' lang='grc' dir='ltr'>Στέφανος</span> <span class='ocrx_word' id='word_1_740' title='bbox 3537 4583 3594 4637; x_wconf 76' lang='grc' dir='ltr'>δὲ</span> <span class='ocrx_word' id='word_1_741' title='bbox 3655 4585 4052 4655; x_wconf 77' lang='grc' dir='ltr'>χρηστότητός</span> 
     </span>
    </p>
   </div>
   <div class='ocr_carea' id='block_1_106' title="bbox 2437 4674 4050 4745">
    <p class='ocr_par' dir='ltr' id='par_1_106' title="bbox 2437 4674 4050 4745">
     <span class='ocr_line' id='line_1_106' title="bbox 2437 4674 4050 4745; baseline -0.001 -15"><span class='ocrx_word' id='word_1_742' title='bbox 2437 4677 2558 4730; x_wconf 73' lang='grc' dir='ltr'>ἐστι</span> <span class='ocrx_word' id='word_1_743' title='bbox 2601 4675 2714 4743; x_wconf 78' lang='lat'><strong>(35)</strong></span> <span class='ocrx_word' id='word_1_744' title='bbox 2757 4675 2946 4739; x_wconf 81' lang='grc' dir='ltr'>πίστις</span> <span class='ocrx_word' id='word_1_745' title='bbox 2991 4674 3210 4744; x_wconf 76' lang='grc' dir='ltr'>καθαρὰ</span> <span class='ocrx_word' id='word_1_746' title='bbox 3247 4674 3410 4728; x_wconf 88' lang='grc' dir='ltr'>λίθων</span> <span class='ocrx_word' id='word_1_747' title='bbox 3440 4674 3639 4744; x_wconf 90' lang='grc' dir='ltr'>τιμίων</span> <span class='ocrx_word' id='word_1_748' title='bbox 3687 4674 3892 4745; x_wconf 83' lang='grc' dir='ltr'>δίκην,</span> <span class='ocrx_word' id='word_1_749' title='bbox 3933 4678 4050 4738; x_wconf 84' lang='grc' dir='ltr'>ταῖς</span> 
     </span>
    </p>
   </div>
   <div class='ocr_carea' id='block_1_107' title="bbox 2439 4766 4050 4839">
    <p class='ocr_par' dir='ltr' id='par_1_107' title="bbox 2439 4766 4050 4839">
     <span class='ocr_line' id='line_1_107' title="bbox 2439 4766 4050 4839; baseline -0.001 -17"><span class='ocrx_word' id='word_1_750' title='bbox 2439 4770 2550 4823; x_wconf 84' lang='grc' dir='ltr'><strong>τῶν</strong></span> <span class='ocrx_word' id='word_1_751' title='bbox 2599 4768 2889 4838; x_wconf 85' lang='grc' dir='ltr'>δογμάτων</span> <span class='ocrx_word' id='word_1_752' title='bbox 2919 4767 3247 4839; x_wconf 75' lang='grc' dir='ltr'>ὑψηγορίαις</span> <span class='ocrx_word' id='word_1_753' title='bbox 3304 4771 3402 4821; x_wconf 78' lang='grc' dir='ltr'>καὶ</span> <span class='ocrx_word' id='word_1_754' title='bbox 3443 4766 3625 4836; x_wconf 87' lang='grc' dir='ltr'>λόγοις</span> <span class='ocrx_word' id='word_1_755' title='bbox 3670 4767 4050 4838; x_wconf 81' lang='grc' dir='ltr'>διηνθισμένη</span> 
     </span>
    </p>
   </div>
   <div class='ocr_carea' id='block_1_108' title="bbox 2440 4857 4054 4933">
    <p class='ocr_par' dir='ltr' id='par_1_108' title="bbox 2440 4857 4054 4933">
     <span class='ocr_line' id='line_1_108' title="bbox 2440 4857 4054 4933; baseline -0.003 -18"><span class='ocrx_word' id='word_1_756' title='bbox 2440 4863 2834 4933; x_wconf 88' lang='grc' dir='ltr'>πνευματικοῖς</span> <span class='ocrx_word' id='word_1_757' title='bbox 2875 4862 2969 4915; x_wconf 79' lang='grc' dir='ltr'>καὶ</span> <span class='ocrx_word' id='word_1_758' title='bbox 3003 4861 3259 4932; x_wconf 82' lang='grc' dir='ltr'>νοήμασι,</span> <span class='ocrx_word' id='word_1_759' title='bbox 3295 4861 3386 4913; x_wconf 79' lang='grc' dir='ltr'>τὸν</span> <span class='ocrx_word' id='word_1_760' title='bbox 3409 4857 3630 4930; x_wconf 84' lang='grc' dir='ltr'>θεοφιλῆ</span> <span class='ocrx_word' id='word_1_761' title='bbox 3653 4858 3938 4931; x_wconf 78' lang='grc' dir='ltr'>καθάπερ</span> <span class='ocrx_word' id='word_1_762' title='bbox 3967 4876 4054 4914; x_wconf 82' lang='grc' dir='ltr'>κε-</span> 
     </span>
    </p>
   </div>
   <div class='ocr_carea' id='block_1_109' title="bbox 2444 4949 4043 5024">
    <p class='ocr_par' dir='ltr' id='par_1_109' title="bbox 2444 4949 4043 5024">
     <span class='ocr_line' id='line_1_109' title="bbox 2444 4949 4043 5024; baseline 0.001 -16"><span class='ocrx_word' id='word_1_763' title='bbox 2444 4953 2621 5024; x_wconf 80' lang='grc' dir='ltr'>φαλὴν</span> <span class='ocrx_word' id='word_1_764' title='bbox 2654 4951 3051 5022; x_wconf 75' lang='grc' dir='ltr'>διασφίγγουσα</span> <span class='ocrx_word' id='word_1_765' title='bbox 3078 4949 3224 5006; x_wconf 88' lang='grc' dir='ltr'>νοῦν.</span> <span class='ocrx_word' id='word_1_766' title='bbox 3265 4953 3332 5004; x_wconf 85' lang='grc' dir='ltr'>Ἣ</span> <span class='ocrx_word' id='word_1_767' title='bbox 3371 4949 3571 5022; x_wconf 78' lang='grc' dir='ltr'>μᾶλλον</span> <span class='ocrx_word' id='word_1_768' title='bbox 3619 4951 3913 5019; x_wconf 78' lang='grc' dir='ltr'>στέφανος</span> <span class='ocrx_word' id='word_1_769' title='bbox 3951 4954 4043 5009; x_wconf 78' lang='grc' dir='ltr'>πά-</span> 
     </span>
    </p>
   </div>
   <div class='ocr_carea' id='block_1_110' title="bbox 2438 5043 4047 5116">
    <p class='ocr_par' dir='ltr' id='par_1_110' title="bbox 2438 5043 4047 5116">
     <span class='ocr_line' id='line_1_110' title="bbox 2438 5043 4047 5116; baseline -0.001 -16"><span class='ocrx_word' id='word_1_770' title='bbox 2438 5045 2522 5100; x_wconf 87' lang='grc' dir='ltr'><strong>λιν</strong></span> <span class='ocrx_word' id='word_1_771' title='bbox 2556 5045 2926 5116; x_wconf 81' lang='grc' dir='ltr'>χρηστότητός</span> <span class='ocrx_word' id='word_1_772' title='bbox 2957 5045 3106 5098; x_wconf 73' lang='grc' dir='ltr'>ἐστιν</span> <span class='ocrx_word' id='word_1_773' title='bbox 3143 5043 3257 5114; x_wconf 76' lang='lat'><strong>(36)</strong></span> <span class='ocrx_word' id='word_1_774' title='bbox 3294 5043 3457 5108; x_wconf 80' lang='grc' dir='ltr'>αὐτὸς</span> <span class='ocrx_word' id='word_1_775' title='bbox 3487 5044 3515 5096; x_wconf 89' lang='grc' dir='ltr'>ὀ</span> <span class='ocrx_word' id='word_1_776' title='bbox 3548 5043 3644 5097; x_wconf 87' lang='grc' dir='ltr'><strong>τοῦ</strong></span> <span class='ocrx_word' id='word_1_777' title='bbox 3672 5044 3827 5098; x_wconf 82' lang='grc' dir='ltr'>Θεοῦ</span> <span class='ocrx_word' id='word_1_778' title='bbox 3867 5046 4047 5114; x_wconf 81' lang='grc' dir='ltr'>λόγος,</span> 
     </span>
    </p>
   </div>
   <div class='ocr_carea' id='block_1_111' title="bbox 2435 5135 4047 5208">
    <p class='ocr_par' dir='ltr' id='par_1_111' title="bbox 2435 5135 4047 5208">
     <span class='ocr_line' id='line_1_111' title="bbox 2435 5135 4047 5208; baseline 0.001 -18"><span class='ocrx_word' id='word_1_779' title='bbox 2435 5139 2465 5190; x_wconf 82' lang='grc' dir='ltr'>ὁ</span> <span class='ocrx_word' id='word_1_780' title='bbox 2493 5140 2557 5208; x_wconf 80' lang='grc' dir='ltr'><strong>τῇ</strong></span> <span class='ocrx_word' id='word_1_781' title='bbox 2592 5137 2837 5208; x_wconf 75' lang='grc' dir='ltr'>ποικιλίᾳ</span> <span class='ocrx_word' id='word_1_782' title='bbox 2870 5135 2978 5189; x_wconf 84' lang='grc' dir='ltr'>τῶν</span> <span class='ocrx_word' id='word_1_783' title='bbox 3009 5136 3152 5189; x_wconf 74' lang='grc' dir='ltr'>κατὰ</span> <span class='ocrx_word' id='word_1_784' title='bbox 3176 5136 3434 5206; x_wconf 90' lang='grc' dir='ltr'>πρόνοιαν</span> <span class='ocrx_word' id='word_1_785' title='bbox 3460 5137 3552 5188; x_wconf 73' lang='grc' dir='ltr'>καὶ</span> <span class='ocrx_word' id='word_1_786' title='bbox 3579 5136 3772 5206; x_wconf 87' lang='grc' dir='ltr'>κρίσιν</span> <span class='ocrx_word' id='word_1_787' title='bbox 3793 5139 4047 5208; x_wconf 79' lang='grc' dir='ltr'>τρόπων,</span> 
     </span>
    </p>
   </div>
   <div class='ocr_carea' id='block_1_112' title="bbox 2437 5227 4043 5302">
    <p class='ocr_par' dir='ltr' id='par_1_112' title="bbox 2437 5227 4043 5302">
     <span class='ocr_line' id='line_1_112' title="bbox 2437 5227 4043 5302; baseline 0.001 -18"><span class='ocrx_word' id='word_1_788' title='bbox 2437 5231 2608 5301; x_wconf 71' lang='grc' dir='ltr'>ἧγουν</span> <span class='ocrx_word' id='word_1_789' title='bbox 2661 5229 2957 5300; x_wconf 76' lang='grc' dir='ltr'>ἐγκρατείᾳ</span> <span class='ocrx_word' id='word_1_790' title='bbox 3003 5228 3112 5283; x_wconf 85' lang='grc' dir='ltr'><strong>τῶν</strong></span> <span class='ocrx_word' id='word_1_791' title='bbox 3168 5227 3432 5282; x_wconf 79' lang='grc' dir='ltr'>ἑκουσίων</span> <span class='ocrx_word' id='word_1_792' title='bbox 3468 5227 3579 5299; x_wconf 83' lang='grc'><strong>(57)</strong></span> <span class='ocrx_word' id='word_1_793' title='bbox 3616 5227 3714 5281; x_wconf 71' lang='grc' dir='ltr'>καὶ</span> <span class='ocrx_word' id='word_1_794' title='bbox 3784 5230 4043 5302; x_wconf 72' lang='grc' dir='ltr'>ὑπομονῇ</span> 
     </span>
    </p>
   </div>
   <div class='ocr_carea' id='block_1_113' title="bbox 2435 5315 4047 5392">
    <p class='ocr_par' dir='ltr' id='par_1_113' title="bbox 2435 5315 4047 5392">
     <span class='ocr_line' id='line_1_113' title="bbox 2435 5315 4047 5392; baseline 0.001 -19"><span class='ocrx_word' id='word_1_795' title='bbox 2435 5319 2546 5373; x_wconf 82' lang='grc' dir='ltr'><strong>τῶν</strong></span> <span class='ocrx_word' id='word_1_796' title='bbox 2566 5321 2837 5374; x_wconf 85' lang='grc' dir='ltr'>ἀκουσίων</span> <span class='ocrx_word' id='word_1_797' title='bbox 2861 5320 3072 5384; x_wconf 81' lang='grc' dir='ltr'>παθῶν,</span> <span class='ocrx_word' id='word_1_798' title='bbox 3097 5319 3170 5382; x_wconf 84' lang='grc' dir='ltr'><strong>ὡς</strong></span> <span class='ocrx_word' id='word_1_799' title='bbox 3202 5318 3445 5390; x_wconf 63' lang='grc' dir='ltr'>κεφαλὴν</span> <span class='ocrx_word' id='word_1_800' title='bbox 3472 5317 3563 5370; x_wconf 83' lang='grc' dir='ltr'>τὸν</span> <span class='ocrx_word' id='word_1_801' title='bbox 3591 5315 3720 5370; x_wconf 89' lang='grc' dir='ltr'>νοῦν</span> <span class='ocrx_word' id='word_1_802' title='bbox 3762 5325 4047 5392; x_wconf 71' lang='grc' dir='ltr'>περιγρα-</span> 
     </span>
    </p>
   </div>
   <div class='ocr_carea' id='block_1_114' title="bbox 2441 5410 4048 5489">
    <p class='ocr_par' dir='ltr' id='par_1_114' title="bbox 2441 5410 4048 5489">
     <span class='ocr_line' id='line_1_114' title="bbox 2441 5410 4048 5489; baseline 0.004 -25"><span class='ocrx_word' id='word_1_803' title='bbox 2441 5430 2578 5483; x_wconf 83' lang='grc' dir='ltr'>φων,</span> <span class='ocrx_word' id='word_1_804' title='bbox 2623 5414 2716 5468; x_wconf 71' lang='grc' dir='ltr'>καὶ</span> <span class='ocrx_word' id='word_1_805' title='bbox 2747 5416 2812 5485; x_wconf 81' lang='grc' dir='ltr'>τῇ</span> <span class='ocrx_word' id='word_1_806' title='bbox 2858 5415 3058 5485; x_wconf 80' lang='grc' dir='ltr'>μετοχῇ</span> <span class='ocrx_word' id='word_1_807' title='bbox 3097 5412 3196 5481; x_wconf 81' lang='grc' dir='ltr'>τῆς</span> <span class='ocrx_word' id='word_1_808' title='bbox 3231 5413 3370 5465; x_wconf 77' lang='grc' dir='ltr'>κατὰ</span> <span class='ocrx_word' id='word_1_809' title='bbox 3416 5411 3516 5482; x_wconf 77' lang='grc' dir='ltr'>τὴν</span> <span class='ocrx_word' id='word_1_810' title='bbox 3546 5410 3757 5466; x_wconf 79' lang='grc' dir='ltr'>θέωσιν</span> <span class='ocrx_word' id='word_1_811' title='bbox 3798 5417 4048 5489; x_wconf 81' lang='grc' dir='ltr'>χάριτος,</span> 
     </span>
    </p>
   </div>
   <div class='ocr_carea' id='block_1_115' title="bbox 2442 5501 3691 5572">
    <p class='ocr_par' dir='ltr' id='par_1_115' title="bbox 2442 5501 3691 5572">
     <span class='ocr_line' id='line_1_115' title="bbox 2442 5501 3691 5572; baseline -0.002 -14"><span class='ocrx_word' id='word_1_812' title='bbox 2442 5505 2606 5567; x_wconf 74' lang='grc' dir='ltr'>αὐτὸς</span> <span class='ocrx_word' id='word_1_813' title='bbox 2639 5502 2835 5557; x_wconf 79' lang='grc' dir='ltr'>ἑαυτοῦ</span> <span class='ocrx_word' id='word_1_814' title='bbox 2865 5503 2955 5559; x_wconf 83' lang='grc' dir='ltr'>τὸν</span> <span class='ocrx_word' id='word_1_815' title='bbox 2984 5502 3107 5558; x_wconf 87' lang='grc' dir='ltr'>νοῦν</span> <span class='ocrx_word' id='word_1_816' title='bbox 3134 5501 3304 5556; x_wconf 78' lang='grc' dir='ltr'>ποιῶν</span> <span class='ocrx_word' id='word_1_817' title='bbox 3335 5501 3691 5572; x_wconf 82' lang='grc' dir='ltr'>ὡραιότερον.</span> 
     </span>
    </p>
   </div>
   <div class='ocr_carea' id='block_1_116' title="bbox 755 5595 2832 5669">
    <p class='ocr_par' dir='ltr' id='par_1_116' title="bbox 755 5595 2832 5669">
     <span class='ocr_line' id='line_1_116' title="bbox 755 5595 2832 5669; baseline 0.002 -20"><span class='ocrx_word' id='word_1_818' title='bbox 755 5611 842 5659; x_wconf 88' lang='lat' dir='ltr'><strong>ac,</strong></span> <span class='ocrx_word' id='word_1_819' title='bbox 871 5609 981 5665; x_wconf 84' lang='lat' dir='ltr'><strong>qua</strong></span> <span class='ocrx_word' id='word_1_820' title='bbox 1018 5595 1247 5654; x_wconf 84' lang='lat' dir='ltr'><strong>Deitatis</strong></span> <span class='ocrx_word' id='word_1_821' title='bbox 1281 5596 1451 5668; x_wconf 88' lang='lat' dir='ltr'><strong>gratia</strong></span> <span class='ocrx_word' id='word_1_822' title='bbox 1495 5595 1757 5667; x_wconf 89' lang='lat' dir='ltr'><strong>impartit,</strong></span> <span class='ocrx_word' id='word_1_823' title='bbox 1793 5596 1963 5668; x_wconf 86' lang='lat' dir='ltr'><strong>ipsam</strong></span> <span class='ocrx_word' id='word_1_824' title='bbox 2001 5597 2182 5669; x_wconf 88' lang='lat' dir='ltr'><strong>seipsa</strong></span> <span class='ocrx_word' id='word_1_825' title='bbox 2215 5598 2596 5656; x_wconf 87' lang='lat' dir='ltr'><strong>formosiorem</strong></span> <span class='ocrx_word' id='word_1_826' title='bbox 2631 5599 2832 5656; x_wconf 89' lang='lat' dir='ltr'><strong>reddit.</strong></span> 
     </span>
    </p>
   </div>
   <div class='ocr_carea' id='block_1_117' title="bbox 826 5751 2336 5840">
    <p class='ocr_par' dir='ltr' id='par_1_117' title="bbox 826 5751 2336 5840">
     <span class='ocr_line' id='line_1_117' title="bbox 826 5751 2336 5840; baseline 0.001 -30"><span class='ocrx_word' id='word_1_827' title='bbox 826 5751 875 5788; x_wconf 82' lang='grc'><strong>’⁸</strong></span> <span class='ocrx_word' id='word_1_828' title='bbox 902 5751 1062 5840; x_wconf 76' lang='lat' dir='ltr'><strong>Num.</strong></span> <span class='ocrx_word' id='word_1_829' title='bbox 1093 5770 1180 5820; x_wconf 78' lang='lat' dir='ltr'><strong>xv,</strong></span> <span class='ocrx_word' id='word_1_830' title='bbox 1209 5755 1297 5811; x_wconf 70' lang='grc'><strong>52.</strong></span> <span class='ocrx_word' id='word_1_831' title='bbox 1373 5758 1417 5788; x_wconf 86' lang='grc'><strong>⁷⁷</strong></span> <span class='ocrx_word' id='word_1_832' title='bbox 1451 5757 1550 5811; x_wconf 91' lang='lat' dir='ltr'><strong>lsa.</strong></span> <span class='ocrx_word' id='word_1_833' title='bbox 1585 5772 1727 5820; x_wconf 78' lang='lat' dir='ltr'><strong>Lvm,</strong></span> <span class='ocrx_word' id='word_1_834' title='bbox 1760 5757 1810 5810; x_wconf 72' lang='grc'><strong>5.</strong></span> <span class='ocrx_word' id='word_1_835' title='bbox 1889 5756 1934 5788; x_wconf 86' lang='grc'><strong>⁷⁸</strong></span> <span class='ocrx_word' id='word_1_836' title='bbox 1959 5756 2100 5811; x_wconf 81' lang='lat' dir='ltr'><strong>l’sal.</strong></span> <span class='ocrx_word' id='word_1_837' title='bbox 2126 5761 2336 5821; x_wconf 67' lang='grc' dir='ltr'>ιιιγ,2.</span> 
     </span>
    </p>
   </div>
  </div>
