  <div class='ocr_page' id='page_1' title='image "/cluster/home/n/w/nwhite01/storage/ocr_20150623/90/nnc1.0046980113/386.png"; bbox 0 0 4218 6432; ppageno 0'>
   <div class='ocr_carea' id='block_1_1' title="bbox 241 396 336 456">
    <p class='ocr_par' dir='ltr' id='par_1_1' title="bbox 241 396 336 456">
     <span class='ocr_line' id='line_1_1' title="bbox 241 396 336 456; baseline -0.021 0"><span class='ocrx_word' id='word_1_1' title='bbox 241 396 336 456; x_wconf 72' lang='lat'><strong>757</strong></span> 
     </span>
    </p>
   </div>
   <div class='ocr_carea' id='block_1_2' title="bbox 1289 386 2461 462">
    <p class='ocr_par' dir='ltr' id='par_1_2' title="bbox 1289 386 2461 462">
     <span class='ocr_line' id='line_1_2' title="bbox 1289 386 2461 462; baseline -0.004 -11"><span class='ocrx_word' id='word_1_2' title='bbox 1289 388 1781 462; x_wconf 78' lang='lat' dir='ltr'><strong>QU.‘ESTIONES</strong></span> <span class='ocrx_word' id='word_1_3' title='bbox 1818 387 1917 445; x_wconf 84' lang='lat' dir='ltr'><strong>AD</strong></span> <span class='ocrx_word' id='word_1_4' title='bbox 1953 386 2461 446; x_wconf 65' lang='lat' dir='ltr'><strong>THALASSIUM.</strong></span> 
     </span>
    </p>
   </div>
   <div class='ocr_carea' id='block_1_3' title="bbox 3374 390 3478 453">
    <p class='ocr_par' dir='ltr' id='par_1_3' title="bbox 3374 390 3478 453">
     <span class='ocr_line' id='line_1_3' title="bbox 3374 390 3478 453; baseline -0.01 0"><span class='ocrx_word' id='word_1_5' title='bbox 3374 390 3478 453; x_wconf 79' lang='grc'><strong>758</strong></span> 
     </span>
    </p>
   </div>
   <div class='ocr_carea' id='block_1_4' title="bbox 308 496 1855 573">
    <p class='ocr_par' dir='ltr' id='par_1_4' title="bbox 308 497 1855 573">
     <span class='ocr_line' id='line_1_4' title="bbox 308 497 1855 573; baseline -0.001 -18"><span class='ocrx_word' id='word_1_6' title='bbox 308 502 426 556; x_wconf 84' lang='grc' dir='ltr'>Τῶν</span> <span class='ocrx_word' id='word_1_7' title='bbox 453 502 654 573; x_wconf 78' lang='grc' dir='ltr'><strong>ἑορτῶν</strong></span> <span class='ocrx_word' id='word_1_8' title='bbox 680 503 758 568; x_wconf 79' lang='grc' dir='ltr'><strong>δὲ,</strong></span> <span class='ocrx_word' id='word_1_9' title='bbox 796 502 890 572; x_wconf 88' lang='grc' dir='ltr'>τὴν</span> <span class='ocrx_word' id='word_1_10' title='bbox 926 502 1022 572; x_wconf 79' lang='grc' dir='ltr'><strong>μὲν</strong></span> <span class='ocrx_word' id='word_1_11' title='bbox 1073 500 1293 572; x_wconf 85' lang='grc' dir='ltr'>πρώτην</span> <span class='ocrx_word' id='word_1_12' title='bbox 1317 501 1450 571; x_wconf 72' lang='lat'><strong>(58),</strong></span> <span class='ocrx_word' id='word_1_13' title='bbox 1491 499 1801 570; x_wconf 73' lang='grc' dir='ltr'><strong>πρακτικῆς</strong></span> <span class='ocrx_word' id='word_1_14' title='bbox 1833 497 1855 553; x_wconf 70' lang='grc' dir='ltr'><strong><em>Α</em></strong></span> 
     </span>
    </p>
   </div>
   <div class='ocr_carea' id='block_1_5' title="bbox 1949 496 3479 573">
    <p class='ocr_par' dir='ltr' id='par_1_5' title="bbox 1982 496 3479 571">
     <span class='ocr_line' id='line_1_5' title="bbox 1982 496 3479 571; baseline 0.005 -21"><span class='ocrx_word' id='word_1_15' title='bbox 1982 497 2055 551; x_wconf 63' lang='lat' dir='ltr'><strong>Ad</strong></span> <span class='ocrx_word' id='word_1_16' title='bbox 2114 496 2248 551; x_wconf 79' lang='lat' dir='ltr'><strong>festa</strong></span> <span class='ocrx_word' id='word_1_17' title='bbox 2302 509 2483 553; x_wconf 90' lang='lat' dir='ltr'><strong>autem</strong></span> <span class='ocrx_word' id='word_1_18' title='bbox 2532 500 2678 569; x_wconf 89' lang='lat' dir='ltr'><strong>quod</strong></span> <span class='ocrx_word' id='word_1_19' title='bbox 2719 502 2917 557; x_wconf 90' lang='lat' dir='ltr'><strong>attinet</strong></span> <span class='ocrx_word' id='word_1_20' title='bbox 2962 517 3026 557; x_wconf 80' lang='lat' dir='ltr'><strong>ac</strong></span> <span class='ocrx_word' id='word_1_21' title='bbox 3069 502 3479 571; x_wconf 77' lang='lat' dir='ltr'><strong>solemnitates,</strong></span> 
     </span>
    </p>
   </div>
   <div class='ocr_carea' id='block_1_6' title="bbox 244 588 1807 663">
    <p class='ocr_par' dir='ltr' id='par_1_6' title="bbox 244 588 1807 663">
     <span class='ocr_line' id='line_1_6' title="bbox 244 588 1807 663; baseline -0.003 -19"><span class='ocrx_word' id='word_1_22' title='bbox 244 588 378 645; x_wconf 77' lang='grc' dir='ltr'>εἶναι</span> <span class='ocrx_word' id='word_1_23' title='bbox 428 594 741 662; x_wconf 77' lang='grc' dir='ltr'><strong>φιλοσοφίας</strong></span> <span class='ocrx_word' id='word_1_24' title='bbox 800 593 1089 663; x_wconf 87' lang='grc' dir='ltr'>σύμϐολον,</span> <span class='ocrx_word' id='word_1_25' title='bbox 1140 592 1277 660; x_wconf 75' lang='grc' dir='ltr'>πρὸς</span> <span class='ocrx_word' id='word_1_26' title='bbox 1338 590 1538 661; x_wconf 82' lang='grc' dir='ltr'>ἀρετὴν</span> <span class='ocrx_word' id='word_1_27' title='bbox 1593 591 1667 652; x_wconf 83' lang='grc' dir='ltr'>ὡς</span> <span class='ocrx_word' id='word_1_28' title='bbox 1713 588 1807 642; x_wconf 83' lang='grc' dir='ltr'><strong>ἀπ’</strong></span> 
     </span>
    </p>
   </div>
   <div class='ocr_carea' id='block_1_7' title="bbox 247 681 1810 754">
    <p class='ocr_par' dir='ltr' id='par_1_7' title="bbox 247 681 1810 754">
     <span class='ocr_line' id='line_1_7' title="bbox 247 681 1810 754; baseline -0.001 -19"><span class='ocrx_word' id='word_1_29' title='bbox 247 683 520 751; x_wconf 80' lang='grc' dir='ltr'>Λίγύπτου</span> <span class='ocrx_word' id='word_1_30' title='bbox 562 686 660 754; x_wconf 87' lang='grc' dir='ltr'><strong>τῆς</strong></span> <span class='ocrx_word' id='word_1_31' title='bbox 696 684 967 754; x_wconf 85' lang='grc' dir='ltr'>ἁμαρτίας</span> <span class='ocrx_word' id='word_1_32' title='bbox 990 684 1116 745; x_wconf 74' lang='grc' dir='ltr'>τοὺς</span> <span class='ocrx_word' id='word_1_33' title='bbox 1176 684 1265 736; x_wconf 84' lang='grc' dir='ltr'>ὑπ’</span> <span class='ocrx_word' id='word_1_34' title='bbox 1307 684 1478 751; x_wconf 83' lang='grc' dir='ltr'>αὑτῆς</span> <span class='ocrx_word' id='word_1_35' title='bbox 1508 681 1810 750; x_wconf 84' lang='grc' dir='ltr'>κρατουμέ-</span> 
     </span>
    </p>
   </div>
   <div class='ocr_carea' id='block_1_8' title="bbox 248 773 1812 845">
    <p class='ocr_par' dir='ltr' id='par_1_8' title="bbox 248 773 1812 845">
     <span class='ocr_line' id='line_1_8' title="bbox 248 773 1812 845; baseline -0.002 -18"><span class='ocrx_word' id='word_1_36' title='bbox 248 792 366 837; x_wconf 88' lang='grc' dir='ltr'>νους</span> <span class='ocrx_word' id='word_1_37' title='bbox 409 773 854 836; x_wconf 74' lang='grc' dir='ltr'>διαϐιϐάζουσανο</span> <span class='ocrx_word' id='word_1_38' title='bbox 913 775 1010 845; x_wconf 88' lang='grc' dir='ltr'>τὴν</span> <span class='ocrx_word' id='word_1_39' title='bbox 1036 776 1093 827; x_wconf 83' lang='grc' dir='ltr'>δὲ</span> <span class='ocrx_word' id='word_1_40' title='bbox 1150 774 1405 844; x_wconf 83' lang='grc' dir='ltr'><strong>δευτέραν</strong></span> <span class='ocrx_word' id='word_1_41' title='bbox 1451 774 1585 843; x_wconf 78' lang='lat'><strong>{59),</strong></span> <span class='ocrx_word' id='word_1_42' title='bbox 1633 773 1731 842; x_wconf 84' lang='grc' dir='ltr'><strong>τῆς</strong></span> <span class='ocrx_word' id='word_1_43' title='bbox 1748 774 1812 824; x_wconf 69' lang='grc' dir='ltr'><strong>⁸τὶν</strong></span> 
     </span>
    </p>
   </div>
   <div class='ocr_carea' id='block_1_9' title="bbox 253 857 1813 936">
    <p class='ocr_par' dir='ltr' id='par_1_9' title="bbox 253 857 1813 936">
     <span class='ocr_line' id='line_1_9' title="bbox 253 857 1813 936; baseline -0.001 -18"><span class='ocrx_word' id='word_1_44' title='bbox 253 866 518 935; x_wconf 82' lang='grc' dir='ltr'>πνεύματι</span> <span class='ocrx_word' id='word_1_45' title='bbox 572 867 804 936; x_wconf 78' lang='grc' dir='ltr'><strong>φυσικῆς</strong></span> <span class='ocrx_word' id='word_1_46' title='bbox 851 866 1021 918; x_wconf 80' lang='grc' dir='ltr'>τύπον</span> <span class='ocrx_word' id='word_1_47' title='bbox 1073 867 1336 935; x_wconf 82' lang='grc' dir='ltr'><strong>ὑπάρχειν</strong></span> <span class='ocrx_word' id='word_1_48' title='bbox 1403 857 1657 935; x_wconf 76' lang='grc' dir='ltr'><strong>θεωρίας,</strong></span> <span class='ocrx_word' id='word_1_49' title='bbox 1715 863 1813 933; x_wconf 83' lang='grc' dir='ltr'>τὴν</span> 
     </span>
    </p>
   </div>
   <div class='ocr_carea' id='block_1_10' title="bbox 250 949 1816 1027">
    <p class='ocr_par' dir='ltr' id='par_1_10' title="bbox 250 949 1816 1027">
     <span class='ocr_line' id='line_1_10' title="bbox 250 949 1816 1027; baseline 0 -19"><span class='ocrx_word' id='word_1_50' title='bbox 250 959 378 1027; x_wconf 69' lang='grc' dir='ltr'>περὶ</span> <span class='ocrx_word' id='word_1_51' title='bbox 409 957 519 1010; x_wconf 83' lang='grc' dir='ltr'><strong>τῶν</strong></span> <span class='ocrx_word' id='word_1_52' title='bbox 543 958 709 1011; x_wconf 77' lang='grc' dir='ltr'>ὄντων</span> <span class='ocrx_word' id='word_1_53' title='bbox 738 957 933 1027; x_wconf 84' lang='grc' dir='ltr'>εὐσεϐῆ</span> <span class='ocrx_word' id='word_1_54' title='bbox 986 949 1160 1021; x_wconf 76' lang='grc' dir='ltr'>δόξαν,</span> <span class='ocrx_word' id='word_1_55' title='bbox 1212 959 1287 1020; x_wconf 83' lang='grc' dir='ltr'>ὡς</span> <span class='ocrx_word' id='word_1_56' title='bbox 1326 958 1576 1027; x_wconf 76' lang='grc' dir='ltr'>ἀπαρχὴν</span> <span class='ocrx_word' id='word_1_57' title='bbox 1626 957 1816 1026; x_wconf 85' lang='grc' dir='ltr'><strong>θέρους</strong></span> 
     </span>
    </p>
   </div>
   <div class='ocr_carea' id='block_1_11' title="bbox 250 1049 1818 1121">
    <p class='ocr_par' dir='ltr' id='par_1_11' title="bbox 250 1049 1818 1121">
     <span class='ocr_line' id='line_1_11' title="bbox 250 1049 1818 1121; baseline 0 -18"><span class='ocrx_word' id='word_1_58' title='bbox 250 1049 324 1120; x_wconf 90' lang='grc' dir='ltr'>τῷ</span> <span class='ocrx_word' id='word_1_59' title='bbox 352 1051 474 1120; x_wconf 87' lang='grc' dir='ltr'><strong>Θεῷ</strong></span> <span class='ocrx_word' id='word_1_60' title='bbox 514 1050 985 1121; x_wconf 84' lang='grc' dir='ltr'>προσκομίζουσαν</span> <span class='ocrx_word' id='word_1_61' title='bbox 1008 1068 1021 1081; x_wconf 80' lang='grc'><strong><em>⁸</em></strong></span> <span class='ocrx_word' id='word_1_62' title='bbox 1052 1053 1149 1121; x_wconf 86' lang='grc' dir='ltr'><strong>τὴν</strong></span> <span class='ocrx_word' id='word_1_63' title='bbox 1180 1050 1236 1103; x_wconf 84' lang='grc' dir='ltr'><strong>δὲ</strong></span> <span class='ocrx_word' id='word_1_64' title='bbox 1261 1051 1472 1121; x_wconf 81' lang='grc' dir='ltr'><strong>τρίτην,</strong></span> <span class='ocrx_word' id='word_1_65' title='bbox 1540 1051 1818 1117; x_wconf 87' lang='grc' dir='ltr'>θεολογίας</span> 
     </span>
    </p>
   </div>
   <div class='ocr_carea' id='block_1_12' title="bbox 249 1138 1815 1211">
    <p class='ocr_par' dir='ltr' id='par_1_12' title="bbox 249 1138 1815 1211">
     <span class='ocr_line' id='line_1_12' title="bbox 249 1138 1815 1211; baseline -0.001 -18"><span class='ocrx_word' id='word_1_66' title='bbox 249 1138 385 1194; x_wconf 76' lang='grc' dir='ltr'>εἶναι</span> <span class='ocrx_word' id='word_1_67' title='bbox 422 1143 712 1211; x_wconf 81' lang='grc' dir='ltr'>μυστήριον</span> <span class='ocrx_word' id='word_1_68' title='bbox 754 1141 885 1211; x_wconf 72' lang='grc'><strong>(40),</strong></span> <span class='ocrx_word' id='word_1_69' title='bbox 922 1142 1019 1211; x_wconf 77' lang='grc' dir='ltr'>τὴν</span> <span class='ocrx_word' id='word_1_70' title='bbox 1053 1141 1268 1194; x_wconf 88' lang='grc' dir='ltr'>πάντων</span> <span class='ocrx_word' id='word_1_71' title='bbox 1298 1140 1407 1192; x_wconf 89' lang='grc' dir='ltr'><strong>τῶν</strong></span> <span class='ocrx_word' id='word_1_72' title='bbox 1441 1142 1496 1192; x_wconf 83' lang='grc' dir='ltr'><strong>ὲν</strong></span> <span class='ocrx_word' id='word_1_73' title='bbox 1520 1143 1632 1203; x_wconf 85' lang='grc' dir='ltr'>τοῖς</span> <span class='ocrx_word' id='word_1_74' title='bbox 1657 1156 1815 1208; x_wconf 86' lang='grc' dir='ltr'>γεγο-</span> 
     </span>
    </p>
   </div>
   <div class='ocr_carea' id='block_1_13' title="bbox 248 1230 1818 1301">
    <p class='ocr_par' dir='ltr' id='par_1_13' title="bbox 248 1230 1818 1301">
     <span class='ocr_line' id='line_1_13' title="bbox 248 1230 1818 1301; baseline 0 -17"><span class='ocrx_word' id='word_1_75' title='bbox 248 1233 362 1285; x_wconf 86' lang='grc' dir='ltr'>νόσι</span> <span class='ocrx_word' id='word_1_76' title='bbox 406 1232 787 1301; x_wconf 78' lang='grc' dir='ltr'>πνευματικῶν</span> <span class='ocrx_word' id='word_1_77' title='bbox 827 1231 1000 1299; x_wconf 84' lang='grc' dir='ltr'>λόγων</span> <span class='ocrx_word' id='word_1_78' title='bbox 1034 1232 1340 1301; x_wconf 79' lang='grc' dir='ltr'><strong>γνωστικὴν</strong></span> <span class='ocrx_word' id='word_1_79' title='bbox 1387 1230 1521 1295; x_wconf 74' lang='grc' dir='ltr'>ἕξιν,</span> <span class='ocrx_word' id='word_1_80' title='bbox 1579 1232 1673 1284; x_wconf 76' lang='grc' dir='ltr'><strong>καὶ</strong></span> <span class='ocrx_word' id='word_1_81' title='bbox 1721 1230 1818 1296; x_wconf 80' lang='grc' dir='ltr'>τὴν</span> 
     </span>
    </p>
   </div>
   <div class='ocr_carea' id='block_1_14' title="bbox 251 1323 1813 1393">
    <p class='ocr_par' dir='ltr' id='par_1_14' title="bbox 251 1323 1813 1393">
     <span class='ocr_line' id='line_1_14' title="bbox 251 1323 1813 1393; baseline -0.001 -18"><span class='ocrx_word' id='word_1_82' title='bbox 251 1324 371 1375; x_wconf 77' lang='grc' dir='ltr'>κατ’</span> <span class='ocrx_word' id='word_1_83' title='bbox 428 1324 736 1393; x_wconf 82' lang='grc' dir='ltr'>οἰκονομίαν</span> <span class='ocrx_word' id='word_1_84' title='bbox 791 1323 883 1376; x_wconf 83' lang='grc' dir='ltr'><strong>τοῦ</strong></span> <span class='ocrx_word' id='word_1_85' title='bbox 927 1323 1299 1393; x_wconf 83' lang='grc' dir='ltr'>σαρκωθέντος</span> <span class='ocrx_word' id='word_1_86' title='bbox 1353 1324 1524 1390; x_wconf 84' lang='grc' dir='ltr'>Λόγου</span> <span class='ocrx_word' id='word_1_87' title='bbox 1578 1324 1813 1391; x_wconf 79' lang='grc' dir='ltr'>παντελῆ</span> 
     </span>
    </p>
   </div>
   <div class='ocr_carea' id='block_1_15' title="bbox 250 1410 1820 1483">
    <p class='ocr_par' dir='ltr' id='par_1_15' title="bbox 250 1410 1820 1483">
     <span class='ocr_line' id='line_1_15' title="bbox 250 1410 1820 1483; baseline 0.003 -22"><span class='ocrx_word' id='word_1_88' title='bbox 250 1410 336 1463; x_wconf 77' lang='grc' dir='ltr'><strong>διά</strong></span> <span class='ocrx_word' id='word_1_89' title='bbox 377 1414 475 1481; x_wconf 87' lang='grc' dir='ltr'><strong>τῆς</strong></span> <span class='ocrx_word' id='word_1_90' title='bbox 506 1414 724 1483; x_wconf 85' lang='grc' dir='ltr'>χάριτος</span> <span class='ocrx_word' id='word_1_91' title='bbox 784 1412 1218 1483; x_wconf 83' lang='grc' dir='ltr'>ἀναμαρτησίαν,</span> <span class='ocrx_word' id='word_1_92' title='bbox 1254 1414 1348 1465; x_wconf 66' lang='grc' dir='ltr'>καὶ</span> <span class='ocrx_word' id='word_1_93' title='bbox 1376 1414 1473 1481; x_wconf 81' lang='grc' dir='ltr'><strong>τὴν</strong></span> <span class='ocrx_word' id='word_1_94' title='bbox 1516 1413 1600 1465; x_wconf 84' lang='grc' dir='ltr'><strong>ἐπ’</strong></span> <span class='ocrx_word' id='word_1_95' title='bbox 1636 1414 1820 1477; x_wconf 80' lang='grc' dir='ltr'>αὑταῖς</span> 
     </span>
    </p>
   </div>
   <div class='ocr_carea' id='block_1_16' title="bbox 251 1503 1823 1576">
    <p class='ocr_par' dir='ltr' id='par_1_16' title="bbox 251 1503 1823 1576">
     <span class='ocr_line' id='line_1_16' title="bbox 251 1503 1823 1576; baseline 0.003 -23"><span class='ocrx_word' id='word_1_96' title='bbox 251 1504 309 1553; x_wconf 84' lang='grc' dir='ltr'>ὲν</span> <span class='ocrx_word' id='word_1_97' title='bbox 336 1503 415 1572; x_wconf 84' lang='grc' dir='ltr'><strong>τῷ</strong></span> <span class='ocrx_word' id='word_1_98' title='bbox 451 1505 640 1574; x_wconf 85' lang='grc' dir='ltr'>ἀγαθῷ</span> <span class='ocrx_word' id='word_1_99' title='bbox 673 1505 887 1558; x_wconf 84' lang='grc' dir='ltr'>τελείαν</span> <span class='ocrx_word' id='word_1_100' title='bbox 920 1505 1014 1557; x_wconf 74' lang='grc' dir='ltr'><strong>καὶ</strong></span> <span class='ocrx_word' id='word_1_101' title='bbox 1069 1504 1333 1557; x_wconf 80' lang='grc' dir='ltr'>ἀθάνατον</span> <span class='ocrx_word' id='word_1_102' title='bbox 1373 1506 1635 1576; x_wconf 76' lang='grc' dir='ltr'>ἀτρεψίαν</span> <span class='ocrx_word' id='word_1_103' title='bbox 1667 1523 1823 1575; x_wconf 85' lang='grc' dir='ltr'>περι-</span> 
     </span>
    </p>
   </div>
   <div class='ocr_carea' id='block_1_17' title="bbox 253 1592 1825 1666">
    <p class='ocr_par' dir='ltr' id='par_1_17' title="bbox 253 1592 1825 1666">
     <span class='ocr_line' id='line_1_17' title="bbox 253 1592 1825 1666; baseline 0.003 -23"><span class='ocrx_word' id='word_1_104' title='bbox 253 1592 507 1661; x_wconf 85' lang='grc' dir='ltr'>έχουσαν,</span> <span class='ocrx_word' id='word_1_105' title='bbox 531 1593 604 1657; x_wconf 85' lang='grc' dir='ltr'>ὡς</span> <span class='ocrx_word' id='word_1_106' title='bbox 629 1595 943 1664; x_wconf 81' lang='grc' dir='ltr'>σαλπίγγων</span> <span class='ocrx_word' id='word_1_107' title='bbox 974 1595 1067 1648; x_wconf 72' lang='grc' dir='ltr'><strong>καὶ</strong></span> <span class='ocrx_word' id='word_1_108' title='bbox 1088 1595 1314 1665; x_wconf 77' lang='grc' dir='ltr'>ἱλασμοῦ</span> <span class='ocrx_word' id='word_1_109' title='bbox 1338 1598 1430 1649; x_wconf 78' lang='grc' dir='ltr'><strong>καὶ</strong></span> <span class='ocrx_word' id='word_1_110' title='bbox 1455 1595 1825 1666; x_wconf 79' lang='grc' dir='ltr'>σκηνοπηγίας</span> 
     </span>
    </p>
   </div>
   <div class='ocr_carea' id='block_1_18' title="bbox 253 1686 568 1756">
    <p class='ocr_par' dir='ltr' id='par_1_18' title="bbox 253 1686 568 1756">
     <span class='ocr_line' id='line_1_18' title="bbox 253 1686 568 1756; baseline 0.01 -21"><span class='ocrx_word' id='word_1_111' title='bbox 253 1686 568 1756; x_wconf 81' lang='grc' dir='ltr'>ποιητικήν.</span> 
     </span>
    </p>
   </div>
   <div class='ocr_carea' id='block_1_19' title="bbox 1910 587 3485 663">
    <p class='ocr_par' dir='ltr' id='par_1_19' title="bbox 1910 587 3485 663">
     <span class='ocr_line' id='line_1_19' title="bbox 1910 587 3485 663; baseline 0.005 -24"><span class='ocrx_word' id='word_1_112' title='bbox 1910 588 2089 655; x_wconf 89' lang='lat' dir='ltr'><strong>prima</strong></span> <span class='ocrx_word' id='word_1_113' title='bbox 2121 587 2342 656; x_wconf 85' lang='lat' dir='ltr'><strong>quidem</strong></span> <span class='ocrx_word' id='word_1_114' title='bbox 2372 590 2491 658; x_wconf 87' lang='lat' dir='ltr'><strong>ejus</strong></span> <span class='ocrx_word' id='word_1_115' title='bbox 2516 590 2877 660; x_wconf 72' lang='lat' dir='ltr'><strong>philosophiae</strong></span> <span class='ocrx_word' id='word_1_116' title='bbox 2905 592 3212 663; x_wconf 89' lang='lat' dir='ltr'><strong>symbolum</strong></span> <span class='ocrx_word' id='word_1_117' title='bbox 3236 599 3341 657; x_wconf 84' lang='lat' dir='ltr'><strong>est,</strong></span> <span class='ocrx_word' id='word_1_118' title='bbox 3363 608 3485 661; x_wconf 71' lang='lat' dir='ltr'><strong>quae</strong></span> 
     </span>
    </p>
   </div>
   <div class='ocr_carea' id='block_1_20' title="bbox 1914 679 3482 755">
    <p class='ocr_par' dir='ltr' id='par_1_20' title="bbox 1914 679 3482 755">
     <span class='ocr_line' id='line_1_20' title="bbox 1914 679 3482 755; baseline 0.004 -23"><span class='ocrx_word' id='word_1_119' title='bbox 1914 679 1969 732; x_wconf 90' lang='lat' dir='ltr'><strong>in</strong></span> <span class='ocrx_word' id='word_1_120' title='bbox 1991 680 2204 733; x_wconf 83' lang='lat' dir='ltr'><strong>actione</strong></span> <span class='ocrx_word' id='word_1_121' title='bbox 2239 690 2518 744; x_wconf 83' lang='lat' dir='ltr'><strong>versatur;</strong></span> <span class='ocrx_word' id='word_1_122' title='bbox 2551 698 2672 751; x_wconf 62' lang='lat' dir='ltr'><strong>qua:</strong></span> <span class='ocrx_word' id='word_1_123' title='bbox 2713 683 2923 739; x_wconf 85' lang='lat' dir='ltr'><strong>scilicet</strong></span> <span class='ocrx_word' id='word_1_124' title='bbox 2959 684 3111 738; x_wconf 73' lang='lat' dir='ltr'><strong>velut</strong></span> <span class='ocrx_word' id='word_1_125' title='bbox 3136 699 3203 738; x_wconf 84' lang='lat' dir='ltr'><strong>ex</strong></span> <span class='ocrx_word' id='word_1_126' title='bbox 3232 682 3482 755; x_wconf 60' lang='lat' dir='ltr'><strong>Egypto,</strong></span> 
     </span>
    </p>
   </div>
   <div class='ocr_carea' id='block_1_21' title="bbox 1914 770 3487 844">
    <p class='ocr_par' dir='ltr' id='par_1_21' title="bbox 1914 770 3487 844">
     <span class='ocr_line' id='line_1_21' title="bbox 1914 770 3487 844; baseline 0.004 -22"><span class='ocrx_word' id='word_1_127' title='bbox 1914 784 1944 821; x_wconf 90' lang='lat' dir='ltr'><strong>a</strong></span> <span class='ocrx_word' id='word_1_128' title='bbox 1978 778 2203 838; x_wconf 88' lang='lat' dir='ltr'><strong>peccato</strong></span> <span class='ocrx_word' id='word_1_129' title='bbox 2238 770 2305 823; x_wconf 92' lang='lat' dir='ltr'><strong>ad</strong></span> <span class='ocrx_word' id='word_1_130' title='bbox 2334 771 2590 824; x_wconf 83' lang='lat' dir='ltr'><strong>virtutem</strong></span> <span class='ocrx_word' id='word_1_131' title='bbox 2621 786 2716 826; x_wconf 89' lang='lat' dir='ltr'><strong>eos</strong></span> <span class='ocrx_word' id='word_1_132' title='bbox 2748 772 3016 839; x_wconf 86' lang='lat' dir='ltr'><strong>traducat,</strong></span> <span class='ocrx_word' id='word_1_133' title='bbox 3045 789 3281 844; x_wconf 89' lang='lat' dir='ltr'><strong>quorum</strong></span> <span class='ocrx_word' id='word_1_134' title='bbox 3309 773 3487 829; x_wconf 83' lang='lat' dir='ltr'><strong>domi-</strong></span> 
     </span>
    </p>
   </div>
   <div class='ocr_carea' id='block_1_22' title="bbox 1915 862 3490 934">
    <p class='ocr_par' dir='ltr' id='par_1_22' title="bbox 1915 862 3490 934">
     <span class='ocr_line' id='line_1_22' title="bbox 1915 862 3490 934; baseline 0.004 -21"><span class='ocrx_word' id='word_1_135' title='bbox 1915 870 2095 914; x_wconf 87' lang='lat' dir='ltr'><strong>natur.</strong></span> <span class='ocrx_word' id='word_1_136' title='bbox 2121 862 2304 915; x_wconf 86' lang='lat' dir='ltr'><strong>Altera</strong></span> <span class='ocrx_word' id='word_1_137' title='bbox 2335 876 2488 927; x_wconf 80' lang='lat' dir='ltr'><strong>vero,</strong></span> <span class='ocrx_word' id='word_1_138' title='bbox 2515 863 2783 919; x_wconf 81' lang='lat' dir='ltr'><strong>naturalis</strong></span> <span class='ocrx_word' id='word_1_139' title='bbox 2806 864 2858 917; x_wconf 91' lang='lat' dir='ltr'><strong>in</strong></span> <span class='ocrx_word' id='word_1_140' title='bbox 2883 864 3077 933; x_wconf 82' lang='lat' dir='ltr'><strong>spiritu</strong></span> <span class='ocrx_word' id='word_1_141' title='bbox 3098 863 3490 934; x_wconf 84' lang='lat' dir='ltr'><strong>speculationis</strong></span> 
     </span>
    </p>
   </div>
   <div class='ocr_carea' id='block_1_23' title="bbox 1918 954 3489 1026">
    <p class='ocr_par' dir='ltr' id='par_1_23' title="bbox 1918 954 3489 1026">
     <span class='ocr_line' id='line_1_23' title="bbox 1918 954 3489 1026; baseline 0.004 -22"><span class='ocrx_word' id='word_1_142' title='bbox 1918 961 2104 1026; x_wconf 88' lang='lat' dir='ltr'><strong>typum</strong></span> <span class='ocrx_word' id='word_1_143' title='bbox 2150 955 2325 1023; x_wconf 79' lang='lat' dir='ltr'><strong>gerit;</strong></span> <span class='ocrx_word' id='word_1_144' title='bbox 2373 970 2493 1024; x_wconf 70' lang='lat' dir='ltr'><strong>quae</strong></span> <span class='ocrx_word' id='word_1_145' title='bbox 2536 954 2795 1008; x_wconf 89' lang='lat' dir='ltr'><strong>nimirum</strong></span> <span class='ocrx_word' id='word_1_146' title='bbox 2846 954 3036 1026; x_wconf 89' lang='lat' dir='ltr'><strong>pietati</strong></span> <span class='ocrx_word' id='word_1_147' title='bbox 3082 956 3379 1011; x_wconf 67' lang='lat' dir='ltr'><strong>haerentem</strong></span> <span class='ocrx_word' id='word_1_148' title='bbox 3420 956 3489 1011; x_wconf 88' lang='lat' dir='ltr'><strong>de</strong></span> 
     </span>
    </p>
   </div>
   <div class='ocr_carea' id='block_1_24' title="bbox 1918 1052 3491 1123">
    <p class='ocr_par' dir='ltr' id='par_1_24' title="bbox 1918 1052 3491 1123">
     <span class='ocr_line' id='line_1_24' title="bbox 1918 1052 3491 1123; baseline 0.001 -19"><span class='ocrx_word' id='word_1_149' title='bbox 1918 1052 2083 1105; x_wconf 87' lang='lat' dir='ltr'><strong>rebus</strong></span> <span class='ocrx_word' id='word_1_150' title='bbox 2133 1052 2462 1107; x_wconf 87' lang='lat' dir='ltr'><strong>sententiam</strong></span> <span class='ocrx_word' id='word_1_151' title='bbox 2511 1061 2768 1121; x_wconf 86' lang='lat' dir='ltr'><strong>tanquam</strong></span> <span class='ocrx_word' id='word_1_152' title='bbox 2823 1054 3016 1110; x_wconf 81' lang='lat' dir='ltr'><strong>messis</strong></span> <span class='ocrx_word' id='word_1_153' title='bbox 3063 1053 3332 1123; x_wconf 88' lang='lat' dir='ltr'><strong>primitias</strong></span> <span class='ocrx_word' id='word_1_154' title='bbox 3378 1052 3491 1106; x_wconf 84' lang='lat' dir='ltr'><strong>Deo</strong></span> 
     </span>
    </p>
   </div>
   <div class='ocr_carea' id='block_1_25' title="bbox 1918 1141 3489 1213">
    <p class='ocr_par' dir='ltr' id='par_1_25' title="bbox 1918 1141 3489 1213">
     <span class='ocr_line' id='line_1_25' title="bbox 1918 1141 3489 1213; baseline 0 -18"><span class='ocrx_word' id='word_1_155' title='bbox 1918 1141 2131 1196; x_wconf 70' lang='lat' dir='ltr'><strong>offerat.</strong></span> <span class='ocrx_word' id='word_1_156' title='bbox 2169 1142 2354 1195; x_wconf 90' lang='lat' dir='ltr'><strong>Tertia</strong></span> <span class='ocrx_word' id='word_1_157' title='bbox 2399 1143 2635 1211; x_wconf 90' lang='lat' dir='ltr'><strong>denique</strong></span> <span class='ocrx_word' id='word_1_158' title='bbox 2682 1143 2965 1212; x_wconf 72' lang='lat' dir='ltr'><strong>theologia:</strong></span> <span class='ocrx_word' id='word_1_159' title='bbox 3011 1141 3333 1213; x_wconf 75' lang='lat' dir='ltr'><strong>mysterium</strong></span> <span class='ocrx_word' id='word_1_160' title='bbox 3376 1148 3489 1207; x_wconf 89' lang='lat' dir='ltr'><strong>est;</strong></span> 
     </span>
    </p>
   </div>
   <div class='ocr_carea' id='block_1_26' title="bbox 1920 1230 3493 1300">
    <p class='ocr_par' dir='ltr' id='par_1_26' title="bbox 1920 1230 3493 1300">
     <span class='ocr_line' id='line_1_26' title="bbox 1920 1230 3493 1300; baseline -0.001 -16"><span class='ocrx_word' id='word_1_161' title='bbox 1920 1246 2041 1300; x_wconf 74' lang='lat' dir='ltr'><strong>qua:</strong></span> <span class='ocrx_word' id='word_1_162' title='bbox 2069 1230 2326 1285; x_wconf 86' lang='lat' dir='ltr'><strong>videlicet</strong></span> <span class='ocrx_word' id='word_1_163' title='bbox 2366 1232 2610 1286; x_wconf 90' lang='lat' dir='ltr'><strong>omnium</strong></span> <span class='ocrx_word' id='word_1_164' title='bbox 2650 1231 2704 1285; x_wconf 88' lang='lat' dir='ltr'><strong>in</strong></span> <span class='ocrx_word' id='word_1_165' title='bbox 2739 1231 2905 1286; x_wconf 85' lang='lat' dir='ltr'><strong>rebus</strong></span> <span class='ocrx_word' id='word_1_166' title='bbox 2937 1232 3139 1287; x_wconf 82' lang='lat' dir='ltr'><strong>creatis</strong></span> <span class='ocrx_word' id='word_1_167' title='bbox 3164 1230 3493 1300; x_wconf 87' lang='lat' dir='ltr'><strong>spiritalium</strong></span> 
     </span>
    </p>
   </div>
   <div class='ocr_carea' id='block_1_27' title="bbox 1924 1320 3495 1391">
    <p class='ocr_par' dir='ltr' id='par_1_27' title="bbox 1924 1320 3495 1391">
     <span class='ocr_line' id='line_1_27' title="bbox 1924 1320 3495 1391; baseline 0.001 -18"><span class='ocrx_word' id='word_1_168' title='bbox 1924 1322 2199 1375; x_wconf 88' lang='lat' dir='ltr'><strong>rationum</strong></span> <span class='ocrx_word' id='word_1_169' title='bbox 2242 1322 2485 1375; x_wconf 67' lang='lat' dir='ltr'><strong>scientia:</strong></span> <span class='ocrx_word' id='word_1_170' title='bbox 2524 1322 2795 1385; x_wconf 90' lang='lat' dir='ltr'><strong>habitum,</strong></span> <span class='ocrx_word' id='word_1_171' title='bbox 2833 1322 3158 1391; x_wconf 85' lang='lat' dir='ltr'><strong>plenamque</strong></span> <span class='ocrx_word' id='word_1_172' title='bbox 3191 1320 3358 1376; x_wconf 84' lang='lat' dir='ltr'><strong>Verbi</strong></span> <span class='ocrx_word' id='word_1_173' title='bbox 3404 1335 3495 1375; x_wconf 58' lang='lat' dir='ltr'><strong>sev</strong></span> 
     </span>
    </p>
   </div>
   <div class='ocr_carea' id='block_1_28' title="bbox 1924 1412 3495 1481">
    <p class='ocr_par' dir='ltr' id='par_1_28' title="bbox 1924 1412 3495 1481">
     <span class='ocr_line' id='line_1_28' title="bbox 1924 1412 3495 1481; baseline -0.001 -15"><span class='ocrx_word' id='word_1_174' title='bbox 1924 1412 2162 1466; x_wconf 89' lang='lat' dir='ltr'><strong>cundum</strong></span> <span class='ocrx_word' id='word_1_175' title='bbox 2200 1414 2661 1481; x_wconf 88' lang='lat' dir='ltr'><strong>dispensationem</strong></span> <span class='ocrx_word' id='word_1_176' title='bbox 2700 1413 2965 1466; x_wconf 85' lang='lat' dir='ltr'><strong>inearnati</strong></span> <span class='ocrx_word' id='word_1_177' title='bbox 2994 1413 3182 1481; x_wconf 67' lang='lat' dir='ltr'><strong>gratia:</strong></span> <span class='ocrx_word' id='word_1_178' title='bbox 3211 1426 3435 1464; x_wconf 89' lang='lat' dir='ltr'><strong>munere</strong></span> <span class='ocrx_word' id='word_1_179' title='bbox 3464 1426 3495 1465; x_wconf 83' lang='lat' dir='ltr'><strong>a</strong></span> 
     </span>
    </p>
   </div>
   <div class='ocr_carea' id='block_1_29' title="bbox 1924 1501 3497 1574">
    <p class='ocr_par' dir='ltr' id='par_1_29' title="bbox 1924 1501 3497 1574">
     <span class='ocr_line' id='line_1_29' title="bbox 1924 1501 3497 1574; baseline -0.003 -15"><span class='ocrx_word' id='word_1_180' title='bbox 1924 1514 2149 1574; x_wconf 78' lang='lat' dir='ltr'><strong>peccato</strong></span> <span class='ocrx_word' id='word_1_181' title='bbox 2178 1505 2606 1567; x_wconf 87' lang='lat' dir='ltr'><strong>immunitatem;</strong></span> <span class='ocrx_word' id='word_1_182' title='bbox 2639 1519 2701 1558; x_wconf 92' lang='lat' dir='ltr'><strong>ac</strong></span> <span class='ocrx_word' id='word_1_183' title='bbox 2731 1512 3027 1573; x_wconf 82' lang='lat' dir='ltr'><strong>postremo,</strong></span> <span class='ocrx_word' id='word_1_184' title='bbox 3058 1503 3207 1556; x_wconf 81' lang='lat' dir='ltr'><strong>velut</strong></span> <span class='ocrx_word' id='word_1_185' title='bbox 3236 1517 3357 1571; x_wconf 69' lang='lat' dir='ltr'><strong>qute</strong></span> <span class='ocrx_word' id='word_1_186' title='bbox 3382 1501 3497 1569; x_wconf 86' lang='lat' dir='ltr'><strong>ipsa</strong></span> 
     </span>
    </p>
   </div>
   <div class='ocr_carea' id='block_1_30' title="bbox 1926 1591 3497 1664">
    <p class='ocr_par' dir='ltr' id='par_1_30' title="bbox 1926 1591 3497 1664">
     <span class='ocr_line' id='line_1_30' title="bbox 1926 1591 3497 1664; baseline -0.003 -17"><span class='ocrx_word' id='word_1_187' title='bbox 1926 1595 2180 1648; x_wconf 83' lang='lat' dir='ltr'><strong>tubarum</strong></span> <span class='ocrx_word' id='word_1_188' title='bbox 2221 1605 2276 1649; x_wconf 89' lang='lat' dir='ltr'><strong>et</strong></span> <span class='ocrx_word' id='word_1_189' title='bbox 2319 1594 2725 1664; x_wconf 79' lang='lat' dir='ltr'><strong>prepitiationis</strong></span> <span class='ocrx_word' id='word_1_190' title='bbox 2771 1609 2834 1649; x_wconf 89' lang='lat' dir='ltr'><strong>ac</strong></span> <span class='ocrx_word' id='word_1_191' title='bbox 2873 1594 3210 1663; x_wconf 80' lang='lat' dir='ltr'><strong>scenopegiae</strong></span> <span class='ocrx_word' id='word_1_192' title='bbox 3250 1591 3497 1647; x_wconf 76' lang='lat' dir='ltr'><strong>cllectrix</strong></span> 
     </span>
    </p>
   </div>
   <div class='ocr_carea' id='block_1_31' title="bbox 1925 1682 3497 1754">
    <p class='ocr_par' dir='ltr' id='par_1_31' title="bbox 1925 1682 3497 1754">
     <span class='ocr_line' id='line_1_31' title="bbox 1925 1682 3497 1754; baseline -0.004 -15"><span class='ocrx_word' id='word_1_193' title='bbox 1925 1686 2171 1748; x_wconf 79' lang='lat' dir='ltr'><strong>exsistat,</strong></span> <span class='ocrx_word' id='word_1_194' title='bbox 2204 1684 2500 1754; x_wconf 80' lang='lat' dir='ltr'><strong>perlectam</strong></span> <span class='ocrx_word' id='word_1_195' title='bbox 2532 1700 2595 1739; x_wconf 90' lang='lat' dir='ltr'><strong>ac</strong></span> <span class='ocrx_word' id='word_1_196' title='bbox 2627 1684 2987 1739; x_wconf 89' lang='lat' dir='ltr'><strong>immortalem</strong></span> <span class='ocrx_word' id='word_1_197' title='bbox 3022 1682 3256 1736; x_wconf 13' lang='lat' dir='ltr'><strong>inihono</strong></span> <span class='ocrx_word' id='word_1_198' title='bbox 3298 1682 3497 1735; x_wconf 86' lang='lat' dir='ltr'><strong>immu-</strong></span> 
     </span>
    </p>
   </div>
   <div class='ocr_carea' id='block_1_32' title="bbox 1929 1775 3197 1845">
    <p class='ocr_par' dir='ltr' id='par_1_32' title="bbox 1929 1775 3197 1845">
     <span class='ocr_line' id='line_1_32' title="bbox 1929 1775 3197 1845; baseline -0.004 -13"><span class='ocrx_word' id='word_1_199' title='bbox 1929 1779 2271 1840; x_wconf 82' lang='lat' dir='ltr'><strong>tabilitatem,</strong></span> <span class='ocrx_word' id='word_1_200' title='bbox 2310 1776 2503 1830; x_wconf 81' lang='lat' dir='ltr'><strong>horum</strong></span> <span class='ocrx_word' id='word_1_201' title='bbox 2535 1778 2755 1831; x_wconf 90' lang='lat' dir='ltr'><strong>cumulo</strong></span> <span class='ocrx_word' id='word_1_202' title='bbox 2785 1775 3197 1845; x_wconf 86' lang='lat' dir='ltr'><strong>complectatur.</strong></span> 
     </span>
    </p>
   </div>
   <div class='ocr_carea' id='block_1_33' title="bbox 324 1839 1855 1941">
    <p class='ocr_par' dir='ltr' id='par_1_33' title="bbox 324 1861 1824 1941">
     <span class='ocr_line' id='line_1_33' title="bbox 324 1861 1824 1941; baseline 0.003 -26"><span class='ocrx_word' id='word_1_203' title='bbox 324 1861 548 1933; x_wconf 83' lang='grc' dir='ltr'><strong>Ταύτην</strong></span> <span class='ocrx_word' id='word_1_204' title='bbox 580 1864 688 1934; x_wconf 79' lang='grc' dir='ltr'>ἔχω</span> <span class='ocrx_word' id='word_1_205' title='bbox 718 1866 855 1930; x_wconf 84' lang='grc' dir='ltr'>τέως</span> <span class='ocrx_word' id='word_1_206' title='bbox 883 1870 1021 1922; x_wconf 81' lang='grc' dir='ltr'>κατά</span> <span class='ocrx_word' id='word_1_207' title='bbox 1053 1869 1181 1938; x_wconf 88' lang='grc' dir='ltr'>μίαν</span> <span class='ocrx_word' id='word_1_208' title='bbox 1202 1869 1458 1941; x_wconf 81' lang='grc' dir='ltr'>ἐπιϐολὴν</span> <span class='ocrx_word' id='word_1_209' title='bbox 1504 1870 1568 1922; x_wconf 78' lang='grc' dir='ltr'>ἐκ</span> <span class='ocrx_word' id='word_1_210' title='bbox 1593 1869 1692 1939; x_wconf 82' lang='grc' dir='ltr'><strong>τῆς</strong></span> <span class='ocrx_word' id='word_1_211' title='bbox 1717 1868 1824 1920; x_wconf 88' lang='grc' dir='ltr'><strong>τῶν</strong></span> 
     </span>
    </p>
   </div>
   <div class='ocr_carea' id='block_1_34' title="bbox 1949 1839 3500 1941">
    <p class='ocr_par' dir='ltr' id='par_1_34' title="bbox 2000 1863 3500 1931">
     <span class='ocr_line' id='line_1_34' title="bbox 2000 1863 3500 1931; baseline -0.005 -9"><span class='ocrx_word' id='word_1_212' title='bbox 2000 1867 2090 1922; x_wconf 89' lang='lat' dir='ltr'><strong>Sic</strong></span> <span class='ocrx_word' id='word_1_213' title='bbox 2136 1868 2269 1921; x_wconf 89' lang='lat' dir='ltr'><strong>mihi</strong></span> <span class='ocrx_word' id='word_1_214' title='bbox 2328 1868 2595 1921; x_wconf 85' lang='lat' dir='ltr'><strong>hactenus</strong></span> <span class='ocrx_word' id='word_1_215' title='bbox 2643 1883 2752 1920; x_wconf 84' lang='lat' dir='ltr'><strong>uno</strong></span> <span class='ocrx_word' id='word_1_216' title='bbox 2809 1881 2995 1927; x_wconf 87' lang='lat' dir='ltr'><strong>sensu,</strong></span> <span class='ocrx_word' id='word_1_217' title='bbox 3030 1880 3094 1919; x_wconf 77' lang='lat' dir='ltr'><strong>ex</strong></span> <span class='ocrx_word' id='word_1_218' title='bbox 3145 1866 3354 1918; x_wconf 90' lang='lat' dir='ltr'><strong>honore</strong></span> <span class='ocrx_word' id='word_1_219' title='bbox 3407 1863 3500 1931; x_wconf 88' lang='lat' dir='ltr'><strong>qui</strong></span> 
     </span>
    </p>
   </div>
   <div class='ocr_carea' id='block_1_35' title="bbox 253 1954 1869 2035">
    <p class='ocr_par' dir='ltr' id='par_1_35' title="bbox 253 1954 1869 2035">
     <span class='ocr_line' id='line_1_35' title="bbox 253 1954 1869 2035; baseline 0.002 -27"><span class='ocrx_word' id='word_1_220' title='bbox 253 1954 481 2024; x_wconf 80' lang='grc' dir='ltr'>ἡμερῶν</span> <span class='ocrx_word' id='word_1_221' title='bbox 520 1958 681 2027; x_wconf 86' lang='grc' dir='ltr'>τιμῆς</span> <span class='ocrx_word' id='word_1_222' title='bbox 737 1960 834 2029; x_wconf 80' lang='grc' dir='ltr'><strong>τὴν</strong></span> <span class='ocrx_word' id='word_1_223' title='bbox 880 1961 1153 2015; x_wconf 85' lang='grc' dir='ltr'>ὑπόνοιαν.</span> <span class='ocrx_word' id='word_1_224' title='bbox 1205 1962 1278 2015; x_wconf 88' lang='grc' dir='ltr'>Ού</span> <span class='ocrx_word' id='word_1_225' title='bbox 1321 1961 1429 2031; x_wconf 79' lang='grc' dir='ltr'>γὰρ</span> <span class='ocrx_word' id='word_1_226' title='bbox 1475 1962 1536 2030; x_wconf 78' lang='grc' dir='ltr'>δὴ</span> <span class='ocrx_word' id='word_1_227' title='bbox 1567 1960 1825 2029; x_wconf 76' lang='grc' dir='ltr'>τιμᾶσθαι</span> <span class='ocrx_word' id='word_1_228' title='bbox 1856 2022 1869 2035; x_wconf 52' lang='grc'><strong>.</strong></span> 
     </span>
    </p>
   </div>
   <div class='ocr_carea' id='block_1_36' title="bbox 254 2046 1824 2123">
    <p class='ocr_par' dir='ltr' id='par_1_36' title="bbox 254 2046 1824 2123">
     <span class='ocr_line' id='line_1_36' title="bbox 254 2046 1824 2123; baseline 0.003 -26"><span class='ocrx_word' id='word_1_229' title='bbox 254 2046 425 2097; x_wconf 91' lang='grc' dir='ltr'>θέλων</span> <span class='ocrx_word' id='word_1_230' title='bbox 450 2049 479 2098; x_wconf 86' lang='grc' dir='ltr'>ὁ</span> <span class='ocrx_word' id='word_1_231' title='bbox 513 2046 644 2112; x_wconf 84' lang='grc' dir='ltr'>Θεὸς</span> <span class='ocrx_word' id='word_1_232' title='bbox 666 2050 877 2119; x_wconf 67' lang='grc' dir='ltr'><strong>⁴ἡμέρας</strong></span> <span class='ocrx_word' id='word_1_233' title='bbox 907 2051 1011 2103; x_wconf 86' lang='grc' dir='ltr'><strong>ὑπὸ</strong></span> <span class='ocrx_word' id='word_1_234' title='bbox 1038 2052 1144 2105; x_wconf 86' lang='grc' dir='ltr'><strong>τῶν</strong></span> <span class='ocrx_word' id='word_1_235' title='bbox 1172 2052 1491 2123; x_wconf 83' lang='grc' dir='ltr'>ἀνθρώπων,</span> <span class='ocrx_word' id='word_1_236' title='bbox 1534 2050 1824 2121; x_wconf 78' lang='grc' dir='ltr'>προσέταξε</span> 
     </span>
    </p>
   </div>
   <div class='ocr_carea' id='block_1_37' title="bbox 252 2137 1829 2211">
    <p class='ocr_par' dir='ltr' id='par_1_37' title="bbox 252 2137 1829 2211">
     <span class='ocr_line' id='line_1_37' title="bbox 252 2137 1829 2211; baseline 0.011 -24"><span class='ocrx_word' id='word_1_237' title='bbox 252 2137 553 2205; x_wconf 86' lang='grc' dir='ltr'>τιμηθῆναι</span> <span class='ocrx_word' id='word_1_238' title='bbox 612 2139 673 2191; x_wconf 87' lang='grc' dir='ltr'><strong>τό</strong></span> <span class='ocrx_word' id='word_1_239' title='bbox 718 2157 777 2192; x_wconf 81' lang='grc' dir='ltr'><strong>τε</strong></span> <span class='ocrx_word' id='word_1_240' title='bbox 813 2140 1104 2206; x_wconf 77' lang='grc' dir='ltr'>Σάϐϐατον,</span> <span class='ocrx_word' id='word_1_241' title='bbox 1138 2142 1231 2195; x_wconf 77' lang='grc' dir='ltr'><strong>καὶ</strong></span> <span class='ocrx_word' id='word_1_242' title='bbox 1264 2144 1360 2204; x_wconf 73' lang='grc' dir='ltr'><strong>τὰς</strong></span> <span class='ocrx_word' id='word_1_243' title='bbox 1399 2141 1704 2211; x_wconf 73' lang='grc' dir='ltr'>νεομηνίας.</span> <span class='ocrx_word' id='word_1_244' title='bbox 1735 2141 1829 2192; x_wconf 57' lang='grc' dir='ltr'>καὶ</span> 
     </span>
    </p>
   </div>
   <div class='ocr_carea' id='block_1_38' title="bbox 252 2224 1829 2303">
    <p class='ocr_par' dir='ltr' id='par_1_38' title="bbox 252 2224 1829 2303">
     <span class='ocr_line' id='line_1_38' title="bbox 252 2224 1829 2303; baseline 0.005 -28"><span class='ocrx_word' id='word_1_245' title='bbox 252 2224 354 2286; x_wconf 74' lang='grc' dir='ltr'>τὰς</span> <span class='ocrx_word' id='word_1_246' title='bbox 372 2227 587 2298; x_wconf 79' lang='grc' dir='ltr'>ἑορτάς.</span> <span class='ocrx_word' id='word_1_247' title='bbox 604 2229 759 2282; x_wconf 78' lang='grc' dir='ltr'>Οὕτω</span> <span class='ocrx_word' id='word_1_248' title='bbox 773 2230 881 2301; x_wconf 80' lang='grc' dir='ltr'>γὰρ</span> <span class='ocrx_word' id='word_1_249' title='bbox 902 2230 967 2284; x_wconf 82' lang='grc' dir='ltr'>ἂν</span> <span class='ocrx_word' id='word_1_250' title='bbox 985 2233 1263 2302; x_wconf 81' lang='grc' dir='ltr'>λατρεύειν</span> <span class='ocrx_word' id='word_1_251' title='bbox 1288 2236 1351 2303; x_wconf 82' lang='grc' dir='ltr'>τῇ</span> <span class='ocrx_word' id='word_1_252' title='bbox 1374 2234 1544 2285; x_wconf 80' lang='grc' dir='ltr'>κτίσει</span> <span class='ocrx_word' id='word_1_253' title='bbox 1576 2234 1723 2302; x_wconf 78' lang='grc' dir='ltr'>παρὰ</span> <span class='ocrx_word' id='word_1_254' title='bbox 1741 2232 1829 2284; x_wconf 70' lang='grc' dir='ltr'><strong>τὸν</strong></span> 
     </span>
    </p>
   </div>
   <div class='ocr_carea' id='block_1_39' title="bbox 255 2318 1832 2396">
    <p class='ocr_par' dir='ltr' id='par_1_39' title="bbox 255 2318 1832 2396">
     <span class='ocr_line' id='line_1_39' title="bbox 255 2318 1832 2396; baseline 0.006 -29"><span class='ocrx_word' id='word_1_255' title='bbox 255 2318 521 2372; x_wconf 82' lang='grc' dir='ltr'>κτίσαντα</span> <span class='ocrx_word' id='word_1_256' title='bbox 556 2322 695 2375; x_wconf 83' lang='grc' dir='ltr'>κατὰ</span> <span class='ocrx_word' id='word_1_257' title='bbox 721 2322 885 2393; x_wconf 90' lang='grc' dir='ltr'>νόμον</span> <span class='ocrx_word' id='word_1_258' title='bbox 914 2324 1136 2393; x_wconf 80' lang='grc' dir='ltr'>ἐντολῆς</span> <span class='ocrx_word' id='word_1_259' title='bbox 1165 2324 1460 2391; x_wconf 77' lang='grc' dir='ltr'>ὲξεδὶδαξεν</span> <span class='ocrx_word' id='word_1_260' title='bbox 1490 2326 1618 2396; x_wconf 72' lang='grc'><strong>(41),</strong></span> <span class='ocrx_word' id='word_1_261' title='bbox 1652 2324 1832 2395; x_wconf 79' lang='grc' dir='ltr'>οίομέ-</span> 
     </span>
    </p>
   </div>
   <div class='ocr_carea' id='block_1_40' title="bbox 256 2409 1833 2483">
    <p class='ocr_par' dir='ltr' id='par_1_40' title="bbox 256 2409 1833 2483">
     <span class='ocr_line' id='line_1_40' title="bbox 256 2409 1833 2483; baseline 0.006 -28"><span class='ocrx_word' id='word_1_262' title='bbox 256 2422 381 2469; x_wconf 89' lang='grc' dir='ltr'>νους</span> <span class='ocrx_word' id='word_1_263' title='bbox 416 2411 618 2472; x_wconf 77' lang='grc' dir='ltr'>σεπτὰς</span> <span class='ocrx_word' id='word_1_264' title='bbox 673 2409 811 2464; x_wconf 73' lang='grc' dir='ltr'>εἶναι</span> <span class='ocrx_word' id='word_1_265' title='bbox 842 2413 1001 2481; x_wconf 85' lang='grc' dir='ltr'>φύσει</span> <span class='ocrx_word' id='word_1_266' title='bbox 1030 2414 1126 2476; x_wconf 81' lang='grc' dir='ltr'><strong>τὰς</strong></span> <span class='ocrx_word' id='word_1_267' title='bbox 1154 2415 1386 2483; x_wconf 83' lang='grc' dir='ltr'>ἡμέρας,</span> <span class='ocrx_word' id='word_1_268' title='bbox 1420 2416 1512 2467; x_wconf 76' lang='grc' dir='ltr'><strong>καὶ</strong></span> <span class='ocrx_word' id='word_1_269' title='bbox 1560 2414 1649 2465; x_wconf 85' lang='grc' dir='ltr'><strong>διὰ</strong></span> <span class='ocrx_word' id='word_1_270' title='bbox 1676 2413 1833 2465; x_wconf 84' lang='grc' dir='ltr'>τοῦτο</span> 
     </span>
    </p>
   </div>
   <div class='ocr_carea' id='block_1_41' title="bbox 256 2503 1833 2575">
    <p class='ocr_par' dir='ltr' id='par_1_41' title="bbox 256 2503 1833 2575">
     <span class='ocr_line' id='line_1_41' title="bbox 256 2503 1833 2575; baseline 0.006 -27"><span class='ocrx_word' id='word_1_271' title='bbox 256 2503 639 2569; x_wconf 83' lang='grc' dir='ltr'>προσκυνητάς</span> <span class='ocrx_word' id='word_1_272' title='bbox 668 2519 681 2532; x_wconf 90' lang='grc'><strong>·</strong></span> <span class='ocrx_word' id='word_1_273' title='bbox 709 2503 824 2555; x_wconf 86' lang='grc' dir='ltr'>ἀλλ’</span> <span class='ocrx_word' id='word_1_274' title='bbox 849 2505 1040 2557; x_wconf 74' lang='grc' dir='ltr'>ἑαυτὸν</span> <span class='ocrx_word' id='word_1_275' title='bbox 1075 2505 1335 2575; x_wconf 80' lang='grc' dir='ltr'>τιμᾶσθαι</span> <span class='ocrx_word' id='word_1_276' title='bbox 1381 2505 1719 2575; x_wconf 84' lang='grc' dir='ltr'>συμϐολικῶς</span> <span class='ocrx_word' id='word_1_277' title='bbox 1748 2505 1833 2558; x_wconf 72' lang='grc' dir='ltr'>διὰ</span> 
     </span>
    </p>
   </div>
   <div class='ocr_carea' id='block_1_42' title="bbox 258 2584 1833 2665">
    <p class='ocr_par' dir='ltr' id='par_1_42' title="bbox 258 2584 1833 2665">
     <span class='ocr_line' id='line_1_42' title="bbox 258 2584 1833 2665; baseline 0.006 -30"><span class='ocrx_word' id='word_1_278' title='bbox 258 2584 364 2636; x_wconf 84' lang='grc' dir='ltr'><strong>τῶν</strong></span> <span class='ocrx_word' id='word_1_279' title='bbox 409 2588 629 2658; x_wconf 77' lang='grc' dir='ltr'>ἡμερῶν</span> <span class='ocrx_word' id='word_1_280' title='bbox 668 2593 1067 2662; x_wconf 70' lang='grc' dir='ltr'>παρεδήλωσεν.</span> <span class='ocrx_word' id='word_1_281' title='bbox 1110 2590 1281 2658; x_wconf 77' lang='grc' dir='ltr'>Αὐτὸς</span> <span class='ocrx_word' id='word_1_282' title='bbox 1314 2595 1422 2665; x_wconf 85' lang='grc' dir='ltr'><strong>γάρ</strong></span> <span class='ocrx_word' id='word_1_283' title='bbox 1450 2598 1564 2647; x_wconf 75' lang='grc' dir='ltr'>ἐστι</span> <span class='ocrx_word' id='word_1_284' title='bbox 1615 2594 1833 2647; x_wconf 85' lang='grc' dir='ltr'>Σάϐϐα-</span> 
     </span>
    </p>
   </div>
   <div class='ocr_carea' id='block_1_43' title="bbox 256 2679 1834 2755">
    <p class='ocr_par' dir='ltr' id='par_1_43' title="bbox 256 2679 1834 2755">
     <span class='ocr_line' id='line_1_43' title="bbox 256 2679 1834 2755; baseline 0.005 -26"><span class='ocrx_word' id='word_1_285' title='bbox 256 2693 353 2729; x_wconf 90' lang='grc' dir='ltr'><strong>τον</strong></span> <span class='ocrx_word' id='word_1_286' title='bbox 380 2679 479 2747; x_wconf 88' lang='grc' dir='ltr'><strong>μὲν</strong></span> <span class='ocrx_word' id='word_1_287' title='bbox 504 2679 638 2750; x_wconf 69' lang='grc'>(42),</span> <span class='ocrx_word' id='word_1_288' title='bbox 689 2682 763 2745; x_wconf 83' lang='grc' dir='ltr'>ὡς</span> <span class='ocrx_word' id='word_1_289' title='bbox 795 2683 901 2735; x_wconf 88' lang='grc' dir='ltr'><strong>τῶν</strong></span> <span class='ocrx_word' id='word_1_290' title='bbox 935 2686 991 2736; x_wconf 81' lang='grc' dir='ltr'>ὲν</span> <span class='ocrx_word' id='word_1_291' title='bbox 1049 2684 1214 2754; x_wconf 79' lang='grc' dir='ltr'>σαρκὶ</span> <span class='ocrx_word' id='word_1_292' title='bbox 1252 2686 1349 2755; x_wconf 85' lang='grc' dir='ltr'><strong>τῆς</strong></span> <span class='ocrx_word' id='word_1_293' title='bbox 1391 2685 1566 2754; x_wconf 75' lang='grc' dir='ltr'>ψυχῆς</span> <span class='ocrx_word' id='word_1_294' title='bbox 1621 2685 1834 2755; x_wconf 86' lang='grc' dir='ltr'>μόχθων</span> 
     </span>
    </p>
   </div>
   <div class='ocr_carea' id='block_1_44' title="bbox 261 2769 1835 2846">
    <p class='ocr_par' dir='ltr' id='par_1_44' title="bbox 261 2769 1835 2846">
     <span class='ocr_line' id='line_1_44' title="bbox 261 2769 1835 2846; baseline 0.004 -24"><span class='ocrx_word' id='word_1_295' title='bbox 261 2769 588 2834; x_wconf 76' lang='grc' dir='ltr'>ἀνάπαυσις,</span> <span class='ocrx_word' id='word_1_296' title='bbox 610 2775 700 2824; x_wconf 74' lang='grc' dir='ltr'><strong>καὶ</strong></span> <span class='ocrx_word' id='word_1_297' title='bbox 735 2775 841 2827; x_wconf 81' lang='grc' dir='ltr'><strong>τῶν</strong></span> <span class='ocrx_word' id='word_1_298' title='bbox 872 2777 1009 2829; x_wconf 70' lang='grc' dir='ltr'>κατὰ</span> <span class='ocrx_word' id='word_1_299' title='bbox 1053 2776 1395 2846; x_wconf 87' lang='grc' dir='ltr'>δικαιοσύνην</span> <span class='ocrx_word' id='word_1_300' title='bbox 1425 2777 1600 2829; x_wconf 82' lang='grc' dir='ltr'>πόνων</span> <span class='ocrx_word' id='word_1_301' title='bbox 1664 2777 1835 2829; x_wconf 85' lang='grc' dir='ltr'>κατά-</span> 
     </span>
    </p>
   </div>
   <div class='ocr_carea' id='block_1_45' title="bbox 261 2864 1835 2939">
    <p class='ocr_par' dir='ltr' id='par_1_45' title="bbox 261 2864 1835 2939">
     <span class='ocr_line' id='line_1_45' title="bbox 261 2864 1835 2939; baseline 0.006 -28"><span class='ocrx_word' id='word_1_302' title='bbox 261 2877 468 2924; x_wconf 82' lang='grc' dir='ltr'>παυσις</span> <span class='ocrx_word' id='word_1_303' title='bbox 496 2879 511 2895; x_wconf 76' lang='grc' dir='ltr'><strong><em>ο</em></strong></span> <span class='ocrx_word' id='word_1_304' title='bbox 549 2864 739 2936; x_wconf 80' lang='grc' dir='ltr'>Πάσχα</span> <span class='ocrx_word' id='word_1_305' title='bbox 767 2866 820 2920; x_wconf 79' lang='grc' dir='ltr'>δὲ</span> <span class='ocrx_word' id='word_1_306' title='bbox 859 2869 991 2938; x_wconf 61' lang='grc'><strong>(45),</strong></span> <span class='ocrx_word' id='word_1_307' title='bbox 1020 2869 1093 2930; x_wconf 81' lang='grc' dir='ltr'>ὡς</span> <span class='ocrx_word' id='word_1_308' title='bbox 1120 2869 1484 2939; x_wconf 75' lang='grc' dir='ltr'>ἐλευθερωτής</span> <span class='ocrx_word' id='word_1_309' title='bbox 1512 2869 1619 2922; x_wconf 73' lang='grc' dir='ltr'><strong>τῶν</strong></span> <span class='ocrx_word' id='word_1_310' title='bbox 1644 2871 1709 2939; x_wconf 81' lang='grc' dir='ltr'>τῇ</span> <span class='ocrx_word' id='word_1_311' title='bbox 1746 2888 1835 2921; x_wconf 69' lang='grc' dir='ltr'>πιρ</span> 
     </span>
    </p>
   </div>
   <div class='ocr_carea' id='block_1_46' title="bbox 260 2953 1840 3030">
    <p class='ocr_par' dir='ltr' id='par_1_46' title="bbox 260 2953 1840 3030">
     <span class='ocr_line' id='line_1_46' title="bbox 260 2953 1840 3030; baseline 0.006 -27"><span class='ocrx_word' id='word_1_312' title='bbox 260 2954 372 3021; x_wconf 78' lang='grc' dir='ltr'>κρᾷ</span> <span class='ocrx_word' id='word_1_313' title='bbox 415 2953 628 3026; x_wconf 77' lang='grc' dir='ltr'>δουλεία</span> <span class='ocrx_word' id='word_1_314' title='bbox 670 2960 1092 3029; x_wconf 81' lang='grc' dir='ltr'>κεκρατημένων</span> <span class='ocrx_word' id='word_1_315' title='bbox 1118 2961 1216 3030; x_wconf 78' lang='grc' dir='ltr'><strong>τῆς</strong></span> <span class='ocrx_word' id='word_1_316' title='bbox 1272 2962 1565 3030; x_wconf 82' lang='grc' dir='ltr'>ἁμαρτίας.</span> <span class='ocrx_word' id='word_1_317' title='bbox 1639 2961 1840 3029; x_wconf 81' lang='grc' dir='ltr'>Πεντη-</span> 
     </span>
    </p>
   </div>
   <div class='ocr_carea' id='block_1_47' title="bbox 263 3042 1839 3119">
    <p class='ocr_par' dir='ltr' id='par_1_47' title="bbox 263 3042 1839 3119">
     <span class='ocr_line' id='line_1_47' title="bbox 263 3042 1839 3119; baseline 0.008 -27"><span class='ocrx_word' id='word_1_318' title='bbox 263 3042 438 3113; x_wconf 83' lang='grc' dir='ltr'>κοστὴ</span> <span class='ocrx_word' id='word_1_319' title='bbox 470 3045 525 3097; x_wconf 80' lang='grc' dir='ltr'>δὲ</span> <span class='ocrx_word' id='word_1_320' title='bbox 571 3046 705 3117; x_wconf 68' lang='grc'><strong>(44),</strong></span> <span class='ocrx_word' id='word_1_321' title='bbox 742 3049 817 3111; x_wconf 84' lang='grc' dir='ltr'><strong>ὡς</strong></span> <span class='ocrx_word' id='word_1_322' title='bbox 854 3051 993 3119; x_wconf 81' lang='grc' dir='ltr'>ἁρχὴ</span> <span class='ocrx_word' id='word_1_323' title='bbox 1048 3052 1139 3103; x_wconf 75' lang='grc' dir='ltr'>καὶ</span> <span class='ocrx_word' id='word_1_324' title='bbox 1170 3051 1320 3114; x_wconf 77' lang='grc' dir='ltr'>τέλος</span> <span class='ocrx_word' id='word_1_325' title='bbox 1353 3052 1461 3103; x_wconf 85' lang='grc' dir='ltr'><strong>τῶν</strong></span> <span class='ocrx_word' id='word_1_326' title='bbox 1505 3052 1694 3115; x_wconf 70' lang='grc' dir='ltr'>ὄντων,</span> <span class='ocrx_word' id='word_1_327' title='bbox 1746 3054 1839 3105; x_wconf 74' lang='grc' dir='ltr'>καὶ</span> 
     </span>
    </p>
   </div>
   <div class='ocr_carea' id='block_1_48' title="bbox 1929 1956 3501 2029">
    <p class='ocr_par' dir='ltr' id='par_1_48' title="bbox 1929 1956 3501 2029">
     <span class='ocr_line' id='line_1_48' title="bbox 1929 1956 3501 2029; baseline -0.004 -16"><span class='ocrx_word' id='word_1_328' title='bbox 1929 1960 2126 2013; x_wconf 88' lang='lat' dir='ltr'><strong>diebus</strong></span> <span class='ocrx_word' id='word_1_329' title='bbox 2168 1959 2422 2024; x_wconf 85' lang='lat' dir='ltr'><strong>habetur,</strong></span> <span class='ocrx_word' id='word_1_330' title='bbox 2475 1960 2809 2029; x_wconf 83' lang='lat' dir='ltr'><strong>epinandum</strong></span> <span class='ocrx_word' id='word_1_331' title='bbox 2858 1958 3150 2013; x_wconf 86' lang='lat' dir='ltr'><strong>succurrit.</strong></span> <span class='ocrx_word' id='word_1_332' title='bbox 3194 1956 3313 2011; x_wconf 88' lang='lat' dir='ltr'><strong>Non</strong></span> <span class='ocrx_word' id='word_1_333' title='bbox 3355 1956 3501 2010; x_wconf 89' lang='lat' dir='ltr'><strong>enim</strong></span> 
     </span>
    </p>
   </div>
   <div class='ocr_carea' id='block_1_49' title="bbox 1932 2047 3503 2117">
    <p class='ocr_par' dir='ltr' id='par_1_49' title="bbox 1932 2047 3503 2117">
     <span class='ocr_line' id='line_1_49' title="bbox 1932 2047 3503 2117; baseline -0.005 -10"><span class='ocrx_word' id='word_1_334' title='bbox 1932 2055 2156 2113; x_wconf 84' lang='lat' dir='ltr'><strong>ideirco,</strong></span> <span class='ocrx_word' id='word_1_335' title='bbox 2190 2053 2333 2117; x_wconf 76' lang='lat' dir='ltr'><strong>quod</strong></span> <span class='ocrx_word' id='word_1_336' title='bbox 2368 2053 2513 2106; x_wconf 84' lang='lat' dir='ltr'><strong>Deus</strong></span> <span class='ocrx_word' id='word_1_337' title='bbox 2551 2052 2757 2105; x_wconf 87' lang='lat' dir='ltr'><strong>honore</strong></span> <span class='ocrx_word' id='word_1_338' title='bbox 2799 2051 2904 2105; x_wconf 93' lang='lat' dir='ltr'><strong>coli</strong></span> <span class='ocrx_word' id='word_1_339' title='bbox 2938 2050 3006 2104; x_wconf 85' lang='lat' dir='ltr'><strong>ab</strong></span> <span class='ocrx_word' id='word_1_340' title='bbox 3040 2048 3357 2103; x_wconf 90' lang='lat' dir='ltr'><strong>hominibus</strong></span> <span class='ocrx_word' id='word_1_341' title='bbox 3386 2047 3503 2101; x_wconf 81' lang='lat' dir='ltr'><strong>dies</strong></span> 
     </span>
    </p>
   </div>
   <div class='ocr_carea' id='block_1_50' title="bbox 1929 2138 3503 2212">
    <p class='ocr_par' dir='ltr' id='par_1_50' title="bbox 1929 2138 3503 2212">
     <span class='ocr_line' id='line_1_50' title="bbox 1929 2138 3503 2212; baseline -0.004 -15"><span class='ocrx_word' id='word_1_342' title='bbox 1929 2146 2128 2205; x_wconf 77' lang='lat' dir='ltr'><strong>vellet.</strong></span> <span class='ocrx_word' id='word_1_343' title='bbox 2177 2144 2475 2198; x_wconf 79' lang='lat' dir='ltr'><strong>Sahbatum</strong></span> <span class='ocrx_word' id='word_1_344' title='bbox 2521 2144 2726 2212; x_wconf 86' lang='lat' dir='ltr'><strong>pariter</strong></span> <span class='ocrx_word' id='word_1_345' title='bbox 2767 2151 2822 2196; x_wconf 91' lang='lat' dir='ltr'><strong>et</strong></span> <span class='ocrx_word' id='word_1_346' title='bbox 2864 2140 3211 2203; x_wconf 80' lang='lat' dir='ltr'><strong>neomenias,</strong></span> <span class='ocrx_word' id='word_1_347' title='bbox 3261 2138 3503 2208; x_wconf 79' lang='lat' dir='ltr'><strong>festaque</strong></span> 
     </span>
    </p>
   </div>
   <div class='ocr_carea' id='block_1_51' title="bbox 1931 2230 3507 2303">
    <p class='ocr_par' dir='ltr' id='par_1_51' title="bbox 1931 2230 3507 2303">
     <span class='ocr_line' id='line_1_51' title="bbox 1931 2230 3507 2303; baseline -0.005 -14"><span class='ocrx_word' id='word_1_348' title='bbox 1931 2236 2195 2290; x_wconf 83' lang='lat' dir='ltr'><strong>solemnia</strong></span> <span class='ocrx_word' id='word_1_349' title='bbox 2230 2235 2456 2288; x_wconf 82' lang='lat' dir='ltr'><strong>colenda</strong></span> <span class='ocrx_word' id='word_1_350' title='bbox 2499 2234 2774 2303; x_wconf 70' lang='lat' dir='ltr'><strong>prmeepit.</strong></span> <span class='ocrx_word' id='word_1_351' title='bbox 2811 2233 2899 2287; x_wconf 92' lang='lat' dir='ltr'><strong>Sic</strong></span> <span class='ocrx_word' id='word_1_352' title='bbox 2932 2233 3077 2286; x_wconf 82' lang='lat' dir='ltr'><strong>enim</strong></span> <span class='ocrx_word' id='word_1_353' title='bbox 3112 2230 3323 2285; x_wconf 71' lang='lat' dir='ltr'><strong>servire</strong></span> <span class='ocrx_word' id='word_1_354' title='bbox 3355 2243 3507 2283; x_wconf 87' lang='lat' dir='ltr'><strong>crea-</strong></span> 
     </span>
    </p>
   </div>
   <div class='ocr_carea' id='block_1_52' title="bbox 1934 2323 3505 2397">
    <p class='ocr_par' dir='ltr' id='par_1_52' title="bbox 1934 2323 3505 2397">
     <span class='ocr_line' id='line_1_52' title="bbox 1934 2323 3505 2397; baseline -0.004 -15"><span class='ocrx_word' id='word_1_355' title='bbox 1934 2339 2069 2383; x_wconf 70' lang='lat' dir='ltr'><strong>turze</strong></span> <span class='ocrx_word' id='word_1_356' title='bbox 2099 2329 2167 2389; x_wconf 80' lang='lat'><strong>”,</strong></span> <span class='ocrx_word' id='word_1_357' title='bbox 2200 2326 2371 2397; x_wconf 78' lang='lat' dir='ltr'><strong>magis</strong></span> <span class='ocrx_word' id='word_1_358' title='bbox 2410 2342 2571 2395; x_wconf 80' lang='lat' dir='ltr'><strong>quant</strong></span> <span class='ocrx_word' id='word_1_359' title='bbox 2618 2324 2863 2379; x_wconf 87' lang='lat' dir='ltr'><strong>Creatori</strong></span> <span class='ocrx_word' id='word_1_360' title='bbox 2914 2324 3002 2393; x_wconf 89' lang='lat' dir='ltr'><strong>(ad</strong></span> <span class='ocrx_word' id='word_1_361' title='bbox 3040 2324 3283 2378; x_wconf 87' lang='lat' dir='ltr'><strong>mandati</strong></span> <span class='ocrx_word' id='word_1_362' title='bbox 3331 2323 3505 2393; x_wconf 79' lang='lat' dir='ltr'><strong>legem</strong></span> 
     </span>
    </p>
   </div>
   <div class='ocr_carea' id='block_1_53' title="bbox 1934 2412 3510 2490">
    <p class='ocr_par' dir='ltr' id='par_1_53' title="bbox 1934 2412 3510 2490">
     <span class='ocr_line' id='line_1_53' title="bbox 1934 2412 3510 2490; baseline -0.004 -18"><span class='ocrx_word' id='word_1_363' title='bbox 1934 2420 2080 2490; x_wconf 85' lang='lat' dir='ltr'><strong>quod</strong></span> <span class='ocrx_word' id='word_1_364' title='bbox 2130 2418 2346 2485; x_wconf 86' lang='lat' dir='ltr'><strong>attinet)</strong></span> <span class='ocrx_word' id='word_1_365' title='bbox 2391 2418 2516 2471; x_wconf 90' lang='lat' dir='ltr'><strong>illos</strong></span> <span class='ocrx_word' id='word_1_366' title='bbox 2558 2416 2862 2481; x_wconf 89' lang='lat' dir='ltr'><strong>docuisset;</strong></span> <span class='ocrx_word' id='word_1_367' title='bbox 2895 2431 3018 2470; x_wconf 90' lang='lat' dir='ltr'><strong>cum</strong></span> <span class='ocrx_word' id='word_1_368' title='bbox 3052 2415 3263 2470; x_wconf 89' lang='lat' dir='ltr'><strong>scilicet</strong></span> <span class='ocrx_word' id='word_1_369' title='bbox 3302 2414 3361 2479; x_wconf 89' lang='lat' dir='ltr'><strong>ii,</strong></span> <span class='ocrx_word' id='word_1_370' title='bbox 3389 2412 3510 2469; x_wconf 71' lang='lat' dir='ltr'><strong>dics</strong></span> 
     </span>
    </p>
   </div>
   <div class='ocr_carea' id='block_1_54' title="bbox 1934 2505 3507 2577">
    <p class='ocr_par' dir='ltr' id='par_1_54' title="bbox 1934 2505 3507 2577">
     <span class='ocr_line' id='line_1_54' title="bbox 1934 2505 3507 2577; baseline -0.005 -12"><span class='ocrx_word' id='word_1_371' title='bbox 1934 2522 2130 2566; x_wconf 83' lang='lat' dir='ltr'><strong>natura</strong></span> <span class='ocrx_word' id='word_1_372' title='bbox 2162 2508 2524 2573; x_wconf 79' lang='lat' dir='ltr'><strong>venerabiles,</strong></span> <span class='ocrx_word' id='word_1_373' title='bbox 2564 2523 2626 2563; x_wconf 92' lang='lat' dir='ltr'><strong>ac</strong></span> <span class='ocrx_word' id='word_1_374' title='bbox 2656 2517 2949 2577; x_wconf 83' lang='lat' dir='ltr'><strong>propterea</strong></span> <span class='ocrx_word' id='word_1_375' title='bbox 2986 2508 3068 2562; x_wconf 87' lang='lat' dir='ltr'><strong>eis</strong></span> <span class='ocrx_word' id='word_1_376' title='bbox 3100 2507 3307 2561; x_wconf 86' lang='lat' dir='ltr'><strong>cultum</strong></span> <span class='ocrx_word' id='word_1_377' title='bbox 3351 2505 3507 2559; x_wconf 83' lang='lat' dir='ltr'><strong>adhi-</strong></span> 
     </span>
    </p>
   </div>
   <div class='ocr_carea' id='block_1_55' title="bbox 1936 2597 3511 2668">
    <p class='ocr_par' dir='ltr' id='par_1_55' title="bbox 1936 2597 3511 2668">
     <span class='ocr_line' id='line_1_55' title="bbox 1936 2597 3511 2668; baseline -0.004 -13"><span class='ocrx_word' id='word_1_378' title='bbox 1936 2602 2176 2656; x_wconf 78' lang='lat' dir='ltr'><strong>bendum</strong></span> <span class='ocrx_word' id='word_1_379' title='bbox 2227 2601 2660 2665; x_wconf 83' lang='lat' dir='ltr'><strong>arbitrarentur;</strong></span> <span class='ocrx_word' id='word_1_380' title='bbox 2715 2598 2809 2653; x_wconf 88' lang='lat' dir='ltr'><strong>sed</strong></span> <span class='ocrx_word' id='word_1_381' title='bbox 2861 2599 2975 2668; x_wconf 89' lang='lat' dir='ltr'><strong>ipse</strong></span> <span class='ocrx_word' id='word_1_382' title='bbox 3022 2598 3124 2652; x_wconf 85' lang='lat' dir='ltr'><strong>sibi</strong></span> <span class='ocrx_word' id='word_1_383' title='bbox 3178 2614 3245 2652; x_wconf 83' lang='lat' dir='ltr'><strong>ex</strong></span> <span class='ocrx_word' id='word_1_384' title='bbox 3295 2597 3511 2652; x_wconf 89' lang='lat' dir='ltr'><strong>dierum</strong></span> 
     </span>
    </p>
   </div>
   <div class='ocr_carea' id='block_1_56' title="bbox 1937 2689 3508 2761">
    <p class='ocr_par' dir='ltr' id='par_1_56' title="bbox 1937 2689 3508 2761">
     <span class='ocr_line' id='line_1_56' title="bbox 1937 2689 3508 2761; baseline -0.003 -14"><span class='ocrx_word' id='word_1_385' title='bbox 1937 2694 2151 2747; x_wconf 83' lang='lat' dir='ltr'><strong>ratione</strong></span> <span class='ocrx_word' id='word_1_386' title='bbox 2196 2693 2459 2746; x_wconf 87' lang='lat' dir='ltr'><strong>honorem</strong></span> <span class='ocrx_word' id='word_1_387' title='bbox 2512 2691 2856 2755; x_wconf 87' lang='lat' dir='ltr'><strong>habendum,</strong></span> <span class='ocrx_word' id='word_1_388' title='bbox 2902 2692 3148 2761; x_wconf 85' lang='lat' dir='ltr'><strong>symbolo</strong></span> <span class='ocrx_word' id='word_1_389' title='bbox 3190 2689 3508 2745; x_wconf 79' lang='lat' dir='ltr'><strong>declaravit.</strong></span> 
     </span>
    </p>
   </div>
   <div class='ocr_carea' id='block_1_57' title="bbox 1939 2782 3515 2855">
    <p class='ocr_par' dir='ltr' id='par_1_57' title="bbox 1939 2782 3515 2855">
     <span class='ocr_line' id='line_1_57' title="bbox 1939 2782 3515 2855; baseline -0.003 -15"><span class='ocrx_word' id='word_1_390' title='bbox 1939 2786 2057 2855; x_wconf 90' lang='lat' dir='ltr'><strong>lpse</strong></span> <span class='ocrx_word' id='word_1_391' title='bbox 2098 2786 2244 2839; x_wconf 88' lang='lat' dir='ltr'><strong>enim</strong></span> <span class='ocrx_word' id='word_1_392' title='bbox 2290 2794 2346 2839; x_wconf 89' lang='lat' dir='ltr'><strong>et</strong></span> <span class='ocrx_word' id='word_1_393' title='bbox 2383 2784 2680 2839; x_wconf 86' lang='lat' dir='ltr'><strong>Sabbatnm</strong></span> <span class='ocrx_word' id='word_1_394' title='bbox 2728 2792 2831 2846; x_wconf 91' lang='lat' dir='ltr'><strong>est,</strong></span> <span class='ocrx_word' id='word_1_395' title='bbox 2863 2782 3014 2837; x_wconf 78' lang='lat' dir='ltr'><strong>velut</strong></span> <span class='ocrx_word' id='word_1_396' title='bbox 3050 2782 3220 2837; x_wconf 91' lang='lat' dir='ltr'><strong>animi</strong></span> <span class='ocrx_word' id='word_1_397' title='bbox 3256 2782 3311 2836; x_wconf 92' lang='lat' dir='ltr'><strong>in</strong></span> <span class='ocrx_word' id='word_1_398' title='bbox 3350 2796 3515 2836; x_wconf 88' lang='lat' dir='ltr'><strong>carne</strong></span> 
     </span>
    </p>
   </div>
   <div class='ocr_carea' id='block_1_58' title="bbox 1939 2871 3513 2942">
    <p class='ocr_par' dir='ltr' id='par_1_58' title="bbox 1939 2871 3513 2942">
     <span class='ocr_line' id='line_1_58' title="bbox 1939 2871 3513 2942; baseline -0.003 -11"><span class='ocrx_word' id='word_1_399' title='bbox 1939 2890 2309 2931; x_wconf 69' lang='lat' dir='ltr'><strong>mrumnarum</strong></span> <span class='ocrx_word' id='word_1_400' title='bbox 2364 2874 2627 2940; x_wconf 86' lang='lat' dir='ltr'><strong>amolitio,</strong></span> <span class='ocrx_word' id='word_1_401' title='bbox 2671 2888 2733 2928; x_wconf 92' lang='lat' dir='ltr'><strong>ac</strong></span> <span class='ocrx_word' id='word_1_402' title='bbox 2776 2873 3003 2942; x_wconf 66' lang='lat' dir='ltr'><strong>iustitiae</strong></span> <span class='ocrx_word' id='word_1_403' title='bbox 3049 2873 3297 2927; x_wconf 88' lang='lat' dir='ltr'><strong>laborum</strong></span> <span class='ocrx_word' id='word_1_404' title='bbox 3335 2871 3513 2942; x_wconf 84' lang='lat' dir='ltr'><strong>quies.</strong></span> 
     </span>
    </p>
   </div>
   <div class='ocr_carea' id='block_1_59' title="bbox 1942 2961 3514 3031">
    <p class='ocr_par' dir='ltr' id='par_1_59' title="bbox 1942 2961 3514 3031">
     <span class='ocr_line' id='line_1_59' title="bbox 1942 2961 3514 3031; baseline -0.003 -12"><span class='ocrx_word' id='word_1_405' title='bbox 1942 2964 2149 3019; x_wconf 83' lang='lat' dir='ltr'><strong>Pascha</strong></span> <span class='ocrx_word' id='word_1_406' title='bbox 2184 2972 2390 3027; x_wconf 87' lang='lat' dir='ltr'><strong>autem,</strong></span> <span class='ocrx_word' id='word_1_407' title='bbox 2419 2970 2477 3016; x_wconf 90' lang='lat' dir='ltr'><strong>ut</strong></span> <span class='ocrx_word' id='word_1_408' title='bbox 2509 2977 2703 3017; x_wconf 91' lang='lat' dir='ltr'><strong>eorum</strong></span> <span class='ocrx_word' id='word_1_409' title='bbox 2736 2962 3021 3027; x_wconf 87' lang='lat' dir='ltr'><strong>liberator,</strong></span> <span class='ocrx_word' id='word_1_410' title='bbox 3049 2961 3140 3031; x_wconf 91' lang='lat' dir='ltr'><strong>qui</strong></span> <span class='ocrx_word' id='word_1_411' title='bbox 3173 2975 3355 3016; x_wconf 87' lang='lat' dir='ltr'><strong>amara</strong></span> <span class='ocrx_word' id='word_1_412' title='bbox 3387 2974 3514 3030; x_wconf 87' lang='lat' dir='ltr'><strong>pec-</strong></span> 
     </span>
    </p>
   </div>
   <div class='ocr_carea' id='block_1_60' title="bbox 1943 3051 3517 3115">
    <p class='ocr_par' dir='ltr' id='par_1_60' title="bbox 1943 3051 3517 3115">
     <span class='ocr_line' id='line_1_60' title="bbox 1943 3051 3517 3115; baseline -0.003 -9"><span class='ocrx_word' id='word_1_413' title='bbox 1943 3053 2049 3107; x_wconf 89' lang='lat' dir='ltr'><strong>cati</strong></span> <span class='ocrx_word' id='word_1_414' title='bbox 2091 3053 2353 3107; x_wconf 75' lang='lat' dir='ltr'><strong>servitute</strong></span> <span class='ocrx_word' id='word_1_415' title='bbox 2395 3059 2670 3106; x_wconf 82' lang='lat' dir='ltr'><strong>tcnentur.</strong></span> <span class='ocrx_word' id='word_1_416' title='bbox 2705 3051 3028 3104; x_wconf 88' lang='lat' dir='ltr'><strong>Pentecoste</strong></span> <span class='ocrx_word' id='word_1_417' title='bbox 3058 3065 3212 3115; x_wconf 80' lang='lat' dir='ltr'><strong>vero,</strong></span> <span class='ocrx_word' id='word_1_418' title='bbox 3240 3057 3301 3103; x_wconf 89' lang='lat' dir='ltr'><strong>ut</strong></span> <span class='ocrx_word' id='word_1_419' title='bbox 3335 3064 3517 3103; x_wconf 86' lang='lat' dir='ltr'><strong>rerum</strong></span> 
     </span>
    </p>
   </div>
   <div class='ocr_carea' id='block_1_61' title="bbox 261 3130 1855 3222">
    <p class='ocr_par' dir='ltr' id='par_1_61' title="bbox 261 3130 1839 3214">
     <span class='ocr_line' id='line_1_61' title="bbox 261 3130 1839 3214; baseline 0.008 -31"><span class='ocrx_word' id='word_1_420' title='bbox 261 3133 443 3201; x_wconf 81' lang='grc' dir='ltr'>λόγος,</span> <span class='ocrx_word' id='word_1_421' title='bbox 469 3130 512 3201; x_wconf 81' lang='grc' dir='ltr'>ᾧ</span> <span class='ocrx_word' id='word_1_422' title='bbox 554 3137 621 3189; x_wconf 79' lang='grc' dir='ltr'>τὰ</span> <span class='ocrx_word' id='word_1_423' title='bbox 684 3140 861 3192; x_wconf 86' lang='grc' dir='ltr'>πάντα</span> <span class='ocrx_word' id='word_1_424' title='bbox 896 3141 1052 3208; x_wconf 78' lang='grc' dir='ltr'>φύσει</span> <span class='ocrx_word' id='word_1_425' title='bbox 1089 3142 1435 3211; x_wconf 80' lang='grc' dir='ltr'>συνέστηκεν.</span> <span class='ocrx_word' id='word_1_426' title='bbox 1470 3144 1529 3195; x_wconf 75' lang='lat' dir='ltr'><strong>Et</strong></span> <span class='ocrx_word' id='word_1_427' title='bbox 1562 3143 1669 3214; x_wconf 74' lang='grc' dir='ltr'>γὰρ</span> <span class='ocrx_word' id='word_1_428' title='bbox 1704 3143 1839 3214; x_wconf 85' lang='grc' dir='ltr'><strong>μετὰ</strong></span> 
     </span>
    </p>
   </div>
   <div class='ocr_carea' id='block_1_62' title="bbox 1949 3130 3521 3222">
    <p class='ocr_par' dir='ltr' id='par_1_62' title="bbox 1949 3141 3521 3215">
     <span class='ocr_line' id='line_1_62' title="bbox 1949 3141 3521 3215; baseline -0.002 -17"><span class='ocrx_word' id='word_1_429' title='bbox 1949 3144 2277 3215; x_wconf 80' lang='lat' dir='ltr'><strong>principium</strong></span> <span class='ocrx_word' id='word_1_430' title='bbox 2327 3152 2382 3197; x_wconf 91' lang='lat' dir='ltr'><strong>et</strong></span> <span class='ocrx_word' id='word_1_431' title='bbox 2428 3142 2572 3206; x_wconf 83' lang='lat' dir='ltr'><strong>linis,</strong></span> <span class='ocrx_word' id='word_1_432' title='bbox 2604 3142 2955 3210; x_wconf 67' lang='lat' dir='ltr'><strong>Verbumque</strong></span> <span class='ocrx_word' id='word_1_433' title='bbox 3004 3151 3060 3195; x_wconf 91' lang='lat' dir='ltr'><strong>et</strong></span> <span class='ocrx_word' id='word_1_434' title='bbox 3112 3141 3273 3205; x_wconf 90' lang='lat' dir='ltr'><strong>ratio,</strong></span> <span class='ocrx_word' id='word_1_435' title='bbox 3306 3142 3361 3196; x_wconf 91' lang='lat' dir='ltr'><strong>in</strong></span> <span class='ocrx_word' id='word_1_436' title='bbox 3412 3155 3521 3211; x_wconf 86' lang='lat' dir='ltr'><strong>qua</strong></span> 
     </span>
    </p>
   </div>
   <div class='ocr_carea' id='block_1_63' title="bbox 259 3226 1838 3305">
    <p class='ocr_par' dir='ltr' id='par_1_63' title="bbox 259 3226 1838 3305">
     <span class='ocr_line' id='line_1_63' title="bbox 259 3226 1838 3305; baseline 0.006 -26"><span class='ocrx_word' id='word_1_437' title='bbox 259 3226 367 3295; x_wconf 82' lang='grc' dir='ltr'>τὴν</span> <span class='ocrx_word' id='word_1_438' title='bbox 384 3228 462 3289; x_wconf 83' lang='grc' dir='ltr'><strong>είς</strong></span> <span class='ocrx_word' id='word_1_439' title='bbox 495 3229 695 3300; x_wconf 74' lang='grc' dir='ltr'>ἑαυτὴν</span> <span class='ocrx_word' id='word_1_440' title='bbox 728 3232 1091 3303; x_wconf 81' lang='grc' dir='ltr'>ἐϐδοματικὴν</span> <span class='ocrx_word' id='word_1_441' title='bbox 1121 3235 1219 3304; x_wconf 84' lang='grc' dir='ltr'><strong>τῆς</strong></span> <span class='ocrx_word' id='word_1_442' title='bbox 1270 3235 1560 3304; x_wconf 78' lang='grc' dir='ltr'>ἑϐδομάδος</span> <span class='ocrx_word' id='word_1_443' title='bbox 1592 3235 1838 3305; x_wconf 81' lang='grc' dir='ltr'>περίοδόν</span> 
     </span>
    </p>
   </div>
   <div class='ocr_carea' id='block_1_64' title="bbox 262 3317 1838 3396">
    <p class='ocr_par' dir='ltr' id='par_1_64' title="bbox 262 3317 1838 3396">
     <span class='ocr_line' id='line_1_64' title="bbox 262 3317 1838 3396; baseline 0.007 -29"><span class='ocrx_word' id='word_1_444' title='bbox 262 3317 869 3391; x_wconf 76' lang='grc' dir='ltr'>ἐστινὴῐῖεντηκοστὴ,</span> <span class='ocrx_word' id='word_1_445' title='bbox 921 3324 1213 3393; x_wconf 85' lang='grc' dir='ltr'>πενταδικὴ</span> <span class='ocrx_word' id='word_1_446' title='bbox 1262 3324 1317 3377; x_wconf 82' lang='grc' dir='ltr'>δὲ</span> <span class='ocrx_word' id='word_1_447' title='bbox 1368 3326 1552 3392; x_wconf 84' lang='grc' dir='ltr'>σαφῶς</span> <span class='ocrx_word' id='word_1_448' title='bbox 1605 3327 1838 3396; x_wconf 75' lang='grc' dir='ltr'>ὑπάρχει</span> 
     </span>
    </p>
   </div>
   <div class='ocr_carea' id='block_1_65' title="bbox 261 3408 1841 3488">
    <p class='ocr_par' dir='ltr' id='par_1_65' title="bbox 261 3408 1841 3488">
     <span class='ocr_line' id='line_1_65' title="bbox 261 3408 1841 3488; baseline 0.006 -28"><span class='ocrx_word' id='word_1_449' title='bbox 261 3408 475 3479; x_wconf 83' lang='grc' dir='ltr'>δεκάςή</span> <span class='ocrx_word' id='word_1_450' title='bbox 514 3413 857 3484; x_wconf 83' lang='grc' dir='ltr'>Πεντηκοστή</span> <span class='ocrx_word' id='word_1_451' title='bbox 872 3431 888 3446; x_wconf 79' lang='grc' dir='ltr'><strong><em>ο</em></strong></span> <span class='ocrx_word' id='word_1_452' title='bbox 914 3414 1191 3485; x_wconf 82' lang='grc' dir='ltr'>προδήλως</span> <span class='ocrx_word' id='word_1_453' title='bbox 1204 3416 1310 3485; x_wconf 78' lang='grc' dir='ltr'><strong>ἄρα</strong></span> <span class='ocrx_word' id='word_1_454' title='bbox 1326 3414 1434 3467; x_wconf 89' lang='grc' dir='ltr'><strong>τῶν</strong></span> <span class='ocrx_word' id='word_1_455' title='bbox 1450 3417 1616 3470; x_wconf 86' lang='grc' dir='ltr'>δντων</span> <span class='ocrx_word' id='word_1_456' title='bbox 1635 3418 1841 3488; x_wconf 79' lang='grc' dir='ltr'>ἡφύσις</span> 
     </span>
    </p>
   </div>
   <div class='ocr_carea' id='block_1_66' title="bbox 262 3502 1842 3579">
    <p class='ocr_par' dir='ltr' id='par_1_66' title="bbox 262 3502 1842 3579">
     <span class='ocr_line' id='line_1_66' title="bbox 262 3502 1842 3579; baseline 0.006 -27"><span class='ocrx_word' id='word_1_457' title='bbox 262 3502 414 3554; x_wconf 80' lang='grc' dir='ltr'><strong>κατά</strong></span> <span class='ocrx_word' id='word_1_458' title='bbox 445 3502 534 3555; x_wconf 85' lang='grc' dir='ltr'><strong>τὸν</strong></span> <span class='ocrx_word' id='word_1_459' title='bbox 576 3505 776 3573; x_wconf 80' lang='grc' dir='ltr'>ἑαυτῆς</span> <span class='ocrx_word' id='word_1_460' title='bbox 836 3506 992 3574; x_wconf 88' lang='grc' dir='ltr'>λόγον</span> <span class='ocrx_word' id='word_1_461' title='bbox 1031 3508 1362 3578; x_wconf 81' lang='grc' dir='ltr'>ὑπάρχουσα</span> <span class='ocrx_word' id='word_1_462' title='bbox 1420 3508 1710 3579; x_wconf 81' lang='grc' dir='ltr'>πενταδικὴ</span> <span class='ocrx_word' id='word_1_463' title='bbox 1756 3509 1842 3563; x_wconf 81' lang='grc' dir='ltr'><strong>διά</strong></span> 
     </span>
    </p>
   </div>
   <div class='ocr_carea' id='block_1_67' title="bbox 262 3593 1844 3671">
    <p class='ocr_par' dir='ltr' id='par_1_67' title="bbox 262 3593 1844 3671">
     <span class='ocr_line' id='line_1_67' title="bbox 262 3593 1844 3671; baseline 0.005 -26"><span class='ocrx_word' id='word_1_464' title='bbox 262 3593 369 3656; x_wconf 67' lang='grc' dir='ltr'>τὰς</span> <span class='ocrx_word' id='word_1_465' title='bbox 436 3594 737 3665; x_wconf 77' lang='grc' dir='ltr'>αἰσθήσεις,</span> <span class='ocrx_word' id='word_1_466' title='bbox 794 3598 932 3667; x_wconf 84' lang='grc' dir='ltr'><strong>μετά</strong></span> <span class='ocrx_word' id='word_1_467' title='bbox 985 3600 1084 3669; x_wconf 79' lang='grc' dir='ltr'>τὴν</span> <span class='ocrx_word' id='word_1_468' title='bbox 1129 3600 1361 3671; x_wconf 83' lang='grc' dir='ltr'>φυσικὴν</span> <span class='ocrx_word' id='word_1_469' title='bbox 1397 3600 1489 3654; x_wconf 84' lang='grc' dir='ltr'>τοῦ</span> <span class='ocrx_word' id='word_1_470' title='bbox 1519 3600 1710 3671; x_wconf 80' lang='grc' dir='ltr'>χρόνου</span> <span class='ocrx_word' id='word_1_471' title='bbox 1750 3601 1844 3653; x_wconf 76' lang='grc' dir='ltr'>καὶ</span> 
     </span>
    </p>
   </div>
   <div class='ocr_carea' id='block_1_68' title="bbox 263 3684 1845 3761">
    <p class='ocr_par' dir='ltr' id='par_1_68' title="bbox 263 3684 1845 3761">
     <span class='ocr_line' id='line_1_68' title="bbox 263 3684 1845 3761; baseline 0.005 -26"><span class='ocrx_word' id='word_1_472' title='bbox 263 3684 378 3737; x_wconf 86' lang='grc' dir='ltr'><strong>τῶν</strong></span> <span class='ocrx_word' id='word_1_473' title='bbox 422 3684 633 3740; x_wconf 81' lang='grc' dir='ltr'>αἰώνων</span> <span class='ocrx_word' id='word_1_474' title='bbox 687 3687 960 3754; x_wconf 80' lang='grc' dir='ltr'>διάϐασιν,</span> <span class='ocrx_word' id='word_1_475' title='bbox 1011 3692 1069 3744; x_wconf 87' lang='grc' dir='ltr'>ὲν</span> <span class='ocrx_word' id='word_1_476' title='bbox 1112 3690 1189 3760; x_wconf 87' lang='grc' dir='ltr'>τῷ</span> <span class='ocrx_word' id='word_1_477' title='bbox 1234 3690 1354 3761; x_wconf 84' lang='grc' dir='ltr'><strong>Θεῷ</strong></span> <span class='ocrx_word' id='word_1_478' title='bbox 1387 3690 1558 3753; x_wconf 75' lang='grc' dir='ltr'>ἔσται,</span> <span class='ocrx_word' id='word_1_479' title='bbox 1595 3690 1672 3760; x_wconf 82' lang='grc' dir='ltr'>τῷ</span> <span class='ocrx_word' id='word_1_480' title='bbox 1706 3693 1845 3744; x_wconf 84' lang='grc' dir='ltr'><strong>κατά</strong></span> 
     </span>
    </p>
   </div>
   <div class='ocr_carea' id='block_1_69' title="bbox 267 3776 1845 3853">
    <p class='ocr_par' dir='ltr' id='par_1_69' title="bbox 267 3776 1845 3853">
     <span class='ocr_line' id='line_1_69' title="bbox 267 3776 1845 3853; baseline 0.004 -25"><span class='ocrx_word' id='word_1_481' title='bbox 267 3776 440 3844; x_wconf 80' lang='grc' dir='ltr'>φύσιν</span> <span class='ocrx_word' id='word_1_482' title='bbox 480 3778 579 3843; x_wconf 78' lang='grc' dir='ltr'>ἑνὶ,</span> <span class='ocrx_word' id='word_1_483' title='bbox 609 3778 687 3849; x_wconf 83' lang='grc' dir='ltr'>μὴ</span> <span class='ocrx_word' id='word_1_484' title='bbox 732 3780 996 3852; x_wconf 74' lang='grc' dir='ltr'>δεχομένη</span> <span class='ocrx_word' id='word_1_485' title='bbox 1025 3781 1228 3853; x_wconf 83' lang='grc' dir='ltr'>πέρας·</span> <span class='ocrx_word' id='word_1_486' title='bbox 1276 3784 1335 3836; x_wconf 82' lang='grc' dir='ltr'>ἐν</span> <span class='ocrx_word' id='word_1_487' title='bbox 1449 3782 1721 3844; x_wconf 78' lang='grc' dir='ltr'>παντελῶς</span> <span class='ocrx_word' id='word_1_488' title='bbox 1746 3783 1845 3835; x_wconf 86' lang='grc' dir='ltr'><strong>οὑκ</strong></span> 
     </span>
    </p>
   </div>
   <div class='ocr_carea' id='block_1_70' title="bbox 265 3867 1841 3943">
    <p class='ocr_par' dir='ltr' id='par_1_70' title="bbox 265 3867 1841 3943">
     <span class='ocr_line' id='line_1_70' title="bbox 265 3867 1841 3943; baseline 0.005 -26"><span class='ocrx_word' id='word_1_489' title='bbox 265 3867 390 3919; x_wconf 76' lang='grc' dir='ltr'>ἐστι</span> <span class='ocrx_word' id='word_1_490' title='bbox 449 3868 750 3932; x_wconf 87' lang='grc' dir='ltr'>διάστασις.</span> <span class='ocrx_word' id='word_1_491' title='bbox 806 3872 943 3925; x_wconf 75' lang='grc' dir='ltr'>Φασὶ</span> <span class='ocrx_word' id='word_1_492' title='bbox 980 3873 1088 3942; x_wconf 85' lang='grc' dir='ltr'><strong>γάρ</strong></span> <span class='ocrx_word' id='word_1_493' title='bbox 1135 3890 1280 3937; x_wconf 86' lang='grc' dir='ltr'>τινες</span> <span class='ocrx_word' id='word_1_494' title='bbox 1317 3869 1455 3927; x_wconf 72' lang='grc' dir='ltr'>εἶναι</span> <span class='ocrx_word' id='word_1_495' title='bbox 1498 3874 1698 3943; x_wconf 84' lang='grc' dir='ltr'>μονάδα</span> <span class='ocrx_word' id='word_1_496' title='bbox 1729 3872 1841 3943; x_wconf 78' lang='lat' dir='ltr'><strong>|Fr.</strong></span> 
     </span>
    </p>
   </div>
   <div class='ocr_carea' id='block_1_71' title="bbox 262 3958 1844 4037">
    <p class='ocr_par' dir='ltr' id='par_1_71' title="bbox 262 3958 1844 4037">
     <span class='ocr_line' id='line_1_71' title="bbox 262 3958 1844 4037; baseline 0.006 -28"><span class='ocrx_word' id='word_1_497' title='bbox 262 3958 493 4031; x_wconf 78' lang='grc' dir='ltr'>δεκάδα]</span> <span class='ocrx_word' id='word_1_498' title='bbox 534 3960 623 4014; x_wconf 83' lang='grc' dir='ltr'><strong>τὸν</strong></span> <span class='ocrx_word' id='word_1_499' title='bbox 672 3962 847 4030; x_wconf 88' lang='grc' dir='ltr'>λόγον,</span> <span class='ocrx_word' id='word_1_500' title='bbox 886 3964 962 4027; x_wconf 86' lang='grc' dir='ltr'>ὡς</span> <span class='ocrx_word' id='word_1_501' title='bbox 1016 3966 1271 4037; x_wconf 89' lang='grc' dir='ltr'>πρόνοιαν</span> <span class='ocrx_word' id='word_1_502' title='bbox 1325 3967 1468 4019; x_wconf 87' lang='grc' dir='ltr'>κατὰ</span> <span class='ocrx_word' id='word_1_503' title='bbox 1510 3966 1734 4035; x_wconf 88' lang='grc' dir='ltr'>πρόοδον</span> <span class='ocrx_word' id='word_1_504' title='bbox 1778 3967 1844 4034; x_wconf 83' lang='grc' dir='ltr'>τῇ</span> 
     </span>
    </p>
   </div>
   <div class='ocr_carea' id='block_1_72' title="bbox 263 4045 1847 4125">
    <p class='ocr_par' dir='ltr' id='par_1_72' title="bbox 263 4045 1847 4125">
     <span class='ocr_line' id='line_1_72' title="bbox 263 4045 1847 4125; baseline 0.006 -28"><span class='ocrx_word' id='word_1_505' title='bbox 263 4045 457 4099; x_wconf 80' lang='grc' dir='ltr'>δεκάδι</span> <span class='ocrx_word' id='word_1_506' title='bbox 522 4047 631 4101; x_wconf 87' lang='grc' dir='ltr'><strong>τῶν</strong></span> <span class='ocrx_word' id='word_1_507' title='bbox 693 4050 925 4104; x_wconf 75' lang='grc' dir='ltr'>ἐντολῶν</span> <span class='ocrx_word' id='word_1_508' title='bbox 969 4052 1387 4125; x_wconf 88' lang='grc' dir='ltr'>πλατυνόμενον.</span> <span class='ocrx_word' id='word_1_509' title='bbox 1450 4054 1716 4124; x_wconf 86' lang='grc' dir='ltr'>Ὀπηνίκα</span> <span class='ocrx_word' id='word_1_510' title='bbox 1790 4055 1847 4107; x_wconf 85' lang='grc' dir='ltr'>δὲ</span> 
     </span>
    </p>
   </div>
   <div class='ocr_carea' id='block_1_73' title="bbox 269 4138 1849 4215">
    <p class='ocr_par' dir='ltr' id='par_1_73' title="bbox 269 4138 1849 4215">
     <span class='ocr_line' id='line_1_73' title="bbox 269 4138 1849 4215; baseline 0.004 -25"><span class='ocrx_word' id='word_1_511' title='bbox 269 4138 527 4209; x_wconf 79' lang='grc' dir='ltr'>συναφθῇ</span> <span class='ocrx_word' id='word_1_512' title='bbox 552 4140 630 4210; x_wconf 81' lang='grc' dir='ltr'><strong>τῷ</strong></span> <span class='ocrx_word' id='word_1_513' title='bbox 654 4140 797 4211; x_wconf 87' lang='grc' dir='ltr'>λόγῳ</span> <span class='ocrx_word' id='word_1_514' title='bbox 827 4143 969 4197; x_wconf 81' lang='grc' dir='ltr'>κατὰ</span> <span class='ocrx_word' id='word_1_515' title='bbox 998 4144 1158 4214; x_wconf 85' lang='grc' dir='ltr'>χάριν</span> <span class='ocrx_word' id='word_1_516' title='bbox 1186 4146 1219 4215; x_wconf 80' lang='grc' dir='ltr'><strong>ἡ</strong></span> <span class='ocrx_word' id='word_1_517' title='bbox 1244 4145 1428 4214; x_wconf 86' lang='grc' dir='ltr'>φύσις,</span> <span class='ocrx_word' id='word_1_518' title='bbox 1476 4146 1576 4198; x_wconf 83' lang='grc' dir='ltr'><strong>οὑκ</strong></span> <span class='ocrx_word' id='word_1_519' title='bbox 1597 4145 1750 4198; x_wconf 75' lang='grc' dir='ltr'>ἔσται</span> <span class='ocrx_word' id='word_1_520' title='bbox 1780 4145 1849 4197; x_wconf 80' lang='grc' dir='ltr'><strong>τά</strong></span> 
     </span>
    </p>
   </div>
   <div class='ocr_carea' id='block_1_74' title="bbox 265 4224 1850 4307">
    <p class='ocr_par' dir='ltr' id='par_1_74' title="bbox 265 4224 1850 4307">
     <span class='ocr_line' id='line_1_74' title="bbox 265 4224 1850 4307; baseline 0.005 -25"><span class='ocrx_word' id='word_1_521' title='bbox 265 4224 349 4282; x_wconf 84' lang='grc' dir='ltr'><strong>ὧν</strong></span> <span class='ocrx_word' id='word_1_522' title='bbox 373 4230 474 4282; x_wconf 86' lang='grc' dir='ltr'><strong>οὑκ</strong></span> <span class='ocrx_word' id='word_1_523' title='bbox 514 4232 665 4296; x_wconf 81' lang='grc' dir='ltr'>ἄνευ,</span> <span class='ocrx_word' id='word_1_524' title='bbox 693 4232 793 4299; x_wconf 78' lang='grc' dir='ltr'><strong>τῆς</strong></span> <span class='ocrx_word' id='word_1_525' title='bbox 816 4235 924 4288; x_wconf 87' lang='grc' dir='ltr'><strong>τῶν</strong></span> <span class='ocrx_word' id='word_1_526' title='bbox 955 4235 1115 4305; x_wconf 90' lang='grc' dir='ltr'>φύσει</span> <span class='ocrx_word' id='word_1_527' title='bbox 1143 4238 1477 4307; x_wconf 76' lang='grc' dir='ltr'>κινουμένων</span> <span class='ocrx_word' id='word_1_528' title='bbox 1496 4238 1850 4306; x_wconf 84' lang='grc' dir='ltr'>ἀλλοιωτικῆς</span> 
     </span>
    </p>
   </div>
   <div class='ocr_carea' id='block_1_75' title="bbox 265 4324 1848 4401">
    <p class='ocr_par' dir='ltr' id='par_1_75' title="bbox 265 4324 1848 4401">
     <span class='ocr_line' id='line_1_75' title="bbox 265 4324 1848 4401; baseline 0.005 -25"><span class='ocrx_word' id='word_1_529' title='bbox 265 4324 685 4395; x_wconf 85' lang='grc' dir='ltr'>ἀπογενομένης</span> <span class='ocrx_word' id='word_1_530' title='bbox 733 4328 1020 4397; x_wconf 85' lang='grc' dir='ltr'>κινήσεως.</span> <span class='ocrx_word' id='word_1_531' title='bbox 1067 4331 1157 4381; x_wconf 86' lang='grc' dir='ltr'><strong>Δεῖ</strong></span> <span class='ocrx_word' id='word_1_532' title='bbox 1195 4329 1304 4401; x_wconf 73' lang='grc' dir='ltr'><strong>γὰρ</strong></span> <span class='ocrx_word' id='word_1_533' title='bbox 1343 4334 1442 4398; x_wconf 54' lang='grc' dir='ltr'><strong>τὴν</strong></span> <span class='ocrx_word' id='word_1_534' title='bbox 1496 4332 1848 4401; x_wconf 85' lang='grc' dir='ltr'>πεπερασμέ-</span> 
     </span>
    </p>
   </div>
   <div class='ocr_carea' id='block_1_76' title="bbox 266 4410 1851 4492">
    <p class='ocr_par' dir='ltr' id='par_1_76' title="bbox 266 4410 1851 4492">
     <span class='ocr_line' id='line_1_76' title="bbox 266 4410 1851 4492; baseline 0.006 -26"><span class='ocrx_word' id='word_1_535' title='bbox 266 4432 375 4484; x_wconf 83' lang='grc' dir='ltr'><strong>νην</strong></span> <span class='ocrx_word' id='word_1_536' title='bbox 400 4416 610 4479; x_wconf 90' lang='grc' dir='ltr'>στάσιν,</span> <span class='ocrx_word' id='word_1_537' title='bbox 642 4419 699 4469; x_wconf 79' lang='grc' dir='ltr'><strong>ὲν</strong></span> <span class='ocrx_word' id='word_1_538' title='bbox 789 4418 1034 4486; x_wconf 82' lang='grc' dir='ltr'>γίνεσθαι</span> <span class='ocrx_word' id='word_1_539' title='bbox 1068 4421 1311 4490; x_wconf 85' lang='grc' dir='ltr'>πέφυκεν</span> <span class='ocrx_word' id='word_1_540' title='bbox 1358 4422 1416 4489; x_wconf 83' lang='grc' dir='ltr'><strong>ἐξ</strong></span> <span class='ocrx_word' id='word_1_541' title='bbox 1448 4423 1695 4492; x_wconf 84' lang='grc' dir='ltr'>ἀνάγκης</span> <span class='ocrx_word' id='word_1_542' title='bbox 1729 4424 1851 4476; x_wconf 81' lang='grc' dir='ltr'>κατ’</span> 
     </span>
    </p>
   </div>
   <div class='ocr_carea' id='block_1_77' title="bbox 1942 3231 3524 3302">
    <p class='ocr_par' dir='ltr' id='par_1_77' title="bbox 1942 3231 3524 3302">
     <span class='ocr_line' id='line_1_77' title="bbox 1942 3231 3524 3302; baseline -0.001 -14"><span class='ocrx_word' id='word_1_543' title='bbox 1942 3243 2138 3288; x_wconf 89' lang='lat' dir='ltr'><strong>cuneta</strong></span> <span class='ocrx_word' id='word_1_544' title='bbox 2181 3242 2377 3287; x_wconf 90' lang='lat' dir='ltr'><strong>natura</strong></span> <span class='ocrx_word' id='word_1_545' title='bbox 2422 3231 2751 3287; x_wconf 81' lang='lat' dir='ltr'><strong>consistunt.</strong></span> <span class='ocrx_word' id='word_1_546' title='bbox 2809 3231 2945 3287; x_wconf 91' lang='lat' dir='ltr'><strong>Cum</strong></span> <span class='ocrx_word' id='word_1_547' title='bbox 2988 3232 3134 3286; x_wconf 91' lang='lat' dir='ltr'><strong>enim</strong></span> <span class='ocrx_word' id='word_1_548' title='bbox 3176 3240 3302 3302; x_wconf 85' lang='lat' dir='ltr'><strong>post</strong></span> <span class='ocrx_word' id='word_1_549' title='bbox 3345 3241 3524 3302; x_wconf 85' lang='lat' dir='ltr'><strong>septe-</strong></span> 
     </span>
    </p>
   </div>
   <div class='ocr_carea' id='block_1_78' title="bbox 1942 3325 3520 3395">
    <p class='ocr_par' dir='ltr' id='par_1_78' title="bbox 1942 3325 3520 3395">
     <span class='ocr_line' id='line_1_78' title="bbox 1942 3325 3520 3395; baseline 0 -14"><span class='ocrx_word' id='word_1_550' title='bbox 1942 3342 2067 3381; x_wconf 91' lang='lat' dir='ltr'><strong>nam</strong></span> <span class='ocrx_word' id='word_1_551' title='bbox 2095 3326 2410 3395; x_wconf 73' lang='lat' dir='ltr'><strong>septimanze</strong></span> <span class='ocrx_word' id='word_1_552' title='bbox 2433 3326 2485 3379; x_wconf 92' lang='lat' dir='ltr'><strong>in</strong></span> <span class='ocrx_word' id='word_1_553' title='bbox 2511 3327 2745 3395; x_wconf 87' lang='lat' dir='ltr'><strong>seipsam</strong></span> <span class='ocrx_word' id='word_1_554' title='bbox 2771 3325 3054 3394; x_wconf 89' lang='lat' dir='ltr'><strong>periodum</strong></span> <span class='ocrx_word' id='word_1_555' title='bbox 3081 3325 3152 3380; x_wconf 89' lang='lat' dir='ltr'><strong>sit</strong></span> <span class='ocrx_word' id='word_1_556' title='bbox 3176 3325 3520 3389; x_wconf 82' lang='lat' dir='ltr'><strong>Pentecoste,</strong></span> 
     </span>
    </p>
   </div>
   <div class='ocr_carea' id='block_1_79' title="bbox 1942 3415 3521 3487">
    <p class='ocr_par' dir='ltr' id='par_1_79' title="bbox 1942 3415 3521 3487">
     <span class='ocr_line' id='line_1_79' title="bbox 1942 3415 3521 3487; baseline 0 -17"><span class='ocrx_word' id='word_1_557' title='bbox 1942 3418 2123 3487; x_wconf 85' lang='lat' dir='ltr'><strong>sitque</strong></span> <span class='ocrx_word' id='word_1_558' title='bbox 2179 3416 2353 3485; x_wconf 91' lang='lat' dir='ltr'><strong>palam</strong></span> <span class='ocrx_word' id='word_1_559' title='bbox 2414 3417 2735 3470; x_wconf 87' lang='lat' dir='ltr'><strong>Pentecoste</strong></span> <span class='ocrx_word' id='word_1_560' title='bbox 2794 3416 2956 3485; x_wconf 79' lang='grc'><strong>287</strong></span> <span class='ocrx_word' id='word_1_561' title='bbox 3010 3415 3259 3485; x_wconf 90' lang='lat' dir='ltr'><strong>quinaria</strong></span> <span class='ocrx_word' id='word_1_562' title='bbox 3321 3415 3521 3479; x_wconf 88' lang='lat' dir='ltr'><strong>decas;</strong></span> 
     </span>
    </p>
   </div>
   <div class='ocr_carea' id='block_1_80' title="bbox 1944 3507 3525 3578">
    <p class='ocr_par' dir='ltr' id='par_1_80' title="bbox 1944 3507 3525 3578">
     <span class='ocr_line' id='line_1_80' title="bbox 1944 3507 3525 3578; baseline 0 -17"><span class='ocrx_word' id='word_1_563' title='bbox 1944 3508 2233 3578; x_wconf 88' lang='lat' dir='ltr'><strong>perspicue</strong></span> <span class='ocrx_word' id='word_1_564' title='bbox 2288 3507 2539 3575; x_wconf 88' lang='lat' dir='ltr'><strong>sequitur</strong></span> <span class='ocrx_word' id='word_1_565' title='bbox 2576 3523 2759 3560; x_wconf 89' lang='lat' dir='ltr'><strong>rerum</strong></span> <span class='ocrx_word' id='word_1_566' title='bbox 2794 3517 3066 3570; x_wconf 81' lang='lat' dir='ltr'><strong>nataram,</strong></span> <span class='ocrx_word' id='word_1_567' title='bbox 3097 3523 3219 3577; x_wconf 68' lang='lat' dir='ltr'><strong>quae</strong></span> <span class='ocrx_word' id='word_1_568' title='bbox 3248 3507 3363 3577; x_wconf 91' lang='lat' dir='ltr'><strong>ipsa</strong></span> <span class='ocrx_word' id='word_1_569' title='bbox 3402 3523 3433 3563; x_wconf 86' lang='lat' dir='ltr'><strong>a</strong></span> <span class='ocrx_word' id='word_1_570' title='bbox 3467 3523 3525 3563; x_wconf 89' lang='lat' dir='ltr'><strong>se</strong></span> 
     </span>
    </p>
   </div>
   <div class='ocr_carea' id='block_1_81' title="bbox 1945 3599 3529 3670">
    <p class='ocr_par' dir='ltr' id='par_1_81' title="bbox 1945 3599 3529 3670">
     <span class='ocr_line' id='line_1_81' title="bbox 1945 3599 3529 3670; baseline -0.002 -13"><span class='ocrx_word' id='word_1_571' title='bbox 1945 3616 2209 3657; x_wconf 81' lang='lat' dir='ltr'><strong>sensuum</strong></span> <span class='ocrx_word' id='word_1_572' title='bbox 2248 3601 2460 3654; x_wconf 89' lang='lat' dir='ltr'><strong>ratione</strong></span> <span class='ocrx_word' id='word_1_573' title='bbox 2508 3600 2756 3670; x_wconf 89' lang='lat' dir='ltr'><strong>quinaria</strong></span> <span class='ocrx_word' id='word_1_574' title='bbox 2792 3599 2882 3663; x_wconf 91' lang='lat' dir='ltr'><strong>sit,</strong></span> <span class='ocrx_word' id='word_1_575' title='bbox 2918 3607 3043 3669; x_wconf 91' lang='lat' dir='ltr'><strong>post</strong></span> <span class='ocrx_word' id='word_1_576' title='bbox 3075 3609 3393 3670; x_wconf 85' lang='lat' dir='ltr'><strong>superatum</strong></span> <span class='ocrx_word' id='word_1_577' title='bbox 3432 3616 3529 3654; x_wconf 86' lang='lat' dir='ltr'><strong>na-</strong></span> 
     </span>
    </p>
   </div>
   <div class='ocr_carea' id='block_1_82' title="bbox 1946 3690 3528 3761">
    <p class='ocr_par' dir='ltr' id='par_1_82' title="bbox 1946 3690 3528 3761">
     <span class='ocr_line' id='line_1_82' title="bbox 1946 3690 3528 3761; baseline -0.001 -14"><span class='ocrx_word' id='word_1_578' title='bbox 1946 3703 2068 3747; x_wconf 89' lang='lat' dir='ltr'><strong>tura</strong></span> <span class='ocrx_word' id='word_1_579' title='bbox 2108 3702 2325 3760; x_wconf 88' lang='lat' dir='ltr'><strong>tempus</strong></span> <span class='ocrx_word' id='word_1_580' title='bbox 2357 3699 2521 3760; x_wconf 90' lang='lat' dir='ltr'><strong>atque</strong></span> <span class='ocrx_word' id='word_1_581' title='bbox 2557 3692 2777 3756; x_wconf 67' lang='lat' dir='ltr'><strong>smcula,</strong></span> <span class='ocrx_word' id='word_1_582' title='bbox 2816 3691 2872 3745; x_wconf 89' lang='lat' dir='ltr'><strong>in</strong></span> <span class='ocrx_word' id='word_1_583' title='bbox 2911 3692 3023 3745; x_wconf 92' lang='lat' dir='ltr'><strong>Deo</strong></span> <span class='ocrx_word' id='word_1_584' title='bbox 3066 3690 3204 3755; x_wconf 79' lang='lat' dir='ltr'><strong>fore,</strong></span> <span class='ocrx_word' id='word_1_585' title='bbox 3242 3692 3338 3761; x_wconf 90' lang='lat' dir='ltr'><strong>qui</strong></span> <span class='ocrx_word' id='word_1_586' title='bbox 3385 3710 3528 3747; x_wconf 89' lang='lat' dir='ltr'><strong>unus</strong></span> 
     </span>
    </p>
   </div>
   <div class='ocr_carea' id='block_1_83' title="bbox 1946 3763 3528 3853">
    <p class='ocr_par' dir='ltr' id='par_1_83' title="bbox 1946 3763 3528 3853">
     <span class='ocr_line' id='line_1_83' title="bbox 1946 3763 3528 3853; baseline -0.003 -15"><span class='ocrx_word' id='word_1_587' title='bbox 1946 3795 2029 3838; x_wconf 89' lang='lat' dir='ltr'><strong>est</strong></span> <span class='ocrx_word' id='word_1_588' title='bbox 2066 3800 2164 3853; x_wconf 90' lang='lat' dir='ltr'><strong>per</strong></span> <span class='ocrx_word' id='word_1_589' title='bbox 2194 3763 2468 3847; x_wconf 75' lang='lat' dir='ltr'><strong>naturam,</strong></span> <span class='ocrx_word' id='word_1_590' title='bbox 2502 3782 2713 3836; x_wconf 92' lang='lat' dir='ltr'><strong>nullum</strong></span> <span class='ocrx_word' id='word_1_591' title='bbox 2752 3783 3063 3838; x_wconf 86' lang='lat' dir='ltr'><strong>habituram</strong></span> <span class='ocrx_word' id='word_1_592' title='bbox 3100 3781 3299 3837; x_wconf 81' lang='lat' dir='ltr'><strong>ﬁnem:</strong></span> <span class='ocrx_word' id='word_1_593' title='bbox 3333 3782 3390 3837; x_wconf 88' lang='lat' dir='ltr'><strong>in</strong></span> <span class='ocrx_word' id='word_1_594' title='bbox 3419 3800 3528 3853; x_wconf 84' lang='lat' dir='ltr'><strong>quo</strong></span> 
     </span>
    </p>
   </div>
   <div class='ocr_carea' id='block_1_84' title="bbox 1948 3872 3529 3942">
    <p class='ocr_par' dir='ltr' id='par_1_84' title="bbox 1948 3872 3529 3942">
     <span class='ocr_line' id='line_1_84' title="bbox 1948 3872 3529 3942; baseline -0.001 -14"><span class='ocrx_word' id='word_1_595' title='bbox 1948 3874 2159 3929; x_wconf 76' lang='lat' dir='ltr'><strong>scilicet</strong></span> <span class='ocrx_word' id='word_1_596' title='bbox 2183 3873 2330 3926; x_wconf 91' lang='lat' dir='ltr'><strong>nulla</strong></span> <span class='ocrx_word' id='word_1_597' title='bbox 2354 3887 2583 3942; x_wconf 86' lang='lat' dir='ltr'><strong>prorsus</strong></span> <span class='ocrx_word' id='word_1_598' title='bbox 2605 3872 2862 3928; x_wconf 84' lang='lat' dir='ltr'><strong>distantia</strong></span> <span class='ocrx_word' id='word_1_599' title='bbox 2890 3889 2984 3928; x_wconf 86' lang='lat' dir='ltr'><strong>seu</strong></span> <span class='ocrx_word' id='word_1_600' title='bbox 3013 3874 3244 3929; x_wconf 86' lang='lat' dir='ltr'><strong>mutatio</strong></span> <span class='ocrx_word' id='word_1_601' title='bbox 3270 3873 3359 3928; x_wconf 89' lang='lat' dir='ltr'><strong>sit.</strong></span> <span class='ocrx_word' id='word_1_602' title='bbox 3391 3874 3529 3929; x_wconf 90' lang='lat' dir='ltr'><strong>Sunt</strong></span> 
     </span>
    </p>
   </div>
   <div class='ocr_carea' id='block_1_85' title="bbox 1948 3967 3531 4037">
    <p class='ocr_par' dir='ltr' id='par_1_85' title="bbox 1948 3967 3531 4037">
     <span class='ocr_line' id='line_1_85' title="bbox 1948 3967 3531 4037; baseline 0.001 -17"><span class='ocrx_word' id='word_1_603' title='bbox 1948 3967 2094 4021; x_wconf 86' lang='lat' dir='ltr'><strong>enim</strong></span> <span class='ocrx_word' id='word_1_604' title='bbox 2138 3968 2231 4037; x_wconf 91' lang='lat' dir='ltr'><strong>qui</strong></span> <span class='ocrx_word' id='word_1_605' title='bbox 2274 3968 2461 4021; x_wconf 87' lang='lat' dir='ltr'><strong>dicant</strong></span> <span class='ocrx_word' id='word_1_606' title='bbox 2523 3982 2648 4023; x_wconf 88' lang='lat' dir='ltr'><strong>esse</strong></span> <span class='ocrx_word' id='word_1_607' title='bbox 2693 3968 2983 4023; x_wconf 89' lang='lat' dir='ltr'><strong>monadem</strong></span> <span class='ocrx_word' id='word_1_608' title='bbox 3027 3969 3183 4036; x_wconf 84' lang='grc' dir='ltr'>λόγον</span> <span class='ocrx_word' id='word_1_609' title='bbox 3221 3969 3531 4037; x_wconf 77' lang='lat' dir='ltr'><strong>(sermonem</strong></span> 
     </span>
    </p>
   </div>
   <div class='ocr_carea' id='block_1_86' title="bbox 1951 4060 3532 4131">
    <p class='ocr_par' dir='ltr' id='par_1_86' title="bbox 1951 4060 3532 4131">
     <span class='ocr_line' id='line_1_86' title="bbox 1951 4060 3532 4131; baseline -0.001 -17"><span class='ocrx_word' id='word_1_610' title='bbox 1951 4060 2163 4114; x_wconf 84' lang='lat' dir='ltr'><strong>scilicet</strong></span> <span class='ocrx_word' id='word_1_611' title='bbox 2212 4075 2277 4115; x_wconf 87' lang='lat' dir='ltr'><strong>ac</strong></span> <span class='ocrx_word' id='word_1_612' title='bbox 2324 4060 2605 4131; x_wconf 81' lang='lat' dir='ltr'><strong>rationem)</strong></span> <span class='ocrx_word' id='word_1_613' title='bbox 2659 4070 2916 4130; x_wconf 88' lang='lat' dir='ltr'><strong>tanquam</strong></span> <span class='ocrx_word' id='word_1_614' title='bbox 2961 4061 3382 4130; x_wconf 86' lang='lat' dir='ltr'><strong>providentiam,</strong></span> <span class='ocrx_word' id='word_1_615' title='bbox 3413 4076 3532 4130; x_wconf 67' lang='lat' dir='ltr'><strong>quas</strong></span> 
     </span>
    </p>
   </div>
   <div class='ocr_carea' id='block_1_87' title="bbox 1951 4151 3530 4221">
    <p class='ocr_par' dir='ltr' id='par_1_87' title="bbox 1951 4151 3530 4221">
     <span class='ocr_line' id='line_1_87' title="bbox 1951 4151 3530 4221; baseline 0.001 -18"><span class='ocrx_word' id='word_1_616' title='bbox 1951 4152 2332 4220; x_wconf 76' lang='lat' dir='ltr'><strong>progressione</strong></span> <span class='ocrx_word' id='word_1_617' title='bbox 2391 4152 2774 4206; x_wconf 84' lang='lat' dir='ltr'><strong>mandatorum</strong></span> <span class='ocrx_word' id='word_1_618' title='bbox 2858 4152 3062 4206; x_wconf 89' lang='lat' dir='ltr'><strong>decade</strong></span> <span class='ocrx_word' id='word_1_619' title='bbox 3107 4151 3530 4221; x_wconf 90' lang='lat' dir='ltr'><strong>multiplicetur.</strong></span> 
     </span>
    </p>
   </div>
   <div class='ocr_carea' id='block_1_88' title="bbox 1954 4240 3532 4313">
    <p class='ocr_par' dir='ltr' id='par_1_88' title="bbox 1954 4240 3532 4313">
     <span class='ocr_line' id='line_1_88' title="bbox 1954 4240 3532 4313; baseline -0.001 -16"><span class='ocrx_word' id='word_1_620' title='bbox 1954 4242 2057 4297; x_wconf 93' lang='lat' dir='ltr'><strong>Ubi</strong></span> <span class='ocrx_word' id='word_1_621' title='bbox 2096 4251 2277 4296; x_wconf 88' lang='lat' dir='ltr'><strong>autem</strong></span> <span class='ocrx_word' id='word_1_622' title='bbox 2310 4252 2508 4297; x_wconf 88' lang='lat' dir='ltr'><strong>natura</strong></span> <span class='ocrx_word' id='word_1_623' title='bbox 2553 4243 2752 4297; x_wconf 91' lang='lat' dir='ltr'><strong>rationi</strong></span> <span class='ocrx_word' id='word_1_624' title='bbox 2786 4242 2992 4313; x_wconf 84' lang='lat' dir='ltr'><strong>(Verbo</strong></span> <span class='ocrx_word' id='word_1_625' title='bbox 3022 4242 3280 4297; x_wconf 89' lang='lat' dir='ltr'><strong>nimirum</strong></span> <span class='ocrx_word' id='word_1_626' title='bbox 3311 4256 3374 4296; x_wconf 92' lang='lat' dir='ltr'><strong>ac</strong></span> <span class='ocrx_word' id='word_1_627' title='bbox 3402 4240 3532 4296; x_wconf 86' lang='lat' dir='ltr'><strong>Ser-</strong></span> 
     </span>
    </p>
   </div>
   <div class='ocr_carea' id='block_1_89' title="bbox 1954 4335 3531 4407">
    <p class='ocr_par' dir='ltr' id='par_1_89' title="bbox 1954 4335 3531 4407">
     <span class='ocr_line' id='line_1_89' title="bbox 1954 4335 3531 4407; baseline 0 -17"><span class='ocrx_word' id='word_1_628' title='bbox 1954 4335 2128 4407; x_wconf 89' lang='lat' dir='ltr'><strong>moni)</strong></span> <span class='ocrx_word' id='word_1_629' title='bbox 2165 4352 2262 4406; x_wconf 92' lang='lat' dir='ltr'><strong>per</strong></span> <span class='ocrx_word' id='word_1_630' title='bbox 2308 4337 2538 4406; x_wconf 81' lang='lat' dir='ltr'><strong>gratiam</strong></span> <span class='ocrx_word' id='word_1_631' title='bbox 2589 4337 2840 4405; x_wconf 87' lang='lat' dir='ltr'><strong>copulata</strong></span> <span class='ocrx_word' id='word_1_632' title='bbox 2885 4335 3070 4402; x_wconf 84' lang='lat' dir='ltr'><strong>fuerit,</strong></span> <span class='ocrx_word' id='word_1_633' title='bbox 3106 4351 3217 4389; x_wconf 92' lang='lat' dir='ltr'><strong>non</strong></span> <span class='ocrx_word' id='word_1_634' title='bbox 3251 4345 3416 4392; x_wconf 86' lang='lat' dir='ltr'><strong>erunt</strong></span> <span class='ocrx_word' id='word_1_635' title='bbox 3447 4350 3531 4398; x_wconf 83' lang='lat' dir='ltr'><strong>ea,</strong></span> 
     </span>
    </p>
   </div>
   <div class='ocr_carea' id='block_1_90' title="bbox 1956 4423 3533 4495">
    <p class='ocr_par' dir='ltr' id='par_1_90' title="bbox 1956 4423 3533 4495">
     <span class='ocr_line' id='line_1_90' title="bbox 1956 4423 3533 4495; baseline -0.001 -15"><span class='ocrx_word' id='word_1_636' title='bbox 1956 4427 2074 4481; x_wconf 89' lang='lat' dir='ltr'><strong>sine</strong></span> <span class='ocrx_word' id='word_1_637' title='bbox 2108 4426 2310 4495; x_wconf 88' lang='lat' dir='ltr'><strong>quibus</strong></span> <span class='ocrx_word' id='word_1_638' title='bbox 2342 4440 2474 4490; x_wconf 92' lang='lat' dir='ltr'><strong>non,</strong></span> <span class='ocrx_word' id='word_1_639' title='bbox 2505 4423 2653 4494; x_wconf 91' lang='lat' dir='ltr'><strong>quod</strong></span> <span class='ocrx_word' id='word_1_640' title='bbox 2688 4439 2887 4493; x_wconf 89' lang='lat' dir='ltr'><strong>nempe</strong></span> <span class='ocrx_word' id='word_1_641' title='bbox 2925 4439 3139 4486; x_wconf 86' lang='lat' dir='ltr'><strong>eorum.</strong></span> <span class='ocrx_word' id='word_1_642' title='bbox 3173 4438 3295 4493; x_wconf 60' lang='lat' dir='ltr'><strong>quas</strong></span> <span class='ocrx_word' id='word_1_643' title='bbox 3340 4431 3533 4479; x_wconf 90' lang='lat' dir='ltr'><strong>natura</strong></span> 
     </span>
    </p>
   </div>
   <div class='ocr_carea' id='block_1_91' title="bbox 265 4497 1855 4583">
    <p class='ocr_par' dir='ltr' id='par_1_91' title="bbox 265 4506 1852 4583">
     <span class='ocr_line' id='line_1_91' title="bbox 265 4506 1852 4583; baseline 0.004 -24"><span class='ocrx_word' id='word_1_644' title='bbox 265 4506 563 4560; x_wconf 88' lang='grc' dir='ltr'>ἀλλοίωσιν</span> <span class='ocrx_word' id='word_1_645' title='bbox 587 4509 693 4561; x_wconf 89' lang='grc' dir='ltr'><strong>τῶν</strong></span> <span class='ocrx_word' id='word_1_646' title='bbox 720 4512 1050 4580; x_wconf 86' lang='grc' dir='ltr'>κινουμένων</span> <span class='ocrx_word' id='word_1_647' title='bbox 1073 4513 1106 4582; x_wconf 76' lang='grc' dir='ltr'>ἡ</span> <span class='ocrx_word' id='word_1_648' title='bbox 1148 4513 1672 4583; x_wconf 18' lang='grc' dir='ltr'>κίνησις,νδέξασθαι</span> <span class='ocrx_word' id='word_1_649' title='bbox 1700 4514 1852 4578; x_wconf 82' lang='grc' dir='ltr'>τέλος</span> 
     </span>
    </p>
   </div>
   <div class='ocr_carea' id='block_1_92' title="bbox 1949 4497 3533 4583">
    <p class='ocr_par' dir='ltr' id='par_1_92' title="bbox 1962 4514 3533 4581">
     <span class='ocr_line' id='line_1_92' title="bbox 1962 4514 3533 4581; baseline -0.001 -9"><span class='ocrx_word' id='word_1_650' title='bbox 1962 4527 2275 4581; x_wconf 86' lang='lat' dir='ltr'><strong>moventur,</strong></span> <span class='ocrx_word' id='word_1_651' title='bbox 2296 4527 2493 4571; x_wconf 84' lang='lat' dir='ltr'><strong>motus</strong></span> <span class='ocrx_word' id='word_1_652' title='bbox 2530 4518 2682 4571; x_wconf 85' lang='lat' dir='ltr'><strong>varie</strong></span> <span class='ocrx_word' id='word_1_653' title='bbox 2712 4532 2932 4572; x_wconf 89' lang='lat' dir='ltr'><strong>sensum</strong></span> <span class='ocrx_word' id='word_1_654' title='bbox 2977 4514 3218 4571; x_wconf 80' lang='lat' dir='ltr'><strong>alliciens</strong></span> <span class='ocrx_word' id='word_1_655' title='bbox 3251 4515 3533 4570; x_wconf 84' lang='lat' dir='ltr'><strong>deterens-</strong></span> 
     </span>
    </p>
   </div>
   <div class='ocr_carea' id='block_1_93' title="bbox 264 4598 1853 4678">
    <p class='ocr_par' dir='ltr' id='par_1_93' title="bbox 264 4598 1853 4678">
     <span class='ocr_line' id='line_1_93' title="bbox 264 4598 1853 4678; baseline 0.008 -31"><span class='ocrx_word' id='word_1_656' title='bbox 264 4598 339 4665; x_wconf 84' lang='grc' dir='ltr'>τῇ</span> <span class='ocrx_word' id='word_1_657' title='bbox 375 4598 651 4668; x_wconf 74' lang='grc' dir='ltr'>παρουσίᾳ</span> <span class='ocrx_word' id='word_1_658' title='bbox 679 4600 779 4669; x_wconf 88' lang='grc' dir='ltr'><strong>τῆς</strong></span> <span class='ocrx_word' id='word_1_659' title='bbox 812 4601 1120 4672; x_wconf 86' lang='grc' dir='ltr'>ἀπεράντου</span> <span class='ocrx_word' id='word_1_660' title='bbox 1141 4602 1402 4669; x_wconf 84' lang='grc' dir='ltr'>στάσεως,</span> <span class='ocrx_word' id='word_1_661' title='bbox 1432 4598 1541 4678; x_wconf 79' lang='grc' dir='ltr'><strong>ὲνῇ</strong></span> <span class='ocrx_word' id='word_1_662' title='bbox 1582 4606 1853 4659; x_wconf 88' lang='grc' dir='ltr'>παύεσθαι</span> 
     </span>
    </p>
   </div>
   <div class='ocr_carea' id='block_1_94' title="bbox 269 4689 1853 4768">
    <p class='ocr_par' dir='ltr' id='par_1_94' title="bbox 269 4689 1853 4768">
     <span class='ocr_line' id='line_1_94' title="bbox 269 4689 1853 4768; baseline 0.013 -30"><span class='ocrx_word' id='word_1_663' title='bbox 269 4689 492 4753; x_wconf 83' lang='grc' dir='ltr'>πέφυκε</span> <span class='ocrx_word' id='word_1_664' title='bbox 523 4689 629 4742; x_wconf 85' lang='grc' dir='ltr'><strong>τῶν</strong></span> <span class='ocrx_word' id='word_1_665' title='bbox 656 4692 987 4763; x_wconf 82' lang='grc' dir='ltr'>κινουμένων</span> <span class='ocrx_word' id='word_1_666' title='bbox 1021 4696 1053 4764; x_wconf 85' lang='grc' dir='ltr'>ἡ</span> <span class='ocrx_word' id='word_1_667' title='bbox 1082 4695 1315 4766; x_wconf 81' lang='grc' dir='ltr'>κίνησις.</span> <span class='ocrx_word' id='word_1_668' title='bbox 1358 4697 1444 4748; x_wconf 91' lang='grc' dir='ltr'>Ἐν</span> <span class='ocrx_word' id='word_1_669' title='bbox 1464 4689 1507 4763; x_wconf 82' lang='grc' dir='ltr'><strong>ᾧ</strong></span> <span class='ocrx_word' id='word_1_670' title='bbox 1542 4698 1648 4768; x_wconf 72' lang='grc' dir='ltr'>γὰρ</span> <span class='ocrx_word' id='word_1_671' title='bbox 1680 4698 1853 4768; x_wconf 75' lang='grc' dir='ltr'>πέρας</span> 
     </span>
    </p>
   </div>
   <div class='ocr_carea' id='block_1_95' title="bbox 266 4780 1856 4860">
    <p class='ocr_par' dir='ltr' id='par_1_95' title="bbox 266 4780 1856 4860">
     <span class='ocr_line' id='line_1_95' title="bbox 266 4780 1856 4860; baseline 0.009 -30"><span class='ocrx_word' id='word_1_672' title='bbox 266 4780 422 4833; x_wconf 73' lang='grc' dir='ltr'>κατὰ</span> <span class='ocrx_word' id='word_1_673' title='bbox 462 4780 622 4851; x_wconf 85' lang='grc' dir='ltr'>φύσιν</span> <span class='ocrx_word' id='word_1_674' title='bbox 652 4785 788 4846; x_wconf 77' lang='grc' dir='ltr'>ἐστὶ,</span> <span class='ocrx_word' id='word_1_675' title='bbox 820 4787 914 4839; x_wconf 74' lang='grc' dir='ltr'>καὶ</span> <span class='ocrx_word' id='word_1_676' title='bbox 955 4787 1279 4859; x_wconf 82' lang='grc' dir='ltr'>ἀλλοιωτικὴ</span> <span class='ocrx_word' id='word_1_677' title='bbox 1328 4791 1544 4852; x_wconf 85' lang='grc' dir='ltr'>πάντως</span> <span class='ocrx_word' id='word_1_678' title='bbox 1584 4792 1616 4860; x_wconf 81' lang='grc' dir='ltr'>ἡ</span> <span class='ocrx_word' id='word_1_679' title='bbox 1650 4791 1759 4843; x_wconf 86' lang='grc' dir='ltr'><strong>τῶν</strong></span> <span class='ocrx_word' id='word_1_680' title='bbox 1800 4794 1856 4844; x_wconf 84' lang='grc' dir='ltr'><strong>ὲν</strong></span> 
     </span>
    </p>
   </div>
   <div class='ocr_carea' id='block_1_96' title="bbox 267 4870 1856 4949">
    <p class='ocr_par' dir='ltr' id='par_1_96' title="bbox 267 4870 1856 4949">
     <span class='ocr_line' id='line_1_96' title="bbox 267 4870 1856 4949; baseline 0.007 -26"><span class='ocrx_word' id='word_1_681' title='bbox 267 4870 433 4942; x_wconf 82' lang='grc' dir='ltr'><strong>αὑτῴ</strong></span> <span class='ocrx_word' id='word_1_682' title='bbox 460 4872 767 4945; x_wconf 86' lang='grc' dir='ltr'>καθέστηκε</span> <span class='ocrx_word' id='word_1_683' title='bbox 787 4876 1000 4947; x_wconf 84' lang='grc' dir='ltr'>κίνησις</span> <span class='ocrx_word' id='word_1_684' title='bbox 1026 4893 1040 4907; x_wconf 70' lang='grc' dir='ltr'><strong>ο</strong></span> <span class='ocrx_word' id='word_1_685' title='bbox 1072 4878 1129 4931; x_wconf 84' lang='grc' dir='ltr'>ὲν</span> <span class='ocrx_word' id='word_1_686' title='bbox 1161 4872 1205 4945; x_wconf 81' lang='grc' dir='ltr'><strong>ᾧ</strong></span> <span class='ocrx_word' id='word_1_687' title='bbox 1233 4878 1289 4932; x_wconf 84' lang='grc' dir='ltr'>δὲ</span> <span class='ocrx_word' id='word_1_688' title='bbox 1324 4878 1494 4949; x_wconf 83' lang='grc' dir='ltr'>πέρας</span> <span class='ocrx_word' id='word_1_689' title='bbox 1522 4880 1665 4933; x_wconf 85' lang='grc' dir='ltr'>κατὰ</span> <span class='ocrx_word' id='word_1_690' title='bbox 1694 4882 1856 4946; x_wconf 79' lang='grc' dir='ltr'>φύσιν</span> 
     </span>
    </p>
   </div>
   <div class='ocr_carea' id='block_1_97' title="bbox 268 4962 1857 5042">
    <p class='ocr_par' dir='ltr' id='par_1_97' title="bbox 268 4962 1857 5042">
     <span class='ocr_line' id='line_1_97' title="bbox 268 4962 1857 5042; baseline 0.007 -28"><span class='ocrx_word' id='word_1_691' title='bbox 268 4962 381 5015; x_wconf 84' lang='grc' dir='ltr'><strong>οὑκ</strong></span> <span class='ocrx_word' id='word_1_692' title='bbox 440 4964 606 5029; x_wconf 77' lang='grc' dir='ltr'>ἔστιν,</span> <span class='ocrx_word' id='word_1_693' title='bbox 648 4967 875 5038; x_wconf 73' lang='grc' dir='ltr'>οὐδεμία</span> <span class='ocrx_word' id='word_1_694' title='bbox 926 4969 1208 5034; x_wconf 85' lang='grc' dir='ltr'>παντελῶς</span> <span class='ocrx_word' id='word_1_695' title='bbox 1268 4970 1592 5042; x_wconf 83' lang='grc' dir='ltr'>ἀλλοιωτικὴ</span> <span class='ocrx_word' id='word_1_696' title='bbox 1645 4973 1749 5025; x_wconf 84' lang='grc' dir='ltr'><strong>τῶν</strong></span> <span class='ocrx_word' id='word_1_697' title='bbox 1801 4976 1857 5025; x_wconf 84' lang='grc' dir='ltr'>ἐν</span> 
     </span>
    </p>
   </div>
   <div class='ocr_carea' id='block_1_98' title="bbox 269 5054 1866 5133">
    <p class='ocr_par' dir='ltr' id='par_1_98' title="bbox 269 5054 1866 5133">
     <span class='ocr_line' id='line_1_98' title="bbox 269 5054 1866 5133; baseline 0.006 -25"><span class='ocrx_word' id='word_1_698' title='bbox 269 5054 434 5125; x_wconf 85' lang='grc' dir='ltr'>αὑτῷ</span> <span class='ocrx_word' id='word_1_699' title='bbox 490 5057 861 5129; x_wconf 80' lang='grc' dir='ltr'>γνωσθήσεται</span> <span class='ocrx_word' id='word_1_700' title='bbox 897 5060 1127 5131; x_wconf 75' lang='grc' dir='ltr'>κίνησις.</span> <span class='ocrx_word' id='word_1_701' title='bbox 1171 5061 1377 5115; x_wconf 83' lang='grc' dir='ltr'>Οὐκοῦν</span> <span class='ocrx_word' id='word_1_702' title='bbox 1428 5065 1456 5115; x_wconf 90' lang='grc' dir='ltr'><strong>ό</strong></span> <span class='ocrx_word' id='word_1_703' title='bbox 1506 5064 1605 5133; x_wconf 88' lang='grc' dir='ltr'>μὲν</span> <span class='ocrx_word' id='word_1_704' title='bbox 1658 5059 1866 5132; x_wconf 74' lang='grc' dir='ltr'>κόσμος</span> 
     </span>
    </p>
   </div>
   <div class='ocr_carea' id='block_1_99' title="bbox 270 5150 1859 5226">
    <p class='ocr_par' dir='ltr' id='par_1_99' title="bbox 270 5150 1859 5226">
     <span class='ocr_line' id='line_1_99' title="bbox 270 5150 1859 5226; baseline 0.005 -25"><span class='ocrx_word' id='word_1_705' title='bbox 270 5150 449 5211; x_wconf 85' lang='grc' dir='ltr'>τόπος</span> <span class='ocrx_word' id='word_1_706' title='bbox 468 5150 585 5202; x_wconf 77' lang='grc' dir='ltr'>ἐστὶ</span> <span class='ocrx_word' id='word_1_707' title='bbox 635 5152 1073 5223; x_wconf 83' lang='grc' dir='ltr'>πεπερασμένος,</span> <span class='ocrx_word' id='word_1_708' title='bbox 1115 5155 1210 5207; x_wconf 79' lang='grc' dir='ltr'>καὶ</span> <span class='ocrx_word' id='word_1_709' title='bbox 1261 5154 1447 5218; x_wconf 81' lang='grc' dir='ltr'>στάσις</span> <span class='ocrx_word' id='word_1_710' title='bbox 1483 5172 1859 5226; x_wconf 75' lang='grc' dir='ltr'>περιγεγραμ-</span> 
     </span>
    </p>
   </div>
   <div class='ocr_carea' id='block_1_100' title="bbox 273 5240 1858 5318">
    <p class='ocr_par' dir='ltr' id='par_1_100' title="bbox 273 5240 1858 5318">
     <span class='ocr_line' id='line_1_100' title="bbox 273 5240 1858 5318; baseline 0.005 -26"><span class='ocrx_word' id='word_1_711' title='bbox 273 5240 423 5312; x_wconf 87' lang='grc' dir='ltr'>μένη</span> <span class='ocrx_word' id='word_1_712' title='bbox 445 5258 458 5273; x_wconf 75' lang='grc' dir='ltr'><strong><em>ο</em></strong></span> <span class='ocrx_word' id='word_1_713' title='bbox 484 5242 513 5293; x_wconf 85' lang='grc' dir='ltr'>ὁ</span> <span class='ocrx_word' id='word_1_714' title='bbox 540 5241 596 5295; x_wconf 79' lang='grc' dir='ltr'>δὲ</span> <span class='ocrx_word' id='word_1_715' title='bbox 613 5242 822 5312; x_wconf 86' lang='grc' dir='ltr'>χρόνος,</span> <span class='ocrx_word' id='word_1_716' title='bbox 857 5246 1306 5316; x_wconf 76' lang='grc' dir='ltr'>περιγραφομένη</span> <span class='ocrx_word' id='word_1_717' title='bbox 1340 5246 1643 5317; x_wconf 81' lang='grc' dir='ltr'>καθέστηκε</span> <span class='ocrx_word' id='word_1_718' title='bbox 1702 5248 1858 5318; x_wconf 85' lang='grc' dir='ltr'>κίνη-</span> 
     </span>
    </p>
   </div>
   <div class='ocr_carea' id='block_1_101' title="bbox 273 5332 1861 5410">
    <p class='ocr_par' dir='ltr' id='par_1_101' title="bbox 273 5332 1861 5410">
     <span class='ocr_line' id='line_1_101' title="bbox 273 5332 1861 5410; baseline 0.003 -23"><span class='ocrx_word' id='word_1_719' title='bbox 273 5352 368 5396; x_wconf 88' lang='grc' dir='ltr'><strong>σις</strong></span> <span class='ocrx_word' id='word_1_720' title='bbox 387 5348 404 5362; x_wconf 86' lang='grc'><strong>·</strong></span> <span class='ocrx_word' id='word_1_721' title='bbox 445 5332 566 5387; x_wconf 84' lang='grc' dir='ltr'>ὅθεν</span> <span class='ocrx_word' id='word_1_722' title='bbox 587 5336 683 5388; x_wconf 76' lang='grc' dir='ltr'>καὶ</span> <span class='ocrx_word' id='word_1_723' title='bbox 716 5335 1041 5407; x_wconf 83' lang='grc' dir='ltr'>ἀλλοιωτικὴ</span> <span class='ocrx_word' id='word_1_724' title='bbox 1070 5338 1180 5390; x_wconf 87' lang='grc' dir='ltr'><strong>τῶν</strong></span> <span class='ocrx_word' id='word_1_725' title='bbox 1241 5341 1298 5391; x_wconf 82' lang='grc' dir='ltr'>ὲν</span> <span class='ocrx_word' id='word_1_726' title='bbox 1342 5337 1489 5407; x_wconf 86' lang='grc' dir='ltr'>αὑτῷ</span> <span class='ocrx_word' id='word_1_727' title='bbox 1520 5339 1861 5410; x_wconf 84' lang='grc' dir='ltr'>καθέστηκεν</span> 
     </span>
    </p>
   </div>
   <div class='ocr_carea' id='block_1_102' title="bbox 274 5426 1867 5500">
    <p class='ocr_par' dir='ltr' id='par_1_102' title="bbox 274 5426 1867 5500">
     <span class='ocr_line' id='line_1_102' title="bbox 274 5426 1867 5500; baseline 0.001 -19"><span class='ocrx_word' id='word_1_728' title='bbox 274 5429 315 5498; x_wconf 80' lang='grc' dir='ltr'>ἠ</span> <span class='ocrx_word' id='word_1_729' title='bbox 344 5426 489 5481; x_wconf 83' lang='grc' dir='ltr'><strong>κατά</strong></span> <span class='ocrx_word' id='word_1_730' title='bbox 538 5428 639 5498; x_wconf 82' lang='grc' dir='ltr'>τὴν</span> <span class='ocrx_word' id='word_1_731' title='bbox 694 5427 840 5500; x_wconf 77' lang='grc' dir='ltr'>ζωὴν</span> <span class='ocrx_word' id='word_1_732' title='bbox 884 5429 1118 5500; x_wconf 80' lang='grc' dir='ltr'>κίνησις.</span> <span class='ocrx_word' id='word_1_733' title='bbox 1168 5430 1434 5498; x_wconf 82' lang='grc' dir='ltr'>Ὀπηνίκα</span> <span class='ocrx_word' id='word_1_734' title='bbox 1474 5430 1529 5483; x_wconf 84' lang='grc' dir='ltr'><strong>δὲ</strong></span> <span class='ocrx_word' id='word_1_735' title='bbox 1566 5431 1656 5484; x_wconf 77' lang='grc' dir='ltr'><strong>τὸν</strong></span> <span class='ocrx_word' id='word_1_736' title='bbox 1704 5430 1867 5483; x_wconf 83' lang='grc' dir='ltr'>τόπον</span> 
     </span>
    </p>
   </div>
   <div class='ocr_carea' id='block_1_103' title="bbox 271 5520 1870 5594">
    <p class='ocr_par' dir='ltr' id='par_1_103' title="bbox 271 5520 1870 5594">
     <span class='ocr_line' id='line_1_103' title="bbox 271 5520 1870 5594; baseline 0.001 -22"><span class='ocrx_word' id='word_1_737' title='bbox 271 5520 594 5585; x_wconf 79' lang='grc' dir='ltr'>διελθοῦσα,</span> <span class='ocrx_word' id='word_1_738' title='bbox 646 5522 740 5575; x_wconf 74' lang='grc' dir='ltr'>καὶ</span> <span class='ocrx_word' id='word_1_739' title='bbox 766 5522 857 5575; x_wconf 82' lang='grc' dir='ltr'><strong>τὸν</strong></span> <span class='ocrx_word' id='word_1_740' title='bbox 888 5523 1078 5594; x_wconf 92' lang='grc' dir='ltr'>χρόνον</span> <span class='ocrx_word' id='word_1_741' title='bbox 1108 5526 1228 5576; x_wconf 87' lang='grc' dir='ltr'>κατ’</span> <span class='ocrx_word' id='word_1_742' title='bbox 1262 5524 1539 5594; x_wconf 77' lang='grc' dir='ltr'>ὲνέργειάν</span> <span class='ocrx_word' id='word_1_743' title='bbox 1568 5540 1626 5575; x_wconf 89' lang='grc' dir='ltr'><strong>τε</strong></span> <span class='ocrx_word' id='word_1_744' title='bbox 1666 5525 1760 5577; x_wconf 69' lang='grc' dir='ltr'>καὶ</span> <span class='ocrx_word' id='word_1_745' title='bbox 1786 5523 1870 5575; x_wconf 81' lang='grc' dir='ltr'><strong>ἔν-</strong></span> 
     </span>
    </p>
   </div>
   <div class='ocr_carea' id='block_1_104' title="bbox 1961 4606 3534 4680">
    <p class='ocr_par' dir='ltr' id='par_1_104' title="bbox 1961 4606 3534 4680">
     <span class='ocr_line' id='line_1_104' title="bbox 1961 4606 3534 4680; baseline -0.001 -18"><span class='ocrx_word' id='word_1_746' title='bbox 1961 4625 2068 4679; x_wconf 90' lang='lat' dir='ltr'><strong>que</strong></span> <span class='ocrx_word' id='word_1_747' title='bbox 2121 4608 2493 4680; x_wconf 89' lang='lat' dir='ltr'><strong>(alterationis</strong></span> <span class='ocrx_word' id='word_1_748' title='bbox 2546 4608 2770 4676; x_wconf 85' lang='lat' dir='ltr'><strong>vocant)</strong></span> <span class='ocrx_word' id='word_1_749' title='bbox 2823 4608 3071 4663; x_wconf 90' lang='lat' dir='ltr'><strong>desierit.</strong></span> <span class='ocrx_word' id='word_1_750' title='bbox 3124 4607 3356 4662; x_wconf 89' lang='lat' dir='ltr'><strong>Necesse</strong></span> <span class='ocrx_word' id='word_1_751' title='bbox 3389 4606 3534 4661; x_wconf 89' lang='lat' dir='ltr'><strong>enim</strong></span> 
     </span>
    </p>
   </div>
   <div class='ocr_carea' id='block_1_105' title="bbox 1962 4697 3540 4776">
    <p class='ocr_par' dir='ltr' id='par_1_105' title="bbox 1962 4697 3540 4776">
     <span class='ocr_line' id='line_1_105' title="bbox 1962 4697 3540 4776; baseline -0.002 -22"><span class='ocrx_word' id='word_1_752' title='bbox 1962 4708 2064 4763; x_wconf 92' lang='lat' dir='ltr'><strong>cst,</strong></span> <span class='ocrx_word' id='word_1_753' title='bbox 2096 4711 2158 4754; x_wconf 85' lang='lat' dir='ltr'><strong>ut</strong></span> <span class='ocrx_word' id='word_1_754' title='bbox 2187 4698 2337 4753; x_wconf 89' lang='lat' dir='ltr'><strong>tinita</strong></span> <span class='ocrx_word' id='word_1_755' title='bbox 2375 4699 2535 4769; x_wconf 88' lang='lat' dir='ltr'><strong>quies</strong></span> <span class='ocrx_word' id='word_1_756' title='bbox 2562 4699 2639 4770; x_wconf 93' lang='lat' dir='ltr'><strong>(in</strong></span> <span class='ocrx_word' id='word_1_757' title='bbox 2678 4716 2783 4768; x_wconf 88' lang='lat' dir='ltr'><strong>qua</strong></span> <span class='ocrx_word' id='word_1_758' title='bbox 2816 4698 3128 4753; x_wconf 87' lang='lat' dir='ltr'><strong>necessario</strong></span> <span class='ocrx_word' id='word_1_759' title='bbox 3162 4712 3261 4768; x_wconf 89' lang='lat' dir='ltr'><strong>per</strong></span> <span class='ocrx_word' id='word_1_760' title='bbox 3291 4697 3540 4776; x_wconf 84' lang='lat' dir='ltr'><strong>demuta-</strong></span> 
     </span>
    </p>
   </div>
   <div class='ocr_carea' id='block_1_106' title="bbox 1964 4790 3539 4860">
    <p class='ocr_par' dir='ltr' id='par_1_106' title="bbox 1964 4790 3539 4860">
     <span class='ocr_line' id='line_1_106' title="bbox 1964 4790 3539 4860; baseline -0.003 -15"><span class='ocrx_word' id='word_1_761' title='bbox 1964 4792 2169 4846; x_wconf 90' lang='lat' dir='ltr'><strong>tionem</strong></span> <span class='ocrx_word' id='word_1_762' title='bbox 2213 4791 2318 4846; x_wconf 88' lang='lat' dir='ltr'><strong>alia</strong></span> <span class='ocrx_word' id='word_1_763' title='bbox 2355 4806 2422 4845; x_wconf 79' lang='lat' dir='ltr'><strong>ex</strong></span> <span class='ocrx_word' id='word_1_764' title='bbox 2458 4790 2562 4844; x_wconf 90' lang='lat' dir='ltr'><strong>alia</strong></span> <span class='ocrx_word' id='word_1_765' title='bbox 2596 4790 2880 4860; x_wconf 88' lang='lat' dir='ltr'><strong>qualitate,</strong></span> <span class='ocrx_word' id='word_1_766' title='bbox 2915 4804 3128 4853; x_wconf 82' lang='lat' dir='ltr'><strong>eorum,</strong></span> <span class='ocrx_word' id='word_1_767' title='bbox 3162 4804 3283 4858; x_wconf 73' lang='lat' dir='ltr'><strong>qua:</strong></span> <span class='ocrx_word' id='word_1_768' title='bbox 3320 4803 3539 4843; x_wconf 83' lang='lat' dir='ltr'><strong>moven-</strong></span> 
     </span>
    </p>
   </div>
   <div class='ocr_carea' id='block_1_107' title="bbox 1968 4878 3535 4953">
    <p class='ocr_par' dir='ltr' id='par_1_107' title="bbox 1968 4878 3535 4953">
     <span class='ocr_line' id='line_1_107' title="bbox 1968 4878 3535 4953; baseline -0.002 -15"><span class='ocrx_word' id='word_1_769' title='bbox 1968 4893 2079 4949; x_wconf 89' lang='lat' dir='ltr'><strong>tur,</strong></span> <span class='ocrx_word' id='word_1_770' title='bbox 2113 4886 2285 4938; x_wconf 92' lang='lat' dir='ltr'><strong>motui</strong></span> <span class='ocrx_word' id='word_1_771' title='bbox 2316 4893 2377 4937; x_wconf 86' lang='lat' dir='ltr'><strong>ut</strong></span> <span class='ocrx_word' id='word_1_772' title='bbox 2410 4882 2503 4937; x_wconf 83' lang='lat' dir='ltr'><strong>ﬁat</strong></span> <span class='ocrx_word' id='word_1_773' title='bbox 2539 4890 2912 4952; x_wconf 90' lang='lat' dir='ltr'><strong>comparatum</strong></span> <span class='ocrx_word' id='word_1_774' title='bbox 2943 4878 3046 4951; x_wconf 92' lang='lat' dir='ltr'><strong>est)</strong></span> <span class='ocrx_word' id='word_1_775' title='bbox 3091 4881 3253 4936; x_wconf 82' lang='lat' dir='ltr'><strong>linem</strong></span> <span class='ocrx_word' id='word_1_776' title='bbox 3285 4880 3535 4953; x_wconf 64' lang='lat' dir='ltr'><strong>accipiat.</strong></span> 
     </span>
    </p>
   </div>
   <div class='ocr_carea' id='block_1_108' title="bbox 1967 4970 3579 5045">
    <p class='ocr_par' dir='ltr' id='par_1_108' title="bbox 1967 4970 3579 5045">
     <span class='ocr_line' id='line_1_108' title="bbox 1967 4970 3579 5045; baseline -0.006 -15"><span class='ocrx_word' id='word_1_777' title='bbox 1967 4982 2233 5045; x_wconf 64' lang='lat' dir='ltr'><strong>praesente</strong></span> <span class='ocrx_word' id='word_1_778' title='bbox 2269 4974 2379 5045; x_wconf 84' lang='lat' dir='ltr'><strong>jam</strong></span> <span class='ocrx_word' id='word_1_779' title='bbox 2426 4971 2819 5026; x_wconf 88' lang='lat' dir='ltr'><strong>interminabili</strong></span> <span class='ocrx_word' id='word_1_780' title='bbox 2865 4972 3071 5040; x_wconf 91' lang='lat' dir='ltr'><strong>quiete,</strong></span> <span class='ocrx_word' id='word_1_781' title='bbox 3107 4970 3161 5023; x_wconf 91' lang='lat' dir='ltr'><strong>in</strong></span> <span class='ocrx_word' id='word_1_782' title='bbox 3204 4984 3310 5039; x_wconf 90' lang='lat' dir='ltr'><strong>qua</strong></span> <span class='ocrx_word' id='word_1_783' title='bbox 3348 4982 3539 5023; x_wconf 90' lang='lat' dir='ltr'><strong>eorum</strong></span> <span class='ocrx_word' id='word_1_784' title='bbox 3574 4978 3579 4983; x_wconf 89' lang='lat'><em>&#39;</em></span> 
     </span>
    </p>
   </div>
   <div class='ocr_carea' id='block_1_109' title="bbox 1966 5055 3540 5135">
    <p class='ocr_par' dir='ltr' id='par_1_109' title="bbox 1966 5055 3540 5135">
     <span class='ocr_line' id='line_1_109' title="bbox 1966 5055 3540 5135; baseline -0.006 -16"><span class='ocrx_word' id='word_1_785' title='bbox 1966 5079 2089 5135; x_wconf 74' lang='lat' dir='ltr'><strong>quae</strong></span> <span class='ocrx_word' id='word_1_786' title='bbox 2126 5073 2434 5128; x_wconf 83' lang='lat' dir='ltr'><strong>moventur,</strong></span> <span class='ocrx_word' id='word_1_787' title='bbox 2466 5072 2649 5117; x_wconf 91' lang='lat' dir='ltr'><strong>motus</strong></span> <span class='ocrx_word' id='word_1_788' title='bbox 2688 5076 2903 5116; x_wconf 88' lang='lat' dir='ltr'><strong>cessare</strong></span> <span class='ocrx_word' id='word_1_789' title='bbox 2933 5060 3117 5114; x_wconf 89' lang='lat' dir='ltr'><strong>habet.</strong></span> <span class='ocrx_word' id='word_1_790' title='bbox 3158 5058 3217 5113; x_wconf 92' lang='lat' dir='ltr'><strong>ln</strong></span> <span class='ocrx_word' id='word_1_791' title='bbox 3255 5072 3366 5127; x_wconf 92' lang='lat' dir='ltr'><strong>quo</strong></span> <span class='ocrx_word' id='word_1_792' title='bbox 3393 5055 3540 5111; x_wconf 89' lang='lat' dir='ltr'><strong>enim</strong></span> 
     </span>
    </p>
   </div>
   <div class='ocr_carea' id='block_1_110' title="bbox 1966 5147 3541 5219">
    <p class='ocr_par' dir='ltr' id='par_1_110' title="bbox 1966 5147 3541 5219">
     <span class='ocr_line' id='line_1_110' title="bbox 1966 5147 3541 5219; baseline -0.005 -10"><span class='ocrx_word' id='word_1_793' title='bbox 1966 5162 2159 5210; x_wconf 90' lang='lat' dir='ltr'><strong>natura</strong></span> <span class='ocrx_word' id='word_1_794' title='bbox 2191 5153 2457 5208; x_wconf 92' lang='lat' dir='ltr'><strong>terminus</strong></span> <span class='ocrx_word' id='word_1_795' title='bbox 2486 5160 2590 5218; x_wconf 86' lang='lat' dir='ltr'><strong>est,</strong></span> <span class='ocrx_word' id='word_1_796' title='bbox 2612 5151 2838 5207; x_wconf 88' lang='lat' dir='ltr'><strong>omnino</strong></span> <span class='ocrx_word' id='word_1_797' title='bbox 2861 5150 3025 5205; x_wconf 89' lang='lat' dir='ltr'><strong>etiam</strong></span> <span class='ocrx_word' id='word_1_798' title='bbox 3053 5158 3231 5204; x_wconf 91' lang='lat' dir='ltr'><strong>motus</strong></span> <span class='ocrx_word' id='word_1_799' title='bbox 3248 5147 3541 5219; x_wconf 85' lang='lat' dir='ltr'><strong>ejusmodi,</strong></span> 
     </span>
    </p>
   </div>
   <div class='ocr_carea' id='block_1_111' title="bbox 1970 5239 3538 5317">
    <p class='ocr_par' dir='ltr' id='par_1_111' title="bbox 1970 5239 3538 5317">
     <span class='ocr_line' id='line_1_111' title="bbox 1970 5239 3538 5317; baseline -0.006 -16"><span class='ocrx_word' id='word_1_800' title='bbox 1970 5246 2061 5317; x_wconf 90' lang='lat' dir='ltr'><strong>qui</strong></span> <span class='ocrx_word' id='word_1_801' title='bbox 2093 5261 2158 5301; x_wconf 84' lang='lat' dir='ltr'><strong>ex</strong></span> <span class='ocrx_word' id='word_1_802' title='bbox 2189 5246 2294 5301; x_wconf 90' lang='lat' dir='ltr'><strong>alia</strong></span> <span class='ocrx_word' id='word_1_803' title='bbox 2332 5246 2387 5299; x_wconf 93' lang='lat' dir='ltr'><strong>in</strong></span> <span class='ocrx_word' id='word_1_804' title='bbox 2419 5243 2580 5298; x_wconf 90' lang='lat' dir='ltr'><strong>aliam</strong></span> <span class='ocrx_word' id='word_1_805' title='bbox 2612 5242 2871 5299; x_wconf 83' lang='lat' dir='ltr'><strong>transfert</strong></span> <span class='ocrx_word' id='word_1_806' title='bbox 2897 5241 3238 5312; x_wconf 89' lang='lat' dir='ltr'><strong>qualitatem,</strong></span> <span class='ocrx_word' id='word_1_807' title='bbox 3272 5240 3351 5295; x_wconf 92' lang='lat' dir='ltr'><strong>illi</strong></span> <span class='ocrx_word' id='word_1_808' title='bbox 3379 5239 3538 5295; x_wconf 86' lang='lat' dir='ltr'><strong>inest.</strong></span> 
     </span>
    </p>
   </div>
   <div class='ocr_carea' id='block_1_112' title="bbox 1970 5331 3545 5407">
    <p class='ocr_par' dir='ltr' id='par_1_112' title="bbox 1970 5331 3545 5407">
     <span class='ocr_line' id='line_1_112' title="bbox 1970 5331 3545 5407; baseline -0.004 -15"><span class='ocrx_word' id='word_1_809' title='bbox 1970 5338 2027 5392; x_wconf 94' lang='lat' dir='ltr'><strong>ln</strong></span> <span class='ocrx_word' id='word_1_810' title='bbox 2059 5352 2169 5407; x_wconf 91' lang='lat' dir='ltr'><strong>quo</strong></span> <span class='ocrx_word' id='word_1_811' title='bbox 2193 5344 2374 5391; x_wconf 89' lang='lat' dir='ltr'><strong>autem</strong></span> <span class='ocrx_word' id='word_1_812' title='bbox 2400 5344 2594 5391; x_wconf 89' lang='lat' dir='ltr'><strong>natura</strong></span> <span class='ocrx_word' id='word_1_813' title='bbox 2621 5334 2893 5389; x_wconf 91' lang='lat' dir='ltr'><strong>terminus</strong></span> <span class='ocrx_word' id='word_1_814' title='bbox 2921 5348 3031 5388; x_wconf 90' lang='lat' dir='ltr'><strong>non</strong></span> <span class='ocrx_word' id='word_1_815' title='bbox 3060 5341 3161 5396; x_wconf 90' lang='lat' dir='ltr'><strong>est,</strong></span> <span class='ocrx_word' id='word_1_816' title='bbox 3191 5332 3247 5386; x_wconf 93' lang='lat' dir='ltr'><strong>in</strong></span> <span class='ocrx_word' id='word_1_817' title='bbox 3269 5345 3337 5387; x_wconf 89' lang='lat' dir='ltr'><strong>eo</strong></span> <span class='ocrx_word' id='word_1_818' title='bbox 3360 5331 3545 5385; x_wconf 84' lang='lat' dir='ltr'><strong>nullus</strong></span> 
     </span>
    </p>
   </div>
   <div class='ocr_carea' id='block_1_113' title="bbox 1967 5419 3542 5498">
    <p class='ocr_par' dir='ltr' id='par_1_113' title="bbox 1967 5419 3542 5498">
     <span class='ocr_line' id='line_1_113' title="bbox 1967 5419 3542 5498; baseline -0.005 -15"><span class='ocrx_word' id='word_1_819' title='bbox 1967 5428 2189 5483; x_wconf 90' lang='lat' dir='ltr'><strong>omnino</strong></span> <span class='ocrx_word' id='word_1_820' title='bbox 2227 5426 2495 5498; x_wconf 86' lang='lat' dir='ltr'><strong>ejusmodi</strong></span> <span class='ocrx_word' id='word_1_821' title='bbox 2541 5434 2725 5480; x_wconf 87' lang='lat' dir='ltr'><strong>motus</strong></span> <span class='ocrx_word' id='word_1_822' title='bbox 2762 5430 3034 5480; x_wconf 90' lang='lat' dir='ltr'><strong>occurret.</strong></span> <span class='ocrx_word' id='word_1_823' title='bbox 3074 5422 3264 5493; x_wconf 78' lang='lat' dir='ltr'><strong>Igitur,</strong></span> <span class='ocrx_word' id='word_1_824' title='bbox 3307 5419 3542 5475; x_wconf 89' lang='lat' dir='ltr'><strong>mundus</strong></span> 
     </span>
    </p>
   </div>
   <div class='ocr_carea' id='block_1_114' title="bbox 1969 5512 3533 5591">
    <p class='ocr_par' dir='ltr' id='par_1_114' title="bbox 1969 5512 3533 5591">
     <span class='ocr_line' id='line_1_114' title="bbox 1969 5512 3533 5591; baseline -0.005 -17"><span class='ocrx_word' id='word_1_825' title='bbox 1969 5519 2191 5591; x_wconf 90' lang='lat' dir='ltr'><strong>quidem</strong></span> <span class='ocrx_word' id='word_1_826' title='bbox 2222 5519 2378 5576; x_wconf 76' lang='lat' dir='ltr'><strong>locus</strong></span> <span class='ocrx_word' id='word_1_827' title='bbox 2406 5525 2491 5573; x_wconf 71' lang='lat' dir='ltr'><strong>est</strong></span> <span class='ocrx_word' id='word_1_828' title='bbox 2514 5517 2899 5573; x_wconf 84' lang='lat' dir='ltr'><strong>terminativus</strong></span> <span class='ocrx_word' id='word_1_829' title='bbox 2921 5530 2987 5570; x_wconf 90' lang='lat' dir='ltr'><strong>ac</strong></span> <span class='ocrx_word' id='word_1_830' title='bbox 3010 5513 3162 5569; x_wconf 78' lang='lat' dir='ltr'><strong>ﬁnita</strong></span> <span class='ocrx_word' id='word_1_831' title='bbox 3188 5512 3374 5585; x_wconf 83' lang='lat' dir='ltr'><strong>quies;</strong></span> <span class='ocrx_word' id='word_1_832' title='bbox 3401 5523 3533 5573; x_wconf 78' lang='lat' dir='ltr'><strong>tem-</strong></span> 
     </span>
    </p>
   </div>
   <div class='ocr_carea' id='block_1_115' title="bbox 274 5600 1855 5683">
    <p class='ocr_par' dir='ltr' id='par_1_115' title="bbox 274 5608 1855 5683">
     <span class='ocr_line' id='line_1_115' title="bbox 274 5608 1855 5683; baseline -0.001 -18"><span class='ocrx_word' id='word_1_833' title='bbox 274 5627 462 5675; x_wconf 81' lang='grc' dir='ltr'>νοιαν,</span> <span class='ocrx_word' id='word_1_834' title='bbox 487 5612 520 5681; x_wconf 81' lang='grc' dir='ltr'><strong>ἡ</strong></span> <span class='ocrx_word' id='word_1_835' title='bbox 571 5611 729 5677; x_wconf 84' lang='grc' dir='ltr'>φύσις</span> <span class='ocrx_word' id='word_1_836' title='bbox 757 5613 945 5682; x_wconf 67' lang='grc' dir='ltr'>(ἤγουν</span> <span class='ocrx_word' id='word_1_837' title='bbox 978 5612 1046 5665; x_wconf 80' lang='grc' dir='ltr'><strong>τὰ</strong></span> <span class='ocrx_word' id='word_1_838' title='bbox 1078 5608 1152 5666; x_wconf 84' lang='grc' dir='ltr'><strong>ὧν</strong></span> <span class='ocrx_word' id='word_1_839' title='bbox 1201 5612 1298 5665; x_wconf 85' lang='grc' dir='ltr'><strong>οὑκ</strong></span> <span class='ocrx_word' id='word_1_840' title='bbox 1329 5612 1479 5677; x_wconf 86' lang='grc' dir='ltr'>ἄνευ,</span> <span class='ocrx_word' id='word_1_841' title='bbox 1506 5611 1751 5665; x_wconf 80' lang='grc' dir='ltr'>τουτέστι</span> <span class='ocrx_word' id='word_1_842' title='bbox 1778 5610 1855 5683; x_wconf 62' lang='grc' dir='ltr'>τὴπ</span> 
     </span>
    </p>
   </div>
   <div class='ocr_carea' id='block_1_116' title="bbox 1949 5600 3540 5683">
    <p class='ocr_par' dir='ltr' id='par_1_116' title="bbox 1972 5600 3540 5682">
     <span class='ocr_line' id='line_1_116' title="bbox 1972 5600 3540 5682; baseline -0.008 -17"><span class='ocrx_word' id='word_1_843' title='bbox 1972 5626 2075 5682; x_wconf 91' lang='lat' dir='ltr'><strong>pus</strong></span> <span class='ocrx_word' id='word_1_844' title='bbox 2106 5619 2309 5676; x_wconf 91' lang='lat' dir='ltr'><strong>autem,</strong></span> <span class='ocrx_word' id='word_1_845' title='bbox 2341 5618 2520 5665; x_wconf 81' lang='lat' dir='ltr'><strong>motus</strong></span> <span class='ocrx_word' id='word_1_846' title='bbox 2548 5617 2633 5665; x_wconf 91' lang='lat' dir='ltr'><strong>est</strong></span> <span class='ocrx_word' id='word_1_847' title='bbox 2656 5607 2948 5673; x_wconf 79' lang='lat' dir='ltr'><strong>deﬁnitus;</strong></span> <span class='ocrx_word' id='word_1_848' title='bbox 2978 5620 3042 5661; x_wconf 82' lang='lat' dir='ltr'><strong>ex</strong></span> <span class='ocrx_word' id='word_1_849' title='bbox 3068 5618 3177 5677; x_wconf 93' lang='lat' dir='ltr'><strong>quo</strong></span> <span class='ocrx_word' id='word_1_850' title='bbox 3202 5601 3365 5659; x_wconf 87' lang='lat' dir='ltr'><strong>etiam</strong></span> <span class='ocrx_word' id='word_1_851' title='bbox 3399 5600 3460 5659; x_wconf 84' lang='lat' dir='ltr'><strong>ﬁt</strong></span> <span class='ocrx_word' id='word_1_852' title='bbox 3486 5613 3540 5656; x_wconf 86' lang='lat' dir='ltr'><strong>ut</strong></span> 
     </span>
    </p>
   </div>
   <div class='ocr_carea' id='block_1_117' title="bbox 359 5788 790 5851">
    <p class='ocr_par' dir='ltr' id='par_1_117' title="bbox 359 5788 790 5851">
     <span class='ocr_line' id='line_1_117' title="bbox 359 5788 790 5851; baseline -0.005 -8"><span class='ocrx_word' id='word_1_853' title='bbox 359 5790 406 5823; x_wconf 82' lang='lat'><strong>&quot;</strong></span> <span class='ocrx_word' id='word_1_854' title='bbox 442 5788 599 5843; x_wconf 79' lang='lat' dir='ltr'><strong>Rom.</strong></span> <span class='ocrx_word' id='word_1_855' title='bbox 635 5806 672 5851; x_wconf 89' lang='grc' dir='ltr'><strong>ι,</strong></span> <span class='ocrx_word' id='word_1_856' title='bbox 704 5789 790 5843; x_wconf 76' lang='lat'><strong>25.</strong></span> 
     </span>
    </p>
   </div>
  </div>
