4218 6432
240 399 344 466 761

1298 389 1791 465 ΟΠᾸΕΞΤΙΟΝΕΞ
1823 389 1925 448 AD
1962 385 2466 448 THALASSIUM.

3390 380 3496 446 762

240 509 406 578 νόμον
454 506 844 580 περιγράφων,
893 504 1018 566 τοὺς
1064 501 1206 554 κατὰ
1253 499 1416 570 φύσιν
1469 499 1658 567 λόγου-ς
1725 496 1807 549 ml

1921 495 2018 549 mit
2047 505 2102 549 et
2130 499 2504 563 persequitur,
2533 492 2829 562 perditque
2860 490 3002 561 (sola
3029 487 3292 542 nimirum
3327 501 3496 541 carne

240 598 536 669 λογισμούς
566 614 579 626 ·
611 597 786 666 τιμῶν
831 596 905 657 ὠς
944 593 1062 646 θεῖα
1107 591 1176 645 τὰ
1231 591 1378 660 πάθη
1417 593 1517 659 τῆς
1569 590 1812 658 ἀτιμίας,

240 688 387 758 ᾇπερ
420 689 469 739 οἱ
501 687 642 739 κατὰ
694 686 854 754 φύσιν
908 682 1195 751 λογισμοὶ,
1229 681 1598 748 λαμϐάνοντες
1628 677 1814 730 ἄδειαν

241 780 352 831 ὑπὸ
382 777 475 830 τοῦ
496 779 660 848 νόμου
694 777 786 829 τοῦ
835 775 1165 843 πνεύματος,
1196 771 1588 824 ἀποκτένουσιν
1633 771 1813 820 ἐπιτο-

237 870 372 923 αυτδ
413 872 504 923 καὶ
561 869 879 921 θανατοῦσιν
943 869 1000 919 tv
1057 866 1198 935 ἀρχῇ
1267 861 1526 933 θερισμοῦ
1586 859 1811 930 κριθῶν.

251 961 420 1032 Ἀρχὴ
458 961 515 1013 δὲ
538 957 1014 1030 θερισμοῦκριθῶν
1036 957 1202 1020 ἐστιν,
1239 957 1272 1024 ἡ
1306 953 1447 1006 κατὰ
1465 953 1562 1020 τὴν
1583 967 1814 1019 πρακτι-

237 1053 342 1124 κὴν
408 1052 723 1122 φιλοσοφίαν
774 1050 911 1120 μετὰ
965 1065 1109 1109 τινος
1149 1045 1463 1114 συμμέτρου
1500 1042 1655 1108 λόγου
1704 1040 1814 1092 τῶν

238 1143 452 1213 ἀρετῶν
506 1143 769 1211 συλλογή-
829 1141 947 1194 καθ’
979 1140 1044 1209 ἢν
1077 1139 1139 1190 τὸ
1175 1136 1373 1204 γεῶδες
1429 1134 1536 1187 τῶν
1585 1132 1814 1204 Γραφῶν

238 1235 632 1288 ἁποκτένεσθαι
693 1235 924 1302 πέφυκε,
977 1233 1069 1285 καὶ
1125 1231 1232 1283 πᾶν
1293 1228 1473 1298 χοῖκὸν
1533 1225 1813 1287 παντελῶς

236 1325 597 1393 ἀφανίζεσθαι
640 1324 867 1395 κίνημα.
906 1325 1058 1392 Ἀμα
1089 1322 1197 1391 γάρ
1221 1339 1303 1383 τις
1332 1321 1432 1388 τὴν
1458 1318 1567 1371 τῶν
1599 1317 1813 1388 ἀρετῶν

238 1415 471 1482 λογικῶς
501 1414 744 1484 μετέλθοι
779 1413 1097 1482 φιλοσοφίαν
1124 1411 1261 1484 μθ),
1288 1410 1406 1480 ἅμα
1440 1410 1532 1462 καὶ
1559 1410 1657 1478 τὴν
1706 1407 1813 1460 τῶν

238 1506 472 1576 Γραφῶν
492 1506 630 1577 πρὸς
655 1505 715 1558 τὸ
746 1505 964 1574 πνεῦμα
1015 1502 1260 1572 φυσικῶς
1289 1502 1624 1571 μετήνεγκεν
1659 1500 1812 1551 ὲκδοο

236 1597 359 1666 χὴν.
414 1599 473 1649 tv
533 1597 810 1666 καινότητι
855 1594 1162 1663 πνεύματος
1217 1592 1534 1662 πρακτικῶς
1569 1591 1658 1643 διὰ
1704 1591 1815 1643 τῶν

237 1688 460 1758 ὑψηλῶν
514 1688 884 1758 θεωρημάτων
935 1686 1011 1757 τῷ
1064 1684 1184 1754 Θεῷ
1239 1683 1538 1754 λατρεύων,
1605 1683 1699 1735 καὶ
1751 1683 1812 1734 οὐ

1915 587 2092 656 legem
2116 582 2405 654 deliniens)
2473 585 2753 638 naturales
2794 583 3038 637 rationes
3100 591 3156 635 et
3197 579 3488 650 cogitatio-

1915 694 2014 733 nes
2042 679 2223 732 :velut
2251 677 2487 741 divinos,
2533 676 2828 744 probrosos
2887 675 3118 730 atl‘ectus
3165 673 3355 727 colens
3398 668 3485 726 “t

1915 787 2054 840 quos
2084 769 2338 824 videlicet
2368 780 2714 823 assumemes
2734 767 2898 835 289
2914 768 3199 820 naturales
3221 765 3488 828 rationes,

1915 872 2137 933 accepta
2196 863 2419 917 licentia
2479 878 2506 913 εξ
2565 862 2680 930 lege
2739 859 2994 929 spiritali,
3029 859 3083 912 in
3111 875 3283 912 unum
3327 857 3491 912 simul

1915 955 2390 1010 contrucidantae
2417 955 2765 1016 interimunt,
2803 955 2857 1005 in
2898 951 3057 1005 initio
3109 951 3304 1006 messis
3355 951 3493 1005 hor-

1914 1048 2164 1104 deorum.
2211 1049 2307 1103 Est
2366 1055 2549 1100 autem
2611 1046 2828 1099 initium
2881 1045 3077 1099 messis
3131 1043 3487 1106 hordeorum,

1913 1142 2188 1196 virtutum
2220 1155 2345 1194 cum
2372 1139 2656 1193 moderata
2681 1138 2919 1206 quadam
2948 1138 3160 1191 ratione
3189 1151 3287 1206 per
3310 1136 3492 1206 philo-

1915 1235 2165 1304 sophiam
2197 1232 2508 1287 studentem
2540 1232 2744 1285 actioni
2789 1231 3042 1284 collectio
3079 1248 3092 1284 :
3128 1245 3239 1299 qua
3270 1243 3491 1298 compa-

1913 1335 2094 1380 ratum
2122 1335 2181 1380 ut
2215 1325 2579 1393 internecioni
2631 1325 2796 1378 detur
2847 1321 3118 1392 quidquid
3171 1321 3487 1390 Scriptura-

1915 1434 2036 1473 rum
2070 1428 2348 1473 terrenum
2381 1427 2486 1481 est,
2519 1433 2583 1470 ac
2619 1425 2871 1470 terrenus
2903 1415 3084 1470 omnis
3119 1422 3305 1468 motus
3350 1413 3489 1468 abo-

1913 1513 2112 1567 leatur.
2150 1511 2272 1564 Mox
2300 1491 2448 1564 enim
2473 1525 2538 1563 ac
2557 1508 2757 1577 aliquis
2784 1509 3050 1562 virtutum
3078 1505 3488 1577 philosophiam

1913 1618 1981 1657 ex
2008 1604 2220 1658 ratione
2250 1601 2456 1663 inierit,
2485 1617 2591 1655 una
2634 1616 2855 1669 quoque
2900 1600 3309 1668 Scripturarum
3361 1613 3491 1652 sen-

1915 1709 2037 1747 sum
2059 1704 2254 1746 natura
2279 1693 2332 1746 in
2370 1693 2623 1761 spiritum
2662 1693 2941 1754 transfert,
2972 1690 3028 1744 in
3064 1690 3307 1744 novitate
3376 1688 3491 1758 spi-

234 1779 926 1850 παλαιότητιγρὰμματος,
976 1777 1064 1830 διὰ
1090 1777 1188 1845 τῆς
1231 1779 1349 1828 κατ’
1373 1773 1622 1843 αἴσθησιν
1673 1774 1807 1843 πρὸς

1916 1786 2055 1842 ritus
2085 1786 2320 1840 actionis
2354 1786 2503 1839 cultu
2538 1800 2635 1853 per
2663 1784 2923 1838 sublimia
2957 1798 3118 1837 sensa
3177 1791 3344 1852 atque
3389 1780 3490 1835 ob-

234 1869 400 1939 σῶμα
428 1871 813 1941 ταπεινοτέρας
867 1869 961 1922 τοῦ
1022 1871 1185 1939 νόμου
1219 1866 1552 1938 παραδοχῆς,
1579 1867 1810 1936 τροφεὺς

236 1962 428 2014 παθῶν
459 1962 606 2015 κατὰ
634 1964 760 2025 τοὺς
804 1962 1091 2026 Ἰουδαίους
1124 1962 1424 2030 γινόμενος,
1490 1958 1582 2012 καὶ
1636 1959 1812 2028 ἁμαρ-

234 2056 357 2118 τίας
389 2054 749 2126 θεραπευτής.
784 2054 988 2124 Πράξει
1038 2053 1146 2124 γὰρ
1202 2053 1330 2122 χρὴ,
1370 2051 1455 2105 διὰ
1503 2051 1612 2104 τῶν
1673 2050 1813 2104 κατὰ

237 2148 402 2214 φύσιν
449 2146 744 2216 λογισμῶν,
799 2147 897 2216 τὴν
948 2146 1170 2214 ἐμπαθῆ
1228 2147 1319 2197 καὶ
1351 2144 1668 2214 σωματικὴν
1719 2139 1812 2192 τοῦ

235 2240 406 2307 νόμου
441 2241 684 2293 διάνοιαν
715 2237 1158 2309 διαχειρίζεσθαι,
1192 2236 1374 2298 καθὼς
1399 2238 1426 2289 ὁ
1465 2235 1562 2304 τῆς
1594 2235 1814 2303 Γραφῆς

236 2332 529 2398 ὑφηγεῖται
557 2332 733 2399 λόγος,
776 2332 999 2398 φάσκων
1023 2347 1034 2358 ·
1080 2330 1192 2382 Καὶ
1216 2329 1433 2382 ἐλαϐεν
1463 2330 1492 2381 ὀ
1513 2326 1813 2391 ,βασιλεὺς

235 2425 379 2490 τοὺς
407 2424 518 2477 δύο
565 2423 733 2488 υἱοὺς
774 2421 1027 2489 Ῥεσφᾶς
1071 2419 1359 2488 θυγατρὸς
1422 2420 1547 2472 Ἀΐα
1579 2421 1812 2470 παλλα-

235 2516 351 2582 κῆς
370 2517 478 2569 τοῦ
515 2516 736 2578 Σαοὺλ,
782 2515 889 2568 τὸν
927 2513 1194 2582 Ἐρμονθὶ
1245 2513 1340 2565 καί
1379 2511 1485 2564 τὸν
1523 2513 1814 2578 Μεμριόο-

233 2608 385 2664 σθέ·
411 2609 511 2661 καὶ
560 2607 703 2673 τοὺς
745 2606 924 2659 πέντε
966 2605 1136 2669 υἱοὺς
1181 2603 1291 2671 τῆς
1339 2601 1549 2670 Ηερὼϐ
1577 2603 1685 2670 τῆς
1709 2606 1814 2658 θυ-

233 2698 453 2768 γατρὸς
475 2699 695 2764 Σαοὺλ,
711 2698 817 2762 οὓς
833 2697 996 2750 ἔτεκε
1016 2695 1096 2760 τῷ
1132 2695 1419 2763 Ἐσδριήλ
1440 2712 1452 2724 ’
1477 2695 1570 2770 καὶ
1593 2695 1816 2748 ἔδωκεν

233 2790 458 2857 αὐτοὺς
481 2791 551 2843 ὲν
573 2792 724 2858 χειρὶ
759 2787 878 2842 τῶν
898 2785 1308 2842 Γαϐαωνιτῶν.
1364 2786 1497 2856 Χείρ
1541 2789 1656 2838 ἐστι
1706 2786 1815 2840 τῶν

236 2882 598 2936 Γαϐαωνιτῶν
665 2881 818 2953 (50),
865 2883 899 2949 ἡ
951 2879 1069 2932 κατ’
1125 2879 1326 2949 ἀρετὴν
1355 2880 1551 2949 πρᾶξις
1577 2879 1684 2932 τῶν
1714 2896 1814 2947 φυ-

238 2974 406 3027 σικῶν
433 2973 728 3044 λογισμῶν,
757 2973 822 3026 δι’
849 2967 915 3042 ἦς
945 2973 995 3024 ot
1019 2971 1126 3024 υἱοὶ
1163 2971 1394 3038 Ῥεσφᾶς
1436 2972 1689 3040 Ἐρμονθὶ
1719 2973 1813 3024 καὶ

233 3065 608 3134 Μεμφισοσθὲ,
651 3064 946 3128 τουτέστιν,
995 3065 1028 3132 ἡ
1075 3064 1138 3114 ὲκ
1175 3063 1275 3132 τῆς
1315 3065 1372 3115 tv
1412 3063 1548 3132 μόνῃ
1577 3066 1644 3133 τῇ
1674 3080 1810 3134 προ-

1907 1880 2050 1949 jecta
2080 1879 2192 1932 Deo
2226 1877 2492 1937 serviens,
2528 1883 2584 1930 et
2621 1891 2729 1929 non
2762 1876 2816 1928 in
2853 1883 3130 1928 vetustate
3189 1875 3389 1928 littera:
3413 1869 3484 1938 “,

1914 1985 2012 2040 per
2041 1969 2391 2023 humiliorem
2432 1967 2568 2036 legis
2605 1981 2833 2036 pronam
2889 1965 3109 2034 corpori
3163 1981 3229 2019 ex
3295 1979 3490 2020 sensus

1914 2062 2128 2115 ratione
2162 2059 2559 2128 acceptionem,
2607 2057 2920 2112 Iudaeorum
2979 2070 3140 2108 more
3188 2055 3484 2109 aﬂ'ectuum

1914 2162 2103 2222 pastor
2139 2166 2201 2206 ac
2230 2149 2548 2214 libidinum,
2581 2164 2684 2202 nec
2723 2163 2835 2201 non
2860 2147 3067 2216 peccati
3097 2160 3248 2200 curre
3276 2145 3458 2214 impen

1914 2263 2028 2312 sus,
2055 2247 2345 2301 exsistens.
2376 2245 2607 2298 Necesse
2641 2243 2788 2296 enim
2818 2251 2901 2295 est
2926 2251 3004 2304 ut,
3038 2241 3375 2294 naturalium
3399 2255 3488 2294 ra-

1915 2336 2124 2390 tionum
2148 2351 2273 2404 ope,
2313 2333 2612 2388 haerentem
2653 2330 2868 2385 libidini
2929 2346 2996 2384 ac
3025 2329 3370 2398 corporaiem
3409 2329 3491 2383 le-

1914 2430 1995 2500 gis
2023 2427 2437 2498 intelligentiam
2469 2427 2826 2496 perimantus,
2862 2425 2936 2480 uti
2963 2424 3259 2493 Scriptura:
3306 2429 3490 2477 textus

1913 2527 2136 2575 enarrat
2171 2536 2185 2572 :
2215 2519 2282 2572 Et
2305 2520 2500 2580 accepit
2523 2534 2613 2570 rex
2639 2517 2768 2571 duos
2796 2516 2932 2585 ﬁlios
2960 2516 3209 2583 Rhespr
3230 2514 3360 2584 ﬁlia.-
3385 2514 3486 2569 Ala

1915 2609 2115 2677 pellicis
2143 2609 2342 2674 Saulis,
2377 2609 2652 2663 Ermonthi
2686 2618 2734 2661 et
2752 2609 3190 2677 Memphibosthe;
3239 2615 3286 2659 et
3333 2608 3489 2676 quin-

1915 2719 2013 2772 que
2038 2701 2177 2770 ﬁlios
2197 2702 2429 2756 Merobes
2463 2701 2593 2769 ﬁlia:
2615 2701 2815 2767 Saulis,
2839 2718 2968 2771 quos
3001 2702 3207 2771 peperit
3219 2698 3486 2761 Esdrieli;

1915 2805 1962 2846 et
1995 2794 2136 2847 dedit
2161 2810 2245 2847 eos
2273 2795 2326 2846 in
2371 2810 2530 2846 manu
2577 2793 3015 2848 Gabaonitarum.
3054 2791 3485 2847 Gabaonitarum
3543 2785 3550 2790 ’

1915 2899 2127 2955 manus.
2169 2885 2504 2952 naturalium
2539 2885 2811 2940 rationum
2841 2885 2986 2940 actio
3026 2894 3130 2949 est,
3167 2900 3266 2954 per
3320 2898 3485 2953 quam

1917 2959 2190 3044 Rhesphze
2216 2976 2312 3029 lilii
2340 2977 2631 3030 Ermonthi
2659 2988 2716 3032 et
2744 2977 3183 3047 Memphibosthc
3227 2976 3370 3047 (qua:
3402 2976 3487 3030 ni-

1916 3067 2115 3120 mirum
2151 3083 2217 3120 ex
2243 3067 2360 3121 sola
2390 3067 2665 3121 sermonis
2705 3068 3036 3137 prolatione,
3088 3066 3361 3134 corporali
3405 3065 3487 3118 leo

233 3157 374 3226 φορᾷ
411 3154 507 3208 τοῦ
559 3155 720 3223 λόγου
759 3154 1074 3224 σωματικῆς
1093 3151 1186 3205 τοῦ
1223 3153 1386 3221 νόμου
1424 3152 1644 3222 διδαχῆς
1685 3168 1807 3219 γεν-

1913 3162 1995 3232 gis
2021 3163 2296 3225 doctrina,
2320 3162 2614 3216 libidinosa
2639 3162 2890 3232 operatio
2942 3161 3210 3222 nascitur,
3255 3159 3488 3212 lasciva-

230 3249 444 3317 νωμένη
475 3247 585 3300 τῶν
627 3248 815 3300 παθῶν
842 3246 1113 3316 ἐνέργεια,
1148 3245 1242 3297 καὶ
1304 3247 1338 3314 ἡ
1388 3243 1495 3296 τῶν
1533 3243 1810 3312 λογισμῶν

229 3340 533 3402 ἀκόλαστος
557 3339 792 3408 κίνησις,
839 3337 1256 3390 ἀποκτένονται.
1321 3337 1464 3406 Πρὸς
1523 3335 1579 3387 δὲ
1632 3337 1727 3388 καὶ
1759 3337 1808 3386 οἱ

227 3431 389 3484 πέντε
421 3431 534 3483 υἱοὶ
555 3430 658 3500 τῆς
683 3428 906 3499 Μερὼὸ,
959 3431 1258 3492 τουτέστιν,
1287 3429 1335 3480 ot
1371 3428 1434 3480 ὲκ
1466 3427 1562 3495 τῆς
1600 3427 1810 3497 τρυφῆς

227 3518 562 3588 γεννώμενοι
619 3518 759 3571 κατὰ
803 3517 903 3588 τὴν
967 3518 1119 3590 παρὰ
1171 3518 1330 3586 φύσιν
1376 3516 1471 3585 τῆς
1526 3515 1807 3584 ἐνεργείας

224 3611 428 3681 χρῆσιν.
448 3609 736 3662 ἀκόλαστοι
760 3610 921 3661 πέντε
947 3609 1140 3679 τρόποι
1159 3607 1267 3660 τῶν
1291 3608 1449 3661 πέντε
1470 3607 1774 3676 αἰσθήσεων
1790 3621 1802 3635 ·

224 3701 318 3763 οὓς
372 3701 696 3754 ἀποκτένειν
739 3702 1029 3754 ὲπιτοαυτὸ
1082 3701 1326 3770 πέφυκεν
1371 3700 1446 3761 ὡς
1478 3701 1536 3752 tv
1590 3700 1704 3769 δρει
1730 3699 1808 3768 τῷ

224 3789 350 3860 ὕψει
385 3791 487 3859 τῆς
531 3791 902 3860 πνευματικῆς
938 3790 1190 3861 θεωρίας,
1235 3790 1293 3842 tv
1340 3791 1482 3860 ἀρχῇ
1539 3788 1804 3858 θερισμοῦ

224 3884 452 3953 κριθῶν,
485 3883 623 3952 ὅπερ
666 3883 812 3935 ἐστὶν
864 3883 921 3933 tv
972 3882 1279 3952 προοιμίοις
1324 3882 1423 3951 τῆς
1464 3882 1807 3952 κατ’ἀρετὴν

223 3971 498 4044 πράξεως,
525 3972 560 4043 ἢ
588 3973 693 4042 τῆς
726 3973 866 4026 κατὰ
912 3973 1074 4041 φύσιν
1107 3973 1366 4036 εὐσεϐοῦς
1397 3974 1652 4042 θεωρίας,
1697 3975 1805 4034 πᾶς

223 4063 347 4128 νοῦς
403 4065 547 4118 κατὰ
603 4064 735 4117 Θεὸν
795 4064 997 4134 ὑψηλὸς
1051 4068 1143 4117 καὶ
1187 4065 1494 4135 μετέωρος·
1559 4066 1699 4118 κατὰ
1743 4065 1806 4118 τὸ

221 4155 375 4219 αὐτὸ,
430 4155 528 4225 τήν
563 4171 622 4207 τε
660 4156 772 4208 τῶν
819 4156 1006 4210 παθῶν
1053 4157 1449 4224 κατασφάττων
1497 4156 1800 4226 ἐνέργειαν,

221 4247 318 4300 καὶ
353 4249 455 4318 τὴν
491 4247 602 4300 τῶν
648 4247 926 4317 λογισμῶν
979 4247 1228 4318 ἄσχημον
1277 4249 1512 4319 κίνησιν.
1565 4250 1706 4319 Πρὸς
1746 4249 1803 4300 δὲ

223 4340 465 4402 καὶτοὺς
491 4340 630 4392 κατὰ
660 4340 1005 4411 παράχρησιν
1035 4340 1135 4408 τῆς
1174 4343 1282 4394 τῶν
1313 4340 1620 4410 αἰσθήσεων
1652 4343 1805 4411 ἐνερ-

221 4430 375 4497 γείας
407 4431 741 4494 ἀκολάστους
777 4433 1033 4501 τρόπους.

1911 3269 2018 3322 que
2041 3269 2104 3306 ac
2125 3254 2407 3308 l'uxuriosa
2438 3254 2832 3324 cogitationum
2888 3251 3156 3321 incitatio)
3207 3252 3486 3320 perimun-

1914 3357 2019 3400 tur.
2061 3348 2140 3400 Ad
2175 3349 2288 3402 hmc
2314 3364 2442 3402 vera
2475 3349 2642 3402 etiam
2667 3348 2912 3417 quinque
2940 3347 3192 3400 Merobes
3219 3345 3318 3399 ﬁlii
3368 3344 3484 3415 (qui

1911 3439 2124 3493 scilicet
2147 3454 2213 3493 ex
2239 3441 2520 3509 voluptate
2576 3457 2678 3509 per
2727 3440 3092 3494 innaturalem
3145 3435 3484 3507 operationis

1910 3547 2092 3595 usum,
2129 3531 2563 3600 intemperantes
2601 3532 2868 3600 quinque,
2917 3530 3162 3600 quinque
3220 3543 3483 3584 sensuum

1909 3629 2215 3674 nascuntur
2249 3620 2420 3690 modi)
2477 3637 2617 3690 quos
2675 3621 2732 3674 in
2788 3636 2966 3674 unum
3009 3615 3208 3684 simul,
3250 3619 3404 3672 velut
3428 3617 3481 3671 in

1909 3721 2093 3767 monte
2117 3713 2194 3784 (in
2216 3697 2363 3768 celso
2389 3713 2653 3782 spiritalis
2682 3712 3073 3783 speculationis
3099 3710 3327 3780 vertice)
3391 3705 3487 3764 cc-

1908 3805 2092 3858 cidere
2117 3804 2304 3868 habet,
2338 3804 2394 3857 in
2417 3805 2578 3859 initio
2617 3805 2812 3859 messis
2866 3805 3204 3859 hordeorum
3262 3803 3348 3874 (id
3375 3813 3480 3866 est,

1908 3897 2093 3966 primo
2125 3897 2309 3951 statim
2336 3898 2569 3951 actionis
2601 3914 2667 3952 ex
2690 3897 2912 3952 virtutis
2963 3897 3173 3950 ratione
3235 3895 3480 3957 exordio,

1906 3986 2040 4049 sive,
2067 3985 2169 4054 piae
2203 4000 2270 4039 ex
2302 3993 2515 4040 natura:
2543 3986 2846 4040 rationibus
2883 3984 3298 4054 speculationis)
3328 4000 3484 4038 mens

1905 4077 2088 4130 omnis
2113 4077 2421 4131 secundum
2470 4079 2644 4132 Deum
2693 4077 2912 4131 excelsa
2953 4093 3018 4130 ac
3083 4075 3374 4140 sublimis;
3428 4076 3482 4127 in

1907 4182 2075 4220 unum
2109 4165 2271 4219 simul
2299 4181 2525 4228 necatis,
2569 4175 2686 4219 tum
2721 4166 3020 4219 aﬂ’ectuum
3052 4165 3162 4218 vim
3203 4179 3268 4216 ac
3297 4163 3484 4216 libidi-

1905 4271 2059 4319 num,
2086 4266 2202 4309 tum
2258 4263 2473 4324 turpem
2528 4255 2926 4325 cogitationum
2955 4262 3188 4308 motum.
3236 4253 3314 4307 Ad
3367 4253 3484 4310 haec

1904 4348 2093 4411 etiam,
2128 4361 2391 4401 sensuum
2421 4347 2762 4415 operationis
2825 4347 2997 4400 abusu
3038 4354 3355 4400 constantes
3408 4345 3481 4399 la-

1907 4439 2080 4492 scivos
2115 4438 2306 4491 modos
2331 4448 2494 4506 atque
2526 4438 2789 4491 indolem.

291 4523 404 4576 Kal.
436 4522 682 4585 ἔπεσον,
729 4525 915 4591 φησὶν,
950 4522 1046 4574 ἐπὶ
1085 4523 1150 4574 τὸ
1197 4523 1346 4575 αὐτὸ
1395 4527 1450 4576 ol
1495 4523 1664 4586 ἑπτὰ,
1702 4525 1798 4576 καὶ

1977 4529 2044 4581 Et
2067 4530 2386 4592 ceciderunt,
2425 4528 2624 4596 inquit,
2678 4529 2730 4581 Iri
2787 4536 2981 4597 septem
3031 4526 3088 4578 in
3137 4527 3384 4596 idipsum,
3436 4535 3486 4580 et

218 4613 691 4679 ἐθανατώθησαν
743 4614 814 4666 ἐν
863 4612 1019 4681 ἀρχῇ
1062 4615 1348 4682 θερισμοῦ
1387 4614 1630 4681 κριθῶν.
1689 4615 1800 4668 Καὶ

219 4704 402 4758 ἔλαϐε
447 4701 674 4771 Ῥεσφὰ
707 4701 973 4770 θυγάτηρ
1008 4703 1131 4755 ’Λΐα
1162 4705 1267 4756 τὸν
1295 4703 1550 4769 σάκκον,
1590 4705 1689 4758 καὶ
1715 4705 1803 4757 δι-

220 4795 536 4861 έστρωσεν
593 4793 780 4846 αὑτὸν
826 4793 1012 4861 ἑαυτῇ
1054 4795 1155 4848 ἐπὶ
1215 4796 1333 4861 τὴν
1379 4797 1641 4864 πέτραν,
1687 4798 1800 4864 ἕως

219 4884 484 4948 ἔσταξεν
533 4885 626 4936 ἐπ’
682 4884 904 4950 αὐτοὺς
947 4886 1135 4938 ὕδατα
1195 4887 1343 4939 Θεοῦ
1386 4888 1456 4951 ἐξ
1511 4889 1795 4956 οὐρανοῦ.

231 4977 457 5044 Ῥεσφὲ,
492 4977 674 5041 καθὼς
728 4977 886 5046 ἔφην,
920 4979 1066 5030 ἐστὶν
1110 4980 1546 5050 έρμηνευομένη,
1577 4981 1799 5049 δρόμος

220 5071 542 5137 στόματος,
573 5071 708 5142 ὅπερ
740 5073 887 5124 ἐστὶν
921 5075 954 5143 ὴ
983 5073 1124 5125 κατὰ
1158 5075 1324 5143 μόνην
1349 5075 1444 5126 τοῦ
1474 5075 1633 5143 λόγου
1661 5093 1796 5144 προσ

221 5165 396 5231 φορὰν
433 5163 725 5232 σωματικὴ
751 5164 844 5216 τοῦ
874 5165 1039 5231 νόμου
1079 5167 1288 5235 διδαχὴ,
1339 5169 1372 5236 ἡ
1421 5168 1556 5236 μετὰ
1586 5169 1676 5220 τὸν
1705 5167 1799 5221 θά-

220 5271 380 5308 νατον
405 5254 516 5307 τῶν
543 5255 602 5321 ἐξ
624 5256 795 5325 αὐτῆς
822 5258 1177 5326 γεννωμένων
1210 5258 1420 5322 παθῶν,
1450 5259 1542 5310 καὶ
1568 5259 1668 5328 τὴν
1696 5279 1798 5328 φαο

218 5346 454 5415 νέρωσιν
483 5346 581 5416 τὴν
610 5348 670 5398 tv
700 5347 818 5417 δρει
838 5347 917 5416 τῷ
946 5347 1070 5416 ὕψει
1097 5350 1398 5418 γενομένην
1421 5351 1520 5420 τῆς
1557 5352 1796 5420 φυσικῆς

219 5431 453 5503 θεωρίας
479 5435 592 5502 (51)
633 5436 694 5486 tv
737 5437 801 5504 τῇ
838 5435 932 5488 τοῦ
991 5435 1113 5487 καθ’
1159 5437 1390 5488 ἕκαστον
1433 5437 1632 5506 καρδῐᾳ.
1686 5438 1793 5488 τῶν

218 5525 354 5595 αὐτῇ
383 5526 971 5596 προκατειλημμένων,
992 5527 1242 5598 καθάπερ
1272 5529 1474 5581 σάκκον
1500 5529 1596 5599 τὴν
1629 5531 1794 5598 μετὰ·

218 5632 367 5667 νοιαν
400 5614 736 5684 στρώννυσιν
767 5620 859 5671 ὲπὶ
885 5619 984 5691 τὴν
1015 5621 1216 5689 πέτραν
1243 5621 1405 5689 (λέγω
1434 5622 1497 5692 δὴ
1521 5624 1610 5674 τὸν
1638 5623 1792 5690 λόγον

217 5704 314 5772 τῆς
347 5705 496 5759 κατὰ
525 5707 730 5777 Κύριον
762 5711 1043 5779 πίστεως),
1064 5713 1156 5763 τὸν
1192 5713 1251 5764 tv
1285 5713 1553 5784 πνεύματι
1582 5715 1667 5768 διὰ
1694 5717 1791 5787 τῆς

285 5815 325 5848 ⁸¹
369 5818 530 5874 ltom.
559 5837 598 5888 ι,
623 5822 712 5890 26,
753 5822 840 5879 27.
921 5826 963 5857 ⁸³
993 5825 1152 5881 Rom.
1190 5845 1280 5894 vn,
1313 5831 1362 5884 6.

1905 4618 2015 4670 neci
2049 4617 2234 4669 traditi
2266 4625 2411 4678 sunt,
2433 4617 2487 4668 in
2522 4617 2780 4686 principio
2826 4617 3004 4669 messis
3026 4616 3363 4668 hordeorum.
3417 4613 3485 4667 Et

1900 4710 2018 4762 tulit
2048 4709 2288 4778 Rhesplm
2321 4709 2436 4776 ﬁlia
2472 4710 2572 4762 Αἱα
2595 4725 2830 4770 saccum,
2873 4717 2922 4760 et
2977 4710 3166 4762 strauit
3217 4725 3338 4761 eum
3385 4710 3484 4763 sibi

1901 4816 2060 4869 super
2115 4808 2323 4867 petram
2376 4799 2714 4868 quoadusque
2770 4798 3159 4851 distillaverunt
3217 4816 3376 4869 super
3398 4817 3484 4853 eos

1904 4890 2066 4959 290
2095 4904 2250 4959 aqua:
2272 4888 2366 4941 Dei
2393 4906 2420 4941 e
2467 4889 2611 4942 calo.
2653 4889 2931 4957 Rhespha,
2968 4891 3045 4945 uti
3107 4891 3380 4954 dicebam,
3437 4893 3482 4945 si

1901 4996 2102 5036 nomen
2119 4980 2522 5049 interpreteris,
2553 4997 2736 5034 cursus
2765 4982 2893 5045 oris,
2919 4989 3035 5046 est;
3067 4982 3214 5050 quod
3238 4992 3323 5037 est
3357 4999 3482 5037 cor-

1901 5073 2110 5144 poralis
2141 5072 2280 5141 legis
2312 5071 2583 5135 doctrina,
2612 5088 2677 5127 ex
2731 5074 2846 5126 sola
2881 5074 3145 5141 prolatitii
3211 5075 3484 5130 sermonis

1900 5167 2150 5231 ratione;
2182 5180 2305 5234 qua:
2331 5164 2591 5218 nimirum
2615 5173 2740 5234 post
2764 5165 3062 5219 atfectuum
3097 5181 3162 5219 ex
3194 5167 3306 5234 ipsa
3359 5183 3482 5236 pro—

1900 5269 2188 5331 gnatorum
2210 5271 2464 5324 mortem,
2501 5261 2809 5331 factamque
2843 5261 2899 5316 in
2928 5272 3114 5316 monte
3141 5261 3309 5332 (celso
3362 5277 3485 5322 vor-

1901 5355 2008 5409 tice
2032 5356 2302 5410 naturalis
2345 5354 2758 5424 speculationis)
2811 5355 2866 5408 in
2918 5355 3283 5425 singulorum,
3343 5371 3481 5422 quos

1900 5459 2026 5502 ante
2056 5448 2340 5516 complexa
2366 5455 2505 5508 erat,
2539 5446 2706 5501 corde
2732 5447 3230 5502 manifestationem
3255 5464 3268 5512 ;
3327 5449 3480 5501 velut

1900 5555 2141 5602 saccum,
2170 5539 2555 5608 paenitentiam
2605 5540 2838 5604 sternit;
2885 5555 3051 5609 super
3084 5548 3296 5610 petram
3361 5538 3480 5607 (do-

1901 5633 2138 5685 etrinam
2186 5632 2398 5686 scilicet
2449 5631 2572 5686 ‘idei
2622 5631 2936 5696 Dominicae,
3004 5630 3351 5701 spiritalibus
3395 5622 3477 5684 'in

1899 5725 2115 5778 Christo
2149 5725 2362 5795 legibus
2391 5740 2456 5780 ac
2508 5725 2661 5779 scitis
2691 5740 2788 5794 per
2829 5723 3210 5794 pwnitentiam
3271 5734 3473 5777 navans
