4218 6432
242 376 344 440 765

1307 386 1802 458 QU/ESTICNES
1839 388 1940 448 AD
1977 391 2485 456 THALASSIUM.

3409 396 3520 461 766

241 513 377 582 τικῷ
397 513 600 586 δηλαδὴ
624 516 722 586 τῆς
752 518 930 589 ψυχῆς
958 520 1138 591 μέρει,
1157 525 1284 585 τοὺς
1307 521 1450 575 κατὰ
1474 523 1825 593 παραχρήσιν

1927 515 2228 576 que'abusu
2257 515 2579 566 constantes
2605 509 2660 564 in
2679 509 2842 570 nobis
2854 524 3119 572 sensuum
3141 508 3359 582 modos)
3376 527 3516 574 quos

242 602 509 668 ἐμπαθεῖς
559 609 718 658 πέντε
761 609 1004 678 τρόπους
1054 610 1162 663 τῶν
1189 613 1247 664 ἐν
1298 612 1433 680 ἡμῖν
1475 610 1816 680 αἰσθήσεων·

241 691 332 755 οὓς
377 695 464 747 διὰ
512 697 614 766 τῆς
648 700 886 769 φυσικῆς
935 702 1288 772 ἀναιροῦντες
1341 701 1602 771 θεωρίας,
1648 702 1820 775 ὠργι-

246 783 441 852 σμένον
476 785 568 838 τὸν
598 787 731 840 Θεὸν
784 788 1100 857 ίλεούμεθα,
1142 792 1280 862 πρὸς
1317 790 1377 843 τὺ
1425 791 1646 862 πνεῦμα
1691 810 1820 863 μετ-

245 873 561 943 ενεχθέντες
607 879 716 931 ἀπὸ
765 879 863 932 τοῦ
899 883 1262 952 γράμματος·
1320 885 1416 936 καὶ
1458 885 1586 946 τοὺς
1644 884 1824 947 θείους

242 965 625 1035 ἑκκαλούμεθα
677 971 776 1041 τῆς
819 975 1074 1039 γνώσεως
1129 973 1406 1046 ὄμϐρους·
1463 975 1561 1028 καὶ
1607 977 1716 1029 τῶν
1764 978 1826 1042 t5

240 1062 412 1132 αὐτῆς
433 1063 672 1132 δαψιλῶς
694 1068 795 1137 τῆς
822 1068 1172 1140 δικαιοσύνης
1194 1071 1426 1141 καρπῶν
1450 1072 1819 1142 ἀπολαύομεν.

240 1144 315 1206 Τὸ
345 1155 452 1224 γὰρ
489 1157 726 1228 γράμμα
759 1161 850 1212 τοῦ
887 1162 1078 1231 νόμου,
1118 1163 1371 1235 καθάπερ
1404 1165 1526 1216 τινὰ
1556 1165 1748 1228 Σαοὺλ,
1788 1166 1821 1236 ἢ

241 1246 337 1316 τὴν
366 1251 428 1299 ὲκ
465 1249 560 1302 τοῦ
592 1253 924 1322 γράμματος
965 1257 1312 1327 γεννωμένην
1359 1257 1628 1327 πρόσυλον
1670 1257 1825 1310 ἐκδο-

241 1346 344 1408 χὴν
368 1343 481 1404 τοῖς
522 1347 729 1412 χοῖκοίς
760 1346 860 1415 τὴν
893 1347 1158 1412 διάνοιαν,
1205 1348 1282 1411 ὡς
1314 1348 1480 1401 τέκνα
1520 1349 1690 1403 Σαοὺλ
1731 1351 1826 1402 καὶ

242 1430 464 1497 ὲκγονα,
513 1432 602 1485 διὰ
657 1436 828 1506 μέσης
883 1439 981 1508 τῆς
1027 1439 1264 1508 φυσικῆς
1315 1439 1549 1510 θεωρίας
1587 1441 1724 1508 πρὸς
1765 1440 1827 1493 τὸ

243 1521 378 1590 ὕψος
411 1527 511 1594 τῆς
563 1531 944 1600 πνευματικῆς
997 1533 1388 1600 μυσταγωγίας
1431 1534 1820 1601 ἀναγαγόντες,

242 1615 351 1666 πᾶν
384 1619 698 1686 σωματικὸν
728 1621 821 1673 τοῦ
873 1622 1041 1692 νόμου
1093 1625 1192 1676 καὶ
1239 1625 1576 1694 πρόσκαιρον
1621 1626 1824 1695 νόημα,

242 1707 336 1757 καὶ
370 1709 702 1779 κυριώτερον
737 1713 934 1774 εἰπεῖν,
978 1714 1162 1782 χοῖκὸν
1200 1715 1617 1785 ἀποκτείνομεν,
1664 1716 1826 1786 ειπερ

242 1798 338 1851 καὶ
368 1800 533 1868 ἡμεῖς
583 1803 724 1870 μετὰ
754 1803 850 1856 τοῦ
879 1804 1017 1857 Θεοῦ
1057 1806 1151 1858 τὸν
1199 1806 1371 1859 Σαοὺλ
1414 1808 1826 1878 μεμισήκαμεν,

1923 602 2193 657 naturalis
2225 617 2330 673 ope
2359 603 2756 674 speculationis
2783 613 3068 673 necantes,
3097 605 3195 662 Dei
3221 604 3360 661 iram
3391 604 3514 674 pla-

1923 708 2135 760 camus,
2189 693 2259 749 ad
2284 694 2546 765 spiritum
2588 711 2619 751 a
2655 695 2839 751 littera
2864 697 3148 766 translati;
3181 695 3514 769 divinosque

1922 787 2170 841 excimus
2226 787 2473 842 scientiae
2521 787 2747 846 imbres.
2797 803 2860 842 ac
2901 803 3137 851 quorum
3169 787 3263 843 illa
3287 803 3510 860 parens.

1917 877 2148 948 iustitiae
2169 877 2386 934 fructus
2409 879 2646 934 ubertim
2674 881 3038 952 percipimus.
3066 880 3228 951 Legis
3269 895 3513 950 namque

1923 970 2188 1036 litteram,
2218 970 2374 1025 velut
2407 969 2650 1036 Saulem,
2681 986 2777 1026 seu
2807 986 2931 1042 quae
2961 986 3030 1026 ex
3059 971 3265 1036 litters,
3327 973 3516 1026 animo

1926 1063 2162 1117 terrenis
2199 1070 2414 1117 terrena
2444 1063 2806 1133 intelligentia
2827 1065 3098 1126 nascitur,
3144 1061 3297 1118 haud
3345 1076 3511 1117 secus

1926 1170 1991 1210 ac
2020 1153 2202 1210 Saulis
2231 1154 2372 1210 ﬁlios
2399 1164 2564 1225 atque
2609 1165 2862 1224 nepotes,
2929 1155 3222 1226 interjecta
3275 1152 3515 1210 naturali

1925 1249 2324 1318 speculatione,
2347 1248 2414 1304 ad
2437 1247 2705 1318 spiritalis
2728 1247 2998 1304 doctrina:
3016 1247 3324 1302 celsitatem
3353 1245 3516 1316 quid-

1926 1342 2060 1412 quid
2090 1343 2397 1413 corporalis
2446 1357 2508 1395 ac
2557 1340 2904 1411 temporanei
2956 1339 3094 1412 legis
3142 1353 3342 1394 sensus
3405 1345 3510 1398 est.

1927 1434 2064 1499 sive,
2101 1444 2161 1488 ut
2193 1435 2384 1488 verius
2407 1435 2604 1503 loquar
2634 1434 2863 1498 terreni,
2887 1433 3284 1503 provehentes,
3340 1432 3515 1487 inter~

1928 1523 2174 1590 ﬁcimus;
2210 1525 2254 1578 si
2275 1524 2439 1578 modo
2471 1539 2574 1578 nos
2602 1537 2847 1593 quoque,
2871 1523 3022 1577 haud
3047 1538 3209 1578 secus
3235 1537 3301 1578 ac
3344 1522 3514 1584 Deus,

1929 1617 2149 1672 Saulem
2173 1616 2412 1682 odimus,
2445 1631 2706 1685 eumque,
2735 1630 2804 1670 no
2832 1623 3024 1686 regnet
3050 1629 3218 1685 super
3254 1613 3512 1669 lsraelem

1928 1711 2238 1780 sprevimus
2268 1710 2313 1742 ⁸⁸
2339 1727 2352 1762 :
2381 1711 2433 1764 id
2464 1719 2569 1774 est,
2632 1708 2909 1764 carnalem
2952 1708 3099 1762 ultro
3151 1706 3514 1777 conspicuum

1930 1799 2229 1870 Scriptura:
2254 1797 2478 1852 modum
2521 1799 2744 1867 (nempe
2776 1795 3150 1864 Judaismum)
3183 1795 3512 1865 repulimus,

240 1890 335 1941 καὶ
395 1891 843 1964 ὲξουδενὼκαμεν
889 1897 1072 1961 αὐτὸν,
1122 1899 1216 1952 τοῦ
1261 1899 1337 1970 μὴ
1379 1899 1690 1970 βασιλεύειν
1733 1901 1827 1953 ἐπὶ

1929 1905 1999 1945 ne
2025 1889 2385 1959 intelligentis
2427 1891 2483 1944 in
2537 1890 2700 1944 nobis
2752 1889 2949 1944 animae
2988 1887 3290 1952 facultatis,
3349 1900 3516 1957 quam

250 1981 473 2052 Ἰσραήλ
493 1999 507 2015 ·
537 1984 704 2056 ἤγουν
747 1988 838 2041 τὸν
865 1989 1005 2042 κατὰ
1043 1991 1224 2060 σάρκα
1254 1989 1509 2062 προφανῆ
1548 1991 1648 2060 τῆς
1676 1991 1819 2061 Γρα-

1929 1984 2115 2041 carnis
2155 1978 2409 2037 servituti
2448 1981 2688 2046 addicat,
2718 1981 3055 2037 dominetur.

238 2074 348 2142 φῆς
384 2076 606 2146 τρόπον,
649 2079 896 2131 τουτέστι
931 2081 1024 2133 τὸν
1066 2081 1416 2151 Ἰουδαῖσμδν,
1459 2081 1823 2152 ἀπωσάμεθα,
1865 2077 1959 2132 τοῦ
1993 2074 2068 2145 μὴ
2103 2071 2408 2142 βασιλεύειν
2437 2072 2572 2139 πρὸς
2635 2071 2836 2140 σαρκὸς
2897 2069 3144 2123 δουλείαν
3168 2068 3267 2138 τῆς
3294 2069 3354 2120 ὲν
3377 2066 3516 2138 ἡμῖν

239 2171 438 2237 νοερᾶς
476 2171 784 2239 δυνάμεως.

312 2260 410 2311 Δεῖ
442 2260 550 2330 γὰρ
581 2262 672 2315 τὸν
712 2263 886 2315 Σαοὺλ
915 2264 1106 2333 (ἢγουν
1146 2263 1239 2317 τὸν
1268 2263 1581 2333 σωματικὸν
1613 2262 1710 2317 τοῦ
1738 2263 1826 2316 νό-

245 2367 350 2418 μου
397 2351 620 2423 θεσμδν)
649 2355 950 2424 μισηθῆναι
985 2355 1097 2423 (56)
1127 2355 1224 2407 καὶ
1247 2355 1569 2426 ἀπωσθῆναι
1597 2354 1698 2424 τῆς
1727 2352 1826 2424 βα-

241 2441 472 2507 σιλείας,
530 2444 606 2508 ὡς
658 2446 749 2503 τὸν
801 2447 971 2515 Ἀγάγ
1020 2446 1244 2516 βασιλέα
1300 2446 1572 2517 ’Δμαλὴκ,
1616 2447 1709 2500 καὶ
1754 2447 1822 2499 τὰ

240 2536 406 2588 πίονα
436 2537 548 2589 τῶν
579 2539 845 2608 ποιμνίων
870 2542 964 2593 καὶ
985 2539 1300 2609 βουκολίων,
1325 2541 1420 2593 καὶ
1446 2543 1545 2611 τὴν
1575 2539 1821 2611 ἄμπελον

241 2627 337 2678 καὶ
365 2628 463 2699 τὴν
496 2629 682 2682 ἐλαίαν
715 2632 802 2698 (τὰ
837 2631 930 2684 τοῦ
961 2631 1141 2702 θυμοῦ
1177 2632 1324 2700 λέγω
1365 2633 1460 2685 καὶ
1495 2631 1596 2702 τῆς
1631 2631 1822 2685 ἐπιθυ-

245 2720 377 2785 μίας
419 2722 848 2792 ὑπεκκαύματα,
891 2725 984 2775 καὶ
1016 2724 1085 2777 τὰ
1127 2725 1526 2794 περιποιητικὰ-
1556 2723 1657 2792 τῆς
1691 2738 1820 2792 τρυ-

241 2810 349 2877 φῆς
407 2814 580 2871 αἴτια)
640 2815 1120 2884 περιποιούμενον,
1153 2817 1248 2868 καὶ
1283 2815 1446 2869 αὐτὸν
1499 2813 1678 2879 ζῶντα
1728 2813 1818 2866 τὸν

2008 2253 2244 2308 Necesse
2296 2249 2445 2304 enim
2467 2259 2552 2303 est
2586 2248 2806 2304 Saulem
2835 2249 2912 2319 (id
2936 2257 3042 2314 est,
3073 2248 3418 2318 corporalem
3439 2247 3520 2302 le-

1933 2347 2017 2416 gis
2045 2344 2248 2415 ritum)
2284 2343 2413 2397 odio
2441 2343 2635 2397 haberi
2674 2357 2740 2397 ac
2767 2356 2939 2412 regno
2967 2341 3206 2411 expelli,
3241 2340 3394 2395 velut
3421 2339 3518 2410 qui

1929 2441 2078 2509 Agag
2111 2453 2294 2507 regem
2333 2437 2553 2489 Amalec
2583 2435 2921 2504 pinguesque
2944 2447 3134 2504 greges
3164 2441 3220 2486 et
3246 2440 3516 2494 armenta,

1926 2546 2142 2587 necnon
2162 2531 2328 2584 vitem
2353 2538 2516 2599 atque
2536 2527 2735 2580 olivam
2766 2526 2882 2593 (ira!
2896 2525 3108 2580 scilicet
3123 2539 3188 2577 ac
3203 2522 3521 2592 cupiditatis

1927 2626 2228 2687 incentiva,
2273 2637 2336 2676 ac
2360 2637 2483 2691 qua:
2504 2617 2723 2674 libidini
2753 2617 2998 2672 fomento
3024 2614 3314 2677 exsistant,
3351 2627 3517 2684 argu-

1927 2719 2132 2786 menta)
2147 2715 2406 2778 servet";
2437 2713 2598 2781 292
2629 2701 2793 2781 atque
2825 2710 2880 2764 in
2905 2717 3108 2763 terram
3134 2703 3521 2777 promissionis

1927 2811 2148 2884 (divinae
2171 2807 2382 2862 scilicet
2412 2801 2741 2874 cognitionis
2756 2810 2920 2871 atque
2940 2799 3063 2854 ﬁdei
3087 2799 3292 2863 locum,
3321 2811 3520 2866 nempe

253 2903 430 2972 ’Δγὰγ
460 2905 596 2974 πρὸς
647 2908 746 2977 τὴν
781 2910 884 2977 γῆν
935 2907 1310 2977 μεταφέροντα
1343 2908 1442 2975 τῆς
1488 2905 1820 2973 ἐπαγγελίας

1927 2905 2190 2972 animum)
2222 2900 2404 2955 vivum
2436 2903 2612 2967 ipsum
2635 2896 2780 2966 Agag
2809 2893 3048 2965 (vitulum
3073 2891 3304 2954 scilicet,
3331 2887 3385 2944 id
3409 2899 3516 2952 est,

243 2995 643 3063 (τουτέστιτὸν
665 3000 925 3066 μόσχον,
950 2998 1117 3067 ήγουν
1139 2997 1201 3049 τὸ
1228 2997 1412 3066 χοῖκδν
1443 2996 1700 3066 φρόνημα
1728 2996 1824 3064 τῆς

1922 3005 2206 3050 terrenum
2255 2990 2438 3047 carnis
2469 2987 2726 3054 sensum)
2789 2984 3101 3040 transferat.
3160 2983 3306 3056 Agag
3345 2981 3517 3046 enim,

243 3088 496 3156 σαρκὸς),
521 3090 602 3151 εἰς
624 3089 715 3142 τὸν
746 3090 844 3158 τῆς
873 3090 1028 3153 θείας
1067 3089 1418 3157 ἐπιγνώσεως
1447 3089 1642 3140 τόπον·
1682 3089 1824 3154 λέγω

1927 3087 1966 3142 si
1996 3099 2192 3139 nomen
2223 3080 2629 3151 interpreteris,
2682 3076 2907 3132 vitulum
2938 3082 3131 3140 sonat;
3185 3087 3351 3143 quem
3379 3071 3521 3127 forte

243 3177 310 3247 δὴ
347 3177 450 3248 τὴν
499 3179 758 3249 καρδίαν·
808 3181 1047 3248 μόσχος
1093 3179 1202 3248 γὰρ
1239 3181 1269 3230 ὁ
1325 3177 1499 3243 Ἀγὰγ
1528 3176 1603 3244 (ὕ)
1653 3177 1826 3245 ἑρμη-

243 3268 502 3323 νεύεται·
566 3271 766 3339 μόσχος
827 3272 1034 3332 ἐκεῖνος
1069 3270 1260 3339 τυχὸν,
1313 3268 1370 3322 ὃν
1413 3270 1442 3320 ὁ
1497 3266 1676 3338 μωρὸς
1735 3268 1828 3319 καὶ
1876 3346 1877 3351 η

247 3359 515 3423 ἀσύνετος
561 3360 780 3430 Ἰσραὴλ
815 3360 927 3429 (57)
960 3360 1102 3412 κατὰ
1154 3359 1252 3429 τὴν
1301 3358 1507 3428 ἔρημον
1549 3356 1828 3427 χωνεύσας

247 3451 592 3522 ὲθεοποίησε,
616 3453 712 3506 καὶ
739 3452 841 3521 τῆς
875 3451 1022 3514 θείας
1047 3449 1348 3519 θεραπείας
1375 3449 1476 3517 τὴν
1506 3449 1699 3518 ἡδονὴν
1731 3449 1828 3516 τῆς

247 3544 489 3615 γαστρὸς
529 3544 933 3615 προετίμησεν·
965 3544 1151 3597 ὅντινα
1194 3543 1392 3612 μόσχον
1424 3542 1663 3611 Μωΰσῆς
1691 3543 1830 3610 ἁφα-

249 3635 415 3699 νίζει,
439 3638 534 3688 καὶ
563 3636 852 3706 Σαμουήλ·
892 3636 922 3690 6
962 3636 1059 3706 μὲν
1090 3636 1318 3688 λεαίνων
1361 3635 1458 3688 καὶ
1501 3634 1831 3703 διασπείρων

252 3729 362 3781 ὑπὸ
395 3729 455 3780 τὸ
494 3727 660 3800 ὕδωρ,
694 3730 720 3781 ὁ
756 3728 813 3782 δὲ
848 3729 1093 3799 μαχαίρᾳ
1135 3729 1478 3796 πνευματικῇ
1522 3727 1832 3793 κατασφάτ-

249 3836 363 3873 των
383 3835 396 3847 ·
433 3818 731 3878 τουτέστιν,
756 3818 788 3886 ἡ
817 3818 969 3882 ζῶσα
1003 3817 1095 3870 καὶ
1119 3816 1347 3889 ἐνεργὴς
1365 3817 1457 3869 τοῦ
1486 3816 1641 3883 ἁγίου
1664 3815 1832 3869 Πνεύ·

257 3926 431 3978 ματος
478 3910 638 3979 χάρις
697 3907 876 3977 (τοῦτο
924 3909 1034 3978 γὰρ
1065 3909 1352 3977 Μωῦσῆς),
1385 3909 1481 3961 καὶ
1519 3911 1552 3976 ἡ
1599 3908 1686 3961 διὰ
1724 3909 1833 3961 τῶν

253 3999 490 4051 ὲντολῶν
537 4000 753 4068 ὑπακοὴ
808 3999 900 4052 τοῦ
966 3999 1102 4052 Θεοῦ
1128 4017 1142 4030 ·
1194 3999 1353 4054 τοῦτο
1398 4001 1508 4071 γὰρ
1556 4000 1832 4071 Σαμουὴλ.

253 4093 499 4162 Μωῦσῆς
531 4095 637 4163 γὰρ
685 4092 842 4160 ὕδωρ
874 4092 1239 4162 ἑρμηνεύεται
1288 4093 1564 4160 erata/porr
1604 4092 1710 4162 (ε)·
1743 4095 1836 4144 καὶ

1925 3178 2159 3232 vitulum
2190 3174 2391 3229 stultus
2419 3181 2475 3226 et
2495 3162 2761 3242 insipiens
2781 3168 2970 3232 Israel,
2991 3167 3046 3220 in
3072 3165 3292 3220 deserto
3318 3161 3521 3218 conﬂa-

1936 3279 2072 3333 tum,
2093 3269 2256 3323 deum
2280 3264 2647 3326 consecravit,
2679 3262 2996 3330 vcntrisque
3017 3259 3304 3314 libidinem
3331 3256 3520 3311 divino

1933 3362 2106 3417 cultui
2157 3358 2470 3428 anteposuit
2491 3355 2558 3409 ³⁸.
2624 3355 2782 3410 Hunc
2805 3355 3036 3408 vitulum
3063 3352 3287 3408 abolent
3305 3349 3522 3421 Moyses

1933 3463 2098 3522 atque
2130 3449 2350 3505 Samuel
2379 3466 2394 3514 ;
2440 3449 2582 3503 alter
2617 3447 2862 3517 quidem,
2892 3443 3319 3500 comminuendo
3344 3451 3402 3496 et
3427 3453 3518 3495 se-

1935 3544 2199 3598 minando
2229 3542 2331 3597 sub
2361 3556 2501 3610 aqua
2528 3557 2541 3606 ;
2596 3541 2762 3603 alter,
2797 3537 3036 3608 spiritali
3062 3535 3245 3608 gladio
3263 3533 3521 3606 iugulan-

1937 3636 2008 3691 do
2026 3637 2070 3666 ⁸9
2122 3653 2135 3688 :
2183 3634 2533 3704 nempeviva
2563 3642 2619 3687 et
2645 3631 2838 3687 cﬂicax
2867 3631 3112 3701 Spiritus
3141 3628 3316 3683 sancti
3343 3626 3517 3698 gratia

1939 3731 2033 3802 (id
2066 3730 2214 3786 enim
2268 3729 2480 3800 Moyses
2511 3724 2845 3798 signiﬁcat),
2898 3723 3396 3791 mandatorumque
3422 3719 3519 3774 Dei

1937 3823 2225 3879 obauditio
2265 3821 2448 3893 (quod
2478 3820 2582 3875 sibi
2605 3819 2724 3873 vult
2758 3816 3041 3888 Samuel).
3100 3816 3313 3887 Moyses
3346 3813 3518 3876 enim,

1940 3915 1985 3968 si
2001 3929 2202 3968 nomen
2231 3910 2636 3982 interpreteris,
2660 3925 2802 3980 aqua
2827 3907 3024 3962 saliens
3043 3916 3156 3973 est;
3187 3905 3405 3961 Samuel
3429 3919 3521 3958 ve-

1940 4022 2024 4070 ro,
2056 4006 2320 4060 obauditio
2345 4005 2482 4071 Dei;
2511 4002 2663 4074 quod
2690 4011 2776 4056 est
2801 4015 2927 4056 vera
2957 3999 3114 4066 fides,
3145 4007 3310 4069 atque
3332 3997 3520 4054 divina

1938 4095 2072 4148 vita.

256 4189 515 4259 Σαμουὴλ
545 4183 796 4255 ὑπακοῆ
823 4187 971 4242 Θεοῦ
1003 4187 1078 4258 (d)
1098 4225 1112 4249 ,
1155 4189 1293 4256 ὅπερ
1323 4187 1442 4240 ἐστὶ
1486 4187 1670 4248 πίστις
1703 4187 1933 4258 ἀληθὴς,
1966 4190 2062 4242 καὶ
2091 4188 2209 4260 βίος
2241 4188 2442 4251 ἔνθεος.

330 4300 378 4333 ³⁸
411 4300 432 4353 1
470 4299 600 4369 Reg.
628 4315 737 4363 xvi,
774 4299 821 4352 l.
898 4298 986 4353 "l
1030 4299 1162 4370 Reg.
1192 4316 1278 4364 xv,
1304 4299 1358 4353 8.
1435 4299 1481 4330 ⁸³
1510 4299 1681 4354 Exod.
1711 4317 1877 4365 xxxn,
1907 4303 1960 4355 4.
2039 4302 2084 4334 ⁸⁸
2118 4301 2254 4356 ibid.
2289 4300 2391 4366 20;
2425 4301 2444 4355 Ι
2475 4300 2609 4370 Reg.
2641 4315 2730 4366 xv,
2758 4300 2845 4354 32.

303 4413 407 4496 .(b)
443 4415 685 4491 Μόσχος
727 4414 837 4481 γὰρ
951 4413 1254 4496 Ἀγὰηηιῃ
1307 4413 1499 4466 libello
1536 4414 1831 4494 expositio-

1939 4425 2138 4496 s_trates
2177 4416 2494 4496 comedunt,
2551 4430 2866 4495 quanquam
2912 4430 3016 4468 nec
3076 4413 3366 4468 delicatior
3425 4411 3516 4465 vi-

257 4483 351 4538 nis
395 4483 680 4536 nominum
715 4483 1064 4553 propriorum
1122 4483 1479 4546 biblicorum,
1535 4485 1834 4553 exponitur

261 4561 483 4616 tectum,
505 4553 786 4606 solarium.
821 4553 1194 4608 Videturtum
1225 4553 1512 4616 Maximus,
1564 4563 1680 4608 tum
1714 4556 1835 4623 ejus

259 4624 439 4694 libelli
471 4631 664 4676 auctor
698 4623 765 4676 ad
792 4624 1043 4694 eamdem
1069 4623 1274 4694 referre
1323 4624 1589 4694 radicem,
1629 4640 1837 4694 nempe

258 4705 357 4754 ru:
396 4693 512 4747 sive
536 4705 665 4756 nm,
702 4693 848 4763 quod
875 4701 962 4746 est
987 4693 1253 4762 superbia,
1284 4693 1635 4758 excellentia;
1688 4693 1838 4763 quod

263 4709 357 4754 ru:
396 4709 512 4747 swe
536 4709 665 4756 mea,
702 4709 848 4817 quoa
875 4709 962 4746 est
987 4709 1253 4762 superma,
1284 4709 1635 4758 exceuentia;
1688 4709 1835 4763 quod

263 4765 349 4818 sic
374 4763 616 4825 dicatur,
657 4779 720 4817 ve
778 4765 979 4816 domus
1031 4763 1335 4832 fastigium,
1395 4765 1479 4818 vel
1533 4773 1724 4818 taurus
1780 4767 1835 4820 in

263 4850 433 4904 grege
463 4833 723 4902 princeps
753 4841 809 4886 et
845 4833 1208 4904 calentissimi
1259 4834 1576 4904 sanguinis;
1610 4849 1677 4889 ex
1731 4852 1840 4904 qua

261 4903 390 4974 ejus
424 4903 690 4972 qualitate
725 4910 918 4972 quast.
978 4903 1066 4965 64,
1117 4904 1263 4958 idem
1311 4903 1578 4958 Maximus
1643 4903 1838 4960 bovem

263 4976 365 5030 ira:
396 4982 522 5044 typo
557 4976 790 5043 accepit,
822 4983 879 5028 et
901 4974 1047 5042 quod
1071 4975 1191 5042 ejus
1223 4975 1449 5044 sanguis
1478 4987 1673 5044 epotus
1707 4992 1842 5044 pra:-

266 5043 651 5114 sentiSSimum
681 5059 953 5114 venenum
984 5045 1088 5096 sit:
1116 5044 1241 5098 inde
1289 5043 1502 5100 seilicet
1546 5043 1841 5114 quod’cito

269 5113 604 5168 indurescit.
671 5112 836 5168 Gesn.
891 5114 1066 5168 relato
1122 5115 1256 5169 Pall.
1315 5115 1407 5168 Est
1447 5112 1576 5170 sane.
1628 5116 1840 5170 malthis

268 5193 430 5256 aptus
466 5181 684 5238 bubulus
721 5186 958 5254 sanguis,
1004 5187 1141 5254 quod
1167 5201 1328 5256 qnam
1371 5196 1681 5240 ca’terorum
1723 5189 1840 5240 ani-

268 5253 498 5328 malium
534 5256 782 5328 crassior,
815 5262 863 5307 et
884 5255 994 5328 cito
1017 5253 1552 5328 coeat'dureturque;
1585 5260 1845 5328 pmcipue

265 5326 544 5387 taurinas,
598 5327 687 5393 qui
747 5340 805 5376 eo
854 5327 1066 5378 nomine
1119 5328 1280 5379 etiam
1317 5327 1454 5379 inter
1511 5343 1708 5381 uenena
1745 5326 1840 5382 est.

274 5397 374 5453 Est
405 5402 590 5448 autem
613 5393 821 5449 maltha
847 5395 1075 5449 materia
1100 5395 1398 5451 durissima
1427 5412 1496 5450 ex
1527 5399 1674 5452 calce
1692 5397 1842 5460 viva,

268 5464 438 5533 adipe
462 5464 646 5528 suillo,
670 5475 803 5530 etc.,
823 5465 1070 5522 subacta.
1095 5465 1342 5530 Calidus,
1372 5482 1501 5521 ossa
1556 5467 1840 5522 confracta

269 5534 633 5607 ferruminat:
660 5534 715 5588 Si
735 5536 953 5607 sanguis
978 5537 1274 5607 rejiciatur,
1308 5536 1578 5607 efﬁcacem
1627 5539 1845 5590 tradunt

273 5602 528 5677 bubulum
550 5602 884 5677 sanguinem,
905 5602 1104 5659 modice
1133 5615 1183 5659 et
1203 5623 1324 5661 cum
1340 5602 1498 5661 taceto
1537 5617 1804 5677 sumptum
1830 5625 1847 5662 :

275 5690 404 5727 nam
427 5675 490 5727 de
513 5676 724 5728 taurino
749 5675 977 5739 credere,
1010 5679 1356 5731 temerarium
1384 5688 1496 5742 est,
1530 5675 1668 5732 Plin.
1691 5689 1848 5733 aceto

270 5743 538 5818 nimirum
557 5745 804 5818 coagulo
817 5744 1093 5818 obstante.
1111 5745 1472 5818 Coagulatum
1505 5749 1617 5817 jam
1650 5749 1846 5802 lix-um-

270 5828 383 5883 que
406 5828 470 5868 ac
504 5813 723 5868 frictum
774 5815 1039 5870 bubulum
1075 5813 1402 5889 sanguinem
1468 5813 1691 5890 impune
1741 5819 1848 5876 No-

1940 4487 2139 4541 dcatur
2159 4487 2319 4540 cibus
2350 4500 2452 4540 nec
2495 4486 2702 4539 sanior.

2013 4558 2089 4627 (c)
2144 4557 2329 4624 Ὕδωρ
2366 4557 2670 4624 σπαίρων.
2727 4555 2954 4624 Accipio
3006 4570 3070 4610 ac
3102 4554 3148 4609 si
3199 4551 3322 4607 καθ’
3353 4552 3519 4627 nemp,

3153 4639 3275 4694 quae
3297 4623 3521 4694 eclipsis

2016 4697 2092 4767 (ά)
2135 4695 2402 4762 ’Υπακοὴ
2437 4696 2607 4757 Θεοῦ,
2649 4695 2917 4749 exauditio
2951 4694 3075 4767 Dei.
3107 4693 3302 4767 Melius
3346 4693 3516 4767 Maxi-

1946 4764 2195 4821 mus'hoc
2218 4776 2424 4835 etymo,
2447 4781 2611 4833 quam
2633 4777 2829 4820 auctor
2848 4765 3211 4834 expositionis
3233 4764 3517 4835 nominum

1940 4834 2294 4908 propriorum
2330 4836 2684 4908 biblicorum,
2713 4835 2808 4908 qui
2835 4836 3038 4905 duplex
3059 4834 3516 4908 etvmumponit,

1942 4905 2176 4962 alterum
2210 4923 2239 4960 a
2269 4906 2439 4960 verbo
2465 4916 2603 4970 una,
2629 4907 2788 4977 quasi
2821 4908 3018 4977 positus
3044 4905 3241 4977 arDeo,
3283 4905 3517 4958 alterum

1943 4980 2211 5032 anomine
2266 4986 2383 5039 cur,
2425 4977 2582 5045 quasi
2631 4976 2726 5030 Dei
2790 4976 3000 5038 nomen,
3060 4976 3176 5030 sive
3236 4984 3450 5029 vocatus
3483 4992 3516 5029 α

1944 5050 2070 5103 Deo.
2101 5047 2283 5102 Palam
2319 5047 2466 5101 enim
2501 5062 2658 5101 sacer
2683 5055 2864 5101 textus
2901 5045 3235 5115 suﬂ‘ragatur
3262 5045 3516 5108 Maximo,

1943 5133 2246 5188 verumque
2277 5119 2393 5186 ipse
2415 5129 2655 5188 etymum
2688 5118 2859 5185 ponit,
2903 5117 3053 5188 velut
3075 5117 3128 5170 in
3151 5115 3434 5188 Israeleet
3463 5116 3519 5169 in

1944 5191 2111 5244 Mose.
2145 5185 2241 5242 Est
2291 5185 2486 5257 itaque
2517 5188 2737 5242 Samuel
2782 5202 2812 5240 a
2836 5187 3019 5241 radice
3049 5196 3209 5257 γεω,
3254 5186 3307 5257 in
3339 5185 3514 5239 forma

1944 5261 2095 5331 paul.
2122 5259 2258 5313 eliso
2279 5269 2320 5331 vi
2342 5255 2632 5331 eupbonia:
2653 5273 2814 5331 causa
2845 5259 2865 5331 AI
2891 5259 3091 5331 Reg._l,
3120 5256 3223 5331 29:
3265 5255 3330 5309 Et
3363 5271 3519 5331 spea-

1945 5315 2016 5386 lvit
2049 5346 2238 5383 nomen
2273 5315 2386 5398 Ejus
2417 5315 2664 5384 'Samuel
2688 5345 2704 5381 :
2765 5329 2888 5398 quia
2941 5315 3250 5398 aiDomino
3303 5315 3521 5398 πηθκω

1945 5402 2101 5472 petivi
2141 5416 2259 5453 eum
2277 5395 2308 5464 ;’
2332 5400 2424 5453 ubi
2475 5395 2815 5472 haac__verba
2870 5397 3279 5472 inteliiguntur,
3310 5395 3379 5450 Et
3423 5411 3518 5448 ex-

1945 5467 2145 5525 audivit
2177 5486 2291 5533 me;
2321 5471 2572 5539 quamvis
2608 5469 2890 5533 Maximus,
2922 5468 3100 5539 active
3123 5467 3326 5539 potius,
3348 5480 3514 5534 quam

1946 5541 2160 5611 passive
2222 5536 2443 5594 videtur
2491 5541 2770 5608 accipere;
2820 5553 2930 5592 non
2977 5537 3109 5590 satis
3158 5536 3226 5590 ad
3275 5545 3517 5605 mentem

1949 5629 2374 5696 Scriptum..Alii
2392 5630 2583 5683 velunt
2608 5628 2815 5682 dictum
2835 5626 2989 5694 quasi
3012 5611 3157 5684 'ﬁNtD
3193 5611 3316 5696 ὅκῃ
3331 5625 3518 5696 petitus

1948 5719 1980 5753 a
2043 5693 2170 5760 Deo,
2222 5699 2408 5753 Grazcc
2460 5700 2762 5765 θεαίτητος.
2819 5693 3034 5765 qualem
3072 5697 3238 5749 etiam
3276 5695 3430 5765 Plato
3465 5693 3518 5746 in

1949 5771 2182 5893 ljirjltigis
2205 5771 2319 5870 suis
2347 5763 2646 5825 introducit
2685 5763 3164 5837 jllliloSOpllalllcm
3209 5780 3335 5821 cum
3379 5763 3518 5820 Cra-

1991 5853 2014 5896 \f
2042 5857 2072 5896 ο
2101 5856 2128 5892 e
2185 5857 2322 5894 ams.
