4218 6432
700 391 803 456 767

1858 387 1918 446 S.
1956 388 2243 448 ΜΑΧΙΜΙ
2279 385 2792 448 CONFESSORIS

3864 382 3973 447 768

775 496 946 566 Igitur
979 493 1189 565 peccati
1225 491 1540 562 imperium,
1575 492 1693 547 slve
1716 492 1903 547 carnis
1928 493 2282 563 prudentiam

2455 491 2669 545 Οὐκοῦν
2699 492 2760 544 τὸ
2791 489 2994 561 κράτος
3032 489 3131 559 τῆς
3177 486 3471 558 ἁμαρτίας,
3509 487 3679 557 ἦγουν
3724 488 3788 539 τὸ
3833 491 3966 560 φρένα

701 600 1040 656 sensumque
1087 591 1147 638 ut
1187 582 1444 647 abolent,
1508 583 1684 638 sancti
1712 582 2060 653 baptismatis
2090 583 2281 654 gratim

702 687 1116 750 comparatum;
1171 675 1417 746 itemque
1442 674 1793 739 obedientiaa,
1846 690 1954 745 qua
1983 675 2164 745 reipsa
2191 674 2281 730 di-

702 771 830 825 vina
860 768 1194 837 impleantur
1224 766 1481 822 mandata
1500 807 1515 833 ,
1549 776 1611 821 ut
1636 766 1817 837 gladio
1838 768 2068 838 spiritus
2088 768 2282 837 (verbo

704 862 918 919 scilicet
943 859 1146 915 divina:
1173 859 1228 914 in
1253 858 1463 929 Spiritu
1487 854 1768 931 scientiae)
1793 860 2121 927 interimat;
2172 860 2284 916 cla-

704 965 861 1007 mans
886 950 1115 1021 mystice
1144 950 1213 1005 ad
1239 949 1450 1021 peccati
1472 950 1761 1005 libidinem
1792 966 2135 1021 pronamque
2158 966 2285 1022 pas-

702 1044 916 1098 sionem
942 1083 958 1108 ,
1016 1043 1164 1123 haud
1201 1057 1363 1097 secus
1399 1057 1465 1098 ac
1487 1058 1719 1114 magnus
1740 1042 1961 1098 Samuel
1986 1043 2053 1099 ad
2082 1043 2232 1115 Agag
2264 1061 2278 1097 :

703 1133 851 1190 Sicut
876 1134 1050 1189 liberis
1076 1135 1279 1188 orbavit
1304 1133 1548 1190 mulieres
1578 1135 1789 1206 gladius
1812 1147 1953 1200 tuus,
1984 1134 2110 1204 ﬁliis
2130 1136 2283 1190 hodie

705 1228 977 1295 mirabitur
1022 1235 1193 1281 mater
1236 1234 1329 1280 tua
1378 1242 1443 1281 ea:
1477 1226 1855 1281 mulieribus”.
1912 1226 2111 1281 Multas
2134 1228 2282 1282 enim

708 1328 770 1374 ut
792 1320 849 1373 in
869 1318 1052 1389 gladio
1071 1319 1212 1390 gulae
1231 1318 1451 1385 vitium,
1477 1318 1777 1388 voluptatis
1795 1319 2094 1383 lenocinio,
2112 1319 2287 1373 virtu-

708 1423 793 1470 tes
818 1414 1010 1470 liberis
1037 1414 1275 1469 orbavit.
1309 1414 1713 1482 Temperantia:
1731 1412 1881 1468 enim
1908 1420 1964 1467 et
1989 1412 2281 1479 castitatis,

709 1521 808 1575 per
830 1506 1290 1562 incontinentiam
1338 1520 1404 1560 ac
1428 1505 1556 1560 vita:
1577 1504 1852 1559 luxuriam
1880 1545 1895 1571 ,
1946 1505 2159 1586 semina
2186 1520 2283 1558 ex-

712 1596 910 1667 tinguit
936 1613 951 1650 :
975 1596 1206 1666 justitiaa
1230 1610 1386 1661 vero,
1423 1611 1523 1666 per
1548 1596 1918 1677 insatiabilem
1950 1596 2287 1665 modumque

711 1688 1047 1743 nescientem
1098 1687 1338 1742 habendi
1392 1685 1794 1756 cupiditatem,
1853 1687 2283 1758 aequabilitatem

711 1779 1019 1849 corrumpit
1069 1797 1084 1832 :
1137 1778 1541 1845 humanitatis,
1600 1795 1701 1850 per
1736 1781 2013 1850 privatum
2040 1780 2285 1850 vitioque

2386 600 2536 652 νημα
2577 584 2679 653 τῆς
2735 581 2960 654 σαρκὸς,
3006 583 3040 651 ή
3087 581 3250 651 χάρις
3298 579 3586 647 ἀφανίζειν
3619 578 3833 648 πέφυκε
3871 580 3967 632 τοῦ

2388 677 2546 744 ἁγίου
2595 674 2992 746 βαπτίσματος,
3038 674 3135 726 καὶ
3185 675 3219 744 ἡ
3252 674 3375 726 κατ’
3416 672 3701 741 ἐνέργειαν
3750 671 3968 741 ὑπακοὴ

2387 766 2498 821 τῶν
2537 765 2701 820 θείων
2756 763 3020 828 ἐντολῶν,
3065 762 3390 817 ἀποκτένειν
3442 766 3510 834 τῇ
3569 764 3817 833 μαχαίρᾳ
3869 761 3968 815 τοῦ

2388 855 2701 927 πνεύματος
2757 855 2947 926 (ἡγουν
2982 853 3061 925 τῷ
3109 854 3315 926 ῥήματι
3348 854 3451 923 τῆς
3498 853 3649 917 θείας
3696 855 3754 907 έν
3803 852 3970 906 πνεύ-

2392 966 2521 1021 ματι
2552 948 2851 1019 γνώσεως)·
2883 946 3066 1017 βοῶσα
3095 945 3379 1017 μυστικῶς
3412 945 3549 1016 πρὸς
3576 949 3637 999 τὸ
3664 945 3838 1010 πάθος
3868 949 3971 1016 τῆς

2388 1041 2698 1112 ἁμαρτίας,
2741 1040 2818 1103 ὡς
2863 1039 2891 1092 ὁ
2922 1039 3094 1109 μέγας
3143 1037 3281 1108 πρὸς
3309 1038 3401 1093 τὸν
3454 1038 3632 1107 ’Δγὰγ
3672 1040 3967 1111 Σαμουήλ’

2390 1131 2597 1198 Καθὼς
2657 1132 2970 1199 ὴτέκνωσε
3029 1129 3324 1199 γυναῖκας
3375 1132 3414 1199 ἠ
3479 1129 3746 1200 μάχῖιιρά
3815 1146 3970 1197 σου,

2390 1224 2874 1291 ἀτεκνωθήσεται
2926 1223 3202 1292 σήμερον
3233 1222 3302 1277 ἐκ
3346 1221 3651 1293 γυναικῶν
3685 1225 3723 1291 ἠ
3770 1223 3974 1291 μήτηρ

2390 1336 2530 1374 σου.
2562 1316 2772 1381 Πολλὰς
2807 1316 2917 1388 γὰρ
2956 1315 3019 1369 τὸ
3051 1310 3222 1379 πάθος
3257 1317 3358 1385 τῆς
3391 1315 3862 1385 γαστριμαργίας,
3898 1316 3976 1378 ὼς

2391 1413 2450 1465 ὲν
2484 1412 2753 1482 μαχαίρᾳ,
2774 1409 2852 1480 τῷ
2884 1409 3012 1480 λείῳ
3040 1408 3141 1478 τῆς
3169 1408 3363 1479 ἡδονῆς
3392 1407 3637 1477 λογισμῷ
3659 1406 3976 1476 ἡτέκνωσεν

2391 1505 2616 1577 ἀρετάς.
2658 1504 2772 1573 Τῆς
2803 1503 2903 1573 μὲν
2933 1503 3043 1573 γὰρ
3075 1501 3433 1571 σωφροσύνης
3455 1499 3542 1552 διὰ
3567 1498 3668 1565 τῆς
3700 1497 3977 1567 ἀκρασίας

2391 1597 2685 1652 amnem
2712 1594 2784 1650 τὰ
2813 1595 3109 1666 σπέρματα
3133 1609 3147 1624 ·
3182 1594 3284 1665 τῆς
3310 1590 3657 1660 δικαιοσύνης
3676 1589 3733 1643 δὲ
3760 1588 3852 1641 διὰ
3876 1591 3978 1660 τῆς

2394 1687 2712 1753 πλεονεξίας
2770 1686 3078 1758 διαφθείρει
3129 1686 3231 1757 τὴν
3282 1684 3596 1755 ἰσονομίανσ
3644 1683 3742 1753 τῆς
3782 1681 3982 1750 φιλαν-

2394 1779 2641 1852 θρωπίας
2679 1779 2735 1833 δὲ
2784 1778 2873 1833 διὰ
2902 1779 3003 1850 τῆς
3043 1777 3328 1850 φιλαυτίας
3358 1778 3459 1849 τὴν
3504 1778 3569 1829 ὲκ
3614 1775 3833 1845 φύσεως
3864 1774 3980 1827 δια-

710 1871 1009 1925 haerentem
1046 1868 1511 1940 indulgentiorem
1538 1870 1693 1926 illum
1728 1874 1811 1927 sui
1837 1888 2081 1926 amorem
2104 1913 2118 1936 ,
2169 1888 2292 1942 qua:

2401 1872 2581 1940 τέμνει
2616 1870 2936 1940 συνέχειανο
2971 1872 3067 1923 καὶ
3105 1870 3389 1940 συντόμως
3431 1872 3606 1923 εἰπεῖν
3645 1869 3781 1938 (58),
3836 1870 3979 1921 πάν-

709 1977 776 2015 cx
807 1969 1016 2017 natura:
1039 1961 1353 2016 rationibus
1373 1962 1591 2017 exsistit
1621 1961 2070 2031 eonjnnctiunem
2091 1961 2293 2016 scindit

709 2068 774 2106 ac
800 2052 1293 2107 necessitudinem.
1356 2056 1555 2123 Atque,
1598 2061 1658 2107 nt
1685 2068 1899 2108 summa
1920 2052 2120 2117 dicam,
2152 2052 2291 2123 gula:

713 2145 908 2198 vitium
952 2145 1177 2199 virtutis
1209 2146 1393 2200 omnia
1415 2146 1660 2217 germina
1685 2145 1926 2215 perimit.
1965 2144 2080 2200 lloc
2106 2154 2290 2200 autem

710 2235 927 2301 vitium,
965 2236 1048 2290 uti
1079 2237 1367 2302 dicebam,
1427 2238 1542 2292 sola
1570 2238 1730 2301 tollit,
1789 2248 1903 2291 tnzn
1946 2238 2294 2307 baptismatis

712 2312 929 2397 gratia,
981 2335 1098 2382 tum
1130 2329 1226 2382 Dei
1262 2316 1647 2383 mandatorum
1675 2330 1991 2383 obcdicntia
2041 2331 2292 2386 instituta

710 2417 838 2473 vita:
863 2419 1024 2474 ratio.
1085 2418 1218 2485 Quae
1253 2419 1417 2491 igitur
1471 2420 1525 2474 in
1556 2420 1739 2476 littera
1791 2422 1965 2492 legem
1988 2422 2164 2492 posita
2187 2433 2291 2489 est,

604 2570 614 2587 ρ
712 2510 884 2565 hocce
903 2510 1096 2565 vitium
1133 2511 1408 2567 foventem
1431 2522 1596 2581 atque
1626 2522 1958 2573 servantem.
1983 2514 2154 2569 Deum
2181 2532 2295 2586 pa:-

712 2599 852 2656 nitet
881 2601 934 2655 in
961 2601 1182 2657 lsraelis
1208 2617 1393 2673 regem
1420 2604 1727 2669 inunxisse,
1759 2606 2152 2676 translatisque
2175 2622 2298 2661 sce-

713 2692 874 2762 ptris,
913 2693 1104 2748 Davidi
1156 2693 1299 2764 (legi
1326 2693 1541 2749 scilicet
1563 2696 1894 2764 evangelicae
1926 2712 1991 2751 ac
2020 2696 2294 2769 Spiritali)

712 2782 1007 2853 imperium
1033 2784 1237 2851 tradit;
1274 2799 1471 2856 nempe
1500 2784 1613 2839 ﬁlio
1635 2786 1808 2842 Jesse.
1850 2787 1948 2842 Est
1974 2799 2159 2843 autem
2179 2790 2298 2845 Jes—

713 2890 797 2940 se,
819 2874 864 2929 si
886 2890 1088 2930 nomen
1106 2876 1512 2947 interpreteris,
1537 2876 1635 2931 Dei
1648 2879 1864 2948 effectio.
1890 2881 2149 2934 Sanctum
2165 2897 2298 2953 ergo

717 2965 1072 3035 Evangelium
1100 2982 1328 3037 germen
1355 2975 1441 3022 est
1472 2967 1728 3022 factionis
1750 2969 1879 3035 Dei;
1930 2969 1983 3023 id
2023 2978 2139 3033 est,
2176 2973 2299 3041 ejus

715 3072 815 3125 per
845 3072 1066 3111 carnem
1101 3058 1340 3128 pr0pria:
1365 3057 1678 3115 eil‘ectionis
1699 3100 1713 3125 ,
1768 3076 1890 3129 quae
1923 3060 2083 3131 293
2118 3062 2174 3115 in
2200 3077 2299 3116 sa:-

717 3150 843 3204 cula
882 3149 1095 3204 inﬁnita
1145 3165 1316 3220 regno
1349 3150 1593 3220 potitur;
1654 3152 1812 3223 cujus
1837 3153 2101 3222 auspiciis
2133 3162 2298 3223 atque

2393 1982 2502 2017 των
2547 1964 2656 2017 τῶν
2687 1965 2807 2017 κατ’
2840 1962 3041 2035 ἀρετὴν
3072 1964 3429 2033 γεννημάτων
3472 1961 3823 2031 ἀναιρετικόν
3861 1963 3978 2012 ἐστι

2392 2057 2491 2126 τῆς
2522 2055 2968 2127 γαστριμαργίας
2983 2055 3045 2108 τὸ
3071 2053 3265 2117 πάθος.
3298 2053 3468 2106 Τοῦτο
3492 2052 3551 2104 δὲ
3593 2052 3751 2122 μόνη,
3784 2049 3975 2114 καθὼς

2395 2144 2551 2216 ἔφην,
2577 2146 2794 2215 ἀναιρεῖ
2817 2142 2879 2211 τὸ
2910 2143 3100 2207 πάθος,
3120 2143 3155 2213 ἦ
3178 2160 3238 2195 τε
3262 2141 3356 2195 τοῦ
3387 2140 3763 2212 βαπτίσματος
3791 2141 3977 2210 χάρις,

2394 2238 2490 2290 καὶ
2511 2239 2543 2307 ἡ
2572 2236 2691 2290 καθ’
2718 2236 2966 2307 ὑπακοὴν
2985 2234 3121 2289 Θεοῦ
3143 2234 3252 2289 τῶν
3272 2234 3502 2288 ἐντολῶν
3518 2234 3732 2304 ἀγωγή.
3753 2233 3859 2285 Τὸν
3886 2228 3978 2285 οὖν

2394 2328 2585 2382 τούτου
2631 2325 2726 2380 τοῦ
2757 2327 2965 2391 πάθους
3012 2329 3437 2398 περιποιητικδν
3482 2330 3539 2401 έν
3566 2327 3862 2397 γράμματι
3895 2325 3976 2377 νό-

2398 2438 2498 2491 μον
2528 2420 2919 2492 μεταμελεῖται
2983 2420 3180 2491 χρίσας
3222 2420 3304 2483 είς
3352 2419 3583 2489 βασιλέα
3622 2420 3715 2471 τοῦ
3761 2418 3980 2488 Ἰσραὴλ

2394 2514 2422 2566 ὁ
2442 2511 2596 2575 Θεὸς,
2624 2511 2719 2565 καὶ
2756 2512 3056 2583 μεταφέρει
3084 2511 3146 2564 τὸ
3186 2512 3389 2582 κράτος
3427 2512 3527 2581 τῆς
3556 2509 3854 2580 βασιλείας,
3886 2511 3981 2563 καὶ

2394 2603 2579 2657 δίδωσι
2613 2601 2693 2674 τῷ
2735 2602 2902 2657 Δαϐὶδ
2940 2601 3042 2673 (τῷ
3076 2600 3422 2671 εὐαγγελικῷ
3460 2601 3662 2672 δηλαδὴ
3689 2603 3785 2654 καὶ
3817 2619 3982 2654 πνευ-

2401 2696 2619 2767 ματικῷ
2666 2694 2864 2766 νόμῳ),
2915 2694 3187 2759 τουτέστι,
3232 2693 3312 2764 τῷ
3361 2692 3461 2764 υίῷ
3510 2693 3729 2747 Ἰεσσαί.
3774 2693 3982 2764 Ἑρμη-

2398 2790 2617 2843 νεύεται
2668 2788 2726 2841 δὲ
2768 2788 2988 2850 Ἰεσσαὶ,
3039 2787 3189 2841 Θεοῦ
3236 2787 3483 2855 ποίησις
3532 2785 3622 2857 (e).
3666 2786 3878 2839 Οὐκοῦν
3920 2786 3984 2839 τὺ

2400 2882 2557 2947 ἆγιον
2584 2879 2935 2948 Εὑαγγὲλιον,
2964 2879 3213 2949 γέννημα
3251 2880 3513 2949 τυγχάνει
3536 2878 3637 2949 τῆς
3682 2882 3979 2949 ποιήσεως,

2398 2971 2567 3042 ἧγουν
2618 2971 2718 3041 τῆς
2772 2970 2866 3023 τοῦ
2903 2969 3042 3023 Θεοῦ
3099 2970 3189 3023 διὰ
3231 2970 3436 3042 σαρκὸς
3485 2971 3851 3041 αὐτουργίας,
3882 2972 3985 3041 τῆς

2400 3061 2636 3132 ἐχούσης
2683 3063 2764 3125 είς
2795 3063 2922 3124 τοὺς
2955 3062 3218 3133 ἀπείρους
3266 3061 3471 3125 αἰῶνας
3507 3061 3607 3133 τὴν
3660 3062 3943 3133 βασιλείαν
3966 3077 3982 3091 ο

2401 3153 2522 3207 καθ’
2550 3154 2617 3225 ἢν
2657 3153 2851 3223 ἔχομεν
2883 3153 3204 3221 ἁγαλλίασιν
3239 3154 3602 3219 ἀκατάλυτον,
3639 3153 3733 3209 καὶ
3759 3154 3859 3225 τὴν
3892 3154 3983 3207 εὖ-

716 3257 944 3296 mnnere
970 3280 985 3305 ,
1021 3241 1462 3298 indissolubilem
1490 3244 1915 3300 exsultationem
1942 3262 2008 3300 ac
2031 3246 2296 3314 laetitiam,

2404 3245 2679 3314 φροσύνην
2713 3246 2789 3308 ὡς
2821 3244 3034 3317 ἡμέραν
3084 3240 3252 3299 οὖσαν
3286 3245 3590 3317 ἀνέσπερον
3629 3246 3723 3299 καὶ
3763 3245 3986 3300 ἀτελεύ-

719 3335 872 3388 vclut
899 3334 1045 3390 diem
1087 3350 1321 3391 occasus
1347 3336 1589 3392 nesciam
1615 3354 1681 3393 ac
1704 3339 2093 3406 immortalem,
2127 3341 2299 3397 hahe-

721 3442 865 3481 mus.
886 3426 992 3481 Ait
1018 3426 1167 3482 enim
1216 3445 1231 3481 ε
1278 3428 1403 3483 Ηωσ
1429 3439 1505 3484 est
1529 3430 1639 3485 dies
1663 3448 1823 3503 quant
1847 3432 1966 3503 fecit
1988 3432 2164 3498 Deus;
2212 3451 2301 3488 ea:-

717 3515 974 3571 sultemus
1001 3556 1017 3581 ,
1072 3523 1127 3571 et
1165 3517 1405 3572 lwtemur
1428 3519 1481 3572 in
1505 3520 1656 3587 ea";
1696 3535 1893 3590 nempe
1924 3521 2072 3576 diem
2094 3537 2300 3580 vocans

718 3606 1092 3677 evangelicam
1112 3609 1365 3678 gratiam,
1385 3610 1441 3665 in
1463 3626 1573 3680 qna
1591 3611 1731 3677 vult,
1763 3622 1823 3668 ut
1838 3613 1995 3683 juxta
2017 3614 2163 3683 quod
2185 3630 2303 3669 mo-

723 3705 817 3752 net
834 3697 1134 3767 Apostolus
1166 3716 1180 3752 :
1212 3697 1429 3755 Sicutin
1449 3702 1533 3756 die
1551 3701 1820 3773 (scientiaz
1834 3718 1899 3758 ac
1921 3704 2190 3777 veritatis)
2222 3707 2313 3759 Ιιο-

722 3798 869 3845 neste
891 3789 1226 3846 ambulemus
1242 3792 1311 3847 ”.
1349 3791 1446 3847 Est
1468 3793 1617 3848 enim
1642 3792 1900 3850 Christus
1928 3795 2070 3850 lucis
2090 3794 2298 3865 sempi-

727 3899 900 3940 terna:
914 3883 1057 3949 dies,
1077 3884 1134 3939 in
1146 3900 1256 3955 quo
1268 3899 1448 3955 opera:
1460 3885 1725 3955 pretium,
1742 3896 1806 3941 ut
1820 3886 1940 3957 ejus
1954 3900 2148 3940 omnes
2169 3885 2301 3941 ﬁde-

723 3978 803 4033 les
823 3977 1091 4033 virtutum
1112 3978 1400 4035 honestate
1419 3987 1477 4034 et
1494 3980 1647 4035 cultu
1674 3978 1779 4034 rite
1795 3980 1964 4035 vitam
1984 3979 2300 4034 intituant.

724 4070 826 4127 llic
874 4086 1111 4153 namque
1159 4071 1308 4128 solus
1356 4088 1387 4127 a
1423 4072 1535 4127 Deo
1582 4071 1801 4141 (carnis
1819 4070 2031 4126 scilicet
2055 4068 2304 4140 ratione)

797 4320 844 4354 ’°
872 4320 892 4376 l
927 4320 1060 4391 Reg.
1095 4336 1185 4386 xv,
1218 4321 1308 4376 55.
1384 4321 1428 4353 ⁸³
1461 4320 1602 4376 Psal.
1635 4335 1799 4386 cxvn,
1821 4321 1913 4376 24.

730 4556 852 4609 quae
874 4539 1099 4611 eclipsis
1121 4496 1331 4611 buccis
1376 4538 1669 4611 familiaris
1692 4547 1781 4595 est
1812 4557 1827 4593 :
1868 4539 1967 4594 sed
2009 4536 2306 4611 didicultas

729 4608 816 4665 est
845 4608 1171 4680 explicanda
1209 4625 1347 4665 voce
1374 4610 1643 4680 σπαίρων,
1677 4618 1736 4664 et
1766 4608 2151 4679 componendo
2197 4608 2308 4680 Ma-

2403 3353 2586 3406 τητον.
2618 3338 2758 3407 Φησὶ
2780 3337 2925 3406 γάρ·
2968 3337 3129 3405 Αὕτη
3180 3337 3219 3405 ἠ
3260 3336 3454 3406 ἡμέρα
3488 3337 3569 3406 ἢν
3614 3338 3911 3406 ἐποίησεν
3953 3341 3987 3391 ὁ

2409 3427 2557 3493 Θεός
2578 3443 2592 3457 ·
2634 3427 3143 3496 ἁγαλλιασώμεθα
3178 3428 3280 3482 καὶ
3320 3426 3747 3497 εὐφρανθῶμεν
3780 3428 3851 3481 ἐν
3876 3430 3985 3481 αὐ-

2405 3517 2481 3586 τῇ
2503 3535 2518 3549 ·
2572 3519 2788 3590 ἡμέραν
2829 3520 3025 3588 λέγων,
3066 3519 3165 3592 τὴν
3222 3520 3587 3591 εὐαγγελικὴν
3633 3520 3817 3591 χάριν.
3853 3520 3888 3590 ἢ
3926 3521 3988 3572 τὸ

2410 3610 2713 3681 μυστήριον
2734 3609 2900 3663 αὑτοῦ
2933 3610 3029 3664 τοῦ
3052 3611 3257 3682 ταύτην
3283 3612 3657 3682 ποιησαμένου
3682 3610 3783 3680 τὴν
3804 3611 3985 3681 χάριν.

2407 3704 2465 3757 ὲν
2508 3696 2554 3770 ᾧ
2586 3703 2835 3774 βούλεται
2872 3705 3082 3767 πάντας
3122 3706 3294 3775 ἡμᾶς,
3335 3704 3477 3758 κατὰ
3503 3704 3595 3759 τὸν
3639 3704 3786 3757 θεῖον
3827 3703 3990 3756 Ἀπό-

2407 3795 2610 3861 στολον,
2643 3795 2720 3859 ὼς
2766 3798 2825 3849 ὲν
2852 3796 3034 3868 ἡμέρᾳ
3063 3797 3320 3861 γνώσεως
3352 3800 3449 3851 καὶ
3483 3795 3742 3867 ἀληθείας
3795 3796 3992 3865 εὐσχη-

2414 3886 2590 3957 μόνως
2617 3889 2962 3957 περιπατεῖν.
3015 3888 3230 3958 Ἡμέρα
3275 3889 3387 3961 γὰρ
3427 3889 3600 3942 ἀϊδίου
3631 3888 3813 3959 φωτός
3845 3890 3991 3940 ἐστιν

2409 3979 2438 4031 ὁ
2468 3977 2723 4049 Χριστὸς,
2756 3979 2815 4031 ὲν
2847 3972 2892 4046 ᾧ
2922 3978 3003 4030 δεῖ
3042 3978 3250 4042 πάντας
3284 3981 3412 4043 τοὺς
3442 3979 3593 4049 αὐτῷ
3632 3978 3994 4032 πεπιστευκό-

2413 4086 2534 4134 τας,
2561 4068 2650 4123 διὰ
2678 4070 2779 4140 τῆς
2806 4069 2915 4125 τῶν
2945 4070 3155 4141 ἀρετῶν
3180 4070 3598 4142 εὐσχημοσύνης
3624 4069 3808 4135 καλῶς
3840 4069 3991 4122 πολιο

2409 4231 2423 4265 8

1989 4322 2037 4352 ’³
2070 4319 2229 4375 Rom.
2256 4336 2373 4385 xm,
2408 4320 2493 4375 l5.

2412 4536 3099 4610 signiﬁcareinconditum
3121 4535 3424 4610 quemdam
3474 4537 3819 4610 motum._cb;
3858 4541 3998 4609 δρῶ-

2416 4607 2516 4680 μέν
2538 4610 2604 4680 ᾲὲν
2636 4607 2832 4678 ἰχθύσι,
2860 4607 3074 4675 qualem
3105 4608 3214 4678 fere
3246 4607 3482 4680 videmus
3509 4609 3566 4661 in
3579 4608 3809 4680 piscibus
3830 4648 3845 4672 ,
3875 4607 3996 4665 tum

731 4682 864 4760 ximi
878 4677 1153 4760 Elymum,
1183 4695 1311 4760 cum
1343 4695 1423 4760 eo_
1445 4677 1618 4760 quod
1649 4680 1766 4749 ipse
1789 4677 1950 4760 sacer
1980 4686 2163 4760 textus
2212 4678 2310 4732 ha—
2343 4705 2386 4760 ι)
2414 4677 2684 4760 nimirum
2714 4693 2841 4733 cum
2860 4693 2939 4760 ex.
2977 4677 3121 4748 aqua
3143 4677 3555 4760 extrahuntur,
3606 4685 3664 4759 et
3712 4678 3770 4732 in
3832 4694 3997 4760 suum

685 4799 692 4805 .
731 4752 848 4814 bet,
878 4747 1051 4806 Exod.
1106 4767 1167 4814 tt,
1229 4750 1317 4816 10,
1369 4747 1475 4804 ubi
1513 4747 1738 4811 dicitur,
1781 4748 1852 4803 Et
1889 4751 2095 4804 vocavit
2120 4764 2309 4802 nomen
2345 4747 2382 4760 ”
2414 4751 2754 4806 elementum
2789 4747 3007 4818 resilire
3030 4747 3397 4803 contendunt.
3429 4747 3668 4818 Alioqui
3688 4762 3806 4818 non
3841 4748 4000 4804 vide-

731 4827 847 4891 ejus
883 4820 1047 4901 diose,
1080 4830 1258 4901 mn;
1280 4890 1294 4901 _
1317 4830 1367 4875 et
1421 4819 1576 4901 dixit,
1630 4821 1756 4901 quia
1812 4819 2072 4901 denaqua
2105 4820 2316 4901 {atrati

735 4888 877 4951 eum.
905 4900 1030 4949 τιον
1066 4901 1189 4950 uno.
1231 4890 1315 4945 Ab
1373 4900 1582 4946 eventu
1637 4888 1822 4959 itaque
1850 4888 2055 4959 dictus
2109 4888 2311 4954 Moses,

732 4961 894 5029 quasi
921 4976 988 5015 ex
1016 4976 1157 5029 aqua
1191 4970 1494 5023 extractus,
1512 4970 1571 5016 ct
1610 4970 1672 5015 ut
1716 4958 1860 5030 grati
1887 4959 2061 5030 animi
2104 4974 2309 5013 monu-

734 5040 947 5095 mento,
987 5032 1157 5086 etiam
1210 5033 1437 5087 nomine
1475 5029 1810 5086 beneﬁcium
1863 5029 2130 5085 continue
2178 5044 2312 5098 pro-

735 5101 918 5156 deret.
952 5101 1139 5156 Voluit
1166 5102 1308 5157 forte
1351 5102 1637 5166 Maximus,
1695 5101 1814 5156 sive
1867 5099 1965 5170 qui
2013 5100 2091 5170 illi
2146 5099 2314 5170 hujus

732 5171 903 5243 etymi
938 5180 1131 5227 auctor
1157 5172 1282 5236 fuit,
1316 5176 1384 5227 ad
1418 5171 1764 5243 Homericam
1816 5168 2007 5243 vocem
2038 5168 2312 5243 alludere,

736 5239 845 5326 qna
874 5256 1007 5326 usus
1038 5249 1125 5324 est
1152 5243 1209 5298 in
1241 5243 1407 5326 bove;
1443 5243 1539 5326 qui
1582 5241 1882 5326 renitentia
1907 5239 2168 5326 quadam
2195 5246 2314 5326 traf

738 5309 1012 5383 natumut
1040 5313 1123 5366 sic
1150 5312 1310 5383 quasi
1349 5309 1737 5370 obnitentibus
1791 5309 2052 5383 ﬂuctibus
2102 5318 2166 5383 et
2192 5309 2314 5379 ipso

743 5384 796 5436 in
825 5381 1031 5462 ﬁscella
1053 5380 1556 5462 illis'gbsequente,
1579 5393 1638 5441 et
1663 5382 2053 5462 dum_illor_um
2099 5380 2311 5462 impetu

739 5452 1010 5517 trahitur,
1063 5449 1407 5523 signiﬁcetur
1441 5449 1621 5511 Moses
1662 5452 1821 5523 quasi
1854 5453 2067 5523 majore
2102 5450 2156 5504 vi
2183 5449 2313 5523 inde

745 5532 1040 5595 extractus.
1059 5520 1155 5595 _lta
1182 5524 1355 5581 refert
1382 5525 1572 5595 ,Varin.
1605 5520 1746 5595 Ὅρα
1776 5523 1833 5578 δὲ
1859 5520 2032 5595 ὅτιτὸ
2059 5520 2313 5595 σπαίλρειν

742 5595 837 5646 ἐπὶ
873 5592 992 5662 βοὸς
1033 5588 1155 5665 εἷπε
1200 5594 1490 5665 σπωμένου
1520 5588 1790 5665 Ὅμηρος,
1818 5594 1913 5648 καὶ
1951 5592 2067 5665 οὐκ*
2101 5588 2312 5665 idem:

740 5679 833 5724 τος
873 5659 1113 5717 ’ἕπεσθαι
1167 5668 1283 5730 τοῖς
1328 5659 1546 5733 ἀγουσι.
1597 5659 1789 5719 "uicta.
1853 5680 1910 5731 γ.
1963 5661 2088 5718 9.95.
2142 5659 2309 5727 Quasi

740 5733 1063 5803 metaphora
1093 5734 1165 5789 ab
1190 5734 1300 5792 illis
1321 5752 1443 5807 qua:
1476 5735 2038 5807 palpitant,motuq_ue
2066 5747 2130 5786 ac
2157 5741 2312 5801 gestu

740 5753 1063 5803 tnt‘tapnora
1093 5753 1165 5789 ιιι)
1190 5753 1300 5792 IIIIS
1360 5753 1443 5791 ua:
1476 5753 2038 5807 patpttattt,m0tuque
2066 5753 2130 5786 ac
2157 5753 2309 5801 ερδιιι

740 5813 934 5861 contra
980 5815 1215 5863 mortem
1266 5753 1418 5863 velint
1477 5807 1879 5862 obluctantum.
1945 5803 2039 5859 Ait
2088 5817 2309 5872 quoque

2418 4829 2509 4875 tur
2538 4820 2776 4888 ἄμουσος
2798 4817 3048 4889 piscium,
3068 4818 3126 4872 in
3159 4818 3318 4888 aquis
3346 4826 3553 4889 motus,
3574 4816 3672 4872 sed
3707 4816 3831 4886 ipse
3862 4821 4001 4875 satis

2417 4887 2779 4958 compositus,
2801 4887 2816 4889 7
2839 4895 2896 4942 et
2957 4888 3052 4958 qui
3084 4903 3149 4942 ea
3193 4887 3596 4958 compositione
3644 4889 3998 4943 terrestrium

2420 4957 2745 5016 animalium
2767 4957 2909 5012 nihil
2932 4957 3096 5012 cedat
3117 4957 3441 5022 motui,"sed
3484 4957 3599 5012 fere
3622 4958 3833 5022 vinmt,
3879 4960 4000 5014 sive

2425 5029 2740 5093 snbsiliant,
2779 5029 2896 5083 sive
2933 5028 3092 5099 aquis
3118 5026 3311 5099 ﬁdam,
3338 5028 3456 5099 sive
3481 5027 3649 5082 etiam
3682 5028 3848 5099 longo
3880 5039 4001 5085 tra-

2419 5101 2576 5165 mite,
2627 5100 2712 5155 vel
2767 5097 3066 5169 gregatim,
3116 5099 3202 5153 vel
3239 5098 3572 5169 singulares
3636 5097 3831 5169 maria
3883 5100 4002 5153 sul-

2419 5178 2546 5226 cent
2573 5177 2631 5224 et
2661 5167 3017 5239 adnavigent,
3051 5178 3114 5225 ut
3167 5167 3253 5225 sui
3276 5167 3490 5239 copiam
3514 5168 3733 5225 cunctis
3753 5168 4000 5225 subinde

2457 5249 2700 5295 razstent.

2418 5256 2750 5382 pﬁwgiés
2776 5312 3047 5382 ποίησις.
3082 5308 3454 5382 Voluitforte
3504 5308 3842 5382 quigauctor
3879 5308 4001 5382 Ma:

2417 5379 2600 5437 ximus
2621 5381 2787 5453 etymi
2815 5379 2921 5438 fuit
2941 5382 3187 5453 scribere
3212 5380 3427 5453 κτῆσις,
3467 5379 3622 5450 quasi
3658 5394 3688 5434 a
3710 5386 3793 5444 nt,
3831 5380 3999 5453 quod

2419 5467 2593 5506 unum
2650 5447 2839 5506 estex
2876 5452 3198 5508 nominibus
3259 5447 3380 5515 Dei,
3439 5447 3627 5517 etm,
3687 5447 4001 5519 quodiest

2418 5538 2598 5593 pecus,
2630 5521 2872 5593 etgquasi
2914 5521 3215 5591 possessio.-
3242 5521 3399 5593 _Nam
3437 5517 3734 5593 ιιι-ϐπερξᾲ
3787 5517 4001 5593 ’κτῆνος

2417 5588 2503 5663 est
2535 5605 2565 5645 a
2611 5588 2851 5663 κτῶμαι.
2892 5588 2989 5648 Vel
3024 5593 3189 5658 forte,
3241 5590 3645 5663 heemanticum
3684 5588 3921 5663 exsistat
3944 5598 4002 5642 et

2418 5658 2775 5733 forntativum
2795 5663 3037 5733 nominis
3072 5658 3303 5733 proprii,
3334 5661 3494 5733 quasi
3527 5676 3559 5714 a
3600 5669 3710 5733 ’νη
3735 5658 3884 5733 quod
3913 5669 3995 5714 est

2420 5748 2630 5804 munus.
2662 5732 2760 5804 νει
2790 5732 3030 5804 denique
3064 5730 3093 5789 a
3122 5730 3270 5799 ων,
3305 5730 3463 5803 quasi
3496 5747 3656 5786 senex
3676 5730 3998 5797 decrepitus,

2420 5808 2515 5862 nm
2549 5801 2660 5857 Isai
2679 5802 2862 5859 dictus
2891 5801 2981 5861 sit.
