4218 6432
257 401 360 468 769

1307 389 1802 469 QU.EST[0NES
1844 389 1941 447 AD
1981 391 2486 459 TIIALASSIUM.

3410 408 3525 476 770

253 519 528 574 τεύεσθαι.
561 510 730 581 Οὗτος
754 518 863 587 γάρ
894 518 1040 569 ἐστιν
1064 518 1092 567 ὁ
1125 512 1501 582 πεποιημένος
1538 512 1667 564 ἄνευ
1701 521 1827 557 σπο-

1933 502 2143 574 absque
2174 509 2285 563 ullo
2308 512 2518 565 semine
2542 512 2719 569 factus
2748 530 2812 569 ac
2840 515 3100 573 conditus
3124 525 3241 581 est,
3298 519 3531 575 innim—

254 614 359 682 ρᾶς
394 612 499 664 ὑπὸ
523 610 658 665 Θεοῦ
699 610 857 681 μόνος
884 609 942 661 τὸ
997 605 1140 661 κατὰ
1168 606 1370 675 σάρκα,
1418 604 1513 657 καὶ
1546 601 1656 653 τῶν
1692 600 1832 653 κατά

253 705 418 772 φύσιν
447 703 665 774 θεσμῶν
713 701 1120 770 καινοτομήσας
1154 700 1280 760 τοὺς
1316 697 1533 767 νόμους,
1566 694 1663 746 καὶ
1693 690 1834 746 κατά

254 797 549 867 πρόσωπον
587 797 803 850 πάντων
830 795 939 846 τῶν
974 791 1119 845 λαῶν
1146 789 1572 861 ἡτοτμασμένος,
1597 788 1691 838 καὶ
1719 784 1834 853 φῶς

250 891 333 951 εἰς
363 888 713 957 ἀποκάλυψιν
749 887 919 941 ἐθνῶν
956 887 1051 938 καὶ
1083 885 1242 950 δόξαν
1273 883 1404 935 λαοῦ
1446 879 1685 949 Ἰσραήλ.
1713 879 1833 940 Φῶς

251 980 364 1049 γάρ
406 981 558 1031 ἐστιν
588 976 805 1047 ἀληθῶς
836 975 1008 1029 ἐθνῶν
1037 976 1065 1027 ό
1103 972 1307 1043 Κύριος
1337 969 1497 1040 ἡμῶν
1527 966 1660 1038 (60),
1704 967 1834 1018 ἀπο-

250 1072 547 1124 καλύπτων
578 1070 783 1133 αὐτοῖς,
810 1068 898 1121 διά
922 1067 1023 1136 τῆς
1049 1064 1281 1134 ἀληθοῦς
1310 1061 1678 1129 ἐπιγνώσεως,
1703 1058 1832 1119 τοὺς

248 1162 327 1232 τῷ
367 1161 519 1230 ζόφῳ
548 1162 647 1231 τῆς
676 1160 899 1228 ἀγνοίας
937 1157 1351 1226 ἐπιμεμυκότας
1389 1150 1702 1220 ὀφθαλμοὺς
1735 1149 1832 1217 τῆς

250 1256 526 1319 διανοίας·
561 1258 655 1310 καὶ
705 1256 857 1317 θείας
905 1253 1127 1321 ἀγωγῆς
1160 1249 1323 1302 πάλιν
1371 1246 1560 1301 ἑαυτὸν
1612 1242 1834 1312 ἑτοιμά-

249 1368 351 1412 σας
389 1350 501 1419 (61)
532 1353 644 1412 τοῖς
672 1350 881 1410 πιστοῖς
912 1347 1061 1406 λαοῖς
1091 1342 1295 1411 ἀγαθὸν
1326 1342 1525 1411 ἀρετῆς
1556 1337 1832 1407 ἐξεμπλά·

218 1501 225 1515 ,
252 1462 368 1513 ριον
393 1462 404 1473 ·
439 1444 733 1515 προσώπου
763 1441 855 1495 τοῦ
887 1439 1006 1492 κατ’
1036 1438 1236 1508 ἀρετὴν
1266 1432 1628 1504 ὑπογραμμδς
1650 1432 1835 1493 αὐτοῖς

217 1518 547 1607 ’γενόμενος
573 1536 669 1589 καὶ
699 1535 1052 1594 ὐποτύπωσις
1078 1552 1089 1563 ·
1122 1532 1259 1599 πρὸς
1292 1527 1350 1579 ὃν
1391 1524 1722 1596 ἀφορῶντες,
1757 1524 1830 1586 ὡς

245 1630 497 1700 ἀρχηγὸν
519 1629 619 1697 τῆς
648 1627 947 1697 ’σωτηρίας
978 1625 1157 1696 ἡμῶν,
1203 1621 1303 1683 τὰς
1326 1621 1525 1689 ἀρετάς
1574 1618 1711 1671 κατὰ
1749 1617 1834 1687 μί-

248 1739 443 1792 μησιν,
474 1721 548 1782 ὡς
575 1722 707 1790 ἡμῖν
738 1720 851 1770 ἐστι
892 1718 1118 1770 δυνατὸν
1140 1755 1153 1780 ,
1189 1712 1564 1784 κατορθοῦμεν
1611 1710 1700 1763 διὰ
1735 1708 1832 1778 τῆς

246 1811 529 1882 πράξεως.
576 1812 737 1864 Ἀλλά
766 1810 861 1862 καὶ
898 1808 1024 1873 δόξα
1053 1806 1181 1862 λαοῦ
1228 1804 1450 1877 Ἰσραὴλ
1484 1804 1646 1866 αὑτός
1686 1806 1831 1855 ἐστιν

242 1908 271 1958 ὁ
301 1905 439 1967 Θεὸς
470 1904 567 1957 καὶ
619 1905 792 1971 Λόγος
830 1902 966 1973 (62),
1018 1902 1094 1966 ὡς
1141 1901 1218 1972 τῷ
1250 1900 1380 1971 θείῳ
1430 1899 1530 1968 τῆς
1578 1897 1831 1965 γνώσεως

245 1996 392 2064 φωτὶ
422 1996 513 2048 διὰ
544 1995 643 2065 τῆς
684 1994 955 2065 μυστικῆς
984 1991 1220 2063 θεωρίας
1261 1988 1712 2059 καταφαιδρύνων
1740 1988 1831 2040 τὸν

242 2087 395 2139 νοῦν.
434 2086 507 2138 ’Ἦ
538 2085 697 2155 τυχὸν
726 2083 888 2147 λαούς
924 2101 1087 2153 φησιν
1112 2084 1139 2135 ὀ
1168 2081 1325 2150 λόγος
1360 2080 1493 2151 (6⁸5),
1525 2080 1652 2142 τοὺς
1692 2080 1832 2131 κατά

244 2181 416 2250 φύσιν
443 2181 633 2248 λόγους
655 2197 669 2210 ·
707 2177 999 2250 πρόσωπον
1036 2177 1092 2229 δὲ
1129 2175 1356 2237 τούτων,
1399 2174 1498 2244 τὴν
1531 2172 1830 2226 ἄπταιστον

243 2274 429 2338 δόξαν,
467 2268 535 2343 ἦς
590 2272 913 2343 ἐτοιμασία,
970 2270 1085 2341 φῶς
1132 2269 1269 2341 πρὸς
1312 2268 1610 2335 ἐπίγνωσιν
1670 2264 1831 2326 αὐτὸς

245 2364 594 2434 καθέστηκεν
624 2367 648 2416 ὀ
678 2364 869 2431 Λόγος,
904 2362 979 2425 ὡς
1021 2360 1247 2430 κτίστης
1281 2361 1378 2428 τῆς
1409 2357 1622 2426 φύσεως
1646 2374 1659 2386 ⁸
1702 2356 1829 2425 ἔθνη

244 2456 325 2519 δὲ,
375 2456 447 2507 τὰ
507 2454 661 2525 παρὰ
716 2452 878 2522 φύσιν
929 2451 1075 2521 πάθη
1112 2449 1246 2520 (64),
1284 2450 1426 2518 ἆπερ
1455 2447 1828 2501 ἀποκαλύπτει

244 2548 607 2609 λανθάνοντα,
629 2547 743 2615 φῶς
769 2544 1108 2617 δωρούμενος
1138 2542 1412 2611 γνώσεως,
1437 2540 1529 2595 καὶ
1553 2539 1829 2603 παντελῶς

245 2641 535 2706 ἐξωθεῖται
568 2641 667 2709 τῆς
701 2640 937 2707 φύσεως.
974 2638 1112 2703 Δόξα
1144 2636 1199 2688 δὲ
1230 2636 1435 2702 γίνεται
1475 2633 1568 2686 τοῦ
1614 2632 1829 2702 Ἰσραὴλ

244 2738 273 2788 ό
306 2735 480 2800 Λόγος
509 2732 641 2803 (65),
664 2732 737 2794 ὠς
763 2729 873 2782 τῶν
916 2731 1066 2800 παρά
1101 2728 1263 2797 φύσιν
1297 2725 1485 2779 παθῶν
1524 2724 1827 2779 ἀποκαθαί-

248 2846 360 2898 ρων
411 2827 504 2878 τὸν
535 2825 677 2885 νοῦν,
715 2824 945 2884 καὶτοῖς
995 2822 1133 2874 κατά
1173 2819 1333 2890 φύσιν
1370 2819 1550 2886 λόγοις
1588 2834 1827 2871 κατακο-

248 2920 409 2990 σμῶν
429 2936 443 2948 ·
478 2918 617 2987 πρὸς
644 2917 720 2979 δὲ,
746 2915 841 2967 καὶ
866 2913 943 2984 τῷ
970 2914 1262 2983 διαδήματι
1285 2911 1387 2980 τῆς
1408 2910 1551 2963 κατὰ
1574 2910 1673 2979 τὴν
1695 2909 1828 2962 θέω-

251 3031 334 3066 σιν
368 3012 634 3082 άτρεψίας
676 3008 1037 3076 ἐπισιρίγγων,
1072 3007 1208 3071 Δόξα
1238 3007 1346 3076 γὰρ
1386 3003 1605 3075 ἀληθῶς
1648 3004 1826 3071 ὑπάρ-

246 3125 333 3178 χει
382 3105 478 3158 τοῦ
544 3102 929 3173 Ἰσραὴλ,ἦτε
960 3100 1070 3152 τῶν
1116 3099 1271 3170 παρὰ
1323 3098 1486 3168 φύσιν
1536 3097 1825 3167 ἀπαλλαγὴ

1936 600 2122 670 vitque
2154 604 2427 658 naturalis
2462 620 2527 660 ac
2552 610 2802 664 consueti
2835 619 3027 681 partus
3072 611 3253 682 leges;
3307 621 3531 682 paratus

1934 693 2144 747 scilicet
2171 705 2297 751 ante
2325 697 2519 753 faciem
2552 700 2799 755 omnium
2823 704 3158 772 populorum
3178 744 3192 769 ,
3230 703 3529 774 lumenque

1937 784 2005 837 ad
2030 786 2423 842 revelationcm
2450 790 2719 859 gentium,
2768 800 2825 846 et
2851 794 3079 863 gloriam
3111 795 3291 865 plebis
3311 795 3529 850 Israeli-

1936 876 2135 931 ticzc”.
2179 878 2381 933 Verum
2411 882 2615 936 etenim
2658 884 2903 955 gentium
2934 885 3121 939 lumen
3143 894 3228 941 est
3259 887 3530 941 Dominus

1932 981 2123 1025 noster
2138 1011 2151 1035 ,
2176 971 2270 1040 qui
2296 971 2618 1043 ignorantia:
2635 977 2868 1047 caligine
2885 977 3102 1032 clausos
3117 979 3318 1033 mentis
3336 980 3530 1035 oculos

1934 1076 2063 1115 vere
2096 1062 2150 1116 in
2175 1064 2257 1118 eis
2283 1064 2584 1135 agnitionis
2609 1066 2729 1121 luce
2762 1068 3011 1140 detergat
3042 1085 3106 1125 ac
3129 1070 3374 1139 aperiat;
3405 1084 3529 1125 rur-

1935 1168 2139 1223 susque
2167 1158 2333 1211 etiam
2362 1159 2563 1214 divina:
2588 1160 2895 1229 disciplinae
2930 1164 3044 1231 ipse
3070 1179 3129 1217 se
3151 1162 3412 1217 fidelibus
3431 1179 3530 1233 po-

1935 1246 2081 1315 pulis
2104 1248 2335 1315 probum
2359 1289 2373 1313 ,
2428 1251 2650 1305 virtutis
2672 1252 3020 1307 aemulatione
3036 1293 3050 1316 ,
3105 1254 3319 1322 paravit
3338 1268 3527 1309 exem-

1936 1339 2083 1408 plum
2116 1357 2127 1391 :
2153 1340 2313 1393 faciei
2334 1341 2545 1395 scilicet
2566 1342 2789 1398 virtutis
2812 1344 2936 1398 luce
2959 1344 3225 1399 radiantis
3248 1346 3529 1414 exemplar

1933 1433 2235 1497 exsistens,
2275 1433 2329 1487 in
2355 1450 2521 1503 quem
2548 1444 2896 1501 contuentes,
2929 1437 3081 1491 velut
3107 1446 3308 1492 nostra:
3332 1446 3526 1492 aucto-

1934 1538 2050 1577 rem
2077 1525 2269 1579 salutis
2297 1540 2360 1579 ac
2389 1525 2585 1579 ducem
2612 1568 2626 1591 ,
2684 1527 2920 1582 actionis
2945 1528 3120 1593 cultu,
3156 1528 3337 1598 quoad
3366 1528 3528 1583 nobis

1935 1630 2257 1671 concessum
2283 1625 2386 1681 est,
2421 1619 2541 1688 ejus
2566 1618 2877 1673 imitatione
2914 1619 3091 1674 seduli
3117 1621 3353 1675 virtutes
3381 1636 3525 1690 pra:-

1936 1718 2163 1763 stamus.
2202 1708 2309 1763 Sed
2338 1716 2392 1762 et
2418 1710 2590 1780 gloria
2618 1711 2806 1780 populi
2833 1711 3118 1765 lsraelitici
3149 1711 3266 1781 ipse
3293 1713 3438 1767 Deus
3462 1728 3527 1767 ac

1938 1799 2131 1854 Sermo
2163 1809 2277 1864 est,
2343 1802 2495 1855 velut
2523 1802 2735 1857 scilicet
2767 1804 2862 1872 qui
2891 1802 3079 1857 divina
3106 1804 3351 1859 scientiae
3376 1805 3521 1870 luce,

1935 1908 2033 1961 per
2075 1892 2361 1963 mysticam
2402 1895 2949 1964 contemplationem,
2985 1904 3228 1950 mentem
3264 1897 3521 1952 illustret.

1932 1983 2040 2037 Aut
2069 1983 2210 2037 forte
2255 1984 2487 2053 populos
2520 1994 2681 2040 vocat
2716 1985 3004 2056 Scriptura
3039 1989 3323 2044 naturales
3352 1990 3524 2050 ratio-

1908 2092 2031 2130 »nes
2068 2094 2079 2129 :
2117 2076 2312 2129 harum
2341 2084 2522 2130 autem
2553 2076 2772 2141 faciem,
2804 2078 3130 2133 inoffensam
3152 2082 3412 2151 omnique
3435 2097 3525 2137 er-

1933 2184 2059 2223 rore
2077 2176 2359 2222 vacantem
2388 2168 2727 2235 claritatem;
2760 2171 2919 2241 cujus
2944 2173 3277 2241 praeparatio
3308 2175 3518 2245 (lumen

1933 2260 2147 2314 scilicet
2193 2259 2528 2331 agnitionis)
2591 2260 2736 2330 ipse,
2794 2263 2947 2317 velut
2990 2275 3203 2321 natura:
3242 2266 3518 2333 conditor,

1930 2349 2125 2405 Sermo
2153 2351 2389 2405 exsistit.
2448 2350 2652 2407 Gentes
2672 2360 2880 2419 autem,
2918 2370 2946 2407 a
2978 2365 3190 2411 natura:
3212 2358 3523 2412 rationibus

1931 2443 2296 2498 abhorrentes
2321 2443 2574 2503 affectus.
2611 2460 2750 2512 quos
2779 2445 3016 2500 latentes
3045 2447 3274 2518 detegit,
3306 2450 3521 2504 donans

1932 2536 2177 2590 scientia:
2203 2537 2346 2600 luce,
2373 2551 2436 2589 ac
2458 2551 2524 2590 ex
2548 2546 2745 2591 natura
2768 2554 2994 2607 prorsus
3017 2540 3290 2611 profligat.
3319 2543 3405 2598 Fit
3424 2559 3521 2598 au-

1934 2636 2044 2681 tem
2077 2626 2271 2681 Sermo
2304 2627 2526 2682 lsraelis
2557 2629 2731 2699 gloria
2761 2639 2925 2699 atque
2954 2633 3193 2697 claritas,
3230 2635 3377 2704 quod
3408 2637 3519 2690 sci-

1930 2718 2059 2772 licet
2096 2719 2165 2774 ab
2208 2719 2613 2774 innaturalibus
2640 2721 2886 2775 animum
2914 2722 3207 2779 affectibus
3231 2728 3516 2792 emundel,

1931 2837 2106 2890 exque
2148 2831 2343 2876 natura
2385 2822 2716 2890 comparatis
2745 2823 3055 2879 rationibus
3110 2839 3395 2896 perornet.
3438 2830 3517 2885 Ad

1931 2913 2049 2967 haec
2067 2929 2199 2967 vero
2222 2913 2385 2968 etiam
2410 2956 2423 2977 ,
2487 2913 2633 2981 quod
2664 2913 2966 2970 immobilis
3002 2929 3270 2987 arrogatae
3295 2921 3517 2977 deitatis

1931 3003 2239 3058 diademate
2270 3005 2557 3074 astringal.
2592 3004 2731 3059 Vere
2753 3007 2957 3060 ctenim
2985 3008 3201 3063 lsraelis
3220 3010 3391 3080 gloria
3408 3022 3513 3074 est,

1933 3105 2045 3150 tum
2070 3098 2137 3150 ab
2162 3097 2565 3151 innaturalibus
2587 3097 2879 3153 affectibus
2897 3102 3132 3166 absolvi,
3160 3110 3272 3156 tum
3290 3113 3517 3157 natura-

246 3197 462 3256 παθῶν,
497 3194 592 3247 καὶ
620 3193 727 3245 τῶν
761 3192 901 3244 κατά
936 3192 1097 3260 φύσιν
1129 3192 1302 3257 λόγων
1339 3188 1695 3257 κατόρθωσις,
1732 3189 1823 3239 καὶ

1929 3189 2006 3242 les
2034 3189 2311 3257 complere
2337 3189 2601 3255 rationes,
2634 3198 2746 3243 tum
2771 3191 3010 3260 dv'nique
3033 3192 3197 3258 bona,
3222 3209 3341 3262 quae
3359 3202 3515 3248 natu-

243 3288 354 3340 τῶν
400 3287 541 3355 ὑπὲρ
592 3285 752 3353 φύσιν
800 3286 1087 3353 ἐπίκτησις
1138 3283 1372 3350 ᾀγαθῶν.
1415 3282 1475 3332 Ὀ
1518 3280 1703 3332 τοῦτον
1736 3281 1824 3331 τὸν

243 3381 439 3448 νοητὸν
476 3378 639 3430 Δαϐὶδ
670 3377 1119 3447 προσδεχόμενος,
1177 3375 1279 3427 κᾶν
1306 3374 1567 3442 φθονῆται
1591 3373 1694 3424 ὑπὸ
1732 3373 1823 3423 τοῦ

244 3472 443 3533 Σαοὺλ,
478 3472 593 3523 ἀλλ’
622 3470 719 3540 οὐχ
748 3470 1029 3522 ἁλίσκεται
1051 3486 1064 3499 ’
1090 3467 1228 3520 ἀλλὰ
1259 3466 1353 3519 καὶ
1382 3466 1711 3532 τούναντίον,
1738 3466 1823 3518 διὰ

242 3564 449 3633 πολλὴν
506 3562 921 3632 φιλανθρωπίαν
961 3561 1035 3624 ὡς
1074 3560 1323 3630 ἀπαθὴς,
1363 3559 1456 3611 καὶ
1500 3557 1823 3627 μισούμενος

245 3654 544 3726 θεραπεύει
598 3658 664 3725 τῇ
716 3653 917 3724 κιθάρᾳ
950 3653 1044 3705 τοῦ
1101 3652 1441 3718 πνεύματος,
1490 3652 1579 3703 τὸν
1631 3650 1823 3720 ἐχθρὸν

244 3744 476 3815 πονηρῷ
522 3744 994 3813 καταπνιγόμενον
1040 3742 1338 3813 πνεύματι’
1392 3741 1485 3795 καὶ
1542 3745 1686 3793 ποιεῖ
1722 3740 1823 3793 σώ-

243 3855 445 3909 φρονα,
474 3837 619 3889 λύων
640 3836 825 3899 αὐτὸν,
855 3836 1106 3906 καθάπερ
1136 3836 1395 3906 δαίμονος
1432 3835 1689 3905 πονηροῦ,
1726 3835 1825 3904 τῆς

241 3930 424 3999 κακῆς
457 3929 553 3981 τοῦ
587 3929 771 3998 χοϊκοῦ
819 3930 1172 3999 φρονήματος
1220 3927 1533 3995 ἐπιληψίας.
1568 3929 1683 3991 Πᾶς
1717 3928 1825 3997 γὰρ

243 4023 334 4075 διὰ
374 4008 572 4091 ξρθόνον
611 4020 807 4091 μισῶν,
841 4022 936 4072 καὶ
975 4020 1161 4082 κακῶς
1196 4018 1527 4090 διαθρυλλῶν
1552 4022 1675 4080 ταῖς
1706 4018 1823 4071 δια-

240 4114 433 4177 ϐολαῖς
461 4113 553 4165 τὸν
580 4116 637 4165 ἐν
671 4115 782 4175 τοῖς
829 4112 1005 4181 ἀγῶσι
1036 4112 1144 4164 τῶν
1173 4112 1408 4183 ἀρετῶν,
1442 4112 1533 4163 καὶ
1562 4114 1627 4181 τῇ
1670 4128 1825 4180 περι-

240 4209 402 4277 ουσία
436 4205 533 4258 τοῦ
563 4206 718 4273 λόγου
752 4206 851 4275 τῆς
892 4206 1273 4275 πνευματικῆς
1302 4203 1556 4271 γνώσεως
1590 4203 1826 4257 δυνατώ-

237 4316 421 4370 τερον,
441 4298 616 4351 Σαούλ
636 4300 751 4351 ἐστι
785 4297 1010 4368 πονηρῷ
1033 4296 1504 4365 καταπνιγόμενος
1530 4295 1817 4365 πνεύματι,

241 4390 316 4459 μὴ
348 4388 535 4457 φέρων
565 4388 626 4439 τὸ
656 4387 815 4449 κλέος
837 4388 935 4456 τῆς
957 4389 1078 4440 κατ’
1115 4384 1314 4456 ἀρετὴν
1372 4386 1467 4437 καὶ
1497 4385 1698 4451 γνῶσιν
1731 4386 1821 4436 εῦ-

234 4482 525 4550 δαιμονίας
550 4480 644 4534 τοῦ
679 4481 989 4551 κρείττονος
1015 4498 1027 4510 °
1058 4482 1152 4532 καὶ
1181 4480 1269 4532 διὰ
1302 4478 1459 4531 τοῦτο
1501 4479 1661 4532 πλέον
1695 4498 1818 4548 μαι-

235 4577 488 4643 νόμενος,
522 4575 603 4627 ὅτι
648 4574 722 4644 μὴ
749 4573 977 4627 δύναται
1024 4573 1113 4626 τὸν
1150 4573 1445 4643 εὐεργέτην
1487 4570 1819 4643 διαχειρίσα-

235 4671 384 4722 σθαι.
430 4668 700 4731 Πολλάκις
744 4668 801 4720 δὲ
836 4666 928 4719 καὶ
980 4667 1157 4740 αὑτὸν»
1182 4665 1566 4735 ἀποπέμπεται
1610 4665 1820 4736 πικρῶς

232 4761 325 4813 τὸν
355 4758 618 4827 φίλτατον
646 4757 901 4810 Ἰωνάθαν
922 4773 937 4786 ·
968 4756 1059 4810 τόν
1087 4757 1329 4825 ἔμφυτον
1363 4755 1507 4823 λέγω
1532 4756 1668 4809 κατά
1692 4774 1819 4808 συν-

234 4853 449 4919 είδησιν
487 4849 767 4918 λογισμὸν,
812 4849 903 4901 τὸν
946 4849 1126 4901 ἄδικον
1178 4850 1334 4915 μῖσος
1375 4847 1682 4918 ἐλέγχοντα,
1722 4849 1815 4901 καὶ

232 4944 328 4996 τοῦ
376 4941 711 5012 μισουμένου
742 4939 1052 5011 φιλαλήθως
1098 4940 1482 5010 ἀφηγούμενον
1516 4941 1584 4993 τὰ
1623 4958 1824 5008 κατορ-

229 5034 494 5102 θώματα,
531 5032 673 5084 κατά
710 5032 801 5084 τὸν
832 5032 1001 5084 πάλαι
1030 5034 1126 5084 καὶ
1156 5032 1385 5100 μάταιον
1414 5032 1583 5094 ὅντως
1616 5032 1789 5083 Σαούλ
1809 5044 1822 5057 '

235 5129 376 5199 πρὸς
424 5129 485 5181 ὃν
528 5145 658 5197 φησι
701 5127 978 5197 Σαμουὴλ,
1009 5127 1084 5189 ὡς
1143 5127 1468 5197 παραϐάτην
1506 5127 1615 5179 τῶν
1664 5125 1823 5178 θείων

234 5221 504 5273 ἐντολῶν
546 5220 956 5299 Μεματαίωςαί
988 5234 1109 5280 σοι,
1157 5218 1246 5271 ὅτι
1282 5219 1545 5286 παρέϐης
1578 5219 1692 5283 τὴν
1724 5220 1820 5272 ἐν·

235 5314 430 5379 τολήν
450 5330 596 5380 μου,
623 5310 704 5378 ἢν
729 5311 1074 5364 ἐνετείλατό
1105 5328 1202 5364 σοι
1233 5313 1265 5364 ό
1318 5312 1480 5376 Θεός,
1521 5312 1711 5373 Σαοὺλ,
1745 5312 1818 5375 ὡς

236 5406 513 5476 προέφην,
540 5403 771 5474 ὲστὶν,ἢ
816 5406 844 5456 ό
886 5403 1132 5475 γραπτὸς
1178 5403 1415 5473 νόμος,ἣ
1457 5406 1484 5457 ὁ
1532 5403 1673 5455 κατά
1728 5405 1818 5456 τὸν

234 5500 489 5569 γραπτὸν
537 5499 700 5566 νόμον
754 5497 1170 5566 πολιτευόμενος
1214 5496 1340 5559 λαὸς
1378 5498 1484 5549 τῶν
1529 5497 1814 5551 Ἰουδαίων.

246 5590 602 5661 ’Λμφοτέρων
647 5590 757 5661 γάρ
780 5588 923 5642 οὕτω
953 5588 1151 5658 χοῖκῶς
1185 5588 1434 5658 ἀλλήλοις
1473 5590 1815 5659 συμπεπλεγ-

304 5786 351 5820 ⁸⁸
377 5784 517 5839 Luc.
541 5800 601 5853 η,
638 5786 727 5843 51.

802 5788 847 5820 ⁸³⁵
874 5787 895 5842 l
922 5788 1055 5859 Reg.
1085 5805 1194 5853 xvr,
1232 5788 1333 5855 18;
1377 5806 1525 5853 xvm,
1559 5791 1611 5845 9.

236 5872 326 5921 av,
374 5855 462 5910 19.

1720 5792 1807 5845 "l
1840 5792 1972 5860 Reg.
2004 5809 2090 5855 xx,
2133 5790 2199 5846 30
2262 5806 2416 5859 seqq.

1929 3296 2045 3333 ram
2097 3290 2398 3351 superant,
2446 3281 2697 3351 adipisci.
2766 3282 2869 3349 Qui
2902 3284 3205 3353 spiritalem
3237 3286 3386 3338 hunc
3409 3286 3514 3341 Da-

1926 3374 2105 3427 vitlcm
2135 3374 2351 3443 recipit,
2382 3375 2484 3427 etsi
2513 3376 2568 3429 in
2592 3391 2718 3429 eum
2748 3375 2929 3429 Saulis
2954 3376 3265 3429 inardescat
3286 3376 3511 3441 invidia,

1927 3480 2037 3518 non
2085 3472 2266 3519 tamen
2318 3466 2534 3534 capitur
2603 3476 2767 3535 atque
2810 3467 3097 3532 vincitur;
3166 3467 3327 3538 294
3379 3468 3514 3537 quin

1925 3571 1956 3609 c
1988 3563 2199 3619 contra,
2254 3571 2375 3625 qua:
2404 3557 2523 3626 ejus
2549 3572 2761 3610 summa
2789 3558 3081 3611 clementia
3110 3568 3194 3612 est
3223 3574 3286 3612 ac
3316 3559 3514 3613 huma-

1925 3651 2107 3715 nitas,
2128 3650 2279 3705 velut
2314 3650 2782 3719 tranquillissimae
2814 3651 3035 3717 mentis,
3068 3652 3162 3721 qui
3191 3652 3354 3706 etiam
3387 3652 3515 3707 odio

1926 3742 2217 3807 habeatur,
2255 3732 2493 3812 Spiritus
2521 3743 2736 3797 cithara
2766 3743 2983 3797 hostem
3015 3753 3226 3797 recreat
3261 3758 3323 3797 ac
3345 3743 3518 3798 mole-

1926 3835 2028 3889 stia
2057 3836 2242 3900 levat,
2300 3850 2464 3903 quem
2497 3837 2728 3905 spiritus
2752 3851 2986 3906 nequam
3013 3836 3384 3905 opprimat”;
3426 3852 3515 3891 sa-

1927 3941 2118 3996 meque
2143 3927 2347 3981 mentis
2370 3943 2498 3981 cum
2523 3926 2688 3981 efficit
2708 3969 2722 3992 ,
2776 3927 2929 3982 velut
2962 3944 2991 3981 a
3015 3927 3286 3991 daemone,
3317 3944 3345 3981 a
3377 3928 3515 3981 mala

1929 4018 2129 4072 terreni
2160 4035 2377 4083 sensus,
2405 4021 2559 4088 quasi
2586 4020 2764 4073 morbi
2789 4018 2989 4074 sontici
3014 4020 3160 4083 labe,
3188 4020 3517 4089 propensius

1926 4112 2186 4165 liberans.
2249 4111 2511 4181 Quisquis
2551 4112 2700 4166 enim
2760 4129 2871 4182 prae
2908 4112 3116 4166 invidia
3163 4113 3294 4167 odio
3323 4113 3512 4179 habet,

1927 4204 2179 4274 maleque
2225 4204 2447 4274 sugillat
2494 4220 2558 4259 ac
2590 4204 2835 4259 detrahit
2865 4205 2916 4258 ei
2951 4206 3068 4275 qui,
3099 4206 3367 4260 virtutum
3398 4223 3518 4261 cer-

1926 4297 2226 4351 taminibus
2250 4298 2433 4351 clarus
2460 4338 2473 4359 ,
2534 4297 2701 4350 etiam
2736 4295 3079 4351 abundantia
3109 4298 3382 4352 sermonis
3406 4299 3517 4368 spi-

1924 4389 2101 4442 ritalis
2133 4387 2380 4442 scicntia:
2423 4387 2705 4456 potentior
2732 4394 2816 4441 est
2844 4426 2859 4449 ,
2920 4386 3049 4441 Saul
3075 4396 3181 4451 est,
3215 4404 3380 4457 quem
3407 4389 3518 4458 spi-

1924 4479 2065 4530 ritus
2088 4491 2327 4545 nequam
2352 4477 2647 4547 opprimat,
2684 4477 2806 4547 ejus
2831 4476 2927 4546 qui
2959 4478 3167 4546 majore
3194 4479 3514 4547 prmstanlia

1926 4568 2158 4622 excellat
2202 4566 2424 4620 virtutis
2449 4565 2619 4621 decus
2650 4582 2713 4620 ac
2736 4567 2982 4622 scientiae
3006 4568 3327 4622 felicitatem
3364 4568 3513 4624 ferre

1926 4674 2035 4711 non
2060 4657 2281 4722 valens;
2315 4656 2538 4726 bamque
2567 4656 2645 4711 illi
2668 4657 2809 4712 ratio
2840 4666 2902 4711 ut
2925 4658 3116 4728 majori
3143 4657 3519 4712 feraturinsa-

1925 4761 2037 4823 nia,
2093 4762 2241 4831 quod
2290 4778 2417 4816 eum
2470 4761 2778 4816 demerenti
2818 4776 3009 4816 necem
3055 4763 3355 4833 importare
3401 4779 3513 4818 non

1926 4855 2186 4924 potest”.
2246 4854 2455 4923 Saepius
2488 4869 2619 4907 vero
2655 4854 2834 4923 ipsum
2870 4868 3090 4923 quoque
3125 4855 3511 4910 charissimum

1921 4949 2285 5004 Jonatbanem
2334 4947 2591 5001 acerbius
2642 4946 2903 5016 repellit,
2942 4947 3247 5003 naturalem
3298 4949 3512 5003 scilicet

1924 5042 2274 5097 conscientire
2296 5040 2598 5106 rationem;
2624 5056 2748 5110 quae
2765 5040 3025 5095 videlicet
3052 5041 3302 5111 iniquum
3321 5042 3510 5096 odium

1924 5130 2312 5201 reprehendat,
2352 5132 2581 5202 ejusque
2635 5131 2728 5199 qui
2763 5131 2891 5185 odio
2919 5131 3158 5185 habetur
3189 5133 3359 5186 animi
3386 5148 3514 5188 can-

1924 5226 2058 5279 dore
2090 5224 2331 5279 facinora
2365 5231 2529 5293 atque
2562 5222 2798 5277 virtutes
2824 5222 3127 5289 referat";
3164 5224 3318 5279 velut
3346 5225 3510 5278 etiam

1923 5319 2015 5372 ille
2045 5318 2272 5371 demens
2304 5324 2572 5385 vetusque
2597 5314 2725 5370 Saul
2748 5356 2762 5381 ,
2816 5314 2883 5369 ad
2911 5330 3074 5384 quem
3111 5314 3331 5369 Samuel
3363 5315 3513 5369 velut

1926 5410 2111 5464 divina
2142 5416 2549 5478 transgressum
2574 5406 2829 5461 mandata
2854 5406 3078 5470 :Stulte,
3110 5407 3309 5476 inquit,
3339 5409 3508 5477 egisti,

1927 5503 2014 5569 qui
2045 5512 2401 5568 transgressus
2425 5514 2475 5550 es
2510 5497 2821 5550 mandatum
2846 5512 3040 5560 meum,
3074 5497 3210 5566 quod
3241 5496 3511 5549 mandavit

1929 5594 2020 5645 tibi
2054 5592 2190 5644 Deus
2209 5591 2277 5644 ³⁷.
2318 5590 2468 5652 Saul,
2501 5589 2581 5643 uti
2614 5589 2669 5642 in
2696 5588 3078 5659 superioribus
3108 5588 3381 5651 dicebam,
3415 5596 3511 5640 aut

2515 5790 2559 5821 ⁹⁶
2588 5790 2605 5843 l
2638 5790 2768 5859 Reg.
2809 5806 2917 5852 XIX,
2948 5788 2981 5843 5
3008 5804 3161 5857 seqq.
3241 5788 3287 5820 ’⁷
3316 5787 3337 5841 Ι
3369 5786 3505 5856 Reg.
