4218 6432
704 368 801 435 771

1893 374 1955 432 S.
1995 371 2283 431 ΜΑΧΙΜΙ
2321 371 2830 433 CONFESSORIS

3878 374 3984 437 77?.

703 486 791 542 lex
819 484 1024 555 scripta
1056 491 1170 552 est,
1208 493 1324 547 aut,
1355 482 1451 553 qui
1483 498 1551 539 ex
1575 483 1714 555 legis
1737 483 1956 554 scriptae
1979 484 2290 539 rationibus

2400 483 2576 554 μένων
2641 485 2936 554 ἀφίσταται
2993 482 3054 534 τὸ
3105 480 3617 552 πνεῦμα-Κυρίου,
3660 483 3690 536 6
3745 484 3895 536 ἐστιν
3949 487 3982 554 ἡ

703 575 874 631 vitam
902 573 1162 639 instituit,
1187 573 1453 628 Judaicus
1476 574 1736 644 populus.
1763 573 1848 629 Ab
1868 575 2120 643 utrisque
2141 573 2294 627 enim

704 668 787 724 sic
836 677 1057 722 terrene
1109 665 1216 720 sibi
1262 673 1459 720 mutuo
1502 667 1757 736 implexis
1791 681 1858 721 ac
1886 665 2297 721 cohazrentibus

705 758 954 814 abscedit
1003 755 1236 826 spiritus
1281 757 1501 812 Domini
1557 757 1868 829 (spiritalis
1899 757 2114 813 scilicet
2163 773 2293 827 spe-

706 852 914 905 culatio
963 857 1020 903 et
1065 849 1392 921 scientia),
1446 849 1768 920 iuvaditque
1801 850 2033 920 spiritus
2057 864 2295 919 nequam

709 942 930 1014 (nempe
962 952 1220 998 terrenus
1244 939 1462 1010 sensus)
1497 939 1712 995 crebris
1739 940 2026 1006 nimirum,
2058 941 2296 1010 aliisque

708 1035 844 1089 alias
874 1035 1317 1103 excipientibus,
1376 1048 1563 1087 rerum
1595 1040 1722 1087 ortu
1756 1033 2096 1102 interituque
2123 1033 2295 1087 alter-

713 1129 961 1181 uantium
989 1127 1401 1180 turbationibus
1415 1127 1643 1196 jugique
1665 1124 1957 1194 vertigine,
1981 1125 2298 1195 arreptitio-

711 1235 834 1272 rum
859 1234 1012 1272 more
1035 1260 1050 1284 ,
1106 1219 1278 1272 animi
1308 1219 1582 1272 rationum
1611 1217 1970 1273 instabilitate
1996 1217 2292 1272 sull'ocans.

711 1309 850 1363 Tum
876 1309 1023 1362 enim
1069 1309 1154 1364 lex
1187 1319 1408 1364 terrene
1428 1348 1443 1372 ,
1497 1323 1564 1361 ex
1593 1308 1709 1362 sola
1736 1309 1937 1387 litterae.
1963 1309 2179 1365 ratione
2207 1309 2295 1364 in-

713 1401 953 1464 tellecta,
977 1401 1326 1468 arreptitium
1351 1400 1542 1464 refert,
1568 1415 1633 1454 ac
1650 1415 1811 1455 sacro
1829 1399 2024 1454 morbo
2041 1401 2298 1456 laboran-

713 1500 846 1553 tem,
889 1505 1012 1559 quaa
1038 1489 1317 1544 sexcentis
1340 1492 1583 1560 jactetur
1607 1490 1904 1545 contrariis
1931 1491 2152 1560 sibique
2178 1491 2296 1562 ipsa

711 1582 853 1637 nihil
885 1582 1240 1647 consentiat;
1307 1589 1422 1634 tum
1465 1595 1624 1635 ruens
1672 1581 1941 1637 Judaicos
1967 1592 2298 1638 consectans

712 1686 898 1725 mores
923 1709 942 1735 ,
1009 1670 1256 1724 instabili
1303 1678 1656 1722 terrenorum
1690 1670 2099 1726 circumlatioui
2135 1688 2279 1727 erro-

601 1813 608 1822 ,
664 1765 871 1832 «rique
923 1777 1124 1817 vesane
1171 1762 1415 1826 inhians,
1470 1762 1653 1816 eidem
1693 1779 1913 1831 quoque
1963 1764 2296 1820 instabiliter

711 1854 1027 1908 necessario
1058 1855 1318 1909 comitem
1349 1855 1758 1909 circumlationi
1783 1856 2100 1924 erroriquc,
2123 1855 2293 1910 animi

712 1929 1062 2002 dilectionem
1094 1943 1280 1997 habet.
1339 1943 1430 2007 At,
1466 1943 1560 1997 ubi
1593 1945 1788 2009 David,
1822 1960 1950 1999 vere
1977 1946 2070 2004 ille
2098 1955 2298 2002 natura

677 2014 984 2107 'musicus,
1029 2036 1298 2089 Dominus
1331 2045 1523 2090 noster
1563 2036 1726 2091 Jesus
1748 2037 2006 2092 Christus
2030 2078 2044 2101 ,
2095 2037 2298 2107 spiritu

692 2105 958 2213 Imy‘sticae
985 2127 1473 2196 contemplationis
1501 2127 1679 2197 legem
1705 2128 1913 2198 pariter
1934 2105 2296 2198 Judreuinque

715 2217 1125 2293 incantaverit;
1164 2227 1281 2272 tum
1312 2218 1461 2270 illam
1493 2234 1558 2271 ex
1585 2227 1805 2273 terrena
1839 2219 2138 2287 spiritalem
2165 2217 2292 2271 red-

712 2291 813 2373 dit,
844 2291 997 2393 ‘tung,
1023 2309 1173 2364 hunc
1209 2326 1238 2362 a
1266 2307 1571 2363 difﬁdentia
1597 2325 1661 2363 ac
1685 2309 2074 2364 incredulitate
2129 2309 2196 2363 ad
2230 2310 2293 2364 li-

713 2401 837 2455 dem
874 2401 1134 2470 traducit.
1204 2399 1367 2469 295
1427 2397 1647 2453 Saulem
1682 2401 1870 2470 itaque
1922 2401 2171 2455 moribus
2205 2418 2294 2455 re-

715 2495 900 2548 ferunt
944 2459 1055 2585 legi.
1076 2491 1284 2561 pariter
1336 2507 1403 2545 ac
1443 2491 1710 2546 Iudaicus
1752 2493 2027 2561 populus,
2079 2502 2136 2546 ct
2166 2508 2292 2547 cum

715 2587 954 2641 fanatico
984 2575 1247 2654 'aguntur
1288 2584 1487 2653 spiritu
1515 2623 1530 2649 ,
1594 2594 1643 2639 et
1694 2601 1821 2638 cum
1875 2593 2060 2639 mente
2108 2586 2292 2640 sobria

2400 575 2747 646 πνευματικὴ
2801 573 3008 646 θεωρία
3058 574 3155 627 καὶ
3187 576 3220 644 ἡ
3266 573 3490 641 γνῶσις,
3550 575 3645 627 καὶ
3685 574 3983 644 ἐπέρχεται

2397 666 2618 737 πνεῦμα
2645 664 2881 738 πονηρὸν
2910 664 3201 731 (τουτέστι,
3235 665 3297 718 τὸ
3322 663 3506 718 ὑλικὸν
3533 665 3831 736 φρόνημα),
3861 668 3986 730 ταῖς

2399 757 2831 828 ἀλλεπαλλὴλοις
2863 756 2972 810 τῶν
3033 756 3140 810 ὑπὸ
3186 755 3400 826 γένεσιν
3429 756 3528 808 καὶ
3568 755 3774 824 φθορὰν
3812 773 3986 826 ταρα-

2398 853 2522 922 χαῖς
2550 851 2646 904 καὶ
2683 849 2977 919 δινήσεσιν,
3003 847 3078 912 ὡς
3115 848 3450 919 ἐπιλήπτους
3493 849 3559 919 τῇ
3590 847 3844 920 ἷάστασία
3874 849 3986 899 τῶν

2397 942 2675 1012 λογισμῶν
2711 940 3069 1008 καταπνίγον.
3104 940 3172 994 "U
3197 956 3257 991 τε
3289 939 3398 1008 γὰρ
3429 937 3595 1010 νόμος
3619 939 3820 1008 χοῖκῶς
3847 937 3986 1007 πρὸς

2401 1033 2564 1102 μόνον
2590 1033 2651 1086 τὸ
2684 1032 2923 1104 γράμμα
2948 1031 3261 1100 νοούμενος,
3285 1030 3585 1099 ὲπίληπτός
3615 1029 3733 1083 ἔστι
3758 1031 3985 1101 μυρίαις

2395 1121 2718 1193 δονούμενος
2763 1119 3139 1183 ἐναντιώσεσι,
3189 1121 3284 1174 καὶ
3329 1121 3603 1192 μηδεμίαν
3648 1120 3786 1190 ἔχων
3845 1121 3985 1190 πρὸς

2397 1214 2590 1268 ἑαυτὸν
2621 1215 2970 1284 συμφωνίαν·
3005 1215 3034 1268 6
3053 1231 3112 1267 τε
3147 1214 3456 1280 ’Ῑουδαῖζων
3495 1213 3642 1278 νοῦς,
3664 1216 3730 1284 τῇ
3759 1215 3987 1282 ἀστάτῳ

2398 1309 2676 1379 περιφορᾷ
2714 1307 2824 1360 τῶν
2864 1306 3066 1360 ὑλικῶν
3115 1293 3568 1377 ἐπιμαινόμενος,
3619 1307 3875 1369 ἀστάτως
3926 1305 3988 1368 ἑξ

2397 1400 2644 1470 ἀνάγκης
2677 1400 2774 1454 καὶ
2793 1399 2956 1463 αὐτὸς
2987 1398 3088 1470 τὴν
3122 1399 3333 1452 οἰκείαν
3382 1397 3987 1468 συμμεταὸαλλομένην

2397 1493 2512 1563 ἔχει
2547 1491 2806 1546 διάθεσιν.
2857 1490 3128 1561 Ὀπηνίκα
3183 1490 3239 1543 δὲ
3273 1490 3460 1552 Δαϐὶδ,
3493 1491 3521 1544 6
3566 1491 3686 1543 κατ’
3718 1488 3986 1560 ἀλήθειαν

2399 1585 2561 1655 φύσει
2600 1583 2881 1654 μουσικὸς,
2905 1585 2934 1636 6
2963 1583 3170 1654 Κύριος
3197 1583 3360 1652 ἡμῶν
3401 1581 3629 1653 Ἰησοῦς,
3671 1582 3870 1652 ὲπᾴσει
3905 1579 3987 1650 τῷ

2400 1676 2672 1746 πνεύματι
2702 1676 2801 1746 τῆς
2833 1678 3104 1745 μυστικῆς
3137 1673 3394 1747 θεωρίας,
3430 1675 3523 1727 τόν
3556 1692 3615 1726 τε
3659 1675 3844 1744 νόμον,
3888 1674 3988 1727 καὶ

2397 1767 2488 1821 τὸν
2528 1766 2810 1820 ’ίουδαῖονο
2862 1765 2954 1818 τὸν
2987 1765 3084 1835 μὲν
3117 1764 3240 1817 ἀντὶ
3278 1762 3463 1834 χοϊκοῦ
3497 1767 3640 1818 ποιεῖ
3675 1780 3988 1833 πνευματι-

2397 1858 2524 1911 κόν⁶
2556 1859 2650 1911 τὸν
2681 1857 2737 1910 δὲ
2760 1857 2999 1928 μετάγειι
3022 1857 3159 1927 πρὸς
3191 1857 3375 1908 πίστιν
3416 1855 3476 1920 ἐξ
3503 1857 3986 1918 ἀπιστίας.¹Ἐστιν

2398 1946 2492 2003 οὖν
2525 1949 2668 2003 κατὰ
2691 1949 2782 2002 τὸν
2803 1949 3000 2013 Σαοὺλ,
3034 1948 3063 2000 ὅ
3087 1964 3147 2001 τε
3176 1947 3363 2016 νόμος,
3387 1946 3482 1999 καὶ
3507 1948 3536 1999 6
3560 1946 3670 1998 τῶν
3707 1945 3987 1999 Ἰουδαίων

2398 2042 2548 2106 λαὸς,
2581 2041 2672 2094 καὶ
2705 2040 2998 2110 ἐπίληπτος
3051 2039 3147 2092 καὶ
3187 2038 3441 2109 σώφρων.
3505 2037 3836 2107 Ἐπίληπτος
3872 2036 3988 2107 γὰρ

2398 2133 2428 2185 6
2455 2135 2617 2202 νόμος
2637 2131 2806 2192 ἐστὶν,
2839 2131 2917 2193 ώς
2959 2130 3121 2200 ἔφην,
3151 2130 3354 2199 χοῖκῶς
3401 2129 3820 2198 λαμϐανόμενος
3839 2146 3852 2158 ο
3888 2128 3987 2181 καὶ

2399 2226 2699 2294 ἐπίληπτος
2727 2226 2755 2277 6
2795 2224 3046 2286 Ἰουδαῖός
3073 2224 3208 2287 ἐστι,
3234 2221 3435 2293 χοῖκῶς
3458 2222 3535 2291 τῷ
3553 2221 3672 2292 Θεῷ
3695 2218 3987 2291 λατρεύειν

2402 2312 2724 2383 βουλόμενος
2750 2329 2763 2342 ·
2815 2312 2912 2365 καὶ
2940 2311 3103 2365 πάλιν
3133 2311 3370 2382 σώφρων
3393 2313 3421 2364 6
3455 2313 3620 2381 νόμος
3649 2312 3788 2375 ἐστὶ,
3821 2327 3988 2361 πνευο

2403 2405 2647 2474 ματικῶς
2677 2403 2796 2458 νοού
2807 2420 2995 2474 μενος·
3022 2404 3115 2458 καὶ
3133 2406 3162 2456 6
3191 2403 3442 2466 Ἰουδαῖος
3463 2403 3724 2466 ὡσαύτως
3749 2403 3987 2473 σώφρων

2401 2498 2570 2559 ἐστὶν,
2599 2498 2662 2550 ἐκ
2689 2497 2786 2566 τῆς
2806 2497 3150 2566 -σωματικῆς
3184 2494 3438 2565 λατρείας
3475 2495 3567 2548 ἐπὶ
3596 2495 3698 2564 τὴν
3731 2481 3989 2564 ’πνευμα-

2399 2588 2559 2655 τικὴν
2587 2585 2677 2639 τοῦ
2703 2585 2837 2640 Θεοῦ
2875 2584 3173 2656 θεραπείαν
3211 2586 3675 2655 μεταφερόμενος.

715 2686 863 2731 sunt.
890 2677 1150 2730 Fanatico
1183 2670 1331 2729 enim
1354 2675 1441 2728 lex
1463 2675 1652 2730 furore
1684 2676 1887 2746 agitur,
1909 2676 1989 2730 uti
2020 2677 2295 2741 dicebam,
2337 2695 2462 2733 cum
2536 2690 2755 2733 terreno
2781 2694 2946 2734 sensu
3006 2679 3317 2748 accipitur:
3375 2677 3710 2746 Judaeusque
3741 2673 3986 2746 arrepti-

709 2766 829 2822 tius
868 2775 953 2820 est
1007 2777 1062 2820 ct
1104 2765 1378 2819 fanaticus
1403 2805 1418 2828 ,
1483 2765 1579 2836 qui
1617 2766 1787 2820 Deum
1855 2775 2080 2822 terreno
2134 2783 2303 2822 sensu
2345 2770 2527 2824 colere
2561 2772 2612 2823 in
2643 2769 2886 2824 animum
2918 2769 3152 2824 inducit.
3184 2767 3262 2822 Ac
3284 2782 3479 2822 rursus
3513 2767 3598 2821 lcx
3641 2765 3831 2820 sobria
3874 2774 3982 2825 est,

716 2875 838 2928 quae
877 2859 1203 2928 Spiritaliter
1237 2858 1629 2928 intelligatur;
1691 2868 1856 2929 atque
1920 2859 2145 2915 Iudaeus
2207 2861 2464 2916 similiter
2505 2863 2728 2917 sobrius
2768 2898 2784 2924 ,
2823 2863 2918 2928 qui
2987 2876 3018 2916 a
3055 2860 3328 2930 corporali
3355 2861 3508 2914 cultu
3543 2857 3612 2912 ad
3671 2857 3984 2927 spiritalem

718 2949 813 3003 Dei
839 2950 1048 3002 cultum
1080 2948 1426 3034 traducatur.

786 3040 962 3094 Porro
995 3049 1052 3094 et
1081 3039 1228 3093 istud
1255 3039 1662 3095 observandum
1685 3080 1699 3104 ,
1737 3040 2053 3096 interﬁcere
2080 3039 2300 3095 Saulcm
2330 3047 2371 3102 C

717 3146 856 3202 quos
893 3131 1064 3185 Jcsus'
1092 3141 1279 3185 servet
1320 3132 1564 3201 velitque
1593 3133 1919 3186 incolumes.
1976 3133 2125 3198 Quos
2149 3133 2298 3186 enim

717 3210 1019 3292 Scriptura:
1059 3224 1290 3292 spiritus
1327 3224 1606 3287 vindicat,
1657 3224 1857 3278 littera:
1899 3233 2297 3293 comparatum,

718 3323 781 3367 ut
811 3315 1114 3368 interimat.
1151 3314 1364 3368 Idcirco
1399 3316 1541 3369 hanc
1570 3315 1789 3384 (nempe
1815 3316 1989 3384 legem
2011 3315 2295 3386 scriptam)

719 3387 952 3475 pmnitet
1015 3407 1186 3460 Deum
1238 3406 1294 3460 in
1342 3407 1560 3462 lsraclis
1602 3423 1786 3478 regem
1829 3409 2142 3473 iuunxissc,
2179 3426 2300 3478 quce

718 3513 748 3551 a
799 3497 1004 3551 Judmis
1055 3497 1354 3552 carnaliter
1397 3499 1747 3566 accipiatur;
1813 3499 2017 3568 datque
2066 3499 2296 3568 Spiritui

721 3586 876 3656 regni
909 3595 1267 3655 potestatem,
1305 3586 1400 3655 qui
1437 3587 1634 3640 littera:
1661 3589 1946 3656 prosimus
1978 3604 2151 3657 caque
2189 3606 2300 3642 mc-

721 3679 830 3732 lior
853 3679 946 3732 sit.
985 3679 1054 3733 Et
1078 3679 1232 3742 (laba,
1264 3679 1468 3748 inquit,
1499 3695 1716 3749 regnum
1742 3681 1978 3748 proximo
2004 3690 2113 3742 tuo,
2141 3683 2227 3749 qui
2253 3690 2300 3732 te

723 3770 908 3825 melior
929 3773 995 3824 sit
1010 3769 1075 3823 °“.
1113 3768 1589 3835 Quemadmodum
1613 3769 1760 3824 enim
1787 3770 1955 3824 David
1978 3769 2158 3825 Saulis
2176 3788 2300 3840 pro-

721 3861 900 3915 ximus
922 3871 1042 3915 erat
1065 3900 1080 3926 ,
1138 3861 1218 3914 sic
1242 3877 1466 3930 quoque
1490 3861 1626 3915 scite
1657 3860 1901 3930 Spiritus
1936 3861 2137 3915 liltcrzc
2163 3862 2299 3930 legis

719 3954 1009 4025 adjunctus
1031 3965 1153 4019 cst;
1217 3954 1422 4022 quippe
1455 3953 1544 4007 cui
1581 3959 1643 4008 ut
1674 3961 1800 4022 post
1827 3962 2061 4007 mortem
2100 3954 2298 4008 littera:

719 4045 1046 4098 inclarescat
1075 4059 1142 4097 ex
1169 4043 1332 4114 genio
1355 4051 1461 4098 est.

700 4298 705 4304 _
788 4233 962 4303 Igitur
1018 4247 1118 4286 nos
1149 4247 1368 4301 quoque
1410 4231 1714 4302 spiritalem
1737 4225 2001 4289 Davidem
2033 4235 2294 4289 obsecre-

717 4341 840 4378 mus
864 4365 878 4388 ,
941 4333 999 4376 ut
1044 4323 1311 4392 spiritalis
1335 4324 1816 4394 contemplationis
1859 4341 1923 4380 ac
1948 4325 2194 4379 scientiae
2216 4325 2294 4379 ci-

2477 3041 2822 3108 Σημειωτέον
2842 3040 2917 3105 δὲ,
2936 3040 3016 3092 ὅτι
3035 3039 3160 3100 τοὺς
3185 3036 3289 3091 ὑπὸ
3323 3034 3498 3106 Ἰησοῦ
3520 3034 3982 3106 διασωζομένους,

2401 3133 2692 3187 ἀποκτένει
2724 3131 2920 3185 Σαούλ.
2956 3130 3066 3193 Οὓς
3118 3130 3226 3200 γὰρ
3268 3130 3642 3198 περιποιεῖται
3672 3127 3733 3178 τὸ
3760 3126 3985 3197 πνεῦμα

2399 3221 2499 3290 τῆς
2555 3221 2801 3290 Γραφῆς.
2839 3219 3158 3274 ἁποκτένειν
3205 3219 3266 3271 τὸ
3311 3218 3545 3289 γράμμα
3596 3217 3815 3285 πέφυκε
3845 3259 3861 3272 .
3893 3217 3986 3269 Διὸ

2398 3313 2607 3376 τοῦτον,
2655 3312 2797 3379 λέγω
2843 3311 2908 3382 δὴ
2952 3311 3041 3364 τὸν
3071 3309 3317 3381 γραπτὸν
3361 3309 3546 3378 νόμον,
3589 3308 3986 3378 μεταμελεῖται

2401 3403 2594 3473 χρίσας
2626 3402 2929 3472 βασιλεύειν
2956 3400 3050 3453 τοῦ
3088 3399 3302 3471 Ἰσραὴλ
3332 3403 3359 3454 6
3388 3399 3542 3463 Θεὸς,
3568 3401 3673 3452 ὑπὸ
3712 3399 3987 3452 Ἰουδαίων

2403 3493 2680 3565 σαρκικῶς
2733 3492 3165 3562 λαμϐανόμενον,
3219 3492 3311 3543 καὶ
3352 3490 3536 3544 δίδωσι
3576 3491 3655 3560 τῷ
3703 3491 3985 3562 πνεύματι

2399 3588 2459 3639 τὸ
2485 3588 2683 3657 κράτος
2708 3586 2808 3654 τῆς
2827 3586 3124 3656 βασιλείας,
3154 3585 3232 3655 τῷ
3251 3585 3476 3654 πλησίον
3499 3583 3594 3637 τοῦ
3624 3584 3986 3654 γράμματος,

2401 3680 2496 3733 καὶ
2533 3679 2724 3749 ἀγαθῷ
2754 3680 2892 3748 ὑπὲρ
2923 3677 2983 3731 τὸ
3023 3679 3276 3748 γράμμα.
3316 3676 3420 3730 Καὶ
3451 3675 3642 3738 δώσω,
3674 3679 3833 3744 φησὶ,
3871 3678 3990 3744 τὴν·

2394 3771 2726 3834 βασιλείαν
2758 3767 2839 3834 τῷ
2882 3770 3150 3834 πλησίον
3186 3783 3303 3820 σου
3346 3766 3425 3830 τῷ
3465 3766 3666 3834 ἁγαθῷ
3697 3767 3856 3834 ὑπὲρ
3890 3767 3987 3821 σέ.

2399 3861 2600 3925 Καθὼς
2654 3862 2765 3932 γὰρ
2817 3864 2844 3914 6
2882 3861 3046 3913 Δαϐὶδ
3096 3856 3164 3933 ἦν
3195 3860 3425 3929 πλησίον
3465 3859 3560 3911 τοῦ
3615 3859 3811 3922 Σαοὺλ,
3839 3859 3990 3912 οὕτω

2398 3953 2475 4021 τῷ
2503 3956 2793 4023 γράμματι
2817 3951 2910 4006 τοῦ
2937 3953 3103 4020 νόμου
3145 3951 3204 4004 τὸ
3244 3950 3468 4018 πνεῦμα
3517 3950 3696 4018 σοφῶς
3729 3953 3995 4021 παραπέο

2401 4057 2576 4110 πηγεν
2603 4055 2616 4066 ·
2662 4040 2800 4109 ὅπερ
2832 4040 2970 4109 μετὰ
3000 4041 3088 4091 τὸν
3120 4039 3349 4094 θάνατον
3385 4039 3478 4092 τοῦ
3517 4039 3851 4110 γράμματος
3886 4042 3996 4093 πέ-

2401 4143 2540 4195 φυκε
2565 4125 2941 4194 διαφαίνεσθαι
2970 4125 3108 4196 (66).

2473 4217 2952 4287 Παρακαλέσωμεν
3002 4212 3094 4269 οὖν
3153 4217 3249 4270 καὶ
3292 4217 3454 4286 ἡμεῖς
3521 4216 3614 4268 τὸν
3644 4217 3838 4286 νοητὸν
3875 4219 3998 4271 Δα-

2399 4309 2483 4362 6ὶδ
2507 4310 2641 4379 (67),
2675 4309 2944 4377 ἐπηχῆσαι
2972 4312 3037 4380 τῇ
3057 4308 3260 4379 κιθάρᾳ
3285 4308 3387 4374 τῆς
3421 4309 3807 4378 πνευματικῆς
3838 4309 3992 4362 θεω-

719 4417 875 4470 thara
910 4424 1258 4470 terrenarum
1301 4415 1502 4468 aﬂ‘cctu
1556 4416 1806 4470 fanatica:
1850 4417 2054 4471 mentis
2100 4424 2300 4470 nostrae

2406 4401 2528 4470 ρίας
2554 4401 2646 4453 καὶ
2673 4400 2928 4468 γνώσεως
2977 4400 3475 4470 ἐπιληπτευόμενον
3502 4401 3614 4462 τοῖς
3647 4399 3861 4463 ὑλικοίς
3892 4402 4002 4453 τὸν

715 4507 945 4561 auribus
967 4506 1205 4570 occinat,
1235 4521 1299 4559 ac
1328 4505 1585 4574 spiritum
1613 4522 1848 4575 nequam
1878 4515 2110 4560 terrena:
2134 4523 2294 4560 sensu

717 4612 838 4653 sese
865 4597 1248 4652 collideutium
1281 4611 1508 4650 casuum
1538 4597 1821 4652 varietatis
1856 4597 2078 4666 abigat;
2139 4607 2198 4650 ut
2224 4598 2299 4652 ita

717 4689 1045 4758 spiritaliter
1097 4688 1272 4757 legem
1324 4687 1630 4758 intelligere
1660 4729 1675 4754 ,
1732 4690 1902 4758 inque
1936 4701 1999 4742 ca
2037 4689 2298 4743 latentem

717 4780 1004 4852 mysticam
1058 4780 1324 4832 rationem
1380 4779 1664 4835 oﬂ‘endcre
1694 4822 1708 4846 ,
1760 4796 1824 4834 ac
1858 4781 2004 4849 quod
2050 4781 2182 4834 satis
2226 4767 2297 4833 sit

717 4872 772 4924 in
808 4871 936 4924 vita:
961 4880 1181 4925 mterme
1203 4871 1466 4925 viaticum
1498 4887 1822 4942 comparare
1851 4873 2164 4935 valeamus;
2224 4887 2295 4926 ne

717 4969 912 5015 mutuo
938 4967 1216 5028 acceptam
1241 4963 1295 5013 in
1318 4961 1502 5015 littera
1527 4961 1882 5032 symbolicam
1903 4962 2078 5032 legem
2097 4961 2298 5014 habea-

718 5065 860 5114 mus,
889 5051 983 5119 qui
1013 5050 1246 5104 scientia
1269 5052 1459 5119 gratia:
1489 5051 1543 5104 in
1567 5051 1766 5121 spiritu
1791 5053 1947 5121 egeni
1973 5065 2292 5114 careamus;

715 5139 1028 5208 solamque,
1086 5148 1144 5193 ut
1175 5141 1351 5194 oculis
1372 5142 1548 5210 capti,
1602 5141 1670 5196 de
1695 5141 1900 5198 divinis
1928 5142 2300 5212 percontatio-

719 5244 844 5284 nem
869 5230 1114 5283 colamus
1136 5270 1150 5293 ,
1208 5230 1315 5285 hoc
1339 5231 1554 5285 scilicet
1578 5232 1830 5286 destituti
1867 5243 1925 5286 ut
1955 5231 2297 5287 lucidissime

717 5337 846 5374 vere
888 5333 1112 5389 aspectu
1173 5324 1392 5392 eloquia
1437 5324 1620 5378 divina
1665 5341 1848 5379 coram
1887 5325 2292 5379 nanciscamur.

719 5413 894 5465 Ambo
935 5412 1082 5465 enim
1135 5414 1261 5467 Saul
1307 5415 1550 5478 dicitur,
1612 5417 1656 5470 si
1695 5419 1750 5468 in
1781 5424 2024 5469 nostram
2053 5415 2292 5484 linguam

722 5499 1086 5553 transferatur
1117 5517 1129 5553 :
1158 5517 1304 5564 nam,
1341 5513 1536 5571 praeter
1561 5521 1624 5558 ca
1651 5521 1772 5574 qu:e
1796 5504 1941 5557 dicta
1961 5513 2109 5565 sunt,
2137 5503 2181 5555 si
2203 5517 2299 5555 no-

720 5605 842 5645 men
900 5591 1316 5660 interpreteris,
1375 5595 1644 5662 fcneralus
1694 5604 1777 5650 est
1825 5611 1888 5648 ac
1938 5593 2298 5664 percontatio;

785 5767 834 5801 "
859 5767 877 5821 l
905 5769 1037 5839 lleg.
1068 5786 1154 5834 xv,
1185 5771 1276 5827 '23.

2402 4490 2669 4561 ἡμέτερον
2692 4489 2834 4550 νοῦν,
2868 4491 2960 4541 καὶ
2991 4489 3264 4543 ἀπελάσαι
3295 4488 3354 4540 τὸ
3383 4489 3618 4558 πονηρὸν
3640 4489 3869 4558 πνεῦμα
3885 4491 4003 4559 τῆς

2402 4585 2541 4653 πρὸς
2597 4581 2850 4650 αἴσθησιν
2898 4581 3092 4649 ὑλικῆς
3136 4580 3515 4652 περιπετείας,
3545 4581 3633 4632 ἶνα
3659 4580 4006 4651 δυνηθῶμεν

2402 4675 2592 4744 νοῆσαι
2622 4675 2711 4728 τὸν
2743 4675 2905 4744 νόμον
2938 4675 3352 4744 πνευματικῶς,
3384 4675 3478 4727 καὶ
3507 4673 3599 4725 τὸν
3632 4675 3688 4727 ὲν
3720 4673 3874 4744 αὐτῷ
3897 4692 4009 4727 κε-

2404 4767 2719 4838 κρυμμένον
2749 4766 3011 4837 μυστικὸν
3049 4766 3208 4834 λόγον
3236 4767 3438 4836 εὑρεῖν,
3477 4765 3574 4818 καὶ
3603 4765 3796 4834 κτῆμα
3827 4767 4009 4836 ιιτοιή⁸

2406 4859 2598 4913 σασθαι
2623 4857 2842 4929 διαρκὲς
2879 4856 3014 4927 πρὸς
3044 4858 3256 4925 ἐφόδιον
3287 4857 3461 4911 ἀϊδίου
3498 4854 3684 4924 ζωῆς·
3724 4857 3877 4920 ὅπως
3917 4857 4009 4926 μὴ

2403 4949 2493 5001 τὸν
2513 4948 2922 5018 δεδανεισμένον
2953 4949 3009 5000 ἐν
3057 4948 3347 5018 γράμματι
3385 4947 3716 5016 συμϐολικὸν
3763 4946 4007 5015 ἔχωμεν

2405 5038 2570 5107 νόμον
2596 5034 2728 5106 ((58),
2757 5037 3092 5106 ἀποροῦντες
3117 5038 3214 5105 τῆς
3249 5037 3391 5089 κατὰ
3424 5036 3584 5106 κάριν
3614 5038 3672 5087 ὲν
3706 5035 4006 5104 πνεύματι

2404 5129 2694 5198 γνώσεως·
2731 5130 2825 5182 καὶ
2861 5129 3030 5198 μόνην
3068 5129 3410 5198 στέργωμεν,
3441 5128 3519 5192 ὡς
3563 5127 3637 5197 μὴ
3664 5127 4008 5196 βλέπντες,

2404 5223 2501 5292 τὴν
2535 5222 2661 5292 περὶ
2694 5221 2802 5273 τῶν
2832 5221 2991 5273 θείων
3031 5219 3323 5291 ἐρώτησιν,
3355 5220 3714 5288 ἐστερημένοι
3742 5219 3847 5286 τῆς
3873 5220 4012 5272 τῶν

2409 5316 2685 5386 μυστικῶν
2720 5317 2914 5383 λογίων
2942 5316 3062 5369 κατ’
3089 5315 3342 5384 ἀλήθειαν
3362 5313 3657 5384 παμφαοῦς
3694 5314 4011 5382 αὐτοψίας.

2408 5412 2609 5479 Ἀμφω
2639 5411 2748 5480 γὰρ
2785 5410 3002 5476 λέγεται
3051 5407 3245 5472 Σαοὺλ,
3291 5409 3425 5478 πρὸς
3459 5409 3559 5475 τὴν
3604 5405 3836 5458 Ἑλλάδα
3871 5425 4017 5476 φω-

2406 5501 2500 5569 νὴν
2558 5501 3014 5570 μεταφερόμενος.
3060 5497 3450 5568 Ἑρμηνεύεται
3511 5496 3618 5566 γὰρ
3671 5496 3810 5566 πρὸς
3875 5501 4019 5563 τοῖς

2407 5591 2736 5661 εἰρημένοις,
2764 5592 2856 5644 καί
2874 5588 3353 5656 δεδανεισμένος,
3375 5589 3468 5642 καὶ
3484 5587 3776 5655 ἐρώτησις
3801 5604 3814 5617 .
3839 5587 4019 5661 άπερ
