4218 6432
234 417 340 479 773

1287 398 1776 473 ΟΠΛΞΒΤΙΟΝΕΒ
1816 399 1913 456 Μ)
1950 398 2459 461 TEI.\I..‘.SSIUM.
2520 458 2523 459 ν

3382 408 3489 476 ’Πι

236 527 301 596 δὴ
351 525 446 578 καὶ
479 525 509 576 6
551 522 798 593 γραπτδς
845 520 1107 589 ὑπάρχων
1154 515 1460 584 καθέστηκε
1507 513 1709 583 wine;-
1742 510 1803 563 τὸ

1910 527 2028 580 quae
2048 527 2180 567 sane
2200 513 2368 567 etiam
2384 512 2475 568 lex
2495 514 2698 585 scripta
2718 516 2958 572 exsistit.
2980 516 3227 574 Alterum
3239 520 3487 591 quidem,

240 618 361 686 μὲν,
408 616 483 678 ὡς
514 615 589 686 μὴ
626 614 956 667 οἰκειότατον
984 610 1051 681 (ι’)
1097 610 1284 679 κτῆμα
1323 607 1420 676 τῆς
1454 604 1692 675 φύσεως,
1718 602 1814 657 καὶ

236 710 303 778 τῇ
328 702 449 760 κατ’
468 706 638 775 αὐτὴν
662 703 892 773 ὑπάρξει
915 697 1191 762 παντελῶς
1216 714 1280 749 συ
1289 712 1405 767 μπα
1415 694 1809 765 ρατεινόμενος·

236 797 299 849 τὸ
341 797 419 862 δὲ,
455 797 533 860 ὡς
562 796 691 864 περὶ
725 793 929 862 γνῶσιν
960 791 1134 863 ἀληθῆ
1177 788 1341 843 κινῶν
1368 789 1514 858 ἡμᾶς
1543 788 1637 839 καὶ
1659 800 1814 856 πρω-

234 888 468 941 τότυπον
498 886 710 954 σοφίαν,
730 885 855 948 τοὺς
875 884 948 955 μὴ
968 882 1286 953 νομίζοντας
1308 880 1405 950 τὴν
1429 878 1697 950 ἐρώτησιν
1717 894 1814 929 κα-

235 978 472 1046 τάληψιν
488 972 627 1029 εἷναι
644 978 741 1046 τῆς
764 975 1102 1045 ζητουμένης
1128 972 1235 1026 τῶν
1256 970 1414 1025 θείων
1430 967 1769 1041 ἀρχετυπίας
1789 984 1807 998 ⁸

234 1070 372 1121 ἀλλὰ
404 1070 563 1139 μόνον
583 1069 671 1122 διά
704 1067 814 1121 τῶν
841 1069 896 1120 ὲν
922 1069 1074 1137 νόμῳ
1126 1062 1458 1134 σωματικῶν
1504 1060 1808 1130 συμϐόλων,

234 1162 311 1223 ὡς
337 1160 404 1213 δι’
434 1159 757 1230 ἐρωτήσεὼς
788 1176 932 1222 τινος
964 1158 1098 1228 πρὸς
1137 1156 1234 1226 τὴν
1258 1155 1364 1208 τῶν
1391 1154 1551 1207 θείων
1580 1153 1803 1221 ἀγαθῶν

233 1252 631 1321 ἐπειγομένους
661 1249 971 1321 κατάληψιν
995 1266 1009 1281 ο
1042 1249 1131 1301 ἵνα
1160 1244 1498 1316 παυσώμεθα
1536 1245 1635 1313 τῆς
1669 1244 1811 1299 κατά

234 1341 335 1413 τὴν
382 1340 650 1414 ἐρώτησιν
692 1342 970 1413 φροντίδος
1005 1340 1084 1412 (ἐν
1180 1342 1341 1410 τυχόν
1376 1340 1495 1391 ἐστι
1552 1336 1810 1400 πολλάκις

233 1432 328 1486 καὶ
359 1434 622 1503 πλάνησις
655 1432 793 1506 [67],
825 1435 883 1485 ὲν
929 1435 996 1503 τῇ
1045 1432 1153 1486 τῶν
1201 1430 1547 1501 ζητουμένων
1579 1428 1811 1500 ἀληθείᾳ

233 1524 539 1594 γενόμενοι,
568 1525 662 1577 καὶ
691 1523 793 1593 τῆς
828 1522 1007 1576 αὐτῶν
1046 1522 1508 1592 μεταποιηθῶμεν
1539 1519 1808 1590 μακαριό-

229 1628 414 1682 τητος,
455 1612 789 1683 φαινομένης
821 1615 878 1665 ὲν
929 1613 1063 1683 ἡμῖν
1110 1609 1483 1672 ἀναλλοιώτως
1530 1608 1673 1661 κατὰ
1707 1607 1807 1678 τὴν

234 1705 457 1776 μέθεξιν
486 1704 619 1776 (70),
650 1706 744 1758 καὶ
769 1704 829 1757 τὸ
861 1701 980 1756 κατ’
1000 1702 1168 1771 αὐτὴν
1196 1698 1334 1766 εἶδος
1364 1704 1461 1772 τῆς
1484 1697 1642 1770 ἡμῶν
1665 1698 1805 1767 γνώ-

232 1813 409 1866 ρισμα
442 1797 771 1867 ποιουμένης
805 1793 1091 1865 ὑπάρξεως
1119 1810 1133 1824 ο
1167 1794 1225 1844 ὲν
1255 1790 1480 1861 Χριστῷ
1530 1790 1701 1861 Ἰησοῦ
1730 1787 1808 1859 τῷ

397 1889 492 1941 καὶ
534 1864 752 1959 Σωτῆρι
788 1864 965 1957 ἡμῶν,
1002 1879 1046 1953 ᾧ
1073 1886 1107 1955 ἡ
1151 1882 1278 1949 δόξα
1321 1884 1402 1945 είς
1422 1884 1547 1945 τοὺς
1580 1881 1803 1943 αἰῶνας.
1839 1864 1881 1919 Β

244 1980 443 2051 Ἀμήν.

900 2172 1174 2229 ΣΧΟΛΙΛ.

302 2276 375 2323 α’,
417 2267 562 2332 Νοῦς
602 2268 682 2331 εἰς
710 2267 877 2338 ἄκρον
919 2265 1008 2319 διὰ
1052 2266 1162 2317 τῶν
1218 2262 1429 2334 ἀρετῶν
1480 2261 1809 2332 καθαιρόμε-

225 2378 339 2426 νος,
361 2360 489 2423 τοὺς
515 2359 623 2412 τῶν
661 2357 869 2426 ἀρετῶν
922 2356 1167 2425 πέφυκεν
1216 2356 1442 2417 εἰκότως
1493 2353 1808 2407 ἐκδιδάσκε-

226 2452 355 2505 σθαι
380 2452 573 2520 λόγους
599 2469 612 2483 ο
644 2450 742 2519 τὴν
772 2447 831 2514 ἐξ
863 2447 1045 2502 αὐτῶν
1079 2446 1317 2510 θειωδῶς
1354 2444 1809 2516 χαρακτηρισθεῖ-

227 2561 331 2597 σαν
390 2543 617 2609 γνῶσιν,
669 2544 870 2594 οἰκεῖον
936 2537 1262 2608 ποιούμενος
1306 2538 1621 2609 πρόσωπον.
1666 2535 1806 2590 Καθ’

225 2635 423 2689 ἑαυτὸν
478 2635 587 2706 γὰρ
633 2632 872 2694 ἀνείδεός
919 2648 978 2684 τε
1036 2631 1132 2683 καὶ
1177 2630 1653 2701 ἀχαρακτήριστος
1699 2629 1808 2692 πᾶς

226 2727 540 2796 καθέστηκε
571 2725 715 2790 νοῦς,
756 2724 967 2795 μορφὴν
1013 2723 1151 2792 ἔχων
1208 2721 1522 2791 ἐπίκτητον,
1550 2720 1581 2790 ἢ
1613 2721 1711 2789 τὴν
1742 2723 1806 2774 ὲκ

224 2818 337 2871 τῶν
366 2816 579 2887 ἀρετῶν
630 2816 942 2869 ὑποστᾶσαν
982 2816 1038 2865 ὲν
1094 2811 1367 2883 πνεύματι
1395 2811 1618 2881 γνῶσιν,
1652 2812 1806 2884 ῆτὴν

223 2912 293 2964 ὲκ
318 2909 432 2962 τῶν
462 2906 653 2961 παθῶν
693 2903 1193 2975 ὲπισυμϐαίνουσοιν
1241 2903 1483 2971 ἄγνοιαν.

309 3000 377 3071 β’.
420 3001 479 3053 '0
503 3000 601 3071 τὴν
627 2998 718 3053 νοῦ
758 2998 968 3069 μορφὴν
991 2996 1087 3065 τὴν
1114 2995 1173 3059 ὲξ
1198 2995 1406 3065 ἀρετῶν
1436 2998 1493 3049 ἐν
1529 2996 1803 3066 πνεύματι

226 3093 383 3147 θείαν
431 3092 727 3161 δεξάμενος
772 3090 993 3157 γνῶσιν,
1032 3090 1100 3142 τά
1141 3089 1259 3141 θεῖα
1302 3090 1520 3155 λέγεται
1576 3088 1793 3153 παθεῖν,

1918 609 1977 654 ιιι
2016 616 2126 655 non
2172 616 2386 658 summe
2433 606 2655 675 propria
2684 608 3108 679 necessariaque
3129 618 3343 666 naturae
3365 627 3494 683 pos-

1916 693 2111 758 sessio,
2131 695 2360 765 ejusque
2382 711 2611 765 prorsus
2636 698 2972 755 exsistentia:
2988 715 3206 768 comes;
3234 702 3491 772 alterum,

1916 789 1976 834 ut
2027 796 2147 851 quae
2187 799 2289 838 nos
2338 786 2406 840 ad
2446 801 2636 856 veram
2672 787 2957 843 scientiam
2981 800 3203 847 moveat
3232 791 3495 863 primige-

1914 872 2174 943 niamque
2210 875 2536 945 sapientiam
2574 896 2587 932 :
2626 879 2723 950 qui
2757 880 2971 935 scilicet
3018 884 3491 951 percontationem

1915 964 2063 1020 haud
2094 966 2500 1033 existimemus,
2535 972 2654 1041 ejus
2682 988 2848 1042 quam
2876 974 3195 1043 quaerimus,
3228 976 3510 1048 primige-.

1912 1057 2018 1111 nite
2048 1073 2112 1113 ac
2138 1060 2472 1129 exemplaris
2522 1061 2836 1118 divinorum
2861 1064 3096 1120 rationis
3126 1065 3292 1137 296
3343 1082 3494 1124 com-

1915 1150 2346 1218 prehensionem
2373 1170 2387 1219 ;
2455 1153 2554 1208 sed
2580 1155 2673 1224 qui
2703 1156 2879 1211 solum
2910 1173 3009 1228 per
3027 1159 3338 1230 corporalia
3356 1160 3493 1233 legis

1912 1241 2181 1311 symbola,
2208 1244 2362 1298 velut
2384 1246 2779 1314 percontando,
2813 1248 3215 1306 addivinorum
3238 1267 3491 1323 compre-

1911 1332 2237 1389 hensionem
2293 1336 2563 1392 bonorum
2601 1339 2880 1394 enitamur
2906 1380 2922 1406 ,
2980 1357 3091 1411 quo
3120 1342 3339 1399 demum
3363 1361 3489 1415 per-

1910 1426 2171 1481 contandi
2196 1442 2328 1483 cura
2361 1429 2497 1499 (qua
2522 1430 2666 1485 forte
2698 1432 2865 1487 etiam
2902 1448 3013 1487 non
3047 1450 3175 1489 raro
3206 1451 3365 1490 error
3388 1437 3487 1491 ob-

1910 1517 2084 1586 repat)
2114 1518 2439 1586 liberemur,
2470 1521 2652 1590 adepti
2677 1536 2872 1576 eorum
2892 1524 3184 1581 veritatem
3203 1526 3271 1582 de
3284 1527 3486 1597 quibus

1908 1609 2265 1665 incumbebat
2287 1621 2347 1667 ut
2367 1614 2800 1681 sciscitaremur,
2834 1626 3187 1689 nostramque
3204 1622 3487 1677 nancisca-

1908 1717 2034 1755 mur
2058 1702 2457 1761 beatitudinem
2475 1749 2491 1773 ,
2548 1709 2857 1765 invariabili
2891 1710 2943 1764 in
2969 1711 3132 1767 nobis
3154 1713 3488 1769 commercio

1908 1797 2244 1861 elucentem,
2279 1813 2344 1853 ac
2366 1808 2571 1855 nostra:
2603 1802 2926 1859 substantia:
2955 1803 3164 1875 insigne
3188 1812 3487 1878 notamque

1910 1888 2210 1957 propriam,
2227 1888 2397 1958 ipsam
2423 1905 2578 1945 suam
2596 1891 2827 1948 formam
2854 1902 3239 1964 praestantem:
3261 1881 3488 1953 ianri-

1910 1987 1998 2031 sto
2016 1977 2147 2033 Jesu
2170 1979 2283 2035 Deo
2310 1989 2367 2035 et
2397 1980 2693 2041 Servatore
2714 1992 2906 2040 nostro
2925 2026 2939 2052 ,
2992 1986 3082 2041 cui
3109 1986 3284 2058 gloria
3307 1989 3364 2043 in
3388 2003 3486 2043 sae-

1909 2067 2051 2123 cula.
2086 2069 2283 2124 Amen.

2544 2186 2857 2243 SCHOLIA.

1979 2272 2031 2327 l.
2062 2272 2235 2340 Mens,
2266 2275 2536 2331 virtutum
2554 2280 2706 2334 cultu
2730 2296 2941 2337 summe
2959 2292 3208 2355 purgata,
3238 2285 3487 2341 utvirtu-

1908 2370 2023 2418 tum
2054 2364 2297 2421 rationes
2326 2368 2631 2433 condiscat,
2667 2373 2866 2426 merito
2889 2382 3200 2444 comparata
3226 2384 3332 2442 est,
3363 2393 3485 2447 qua:

1908 2453 1977 2507 iis
2006 2454 2191 2512 divine
2221 2458 2536 2528 insignitam
2559 2462 2848 2517 scientiam
2871 2463 2977 2519 sibi
2998 2464 3195 2521 faciem
3217 2466 3481 2523 vindicet.

1907 2544 1987 2599 Ex
2010 2561 2067 2601 se
2089 2562 2324 2617 namque
2354 2550 2579 2619 suisque
2603 2554 2817 2608 meritis
2842 2594 2856 2618 ,
2908 2569 3065 2610 mens
3091 2556 3270 2611 omnis
3292 2557 3483 2615 forma

1906 2652 1971 2692 ac
2012 2638 2354 2694 cbaracteris
2391 2657 2588 2712 expers
2624 2644 2885 2714 exsistit;
2943 2646 3235 2703 ascititiam
3274 2649 3484 2705 habens

1905 2730 2136 2787 formam
2157 2772 2171 2797 ,
2228 2734 2313 2789 vel
2345 2750 2466 2805 qua:
2492 2735 2759 2791 virtutum
2783 2736 2907 2794 luce
2932 2739 3166 2796 scientia
3196 2741 3251 2794 in
3278 2740 3478 2811 spiritu
3535 2814 3538 2819 _

1906 2824 2199 2894 clarescit,
2252 2829 2337 2882 vel
2371 2844 2493 2898 qua:
2526 2828 2824 2885 affectuum
2848 2830 2971 2887 labe
3006 2848 3075 2887 ex
3096 2833 3403 2904 ignorantia
3428 2832 3479 2889 ei

1906 2914 2125 2970 accidit.

1978 3007 2030 3061 2.
2069 3007 2169 3073 Qui
2203 3007 2473 3063 virtutum
2497 3008 2729 3064 formam
2758 3010 2989 3081 adeptus
3012 3022 3131 3079 est,
3172 3028 3280 3083 qua
3306 3013 3481 3069 virtu-

1909 3109 2022 3155 tum
2057 3101 2180 3156 luce
2234 3101 2286 3155 in
2326 3101 2528 3171 spiritu
2560 3102 2747 3157 divina
2772 3102 3001 3160 scientia
3029 3106 3272 3171 nitescit,
3318 3105 3367 3160 is
3392 3106 3479 3162 di-

222 3187 308 3237 étt
353 3184 429 3255 μὴ
465 3182 623 3251 φύσει
652 3182 791 3235 κατά
818 3180 917 3251 τὴν
950 3179 1202 3249 ὕπαρξιν,
1240 3178 1372 3232 ἀλλά
1439 3180 1621 3249 χάριτι
1666 3180 1803 3233 κατά

1911 3194 2037 3246 vina
2057 3193 2167 3262 pati
2190 3194 2418 3259 dicitur,
2446 3195 2593 3264 quod
2620 3210 2730 3249 non
2753 3206 2950 3250 natura
2974 3213 3072 3267 per
3087 3198 3477 3266 substantiam,

226 3281 327 3347 τὴν
368 3275 589 3346 μέθεξιν
655 3274 859 3339 ταύτην
893 3272 1245 3343 προσέλαϐεν.
1303 3271 1359 3324 '0
1395 3270 1451 3322 δὲ
1491 3273 1587 3341 τὴν
1626 3274 1689 3322 ὲκ
1711 3272 1806 3340 χά-

230 3385 381 3440 ριτος
411 3367 485 3437 μὴ
514 3367 806 3435 δεξάμενος
839 3365 1057 3433 γνῶσιν,
1090 3364 1192 3416 κᾶν
1239 3363 1374 3432 λέγῃ
1399 3380 1449 3415 τι
1486 3364 1802 3429 γνωστικδν,

227 3459 328 3511 οὐκ
356 3457 465 3510 οἶδε
500 3456 639 3509 κατὰ
675 3456 773 3525 τὴν
823 3458 1017 3523 πεῖραν
1057 3452 1149 3506 τοῦ
1190 3453 1485 3523 λεγομένου
1521 3452 1617 3523 τὴν
1646 3452 1804 3506 66v:-

232 3566 346 3620 μιν.
394 3548 545 3619 Ψιλὴ
593 3546 702 3617 γὰρ
748 3546 1006 3617 μάθησις,
1040 3546 1139 3614 τὴν
1182 3544 1303 3599 καθ’
1342 3544 1455 3610 ἕξιν
1499 3544 1702 3612 γνῶσιν
1739 3546 1800 3598 οὐ

227 3639 468 3694 δίδωσιν.

296 3828 370 3893 γ’.
406 3820 603 3883 Καλῶς
644 3817 788 3873 κατά
828 3817 976 3871 τόνδε
1019 3815 1121 3885 τῆς
1164 3816 1388 3887 Γραφῆς
1436 3814 1557 3871 εἶπε
1594 3817 1685 3869 τὸν
1716 3816 1803 3869 τό·

233 3935 333 3971 πον
366 3912 741 3986 λαμϐάνεσθαι
781 3910 869 3963 τὸν
910 3909 1087 3963 Σαούλ
1113 3924 1125 3938 ·
1153 3907 1241 3961 διά
1286 3910 1347 3961 τὸ
1382 3909 1522 3961 κατά
1576 3908 1804 3972 πολλοὺς

226 4010 286 4062 ὲν
318 4008 502 4066 ἄλλοις
535 4005 720 4065 τόποις
751 4000 1125 4069 λαμϐάνεσθαι
1163 4000 1591 4070 τρόπους,-πρὸς
1619 4000 1718 4070 τὴν
1741 4003 1804 4052 ὲκ

227 4100 329 4169 τῆς
360 4097 602 4169 ἱστορίας
628 4093 1094 4164 ἀναδεικνυμένην
1123 4093 1359 4163 θεωρίαν
1389 4093 1684 4164 προσφυῶς
1704 4095 1803 4164 ἀρ-

231 4192 365 4263 μοζό
372 4208 555 4261 μενον.

297 4282 341 4336 δ’
350 4323 364 4336 .
406 4282 637 4350 Ὠσπερ,
677 4279 863 4349 φησὶν,
898 4278 926 4330 6
962 4275 1213 4346 παλλακῇ
1268 4275 1700 4345 συναπτόμενος,
1724 4274 1804 4328 νό-

232 4391 404 4445 μιμον
442 4373 503 4425 οὺ
526 4372 791 4440 κέκτηται
818 4371 910 4423 τὸν
944 4371 1121 4440 γάμον
1141 4386 1155 4401 ο
1190 4368 1364 4431 οὕτως
1392 4370 1419 4420 6
1473 4367 1804 4435 σωματικῶς

224 4465 326 4536 τὴν
388 4462 620 4532 νομικὴν
677 4460 1077 4530 ὲξαπκούμενος
1127 4458 1383 4529 μάθησιν,
1425 4456 1657 4527 νόμιμον
1704 4457 1800 4523 τὴν

1907 3283 2005 3337 sed
2036 3284 2234 3354 gratia,
2271 3285 2599 3354 participato
2633 3300 2755 3339 eam
2793 3302 3022 3342 munere
3052 3288 3195 3342 iniit.
3249 3288 3353 3357 Qui
3381 3305 3480 3345 au-

1910 3384 2017 3427 tem
2068 3390 2179 3428 non
2225 3390 2291 3429 ex
2313 3376 2488 3444 gratia
2536 3386 2734 3432 nactus
2765 3386 2850 3433 est
2874 3376 3185 3443 scientiam,
3237 3379 3342 3433 etsi
3367 3379 3480 3449 spi-

1904 3465 1948 3517 ri
1961 3466 2063 3519 tale
2082 3466 2290 3535 aliquid
2314 3466 2401 3537 (ad
2421 3466 2709 3522 scientiam
2727 3467 2941 3522 scilicet
2957 3467 3235 3538 spectans)
3252 3470 3473 3536 dixerit,

1904 3558 2053 3614 baud
2104 3569 2286 3613 tamen
2348 3560 2465 3628 ipsa
2507 3559 2851 3629 experientia
2900 3560 3021 3630 ejus
3057 3559 3204 3629 quod
3233 3560 3478 3630 loquitur

1902 3652 2014 3704 vim
2044 3651 2215 3705 novit.
2254 3650 2407 3705 Nuda
2430 3650 2576 3706 enim
2607 3649 2898 3720 disciplina
2929 3650 3216 3706 scientiam
3247 3666 3368 3722 qua
3391 3659 3477 3708 est

1906 3744 2096 3798 habitu
2134 3728 2449 3813 cﬂ‘ectuque
2480 3759 2589 3799 non
2624 3743 2840 3799 tribuit.

1976 3834 2030 3889 3.
2086 3835 2229 3889 Bene
2274 3835 2415 3889 dixit
2466 3833 2644 3905 accipi
2685 3835 2938 3901 Saulem,
2996 3835 3143 3905 quod
3181 3836 3380 3893 attinet
3406 3837 3473 3893 ad

1906 3926 2055 3981 hunc
2102 3924 2405 3995 Scriptura:
2441 3925 2664 3992 locum;
2721 3926 2868 3996 quod
2907 3926 3030 3981 aliis
3052 3926 3187 3983 locis
3213 3929 3363 3983 varie
3384 3944 3478 3983 ac-

1906 4016 2174 4085 cipiatur,
2220 4031 2321 4084 pro
2353 4030 2420 4070 eo
2453 4031 2516 4071 ac
2549 4030 2743 4073 sensus
2771 4016 3031 4088 spiritalis
3061 4025 3188 4087 apte
3213 4034 3281 4073 ex
3302 4019 3477 4075 histo-

1907 4108 1988 4160 ria
2017 4108 2382 4163 concinnatus
2400 4107 2641 4163 elicitur.

1974 4280 2026 4334 4.
2086 4281 2561 4347 Quemadmodum
2584 4322 2598 4345 ,
2637 4283 2850 4353 inquit,
2885 4284 2979 4353 qui
3013 4284 3195 4354 pellici
3226 4286 3477 4357 jungitur

1905 4370 2209 4439 legitimum
2238 4373 2653 4426 matrimonium
2682 4389 2795 4428 non
2808 4374 2984 4429 habet
3020 4391 3034 4428 :
3070 4374 3153 4429 sic
3176 4391 3359 4446 neque
3381 4380 3476 4447 qui

1907 4461 2178 4529 corporali
2225 4462 2442 4516 ratione
2491 4462 2719 4532 legalem
2754 4464 3101 4534 disciplinam
3131 4465 3264 4522 colit
3300 4467 3479 4538 legiti-

224 4557 366 4627 πρὸς
417 4555 585 4628 αὐτὴν
627 4555 728 4607 οὐκ
768 4553 881 4622 ἔχει
931 4552 1266 4623 συμϐίωσιν·
1312 4548 1440 4602 νόθα
1488 4550 1692 4618 γεννῶν
1740 4551 1798 4617 ἐξ

1910 4568 2050 4605 mam
2098 4568 2223 4606 cum
2268 4569 2331 4607 ea
2374 4554 2499 4608 vitae
2527 4554 2848 4610 societatem
2871 4556 3011 4622 init;
3075 4560 3259 4627 spuria
3290 4575 3358 4615 ex
3384 4561 3478 4616 illa

225 4649 401 4719 αὐτῆς
421 4648 686 4717 δόγματα,
719 4645 813 4699 καὶ
839 4648 905 4715 τῇ
947 4646 1045 4715 τῆς
1077 4642 1275 4716 σαρκὸς
1315 4641 1427 4710 ζωῇ
1479 4642 1804 4713 συμνρθειρό-

227 4755 367 4883 ut:
410 4827 469 4880 ὐ
504 4827 637 4897 πρὸς
672 4827 852 4895 σῶμα,
890 4826 1076 4896 φησὶν,
1120 4823 1220 4892 τὴν
1273 4821 1554 4891 Γραφικὴν
1585 4821 1803 4890 ἐκδεχό-

227 4933 392 4986 μενος
425 4916 679 4985 μάθησιν,
714 4916 812 4985 τὴν
844 4915 963 4968 κατ’
1012 4913 1297 4984 ἐνέργειαν
1329 4912 1387 4976 ἐξ
1432 4914 1602 4982 αὐτῆς
1632 4914 1804 4983 ἁμαρ-

1908 4642 2134 4711 gignens
2171 4642 2444 4713 dogmata,
2489 4654 2545 4698 et
2594 4661 2714 4715 quae
2740 4661 2850 4701 una
2881 4662 3006 4702 cum
3034 4649 3218 4705 carnis
3250 4650 3363 4706 vita
3395 4652 3478 4707 in-

1909 4741 2140 4786 tercaut.

1971 4825 2022 4876 5.
2062 4824 2163 4888 Qui
2186 4840 2251 4878 ex
2271 4828 2540 4895 corporis,
2567 4827 2767 4898 inquit,
2796 4829 3009 4885 ratione
3067 4830 3474 4901 Scripturarum

1903 4914 2209 4969 doctrinam
2242 4916 2446 4986 accipit
2482 4927 2647 4987 atque
2672 4922 2933 4989 exponit,
2990 4932 3276 4992 peccatum
3309 4940 3474 4995 opere

220 5006 345 5061 τίαν
391 5003 731 5066 διδάσκεται,
770 5004 864 5057 καὶ
899 5003 998 5075 τὴν
1034 5004 1175 5057 κατά
1225 5002 1350 5055 νοῦν
1390 5002 1488 5071 τῆς
1532 5004 1804 5071 ἁμαρτίας

1910 5005 2133 5061 docetur
2157 5048 2171 5070 ,
2233 5015 2291 5062 et
2318 5017 2381 5061 ut
2403 5008 2538 5061 illud
2572 5020 2759 5065 mente
2783 5012 3103 5079 meditetur,
3136 5014 3472 5084 voluptatem

226 5097 464 5169 μελέτην
490 5113 505 5127 ·
536 5097 770 5169 τρυφὴν,
803 5100 898 5149 καὶ
938 5095 1229 5157 συνουσίας
1256 5097 1540 5165 ἀκρατεῖς,
1573 5096 1666 5147 καὶ
1704 5094 1803 5163 φό-

1910 5099 2132 5162 scilicet,
2166 5099 2475 5169 impudicos
2498 5101 2701 5168 coitus,
2733 5102 2910 5158 caedes
2943 5120 2958 5159 :
2990 5119 3212 5160 omnem
3233 5105 3474 5178 denique

296 5252 390 5323 (Ῑ)
427 5252 529 5316 Ὠς
554 5251 635 5320 μὴ
672 5252 1051 5323 οἰκειότατον,
1080 5249 1399 5323 Necessario
1422 5249 1591 5323 adjeci
1624 5264 1790 5323 nega-

224 5320 422 5388 tivam,
454 5338 576 5391 quae
603 5322 686 5375 vel
727 5322 1057 5375 exscribeuti
1094 5320 1384 5383 exciderit,
1417 5322 1500 5371 vel
1529 5320 1791 5387 Antiqua-

225 5397 329 5459 rio,
364 5410 435 5449 ex
465 5393 622 5462 cujus
642 5392 940 5470 exemplari
966 5392 1069 5445 alia
1101 5397 1396 5459 propagata
1426 5405 1441 5468 ς
1473 5392 1616 5470 quod
1678 5392 1793 5470 lucc

222 5468 297 5519 sZt
346 5459 551 5521 natura
601 5459 945 5529 mutui,’jam
999 5476 1217 5529 quoque
1258 5459 1514 5527 superius
1560 5459 1792 5512 Maximo

222 5539 525 5606 explicata,
567 5542 629 5586 ut
667 5540 937 5594 mutuum,
968 5540 1222 5607 nonurata
1261 5530 1537 5607 possessio
1576 5530 1791 5607 sit,_sed

224 5598 314 5659 ad'
336 5617 559 5672 tempus
578 5618 687 5656 non
728 5616 956 5670 prorsus
989 5600 1241 5672 abdicato
1264 5598 1362 5651 rei
1394 5598 1637 5672 dominio
1690 5599 1792 5667 ipsi

226 5668 549 5736 feneran'ti,
591 5681 687 5727 aut
729 5668 810 5724 'iu
870 5686 996 5725 eum
1047 5668 1475 5736 translato,rqui
1540 5679 1795 5722 mutuum

226 5745 453 5814 accipit,
489 5742 585 5796 sed
621 5742 1127 5814 adusuiumum‘pcr
1163 5748 1398 5814 tempus;
1430 5753 1537 5814 quo
1564 5753 1660 5807 per
1676 5740 1794 5805 ejus

228 5808 633 5885 indulgentiam
662 5810 741 5866 illi
772 5810 952 5877 durat,
986 5810 1077 5865 illa
1092 5810 1249 5881 quasi
1288 5808 1535 5878 precaria
1577 5823 1794 5877 posses-

1896 5252 2000 5315 sio,
2059 5268 2154 5307 seu
2193 5253 2368 5329 magis
2393 5270 2548 5309 usus.
2578 5254 2670 5310 Sic
2709 5256 2894 5329 itaque
2921 5256 3015 5329 lex
3032 5257 3191 5329 quasi
3220 5259 3473 5329 paedago-

1897 5338 1996 5413 gus
2028 5323 2268 5413 parvulis
2300 5326 2580 5413 dataﬂest,
2632 5341 2694 5380 ac
2725 5323 2903 5413 donec
2950 5323 3124 5413 adulti
3188 5323 3299 5399 jam
3347 5323 3471 5413 legi

1900 5391 2138 5462 Spiritus
2160 5395 2461 5462 comparati
2484 5409 2732 5468 essemus
2755 5413 2767 5448 :
2791 5411 2913 5468 quo
2944 5398 3119 5468 etiam,
3143 5391 3471 5468 pércontatio

1899 5472 2002 5525 est,
2030 5472 2085 5516 et
2118 5472 2176 5516 ut
2208 5466 2552 5536 percontatio
2589 5466 3163 5530 habenda,desiderio
3201 5476 3472 5536 praestans

1902 5548 2188 5606 assurgere
2223 5534 2290 5606 ad
2341 5534 2504 5606 bona
2552 5552 2673 5604 qum
2714 5536 2942 5597 indicat,
2975 5552 3085 5589 non
3136 5534 3295 5605 quasi
3355 5538 3470 5606 ipsa

1900 5604 2116 5655 illorum
2171 5603 2409 5673 adeptio.
2454 5603 2542 5658 Sic
2574 5603 2760 5659 ibrevi
2808 5603 3168 5660 medicamine
3217 5603 3470 5662 restituta

1898 5673 2111 5726 Maximi
2138 5673 2339 5739 littera,
2374 5675 2583 5745 totaiad
2618 5677 2822 5729 calcem
2861 5676 2939 5728 sic
2970 5676 3148 5743 spisso
3190 5677 3460 5745 varioque

1899 5758 2065 5812 opere
2101 5745 2397 5807 ἄπταιστος
2438 5744 2695 5814 labisque
2725 5760 2860 5814 pura
2891 5745 3157 5799 decurrit.
