4218 6432
722 381 826 446 775

1905 367 1964 425 S.
2002 364 2287 426 MAXIM!
2328 363 2832 427 CONFESSORIS

3875 395 3982 458 776

719 484 816 540 Dei
881 490 1188 539 creaturam
1248 498 1313 536 ex
1379 482 1514 553 legis
1572 482 1757 537 littera
1806 481 2115 536 abominari
2167 497 2302 536 eon-

2409 499 2552 546 νους.
2586 485 2681 536 καὶ
2712 485 2893 537 πᾶσαν
2919 483 3013 538 τοῦ
3059 483 3194 538 Θεοῦ
3229 484 3642 555 βεδε).ύττεσθαι
3676 486 3774 558 τὴν
3807 490 3988 542 κτίσιν

720 578 906 634 discit.

794 671 848 725 6.
894 668 1171 739 Spiritalis
1205 669 1316 722 alio
1344 684 1507 723 sensu
1541 665 1936 723 consideratio.
1974 665 2295 731 Anathema,

723 763 814 817 hic
847 776 1067 832 quoque
1107 761 1350 815 mundus
1399 762 1605 816 dicitur
1630 801 1644 824 ,
1685 770 1744 813 ut
1767 760 1864 829 qui
1892 757 2301 813 maledictionis

723 857 879 911 locus
900 855 991 910 sit.
1029 854 1190 910 Hunc
1217 855 1450 910 libidine
1485 861 1544 908 ut
1574 853 1758 923 gignat
1788 859 2172 921 comparatum
2205 855 2301 905 ha-

647 1004 651 1008 _
721 948 835 1014 bet,
872 948 966 1016 qui
1003 957 1188 1002 mente
1220 948 1287 1002 ad
1321 947 1459 1018 legis
1488 945 1748 1016 spiritum
1781 961 1893 998 non
1918 947 2134 1000 transit.

789 1041 840 1094 7.
910 1040 969 1094 In
1001 1055 1132 1109 quo,
1182 1039 1384 1110 inquit,
1434 1037 1729 1093 ail‘ectione
1756 1037 2065 1102 trahimur,
2105 1038 2173 1094 de
2207 1039 2302 1096 illo

721 1147 944 1201 quoque
982 1141 1166 1186 mente
1194 1131 1522 1202 cogitamus.

793 1225 845 1278 8.
896 1224 1019 1278 Alio
1055 1225 1186 1279 item
1236 1224 1472 1294 spiritali
1507 1239 1672 1279 sensu
1707 1224 1999 1278 anathema
2023 1231 2141 1288 est,
2177 1224 2305 1278 libi-

723 1315 913 1370 dinum
945 1323 1130 1371 motus
1161 1317 1472 1371 simulacris
1492 1332 1695 1370 vacans
1747 1333 1759 1369 :
1803 1315 1931 1370 Oris
1952 1317 2154 1385 pudor,
2187 1332 2306 1370 mo—

726 1415 815 1461 tus
860 1407 1060 1461 mentis
1114 1422 1180 1460 ex
1215 1421 1411 1460 sensus
1447 1408 1660 1462 ratione
1705 1407 1996 1462 libidinem
2036 1405 2301 1472 formans,

727 1499 1031 1568 subtilique
1073 1498 1313 1569 cogitatu
1365 1514 1430 1553 ac
1459 1498 1768 1553 rationibus
1801 1498 2220 1553 convenientem
2252 1499 2303 1553 ei

726 1591 1012 1646 materiam
1039 1591 1384 1646 ministrans.

798 1683 852 1738 9.
905 1684 1010 1738 Per
1039 1684 1358 1755 synaeresin,
1394 1697 1559 1751 quam
1588 1690 1820 1747 vocant,
1855 1691 1969 1738 tres
1992 1690 2172 1737 textus
2196 1681 2305 1751 spi-

727 1777 912 1831 ritales
941 1792 1136 1831 sensus
1169 1791 1234 1830 ac
1257 1775 1736 1830 eonsiderationes
1765 1776 2042 1844 exposuit.

797 1869 882 1923 10.
917 1869 1022 1935 Qui
1053 1871 1108 1923 in
1135 1869 1379 1923 animum
1407 1870 1624 1923 induxit
1652 1879 1946 1937 ratumque
1975 1869 2145 1923 habet
2167 1867 2306 1922 divi-

725 1977 851 2015 nam
887 1976 1011 2018 esse
1044 1962 1496 2016 constitutionem
1551 1975 1784 2029 corpore
1823 1975 1891 2013 ex
1925 1959 2057 2028 legis
2093 1958 2305 2012 ratione

725 2053 971 2108 (leliciari
1004 2054 1209 2123 gulam.
1239 2056 1395 2124 quasi
1427 2053 1521 2106 Dei
1547 2052 1752 2105 donum
1786 2067 1910 2106 eum
1931 2051 2131 2121 gaudio
2151 2051 2204 2103 in
2226 2050 2308 2104 vi-

727 2153 792 2199 L'e
819 2145 1138 2199 societatem
1172 2144 1400 2214 recipit,
1460 2144 1764 2213 modosque
1795 2157 2060 2198 sensuum
2095 2142 2207 2196 vim
2242 2155 2306 2196 ac

724 2240 1101 2308 operationem
1129 2239 1303 2293 abusu
1325 2240 1638 2308 polluentes
1667 2255 1735 2293 ex
1757 2253 1821 2292 ea
1847 2237 2096 2306 suscipit.

796 2331 884 2386 11.
946 2330 1242 2387 Succincta
1285 2347 1476 2386 eorum
1512 2346 1633 2399 qua:
1664 2329 1922 2399 superius
1965 2329 2020 2382 in
2053 2329 2308 2384 conside-

727 2423 994 2478 rationem
1019 2432 1295 2478 venerunt
1320 2423 1647 2492 resumptio,
1677 2438 1784 2492 qua
1803 2421 2170 2490 ostendit,qui
2187 2437 2307 2476 cor-

725 2515 898 2583 porali
943 2514 1156 2568 ratione
1213 2515 1389 2584 legem
1437 2521 1717 2582 exponat,
1777 2513 1906 2582 ejus
1958 2511 2304 2579 disciplinam

725 2604 939 2674 pellicis
967 2604 1089 2659 loco
1112 2604 1345 2668 habere;
1390 2603 1795 2671 libidinumque
1820 2601 2068 2654 habitum
2101 2602 2308 2669 pariter

723 2705 1018 2765 actumque
1047 2696 1271 2766 gignere
1298 2735 1314 2760 ,
1381 2711 1465 2760 ac,
1499 2695 1657 2765 quasi
1691 2694 1956 2756 divinam,
1995 2694 2049 2746 in
2080 2694 2305 2748 donmm

723 2788 906 2858 gulam
961 2787 1226 2842 inducere
1251 2828 1264 2852 ,
1333 2803 1402 2841 ex
1440 2803 1548 2856 qua
1595 2787 1742 2840 modi
1777 2802 1875 2855 per
1904 2785 2136 2838 abusum
2171 2800 2306 2839 con-

723 2879 1050 2948 spureandis
1076 2879 1333 2934 sensibus
1355 2881 1628 2942 oriantur,
1653 2879 2043 2946 naturalesqne
2067 2876 2122 2929 in
2141 2878 2308 2932 rebus

725 2975 968 3029 rationes
1001 2990 1065 3029 ac
1094 2974 1306 3028 Stamina
1331 2974 1694 3042 perimantur.

799 3067 884 3121 12.
925 3066 1029 3132 Qui
1068 3066 1121 3120 in
1158 3063 1295 3136 legis
1317 3065 1582 3136 symbolis
1608 3075 1876 3128 moratur,
1916 3083 2100 3121 rerum
2129 3083 2194 3121 ex
2223 3081 2307 3119 ra-

2404 574 2468 626 ὲκ
2491 573 2585 627 τοῦ
2616 577 2945 646 γράμματος
2971 577 3064 630 τοῦ
3109 579 3275 646 νὸμου
3316 578 3667 647 μανθάνεται.

2476 673 2550 730 ς’.
2581 666 2800 740 Θεωρία
2829 671 2951 722 κατ’
2984 669 3152 740 ἄλλην
3184 671 3469 742 ἐπιϐολήν.
3514 672 3790 744 Ἀνάθεμα
3828 673 3988 741 λέγε-

2403 773 2493 809 ται
2541 759 2637 810 καὶ
2669 761 2696 812 6
2729 759 2939 828 κόσμος
2986 758 3164 824 οὗτος,
3212 765 3240 816 ὁ
3295 765 3598 835 καταδίκης
3647 767 3884 836 χωρίον·
3927 767 3988 819 ὃν

2403 849 2600 919 γεννᾷν
2623 853 2688 920 τῇ
2715 852 3059 924 προσπαθείᾳ
3085 856 3348 923 πέφυκεν,
3374 858 3402 909 6
3429 857 3504 927 μὴ
3527 857 3659 930 πρὸς
3684 858 3746 911 τὸ
3764 859 3987 929 πνεῦμα

2405 940 2500 993 τοῦ
2535 943 2702 1012 νόμου
2742 944 2882 996 κατὰ
2909 945 3033 997 νοῦν
3064 947 3379 1004 διαόαίνων.

2477 1035 2539 1098 ζ’.
2574 1034 2696 1088 Ὅτι
2725 1037 2860 1108 πρὸς
2887 1037 2915 1090 ὃ
2942 1040 3229 1107 σχετικῶς,
3264 1043 3420 1112 φησί,
3449 1043 3796 1114 διακείμεθα,
3841 1044 3978 1116 πρὸς

2405 1126 2582 1179 ἐκεῖνο
2607 1127 2703 1180 καὶ
2731 1128 2831 1198 τὴν
2865 1129 3007 1182 κατὰ
3032 1130 3157 1184 νοῦν
3207 1133 3436 1204 μελέτην
3465 1134 3800 1203 κεκτήμεθα.

2478 1226 2548 1289 η’.
2589 1220 2727 1272 Κατ’
2771 1219 2938 1291 ἄλλην
2980 1221 3236 1292 θεωρίαν,
3291 1225 3374 1278 ὅτι
3419 1226 3676 1294 ἀνάθεμα
3707 1228 3850 1288 ἐστι,
3889 1227 3986 1278 καὶ

2405 1313 2438 1380 ὴ
2477 1313 2586 1366 τῶν
2617 1312 2808 1366 παθῶν
2854 1313 3141 1379 άνείδωλος
3190 1317 3406 1386 κίνησις
3431 1335 3443 1347 ⁸
3478 1320 3708 1389 αἰσχύνη
3756 1319 3815 1373 δὲ
3862 1321 3984 1371 crd-

2410 1406 2656 1473 ματος,ἡ
2692 1403 2751 1457 τὸ
2785 1402 2957 1468 πάθος
3009 1405 3349 1460 είδοποιοῦσα
3397 1408 3534 1478 πρὸς
3587 1409 3844 1478 αἴσθησιν
3892 1409 3988 1462 τοῦ

2407 1494 2499 1548 νοῦ
2530 1497 2766 1568 κίνησις,
2805 1499 2900 1552 καὶ
2948 1501 3070 1562 ταῖς
3116 1501 3382 1564 ἐπινοίαις
3431 1501 3565 1571 ὓλην
3598 1504 3862 1574 ἁρμόδιον
3912 1502 3990 1571 τῷ

2409 1589 2573 1642 πάθει
2609 1592 2929 1661 πορίζουσα.

2481 1683 2544 1735 θ’.
2573 1682 2729 1735 Κατὰ
2771 1684 3082 1754 συναίρεσιν
3127 1684 3226 1747 τὰς
3256 1688 3404 1755 τρεῖς
3445 1685 3681 1757 Θεωρίας
3716 1685 3812 1739 τοῦ
3868 1704 3988 1739 κει-

2412 1776 2572 1844 μένου
2598 1775 2882 1840 ἐξέδωκεν.

2483 1872 2534 1918 ι’.
2584 1866 2642 1918 'O
2675 1865 2918 1929 πεισθεὶς
2958 1865 3110 1919 Θείαν
3150 1861 3288 1920 εἶναι
3327 1867 3594 1939 διαταγὴν
3641 1870 3702 1923 τὸ
3753 1888 3992 1941 σωματι·

2409 1954 2521 2017 κῶς
2567 1958 2707 2008 κατὰ
2752 1958 2915 2026 νόμον
2977 1961 3213 2029 τρυφᾷν,
3263 1960 3360 2028 τὴν
3421 1962 3869 2031 γαστριμαργίαν
3916 1962 3990 2024 ὡς

2408 2047 2542 2100 Θεοῦ
2576 2048 2748 2118 δῶρον
2783 2049 3050 2120 λαμϐάνει
3081 2051 3218 2119 μετὰ
3247 2055 3425 2123 χαρᾶς
3474 2055 3610 2123 πρὸς
3641 2053 3949 2122 συμϐίωσιν
3972 2071 3985 2081 ·

2408 2139 2466 2203 ἐξ
2499 2135 2565 2212 ἦς
2599 2141 2760 2208 γεννᾷ
2817 2143 2942 2204 τοὺς
3002 2140 3334 2210 μολύνοντας
3380 2146 3446 2214 τῇ
3489 2145 3844 2216 παραχρήσει
3891 2146 3992 2216 τὴν

2408 2233 2691 2301 ἐνέργειαν
2719 2231 2827 2283 τῶν
2867 2233 3173 2302 αἰσθήσεων
3205 2237 3456 2305 τρόπους.

2491 2331 2578 2378 ια’.
2625 2324 2914 2393 Ἐπίτομος
2943 2326 3052 2378 τῶν
3085 2326 3580 2399 προθεωρηθέντων
3618 2330 3991 2401 ἐπανάληψις,

2406 2419 2472 2470 δι’
2504 2413 2572 2490 ἦς
2601 2418 2876 2471 δείκνυσιν
2925 2420 3055 2472 ὅτιὸ
3103 2421 3436 2489 σωματικῶς
3483 2423 3852 2494 ἐκλαμϐάνων
3901 2426 3995 2477 τὸν

2407 2509 2591 2578 νόμον,
2622 2510 2720 2578 τὴν
2745 2510 2911 2563 αὑτοῦ
2945 2511 3348 2565 παλλακεύεται
3377 2513 3620 2582 μάθησιν
3644 2533 3655 2544 ·
3690 2517 3788 2568 καὶ
3825 2520 3994 2586 γεννᾷ

2409 2603 2510 2670 τήν
2534 2618 2593 2653 τε
2622 2601 2729 2653 τῶν
2754 2601 2943 2656 παθῶν
2982 2603 3096 2667 ἕξιν
3139 2605 3232 2658 καὶ
3270 2605 3370 2675 τὴν
3410 2607 3693 2676 ἐνέργειαν
3718 2625 3733 2638 ο
3773 2611 3873 2662 καὶ
3917 2611 3994 2672 ὡς

2409 2692 2560 2743 θείαν
2583 2693 2936 2757 είσοικίζεται
2967 2696 3063 2764 τὴν
3094 2698 3566 2767 γαστριμαργίαν,
3603 2701 3739 2770 πρὸς
3770 2702 3994 2769 γένεσιν

2407 2785 2515 2835 τῶν
2548 2786 2919 2852 ρυπαινόντων
2950 2789 3015 2856 τῇ
3056 2790 3405 2858 παραχρήσει
3432 2791 3525 2853 τὰς
3556 2791 3840 2862 αίσθήσεις
3866 2794 3995 2863 τρό-

2409 2891 2526 2926 πων
2545 2890 2556 2902 ·
2593 2876 2673 2937 είς
2703 2876 2985 2944 ἀναίρεσιν
3016 2877 3124 2933 τῶν
3154 2879 3356 2942 ἐντοῖς
3379 2875 3500 2932 οὖσι
3530 2882 3780 2949 φυσικῶν
3815 2883 3992 2950 λόγων

2408 2984 2466 3018 τε
2503 2969 2595 3020 καὶ¹
2630 2985 2732 3021 σπε
2741 2987 2771 3038 ρ
2780 2969 2987 3038 μάτων.

2485 3057 2573 3126 ιβ’.
2632 3059 2689 3110 '0
2710 3062 2822 3121 τοῖς
2855 3058 3146 3128 συμϐόλοις
3178 3061 3272 3113 τοῦ
3317 3061 3506 3132 νόμου,
3538 3081 3612 3133 φη
3626 3064 3732 3127 civ,
3791 3067 3993 3118 ἐναποο

728 3159 877 3212 tione
909 3156 1070 3227 297
1105 3166 1357 3210 naturam
1394 3156 1602 3220 videre,
1640 3157 1951 3225 inditasque
1972 3158 2306 3213 substantia-

2418 3149 2613 3216 μένων,
2645 3149 2707 3201 οὐ
2738 3149 2961 3203 δύναται
2988 3149 3129 3202 κατὰ
3160 3150 3318 3218 λόγον
3341 3152 3442 3222 τὴν
3479 3154 3588 3206 τῶν
3621 3155 3794 3208 ὅντων
3828 3157 3993 3224 φύσιν

725 3249 854 3302 liter
880 3263 910 3300 a
931 3247 1191 3302 Creatore
1218 3246 1383 3300 rebus
1416 3247 1658 3300 rationes
1689 3248 1932 3302 nancisci
1960 3262 2070 3302 non
2098 3253 2302 3317 potest,

725 3337 798 3392 ob
818 3338 1101 3409 signorum
1131 3353 1163 3391 a
1190 3352 1376 3392 rerum
1409 3347 1608 3390 natura
1635 3337 1955 3391 discrimen.

801 3515 885 3569 15.
913 3513 1203 3568 Naturales
1227 3514 1472 3567 rationes
1520 3513 1663 3584 ligna
1691 3524 2057 3583 comportant,
2087 3530 2208 3583 qua:
2237 3515 2304 3569 ad

729 3607 1042 3662 divinorum
1112 3605 1400 3660 scientiam
1464 3619 1738 3674 propenso
1820 3605 2047 3658 materia
2117 3606 2302 3659 liant:

732 3712 926 3766 aquam
982 3711 1116 3750 vero
1165 3695 1407 3748 aﬂerunt
1456 3695 1696 3749 eluendo
1741 3694 2016 3759 aliectus,
2064 3705 2126 3750 ut
2186 3711 2306 3765 quae

731 3787 914 3842 vitalis
970 3786 1025 3840 in
1095 3786 1294 3856 Spiritu
1362 3787 1705 3856 operationis
1751 3799 2106 3857 augmentum
2170 3804 2309 3858 pra:-

729 3881 918 3936 beant.

804 3976 894 4030 14.
945 3975 1064 4029 Alia
1097 3973 1418 4029 eorumdcm
1466 3971 1733 4042 spiritalis
1785 3971 2174 4038 consideratio,
2200 3988 2305 4041 qua

731 4083 830 4138 per
847 4066 1178 4128 Gabaonitas
1197 4065 1442 4136 gentium
1467 4065 1680 4118 voeatio
1701 4073 1929 4132 exponat
1943 4081 2024 4117 ur.

807 4159 892 4213 15.
920 4158 1203 4212 Materiam
1228 4165 1285 4210 et
1309 4156 1542 4210 formam
1562 4154 1794 4224 spiritali
1823 4170 1989 4208 sensu
2018 4155 2306 4208 Ermontbi

730 4255 789 4301 et
810 4245 1291 4314 Memphibostbe;
1335 4246 1582 4314 quinque
1624 4259 1762 4298 vero
1789 4259 2049 4298 sensuum
2084 4245 2308 4300 abusio-

734 4354 883 4404 nem,
926 4338 1180 4392 Merobes
1227 4337 1474 4406 quinque
1521 4337 1664 4390 lilios
1715 4337 1967 4401 vocavit;
2005 4351 2144 4406 quos
2172 4337 2308 4390 alios

732 4431 857 4485 aliis
906 4431 1247 4500 conjungcns
1279 4429 1562 4500 ;(sensum
1613 4428 1825 4482 scilicet
1881 4441 2007 4480 eum
2081 4428 2306 4481 materia

2411 3241 2563 3310 ὁρᾷν,
2596 3241 2690 3294 καὶ
2738 3243 2863 3304 τοὺς
2892 3242 3147 3307 τεθέντας
3192 3244 3468 3308 οὐσιωδῶς
3515 3247 3620 3300 ὑπὸ
3648 3247 3991 3319 δημιουργοῦ

2412 3333 2522 3392 τοῖς
2548 3327 2665 3384 οὖσι
2699 3331 2894 3398 λόγους
2937 3335 3364 3403 περιποιεῖσθαι,
3401 3335 3491 3388 διὰ
3531 3337 3592 3388 τὸ
3641 3338 3754 3390 τῶν
3788 3340 3994 3409 συμὸόο

2413 3421 2518 3474 λων
2547 3422 2681 3490 πρὸς
2705 3423 2801 3491 τὴν
2828 3423 2936 3474 τῶν
2968 3424 3137 3477 ὄντων
3183 3424 3343 3493 φύσιν
3372 3426 3651 3496 διάτορον.

2487 3519 2573 3580 ιγ’.
2615 3509 2977 3584 Ξυλοφοροῦσι
3015 3515 3114 3584 μὲν
3168 3518 3216 3568 οἱ
3269 3515 3414 3584 λόγοι
3465 3518 3562 3585 τῆς
3603 3518 3858 3584 φύσεως,
3893 3519 3991 3588 ὕλη

2413 3605 2546 3673 πρὸς
2567 3605 2663 3674 τὴν
2689 3604 2890 3673 γνῶσιν
2935 3604 3042 3658 τῶν
3090 3607 3249 3659 θείων
3288 3607 3565 3674 γινόμενοι
3587 3625 3601 3640 ·
3627 3609 3992 3679 ὑδροφοροῦσι

2411 3698 2467 3750 δὲ
2503 3697 2662 3768 ρύψιν
2692 3696 2974 3760 ποιοῦντες
3000 3697 3211 3764 παθῶν,
3236 3699 3330 3751 καὶ⁹
3353 3699 3590 3753 διάδοσιν
3613 3701 3711 3771 τῆς
3737 3703 3797 3754 ἐν
3829 3702 3995 3755 πνεύ-

2417 3807 2546 3858 ματι
2577 3788 2811 3859 ζωτικῆς
2840 3791 2922 3842 ὲνε
2931 3790 3140 3860 ργείας.

2487 3960 2566 4014 ιδ’.
2607 3961 2775 4033 ’Ἄλλη
2804 3962 3008 4034 θεωρία
3037 3963 3144 4017 τῶν
3166 3965 3747 4039 αὑτῶν,είσηγουμένη
3769 3968 3863 4022 διὰ
3887 3971 3994 4024 τῶν

2413 4055 2774 4108 Γαϐαωνιτῶν
2804 4056 2903 4126 τὴν
2931 4056 3125 4125 κλῆσιν
3156 4057 3263 4110 τῶν
3302 4057 3494 4112 ἐθνῶν.

2488 4144 2567 4196 ιε’.
2607 4143 2780 4213 ’Ὑλην
2801 4140 2922 4196 εἶπε
2964 4147 3058 4199 καὶ¹
3104 4141 3242 4210 εἶδος
3285 4147 3428 4202 κατὰ
3466 4149 3699 4220 θεωρίαν
3735 4151 3830 4205 τὸν
3868 4152 3994 4224 Ἐρ-

2417 4235 2572 4302 μονθὶ
2621 4233 2838 4287 καὶτὸν
2876 4235 3262 4305 Μεμφιὸοσθὲ,
3297 4240 3392 4292 καὶ
3451 4241 3771 4309 πενταπλῆν
3816 4246 3996 4315 παρᾶ-

2413 4343 2608 4397 χρησιν
2631 4327 2741 4380 τῶν
2770 4329 3233 4400 αίσθήσεων,τοὺς
3268 4332 3429 4385 πέντε
3457 4333 3556 4402 τῆς
3585 4333 3792 4404 Μερὼϐ
3821 4337 3992 4399 υἱούς·

2413 4419 2506 4481 οὒς
2553 4421 2805 4490 ἀλλήλοις
2843 4424 3105 4493 συνάψας,
3159 4427 3328 4495 ἤγουν
3367 4425 3467 4497 ὕλῃ
3504 4426 3599 4480 καὶ
3635 4427 3766 4481 εῖδει
3823 4445 3993 4499 προσ-

732 4530 789 4578 et
835 4522 1010 4576 forma
1053 4521 1122 4575 ad
1171 4520 1308 4589 legis
1343 4535 1466 4575 cum
1513 4533 1680 4573 carne
1725 4518 2069 4573 conﬂandam
2118 4535 2306 4574 neces-

2418 4512 2619 4576 π).έξας
2661 4514 2759 4584 τὴν
2791 4513 3042 4585 αἴσθησιν
3075 4516 3160 4569 διὰ
3183 4518 3282 4586 τὴν
3319 4518 3452 4588 πρὸς
3480 4517 3658 4587 σάρκα
3695 4517 3792 4569 τοῦ
3827 4519 3997 4588 νόμου

733 4613 1037 4669 situdinem
1099 4610 1431 4681 innectens)
1492 4610 1587 4679 qui
1665 4609 1780 4664 sola
1844 4609 2031 4663 littera
2089 4625 2310 4664 sensum

733 4705 1181 4765 circumscribit,
1239 4702 1512 4757 carnalem
1573 4702 1621 4756 is
1673 4699 1897 4770 quidem
1947 4700 2204 4754 all‘eetum
2249 4717 2313 4756 ac

732 4798 1021 4853 libidinem
1080 4795 1278 4860 eﬂicit;
1326 4802 1382 4848 at
1420 4793 1703 4848 naturales
1758 4792 2004 4846 rationes
2055 4788 2308 4847 corrum-

733 4887 830 4957 pit.

807 4981 892 5034 16.
951 4979 1155 5035 Vitium
1207 4975 1325 5047 (seu
1390 4972 1595 5044 passio)
1652 4982 1709 5028 et
1767 4981 1966 5027 natura
2006 4975 2309 5030 secundum

733 5072 983 5128 eamdem
1031 5069 1251 5125 essendi
1295 5068 1565 5121 rationem
1612 5066 1757 5120 inter
1801 5080 1859 5119 se
1904 5065 2048 5121 haud
2097 5072 2312 5124 coexsi-

733 5152 906 5198 stunt.

805 5233 894 5286 17.
935 5231 1034 5286 Cui
1065 5247 1177 5285 non
1221 5229 1406 5284 animo
1459 5242 1787 5296 persuasum
1844 5243 1927 5288 est
1969 5234 2312 5306 Seripturam

732 5327 1039 5398 Spiritalem
1084 5340 1228 5390 esse,
1263 5339 1371 5393 qua
1425 5321 1657 5388 laborat,
1711 5341 1820 5379 non
1852 5330 2021 5382 sentit
2067 5330 2312 5385 scientia:

731 5430 1051 5492 egestatem.

805 5510 891 5564 18.
914 5510 1050 5564 Cum
1078 5509 1271 5572 David,
1304 5510 1622 5567 Jntlarorum
1654 5528 1818 5567 sensu
1845 5522 1906 5566 ut
1933 5514 2106 5583 legem
2148 5516 2311 5585 signi-

737 5600 881 5666 ficet,
911 5602 1171 5665 sumitur,
1204 5602 1401 5670 spretio
1439 5605 1682 5657 nominis
1726 5615 1910 5676 etymo
1957 5606 2181 5664 dicitur.
2241 5609 2312 5662 ob

737 5695 1011 5748 carnalem
1036 5692 1737 5762 divinorumlegitimorum
1765 5695 2149 5751 traditionem:
2185 5714 2310 5753 cum

738 5793 867 5837 vero
889 5783 1211 5839 Christiano
1235 5783 1346 5838 ritu
1379 5785 1640 5854 spiritum
1663 5787 1954 5857 signibeat,
1991 5791 2146 5858 fortis
2196 5794 2311 5845 visu

2416 4603 2694 4671 σύστασιν,
2711 4606 2739 4658 ὁ
2757 4612 2914 4676 μόνον
2936 4607 3027 4660 τὸν
3049 4607 3173 4662 νοῦν
3195 4609 3552 4680 περιγράφων
3578 4608 3656 4679 τῷ
3678 4610 3996 4680 γράμματι,

2412 4695 2473 4747 τὸ
2505 4697 2603 4766 μὲν
2637 4699 2897 4767 σαρκικὸν
2931 4699 3101 4764 πάθος
3139 4701 3394 4753 ἀποτελεῖ
3432 4717 3444 4730 '
3476 4702 3604 4766 τοὺς
3639 4701 3696 4753 δὲ
3727 4702 3998 4769 φυσικοὺς

2411 4786 2714 4859 διαφθείρει
2746 4788 2950 4858 λόγους.

2489 4974 2584 5032 ις’.
2625 4969 2746 5022 Ὅτι
2781 4971 2948 5034 πάθος
2976 4972 3069 5024 καὶ
3123 4973 3284 5040 φύσις
3318 4973 3460 5026 κατά
3491 4973 3580 5026 τὸν
3609 4973 3704 5027 τοῦ
3732 4971 3876 5028 εἶναι
3903 4973 3998 5026 λέ-

2415 5076 2533 5129 γον,
2561 5061 2813 5134 οὐδαμῶς
2837 5063 3087 5148 ἀλλήλοις
3119 5066 3546 5137 συνυπάρχουσι.

2491 5234 2572 5300 ιζ’.
2622 5235 2682 5289 '0
2729 5237 2802 5308 μὴ
2855 5238 3159 5302 πιστεύων,
3214 5242 3383 5309 φησὶ,
3421 5240 3518 5312 τὴν
3570 5241 3795 5313 Γρανρὴν
3856 5239 4006 5294 εἶναι

2416 5331 2818 5401 πνευματικὴν,
2857 5332 2956 5402 τὴν
3004 5333 3211 5386 οἰκείαν
3247 5334 3387 5387 κατά
3418 5334 3516 5404 τὴν
3559 5335 3762 5402 γνῶσιν
3805 5335 4000 5387 πενίαν

2412 5425 2512 5478 οὐκ
2539 5425 2873 5477 αἰσθάνεται.

2495 5523 2583 5585 ιη’.
2617 5517 2810 5580 ”Οταν,
2841 5521 3026 5591 φησιν,
3067 5521 3094 5572 ὀ
3135 5521 3298 5582 Δαίῖιδ
3329 5523 3407 5584 είς
3442 5520 3532 5571 τὸν
3571 5521 3738 5589 νόμον
3776 5521 3998 5590 λαμϐά-

2414 5626 2586 5672 νεται,
2612 5612 2733 5662 κατ’
2776 5610 3083 5676 Ἰουδαίους,
3114 5613 3174 5664 τὸ
3209 5613 3442 5683 γράμμα
3471 5612 3664 5683 δηλῶν,
3693 5613 4000 5683 ὲρμηνεύε·

2412 5719 2502 5754 ται
2535 5702 2955 5770 ἐξουὸἐνωσις,
2973 5704 3064 5757 διὰ
3083 5705 3179 5776 τὴν
3207 5706 3341 5776 πρὸς
3369 5707 3546 5776 σάρκα
3574 5705 3685 5758 τῶν
3709 5705 3868 5758 θείων
3900 5722 4001 5755 νο-

2416 5794 2596 5864 μίμων
2627 5797 2924 5867 παράδοσιν
2956 5813 2967 5826 ’
3002 5798 3140 5851 κατὰ
3179 5799 3233 5851 δὲ
3275 5799 3633 5868 Χριστιανοὺς
3670 5799 3737 5852 τὺ
3773 5797 4003 5869 πνεῦμα
