4218 6432
260 404 368 469 ΤΠ

1296 391 1786 466 QU.’ESTIONES
1825 391 1925 451 AD
1962 394 2465 459 THALASSIUM.

3402 393 3510 459 778

261 509 568 580 σημαίνων,
593 503 951 576 ἑρμηνεύεται
986 501 1202 572 ἰσχυρὸς
1226 501 1436 570 ὁράσει,
1455 500 1545 552 διὰ
1571 499 1670 567 τὴν
1698 494 1840 552 κατὰ

1938 500 2130 556 eodem
2160 503 2431 570 redditur,
2466 505 2536 559 ob
2563 504 2866 575 spiritalem
2892 511 3076 559 mente
3101 503 3342 559 scientia:
3370 520 3508 561 eon-

263 599 392 653 νοῦν
419 597 655 666 Θεωρίαν
697 594 796 662 τῆς
825 592 1102 660 γνώσεως.

342 689 430 744 ιϐ’.
465 687 655 757 Ψυχὴν
684 688 782 756 τῆς
806 684 1026 755 Γραφῆς
1052 680 1270 745 εἷπε,τὸ
1300 680 1516 752 πνεῦμα
1537 696 1552 712 ·
1572 680 1731 751 σῶμα
1760 678 1838 743 δὲ,

265 785 332 838 τὺ
360 784 616 855 γράμμα.
1444 823 1449 827 .

340 882 409 929 κ’.
450 876 587 937 Τοὺς
615 873 763 943 τρεῖς
786 866 1261 936 ὲνιαυτοῦςλέγει,
1288 867 1415 929 τοὺς
1448 867 1596 935 τρεῖς
1620 863 1838 933 νόμους,

265 965 360 1017 τόν
389 980 447 1016 τε
474 963 720 1032 γραπτὸν
740 1000 755 1024 ,
786 960 879 1012 καὶ
905 958 999 1010 τὸν
1044 956 1293 1025 φυσικὸν,
1322 954 1421 1007 ,καὶ
1467 954 1559 1006 τὸν
1598 951 1840 1023 χάριτος,

270 1057 568 1125 ἐχομένους
604 1051 874 1123 ἀλλήλων.
920 1051 980 1102 ὐ
1028 1049 1204 1101 τοίνυν
1253 1048 1345 1100 τὸν
1387 1044 1631 1117 γραπτὸν
1681 1044 1843 1114 νόμον

265 1146 561 1217 λαμϐάνων
587 1143 936 1213 σωματικῶς,
961 1143 1181 1211 ἀρεταῖς
1206 1140 1305 1209 τὴν
1331 1137 1508 1209 ψυχὴν
1537 1136 1597 1189 οὐ
1630 1134 1842 1205 διατρέ-

263 1255 362 1306 φει
387 1254 401 1269 ο
439 1240 531 1290 καὶ
562 1237 592 1289 6
618 1238 733 1299 τοῖς
756 1235 932 1302 λόγοις
951 1233 1061 1286 τῶν
1093 1232 1262 1286 όντων
1294 1230 1395 1282 οὐκ
1427 1226 1752 1291 ἐπιϐάλλων,
1772 1227 1840 1296 τῇ

263 1330 493 1401 ποικίλῃ
524 1328 618 1381 τοῦ
654 1327 791 1381 Θεοῦ
826 1326 989 1396 σοφίᾳ
1031 1326 1124 1378 τὸν
1166 1323 1290 1378 νοῦν
1323 1322 1423 1391 οὐχ
1451 1320 1605 1391 ἑστιᾷ
1636 1317 1843 1387 φιλοτί-

268 1439 391 1491 μως
414 1437 428 1450 ⁸
462 1420 683 1474 καὶότὸ
719 1417 861 1489 μέγα
914 1417 1014 1487 τῆς
1068 1415 1265 1485 καινῆς
1316 1415 1535 1484 χάριτος
1576 1412 1650 1482 μὴ
1683 1413 1844 1479 γινὼ-

271 1530 423 1565 σκων
454 1513 787 1583 μυστήριον,
819 1512 885 1580 τῇ
921 1508 1098 1562 ἑλπίδι
1136 1507 1234 1577 τῆς
1267 1503 1565 1576 μελλούσης
1596 1501 1844 1563 θεώσεως

264 1604 375 1656 οὐκ
395 1602 707 1671 ἀγάλλεται.
740 1598 947 1653 Οὐκοῦν
975 1600 1009 1669 ὴ
1040 1596 1272 1665 ἔλλειψις
1297 1596 1395 1664 τῆς
1424 1593 1564 1647 κατὰ
1589 1592 1679 1645 τὸν
1709 1607 1845 1659 γρα-

272 1693 409 1745 πτὸν
432 1693 593 1762 νόμον
621 1690 997 1761 πνευματικῆς
1019 1689 1250 1760 θεωρίας
1296 1686 1411 1756 ἔχει
1450 1682 1843 1756 παρεπομένην

257 1786 412 1854 αὐτῇ
445 1783 543 1855 τὴν
559 1783 769 1836 ενδειαν
797 1783 895 1853 τῆς
924 1781 1067 1835 κατὰ
1112 1782 1205 1834 τῧν
1236 1778 1466 1849 φυσικὸν
1500 1778 1662 1847 νόμον
1692 1791 1843 1827 νοου-

262 1876 444 1945 μένης
469 1876 715 1945 ποικίλης
737 1876 926 1943 σοφίας
954 1872 1047 1927 τοῦ
1073 1872 1229 1937 Θεοῦ,
1251 1869 1593 1940 ὲφεπομένην
1617 1867 1846 1937 ἔχουσαν

269 1966 375 2035 τῆς
404 1968 545 2021 κατὰ
579 1966 641 2019 τὸ
687 1966 872 2020 καινὸν
920 1966 1217 2035 μυστήριον
1256 1962 1442 2033 χάριτι
1481 1959 1847 2030 δοθησομένης

271 2055 525 2118 θεώσεως
556 2057 771 2119 πάντως
794 2056 893 2125 τὴν
931 2055 1179 2123 ἄγνοιαν.

346 2155 454 2202 κα’.
495 2149 554 2201 ’0
586 2146 971 2218 πνευματικῶς
1005 2145 1079 2216 μὴ
1103 2145 1237 2198 νοιῖιν
1261 2144 1352 2198 τὸν
1370 2144 1554 2214 νόμον,
1578 2141 1682 2195 κᾶν
1708 2143 1845 2196 ἀπο-

264 2236 508 2290 θανόντα
534 2236 634 2308 ἔχῃ
664 2236 756 2288 τὸν
790 2235 955 2305 νόμον
988 2234 1076 2287 διὰ
1105 2233 1164 2286 τὸ
1216 2232 1292 2303 μὴ
1331 2232 1619 2302 λατρεύειν
1662 2246 1845 2299 σωμαο

271 2327 464 2392 τικῶς,
484 2327 619 2380 ἀλλὰ
643 2327 711 2380 τὰ
744 2323 1056 2395 χαμαίζηλα
1092 2324 1207 2394 ἔχει
1239 2321 1337 2375 τοῦ
1360 2321 1528 2392 νόμου
1560 2320 1807 2391 νοήματα
1830 2336 1844 2351 ·

273 2418 344 2472 τὰ
372 2418 543 2472 τέκνα
564 2417 658 2470 τοῦ
688 2417 860 2470 Σαοὺλ
892 2415 1145 2486 περιέπει
1172 2412 1266 2467 καὶ
1295 2411 1364 2466 τὰ
1403 2412 1633 2482 ἔκγονα·
1659 2411 1741 2465 διὸ
1771 2410 1847 2483 τῷ

274 2510 420 2581 λιμῷ
442 2511 540 2580 τῆς
561 2508 813 2577 γνώσεως
844 2507 1212 2579 βασανίζεται.

344 2601 459 2671 κβ’.
502 2601 711 2672 Ὠσπερ
756 2599 816 2653 τὸ
868 2599 1163 2671 πρόσωπον
1204 2595 1702 2669 χαρακτηριστικόν
1730 2595 1848 2650 ἐστι

272 2690 369 2744 τοῦ
420 2689 543 2745 καθ’
582 2690 813 2744 ἕκαστον
845 2705 858 2721 ·
884 2687 1028 2741 οὕτω
1070 2686 1164 2742 καὶ
1200 2690 1234 2758 ὴ
1267 2685 1617 2757 πνευματικὴ
1649 2684 1850 2754 γνῶσις

271 2777 598 2848 έμφατικῶς
622 2777 1019 2850 χαρακτηρίζει
1059 2775 1119 2830 τὸ
1150 2776 1307 2830 Θεϊον
1327 2791 1341 2805 ·
1370 2778 1437 2847 ἣν
1463 2777 1491 2827 6
1518 2774 1732 2845 ζητῶν,
1762 2774 1850 2829 λέ-

274 2886 434 2938 γεται
461 2870 645 2940 ζητεῖν
671 2869 733 2923 τὸ
756 2870 1048 2940 πρόσωπον
1075 2869 1304 2940 Κυρίου.

347 3050 454 3119 κγ’.
502 3051 588 3115 Ὧς
627 3049 877 3120 ίσχυρός
903 3050 1132 3119 ὁράσει,
1158 3049 1255 3104 καὶ
1281 3052 1431 3115 νοῦς
1459 3046 1796 3117 amputari);
1821 3053 1848 3105 6

273 3142 441 3196 Δαὸὶδ
471 3141 852 3213 ἑρμηνεύεται.

348 3233 446 3288 κδ’.
496 3233 554 3286 ’0
582 3232 1098 3305 κατασαρκούμενος
1122 3232 1267 3286 κατὰ
1292 3233 1354 3286 τὸ
1377 3233 1612 3303 γράμμα
1638 3231 1734 3285 τοῦ
1765 3231 1849 3284 νό-

276 3343 385 3397 μου
410 3329 529 3390 ταῖς
558 3327 803 3398 ὲναίμοις
826 3326 1057 3393 θυσίαις,
1083 3325 1427 3398 ποθουμένην
1461 3327 1683 3396 ἄγνοιαν
1714 3326 1847 3396 ἔχει,

277 3418 416 3488 1:96;
447 3419 614 3490 μόνην
665 3420 862 3490 σαρκὸς
906 3420 1101 3491 ἡδονὴν
1141 3419 1241 3492 τὴν
1296 3419 1517 3492 ἐντολὴν
1558 3420 1849 3492 ἐκδεχόμε-

274 3526 387 3573 νος.

347 3606 449 3656 κε’.
493 3601 549 3656 '0
598 3601 696 3671 μὲν
753 3600 1100 3672 σωματικῶς,
1140 3600 1309 3671 φησὶ,
1342 3599 1488 3654 κατὰ
1543 3600 1706 3672 νόμον
1749 3600 1847 3653 λα-

275 3696 520 3765 τρεύων,
569 3692 818 3763 καθάπερ
862 3692 995 3762 ὃλην
1044 3692 1212 3763 γεννᾷ
1259 3691 1358 3762 τὴν
1413 3693 1534 3745 κατ’
1569 3692 1848 3762 ἐνέργειαν

278 3781 557 3853 ἁμαρτίαν
584 3796 598 3811 '
627 3780 724 3835 καὶ
768 3780 845 3843 ὡς
895 3776 1056 3843 εἶδος,
1093 3779 1195 3852 τὴν
1237 3780 1324 3834 ἐπ’
1353 3781 1491 3853 αὐτῇ
1537 3781 1680 3834 κατὰ
1725 3781 1849 3833 νοῦν

279 3871 677 3941 συγκατάθεσιν
716 3874 835 3935 ταῖς
893 3871 1222 3943 προσφόροις
1253 3872 1471 3943 ἡδοναῖς
1514 3872 1625 3925 τῶν
1656 3872 1850 3944 αἰσθή-

278 3979 418 4015 σεων
471 3960 667 4024 ὑλικῶς
696 3960 1102 4015 διαπλάττεται.
1142 3961 1200 4014 '0
1224 3962 1281 4015 δὲ
1325 3963 1714 4033 πνευματικῶς
1746 3964 1846 4034 τὴν

276 4054 317 4107 Γ
323 4052 502 4125 ραςιὴν
550 4051 918 4122 ἐκδεχόμενος,
950 4051 1026 4113 ὡς
1071 4052 1170 4122 μὲν
1212 4051 1364 4122 ὓλην,
1389 4054 1488 4122 τὴν
1521 4052 1801 4124 ἐνέργειαν
1829 4068 1842 4083 ·

275 4145 354 4208 ὠς
408 4140 543 4206 εἶδος
570 4143 647 4209 δὲ,
678 4142 777 4212 τῆς
822 4142 1096 4213 ἁμαρτίας
1121 4143 1229 4214 τὴν
1270 4144 1665 4212 συγκατάθεσιν
1710 4147 1846 4215 μετὰ

274 4236 387 4289 τῶν
436 4236 576 4289 κατὰ
618 4235 966 4305 παράχρησιν
997 4235 1134 4307 πρὸς
1175 4237 1370 4307 ἡδονὴν
1414 4237 1513 4306 τῆς
1541 4236 1846 4307 αἰσθήσεως

273 4328 534 4400 τρόπων,
564 4326 639 4389 ὡς
684 4328 831 4390 υίοὺς
870 4327 963 4379 καὶ
1007 4327 1230 4390 υἱωνοὺς
1268 4328 1362 4381 τοῦ
1410 4326 1635 4398 νομικοῦ
1669 4328 1847 4397 γράμ-

279 4433 451 4486 ματος
492 4415 711 4468 θανατοῖ
760 4414 846 4467 διὰ
888 4415 997 4469 τῶν
1041 4416 1285 4484 φυσικῶν
1336 4417 1612 4489 λογισμῶν
1658 4419 1716 4471 ὲν
1768 4416 1846 4487 τῷ

276 4512 407 4582 ὕψει
430 4513 528 4583 τῆς
554 4511 809 4582 θεωρίας.

347 4611 465 4669 κςθ.
502 4605 621 4659 Ὀτι
647 4606 815 4676 χωρὶς
842 4603 1075 4674 φυσικῆς
1104 4601 1358 4673 θεωρίας,
1379 4600 1554 4662 οὐδεὶς
1581 4600 1677 4669 τὴν
1710 4599 1843 4667 πρὸς

276 4701 345 4755 τὰ
374 4699 495 4753 θεῖα
525 4699 633 4752 τῶν
661 4700 901 4769 νομικῶν
932 4696 1216 4770 συμϐόλων
1246 4694 1565 4762 ἁπέμφασιν
1593 4691 1845 4761 διαγινώη

280 4809 426 4847 σκει.

348 4883 454 4949 κζ’.
488 4884 560 4936 T6
600 4882 881 4952 ὲξηλιάσαι
922 4880 1195 4949 νενόηκεν,
1231 4879 1350 4932 ἀντὶ
1404 4877 1497 4930 τοῦ
1533 4874 1843 4946 φανερῶσαι

276 4976 422 5030 κατὰ
451 4976 510 5027 τὸ
534 4974 663 5043 ὕψος
702 4973 799 5043 τῆς
831 4972 1062 5042 θεωρίας
1097 4971 1157 5023 τὸ
1183 4973 1419 5042 γράμμα
1442 4967 1535 5021 τοῦ
1565 4967 1727 5035 νόμου
1755 4985 1843 5018 νεα

278 5070 433 5141 κρὸν,
462 5067 549 5121 διὰ
570 5067 668 5137 τῆς
697 5069 754 5120 ὲν
788 5064 1058 5134 πνεύματι
1103 5062 1374 5132 γνώσεως.

348 5253 457 5317 κη’.
491 5246 679 5317 Ὅριον
716 5243 931 5314 Ἰσραὴλ
961 5242 1205 5312 νενόηκε,
1242 5240 1417 5293 πάντα
1460 5241 1617 5307 λόγον
1660 5256 1717 5292 τε
1757 5239 1847 5291 καὶ

276 5340 478 5411 τρόπον
504 5336 880 5407 πνευματικῆς
903 5333 1133 5404 θεωρίας
1166 5351 1180 5365 ο
1216 5337 1270 5386 έν
1296 5327 1339 5400 ᾧ
1374 5333 1565 5401 στῆναι
1599 5332 1660 5382 οὐ
1687 5332 1847 5384 δύνα-

277 5451 366 5488 ται
398 5430 680 5493 παντελῶς
710 5431 742 5499 ὴ
768 5428 1051 5500 σωματικὴ
1081 5428 1173 5481 τοῦ
1205 5428 1369 5496 νόμου
1418 5425 1736 5499 παράδοσις.

347 5606 455 5664 κθ’.
489 5607 563 5661 T6
616 5609 712 5677 μὲν
746 5607 962 5675 πνεῦμα
985 5651 1000 5670 ,
1030 5605 1195 5674 φησὶ,
1246 5606 1388 5675 ζωῆς
1436 5605 1670 5673 ὑπάρχει
1713 5622 1852 5676 παρ-

277 5702 532 5756 ικτικόν·
574 5700 634 5751 τὸ
673 5699 728 5751 δὲ
778 5700 1011 5768 γράμμα
1036 5696 1222 5766 ,ζωῆς
1272 5699 1419 5749 ἐστιν
1476 5694 1848 5764 ἁφαιρετικόν.

278 5790 492 5847 οὐκοῦν
520 5788 580 5842 οὐ
610 5788 833 5840 δύναται
862 5788 955 5839 καὶ
980 5789 1040 5840 τὸ
1070 5787 1303 5857 γράμμα
1339 5787 1601 5857 πράττειν
1631 5786 1771 5842 κατὰ
1792 5788 1854 5841 τὸ

613 5880 883 5941 Ρηιιοι..
915 5880 1029 5938 (in.
1076 5880 1195 5941 XC.

1941 591 2347 647 siderationem.

2014 680 2104 735 l9.
2131 681 2384 736 Animam
2415 683 2711 753 Scriptum
2736 686 2987 755 spiritum
3022 685 3352 755 appellavit;
3395 699 3510 740 cor-

1939 784 2045 840 pus
2072 786 2227 835 vero,
2256 774 2474 828 vocavit
2508 775 2767 829 litteram.

2009 861 2099 916 20.
2124 861 2315 918 Annos
2350 873 2479 931 tres,
2517 873 2628 920 tres
2648 873 2807 919 vocat
2831 865 2996 935 leges,
3041 865 3323 936 scriptam,
3350 875 3514 919 natu-

1942 950 2115 1006 ralem
2143 960 2202 1007 et
2223 954 2434 1023 gratia},
2464 955 2571 1010 sibi
2604 955 2739 1010 alias
2779 955 2903 1010 aliis
2949 957 3258 1011 continuas.
3288 955 3507 1025 itaque,

1941 1043 1991 1096 is
2012 1044 2105 1112 qui
2127 1043 2303 1115 legem
2329 1046 2590 1115 scriptam
2618 1046 2891 1117 corporali
2918 1047 3128 1101 ratione
3145 1048 3364 1117 accipit,
3391 1047 3513 1102 ani-

1941 1149 2083 1188 mam
2116 1135 2415 1191 virtutibus
2445 1152 2555 1191 non
2577 1138 2693 1192 alit.
2718 1138 2819 1205 Qui
2836 1140 2966 1195 item
2991 1139 3300 1195 rationibus
3325 1155 3509 1195 rerum

1941 1226 2188 1280 animum
2223 1243 2333 1282 non
2356 1228 2611 1294 attendit,
2638 1230 2788 1285 varia
2808 1231 2904 1286 Dei
2937 1233 3222 1303 sapientia
3268 1244 3511 1290 mentem

1942 1317 2237 1375 ambitiose
2264 1335 2372 1374 non
2398 1321 2617 1391 accipit.
2650 1320 2754 1388 Qui
2779 1322 3016 1393 denique
3050 1339 3303 1396 magnum
3353 1342 3512 1382 nova:

1939 1410 2133 1479 gratiae
2162 1425 2272 1465 non
2304 1413 2459 1467 novit
2487 1415 2831 1483 mysterium,
2881 1431 2990 1470 non
3027 1416 3239 1470 exsulat
3271 1432 3335 1472 ea
3387 1434 3508 1488 spe,

1943 1502 2088 1569 quod
2111 1502 2445 1559 imbuendus
2470 1504 2676 1559 deitate
2705 1505 2796 1560 sit.
2817 1506 2987 1576 Igitur
3012 1507 3276 1577 spiritalis
3312 1525 3510 1579 specu-

1942 1590 2164 1648 lationis
2193 1609 2293 1663 pro
2339 1594 2478 1664 legis
2517 1596 2734 1666 scripta:
2772 1596 2986 1652 ratione
3035 1596 3277 1653 defectui
3327 1614 3513 1655 comes

1944 1690 2049 1749 est,
2081 1685 2243 1739 variae
2267 1686 2363 1739 Dei
2386 1686 2688 1756 sapientiae,
2715 1702 2816 1757 pro
2832 1687 2968 1760 legis
3003 1690 3269 1745 naturalis
3301 1690 3512 1746 ratione

1948 1774 2261 1837 intellectae,
2291 1776 2549 1844 penuria;
2595 1792 2759 1847 quam
2785 1780 3011 1833 omnino
3062 1790 3326 1850 sequatur
3375 1796 3515 1852 pra:-
3605 1833 3609 1838 .

1876 1848 1920 1903 Β
1950 1872 2129 1920 stante
2161 1866 2525 1922 deificationis
2550 1868 2879 1937 ignorantia,
2926 1884 3029 1938 pro
3080 1848 3206 1925 novi
3262 1848 3509 1943 mystcrii

1940 1958 2132 2027 gratiae
2161 1973 2411 2013 munere.

2013 2141 2104 2194 2t.
2132 2139 2236 2205 Qui
2276 2154 2386 2194 non
2435 2139 2762 2208 spiritaliter
2784 2140 2960 2209 legem
3008 2140 3287 2210 intelligit,
3340 2157 3514 2211 quan-

1943 2247 2107 2303 quam
2124 2240 2398 2285 mortuam
2429 2231 2604 2301 legem
2655 2231 2875 2298 habeat,
2923 2248 2986 2286 ea
3036 2232 3250 2287 scilicet
3299 2236 3527 2307 ratione

1945 2322 2092 2393 quod
2115 2323 2474 2392 corporaliter
2505 2338 2614 2377 non
2649 2323 2820 2379 servit
2846 2340 2860 2386 ;
2916 2324 3144 2379 humilia
3165 2333 3347 2380 tamen
3377 2326 3515 2397 legis

1942 2413 2151 2485 sensa(
2181 2412 2366 2470 Saulis
2391 2412 2534 2469 ﬁlios
2566 2422 2624 2468 et
2662 2413 2910 2485 nepotes)
2937 2415 3097 2482 colit;
3129 2430 3197 2471 ex
3228 2431 3338 2485 quo
3384 2432 3514 2472 eum

1946 2507 2089 2562 fame
2112 2507 2356 2561 scientia:
2390 2506 2637 2575 torqueri
2664 2506 2953 2576 contingit.

2016 2600 2106 2654 22.
2131 2596 2605 2665 Quemadmodum
2640 2598 2807 2653 facies
2832 2598 3075 2669 singulos
3091 2614 3339 2670 quosque
3368 2599 3519 2655 velut

1949 2696 2078 2743 nota
2100 2688 2326 2759 propria
2355 2687 2645 2758 distinguit
2668 2696 2832 2757 atque
2862 2688 3125 2759 insignit;
3156 2688 3237 2743 sic
3265 2697 3322 2744 et
3348 2688 3483 2759 spiri
3501 2720 3518 2733 -

1950 2780 2078 2835 talis
2102 2779 2356 2838 scientia.
2388 2779 2536 2850 quod
2564 2779 2811 2833 divinum
2834 2788 2919 2833 est
2954 2795 3211 2849 expresse
3266 2781 3520 2853 obsignat
3587 2820 3591 2826 -

1956 2887 2018 2928 ac
2043 2881 2427 2943 repras’entat;
2463 2887 2625 2942 quam
2664 2871 2757 2941 qui
2806 2871 3021 2941 quaerit,
3067 2872 3283 2927 Domini
3321 2872 3518 2928 faciem

1949 2980 2197 3034 quaerere
2223 2964 2443 3018 dicitur.

2024 3055 2115 3109 9.5.
2158 3055 2346 3119 David,
2369 3058 2413 3110 si
2449 3070 2646 3110 nomen
2682 3056 3080 3124 interpreteris.
3110 3062 3323 3126 aspectu
3347 3056 3519 3126 fortis,

1877 3188 1919 3244 ο
1953 3162 2016 3202 ac
2038 3164 2179 3201 mens
2197 3148 2470 3218 perspicua:
2493 3147 2715 3200 dicitur.

2025 3240 2113 3292 2i.
2141 3239 2244 3306 Qui
2267 3255 2335 3293 ex
2355 3240 2580 3309 scriptae
2605 3240 2740 3308 legis
2762 3238 2974 3293 ratione
3024 3239 3273 3293 cruentis
3324 3239 3520 3293 hostiis

1953 3332 2188 3387 carnalis
2212 3332 2447 3395 exsistit,
2473 3332 2836 3401 ignorantiam
2873 3340 3021 3384 amat
3069 3346 3133 3385 ac
3158 3331 3386 3400 expetit,
3424 3331 3519 3400 qui

1952 3434 2284 3495 prmceptum
2310 3436 2371 3480 ut
2393 3425 2461 3478 ad
2481 3425 2648 3479 solam
2684 3433 2893 3494 spectet
2922 3424 3108 3481 carnis
3157 3424 3519 3494 voluptatem,

1950 3520 2191 3587 exponit.

2018 3610 2109 3663 25.
2133 3608 2233 3675 Qui
2266 3608 2627 3678 corporaliter
2656 3624 2721 3662 ex
2747 3609 2886 3680 legis
2928 3609 3141 3665 ratione
3174 3613 3363 3678 servit,
3403 3621 3520 3667 tan-

1948 3718 2112 3772 quam
2150 3702 2457 3760 materiam.
2491 3709 2775 3770 peccatum
2797 3716 2966 3770 opere
3001 3702 3212 3773 gignit:
3243 3714 3305 3759 ut
3329 3715 3517 3760 autem

1949 3797 2145 3859 forma,
2184 3794 2384 3849 mentis
2418 3794 2474 3847 in
2506 3793 2683 3863 ipsum
2710 3808 3001 3858 consensu,
3062 3795 3519 3851 convenientibus

1949 3902 2212 3943 sensuum
2260 3886 2535 3941 illecebris
2582 3884 2872 3940 formatur.
2914 3887 3003 3951 At,
3053 3886 3145 3955 qui
3193 3887 3518 3958 spiritaliter

1947 3979 2123 4049 legem
2158 3979 2343 4042 sumit,
2395 3985 2453 4031 ut
2484 3977 2706 4046 quidem
2756 3978 3062 4042 materiam,
3098 3980 3512 4048 operationem;

1946 4078 2009 4122 ut
2041 4076 2225 4122 autem
2284 4066 2538 4131 formam,
2582 4066 2793 4137 peccati
2830 4081 3183 4139 consensum,
3248 4083 3352 4123 una
3388 4083 3513 4124 cum

1946 4175 2143 4215 sensus
2166 4159 2479 4214 libidinosis
2524 4173 2623 4227 per
2662 4158 2895 4213 abusum
2940 4157 3138 4224 modis,
3194 4160 3345 4215 velut
3378 4160 3517 4231 legis

1945 4247 2143 4302 litterae
2175 4246 2315 4301 filios
2343 4262 2407 4301 ac
2442 4256 2692 4317 nepotes,
2724 4263 2822 4317 per
2860 4248 3139 4303 naturales
3165 4250 3408 4306 rationes
3458 4250 3515 4305 in

1945 4338 2334 4408 speculationis
2352 4338 2462 4393 alto
2494 4339 2699 4394 vertice
2733 4338 2951 4394 occidit.

2011 4605 2102 4660 26.
2136 4603 2354 4674 Absque
2390 4603 2627 4659 naturali
2655 4604 3033 4672 speculatione
3060 4603 3330 4661 dissidere
3373 4620 3401 4660 a
3427 4606 3514 4661 di-

1947 4692 2089 4746 vinis
2113 4691 2305 4762 legalia
2324 4690 2589 4762 symbola,
2623 4705 2784 4744 nemo
2815 4690 3106 4760 dignoscit.

2016 4871 2105 4924 27.
2191 4869 2273 4923 Ad
2335 4869 2506 4923 solem
2582 4868 2923 4938 suspendere
2960 4910 2975 4935 ,
3033 4868 3139 4923 hoc
3211 4870 3511 4939 intellexit;

1946 4971 2251 5016 emortuam
2311 4961 2524 5034 scilicet
2570 4960 2710 5030 legis
2766 4961 3009 5014 litteram
3068 4976 3166 5029 per
3226 4962 3512 5018 scientiam

1948 5055 2001 5107 in
2058 5054 2256 5121 spiritu
2311 5053 2662 5107 manifestare
2730 5052 2787 5107 in
2852 5052 3188 5108 sublimitate
3264 5057 3515 5123 specula-

1946 5146 2128 5199 tionis.

2042 5237 2129 5290 23.
2209 5236 2429 5291 lsraclis
2507 5236 2802 5291 terminum
2866 5237 3186 5304 intellexit,
3245 5241 3515 5297 rationem

1949 5345 2166 5384 omnem
2195 5329 2524 5398 modumque
2552 5329 2814 5398 spiritalis
2862 5330 3275 5399 speculationis,
3310 5335 3364 5387 in
3407 5350 3518 5403 quo

1950 5422 2249 5491 corporalis
2302 5422 2439 5491 legis
2491 5422 2716 5476 traditio
2775 5422 3000 5477 omnino
3062 5423 3363 5479 consistere
3421 5442 3519 5480 ne—

1952 5514 2091 5583 quit.

2023 5606 2110 5661 29.
2153 5603 2386 5674 Spiritui
2414 5604 2637 5674 quidem
2668 5620 2736 5658 ex
2782 5604 2966 5659 indole
2997 5614 3081 5660 est
3109 5613 3169 5658 ut
3211 5604 3379 5659 vitam
3418 5606 3520 5667 tri-

1953 5700 2122 5762 buat;
2165 5698 2362 5752 littera:
2386 5713 2539 5760 vero,
2587 5706 2649 5752 ut
2704 5712 2823 5752 eam
2859 5697 3081 5751 adimat.
3111 5696 3229 5751 Non
3258 5713 3390 5767 ergo
3430 5712 3520 5752 se-

1953 5790 2193 5845 cundum
2228 5788 2371 5842 idem
2408 5790 2589 5845 littera
2618 5797 2672 5846 ct
2693 5789 2916 5858 spiritus
2951 5788 3167 5858 operari
3205 5789 3423 5853 valent;
3461 5797 3521 5843 ut

3116 5881 3196 5941 23
