4218 6432
738 330 847 395 779

1912 326 1970 382 S.
2013 325 2295 385 ΜΛΧΙΜΙ
2337 327 2840 388 CONFESSORIS

3891 334 3998 400 780

742 456 920 512 neque
949 441 1098 512 quod
1134 441 1299 494 vitam
1343 438 1539 492 tribuit
1559 447 1613 490 et
1638 435 1784 506 quod
1814 437 2036 507 perimit
2062 454 2168 492 una
2190 453 2317 508 pos-
2348 447 2388 502 Α

2348 447 2388 502 Α
2418 441 2573 502 αὐτὸ,
2609 440 2706 494 καὶ
2730 441 2794 493 τὸ
2827 439 3046 513 πνεῦμα
3081 459 3094 473 ·
3131 441 3322 514 ῶσπερ
3352 445 3470 498 οὐδὲ
3515 445 3577 499 τὸ
3613 444 3876 511 ζωοποιδν
3916 446 3996 516 τῷ

741 542 871 588 sunt
895 534 1177 588 exsistere.

803 627 900 680 50.
935 622 1289 694 Pmputium,
1321 621 1452 692 quid
1488 621 1739 675 naturale
1773 632 1876 676 est.
1917 622 2190 693 Quidquid
2219 639 2317 678 au-

741 728 850 772 tem
876 727 962 772 est
991 717 1261 779 naturale,
1291 714 1492 768 divina:
1527 712 1828 767 creatiouis
1867 729 2009 783 opus
2037 724 2140 768 est.
2164 714 2316 786 Opus

743 818 926 862 autent
972 805 1173 859 divina:
1200 805 1518 868 creationis,
1570 805 1736 858 etiam
1796 804 1955 859 valde
1997 805 2203 860 bonum
2249 820 2315 860 ac

743 897 1032 965 pulchrum
1065 905 1170 957 est,
1198 898 1351 967 juxta
1397 912 1610 958 vocem,
1656 911 1779 964 qua:
1818 897 1896 950 ait
1931 913 1944 948 :
2002 896 2136 950 Vidit
2175 897 2314 951 Deus

741 997 932 1041 cuneta
962 1004 1082 1058 qua:
1120 988 1285 1058 398
1309 989 1530 1056 fecerat,
1575 996 1623 1039 et
1663 1003 1779 1040 ecce
1831 987 1969 1041 bona
2005 986 2179 1053 ualde,
2211 1003 2311 1043 seu

741 1081 963 1151 pulchra
985 1081 1055 1134 ⁹⁹.
1078 1081 1189 1136 Lex
1209 1089 1414 1143 autem,
1447 1095 1572 1134 eum
1597 1080 1750 1134 velut
1801 1078 2167 1144 immundum,
2214 1095 2314 1150 per

741 1174 1244 1234 circumcisionem,
1299 1172 1628 1242 praeputium
1674 1171 2069 1242 amputandum
2101 1172 2314 1243 jubeat,

741 1266 912 1320 Deum
948 1279 1090 1334 opus
1117 1279 1278 1318 suum
1308 1272 1427 1319 arte
1449 1263 1832 1319 emendantem
1881 1262 2126 1330 inducit;
2167 1263 2314 1333 quod

741 1357 825 1412 vel
864 1357 1103 1426 cogitatu
1135 1356 1522 1426 impiissimum
1550 1363 1654 1409 est.
1712 1354 1886 1424 Igitur
1919 1355 2015 1423 qui
2048 1355 2317 1424 legalibus

740 1449 912 1519 signis
941 1459 1132 1504 natura
1154 1449 1394 1504 animum
1411 1446 1654 1505 adhibet.
1678 1445 1781 1500 hoc
1804 1445 1974 1509 novit,
1993 1445 2185 1510 Deum,
2204 1461 2315 1500 non

739 1551 858 1596 arte
889 1542 1183 1597 emendare
1213 1551 1484 1603 naturam,
1509 1539 1604 1595 sed
1640 1538 1830 1610 jubere
1860 1546 1920 1592 ut
1944 1546 2154 1608 partem
2177 1537 2313 1592 aﬁ‘e-

741 1634 926 1690 ctibus
939 1635 1253 1697 obnoxiam,
1271 1648 1392 1702 qua:
1415 1632 1612 1686 rationi
1630 1638 1804 1702 paret,
1817 1630 2309 1695 circumeidamus;

2417 531 2728 602 φθοροποιῷ
2768 534 3122 605 συνυπάρχει.

2488 624 2553 678 λ’.
2588 625 2823 678 ⁴Ινυσικδν
2862 627 2897 696 ἡ
2919 625 3278 697 ἀκροϐυστία,
3314 627 3469 697 φησί’
3497 628 3604 681 πᾶν
3627 627 3685 680 δὲ
3734 629 3994 696 φυσικὸν,

2418 714 2569 778 Θείας
2597 715 2758 785 ἔργον
2785 715 3149 787 δημιουργίας
3175 717 3343 770 ἐστίν.
3370 719 3527 772 Ἐστι
3562 719 3620 772 δὲ
3647 717 3798 782 θείας
3830 720 3999 789 ἔργον

2418 805 2779 876 δημιουργίας
2833 807 2929 860 καὶ
2975 807 3093 861 λίαν
3143 807 3329 872 καλὸν,
3361 809 3504 863 κατά
3545 810 3644 881 τὴν
3677 811 3999 879 φάσκουσαν

2417 899 2601 969 φωνήν
2627 914 2640 928 ο
2680 893 2857 952 Εἷδεν
2889 901 2923 954 δ
2953 900 3097 966 Θεὸς
3139 900 3338 954 πάντα
3397 900 3515 954 ὅσα
3571 902 3858 968 ἐποίησε,
3892 904 3993 955 καὶ

2417 987 2548 1042 ίόοὺ
2580 988 2736 1044 καλὰ
2760 989 2921 1044 .llar.
2981 991 3041 1045 Ὀ
3068 991 3125 1046 δὲ
3169 992 3332 1061 νόμος
3351 1033 3366 1058 ,
3389 994 3467 1057 ὡς
3495 993 3804 1062 ἀκάθαρτον
3842 1010 3999 1063 περιο

2415 1079 2690 1151 αιρεῖσθαι
2720 1080 2958 1134 κελεύων
2995 1082 3098 1154 τὴν
3127 1082 3500 1154 ἀκροϐυστίαν
3535 1083 3624 1137 διὰ
3660 1085 3996 1153 περιτομῆς,

2413 1170 2507 1223 τὸν
2532 1170 2667 1223 Θεὸν
2692 1173 2904 1240 είσάγει
2933 1171 3022 1225 διά
3049 1174 3246 1244 τέχνης
3275 1174 3338 1228 τὸ
3376 1174 3578 1227 οἰκεῖον
3609 1175 4000 1245 διορθούμενον

2415 1261 2577 1334 εργον
2599 1278 2613 1293 ⁸
2641 1263 2777 1336 ὅπερ
2814 1264 2909 1318 καὶ
2936 1265 3134 1319 ἐννοεῖν
3165 1266 3548 1322 ἀσεϐέστατον.
3581 1266 3791 1320 Οὐκοῦν
3824 1269 3854 1320 ό
3880 1270 3999 1330 τοῖς

2418 1353 2702 1425 συμϐόλοις
2733 1354 2848 1408 τοῦ¹
2878 1356 3044 1426 νόμου
3084 1357 3331 1426 φυσικῶς
3374 1359 3705 1421 ὲπιϐἀλλων,
3740 1354 3887 1412 οἶδεν
3918 1359 4002 1421 ὡς

2414 1444 2479 1498 οὐ
2503 1445 2603 1516 τὴν
2637 1443 2799 1512 φύσιν
2824 1445 2852 1498 ό
2878 1445 3011 1510 Θεὸς
3033 1447 3338 1518 διορθοῦται
3364 1448 3452 1502 διὰ
3479 1451 3579 1520 τῆς
3608 1451 3830 1521 τέχνης,
3857 1450 3999 1502 ἀλλά

2417 1537 2477 1592 τὸ
2504 1538 2782 1600 ἑπιπειθὲς
2808 1538 2950 1610 λόγῳ
2972 1541 3075 1608 τῆς
3121 1541 3298 1612 ψυχῆς
3329 1542 3631 1613 παθητικὸν
3669 1545 3999 1614 περιτέμνε-

2420 1628 2542 1682 σθαι
2564 1628 2796 1696 κελεύει,
2828 1630 2889 1684 τὸ
2917 1630 3002 1685 διὰ
3033 1635 3129 1685 τοῦ
3155 1635 3472 1702 σωματικοῦ
3506 1635 3698 1705 μορίου
3737 1636 3998 1699 τυπικῶς

743 1728 904 1796 cujus
941 1725 993 1780 id
1021 1723 1328 1804 membrum
1385 1723 1556 1794 ﬁgura
1605 1731 1710 1777 est.
1748 1721 1900 1776 llanc
1955 1721 2221 1786 scientiae,
2253 1729 2314 1774 ut

2353 1801 2374 1804 Α
2417 1718 2742 1790 δηλούμενον
2763 1737 2778 1751 ο
2804 1721 2942 1793 ὅπερ
2993 1721 3194 1791 γνῶσις
3223 1724 3313 1778 διὰ
3342 1727 3439 1795 τῆς
3483 1727 3625 1780 κατά
3662 1727 3761 1797 τὴν
3790 1729 3998 1797 πρὶξιν

740 1817 902 1870 fortis
962 1814 1133 1870 animi
1164 1801 1389 1870 actione
1437 1814 1708 1883 deponat,
1765 1819 2144 1879 comparatum
2201 1801 2387 1865 est.“

2339 1801 2387 1860 Β
2414 1811 2668 1882 ἀνδρείας
2715 1812 2814 1883 τῆς
2843 1813 3070 1884 γνώμης
3095 1815 3452 1870 ἀποτίθεσθαι
3485 1819 3748 1883 πέψυκεν.
3795 1817 3854 1871 '0
3885 1819 4003 1887 γὰρ

740 1905 1011 1960 Sacerdos
1042 1905 1189 1960 enim
1218 1903 1640 1966 circumcidens,
1692 1902 1977 1957 scientiam
2017 1899 2309 1971 signiﬁcat,

742 1997 893 2050 velut
934 1996 1103 2060 ferro,
1141 1995 1294 2049 verbi
1331 1993 1565 2048 actionis
1613 1993 1809 2046 robore
1861 1991 2153 2046 adversum
2185 2006 2312 2062 pas-

740 2088 951 2142 sionem
1013 2103 1078 2143 ac
1130 2086 1418 2142 libidinem
1469 2084 1789 2140 accinctam.
1845 2083 2112 2138 Aboletur
2165 2083 2314 2138 enim

737 2180 1042 2250 corporalis
1072 2179 1210 2252 legis
1239 2177 1482 2242 traditio,
1513 2179 1641 2232 dum
1665 2176 1898 2248 spiritus
1938 2175 2136 2231 litterae
2177 2190 2317 2248 prte-

739 2272 905 2326 valet.

807 2363 897 2417 5|.
925 2363 1180 2418 Deﬁnitio
1209 2362 1450 2434 mysticae
1492 2359 1935 2416 circumeisionis
1985 2358 2316 2430 speculatio-

810 2546 900 2602 32.
935 2545 1194 2602 Deﬁnitio
1234 2545 1478 2617 mystica:
1540 2543 1764 2598 Sahbati
1823 2542 2214 2614 lcgislationis;
2259 2541 2315 2596 in

737 2652 846 2708 qua
872 2638 1002 2708 quid
1028 2637 1330 2692 Sabbatum
1378 2637 1452 2690 sit
1501 2635 1730 2706 mystice
1763 2634 2028 2698 ostendit,
2088 2641 2146 2688 et
2195 2648 2318 2703 quae

738 2729 861 2799 ejus
887 2727 1157 2798 spiritalis
1186 2727 1363 2792 ratio;
1396 2741 1594 2794 nempe
1615 2723 1859 2794 requiem
1900 2737 2023 2778 esse
2081 2723 2150 2777 ab
2179 2722 2317 2778 ade-

738 2818 946 2883 ctibus,
981 2818 1293 2888 mentisque
1328 2817 1475 2871 circa
1493 2831 1678 2871 rerum
1703 2824 1957 2870 naturam
1983 2814 2317 2886 agitationis,

738 2910 926 2964 tradit.

812 3001 901 3055 35.
936 2999 1141 3068 Nempe
1173 2998 1366 3053 Deum.

806 3093 897 3147 54.
926 3091 1068 3159 Quid
1090 3090 1401 3160 signiﬁcent
1432 3085 1758 3142 neomeniae.

809 3185 900 3239 35.
931 3183 1187 3238 Deﬁnitio
1205 3196 1424 3236 corona:
1446 3179 1820 3248 benignitatis.

924 3274 1180 3330 Deﬁnitio
1203 3273 1310 3328 alia
1326 3271 1574 3344 ejusdem
1603 3271 1862 3326 subtilior
1885 3285 1949 3326 ac
1980 3271 2155 3341 magis
2201 3268 2314 3339 spi-

740 3367 938 3423 ritalis.

808 3439 897 3492 57.
937 3435 1036 3490 llic
1097 3434 1202 3488 loci
1266 3432 1656 3488 abstinentiam
1728 3430 2094 3485 Providentia:
2173 3445 2314 3498 opus

738 3542 860 3581 esse
903 3526 1076 3586 dicit,
1109 3524 1311 3594 quippe
1375 3521 1465 3576 cui
1513 3528 1891 3590 comparatum
1942 3529 2002 3574 ut
2049 3517 2314 3573 emundet

735 3617 905 3672 animi
970 3616 1123 3670 vitia.
1178 3613 1505 3669 Patientiam
1559 3626 1691 3666 vero
1726 3609 1920 3681 judicii
1985 3625 2127 3678 opus
2167 3623 2310 3673 esse,

735 3709 886 3779 quod
963 3703 1178 3762 scilicet
1232 3702 1619 3759 involuntariis
1691 3699 2089 3756 tentationibus
2165 3699 2315 3754 obsi-

733 3809 863 3857 stat.

803 3896 893 3948 58.
959 3892 1202 3947 Primum
1244 3889 1446 3945 festum
1490 3904 1554 3945 ac
1613 3887 2056 3948 solemnitatem,
2103 3884 2313 3939 Pascha

735 3986 889 4039 dicit.

803 4075 891 4129 39.
948 4073 1267 4129 Secundum
1299 4072 1500 4127 festum
1572 4085 1638 4126 ac
1691 4069 2140 4129 solemnitatem,
2177 4065 2313 4119 dicit

733 4165 1131 4220 l‘enterostem.

804 4259 892 4311 40.
922 4257 1165 4310 Tertium
1184 4263 1363 4318 vocat,
1403 4271 1526 4324 qua:
1558 4267 1745 4308 mense
1780 4253 2014 4322 septimo
2047 4251 2314 4322 propitia-

733 4351 899 4405 tionis
931 4349 1224 4404 celebritas
1257 4348 1541 4416 agebatur.

802 4439 892 4492 41.
927 4439 1173 4492 Observa
1196 4435 1659 4505 quemadmodum
1695 4434 1783 4490 lex
1809 4449 1928 4497 eos,
1986 4431 2081 4503 qui
2117 4447 2311 4502 corpo—

2411 1901 2758 1972 περιτέμνων
2789 1905 2999 1974 ίερεὺς,
3043 1907 3298 1976 σημαίνει
3324 1909 3424 1978 τὴν
3459 1909 3680 1976 γνῶσιν.
3704 1909 3807 1979 τὴν
3836 1909 3998 1976 ἐκου-

2415 2006 2516 2044 σαν
2549 1992 2802 2062 καθάπερ
2825 1993 3042 2064 σίδηρον
3064 1995 3205 2048 κατά
3227 1996 3323 2050 τοῦ
3357 1998 3556 2060 πάθους
3577 1998 3674 2068 τὴν
3705 1998 3800 2051 τοῦ
3831 1998 3999 2065 λόγου

2413 2081 2556 2136 κατά
2585 2082 2686 2152 τὴν
2723 2083 2923 2153 πρᾶξιν
2955 2085 3226 2156 ἀνδρείαν.
3272 2087 3619 2156 Ἀφανξζεται
3653 2088 3782 2157 γοῦν
3817 2091 3850 2159 ἡ
3886 2106 3998 2142 mu-

2417 2174 2620 2246 ματικὴ
2673 2173 2767 2228 τοῦ
2821 2175 2986 2246 νόμου
3039 2178 3377 2249 παράδοσις,
3423 2181 3877 2245 πλιονεκτυῦντος
3933 2183 3999 2234 τδ

2415 2265 2648 2336 γράμμα
2683 2265 2778 2319 τοῦ
2816 2269 3150 2337 πνεύματος.

2486 2353 2588 2411 λα’.
2621 2357 2786 2427 Ὅρος
2839 2357 2940 2428 τῆς
2977 2359 3119 2412 κατά
3168 2361 3476 2432 περιτομὴν
3535 2363 3806 2432 μυστικῆς
3854 2362 3993 2417 θεω-

2420 2443 2562 2516 ρίας.

2487 2534 2586 2606 λβ’.
2625 2537 2790 2609 Ὅρος
2816 2538 2916 2610 τῆς
2963 2540 3107 2594 κατά
3143 2541 3422 2595 Σάϐϐατον
3466 2545 3735 2615 μυστικῆς
3775 2549 3996 2615 νομοθεο

2423 2628 2567 2695 σίας,
2599 2631 2658 2684 ὲν
2687 2624 2752 2700 ᾧ,
2776 2631 2829 2684 τί
2867 2631 2928 2685 τὸ
2961 2632 3236 2688 Σάϐϐατόν
3296 2636 3433 2698 ἐστι,
3467 2634 3764 2706 παρίστησι
3803 2654 3994 2708 puer:-

2417 2719 2551 2783 κῶς,
2585 2720 2679 2772 καὶ
2709 2720 2793 2783 τίς
2819 2723 2849 2774 ὁ
2887 2722 3010 2774 κατ’
3032 2721 3164 2776 αὐτὸ
3220 2722 3590 2791 πνευματικὸς
3631 2722 3788 2790 λόγος
3824 2726 3995 2788 ἐστὶν,

2417 2811 2498 2865 ὅτι
2520 2811 2709 2866 παθῶν
2737 2814 2830 2866 καὶ
2857 2813 2958 2884 τῆς
2981 2815 3110 2885 περὶ
3139 2814 3238 2886 τὴν
3265 2813 3430 2883 φύσιν
3453 2814 3562 2868 τῶν
3585 2815 3755 2869 όντων
3779 2817 3880 2871 τοῦ
3903 2819 3996 2870 νοῦ

2420 2901 2686 2972 κινήσεώς
2719 2905 2864 2955 ἐστιν
2902 2905 3226 2968 ἀνάπαυσις.

2481 2993 2582 3062 λγθ.
2617 2993 2751 3046 Θεὸν
2774 2994 2932 3065 δῆλον
2957 2996 3060 3050 ὅτι.

2492 3083 2582 3137 λδ’.
2620 3084 2685 3137 Τί
2721 3085 3078 3156 σημαίνουσιν
3115 3089 3170 3140 al
3193 3090 3498 3158 νεομηνίαι.

2337 3160 2380 3218 C
2479 3173 2575 3229 λε’.
2618 3175 2783 3247 Ὄρος
2805 3177 2900 3230 τοῦ
2940 3179 3207 3245 στεφάνου
3234 3180 3332 3245 τῆς
3356 3183 3746 3252 χρηστότητος.

2483 3265 2593 3330 λς’.
2636 3267 2828 3331 Ἀλλος
2853 3268 2980 3338 ὅρος
3003 3269 3098 3322 τοῦ
3128 3269 3294 3326 αὑτοῦ
3319 3271 3745 3344 μυστικώτερος.

2484 3442 2583 3505 λζ’.
2636 3443 2901 3497 Ἐνταῦθα
2953 3444 3052 3515 τὴν
3086 3447 3413 3516 ἐγκράτειαν
3454 3446 3615 3519 ἔργον
3666 3444 3814 3503 εἶναι
3845 3451 3998 3520 λέγει

2413 3535 2511 3604 τῆς
2542 3535 2824 3605 Προνοίας,
2843 3536 2918 3600 ὡς
2941 3537 3049 3590 τῶν
3077 3539 3372 3609 γνωμικῶν
3397 3541 3733 3614 καθαρτικὴν
3766 3543 3994 3598 παθῶν⁶

2411 3624 2510 3696 τὴν
2541 3626 2818 3695 ὑπομονὴν
2842 3627 2898 3680 δὲ
2931 3628 3032 3698 τῆς
3070 3629 3306 3699 κρίσεως
3353 3627 3492 3686 εἷναι
3523 3633 3862 3706 κατόρθωμά
3893 3651 4002 3706 φη-

2415 3734 2498 3771 σιν
2524 3758 2538 3783 ,
2568 3718 2643 3782 ὡς
2689 3721 2802 3783 τοῖς
2831 3721 3105 3785 ἀκουσίοις
3138 3722 3602 3794 ἀντιτασσομινην
3637 3730 3997 3798 πειρασμοῖς.

2482 3895 2585 3948 λη’.
2622 3894 2852 3967 Πρώτην
2882 3896 3096 3968 ἑορτὴν,
3123 3896 3184 3950 τδ
3212 3899 3404 3966 Πάσχα
3425 3899 3594 3967 λέγει.

2483 4065 2580 4122 λο’.
2611 4069 2880 4140 Δευτέραν
2901 4071 3096 4142 ἑορτὴν
3117 4071 3262 4141 λέγει
3288 4074 3386 4146 τὴν
3408 4077 3810 4146 Πεντηκοστήν.

2487 4245 2560 4316 μ’.
2595 4247 2796 4317 Τρίτην
2833 4245 2979 4314 λέγει
3009 4285 3024 4310 ,
3065 4247 3166 4318 τὴν
3211 4249 3270 4301 ἐν
3305 4247 3518 4320 ἑϐδόμῳ
3568 4250 3720 4320 μηνὶ,
3755 4251 3858 4322 τὴν
3895 4254 3994 4309 τοῦ

2425 4338 2701 4392 Ἵλασιιοῧ.

2487 4357 2569 4391 tata
2617 4357 2701 4392 ου.

2487 4357 2615 4499 per
2637 4429 2857 4496 Σκόπει,
2883 4429 3001 4494 πῶς
3027 4429 3057 4482 ὁ
3093 4431 3256 4502 νόμος
3285 4431 3548 4486 ἀπόλλυσι
3579 4435 3705 4498 τοὺς
3725 4435 3995 4501 νοοῦντας

733 4530 924 4583 raliter
958 4543 1079 4582 eam
1104 4528 1438 4598 intelligunt,
1470 4526 1698 4582 interitu
1728 4534 1960 4595 mergat,
2003 4540 2126 4594 qua:
2153 4523 2311 4577 vide-
2336 4530 2387 4590 υ

2336 4530 2387 4590 υ
2413 4521 2574 4574 αὑτὸν
2633 4520 2983 4590 σωματικῶς,
3012 4523 3079 4592 τῇ
3135 4522 3310 4575 κτίσει
3355 4521 3639 4593 λατρεύειν
3700 4527 3857 4594 παρά
3890 4527 3990 4580 τὸν

733 4620 860 4674 licet
887 4628 1082 4673 auctor
1103 4621 1356 4680 exsistat,
1383 4627 1444 4672 ut
1459 4619 1630 4689 magis
1649 4628 2113 4686 creaturae,quam
2144 4616 2308 4670 Crea-

733 4713 838 4766 tori
885 4714 1191 4776 serviatur;
1225 4721 1278 4765 et
1325 4721 1383 4765 ut
1431 4710 1787 4765 veneratione
1837 4709 2097 4778 cultuque
2143 4705 2306 4777 digna

731 4803 1071 4866 existiment,
1131 4817 1256 4871 qua:
1316 4811 1540 4871 propter
1581 4800 1706 4854 illos
1759 4808 1944 4852 creata
1973 4805 2120 4859 sunt,
2151 4795 2304 4848 illum

733 4892 1074 4961 ignorantes,
1119 4901 1344 4961 propter
1367 4907 1533 4960 quem
1577 4890 1678 4959 ipsi
1712 4889 2061 4943 exstiterunt.

803 4984 895 5038 ις’..
923 4983 1214 5049 Quomodo
1247 4984 1388 5037 Deus
1425 4982 1724 5036 Sabbatum
1756 4990 1859 5035 est.

815 5071 904 5124 45.
982 5071 1267 5137 Quomodo
1340 5071 1484 5124 Deus
1530 5071 1695 5125 etiam
1754 5068 1960 5124 Pascha
2016 5067 2304 5138 mysticum

728 5171 836 5215 est.

801 5252 890 5306 Μ.
918 5250 1063 5305 Festi
1092 5252 1448 5307 Pentecostcs
1477 5252 1820 5322 mysterium,
1854 5251 1908 5304 in
1936 5266 2048 5320 quo
2079 5250 2308 5321 mystice

726 5358 919 5396 eorum
941 5359 1062 5411 qua:
1097 5343 1478 5413 signiﬁcantur
1511 5343 1815 5413 spiritalem
1848 5341 1959 5396 vim
1985 5341 2300 5397 abstrusius

727 5433 935 5496 Cocttit,
959 5433 1091 5487 dum
1129 5433 1505 5489 Pentecostem
1548 5436 1716 5490 Deum
1744 5434 2054 5504 appellavit.
2091 5433 2298 5499 Quem-

726 5524 1020 5579 admodum
1091 5526 1240 5581 enim
1292 5542 1506 5592 monas,
1572 5543 1694 5598 qua:
1783 5526 1998 5581 stabilis
2055 5535 2295 5592 maneat,

785 5697 826 5725 ’¹’
865 5699 1001 5755 ὠειι.
1031 5715 1070 5764 1,
1104 5701 1194 5757 51.

2411 4612 2674 4666 κτίσαντα
2713 4611 2915 4666 πείθων
2939 4629 2952 4644 ·
2982 4613 3077 4666 καὶ
3119 4612 3368 4684 ἡγεῖσθαι
3406 4613 3566 4683 φύσει
3606 4617 3784 4670 σεπτά
3814 4617 3885 4671 τά
3911 4619 3991 4671 δι’

2411 4704 2606 4766 αὐτοὺς
2639 4703 2920 4771 γεγονότα,
2945 4703 3032 4756 τὸν
3056 4703 3124 4757 δι’
3158 4704 3217 4758 ὃν
3265 4704 3419 4758 αὐτοὶ
3463 4706 3756 4776 γεγόνασιν
3785 4709 3994 4778 ἀγνοή-

2412 4813 2627 4860 σαντας.

2483 4973 2594 5044 μβ’.
2629 4973 2754 5036 Πῶς
2787 4973 2902 5026 ἐστι
2934 4971 3210 5026 Σάϐϐατον
3240 4974 3268 5026 ό
3304 4973 3454 5038 Θεός.

2484 5073 2595 5136 μγ’.
2634 5067 2756 5128 Πῶς
2781 5067 2808 5118 ὁ
2835 5065 2964 5127 Θεὸς
3006 5065 3098 5117 καὶ
3122 5066 3312 5136 Πάσχα
3335 5068 3450 5120 ἐστὶ
3481 5070 3767 5139 μυστικὸν.

2483 5248 2586 5318 μδ’.
2620 5247 2932 5318 Μυστήριον
2957 5247 3056 5317 τῆς
3081 5249 3222 5303 κατά
3245 5248 3344 5320 τὴν
3357 5252 3740 5326 Πεντηκοστήν
3762 5255 3989 5329 ἑορτῆς,

2409 5340 2466 5392 ὲν
2495 5331 2540 5405 ᾧ
2590 5338 2865 5408 μυστικῶς
2900 5337 2998 5410 τὴν
3043 5339 3151 5392 τῶν
3191 5340 3539 5413 δηλουμένων
3599 5349 3991 5421 πνευματικὴν

2405 5431 2832 5502 ὲμυσταγώγησε
2859 5429 3214 5502 δύναμιν.τὸν
3243 5433 3375 5488 Θεὸν
3405 5436 3784 5509 Πιντηκοστὴν
3810 5455 3991 5510 προσο

2403 5525 2728 5596 αγορεύσαςο
2761 5524 2850 5589 Ὧς
2877 5525 2985 5597 γὰρ
3013 5527 3045 5597 ἡ
3080 5527 3249 5596 μονὰς
3284 5529 3547 5600 στάσιμος
3573 5530 3810 5600 μένουσα
3836 5533 3993 5603 μετὰ
