4218 6432
253 412 357 477 ’181

1303 400 1792 474 ΟῐῙιΕΒΤῘΟΝΕΒ
1829 400 1928 459 AD
1963 400 2469 464 TIIALASSIUM.

3386 402 3493 468 782

258 520 363 591 τὴν
387 520 469 581 εἰς
499 514 700 587 ἑαυτὴν
734 510 1099 584 ἒϐὼματικὴν
1148 510 1248 580 τῆς
1296 508 1589 577 ἑϐδομάδος
1623 506 1826 559 συνέλι-
1854 513 1898 568 Α

1854 513 1898 568 Α
1930 520 2053 576 post
2086 510 2448 579 septimanam
2474 510 2790 579 septenario
2810 509 3181 575 convolutam,
3230 509 3494 567 Penteco—

262 612 371 676 ξιν,
400 608 739 663 ἀποτελοῦσα
779 605 879 675 τὴν
924 601 1302 672 Πεντηκοστήν
1324 616 1339 629 ·
1382 598 1478 652 καὶ
1507 599 1668 652 πάλιν
1708 600 1827 659 ταῖς

264 703 350 765 εἰς
403 700 577 770 αὐτὴν
620 697 904 768 προσόδοις
952 693 1212 763 γινομένη
1266 690 1427 755 δεκὰς
1451 690 1539 743 διὰ
1570 690 1828 751 πεντάδος

266 789 784 859 ίσοπλασιασθείσης
828 786 968 855 αὐτῇ
1026 784 1255 836 ποιοῦσα
1287 782 1388 850 τὴν
1426 780 1826 851 Πεντηκοστὴν,

261 881 411 952 ἀρχὴ
436 880 531 933 καὶ
567 878 719 940 τέλος
765 877 882 928 ἐστὶ
933 873 1042 925 τῶν
1087 872 1286 941 ἑαυτῆς
1313 887 1328 898 ·
1357 870 1417 923 τὸ
1452 870 1581 939 μὲν,
1607 869 1683 930 ὡς
1724 866 1830 935 πρὸ

266 972 470 1034 παντὸς
516 968 717 1022 ποσοῦ·
752 967 814 1019 τὸ
850 964 931 1028 δὲ,
954 964 1032 1027 ὡς
1064 962 1208 1032 ὑπὲρ
1254 960 1420 1013 ποσόν
1446 978 1459 989 ·
1491 958 1634 1011 οὕτω
1671 958 1766 1011 καὶ
1800 957 1830 1008 ό

262 1063 422 1126 Θεὸς,
441 1056 487 1128 ᾧ
505 1059 603 1131 τὴν
624 1057 827 1129 μονάδα
854 1053 1241 1109 ωτέίκασίαν
1267 1049 1501 1121 τυπικὴν
1547 1049 1830 1117 ἀναλογεῖν

263 1154 491 1222 ἔφησεν,
524 1150 668 1221 ἀρχὴ
698 1150 795 1200 καὶ
844 1146 999 1208 τέλος
1030 1145 1151 1196 ἐστὶ
1178 1142 1287 1195 τῶν
1311 1142 1507 1203 όντων,
1536 1141 1629 1193 καὶ
1652 1140 1829 1208 λόγος,

256 1238 310 1312 ᾧ
336 1245 407 1298 τὰ
440 1243 615 1296 πάντα
662 1238 1027 1307 συνέστηκενο
1057 1234 1205 1305 ἀρχὴ
1241 1234 1364 1304 μὲν,
1397 1234 1481 1286 ὅτι
1515 1232 1622 1302 πρὸ
1650 1230 1831 1299 πάσης

261 1336 457 1397 οὐσίας
490 1333 606 1386 ἐστὶ
634 1334 731 1385 καὶ
753 1332 1055 1399 κινήσεωςο
1076 1326 1232 1389 τέλος
1256 1326 1334 1391 δὲ,
1363 1326 1446 1379 ὅτι
1473 1324 1615 1394 ὑπὲρ
1650 1325 1833 1377 πᾶσαν

262 1428 456 1481 οὐσίαν
485 1426 578 1477 καὶ
605 1426 846 1493 κίνησιν·
864 1422 1022 1489 λόγος
1046 1419 1128 1486 δὲ,
1148 1418 1233 1472 ὃτι
1259 1418 1477 1471 πάντων
1502 1414 1620 1468 κατ’
1652 1414 1833 1467 αἰτίαν

263 1517 623 1587 προνοητικός
664 1517 833 1576 ἐστιν,
870 1512 951 1575 ὡς
993 1510 1130 1581 πρὸς
1158 1508 1520 1578 ὑποκείμενον
1546 1502 1685 1570 εἶδος
1713 1522 1835 1557 συν-

257 1611 387 1679 οχὴ,
422 1608 544 1661 καθ’
582 1609 653 1677 ἢν
678 1605 789 1657 τῶν
808 1605 978 1657 όντων
997 1603 1227 1655 ἕκαστον
1248 1600 1364 1670 εχει
1392 1599 1491 1670 τὴν
1518 1600 1577 1652 ἐν
1604 1596 1681 1667 τῷ
1708 1597 1837 1649 tam

262 1705 364 1758 τοῦ
421 1702 567 1770 λόγῳ
622 1695 899 1767 διαμονήν.
934 1696 1105 1746 Ὅταν
1152 1689 1249 1746 οὖν
1296 1690 1506 1744 λάϐωσι
1559 1688 1736 1758 πέρας
1782 1688 1832 1740 οἰ

265 1794 451 1865 χρόνοι
496 1792 590 1846 καὶ
620 1792 675 1842 οἱ
707 1786 939 1848 αἰῶνες.
974 1779 1057 1848 οἷς
1106 1783 1392 1850 ἀναλογεῖν
1431 1780 1531 1850 τὴν
1564 1778 1834 1848 ἑϐδομάδα

265 1883 438 1951 φησιν
464 1921 479 1945 ,
509 1880 673 1943 αὐτὸς
722 1878 879 1931 ἔσται
924 1875 1048 1928 τότε
1110 1873 1419 1944 μονώτατος
1457 1873 1487 1924 ό
1524 1870 1676 1934 Θεὸς,
1708 1869 1833 1939 δίχα

265 1971 368 2042 τῆς
386 1970 496 2023 τῶν
520 1970 623 2022 οὐκ
649 1969 802 2027 ἀνευ.
830 1965 1096 2028 τουτέστι,
1120 1964 1301 2016 τόπων
1325 1963 1422 2018 καὶ
1451 1962 1657 2033 χρόνων
1680 1976 1835 2028 μεσι-

266 2064 444 2125 τείας,
470 2060 793 2129 συγκροτῶν
823 2059 894 2111 δι’
922 2062 1021 2114 ὲαυ
1032 2054 1120 2109 τοῦ
1141 2054 1267 2107 καθ’
1298 2054 1493 2108 ἕνωσιν
1525 2050 1702 2122 ἀληθῆ
1723 2050 1835 2103 τῶν

263 2155 438 2207 ϐντων
465 2156 522 2205 ἐν
557 2154 667 2214 τᾶς
701 2149 1027 2220 σωζομένοις
1056 2146 1320 2218 ὓπαρξιν·
1349 2147 1518 2214 ἦγουν
1547 2142 1646 2215 τὴν
1674 2141 1836 2211 φύσιν

266 2251 372 2319 τὴν
423 2247 679 2317 γενητὴν,
699 2246 766 2314 ἦν
797 2247 864 2313 τῇ
896 2242 1116 2295 πεντάδι
1161 2240 1527 2311 παρείκασεν,
1561 2237 1624 2289 ού
1675 2235 1836 2307 μόνον

262 2337 358 2390 διὰ
384 2338 485 2399 τὰς
513 2335 813 2405 αἰσθήσεις,
827 2328 918 2396 αἷς
949 2332 1282 2385 ὑποπίπτειν
1305 2329 1570 2397 πέφυκεν,
1587 2326 1720 2381 ἀλλὰ
1745 2326 1836 2380 διὰ

266 2429 372 2499 τὴν
392 2426 686 2496 καθολικὴν
711 2425 1043 2495 ἐπιστήμην,
1070 2424 1197 2493 ἥτις
1240 2424 1300 2474 ὲν
1322 2424 1389 2490 τῇ
1417 2418 1705 2491 περιλήψει
1736 2421 1836 2488 τῆς

266 2520 381 2573 τῶν
400 2519 599 2590 νοερῶν
630 2536 692 2570 τε
715 2519 811 2571 καί
840 2516 1093 2584 λογικῶν,
1133 2512 1467 2584 αἰσθητικῶν
1493 2528 1555 2564 τε
1580 2512 1675 2564 καὶ
1708 2510 1837 2573 ζὼν·

268 2629 403 2676 των,
432 2615 523 2665 καὶ
544 2612 713 2663 ὄντων
738 2611 1041 2663 ἄπταιστον
1064 2607 1373 2676 καθέστηκε
1395 2602 1670 2672 γνώσεως.
1694 2603 1836 2655 Οὐκ-

268 2703 371 2757 οῦν
398 2702 665 2757 παύσεταί
690 2718 844 2764 ποτε,
872 2701 973 2769 τῆς
1006 2716 1065 2752 τε
1096 2698 1236 2752 κατὰ
1261 2698 1426 2751 τόπον
1451 2696 1717 2760 στάσεως,
1746 2694 1839 2747 καὶ

266 2795 374 2865 τῆς
398 2796 541 2848 κατὰ
566 2793 756 2865 χρόνον
782 2791 1069 2860 κινήσεως,
1095 2788 1171 2849 ὼς
1195 2788 1336 2858 ὑπὲρ
1357 2786 1427 2840 τὰ
1450 2786 1519 2841 δι’
1547 2786 1720 2855 αὐτὴν
1742 2801 1837 2853 γε-

266 2886 472 2955 γονότα
494 2873 779 2955 (τουτέστι,
802 2882 968 2935 τόπον
995 2881 1091 2933 καὶ
1122 2879 1335 2949 χρόνον)
1356 2878 1447 2933 διὰ
1469 2878 1568 2947 τῆς
1588 2876 1725 2946 πρὸς
1747 2874 1838 2929 τὸν

266 2979 430 3039 Θεὸν,
456 2976 524 3029 δι’
554 2976 616 3028 ὃν
636 2975 732 3027 καὶ
755 2973 1001 3041 γέγοπν,
1024 2968 1259 3039 ἀληθοῦς
1298 2967 1595 3035 συναφείας
1629 2967 1689 3019 ἐν
1724 2967 1839 3027 τοῖς

1928 610 2065 655 stem
2100 601 2376 667 elﬁciens;
2415 616 2482 655 ac
2525 616 2739 667 rursus,
2796 604 2913 657 suis
2962 602 3078 672 ipsa
3139 601 3377 657 cumulis
3426 603 3496 657 ad

1927 710 2156 763 eamque
2171 694 2588 749 accessionibus
2623 694 2788 748 decas
2823 694 3035 758 eﬁ‘ecta,
3055 710 3155 765 per
3180 694 3497 764 quinarium

1927 783 2101 854 aequis
2126 784 2206 838 illi
2237 784 2488 853 partibus
2516 783 2966 853 multiplicatum,
2999 784 3377 840 Pentecostem
3409 784 3501 838 iti-

1928 876 2054 931 dem
2094 877 2352 939 reddens,
2381 891 2606 931 suorum
2639 875 2976 946 principium
3010 890 3073 929 ac
3094 874 3220 929 ﬁnis
3238 877 3451 931 exsistit
3480 894 3496 941 ;

1928 969 2188 1034 alterum,
2220 977 2281 1022 ut
2315 976 2526 1038 quanto
2573 969 2722 1023 omni
2756 968 3036 1032 anterior;
3065 967 3298 1021 alterum
3342 984 3497 1033 vero,

1930 1067 1992 1113 ut
2018 1074 2087 1113 eo
2106 1060 2380 1129 superior.
2413 1060 2489 1113 Ita
2534 1066 2592 1113 et
2632 1059 2798 1123 Deus,
2832 1059 2921 1113 cui
2950 1058 3121 1129 ﬁgura
3155 1056 3393 1127 quadam
3436 1074 3503 1112 ac

1930 1150 2293 1205 similitudine
2317 1151 2605 1205 monadem
2650 1150 3007 1220 proportione
3050 1150 3385 1220 respondere
3414 1149 3502 1203 di-

1930 1239 2032 1303 xit,
2062 1254 2246 1293 rerum
2274 1240 2607 1310 principium
2635 1252 2701 1295 ac
2732 1238 2858 1293 ﬁnis
2886 1239 3124 1303 exsistit,
3148 1254 3214 1295 ac
3236 1239 3499 1305 Verbum,

1932 1343 2043 1397 quo
2065 1336 2263 1383 cuncta
2281 1329 2595 1384 consistunt
2622 1344 2688 1382 ac
2717 1328 2939 1383 condita
2971 1338 3122 1383 sunt.
3163 1329 3502 1398 Principium

1930 1421 2173 1491 quidem,
2205 1421 2352 1492 quod
2380 1430 2508 1477 ante
2542 1436 2762 1477 omnem
2798 1422 3159 1476 substantiam
3186 1431 3504 1492 motumque

1931 1522 2045 1580 est;
2078 1514 2202 1570 linis
2228 1522 2433 1579 autem,
2463 1515 2611 1585 quod
2672 1515 2985 1570 substantia
3037 1516 3188 1569 omni
3239 1524 3505 1584 motuque

1932 1606 2186 1675 superior
2206 1614 2311 1661 est.
2346 1606 2586 1660 Verbum
2642 1614 2824 1661 autem
2870 1621 2936 1661 ac
2986 1606 3146 1670 ratio,
3186 1607 3332 1676 quod
3379 1606 3504 1660 uni-

1931 1696 2110 1750 versis
2142 1705 2203 1749 ut
2248 1706 2441 1751 auctor
2490 1698 2798 1766 provideat,
2856 1698 3115 1767 quodque
3159 1699 3214 1752 in
3255 1699 3502 1768 subjecta

1934 1787 2118 1857 specie
2145 1787 2431 1857 formaque
2466 1790 2746 1842 contineat
2772 1804 2837 1843 ac
2862 1798 3149 1843 conservet
3174 1802 3189 1853 ;
3222 1803 3331 1857 quo
3356 1788 3505 1842 illius

1933 1892 2163 1933 munere
2188 1894 2277 1932 res
2308 1878 2535 1948 singula:
2580 1879 2633 1932 in
2678 1893 2775 1933 sua
2838 1879 3050 1933 ratione
3107 1879 3504 1947 perennitatem

1936 1968 2157 2023 habent.
2185 1969 2288 2025 Ubi
2321 1969 2490 2039 igitur
2516 1978 2764 2039 tempora
2792 1985 2857 2025 ac
2884 1970 3080 2024 saecula
3128 1971 3292 2023 ﬁnem
3343 1984 3506 2023 acce-

1932 2060 2135 2130 perint,
2160 2061 2363 2130 quibus
2387 2070 2535 2115 certa
2583 2061 2817 2129 quadam
2873 2064 3085 2114 ratione
3143 2061 3502 2129 septimanam

1935 2150 2270 2220 respondere
2289 2150 2444 2215 dicit,
2469 2150 2583 2220 ipse
2607 2159 2719 2204 tum
2747 2152 2888 2205 Deus
2912 2150 3378 2221 singularissimus
3401 2153 3508 2205 erit

1932 2241 2144 2311 absque
2170 2241 2255 2306 iis,
2291 2243 2411 2297 sine
2451 2242 2655 2311 quibus
2703 2258 2811 2295 non
2845 2242 3053 2313 (nullis
3104 2242 3314 2297 scilicet
3347 2242 3503 2305 locis,

1934 2333 2541 2404 nullisqucinterjectis
2582 2333 2966 2405 temporibus)
3014 2350 3045 2389 a
3100 2349 3158 2389 se
3208 2335 3354 2404 ipse,
3408 2350 3509 2403 per

1934 2440 2122 2478 veram
2162 2441 2346 2479 rerum
2376 2427 2658 2489 unionem,
2685 2426 2739 2479 in
2785 2426 2852 2479 iis
2879 2426 2974 2494 qui
3004 2426 3180 2480 salute
3209 2426 3506 2488 donantur,

1937 2515 1991 2569 id
2013 2516 2160 2584 quod
2209 2516 2485 2571 exsistunt
2534 2531 2870 2570 conservans
2911 2530 2976 2570 ac
3026 2525 3223 2571 tuens:
3255 2524 3507 2570 naturam

1936 2607 2147 2661 scilicet
2170 2616 2430 2671 creatam,
2467 2622 2632 2676 quam
2655 2606 2917 2676 quinario
2946 2622 3177 2660 numero
3223 2622 3510 2677 compara-

1938 2697 2040 2759 vit,
2064 2713 2173 2751 non
2195 2698 2373 2752 solum
2405 2706 2631 2768 propter
2656 2712 2870 2762 sensus,
2899 2698 2954 2752 in
3009 2714 3149 2768 quos
3177 2698 3256 2752 illi
3285 2714 3510 2769 compa-

1938 2796 2115 2843 ratum
2143 2798 2203 2842 ut
2256 2788 2450 2853 cadat,
2502 2788 2597 2843 sed
2639 2789 2804 2843 etiam
2864 2798 3089 2859 propter
3141 2791 3510 2845 universalem

1937 2877 2247 2941 scientiam,
2280 2880 2471 2948 quaain
2504 2879 2769 2933 iuotl‘ensa
2797 2890 3053 2948 certaque
3079 2882 3297 2946 notitia,
3346 2881 3510 2935 intel-

1936 2969 2360 3034 lectu,ratione,
2392 2985 2554 3025 sensu
2615 2970 2837 3039 vitaque
2882 2970 3133 3040 praedita,
3167 2986 3232 3025 ac
3280 2987 3343 3027 ea
3390 2987 3511 3041 quae

272 3065 603 3134 σωζομένοις
628 3063 896 3130 γενομένη
920 3060 1030 3111 τῶν
1054 3060 1223 3111 ὅντων
1253 3059 1287 3128 η
1319 3056 1499 3126 φύσις.
1530 3054 1703 3107 Αὑτὸν
1730 3054 1839 3124 γὰρ

1939 3062 2117 3115 solum
2174 3063 2461 3125 exsistant,
2503 3062 2919 3130 complectente,
2973 3071 3056 3116 est
3103 3062 3301 3132 posita.
3336 3063 3512 3117 Futu-

268 3158 363 3209 τὸν
391 3155 546 3216 Θεδν,
568 3153 711 3205 κατὰ
740 3152 831 3203 τὸν
873 3150 974 3218 τῆς
1014 3148 1273 3219 Προνοίας
1323 3146 1518 3213 λόγον,
1550 3148 1616 3214 τῇ
1659 3143 1839 3196 δεκάδι
1867 3175 1909 3231 c

1867 3175 1909 3231 ρ
1944 3168 2065 3205 rum
2132 3150 2299 3220 igitur
2324 3161 2406 3205 est
2452 3159 2514 3204 ut
2553 3151 2885 3221 quandoque
2915 3160 3094 3206 cesset
3145 3167 3175 3206 a
3232 3152 3419 3222 quiete
3454 3153 3511 3207 in

269 3253 381 3306 τῶν
432 3249 663 3302 ἐντολῶν
692 3248 822 3298 ἴδιον
854 3243 1195 3313 ποιησαμένη
1235 3240 1388 3294 ποιὸν
1422 3238 1720 3310 (τουτέστι,
1744 3237 1843 3306 τῆς

1943 3244 2087 3305 loco,
2115 3258 2178 3295 ac
2212 3251 2362 3296 motu
2394 3243 2447 3295 in
2484 3251 2749 3312 tempore,
2786 3251 3041 3311 tauquam
3089 3242 3198 3298 illis
3239 3244 3510 3314 superior,

270 3346 335 3395 ἐκ
364 3342 588 3411 χάριτος
638 3339 781 3391 κατά
807 3336 906 3406 τὴν
961 3336 1156 3387 θέωσιν
1202 3332 1459 3401 ἰδιότητος
1511 3328 1840 3399 γνώρισμα),

268 3435 370 3504 τῆς
401 3449 462 3484 τε
502 3430 643 3483 κατά
674 3429 774 3499 τὴν
825 3428 1013 3481 στάσιν
1051 3427 1109 3478 ὲν
1153 3425 1305 3492 τόπῳ
1349 3419 1722 3492 περιγραφῆς,
1746 3418 1842 3471 καὶ

267 3526 369 3596 τῆς
402 3527 459 3577 ἐν
493 3523 670 3593 χρόνῳ
706 3521 848 3574 κατά
896 3517 997 3587 τὴν
1026 3518 1243 3587 κίνησιν
1290 3512 1787 3582 ἐλευθερωθήσεται
1822 3525 1837 3542 ·

269 3617 465 3671 στάσιν
486 3614 797 3683 ἀεικίνητον
814 3610 1072 3674 λαϐοῦσα,
1093 3609 1193 3679 τὴν
1216 3608 1520 3679 ἀπέραντον
1546 3604 1654 3657 τῶν
1676 3602 1835 3656 θείων

269 3708 612 3771 ἀπόλαυσιν,
639 3705 737 3757 καὶ
782 3704 999 3773 κίνησιν
1042 3701 1338 3771 στάσιμον,
1371 3699 1470 3769 τὴν
1523 3697 1610 3749 ἐπ’
1655 3696 1838 3757 αὐτοῖς

268 3800 571 3870 ἀκόρεστον
596 3795 799 3868 ὄρεξιν.

1938 3350 2059 3403 qua:
2081 3344 2303 3403 propter
2324 3334 2495 3402 ipsam
2529 3344 2711 3389 creata
2733 3343 2862 3388 sunt
2886 3334 3024 3404 (loca
3049 3334 3258 3389 scilicet
3286 3350 3351 3389 ac
3379 3343 3518 3390 tem-

1939 3424 2094 3493 pora)
2143 3440 2242 3492 per
2274 3440 2457 3478 veram
2488 3440 2611 3478 cum
2644 3425 2755 3478 Deo
2803 3425 3061 3479 unionem
3104 3440 3168 3480 ac
3207 3426 3514 3496 copulatio-

1938 3530 2089 3577 nem,
2124 3524 2348 3584 propter
2371 3530 2535 3584 quem
2568 3526 2626 3570 et
2652 3517 2874 3570 condita
2916 3527 3021 3579 est,
3056 3518 3111 3571 in
3147 3517 3214 3571 iis
3241 3517 3515 3572 exsistens

1939 3621 2127 3659 rerum
2154 3614 2371 3669 natura,
2391 3606 2483 3674 qui
2510 3606 2683 3659 salute
2717 3605 2957 3660 donandi
2990 3612 3174 3659 erunt.
3207 3604 3337 3672 Qua:
3364 3607 3512 3660 enim

1942 3700 2121 3767 ipsum
2152 3698 2323 3751 Deum
2344 3698 2647 3752 secundum
2681 3698 3045 3753 Providentia:
3066 3698 3334 3753 rationem
3358 3715 3514 3751 mar.-

1943 3789 2195 3842 datorum
2226 3787 2430 3841 decade
2459 3788 2737 3856 propriam
2765 3788 2871 3841 sibi
2898 3788 3215 3856 qualitatem
3251 3785 3516 3839 indiderit

268 3894 418 3963 (ejus
441 3890 649 3945 scilicet
667 3902 791 3957 qua:
838 3900 907 3939 ex
945 3882 1118 3954 gratia
1153 3897 1252 3951 per
1290 3877 1693 3934 deiﬁcationem
1737 3885 1844 3939 est,
1884 3878 2237 3947 proprietatis
2296 3884 2482 3929 notam
2504 3884 2669 3943 atque
2709 3875 2942 3944 insigne)
2991 3885 3104 3928 tmn
3136 3890 3167 3928 a
3195 3875 3397 3944 quietis
3457 3876 3510 3929 iu

269 3983 397 4037 loco
428 3976 956 4046 circumscriptione,
983 3984 1098 4027 tum
1117 3981 1319 4026 amotu
1354 3971 1410 4024 in
1435 3980 1681 4038 tempore
1709 3968 1989 4023 liberanda
2014 3978 2117 4032 est,
2145 3967 2293 4039 jugis
2351 3977 2533 4021 motus
2563 3967 2805 4035 quietem
2868 3977 3024 4021 nacta
3045 4008 3059 4030 ,
3129 3965 3514 4023 interminabi-

269 4075 382 4128 lem
434 4069 750 4124 divinorum
800 4066 1117 4120 ﬁnitionem
1141 4102 1159 4128 ,
1213 4070 1533 4130 motumque
1557 4060 1831 4122 stabilem,
1874 4059 2242 4114 insatiabilem
2278 4059 2391 4112 illis
2420 4057 2671 4112 fruendis
2698 4059 3035 4112 aviditatem.

342 4208 449 4261 με.
481 4188 575 4259 Τῷ
606 4186 816 4256 ἑϐδόμῳ
851 4183 983 4253 μηνί
1014 4183 1162 4253 τρεῖς
1197 4181 1333 4233 εἰσιν
1363 4177 1580 4248 ἑορταίο
1603 4177 1841 4244 σαλπίγη

268 4300 388 4351 γων
418 4280 514 4333 καὶ⁵
549 4275 777 4347 ἱλασμοῦ
810 4276 907 4327 καὶ
960 4271 1365 4342 σκηνοπηγίαςο
1392 4264 1469 4323 ῶν
1492 4272 1525 4339 ἡ
1576 4269 1674 4339 μὲν
1708 4268 1834 4321 σάλ-

269 4372 429 4441 πιγξ,
460 4370 626 4439 νόμου
656 4368 754 4421 καὶ
805 4363 1120 4436 προφητῶν,
1153 4364 1247 4415 καὶ
1274 4362 1375 4431 τῆς
1415 4361 1475 4425 ἐξ
1503 4359 1684 4412 αὐτῶν
1734 4376 1836 4430 κη-

2011 4175 2174 4247 299
2205 4175 2291 4230 45.
2332 4174 2515 4228 Mense
2560 4174 2796 4243 septimo
2822 4183 2933 4229 tres
2954 4184 3083 4229 sunt
3111 4175 3508 4234 solemnitatcs.

1942 4269 2219 4332 tubarum,
2267 4266 2674 4337 propitiationis
2717 4277 2774 4321 et
2819 4267 3158 4337 scenopcgiaa
3192 4283 3204 4320 :
3234 4281 3265 4321 e
3308 4266 3510 4336 quibus

1940 4361 2095 4422 tuba,
2128 4359 2265 4429 legis
2288 4374 2351 4415 ac
2365 4358 2779 4428 prophetarum,
2796 4357 2969 4427 iisque
3002 4357 3307 4428 praedicata:
3328 4359 3509 4414 scien-

271 4462 609 4538 ρυττομένης
627 4458 879 4527 γνώσεως
903 4455 1071 4547 τύπος
1096 4453 1264 4547 “fill,
1302 4455 1331 4505 ὁ
1372 4451 1713 4547 δὲ.ίλασμδξν
1741 4452 1838 4547 τῆς
1868 4493 1913 4547 D

1868 4493 1913 4547 Β
1944 4453 2051 4515 tias,
2067 4458 2227 4522 typus
2245 4457 2348 4504 est.
2370 4449 2692 4519 Pr0pitiatio
2715 4457 2917 4508 autem.
2938 4448 3032 4503 Dei
3052 4464 3176 4503 cum
3194 4448 3509 4503 hominibus

268 4554 366 4609 τοῦ
398 4551 535 4606 Θεοῦ
566 4551 703 4621 πρὸς
716 4550 810 4602 τὸν
836 4546 1121 4617 ἄνθρωπον
1149 4544 1241 4598 διὰ
1281 4540 1605 4614 σαρκώσεως
1634 4540 1833 4611 σύμϐο-

268 4647 360 4699 λον
393 4644 629 4714 ὑπάρχει
673 4638 1041 4708 καταλλαγῆς.
1082 4637 1141 4690 ὀ
1182 4635 1292 4705 γὰρ
1340 4632 1538 4695 ὑποδὺς
1581 4631 1841 4693 ἑκουσίως

270 4738 373 4807 τὴν
419 4734 514 4786 τοῦ
549 4729 967 4804 κατακριθέντος
1021 4726 1369 4795 κατάκρισιν,
1418 4722 1697 4775 διελύσατο
1742 4722 1841 4790 τήν

274 4845 411 4881 ποτε
445 4826 581 4897 πρὸς
607 4823 771 4877 αὐτδυ
814 4820 1159 4891 κυρωθείσαν
1203 4817 1422 4889 ἔχθραν.
1466 4814 1529 4866 Ἦ
1574 4814 1629 4865 δὲ
1659 4830 1843 4883 σκηντν

274 4921 472 4991 πηγία,
492 4916 837 4988 προτύπωσίς
870 4916 1017 4967 ἐστιν
1041 4909 1389 4970 ἀναστάσεως
1407 4946 1423 4970 ,
1448 4906 1542 4959 καὶ
1575 4905 1672 4975 τῆς
1704 4905 1841 4957 πάνυ

272 5033 382 5067 των
420 5012 556 5082 πρὸς
584 5006 853 5077 ἀτρεψίαν
901 5002 1327 5073 μεταποιήσεως.

350 5124 472 5195 με’.
508 5123 567 5174 ’0
579 5121 760 5189 ψιλαξ
784 5119 905 5179 ταῖς
932 5114 1175 5182 ἐναίμοις
1203 5113 1408 5182 χαίρων
1435 5110 1668 5173 θυσίαις,
1688 5108 1840 5177 φησί,

276 5221 405 5289 περί
431 5216 497 5269 τὰ
527 5213 675 5282 πάθη
714 5205 1033 5270 σπουδάζειν
1053 5205 1129 5268 ὼς
1162 5202 1415 5275 ἐμπαθὴς
1435 5199 1841 5271 παρασκευάζει

274 5312 400 5371 τοὺς
430 5307 689 5366 θύονταςο
723 5302 869 5370 φιλεῖ
911 5300 1020 5368 γάρ
1048 5297 1261 5367 χαίρειν
1288 5292 1351 5348 τὸ
1388 5293 1625 5364 γνησίως
1663 5292 1840 5353 σέϐον,

276 5397 355 5465 οἷς
378 5398 562 5470 χαίρει
585 5396 647 5448 τὸ
681 5388 1171 5462 προσκυνούμενον.

351 5600 461 5670 μςν.
499 5596 626 5648 "Ott
658 5592 846 5654 θυσίας
871 5586 1009 5644 οἶδεν
1032 5591 1062 5643 ό
1088 5588 1262 5657 λόγος.
1307 5589 1460 5657 φησὶ,
1483 5589 1581 5657 τὴν
1606 5587 1714 5639 τῶν
1736 5605 1842 5639 πα-

280 5691 384 5744 θῶν
409 5688 645 5756 σςξαγὴν,
672 5685 767 5737 καὶ
791 5684 889 5752 τὴν
921 5682 1032 5734 τῶν
1081 5680 1324 5751 φυσικῶν
1362 5680 1642 5748 δυνάμεων
1676 5695 1843 5746 προσ-

274 5782 530 5853 αγωγήνο
560 5773 635 5831 ὧν
667 5776 759 5828 τοῦ
790 5777 886 5846 μὲν
920 5774 1079 5842 λόγου
1109 5772 1275 5835 τύπος
1314 5773 1459 5827 ἐστὶν
1489 5772 1683 5843 ὁκριός
1713 5788 1725 5800 ·
1749 5771 1841 5824 τοῦ

1948 4559 2046 4615 per
2072 4541 2507 4596 incarnationem
2533 4539 3002 4595 reconciliationis
3027 4540 3353 4611 symbolum.
3403 4539 3507 4605 Qui

1943 4633 2093 4688 enim
2122 4642 2336 4701 sponte,
2362 4630 2483 4700 ejus
2504 4631 2597 4699 qui
2638 4645 2768 4685 reus
2805 4631 3057 4685 criminis
3096 4640 3235 4694 erat,
3284 4632 3513 4685 damna-

1943 4725 2149 4779 tionem
2171 4722 2361 4787 subiit,
2381 4722 2528 4791 quod
2557 4723 2611 4776 in
2639 4738 2763 4776 cum
2792 4722 3003 4791 pridem
3027 4722 3298 4776 ﬁrmatum
3322 4724 3507 4777 odium

1942 4824 2078 4877 erat,
2110 4813 2380 4868 dissolvit.
2415 4812 2749 4883 Scenopegia
2780 4828 2934 4875 vero,
2972 4813 3168 4867 futura:
3207 4814 3511 4883 designatio

1942 4904 2385 4966 resurrectionis,
2414 4905 2772 4973 oumiumque
2797 4904 2849 4958 iu
2881 4904 3279 4959 immutabilem
3308 4915 3507 4959 statum

1944 4994 2431 5050 transmutationis.

2012 5114 2099 5172 46.
2146 5113 2250 5179 Qui
2289 5112 2453 5167 nudis
2494 5112 2740 5166 cruentis
2780 5112 2977 5168 hostiis
3029 5113 3356 5178 delectatur,
3408 5113 3513 5170 hoc

1942 5215 2165 5277 pra:th
2195 5214 2453 5273 tanquam
2497 5204 2869 5268 libidinosus‘,
2900 5215 2961 5260 ut
3005 5206 3099 5273 qui
3147 5206 3374 5271 faciunt,
3410 5206 3513 5275 ipsi

1943 5310 2162 5366 quoque
2190 5294 2406 5347 libidini
2435 5294 2711 5347 studeant.
2753 5292 2857 5359 Qui
2881 5294 3027 5347 enim
3075 5294 3288 5349 sincere
3337 5311 3514 5364 exque

1943 5389 2126 5443 animo
2149 5387 2299 5451 colit,
2330 5387 2399 5441 iis
2424 5386 2605 5441 libens
2636 5387 2858 5457 gaudet,
2883 5386 3087 5456 quibus
3131 5387 3268 5456 ipse,
3301 5388 3390 5441 cui
3423 5404 3513 5442 ve-

1944 5480 2285 5534 nerationem
2320 5494 2384 5533 ac
2404 5480 2610 5532 cultum
2640 5479 2851 5532 tribuit.

2014 5595 2103 5648 47.
2134 5591 2351 5646 llostias
2370 5591 2677 5662 Scriptura,
2717 5592 3012 5647 all‘cctuum
3065 5592 3514 5656 immolationem,

1943 5681 2387 5749 naturaliumque
2426 5680 2745 5735 facultatum
2785 5681 3143 5745 oblationem,
3164 5700 3362 5738 vocare
3386 5699 3515 5738 cou-

1946 5770 2449 5839 sucvit;equibus
2495 5770 2660 5835 aries,
2708 5770 2938 5823 rationis
2997 5770 3164 5840 ﬁgura
3225 5781 3340 5839 est;
3398 5783 3510 5827 tau-
