4218 6432
214 400 318 465 ’185

1388 399 1878 472 ΟυΙΕδΤΙΟΝΕΞ
1915 400 2011 461 ET
2050 399 2305 461 DUBIA.

3365 398 3472 463 786

285 512 379 576 Es’.
417 511 542 576 Πῶς
597 513 756 578 Δόξα
812 512 1032 584 λέγεται
1088 513 1252 568 πάλιν
1310 514 1417 569 τοῦ
1475 514 1723 582 Ἰσραὴλ
1762 516 1791 567 ὁ
1822 506 1865 575 Α

1822 506 1865 575 Δ
1966 514 2054 569 65.
2081 513 2370 581 Quomodo
2417 529 2609 570 rursus
2663 513 2858 570 sermo
2913 513 3128 575 dicatur
3160 512 3343 571 Gloria
3392 514 3473 571 Is-

217 605 415 673 Λόγος.

286 698 397 761 ξς’.
430 695 605 766 Ἅμα,
630 697 816 767 φησιν,
845 697 1161 752 ἀποκτείνει
1196 714 1281 761 τις
1308 694 1400 750 τὸν
1428 699 1485 750 ἐν
1510 695 1589 766 τῷ
1616 696 1797 767 γράμ-

218 804 350 854 pm
396 787 491 840 τοῦ
527 788 693 857 νόμου
738 789 1049 858 σωματικὸν
1078 789 1225 853 νοῦν,
1265 788 1615 859 βασιλεύοντα
1649 787 1799 857 δέχε-

215 895 306 931 ται
345 880 440 933 τὸν
472 881 530 932 ἔν
551 880 627 951 τῷ
655 881 928 951 πνεύματι
952 883 1133 951 λόγον.

288 972 527 1037 ξζὝΤὸν
561 972 723 1026 Δασιδ
754 973 912 1027 ἔλαϐε
960 974 1058 1029 καὶ
1094 975 1175 1037 είς
1208 974 1301 1028 τὸν
1332 972 1562 1044 Κύριον,
1591 972 1685 1027 καὶ
1720 973 1797 1036 είς

215 1069 277 1119 τὸ
304 1068 657 1138 Εὑαγγέλιον,
698 1069 792 1121 καὶ
829 1070 909 1131 είς
942 1067 1034 1122 τὸν
1078 1067 1444 1138 πναυματικδν
1485 1066 1678 1136 νόμονο
1709 1068 1802 1119 καὶ

215 1164 296 1223 εἰς
330 1160 432 1231 τὴν
460 1161 685 1230 γνῶσιν,
723 1161 817 1214 καὶ
869 1162 950 1224 είς
995 1160 1095 1231 τὴν
1148 1160 1402 1232 θεωρίαν,
1444 1160 1538 1212 καὶ
1575 1144 1670 1223 ἐίς
1702 1159 1801 1228 τὴν

216 1252 527 1320 ὶεγομένην
554 1250 776 1322 πρᾶξιν,
814 1252 909 1305 καὶ
940 1253 1019 1315 εἰς
1066 1250 1159 1305 τὸν
1195 1251 1316 1304 νέον
1346 1249 1498 1303 λαόνο
1533 1250 1627 1303 καὶ
1661 1248 1803 1303 κατὰ

216 1342 455 1406 πολλοὺς
501 1342 733 1413 θεωρίας
788 1343 1046 1413 τρόπους,
1094 1342 1423 1420 προσφόρως
1455 1342 1568 1404 τοῖς
1618 1340 1804 1403 τόποις

219 1436 359 1498 πρὸς
398 1433 496 1504 τὴν
527 1433 900 1503 ὑποκειμένην
927 1435 1138 1503 ἥρμοσε
1171 1434 1381 1503 χρείαν.

292 1525 399 1595 ξη’.
444 1526 503 1578 '0
521 1527 646 1587 τοὺς
670 1525 872 1588 τύπους
907 1525 1042 1578 ἀλλὰ
1070 1524 1145 1597 μὴ
1170 1526 1236 1579 τὰ
1262 1526 1546 1596 ἀρχέτυπα
1568 1524 1677 1579 τῶν
1706 1543 1807 1596 μυ-

218 1615 469 1684 στηρίων
502 1616 661 1686 ἔχων,
694 1616 789 1669 καὶ
818 1615 920 1686 τὴν
952 1616 1243 1688 ἐρώτησιν,
1272 1616 1409 1669 ἀλλὰ
1435 1617 1509 1688 μὴ
1538 1617 1635 1687 τὴν
1668 1618 1808 1685 γνῶ-

220 1722 304 1755 σιν
336 1705 448 1757 τῶν
484 1706 540 1757 ἐν
579 1706 849 1775 πνεύματι
886 1706 1204 1777 φωτισμῶν,
1236 1706 1473 1777 εἰληφὼς
1495 1708 1725 1771 δάνειον,
1747 1707 1808 1759 τὸ

216 1794 658 1865 ὁμολογούμενον
700 1798 811 1859 τοῖς
848 1797 1302 1867 προειρημένοις,
1328 1799 1426 1869 τὴν
1458 1799 1575 1851 κατ’
1616 1797 1806 1868 αἴσθη-

220 1904 308 1939 σιν
339 1888 401 1939 ὲν
430 1888 541 1949 τοῖς
570 1887 861 1957 συμϐόλοις
883 1886 979 1940 τοῦ
1002 1887 1167 1958 νόμου
1190 1890 1416 1960 πείρανο
1447 1889 1591 1944 κατὰ
1626 1890 1804 1962 ψυχὴν

217 1973 512 2045 ὶιμώττων
547 1975 643 2029 τοῦ
694 1976 1040 2047 πνεύματος,
1075 1978 1170 2032 καὶ
1203 1979 1303 2048 τὴν
1353 1979 1543 2050 ὥσπερ
1583 1980 1805 2049 ὁᾶηγίαν

218 2064 496 2136 ἐρώτησιν
523 2068 621 2139 τῆς
667 2070 808 2124 κατὰ
857 2070 1118 2141 ἀλήθειαν
1167 2070 1418 2141 γνώσεως
1463 2072 1798 2143 μυωπάζων.

298 2231 398 2295 ξθν.
430 2233 816 2303 Μεταξυλογία
843 2236 982 2301 ἐστὶ,
1013 2234 1075 2289 τὸ
1106 2237 1164 2289 ὲν
1254 2238 1417 2308 τυχόν
1453 2239 1570 2293 ἐστι
1604 2239 1805 2293 πολλά-

222 2343 315 2388 κις
346 2329 444 2379 καὶ
471 2326 758 2397 πλάνησις.

290 2426 354 2472 o'.
389 2420 808 2492 Μακαριότητος
857 2422 1013 2494 δῆλον
1071 2425 1192 2496 ὅτι,
1224 2426 1350 2489 τοὺς
1398 2425 1537 2479 κατὰ
1588 2424 1807 2495 μέθεξιν

222 2512 399 2582 αὐτῆς
442 2513 775 2579 ἀξιωθέντας
822 2516 1372 2587 χαρακτηριζούσης,
1405 2518 1500 2571 καὶ
1541 2517 1602 2581 ἐξ
1636 2518 1807 2587 αὐτῆς

224 2606 545 2672 γνωρίμους
579 2606 777 2670 αὐτοὺς
804 2608 1141 2663 καθιστῶσα.

1896 606 2073 660 melis.

1966 696 2184 752 66.Mox
2210 713 2273 753 ac
2293 698 2493 769 aliquis
2514 700 2866 755 exsistentem
2894 700 2950 754 in
2976 699 3114 769 legis
3143 699 3326 754 littera
3349 715 3472 755 cor-

1896 790 2141 860 poralem
2166 806 2388 846 sensum
2411 790 2632 857 occidit,
2666 801 2987 862 regnantem
3018 792 3073 847 in
3124 792 3321 861 spiritu
3350 792 3476 849 Ser-

1900 897 2117 936 monem
2141 883 2358 953 recipit.

1970 974 2059 1028 67.
2098 973 2457 1039 Davidem,et
2484 974 2701 1030 Domini
2729 982 2785 1029 et
2822 974 3102 1046 Evangelii
3139 986 3193 1031 et
3232 976 3476 1032 scientiae

1900 1074 1957 1120 et
1987 1064 2491 1133 contemplationis,
2517 1074 2574 1119 et
2605 1064 2841 1119 actionis
2869 1063 3053 1136 (quam
3076 1062 3291 1134 vocant)
3321 1064 3477 1119 novi.

1904 1174 2012 1228 que
2045 1156 2235 1228 populi
2283 1164 2412 1227 typo
2436 1156 2682 1225 aecepit;
2738 1157 3001 1227 juxtaque
3053 1155 3235 1209 varios
3284 1170 3477 1211 sensus

1907 1246 2178 1317 spiritalis
2202 1245 2417 1311 modos,
2457 1261 2558 1314 pro
2587 1245 2836 1299 locorum
2878 1246 3117 1306 ratione,
3179 1245 3309 1315 quid
3363 1244 3478 1299 cui-

1904 1353 2013 1408 que
2048 1353 2115 1392 ex
2142 1338 2402 1408 subjecta
2427 1337 2673 1392 materiae
2702 1353 2802 1392 usu
2833 1338 2927 1403 sit,
2959 1338 3355 1393 convenienter
3380 1353 3476 1408 ap-

1906 1429 2059 1484 tavit.

1975 1520 2065 1575 68.
2103 1518 2205 1585 Qui
2230 1518 2450 1591 ﬁguras,
2485 1536 2593 1576 non
2623 1521 2767 1592 ipsas
2789 1520 3069 1591 principes
3093 1522 3478 1592 mysteriorum

1909 1611 2074 1682 300
2102 1610 2329 1677 formas,
2387 1627 2451 1666 ac
2485 1614 2979 1682 percontationem,
3020 1628 3129 1667 non
3164 1612 3478 1667 illustratio-

1909 1716 2040 1755 num
2066 1700 2121 1754 in
2146 1700 2340 1770 spiritu
2379 1702 2664 1756 scientiam
2706 1713 2899 1757 nactus
2920 1712 3041 1769 est;
3087 1710 3311 1772 accepto
3356 1717 3479 1756 muo

1909 1800 2028 1858 tuo,
2061 1807 2163 1861 pro
2182 1808 2249 1847 eo
2277 1808 2341 1846 ac
2375 1793 2757 1863 superioribus
2789 1793 3069 1864 explorate
3116 1793 3364 1848 habitum
3399 1802 3483 1849 est

1912 1885 2072 1957 (legis
2110 1885 2323 1940 scilicet
2339 1900 2406 1939 ex
2450 1900 2642 1939 sensus
2686 1885 2900 1941 ratione
2949 1885 3002 1939 in
3032 1884 3294 1957 symbolis
3321 1899 3484 1954 expe-

1910 1975 2184 2046 rimento)
2218 1975 2448 2046 spiritus
2491 1974 2634 2030 fame
2676 1976 2860 2031 animo
2921 1976 3284 2038 contabescit,
3331 1973 3484 2029 velut

1906 2066 2010 2120 viae
2030 2065 2249 2129 ducem,
2286 2082 2430 2120 verae
2464 2065 2710 2121 scientia:
2735 2065 3204 2136 percontationem
3243 2065 3483 2120 lusciose

1907 2155 2214 2211 attendens.
3358 2162 3369 2167 ‘

1981 2247 2069 2301 69.
2094 2247 2454 2302 Interlocutio
2480 2254 2584 2311 est,
2603 2247 2747 2318 quod
2773 2250 2843 2302 ita
2875 2249 3099 2313 dicitur,
3133 2248 3189 2303 in
3212 2263 3319 2318 qua
3343 2247 3483 2304 forte

1908 2353 2054 2408 saepe
2090 2338 2257 2392 etiam
2297 2354 2454 2394 error
2484 2349 2568 2394 est
2596 2356 2661 2395 ac
2681 2340 2952 2411 deceptio.

1938 2435 1942 2438 ’
1979 2426 2068 2481 70.
2110 2427 2519 2483 Beatitudinem
2547 2429 2781 2494 scilicet,
2814 2446 2935 2500 qua:
2958 2446 3054 2485 eos
3082 2431 3174 2501 qui
3209 2432 3328 2503 ejus
3358 2448 3483 2504 par-

1907 2518 2103 2588 ticipes
2130 2518 2268 2575 cﬂici
2296 2529 2621 2576 meruerunt
2640 2522 2793 2578 velut
2815 2530 2943 2578 nota
2965 2522 3243 2595 insigniat,
3278 2531 3335 2579 et
3363 2538 3393 2579 a
3423 2539 3482 2579 se

1904 2619 2072 2666 notos
2094 2610 2221 2667 illos
2247 2610 2471 2668 etiiciat.

236 2791 3410 2834 ww

2988 2810 3442 2837 η

1366 2970 1715 3104 ΤΟΥ
1788 2966 2361 3106 ΑΥΤΟΥ

651 3208 1155 3304 ΠΕΥΣΕΙΣ,
1218 3212 1412 3297 ΚΑΙ
1484 3210 2148 3298 ΑΠΟΚΡΙΣΕΙΣ.
2206 3214 2402 3297 ΚΑΙ
2452 3214 3059 3300 ΕΡΩΤΗΣΕΙΣ

1631 3386 1751 3442 ΚΑΙ
1784 3390 2082 3445 ΕΚΔΟΓΔΙ

1272 3542 1574 3612 Διαφόρων
1600 3544 1943 3612 κεφαλαίων
1969 3545 2442 3615 ἀπορουμένων,

1881 3681 1915 3694 “

1548 3832 2177 3948 EJUSDEM

863 4057 1374 4132 QUIESTIONES,
1417 4056 2135 4119 INTERROGATIONES
2174 4060 2269 4119 ET
2308 4059 2873 4122 RESPONSIONES

1092 4213 1613 4291 Diversorumque
1650 4209 2067 4275 dimciliomm
2102 4213 2372 4291 capitum
2420 4212 2636 4274 electa-

805 4511 1138 4564 ΕΡΩΤΗΣΙΣ
1168 4512 1246 4563 Α’.

315 4607 483 4670 Τίνες
517 4602 717 4671 ἀρεταὶ
748 4601 977 4671 ψυχῆς,
1008 4601 1102 4655 καὶ
1131 4604 1291 4669 τινες
1316 4603 1587 4671 σώματος
1611 4623 1630 4669 ;

862 4802 919 4855 Ἀ
930 4804 1225 4870 πόκρισις.

311 4893 534 4964 ’Δρεταὶ
574 4891 754 4962 ψυχῆς
804 4895 940 4945 εἰσιν
992 4888 1182 4947 αὗται·
1217 4894 1813 4962 ἅγὰπη,-ταπείνωσις,

239 4984 517 5054 πραΰτης,
573 4984 945 5055 μακροθυμία,
1008 4985 1365 5050 ἀνεξικακία,
1419 4986 1812 5056 ἀμνησικακία,

240 5076 540 5146 ὁτοργησία,
568 5077 628 5130 τὸ
674 5076 911 5146 ἄθυμον.
943 5077 1002 5130 τὸ
1054 5077 1305 5146 ἄφθονον,
1356 5078 1419 5132 τὸ
1452 5079 1688 5152 ,ἄκριτον
1710 5122 1721 5142 ,
1758 5081 1818 5135 τὺ

246 5168 573 5233 ἀκενόδοξον
593 5208 608 5233 ,
643 5168 1003 5238 ἐλεημοσύνη,
1048 5166 1394 5238 σωφροσύνη,
1423 5170 1814 5241 ἄφιλαργυρία,

243 5258 583 5328 συμπάθεια,
636 5261 874 5329 ἄτυφον,
915 5260 1350 5331 ἀνυπερήφανον,
1406 5265 1815 5318 κατανυκτικόν.

254 5352 477 5422 Ἀρεταὶ
508 5352 566 5404 δὲ
606 5350 857 5421 σώματός
909 5353 1044 5405 εἰσιν
1098 5347 1254 5406 αὗται
1280 5370 1292 5382 ·
1331 5354 1577 5422 νηστεία,
1613 5371 1818 5424 χαμευ-

245 5442 351 5503 via,
399 5444 699 5514 ἀγρυπνία,
742 5446 1037 5515 ἐγκράτεια
1062 5488 1075 5511 ,
1111 5444 1485 5516 ἀκτημοσύνη,
1527 5446 1585 5498 τὸ
1626 5447 1817 5518 ἀπερί-

239 5549 506 5588 σπαττον.

2384 4508 2902 4565 INTERROGATIO
2952 4510 2993 4563 1.

1994 4601 2249 4665 ρηίισηαηι
2301 4602 2503 4666 animi,
2544 4619 2604 4654 ac
2664 4617 2909 4671 quwnam
2952 4603 3054 4655 sint
3112 4604 3341 4670 corporis
3390 4605 3491 4658 vir-

1922 4702 2053 4746 tutes
2079 4694 2103 4745 ?

2550 4803 2850 4874 Responsio.

1990 4897 2170 4953 Animi
2199 4898 2429 4950 virtutes
2455 4907 2583 4949 sunt
2620 4896 2701 4950 hze
2732 4914 2745 4948 :
2807 4896 3045 4951 cliaritas
3093 4910 3190 4952 seu
3243 4895 3486 4965 dilectio.

1921 4991 2226 5052 humilitas,
2278 4988 2677 5052 mansuetudo,
2723 4988 3106 5058 longanimitas
3135 5030 3150 5054 ,
3202 4991 3487 5061 patientia.

1922 5080 2241 5151 injuriarum
2308 5077 2538 5141 oblivio,
2573 5076 2642 5131 ab
2673 5077 2775 5140 ira,
2801 5078 3009 5144 furore,
3052 5079 3257 5134 invidia
3294 5080 3491 5135 immu-

1923 5189 2048 5229 nem
2083 5187 2226 5235 esse,
2262 5170 2665 5242 nonjudicare,
2692 5172 2841 5226 inani
2871 5174 3057 5242 glorim
3079 5189 3187 5227 non
3244 5174 3488 5240 studere,

1922 5270 2293 5338 elcemosyna,
2324 5266 2550 5321 castitas
2575 5265 2852 5334 animique
2879 5267 3165 5321 sobrietas.
3195 5282 3302 5321 non
3336 5268 3486 5321 awarl

1926 5372 2129 5419 mores,
2164 5356 2332 5410 animi
2379 5355 2692 5408 miserantis
2721 5355 2960 5420 aﬂ‘ectio,
2997 5373 3191 5412 sensus
3229 5359 3297 5413 ab
3340 5357 3484 5413 omni

1924 5448 2234 5518 arrogantia
2269 5462 2332 5502 ac
2366 5447 2621 5516 superbia
2646 5448 2878 5515 alienus,
2930 5450 3297 5521 compunctio.
3356 5448 3487 5503 Cors

1926 5556 2074 5611 [)OI‘IS
2095 5546 2276 5593 autem
2302 5538 2536 5592 virtutes
2566 5548 2689 5593 sunt
2724 5558 2736 5592 :
2775 5541 3065 5610 jejunium,
3096 5541 3219 5597 lecti
3256 5541 3490 5596 durities

239 5624 501 5695 nudaque
534 5627 686 5683 humi
722 5629 964 5695 cubatio,
993 5630 1210 5700 \iigiliw,
1246 5635 1606 5696 continentia,
1640 5650 1821 5689 rerum
1859 5634 2153 5693 abdicatio,
2179 5648 2285 5685 non
2320 5632 2590 5701 divagatio
2624 5650 2719 5689 seu
2750 5634 3052 5689 distractio.

313 5785 333 5807 ⁹
369 5784 443 5836 Et
499 5785 668 5855 Regio
713 5788 835 5843 cod.
868 5790 1146 5861 alteroque
1195 5794 1368 5847 ercel.
1411 5794 1470 5847 ν.
1512 5795 1656 5851 Petri
1704 5795 1949 5866 Seguier,
1977 5796 2217 5851 Francia:
2243 5794 2574 5852 cancellarii.
