4218 6432
168 411 270 477 801

1343 403 1836 477 QUIESTIONES
1874 405 1966 464 ET
2004 405 2237 466 DUBIA

3319 415 3426 480 802

169 539 294 595 μον,
325 520 422 574 καὶ
439 520 628 573 ἐλαϐεν
657 519 716 585 ἐξ
746 518 911 572 αὑτοῦ
941 515 1165 589 [αἰτῶν]
1192 517 1290 587 τὴν
1315 516 1572 582 διάνοιαν,
1603 518 1748 580 ὅπως

1855 519 1940 573 tiae
1968 529 2113 573 actu.
2143 517 2358 574 Occidit
2381 521 2528 576 enim
2558 523 2614 578 in
2641 525 2801 581 nobis
2826 525 3004 582 virum
3031 528 3196 601 (leget
3215 533 3428 592 scilicet

165 614 343 682 ταύτῃ
379 610 700 680 μιγνύμενος
729 612 756 662 ὁ
789 611 884 680 τῆς
937 609 1129 669 κακίας
1181 609 1435 678 σπορεὺς,
1465 611 1752 663 ἀποτεκεῖν

167 705 376 773 ποιήσῃ
417 701 514 771 τὴν
547 700 840 772 ἁμαρτίαν.
888 700 984 752 Ἐκ
1032 699 1223 752 τούτου
1278 694 1371 751 οὖν
1419 698 1512 750 τοῦ
1563 698 1754 768 Λάμεχ

167 791 633 859 ἑϐδομηκοντάκις
664 788 804 842 ἑπτὰ
833 788 1152 842 ὲκδικείται·
1177 787 1320 857 ὑπὲρ
1353 789 1450 857 τῆς
1484 805 1753 856 συγκατα-

167 880 372 942 θέσεως
394 881 488 933 καὶ
523 880 803 950 ἐνεργείας
843 879 1002 942 δίκας
1024 880 1434 950 εἰσπράττεται.
1469 878 1632 932 Ὅθεν
1658 880 1753 932 καὶ

164 973 195 1024 ὁ
224 971 430 1042 Κύριος
463 971 709 1038 λέγοντος
773 972 1014 1042 Πέτρου,
1056 971 1324 1036 Ποσάκις
1367 972 1475 1024 ἐὰν
1519 970 1750 1040 ἁμάρτῃ

164 1063 257 1127 εἰς
286 1064 394 1130 ἐμὲ
441 1066 472 1115 d
518 1061 781 1130 ἀδελφός
801 1079 941 1130 μου,
973 1060 1189 1130 ἀφήσω
1217 1060 1398 1127 αὐτῷ’
1429 1062 1540 1126 ἕως
1571 1061 1750 1114 ἑπτά-

165 1172 262 1220 auc
281 1171 303 1219 ;
335 1153 632 1225 Ἀπεκρίθη
662 1154 833 1224 αὐτῷ,
855 1158 936 1207 Οὐ
952 1155 1145 1222 μόνον
1171 1154 1280 1219 ἓως
1305 1155 1574 1220 ἑπτάκις,
1613 1154 1749 1207 ἀλλ’

163 1245 278 1309 ἕως
293 1245 805 1313 ἑϐδομηκοντάκις
825 1245 996 1299 ἑπτά.
1027 1245 1303 1309 Τουτέστι,
1332 1245 1409 1315 τῷ
1433 1245 1750 1314 μετανοοῦν-

164 1337 220 1390 τί
253 1353 359 1402 σοι,
383 1338 478 1409 ⁴μὴ
517 1338 678 1408 μόνον
715 1339 785 1391 τὰ
825 1339 998 1410 μικρὰ
1034 1339 1100 1390 τὰ
1148 1340 1206 1390 ὲν
1237 1339 1636 1406 συγκαταθέσει
1667 1355 1751 1407 γι-

163 1429 392 1500 νόμενα,
428 1431 564 1485 ἀλλὰ
608 1431 831 1495 καὶτὰς
871 1433 1152 1502 ἐνεργείας
1182 1431 1436 1501 ἀφήσεις.

792 1727 988 1782 ΕΡΩΤ.
1036 1731 1120 1783 K'.

230 1821 376 1891 Περὶ
407 1821 710 1891 διαφόρων
737 1823 1090 1891 θελημιίτων
1118 1824 1288 1878 Θεοῦ.

837 1937 1077 2005 Ἀπόκρ.

237 2028 381 2096 Τρία
411 2026 696 2097 θελήματα
734 2029 827 2080 ἐπὶ
853 2028 989 2082 Θεοῦ
1023 2029 1130 2100 χρὴ
1165 2029 1588 2100 ὑπολαμϐάνειν·
1627 2031 1745 2082 κατ’

163 2119 438 2181 εὐδοκίαν,
485 2119 606 2172 κατ’
635 2120 991 2191 οἰκονομίαν,
1038 2125 1181 2175 κατά
1223 2120 1594 2191 συγχώρησιν.
1641 2123 1748 2174 Καὶ

161 2212 226 2264 τὸ
258 2212 362 2284 μὲν
391 2212 512 2266 κατ’
548 2213 798 2267 εὐδοκίαν
840 2213 1010 2284 δηλοῖ,
1045 2213 1115 2267 τὰ
1157 2214 1422 2268 κατὰτὺν
1465 2214 1746 2284 ”Α6ραάμ,

162 2305 420 2373 λέγοντος
451 2305 588 2376 πρὸς
631 2304 815 2368 αὑτὸν,
854 2305 1102 2370 Ἔξελθε
1131 2306 1199 2358 ἐκ
1230 2305 1340 2374 τῆς
1369 2306 1481 2375 γῆς
1509 2323 1647 2360 σου.
1676 2307 1718 2359 Τ
1721 2307 1750 2359 ὸ

161 2394 221 2446 δὲ
271 2395 393 2447 κατ’
425 2395 760 2464 οἰκονομίαν,
795 2395 948 2466 δηλοί
972 2396 1039 2449 τὰ
1071 2395 1213 2449 κατὰ
1239 2397 1331 2448 τὸν
1373 2397 1570 2467 Ἰωσὴφ
1601 2400 1746 2450 οξκο-

163 2487 497 2556 νομηθὲντα,
542 2488 678 2558 πρὶς
716 2488 814 2557 τὴν
843 2472 956 2541 τῶν
985 2487 1288 2558 μελλόντων
1326 2489 1572 2554 ἔκϐασιν,
1599 2490 1658 2542 τὸ
1690 2489 1747 2542 δὲ

155 2579 312 2632 κατὰ
343 2579 708 2650 συγχώρησιν,
738 2580 888 2652 δηλοῖ
911 2579 978 2634 τὰ
1005 2581 1146 2635 κατὰ
1172 2581 1262 2634 τὸν
1306 2580 1424 2634 Ἰὼϐ
1455 2581 1743 2650 γενόμενα.

759 2871 960 2923 ἙΡΩΤ.
1016 2872 1146 2924 KA'.

241 2960 305 3016 Tt
331 2961 614 3028 σημαίνει
643 2965 676 3016 ὁ
725 2963 1052 3031 Ψαλμῳδός
1080 2963 1212 3032 περὶ
1259 2962 1486 3032 ἐχθρῶν
1517 2963 1743 3032 λέγωνὲ

167 3069 190 3104 ε
241 3051 368 3107 Τῶν
396 3053 600 3120 κύκλῳ
629 3055 1052 3124 ἐπιτιθεμένων
1080 3060 1116 3110 '.
1155 3075 1175 3108 ι

844 3167 1079 3237 Ἀπόκρ.

236 3253 312 3308 Τὸ
368 3253 554 3324 κύκλῳ
607 3255 724 3307 ἐστὶ
767 3256 828 3308 τὸ
881 3259 1130 3328 ἐμπρος,
1183 3258 1396 3323 ὀπίσω,
1451 3259 1510 3311 τὸ
1549 3258 1739 3326 δεξιὸν,

163 3346 225 3399 τὸ
253 3347 564 3417 ἀριστερόν.
611 3348 971 3403 Ἐπιτίθενται
995 3347 1087 3402 οὖν
1112 3353 1242 3421 ἡμῖν
1271 3354 1319 3403 oi
1343 3351 1613 3419 δαίμονες,
1651 3352 1749 3423 ἔμ-

167 3438 406 3508 προσθεν
461 3440 576 3508 μὲν,
630 3441 757 3493 ὅταν
795 3439 883 3493 διὰ
928 3440 1038 3494 τῶν
1092 3441 1192 3511 τῆς
1243 3441 1372 3513 ὕλης
1416 3446 1747 3512 ἐπιφανειῶν

165 3529 514 3592 δελεάζωσιν·
575 3531 753 3585 ὀπίσω
801 3533 900 3596 δὲ,
955 3534 1080 3586 ὅταν
1120 3532 1208 3586 διὰ
1265 3535 1375 3586 τῶν
1425 3535 1748 3606 προλήψεων

166 3620 278 3674 τῶν
306 3620 581 3691 λογισμῶν
604 3621 702 3692 τῆς
727 3623 924 3684 κακίας
947 3623 1044 3694 τὴν
1082 3625 1302 3695 μνήμην
1335 3623 1424 3696 [ιι.
1474 3626 1564 3678 τὸν
1605 3628 1752 3694 λογι-

170 3709 308 3779 σμὸν
331 3710 426 3779 τῆς
462 3712 659 3774 κακίας
688 3713 830 3764 κατὰ
851 3713 1002 3786 μνή.]
1018 3715 1362 3768 ἁνακινῶσιν’
1388 3718 1649 3789 ἀριστερᾶ
1670 3718 1748 3779 δὲ,

168 3800 303 3853 ὅταν
330 3801 420 3854 διὰ
457 3802 565 3854 τῶν
602 3803 881 3874 σαρκικῶν
929 3807 1022 3858 καὶ
1065 3807 1380 3860 ἀκολάστων
1413 3809 1622 3871 παθῶν,
1652 3811 1750 3880 τὴν

168 3891 352 3962 ψυχὴν
396 3895 790 3964 ὲκμοχλεύωστ·
841 3899 987 3963 δεξιὰ
1030 3899 1102 3955 δὲ.
1142 3901 1268 3952 ὅταν
1316 3900 1405 3954 διὰ
1447 3901 1751 3966 κενοδοξίας

169 3985 270 4036 καὶ
309 3985 690 4057 ὑπερηφανίας
728 3992 794 4060 τῇ
835 3990 980 4061 ψυχῇ
1015 3991 1370 4048 ἐπιτίθενται.

775 4196 969 4249 ΕΡΩΤ.
1009 4199 1137 4251 Kll'.

246 4283 311 4340 Τί
338 4284 469 4338 ἐστι
499 4287 567 4338 τό
583 4301 603 4349 ;
636 4303 654 4336 ι
686 4286 906 4340 Λάϐετε
928 4291 1200 4357 ψαλμὸν,
1234 4291 1331 4344 καί
1361 4291 1496 4344 δότε
1525 4291 1752 4360 τύμπα-

169 4390 304 4427 νονο
334 4375 672 4445 ψαλτήριον
707 4380 968 4445 τερπνὸν
990 4386 1142 4446 μετὰ
1170 4383 1439 4451 κιθάρας.
1482 4401 1499 4434 ι

847 4491 1084 4559 Ἀπόκρ.

242 4579 455 4632 Λάϐετε
501 4580 847 4636 διδασκαλίαν
873 4583 1074 4648 ἔνθεον,
1105 4586 1198 4638 καὶ
1238 4585 1358 4638 δότε
1425 4585 1625 4656 πρᾶξιν
1667 4589 1754 4639 ὲν-

170 4669 370 4740 ἀρετον
393 4670 482 4723 διὰ
505 4671 608 4740 τῆς
634 4673 949 4743 νεκρώσεω;
980 4674 1072 4727 τοῦ
1113 4675 1384 4746 σώματος.
1415 4677 1488 4729 Τὸ
1518 4677 1574 4729 δὲ
1596 4681 1754 4744 ψαλ-

171 4759 386 4829 τήριον
417 4762 676 4828 τερπνὸν
709 4764 860 4832 μετὰ
913 4767 1194 4832 κιθάραςο
1238 4765 1539 4838 ψαλτήριον
1587 4769 1755 4836 λέγει,

169 4851 234 4904 τὸ
280 4852 521 4922 πνεῦμα·
570 4853 800 4924 κιθάραν
829 4854 886 4907 δὲ
914 4855 1014 4926 τὴν
1038 4856 1236 4927 ψυχήν·
1273 4857 1554 4928 τύμπανον
1583 4858 1659 4923 δὲ,
1696 4859 1757 4911 τὸ

175 4940 336 5009 σῶμα
347 4978 363 4993 .

797 5055 987 5108 ΕΡΩΤ.
1030 5057 1153 5111 KI".

254 5146 315 5200 Τι’
343 5146 509 5210 ἑστι;
547 5167 565 5197 ι
595 5147 878 5216 Κιίλαμον
906 5150 1412 5220 συντετριμμένον
1443 5155 1514 5207 οὐ
1545 5153 1754 5208 κατεά-

177 5238 266 5302 ξει
295 5278 310 5301 ,
344 5239 441 5291 καί
474 5240 652 5295 λίνον
681 5241 1094 5309 τετυφωμένον
1139 5245 1212 5296 οὺ
1260 5242 1486 5298 σϐέσει.
1518 5264 1535 5295 ι

845 5354 1080 5422 Ἀπόκρ.

260 5449 322 5502 Ὀ
369 5447 507 5500 κατὰ
555 5445 785 5516 μίμησιν
823 5444 916 5500 τοῦ
964 5446 1169 5517 Κυρίου
1223 5448 1567 5519 συμπαθείας
1616 5448 1760 5520 λόγῳ

253 5605 298 5636 ⁸⁵
329 5602 519 5656 Matth.
549 5617 694 5667 mu,
729 5601 816 5654 21.
895 5603 936 5633 ¹⁷
963 5601 1101 5659 ibid.
1132 5603 1222 5657 22.

180 5673 376 5729 L'atth.
414 5689 505 5736 xu,
537 5673 624 5726 20.

1339 5605 1380 5636 ’⁸
1404 5605 1539 5660 Gen.
1572 5620 1664 5669 xu,
1707 5605 1750 5659 l.

248 5827 271 5851 ⁸
298 5828 379 5883 Ita
405 5826 568 5883 etiam
604 5826 728 5896 Syx.
757 5827 889 5897 Reg.
926 5826 1221 5882 συνεπιτιο.

1851 610 2178 679 naturalem)
2209 619 2264 665 et
2291 610 2693 668 adolescentem
2729 616 3015 687 (nimirum
3045 621 3221 692 legem
3267 627 3430 695 spiri-

1854 701 2037 771 talem)
2069 702 2300 772 tulitque
2328 720 2394 758 ex
2425 705 2532 760 illis
2566 706 3004 778 intelligentiam,
3054 723 3116 769 ut
3155 715 3235 770 illi
3271 732 3425 774 com-

1851 793 2047 847 mistus
2081 795 2299 848 malitia:
2344 807 2520 862 sator,
2569 799 2776 866 peccati
2812 812 3032 868 partum
3087 805 3293 863 eliciat.
3350 809 3429 863 De

1851 885 1956 940 hoc
2007 885 2174 956 igitur
2226 886 2498 943 Lamecho
2528 890 2768 944 sumitur
2807 893 2944 947 ultio
2991 899 3302 967 septuagies
3337 915 3428 954 se-

1850 974 2021 1044 pties;
2059 975 2164 1029 hoc
2194 985 2298 1038 est,
2327 992 2519 1046 pmnas
2545 979 2648 1036 luit
2686 989 2800 1035 tum
2840 984 3052 1039 ratione
3080 995 3236 1040 actus
3261 997 3428 1058 atque

1849 1064 2050 1133 operis.
2078 1065 2238 1120 Unde
2269 1077 2326 1122 et
2348 1068 2636 1133 Dominus,
2662 1070 2880 1129 dicente
2907 1074 3069 1128 Petro
3099 1092 3112 1127 :
3145 1073 3203 1130 Si
3236 1093 3423 1145 pecca-

1849 1156 1979 1208 verit
2005 1157 2058 1209 in
2098 1173 2178 1209 me
2201 1157 2368 1226 frater
2410 1175 2574 1223 meus,
2603 1165 2801 1232 quoties
2840 1165 3106 1219 dimittant
3145 1169 3191 1220 ci
3216 1167 3241 1220 ?
3263 1184 3430 1238 usque

1847 1247 2036 1314 septies
2065 1248 2141 1299 “1'
2170 1249 2475 1318 Respondit
2519 1251 2596 1305 illi
2635 1270 2646 1305 :
2675 1252 2791 1306 Non
2815 1254 2984 1308 solum
3026 1274 3188 1327 usque
3212 1261 3430 1329 septies,

1846 1338 1937 1390 sed
1963 1354 2126 1408 usque
2149 1343 2445 1411 septuagies
2479 1343 2637 1412 307
2670 1347 2857 1414 septies
2878 1347 2938 1400 ¹⁷.
2969 1347 3080 1402 lloc
3112 1358 3214 1414 est,
3243 1352 3293 1406 ei
3330 1353 3427 1421 qui

1849 1429 2192 1496 pamitudine
2219 1430 2419 1484 ductus
2448 1433 2743 1489 olfendissc
2779 1436 2947 1502 dolet,
2977 1453 3085 1492 non
3109 1442 3282 1493 solum
3322 1442 3428 1494 mi-

1849 1533 1982 1572 nora
2017 1518 2297 1585 .tlimittes,
2344 1537 2466 1591 quin
2499 1539 2770 1580 consensu
2816 1528 2958 1583 ﬁunt
2985 1569 2999 1592 ,
3028 1546 3218 1583 verum
3259 1532 3427 1585 etiam

1850 1622 2014 1677 opera
2043 1622 2326 1681 actusque.

2426 1724 2706 1782 INTER“.
2749 1728 2864 1782 XX.

1919 1815 2003 1869 De
2035 1815 2251 1869 divorsis
2301 1815 2393 1869 Dei
2421 1819 2808 1874 uoluntatibus~

2563 1929 2715 2001 Resp.

1919 2021 2214 2091 'l‘riplicem
2268 2021 2361 2076 Dei
2398 2023 2733 2078 voluntatem
2781 2025 3160 2081 existimemus
3201 2044 3424 2084 necesse

1848 2121 1963 2175 est;
2016 2129 2300 2181 propensa:
2336 2114 2632 2166 voluntatis
2660 2129 2754 2167 seu
2799 2117 3152 2184 bent-placiti,
3199 2119 3426 2189 dispen-

1848 2204 2076 2256 sationis
2101 2219 2164 2257 ac
2194 2204 2589 2273 permissionis.
2630 2205 2922 2276 Propensa:
2963 2209 3280 2271 voluntatis,
3331 2227 3427 2266 sru

1849 2293 2174 2364 bcneplaeiti
2229 2296 2588 2362 voluntatem,
2633 2297 2933 2362 declarant,
2986 2316 3107 2369 mite
3147 2301 3199 2354 in
3253 2303 3426 2357 Abra-

1850 2387 2012 2441 hamo
2045 2397 2195 2457 gesta
2229 2396 2376 2452 sunt,
2397 2389 2626 2444 dicente
2646 2391 2720 2444 ad
2754 2406 2880 2444 eum
2917 2391 3048 2454 Deo,
3080 2393 3342 2461 Egredere
3365 2396 3430 2448 de

1849 2485 1989 2530 terra
2022 2488 2112 2530 tua
2132 2479 2193 2531 ¹⁸.
2226 2479 2690 2548 Dispensationis,
2722 2497 2842 2549 qua:
2866 2494 3025 2536 certa
3060 2485 3286 2539 consilii
3335 2501 3428 2539 ra-

1848 2570 1996 2622 tione
2027 2570 2080 2622 in
2108 2570 2348 2637 Joseplio
2376 2573 2746 2640 contigerunt,
2773 2573 2838 2626 ad
2875 2575 3311 2641 prmstruendutn
3338 2594 3426 2632 re-

1848 2677 1969 2715 rum
2031 2662 2340 2716 futurarum
2391 2673 2680 2730 eventum;
2741 2667 3120 2734 pctattissionis
3167 2667 3426 2738 denique,

1846 2769 1967 2822 qua:
2001 2753 2056 2807 in
2088 2754 2229 2810 δυὺο
2259 2765 2583 2809 evenerunt.

2400 2865 2681 2922 INTERB.
2722 2867 2866 2923 XXI.

1915 2956 2053 3022 Quid
2081 2958 2179 3011 sibi
2200 2957 2315 3011 vult
2336 2957 2675 3013 Psatmorum
2705 2963 3024 3026 modulo-"tor,
3050 2964 3172 3016 dum
3212 2965 3425 3035 loquens

1841 3051 1904 3104 de
1935 3052 2160 3104 inimicis
2185 3049 2210 3102 ?
2234 3051 2311 3103 ait
2339 3066 2356 3104 :
2395 3069 2413 3101 ι
2448 3049 2548 3116 Qui
2579 3053 2634 3105 in
2663 3054 2882 3108 circuitu
2915 3057 3168 3126 ingruunt
3190 3059 3252 3109 η.
3296 3081 3314 3107 ρ

2551 3165 2704 3236 Resp.

1921 3252 1978 3306 ln
2010 3252 2265 3319 circuitu,
2296 3267 2420 3310 ante
2448 3269 2532 3310 est
2569 3265 2628 3309 et
2661 3265 2827 3321 retro,
2860 3274 2890 3312 a
2935 3259 3251 3330 dextrisque
3300 3275 3355 3316 et
3401 3279 3428 3314 η

1849 3345 2106 3400 sinistris.
2138 3346 2412 3416 lngruunt
2441 3348 2610 3418 igitur
2635 3350 2795 3404 nobis
2819 3351 3115 3416 daemones,
3140 3363 3267 3408 ante
3300 3355 3427 3424 qui-

1847 3438 1993 3501 dem,
2020 3455 2143 3492 cum
2175 3448 2402 3494 externa
2435 3456 2826 3511 corporearum
2862 3458 3045 3498 rerum
3084 3445 3288 3515 specie,
3311 3449 3429 3500 vel-

1850 3539 1910 3582 ut
1946 3545 2070 3582 esea
2121 3545 2222 3583 nos
2245 3531 2509 3598 capiunt:
2550 3538 2696 3585 retro
2721 3541 2926 3597 autem,
2955 3548 3078 3586 cum
3123 3549 3222 3604 per
3265 3549 3428 3589 oceu-

1849 3633 2004 3693 patas
2063 3623 2351 3691 opiniones
2403 3639 2691 3693 pravarum
2754 3625 3166 3694 cogitationum,
3215 3641 3427 3681 memo-

1851 3717 1986 3771 riam
2022 3718 2279 3771 excitant.
2325 3719 2367 3771 Α
2397 3718 2638 3772 sinistris
2679 3733 2830 3781 vero,
2870 3734 2995 3773 cum
3039 3734 3139 3789 per
3173 3720 3427 3776 carnalis

1851 3825 1917 3864 ac
1955 3810 2185 3864 lascivos
2231 3810 2460 3864 allectus
2511 3825 2608 3864 seu
2659 3810 2940 3873 libidines,
2986 3810 3224 3866 animum
3268 3829 3423 3865 emo-

1851 3911 2014 3955 vent:
2054 3918 2083 3956 a
2112 3901 2319 3956 dextris
2351 3902 2607 3972 denique,
2641 3918 2763 3958 cum
2801 3919 2898 3972 per
2948 3902 3164 3957 inanem
3196 3902 3422 3971 gloriam

1852 4002 1907 4044 et
1960 3992 2273 4062 superbiam
2321 3993 2565 4046 animum
2623 3993 2950 4048 adoriuntur
2997 3991 3189 4063 illique
3239 3994 3424 4052 immi—

1853 4092 2006 4137 ιιοιιι.

2405 4197 2685 4251 INTER“.
2725 4196 2886 4250 ΧΧΗ.

1926 4285 2063 4351 Quid
2098 4288 2194 4341 sibi
2228 4287 2338 4340 vult
2366 4288 2391 4340 ?
2432 4307 2449 4337 ι
2495 4285 2697 4341 Sumite
2729 4287 3011 4352 psalmum,
3043 4295 3090 4339 et
3137 4289 3259 4340 date
3289 4295 3424 4358 tym-

1856 4393 2081 4442 panum;
2130 4377 2776 4447 psalteriumjucundum,
2802 4393 2919 4428 cum
2949 4377 3236 4429 cit/mra".
3265 4395 3282 4426 ι

2564 4488 2720 4558 Resp.

1929 4576 2140 4632 Sumite
2193 4576 2434 4630 divinam
2475 4576 2804 4640 doctrinam,
2847 4585 2904 4631 et
2953 4578 3076 4632 date
3127 4578 3426 4633 studiosam

1857 4683 2010 4737 asque
2041 4668 2266 4722 virtutis
2291 4669 2502 4722 ratione
2521 4669 2792 4721 aetionem
2818 4684 2913 4737 per
2934 4670 3180 4737 corporis
3201 4671 3423 4723 lllOt'Lili-

1857 4760 2150 4814 cationem.
2170 4761 2444 4826 Quantum
2463 4775 2593 4814 vero
2611 4760 2676 4813 ad
2696 4759 2746 4812 id
2771 4760 2915 4828 quod
2935 4760 3206 4828 sequitur,
3226 4760 3420 4813 Psalte-

1860 4855 1996 4907 rium
2045 4852 2335 4919 iucundum
2370 4849 2770 4917 cum'citliara;
2818 4851 3142 4921 psalterium
3197 4852 3432 4928 appeliat

1859 4945 2151 5016 spiritum;
2197 4945 2488 5002 citharam.
2521 4946 2792 5010 animam;
2840 4953 3176 5014 tympanum,
3211 4929 3428 5015 corpus.

2281 5055 2447 5125 308
2484 5054 2764 5109 INTER“.
2807 5054 2999 5108 XXIII.

1929 5143 2064 5211 Quid
2103 5145 2222 5198 est?
2259 5165 2278 5197 ι
2309 5147 2630 5212 Arundinem
2656 5154 2962 5214 quassatam
2991 5162 3090 5198 non
3121 5145 3430 5216 confringet,

1860 5247 1909 5292 et
1950 5237 2113 5291 linum
2145 5238 2411 5309 fumigans
2444 5254 2548 5292 non
2588 5237 2962 5308 exstinguet“.

2577 5355 2713 5424 Resp

1931 5448 2034 5515 Qui
2061 5447 2277 5502 Domini
2299 5445 2572 5515 exemplo.
2593 5443 2950 5514 propensiore
2977 5443 3327 5498 miseratione
3354 5443 3432 5496 in-

1867 5603 1908 5636 “
1935 5602 2075 5658 Psal.
2109 5619 2187 5669 ιιι,
2219 5603 2272 5659 6.
2385 5603 2428 5635 ⁸ο
2461 5601 2604 5657 Psal.
2644 5616 2800 5665 Lxxx,
2838 5599 2890 5654 5.
3006 5600 3046 5630 ⁸⁸
3078 5598 3179 5653 lsa.
3213 5595 3436 5671 $1.155;
