4218 6432
172 400 280 462 805

171 612 371 649 σχειν.
398 613 418 644 1

777 724 974 778 sror.
1016 724 1161 790 κεῖν.

250 818 320 873 τί
366 819 538 873 ἐστιν
582 818 620 886 ἡ
673 818 779 871 τοῦ
830 818 1174 884 Πνεύματος
1197 811 1605 882 βλασφημία·
1660 809 1759 862 καὶ

173 910 345 976 πῶς;
382 931 400 963 ι
440 909 569 966 Πᾶν
606 908 919 979 ἁμάρτημα
970 905 1343 975 ἀφεθήσεται
1376 903 1499 968 τοῖς
1539 901 1761 969 ἀνθρώ-

178 1017 341 1067 ποις·
368 1001 494 1067 τοῖς
519 1000 587 1053 δὲ
616 1003 703 1066 sic
731 998 877 1053 αὐτὸ
903 995 1454 1064 βλασφημήσωσιν,
1491 996 1601 1046 οὐκ
1653 993 1760 1059 (1;:-

173 1091 480 1155 emiastcu,
523 1090 661 1142 οὔτε
701 1089 771 1141 ἐν
821 1085 900 1151 τῷ
938 1082 1105 1138 αἰῶνι
1139 1085 1347 1146 τούτῳ,
1401 1080 1541 1134 οὔτε
1592 1075 1763 1140 ἐντῷ

169 1181 489 1250 μέλλοντι.
531 1199 550 1231 ι

856 1290 1098 1356 Ἀπόκρ.

263 1380 330 1433 Ἦ
366 1382 497 1450 περὶ
538 1380 640 1450 τῆς
671 1378 764 1432 τοῦ
802 1378 1120 1447 ιΙνεύματος
1156 1374 1508 1446 βλασφημίας
1536 1370 1761 1441 ἀπορία,

176 1471 411 1525 αὐτόθεν
442 1471 555 1541 ἔχει
602 1470 700 1541 τὴν
748 1470 925 1522 λύσιν.
988 1468 1095 1522 Τοῦ
1152 1469 1262 1538 γὰρ
1322 1466 1541 1536 Κυρίου
1591 1465 1764 1526 ἰάσεις

180 1563 465 1627 ποιοῦντος
499 1563 779 1625 ποικίλας,
828 1562 877 1615 οἱ
919 1561 1165 1613 Ἰουδαῖοι
1197 1560 1296 1621 τὰς
1327 1556 1421 1609 τοῦ
1451 1556 1764 1625 [Ινεύματος

177 1655 492 1727 ἐνεργείας,
526 1654 602 1725 τῷ
647 1654 869 1723 ἄρχοντι
901 1652 1011 1704 τῶν
1044 1650 1319 1719 δαιμόνων
1350 1648 1553 1710 ταύτας
1588 1646 1765 1699 ἀνετί-

180 1750 372 1802 θεσαν.
415 1748 488 1799 Τὸ
518 1747 594 1806 δὲ.
624 1747 771 1798 Οὔτε
802 1743 1085 1807 ἐνταῦθα,
1112 1743 1254 1796 οὔτε
1300 1742 1369 1794 ὲν
1410 1741 1489 1802 τῷ
1505 1739 1767 1807 μέλλον-

1337 384 1836 458 QU/ESTIONES
1870 384 1965 445 ET
2003 385 2238 446 DUBIA
2251 432 2263 446 .

175 507 361 575 μέλον·
402 521 419 554 ι
450 494 559 556 Ὧι·
587 500 812 570 ἤρξατο
832 501 860 554 6
892 496 1124 566 Ἰησοῦς
1157 494 1349 550 ποιεῖν
1376 513 1440 549 τε
1474 496 1567 549 καὶ
1596 494 1759 549 διδά-

1875 496 2192 561 .loctrinam,
2215 498 2369 568 juxta
2399 496 2544 566 quod
2578 497 2842 568 scriptum
2878 506 2961 552 est
3002 515 3015 550 :
3064 515 3080 548 ι
3118 495 3244 561 Ome
3286 502 3441 569 recpit

3324 389 3431 466 806

1857 587 2008 642 Jesus
2036 590 2209 659 facere
2241 598 2291 643 et
2326 591 2592 643 docere“.
2646 610 2662 641 ι

2408 725 2689 779 INTERR.
2732 724 2916 779 XXVI.

1933 813 2069 879 Quid
2129 831 2199 869 est
2245 818 2459 887 spiritus
2511 817 2880 887 blasphemia?
2917 816 3184 881 Quomodo
3225 819 3384 873 etiam
3422 834 3438 871 :

1862 898 1887 957 “ι
1921 906 2085 959 Omne
2115 916 2383 977 percolunt
2434 912 2727 962 remittetur
2767 909 3093 972 nominibus;
3144 912 3205 962 iis
3260 920 3436 964 autem

1862 1000 1947 1067 qui
1987 998 2463 1069 blaspliemuveriut
2495 1002 2547 1053 in
2575 1002 2767 1070 ipsum,
2796 1017 2900 1053 non
2935 1000 3249 1064 remittetur,
3276 1017 3439 1067 neque

1862 1090 1916 1142 in
1943 1092 2037 1143 hoc
2067 1090 2279 1154 sa'culo,
2307 1106 2473 1160 neque
2499 1091 2552 1142 in
2591 1090 2769 1159 futuro
2791 1092 2859 1146 ".
2888 1110 2905 1143 ι

2582 1290 2740 1361 Resp.

1935 1381 2067 1448 Qua:
2091 1380 2157 1435 de
2189 1380 2430 1451 Spiritus
2457 1380 2795 1450 blasphemia
2818 1381 3046 1450 quarstio
3070 1391 3174 1447 cst,
3206 1384 3330 1439 inde
3354 1402 3440 1440 so-

1866 1473 2132 1527 lutionem
2162 1470 2346 1526 habet.
2383 1472 2521 1526 Cum
2553 1471 2702 1525 enim
2737 1472 3003 1528 Dominus
3042 1474 3193 1529 varia
3237 1478 3442 1531 sanita-

1868 1572 1982 1617 tum
2014 1577 2242 1616 munera
2284 1568 2586 1631 praestaret,
2615 1560 2790 1616 Judmi
2825 1559 3063 1632 Spiritus
3095 1565 3446 1633 operationes

1866 1654 2117 1723 principii
2149 1654 2457 1707 damionum
2485 1653 2855 1707 ascribcbant.
2892 1654 3047 1720 Quod
3079 1665 3260 1710 autem
3289 1658 3447 1711 addi-

1870 1754 1959 1799 tur
1991 1764 2003 1798 :
2043 1743 2221 1815 Neque
2248 1746 2347 1806 hic,
2375 1761 2539 1814 neque
2572 1745 2626 1797 in
2657 1746 2855 1813 futuro,
2881 1736 3272 1801 remittendum
3303 1753 3444 1811 lore,

179 1857 259 1906 τι,
294 1841 489 1908 ἄτρεσιν
527 1838 773 1907 γίνεσθαι
807 1839 919 1899 τοῖς
969 1833 1405 1906 βλασφημοῦσιν,
1436 1831 1563 1899 ἑξῆς
1595 1830 1761 1901 ζητη-

1875 1835 1972 1897 his,
2000 1835 2095 1903 qui
2119 1835 2521 1903 blasphemant,
2546 1834 2809 1904 deinceps
2839 1835 3249 1904 inquirendum.
3277 1840 3447 1892 Aiunt

179 1930 327 1983 τὲον.
354 1931 491 1982 Φασὶ
508 1930 650 1990 τινὲς
682 1928 748 1998 (ε)
780 1926 886 1979 τῶν
918 1928 985 1979 τὰ
1011 1924 1237 1978 τοιαῦτα
1265 1923 1353 1977 διά
1387 1923 1478 1976 τοῦ
1515 1922 1767 1992 Πνεύμα-

180 2036 275 2083 τος
327 2018 735 2088 ἡκριὸωκότων,
786 2018 1057 2084 τέσσαρας
1088 2011 1229 2069 εἶναι
1271 2016 1526 2087 τρόπους,
1580 2014 1646 2068 δι’
1693 2008 1767 2068 ὧν

184 2111 539 2182 συγχώρησις
566 2109 772 2177 γίνεται
799 2108 1233 2179 ἁμαρτημάτων·
1263 2108 1355 2162 δύο
1381 2108 1633 2171 ἐνταῦθα,
1675 2108 1769 2160 καὶ

182 2204 281 2257 δύο
317 2204 375 2256 ιν
395 2203 473 2274 τῷ
519 2201 787 2272 μέλλοντι.
855 2201 1077 2271 Ἐπειδὴ
1107 2200 1216 2273 γὰρ
1245 2201 1347 2254 οὐκ
1398 2202 1685 2268 ἐξικνεῖται
1732 2202 1765 2272 ἡ

188 2295 381 2365 μνήμη
410 2292 533 2346 ὅλου
572 2291 666 2345 τοῦ
728 2291 926 2362 χρόνου
960 2290 1320 2362 μνημονεύειν
1361 2290 1429 2344 τὰ
1458 2290 1766 2360 σφάλματα,

184 2387 278 2439 ῖνα
326 2387 466 2456 ὑπὲρ
500 2385 677 2440 αὐτῶν
731 2383 969 2437 ἐνταῦθα
1017 2384 1327 2455 μετανοήσῃ
1368 2384 1395 2436 6
1452 2382 1768 2453 ἄνθρωπος,

184 2478 510 2548 ᾠκονόμησε
537 2475 920 2547 φιλάνθρωπος
941 2473 1016 2527 ὣν
1044 2477 1073 2529 6
1094 2475 1369 2546 Δεσπότης
1399 2475 1497 2544 τῆς
1532 2474 1767 2543 φύσεως,

188 2571 288 2624 καὶ
328 2568 485 2640 ἡμῶν
527 2568 600 2641 μὴ
648 2567 1303 2638 μετανοούντωντρόπους
1354 2566 1642 2637 μετανοίας
1666 2582 1678 2594 ·
1714 2568 1772 2619 ὲν

191 2664 294 2735 μὲν
321 2662 402 2731 τῷ
426 2661 692 2732 μέλλοντι,
730 2661 805 2724 ώς
835 2660 1071 2730 εἴρηται,
1098 2660 1211 2713 δύο.
1240 2658 1409 2712 Ὅταν
1447 2675 1528 2721 τις
1552 2658 1772 2727 ἀδιαφό-

194 2773 303 2826 ρως
338 2754 427 2827 [ιι.
478 2770 581 2807 non
628 2753 758 2806 bene
803 2751 1099 2825 διαφόρως]
1150 2751 1385 2805 ἐνταῦθα
1418 2752 1768 2821 ἁμαρτήσας,

190 2851 286 2903 καὶ
325 2849 485 2901 πάλιν
520 2846 828 2916 ἀδιαφόρως
865 2845 1305 2916 ἀγαθοεργήσας,
1336 2844 1446 2897 εἴτε
1473 2845 1554 2906 εἰς
1584 2840 1769 2897 οἶκτον

190 2943 289 2996 καὶ
326 2940 673 3011 συμπάθειαν
708 2939 845 3009 πρὸς
887 2938 977 2992 τὸν
1032 2937 1259 3007 πλησιύν
1310 2936 1573 3007 κινηθεὶς,
1610 2936 1771 3006 ἦὸσα

190 3032 332 3086 ἀλλα
359 3028 770 3101 φιλανθρωπίας
813 3027 1081 3099 ἐχόμενα,
1121 3027 1293 3080 ταῦτα
1323 3028 1381 3079 ὲν
1411 3026 1489 3096 τῷ
1524 3026 1770 3095 μέλλοντι

192 3122 355 3176 αίῶνι
380 3123 437 3175 ὲν
457 3121 535 3191 τῷ
556 3121 733 3191 καιρῷ
762 3120 862 3191 τῆς
885 3120 1120 3189 κρίσεως
1155 3118 1652 3190 ζυγοστατούμενα,
1683 3118 1769 3189 ἐφ’

189 3212 231 3268 ἃ
252 3212 354 3284 τὴν
383 3212 555 3283 ῥοπὴν
585 3211 719 3277 ἔξει,
766 3208 1112 3281 συγχώρησις
1154 3209 1388 3279 γίνεται.
1416 3206 1582 3275 Οἶντος
1614 3211 1713 3282 μὲν
1740 3211 1768 3263 6

192 3297 277 3367 εἷς
304 3301 823 3373 τρόπος-Δεύτερος
854 3301 933 3367 δὲ,
978 3296 1151 3365 οὗτοςο
1194 3302 1322 3355 ὅταν
1364 3319 1447 3366 τις
1485 3303 1542 3355 ὲν
1582 3302 1769 3373 ἀμαρ-

191 3395 342 3459 τίαις
369 3394 718 3465 ἐνεχόμενος·
757 3394 971 3448 ἀκούων
999 3394 1058 3447 δὲ
1102 3392 1197 3447 τοῦ
1250 3394 1454 3465 Κυρίου
1495 3395 1769 3463 λέγοντος,

196 3487 297 3554 Μὴ
351 3487 607 3554 κρίνετε,
642 3486 744 3538 ἵνα
784 3485 871 3553 μὴ
902 3484 1159 3553 κριθῆτε,
1206 3483 1539 3555 φοϐούμενος
1582 3485 1770 3539 οὐδένα

201 3578 389 3652 κρίνῃ,
444 3579 503 3631 ὲν
547 3578 621 3648 τῇ
668 3576 912 3641 ἰξετὰσει
952 3576 1061 3630 τῶν
1095 3576 1462 3646 βεϐιωμένων,
1492 3576 1568 3640 ώς
1598 3577 1770 3646 φύλαξ

195 3672 297 3742 τῆς
334 3669 555 3740 ἐντολῆς
584 3669 646 3722 οὐ
681 3670 945 3740 κρίνεται.
996 3670 1108 3739 Τῆς
1162 3669 1271 3739 γὰρ
1308 3667 1505 3723 ἑαυτοῦ
1555 3669 1776 3738 ἐντολῆς

196 3764 301 3817 οὐκ
349 3762 670 3832 ἐπιλήσμων
712 3761 742 3814 6
793 3759 1208 3830 ἀψευδέστατος.
1243 3762 1307 3815 Oi
1350 3760 1408 3813 δὲ
1460 3759 1552 3813 δύο
1597 3759 1773 3831 ἕτεροι

198 3859 415 3930 τρόποι,
447 3854 681 3910 ἐνταῦθα
734 3853 831 3925 τὴν
877 3853 1221 3925 συγχώρησιν
1266 3853 1501 3923 ἔχουσιν,
1537 3853 1664 3906 ὅταν
1715 3854 1774 3905 ἑν

199 3950 504 4022 ἁμαρτίαις
535 3965 619 4011 τις
666 3946 764 4009 ὣν,
791 3947 1153 4016 οἰκονομεῖται
1204 3946 1268 3997 ὲκ
1309 3945 1408 4014 τῆς
1441 3945 1693 4014 προνοίας
1718 3946 1775 3997 ὲν

204 4042 532 4112 συμφοραῖς,
567 4040 623 4092 ὲν
652 4036 938 4104 ἀνάγκαις,
968 4037 1025 4089 ὲν
1060 4035 1254 4098 νόσοις.
1295 4034 1380 4097 Ὠς
1406 4034 1506 4086 οὐκ
1532 4030 1638 4087 οἶδε
1669 4035 1777 4105 γὰρ

200 4135 293 4188 διὰ
333 4133 446 4185 τῶν
478 4130 734 4185 τοιούτων
756 4128 1010 4200 καθαίρει
1033 4128 1196 4182 αὑτὸν
1224 4129 1253 4180 6
1279 4126 1434 4189 Θεός⁶
1470 4126 1565 4179 καὶ
1596 4127 1644 4179 εί
1678 4128 1776 4197 μὲν

203 4222 519 4292 εὐχαριστεῐ
544 4219 956 4291 πειραζόμενος,
979 4217 1070 4270 τὸν
1107 4218 1198 4270 ἐπὶ
1230 4219 1296 4289 τῇ
1336 4218 1653 4289 εὐχαριστίᾳ
1690 4234 1778 4289 μι-

205 4316 335 4369 σῡδν
362 4313 652 4384 λαμϐάνει.
701 4313 765 4365 Εἰ
814 4310 872 4364 δὲ
918 4311 1238 4382 ἀχαριστεῐ,
1274 4309 1343 4363 δι’
1378 4309 1443 4374 ἃς
1473 4311 1572 4381 μὲν
1602 4310 1779 4381 ἁμαρ·

202 4406 328 4468 τίας
355 4404 690 4464 παιδεύεται,
724 4404 787 4455 ὲκ
819 4402 1023 4456 τούτων
1064 4400 1404 4470 καθαίρεται⁸
1436 4400 1611 4473 τὴνδὲ
1640 4402 1779 4473 ὑπὲρ

1868 1928 2059 1997 aliqui,
2094 1927 2264 1981 divini
2297 1926 2537 1996 Spiritus
2569 1928 2750 1980 atllatu
2783 1928 2907 1981 talia
2949 1927 3268 1999 diligentius
3292 1946 3449 1983 exsc-

1868 2018 2001 2081 cuti,
2048 2028 2285 2088 quatuor
2319 2034 2441 2074 esse
2487 2020 2689 2074 modos
2727 2020 2933 2090 quibus
2966 2030 3187 2090 peccata
3238 2023 3449 2077 condo-

1866 2119 2099 2176 nautur;
2146 2111 2305 2165 binos
2338 2127 2455 2165 aevo
2500 2111 2625 2174 hoc,
2660 2112 2928 2182 binosque
2963 2113 3019 2166 in
3053 2113 3260 2167 futuro.
3307 2116 3447 2180 Quia

1866 2201 2012 2258 enim
2047 2202 2313 2256 memoria
2349 2202 2681 2257 imbecillior
2700 2212 2806 2267 est,
2826 2220 2987 2274 quam
3015 2213 3074 2259 ut
3106 2207 3273 2261 totius
3308 2217 3445 2262 tem-

1867 2295 2018 2366 poris
2040 2294 2236 2348 delicta
2260 2293 2432 2364 possit
2455 2294 2723 2359 recolere,
2744 2298 2811 2350 de
2837 2296 3039 2365 quibus
3066 2296 3252 2361 homo,
3275 2314 3451 2367 quan-

1869 2385 1964 2439 diu
1996 2386 2105 2439 vita
2139 2386 2253 2439 haec
2299 2397 2578 2456 superstes
2607 2396 2715 2452 est,
2764 2389 3141 2456 penitentiam
3184 2397 3327 2459 agat,
3364 2392 3449 2445 in-

1870 2477 2204 2547 dulgentiori
2227 2478 2430 2547 pietate
2460 2477 2889 2546 benignissimus
2924 2489 3134 2535 naturae
3162 2481 3453 2547 Dominus,

1871 2567 2061 2621 statuit
2088 2568 2426 2636 paenitentia:
2459 2568 2672 2632 modos,
2716 2583 2842 2622 cum
2889 2585 2992 2624 nec
3025 2570 3127 2639 ipsi
3172 2572 3450 2641 paeniten-

1872 2662 2000 2715 tiam
2042 2660 2254 2727 agimus
2288 2678 2300 2714 :
2334 2661 2521 2714 l'uturo
2549 2660 2771 2728 quidem
2814 2677 2952 2725 arvo,
2985 2663 3065 2716 uti
3098 2662 3306 2718 dictum
3346 2673 3453 2729 est,

1870 2751 2138 2821 geminos.
2188 2748 2323 2804 Cum
2356 2750 2482 2819 quis
2534 2750 2795 2804 nimirum
2830 2752 2940 2804 vita
2992 2751 3095 2806 hac
3137 2755 3456 2822 promiscue

1872 2840 2115 2909 peccatis
2144 2839 2396 2903 indulsit,
2425 2840 2675 2910 bonaque
2701 2856 2895 2901 rursus
2918 2851 3180 2910 operatus
3202 2852 3307 2908 est,
3336 2845 3458 2900 sive

1874 2949 2001 3003 erga
2033 2932 2343 3002 proximum
2380 2932 2732 2988 miseratione
2763 2934 3012 2999 aﬂ‘ectus,
3046 2935 3160 2989 sive
3190 2936 3299 2991 alio
3352 2936 3457 2992 du-

1874 3034 1995 3081 ctus
2045 3026 2403 3080 humanitatis
2452 3042 2650 3091 sensu;
2707 3026 2929 3096 haecque
2965 3027 3103 3083 adeo
3141 3029 3326 3082 futuro
3359 3029 3456 3083 illo

1872 3134 1989 3175 aevo
2017 3119 2212 3190 judicii
2256 3129 2502 3186 tempore
2544 3134 2668 3171 cum
2702 3118 2809 3172 illis
2841 3134 3102 3188 appensa,
3152 3136 3180 3173 a
3227 3136 3284 3174 sc
3332 3122 3453 3175 lan-

1874 3227 1996 3266 cem
2027 3209 2419 3280 depresserint,
2463 3208 2780 3279 indulgetur
2809 3211 2891 3264 eis
2922 3211 3098 3264 venia.
3137 3210 3312 3280 Atque
3362 3211 3460 3265 hic

1879 3321 2023 3361 unus
2050 3314 2134 3360 est
2166 3302 2505 3359 remissionis
2532 3302 2728 3357 modus
2771 3319 2784 3353 :
2820 3303 2970 3356 Alter
2993 3318 3124 3356 vero
3166 3312 3283 3368 est;
3328 3318 3455 3357 cum

1881 3396 2006 3468 quis
2040 3403 2391 3466 peccatorum
2420 3411 2567 3459 reus,
2599 3394 2831 3449 audiens
2872 3409 2901 3448 a
2940 3392 3174 3447 Domino
3217 3411 3230 3447 :
3280 3394 3459 3448 Nolite

1875 3489 2137 3560 judicare,
2169 3496 2217 3541 et
2244 3503 2346 3539 non
2369 3482 2839 3556 judicabimiui";
2876 3484 3172 3539 Dominica'.
3192 3484 3344 3539 vocis
3374 3501 3460 3541 rc-

1882 3580 2129 3635 vcrentia
2157 3577 2433 3633 neminem
2462 3576 2812 3647 judicaveljt,
2838 3591 2961 3630 cum
2987 3593 3073 3641 ea,
3098 3593 3221 3648 qua:
3248 3592 3348 3647 per
3376 3577 3457 3631 vi-

1885 3684 1994 3729 tam
2025 3673 2253 3744 egimus,
2303 3670 2538 3733 examini
2585 3670 2968 3740 subjicientur,
2996 3670 3147 3724 velut
3172 3670 3266 3740 qui
3299 3685 3456 3724 man.-

1884 3768 2071 3823 datum
2103 3763 2421 3827 servaverit,
2451 3778 2559 3817 non
2591 3762 2947 3833 judicabitur.
2982 3762 3100 3817 Non
3134 3762 3280 3817 enim
3303 3778 3462 3817 vera-

1883 3861 2137 3916 cissimus
2186 3855 2471 3919 Dominus,
2537 3856 2621 3908 sui
2678 3855 2825 3909 illius
2878 3854 3119 3908 mandati
3169 3854 3461 3909 immemor

1882 3954 2006 4007 erit.
2046 3950 2147 4016 Qui
2184 3958 2369 4003 autem
2404 3953 2713 4015 sequuntur
2747 3944 2910 4014 310
2938 3944 3099 3998 ambo
3123 3944 3316 4013 reliqui
3344 3960 3459 3997 mo-

1883 4041 1960 4104 di,
1995 4040 2111 4109 ipso
2156 4037 2261 4091 hoc
2287 4050 2404 4091 :evo
2448 4034 2842 4103 indulgentiam
2887 4033 3119 4098 habent;
3175 4049 3297 4087 cum
3334 4034 3466 4103 quis

1892 4132 2146 4185 nimirum
2176 4128 2416 4197 peccatis
2458 4126 2748 4189 obnoxius,
2777 4134 2926 4179 certa
2972 4125 3068 4180 Dei
3115 4125 3464 4194 providentia

1891 4238 1954 4277 ac
1991 4220 2222 4276 consilio
2255 4220 2308 4273 in
2340 4217 2620 4281 aerumnis,
2648 4216 2703 4269 in
2740 4215 3181 4278 necessitatibus,
3216 4215 3270 4269 in
3298 4215 3462 4286 ψει-ἰ-

1885 4311 2171 4368 tudinibus
2204 4310 2533 4381 disponitur.
2588 4308 2733 4362 Deus
2777 4306 2926 4361 enim
2980 4307 3103 4360 talia
3140 4306 3465 4377 inﬂigendo,

1884 4420 1990 4474 qua
2020 4404 2111 4459 ille
2152 4403 2365 4457 ratione
2392 4398 2587 4463 nescit,
2620 4412 2745 4453 eum
2779 4398 3064 4453 emundat.
3092 4397 3168 4453 Ac
3211 4398 3463 4467 quidem,

204 4499 308 4566 τῆς
334 4493 657 4565 ἀχαριστίας
689 4494 1073 4563 εἰσπράττεται
1101 4493 1317 4561 ποινήν,
1342 4492 1594 4559 Ἔπειτα,
1627 4494 1772 4546 ἅτινα

1885 4496 1930 4550 si
1969 4495 2098 4549 dum
2136 4502 2379 4548 tentatur
2410 4491 2611 4563 gratias
2643 4490 2775 4561 agit,
2800 4503 2867 4543 eo
2904 4490 3124 4543 nomine
3157 4489 3303 4558 quod
3338 4482 3463 4559 gra-

205 4594 287 4653 είς
325 4587 647 4659 ἀνθρώπους
689 4602 772 4648 τις
808 4585 1133 4653 ἁμαρτάνει,
1180 4582 1255 4647 ώς
1297 4582 1497 4648 ἔδειξεν
1530 4586 1558 4637 6
1603 4583 1782 4653 λόγος,

280 4750 329 4781 ²⁶
356 4747 479 4804 Act.
506 4764 547 4812 ι,
584 4747 635 4800 ι.

1890 4596 1979 4642 tus
2004 4585 2303 4650 exstiterit,
2339 4583 2651 4638 iriercedem
2683 4581 2881 4652 recipit
2908 4599 2920 4635 :
2951 4580 3033 4634 sin
3067 4591 3251 4636 autem
3286 4581 3471 4653 ingra-

711 4746 755 4776 ’⁷
794 4744 986 4809 Matth.
1026 4759 1117 4806 xu,
1145 4743 1244 4808 5|;
1284 4740 1416 4797 Luc.
1443 4741 1661 4809 xn,.10.
1736 4744 1787 4777 ’³
1807 4744 1999 4799 Matth.
2024 4760 2119 4807 vn,
2159 4743 2204 4797 ι.

287 4917 308 4938 ¹
352 4912 520 4968 Basil.
573 4912 627 4966 in
664 4911 856 4983 Regni.
910 4912 1153 4966 brevior.
1202 4926 1255 4964 c.
1303 4910 1431 4976 275,
1484 4919 1782 4979 auctorque
1820 4908 1930 4976 QQ.
1962 4908 2027 4963 ad
2068 4907 2345 4973 Antiocb.,
2376 4922 2430 4976 q.
2462 4904 2549 4959 7|.

286 5054 354 5126 (ε)
384 5051 540 5126 Φασί
576 5066 755 5126 τινες.
787 5046 941 5114 Quod
979 5046 1069 5101 hic
1102 5044 1555 5126 Maximustantis
1589 5054 1773 5126 vexat,

212 5114 500 5183 de‘modis
527 5121 731 5190 quibus
762 5117 1213 5190 peccata,_etiam
1250 5116 1408 5169 nobis
1448 5131 1559 5170 non
1608 5114 1788 5185 poeni-

214 5196 488 5258 tentibus,
516 5188 926 5260 hidulgeantur,
956 5188 1233 5260 refertque
1266 5195 1527 5260 tauquam
1576 5200 1645 5260 es
1668 5200 1790 5260 ve-

214 5278 401 5323 terum
435 5255 732 5324 sententia,
767 5258 973 5328 aliquid
1000 5257 1335 5313 dillicultatis
1359 5256 1544 5328 habet.
1575 5256 1681 5309 nisi
1707 5255 1790 5309 di-

216 5351 409 5394 camus
465 5332 632 5404 (quod
685 5326 889 5404 etipse
923 5345 1031 5383 non
1090 5328 1326 5404 obscure
1369 5326 1555 5395 habet)
1587 5340 1797 5404 sermo-

216 5417 346 5463 nem
382 5396 519 5461 ess'e'
548 5403 618 5458 de
676 5396 883 5463 oblitis,
929 5415 1050 5468 quae
1100 5396 1363 5451 memoria
1408 5396 1625 5460 assequi
1690 5410 1801 5449 non

217 5491 547 5549 possumus;
596 5487 891 5549 _quorum_
927 5468 1196 5549 proinde.
1230 5482 1340 5549 noti
1382 5474 1601 5549 “potest
1680 5480 1802 5545 esse

218 5535 544 5618 Expressus'
576 5535 757 5618 dolor,
799 5539 894 5595 sed
928 5535 1133 5618 'solum
1185 5536 1512 5618 implicitus,
1580 5550 1644 5590 ac
1693 5535 1804 5588 vir-

221 5605 391 5675 tualis
442 5613 787 5686 paenitentia,
835 5625 999 5686 quam
1050 5610 1222 5686 ipsam
1258 5605 1416 5686 velut
1456 5605 1800 5686 impetrent,

221 5675 603 5760 proximorum
639 5675 942 5760 miseratio,
970 5688 1030 5760 et
1052 5675 1198 5749 quod
1215 5678 1361 5760 alios
1398 5675 1622 5757 minime
1648 5675 1797 5745 judi-

224 5746 451 5821 cemus;
490 5756 575 5809 vel
606 5754 772 5809 etiam
804 5751 897 5806 alii
933 5746 1165 5821 aliorum
1196 5748 1393 5821 delicta
1428 5746 1796 5821 ignoscamus.

348 5837 402 5881 et
438 5816 640 5897 passim
671 5823 867 5890 Chrys.
906 5819 1101 5875 salutis
1149 5816 1405 5889 parandae
1427 5818 1545 5871 vias
1594 5816 1797 5871 venia:-

1893 5060 2001 5116 que
2051 5052 2385 5116 exaggerat:
2439 5056 2563 5116 qua:
2621 5038 2804 5095 omnia
2858 5037 2942 5116 sic
2986 5034 3476 5116 ἀνθρωπινώτερον

1898 5108 2067 5179 dicta,
2100 5108 2264 5168 modo
2290 5115 2401 5183 jam
2456 5108 2605 5183 dicto
2632 5108 2956 5179 exponenda
2992 5119 3142 5183 sunt,
3178 5122 3287 5183 non
3320 5110 3475 5183 vctu!

1899 5177 2061 5255 quis,
2102 5177 2413 5255 graviorum
2481 5177 3165 5255 scelerum_rcus,a_bsque_
3220 5177 3479 5232 interiori

1902 5248 1957 5310 in
1991 5248 2235 5310 hacvvita
2297 5252 2643 5323 pmnitentia,
2700 5249 2891 5303 saltem
2944 5248 3191 5311 virtuali,
3234 5263 3480 5323 veraque

1903 5327 2189 5390 charitate,
2216 5318 2431 5378 veniam
2458 5332 2552 5377 aut
2577 5336 2799 5390 regnum
2828 5328 3220 5386 consequatur.
3268 5318 3382 5390 Qua
3403 5319 3480 5373 de

1906 5412 1965 5451 re
1989 5398 2099 5467 jam
2130 5388 2316 5449 annot.
2356 5410 2411 5447 u.
2458 5395 2508 5447 8.
2546 5388 2948 5467 Atl_':eruin_nas
3000 5405 3063 5443 ac
3111 5388 3483 5467 necessitates

1905 5457 2052 5537 quod
2075 5468 2272 5521 attinet
2294 5506 2307 5525 .
2337 5472 2572 5537 purgant
2626 5462 2707 5537 hie
2758 5460 3020 5537 quidem;
3078 5458 3171 5513 scd
3205 5457 3299 5519 qui
3333 5459 3481 5512 ferat.

1944 5538 2198 5610 atienter,
2224 5532 2507 5604 Deumque
2535 5534 2587 5586 in
2622 5532 2704 5586 eis
2732 5533 2965 5584 ultorem
2995 5537 3251 5610 agnoscat
3277 5543 3341 5582 ac
3375 5544 3480 5581 co-

1927 5618 1980 5661 at
2002 5624 2015 5671 ;
2036 5609 2119 5661 sin
2143 5622 2297 5668 vero,
2331 5599 2545 5660 reatum
2577 5612 2810 5671 augent;
2849 5615 2951 5671 nec
2996 5599 3157 5671 video
3183 5612 3306 5671 qua:
3343 5614 3477 5667 pur-

1907 5669 2075 5748 gatio,
2108 5693 2234 5732 cum
2285 5676 2586 5748 interivit-t2
2612 5669 2754 5748 mala
2790 5670 2915 5740 quis
2939 5670 2993 5724 in
3027 5669 3199 5748 Deum
3224 5670 3481 5748 ingratus

1906 5738 1991 5802 Est
2023 5738 2087 5804 ac
2132 5763 2403 5802 morosus.
2432 5747 2506 5800 De
2534 5744 2655 5798 loco
2677 5742 2767 5795 hic
2794 5738 3010 5806 vexato,
3037 5740 3201 5810 plura
3248 5753 3321 5793 es
3368 5738 3462 5793 Par

1908 5818 2085 5873 tribus
2118 5818 2171 5873 in
2200 5818 2339 5873 Bibl.
2370 5817 2472 5872 PP.
2514 5814 2825 5870 concionat.
