4218 6432
719 399 820 464 811

1874 399 1934 457 S.
1977 399 2263 458 ΜΛΧΙΜΙ
2303 399 2810 461 CONFESSORIS

3861 399 3968 466 819.

719 515 910 572 nentia
932 515 1139 579 vivere,
1170 519 1230 566 ut
1258 519 1550 581 appetente
1576 525 1675 579 per
1695 510 1824 564 anni
1858 519 2106 582 tempora
2133 513 2282 567 coitu
2315 527 2359 583 Α

2315 527 2359 583 Α
2389 514 2520 584 σύνῃ
2553 513 2744 584 συζῇν,
2776 513 2916 567 ὥστε
2945 511 3105 583 ἡνίκα
3128 511 3264 583 πρὸς
3289 514 3573 565 συνουσίαν
3606 510 3970 582 συνέρχεσθαι

718 610 838 664 dies
861 604 1223 676 quadraginta
1257 603 1470 671 lugeat,
1505 609 1729 670 tumque
1753 615 1820 654 eo
1847 609 2143 666 transacto,
2163 617 2288 654 rur-

718 714 815 753 sus
843 696 960 749 dies
989 689 1349 761 quadraginta
1397 691 1543 742 luctu
1597 687 1878 757 transigat.
1926 689 2068 758 Figit
2103 697 2288 742 autem

718 783 908 837 nidum
944 780 999 832 in
1049 778 1361 840 arboribus,
1397 777 1488 831 ubi
1534 778 1678 830 nulla
1733 777 2025 845 obtegente
2075 777 2287 840 umbra,

718 890 844 930 acre
871 887 1008 943 puro
1037 872 1260 924 fruitur.
1312 870 1437 924 llaec
1469 884 1599 922 vero
1626 883 1722 921 sua
1745 867 1957 931 indole.
1983 869 2288 922 castitatem

719 964 1008 1034 significat.
1035 960 1198 1015 Prteit
1223 959 1367 1014 enim
1401 958 1491 1011 illa
1521 957 1736 1010 cunctis
1756 955 2081 1019 virtutibus;
2128 964 2289 1024 atque

719 1056 787 1109 ab
822 1055 904 1108 eis
934 1068 1055 1122 qua:
1107 1051 1160 1104 in
1211 1064 1432 1104 sensum
1481 1048 1682 1102 cadunt
1728 1054 1964 1110 secreta,
2007 1061 2073 1099 ex
2108 1061 2289 1098 rerum

719 1145 1102 1213 temporalium
1131 1141 1343 1205 umbra,
1377 1141 1586 1194 nullum
1614 1137 1862 1192 nubilum
1890 1136 2114 1208 patitur.
2149 1135 2293 1201 Qua-

719 1235 1072 1306 dragonarius
1100 1234 1247 1289 enim
1290 1248 1572 1295 numerus,
1605 1232 1868 1301 cujusque
1903 1237 2138 1300 quatuor
2176 1230 2289 1284 cle-

720 1339 1031 1380 mentorum
1068 1323 1464 1394 perfectionem
1501 1320 1906 1390 complectitur.

1247 1457 1527 1513 INTERR.
1571 1457 1764 1511 XXXI.

790 1573 926 1638 Quid
947 1573 1049 1626 sibi
1075 1571 1185 1626 vult
1215 1572 1352 1641 quod
1381 1573 1575 1626 dictum
1605 1583 1680 1626 cst
1711 1591 1729 1626 :
1766 1593 1782 1625 ι
1820 1572 2056 1627 Reddens
2094 1572 2289 1641 iniqui-

722 1673 881 1717 tatem
911 1673 1121 1732 patrum
1163 1664 1218 1715 in
1256 1662 1394 1729 filios
1427 1665 1480 1716 in
1528 1665 1736 1716 tertiam
1775 1665 1935 1734 312
1968 1672 2018 1716 ct
2044 1672 2290 1734 quartam

721 1754 1132 1824 generationem,
1165 1753 1242 1807 his
1270 1753 1359 1821 qui
1388 1752 1608 1806 oderunt
1646 1771 1724 1807 me
1743 1755 1784 1786 ³³
1807 1756 1864 1806 ⁸3»

1427 1863 1586 1935 Resp.

790 1956 1031 2010 Primam
1085 1955 1528 2026 generationem,
1581 1957 1706 2010 mali
1765 1957 2291 2026 proseminationem

721 2059 840 2099 esse
874 2045 1160 2110 existimo;
1213 2046 1332 2115 ejus
1379 2045 1588 2100 scilicet
1632 2046 1816 2100 animo
1857 2049 2292 2117 suggestionem;

721 2135 947 2188 alteram
999 2150 1150 2201 vero,
1192 2134 1581 2204 cupiditatem;
1643 2137 1882 2202 tertiam,
1925 2140 2296 2209 generationis

722 2230 853 2284 mali
883 2229 1130 2284 habitum
1155 2229 1373 2301 (nempe
1403 2231 1754 2303 consensum)
1773 2248 1786 2297 ;
1805 2243 2077 2302 quartam,
2097 2248 2291 2309 opera-

725 2319 930 2375 tionem
978 2321 1272 2388 (actionem
1308 2322 1516 2378 scilicet
1560 2338 1624 2378 ac
1655 2323 2049 2395 etl‘cctionem).
2097 2325 2298 2379 Reddi-

727 2417 816 2464 tur
841 2425 972 2480 ergo
1016 2425 1186 2480 usque
1230 2409 1298 2466 ad
1346 2411 1563 2466 tertiam
1597 2419 1651 2467 et
1695 2423 1943 2483 quartam
1992 2416 2298 2486 generatio-

724 2514 880 2565 nem;
919 2514 1019 2569 pro
1051 2515 1319 2555 consensu
1367 2502 1578 2557 scilicet
1619 2511 1674 2558 et
1705 2504 1940 2558 actione.
1976 2505 2106 2570 Quae
2148 2507 2296 2560 enim

724 2591 908 2647 animo
946 2593 1222 2663 suggestio
1250 2602 1335 2648 est
1362 2605 1419 2648 et
1441 2595 1736 2665 cupiditas,
1764 2597 1998 2651 innoxia:
2035 2606 2182 2662 sunt,
2218 2597 2294 2652 id-

724 2687 872 2741 circo
901 2686 1182 2753 nimirum,
1216 2687 1362 2758 quod
1400 2690 1601 2744 malum
1633 2691 1688 2744 in
1719 2689 1881 2745 tinem
1925 2707 2036 2744 non
2077 2705 2298 2760 proces-

725 2779 877 2832 serit.

1241 2914 1522 2970 INTERR.
1564 2915 1779 2972 XXXII.

796 3021 1038 3088 Quonam
1079 3025 1232 3079 modo
1280 3026 1362 3097 pie
1401 3026 1742 3097 intelligenda
1784 3029 1873 3095 sit,
1910 3045 2027 3099 qua:
2067 3031 2123 3086 in
2159 3030 2299 3086 Scri-

727 3125 884 3184 ptura
914 3115 1134 3170 habetur
1161 3115 1258 3170 Dei
1286 3119 1588 3187 pcenitentia
1613 3123 1637 3174 ?

1439 3253 1598 3324 Resp.

795 3339 899 3408 Qui
935 3341 1002 3396 de
1037 3342 1240 3398 divinis
1282 3344 1371 3413 pie
1418 3345 1780 3417 religioseque
1821 3349 2030 3405 sentire
2075 3363 2298 3417 norunt,

729 3431 1064 3502 impossibile
1102 3435 1255 3489 aiunt
1284 3435 1475 3501 Deum,
1511 3437 1604 3506 qui
1663 3448 1869 3495 natura:
1899 3457 2082 3496 rerum
2111 3445 2301 3498 condi-

732 3535 816 3578 tor
849 3525 940 3590 sit,
967 3526 1263 3579 nonetiam
1296 3526 1365 3580 iis
1388 3542 1509 3595 qum
1531 3529 1752 3584 condita
1786 3542 1934 3598 sunt,
1958 3541 2150 3586 natura
2177 3551 2304 3604 pro-

730 3613 937 3669 videre.
967 3615 1062 3668 Sin
1089 3623 1273 3670 autem
1397 3631 1488 3670 res
1513 3618 1584 3670 ita
1618 3618 1800 3684 habet,
1835 3622 2058 3676 omnino
2079 3639 2302 3679 necesse

728 3716 832 3773 est,
882 3723 1007 3762 cum
1063 3709 1208 3762 Deus
1251 3709 1491 3764 humano
1527 3711 1717 3780 generi
1758 3721 1951 3767 natura
1999 3716 2301 3784 provideat,

728 3800 912 3870 plures
939 3799 1086 3870 apud
1115 3816 1242 3855 eum
1273 3811 1491 3857 exstare
1527 3803 1719 3857 salutis
1749 3803 1798 3857 ei
1833 3805 2150 3874 praestandae
2183 3823 2301 3862 mo-

729 3891 849 3945 dos.
881 3892 1016 3945 Nam
1048 3908 1173 3947 cum
1211 3893 1377 3947 homo
1404 3894 1607 3948 animal
1643 3894 1715 3948 sit
1738 3896 1992 3951 versatile
2022 3912 2086 3951 ac
2115 3898 2304 3953 incon--

730 3990 901 4048 stans,
939 3983 1207 4054 facileque
1254 3999 1354 4053 pro
1393 3993 1698 4056 temporum
1735 4001 2059 4058 morumque
2095 3990 2302 4046 ratione

730 4074 1012 4138 mutabile,
1045 4075 1205 4144 plaue
1241 4076 1407 4129 etiam
1447 4092 1672 4132 necesse
1700 4087 1804 4145 est,
1839 4088 1900 4133 ut
1941 4079 2122 4134 divina
2171 4081 2304 4135 Pro—

732 4165 990 4231 videntia,
1023 4168 1124 4220 etsi
1151 4167 1269 4235 ipsa
1310 4168 1500 4222 eadem
1539 4177 1644 4235 est,
1690 4185 1790 4240 pro
1817 4171 2167 4226 aﬂ'ectionum
2204 4189 2304 4227 no-

731 4266 967 4310 strarum
1017 4259 1230 4312 ratione
1281 4268 1560 4325 mutetur;
1627 4276 1747 4330 quae
1793 4263 2052 4318 nimirum
2101 4281 2200 4334 per
2238 4282 2303 4321 ea

732 4359 851 4418 qua:
886 4357 1080 4402 natura
1113 4349 1463 4415 conveniant,
1499 4355 1972 4410 succrescentibus
2005 4357 2060 4410 in
2105 4366 2303 4412 natura

731 4439 879 4492 vitiis
908 4439 1130 4493 modum
1159 4441 1420 4497 inveniat.
1453 4443 1531 4497 Ac
1572 4443 1714 4498 sicut
1741 4447 1842 4504 arti
1887 4448 2110 4503 medica:
2143 4450 2302 4505 multi

731 4531 1013 4601 subjacent
1065 4533 1274 4599 morbi;
1319 4550 1384 4588 ac
1430 4549 1657 4589 necesse
1707 4545 1768 4589 ut
1813 4537 1986 4592 solers
2027 4539 2295 4605 medicus,
2332 4571 2373 4623 υ

730 4621 825 4689 qui
873 4621 928 4674 in
978 4622 1150 4698 multa
1203 4622 1526 4693 diversaque
1571 4628 1950 4696 aegrotandum
1994 4643 2288 4698 corporum

729 4726 931 4780 genera
970 4697 1197 4777 incidat,
1235 4712 1350 4782 ipse
1379 4729 1597 4783 quoque
1642 4731 1670 4770 a
1707 4719 2073 4776 deterioribus
2099 4697 2170 4776 ad
2200 4737 2298 4793 po-

733 4804 901 4857 tiores
931 4804 1126 4859 modos
1152 4812 1393 4860 transeat
1428 4825 1440 4859 :
1489 4807 1569 4862 sic
1597 4817 1651 4863 et
1691 4809 1749 4863 in
1788 4810 1922 4878 Deo,
1955 4815 2186 4869 mutatio
2229 4817 2299 4872 ab

803 4963 844 4994 "
874 4962 1030 5017 Deut.
1055 4977 1109 5029 v,
1137 4962 1189 5017 9.

801 5097 878 5170 (ΞΙ)
920 5096 1167 5174 Πρώτηγ
1217 5096 1460 5174 γενεάν..
1480 5097 1697 5154 Maximi
1729 5099 1848 5174 llaec
1873 5103 2304 5174 doetrina.quod

735 5167 1036 5244 sugggsuo,
1061 5168 1355 5244 primaque
1377 5167 1527 5244 velut
1555 5170 1944 5244 apprehensio,
1968 5189 2031 5227 ac
2060 5175 2156 5244 qui
2175 5167 2298 5232 eam

735 5237 1008 5306 sequitur,
1064 5237 1236 5291 animi
1284 5237 1732 5307 concupiscentis
1779 5250 1981 5306 motus,
2011 5237 2140 5298 ante
2167 5261 2303 5301 con-

735 5323 958 5362 sensum
992 5322 1056 5361 ac
1081 5307 1447 5362 deliberatam
1480 5308 1772 5372 rationem,
1802 5322 1898 5363 seu
1937 5313 2103 5368 etiam
2125 5317 2295 5370 actio-

733 5394 882 5441 nem,
919 5392 1042 5446 qua:
1071 5379 1143 5432 sit
1184 5392 1316 5432 vere
1362 5387 1520 5430 actus
1573 5378 1868 5444 humanus,
1907 5397 2004 5436 seu
2058 5384 2300 5441 hominis

732 5447 949 5523 agentis
971 5462 1040 5500 ex
1060 5446 1294 5523 consilio
1320 5449 1906 5523 nutuque_rationisget
1937 5461 1997 5505 ut
2027 5454 2167 5508 liber
2189 5467 2294 5523 est,

732 5517 910 5592 abeo
939 5532 1050 5570 non
1080 5517 1690 5592 puniantur,_nondum
1725 5519 1882 5592 ineis
1910 5525 2181 5592 completa
2207 5517 2295 5580 ra;

736 5588 881 5666 tione
905 5585 1136 5657 peccati,
1173 5585 1267 5666 sed
1296 5587 1530 5666 quadam
1554 5587 1702 5666 illius
1729 5585 2100 5658 inchoatione,
2140 5597 2296 5666 cujus

735 5659 849 5726 ipsa
907 5656 1247 5728 compressio
1297 5656 1520 5710 virtutis
1559 5658 1722 5711 laude
1768 5675 1880 5713 non
1929 5656 2135 5728 careat,
2162 5656 2294 5720 véra

734 5742 948 5803 morum
982 5727 1236 5803 doctrina
1287 5735 1414 5803 est;
1476 5729 1741 5803 remotior
1774 5736 1954 5803 tamen
1992 5727 2293 5803 tropOlogia

735 5798 952 5852 videtur
980 5811 1048 5851 ex
1073 5797 1168 5851 illo
1195 5789 1356 5853 Deut.
1397 5797 1540 5862 loco,
1566 5800 1724 5868 cujus
1744 5800 1930 5855 mitior
1974 5789 2097 5858 fere
2135 5789 2288 5860 «alia;

2399 605 2602 674 μέλλει,
2656 610 3062 675 τεσσαράκοντα
3100 603 3324 672 ἡμέρας
3371 603 3622 655 πενθείνο
3657 605 3753 655 καὶ
3805 603 3970 656 πάλιν

2399 699 2537 766 μετὰ
2592 697 2785 761 ταῦτα,
2827 698 2990 760 ἄλλας
3038 699 3466 768 τεσσαράκοντα.
3517 698 3626 768 Τὴν
3670 698 3728 750 δὲ
3776 700 3971 751 καλιὰν

2396 790 2664 857 πήγνυσιν
2707 792 2764 841 ἐν
2813 792 2925 852 τοῖς
2970 790 3224 860 δένδροις,
3278 789 3405 842 ἔνθα
3458 790 3532 858 μὴ
3588 790 3970 852 ἐπισκιάζεται

2397 877 2501 928 ὑπό
2529 893 2694 939 τινος,
2729 876 2865 930 ἀλλά
2894 877 3130 947 καθαρὸν
3172 878 3261 930 τον
3288 878 3425 946 ἀέρα
3451 879 3582 946 ἔχει.
3618 879 3883 946 Σημαίνει
3915 879 3969 931 δὲ

2396 967 2482 1018 διὰ
2515 967 2719 1018 τούτων
2744 967 2842 1038 τὴν
2882 967 3251 1038 σωφροσύνην.
3293 967 3439 1036 Αὕτη
3477 970 3584 1037 γαρ
3617 970 3831 1037 ἡγεῖται
3865 983 3968 1017 πτι-

2398 1057 2506 1110 σῶν
2539 1058 2646 1110 τῶν
2676 1059 2918 1130 ἀρετῶνο
2970 1059 3347 1112 ἀποδιάκειται
3380 1060 3435 1111 δὲ
3478 1059 3572 1110 καὶ
3619 1059 3726 1111 τῶν
3771 1058 3966 1127 αἰσθη-

2395 1151 2524 1213 τῶν,
2556 1151 2661 1204 ὑπὸ
2699 1149 2922 1220 μηδενὸς
2972 1150 3301 1220 σκιαζομένη
3352 1150 3460 1202 τῶν
3492 1150 3865 1220 προσκαίρων.
3912 1149 3969 1200 '0

2395 1242 2830 1312 τεσσαρακοστὺς
2858 1242 2962 1314 γὰρ
2981 1242 3231 1312 ἀριθμὸς,
3250 1242 3347 1312 τὴν
3367 1242 3597 1294 ἑκάστου
3615 1242 3722 1293 τῶν
3747 1242 3788 1294 δ’
3820 1258 3968 1294 στοι-

2396 1332 2557 1402 χείων
2585 1334 2901 1402 ἐμπεριέχει
2931 1333 3229 1387 τελείωσιν.

2987 1465 3183 1520 ΕΡΩΤ.
3235 1466 3363 1519 AA'.

2472 1577 2533 1630 Τί
2557 1575 2675 1628 ἐστι
2713 1576 2798 1641 τὸ,
2839 1595 2855 1627 ι
2905 1575 3253 1644 Ἀποδιδοὺς
3283 1577 3570 1646 ἀμαρτ;ἰις
3615 1578 3838 1647 γονέων
3869 1578 3968 1630 ἐπὶ

2398 1667 2609 1730 τέκνα,
2665 1663 2776 1728 ἕως
2811 1665 3013 1733 τρίτης
3055 1666 3151 1719 καὶ
3203 1665 3484 1734 τετάρτης
3542 1666 3779 1735 γενεᾶς,
3844 1668 3968 1733 τοῖς

2395 1755 2646 1823 μισοῦσι
2672 1771 2745 1824 με
2765 1771 2814 1821 ;ι

3040 1867 3279 1936 Ἀπόιιρ.

2467 1957 2696 2029 Πρώτην
2729 1956 2920 2026 γενεὰν
2963 1958 3035 2029 (z)
3075 1959 3452 2029 ὑπειλήφαμεν
3495 1954 3654 2024 εἶναι,
3698 1959 3797 2029 τὴν
3834 1976 3964 2013 σπο·

2401 2048 2496 2120 ρὰν
2526 2049 2618 2102 τοῦ
2651 2048 2822 2102 κακοῦ
2847 2065 2860 2079 ·
2909 2051 3174 2114 τουτέστι,
3205 2050 3303 2119 τὴν
3334 2051 3640 2120 προσϐολήν
3661 2067 3673 2080 ο
3702 2050 3964 2119 δευτέραν

2395 2141 2473 2204 δὲ,
2498 2140 2592 2210 τὴν
2644 2141 2973 2210 ἐπιθυμίανο
3018 2141 3206 2211 τρίτην
3261 2140 3317 2193 δὲ
3361 2146 3460 2212 τὴν
3498 2141 3610 2204 ἕξιν
3650 2141 3743 2193 τοῦ
3797 2140 3967 2192 κακοῦ

2396 2233 2610 2299 γενεᾶς,
2642 2233 2910 2297 τουτέστι,
2946 2231 3041 2303 τὴν
3095 2231 3521 2301 συγκατάθεσιν·
3578 2233 3844 2302 τετάρτην
3889 2233 3966 2295 δὲ,

2395 2323 2494 2392 τὴν
2543 2326 2851 2395 ἐνέργειαν,
2897 2325 3143 2378 τουτέστι
3199 2323 3298 2395 τὴν
3349 2324 3566 2390 πρᾶξιν.
3636 2324 3969 2376 Ἀποδίδοτ;.ι

2394 2409 2487 2467 οὖν
2544 2416 2648 2479 ἕως
2698 2416 2884 2486 τρίτης
2936 2416 3028 2468 καὶ
3074 2416 3338 2488 τετάρτης
3392 2419 3613 2488 γενεᾶς·
3672 2416 3966 2476 τουτέστιν,

2399 2507 2534 2580 ὑπὲρ
2569 2506 2663 2577 τῆς
2703 2506 3150 2577 συγκαταθέσεως
3183 2508 3277 2562 καὶ
3311 2509 3409 2578 τῆς
3439 2509 3706 2582 πράξεως.
3769 2508 3833 2563 Ἠ
3861 2509 3970 2578 γὰρ

2398 2597 2671 2668 προσϐολὴ
2715 2597 2809 2649 καὶ
2851 2599 2884 2667 ἡ
2920 2596 3205 2666 ἐπιθυμία,
3253 2598 3542 2662 ἀνεύθυνὸς
3574 2600 3742 2664 ἐστιν,
3786 2597 3862 2660 ὡς
3894 2598 3968 2666 μὴ

2397 2690 2475 2752 εἰς
2506 2689 2675 2759 πέρας
2702 2686 2794 2741 τοῦ
2830 2687 3002 2742 κακοῦ
3031 2689 3403 2760 προελθόντος.

2992 2905 3188 2959 ΕΡΩΤ.
3245 2905 3370 2959 ΛΒ’.

2469 3019 2600 3088 Πῶς
2625 3019 2850 3088 ὀφείλει
2877 3017 3138 3086 εὐσεϐῶς
3171 3019 3462 3088 νοηθῆναι
3491 3021 3528 3088 ἠ
3557 3019 3627 3073 ὲτ·
3653 3017 3728 3089 τῇ
3760 3017 3971 3090 Γραφῇ

2400 3109 2640 3181 κειμένη
2669 3109 2774 3163 τοῦ
2800 3107 2948 3162 Θεοῦ
2969 3109 3348 3180 μεταμέλεια.

3069 3249 3307 3318 Ἀπόκρ.

2470 3339 2639 3392 Φασὶν
2683 3340 2734 3392 οἱ
2778 3341 2845 3394 τὰ
2893 3341 3012 3393 θεῖα
3041 3341 3279 3406 εὐσεϐῶς
3331 3344 3550 3412 φρονεῖν
3599 3345 3971 3413 διεγνωκότες,

2401 3431 2659 3484 ἀδύνατον
2699 3428 2835 3484 εἶναι
2871 3433 2959 3486 τὸν
2985 3433 3118 3486 Θεὸν
3150 3435 3308 3502 φύσει
3357 3436 3484 3489 ὄντα
3511 3436 3866 3506 δημιουργὸν,
3902 3438 3973 3508 μὴ

2401 3523 2495 3576 καὶ
2529 3523 2830 3595 προνοητὴν
2873 3520 3010 3576 εἶναι
3058 3523 3219 3592 φύσει
3249 3525 3356 3576 τῶν
3406 3525 3971 3596 δεδημιουργημένων.

2401 3613 2464 3666 Εἰ
2489 3613 2543 3666 δὲ
2569 3613 2747 3679 τοῦτο,
2777 3615 2990 3683 ἀνάγκη
3021 3615 3171 3668 πᾶσά
3205 3618 3321 3668 ἐστι
3368 3617 3610 3686 φυσικῶς
3645 3620 3975 3688 προνοουμέ-

2400 3720 2492 3756 νου
2523 3703 2614 3756 τοῦ
2645 3704 2779 3756 θεοῦ
2808 3706 2906 3774 τῆς
2933 3703 3370 3777 ἁνθρωπότητος,
3412 3707 3640 3769 πολλοὺς
3669 3703 3809 3760 εἶναι
3847 3710 3976 3779 παρ’

2401 3795 2548 3865 αὐτῴ
2579 3796 2701 3866 τοὺς
2747 3796 2875 3867 περὶ
2905 3796 3004 3866 τὴν
3039 3797 3440 3868 προνοουμένην
3479 3798 3638 3865 φύσιν
3671 3799 3765 3868 τῆς
3806 3815 3974 3870 σωτη-

2402 3887 2520 3956 ρίας
2563 3887 2818 3957 τρόπους.
2884 3888 3101 3960 Ἐπειδὴ
3159 3888 3267 3956 γὰρ
3325 3891 3690 3960 ἀγχίστροφον
3749 3892 3890 3956 ζῶον
3945 3897 3972 3947 ό

2401 3977 2702 4048 ἄνθρωπος,
2739 3978 2976 4050 εὐχερῶς
3026 3983 3137 4042 τοῖς
3189 3983 3400 4048 καιροῖς
3453 3984 3546 4034 καὶ
3594 3986 3706 4048 τοῖς
3752 3986 3974 4054 τρόποις

2403 4068 3006 4140 συμμεταϐαλλόμενον,
3055 4073 3270 4141 ἀνάγκη
3321 4073 3541 4136 πάντως
3557 4077 3649 4126 καὶ
3687 4076 3784 4145 τὴν
3826 4076 3973 4131 θείαν

2403 4159 2686 4230 Πρόνοιαν,
2713 4159 2888 4211 καίτοι
2914 4159 3011 4231 τὴν
3035 4160 3200 4228 αὐτὴν
3225 4155 3409 4224 οὖσαν,
3431 4162 3973 4231 συμμεταϐάλλεσθαι

2401 4253 2518 4312 ταῖς
2557 4251 2586 4319 ἡ
2597 4249 2710 4319 μῶν
2738 4250 3029 4315 διαθέσεσι,
3060 4250 3148 4304 διὰ
3169 4252 3277 4305 τῶν
3303 4253 3595 4324 προσφυῶς
3627 4255 3972 4324 ἁρμοζόντων

2399 4343 2518 4402 ταῖς
2551 4341 2609 4392 ἐν
2629 4342 2692 4409 τῇ
2726 4339 2883 4408 φύσει
2906 4341 3312 4410 ἀναφυομέναις
3335 4343 3555 4406 κακίαις
3582 4346 3780 4414 τρόπον
3814 4349 3972 4414 ἐφευ-

2406 4431 2711 4501 ρίσκουσαν.
2758 4432 2865 4484 Καὶ
2893 4431 3079 4503 ὥσπερ
3114 4432 3209 4485 ἐπὶ
3246 4433 3343 4502 τῆς
3380 4436 3659 4507 ἰατρικῆς,
3690 4437 3885 4490 πολλαὶ
3918 4439 3971 4490 αι

2401 4525 2571 4596 ταύτῃ
2591 4525 2944 4594 ὑποκείμεναι
2971 4528 3115 4580 νόσοι
3131 4545 3144 4557 ο
3162 4530 3258 4581 καὶ
3273 4528 3486 4598 ἀνάγκη
3514 4529 3606 4581 τὸν
3635 4531 3972 4599 ἐπιστήμονα

2405 4617 2605 4687 ἰατρὸν,
2637 4615 2727 4668 τοῦ
2760 4617 3116 4688 ὑποκειμένου
3141 4618 3390 4689 σώματος
3421 4622 3502 4682 είς
3534 4619 3703 4672 πολλὰ
3730 4623 3828 4674 καὶ
3858 4622 3961 4674 διάι

2402 4725 2543 4781 φορα
2573 4709 2870 4779 παθήματα
2893 4709 3200 4774 πίπτοντος,
3232 4711 3327 4765 καὶ
3360 4712 3520 4765 αὑτὸν
3554 4714 3633 4776 είς
3658 4713 3970 4782 κρείττονας

2404 4799 2636 4871 τρόπους
2682 4801 2790 4854 ἀπὸ
2833 4801 2942 4855 τῶν
2975 4803 3213 4872 ἡττόνων
3267 4803 3643 4876 μεταῦαίνειν·
3678 4803 3855 4868 οὓτως
3883 4805 3974 4858 καὶ

2413 5127 2602 5193 eorum
2620 5115 2892 5186 expositio
2916 5126 3023 5173 est.
3076 5119 3442 5193 Peccantibus
3467 5123 3662 5193 prima,
3705 5126 3970 5190 secunda,

2413 5185 2575 5238 tertia
2599 5194 2654 5239 et
2693 5185 2891 5256 quarta
2935 5192 3390 5264 generationibus
3436 5185 3659 5264 Deoque
3679 5185 3973 5252 dilIerente

2410 5267 2629 5336 poenam
2662 5271 2762 5326 pro
2794 5273 2892 5336 sua
2915 5261 3232 5336 clementia,
3267 5273 3519 5331 quartam
3543 5261 3764 5319 tandem
3802 5282 3970 5336 gene-

2406 5328 2682 5404 rationem
2709 5328 2892 5396 puniri
2917 5329 3070 5382 velut
3093 5339 3242 5385 esset
3279 5328 3523 5388 onmium
3554 5351 3676 5400 rea;
3723 5328 3886 5404 quasi
3921 5338 3974 5390 in

2403 5407 2466 5474 ea
2497 5396 2765 5474 completa
2797 5407 3146 5466 peccatorum
3182 5417 3463 5474 mensura,
3499 5406 3645 5458 ultra
3665 5396 3842 5474 'th-am
3878 5407 3972 5460 Dei

2399 5461 2761 5542 decreto—non
2788 5461 2905 5542 erat
2921 5471 3267 5542 proroganda
3303 5461 3461 5528 illius,
3481 5461 3793 5529 clemen'tia.
3813 5476 3972 5541 Quod

2398 5532 2610 5615 liquido
2641 5535 2715 5614 ita
2750 5532 3051 5615 contigisse
3092 5532 3355 5597 'videmus
3401 5545 3456 5598 in
3501 5545 3674 5598 veteri
3722 5532 3968 5615 populo;

2397 5601 2737 5682 Deosaepius
2759 5601 3113 5682 indulgente;
3149 5618 3400 5682 tumque,
3446 5601 3741 5668 obstinata.
3770 5601 3968 5668 e'oruni

2395 5673 2624 5735 malitia,
2661 5689 2879 5752 pinnam
2923 5673 3260 5752 imminente
3289 5673 3454 5752 'znec
3483 5685 3591 5738 alio
3621 5692 3838 5752 spectat
3881 5699 3973 5738 se-

2395 5747 3264 5825 quens.post_alteratn_qutestio,
3308 5751 3377 5808 de
3414 5755 3589 5810 tribus
3627 5747 3684 5808 ἐι
3727 5765 3965 5825 quatuor

2394 5814 2696 5868 sceleribus
2721 5815 2857 5887 Tyri
2883 5823 2940 5870 et
2958 5814 3201 5875 aliorum.
