4218 6432
257 420 361 482 817

1414 427 1903 498 QUrESTlONES
1943 430 2036 488 ΕΤ
2080 433 2329 491 DUBlA.

3391 441 3494 506 818

251 532 337 583 ἶνα
371 531 575 598 διξΐτῆς
615 533 692 591 εἰς
725 532 886 584 αὑτὸν
920 532 1180 595 πίστεως,
1217 532 1379 602 ἡνίκα
1407 533 1494 585 διὰ
1525 534 1829 604 φιλανθρω-
1857 539 1899 593 Α

1857 539 1899 593 Α
1932 535 2078 590 misit
2114 556 2124 589 :
2160 545 2219 592 ut
2263 539 2474 593 scilicet
2506 555 2602 608 per
2644 542 2802 596 tidem
2842 546 2893 598 in
2936 545 3136 616 ipsum,
3176 562 3299 600 eum
3341 551 3501 604 beni-

250 623 383 674 πίαν
417 624 473 673 ὲν
499 625 562 691 τῇ
586 621 679 674 τοῦ
707 622 832 692 ᾇδου
860 622 1083 692 γένηται
1108 621 1276 692 χώρα,
1296 624 1409 675 ὅσοι
1432 623 1817 685 πιστεύσωσιν,

249 711 424 782 ἀρεοῇ
455 713 635 774 αὐτοῖς
670 714 703 781 ἡ
753 712 853 779 τῆς
886 713 1138 775 ἀσεϐείας
1170 714 1409 782 ἁμαρτία
1436 732 1447 743 ’
1479 715 1574 766 καὶ
1614 714 1821 784 ζήσωσι

249 805 391 855 κατὰ
449 804 579 855 Θεὸν
640 803 943 873 πνεύματι,
999 806 1278 875 κριθέντες
1333 794 1574 874 δηλονότι
1635 805 1819 875 σαρκὶ,

250 892 433 955 καθὼς
468 896 701 964 εἴρηται,
736 895 872 967 ὑπὲρ
923 896 1031 950 τῶν
1076 899 1155 958 εἰς
1200 897 1519 965 ἀνθρώπους
1569 895 1824 967 πλημμε-

250 982 306 1035 λε
317 983 424 1040 ιῶν.

849 1100 1045 1154 ΕΡΩΤ.
1087 1100 1217 1153 All'.

322 1188 386 1239 Τί
438 1188 717 1255 σημαίνει
762 1187 939 1241 Δαὸὶδ
985 1187 1259 1254 ψάλλων,
1303 1185 1401 1239 καὶ
1446 1186 1510 1240 τὸ
1556 1188 1822 1255 nor-npva

249 1277 486 1344 πνεῦμα
521 1278 624 1331 τοῦ
660 1278 857 1332 Σαοὺλ
883 1279 1358 1332 ἀποκαταπαὺων
1384 1318 1397 1340 ,

922 1390 1159 1457 Ἀπόκρ.
1226 1415 1235 1423 ι

322 1482 439 1544 Πᾶς
479 1482 506 1534 ὁ
535 1480 674 1533 κατὰ
722 1479 814 1533 τὸν
867 1482 1133 1552 μακάριον
1187 1481 1348 1533 Δασιδ
1399 1482 1699 1550 ποιμαίνων
1752 1480 1819 1532 τὰ

250 1572 521 1641 πρόϐατα,
550 1570 848 1633 τουτέστιν,
891 1571 951 1622 τὸ
993 1572 1297 1637 λογιστικὸν
1326 1573 1426 1638 τῆς
1458 1571 1631 1639 ψυχῆς
1659 1587 1674 1602 ο
1728 1573 1820 1623 καὶ

248 1662 459 1713 κτένων
491 1660 660 1729 θυμὸν
706 1662 803 1714 καὶΙ
851 1660 1145 1728 ἐπιθυμίαν
1179 1660 1427 1731 καθάπερ
1482 1663 1684 1722 ἐκεῖνος
1728 1660 1819 1712 τὶν

249 1751 441 1804 λέοντα
469 1754 562 1804 καὶ
588 1750 685 1821 τὴν
715 1753 915 1823 ἄρκον·
947 1747 1099 1815 οὗτος
1129 1752 1208 1820 τῷ
1248 1752 1391 1821 λόγῳ
1428 1753 1525 1818 τῆς
1568 1752 1819 1804 διίασκα-

1931 626 2188 694 gnissima
2212 629 2501 683 clementia
2520 630 2584 683 ad
2607 631 2817 687 inferna
2841 633 3239 701 descendisset,
3255 638 3495 692 universi

1930 716 1987 769 in
2022 732 2146 771 eum
2176 719 2464 781 credituri,
2511 721 2810 790 impietatis
2841 733 2992 777 reatu
3021 727 3388 788 solverentur,
3415 726 3497 778 vi.

1930 819 2230 877 vercntque
2274 811 2475 878 spiritu
2513 812 2816 865 secundum
2848 815 3054 878 Deum;
3088 832 3252 870 carne
3287 816 3498 871 scilicet

1922 898 2177 968 judicati,
2209 916 2403 955 eorum
2427 904 2666 967 nomine,
2703 920 2824 974 qua:
2861 906 2915 959 in
2947 906 3195 961 homines
3228 908 3494 976 deliquis-

1927 1000 2069 1044 sent.

2412 1100 2694 1155 lNTERR.
2731 1100 3017 1158 XXXVIII.

1999 1184 2136 1249 Quid
2149 1188 2245 1239 sibi
2268 1187 2387 1240 velit
2420 1188 2585 1243 David
2610 1192 2905 1260 psallendo.
2926 1196 3269 1266 spiritumque
3292 1208 3491 1255 malum

1928 1294 1959 1327 a
1984 1274 2149 1328 Suule
2171 1280 2401 1332 sedando
2438 1298 2499 1333 ac
2523 1283 2809 1350 mitigando
2841 1285 2877 1314 ³⁷
2907 1284 2928 1335 ?

2629 1393 2783 1462 Resp.

1994 1481 2254 1551 Quisquis
2305 1484 2361 1536 in
2414 1483 2557 1537 beati
2606 1485 2822 1539 Davidis
2863 1503 3088 1553 morem,
3139 1506 3270 1546 oves
3320 1495 3494 1561 pascit

1929 1570 2115 1637 (animi
2136 1571 2346 1625 scilicet
2359 1572 2648 1639 cogitantis
2671 1575 2778 1626 vim
2802 1590 2863 1629 ac
2883 1577 3127 1645 rationis)
3145 1594 3207 1633 ac
3228 1582 3379 1636 velut
3404 1584 3493 1637 ille

1926 1661 2140 1714 leonem
2162 1672 2418 1716 etursun.
2445 1664 2602 1731 (iram
2620 1667 3066 1738 eteupiditatem)
3086 1670 3376 1737 occidit";
3404 1673 3493 1727 hic

1926 1751 2189 1805 doctrina:
2228 1767 2533 1806 sermonem
2571 1769 2694 1806 eum
2728 1757 2947 1810 sublimi
2976 1760 3209 1827 quadam
3243 1772 3491 1816 contem-

249 1843 369 1905 λὶας
400 1841 676 1913 χρώμενος
727 1843 866 1913 μετά
907 1860 1048 1905 τινος
1101 1842 1311 1911 ὑψηλῆς
1364 1842 1613 1912 Θεωρίας,
1642 1841 1816 1911 ἡδύνει
1859 1880 1897 1936 Β

1859 1880 1897 1936 Β
1927 1841 2166 1910 platione
2200 1857 2490 1910 usurpans,
2530 1844 2841 1898 audientem
2872 1845 3129 1913 delectat,
3157 1849 3489 1921 vitiososque

250 1934 344 1986 τον
372 1933 655 1995 ἀκούοντα,
682 1935 776 1987 καὶ
801 1935 869 1988 τὰ
900 1937 956 1988 ὲν
983 1933 1132 2004 αὐτῷ
1172 1932 1320 2005 ’πάοη
1351 1935 1448 2005 τῆς
1474 1935 1669 1997 κακίας
1696 1950 1826 1986 κατ-

249 2024 487 2089 εὐνάζει.

850 2138 1045 2193 ΕΡΩΤ.
1080 2137 1181 2192 ΛΘ¹

332 2225 571 2296 Ἐπειδὴ
602 2229 637 2296 ἡ
667 2227 875 2297 Γραφὴ
916 2227 1142 2295 τρανῶς
1170 2228 1348 2297 λέγει,
1379 2228 1465 2281 ὅτι
1492 2228 1709 2281 δέδωκε
1729 2224 1823 2279 δε·

250 2316 435 2382 κάτίις
466 2322 498 2372 ό
551 2320 792 2387 Ἀϐραὰμ
830 2319 907 2385 τῷ
935 2320 1302 2386 Μελχισεδέκ
1328 2337 1340 2349 ·
1390 2320 1587 2383 ἄλλως
1624 2336 1687 2372 τε
1730 2316 1824 2371 καὶ

251 2408 305 2459 εὶ
360 2407 554 2459 πάντα
580 2407 843 2461 ἀπέδωκε
868 2447 882 2469 ,
922 2407 1111 2473 καθὼς
1144 2409 1325 2474 αὐτὸς
1350 2408 1507 2477 λέγει
1535 2453 1545 2467 .
1586 2408 1673 2461 ὅτι
1719 2408 1825 2473 ἕως

252 2496 663 2564 σφαιρωτῆρος
694 2498 1075 2565 ὑποδήματος
1107 2499 1216 2551 οὐκ
1249 2498 1446 2559 ἔλαϐε,
1481 2498 1666 2551 πόθεν
1730 2497 1821 2550 δέη

252 2587 405 2640 δωκε
434 2588 683 2653 δεκάτας
706 2606 723 2651 ;
748 2588 898 2641 Οὐδὲ
933 2588 1041 2656 γὰρ
1070 2589 1245 2652 αὐτὸς
1262 2589 1416 2641 ἴδιόν
1436 2607 1487 2642 τι
1509 2588 1825 2657 ἐπεφέρετο

251 2680 339 2745 εἷς
367 2680 635 2747 πόλεμον
657 2679 996 2748 ἓκπληκτος
1027 2680 1432 2749 ἀπερχόμενος

916 2793 1146 2861 Ἀπόκρ.

335 2886 554 2956 Ἐπειδὴ
587 2888 620 2954 ἡ
651 2886 766 2938 Θεία
804 2887 994 2956 Γραφὴ
1028 2885 1175 2951 ἱερέα
1206 2884 1299 2937 τοῦ
1348 2884 1482 2937 Θεοῦ
1540 2885 1629 2936 τὸν
1679 2886 1823 2938 Μελ-

251 2979 469 3047 χισεδὲκ
502 2977 651 3045 λέγει
685 2973 843 3040 εἶναι,
873 2978 1257 3047 προσηκόντως
1315 2975 1421 3046 ἄρα
1479 2976 1506 3026 ὁ
1572 2976 1823 3046 Ἀϐραὰμ

251 3068 329 3130 ὡς
360 3068 545 3121 λαῖκοῦ
575 3067 723 3132 τάξιν
758 3068 967 3137 ἐπέχων
1008 3066 1293 3119 δεδωκέναι
1324 3067 1399 3136 τῷ
1433 3068 1567 3136 ἱερεῖ
1591 3068 1686 3129 τὰς
1741 3068 1825 3119 δε-

250 3161 424 3222 κάτας
480 3160 919 3229 πιστευθήσεται.
956 3160 1077 3211 Ὀτι
1108 3159 1163 3211 δὲ
1196 3160 1288 3211 καὶ
1314 3154 1427 3227 εἶχε
1496 3158 1660 3211 πόθεν
1717 3176 1819 3213 πα-

252 3254 499 3320 ρασχεῖν,
536 3250 743 3301 ἐκεῖθεν
778 3249 954 3319 δῆλον.
1020 3250 1081 3301 0!
1135 3249 1242 3318 γὰρ
1295 3248 1820 3316 ἐπιστρατεύσαντες

252 3342 487 3410 βασιλεῖς
517 3340 610 3393 ἐπὶ
647 3341 873 3410 Σόδομα,
902 3339 968 3392 ὀὗ
1027 3338 1188 3409 μόνον
1253 3338 1319 3391 τὰ
1374 3339 1621 3407 Σοδόμων
1679 3336 1823 3410 εἶχον

248 3432 527 3495 λαϐόντες,
561 3432 694 3485 ἀλλὰ
723 3431 815 3483 καὶ
850 3430 1024 3484 ἄλλων
1052 3430 1244 3500 χωρῶν
1272 3424 1417 3498 εἶχον
1453 3429 1570 3499 μεθ’
1614 3429 1822 3483 ἑαυτῶν

249 3523 502 3593 λάφυρα,
545 3521 688 3591 ᾇπερ
723 3516 864 3591 ἦσαν
916 3518 1586 3590 προαλγμαλωτεὺσαντες.
1645 3520 1822 3589 "Amp

255 3616 440 3665 πάντα
494 3611 809 3678 κατακόψας
838 3610 1039 3673 αὐτοὺς
1069 3610 1097 3661 ὁ
1152 3608 1421 3680 Ἀϐραὰμ,
1474 3609 1569 3661 καὶ
1622 3608 1819 3671 λαϐὼν,

248 3702 318 3754 τὰ
359 3702 459 3768 μὲν
486 3700 593 3753 τῶν
634 3700 939 3770 Σοδομιτῶν
969 3700 1217 3754 ἀπέδωκε
1241 3715 1254 3727 ’
1286 3700 1354 3752 τὰ
1394 3698 1449 3749 δὲ
1502 3698 1635 3752 ἄλλα
1691 3699 1820 3768 παρ’

221 3789 432 3860 ,ἐαυτῷ
471 3789 755 3859 κατέσχεν,
808 3788 867 3853 ἐξ
891 3782 966 3841 ὧν
999 3788 1094 3842 καὶ
1128 3787 1224 3852 τὰς
1250 3786 1483 3846 δεκάτας
1544 3786 1621 3853 τῷ
1676 3784 1820 3840 Μελ-

249 3882 470 3953 χισεδὲκ
516 3881 841 3952 παρέσχετο.

880 3992 1071 4045 ΕΡΩΤ.
1104 3992 1195 4047 Μ’.

323 4084 493 4148 Τίνος
554 4081 751 4151 χάριν,
804 4085 857 4136 οι
901 4081 1019 4151 μὲν
1071 4083 1222 4134 κατὰ
1285 4081 1472 4149 νόμον
1527 4079 1698 4146 ἱερεῖς
1721 4098 1823 4148 γυ·-

245 4175 465 4238 ναῖκας
504 4175 662 4242 ἔχειν
692 4175 804 4227 οὐκ
830 4172 1165 4227 ἐκωλύοντο
1190 4188 1204 4203 ·
1267 4175 1321 4225 οι
1380 4172 1449 4225 δὲ
1496 4171 1647 4226 κατὰ
1691 4175 1823 4239 Χρι-

247 4265 405 4318 στὸν
429 4264 601 4333 ἱερεῖς
627 4264 977 4326 κωλύονται,
1004 4262 1154 4317 ὅσον
1182 4264 1298 4318 ἀπὸ
1330 4263 1439 4331 τῆς
1463 4265 1822 4331 συνηθείας;

924 4374 1163 4427 Ἀπόκο.

929 4391 1104 4427 Ἀποκ
1151 4414 1163 4427 .

334 4466 551 4536 Ἐπειδὴ
599 4466 633 4536 ἠ
676 4465 771 4518 τοῦ
834 4391 1166 4532 Εὑαγγελίῗυ
1205 4463 1475 4534 ἱερωσύνη
1541 4466 1682 4519 κατὰ
1726 4467 1825 4537 τὴν

251 4558 406 4623 τάξιν
448 4557 779 4627 Μελχισεδὲκ
810 4556 1060 4623 γενέσθαι
1088 4555 1424 4621 πιστεύεται,
1462 4558 1554 4609 καὶ
1585 4558 1646 4609 οὐ
1680 4558 1819 4611 κατὰ

246 4648 350 4717 τὴν
388 4648 538 4712 τάξιν
578 4646 787 4717 Ἀαρών
812 4662 825 4675 ⁸
858 4645 1193 4715 Μελχισεδὲκ
1221 4645 1299 4707 δὲ,
1357 4649 1591 4713 γυναῖκα
1654 4649 1815 4719 ἐσχησ

1928 1930 1981 1983 in
2011 1946 2076 1984 eo
2106 1930 2336 1986 allectus
2358 1946 2421 1995 ac
2448 1931 2705 1988 libidines
2724 1933 2911 1990 sedat.

2345 2128 2505 2199 315
2526 2130 2805 2186 INTERR.
2830 2133 3072 2189 XXXIX.

1993 2218 2125 2273 Cum
2156 2218 2430 2288 Scriptura
2464 2220 2609 2274 clare
2655 2224 2864 2288 habeat,
2901 2227 3099 2279 dedisse
3134 2226 3491 2283 Abrahamum

1925 2309 2149 2362 decimas
2173 2306 2573 2362 Mclchisedeco:
2601 2311 2797 2381 alioqui
2833 2330 2951 2366 vero
2986 2314 3265 2368 reddiderit
3290 2318 3489 2382 omnia,

1924 2402 2001 2452 uti
2025 2401 2131 2468 ipse
2164 2401 2258 2462 ait,
2288 2415 2377 2451 nec
2399 2400 2469 2452 ad
2489 2402 2648 2454 calcei
2668 2420 2826 2471 usque
2854 2403 3071 2472 ligulam
3095 2406 3377 2474 quidquam
3405 2423 3493 2459 ac-

1926 2493 2136 2560 ceperit,
2158 2492 2415 2560 quomodo
2450 2492 2677 2545 decimas
2704 2492 2860 2547 dedit.
2896 2492 3071 2562 Neque
3102 2495 3237 2547 enim
3266 2495 3375 2563 ipse
3400 2504 3487 2548 tu—

1928 2581 2211 2635 multuarie
2250 2586 2531 2653 profectus,
2573 2585 2641 2637 ad
2681 2583 2802 2638 belli
2844 2594 3164 2655 apparatum
3202 2586 3489 2654 quidquam

1926 2672 2179 2726 attulerat
2206 2669 2270 2730 ³⁸³.

2640 2788 2791 2860 Resp.

1996 2877 2132 2931 Cum
2162 2877 2346 2932 divina
2377 2877 2657 2947 Scriptura
2695 2879 3148 2934 Melchisedecum
3184 2880 3277 2935 Dei
3308 2896 3489 2935 sacer-

1926 2968 2107 3022 dotem
2155 2984 2273 3023 csse
2325 2970 2490 3034 dicat,
2543 2980 2666 3039 apte
2720 2972 2907 3039 utique
2961 2972 3320 3034 Abrahamus,
3367 2972 3489 3026 laici

1926 3060 2166 3115 hominis
2213 3062 2327 3130 ipse
2370 3072 2563 3117 tenens
2606 3064 2887 3127 ordinem,
2933 3066 3202 3118 sacerdoti
3253 3066 3492 3119 decimas

1924 3153 2284 3207 mstimabitur
2310 3154 2545 3207 dedisse.
2583 3154 2739 3220 Quod
2770 3171 2899 3209 vero
2937 3171 3045 3209 non
3088 3158 3305 3211 deesset
3346 3156 3490 3212 unde

1924 3245 2216 3314 pneberet,
2256 3245 2380 3299 inde
2414 3247 2606 3314 liquet.
2640 3247 2676 3299 li
2710 3263 2939 3315 namque
2970 3263 3145 3316 reges,
3174 3248 3266 3316 qui
3294 3248 3490 3301 adver-

1923 3351 2016 3390 sus
2040 3337 2329 3390 Sodomam
2352 3338 2756 3406 expeditionem
2784 3348 3159 3407 susceperant,
3177 3354 3286 3391 non
3315 3340 3487 3392 solum

1924 3427 2308 3494 Sodomorum,
2344 3444 2534 3481 verum
2566 3428 2728 3481 etiam
2760 3429 2989 3481 aliarum
3028 3429 3330 3499 regionum,
3355 3444 3490 3498 quas

1923 3528 2049 3573 ante
2099 3520 2465 3588 diripuerant,
2524 3519 2807 3572 manubias
2859 3520 3139 3588 spoliaque
3195 3520 3486 3574 habebant.

1922 3610 2129 3665 Cuncta
2178 3611 2311 3675 hare,
2344 3612 2458 3665 illis
2497 3611 2818 3679 proﬂigatis,
2867 3626 2990 3663 cum
3024 3610 3365 3664 Abrahamus
3399 3618 3488 3662 tu-

1923 3700 2096 3763 lisset,
2122 3716 2244 3769 qua:
2278 3702 2437 3754 era'nt
2466 3699 2852 3753 Sodomorum.
2887 3699 3183 3754 Sodomi‘tis
3215 3700 3487 3765 reddidit;

1924 3792 2133 3860 reliqua
2162 3807 2292 3845 vero
2320 3809 2488 3861 penes
2517 3808 2573 3846 se
2600 3790 2848 3854 retinuit,
2879 3806 2944 3845 ex
2976 3792 3177 3861 quibus
3210 3790 3493 3846 Melchise-

1923 3884 2057 3940 deco
2082 3885 2321 3939 decimas
2353 3885 2605 3953 prmbuit.

2494 4000 2778 4055 INTERR.
2805 4000 2918 4054 XL.

1994 4088 2129 4153 Quid
2146 4107 2319 4144 causa:
2345 4100 2417 4143 est
2458 4108 2550 4144 cur
2573 4091 2766 4161 legales
2782 4090 3077 4145 sacerdotes
3098 4104 3284 4141 uxores
3303 4087 3490 4141 habere

1924 4197 2025 4233 non
2056 4182 2482 4249 prohiberentur;
2510 4182 2797 4236 Christiani
2829 4190 3006 4234 autem
3043 4181 3338 4233 sacerdotes
3363 4196 3486 4248 pro-

1923 4271 2341 4340 hibentur,quod
2376 4272 2444 4325 ad
2468 4273 2887 4325 consuetudinem
2915 4273 3142 4327 attinet?

2630 4386 2785 4455 Resp.

1998 4474 2210 4531 Idcirco
2243 4475 2506 4529 nimirum
2539 4476 2684 4544 quod
2720 4475 3083 4530 sacerdotium
3117 4476 3493 4546 evangelicum

1925 4566 2227 4623 secundum
2257 4566 2506 4620 ordinem
2534 4566 2896 4621 Melchisedcc
2922 4568 3195 4622 exstitisse
3222 4567 3488 4630 creditur,

1918 4673 2027 4711 non
2042 4656 2341 4711 secundum
2359 4656 2604 4711 ordinem
2622 4657 2849 4710 Aaronis
2864 4699 2877 4721 ,
2900 4673 3006 4711 non
3024 4667 3207 4710 autem
3227 4657 3491 4725 scriptum

246 4737 409 4789 κέναι
440 4737 540 4789 οὐκ
603 4735 1036 4805 ἀναγέγραπται.
1106 4734 1444 4802 Ἀναγκαίως
1477 4734 1586 4806 ἄρα
1621 4737 1715 4790 καὶ
1773 4738 1821 4789 οἱ

1917 4757 2003 4802 est
2048 4747 2505 4801 Melchisedecum
2557 4747 2812 4802 habuisse
2873 4763 3116 4801 uxorem.
3171 4746 3487 4800 Necessario

247 4828 396 4882 κατὰ
425 4828 525 4898 τὴν
574 4827 737 4882 αὐτοῦ
795 4826 948 4891 τάξιν
981 4824 1049 4895 (e)
1104 4824 1471 4896 ἱερατεύοντες
1532 4826 1821 4883 ἐπίσκοποι

248 4922 521 4988 γυναῖκας
551 4920 611 4972 οὐ
646 4918 977 4988 προσίενται.

326 5058 375 5090 ³⁷
399 5058 419 5112 l
447 5058 581 5128 Reg.
606 5074 714 5125 xw,
747 5060 832 5116 16.
910 5061 955 5094 ³⁸
980 5060 1002 5115 I
1036 5061 1171 5132 Reg.
1199 5077 1330 5127 xvu,
1361 5062 1449 5118 36.

1923 4836 2107 4905 itaque
2136 4836 2323 4899 etiam,
2358 4835 2453 4903 qui
2480 4836 2784 4891 secundum
2810 4837 2930 4906 ejus
2958 4836 3205 4889 ordinem
3235 4834 3488 4889 sacerdo-

1926 4927 2007 4981 tio
2036 4926 2344 4997 funguntur
2367 4926 2631 4997 episc0pi,
2656 4941 2767 4981 non
2796 4925 3091 4980 admittunt
3118 4940 3370 4980 uxorem.

1526 5064 1571 5096 "
1595 5064 1730 5121 Gen.
1762 5082 1871 5134 xxv,
1895 5070 1965 5125 20
1993 5086 2145 5141 seqq.

326 5175 344 5194 '
379 5170 655 5225 Hactenus
690 5170 894 5241 Regius
933 5173 1053 5228 cod.
1084 5172 1215 5240 Quas
1251 5183 1559 5243 sequuntur
1595 5193 1663 5231 ex
1707 5179 1824 5233 solo
1862 5180 2236 5253 Seguieriano.

329 5303 401 5374 (e)
435 5308 497 5357 Ol
518 5305 667 5358 κατὰ
696 5305 809 5372 τὴν
832 5307 1020 5361 αὐτοῦ
1052 5308 1242 5371 τάξιν.
1273 5306 1429 5374 Quod
1452 5311 1530 5364 sic
1558 5310 1823 5369 Maximus

251 5376 324 5430 ad
344 5376 638 5447 episcopos
676 5377 977 5446 restringit,
1001 5394 1159 5432 usum
1182 5381 1406 5447 respicit
1431 5396 1527 5434 sua
1546 5382 1820 5447 Ecclesite,

251 5460 369 5520 quo
382 5444 726 5520 simplicibus
748 5444 1125 5520 sacerdotibus
1148 5444 1501 5520 indu—lgentur
1531 5452 1781 5520 conjugia
1806 5444 1818 5507 ἐ

253 5516 341 5569 sic
372 5528 567 5581 nempe
604 5514 694 5568 ille
726 5516 989 5579 modeste,
1017 5527 1073 5571 et
1110 5534 1177 5571 ne
1212 5514 1499 5572 videretur
1530 5520 1583 5572 in
1618 5514 1819 5576 omium

252 5600 321 5637 os
377 5598 601 5655 ponere,
660 5600 723 5655 ac
784 5587 1012 5655 simplex
1076 5588 1398 5651 monachus,
1446 5590 1825 5645 sacerdotibus

253 5651 644 5725 praescribere.
674 5651 943 5708 Cmteruin
970 5658 1089 5725 ejus
1127 5657 1266 5709 ratio
1304 5658 1368 5710 ad
1398 5673 1589 5712 omnes
1616 5660 1822 5714 Christi

255 5722 573 5805 quet'doli‘o
598 5724 884 5805 fungentes
911 5722 1159 5805 spectat;
1193 5735 1322 5805 sunt
1343 5730 1490 5805 enim
1525 5729 1609 5805 illi
1631 5746 1822 5785 omnes

253 5790 732 5848 )lelchiscdeciani
764 5790 996 5862 ordinis,
1054 5812 1163 5849 non
1196 5795 1476 5861 Aaroniei,
1530 5799 1824 5856 oll‘crcntes

1929 5328 1985 5374 et
2019 5320 2120 5389 ipsi
2149 5334 2341 5389 panem
2372 5325 2427 5372 et
2448 5319 2645 5389 rvinum
2679 5318 2909 5388 (corpus
2939 5317 3147 5389 scilicet
3170 5332 3247 5389 ac
3271 5318 3494 5388 sangui-

1930 5388 2053 5443 nem
2087 5388 2288 5443 Christi
2323 5388 2699 5455 conﬁcientes)
2725 5404 2789 5441 ac
2807 5403 2967 5455 quos.
2994 5388 3218 5456 perinde
3255 5403 3319 5440 ac
3373 5390 3495 5457 epi-

1927 5474 2142 5529 scopos,
2176 5459 2405 5511 maxima
2436 5458 2561 5512 inde
2607 5460 2867 5511 sanctitas
2918 5458 3362 5529 raeucastimonia
3394 5460 3494 5511 de-

1928 5527 2049 5584 ceat
2077 5547 2088 5581 :
2121 5544 2283 5598 quam
2308 5538 2364 5580 et
2391 5537 2599 5581 statuto
2634 5543 2735 5580 suo
2785 5529 2853 5580 ab
2879 5528 2962 5580 eis
3002 5527 3266 5598 Ecclesia
3296 5536 3485 5581 sancte

1927 5597 2272 5680 esigat‘.’non
2304 5599 2655 5680 utntemplutn
2683 5598 2895 5677 Domini
2927 5597 3223 5676 majoribus
3259 5597 3494 5676 impudi-

1927 5666 2073 5723 citiis
2106 5669 2159 5721 in
2195 5683 2252 5721 se
2281 5669 2525 5737 polluant
2554 5706 2568 5727 ,
2589 5682 2732 5737 rvere
2758 5668 3058 5736 majestatis
3094 5666 3193 5731 rei,
3223 5683 3384 5734 quam
3412 5667 3494 5721 sic

1928 5740 2145 5803 adeam,
2175 5738 2474 5807 quidquam
2510 5736 2807 5805 indulgeat.
