4218 6432
702 428 804 486 827i

1867 423 1928 479 S.
1965 421 2249 480 ΜΑΧΙΜΙ
2289 418 2794 479 (ΣΟΧΡΕΞΒΟΙΠΞ

3850 413 3953 479 824

698 537 871 588 minor
913 541 987 585 cst
1040 533 1095 584 in
1133 546 1291 601 regno
1345 531 1624 593 caelorum,
1675 525 1848 598 major
1893 539 1969 583 est
2008 530 2102 584 illo
2129 529 2214 582 "‘P
2239 549 2257 581 ι
2294 537 2364 596 ΑΙ

2294 537 2336 591 Α
2361 530 2706 597 μικρότερος
2765 529 2834 582 ἐν
2857 525 2930 593 τῇ
2966 526 3256 591 ,ϐασιλείᾳ
3292 525 3410 578 τῶν
3466 521 3760 591 οὐρανῶν,
3828 530 3953 589 μεί-

1407 731 1559 801 Resp.

764 824 1025 892 Quisquis
1053 838 1161 891 pra.
1189 823 1396 879 Joanne
1422 839 1541 877 sese
1565 823 1938 877 humiliaverit
1963 823 2092 894 (hoc
2117 825 2265 879 enim

695 917 799 970 sibi
827 916 962 980 vult,
989 915 1154 984 318
1184 914 1330 984 quod
1362 915 1571 969 dictum
1604 925 1711 978 est,
1740 916 1954 985 minor),
1978 916 2071 970 ille
2092 917 2266 986 major

693 1014 777 1058 est
818 1004 1046 1058 Joanne.
1083 1004 1178 1057 Vel
1219 1005 1385 1058 etiam
1430 1005 1593 1058 aliter
1635 1023 1648 1056 :
1697 1004 1824 1074 quia
1865 1004 2104 1060 Joannes
2145 1023 2264 1060 eam

695 1095 1178 1165 contemplationis
1222 1098 1362 1158 vim,
1398 1112 1562 1166 quam
1604 1113 1706 1166 pro
1747 1098 1848 1152 hoc
1888 1112 2004 1150 aevo
2049 1099 2265 1166 assequi

695 1186 845 1246 licet,
875 1185 1357 1254 comprehendisse
1383 1185 1752 1248 existimatur,
1780 1187 1973 1253 exigua
1999 1197 2269 1240 extrema-

694 1290 802 1343 que
846 1290 913 1328 eo
953 1285 1097 1329 statu
1139 1275 1234 1343 qui
1273 1275 1496 1330 futurus
1532 1283 1636 1341 est,
1669 1276 1975 1330 exhibenda
2017 1277 2266 1342 scientia,

699 1367 870 1435 major
905 1375 1010 1429 est,
1042 1381 1205 1433 quam
1248 1367 1513 1436 quidquid
1558 1367 1810 1435 praesenti
1851 1383 1966 1421 :evo
2005 1369 2265 1423 scicntia-

698 1473 820 1511 rum
852 1457 1106 1513 habetur.
1137 1458 1234 1512 Vel
1265 1460 1359 1527 qui
1393 1459 1536 1512 inter
1561 1459 1812 1512 homines
1836 1474 2083 1514 summus
2113 1461 2268 1515 theo-

695 1549 854 1617 logus
888 1549 1158 1619 longeque
1197 1548 1508 1603 divinorum
1548 1550 1777 1604 scientia
1816 1552 2267 1619 provectissimus

695 1649 798 1698 est,
824 1648 1099 1708 postremo
1131 1640 1274 1693 inter
1295 1639 1517 1707 angelos
1545 1640 1725 1692 minor
1749 1648 1855 1695 est.
1875 1641 1982 1693 Aut
2005 1638 2262 1708 denique,

695 1733 788 1801 qui
835 1732 1138 1788 secundqu
1183 1730 1555 1798 evangelicam
1598 1731 2003 1786 institutionem
2048 1739 2265 1799 postre-

2382 619 2492 679 ζων
2516 618 2707 672 αὐτοῦ
2757 618 2951 682 ἐστιν;

3043 729 3284 795 Ἀπόκρ.

2445 826 2634 884 Ὅστις
2703 822 2844 892 ὑπὲρ
2895 821 2987 873 τὸν
3048 821 3300 889 Ἰωάννην
3358 817 3691 872 ταπεινώσει
3759 820 3958 885 ,ἑαυτὸν

2375 915 2555 985 (τοῦτο
2585 913 2696 983 γάρ
2739 916 2854 966 ἐστι
2890 913 2972 979 τὸ,
3012 909 3419 981 μικρότερος),
3471 910 3681 974 ἐκεῖνος
3757 913 3960 980 μείζων

2373 1009 2491 1060 ἐστὶ
2517 1007 2611 1059 τοῦ
2675 1005 2943 1058 Ἰωάννου.
3001 1005 3070 1057 Ἦ
3100 1003 3194 1056 καὶ
3226 1001 3426 1066 ἄλλως,
3474 1003 3670 1072 ἐπειδὴ
3709 1005 3737 1056 6
3778 1004 3960 1055 Ἰωάν-

2373 1118 2471 1170 νης
2503 1103 2601 1170 τὴν
2627 1098 2858 1152 ἐνταῦθα
2892 1096 3119 1166 ὲφικτὴν
3161 1095 3251 1149 διὰ
3291 1094 3531 1165 θεωρίας
3576 1095 3778 1162 γνῶσιν
3825 1112 3960 1147 κατ-

2370 1195 2650 1264 ειληφέναι
2677 1193 2993 1246 πιστεύεται
3018 1232 3034 1254 ,
3061 1193 3096 1261 ἡ
3155 1192 3332 1261 μικρὰ
3385 1191 3480 1244 καὶ
3534 1192 3823 1245 τελευταία
3861 1210 3963 1243 κα-

2372 1285 2440 1335 τὰ
2482 1285 2579 1354 τὴν
2642 1285 2937 1354 μέλλουσαν
2987 1282 3323 1352 φανήσεσθαι
3363 1281 3704 1334 κατάστασιν
3733 1281 3960 1348 γνῶσις,

2375 1372 2575 1441 μείζων
2608 1373 2840 1442 ὑπάρχει
2890 1373 2987 1440 τῆς
3033 1370 3292 1424 ἐνταῦθα.
3342 1373 3414 1424 'II
3448 1372 3544 1422 καὶ
3580 1373 3608 1422 6
3642 1373 3701 1422 ὲν
3746 1371 3962 1440 ἀνθρὼ-

2378 1479 2502 1524 ποις
2555 1464 2723 1532 ἄκρος
2765 1461 3015 1529 Θεολόγος
3062 1462 3154 1514 τοῦ
3207 1464 3264 1513 ὲν
3292 1461 3545 1529 ἀγγέλοις
3583 1463 3818 1530 ἐσχάτου
3845 1462 3962 1513 ἐστὶ

2375 1552 2715 1622 μικρότερος.
2768 1536 2838 1604 'II
2872 1553 2964 1604 καὶ
3014 1554 3042 1604 6
3065 1552 3206 1604 κατὰ
3233 1552 3328 1621 τὴν
3368 1550 3962 1625 ἀγγελικὴνμύαγτεὶηῖ

2372 1644 2650 1696 ⁸πολιτείαν
2696 1643 2795 1712 τὴν
2828 1644 3062 1715 ἐσχάτην
3092 1640 3229 1713 ἔχων
3249 1643 3421 1708 τάξιν,
3445 1643 3541 1696 τοῦ
3565 1644 3703 1696 κατὰ
3734 1646 3836 1715 τὴν
3874 1661 3961 1697 vo-

2376 1731 2540 1803 μικὴν
2583 1733 2927 1804 δικαιοσύνην
2959 1734 3152 1804 ἄκρου,
3186 1733 3389 1804 μείζων
3417 1734 3558 1787 ἐστί.

697 1841 846 1879 mum
861 1825 1073 1879 obtinet
1111 1823 1339 1893 gradum
1359 1861 1374 1888 ,
1408 1841 1665 1895 supremo
1685 1873 1697 1892 ,
1728 1830 1876 1900 quod
1905 1830 1974 1885 ad
2004 1826 2229 1900 legalem
2248 1823 2519 1895 justitiam
2543 1825 2761 1893 attinet,
2787 1828 2962 1898 major
2986 1837 3089 1882 est.

1218 1935 1500 1990 INTERR.
1537 1936 1766 1991 XLVIII.

767 2025 906 2089 Quid
934 2027 1031 2078 sibi
1058 2025 1168 2080 vult
1192 2025 1325 2079 illud
1352 2026 1753 2081 Proverbiorum
1781 2046 1798 2080 :
1830 2049 1847 2080 ι
1876 2027 2063 2082 Μωιαὶ
2088 2039 2276 2083 manus

693 2115 1001 2181 imminens,
1028 2133 1130 2170 non
1157 2119 1254 2171 erit
1277 2119 1522 2172 innocens
1541 2119 1618 2170 l"1’
1651 2139 1668 2169 ι

1415 2235 1571 2304 Resp.

770 2323 986 2376 Actioni
1034 2325 1294 2381 studiosae
1331 2325 1526 2380 malam
1563 2327 1838 2382 actionem
1875 2327 2131 2395 miscens,
2165 2344 2275 2383 non

693 2413 805 2469 erit
831 2413 1118 2469 innocens.

1239 2511 1515 2582 ιΝτειιιι.
1550 2527 1738 2584 xux.

765 2622 907 2688 om
947 2625 1047 2678 sibi
1085 2622 1198 2679 vult
1234 2641 1252 2679 :
1296 2643 1314 2676 ι
1353 2620 1554 2695 Septies
1593 2623 1741 2678 cadet
1765 2623 1975 2692 justus,
2009 2629 2059 2677 et
2094 2627 2272 2677 resur-

695 2725 780 2782 get
801 2713 880 2768 ⁸⁸2
907 2733 926 2764 ι

1409 2818 1563 2896 Resp.

765 2912 983 2972 Justum
1028 2913 1135 2969 hoc
1171 2913 1316 2979 loco,
1347 2915 1527 2970 solum
1564 2929 1696 2970 vere
1733 2915 1942 2986 justum
1980 2915 2274 2970 Dominum

697 3013 948 3057 nostrum
975 3005 1161 3060 Jesum
1191 3004 1471 3060 Christum
1503 3006 1902 3071 existimemus,
1928 3020 2112 3076 opera:
2144 3022 2272 3074 pre-

699 3097 836 3149 tium
862 3103 968 3150 est.
989 3097 1126 3162 Quia
1156 3097 1324 3167 igitur
1351 3097 1466 3166 ipse
1495 3098 1552 3152 in
1576 3099 1738 3154 nobis
1765 3107 1881 3152 tum
1910 3100 2107 3153 cadere
2133 3099 2272 3153 dici-

707 3196 820 3251 tur,
857 3197 973 3242 tqu
1009 3204 1315 3259 resurgere,
1343 3190 1497 3245 velut
1525 3191 1620 3260 qui
1653 3201 1840 3246 nostra
1857 3191 2276 3256 omnia,huma-

2976 1941 3174 1994 ΕΡΩΤ.
3242 1942 3383 1998 Mﬂ'.

2453 2030 2517 2082 Τί
2555 2030 2708 2094 ἐστι,
2749 2031 2816 2083 τὸ
2880 2029 3000 2083 τῶν
3044 2032 3402 2100 Παροιμιῶν,
3467 2051 3487 2086 ι
3515 2033 3673 2102 Χειρί

2376 2110 2671 2188 ἐμϐαλὼν,
2702 2123 2814 2176 οὐκ
2840 2121 3253 2188 ἀθωωθιξσεται
3281 2141 3300 2187 ;
3340 2144 3359 2176 ι

3045 2238 3104 2292 Ἀ
3113 2239 3282 2292 πόκο.

3045 2244 3058 2259 ’
3113 2244 3227 2290 πόκ
3267 2278 3282 2292 .

2455 2323 2656 2398 Πράξει
2705 2325 2946 2398 ὲναρέτῳ
2976 2328 3006 2382 6
3043 2244 3263 2400 «A955:
3304 2328 3519 2400 μίσγων
3569 2329 3803 2400 φαύλην,
3859 2328 3958 2382 οὐκ

2377 2415 2609 2486 ἁθωωθή
2619 2433 2788 2470 σεται.

3757 2032 3963 2103 κεῖραι·

2991 2529 3193 2587 ΕΡΩΤ.
3222 2532 3358 2587 ΜΘ.

2454 2621 2516 2674 Τί
2542 2621 2674 2676 ἐστι
2706 2622 2794 2688 τὸ,
2834 2641 2853 2674 ι
2874 2617 3156 2689 Ἑπτὰκις
3203 2623 3474 2678 πεσεῖται
3495 2626 3532 2679 δ
3552 2624 3806 2692 δίκαιος,
3850 2640 3866 2672 ι
3883 2623 3961 2679 ea!

2374 2712 2782 2782 ἀναστήσεται
2807 2730 2826 2779 ;
2863 2733 2884 2767 ι

3045 2827 3107 2882 Ἀ
3117 2829 3296 2896 πόκρ.

2463 2911 2681 2966 Δίκαιον
2719 2913 2978 2979 ἐνταῦθα,
3011 2914 3106 2968 τδν
3139 2917 3300 2984 μόνον
3351 2915 3568 2986 ἀληθῶς
3594 2917 3806 2972 δίκαιον
3861 2919 3962 2973 τὸν

2376 3001 2580 3070 Κύριον
2609 3001 2766 3071 ἡμῶν
2821 3003 3029 3067 Ἰησοῦν
3058 3004 3294 3074 Χριστὸν
3323 2989 3730 3075 ὑπολαμϐάνειν
3753 3007 3957 3078 χρεών.

2388 3091 2540 3144 Ἐπεὶ
2567 3088 2661 3163 οὖν
2711 3093 2873 3156 αὐτὸς
2903 3094 2960 3146 ἐν
3006 3095 3138 3164 ἡμῖν
3185 3094 3401 3162 λέγεται
3450 3098 3544 3150 καὶ
3597 3098 3823 3152 πίπτειν
3864 3099 3961 3152 καὶ

2376 3181 2717 3245 ἀνίστασθαι,
2745 3183 2821 3246 ὡς
2867 3183 2938 3236 τὰ
2987 3184 3231 3254 ἡμέτερα
3287 3185 3467 3238 πάντα
3519 3186 3609 3240 διὰ
3653 3187 3963 3258 φιλανθρω-

702 3280 930 3333 nissima
984 3281 1186 3349 pietate
1239 3282 1565 3350 susceperit.
1616 3281 1831 3337 Cecidit
1879 3298 2010 3336 vero
2065 3277 2340 3352 septiesC

2299 3277 2340 3334 C
2375 3270 2504 3327 πίαν
2555 3273 2983 3344 καταδεξάμενος
3015 3292 3032 3307 ο
3056 3275 3218 3328 ἔπεσε
3246 3277 3302 3329 δὲ
3347 3280 3381 3347 ἡ
3408 3278 3569 3346 φύσις
3612 3279 3770 3349 ἡμῶν
3793 3281 3963 3334 ἑπτά-

701 3369 939 3422 lmmana
971 3379 1199 3434 natura,
1224 3371 1465 3439 primum
1497 3371 1662 3440 primi
1695 3372 1940 3441 parentis
1975 3382 2275 3441 transgres-

699 3459 886 3525 sione,
920 3476 1040 3528 quze
1085 3457 1260 3528 prima
1301 3461 1610 3527 exstiterit;
1655 3471 1771 3516 tum
1812 3470 2081 3516 attentato
2118 3463 2274 3517 Caiui

701 3549 1000 3603 homicidio
1021 3552 1087 3614 '°,
1123 3551 1219 3620 qui
1262 3551 1466 3606 caedem
1506 3553 1660 3622 prior
1701 3552 2034 3624 designavit;
2076 3555 2272 3618 tertio,

700 3639 892 3694 Noemi
920 3648 1102 3705 :etate,
1130 3656 1230 3712 per
1253 3657 1416 3712 quam
1443 3658 1553 3698 nou
1583 3645 1883 3714 permansit
1912 3646 2151 3714 Spiritus
2177 3646 2273 3700 Dei

703 3732 756 3785 in
786 3731 1122 3797 hominibds,
1153 3748 1220 3787 eo
1248 3735 1398 3803 quod
1427 3750 1624 3791 carnes
1650 3745 1862 3802 essent;
1894 3747 2110 3807 quarto,
2140 3748 2276 3792 tem-

701 3837 836 3890 pore
865 3832 1158 3877 exstructa:
1187 3825 1385 3892 turris;
1417 3818 1632 3896 quinto,
1655 3826 1949 3883 Abrahami
1976 3838 2154 3894 :etate,
2177 3830 2272 3898 qui

700 3913 852 3968 solus
895 3914 1100 3983 placuit
1134 3914 1245 3970 Deo
1265 3917 1342 3981 ";
1387 3925 1561 3982 sexto,
1595 3919 1698 3972 sub
1737 3917 1941 3990 Moyse,
1973 3920 2056 3975 sic
2089 3920 2275 3976 adulta

701 4013 968 4073 auctaque
995 4006 1114 4073 ejus
1143 4007 1317 4061 aetatis
1345 4007 1632 4062 hominum
1667 4009 1969 4079 impietate,
2000 4021 2061 4066 ut
2083 4010 2276 4066 adver-

701 4111 796 4148 sus
821 4111 940 4148 eam
965 4097 1183 4166 adjutor
1207 4099 1322 4167 ipse
1345 4117 1375 4153 a
1401 4100 1512 4154 Deo
1536 4101 1681 4154 mitti
1707 4101 1988 4169 debuerit;
2018 4104 2272 4172 septimo,

702 4185 1095 4255 prophetarum
1129 4198 1320 4255 actate,
1346 4206 1467 4260 qua:
1501 4193 1817 4262 superiores
1849 4202 2038 4248 aatates
2069 4195 2275 4264 majore

702 4278 1003 4346 impietatis
1047 4283 1269 4335 cumulo
1314 4285 1616 4352 superavit.
1645 4284 1802 4351 Quod
1850 4285 2036 4356 igitur,
2069 4287 2147 4340 uti
2188 4287 2275 4340 di-

703 4379 854 4424 ctum
895 4381 1012 4435 est,
1042 4382 1236 4426 natura
1276 4374 1512 4428 humana
1553 4376 1757 4444 septies
1797 4376 2098 4440 ceciderat,
2136 4375 2278 4430 hanc

701 4457 968 4514 Dominus
999 4461 1260 4517 ineffabili
1289 4465 1493 4534 pietate
1516 4477 1698 4520 motus
1721 4466 2000 4530 excitavit,
2026 4466 2132 4521 sibi
2160 4467 2276 4536 ipse

703 4551 952 4605 eamdem
989 4563 1242 4610 naturam
1278 4555 1482 4612 unione
1519 4573 1641 4626 qua:
1673 4566 1759 4613 est
1787 4572 1886 4627 per
1918 4559 2274 4629 liypostasim,

703 4642 984 4710 copulatis.

1200 4941 1365 5012 319
1401 4942 1680 4997 ιΝτΕιιιι.
1718 4942 1780 4999 L.

775 5031 914 5097 Quid
948 5033 1048 5088 sibi
1084 5033 1197 5086 vult
1229 5033 1366 5087 illud
1399 5035 1760 5104 evangelicum
1793 5051 1813 5091 :
1853 5054 1873 5088 ι
1911 5035 2055 5090 Lava
2085 5040 2278 5109 {aciem

705 5133 875 5189 tuam,
901 5133 951 5178 et
977 5140 1110 5195 unge
1139 5134 1296 5194 caput
1323 5132 1474 5178 tuum
1489 5127 1534 5158 "
1564 5125 1588 5178 ?
1616 5147 1634 5178 ι

1416 5325 1572 5396 Resp.

774 5413 966 5470 Facies
997 5423 1210 5480 nostra,
1237 5414 1348 5469 vita
1379 5424 1485 5480 est,
1512 5431 1633 5485 quze
1667 5416 1824 5485 quasi
1858 5415 2061 5482 vultus,
2089 5417 2250 5487 quale

703 5505 876 5558 simus
907 5503 1212 5558 secundum
1244 5503 1562 5558 interiorem
1589 5504 1869 5558 hominem
1899 5506 2070 5560 certis
2098 5507 2280 5561 ducti-

703 5596 807 5651 bus
829 5604 1206 5666 reprznsentet.
1231 5593 1382 5650 Hanc
1407 5596 1572 5667 igitur
1595 5595 1876 5666 Scriptura
1904 5597 2085 5652 lavare
2102 5598 2280 5670 jubet,

772 5753 818 5786 δ’
847 5752 1034 5807 Matth.
1067 5769 1142 5816 ιι,
1174 5753 1232 5806 Η
1260 5769 1275 5817 ;
1305 5752 1439 5806 Luc.
1477 5770 1569 5816 vn,
1601 5754 1689 5810 28.

695 5831 894 5900 3scqq.
983 5822 1060 5890 xx,
1091 5825 1128 5878 2
1153 5838 1308 5895 seqq.
1339 5840 1434 5892 xu,
1463 5825 1486 5878 l
1544 5840 1706 5896 seqq.
1757 5827 1802 5859 "
1830 5825 2022 5882 Matth.
2053 5840 2124 5892 ιιι,
2157 5825 2238 5882 l7.

1789 5754 2034 5826 “HProv.
2069 5771 2173 5817 xvr,
2211 5756 2262 5810 5.
2338 5757 2382 5789 ⁸⁵
2413 5758 2573 5814 Prov.
2602 5774 2746 5826 xxxv,
2774 5759 2858 5814 16.
2935 5759 2981 5790 ⁵ο
3006 5757 3140 5814 Gen.
3171 5774 3248 5822 ιιι,
3277 5757 3339 5826 6;
3368 5774 3438 5825 tv,
3459 5758 3521 5813 ’8.

2376 3382 2481 3428 κις,
2563 3367 2705 3419 κατά
2756 3383 2816 3418 τε
2880 3367 2978 3437 τὴν
3057 3368 3152 3419 τοῦ
3224 3371 3568 3440 προπάτορος
3642 3371 3959 3441 παράβασιν

2375 3454 2595 3524 πρώτην
2640 3447 3043 3526 γεγενημένην·
3087 3457 3347 3525 δευτέραν
3381 3458 3460 3520 δὲ,
3517 3459 3618 3526 τὴν
3669 3458 3959 3528 τολμηθεῖ-

2376 3563 2475 3600 σαν
2501 3546 2596 3598 τοῦ
2646 3547 2786 3599 Κὰῖν
2819 3541 3157 3616 μιαιφονίαν,
3194 3549 3412 3614 πρῶτον
3456 3551 3958 3618 καινοτομήσαντος

2375 3636 2573 3704 φόνον·
2622 3636 2812 3706 τρίτην
2843 3639 2936 3690 ἐπὶ
2981 3638 3078 3707 τῆς
3121 3639 3260 3690 κατὰ
3284 3638 3374 3691 τδν
3420 3638 3543 3691 Νῶε
3591 3641 3813 3706 γενεᾶς,
3874 3641 3958 3706 ἐφ’

2372 3722 2440 3798 ἦς
2498 3729 2559 3782 ού
2635 3729 2921 3798 κατέμεινε
2977 3729 3038 3782 τὸ
3115 3730 3336 3800 Πνεῦμα
3385 3730 3480 3784 τοῦ
3533 3731 3692 3795 Θεοῦ,
3743 3730 3836 3782 διὰ
3902 3731 3960 3783 τδ

2373 3818 2510 3873 εἶναι
2561 3821 2757 3883 αὐτοὺς
2799 3820 3047 3889 σάρκας·
3112 3822 3397 3891 τέταρτον,
3447 3821 3540 3873 ἐπὶ
3599 3821 3702 3888 τῆς
3750 3838 3959 3890 πυργο-

2374 3911 2596 3974 ποιίας·
2643 3911 2912 3981 πέμπτον,
2961 3913 3054 3964 ἐπὶ
3107 3913 3206 3981 τῆς
3257 3911 3351 3965 τοῦ
3446 3906 3698 3982 Ἀϐραὰμ
3746 3915 3958 3979 γενεαῖ,

2377 4003 2436 4068 ἐξ
2496 3998 2563 4073 ἦς
2620 4003 2780 4071 μόνος
2852 4002 3013 4064 αὐτὸς
3049 4002 3126 4072 τῷ
3173 4002 3295 4072 Θεῷ
3321 4003 3661 4074 εὐηρέστησε
3694 4019 3710 4034 °
3772 4004 3956 4073 ἕκτην,

2375 4093 2466 4144 ἐπὶ
2495 4091 2588 4143 τού
2625 4091 2921 4153 Μωῦσέως,
2961 4093 3039 4154 είς
3066 4093 3320 4144 τοσοῦτον
3354 4093 3454 4160 τῆς
3506 4092 3593 4144 ἐπ’
3633 4090 3828 4145 αὐτοῦ’
3866 4110 3957 4159 γε·

2374 4185 2501 4245 νεᾶς
2536 4183 2726 4245 ἀϐεῖας
2749 4183 3115 4250 ἐξοκει).ἀσης,
3135 4183 3210 4245 ὡς
3228 4183 3388 4236 αὑτὸν
3407 4185 3486 4246 είς
3515 4181 3839 4252 ἐπικουρίαν
3866 4182 3960 4250 τῆς

2375 4274 2643 4342 τοσαύτης
2677 4272 2932 4337 ἀσεϐείας
2981 4275 3089 4327 ἀπὸ
3119 4273 3253 4326 Θεοῦ
3287 4273 3608 4344 πεμφθῆναι
3638 4290 3652 4303 ο
3707 4273 3954 4342 ἕϐδομον,

2377 4366 2467 4417 ἐπὶ
2513 4365 2614 4434 τῆς
2651 4365 2758 4416 τῶν
2807 4366 3100 4434 προφητῶν
3152 4368 3366 4433 γενεᾶς,
3421 4367 3541 4434 ἥτις
3597 4366 3696 4427 τὰς
3759 4365 3958 4434 προλα-

2377 4456 2577 4520 ϐούσας
2602 4455 2796 4523 γενεὰς
2834 4457 2913 4519 είς
2965 4457 3164 4519 κακίας
3242 4457 3440 4527 μέτρον
3505 4455 3956 4526 ὑπερηκόντισεν.

2391 4547 2544 4599 Ἐπεὶ
2594 4541 2706 4611 οὖν,
2769 4545 2844 4608 ὡς
2881 4548 3116 4617 εἴρηται,
3179 4541 3407 4609 ἑπτάκις
3452 4547 3645 4598 ἔπεσεν
3699 4548 3732 4616 ή
3788 4547 3958 4615 φύσις

2308 4609 2351 4664 D
2380 4637 2558 4706 ἡμῶν,
2600 4609 2804 4708 ταύτην
2871 4609 3064 4708 ἀράτω
3104 4609 3512 4709 -φιλανθρωπία
3567 4609 3816 4707 νικηόεὶς
3861 4609 3956 4691 dv-

2381 4727 2611 4796 έστησεν
2648 4728 2676 4778 6
2732 4726 2957 4795 Κύριος,
3010 4727 3177 4798 αὐτὴν
3205 4728 3303 4798 τὴν
3343 4730 3502 4796 φύσιν
3552 4728 3757 4789 ἐνώσας
3783 4727 3962 4797 ἑαυτῷ

2382 4819 2506 4872 καθ’
2561 4821 2870 4873 ὒτυόστασιν.

3011 4935 3208 4987 ΕΡΩΤ.
3237 4935 3329 4986 ΙΨ.

2457 5026 2518 5079 Τί
2566 5026 2845 5095 σημαίνει
2900 5025 2967 5078 τὸ
3023 5024 3412 5092 Elabar-Mlier,
3438 5023 3670 5093 λέγον,
3711 5043 3730 5074 ι
3772 5025 3960 5092 Nigra;

2381 5134 2498 5172 σου
2556 5117 2624 5172 τὸ
2671 5119 3018 5186 πρόσωπον,
3075 5115 3176 5170 καί
3221 5117 3468 5186 ἄλειψαί
3523 5133 3641 5171 σου
3689 5116 3810 5185 τὴν
3861 5134 3957 5172 κε-

2377 5197 2584 5282 φαλήν
2602 5226 2652 5275 ;›

3059 5322 3288 5389 Ἆπόκρ.

2453 5413 2526 5466 Τὸ
2578 5415 2870 5484 πρόσωπον
2909 5414 3066 5485 ἡμῶν
3115 5415 3262 5466 ἐστιν
3302 5415 3331 5467 6
3371 5412 3504 5482 βίος,
3537 5413 3960 5485 χαρακτηρίζων

2384 5507 2634 5578 καθάπερ
2660 5510 2693 5576 ἡ
2715 5508 2837 5577 ὄψις
2866 5508 3038 5560 ὁποῖοί
3063 5507 3207 5569 τινές
3231 5509 3398 5577 ἐσμεν
3425 5507 3564 5560 κατὰ
3594 5506 3689 5559 τὸν
3720 5506 3834 5560 ἔσω
3867 5507 3960 5560 ἄν·-

2383 5599 2618 5674 θρωπον.
2645 5600 2815 5653 Τοῦτο
2845 5596 2938 5654 οὖν
2985 5601 3014 5652 6
3057 5599 3214 5668 λόγος
3247 5597 3682 5670 παρακελεύεται
3722 5598 3956 5660 νίπτειν,

3634 5757 3678 5789 τ¹
3711 5755 3850 5812 Gen.
3877 5769 3950 5819 vi,
