4218 6432
217 416 322 483 835
1400 424 1891 495 QUIESTIONES
1930 428 2021 487 ET
2061 426 2315 491 DUBIA.
3365 437 3469 503 826

218 527 465 582 τουτέστι
523 530 804 599 καθαίρειν
844 532 931 585 τὸν
970 533 1097 601 βίον,
1134 529 1353 602 κηλῖδος
1387 535 1570 604 πάσης
1604 536 1789 606 ἁμαρο
1817 541 1859 595 Α

1817 541 1859 595 Α
1892 535 1997 591 hoc
2031 547 2134 599 est,
2162 540 2230 593 ab
2266 542 2414 594 omni
2450 542 2709 597 vitiorum
2748 543 2910 598 sorde
2948 544 3113 598 vitam
3147 547 3463 604 emundare.

218 620 372 671 τιῶν·
414 619 625 688 κεφαλὴ
656 621 715 673 δέ
753 622 899 674 ἔστιν
944 624 973 675 6
998 623 1268 692 ἡμέτερος
1300 621 1449 685 νοῦς,
1482 622 1541 675 ὃν
1578 624 1605 675 6
1637 622 1792 689 λόγος

1894 626 2069 696 Caput
2092 645 2246 695 vero,
2277 646 2435 685 mens
2463 642 2649 686 nostra
2679 643 2782 699 est,
2809 651 2973 705 quam
3006 634 3290 706 Scriptura
3315 638 3471 709 jubet

216 710 464 778 ἀλείφειν
502 710 736 778 κελεύει,
762 713 1007 766 τουτέστι
1054 716 1122 785 τῇ
1168 713 1287 784 θείᾳ
1338 712 1794 784 καταφαιδρύνειν

1893 734 1996 772 nos
2022 736 2248 792 ungere,
2278 723 2465 778 divina
2492 725 2706 781 scilicet
2731 728 2961 783 scientia
2988 728 3267 784 illustrare
3298 740 3354 786 ct
3378 747 3471 787 ex-

217 810 441 866 γνώσει.

1895 810 2152 867 hilarare.

568 994 571 997 ν
826 916 1025 973 spor.
1066 917 1195 971 NA'.

2485 926 2764 983 INTERR.
2802 926 2887 983 ιι.

295 1007 356 1059 Τί
397 1006 530 1060 ἐστι
564 1007 653 1071 τὸ,
684 1026 704 1059 ι
735 1008 1073 1077 Συνέφερεν
1102 1005 1286 1071 αὐτῷ,
1311 1006 1413 1060 ἵνα
1447 1004 1647 1075 μύλος
1678 1005 1798 1058 ὀνι-

1968 1004 2106 1078 Ltuid
2137 1016 2233 1069 sibi
2258 1008 2390 1082 uult,
2416 1020 2552 1087 qu‘od
2580 1022 2656 1073 ita
2688 1022 2882 1074 dictum
2918 1029 2992 1074 est
3023 1037 3041 1074 :
3088 1042 3104 1073 ι
3145 1022 3471 1079 Conducebat

214 1101 324 1164 κὸς
374 1100 654 1169 περιτεθῇ
692 1101 762 1154 ὲν
789 1100 869 1166 τῷ
892 1100 1170 1168 τραχήλῳ
1196 1100 1406 1162 αὑτοῦ.
1433 1100 1531 1153 καὶ
1554 1099 1705 1168 ριφῇ
1730 1099 1799 1151 ἐν

1897 1105 1969 1169 ei,
1993 1114 2047 1156 ut
2074 1106 2213 1159 mola
2238 1107 2475 1161 asinaria
2504 1106 2887 1179 appenderetur
2909 1111 3045 1165 collo
3074 1113 3208 1183 ejus,
3231 1123 3277 1166 et
3293 1117 3472 1183 jacta-

214 1190 289 1257 τῇ
342 1194 650 1261 θαλάσσῃ,
698 1192 737 1261 ἢ
792 1194 895 1246 ινα
950 1190 1338 1259 σκανδαλίσῃ
1385 1190 1494 1243 ἕνα
1534 1189 1651 1242 τῶν
1702 1198 1799 1258 μισ

1898 1204 2043 1248 retur
2068 1198 2122 1251 in
2151 1215 2317 1263 mare,
2342 1216 2500 1269 quam
2526 1208 2583 1252 ut
2609 1201 2999 1256 scandalizaret
3028 1219 3192 1258 unum
3215 1220 3278 1258 ea:
3309 1205 3472 1273 pusil-

213 1281 402 1350 κρῶνξ
442 1302 460 1335 ι

899 1397 1140 1451 Ἀπόκοο

913 1415 1082 1451 Αποκ
1125 1436 1140 1450 .

290 1487 555 1556 Μικροὺς,
592 1482 766 1557 οἶμαι,
795 1487 946 1556 λέγει
972 1415 1117 1550 τούξ
1134 1486 1276 1542 κατὰ
1296 1486 1529 1538 διάνοιαν
1556 1484 1794 1552 ἀφελεῖς,

1898 1283 1962 1338 lis
1987 1285 2078 1338 "‘3
2112 1304 2130 1337 ι

2607 1402 2762 1457 Resp.

2607 1422 2706 1457 nes
2751 1445 2762 1457 .

1965 1488 2235 1545 Existimo
2262 1491 2491 1561 pusillos
2519 1422 2816 1562 appellzfre,
2845 1497 2939 1565 qui
2967 1504 3098 1550 sunt
3126 1497 3306 1551 animo
3335 1498 3469 1551 sim-

211 1581 311 1632 καὶ
338 1580 428 1633 διὰ
461 1581 801 1651 σμικρότητα
841 1581 980 1644 νοὸς,
1015 1582 1090 1651 μὴ
1127 1579 1459 1649 δυναμένους
1502 1576 1798 1645 διακρίνειν

1895 1580 2088 1649 plices,
2110 1597 2175 1635 ac
2198 1598 2310 1650 prie
2340 1582 2538 1636 mentis
2565 1584 2861 1651 pusillitate
2884 1586 3247 1641 Providentiae
3263 1588 3470 1657 judicia

208 1672 284 1724 τὰ
343 1673 444 1742 τῆς
499 1673 763 1742 Προνοίας
811 1674 1073 1743 κρίματα.
1131 1672 1318 1734 Ὅστις
1360 1670 1426 1723 ἂν
1471 1668 1799 1739 σκανδαλίσῃ

1895 1688 2005 1726 non
2046 1674 2230 1726 'valent
2273 1674 2611 1729 discernere.
2649 1675 2703 1730 Si
2753 1678 2878 1747 quis
2920 1693 3036 1741 eos,
3067 1681 3158 1746 qui
3201 1678 3470 1748 ejusmodi

208 1766 343 1828 τοὺς
394 1766 687 1831 τοιούτους,
743 1768 1040 1837 συνέφερεν
1083 1763 1246 1835 αὐτῷ
1285 1762 1603 1832 Ἑλληνικῆς
1657 1756 1796 1813 εἶναι

1896 1772 2046 1827 sunt,
2069 1764 2540 1831 scandalizaverit,
2565 1767 2753 1821 utilius
2777 1777 2896 1823 erat
2920 1769 2995 1832 ei,
3023 1779 3079 1822 ut
3106 1770 3159 1823 in
3185 1771 3467 1841 gentilium

215 1857 437 1925 μοίρας,
470 1852 518 1909 οἳ
546 1857 703 1927 δίκην
730 1857 855 1909 ὄνου
879 1859 939 1909 ὲν
962 1857 1165 1927 μύλωνι
1202 1855 1338 1924 μόνῃ
1369 1855 1433 1923 τῇ
1464 1854 1672 1922 κινήσει
1700 1850 1795 1904 τοῦ
1828 1898 1869 1952 Β

1828 1898 1869 1952 Β
1898 1858 2094 1911 castris
2124 1874 2363 1922 merens,
2391 1860 2544 1913 velut
2576 1860 2787 1925 asinus,
2818 1861 2872 1914 in
2908 1863 3223 1917 molendino
3257 1864 3468 1920 (mundi

211 1949 425 2017 κόσμου
458 1948 788 2018 ὲνίσχηνται·
823 1952 919 2002 καὶ
948 1948 1034 2002 ἵνα
1072 1950 1205 2018 ριφῇ
1244 1946 1303 1997 ἐν
1333 1944 1413 2014 τῷ
1445 1944 1667 2011 πελάγει
1692 1942 1793 2012 τῆς

211 2040 513 2108 Θαλάσσης·
550 2040 831 2094 τουτέστιν
858 2042 916 2095 ὲν
942 2043 1007 2111 τῇ
1041 2038 1299 2108 συγχύσει
1323 2037 1419 2090 τοῦ
1449 2035 1583 2106 βίου.
1625 2034 1793 2087 Τοῦτο

209 2132 269 2184 δὲ
300 2132 397 2185 καὶ
418 2133 446 2184 6
475 2132 793 2195 Ἀπόστολος
816 2131 1019 2201 Πέτρος
1042 2130 1254 2200 βεϐαιοῖ
1277 2129 1468 2196 λέγων·
1495 2127 1794 2194 Ιιρεῖσσον

205 2226 297 2294 μὴ
326 2223 656 2293 ἐπιγνῶναι
694 2223 810 2291 τὴν
838 2224 984 2277 ὁδὸν
1014 2222 1124 2291 τῆς
1150 2219 1572 2286 δικαιοσύνης,
1600 2218 1637 2286 ἢ
1668 2218 1795 2271 ἐπι-

211 2318 497 2387 τγόντας,
526 2319 615 2382 είς
632 2315 706 2368 τὰ
732 2314 927 2369 ὀπίσω
958 2314 1331 2384 ἀνακάμψαι.

821 2425 1019 2478 ΕΡΩΤ.
1068 2424 1195 2478 NB’.

290 2517 398 2579 Εἰς
426 2514 485 2569 τι
505 2516 870 2586 λαμϐάνεται
907 2518 940 2569 ὁ
967 2514 1136 2579 Κάτν,
1162 2515 1258 2569 καί
1283 2518 1317 2569 ὁ
1350 2513 1527 2570 ’Ἅϐελ
1548 2529 1567 2580 ;

901 2629 1143 2697 Ἀπόκρ.

305 2717 364 2771 'U
394 2719 535 2772 Κάῖν
563 2718 624 2790 (i)
651 2715 986 2787 λαμϐάνεται
1030 2719 1126 2773 ἐπὶ
1174 2718 1267 2773 τοῦ
1314 2722 1661 2793 φρονήματος
1694 2722 1795 2792 τῆς

216 2811 448 2883 σαρκός·
493 2814 522 2865 6
573 2812 631 2866 δὲ
664 2812 849 2878 Ἅϐελ,
894 2814 995 2866 ’ἐπὶ
1045 2811 1143 2867 τοῦ
1193 2813 1443 2884 πένθους,
1487 2816 1654 2887 ἤγουν
1697 2816 1796 2888 τῆς

208 2903 539 2975 μετανοίας.

830 3004 1027 3074 εΡοτ.
1063 3019 1187 3075 Nl".

298 3109 361 3162 Τί
388 3109 520 3162 ἐστι
547 3107 637 3176 τὸ,
670 3104 693 3162 ι
720 3109 817 3179 Μὴ
835 3113 1182 3180 μακαρίσῃς
1206 3110 1395 3180 ἄνδρα
1437 3112 1551 3181 πρὸ
1592 3116 1798 3167 τελευ-

213 3219 330 3269 της
362 3216 584 3263 αυτου;
613 3220 632 3253 ι

897 3314 1130 3383 Ἀπόκρ.

288 3403 401 3459 Καὶ
426 3406 565 3460 κατὰ
593 3407 654 3459 τὸ
683 3407 972 3478 πρόχειρον
1004 3408 1083 3480 τῷ
1111 3410 1322 3463 πολλῶν
1345 3410 1422 3481 νῷ
1458 3409 1547 3463 διὰ
1586 3410 1648 3463 τὸ
1672 3411 1797 3480 ἄδη-

208 3488 332 3562 λον,
377 3501 471 3552 καὶ
508 3500 609 3569 τῆς
646 3490 992 3572 ἆνθρωπίνης
1024 3502 1395 3572 προαιρέσεως
1420 3502 1712 3565 εὐόλισοον,
1733 3503 1795 3555 οὐ

211 3593 326 3662 χρὴ
357 3580 681 3663 μακαρίζειν
698 3593 839 3656 τινὰ,
860 3593 989 3663 ἄχρι
1012 3594 1100 3647 διὰ
1125 3595 1305 3664 πάσης
1326 3596 1529 3665 ἀρετῆς
1552 3594 1795 3658 διελθὼν,

211 3686 603 3757 ἀναντιρῤητῳ
626 3685 769 3739 τέλει
798 3684 895 3756 τὴν
924 3685 1069 3757 ζωὴν
1091 3686 1457 3740 κατακλείσει.
1476 3684 1615 3759 Πρὸς
1635 3686 1690 3739 δὲ
1706 3685 1798 3739 τὸν

211 3776 554 3847 ὑψηλότερον
582 3776 731 3841 νοῦν,
758 3777 787 3829 6
821 3775 1127 3847 ἀρξάμενος
1150 3776 1238 3830 διὰ
1258 3777 1358 3847 τῆς
1376 3778 1678 3847 μετανοίας
1707 3778 1800 3830 καὶ

208 3869 528 3936 ἀσκήσεως,
556 3867 618 3920 τὸ
648 3866 754 3931 ζῶν
777 3868 835 3919 ὲν
856 3867 1005 3938 αὐτῷ
1025 3869 1212 3939 γήϊνον
1235 3870 1489 3941 φρόνημα
1513 3869 1799 3922 ταπεινοῦν

205 3962 315 4013 καὶ
353 3960 553 4029 ἀσθενῆ
585 3961 777 4022 ποιεῖν,
807 3958 961 4013 οὗπω
996 3960 1353 4033 μακαριστὸς,
1386 3961 1577 4030 μέχρις
1617 3960 1683 4014 ἂν
1714 3960 1800 4013 διὰ

205 4053 313 4105 τοῦ
342 4053 596 4105 συντόνου
638 4051 738 4119 τῆς
765 4051 1053 4120 ἀσκήσεως
1076 4051 1243 4105 πόνου
1269 4052 1518 4122 νεκρωθῇ
1548 4053 1641 4105 καὶ
1673 4069 1799 4105 συν-

203 4145 432 4198 τέλειαν
458 4142 617 4214 λάϐῃ.
659 4140 717 4195 '0
736 4141 845 4213 γὰρ
870 4142 1108 4205 τοιοῦτος
1146 4143 1432 4214 μακάριος,
1455 4144 1532 4207 ὡς
1559 4143 1635 4213 τῷ
1664 4145 1798 4214 Χρι-

210 4233 334 4303 στῷ
359 4232 744 4287 συναπόθανὼν
768 4233 857 4286 διὰ
887 4232 986 4303 τῆς
1017 4234 1200 4287 κακῶν
1228 4234 1519 4304 ἀπραξίας,
1551 4235 1643 4287 καὶ
1678 4251 1801 4287 συν-

205 4316 579 4393 ἆνιστάμενος
612 4322 772 4376 πάλιν
819 4322 907 4377 διὰ
939 4324 998 4377 τὸ
1023 4323 1155 4394 ὕψος
1208 4323 1316 4377 τῶν
1360 4325 1590 4393 ἀρετῶν.
1631 4325 1802 4377 Ἰοῦτο

202 4419 329 4486 γὰρ
359 4417 452 4468 καὶ
498 4417 526 4467 6
562 4414 866 4485 Ψαλμῳδὸς
914 4416 1165 4485 σημαίνει
1196 4415 1389 4483 λέγων·
1427 4415 1717 4483 Μακάριοι
1747 4416 1801 4467 οἱ

200 4510 469 4578 ἄμωμοι,
494 4507 542 4558 οἱ
571 4505 804 4574 καθαροὶ
822 4504 979 4576 δῆλον
1012 4507 1093 4558 ὅτι
1122 4508 1340 4569 κακίας·
1361 4508 1409 4560 οἱ
1447 4509 1800 4578 πορευόμενοι

1897 1953 2109 2007 scilicet
2138 1950 2313 2019 motu)
2342 1949 2706 2005 distineretur
2731 1960 2786 2006 et
2816 1954 3181 2026 projiceretur
3207 1954 3264 2008 in
3297 1970 3469 2018 mare,

1895 2042 1950 2096 in
1996 2041 2178 2097 saeculi
2227 2041 2487 2094 nimirum
2534 2040 2935 2094 confusionem.
2975 2039 3090 2095 lloc
3131 2056 3261 2094 vero
3306 2041 3471 2095 etiam

1894 2132 2184 2187 conﬁrmat
2223 2132 2505 2201 apostolus
2545 2124 2773 2194 Petrus,
2809 2130 2939 2183 dum
2974 2130 3050 2184 ait
3087 2148 3099 2183 ε
3138 2130 3323 2184 Melius
3359 2143 3472 2185 erat

1894 2241 1997 2277 non
2038 2239 2320 2293 agnoscere
2350 2224 2489 2275 viam
2512 2222 2759 2292 justitiw,
2788 2238 2948 2293 quam
2981 2231 3095 2292 post
3130 2224 3467 2293 agnitionem,

1892 2325 2186 2367 retrorsum
2215 2312 2445 2366 converti
2464 2312 2532 2368 ⁸⁸.

2469 2425 2752 2481 ιΝτΕιιιι.
2790 2426 2899 2481 Lll.

1964 2518 2254 2590 Cujusnam
2284 2518 2458 2591 figura
2482 2528 2724 2573 sumatur
2745 2517 2977 2586 Cain,ac
3000 2520 3276 2591 cujusnam
3305 2521 3426 2577 Abel
3447 2523 3473 2576 1’

2611 2631 2770 2686 Resp.

2611 2650 2713 2686 ms
2758 2673 2770 2685 .

1965 2722 2216 2778 Sumitur
2263 2722 2399 2778 Cain
2441 2731 2502 2777 ut
2544 2650 2816 2797 signiﬁ’cet
2860 2738 3043 2778 carnis
3092 2723 3468 2793 prudentiam;

1893 2813 2029 2868 Abel
2058 2823 2244 2869 autem
2272 2820 2333 2868 ut
2353 2812 2584 2878 luctum,
2614 2811 2669 2866 id
2694 2820 2801 2879 est,
2828 2813 3224 2883 paenitentiam.

1988 3090 1993 3093 Α
2452 3020 2909 3077 INTERR.LHL

1968 3115 2104 3181 Quid
2126 3117 2223 3171 sibi
2250 3114 2359 3169 vult
2383 3131 2401 3170 :
2433 3132 2451 3165 ι
2480 3114 2558 3167 Ne
2584 3113 2962 3181 beatiﬁcaveris
2987 3115 3159 3169 virum
3183 3122 3304 3168 ante
3327 3132 3471 3170 mor-

1902 3217 2003 3263 tem
2033 3227 2185 3263 suam
2207 3209 2287 3261 5°?
2319 3227 2337 3259 ι

2613 3318 2769 3389 Resp.

1967 3412 2204 3468 Proclivi
2241 3415 2405 3467 etiam
2442 3411 2699 3481 vulgique
2737 3426 2935 3473 sensu,
2965 3408 3037 3464 ob
3081 3409 3351 3464 incertum
3391 3409 3471 3463 rei

1898 3512 2158 3559 eventum
2202 3503 2566 3569 humanasque
2614 3501 2777 3571 320
2820 3501 3121 3554 voluntatis
3167 3499 3470 3563 lubricum,

1899 3610 2060 3648 nemo
2086 3595 2280 3647 beatus
2305 3591 2688 3662 prmdicandus
2715 3601 2819 3655 est,
2838 3591 3016 3645 donec
3044 3592 3191 3645 omni
3218 3599 3473 3659 superata

1898 3685 2133 3747 virtute,
2168 3684 2303 3737 nihil
2339 3683 2510 3737 dubio
2547 3682 2653 3734 ﬁne
2688 3682 2855 3735 vitam
2890 3681 3169 3735 clauserit.
3199 3679 3473 3744 Quantum

1897 3792 2030 3831 vero
2056 3775 2124 3829 ad
2157 3772 2409 3830 altiorem
2441 3774 2809 3836 intellectum,
2838 3772 2931 3841 qui
2967 3788 3065 3842 per
3094 3772 3473 3842 paenitentiam

1899 3885 1963 3924 ac
1984 3868 2205 3922 virtutis
2231 3868 2462 3931 cultum,
2482 3868 2752 3936 vigentem
2782 3866 2834 3918 in
2862 3880 2920 3919 se
2948 3873 3224 3917 terrenum
3251 3878 3473 3917 sensum

1899 3978 1963 4016 ac
1989 3960 2334 4030 prudentiam
2356 3959 2664 4029 deprimere
2685 3958 2852 4027 erepit
2873 3974 2937 4011 ac
2957 3966 3216 4021 atterere,
3239 3956 3474 4011 necdum

1900 4052 2296 4107 beatiﬁcandus
2326 4060 2430 4115 est,
2460 4051 2638 4105 donec
2674 4057 2931 4105 contenta
2964 4048 3169 4102 laboris
3204 4049 3473 4102 exercita-

1901 4138 2051 4196 tione
2083 4140 2465 4205 mortiﬁcatus,
2499 4139 3030 4195 consummationem
3064 4146 3256 4192 nactus
3288 4138 3477 4192 fuerit.

1901 4233 2004 4299 Qui
2036 4232 2181 4286 enim
2211 4231 2483 4301 ejusmodi
2515 4241 2619 4295 est,
2648 4231 2841 4285 beatus
2867 4238 2972 4293 est,
2996 4230 3148 4283 velut
3171 4245 3294 4284 cum
3320 4229 3479 4283 Chri-

1900 4338 1987 4380 sto
2017 4334 2289 4386 mortuus,
2317 4324 2522 4378 indicta
2554 4339 2583 4377 a
2622 4323 2780 4376 malis
2808 4322 3142 4387 cessatione;
3177 4336 3476 4390 rursusque

1902 4433 2028 4472 cum
2062 4433 2150 4481 eo,
2181 4417 2252 4471 ob
2278 4416 2547 4468 virtutum
2583 4413 2965 4467 celsitudinem
2999 4413 3314 4466 suscitatus.
3344 4412 3476 4466 Nam

1903 4509 2009 4562 lioc
2052 4508 2217 4561 etiam
2264 4506 2605 4560 Psalmorum
2657 4501 2971 4555 modulator
3018 4499 3317 4570 signiﬁcat,
3351 4515 3479 4553 cum

201 4605 273 4655 ὲν
308 4600 460 4669 νόμῳ
482 4598 708 4670 Κυρίου’
738 4598 789 4651 οἱ
812 4597 907 4651 ’διὰ
933 4598 1042 4653 τῶν
1066 4598 1281 4669 ἀγαθῶν
1314 4600 1562 4670 πράξεων
1587 4601 1796 4654 ὁδεύον-
1829 4591 1867 4647 Π

1829 4591 1871 4647 ι)
1896 4600 1973 4653 ait
2000 4616 2011 4650 :
2039 4597 2189 4651 Beati
2215 4594 2578 4658 immaculati;
2610 4593 2732 4662 puri
2761 4592 2971 4646 scilicet
2993 4607 3022 4645 a
3046 4592 3293 4661 nequitia
3315 4600 3478 4661 atque

198 4698 333 4756 τῖς.

832 4884 1025 4942 ΕΡΩΤ.
1075 4888 1200 4942 NA'.

294 4982 361 5037 Tl
385 4979 563 5050 δηλοῖ
588 4982 676 5047 τὸ,
707 5000 727 5033 ‹
758 4963 903 5034 Ἔὰν
941 4980 1238 5035 διώκωσιν
1273 4977 1427 5049 ὑμᾶς
1453 4979 1521 5033 ἐκ
1547 4978 1655 5046 τῆς
1697 4970 1801 5031 πό-

196 5078 377 5139 ,εεως
399 5074 621 5141 ταύτης
662 5071 827 5144 [υιιιῃ.
865 5071 936 5125 ἐν
960 5070 1036 5140 τῇ
1071 5073 1247 5126 πόλει
1279 5069 1509 5143 ratify],
1550 5071 1798 5139 φεύγετε

195 5170 312 5235 εις
342 5166 461 5235 τὴν
483 5166 722 5235 alunt;
757 5184 776 5218 ι

289 5310 341 5341 ⁸³
371 5307 509 5365 Luc.
536 5323 665 5371 xvu,
689 5306 743 5360 2.
820 5302 868 5339 ⁸⁸
900 5306 944 5360 Il
978 5306 1123 5361 Petr.
1159 5322 1215 5371 ιι,
1258 5306 1348 5359 21.

292 5448 361 5519 (ὓ
398 5448 460 5502 '0
484 5447 648 5502 Κάιν.
702 5447 864 5519 Vocis
896 5448 1051 5510 Cain.
1102 5464 1211 5501 non
1235 5446 1406 5519 aliud,
1444 5445 1801 5519 quzerendum

196 5515 472 5602 etjmum
500 5518 829 5602 quamquod
864 5520 981 5588 ipsa
998 5519 1109 5602 Eva
1141 5517 1469 5602 assignavit,
1494 5529 1559 5569 eo
1586 5515 1664 5568 illi
1699 5532 1795 5567 no-

198 5587 377 5655 mine
425 5587 622 5651 indito,
671 5588 807 5642 Gen.
851 5587 922 5651 1v,
960 5587 1109 5657 quod
1161 5587 1371 5641 scilicet
1421 5588 1600 5644 virum
1642 5595 1800 5657 nacta

199 5668 411 5722 esset;
443 5657 555 5711 ﬁlio
588 5658 799 5712 scilicet
830 5655 993 5713 aucta
1020 5659 1171 5711 velut
1214 5657 1591 5726 possessione;
1654 5655 1799 5723 quod

196 5729 524 5792 nihilfacit
555 5728 623 5782 ad
647 5728 997 5797 prudentiam
1022 5728 1201 5782 carnis
1227 5744 1240 5779 :
1267 5743 1433 5796 quam
1485 5727 1657 5795 ipsam
1685 5726 1798 5797 Mai

198 5804 414 5858 ximus
441 5798 622 5858 nonin
649 5795 771 5868 ejus
796 5798 1035 5862 nominis
1082 5807 1265 5868 etymo
1287 5795 1656 5868 ’spcctaverit,
1704 5795 1799 5849 sed

188 5878 277 5931 'in
322 5869 500 5942 ipsius
520 5866 771 5925 moribus
822 5880 987 5940 atque
1014 5866 1218 5935 indole,
1260 5878 1313 5923 et
1366 5867 1514 5938 quod
1550 5866 1798 5929 fratrem,

1429 5306 1472 5336 ”
1506 5304 1675 5358 Eccli.
1708 5319 1778 5368 ιιι,
1805 5302 1891 5357 50.

1900 4689 2064 4753 vitio;
2092 4688 2180 4757 qui
2209 4685 2483 4740 ambulant
2510 4687 2563 4738 in
2592 4682 2700 4753 lege
2724 4681 2937 4736 Domini
2956 4682 3030 4750 “;
3060 4683 3153 4753 qui
3185 4698 3284 4753 per
3307 4684 3479 4738 bonas

1902 4780 2144 4835 actiones
2169 4778 2276 4832 iter
2301 4776 2665 4833 contendunt.

2465 4888 2745 4944 INTERR.
2782 4889 2913 4943 LIV.

1974 4985 2109 5050 Quid
2134 4984 2231 5037 sibi
2262 4981 2368 5035 vult
2400 4998 2417 5034 :
2453 4999 2469 5032 ι
2502 4978 2559 5034 Si
2585 4997 2672 5033 vos
2702 4979 2997 5050 fugaverint
3028 4996 3089 5033 ea:
3121 4980 3327 5034 civitate
3354 4980 3475 5046 ista,

1904 5076 2065 5147 fugite
2091 5076 2142 5128 in
2173 5072 2338 5127 aliam
2359 5071 2442 5124 ³⁵⁷2
2471 5089 2489 5123 ι

1996 5302 2016 5331 ⁸
2048 5300 2187 5355 Psal.
2220 5314 2401 5364 cxvm,
2434 5299 2485 5352 l.
2563 5297 2606 5332 ⁸⁷
2644 5296 2836 5351 Matth.
2872 5311 2924 5361 χ,
2961 5295 3051 5349 27.

1905 5444 2112 5513 justum
2139 5439 2361 5494 Abelem
2387 5437 2745 5513 oppresserit,
2770 5436 2849 5491 uti
2876 5435 3168 5513 prudentia
3191 5437 3370 5492 carnis
3384 5452 3480 5513 0p:-

1902 5507 2090 5582 primit
2118 5524 2342 5582 sensum
2368 5507 2587 5582 mentis.
2609 5507 2762 5571 Abel,
2796 5507 3085 5582 vanitatem
3113 5515 3293 5582 sonat,
3321 5508 3477 5582 quasi

1907 5574 2023 5636 rem
2080 5580 2275 5643 nihili;
2326 5581 2483 5648 cujus
2548 5592 2745 5632 sensus
2783 5576 3033 5648 maxime
3079 5574 3145 5628 ad
3206 5577 3478 5643 pmnitcn-

1904 5655 2034 5706 tiam
2063 5650 2355 5713 conducit;
2388 5649 2535 5718 quod
2565 5664 2624 5702 se
2660 5647 2920 5700 nimirum
2950 5660 3105 5718 _vere
3143 5647 3281 5718 quis
3311 5661 3478 5718 agno-

1904 5733 2039 5783 scat,
2100 5736 2163 5775 ac
2203 5720 2351 5788 quod
2398 5714 2554 5772 nihili
2617 5727 2723 5781 est,
2778 5718 2891 5785 ipsa
2949 5714 3192 5788 hominis
3242 5717 3474 5788 ratione,

1904 5794 2171 5861 longeque
2196 5784 2265 5847 eo
2286 5788 2494 5859 aliquid
2520 5788 2724 5853 minus,
2752 5784 3057 5856 peccatoris
3085 5785 3253 5840 ascita
3279 5784 3474 5841 condi-

1906 5874 2078 5919 ιιοιιρ.
