4218 6432
177 389 273 453 833
1321 382 1717 456 QUIESTIOI‘

1758 385 1831 445 ES
1866 384 1961 447 ET
2001 388 2253 449 DUBIA.

3299 392 3406 463 831

175 499 537 569 ἐδδομήκοντα
573 496 666 566 ἔτη
703 496 859 566 ἔχων,
896 497 1001 550 οὔδ’
1030 497 1162 558 ’ὅλως
1197 495 1327 563 περὶ
1356 497 1457 565 τῆς
1483 497 1717 566 τοιαύτης

1771 502 1807 556 Α
1839 496 2066 551 libidine
2096 507 2382 551 avocatum
2408 510 2625 551 omnem
2653 497 2918 562 animum,
2952 499 3005 554 in
3040 499 3206 555 Deum
3233 512 3408 561 trans-

172 592 430 654 ἀπαθείας
466 591 808 660 μεριμνήσας
836 588 1196 656 ἐτελεύτησεν·
1222 587 1250 638 6
1281 586 1336 640 δὲ
1364 589 1492 656 μίαν
1522 587 1733 658 ἡμέραν

171 688 323 758 ἔχων,
361 689 540 740 πᾶσαν
567 685 732 737 αὑτοῦ
762 684 854 754 τὴν
901 684 1034 752 πρὸς
1072 684 1140 736 τὰ
1171 682 1331 734 ὑλικά
1364 683 1586 751 ἐμπαθῆ
1621 682 1736 736 διά-

170 797 308 831 νοιαν
335 779 675 840 ἀνασπάσας,
712 777 838 845 ὅλην
877 793 935 827 τε
967 775 1044 845 τῷ
1080 773 1199 844 Θεῷ
1234 774 1585 840 ἐγκολπώσας
1621 776 1736 826 ἐτε-

167 870 380 940 λειώθη.
424 871 511 921 Ἐν
549 871 614 938 τῇ
659 864 752 920 οὖν
781 867 1036 936 γινομένῃ
1065 870 1122 918 ὲν
1166 869 1230 936 τῇ
1263 866 1442 934 κρίσει
1481 866 1730 935 διανομῇ,

164 963 190 1012 6
247 962 343 1029 μὲν
396 960 561 1024 ἀξίως
604 960 695 1011 τὸν
757 960 944 1028 μισθὸν
997 956 1388 1026 λαμϐάνει,ὼς
1435 957 1512 1018 εἰς
1562 957 1733 1025 πέρας

162 1050 248 1100 τὸν
280 1049 480 1102 σκοπὸν
501 1049 593 1100 τοῦ
621 1049 1035 1118 ἐπαγγέλματος
1055 1046 1298 1115 ἀγαγών·
1325 1049 1352 1098 ὁ
1378 1045 1432 1098 δὲ
1465 1047 1603 1099 κατά
1637 1047 1733 1116 χά-

167 1157 266 1210 ριν,
302 1141 399 1192 καὶ
434 1140 592 1208 μόνον
627 1140 766 1208 ὑπὲρ
801 1134 860 1192 οὗ
898 1139 986 1192 τὸν
1016 1139 1114 1208 τῆς
1151 1139 1436 1208 ἀσκήσεως
1469 1137 1728 1207 ὑπέμεινε

163 1231 350 1286 κόπον.

1841 587 2009 654 ferat;
2057 588 2214 656 isque
2257 587 2428 650 adeo,
2480 590 2572 656 qui
2625 605 2798 644 annos
2841 592 3181 661 septuaginta
3222 593 3404 658 habet,

1840 678 1985 732 diem
2014 680 2171 742 obiit,
2206 693 2329 732 cum
2357 692 2477 732 eam
2509 680 2750 733 nancisci
2789 683 3241 751 tranquillitatem
3272 685 3410 740 nihil

1840 769 2000 822 anxie
2043 770 2351 834 curaverit;
2395 768 2440 821 is
2480 785 2634 834 vero,
2679 771 2773 838 qui
2819 788 2984 826 unum
3035 773 3200 828 habet
3239 776 3406 840 diem,

1839 877 2058 915 onmem
2101 861 2268 914 animi
2313 863 2606 931 cogitatum
2655 877 2686 916 a
2731 871 2948 918 terrena
2987 866 3309 922 abstrahcns
3340 869 3408 921 li-

1838 958 2046 1022 bidine,
2089 959 2254 1026 inque
2288 959 2400 1012 Deo
2443 959 2741 1022 collocans,
2789 959 2859 1012 ita
2898 960 3122 1014 demum
3155 978 3410 1016 consum-

1837 1061 2018 1104 matus
2055 1049 2128 1104 sit
2156 1067 2169 1101 :
2197 1049 2255 1102 tit
2295 1049 2453 1118 plane
2495 1058 2557 1102 ut
2589 1050 2644 1102 in
2674 1050 2903 1118 judicio,
2939 1049 3122 1104 futura
3156 1055 3407 1120 prannio—

1837 1158 1959 1195 rum
2005 1142 2427 1204 distributione,
2480 1141 2567 1195 hic
2615 1142 2835 1210 quidem
2885 1144 3046 1212 digne
3097 1143 3408 1198 mercedem

1835 1231 2071 1300 accipiat
2101 1231 2380 1301 (tanquam
2418 1231 2629 1285 scilicet
2655 1232 2751 1299 qui
2783 1232 2849 1285 ad
2887 1233 3219 1287 destinatum
3247 1233 3407 1287 insti-

162 1324 260 1376 tuti
306 1323 470 1377 ﬁnem
503 1322 606 1375 rite
648 1328 943 1390 provectus
972 1318 1087 1389 sit),
1133 1319 1224 1374 ille
1264 1334 1394 1373 vero
1439 1318 1740 1374 secundum
1781 1321 2199 1391 indulgentiam,
2239 1335 2302 1375 ac
2343 1335 2409 1373 co
2441 1320 2704 1375 duntaxat
2755 1323 2998 1388 nomine,
3027 1324 3174 1392 quod
3242 1339 3406 1378 exer-

167 1413 444 1466 citationis
463 1411 710 1467 laborem
737 1410 1032 1465 sanctioris
1053 1410 1290 1465 instituti
1309 1412 1562 1481 palaestra
1579 1411 1925 1466 sustinuerit.

767 1501 965 1553 ΕΡΩΤ.
997 1501 1119 1554 ΞΑ’.

231 1595 404 1658 Τίνος
430 1592 605 1662 χάριν
623 1592 773 1661 μετὰ
805 1591 950 1646 δέκα
980 1592 1202 1661 ἡμέρας
1229 1594 1338 1660 τῆς
1374 1593 1732 1661 ἀναλήψεως

159 1682 264 1737 τοῦ
291 1685 534 1751 Κυρίου,
569 1685 632 1736 τὸ
667 1684 909 1753 Πνεῦμα
937 1685 1256 1754 κατῆλθεν.

833 1799 1059 1867 Ἀπόκρ.

227 1911 364 1963 Φασὶ
385 1928 530 1974 τινες
554 1911 661 1965 τῶν
688 1911 752 1966 τὰ
777 1911 894 1966 θεῖα
929 1913 1395 1982 πεπαιδευμένων,
1427 1913 1507 1965 ὅτι
1544 1911 1728 1982 ἐπειδὴ

160 2003 318 2056 ἐννέα
345 2003 527 2067 τάξεις
553 2005 695 2057 κατά
717 2004 808 2057 τὸν
834 2004 1109 2058 Διονύσιον
1133 2004 1225 2058 τὸν
1261 2005 1651 2075 Ἀρεοπαγίτην
1675 2004 1730 2056 αἱ

156 2093 451 2162 ἀγγελικαὶ
469 2095 728 2166 δυνάμεις
758 2097 915 2160 εἰσὶν,
947 2095 1112 2148 ἀνιὼν
1142 2096 1281 2150 κατά
1310 2096 1370 2148 τὸ
1392 2096 1729 2166 ἀνθρώπινον

155 2184 412 2255 ὁΚύριος
447 2185 610 2255 (κατά
639 2185 746 2255 γάρ
781 2184 842 2238 τὸ
871 2185 1011 2238 θεῖον
1037 2187 1214 2239 πάντα
1245 2187 1483 2255 πληροῖ),
1517 2186 1730 2254 ἑκάστῳ

154 2275 400 2343 τάγματι
447 2275 576 2345 μίαν
613 2276 826 2345 ἡμέραν
863 2277 1176 2344 ἀπένειμεν,
1218 2278 1326 2329 ἀπὸ
1363 2277 1463 2345 τῆς
1496 2276 1730 2345 ἐσχάτης

154 2365 263 2428 ἕως
289 2368 391 2432 τῆς
420 2366 754 2429 τελευταίας.
800 2365 1035 2419 Ἐδέοντο
1067 2367 1174 2434 γὰρ
1199 2369 1291 2418 καὶ
1317 2360 1473 2419 αὗται
1503 2367 1603 2436 τῆς
1634 2365 1726 2419 τοῦ

157 2457 368 2527 Κυρίου
395 2457 526 2526 πρὸς
537 2456 703 2520 αὐτὰς
718 2457 1025 2526 ἐπιδημίας.
1045 2459 1138 2509 Ἐν
1157 2456 1316 2522 αὐτῷ
1331 2459 1458 2526 γὰρ,
1477 2458 1618 2511 κατὰ
1637 2457 1728 2509 τὸν

169 2548 515 2610 Ἀπόστολον,
551 2547 1059 2617 ἀνεκεφαλαιώθη,
1089 2552 1161 2602 οὐ
1185 2552 1375 2616 μόνον
1405 2549 1477 2601 τὰ
1493 2549 1588 2600 ἐπὶ
1618 2546 1728 2617 τῆς

155 2634 288 2704 τῆς,
321 2637 483 2690 ἀλλὰ
511 2638 607 2691 καὶ
648 2637 720 2691 τὰ
746 2639 815 2689 ἑν
845 2637 1098 2706 οὐρανῷ·
1131 2639 1224 2691 καὶ
1264 2639 1400 2708 μετά
1447 2639 1602 2691 τοῦτο
1645 2641 1728 2694 ἐν-

155 2729 419 2801 εφανίσθη
447 2730 528 2799 τῷ
551 2731 670 2801 Θεῷ
711 2731 803 2785 καὶ
828 2731 1022 2801 Πατρί·
1059 2731 1152 2783 καὶ
1189 2731 1362 2793 οὕτως
1396 2730 1456 2783 τὸ
1505 2731 1727 2802 Πνεῦμα

157 2823 394 2878 κάτεισι.
455 2825 610 2877 Ἐστι
664 2825 719 2877 δὲ
773 2825 1044 2894 θεωρῆσαι
1098 2823 1160 2876 τὸ
1224 2823 1578 2895 προκείμενον
1635 2827 1728 2880 καὶ

155 2920 276 2970 κατ’
304 2917 466 2972 ἄλλον
491 2917 722 2989 θεωρίας
753 2919 973 2988 τρόπον.
1019 2918 1236 2988 Ἐπειδὴ
1263 2920 1371 2986 γὰρ
1410 2921 1437 2971 6
1467 2919 1558 2971 τοῦ
1591 2919 1726 2972 Θεοῦ

154 3010 350 3078 Λόγος,
376 3012 433 3063 ἐν
460 3013 579 3073 ταῖς
605 3010 768 3064 αὑτοῦ
794 3011 923 3064 δέκα
948 3011 1182 3074 ἐντολαῖς
1207 3013 1596 3080 ὲγκέκρυπται·
1631 3028 1728 3064 σω-

158 3101 424 3170 ματοῦται
465 3101 522 3155 δὲ
550 3103 609 3155 ὲν
638 3104 787 3173 ἡμῖν,
826 3102 1271 3169 συγκαταϐαίνων
1310 3104 1438 3171 ἡμῖν
1482 3103 1569 3156 διὰ
1623 3104 1721 3171 τῆς

154 3195 431 3267 πράξεως·
465 3192 620 3259 αὖθίς
665 3214 723 3249 τε
764 3197 951 3265 ἀνάγει
1004 3199 1149 3268 ἡμᾶς
1188 3197 1275 3250 διὰ
1313 3200 1412 3266 τῆς
1448 3194 1722 3265 γνώσεως,

155 3288 308 3356 ὑψῶν
351 3291 498 3358 ἡμᾶς
529 3289 720 3358 μέχρις
751 3289 1063 3359 ἀνέλθωμεν
1103 3291 1182 3352 εἰς
1211 3289 1308 3358 τὴν
1335 3291 1551 3343 πάντων
1585 3290 1724 3358 ὑψη-

152 3380 383 3449 λοτέραν
411 3382 520 3434 τῶν
547 3381 795 3444 ἐντολῶν,
828 3381 926 3452 τὴν
952 3382 1232 3450 λέγουσαν,
1277 3383 1490 3449 Κύριος
1518 3385 1549 3434 ό
1582 3385 1726 3447 Θεός

152 3486 298 3538 σου,
353 3475 568 3542 Κύριος
608 3469 695 3539 εἷς
728 3474 918 3527 ἐστιν·
967 3475 1053 3527 ὅτε
1097 3474 1226 3542 γοῦν
1277 3477 1340 3528 ὲκ
1369 3475 1582 3528 πάντων
1616 3477 1723 3542 ἀφ-

151 3565 321 3630 εθεὶς,
353 3565 550 3635 μᾶλλον
579 3565 656 3632 δὲ,
688 3567 865 3620 πάντα
909 3567 1067 3635 ἀφεὶς
1111 3569 1138 3620 6
1167 3567 1434 3637 ἡμέτερος
1469 3566 1615 3629 νοῦς,
1646 3569 1725 3630 εἰς

150 3659 319 3712 αὐτὸν
347 3657 437 3711 τὸν
465 3658 597 3710 Θεὸν
623 3658 925 3730 καταλήξῃ,
951 3658 1070 3710 τότε
1095 3658 1193 3721 τὰς
1220 3658 1451 3730 πυρίνας
1474 3659 1722 3728 γλώσσας

151 3749 394 3822 δέχεται,
421 3750 550 3814 Θεὸς
583 3749 723 3804 κατὰ
750 3750 911 3819 χάριν
937 3751 1231 3821 γινόμενος.

772 3924 965 3976 ΕΡΩΤ.
990 3924 1105 3978 ΞΒ’.

231 4014 296 4068 Τί
314 4011 508 4080 δηλοῖ,
537 4031 555 4064 ι
569 4013 834 4068 Σπάνιον
851 4015 1128 4082 εἰσάγαγε
1153 4016 1258 4068 τὸν
1277 4015 1430 4068 πόδα
1447 4016 1596 4083 πρὸς
1617 4018 1721 4071 τὸν

150 4101 424 4162 σεαυτοῦ
438 4103 638 4170 φίλον,
651 4102 882 4171 μήποτε
899 4103 1193 4170 πλησθεὶς
1209 4119 1324 4158 σου
1336 4103 1569 4174 μισήσῃ
1590 4120 1714 4169 σε;›

826 4195 1064 4263 Ἀπόκρ.

221 4310 386 4362 Φίλον
409 4306 642 4361 ἐνταῦθα
678 4306 737 4360 τὸ
764 4307 922 4377 σῶμα
949 4309 1103 4378 ἡμῶν
1133 4307 1300 4376 λέγει,
1326 4309 1412 4362 διὰ
1443 4309 1543 4380 τὴν
1584 4312 1720 4381 πρὸς

2389 1502 2670 1555 INTERR.
2712 1502 2847 1555 LXI.

1908 1590 2044 1655 Quid
2087 1605 2258 1643 causa:
2293 1599 2365 1642 est
2428 1607 2520 1642 cur
2554 1598 2666 1656 post
2707 1589 2879 1642 decem
2911 1589 3020 1642 dies
3061 1607 3091 1642 a
3122 1599 3321 1660 recepto
3349 1592 3405 1644 in

1765 1718 1805 1773 Β
1834 1682 1985 1736 calas
2013 1680 2496 1749 Domino,Spiritus
2527 1682 2726 1734 venerit
2751 1681 2774 1732 ?

2541 1789 2697 1859 Resp.

1899 1905 2068 1959 Aiunt
2109 1905 2331 1974 quidam
2386 1904 2637 1959 divinoru
2667 1919 2697 1959 λ
2746 1903 2973 1958 scientia
3027 1903 3231 1959 eruditi
3277 1905 3401 1968 viri,

1829 1995 1998 2064 quod,
2037 2012 2160 2050 cum
2209 2004 2434 2050 auctore
2475 1996 2736 2063 Dionysio
2761 1994 3103 2063 Areopagita,
3147 1996 3405 2064 angelicae

1831 2093 2128 2154 potestates
2150 2086 2202 2138 in
2226 2100 2420 2139 novem
2451 2083 2761 2138 distributa:
2789 2084 2899 2136 sint
2925 2083 3174 2150 ordines,
3210 2100 3403 2139 ascen-

1830 2177 1965 2231 dens
2005 2176 2271 2229 Dominus
2312 2172 2618 2227 secundum
2667 2173 2959 2227 humanam
3002 2183 3252 2227 naturam
3297 2175 3404 2244 (di-

1828 2269 1954 2322 vina
1993 2266 2140 2321 enim
2187 2264 2450 2332 implebat
2494 2263 2709 2332 omnia)
2740 2266 2942 2332 cuique
2989 2263 3172 2317 ordini
3208 2265 3276 2318 ab
3305 2280 3406 2318 ex-

1829 2367 2004 2414 tremo
2036 2357 2104 2412 ad
2140 2373 2458 2426 supremum
2487 2355 2631 2410 diem
2667 2369 2838 2408 unum
2874 2353 3222 2422 impenderit.
3266 2355 3402 2409 Nam

1827 2455 1884 2500 et
1935 2444 2110 2514 angeli
2181 2445 2399 2498 Domini
2439 2443 2502 2497 ad
2558 2445 2704 2512 ipsos
2757 2443 2994 2498 adventu
3062 2443 3398 2513 indigebant.

1764 2557 1767 2559 ν
1827 2536 1898 2592 Ut
1954 2536 2099 2590 enim
2158 2535 2331 2589 sentit
2379 2533 2543 2605 324
2598 2535 2891 2603 Apostolus
2936 2551 2948 2586 :
2989 2533 3294 2587 Instaurata
3346 2537 3401 2589 iu

1827 2640 1885 2676 eo
1941 2631 2063 2676 sunt
2115 2624 2328 2684 omnia,
2379 2639 2480 2674 non
2541 2638 2602 2674 ea
2675 2622 2845 2674 solum
2898 2638 3014 2691 qua:
3068 2632 3188 2675 sunt
3245 2639 3403 2692 super

1827 2722 2044 2776 terram,
2073 2717 2164 2766 sed
2203 2719 2250 2764 et
2291 2728 2408 2782 quw
2444 2720 2568 2764 sunt
2610 2713 2664 2764 in
2710 2713 2836 2764 caelo
2870 2711 2913 2742 “
2949 2730 2962 2774 ;
3010 2719 3232 2781 tumque
3289 2713 3400 2766 Deo

1826 2818 1890 2855 ac
1932 2801 2077 2856 Patri
2124 2801 2468 2869 apparuerit,
2519 2808 2682 2869 atque
2726 2801 2780 2854 in
2826 2802 2972 2854 hunc
3019 2802 3238 2855 modum
3281 2801 3403 2871 Spi-

1828 2893 1968 2947 ritus
2039 2893 2275 2947 venerit.
2340 2893 2526 2946 Potest
2587 2908 2720 2947 vcro
2783 2894 2949 2947 etiam
2994 2893 3102 2948 alio
3167 2894 3400 2962 spiritali

1827 2999 1990 3038 sensu
2039 2983 2407 3048 considerari,
2451 2984 2598 3052 quod
2638 2984 2729 3038 hic
2771 2985 3073 3053 argumenti
3117 3000 3397 3040 vexamus.

1753 3071 1794 3126 C
1826 3076 1978 3141 Quod
2003 3077 2150 3130 enim
2184 3077 2278 3131 Dei
2315 3077 2506 3130 Sermo
2541 3077 2595 3130 in
2621 3075 2810 3129 decem
2853 3077 2968 3130 suis
3001 3076 3271 3130 mandatis
3301 3094 3398 3130 oc-

1826 3167 2027 3231 cultus,
2075 3167 2128 3220 in
2166 3177 2416 3221 nostrum
2452 3182 2510 3221 se
2556 3167 2778 3220 modum
2825 3183 2888 3220 ac
2926 3167 3087 3222 nobis
3127 3167 3400 3222 inclinans

1825 3256 2059 3310 actionis
2106 3257 2258 3309 cultu
2311 3263 2662 3324 corporatur;
2717 3270 3018 3324 rursusque
3071 3272 3172 3309 nos
3223 3257 3397 3310 subli-

1826 3363 1941 3401 mes
1965 3347 2182 3410 tollens,
2207 3363 2302 3416 per
2327 3347 2606 3400 scientiam
2637 3346 2909 3416 provehit,
2939 3347 3112 3402 donec
3145 3343 3209 3402 ad
3240 3364 3394 3403 mau-

1825 3438 2012 3492 datum
2066 3438 2341 3492 universis
2395 3437 2730 3492 sublimius:
2769 3439 3022 3492 Dominus
3070 3439 3209 3493 Deus
3253 3447 3392 3504 tuus,

1823 3530 2078 3582 Dominus
2110 3546 2244 3582 unus
2285 3540 2359 3582 est
2379 3531 2443 3592 ‘5,
2461 3528 2820 3583 ascendamus
2846 3547 2856 3581 :
2882 3544 3005 3583 cum
3033 3530 3214 3598 itaque
3240 3546 3396 3584 mens

1823 3629 2006 3673 nostra
2037 3620 2251 3674 cunctis
2274 3620 2473 3681 soluta,
2505 3634 2599 3672 seu
2634 3620 2816 3688 potius
2844 3619 3100 3673 omnibus
3127 3620 3390 3678 dimissis.

1825 3713 2000 3781 ipsum
2036 3721 2313 3780 postremo
2346 3710 2516 3764 Deum
2569 3719 2724 3763 nacta
2770 3710 2958 3770 fuerit.
3004 3721 3136 3766 tunc
3180 3712 3394 3782 linguas

1823 3802 2031 3872 igneas,
2062 3817 2160 3872 per
2183 3802 2410 3872 gratiam
2442 3800 2579 3855 deus
2603 3799 2817 3862 cllcﬂa,
2851 3801 3064 3871 recipit.

2369 3915 2649 3996 INTEVRR.
2692 3915 2851 3968 LXII.

1891 4005 2028 4070 Quid
2067 4005 2164 4058 sibi
2209 4004 2320 4057 vult
2356 4020 2372 4056 :
2410 4023 2427 4054 ι
2467 4003 2668 4056 Rarum
2715 4004 2851 4071 infer
2903 4005 3082 4074 pedem
3134 4012 3280 4057 tuum
3323 4006 3392 4059 ad

1821 4097 2044 4150 amicum
2071 4103 2236 4158 tuum,
2263 4110 2327 4146 ne
2354 4095 2487 4164 forte
2510 4102 2558 4146 te
2583 4095 2829 4156 satiatus,
2855 4096 3019 4147 oderit
3048 4103 3095 4146 te
3119 4095 3203 4146 “?
3228 4116 3244 4144 ι

2577 4184 2731 4253 Resp.

1889 4297 2138 4352 Amicum
2175 4295 2265 4349 hic
2291 4295 2418 4354 loci.
2450 4310 2650 4363 corpus
2683 4303 2926 4348 nostrum
2957 4295 3110 4357 dicit,
3141 4295 3210 4349 ob
3235 4305 3387 4349 natu.

145 4406 282 4458 αὐτὸ
315 4404 549 4472 φυσικὴν
579 4403 769 4456 ἕνωσίν
793 4419 851 4454 τε
880 4402 974 4455 καὶ
1006 4404 1260 4473 στοργήν.
1296 4405 1558 4474 Παραινεῖ
1583 4401 1717 4460 οὖνὸ

1758 4395 1794 4451 [)
1826 4388 1993 4441 ralem
2021 4403 2144 4440 cum
2173 4402 2238 4440 co
2270 4386 2526 4439 unionem
2557 4385 2866 4454 amorisque
2903 4387 3384 4440 necessitudinem.

143 4497 349 4566 Λόγος,
384 4495 483 4565 τὴν
514 4495 636 4566 περὶ
673 4495 734 4547 τὸ
768 4495 924 4563 σῶμα
957 4494 1212 4564 πρόνοιαν
1249 4495 1321 4563 μὴ
1352 4497 1720 4566 πεφορτισμέο

141 4603 245 4658 νην
299 4581 589 4644 ποιεῖσθαι,
613 4582 746 4634 ἀλλὰ
781 4582 925 4650 μόνῳ
968 4579 1044 4650 τῷ
1087 4583 1186 4650 τῆς
1228 4579 1404 4649 ψυχῆς
1453 4580 1588 4650 ἴχνει
1620 4581 1718 4651 τὴν

141 4676 319 4728 αὑτοῦ
353 4674 608 4744 πρόνοιαν
645 4673 933 4724 ποιεῖσθαι·
993 4672 1088 4724 καὶ
1137 4671 1294 4724 τοῦτο
1335 4672 1389 4723 δὲ
1446 4673 1708 4738 σπανίως,

144 4768 368 4837 μήποτε
429 4764 526 4834 τὴν
578 4765 883 4818 ἀνάπαυσιν
931 4763 1092 4816 αὑτοῦ
1134 4763 1258 4832 περὶ
1297 4761 1492 4814 πολλοῦ
1533 4780 1716 4816 ποιου-

142 4858 316 4926 μένου
349 4872 464 4919 σου,
497 4854 567 4908 τὰ
597 4854 704 4908 τῶν
732 4853 942 4924 ἐχθρῶν
969 4855 1060 4908 καὶ
1085 4855 1384 4924 μισούντων
1417 4857 1475 4907 ὲν
1503 4855 1584 4908 σοὶ
1624 4856 1712 4910 ὲν-

137 4946 412 5016 δείξηται.

767 5035 957 5087 ΕΡΩΤ.
991 5033 1103 5088 ΞΡ.

218 5129 288 5182 Τι’
307 5127 587 5195 σημαίνει
618 5127 650 5193 ἡ
672 5125 822 5180 κατὰ
853 5126 958 5179 τὸν
983 5127 1164 5195 νόμον
1183 5126 1317 5195 περὶ
1340 5125 1585 5194 ἀγνοίας
1607 5125 1712 5179 τοῦ

133 5220 342 5290 φόνου
357 5217 872 5286 νευροκοπουμένη
892 5215 968 5288 (η)
981 5218 1050 5269 ἑν
1070 5217 1144 5286 τῇ
1157 5217 1408 5287 φάραγγι
1427 5217 1717 5288 δάμαλις

854 5328 1081 5396 Ἀπόκρ.

208 5437 484 5510 Σημαίνει
517 5437 603 5490 διὰ
626 5437 830 5491 τούτων
852 5438 914 5491 τὸ
944 5439 1312 5510 πνευματικὸν
1340 5440 1586 5512 βούλημα
1612 5442 1717 5515 τῆς

1823 4479 2004 4531 Monet
2031 4477 2197 4546 igitur
2223 4476 2527 4545 Scriptura,
2564 4493 2629 4529 ne
2666 4478 2938 4530 morosius
2971 4479 3220 4547 corporis
3246 4495 3391 4534 cura:

1822 4567 2176 4636 itnpendaris,
2207 4566 2300 4620 sed
2331 4566 2499 4618 animi
2535 4566 2711 4618 solum
2756 4566 2986 4634 vestigio
3024 4566 3100 4620 illi
3136 4567 3386 4633 studeas;

1819 4658 1914 4712 sed
1953 4666 2007 4711 et
2047 4656 2152 4710 hoc
2189 4653 2365 4724 ipsum
2411 4672 2555 4716 raro,
2591 4671 2660 4709 ne
2702 4656 2841 4711 forte
2881 4656 3010 4710 dum
3055 4658 3174 4728 ejus
3216 4659 3388 4727 pluris

1819 4749 2172 4804 refectionem
2212 4763 2274 4801 ac
2319 4749 2559 4816 quietem
2614 4747 2766 4811 facis,
2803 4747 3120 4818 diligentius
3167 4765 3387 4812 curans,

1818 4857 1939 4911 qua:
1967 4841 2075 4894 sint
2103 4840 2345 4894 hostium
2385 4847 2547 4909 atque
2582 4839 2884 4894 odientium
2918 4840 2972 4894 in
2999 4848 3052 4895 te
3081 4840 3213 4896 illud
3238 4842 3390 4896 exhi-

1822 4934 1967 4987 beat.

2345 5039 2626 5094 INTERR.
2669 5039 2854 5095 LXII].

1894 5131 2028 5198 Quid
2082 5131 2178 5185 sibi
2225 5131 2334 5184 vult
2391 5130 2575 5200 legalis
2628 5130 2794 5185 vitula
2844 5148 2938 5202 pro
2983 5131 3259 5186 homicidio
3295 5149 3388 5204 per

1824 5227 2178 5296 ignorantiam
2206 5225 2478 5277 (ammisso
2507 5225 2562 5276 in
2590 5223 2728 5277 valle
2757 5224 3068 5277 subnervata
3100 5223 3142 5254 ⁸⁷
3173 5214 3196 5268 ?

2518 5334 2674 5400 Resp.

1891 5445 2094 5500 llorum
2137 5444 2384 5515 symbolo
2428 5442 2480 5496 id
2527 5442 2784 5497 videlicet
2822 5441 3091 5513 signiﬁcat
3125 5442 3387 5514 spiritalis

199 5613 252 5648 “
280 5613 488 5683 Ephcs.
512 5629 550 5680 ι,
584 5613 667 5668 10.
741 5615 786 5647 ⁸⁵
810 5613 968 5669 Deut.
998 5631 1070 5682 vi,
1098 5617 1150 5670 4.
1229 5618 1272 5649 ⁸⁸
1298 5618 1459 5672 Prov.
1505 5634 1626 5682 xxv,
1658 5617 1717 5671 l7

1821 5619 1864 5650 °"
1895 5620 2051 5673 Deut.
2079 5636 2184 5672 xxi.
2228 5619 2344 5675 4-6.

208 5789 300 5862 (η)
320 5791 977 5859 Νειῳοκοπουμένη.8ἰσ
995 5800 1140 5846 certe
1192 5793 1400 5847 ELXX.
1442 5794 1600 5847 Dent.
1649 5808 1714 5845 xx

1775 5811 1785 5844 :
1826 5792 1930 5844 Καὶ
1961 5794 2417 5861 νευροκυπήσουσι
2447 5793 2542 5862 τὴν
2571 5795 2796 5859 δάμαλιν
2846 5795 2903 5847 έν
2935 5796 2998 5864 τῇ
3025 5794 3292 5865 φάραγγι,
3327 5805 3383 5850 0t
