4218 6432
149 421 247 484 837

1319 415 1833 490 ΟυίἘΒΤΙΟΝΕΞ
1867 417 1965 476 ΕΤ
1997 416 2224 478 ΒΗΒΙΛ
2238 463 2251 477 .

3299 415 3410 478 838

151 530 264 586 ὑπὸ
301 527 614 598 τεσσάρων
654 528 1017 597 καλῶμεν-ος,
1041 529 1139 584 καὶ
1176 529 1229 584 el
1269 526 1537 585 δυνατὸν
1577 530 1726 584 κατὰ

1836 530 2146 596 submissus;
2201 544 2263 582 ac
2316 543 2418 581 non
2485 527 2684 598 τείρεα,
2739 525 2923 580 domus
2975 531 3104 580 tecto
3146 525 3407 583 denudari

148 624 260 687 τὴν
287 623 559 688 ἱστορίαν
581 619 1110 688 ἀποστετασθῆναι
1144 621 1252 675 τὸν
1293 621 1465 676 οἷκον
1493 639 1512 684 ;

833 731 1071 799 Ἀπόκρ.

218 822 378 876 Κατὰ
416 823 512 893 μὲν
559 822 657 893 τὴν
702 822 966 891 ἱστορίαν,
1019 822 1238 885 πάντως
1287 823 1670 893 ἀπεστεγάσθη
1700 823 1728 875 ὁ

142 912 322 978 οἶκος·
350 915 538 984 ἐπειδὴ
579 919 627 966 οἱ
671 915 777 966 τῶν
823 914 1001 966 τόπων
1042 914 1264 967 ἐκείνων
1314 916 1578 968 αὐτόπται
1632 930 1727 980 γε-

143 1008 385 1073 νόμενοι,
417 1010 550 1074 φασὶ
571 1007 667 1068 τὰς
691 1007 890 1075 στέγας
913 1006 1018 1058 τῶν
1047 1005 1234 1070 οἴκων,
1267 1008 1375 1060 ἀπὸ
1397 1007 1547 1059 λίθου
1572 1007 1725 1076 κισή-

145 1116 239 1166 {mu
270 1091 411 1150 εἶναι
437 1097 864 1168 ἐλαφροτάτους,
900 1098 1040 1151 ὥστε.
1079 1100 1170 1152 τὸν
1200 1099 1570 1166 ἀποστεγάσαι
1605 1097 1729 1167 βου-

140 1188 395 1255 λόμενον,
462 1189 702 1254 εὐκόλως
752 1191 846 1242 καὶ
907 1191 1193 1261 συντόμως
1249 1190 1513 1244 δύνασθαι
1570 1191 1729 1243 τοῦτο

144 1281 342 1332 ποιεῖν.
392 1280 548 1333 Κατὰ
584 1279 640 1332 δὲ
673 1279 764 1332 τὸν
817 1281 917 1350 τῆς
963 1282 1258 1352 ἀναγωγῆς
1298 1282 1519 1352 τρόπον,
1553 1300 1730 1353 παρα-

147 1370 360 1433 λυτικός
395 1372 530 1435 ἐστι,
561 1373 667 1434 πᾶς
705 1371 828 1436 νοῦς
855 1375 912 1424 ἐν
944 1375 1244 1445 ἁμαρτέαις
1281 1375 1476 1439 νοσῶν,
1512 1375 1605 1425 καὶ
1655 1374 1728 1443 μὴ

149 1459 549 1528 δυνάμενοςίδιὰ
568 1462 668 1530 τῆς
690 1462 922 1532 φυσικῆς
943 1461 1176 1534 θεωρίας
1202 1461 1360 1533 (αὕτη
1384 1463 1493 1532 γὰρ
1513 1465 1544 1533 ἡ
1565 1461 1726 1533 θύρα)

151 1550 278 1601 ἰδεῖν
333 1550 428 1602 τὸν
468 1551 660 1617 λόγον’
694 1551 780 1604 διὰ
825 1553 881 1605 δὲ
921 1553 1019 1624 τῆς
1067 1554 1303 1614 πίστεως
1349 1554 1728 1620 ἀποστεγάσας

141 1642 204 1694 τὸ
238 1643 505 1713 κάλυμμα
531 1646 628 1712 τῆς
653 1645 964 1714 παχύτητος
991 1644 1085 1698 τοῦ
1120 1647 1346 1716 νομιγοῦ
1378 1647 1729 1716 γράμματος,

142 1733 232 1784 διὰ
265 1732 374 1785 τῶν
415 1736 700 1804 τεσσάρων
750 1736 983 1806 χαλᾶται
1023 1738 1085 1790 ἐκ
1133 1736 1228 1790 τοῦ
1276 1738 1507 1808 ματαίου
1541 1735 1728 1806 ὕψους,

146 1823 286 1892 προς
335 1825 427 1877 τὸν
482 1825 673 1878 ἑαυτὸν
719 1827 1036 1880 κενώσαντα
1085 1828 1279 1896 Λόγον,
1309 1828 1404 1879 καὶ
1432 1831 1498 1898 τῇ
1550 1829 1729 1881 πίστει

145 1919 241 1969 καὶ
278 1921 346 1988 τῇ
379 1917 576 1988 πράξει
600 1917 870 1988 λαμϐάνει
898 1919 996 1988 τὴν
1032 1920 1211 1988 βάσιν.

768 2058 966 2111 ΕΡΩΤ.
1009 2058 1128 2112 ΞΕ’.

222 2150 394 2216 Τίνος
448 2151 624 2221 χάριν
671 2152 1162 2222 καταγελωμένου
1212 2153 1568 2208 Ἐλισσαίου
1629 2152 1736 2208 τοῦ

145 2241 464 2308 προφήτου
495 2242 564 2294 ἐκ
611 2239 731 2294 τῶν
768 2243 1018 2305 παίδων,
1054 2243 1302 2310 ηὔξατο,
1329 2245 1423 2296 καὶ
1469 2243 1737 2310 ἐξῆλθον

146 2331 341 2400 ἇρκοι,
375 2333 474 2387 καὶ
495 2333 812 2402 ἀνώρυξιιν
845 2334 1224 2406 [ἀνέῤῥηξαν]
1253 2335 1357 2403 μβ¹
1396 2335 1613 2400 παῖδας
1631 2350 1651 2398 ;

816 2448 1054 2515 Ἀπόκρ.

215 2541 354 2594 Φασὶ
384 2557 528 2603 τινες
564 2539 638 2611 μὴ
671 2533 808 2593 εἶναι
846 2540 1180 2610 Ἰσραηλίτας
1211 2541 1336 2604 τούς
1373 2542 1587 2604 παῖδας,
1617 2540 1733 2593 ἀλλ’

149 2634 213 2686 ὲκ
240 2631 350 2687 τῶν
380 2633 726 2700 ἀλλοφύλων·
762 2633 856 2686 καὶ
883 2633 1003 2703 οὐχὶ
1036 2634 1234 2695 παῖδας
1263 2637 1330 2706 τῇ
1365 2635 1574 2707 ἡλικίᾳ,
1597 2635 1734 2688 ἀλλὰ

149 2727 214 2794 τῇ
251 2725 535 2795 φρονήσει.
580 2724 733 2777 Ἐπεὶ
768 2719 862 2777 οὖν
891 2725 1089 2794 ἤκουον
1119 2726 1209 2778 τὸν
1242 2726 1530 2796 προφήτην
1563 2725 1734 2778 πολλὰ

153 2819 355 2887 σημεῖα
391 2815 676 2881 ποιοῦντα,
714 2817 808 2869 καὶ
844 2817 944 2869 οὐκ
990 2816 1298 2876 ἐπίστευον,
1337 2816 1473 2869 ἀλλὰ
1504 2818 1736 2884 κατεγέ-

149 2906 256 2959 λων
280 2905 446 2960 αὐτοῦ
473 2921 487 2934 ·
525 2904 778 2976 παρῆσαν
810 2906 866 2958 δέ
903 2922 1046 2968 τινες
1090 2905 1166 2976 μὴ
1207 2905 1589 2967 κοινωνοῦντες
1637 2909 1736 2978 τῆς

154 2997 392 3068 ματαίας
421 2997 603 3049 αὐτῶν
633 2997 858 3066 γνώμης
896 3012 908 3026 ·
958 2996 1043 3049 ἵνα
1067 2991 1160 3050 οὐν
1191 2996 1266 3066 μὴ
1292 2989 1434 3050 οὗτοι
1458 2996 1738 3066 βλάπτων-

152 3107 262 3154 ται,
307 3090 404 3142 καὶ
437 3088 497 3140 τὸ
539 3089 862 3160 βλάσφημον
893 3089 970 3150 εἰς
1000 3088 1132 3142 Θεὸν
1159 3087 1458 3160 ἀνατρέχῃ,
1497 3091 1734 3158 ἐπεξῆλ-

153 3181 243 3234 θεν
275 3179 466 3243 αὐτοῖς
499 3181 527 3232 ὁ
558 3179 708 3242 Θεός.
748 3177 904 3233 Κατὰ
928 3178 982 3231 δὲ
1018 3178 1114 3250 τὴν
1167 3179 1421 3250 θεωρίαν,
1456 3182 1564 3243 πᾶς
1602 3179 1727 3243 νοῦς

1829 622 1990 693 possit
2020 623 2084 676 ⁸⁸⁸.

2531 737 2691 808 Resp.

1898 832 2053 898 Quod
2101 832 2323 902 quidem
2379 831 2445 886 ad
2499 833 2575 887 rei
2630 841 2796 902 gesta:
2847 831 3134 885 veritatem
3187 827 3404 890 attinet,

1828 927 2054 980 omnino
2082 927 2294 981 detecta
2321 936 2404 981 est
2432 927 2646 980 domus.
2681 925 2852 980 Aiunt
2873 924 3021 978 enim
3047 923 3140 991 qui
3166 919 3409 976 Palaesti-

1829 1033 1913 1071 na:
1952 1018 2067 1072 loca
2114 1018 2215 1087 ipsi
2262 1019 2590 1082 lustrarunt,
2628 1017 2918 1072 domorum
2955 1024 3096 1070 tecta
3136 1015 3410 1069 levissima

1829 1124 1949 1163 esse
1981 1124 2046 1162 ex
2093 1109 2275 1178 lapide
2325 1109 2562 1178 pumice,
2591 1117 2653 1162 ut
2693 1109 2806 1177 qui.
2832 1109 2947 1162 haec
2987 1108 3245 1161 amovere
3279 1106 3411 1160 velit

1828 1214 1894 1252 ac
1947 1198 2227 1268 detegere,
2269 1199 2322 1251 id
2373 1199 2533 1252 facile
2588 1199 2851 1269 brevique
2907 1201 3080 1269 possit
3127 1205 3408 1268 prtestare.

1831 1289 2076 1358 Spiritali
2101 1305 2234 1344 vero
2258 1305 2322 1344 ac
2350 1289 2529 1344 altiori
2557 1306 2745 1355 sensu,
2771 1291 3102 1360 paralyticus
3123 1301 3209 1344 est
3231 1287 3411 1342 omnis

1833 1381 2050 1436 animus
2073 1383 2313 1452 peccatis
2343 1382 2622 1446 laborans,
2653 1399 2757 1438 nec
2782 1383 2971 1436 valens
2997 1381 3261 1435 naturalis
3283 1396 3413 1434 con-

1833 1472 2204 1540 templationis
2242 1473 2291 1525 vi
2330 1473 2470 1542 (hazc
2512 1473 2658 1527 enim
2698 1483 2868 1542 portae
2909 1473 3177 1533 rationem
3223 1467 3409 1538 habet)

1831 1579 2142 1619 sermonem
2189 1566 2380 1620 videre
2428 1583 2440 1619 :
2491 1567 2587 1634 qui
2641 1574 2822 1619 tamen
2872 1564 2998 1618 fidei
3044 1579 3147 1633 ope
3197 1563 3406 1616 detecta

1832 1657 2032 1713 littera:
2077 1659 2214 1726 legis
2250 1659 2560 1727 obtegeutis
2589 1657 2830 1720 erasitie,
2871 1672 2900 1709 a
2928 1665 3164 1725 quatuor
3197 1655 3414 1708 laxatus

1831 1751 1902 1804 ab
1942 1751 2089 1804 inani
2126 1750 2373 1805 celsitate
2416 1752 2483 1805 ad
2513 1751 2855 1813 Sermonem,
2895 1749 2988 1818 qui
3024 1748 3263 1817 seipsunt
3293 1745 3413 1800 exi-

1835 1840 2046 1894 nanivit
2069 1842 2136 1907 ",
2166 1857 2264 1911 per
2290 1841 2450 1897 [idem
2479 1857 2542 1896 ac
2566 1843 2836 1896 actionem
2863 1856 3108 1911 gressum
3147 1838 3368 1907 recipit.

2379 2058 2660 2113 INTER“.
2704 2057 2862 2111 LXV.

1903 2151 2043 2217 Quid
2080 2165 2257 2205 causa:
2286 2159 2358 2203 est
2417 2167 2510 2202 cur
2543 2149 2766 2203 Elismus
2806 2149 3057 2218 propheta
3089 2147 3265 2216 pueris
3292 2145 3416 2199 irri-

1831 2244 2069 2297 dentibus
2105 2251 2345 2313 prccotus
2370 2243 2457 2302 sit,
2479 2243 2800 2312 exierintque
2827 2241 2957 2305 ursi,
2989 2256 3051 2292 ac
3079 2255 3262 2308 pueros
3285 2254 3417 2308 qua-

1833 2337 2085 2406 draginta
2118 2335 2246 2388 duos
2282 2333 2652 2405 discerpscrint
2676 2334 2742 2386 ⁷ο.

2542 2445 2697 2516 Resp.

1905 2540 2046 2595 Sunt
2071 2540 2163 2609 qui
2195 2539 2384 2593 dicant
2414 2553 2521 2591 non
2566 2538 2734 2593 fuisse
2767 2554 2972 2608 pueros
2998 2539 3292 2602 Israelitas,
3320 2539 3417 2593 sed

1834 2648 1900 2686 ex
1931 2633 2253 2703 alienigenis
2289 2650 2300 2684 :
2335 2647 2400 2686 ac
2438 2647 2618 2700 neque
2659 2640 2818 2685 tetate
2857 2647 3079 2701 pueros,
3115 2632 3209 2685 sed
3249 2632 3416 2685 animi

1835 2739 2000 2780 sensu
2028 2739 2091 2778 ac
2120 2724 2433 2794 prudentia.
2471 2721 2609 2788 Quia
2645 2722 2813 2792 igitur
2851 2723 3148 2776 audiebant
3182 2722 3421 2792 prophe-

1838 2822 1946 2868 tam
1976 2814 2146 2867 multa
2169 2814 2321 2884 signa
2348 2823 2631 2882 praestare,
2653 2828 2757 2866 nec
2782 2823 2841 2866 ut
2864 2813 3153 2868 crederent
3175 2815 3417 2867 animum

1839 2904 2194 2969 inducebant,
2229 2905 2323 2959 sed
2367 2906 2520 2959 illum
2569 2904 2904 2970 irridchant;
2941 2915 3098 2959 erant
3139 2921 3270 2959 vero
3301 2905 3422 2975 qui-

1838 2997 1962 3052 dam
1991 3005 2308 3068 praesentes,
2350 2997 2443 3067 qui
2473 3013 2502 3051 a
2536 3009 2702 3067 prava
2747 2997 2970 3051 illorum
3004 3006 3185 3050 mente
3219 2997 3424 3051 abhor-

1838 3091 2050 3144 rebant.
2078 3089 2157 3144 Ne
2182 3089 2351 3159 igitur
2373 3090 2408 3142 ii
2433 3089 2612 3143 labem
2640 3090 2973 3158 acciperent,
3000 3104 3062 3142 ac
3083 3089 3420 3158 blasphemia

1839 3183 1894 3236 iu
1919 3183 2090 3237 Deum
2121 3189 2455 3244 recurreret,
2489 3183 2608 3252 ipso
2641 3183 2819 3236 ultore
2850 3181 2903 3234 in
2931 3181 3054 3235 illos
3079 3181 3426 3234 animadver-

154 3271 298 3325 κατὰ
358 3272 450 3324 τὸν
486 3270 788 3324 Ἐλισσαῖον
825 3271 1137 3342 φαλακρὸς,
1189 3272 1440 3324 τουτέστι
1487 3272 1726 3340 καθαρὸς

1836 3283 1956 3325 sum
1985 3279 2090 3325 est.
2135 3270 2380 3341 Spiritali
2423 3283 2605 3326 autem
2636 3287 2822 3336 sensu,
2849 3286 3004 3325 mens
3032 3271 3213 3324 omnis
3246 3271 3422 3326 Elistei

154 3360 361 3414 ὐλικῶν
421 3362 733 3430 νοημάτων,
792 3361 852 3412 ὲν
890 3363 955 3429 τῇ
1008 3360 1273 3414 ἀναϐάσει
1310 3361 1409 3431 τῆς
1460 3360 1734 3429 γνώσεως.

155 3453 330 3506 πολλὰ
359 3451 466 3505 ὐπὸ
493 3451 602 3504 τῶν
633 3451 909 3521 λογισμῶν
943 3450 1051 3503 τῶν
1084 3453 1213 3521 περὶ
1247 3451 1315 3506 τὰ
1365 3452 1617 3522 αἰσθητὰ,
1647 3453 1738 3504 καὶ

154 3547 251 3614 τὴν
281 3544 418 3614 ὓλην
448 3545 542 3598 καὶ
581 3543 641 3597 τδ
671 3539 831 3606 εἶδος,
882 3543 1251 3611 καταγελᾶται
1278 3560 1290 3575 ·
1325 3545 1731 3613 τεσσαράκοντα

151 3635 444 3705 δηλοῦντος
471 3635 538 3688 τὰ
561 3635 796 3706 αἰσθητά
820 3634 893 3705 (ο)
924 3651 934 3660 ·
972 3635 1072 3704 ὕλη
1093 3635 1148 3687 δὲ
1184 3635 1280 3688 καὶ
1308 3636 1367 3688 τὸ
1401 3633 1538 3698 εἶδος
1567 3652 1736 3712 προσ-

151 3729 442 3799 τιθέμενα,
477 3727 732 3780 ἀποτελεῖ
779 3727 870 3781 τὸν
904 3727 1312 3797 τεσσαράκοντα
1359 3725 1451 3780 δύο
1483 3727 1734 3798 ἀριθμόν.

153 3821 480 3874 Σκώπτεται
529 3815 623 3873 οὖν
657 3821 720 3874 ἐκ
748 3821 856 3872 τῶν
907 3819 1161 3873 τοιούτων
1207 3819 1480 3891 λογισμῶν
1523 3823 1550 3874 ὁ
1589 3821 1734 3888 νοῦς,

154 3915 295 3987 πρὸς
348 3913 413 3966 τὸ
452 3914 530 3976 εἰς
563 3913 720 3967 ὄκνον
753 3914 917 3967 αὐτὸν
948 3915 1284 3984 ἐμϐληθῆναι
1331 3917 1466 3985 πρὸς
1494 3917 1592 3987 τὴν
1618 3919 1741 3988 ἀρε-

151 4010 274 4080 τήν.
312 4006 551 4070 Τούτους
583 4001 676 4059 οὖν
707 4007 777 4059 δι’
800 4006 970 4076 εὐχῆς
997 4008 1233 4076 ἀναιρεῖ,
1267 4008 1361 4061 καὶ
1392 4008 1478 4060 διὰ
1503 4009 1610 4060 τῶν
1639 4010 1736 4080 ἄρ-

153 4116 290 4162 κων,
322 4097 575 4151 τουτέστι
608 4098 678 4150 δι’
706 4098 902 4168 ἡδονῆς
947 4098 1039 4152 καὶ
1089 4098 1414 4168 ἑπιθυμίαςσ
1449 4102 1565 4153 κατ’
1587 4101 1735 4154 ἀντι-

154 4191 398 4263 στροφὴν
423 4191 530 4262 γὰρ
562 4190 653 4243 ἐπὶ
675 4190 736 4242 τὸ
765 4191 1012 4260 κρεῖττον
1038 4190 1522 4260 μεταχειριζόμενοι
1539 4191 1605 4244 τὰ
1626 4208 1735 4244 τοι-

151 4285 296 4339 αῦτα
332 4285 500 4354 πάθη,
554 4282 915 4337 ἀποκτένουσι
964 4283 1089 4346 τοὺς
1143 4282 1437 4352 λογισμοὺς
1479 4287 1605 4347 τοὺς
1638 4285 1736 4354 ἐμ-

152 4374 447 4436 παίκτους.

762 4568 960 4622 EPQT.
1001 4568 1132 4636 εσν.

1839 3378 1990 3418 more
2017 3363 2169 3417 calva
2199 3380 2212 3415 :
2244 3363 2350 3418 hoc
2378 3371 2482 3426 est,
2515 3380 2544 3418 a
2584 3363 2821 3418 terrenis
2855 3363 3031 3416 scnsis
3065 3379 3129 3416 ac
3169 3363 3422 3433 cogitati-

1838 3454 1942 3509 bus
1975 3470 2133 3523 pura,
2167 3455 2220 3508 in
2249 3470 2476 3509 ascensu
2521 3455 2784 3518 scientiae,
2817 3455 3115 3524 plurimum
3160 3453 3424 3511 irridetur

1837 3547 1907 3600 ab
1946 3548 2011 3600 iis
2053 3547 2381 3610 rationibus,
2409 3563 2531 3616 qua:
2567 3548 2712 3601 circa
2745 3547 2989 3609 sensilia,
3025 3548 3422 3616 materiamque

1837 3653 1901 3692 ac
1935 3639 2188 3702 formam,
2229 3649 2540 3694 versantur.
2573 3639 2651 3694 Ita
2687 3639 2917 3704 scilicet,
2951 3646 3012 3691 ut
3046 3639 3424 3708 quadragena-

1837 3732 1955 3785 rius
2001 3743 2284 3798 numerus,
2309 3740 2410 3787 ‘res
2452 3732 2504 3786 iu
2545 3748 2765 3786 sensum
2812 3732 3074 3785 cadentes
3115 3731 3418 3801 signiticet;

1837 3823 2108 3892 adjuncta:
2135 3840 2268 3878 vero
2293 3824 2518 3877 materia
2544 3832 2600 3878 et
2631 3824 2826 3887 forma,
2852 3824 2962 3877 duo
2988 3838 3149 3892 supra
3182 3823 3420 3892 quadra-

1839 3911 1986 3980 ginta
2015 3911 2272 3965 cﬂiciaut.
2305 3913 2658 3967 Subsannant
2689 3913 2855 3983 igitur
2883 3913 3122 3967 rationes
3150 3914 3418 3983 ejusmodi

1838 4002 2104 4074 animum,
2143 4011 2201 4054 ut
2258 4001 2310 4053 in
2357 4001 2693 4067 socordiam,
2747 4017 2856 4071 quo
2904 4001 3085 4054 minus
3128 4000 3218 4055 ille
3257 4001 3421 4057 obeat

1837 4094 2130 4156 virtutem,
2182 4094 2497 4162 conjiciunt.
2544 4094 2652 4148 llas
2701 4096 2867 4165 igitur
2918 4094 3175 4164 precibus
3221 4102 3417 4165 necat,

1839 4185 2001 4254 idque
2049 4200 2304 4237 ursorum
2347 4201 2546 4254 Opera;
2584 4187 2881 4256 voluptatis
2923 4187 3133 4241 scilicet
3164 4199 3229 4239 ac
3266 4186 3420 4254 cupi-

1837 4276 2027 4330 ditatis
2057 4276 2221 4347 326
2252 4294 2374 4347 ope.
2410 4279 2630 4333 Alterna
2669 4281 2815 4333 enim
2857 4279 3214 4332 conversione
3246 4279 3418 4332 virtu-

1841 4367 1908 4420 tis
1957 4366 2203 4422 subsidio
2253 4371 2496 4438 usurpati
2545 4371 2774 4424 aﬂ‘cctus
2814 4371 3105 4440 ejusmodi,
3146 4369 3418 4425 derisores

1839 4458 2106 4525 cogitatus
2136 4458 2486 4528 rationesque
2519 4461 2921 4514 contrucidant.

2371 4574 2653 4628 INTER“.
2695 4573 2875 4627 LXVI.

225 4658 360 4726 Πῶς
393 4659 716 4728 ὀφείλομεν
747 4657 915 4712 νοεῖν
943 4629 1221 4727 τὴνσπερὶ
1252 4663 1610 4728 συντελείας
1625 4661 1732 4717 τοῦ

1905 4669 2173 4739 Quomodo
2230 4668 2377 4722 nobis
2431 4666 2868 4735 intelt'igmm‘mn,
2926 4669 3174 4737 ignorare
3227 4667 3418 4720 Filium

154 4750 293 4807 Υἱοῢ
323 4750 607 4820 ἇτνοιαν;

847 4865 1072 4919 Ἁπόκο.

852 4882 1016 4919 Ὰποκ
1059 4905 1072 4918 .

234 4957 406 5026 Amm
451 4957 534 5020 τίς
586 4957 737 5012 ἐστιν
789 4882 1090 5026 ἄγνοια-ρὴ
1129 4955 1228 5025 μὲν
1250 4956 1733 5029 διαϐαλλομένη,ή

153 5051 234 5114 δὲ,
276 5049 598 5120 ἀδιάϐλητος
621 5066 634 5081 ⁸
665 5051 758 5104 καὶ
785 5051 818 5121 ἡ
855 5049 950 5121 μὲν
981 5047 1066 5118 ἐφ’
1094 5050 1225 5118 ἡμῖν
1256 5050 1423 5113 ἐστιν,
1451 5052 1483 5120 ἡ
1515 5051 1592 5114 δὲ,
1631 5050 1732 5104 οὐκ

155 5143 242 5212 ἐφ’
273 5144 430 5213 ἡμῖν.
467 5142 579 5196 Καὶ
611 5142 646 5212 ή
685 5141 784 5212 μὲν
825 5139 1222 5210 διαϐαλλομένη
1270 5140 1366 5194 καὶ
1399 5141 1484 5209 ἐφ’
1513 5143 1668 5212 ἡμῖν,
1696 5143 1729 5212 ἡ

226 5300 272 5332 ⁸⁸
300 5299 437 5354 Luc.
463 5314 518 5365 ν,
551 5297 638 5354 I9.
716 5299 761 5330 “
784 5297 1021 5368 Philipp.
1056 5314 1114 5365 ιι,
1145 5299 1197 5354 7.

223 5439 307 5510 (ο)
367 5442 828 5510 Τεσσαρακοντα
858 5438 1194 5510 δηλοῦντος
1236 5438 1309 5492 τὰ
1353 5436 1636 5510 αἰσθητά..
1656 5436 1748 5489 Vi-

157 5507 404 5565 deantur
447 5507 574 5580 baac'
608 5509 992 5580 ,περιττότερον
1018 5509 1191 5580 dicta,
1234 5509 1496 5580 necsatis
1516 5522 1583 5560 ex
1624 5507 1744 5575 lege

153 5589 364 5634 exactae
392 5579 695 5650 allegoriae;
720 5579 787 5634 Ut
816 5581 964 5633 enim
999 5579 1231 5649 August.
1254 5580 1310 5650 in
1332 5579 1491 5650 Joan.
1523 5593 1577 5641 v,
1601 5592 1736 5650 qua:

153 5647 526 5720 dragenarius
545 5664 813 5720 numerus
839 5651 892 5702 in
923 5647 1157 5718 quadam
1191 5649 1530 5718 perfectione
1557 5647 1733 5715 accipi

154 5719 319 5783 solet,
346 5734 530 5790 eaque
557 5719 780 5790 ratione
801 5719 857 5790 in_
877 5719 1088 5790 jejunio
1111 5727 1468 5790 consecratus
1486 5727 1599 5790 est:
1630 5732 1733 5790 nec

155 5791 392 5844 materia
423 5786 479 5843 et
510 5788 688 5844 forma
713 5788 863 5842 aliud
879 5786 1023 5846 sunt
1050 5804 1215 5858 quam
1246 5789 1364 5857 ipsa
1392 5786 1649 5858 sensilia,_
1674 5787 1732 5841 in

155 5861 362 5928 quibus
394 5859 628 5928 proinde
659 5873 769 5912 non
790 5859 1008 5912 videtur
1033 5856 1292 5914 debuisse
1328 5858 1594 5912 Maximus
1619 5856 1732 5909 dum

1283 5300 1328 5332 '°
1363 5299 1431 5356 IV
1456 5299 1587 5370 Reg.
1618 5315 1678 5364 ιι,
1705 5300 1796 5354 25.

1829 4757 2009 4813 δίει-ιιίὶ
2046 4758 2550 4812 consummationem
2578 4756 2656 4811 7‘?

2549 4865 2700 4935 Resp.
3387 4934 3389 4937 ι

1912 4960 2122 5029 Duplex
2147 4958 2452 5029 ignorantia
2485 4966 2604 5022 est;
2639 4959 2830 5022 altera,
2861 4974 2981 5028 quae
3009 4960 3242 5014 obnoxia
3273 4958 3421 5013 vitu-

1843 5054 1998 5122 perio
2051 5052 2150 5115 sit,
2204 5051 2372 5104 altera
2431 5067 2552 5120 qua:
2611 5050 2759 5105 omni
2810 5051 2930 5105 labe
2980 5059 3195 5116 careat,
3245 5053 3422 5121 sitque

1844 5144 2060 5198 innoxia
2089 5160 2102 5196 :
2135 5153 2298 5212 atque
2323 5144 2492 5198 altera
2516 5144 2757 5212 quidem,
2780 5159 2947 5213 penes
2974 5160 3076 5198 nos
3114 5154 3423 5213 nostrteque

1869 5301 1911 5331 '”
1941 5300 2102 5354 Marc.
2135 5317 2248 5365 xm,
2279 5301 2366 5355 '59..

1857 5451 2104 5506 quaerere
2168 5451 2331 5505 supra
2379 5434 2740 5505 quadraginta
2776 5475 2790 5498 ,
2837 5435 3114 5504 siquidem
3179 5435 3420 5504 quadra-

1853 5510 2002 5575 ginta
2048 5506 2158 5575 (οι)
2187 5517 2422 5574 quatuor
2464 5507 2678 5559 scilicet
2701 5507 3018 5575 elementa)
3071 5506 3297 5574 exponit
3355 5506 3424 5559 τὰ

1851 5578 2100 5646 αἰσθητὰ,
2125 5577 2281 5644 quasi
2309 5593 2374 5631 ex
2405 5577 2512 5629 illis
2540 5577 2737 5630 coalita
2766 5593 2778 5628 :
2823 5577 2927 5630 nisi
2962 5575 3113 5646 forte
3136 5577 3240 5646 hoc
3259 5575 3426 5629 libuit

1842 5645 2037 5700 ludere
2072 5647 2126 5698 in
2163 5647 2441 5715 allegoria:
2467 5646 2852 5715 eampo,°quod
2908 5645 3011 5699 alia
3050 5645 3173 5698 aliis
3222 5645 3422 5715 imme-

1840 5717 2021 5770 diatus
2052 5716 2116 5769 ad
2150 5716 2267 5784 ipsa
2281 5714 2355 5770 ’se
2387 5717 2645 5777 habeant,
2670 5714 2952 5785 possitque
2979 5716 3200 5770 animus
3217 5714 3422 5770 distin-

1839 5787 2041 5842 etionis
2070 5785 2280 5854 aliquid
2311 5786 2549 5855 cogitare
2579 5787 2723 5839 inter
2753 5787 2866 5841 illa.
