4218 6432
665 379 771 443 843

1852 381 1912 436 S.
1951 372 2244 436 MAXIMI
2285 370 2798 432 COXFESSORIS

3861 372 3973 439 8H

656 493 760 545 hoc
783 488 1055 554 signiﬁcat
1084 509 1100 546 :
1129 491 1324 546 Pacem
1361 489 1586 560 quidem
1622 487 1803 550 nobis,
1831 485 2082 547 Domine,
2118 496 2253 551 prae-

2361 494 2478 534 σου
2517 478 2608 533 τὸν
2641 479 2770 534 λαὸν
2812 480 3262 550 ἀποκρινόμενον,
3303 478 3463 533 τοῦτο
3505 481 3676 551 δηλοῖ,
3723 482 3978 552 Σίπτην

668 584 866 652 buisti,
890 594 1246 652 mnluamqne
1275 583 1653 646 concordiam,
1691 590 1746 634 at
1770 580 1934 633 nobis
1954 579 2022 631 da
2040 589 2258 646 mecm,

668 675 959 730 indivisam
1003 676 1213 730 scilicet
1254 684 1435 730 tecum
1473 675 1757 739 unionem,
1807 680 1868 726 ut
1910 669 2117 739 Spiritu
2156 674 2261 721 tuo

668 769 867 836 pacali,
891 783 1054 836 quem
1081 767 1262 831 nobis,
1289 777 1405 822 tum
1456 783 1582 823 eum
1611 767 1792 838 primo
1811 762 2018 819 conditi
2045 775 2258 824 sumus,

669 858 940 920 imlidisti,
974 873 1005 912 a
1037 868 1127 912 tua
1158 859 1427 913 charitate
1459 873 1739 928 nunquam
1771 854 2116 909 divellamur.

1199 1053 1480 1108 INTER“.
1536 1053 1722 1107 LXIX.

737 1145 798 1202 Si
834 1148 1049 1200 omnino
1080 1148 1275 1200 mortui
1310 1155 1613 1218 resurgunt,
1652 1163 1746 1198 cur
1788 1145 2022 1206 omnino,
2065 1145 2257 1213 inquit,

670 1257 890 1310 corpora
916 1248 1095 1294 nostra
1122 1256 1226 1293 non
1252 1241 1595 1294 excitantur?
1625 1239 1763 1305 Quid
1799 1247 1849 1292 et
1873 1239 1999 1291 dum
2025 1238 2262 1308 baptiza-

673 1346 809 1396 mur,
837 1331 894 1384 in
926 1330 1377 1401 incorruptionem
1405 1331 1760 1385 transmutari
1795 1346 1857 1383 ea
1892 1330 2151 1382 credimus
2183 1329 2262 1380 7"?

1219 1747 1502 1802 INTER“.
1543 1746 1706 1802 LXX.

1381 1955 1538 2026 Resp.

740 2046 796 2102 Si
844 2048 1125 2118 mysticam
1177 2047 1479 2117 Scriptum
1530 2046 1974 2116 explanationem
2030 2043 2256 2115 quaeris,

667 2141 740 2194 ita
775 2139 1189 2210 intelligendum
1218 2139 1497 2194 :Laudate
1535 2139 1820 2192 Dominum
1857 2140 1912 2191 in
1940 2153 2061 2191 voce
2088 2136 2258 2202 tnbte;

668 2233 722 2286 in
759 2233 1026 2286 memoria
1068 2230 1513 2292 resurrectionis,
1553 2246 1715 2300 quam
1752 2230 1881 2284 tuba
1912 2229 2145 2294 intonat,
2179 2229 2262 2283 uti

666 2324 932 2394 scriptum
960 2333 1044 2378 est
1076 2341 1088 2375 :
1117 2321 1355 2376 Laudale
1380 2338 1498 2375 eum
1526 2323 1580 2375 in
1627 2321 1881 2392 psalterio
1928 2331 1977 2375 et
2020 2322 2260 2386 cithara;

668 2417 853 2486 lingua
891 2424 1077 2470 nostra
1105 2430 1168 2470 ac
1195 2429 1313 2476 ore,
1348 2425 1604 2484 tangente
1634 2429 1696 2468 ea
1722 2413 1943 2483 spiritu,
1984 2414 2038 2468 in
2064 2414 2260 2484 plectri

665 2505 951 2578 cujusdam
977 2520 1205 2560 morem.
1235 2504 1474 2558 Laudate
1501 2521 1620 2558 eum
1643 2506 1698 2559 in
1721 2512 1974 2576 tympano
1997 2515 2045 2558 et
2069 2507 2260 2572 choro;

667 2599 723 2653 in
755 2612 921 2652 carne
948 2605 1006 2651 et
1039 2597 1242 2661 anima,
1279 2613 1346 2651 ex
1385 2613 1493 2667 qua
1536 2598 1686 2652 velut
1732 2597 1932 2652 chorea
1956 2614 2162 2672 preces
2205 2609 2262 2652 ct

667 2697 792 2743 vota
814 2687 882 2742 ad
908 2687 1080 2742 Deum
1111 2687 1436 2742 ascendunt.
1475 2686 1720 2741 Laudate
1741 2703 1861 2740 eum
1889 2689 1942 2742 in
1978 2689 2185 2742 chordis
2211 2699 2260 2744 et

667 2796 901 2851 organo;
941 2780 996 2834 in
1039 2779 1226 2844 corde,
1273 2779 1600 2850 cunctisque
1646 2779 1814 2834 animi
1849 2780 2155 2836 visceribus
2196 2799 2260 2838 ac

665 2869 872 2934 nervis,
910 2885 1034 2939 quae
1073 2885 1339 2939 organum
1376 2871 1737 2940 nuncupavit.
1768 2870 2011 2926 Laudate
2045 2890 2162 2927 eum
2203 2891 2258 2928 ιιι

665 2961 921 3033 cymbalis
953 2961 1082 3016 bene
1113 2963 1425 3016 sonantibus
1456 2963 1523 3028 ";
1550 2962 1621 3016 in
1649 2963 1830 3028 labiis,
1865 2980 1962 3034 per
1992 2981 2113 3035 qum
2145 2981 2261 3020 mo-

667 3053 852 3109 dulata
875 3053 1192 3124 psalmodia:
1213 3054 1460 3109 carmina
1485 3053 1903 3125 depromuntur.

1066 3307 1070 3312 ι
1143 3332 1148 3336 κ
1196 3270 1480 3326 INTER“.
1531 3271 1718 3327 LXXI.

734 3363 866 3420 Cum
881 3365 1053 3436 juxta
1082 3365 1325 3436 quwdam
1350 3365 1586 3435 Apostoli
1613 3367 1942 3437 exemplaria
1975 3369 2252 3432 habeatur,

672 3475 689 3506 ι
729 3453 920 3511 Omnes
945 3458 1155 3526 quidem
1181 3456 1522 3524 dormiemus,
1548 3458 1638 3510 sed
1667 3475 1771 3512 non
1801 3474 1980 3512 onmes
2007 3459 2256 3512 immuta-

664 3551 868 3615 bimur;
911 3549 1072 3620 juxta
1119 3550 1367 3617 quwdam
1408 3564 1529 3602 vero
1556 3565 1574 3603 :
1605 3569 1622 3599 ι
1662 3548 1777 3603 Νοη
1821 3566 1998 3604 omnes
2042 3552 2254 3622 quidem

661 3640 828 3712 329
851 3641 1282 3706 immutabimur,
1319 3657 1498 3694 omnes
1530 3649 1707 3694 tamen
1751 3658 2080 3713 resurgemus
2115 3642 2193 3710 ⁸⁰;
2226 3664 2244 3695 ι

662 3750 859 3803 quwso,
897 3735 1106 3798 doceas,
1150 3749 1397 3804 quamam
1433 3736 1600 3805 magis
1631 3735 1904 3805 probanda
1953 3736 2110 3790 editio
2149 3738 2252 3804 sit;

662 3839 724 3876 ac
753 3823 880 3894 quid
909 3822 1004 3876 sibi
1035 3821 1216 3887 velint,
1254 3837 1370 3892 quw
1400 3823 1478 3876 his
1506 3822 1895 3894 signiﬁcantur.

1377 4022 1534 4077 Resp.

1377 4040 1478 4076 ηεε
1522 4064 1534 4077 .

734 4114 1008 4171 Utramvis
1045 4114 1170 4185 quis
1208 4123 1343 4185 puto
1371 4040 1672 4170 editionem
1706 4117 2070 4187 amplectatur
2103 4122 2248 4185 (cum

658 4217 843 4264 vetera
876 4209 1210 4279 exemplaria
1255 4208 1448 4264 ambas
1480 4211 1845 4278 contineant),
1876 4211 1922 4267 si
1960 4212 2124 4267 modo
2158 4213 2248 4283 pie

2367 571 2467 639 μὲν
2491 572 2624 641 ἡμῖν
2652 571 2947 642 παρέσχες,
2974 572 3170 642 Κύριε,
3211 574 3307 627 καὶ
3333 573 3432 645 τὴν
3459 576 3519 628 ὲν
3540 574 3800 645 ἀλλήλοις
3840 576 3980 644 ὁμό-

2363 680 2512 716 νοιαν
2535 681 2548 693 ·
2581 664 2808 735 εἰρήνην
2837 665 2894 717 δὲ
2920 665 3010 728 δὸς
3032 667 3182 735 ἡμῖν,
3216 667 3318 736 τὴν
3363 667 3503 736 πρὸς
3546 667 3610 719 σὲ
3654 667 3977 737 ἀδιαερετιον

2361 754 2578 820 ἕνωσιν,
2645 755 2731 808 ἶνα
2777 756 2857 826 τῷ
2900 756 3178 827 Πνεύματί
3217 774 3311 810 σου
3348 757 3743 829 εἰρηνεύοντες,
3774 759 3808 810 ὃ
3837 761 3976 828 ἡμῖν

2362 848 2421 899 ὲν
2469 848 2611 917 ἀρχῇ
2649 849 2750 914 τῆς
2793 847 3144 921 διμιουργὶας
3187 849 3475 920 ὲνέθηκας,
3509 849 3812 923 ἀχώριστοι
3867 850 3974 919 τῆς

2364 941 2464 1010 σῆς
2493 943 2714 1011 ἀγάπης
2740 942 3121 1012 τυγχάνωμεν-

2967 1037 3165 1092 ΕΡΩΤ.
3211 1037 3334 1091 ΞΘ.

2429 1129 2499 1180 El
2541 1128 2699 1194 ὅλως
2750 1130 2953 1197 νεκροὶ
3000 1130 3355 1199 ἐγείρονται,
3378 1133 3435 1184 τί
3463 1131 3642 1196 ὅλως,
3671 1132 3858 1200 φησι,
3891 1135 3969 1184 τὰ

2361 1219 2606 1286 σώματα
2630 1217 2800 1285 ἡμῶν
2837 1220 2947 1272 οὐκ
2974 1219 3369 1284 ἀνίστανται;
3400 1221 3461 1274 Τί
3489 1222 3585 1273 καὶ
3618 1222 3689 1273 ὲν
3726 1219 3811 1284 τῷ
3844 1222 3969 1285 ,ϐα-

2362 1311 2690 1375 πτίζεσθαι,
2751 1313 2840 1376 εις
2898 1312 3243 1382 ἀφθαρσίαν
3294 1316 3448 1368 αὐτὰ
3508 1314 3966 1385 μεταποιεῖσθαι

2362 1404 2728 1473 πιστεύομεν
2745 1420 2765 1470 ;

3051 1950 3282 2018 Ἀπόκρ.

2432 2038 2497 2091 El
2521 2039 2618 2106 τῆς
2643 2039 2868 2112 Γραφῆς
2888 2042 3072 2112 ζητεῖς
3097 2043 3370 2114 μυστικὴν
3395 2044 3749 2114 διασαφησιν,
3780 2041 3960 2102 οὕτως

2361 2131 2582 2200 νοητέον
2602 2149 2616 2163 ⁸
2646 2133 2877 2188 Αἰνεῖτε
2906 2137 3012 2189 τὸν
3040 2138 3263 2204 Κύριον
3285 2137 3358 2190 ἐν
3384 2135 3557 2206 ρωνῇ
3585 2136 3956 2205 σάλπιγγος,

2362 2225 2420 2277 ὲν
2444 2227 2510 2297 τῇ
2547 2228 2735 2299 μνήμῃ
2783 2228 2883 2297 τῆς
2915 2230 3267 2293 ἀναστάσεως
3299 2229 3412 2302 lia.
3443 2229 3790 2301 ἀναλήψεως]
3828 2230 3959 2282 σά).-

2362 2333 2522 2386 πιγγι
2569 2320 2848 2392 σειομένη,
2901 2323 2976 2384 ὡς
3009 2321 3607 2393 γέγραπταιοΑινεῖτε
3653 2322 3848 2375 αὑτὸν
3887 2322 3958 2374 ἑν

2360 2409 2675 2476 ψαλτηριῳ
2727 2411 2826 2464 καὶ
2879 2411 3117 2479 κιθάρᾳο
3165 2414 3234 2481 τῇ
3283 2411 3508 2484 γλώσσῃ
3533 2411 3692 2482 ἡμῶν
3738 2411 3837 2464 καὶ
3876 2411 3955 2478 τῷ

2363 2501 2614 2572 στόματι,
2648 2503 2725 2566 ὼς
2753 2504 3017 2574 πλήκτρῳ
3039 2505 3145 2557 τινὶ
3170 2503 3251 2574 τῷ
3277 2505 3553 2575 πνεύματι
3577 2505 3952 2576 κρουομένων.

2362 2594 2592 2648 Αἰνεῖτε
2640 2595 2828 2650 αὑτὸν
2874 2596 2945 2649 ἐν
2969 2595 3256 2665 τυμπάνῳ
3305 2597 3404 2650 καὶ
3458 2597 3646 2665 χορῷ·
3684 2600 3742 2650 ὲν
3789 2599 3956 2664 σαρκὶ

2365 2689 2462 2738 καὶ
2492 2687 2663 2758 ψυχῇ,
2691 2689 2785 2756 ἀφ’
2817 2685 2885 2758 ἦς
2927 2686 3001 2752 ὡς
3030 2690 3249 2760 χορείας
3295 2690 3432 2761 πρὸς
3455 2689 3588 2743 Θεὸν
3616 2691 3954 2743 διαϐαίνουσι

2361 2778 2594 2848 δεήσεις.
2623 2780 2844 2833 Αινεῖτε
2873 2780 3060 2834 αὑτὸν
3086 2781 3156 2835 ἐν
3184 2782 3431 2851 χορδαῖς
3459 2783 3554 2835 καὶ
3597 2781 3862 2851 ὀργάνῳ·
3898 2786 3953 2835 ἐν

2364 2876 2584 2946 καρδίᾳ,
2617 2877 2712 2928 καὶ
2744 2878 2801 2929 ὲν
2841 2879 2975 2930 πᾶσι
3038 2881 3152 2942 τοῖς
3207 2879 3410 2933 ἔσωθεν
3471 2881 3805 2950 σπλάγχνοις
3861 2885 3953 2937 καὶ

2650 2969 2796 3040 ἅπερ
2836 2971 3069 3041 ὄργανον
3101 2972 3359 3042 κέκληκε.
3389 2974 3619 3027 Αἰνεῖτε
3663 2976 3858 3028 αὑτὸν
3885 2977 3952 3028 ἐν

2363 3060 2692 3130 κυμϐάλοις
2734 3063 3018 3130 εὺήχοιςν
3060 3068 3173 3128 τοῖς
3217 3067 3446 3135 χείλεσι.
3477 3067 3546 3120 δι’
3573 3061 3647 3121 ὧν
3681 3068 3750 3121 τὰ
3792 3070 3953 3138 ὲναρο

2363 2970 2597 3040 νεύροις,

2277 3187 2323 3248 c
2366 3156 2526 3224 μόνια
2552 3157 2650 3224 τῆς
2675 3155 2995 3227 ψαλμῳδίας
3027 3157 3288 3213 πλέκεται
3323 3159 3485 3231 μέλη.

2978 3270 3172 3323 ΕΡΩΤ.
3217 3271 3340 3324 UA'.

2463 3361 2690 3430 Επειδὴ
2727 3363 2879 3415 κατά
2918 3380 3052 3416 τινα
3084 3363 3202 3417 τῶν
3226 3363 3608 3434 ἀντιψὰρων
3629 3366 3737 3420 τοῦ
3773 3367 3949 3421 Ἀπο-

2356 3455 2583 3507 στόλου
2639 3454 2973 3524 περιέχεται
2999 3493 3014 3518 ,
3053 3454 3142 3508 ὅτι
3185 3475 3202 3507 ι
3232 3456 3462 3522 Πάντες
3503 3458 3622 3526 μὲν
3661 3464 3950 3528 κοιμηθης·

2355 3545 2603 3615 ἀόμεθα,
2661 3547 2732 3599 οὐ
2792 3545 3017 3611 πάντες
3067 3545 3138 3599 δὲ
3183 3547 3693 3618 ἀλλαγησόμεθα·
3719 3569 3737 3601 ι
3796 3551 3948 3605 κατά

2353 3652 2488 3688 τινα
2537 3634 2663 3699 δὲ’,
2700 3634 2790 3688 ὅτι
2847 3653 2864 3686 ι
2895 3633 3125 3702 Πάντες
3165 3634 3283 3705 μὲν
3316 3638 3388 3690 οὐ
3433 3639 3946 3706 κοιμηθησόμεθα,

2353 3726 2578 3793 πάντες
2602 3726 2671 3779 δὲ
2723 3727 3232 3798 ἀλλαγησόμεθαο
3265 3747 3283 3779 ι
3321 3728 3653 3796 παρακαλῶ
3698 3731 3943 3799 μαθεῖν,

2351 3820 2534 3874 ποίαν
2561 3819 2677 3888 χρὴ
2713 3817 2831 3872 τῶν
2856 3818 3162 3873 ἐπιδόσεων
3192 3819 3459 3889 ἐγκρῖναι
3481 3837 3494 3851 ·
3529 3821 3626 3876 καὶ
3671 3823 3729 3878 τί
3760 3825 3833 3876 τὰ
3874 3824 3944 3876 ἐκ

2351 3913 2578 3967 τούτων
2603 3913 2964 3982 δηλούμενα.

3033 4027 3263 4095 Ἀπόκρ.

2423 4119 2592 4194 Οἶμαι
2647 4125 2728 4177 ὅτι
2780 4123 2902 4178 καθ’
2931 4123 3200 4194 ἑκατέραν
3257 4122 3364 4175 τῶν
3407 4122 3694 4186 ἐπιδόσεων,
3749 4125 3942 4196 ἐπειδὴ

2350 4218 2439 4272 καὶ
2470 4216 2538 4269 τὰ
2571 4218 2773 4287 ἀρχαῖα
2801 4213 2910 4272 τῶν
2938 4215 3290 4286 ἀντιγράφων
3316 4213 3386 4269 τὰ
3418 4213 3512 4268 δύο
3543 4216 3900 4286 περιέχουσιν
3925 4236 3940 4250 ο

657 4300 912 4372 accipiat,
960 4301 1030 4355 ab
1075 4301 1324 4371 Apostoli
1367 4316 1536 4372 scopo
1584 4318 1696 4358 non
1741 4303 2038 4359 aberrabit.
2085 4305 2249 4360 Juxta

2355 4309 2590 4372 εὐσεϐῶς
2638 4309 2702 4380 δή
2755 4325 2837 4371 τις
2893 4307 3272 4376 ἐκλαμϐάνων,
3313 4307 3407 4362 τοῦ
3449 4309 3809 4362 ἀποστολικοῦ
3840 4312 3942 4364 οὐκ

660 4392 898 4462 priorem
935 4393 1162 4464 quidem
1195 4393 1518 4460 editionem,
1550 4395 1743 4450 Omnes
1775 4398 1985 4466 quidem
2017 4398 2247 4452 dormie-

658 4501 795 4550 mus,
825 4486 917 4539 sed
938 4502 1041 4539 non
1065 4503 1241 4542 omnes
1267 4488 1686 4556 immutabimur,
1719 4491 1794 4544 ita
1827 4490 2242 4560 intelligendum

656 4585 742 4631 est
769 4593 782 4630 :
813 4576 929 4632 fore
959 4578 1170 4634 scilicet
1201 4588 1260 4634 ut
1304 4595 1496 4635 omnes
1544 4597 1644 4650 per
1687 4592 1918 4637 mortem
1951 4583 2244 4638 dormitio-

657 4685 783 4724 nem
831 4671 1223 4736 sustineamus,
1255 4681 1312 4726 at
1346 4688 1455 4727 non
1498 4682 1558 4741 ut
1603 4689 1797 4729 omnes
1828 4675 2131 4729 claritatem
2179 4692 2243 4731 ac

660 4760 918 4816 fiduciam
962 4763 1386 4830 nanciscamur;
1434 4764 1580 4834 quod
1629 4765 1746 4834 ipse
1795 4767 2090 4835 Apostolus
2135 4769 2243 4823 alio

657 4852 776 4906 loco
805 4852 1008 4907 clarius
1038 4853 1210 4922 ponit,
1244 4854 1436 4909 dicens
1470 4871 1483 4908 :
1522 4853 1579 4908 Si
1611 4865 1789 4912 tamen
1829 4858 2016 4917 induti.
2049 4868 2099 4912 et
2139 4875 2244 4912 non

657 4945 784 4998 nudi
814 4946 1148 4999 inveniamur
1173 4947 1240 5001 ⁸⁸.
1269 4948 1431 5003 Juxta
1461 4949 1690 5003 alteram
1719 4962 1849 5005 vero
1883 4969 1896 5004 :
1924 4951 2040 5006 Non
2067 4970 2244 5008 omnes

655 5035 865 5106 quidem
898 5037 1240 5100 dormiemus,
1281 5053 1459 5092 omnes
1505 5047 1679 5095 tamen
1719 5043 2138 5109 immutabimur,
2171 5047 2244 5100 ita

656 5129 1041 5198 exponendum
1081 5139 1186 5195 est,
1220 5139 1281 5185 ut
1307 5130 1474 5197 dicat,
1534 5148 1644 5190 non
1678 5150 1870 5190 onmes
1907 5137 2247 5194 dormituros

657 5220 1045 5277 dormitionem
1085 5223 1427 5293 temporibus
1457 5225 1800 5294 productam,
1835 5237 1890 5281 et
1917 5245 2020 5297 qua
2057 5230 2261 5300 sepul-‘

660 5325 778 5367 Iura
812 5323 868 5370 et
900 5315 1264 5370 dissolutione
1312 5319 1684 5387 corruptionis
1726 5335 1890 5374 causa
1929 5322 2235 5392 indigeant;

657 5406 752 5461 sed
805 5407 901 5477 qui
957 5416 1090 5461 tunc
1144 5407 1531 5473 invenientur,
1587 5409 1810 5466 brevem
1861 5412 2244 5483 degustaturos

659 5510 919 5567 mortem,
958 5501 1097 5558 nihil
1147 5501 1228 5556 eis
1276 5504 1590 5562 necessaria
1642 5505 1788 5576 longi
1839 5506 1929 5560 illa
1981 5513 2244 5578 temporis

2349 4403 2708 4455 ἁποπεσεῖται
2744 4399 2971 4454 σκοποῦ.
2998 4400 3153 4454 Κατὰ
3186 4401 3286 4470 μὲν
3318 4400 3400 4463 τὸ,
3451 4401 3683 4468 Πάντες
3727 4420 3934 4472 κοιμης

2351 4497 2675 4566 θησόμεθα,
2722 4495 2794 4548 οὐ
2857 4493 3080 4560 πάντες
3133 4492 3202 4545 δὲ
3247 4493 3740 4562 ἀλλαγησόμεθα,
3793 4496 3939 4549 οὕτω

2349 4589 2454 4660 χρὴ
2495 4591 2656 4650 νοεῖν,
2682 4589 2762 4640 ὅτι
2794 4589 2995 4649 πάντες
3027 4585 3129 4656 μὲν
3158 4586 3258 4655 τὴν
3285 4585 3374 4638 διὰ
3405 4585 3636 4639 θανάτου
3679 4589 3939 4659 κοίμησιν

2347 4681 2729 4754 ὑπομενοῦμεν
2747 4699 2760 4712 ·
2798 4682 2860 4734 οὐ
2907 4682 3109 4747 πάντες
3133 4683 3189 4735 δὲ
3217 4683 3318 4754 τὴν
3346 4684 3504 4750 δόξαν
3531 4685 3625 4739 καὶ
3663 4683 3762 4755 τὴν
3796 4687 3938 4756 παῤ-

2348 4777 2545 4846 ῤηίαν
2575 4773 3045 4845 ἀπαλλαξόμεθα⁸
3089 4777 3226 4846 ὅπερ
3258 4779 3287 4832 ὁ
3324 4777 3487 4841 αὐτὸς
3531 4776 3856 4839 Ἀπόστολος
3881 4779 3937 4829 ἐν

2345 4868 2491 4938 ἄλλῳ
2523 4867 2858 4938 σαεέστερον
2888 4867 3091 4937 τίθησι,
3125 4869 3370 4936 φάσκων,
3399 4870 3584 4938 Εἴπερ
3630 4869 3729 4923 καὶ
3759 4870 3936 4923 ἐνδυ-

2345 4960 2617 5028 σάμενοι,
2667 4959 2768 5012 καὶ
2815 4961 2887 5013 οὐ
2933 4961 3147 5030 γυμνοὶ
3191 4962 3658 5030 εὑρεθησόμεθα.
3693 4962 3852 5014 Κατὰ
3881 4962 3938 5014 δὲ

2346 5053 2426 5118 τὸ,
2467 5055 2550 5106 Ob
2605 5050 2833 5118 πάντες
2867 5052 2987 5122 μὲν
3032 5055 3537 5123 κοιμηθησόμεθα,
3589 5053 3817 5120 πάντες
3867 5053 3937 5107 δὲ

2346 5144 2839 5212 ἀλλαγησόμεθα.
2880 5142 3053 5206 οὕτως
3094 5145 3200 5214 χρὴ
3248 5143 3584 5215 ἐκδέχεσθαι,
3616 5145 3697 5197 ὃτι
3726 5144 3936 5208 Πάντες

2353 5235 2450 5304 μὲν
2474 5234 2534 5286 οὺ
2570 5233 3021 5307 κοιμηθησόμεθα
3062 5237 3162 5306 τὴν
3193 5236 3452 5308 χρονικὴν
3481 5236 3760 5307 κοιμησιν,
3790 5236 3926 5291 ῶττι

2347 5326 2608 5397 δεηθῆναι
2641 5327 2821 5397 ταφῆς
2871 5329 2964 5381 καὶ
3005 5328 3212 5391 λύσεως
3260 5329 3357 5398 τῆς
3406 5331 3484 5392 εἰς
3527 5329 3765 5400 φθοράν·
3793 5329 3931 5384 ἀλλὰ.

2351 5417 2614 5487 σύντομον
2662 5418 2753 5472 τὸν
2785 5419 3015 5472 θάνατον
3053 5421 3106 5473 οἱ
3147 5420 3267 5474 τότε
3308 5421 3693 5492 εὑρισκόμενοι
3724 5423 3932 5494 ὑπομε-

2350 5509 2522 5572 νοῦσι,
2561 5510 2636 5580 μὴ
2696 5509 2943 5581 δεόμενοι
3002 5511 3257 5584 χμνικῆς
3303 5514 3634 5584 κοιμήσεως,
3689 5512 3778 5567 διὰ
3831 5514 3930 5586 τὴν

732 5662 776 5691 ⁷⁸
809 5661 978 5716 lCor.
1015 5679 1102 5731 xv,
1135 5662 1226 5718 29.
1302 5665 1351 5697 "
1384 5665 1528 5720 Psal.
1562 5680 1646 5732 CL,
1673 5665 1788 5721 5-5.
1863 5667 1908 5698 ⁸⁸
1939 5666 2107 5723 lCor.
2146 5683 2235 5736 XV.

2355 5712 2360 5724 .
2439 5668 2480 5702 '”
2518 5670 2562 5725 ll
2593 5669 2721 5727 Cor.
2749 5688 2802 5738 v,
2831 5671 2884 5726 5.

738 5819 753 5835 ’
787 5815 1018 5874 Primam
1086 5821 1380 5879 lectionem
1441 5819 1634 5877 Latina
1692 5821 1885 5879 modo.
1947 5824 2242 5882 secundam
2285 5827 2469 5885 Grmca
2503 5841 2918 5897 reprmsontant.
