4218 6432
277 400 384 460 8ἱὸ
1435 390 1922 460 OUJESTIONES
1959 390 2052 449 ET
2092 391 2344 451 DUBIA.
3411 389 3514 453 81.6

279 507 591 578 παραυτίκα
637 507 920 576 γινομένην
965 507 1290 561 ἀνάστασιν·
1337 507 1540 569 πάντες
1581 506 1638 558 δὲ
1677 505 1840 558 ἀλλα·
1871 507 1945 561 A<

1871 507 1914 561 Α
1940 501 2292 563 dormitione,
2327 499 2398 553 ob
2431 498 2667 553 futuram
2703 513 2824 554 mox
2855 498 3314 554 resurrectionem
3347 516 3360 552 :
3393 517 3512 555 om-

276 601 558 668 γ-ήσονται,
588 599 850 660 τουτέστι,
881 599 977 667 τὴν
1016 593 1325 668 ἀφθαρσίαν
1361 595 1689 650 ἐνδύσονται.

1948 607 2045 644 nes
2071 601 2249 645 tamen
2289 591 2674 655 immolandos,
2707 591 2810 645 hoc
2841 600 2946 656 est,
2979 590 3391 660 incorruptione
3416 592 3512 646 do-

1435 390 1922 467 QUJESTIONES
1959 390 2052 449 ET
2092 391 2318 451 DUBIA
2332 438 2344 449 .

879 796 1073 849 ΕΡΩΤ.
1113 795 1232 851 UB’.

357 910 419 963 Τί
467 907 689 976 δήποτε
743 905 1026 974 λέγοντος
1053 905 1160 957 τοῦ
1195 903 1393 958 Λουκᾶ
1441 905 1512 957 ἐν
1541 905 1670 968 ταῖς
1698 908 1770 972 ΠΙ
1786 906 1850 957 ά-

281 1003 414 1065 ξεσι
439 1001 569 1068 περὶ
585 1000 689 1054 τοῦ
703 999 961 1058 Παύλου,
986 997 1075 1049 ὅτι
1104 1016 1122 1047 ι
1138 996 1497 1057 Ἐσπευεεν,
1519 999 1570 1049 εἰ
1592 996 1852 1049 δυνατθν

281 1091 363 1161 ἦν
383 1091 566 1156 αὐτῷ,
592 1089 839 1157 ποιῆσαι
871 1088 990 1155 τὴν
1021 1087 1250 1156 ἡμέραν
1278 1085 1388 1154 τῆς
1429 1086 1851 1152 Πεντηκοστῆς

279 1187 371 1247 εἰς
397 1182 796 1249 Ἰεροσόλυμα,
825 1200 842 1230 ι
867 1181 1138 1247 φαίνεται
1156 1177 1548 1247 γονυκλισίας
1568 1176 1848 1245 ποιήσας,

283 1273 316 1326 ὃ
343 1272 469 1339 τοῖς
498 1274 753 1326 κανόσιν
789 1271 1205 1338 ἁπηγφευται.

950 1382 1007 1435 Ἀ
1015 1383 1186 1449 πόκρ.

357 1477 432 1529 Οὐ
485 1475 613 1546 περὶ
661 1473 828 1542 αὐτῆς
882 1473 980 1540 τῆς
1035 1470 1530 1541 Πεντηκοστῆςϋ),
1586 1472 1644 1524 ὲν
1786 1469 1849 1522 τὸ

289 1567 512 1636 Πνεῦμα
539 1565 798 1635 κατῆλθε,
834 1565 1016 1631 λέγει’
1054 1561 1170 1616 ἀλλ’
1212 1561 1396 1632 ἐπειδὴ
1436 1562 1491 1614 αἱ
1521 1563 1854 1631 πεντήκοντα

285 1659 513 1730 ἡμέραι,
548 1659 751 1729 ἡμέραι
792 1657 1042 1724 λέγονται
1079 1655 1177 1724 τῆς
1232 1654 1628 1724 Πεντηκοπτῆς,
1660 1653 1855 1706 ἔσπευ-

286 1752 375 1804 δεν
405 1753 436 1803 ὁ
460 1749 669 1812 Παῦλος
715 1747 812 1818 τὴν
839 1747 947 1800 ἀπὸ
985 1745 1086 1814 τῆς
1119 1745 1436 1814 Πασχαλίας
1467 1742 1691 1813 πρώτην
1713 1741 1853 1813 ἠμέ-

1949 678 2176 732 nandos.

2461 811 2743 865 INTER“.
2797 809 3007 864 LXXII.

2021 897 2156 961 Quid
2180 899 2276 951 sibi
2299 898 2430 961 vult,
2471 916 2586 953 cum
2619 901 2757 953 dicat
2786 899 2953 954 Lucas
2985 902 3040 953 in
3074 902 3212 956 Actis
3244 903 3306 955 de
3328 901 3519 967 Paulo,

1950 989 2086 1056 quod
2123 1007 2139 1038 ι
2170 989 2470 1058 festinabat,
2495 991 2540 1042 si
2566 991 2802 1059 possibile
2827 992 2924 1044 sibi
2957 1001 3105 1053 esset,
3133 1001 3189 1043 ut
3222 994 3354 1045 diem
3384 992 3508 1046 Pen-

1951 1088 2162 1132 tecostes
2207 1080 2399 1148 faceret
2426 1079 2796 1152 Hierosolymis
2809 1085 2876 1146 ",
2917 1103 2934 1134 ι
2966 1084 3103 1153 quod
3126 1085 3329 1136 videtur
3349 1101 3518 1154 genua

1952 1173 2200 1241 posuisse,
2228 1173 2366 1241 quod
2387 1174 2552 1227 sacris
2584 1176 2866 1228 canonibus
2896 1177 3112 1228 vetitum
3140 1176 3261 1229 est?

2660 1368 2816 1438 Resp.

2026 1453 2141 1506 Non
2179 1454 2246 1508 de
2280 1454 2394 1523 ipsa
2421 1455 2744 1510 Pentecoste
2778 1457 3041 1527 loquitur,
3075 1459 3131 1513 in
3162 1475 3269 1529 qua
3295 1460 3524 1516 descen-

1953 1543 2034 1598 dit
2080 1545 2317 1614 Spiritus
2350 1562 2364 1597 :
2397 1546 2494 1599 sed
2550 1546 2679 1615 quia
2719 1549 3114 1620 quinquaginta
3156 1551 3275 1607 dies
3327 1554 3526 1609 Pente-

1952 1645 2132 1689 costes
2167 1636 2286 1690 dies
2328 1647 2733 1706 nuncupantur,
2764 1639 3057 1696 festinabat
3089 1644 3289 1699 Paulus
3325 1653 3384 1699 ut
3411 1647 3525 1716 pri-

1955 1739 2103 1778 mum
2150 1741 2180 1778 a
2231 1726 2491 1778 Pascbate
2536 1726 2923 1798 Hierosolymis
2971 1731 3116 1784 diem
3169 1733 3373 1788 faceret
3416 1748 3528 1789 :ac

291 1858 392 1910 ραν
436 1841 661 1908 ποιῆσαι
696 1815 781 1901 εἰς’
811 1837 1158 1907 Ἱεροσόλυμα
1179 1853 1193 1866 ο
1224 1836 1300 1899 ὡς
1348 1834 1508 1904 δῆλόν
1564 1836 1731 1899 ἐστιν,
1772 1835 1854 1888 ὅτι
1884 1841 1926 1896 Β
1954 1816 1957 1867 έ

1611 1852 1731 1899 ,τιν’
1772 1835 1854 1888 ὅτι
1884 1841 1926 1896 Β
1954 1815 2128 1884 liquet
2157 1817 2304 1878 inde,
2331 1816 2476 1886 quod
2510 1817 2563 1870 in
2593 1819 2817 1888 jejuniis
2841 1836 2982 1890 genu
3015 1823 3277 1876 tlectcret.

288 1937 348 1986 ὲν
385 1937 504 1996 ταῖς
533 1932 806 2004 νηστείαις
833 1931 1007 1983 ἔκλινε
1033 1931 1182 1996 γόνυ.

889 2040 1085 2094 ΕΡΩΤ.
1127 2037 1242 2093 Ol".

365 2134 425 2187 Tt’
457 2134 649 2196 ἐστιν,
688 2155 704 2184 ι
733 2134 944 2196 ’Ὅστις
991 2131 1368 2201 ἐποικοδομεῖ
1389 2130 1484 2184 ἐπὶ
1537 2130 1645 2182 τὸν
1700 2125 1856 2195 ospe-

289 2229 428 2279 ,ιιον
481 2227 700 2280 τοῦτον
753 2225 1006 2294 χρυσὸν,
1048 2225 1087 2292 ἢ
1132 2223 1411 2292 ἄργυρον,
1443 2222 1482 2289 ἣ
1522 2223 1732 2286 λίθους
1775 2237 1854 2272 τι·

288 2319 501 2384 μίουςο
533 2316 710 2380 ξύλα,
769 2317 1004 2384 χόρτον,
1064 2314 1382 2380 καλάμην-⁸
1426 2314 1491 2366 τὸ
1535 2313 1654 2379 πῦρ
1705 2311 1856 2363 αὐτὰ

294 2406 624 2474 δοκιμάσει.
660 2407 730 2460 ει
761 2423 920 2471 τινος
948 2401 1061 2460 οὖν
1090 2405 1156 2458 τὸ
1184 2405 1360 2473 ἔργον
1382 2403 1556 2472 μενεῖ
1579 2401 1610 2454 ὃ
1633 2401 1853 2466 exomn-

292 2498 546 2566 δόμησε,
565 2497 790 2566 μισθὸν
808 2497 1068 2564 λήψεται
1090 2512 1100 2525 ·
1119 2497 1174 2549 ει
1203 2512 1364 2559 τινος
1384 2493 1452 2546 δὲ
1471 2493 1536 2545 τὸ
1562 2492 1738 2559 ἔργον
1756 2505 1858 2542 κα-

293 2589 676 2656 τακαήσεται,
712 2586 1134 2657 ζημιωθήσεται
1155 2605 1170 2619 ο
1200 2587 1385 2651 αὐτὸς
1412 2584 1480 2638 δὲ
1497 2583 1854 2652 σωθήσεται,

292 2682 482 2749 οὕτως
513 2682 604 2747 δὲ,
626 2684 706 2748 ὡς
736 2682 832 2734 διὰ
857 2683 1078 2748 πυρός;
1126 2700 1146 2734 ι

957 2795 1187 2864 Ἀκόκρ.

363 2887 624 2958 Θεμέλιός
647 2887 794 2939 ἐστιν
816 2886 849 2956 ἡ
877 2883 970 2939 τοῦ
989 2886 1222 2957 Χριστοῦ
1248 2885 1449 2946 πίστις.
1489 2883 1860 2952 Ἐποικοδομεῖ

293 2981 351 3034 δέ
392 2998 476 3044 τις
505 2981 562 3031 ὲν
603 2980 761 3050 αὐτῇ,
791 2979 990 3048 χρυσὸν
1017 2979 1136 3048 μὲν,
1172 2980 1270 3048 τὴν
1328 2977 1642 3048 θεοὶογικὴν
1689 2993 1857 3046 μυστ-

296 3074 542 3141 αγωγίαν
563 3089 574 3100 ο
608 3071 683 3133 ὡς
715 3072 951 3140 ἄργυρον
991 3071 1070 3130 δὲ,
1110 3071 1204 3122 τὸν
1245 3067 1479 3138 διαφανῆ
1505 3068 1647 3138 βίονο
1679 3065 1858 3130 λίθους

2468 2038 2744 2093 lNTEltll.
2786 2040 3016 2095 LXXIII.

2025 2125 2162 2190 Quid
2199 2128 2294 2180 sibi
2323 2128 2478 2183 cult:
2513 2151 2530 2178 ι
2569 2129 2626 2183 Si
2654 2133 2768 2200 quis
2803 2135 3190 2202 supcrwdi/icat
3215 2154 3370 2207 super
3402 2139 3526 2207 {un-

1953 2216 2257 2271 damentum
2281 2219 2438 2282 istud,
2460 2238 2671 2284 aurum,
2695 2233 2990 2293 argentum,
3021 2225 3221 2296 lapides
3243 2231 3527 2298 pretiosos;

1951 2305 2120 2375 ligna,
2151 2308 2345 2375 fenum,
2379 2310 2665 2380 stipulam;
2696 2313 2830 2380 ignis
2867 2315 2974 2367 ltwc
3008 2316 3266 2384 probabit.
3294 2318 3351 2372 Si
3379 2320 3528 2388 cujus

1955 2399 2116 2469 igitur
2147 2416 2274 2468 opus
2313 2404 2594 2466 manserit,
2643 2404 2782 2472 quod
2823 2406 3286 2474 supermdiﬁcaoit,
3331 2425 3528 2464 merce-

1957 2488 2074 2540 dem
2103 2491 2338 2561 accipiet,
2362 2492 2522 2561 330
2544 2493 2590 2545 si
2617 2495 2765 2562 cujus
2803 2503 2979 2548 autem
3011 2513 3137 2565 opus
3175 2500 3525 2564 comburetur,

1956 2579 2207 2633 damnum
2250 2583 2463 2642 accipiet
2507 2599 2523 2635 :
2559 2585 2668 2652 ipse
2707 2592 2883 2639 tamen
2923 2586 3234 2655 salvabitur,
3271 2593 3345 2645 sic
3382 2609 3526 2655 vero,

1959 2669 2114 2738 quasi
2147 2685 2236 2738 per
2267 2671 2438 2739 ignem
2476 2671 2559 2724 '3?
2595 2691 2612 2722 ι

2671 2803 2824 2860 Resp.

2671 2823 2770 2858 nes
2813 2848 2824 2860 .

2028 2895 2464 2949 Fundamentum
2521 2907 2606 2950 est
2652 2823 2856 2952 Christi
2915 2898 3068 2956 ﬁdes.
3122 2900 3528 2972 Superaediticat

1958 2994 2141 3040 autem
2174 2984 2298 3055 quis
2326 2985 2380 3038 in
2429 2986 2538 3049 illa,
2577 3002 2772 3041 aurum
2805 2990 3048 3059 quidem,
3086 2993 3334 3048 altiorem
3376 2994 3532 3050 theo-

1959 3075 2188 3144 logicam
2216 3077 2762 3144 contemplationem;
2790 3088 3044 3150 tanquam
3069 3093 3353 3152 argentum
3375 3103 3527 3152 vero,

297 3166 356 3217 δὲ
397 3163 634 3232 τιμίους,
671 3163 797 3225 τοὺς
843 3161 1087 3223 εὐσεὸεἰς
1133 3159 1459 3230 λογισμούς·
1494 3159 1624 3222 ξύλα
1654 3158 1731 3220 δὲ,
1762 3159 1859 3226 τὴν
1885 3169 1932 3230 c
1961 3183 1963 3189 ·

1885 3169 1932 3230 ρ
1961 3166 2128 3220 vitam
2158 3166 2378 3219 virtutis
2407 3166 2527 3221 luce
2559 3170 2947 3236 conspicuam;
2991 3173 3197 3242 lapides
3240 3178 3526 3244 pretiosos,

298 3255 427 3324 περὶ
471 3253 541 3305 τὰ
575 3253 810 3320 αἰσθητὰ
853 3251 1226 3320 προσπάθειαν
1253 3268 1268 3283 ο
1323 3251 1517 3320 χόρτον
1572 3250 1649 3310 δὲ,
1695 3252 1723 3302 ὁ
1761 3251 1860 3317 τὴν

297 3347 520 3414 ἀλογίαν
550 3348 911 3417 τρεφόμενος·
941 3346 1190 3416 καλάμην
1216 3346 1290 3408 δὲ,
1321 3349 1349 3398 ό
1389 3345 1486 3415 τὴν
1524 3344 1728 3415 φθορὰν
1775 3348 1862 3414 ὲρ-

298 3439 624 3506 ταξάμενος.
675 3437 787 3490 Καὶ
819 3438 914 3490 ἐπὶ
960 3437 1059 3507 μὲν
1100 3437 1210 3488 τῶν
1259 3436 1492 3505 ἑχόντων
1523 3437 1620 3496 τὰς
1653 3436 1858 3502 ἀγαῢὲις

300 3528 554 3598 πράξεις,
586 3528 620 3596 ὴ
651 3527 748 3594 τῆς
774 3526 1030 3593 γνώσεως
1051 3525 1439 3598 [διαγνώσεως]
1484 3527 1664 3596 ἡμέρα
1691 3525 1858 3594 δηλοῖ,

299 3622 382 3673 ὅτι
419 3621 478 3672 ὲν
518 3619 672 3689 πυρὶ,
696 3619 974 3672 τουτέστιν
1023 3621 1080 3672 ἐν
1117 3619 1193 3688 τῷ
1227 3618 1517 3690 πνεύματι,
1563 3619 1784 3688 γέγονεν
1828 3622 1860 3689 ἡ

295 3714 504 3765 τούτων
549 3711 906 3780 ἀποκάλυψις.
961 3714 1048 3766 Ἐν
1080 3713 1138 3767 δὲ
1198 3717 1309 3775 τοῖς
1358 3714 1750 3784 ἁμαρτάνουσι,
1793 3714 1863 3767 τὰ

293 3803 437 3873 ,ἔργα
487 3801 898 3864 κατακαὶονται,
949 3805 1052 3872 τῆς
1097 3801 1441 3871 διαγνώσεως
1501 3803 1863 3875 διακαιούσης

375 3962 419 3993 ⁸’
447 3961 566 4017 Aet.
601 3977 689 4025 xx,
717 3962 800 4016 l6.
875 3961 923 3993 ⁸³
949 3961 972 4014 1
995 3959 1125 4016 Cor.
1158 3975 1236 4026 In,
1272 3961 1454 4016 15-15.

375 4125 445 4193 (r)
472 4127 552 4177 Οὐ
584 4123 714 4190 περὶ
757 4122 948 4187 αὐτῆς
1005 4122 1112 4188 τῆς
1167 4123 1607 4188 Πεντηκοστῆς.
1658 4125 1863 4178 Durum

301 4196 495 4266 plane,
513 4194 594 4247 sic
618 4208 806 4266 vocem
852 4193 1227 4266 ῌεντηκοστῆς
1288 4195 1564 4266 accepisse
1620 4193 1859 4248 Lucam:

303 4262 407 4319 inec
434 4263 728 4316 admodum
760 4262 904 4332 cogit
938 4262 1211 4332 illaratio,
1253 4264 1398 4332 quod
1438 4264 1638 4317 Paulus
1689 4281 1866 4332 genua

303 4334 486 4404 posuit
510 4334 563 4386 in
594 4331 878 4404 oratione:
913 4331 1058 4400 quod
1085 4346 1194 4404 non
1220 4331 1419 4386 licebat
1443 4349 1538 4404 per
1571 4331 1809 4388 canones
1836 4351 1867 4388 a

306 4402 568 4457 Paschate
589 4403 654 4456 ad
699 4402 1097 4461 Pentecostem,
1146 4402 1216 4454 ob
1251 4403 1567 4455 n'ientoriam
1619 4419 1865 4456 resurre-

302 4474 510 4526 ctionis
543 4472 853 4526 Dominicac.
891 4470 1015 4524 Sive
1048 4471 1193 4524 enim
1218 4471 1328 4538 jam
1355 4473 1638 4525 exstabant
1675 4474 1750 4526 illi
1775 4489 1863 4526 ca-

1962 3257 2079 3326 pias
2115 3257 2381 3319 rationes;
2434 3258 2610 3326 ligna,
2661 3261 3040 3328 procliviorem
3094 3265 3145 3317 in
3207 3281 3294 3319 res
3341 3269 3527 3322 sensui

1962 3347 2235 3416 subjectas
2284 3348 2625 3401 all‘ectioucm
2684 3366 2748 3403 ac
2809 3351 3118 3418 libidinem;
3174 3354 3380 3418 fenum,
3435 3359 3530 3424 qui

1962 3439 2152 3492 brutas
2197 3439 2293 3492 alit
2343 3441 2692 3506 affectiones;
2740 3443 3029 3510 stipulam,
3072 3446 3166 3514 qui
3217 3449 3530 3517 corruptio-

1965 3545 2085 3583 nem
2115 3538 2392 3598 operatur.
2427 3533 2503 3585 ΑΟ
2527 3534 2768 3600 quidem,
2796 3535 2940 3601 quod
2967 3537 3162 3589 attinet
3193 3538 3259 3590 ad
3291 3539 3411 3591 illos
3437 3539 3530 3607 qui

1964 3621 2135 3674 bonas
2185 3621 2388 3675 habent
2427 3625 2691 3682 actiones.
2740 3623 3108 3680 manifestabit
3148 3627 3336 3696 judicii
3377 3629 3529 3694 dies;

1963 3713 2106 3782 quod
2137 3715 2188 3766 in
2227 3715 2374 3784 igne,
2401 3714 2503 3767 hoc
2528 3724 2632 3775 est,
2673 3717 2723 3767 in
2753 3716 2969 3783 spiritu,
3001 3733 3194 3772 eorum
3235 3720 3374 3773 facta
3414 3736 3532 3772 ma-

1966 3806 2239 3859 nifcstatio
2287 3813 2390 3858 est.
2442 3805 2598 3871 Quod
2649 3822 2777 3860 vero
2827 3806 2894 3859 ad
2943 3816 3291 3875 peccatores,
3341 3824 3532 3862 eorum

1965 4125 2212 4208 {amittis
2231 4127 2509 4208 “omnibus.
2544 4126 2686 4192 Quin
2733 4129 3298 4208 sacer'ipse'tea'ttus,
3354 4130 3533 4208 egisse

1973 4196 2198 4267 Paulum
2229 4196 2428 4267 festum
2458 4199 2788 4266 Azymorum
2820 4196 3108 4266 Philippis,
3147 4198 3198 4251 in
3244 4196 3532 4267 procinctu

1972 4265 2137 4334 hujus
2188 4266 2425 4327 itineris,
2479 4265 2623 4319 clare
2659 4267 2898 4335 loquitur
2928 4265 3169 4335 [Ἡμεῖς
3201 4265 3262 4320 δὲ
3283 4268 3538 4332 ἐξεπλεύ-

1975 4351 2143 4403 σαμεν
2205 4337 2340 4401 μετὰ
2382 4337 2480 4398 τὰς
2522 4336 2732 4405 ἡμέρας
2771 4337 2876 4388 τῶν
2917 4336 3165 4402 Ἀζύμων
3204 4339 3312 4390 ἀπὸ
3351 4338 3544 4391 Φιλίπ-

1976 4421 2097 4477 που.
2156 4406 2234 4458 Ex
2286 4420 2404 4477 quo
2442 4405 2652 4477 Chrys.
2693 4407 2800 4459 Καὶ
2847 4407 2956 4476 γὰρ
3018 4407 3113 4468 τὰς
3167 4408 3357 4477 ἑορτὰς
3414 4408 3538 4477 ἐμοὶ

1976 4475 2116 4526 δοκεῖ
2169 4471 2489 4544 σπουδάζειν
2540 4471 2700 4528 αὐτὸν
2757 4471 2938 4527 ποιεῖν’
2989 4478 3046 4527 ὲν
3104 4471 3237 4528 ταϊέ
3275 4471 3537 4544 μεγάλαις

302 4557 498 4613 nones,
539 4543 664 4613 sive
713 4540 1071 4613 sequenti_um_
1105 4533 1382 4613 pastorum
1439 4541 1729 4596 sedulitate
1775 4559 1870 4596 au-
1902 4533 1944 4587 Β
1976 4545 2190 4595 πόλεσι·
2229 4542 2336 4596 Iloc
2361 4533 2487 4613 puto
2514 4545 2773 4604 studebat,
2804 4554 2858 4596 ut
2882 4545 3235 4598 solemnitates
3257 4533 3313 4598 iis
3330 4533 3538 4613 sitagnis

303 4611 484 4680 gendo
522 4610 704 4665 divino
731 4609 923 4681 cultui,
951 4609 1191 4681 Ecclesia
1228 4612 1337 4679 jam
1371 4613 1664 4665 constituta
1706 4622 1868 4681 atque

303 4679 509 4742 adulta,
542 4680 748 4734 conditi
772 4689 936 4744 sunt;
977 4679 1113 4733 nihil
1166 4688 1344 4733 tamen
1404 4681 1479 4733 illi
1537 4679 1864 4745 oﬂieiebant,

302 4751 436 4819 quin
460 4751 659 4804 Paulus
687 4760 1000 4818 supremum
1025 4749 1142 4802 vale
1167 4749 1413 4803 dicturus
1449 4765 1513 4803 ac
1549 4753 1751 4818 quibus
1781 4751 1868 4804 di-

304 4821 484 4882 cebat,
514 4819 819 4890 presbyteri
841 4835 903 4872 ac
920 4819 1175 4890 Ecclesia:
1193 4820 1477 4890 prin'torcs,
1513 4821 1592 4873 sic
1616 4836 1870 4888 procum-

308 4888 529 4952 berent,
551 4888 726 4958 eoque
756 4889 1005 4958 corporis
1030 4899 1184 4956 gestu
1218 4899 1271 4942 et
1296 4888 1508 4949 habitu,
1542 4902 1654 4943 tum
1695 4891 1867 4943 tristi-

304 4962 436 5012 tiam
472 4959 709 5013 vicissim
757 4957 836 5010 illi
885 4973 1036 5011 suam
1089 4959 1403 5026 proderent,
1467 4968 1579 5011 tum
1629 4959 1870 5012 divinam

301 5044 462 5099 opem
514 5027 870 5099 propensiore
919 5027 1223 5099 humilitate
1266 5029 1643 5099 deposcerent.
1711 5029 1869 5083 Ritus

299 5097 394 5153 ille
418 5097 529 5152 non
559 5097 809 5152 ﬂectendi
836 5098 891 5150 in
924 5097 1159 5166 publicis
1182 5098 1445 5166 statisque
1475 5098 1730 5152 Ecclesia:
1748 5115 1870 5167 pre-

300 5169 462 5222 cibus
492 5178 546 5222 ett
569 5167 760 5222 olIiciis
790 5168 968 5220 locum
1003 5167 1186 5228 habet,
1215 5167 1472 5236 omnique
1507 5168 1708 5222 Graecis
1740 5170 1872 5222 reli-

300 5239 465 5306 gione
504 5248 790 5302 servatur;
841 5237 894 5290 in
925 5238 1048 5290 aliis
1071 5236 1255 5290 nescio
1285 5253 1354 5289 an
1381 5245 1438 5290 et
1463 5237 1595 5305 ipsis
1636 5239 1866 5291 inviola-

303 5309 428 5361 bilis
454 5307 553 5370 sit;
595 5307 738 5376 quod
767 5307 985 5360 videtur
1014 5306 1277 5359 Maximus
1309 5307 1556 5360 innuere.
1604 5308 1737 5362 Utut
1775 5310 1864 5372 sit,

295 5377 503 5447 passim
535 5379 766 5447 legimus
787 5379 840 5430 in
869 5377 1151 5447 Scriptura
1185 5377 1262 5429 sic
1311 5376 1670 5447 procubuisse
1705 5395 1870 5430 oran-

299 5445 405 5509 tes,
429 5463 554 5502 cum
584 5445 805 5516 majoris
837 5446 1042 5514 aliquid
1089 5445 1547 5515 compunctionis,
1590 5449 1867 5501 exorando

297 5517 544 5571 divinam
588 5518 954 5578 clementiam,
999 5517 1285 5569 ostendere
1314 5516 1535 5569 vellent.
1588 5517 1678 5571 Sic
1729 5517 1868 5570 bene

294 5587 780 5670 (Ihrysosgﬂinde
815 5602 998 5640 orasse
1027 5585 1669 5670 ,ςοΙΙῙείμ-ηούχιὰξτλῶς,
1704 5586 1868 5667 ,ἀλλὰ

308 5653 448 5725 μετὰ
483 5655 679 5724 πολλῆς
709 5656 807 5725 τῆς
841 5653 1223 5719 κατανύξεωςλ
1277 5653 1745 5723 Νοιιάείιιηειονὶε
1805 5673 1868 5708 ac

293 5729 482 5795 quavis
514 5726 735 5788 ratione,
756 5726 844 5778 sed
870 5741 986 5778 cum
1017 5727 1631 5793 magnacompunctione,
1663 5725 1773 5787 θεὶς
1800 5726 1868 5778 τὰ

299 5797 504 5858 γόνατα
540 5795 703 5848 αὐτοῦ
731 5798 826 5849 σὺν
857 5797 1020 5849 πᾶσιν
1059 5798 1270 5856 αὐτοῖς·
1307 5811 1502 5863 ponens
1550 5796 1660 5864 ipse
1693 5811 1865 5864 genua

1972 4614 2180 4667 urbibus
2215 4603 2506 4684 perageret.
2541 4616 2716 4681 Atque
2750 4603 2908 4675 adeo,
2937 4615 3014 4666 uti
3039 4613 3302 4683 Philippis
3331 4603 3540 4668 Pascha

1972 4684 2196 4751 diesque
2221 4683 2550 4751 Azymorum
2583 4695 2790 4749 egerat,
2818 4685 2896 4737 sic
2949 4685 3305 4738 Pentecostcn
3331 4685 3522 4738 Hiero-

1971 4754 2194 4822 solymis
2222 4754 2500 4807 celebrare
2537 4755 2831 4819 satagebat.
2877 4753 3248 4822 Oﬁcumenius
3285 4754 3399 4821 ipse
3430 4770 3538 4807 non

1971 4819 2104 4876 satis
2121 4834 2426 4884 accuratus,
2452 4825 2538 4876 illa
2558 4825 2720 4877 verba
2744 4826 2861 4879 Act.
2888 4839 2995 4884 XXI,
3021 4819 3082 4875 5:
3111 4823 3239 4874 "Ure
3256 4819 3542 4889 r3€éyévem

1973 4893 2116 4958 ἡμᾶς
2163 4893 2438 4960 ἐξαρτίσαι
2483 4894 2579 4954 τὰς
2629 4893 2858 4959 ἡμέρας,
2917 4892 3183 4960 completis
3217 4893 3444 4954 diebus,
3472 4894 3540 4946 de

1971 4962 2168 5015 diebus
2232 4963 2559 5030 Azymorum
2613 4961 2830 5028 exponit
2872 5001 2884 5023 ,
2940 4963 3222 5024 τουτέστι,
3283 4962 3416 5029 μετὰ
3472 4963 3542 5013 τὰ

1976 5033 2212 5098 "Mum.
2257 5049 2380 5084 cum
2447 5048 2627 5084 sermo
2669 5032 2736 5083 sit
2780 5032 2847 5084 de
2888 5041 3093 5100 septem
3143 5031 3358 5093 diebus,
3402 5047 3542 5099 quos

1971 5101 2100 5171 Tyri
2127 5101 2236 5166 egit
2268 5102 2468 5154 Paulus
2502 5117 2624 5153 cum
2670 5102 2973 5170 discipulis,
3003 5101 3240 5168 peractis
3279 5101 3388 5168 jam
3422 5101 3541 5154 die-

1972 5171 2074 5224 bus
2127 5171 2451 5239 sztnorum
2491 5171 2775 5239 Philippis,
2830 5172 2949 5224 Act.
3005 5186 3093 5232 xx,
3137 5171 3189 5224 6.
3239 5172 3317 5223 Ac
3361 5186 3540 5238 neque

1971 5242 2015 5294 si
2045 5242 2109 5294 (lc
2135 5240 2684 5311 dichusAzymorum
2725 5240 2799 5293 ibi
2842 5249 3202 5311 scrmoessct,
3237 5241 3538 5308 quidquam

1971 5312 2122 5364 locus
2185 5310 2392 5364 auctori
2439 5308 2661 5363 'l'averct
2703 5349 2715 5371 ,
2793 5325 2916 5362 cum
3001 5308 3183 5363 statim
3279 5320 3543 5379 sequatur

1971 5381 2074 5433 alia
2128 5381 2402 5448 precantis
2440 5381 2588 5434 Pauli
2634 5391 2689 5433 et
2743 5380 2987 5433 lidelium
3019 5379 3378 5448 geniculatio,
3433 5381 3543 5431 Καὶ

1972 5451 2148 5511 θέντες
2200 5451 2266 5501 τὰ
2330 5452 2548 5516 γόνατα,
2614 5452 2705 5501 ἐπὶ
2771 5451 2861 5501 τὸν
2920 5449 3166 5516 αἰγιαλὸν
3228 5448 3543 5517 προσηυεά⁹

1974 5520 2130 5588 μεΟα.
2173 5518 2363 5572 Positis
2386 5520 2618 5588 genibus,
2645 5521 2698 5571 in
2736 5518 2909 5571 littore
2935 5520 3232 5580 orat-imus;
3279 5534 3405 5570 cum
3441 5517 3545 5588 τῆς

1973 5586 2340 5658 ίπεντηκοστῆς
2372 5586 2666 5658 (paschalis
2688 5589 2897 5642 scilicet
2929 5588 3234 5656 temporis)
3274 5604 3386 5641 non
3431 5586 3541 5658 nisi

1971 5667 2176 5726 septem
2209 5656 2430 5712 cirCite'r
2457 5659 2574 5713 dies
2612 5658 2968 5722 eﬂluxisSent,
3021 5672 3123 5712 nec
3163 5667 3382 5727 tempus
3428 5656 3539 5711 τῶν

1971 5728 2230 5796 νηστειῶν
2263 5737 2426 5782 esset.
