4218 6432
326 398 435 461 853
1486 399 1980 469 QUIESTIONES

1906 400 1980 459 ES
2018 402 2114 461 ET
2153 404 2405 463 DUBlA.
3466 411 3572 474 854

325 511 617 581 πρόϐατον.
645 511 743 564 τὸν
761 513 945 582 μαλὺν,
971 514 1029 567 τὸ
1049 515 1213 582 γάλα,
1241 508 1331 562 τὸν
1356 513 1550 582 ἀμνόν.
1588 513 1651 565 Ἦ
1679 513 1735 567 δὲ
1759 514 1895 583 κόρη
1926 519 1972 573 Δ

1926 519 1972 573 Α
2003 512 2106 578 lac,
2139 526 2467 584 agnumquc.
2514 514 2644 585 Ejus
2671 516 2931 585 pupillam
2975 516 3117 569 oculi
3168 533 3292 570 cum
3320 520 3434 574 sole
3463 524 3569 577 clr-

324 598 423 657 τοῦ
457 603 739 674 ὀφθαλμοῦ
793 605 978 671 αὑτοῦ,
1035 604 1437 675 συμπεριπολεῖ
1484 604 1561 676 τῷ
1608 604 1761 675 ἡλίῳ,
1800 606 1894 658 καὶ

1999 605 2247 675 cumagi,
2298 606 2457 676 333
2508 621 2572 661 ac
2620 606 2865 675 quotidie
2910 606 3129 676 pillulas
3171 607 3274 663 565
3325 623 3566 679 egerere.

324 696 566 765 ἑκάστης
596 697 808 766 ἡμέρας
837 697 1090 766 ἀφοδεύει
1124 697 1435 767 σπυράθους
1462 697 1588 762 τξεν.
1630 698 1704 750 Τὸ
1727 697 1785 750 δὲ
1810 697 1895 749 λο-

2000 698 2232 751 Ratione
2263 707 2443 753 autem
2474 698 2736 767 praeditus
2762 700 2900 763 ovis,
2936 701 3121 764 homo,
3170 700 3438 769 siquidem
3469 703 3571 757 hoc

324 786 481 851 γικὺν
510 787 784 857 πρόϐατον
824 790 852 841 ὁ
897 788 1205 859 ἄνθρωπος,
1251 789 1408 859 εἴπερ
1435 789 1628 842 ἑαυτὸν
1657 789 1895 858 προσφέ-

1999 790 2192 844 sedulo
2218 799 2358 860 agat,
2394 799 2455 844 ut
2492 806 2551 846 se
2583 792 2715 856 Deo,
2755 792 2911 862 cujus
2942 792 3170 846 dominii
3198 800 3315 855 est,
3338 792 3570 847 hostiam

326 895 444 947 ρειν
470 878 661 933 Θυσίαν
684 879 761 952 τῷ
777 882 1108 951 κτησαμένῳ
1135 880 1254 951 Θεῷ
1281 881 1605 945 ἐσπούδακε,
1634 882 1896 950 χρεωστεῖ

1999 882 2216 947 oﬂ‘erat,
2260 883 2503 953 praebeat
2537 898 2761 939 necesse
2790 891 2896 949 est,
2946 891 3200 952 tanquam
3242 883 3438 949 vellus,
3486 901 3574 938 ac-

322 970 526 1024 διδόναι
570 970 760 1043 ὥσπερ
801 973 988 1043 μαλὸν,
1037 975 1136 1043 τὴν
1172 973 1368 1043 ἠθικὴν
1415 972 1652 1044 πρᾶξιν·
1709 972 1785 1034 ὡς
1837 972 1894 1024 δὲ

2001 974 2205 1027 tionem
2235 973 2481 1028 moribus
2518 974 2859 1039 institutam;
2897 981 3155 1043 tanquam
3187 990 3317 1027 vero
3344 975 3448 1037 lac,
3480 990 3570 1028 na-

324 1066 488 1131 γάλα,
525 1066 625 1136 τὴν
650 1066 886 1135 φυσικὴν
919 1065 1152 1135 θεωρίαν
1180 1064 1471 1137 (θρεπτικὴ
1494 1065 1605 1134 γὰρ
1630 1064 1769 1132 αῦτη
1798 1064 1892 1118 τοῦ

2002 1064 2232 1118 turalem
2262 1064 2690 1132 speculationem
2721 1066 2861 1135 (ejus
2902 1065 3048 1119 enim
3085 1064 3360 1118 facultatis
3392 1074 3474 1119 est
3516 1074 3575 1119 ut

325 1154 467 1225 νοῦ)·
501 1155 577 1218 ὡς
632 1156 689 1208 δὲ
742 1155 936 1225 ἀμνὸν,
990 1157 1082 1209 τὸν
1114 1156 1551 1225 μαθητευόμενον
1584 1156 1895 1223 ἀπογεννῶν

2021 1163 2240 1209 nenlem
2261 1156 2415 1226 alat),
2436 1165 2496 1210 ut
2522 1165 2706 1210 autem
2729 1170 2949 1225 agnum,
2971 1155 3303 1224 discipulum
3328 1154 3575 1210 doctrina

324 1244 416 1299 διὰ
446 1245 549 1315 τῆς
578 1247 944 1313 διδασκαλίας,
995 1247 1089 1302 καὶ
1138 1248 1313 1301 πάντα
1350 1249 1535 1318 ὅμοιον
1582 1247 1759 1317 ἑαυτῷ
1802 1248 1896 1300 καὶ

2000 1245 2279 1308 adultum,
2324 1261 2421 1314 per
2466 1247 2650 1300 omnia
2702 1246 2935 1300 similem
2981 1248 3430 1316 perfectumque,
3465 1248 3574 1301 Deo

324 1339 531 1392 τέλειον
593 1340 905 1403 σπουδάζων
960 1340 1255 1413 προσάγειν
1299 1340 1379 1410 τῷ
1416 1339 1555 1409 Θεῷ.
1587 1338 1747 1392 Ἀλλὰ
1802 1339 1896 1390 καὶ

2000 1335 2203 1390 οίΐεηθ
2226 1336 2462 1391 studeat.
2494 1337 2600 1391 Sed
2627 1346 2682 1392 et
2705 1338 2968 1406 pupillam
2999 1340 3167 1403 oculi,
3196 1339 3286 1408 qui
3320 1338 3443 1393 talis
3468 1347 3572 1403 est,

324 1430 427 1500 τὴν
459 1430 628 1499 κόρην
655 1429 750 1483 τοῦ
803 1429 1103 1499 ὀφθαλμοῦ,
1158 1433 1186 1483 ὁ
1236 1430 1472 1494 τοιοῦτος
1506 1431 1616 1498 ἔχει
1655 1428 1730 1499 τῷ
1757 1429 1896 1499 ἡλίῳ

2002 1441 2110 1480 una
2152 1441 2278 1480 cum
2317 1428 2432 1481 sole
2476 1429 2626 1482 velut
2668 1438 2945 1499 gyrantem
2993 1430 3189 1494 habet;
3231 1430 3325 1498 qui
3368 1430 3576 1483 scilicet

326 1519 839 1591 συμπεριπολοῦσαν
861 1537 876 1551 ’
930 1520 1174 1573 τουτέστι
1201 1521 1290 1573 τὸν
1314 1519 1460 1585 νοῦν,
1501 1520 1578 1590 τῷ
1607 1520 1771 1588 Ἡλίῳ
1798 1520 1897 1589 τῆς

2002 1531 2112 1569 una
2135 1522 2263 1570 cum‘
2282 1516 2408 1572 Sole
2427 1518 2675 1587 justitiaa,
2707 1534 2805 1588 per
2835 1520 3234 1588 providentiam
3259 1534 3347 1573 res
3375 1519 3573 1588 guber-

323 1611 695 1681 δικαιοσύνης,
735 1613 823 1665 διὰ
873 1612 972 1681 τῆς
1005 1612 1372 1683 προνοητικῆς
1414 1612 1522 1665 τῶν
1566 1611 1736 1664 ὄντων
1768 1611 1897 1663 διοι-

2001 1615 2165 1661 nante
2198 1622 2262 1661 ac
2294 1624 2416 1676 qua:
2445 1618 2629 1664 nostra
2655 1620 2785 1664 sunt
2818 1610 3045 1675 ferente,
3074 1620 3309 1666 mentem
3337 1611 3575 1665 circum-

326 1703 542 1771 κήσεως
575 1703 793 1769 φέροντι
826 1702 896 1755 τὰ
944 1702 1209 1774 ἡμέτερα,
1263 1702 1692 1774 συμπεριπολεῖ’
1741 1718 1897 1754 τουτ-

2000 1708 2157 1769 agat;
2221 1714 2418 1769 nempe
2476 1716 2603 1755 eum
2651 1701 2955 1770 sequendo,
2986 1701 3039 1755 in
3071 1702 3332 1756 aerumnis
3372 1702 3577 1771 pariter

325 1794 497 1857 ἐστιν,
530 1794 883 1847 ἐπακολουθεῖ
918 1810 933 1824 ο
969 1795 1027 1847 ἔν
1054 1812 1113 1847 τε
1146 1796 1253 1865 γὰρ
1302 1795 1544 1864 θλίψεσιν
1567 1832 1582 1859 ,
1629 1792 1686 1846 ἕν
1717 1810 1777 1845 τε
1808 1793 1889 1845 εὐ·

2002 1799 2165 1858 atque
2198 1791 2456 1845 secundis
2490 1791 2657 1845 rebus
2683 1791 2886 1861 gratias
2924 1801 3081 1862 agat;
3126 1801 3431 1860 cunctaque
3471 1791 3575 1845 rite

324 1885 587 1954 ημερίαις
624 1884 982 1956 εὐχαριστῶν·
1020 1885 1111 1938 ἐπί
1143 1903 1201 1939 τε
1229 1889 1296 1956 τῇ
1348 1884 1529 1949 καλῶς
1575 1885 1780 1955 ἀγούσῃ
1830 1884 1899 1938 τὰ
1930 1867 1974 1927 Β

1930 1867 1974 1927 Β
2001 1883 2183 1952 agenti
2233 1898 2296 1937 ac
2335 1882 2594 1953 dirigenti
2642 1883 3033 1953 providentia,
3076 1899 3348 1953 propense
3390 1881 3575 1936 animo

329 1975 507 2027 πάντα
541 1974 786 2045 προνοίᾳ.
825 1975 1145 2029 Ἀποδάλλει
1183 1976 1242 2028 δὲ
1293 1977 1321 2027 ὁ
1376 1975 1618 2037 τοιοῦτος
1662 1975 1899 2044 ἑκάστης

1998 1975 2327 2045 acquiescat.
2380 1975 2564 2045 Egerit
2617 1984 2802 2030 autem
2850 1975 3099 2045 quotidie
3148 1974 3421 2044 ejusmodi
3471 1973 3575 2027 565

326 2065 542 2135 ἡμέρας
595 2066 907 2137 σπυράθους
955 2066 1093 2132 ris“
1151 2067 1418 2131 τουτέστι,
1448 2067 1516 2120 τὰ
1566 2065 1672 2119 ὑπὸ
1704 2065 1899 2135 χρόνον

2000 2062 2247 2131 pillulas;
2297 2062 2349 2117 id
2382 2074 2489 2128 est,
2537 2063 2771 2133 tempori
2811 2065 3066 2132 ortuiqne
3109 2062 3366 2126 obnoxia,
3400 2077 3574 2130 eoque

326 2158 425 2211 καὶ
459 2159 675 2226 γένεσιν
713 2159 930 2230 φθαρτά
958 2161 1054 2214 καὶ
1100 2160 1332 2231 περισσὰ
1372 2161 1632 2214 ἑκάστοτε
1665 2157 1897 2230 ἀπορρί-

1571 2176 1632 2211 τε
1665 2157 1897 2230 ἀπορῤί-
1999 2153 2289 2208 interitura
2314 2170 2377 2209 ac
2404 2154 2701 2224 superﬂua,
2728 2154 2975 2224 quotidie
3000 2154 3237 2209 abdicat.

327 2266 474 2303 πτει.

400 2344 535 2413 Περὶ
565 2342 620 2396 δὲ
644 2343 738 2397 τοῦ
771 2344 890 2414 βοός
926 2361 1111 2413 φασιν,
1143 2345 1224 2397 ὅτι
1250 2343 1349 2414 τὴν
1378 2344 1602 2415 καρδίαν
1634 2343 1899 2413 τρίγωνον

2069 2342 2152 2396 Ad
2181 2343 2377 2398 bovem
2413 2352 2597 2399 autem
2624 2344 2773 2414 quod
2807 2344 3028 2408 attinet,
3062 2344 3221 2398 aiunt
3250 2343 3456 2399 habere
3478 2357 3575 2399 cor

327 2432 631 2501 κέκτηται·
682 2433 775 2487 τὸν
824 2434 880 2487 δὲ
918 2434 1119 2504 νεφρδν
1169 2433 1527 2490 πεντάόολονο
1577 2434 1689 2504 ἔχει
1719 2434 1777 2488 δὲ
1806 2434 1901 2487 καὶ

2002 2436 2372 2506 triangulum;
2406 2452 2616 2501 rencm,
2653 2436 2898 2506 quinque
2945 2437 3102 2507 quasi
3137 2434 3574 2506 projectionibus

327 2524 480 2592 τρεῖς
511 2524 814 2593 στομάχους
837 2539 855 2557 ⁶
906 2526 1001 2579 καί¹
1046 2524 1146 2595 τὴν
1189 2524 1287 2595 μὲν
1321 2525 1558 2596 ἡμέραν,
1595 2525 1903 2594 φωτοειδεῖς

2000 2536 2340 2595 exstantem;
2393 2530 2733 2584 stomachum
2770 2529 3078 2599 triplicem;
3116 2529 3293 2583 oculis
3331 2528 3574 2583 interdiu

328 2612 444 2682 ἔχει
474 2614 598 2675 τοὺς
620 2613 965 2683 ὀφθαλμούς·
997 2616 1062 2685 τῇ
1096 2614 1153 2668 δὲ
1202 2615 1378 2679 νυκτὶ,
1415 2615 1719 2683 πυροειδεῖς
1743 2632 1756 2645 ·
1807 2618 1901 2671 καὶ

2000 2618 2222 2683 lucidis,
2257 2630 2423 2674 noctu
2477 2621 2652 2691 igneis
2689 2636 2842 2686 esse;
2892 2628 3079 2675 ternas
3117 2618 3391 2684 interdiu,
3447 2617 3575 2673 toti-

325 2703 514 2772 τρίτον
546 2703 642 2773 τῆς
670 2704 883 2776 ἡμέρας
918 2706 1012 2757 καὶ
1030 2705 1212 2775 τρίτον
1232 2706 1332 2775 τῆς
1358 2705 1549 2768 νυκτὸς
1570 2707 1688 2759 κατ’
1714 2708 1903 2760 ἀνατο-

1901 2740 1903 2747 ·
2001 2712 2237 2783 demque
2269 2724 2437 2769 noctu
2466 2715 2615 2769 vices
2642 2752 2659 2779 ,
2708 2728 3033 2769 conversum
3068 2713 3137 2769 ad
3172 2714 3445 2769 orientem
3488 2722 3567 2767 tu-

327 2792 428 2857 λάς
457 2793 599 2862 ὁρῶν
624 2794 774 2848 πνέει
802 2794 1012 2863 φυσῶν.
1049 2794 1109 2848 '0
1136 2795 1309 2861 δεξιὸς
1344 2794 1509 2849 αὐτοῦ
1540 2796 1645 2865 ῥὶς,
1675 2796 1902 2851 εὑωδιᾶ-

2002 2815 2243 2860 mentem
2271 2805 2631 2876 inﬂatumque
2647 2806 2881 2875 spirare.
2906 2805 3195 2861 Dexteram
3218 2805 3338 2876 ejus
3385 2818 3587 2859 narem-

330 2885 418 2949 ζει
470 2886 712 2957 μόσχον·
763 2885 825 2939 τὸ
872 2887 931 2940 δὲ
977 2881 1115 2957 αἷμα
1164 2888 1349 2953 αὐτοῦ,
1401 2888 1744 2961 ἀναιρετικόν
1788 2890 1903 2943 ἐστι

2003 2895 2217 2950 moscbi
2270 2896 2478 2966 spirare
2533 2896 2939 2967 fragrantiam;
3015 2896 3338 2967 sanguinem
3390 2894 3576 2949 cicura

331 2976 553 3031 πάντων
596 2978 704 3030 τῶν
733 2976 955 3048 ἡμέρων
1004 2975 1179 3041 ζώων,
1230 2977 1400 3048 χωρὶς
1439 2977 1533 3031 τοῦ
1587 2979 1769 3041 κυνός.
1814 2981 1907 3032 Δεῖ

2003 3001 2234 3057 quaeque
2276 2988 2574 3051 animalia,
2627 2996 2858 3057 excepto
2893 3003 3048 3052 cane,
3112 3001 3332 3042 necare.
3381 2985 3576 3056 Opera!

336 3065 433 3121 οὖν
463 3069 559 3121 καὶ
587 3068 734 3138 ἡμᾶς
765 3068 955 3138 ῶσπερ
991 3067 1116 3136 βοῦν
1144 3068 1432 3139 φέροντας,
1468 3066 1561 3121 τὸν
1609 3068 1774 3136 ζυγὸν
1808 3067 1902 3121 τοῦ

2004 3080 2241 3148 pretium
2272 3080 2479 3148 itaque,
2528 3093 2628 3132 nos
2672 3093 2898 3148 quoque
2948 3078 3107 3132 bovis
3157 3077 3332 3132 instar
3371 3076 3578 3132 Christi
3650 3100 3654 3104 ·

329 3159 572 3230 Χριστοῦ
605 3162 1167 3232 μεταχειριζομένους,
1205 3163 1304 3224 τὰς
1342 3160 1552 3224 λιθίνας
1580 3162 1902 3231 ἀνατέμνειν
1929 3215 1969 3240 ρ

1929 3215 1969 3240 ρ
2004 3179 2285 3239 assumpto
2309 3171 2461 3240 jugo.
2496 3170 2711 3239 lapidea
2757 3169 2927 3223 corda
2958 3169 3347 3239 proscindere;
3378 3184 3446 3222 ac
3492 3168 3577 3221 vi-

332 3215 565 3329 καρδίας
586 3215 617 3288 ’⁸
654 3215 880 3321 καὶῆτάς
900 3215 1015 3328 ’μέν
1049 3215 1299 3320 ἀκάνθας⁷
1326 3256 1437 3309 τῶν
1484 3215 1672 3309 παθῶν
1749 3215 1903 3328 έκρι-
1929 3215 1971 3271 C

2004 3215 2282 3239 """""'l’"’
2309 3215 2461 3240 J“D"‘
2496 3215 2711 3239 ”““Ί’““““¹““
2761 3215 2927 3223 """""
2960 3215 3311 3239 r'v'"""'""
3332 3215 3347 3235 ⁷
3379 3215 3443 3222 ""
3505 3215 3545 3221 "

1929 3215 1971 3271 ϐ
2007 3258 2207 3313 tiorum
2231 3260 2451 3328 quidem
2476 3260 2663 3328 spinas
2691 3260 2950 3323 evellere,
2983 3259 3168 3313 cordis
3197 3274 3329 3312 vero
3371 3266 3575 3320 terram

332 3351 463 3416 ζοῦν
487 3368 501 3382 ο
537 3350 826 3404 πλατύνειν
862 3350 1042 3420 δὲτὴν
1069 3350 1173 3419 γῆν
1204 3349 1303 3418 τῆς
1342 3348 1569 3419 καρδίας
1599 3348 1735 3419 πρὸς
1767 3350 1901 3401 ὐπο-

2005 3351 2073 3404 ad
2108 3351 2518 3419 suscipiendum
2552 3351 2799 3405 divinum
2828 3364 3138 3405 sermonem
3184 3350 3433 3404 dilatare.
3468 3348 3578 3404 Cor

330 3442 493 3511 δοχὴν
516 3440 608 3493 τοῦ
647 3438 792 3491 θείου
840 3439 1020 3507 λόγου.
1043 3439 1229 3508 Ἐχειν
1276 3438 1332 3491 δὲ
1385 3439 1479 3490 καὶ
1521 3438 1623 3507 τὴν
1678 3438 1903 3509 καρδίαν

2003 3442 2135 3495 item
2176 3442 2383 3496 habere
2414 3442 2707 3512 trigonum,
2740 3457 2926 3496 sanam
2960 3442 3171 3495 scilicet
3214 3442 3382 3495 corde
3418 3451 3578 3495 tenus

332 3531 621 3600 τρίγωνον,
680 3531 928 3583 τουτέστι
980 3529 1071 3581 τὸν
1128 3529 1254 3599 περὶ
1302 3529 1533 3599 Τριάδος
1587 3528 1744 3597 λόγον
1775 3530 1902 3600 ὑγιῆ

2004 3532 2072 3585 de
2103 3530 2373 3586 Trinitate
2397 3531 2734 3597 doctrinam;
2766 3539 2826 3586 ut
2858 3533 3002 3587 sicut
3044 3547 3141 3585 cor
3175 3540 3370 3584 natura
3410 3529 3575 3583 vitam

331 3623 479 3693 ἔχειν
508 3625 566 3676 ὲν
592 3625 657 3693 τῇ
702 3621 901 3692 καρδίᾳ
920 3639 933 3653 ·
994 3621 1080 3674 ἵνα
1126 3618 1314 3691 ὥσπερ
1338 3621 1371 3691 ἡ
1405 3620 1599 3690 καρδία
1628 3619 1902 3673 διαδίδωσι

2005 3622 2225 3693 corpori
2261 3623 2566 3687 distribuit,
2600 3623 2681 3678 sic
2716 3630 2773 3676 et
2805 3622 2981 3692 pietas
3026 3623 3082 3678 in
3112 3623 3284 3677 Deum
3331 3621 3577 3677 membra

332 3715 580 3783 φυσικῶς
608 3714 707 3785 τὴν
734 3714 879 3784 ζωὴν
913 3713 987 3784 τῷ
1024 3711 1255 3784 σώματι,
1287 3712 1460 3776 οὕτως
1486 3712 1580 3767 καὶ
1603 3714 1637 3785 ἡ
1670 3714 1747 3776 είς
1771 3712 1904 3766 Θεὸν

2003 3716 2251 3770 stabiliat
2296 3725 2461 3785 atque
2492 3724 2727 3786 vegetet.
2756 3716 2963 3770 Renem
3014 3722 3226 3784 septem
3261 3715 3417 3784 quasi
3447 3730 3577 3784 pro-

331 3807 604 3873 εὺσέϐεια,
638 3806 706 3859 τά
743 3806 877 3876 μέλη
904 3809 1003 3876 τῆς
1037 3804 1216 3875 ψυχῆς
1248 3804 1545 3875 συνίστησι.
1583 3805 1687 3858 Τὸν
1719 3804 1777 3859 δὲ
1814 3822 1903 3858 νε-

1998 3808 2336 3878 jectionibus
2380 3816 2716 3873 exstantem;
2764 3808 2839 3862 ita
2901 3806 3166 3861 nimirum
3217 3814 3278 3860 ut
3317 3807 3576 3876 cupiendi

331 3898 471 3968 φρὸν
492 3897 635 3968 ἔχειν
666 3896 1014 3962 πεντάδοΜν,
1052 3895 1299 3949 τουτέστι
1328 3895 1387 3947 τὺ
1410 3895 1805 3965 ἐπιθυμητικὸν
1830 3896 1905 3967 μὴ

2004 3900 2091 3955 vis
2119 3916 2227 3955 non
2285 3900 2353 3954 ad
2375 3899 2507 3954 vitia
2542 3914 2606 3954 ac
2630 3898 2891 3953 libidines
2916 3911 3180 3953 conversa
3207 3897 3299 3962 sit,
3332 3896 3429 3951 sed
3453 3912 3580 3952 sen-

334 3988 473 4057 πρὸς
502 3986 571 4039 τὰ
591 3987 737 4055 πάθη
767 3986 1085 4058 τετράφθαι,
1118 3985 1255 4038 ἀλλὰ
1279 3986 1366 4038 διὰ
1390 3985 1499 4038 τῶν
1524 3992 1565 4038 ε’
1602 3986 1908 4056 αἰσθήσεων

2006 4005 2170 4048 suum
2202 4006 2370 4062 opera
2423 3993 2527 4047 hoc
2577 3992 2756 4054 solum
2796 3990 2903 4044 ﬁne
2946 3997 3201 4044 naturam
3237 3991 3580 4059 contemple-

330 4085 435 4150 τὴν
460 4079 637 4131 κτίσιν
663 4079 1019 4131 κατοπτεύειν
1044 4080 1125 4142 εἰς
1149 4079 1315 4148 μόνην
1331 4078 1622 4147 ἐπιθυμίαν
1651 4078 1743 4131 καὶ
1771 4078 1908 4146 ἀγά-

2008 4100 2151 4148 mur,
2206 4092 2267 4138 ut
2314 4084 2433 4154 ejus
2484 4082 2579 4152 qui
2638 4081 2887 4136 condidit
2937 4079 3215 4136 desiderio
3259 4080 3578 4145 aﬂiciamur,

335 4190 447 4242 πην
469 4171 562 4225 τοῦ
594 4170 914 4234 κτίσαντος.
941 4172 1103 4239 Τρεῖς
1131 4172 1189 4224 δὲ
1218 4172 1523 4241 στομάχους
1571 4165 1870 4241 κεκτῆσθαι
1891 4187 1905 4201 ·

2005 4190 2243 4244 eumque
2277 4174 2586 4244 diligamus.
2617 4173 2911 4241 Triplicem
2940 4171 3181 4241 denique
3209 4171 3576 4226 stomachum.

333 4267 365 4318 ὁ
402 4265 673 4335 στόμαχος
707 4263 923 4333 πρῶτον
954 4263 1023 4317 τὰ
1058 4246 1203 4317 σιτία
1230 4263 1534 4333 δεχόμενος,
1569 4262 1661 4316 καὶ
1687 4262 1774 4316 διὰ
1807 4263 1909 4332 τῆς

2009 4265 2339 4321 Stomachus
2381 4266 2620 4338 primum
2668 4265 2866 4334 recipit
2919 4264 3094 4327 cibos,
3151 4272 3381 4332 tumque
3431 4263 3579 4332 quod

334 4358 613 4425 πεπτικῆς
639 4355 922 4425 δυνάμεως
953 4355 1013 4407 τὸ
1044 4354 1331 4424 εἰλικρινὲς
1355 4355 1543 4415 αὐτῶν¹
1562 4355 1775 4423 ἑκάστῳ
1802 4355 1911 4407 τῶν

2008 4372 2210 4427 purum
2236 4366 2322 4412 est
2352 4372 2448 4426 per
2503 4357 2615 4410 vim
2648 4354 2936 4425 digerendi
2985 4354 3041 4408 in
3072 4354 3286 4423 singula
3334 4353 3580 4407 membra

340 4448 523 4518 μελῶν
575 4448 973 4518 παραπέμψας,
1005 4447 1066 4500 τὸ
1113 4447 1297 4500 λοιπὸν
1344 4450 1410 4518 τῇ
1461 4448 1639 4519 κοιλίᾳ
1672 4448 1903 4503 δίδωσιν.

2008 4450 2428 4510 transmittens,
2487 4457 2672 4518 partes
2724 4446 2968 4515 reliquas
2999 4444 3181 4499 ventri
3234 4443 3450 4498 tribuit.
3487 4442 3580 4498 Sic

336 4538 527 4603 Οὕτως
566 4537 660 4592 οῦν
687 4540 834 4609 ἡμᾶς
868 4539 1133 4610 προσήκει
1170 4538 1258 4591 διὰ
1292 4541 1600 4609 πρακτικῆς
1633 4540 1726 4591 καὶ
1755 4556 1903 4605 φυσι-
1942 4544 1984 4598 D

1942 4544 1984 4598 Ι)
2014 4539 2183 4609 igitur
2209 4547 2263 4593 et
2287 4555 2409 4602 nos,
2445 4554 2544 4607 per
2578 4537 2860 4599 moralem,
2899 4536 3202 4589 naturalem
3247 4544 3408 4603 atque
3438 4533 3581 4587 divi-

333 4636 444 4706 κῆς
467 4637 563 4690 καὶ
589 4636 901 4705 θεολογικῆς
922 4633 1153 4703 θεωρίας
1179 4634 1499 4703 ἀγομένους,
1525 4633 1617 4684 καὶ
1645 4633 1712 4686 τὰ
1742 4633 1909 4703 πρόσ-

2011 4642 2139 4680 nam
2173 4624 2694 4694 contemplationem
2723 4629 3033 4692 provectos,
3066 4622 3390 4691 cunctisque
3413 4621 3578 4674 animi

336 4743 483 4795 φορα
517 4726 649 4779 πᾶσι
677 4728 793 4788 τοῖς
827 4725 1015 4794 μέλεσι
1049 4728 1149 4794 τῆς
1190 4724 1365 4795 ψυχῆς
1393 4724 1782 4794 ἀπονέμοντας,
1815 4724 1909 4776 καὶ

2008 4717 2293 4779 membris,
2322 4714 2484 4786 334
2519 4713 2664 4784 quod
2698 4720 2887 4782 aptum
2942 4712 3012 4767 sit
3050 4712 3227 4781 iisque
3269 4711 3542 4766 conducat
3566 4751 3578 4773 ,

334 4815 433 4867 τοῦ
466 4815 686 4882 ἥττονος
718 4813 1062 4884 προνοεῖσθαι
1093 4812 1290 4881 μέρους
1312 4827 1325 4840 ⁸
1357 4813 1624 4875 τουτέστι,
1672 4813 1767 4866 τοῦ
1801 4812 1909 4866 σώ-

2011 4808 2336 4878 impartitos,
2362 4807 2528 4861 etiam
2550 4804 2845 4859 deterioris
2878 4803 3049 4871 partis
3077 4803 3152 4871 (id
3171 4812 3274 4865 est.
3301 4802 3579 4871 corporis;

342 4923 516 4977 ματος
537 4921 552 4936 °
593 4906 751 4959 τοῦτο
780 4905 887 4977 γὰρ
935 4907 969 4973 ἡ
1019 4905 1217 4958 κοιλία.
1257 4904 1451 4975 Τρίτον
1482 4901 1537 4957 δὲ
1571 4906 1667 4974 τῆς
1701 4903 1909 4975 ἡμέρας

2010 4901 2067 4956 id
2086 4900 2231 4955 enim
2260 4907 2454 4952 venter
2482 4894 2842 4964 intelligatur)
2888 4910 3075 4948 curam
3114 4909 3273 4963 agere
3301 4895 3578 4949 convenit.

337 5000 439 5053 καὶ
469 4999 651 5068 τρίτον
694 5000 792 5069 τῆς
848 4997 1041 5060 νυκτὸς
1088 4996 1409 5065 ἀφορῶντας
1458 4995 1595 5065 πρὸς
1648 4994 1910 5058 ἀνατολὰς

2011 4992 2119 5047 Ter
2147 5005 2280 5045 vero
2310 4987 2573 5051 interdiu,
2607 5002 2674 5042 ac
2705 4996 2788 5042 ter
2825 4995 2993 5041 noctu
3034 4985 3103 5038 ad
3137 4985 3409 5039 orientem
3436 4988 3582 5054 aspi-

338 5091 552 5157 πνέειν,
605 5091 855 5143 τουτέστι
883 5089 990 5159 τὴν
1025 5089 1255 5158 τρισσὴν
1298 5088 1393 5141 τοῦ
1444 5086 1580 5140 Θεοῦ
1630 5088 1908 5156 πρόνοιαν,

2011 5084 2222 5138 cientes
2250 5081 2482 5151 spirare,
2519 5077 2725 5133 trinam
2752 5077 2848 5131 Dei
2886 5074 3307 5145 providentiam,
3326 5090 3434 5143 qua
3454 5091 3588 5129 con-

340 5182 742 5253 συντηρητικὴν
790 5182 882 5236 καὶ
932 5178 1360 5252 ὲπιστρεπτικὴν
1420 5179 1515 5232 καὶ
1566 5178 1911 5249 παιδευτικὴν

2013 5180 2236 5238 servat,
2299 5170 2571 5228 convertit
2619 5184 2683 5224 ac
2734 5168 2986 5237 castigat,
3042 5166 3243 5220 animis
3293 5166 3584 5229 attenden-

338 5274 687 5345 ἀφορῶντας,
716 5273 773 5327 ἐν
800 5290 859 5326 τε
884 5274 1042 5326 νυκτὶ
1074 5272 1183 5325 τῶν
1217 5270 1558 5341 πειρασμῶν,
1598 5270 1654 5323 ἐν
1693 5287 1749 5322 τε
1780 5271 1913 5340 ἠμέ-

2013 5276 2117 5333 tes,
2152 5266 2267 5322 sive
2285 5265 2340 5319 in
2368 5263 2733 5319 tentationum
2765 5271 2949 5324 nocte,
2984 5261 3097 5315 sive
3130 5260 3184 5313 in
3226 5274 3410 5314 rerum
3456 5273 3586 5328 pro-

343 5382 417 5437 ρα
447 5364 770 5434 εὐημερίας,
789 5365 1130 5435 εὐχαριστεῖν
1148 5379 1160 5393 ο
1190 5364 1333 5432 ἔχειν
1357 5362 1414 5414 δὲ
1432 5363 1557 5423 τοὺς
1584 5360 1912 5431 ὀφθαλμοὺς,

2013 5367 2295 5423 sperarum
2351 5351 2463 5415 die,
2514 5351 2717 5421 gratias
2770 5366 2959 5419 agerc;
3000 5350 3191 5418 sicque
3262 5348 3401 5402 adeo
3452 5363 3582 5403 ocn-

337 5436 403 5513 ἐν
428 5457 526 5529 μὲν
540 5459 692 5511 νυκτὶ
713 5458 1033 5526 πυροειδεῖς.
1056 5457 1114 5509 ὲν
1128 5457 1183 5509 δὲ
1209 5455 1390 5526 ἡμέρα
1409 5454 1737 5522 φωτοειδεῖς,
1761 5471 1914 5507 τουτ-

2013 5447 2082 5502 lis
2114 5452 2457 5513 comparatos
2485 5458 2627 5505 esse,
2659 5450 2718 5495 ut
2746 5440 2783 5494 ii
2821 5449 2986 5493 noctu
3026 5439 3200 5509 ignei,
3228 5436 3468 5491 interdiu
3499 5436 3585 5489 lu—

339 5524 481 5611 ἐστι,
527 5524 863 5617 θεωρητικὴν
916 5546 1166 5614 δύναμιν,
1307 5524 1405 5613 μὲν
1464 5545 1529 5613 τῇ
1571 5543 1755 5614 ἡμέρᾳ
1807 5544 1915 5596 τῶν

2016 5534 2123 5589 cidi
2152 5532 2421 5587 exsistant
2452 5550 2464 5584 :
2500 5546 2562 5584 ea
2597 5529 2810 5583 scilicet
2834 5528 3044 5597 praediti
3074 5524 3481 5594 contemplandi
3506 5525 3584 5587 vi,

338 5635 574 5705 ἀρετῶν,
609 5637 706 5697 τὰς
737 5638 800 5687 ὲκ
838 5634 933 5687 τοῦ
975 5636 1153 5687 Ἠλίου
1183 5634 1280 5702 τῆς
1303 5632 1643 5700 δικαιοσύνης
1693 5633 1916 5695 ἀκτῖνας

2017 5636 2078 5681 ut
2111 5626 2165 5678 in
2190 5624 2456 5677 virtutum
2500 5621 2611 5683 die,
2664 5619 2806 5673 Solis
2834 5619 3061 5688 justitia:
3108 5616 3353 5671 scicntia:
3405 5614 3589 5681 radios

340 5726 440 5793 τῆς
465 5724 716 5794 γνώσεως
743 5724 1173 5794 ὑποδεχομένην·
1204 5726 1259 5774 ἐν
1286 5722 1340 5773 δὲ
1375 5725 1438 5791 τῇ
1465 5721 1616 5773 νυκτὶ
1642 5720 1749 5772 τῶν
1779 5721 1916 5791 ὑπὲρ

2017 5716 2340 5785 suscipiant,
2377 5720 2652 5780 noctuque
2686 5711 3005 5764 crebrarum
3033 5717 3091 5762 et
3111 5723 3234 5776 qum
3283 5705 3417 5760 alias
3441 5706 3589 5759 exci-

341 5820 548 5890 ἁριτῆς
575 5818 928 5887 ἐπαγομένων
962 5813 1380 5882 ἀλλεπαὶλήλων
1410 5812 1731 5883 ’πειρασμῶν
1751 5851 1765 5876 ,
1792 5813 1915 5876 τοὺς

2017 5810 2192 5881 piant,
2231 5804 2599 5861 tentationitm
2637 5800 2853 5856 virtutis
2902 5814 3065 5853 causa
3099 5798 3393 5858 illatarum.
3427 5796 3585 5850 derc-
