4218 6432
669 378 779 441 855

1848 379 1890 436 S
1947 377 2236 439 ΜΑΧῙΜῙ
2272 375 2786 440 CONFESSORIS

3854 382 3963 447 856

670 485 967 540 lictionum
1019 485 1262 539 rationes
1292 485 1792 554 comprehendant.
1845 484 1952 540 Sed
1985 495 2044 542 et
2067 486 2262 543 dexte-

2365 487 2560 554 λόγους
2590 485 3122 556 καταλαμϐάνουσαν
3150 487 3261 542 τῶν
3281 487 3724 558 ἐγκαταλείψων
3758 504 3773 520 ’
3811 491 3963 562 ἔχειν

671 589 791 628 rain
822 589 1035 636 narem,
1087 586 1310 626 suavem
1345 571 1536 628 odoris
1560 572 1920 644 fragrantiam
1955 573 2262 644 spirantem

671 665 907 722 habere.
933 667 1065 721 Pars
1111 664 1354 719 hominis
1400 665 1626 720 dextera
1679 665 1899 721 animus
1935 674 2054 731 est;
2111 666 2261 736 quod

670 773 870 828 nempe
901 756 1148 826 duplices
1171 756 1347 812 simus
1393 774 1461 813 ex
1487 759 1672 813 animo
1706 768 1762 813 et
1788 773 2022 828 corpore
2052 758 2263 813 consti-

671 849 799 903 tuti.
829 847 935 914 Qui
971 848 1159 918 igitur,
1191 850 1397 920 quibus
1419 851 1589 920 pollet
1615 851 1784 906 animi
1813 851 2037 907 dotibus
2059 868 2123 906 ac
2151 852 2263 907 vir-

673 941 912 1007 tutibus,
954 942 1132 996 sancti
1166 940 1407 1012 Spiritus
1437 943 1669 1013 gratiam
1708 944 1956 1008 attraxit,
1986 945 2032 998 is
2057 959 2259 1000 suave-

670 1033 848 1096 olens,
873 1049 939 1089 ac
962 1033 1060 1104 qui
1089 1035 1307 1090 dulcem
1344 1037 1576 1107 reliquis
1607 1037 1784 1108 spiret
1821 1037 2072 1103 odorem,
2125 1053 2262 1093 eva-

670 1118 772 1173 dit.
803 1119 936 1191 Ejus
965 1136 1101 1176 vero
1143 1120 1237 1191 qui
1267 1122 1542 1192 ejusmodi
1572 1131 1657 1178 est
1709 1123 1868 1181 fusus
1922 1139 2110 1189 cruor,
2145 1125 2256 1179 vim

670 1211 839 1266 habet
857 1213 1093 1268 necandi
1121 1213 1309 1270 cicura
1327 1215 1625 1283 animalia;
1647 1232 1845 1286 nempe
1871 1216 1949 1271 ira
1975 1233 2257 1287 perversa,

668 1303 714 1358 si
745 1304 873 1374 quis
913 1305 1200 1362 hominum
1224 1321 1344 1361 eam
1373 1309 1684 1373 aemuletur,
1717 1309 1828 1362 vim
1853 1309 2019 1365 habet
2046 1310 2262 1364 consci-

668 1396 888 1452 scendae
915 1397 1103 1464 necis;
1139 1399 1548 1455 oblatrantibus
1592 1417 1724 1455 vero
1773 1401 1826 1454 in
1857 1416 1956 1454 nos
1995 1401 2261 1456 daamoni-

669 1487 774 1543 hus
803 1505 930 1544 esea
962 1491 1128 1545 cedit.

734 1579 926 1649 Caprae
949 1596 1082 1636 vero
1116 1582 1240 1638 talis
1272 1584 1521 1653 quaedam
1559 1583 1774 1640 indoles
1801 1594 1885 1638 est
1911 1599 1978 1640 ac
2018 1593 2216 1639 natura
2243 1606 2255 1639 :

2361 581 2419 634 δὲ
2446 580 2542 634 καὶ
2573 581 2667 634 τὸν
2700 580 2873 645 δεξιὸν
2906 582 3029 652 ῥῖνα
3063 579 3260 654 εὐώδη.
3286 581 3470 647 Δεξιὸν
3517 583 3686 656 μέρος
3729 584 3827 639 τοῦ
3867 586 3963 639 άν-

2363 672 2582 746 θρώπου
2605 674 2807 746 ὲστὶνή
2837 673 2985 746 ψυχή
3017 689 3032 703 ·
3059 674 3246 746 ἐπειδὴ
3279 675 3460 729 διπλοί
3483 677 3653 748 ἐσμεν
3677 678 3744 731 ὲκ
3775 678 3961 750 ψυχῆς

2362 767 2460 820 καὶ
2496 765 2770 838 σώματος.
2799 767 2858 821 ’0
2887 764 2983 821 οὖν
3015 768 3104 823 διὰ
3129 768 3230 831 τὰς
3254 769 3356 839 τῆς
3385 769 3565 840 ψυχῆς
3593 769 3822 842 ἀρετάς,
3855 771 3961 840 τὴν

2361 859 2524 930 χάριν
2548 859 2645 913 τοῦ
2690 859 2848 930 ἁγίου
2896 859 3218 931 Πνεύματος
3247 861 3715 932 ἐπισπασάμενος,
3741 862 3960 931 γίνεται

2361 953 2474 1014 τοῖς
2503 951 2686 1017 ἄλλοις
2711 951 2936 1023 εὐώδης.
2965 953 3040 1006 Τὸ
3067 952 3127 1006 δὲ
3171 949 3315 1024 αἷμα
3350 953 3448 1008 τοῦ
3499 954 3768 1018 τοιούτου,
3797 957 3957 1009 ἀναι-

2365 1045 2578 1117 ρετικὸν
2622 1049 2741 1100 ὲστι
2783 1045 2892 1099 τῶν
2941 1047 3166 1117 ἡμέρων
3197 1046 3354 1112 ζώων
3388 1064 3403 1079 ο
3432 1046 3733 1112 τουτέστιν,
3756 1048 3786 1100 ὁ
3811 1046 3959 1100 κατὰ

2361 1140 2721 1212 παρατροπὴν
2744 1139 2948 1210 θυμὸς,
2973 1141 3322 1211 ἀναιρετικός
3364 1141 3480 1194 ἐστι
3514 1144 3630 1204 τοῖς
3675 1139 3954 1210 μιμουμέ-

2361 1248 2471 1294 νοις
2491 1231 2657 1285 αὐτὸν
2685 1231 2999 1301 ἀνθρώποις
3030 1247 3044 1261 ·
3072 1232 3249 1301 τροφὴ
3275 1231 3334 1286 δὲ
3366 1234 3480 1297 τοῖς
3501 1230 3801 1286 ὑλακτοῦσι
3825 1230 3955 1286 καθ’

2360 1325 2393 1394 ἡ
2401 1322 2516 1392 μῶν
2548 1322 2817 1393 δαίμοσιν.

2441 1566 2507 1619 Ἦ
2551 1565 2612 1620 δὲ
2658 1567 2749 1634 αἲξ
2795 1566 2957 1637 φύσιν
3010 1568 3125 1639 ἔχει
3169 1569 3453 1640 τοιαύτην,
3485 1568 3553 1623 τὰ
3574 1569 3677 1640 ὅρη
3711 1571 3952 1635 εὐκόλως

667 1667 828 1724 facile
860 1681 1078 1727 montes
1109 1675 1453 1740 conscendit,
1480 1691 1580 1745 per
1604 1684 1867 1746 perrupta
1892 1677 2165 1747 graditur,
2194 1692 2259 1731 ac

2360 1660 2749 1728 ἀναϐαίνουσα,
2775 1662 3124 1734 κρηνοϐατεῖ,
3156 1663 3251 1716 καὶ
3271 1663 3634 1734 ἐπιτέρπεται
3673 1664 3785 1718 τῶν
3820 1684 3952 1735 μου·

667 1762 897 1818 musieis
948 1764 1188 1820 modulis
1231 1766 1566 1822 delectatur.
1595 1769 1729 1838 Ejus
1776 1769 2034 1822 dextrum
2084 1783 2256 1823 cornu

2363 1751 2531 1806 σικῶν
2567 1753 2745 1824 μελῶν
2774 1771 2789 1785 ·
2815 1753 2914 1807 καὶ
2943 1753 3003 1807 τὸ
3038 1753 3211 1819 δεξιὸν
3234 1755 3408 1824 αὐτῆς
3439 1755 3609 1824 κέρας
3628 1757 3726 1810 ἐὰν
3744 1757 3950 1828 θυμια·

667 1853 866 1923 quovis
887 1855 1009 1909 loco
1037 1855 1307 1921 sumatur,
1337 1867 1499 1914 teme
1518 1869 1702 1914 motus
1735 1860 1974 1929 speciem
2010 1859 2253 1930 ingerit;
2293 1840 2295 1886 τ

2363 1842 2429 1914 θῇ
2471 1846 2528 1897 ὲν
2572 1845 2902 1917 οἰῳδάνποτε
2957 1848 3132 1918 τόπῳ,
3170 1847 3400 1918 σεισμοῦ
3447 1850 3748 1918 φαντασίαν
3807 1867 3954 1917 παρ-

667 1941 917 2010 quotidie
950 1943 1174 2012 piliulas
1213 1945 1480 2000 ducentas
1506 1957 1870 2002 excremento
1903 1948 2100 2017 egerit.
2144 1947 2256 2002 Ne—

666 2048 822 2088 cesse
856 2034 1026 2104 igitur
1050 2045 1156 2097 est.
1185 2046 1245 2092 ut
1273 2046 1327 2090 et
1381 2039 1601 2093 animus
1640 2048 1828 2092 noster
1889 2023 2254 2093 tentationum

665 2135 926 2194 perrupta
957 2126 1230 2183 audenter
1265 2128 1578 2200 ﬁduciaque
1605 2132 1896 2194 transiliat,
1937 2142 2102 2200 atque
2130 2148 2257 2200 pro-

666 2217 918 2287 pheticos
943 2220 1324 2275 conscendens
1351 2231 1588 2288 montes,
1627 2223 1875 2277 scientiae
1907 2223 2015 2276 alla
2051 2233 2253 2294 captet,

665 2323 899 2378 eamque
951 2309 1008 2362 in
1042 2310 1259 2365 deliciis
1292 2311 1494 2367 habeat
1555 2329 1568 2365 :
1623 2329 1802 2382 neque
1845 2313 1894 2365 id
1935 2314 2118 2376 modo,
2156 2331 2250 2368 ve-

666 2415 788 2454 rum
814 2399 980 2454 etiam
1015 2399 1212 2454 fistula
1245 2401 1487 2456 modulis
1513 2401 1761 2474 (actuosa
1794 2404 2008 2459 scilicet
2040 2403 2252 2458 ratione

663 2507 730 2544 ac
757 2491 1029 2560 oratione)
1056 2491 1397 2560 voluptatem
1425 2493 1777 2549 auditoribus
1806 2494 2057 2548 docendo
2098 2495 2252 2565 inge-

663 2589 768 2632 rat.
807 2579 1068 2633 Dextrum
1101 2593 1279 2634 cornu
1321 2580 1426 2634 hoc
1457 2579 1749 2650 signiﬁcat,
1781 2595 1928 2642 cum.
1957 2581 2052 2650 qui
2083 2582 2251 2636 animi

663 2671 1078 2741 contemplandi
1122 2673 1232 2726 vim
1269 2689 1371 2743 per
1410 2673 1721 2727 orationem
1761 2674 1872 2729 Deo
1917 2672 2249 2740 admoverit,

660 2766 818 2820 suavi
858 2765 1158 2837 fragrantia
1208 2767 1560 2834 auditoribus
1609 2769 1969 2838 obrepentem
1999 2809 2013 2832 ,
2053 2783 2252 2822 carna-

663 2857 800 2912 lium
829 2857 885 2911 in
924 2857 1008 2913 eis
1029 2857 1290 2912 vitiorum
1332 2860 1586 2915 habitum
1609 2871 1928 2916 concutere.
1963 2861 2064 2915 llic
2100 2861 2246 2926 talis,

2359 1933 2496 2005 ἔχει.
2567 1937 2845 2007 Ἀφοδεὺει
2899 1940 2957 1993 δὲ
3032 1939 3269 2010 ἑκάστης
3342 1940 3558 2011 ἡμέρας
3633 1943 3952 2013 σπυράθους

2357 2029 2688 2093 διακοσίους.
2718 2033 2808 2084 Δεῖ
2836 2027 2930 2086 οὖν
2966 2033 3060 2085 καὶ
3107 2032 3208 2103 τὴν
3255 2034 3536 2104 ἡμετέραν
3589 2033 3769 2105 ψυχὴν
3818 2037 3953 2098 τοὺς

2359 2123 2640 2191 κρημνοὺς
2677 2121 2788 2176 τῶν
2821 2124 3146 2195 πειρασμῶν
3194 2124 3479 2195 εὐθαρσῶς
3511 2126 3779 2198 διαπηδᾷν
3805 2141 3819 2154 °
3853 2127 3952 2179 καὶ

2356 2215 2426 2267 τὰ
2457 2214 2771 2286 προφητικά
2803 2217 2905 2286 ὅρη
2941 2216 3368 2286 ἀναϐαίνουσαν,
3399 2217 3462 2270 τὸ
3490 2218 3623 2287 ὕψος
3655 2219 3750 2289 τῆς
3803 2219 3951 2287 γνὼ-

2359 2324 2499 2369 σεως
2550 2307 2842 2378 θηρᾶσθαι,
2878 2310 2971 2360 καὶ
3032 2309 3126 2360 ἐπὶ
3189 2309 3364 2383 ταύτῃ
3415 2309 3637 2379 ἥδεσθαι
3671 2326 3686 2340 ⁸
3736 2311 3834 2363 καὶ
3889 2311 3950 2362 οὐ

2361 2399 2519 2470 μόνον
2568 2399 2815 2469 ἣδεσθαι,
2856 2401 2991 2454 ἀλλὰ
3009 2401 3113 2452 καὶ
3143 2401 3232 2454 διὰ
3273 2401 3367 2454 τοῦ
3407 2401 3661 2466 δόνακος,
3693 2403 3950 2456 τουτέστι

2354 2491 2448 2544 τοῦ
2505 2492 2824 2561 ὲμπράκτου
2878 2493 3060 2561 λόγου,
3087 2493 3410 2548 διδάσκοντα
3449 2495 3641 2566 ἡδονὴν
3672 2494 3951 2549 ἐντιθέναι

2353 2586 2466 2646 τοῖς
2507 2584 2788 2639 ἀκούουσι.
2826 2586 2898 2638 Τὸ
2924 2584 2980 2637 δὲ
3010 2583 3182 2650 δεξιὸν
3217 2586 3407 2657 κέρας,
3435 2587 3690 2657 σημαίνει
3720 2589 3804 2641 ὅτι
3829 2589 3860 2640 ὁ
3886 2590 3950 2641 τὸ

2357 2670 2695 2742 θεωρητικὸν
2726 2674 2829 2742 τῆς
2878 2673 3060 2743 ψυχῆς
3105 2673 3196 2726 διὰ
3224 2674 3325 2744 τῆς
3375 2677 3689 2746 προσευχῆς
3718 2675 3799 2745 τῷ
3825 2675 3951 2745 Θεῷ

2357 2765 2752 2836 προσαγαγὼν,
2795 2764 3002 2835 εὐώδης
3046 2765 3328 2836 γινόμενος
3372 2769 3485 2830 τοῖς
3534 2766 3819 2830 ἀκούουσι,
3847 2766 3951 2835 τὴν

2356 2856 2415 2910 ὲν
2440 2857 2626 2919 αὐτοῖς
2649 2856 2763 2920 ἕξιν
2793 2856 2903 2908 τῶν
2954 2856 3237 2926 σαρκικῶν
3270 2856 3461 2910 παθῶν
3508 2856 3838 2911 διασαλεύει.
3889 2857 3950 2910 Ὀ

665 2947 914 3017 quotidie
947 2964 1196 3003 errorem
1223 2951 1369 3005 circa
1417 2967 1480 3006 ea
1522 2968 1644 3022 qua:
1692 2951 1747 3005 in
1791 2966 2015 3006 sensum
2045 2951 2253 3007 cadunt

2359 2945 2597 3009 τοιοῦτος
2649 2946 2910 2999 ἑκάστοτε
2961 2947 3061 3017 τὴν
3096 2945 3328 3018 περὶτὰ
3356 2946 3592 3018 αἰσθητὰ
3643 2946 3949 3000 ἀποϐάλλει

663 3044 1002 3098 versantem,
1038 3037 1360 3105 proscribit.
1393 3037 1602 3094 Sensus
1622 3040 1768 3093 enim
1801 3055 1926 3094 cum
1975 3055 2160 3094 rerum
2193 3040 2250 3094 in

2359 3037 2598 3108 πλάνην.
2629 3038 2695 3090 Δί
2721 3038 2830 3109 γὰρ
2867 3038 3152 3107 αἰσθήσεις
3188 3037 3297 3091 τῶν
3327 3037 3602 3109 αἰσθητῶν
3633 3037 3951 3109 συμπλεκὸ-

661 3139 886 3179 senstun
915 3124 1234 3181 cadentium
1256 3129 1690 3198 complicati.....
1717 3129 2032 3198 Dcestﬁuis.
2362 3145 2544 3199 μεναι.
2580 3169 2594 3184 .
2629 3169 2644 3183 .
2688 3169 2702 3182 .
2736 3171 2748 3182 .
2783 3129 3006 3183 Asiam.

2926 3318 3952 3352 *ηψπ

1985 3471 2619 3565 MONITUM.

1501 3657 1589 3706 AD
1622 3655 2095 3706 EXPOSITIONEM
2136 3654 2367 3706 PSALMI
2401 3650 2911 3716 QUINQUAGESIMI
2945 3649 3117 3701 NONI.

743 3762 882 3850 tina
917 3759 1058 3850 haac
1095 3763 1280 3850 nobis
1325 3763 1574 3850 Maximi
1619 3765 1685 3826 in
1723 3764 2007 3850 Psalmos
2053 3763 2409 3850 lucubratio
2451 3765 2684 3850 exstat;
2725 3759 3088 3850 habentque
3139 3758 3430 3850 plerique
3473 3759 3753 3833 codices,
3801 3777 3952 3821 cum

662 3839 867 3929 nullas
905 3845 1214 3929 praetcrea
1255 3841 1442 3922 hujus
1472 3845 1828 3922 argumenti
1862 3854 1969 3907 aut
1997 3842 2353 3929 schematis
2377 3839 2812 3929 eapositiones
2860 3839 3203 3929 proferant:
3259 3839 3375 3929 Hic
3410 3854 3670 3929 quoqu
3719 3855 3950 3929 parum

661 3917 1577 4009 litterash'studet,consectatus
1607 3940 1829 4009 sensus
1851 3924 2152 4009 mysticos
2177 3939 2248 3984 ac
2276 3917 2684 4009 allegoricos;
2718 3917 2895 4009 quod
2909 3923 2978 4006 et
3005 3917 3404 4009 Graecisaliis
3432 3918 3565 4009 fere
3603 3917 3948 3991 familiare;

665 4017 827 4083 unus
874 3997 1360 4083 Chrysostomus
1400 4001 1655 4082 majoris
1695 3996 1932 4082 aliquid
1961 4019 2172 4083 operae
2205 3996 2426 4083 posuit
2447 3997 2813 4083 enarrandis
2842 3997 3084 4077 aliquot
3122 3996 3400 4076 psalmis,
3431 3997 3596 4057 inter
3622 4013 3787 4083 quos
3816 4015 3954 4083 non

663 4087 757 4168 est
780 4079 894 4168 iste
921 4095 959 4172 εἴ
971 4076 1038 4139 in
1065 4095 1194 4158 quo
1230 4087 1442 4172 tamen
1465 4076 1854 4172 non-parum
1877 4076 2221 4172 desudasse'
2247 4079 2514 4142 aliorum
2543 4080 3108 4172 Patrumhope‘rar‘n,
3135 4083 3508 4172 argumento
3539 4076 3946 4172 estnlocuple-

661 4157 901 4245 tissima
919 4153 1144 4219 Catena
1168 4177 1202 4219 a
1227 4160 1523 4245 Corderio
1546 4153 1732 4223 edita.
1753 4162 1928 4245 Canit
1954 4161 2056 4245 hic
2083 4159 2386 4245 psalmus,
2417 4173 2560 4245 quia
2587 4163 2760 4234 gesta
2778 4153 2992 4245 Davidi
3022 4153 3160 4245 fuse
3199 4153 3528 4245 narrantur
3549 4156 3601 4214 ll
3625 4156 3783 4245 Reg.
3813 4153 3948 4245 vni.

666 4247 728 4324 et
757 4237 946 4324 lgar.
977 4246 1244 4324 atumet
1271 4239 1338 4324 i-n
1372 4239 1683 4324 Christum
1716 4242 1924 4324 verius
1953 4234 2253 4319 allegoria
2287 4234 2668 4324 referuntur,
2680 4252 2761 4324 _ae
2790 4241 2944 4324 typo
2977 4235 3257 4322 gentium
3285 4234 3952 4324 vocationem,Christi

667 4316 755 4454 del
789 4315 914 4377 illis
961 4314 1226 4380 victoria
1266 4317 1598 4396 designare
1646 4314 2109 4398 intelliguntur,
2158 4326 2227 4382 ut
2258 4317 2375 4380 rite
2415 4315 2602 4378 etiam
2646 4314 2974 4389 Maximus,
3021 4314 3086 4372 in
3129 4330 3267 4374 eam
3313 4329 3448 4373 rem
3487 4329 3820 4393 exponens
3867 4314 3953 4375 ti-

668 4401 734 4454 ιιι
766 4411 895 4454 um.

668 4401 895 4456 tulum.

1663 4749 1824 4821 ³³⁵
1882 4759 2181 4878 ΤΟΥ
2294 4758 2789 4876 ΑΥΤΟΥ

1338 4973 1905 5080 ΕΡΜΗΝΕΙΑ
1977 4986 2151 5076 ΕΙΣ
2222 4987 2294 5070 Τ

2359 4985 2450 5069 DN
2517 4981 2697 5072 NG)’
2758 4982 3282 5084 ΨΑΛΜΟΝ.

2057 5280 2602 5372 EJUSDEM

1731 5477 2141 5544 EXPOSITIO
2175 5479 2254 5539 IN
2311 5477 2678 5539 PSALMUM
2713 5478 2865 5541 LIX.

733 5736 802 5793 In
852 5734 1048 5805 ﬁnem;
1087 5738 1150 5791 iis
1183 5738 1274 5807 qui
1325 5737 1768 5802 immittebantur;
1793 5737 1848 5791 in
1887 5737 2030 5792 tituli
2061 5739 2295 5799 inseri-1

2428 5738 2532 5801 Εἰς
2569 5735 2636 5786 τὸ
2665 5734 2860 5799 τέλος,
2890 5732 3012 5796 τοῖς
3040 5727 3662 5800 ἁλλοιωθησομένοις·
3702 5729 3796 5796 εις
3819 5744 3958 5799 στη-

673 5829 897 5896 rt‘ionem
935 5829 1033 5897 ipsi
1080 5829 1288 5893 David;
1336 5831 1391 5884 in
1440 5829 1763 5894 doctrinain,
1812 5847 1932 5884 cum
1987 5830 2252 5884 succendit

2361 5828 2699 5900 λογριιφίαν
2731 5827 2812 5894 τῷ
2839 5825 3047 5881 Δαόίδ·
3088 5827 3176 5893 εὶς
3203 5822 3484 5895 διδαχὴν,
3517 5823 3703 5882 ὁπότε
3731 5821 3959 5880 ἐνεπύ-
