4218 6432
271 393 366 456 857

1338 397 1746 460 EXPOSITIO
1784 398 1867 459 IN
1906 399 2268 464 PSALMUM
2308 406 2458 465 LIX.

3398 388 3511 453 858

263 525 397 578 ptas
433 513 546 576 τὴν
576 514 1052 583 Μεσοποταμίαν,
1084 513 1186 568 καὶ
1234 513 1351 582 τὴν
1400 516 1623 583 Συρίαν
1671 512 1835 569 Σωόᾶ
1865 518 1907 573 Α

1865 518 1907 573 Α
1935 515 2454 586 Mesopotamiam,“
2473 520 2685 590 Syriam
2710 522 2845 577 Saba
2868 538 2886 576 :
2906 532 2956 575 et
2991 537 3227 577 reversus
3257 533 3334 577 est
3350 524 3509 593 Joab,

274 600 414 673 [erat
447 601 678 674 ΣωὸάλΓ
709 603 805 658 καὶ
827 604 1203 673 ἐπέστρεψεν
1236 602 1415 668 ’1ωὰ6,
1445 606 1544 658 καὶ
1579 604 1840 669 ἐπάταξε

270 692 383 760 τὴν
406 693 682 764 φάραγγα
712 693 829 748 τῶν
857 694 1041 749 Ἁλῶν
1064 695 1292 750 δώδεκα
1314 695 1611 765 χιλιάδας.

342 787 448 851 Εἰς
491 787 556 839 τὸ
583 786 776 852 τέλος,
813 786 937 852 τοῖς
967 785 1551 856 ἀλλοιωθησομένοις
1589 788 1617 837 ὁ
1646 783 1840 854 παρὼν

273 874 636 945 ἐπιγράφεται
686 873 1141 945 [ἐπιγέγραπται]
1186 874 1399 945 ψαλμὰς
1428 890 1442 904 ·
1497 875 1585 927 διά
1629 890 1689 925 τε
1737 874 1839 943 τὴν

273 966 366 1019 ἐπὶ
410 967 553 1019 τέλει
580 966 688 1020 τῶν
742 967 950 1037 χρόνων
967 968 1055 1022 διὰ
1104 967 1203 1037 τῆς
1241 965 1536 1037 ἐπιδημίας
1582 964 1675 1018 τοῦ
1716 966 1844 1034 Χρι-

277 1056 402 1109 στοῦ
434 1057 733 1128 γενομένην
761 1060 870 1121 τοῖς
902 1057 1210 1129 ἀνθρώποις
1246 1056 1305 1122 ἐξ
1333 1056 1590 1119 ἀπιστίας
1642 1056 1721 1119 εἰς
1754 1055 1845 1109 πί-

279 1163 416 1209 στιν,
446 1149 543 1200 καὶ
579 1148 687 1202 ἀπὸ
716 1148 915 1213 κακίας
962 1152 1042 1213 εἰς
1086 1149 1310 1220 ἀρετὴν,
1353 1150 1447 1202 καὶ
1492 1147 1715 1215 ἀγνοίας
1765 1147 1844 1207 είς

278 1237 480 1305 γνῶσιν
511 1238 650 1293 Θεοῦ
674 1243 959 1311 γνωμικήν
988 1256 1049 1293 τε
1092 1240 1188 1294 καὶ
1238 1239 1630 1311 προαιρετικὴν
1681 1254 1847 1309 μετα-

281 1330 443 1401 εολὴν
470 1331 564 1384 καὶ
590 1332 876 1385 ἀλλοίωσιν
906 1348 920 1362 ·
954 1331 1053 1385 Διά
1070 1349 1130 1384 τε
1146 1333 1245 1402 τὴν
1272 1332 1353 1395 εἰς
1378 1331 1604 1402 ὕστερον
1636 1331 1729 1384 ἐπὶ
1756 1329 1846 1384 τέ·

281 1420 364 1476 λει
395 1425 504 1479 τῶν
536 1424 750 1478 αἰώνων
779 1426 1151 1496 γενησομένην
1180 1426 1247 1479 δι’
1278 1424 1443 1479 αὑτοῦ
1474 1423 1567 1479 τοῦ
1598 1423 1847 1494 Σωτῆρος

283 1514 442 1584 ήμῶν
473 1515 607 1568 Θεοῦ
634 1515 928 1587 καθολικὴν
945 1516 1039 1569 τοῦ
1067 1515 1268 1580 παντὸς
1298 1516 1487 1585 γένους
1511 1514 1619 1569 τῶν
1641 1515 1847 1585 ἀνθρώ-

281 1621 400 1656 πων
456 1606 513 1656 ἐν
569 1605 750 1675 χάριτι
797 1606 1031 1677 φυσικὴν
1064 1608 1128 1660 ἐκ
1162 1606 1391 1660 θανάτου
1422 1606 1515 1659 καὶ
1543 1605 1747 1676 φθορᾶς
1769 1606 1845 1667 είς

279 1696 425 1767 ζωὴν
453 1696 719 1750 ἀθάνατον
754 1698 846 1750 καὶ
876 1697 1205 1768 ἀφθαρσίαν,
1230 1698 1319 1751 διά
1342 1700 1441 1769 τῆς
1470 1696 1849 1767 προσδοκωμέ-

278 1804 379 1857 νης
416 1787 786 1851 ἀναστάσεως,
812 1787 1092 1841 ἀλλοίωσίν
1142 1806 1205 1842 τε
1252 1789 1347 1841 καὶ
1398 1788 1713 1842 ἀνανέωσιν.
1743 1788 1848 1852 Εἰς

282 1879 738 1945 στηλοτριιφίαν
773 1879 850 1947 (a)
888 1879 945 1931 δέ
996 1879 1077 1944 τῷ
1127 1880 1305 1933 Δαόίδ
1330 1892 1344 1907 ⁶
1376 1878 1667 1941 τουτέστιν,
1697 1875 1846 1946 αὐτῷ

279 1966 361 2035 τῷ
394 1966 614 2035 Χριστῴ
650 1983 664 1997 ·
703 1967 789 2020 διά
822 1984 881 2020 τε
913 1966 1012 2038 τὴν
1054 1968 1351 2038 γενομένην
1387 1969 1488 2039 ἤδη
1548 1967 1690 2021 κατά
1748 1965 1848 2036 τὴν

284 2055 436 2108 θείαν
473 2054 638 2109 αὑτοῦ
685 2056 958 2127 σάρκωσιν
1012 2058 1213 2128 στήλης
1242 2058 1419 2129 δίκην,
1451 2060 1510 2111 ἐν
1553 2055 1703 2126 αὐτῷ
1751 2056 1849 2126 μέν

283 2147 361 2208 ὡς
390 2146 619 2217 άρχηγῷ
648 2148 742 2199 καὶ
770 2148 1004 2219 Σωτῆρι,
1031 2150 1125 2203 καὶ
1159 2150 1276 2220 μετ’
1301 2150 1467 2203 αὐτὸν
1496 2150 1555 2202 ἐν
1591 2150 1704 2211 τοῖς
1729 2148 1850 2201 κατ’

283 2236 447 2290 αὐτὸν
476 2237 713 2300 εὐσεϐῶς
746 2237 944 2306 βιοῦσι,
975 2242 1075 2308 τῆς
1106 2240 1299 2303 κακίας
1321 2239 1598 2311 ἀναίρεσιν
1620 2255 1636 2272 ⁶
1668 2238 1759 2293 διά
1790 2256 1849 2291 τε

283 2325 377 2376 τὸν
410 2324 489 2377 ἔτι
517 2325 583 2377 δι’
615 2326 780 2380 αὐτοῦ
815 2328 1179 2397 γενησόμενον
1202 2328 1436 2397 παντελῆ
1469 2326 1564 2381 τοῦ
1593 2344 1653 2381 τε
1684 2327 1852 2382 θανά-

284 2433 378 2469 του
407 2416 618 2486 καὶτῆς
645 2415 850 2489 φθορᾶς
876 2418 1202 2487 ἀφανισμόν.
1234 2422 1338 2485 Εἰς
1363 2418 1618 2488 διδαχὴν
1650 2419 1707 2471 δέ
1748 2422 1854 2473 ὁπ-

286 2507 761 2576 ότανὲνεπύρισε
773 2507 887 2573 τὴν
905 2510 1387 2577 Μεσοποταμίαν,
1404 2509 1502 2563 καὶ
1521 2509 1591 2578 (b)
1611 2508 1725 2576 τὴν
1742 2512 1855 2563 Συ-

281 2597 426 2664 ρίαν
461 2596 627 2651 Σωσᾶ
669 2596 790 2667 [Fr.
845 2597 1078 2668 Σωὸἁλ].
1113 2596 1203 2661 Εἰς
1260 2598 1479 2668 διδαχὴν
1523 2601 1685 2667 ἡμῖν,
1731 2601 1843 2661 τοῖς

289 2686 691 2755 ἀλλοιουμένοις
746 2686 840 2740 καὶ
890 2688 1432 2759 ἀλλοιωθησομένοις,
1477 2688 1721 2760 δηλονότι
1754 2690 1853 2759 τὴν

290 2775 580 2846 ἐπαινετὴν
632 2776 726 2827 καὶ
782 2774 932 2829 θείαν
990 2776 1292 2841 ἀλλοίωσιν,
1345 2779 1370 2831 ὑ
1406 2777 1621 2848 eam;
1668 2778 1853 2845 ἐπιγέ-

288 2884 539 2938 γραπται
570 2868 720 2938 παρά
749 2868 843 2920 τοῦ
882 2868 1045 2921 Δαὸὶδ
1069 2868 1161 2921 τοῦ
1193 2869 1383 2938 νοητοῦ
1420 2885 1435 2899 ο
1468 2869 1611 2936 λέγω
1631 2868 1687 2922 δὲ
1715 2868 1853 2937 Χρι-

290 2957 419 3012 στοῦ
450 2959 542 3013 τοῦ
581 2958 740 3015 Θεοῦ.
772 2959 949 3023 Μόνος
985 2950 1095 3031 γάρ
1129 2961 1293 3022 αὐτὸς
1326 2958 1578 3029 ἀληθινὸς
1604 2958 1856 3029 βασιλεὺς

291 3050 556 3122 ὑπάρχων
583 3050 678 3104 τοῦ
725 3050 943 3122 Ἰσραὴλ
968 3052 1064 3104 καὶ
1112 3051 1347 3117 ὁρῶντος
1377 3051 1529 3113 Θεὸν,
1560 3051 1635 3115 ὡς
1671 3051 1855 3119 πάσης

1940 613 1990 658 et
2018 610 2271 675 percussit
2298 609 2491 662 vallem
2522 609 2831 665 Salinarum
2863 611 3135 665 duodecim
3164 611 3334 667 millia
3362 615 3401 666 ‘.

2010 785 2210 840 Psalmi
2238 785 2401 855 hujus
2424 786 2715 855 inscriptio
2736 794 2822 840 est
2847 803 2860 838 :
2891 786 2953 840 In
2977 786 3158 854 finem,
3193 788 3272 841 his
3294 787 3383 856 qui
3403 789 3476 840 im

1943 877 2308 941 mutabuntur;
2331 886 2444 930 tum
2480 887 2706 946 propter
2747 876 2988 930 futuram
3045 877 3101 931 in
3149 877 3255 932 line
3295 888 3510 946 tempo-

1942 984 2086 1030 rum,
2109 984 2208 1037 per
2238 966 2534 1022 adventum
2552 968 2779 1033 Christi,
2804 982 2871 1021 ex
2897 966 3219 1022 inﬁdelitate
3235 969 3303 1022 ad
3322 968 3508 1031 ﬁdem,

1942 1073 2117 1127 exque
2142 1059 2278 1112 vitio
2306 1058 2374 1113 ad
2403 1057 2682 1123 virtutem,
2706 1073 2770 1113 ac
2798 1073 2866 1113 ex
2894 1058 3205 1128 ignorantia
3237 1058 3304 1111 ad
3329 1058 3511 1117 scien-

1946 1149 2097 1215 tiam,
2127 1148 2293 1203 animi
2331 1148 2616 1219 proposito
2649 1163 2714 1203 ac
2738 1149 3039 1213 voluntate,
3075 1149 3359 1203 hominum
3392 1164 3513 1203 mu-

1946 1242 2243 1306 tationem;
2281 1250 2394 1295 tum
2444 1248 2671 1310 propter
2704 1239 3070 1295 exhibendam
3112 1250 3397 1310 postremo
3454 1240 3510 1293 in

1946 1331 2054 1386 ﬁne
2097 1331 2417 1386 saeculorum
2470 1346 2568 1399 per
2621 1331 2804 1399 ipsum
2862 1328 3201 1384 Salvatorem
3261 1339 3513 1383 nostrum

1946 1422 2139 1483 Deum,
2176 1421 2418 1475 universi
2448 1421 2667 1490 generis
2699 1420 2925 1475 humani
2960 1421 3273 1475 universam
3301 1421 3356 1474 in
3387 1435 3513 1490 gra-

1948 1515 2023 1569 tia
2048 1513 2353 1568 naturalem
2390 1527 2421 1565 a
2452 1521 2629 1566 morte
2651 1512 3098 1582 etcorruptione,
3130 1512 3199 1566 ad
3222 1512 3388 1565 vitam
3410 1513 3481 1564 im

1948 1603 2230 1658 mortalem
2260 1616 2325 1657 ac
2375 1601 2870 1670 incorruptionem,
2910 1608 3223 1670 exspectata
3264 1615 3515 1656 resurre-

1947 1695 2162 1756 ctione,
2193 1692 2630 1747 immutationem
2673 1706 2738 1746 ac
2781 1691 3216 1747 renovationem.
3261 1690 3325 1745 In
3373 1689 3514 1744 tituli

1948 1794 2130 1839 autem
2155 1784 2549 1852 inscriptionem
2565 1784 2665 1852 ipsi
2679 1782 2877 1847 David,
2905 1782 3011 1837 hoc
3038 1793 3125 1837 est
3137 1782 3378 1846 Christo,
3402 1792 3514 1836 tum

1947 1884 2171 1946 propter
2205 1875 2400 1929 factam
2428 1872 2663 1943 pridem,
2696 1873 2881 1928 divina
2906 1874 3081 1943 ipsius
3113 1874 3514 1933 incarnatione,

1949 1965 2092 2020 tituli
2114 1965 2303 2027 instar,
2338 1965 2393 2018 in
2416 1964 2534 2032 ipso
2558 1963 2802 2032 quidem,
2830 1971 2890 2017 ut
2927 1962 3048 2033 ipso
3082 1962 3223 2023 duce
3245 1979 3310 2018 ac
3333 1963 3519 2018 Salva-

1948 2067 2085 2119 tore,
2112 2056 2181 2111 ab
2228 2072 2402 2126 eoque
2440 2056 2700 2125 deinceps
2734 2056 2790 2109 in
2831 2055 2919 2110 his
2953 2056 3047 2126 qui
3083 2071 3153 2110 ex
3197 2057 3318 2125 ejus
3371 2072 3516 2125 pra:-

1946 2149 2154 2218 scripto
2178 2148 2266 2217 pic
2296 2148 2464 2202 vitam
2504 2147 2818 2211 instituunt,
2857 2147 3142 2215 pravitatis
3170 2161 3234 2200 ac
3259 2147 3518 2215 nequitia:

1950 2241 2330 2304 eversionem;
2382 2249 2496 2293 tum
2555 2247 2780 2308 propter
2832 2236 3077 2292 futuram
3132 2237 3347 2303 adhuc,
3401 2239 3519 2307 ipso

1951 2341 2265 2403 praestante,
2312 2332 2576 2400 integram
2614 2330 2810 2385 mortis
2836 2344 2903 2384 ac
2930 2330 3307 2399 corruptionis
3341 2330 3518 2384 aboli-

1952 2424 2176 2479 tionem.
2206 2423 2269 2477 In
2292 2423 2584 2476 doctrinam
2614 2430 2817 2485 autem,
2842 2437 2961 2475 cum
2995 2420 3263 2476 succendit
3283 2420 3519 2491 Mesopo-

1954 2517 2173 2569 tamiam
2220 2522 2270 2567 et
2310 2512 2523 2583 Syriam
2570 2510 2749 2567 Saba:
2782 2514 2839 2566 in
2867 2512 3173 2567 doctrinam
3204 2512 3384 2575 nobis,
3423 2512 3519 2581 qui

1954 2608 2309 2662 immutamur
2330 2614 2384 2659 et
2413 2620 2604 2659 sumus
2628 2603 2956 2658 immutandi
2993 2602 3276 2675 (laudabili
3308 2602 3521 2656 scilicet

1954 2712 2017 2752 ac
2037 2697 2222 2751 divina
2267 2693 2667 2764 immutatione)
2694 2694 2764 2748 ah
2796 2694 3027 2763 spiritali
3054 2693 3258 2747 Davide
3282 2692 3517 2764 (Christo

1954 2789 2167 2847 scilicet
2210 2785 2342 2851 Deo)
2403 2785 2702 2854 inscriptus
2742 2793 2826 2838 est
2874 2784 3139 2854 psalmus.
3196 2782 3334 2838 Cum
3370 2782 3521 2837 enim

1955 2894 2102 2933 unus
2138 2879 2253 2947 ipse
2277 2892 2441 2932 verus
2464 2866 2681 2931 Israelis
2722 2892 2787 2930 ac
2817 2876 2988 2929 Deum
3018 2874 3260 2929 videntis
3296 2890 3393 2928 rex
3422 2889 3518 2928 ex-

1956 2972 2132 3036 sistat,
2170 2978 2426 3038 tanquam
2458 2968 2679 3022 malitiaa
2705 2968 2883 3022 omnis
2905 2982 2970 3021 ac
3009 2966 3330 3037 ignorantiae
3358 2981 3520 3022 ever-

1955 3076 2066 3125 sor,
2100 3059 2387 3127 omnisque
2444 3060 2710 3126 temporis
2752 3072 2818 3111 ac
2850 3064 3061 3111 natura:
3091 3056 3288 3121 victor;
3317 3055 3523 3124 quibus

294 3141 587 3210 ἁναιρέτης
608 3142 807 3203 κακίας
838 3143 931 3195 καὶ
956 3142 1252 3227 ἀγνωσίας,
1280 3143 1374 3195 καὶ
1396 3144 1622 3212 νικητὴς
1651 3142 1853 3204 παντὸς
1880 3171 1922 3227 c
1956 3171 1960 3225 γ

1880 3171 1922 3227 c
1956 3154 2196 3225 proclive
2228 3152 2390 3221 336
2411 3151 2466 3204 in
2484 3150 2645 3204 nobis
2664 3150 2859 3204 vitium
2881 3150 3233 3218 pravitasque
3257 3147 3523 3202 conﬂatur

290 3234 485 3302 χρόνου
534 3233 626 3284 καὶ
684 3232 917 3299 φύσεως,
942 3234 1010 3286 δι’
1041 3226 1116 3287 ὧν
1137 3234 1195 3286 ἐν
1232 3235 1361 3303 ἡμῖν
1388 3234 1556 3287 κακία
1603 3235 1854 3287 συνίσταο

291 3322 416 3374 σθαι
464 3324 743 3389 πέφυκεν·
782 3322 1068 3393 ἐνεπύρισε
1117 3322 1214 3395 τὴν
1260 3324 1703 3396 Μεσοποταμίαν,
1766 3324 1855 3378 διὰ

291 3413 496 3483 σαρκὸς
542 3414 677 3481 ἡμῖν
716 3413 983 3484 ὁμιλήσας
1011 3430 1026 3444 ·
1059 3417 1324 3479 τουτέστι,
1351 3416 1450 3488 τὴν
1498 3415 1858 3487 ἐπικλυζομέ-

290 3521 391 3575 νην
437 3507 550 3568 τοῖς
579 3504 729 3575 παρά
782 3504 943 3573 φύσιν
968 3507 1165 3559 πάθεσι
1200 3506 1301 3574 τῆς
1359 3507 1561 3577 σαρκὸς
1597 3507 1708 3574 ἕξιν
1757 3508 1857 3578 τῆς

292 3597 509 3659 κακίας.
555 3596 664 3649 Kal
717 3594 831 3663 τὴν
859 3597 1082 3664 Συρίαν
1111 3596 1278 3652 Σωσᾶ
1307 3596 1489 3669 [etiam
1520 3598 1610 3653 Fr.
1650 3599 1809 3653 Σωσᾶ
1839 3616 1854 3630 ο

291 3697 342 3743 et
372 3686 657 3759 deinceps],
688 3687 936 3741 τουτέστι
980 3686 1081 3759 τὴν
1128 3687 1535 3760 δεδουλωμένην
1558 3689 1636 3761 τῷ
1661 3692 1856 3761 χρόνῳ,

292 3778 463 3849 ἤγουν
492 3776 854 3847 ἡπατημένην
881 3776 960 3847 τῷ
988 3777 1143 3831 αἰῶνι
1173 3777 1349 3849 τούτῳ
1374 3779 1635 3833 διάθεσιν.
1682 3782 1858 3835 Ἑπτὰ

292 3871 405 3941 γάρ
441 3872 475 3941 ἡ
511 3869 678 3925 Σωϐᾶ
705 3870 1067 3941 ἑρμηνεύεται
1100 3888 1115 3903 ο
1173 3872 1361 3941 σαφῶς
1406 3873 1462 3926 δέ
1514 3874 1672 3928 τοῦτο
1713 3875 1862 3945 δηλοῖ

294 3962 399 4032 τὴν
431 3960 688 4033 χρονικὴν
734 3961 994 4033 ἰδιότητα.
1031 3958 1419 4033 Ἐὁδοματικὸς
1456 3967 1611 4036 γὰρὸ
1648 3968 1857 4037 χρόνος.

292 4054 465 4107 Φύσιν
498 4054 608 4126 γὰρ
637 4054 732 4107 καὶ
782 4055 973 4125 χρόνον
1004 4054 1194 4110 εἴωθεν
1224 4059 1252 4109 ὁ
1283 4056 1526 4122 διάϐολος
1591 4076 1863 4113 συνεπικιο

293 4147 409 4200 νεῖν
442 4146 623 4216 ἐαυτῷ
649 4148 791 4200 κατά
816 4147 916 4217 τῆς
941 4147 1147 4218 ἀρετῆς
1173 4150 1266 4202 καὶ
1298 4151 1395 4219 τῆς
1434 4152 1704 4219 γνώσεως,
1734 4156 1861 4215 τοὺς

294 4240 526 4307 ἀφανεῖς
558 4238 888 4308 συμπλέκων
935 4239 1226 4308 πολέμους,
1255 4242 1330 4303 ὡς
1375 4244 1474 4307 τὰς
1519 4244 1614 4296 δύο
1664 4245 1860 4315 Συρίας

298 4328 444 4381 κατά
499 4326 594 4380 τοῦ
638 4327 855 4382 Δαόὶδὸ
896 4328 1222 4399 ’Δδρααζάμ
1273 4331 1579 4403 Ἀδρααξάρ
1625 4334 1734 4404 γὰρ
1784 4336 1865 4399 εἰς

290 4420 396 4491 τὴν
422 4420 644 4474 Ἐλλάδα
674 4420 856 4490 φωνὴν
876 4421 1370 4492 μεταφραζόμενος,
1424 4429 1777 4498 λύων-ἰσχὺν
1791 4428 1859 4498 (ε)

1955 3261 2019 3300 ac
2053 3243 2329 3308 inolescit;
2360 3242 2806 3312 Mesopotamiam
2828 3241 3137 3304 succendit,
3174 3255 3271 3310 per
3301 3256 3520 3295 carnem

1955 3336 2242 3389 nobiscum
2283 3342 2574 3396 versatus;
2604 3346 2802 3400 nempe
2844 3340 3185 3401 stagnantem
3214 3330 3524 3399 prolutum-

1956 3442 2062 3497 que
2092 3423 2495 3479 innaturalibus
2521 3422 2701 3475 carnis
2727 3420 3014 3474 aﬂ‘cctihus
3065 3428 3227 3488 atque
3254 3418 3402 3472 vitiis
3431 3418 3527 3471 ιη..

1956 3518 2155 3572 hitum.
2182 3516 2251 3569 Et
2288 3514 2501 3585 Syriam
2530 3511 2707 3579 Saba;
2742 3512 2977 3581 tempori
3003 3512 3218 3566 scilicet
3242 3510 3524 3580 mancipa—

1959 3619 2089 3673 tam,
2116 3608 2167 3661 id
2189 3614 2293 3672 est,
2331 3604 2516 3661 muli
2558 3604 2721 3675 hujus
2746 3618 2933 3658 errore
2965 3602 3209 3657 delusam
3238 3602 3405 3656 animi
3441 3601 3525 3655 al-

1959 3701 2272 3755 l'ectionem.
2306 3698 2440 3752 Saba
2474 3696 2643 3759 enim,
2671 3695 2715 3749 si
2740 3710 2942 3750 nomen
2991 3693 3394 3761 interpreteris,
3431 3690 3524 3747 Se-

1961 3799 2100 3861 ptem
2128 3788 2398 3859 signiﬁcat
2419 3786 2574 3859 [imo,
2604 3783 2814 3855 Syriam
2836 3785 2991 3854 quasi
3024 3781 3352 3851 militarem],
3379 3782 3528 3851 quod

1964 3882 2019 3936 in
2076 3879 2338 3949 temporis
2384 3879 2564 3948 palam
2626 3876 3016 3945 proprietatem
3064 3882 3240 3928 sonat.
3289 3872 3530 3941 Tempus

1963 3974 2110 4029 enim
2128 3970 2438 4042 septenario
2462 3968 2716 4022 vertitur.
2746 3965 3059 4022 Soletenim
3095 3963 3365 4027 diabolus,
3399 3964 3527 4017 dum

1962 4064 2223 4118 adversus
2284 4060 2543 4114 virtutem
2585 4073 2648 4113 ac
2681 4056 2967 4113 scientiam
3006 4054 3301 4111 invisibilia
3337 4054 3528 4124 praelia

1964 4151 2361 4206 commissurus
2394 4159 2500 4211 est,
2549 4164 2657 4201 una
2700 4162 2887 4202 secum
2918 4154 3171 4199 naturam
3207 4155 3531 4212 tempusque

1966 4258 2209 4305 movere,
2239 4241 2383 4295 haud
2415 4257 2573 4295 secus
2595 4256 2660 4294 ac
2696 4239 2972 4294 Adraazar
2999 4237 3190 4291 ambas
3218 4237 3402 4306 Syrias
3433 4235 3531 4289 acl-

1966 4350 2160 4391 versus
2201 4333 2458 4388 Davidem
2482 4335 2523 4385 ί.
2558 4332 2834 4385 Adraazar
2888 4329 3062 4392 enim,
3108 4328 3154 4381 si
3207 4328 3261 4381 in
3290 4327 3530 4396 linguam

1967 4434 2211 4483 nostram
2238 4434 2424 4480 vertas
2467 4438 2531 4478 ac
2556 4421 2961 4493 interpreteris,
2995 4419 3279 4474 dissolvens
3323 4419 3531 4487 fartim-

371 4577 387 4608 ‘
421 4578 465 4632 ll
497 4579 629 4650 Reg.
658 4594 770 4644 Vill,
804 4579 863 4645 l;
900 4595 953 4645 x,
984 4580 1045 4645 7;
1078 4579 1098 4633 ι
1129 4578 1303 4634 Paral.
1337 4596 1484 4648 xvm,
1518 4583 1568 4637 1.
1617 4586 1637 4617 ³
1659 4584 1824 4655 lReg.
1858 4600 1913 4650 τ,
1941 4584 2027 4640 19.

373 4733 599 4809 (ιθ-Εἰς
649 4736 1127 4805 στηλογραφιαν.
1162 4736 1405 4809 ᾼεευῐηὶι
1432 4737 1697 4794 Maximus
1728 4754 1859 4809 pro-

298 4802 437 4861 clivi
456 4802 767 4877 Graacorum
800 4802 925 4869 usu,
960 4802 1019 4877 ut
1041 4807 1197 4876 quasi
1226 4823 1293 4861 ex
1322 4809 1481 4861 titulo
1504 4802 1864 4877 proscriptio-

297 4889 430 4949 nem
466 4874 765 4949 signiticet,
817 4889 925 4949 seu
956 4874 1360 4949 damnationem
1391 4874 1608 4949 (nempe
1644 4874 1864 4949 malitia:

298 4944 558 5017 Vitiique)
609 4944 805 5017 factam
845 4946 1024 5017 primo
1076 4946 1131 5017 in
1177 4944 1416 5012 Christo,
1445 4944 1621 5017 exque
1649 4948 1761 5011 illo,
1800 4962 1865 5002 ac

299 5014 679 5087 perillumgin
717 5015 1168 5087 sanctis._Potius
1194 5025 1373 5071 tamen
1425 5014 1863 5087 (hic—pracipue)

300 5083 525 5138 titulum
552 5084 799 5139 victoria:
840 5083 1046 5139 Christi
1081 5084 1334 5140 videatur
1376 5083 1591 5141 sonare:
1625 5083 1867 5141 Habetur

299 5153 496 5209 eadem
520 5168 625 5210 vox
670 5154 813 5209 Psal.
836 5170 925 5217 xv,
959 5170 1043 5217 ιν,
1077 5170 1179 5218 LVI,
1227 5172 1367 5219 Lvm,
1401 5157 1491 5212 ubi
1521 5158 1569 5209 οι
1603 5156 1745 5210 LXX
1785 5156 1866 5211 sic

300 5223 620 5295 reddentes,
652 5223 801 5278 aliud
852 5223 1114 5278 videntur
1146 5225 1337 5294 legisse
1378 5240 1541 5295 quam
1570 5226 1734 5280 modo
1759 5224 1865 5282 He-

303 5294 451 5348 braea
496 5293 773 5364 habeant:
806 5308 1002 5364 nempe
1036 5293 1218 5356 anan,
1251 5310 1361 5349 non
1397 5293 1467 5348 ut
1487 5296 1599 5364 jam
1639 5295 1870 5364 legimus

301 5373 497 5434 amp,
526 5362 672 5432 quod
707 5362 951 5434 Arabica
965 5379 1097 5417 voce
1138 5362 1634 5434 remrabsconditam
1666 5362 1872 5434 signiﬁ-

302 5440 414 5495 cat,
445 5433 501 5487 id
526 5442 637 5503 est,
662 5440 874 5503 servata
906 5433 1140 5503 dignam,
1170 5433 1276 5486 nisi
1305 5437 1469 5488 etiam
1502 5433 1871 5490 sicreddendo

302 5501 560 5573 servandi
585 5502 805 5573 modum
826 5501 1098 5571 explicare
1113 5503 1423 5569 voluerunt,
1442 5514 1502 5558 ut
1524 5504 1733 5558 scilicet
1752 5519 1872 5573 per-

303 5571 435 5625 enni
499 5572 657 5626 titulo
703 5572 771 5625 ad
811 5573 1127 5627 memoriam
1178 5583 1446 5636 servetur,
1501 5590 1565 5628 ac
1588 5571 1868 5628 velut—co.

304 5641 513 5712 lumine
542 5641 884 5712 inscriptum.
926 5641 1016 5696 Sic
1039 5658 1187 5712 saepe
1228 5642 1328 5705 illi,
1353 5644 1514 5712 paulo
1559 5643 1718 5697 aliter
1750 5640 1870 5696 red-

306 5709 514 5776 dendo,
545 5725 657 5781 non
688 5709 822 5766 alias
848 5726 1010 5766 voces
1038 5709 1319 5781 legerunt,
1354 5709 1455 5766 sed
1483 5720 1542 5767 ut
1572 5729 1663 5768 eas
1704 5714 1867 5781 ipsas,

309 5795 449 5847 quas
474 5780 725 5851 legimus,
758 5780 1252 5838 clarioribus'aliis
1292 5782 1603 5849 redderent,
1642 5783 1746 5838 sibi
1783 5782 1867 5838 iu-

1965 4738 2267 4793 dulserunt.
2287 4736 2517 4802 Quidam
2548 4735 2972 4789 instrumentum
3000 4733 3267 4787 musicum
3298 4731 3487 4785 volunt
3514 4750 3526 4785 :

1970 4809 2062 4862 alii
2094 4806 2304 4875 insigne
2340 4807 2604 4869 militare;
2635 4820 2760 4857 cum
2796 4805 2916 4871 ejus
2948 4804 3106 4875 radix
3131 4803 3203 4875 sit
3239 4813 3375 4862 ann,
3412 4818 3532 4875 quae

1969 4895 2089 4932 auri
2141 4872 2324 4946 Optimi
2379 4892 2612 4930 massam
2671 4875 2958 4946 signiﬁcat.
3012 4873 3204 4946 Chald.
3244 4872 3534 4939 exemplar,

1968 4946 2113 5017 quod
2139 4943 2314 5014 ipsum
2338 4961 2368 4998 a
2387 4946 2530 4999 tituli
2559 4943 3047 5017 inscriptionenon
3064 4943 3221 5017 valde
3242 4950 3532 5017 remotum,

1969 5010 2224 5087 adjuncta
2252 5016 2552 5085 praesertim
2581 5010 2744 5068 voce_
2762 5015 2841 5076 εἰς
2868 5012 3110 5081 διδαχήν,
3151 5014 3206 5065 in
3251 5010 3534 5063 documen-

1970 5097 2100 5141 tum.

2042 5157 2115 5226 (b)
2170 5154 2291 5221 Τὴν
2326 5155 2550 5226 Συρίαν
2605 5151 2793 5226 Σωσᾶ.
2826 5151 2919 5206 Sic
2956 5150 3209 5226 emendo,

1972 5219 2335 5296 sequentibus
2356 5219 2582 5296 codices
2612 5222 2900 5296 habeantL
2920 5236 3027 5273 non
3056 5219 3454 5296 EoGd}.f]uod_
3474 5221 3538 5273 li-

1973 5289 2103 5365 quet
2138 5312 2249 5350 non
2276 5294 2579 5350 reddidisse
2607 5293 2729 5365 τοὺς
2764 5289 2927 5365 ῘέξΧ,
2966 5298 3150 5365 utnec
3174 5289 3421 5365 llebtgea
3443 5290 3533 5342 ha-

1974 5358 2125 5430 bent,
2153 5365 2249 5420 sed
2286 5365 2524 5433 idipsum
2564 5359 2807 5433 quod.“
2837 5362 2969 5433 Reg.
3009 5368 3065 5412 et
3102 5360 3121 5413 l
3173 5358 3536 5433 Par._l_Jbique

1973 5428 2119 5489 enim
2141 5445 2297 5499 mur,
2339 5428 2461 5489 cum
2489 5428 2650 5486 Seba]
2676 5431 2837 5498 longe
2882 5430 2986 5483 alia
3019 5445 3120 5481 vox
3153 5430 3243 5489 sit,
3278 5428 3535 5499 aliudque

1975 5505 2263 5574 signiﬁcet,
2284 5514 2445 5574 atque
2477 5501 2600 5555 aliis
2631 5499 3073 5574 prorsuslitteris
3108 5498 3373 5574 llehraice
3398 5499 3534 5551 scri-

1976 5566 2155 5638 batur,
2182 5566 2377 5642 nempe
2401 5566 2564 5633 ὅππῃ,
2613 5566 2691 5642 uti
2726 5578 2783 5642 et
2811 5585 2917 5637 qua
2957 5566 3498 5642 septen_3_sig_nilicat_tt
3518 5606 3533 5630 ,

1973 5654 2118 5706 mw,
2144 5636 2476 5710 mirumque
2509 5639 2724 5710 venisse
2743 5636 3097 5710 iumenta"
3132 5637 3380 5710 Maximo!
3419 5636 3535 5690 Sive

1973 5705 2046 5773 ei,
2082 5714 2175 5781 qui
2219 5714 2295 5767 illi
2329 5705 2522 5766 auctor
2547 5708 2943 5781 ctymifuit,u_t
2981 5706 3341 5781 Sobaseptem
3369 5705 3536 5759 inter-

1974 5776 2317 5853 pretaretur;
2353 5798 2476 5844 cum
2502 5776 2737 5836 sitclare
2766 5778 3039 5842 exercitus,
3069 5776 3325 5838 militans,
3358 5784 3467 5831 etc.

3257 5149 3407 5218 quod
3458 5150 3534 5204 ita
