4218 6432
673 409 780 473 859

1843 403 1904 462 S.
1945 397 2234 460 MAXIMI
2265 393 2779 455 CONFESSORIS

3837 390 3944 453 860

672 524 850 576 dinem
877 521 1104 588 dicitur,
1132 533 1228 581 aut
1271 525 1563 594 potentiam
1596 527 1868 580 evertens;
1899 529 2098 583 nempe
2127 511 2247 564 dia-

2365 507 2382 575 ῇ
2410 505 2853 558 κατασκάπτων
2890 503 3150 572 δύναμιν
3184 501 3580 572 ἑρμηνεύεται·
3611 502 3762 562 ὅστις
3795 505 3947 554 ἐστὶν

674 614 835 667 bolus
860 655 876 675 ,
927 616 1022 684 qui
1058 616 1301 684 spiritale
1349 616 1604 669 humana:
1633 620 1843 664 naturae
1863 609 2051 667 robur,
2098 603 2254 657 sedu-

672 700 873 763 cendo,
902 702 1074 755 divini
1107 702 1544 771 transgressione
1570 698 1811 753 mandati
1846 697 1915 750 ab
1951 695 2110 748 initio
2137 692 2254 745 dis-

671 790 860 847 solvit,
885 799 1051 856 atque
1095 788 1377 842 hominem
1426 796 1638 841 natura:
1669 803 1732 840 ac
1767 784 2001 853 tempori
2031 797 2252 835 servum

671 875 901 928 addixit.
929 876 1153 944 Absque
1186 876 1334 929 enim
1363 876 1450 938 iis,
1483 891 1607 944 qua:
1638 884 1852 927 natura:
1884 871 2126 925 subsunt
2173 880 2257 923 at-

669 984 777 1036 que
828 967 1085 1036 tempori,
1122 970 1352 1022 omnino
1403 967 1671 1022 adversus
1717 966 1971 1020 homines
2017 978 2255 1033 pugnam

672 1056 946 1113 instruere
975 1061 1190 1129 nequit.

744 1152 810 1205 Et
836 1170 1071 1207 reversus
1089 1165 1165 1207 est
1184 1153 1336 1217 Joab,
1362 1161 1412 1206 et
1440 1152 1692 1222 percussit
1718 1149 1916 1204 vallem
1943 1147 2256 1203 Salinarum

669 1243 937 1296 duodecim
956 1243 1413 1314 millia.Quisquis
1427 1244 1575 1299 enim
1594 1241 1859 1311 spiritalis
1875 1241 2022 1310 regis
2035 1239 2258 1294 Davidis

673 1335 751 1402 (id
768 1344 870 1395 est,
891 1335 1109 1390 Domini
1129 1337 1304 1390 nostri
1317 1336 1449 1391 Jesu
1468 1335 1694 1404 Christi)
1713 1334 1825 1388 dux
1841 1334 2050 1388 militiae
2065 1340 2257 1386 contra

668 1427 1017 1482 adversarias
1047 1437 1349 1496 potestates
1376 1428 1587 1492 educit,
1620 1428 1915 1483 duodecim
1941 1427 2111 1481 millia
2139 1441 2262 1495 per-

671 1518 813 1571 cutit
857 1519 913 1572 in
950 1521 1089 1574 valle
1124 1519 1459 1574 Salinarum.
1489 1521 1661 1576 Vallis
1705 1531 1888 1576 autem
1946 1519 2259 1574 Salinarum

673 1623 804 1662 caro
826 1619 934 1672 est,
963 1618 1025 1662 ut
1048 1627 1173 1676 quae
1196 1613 1749 1682 probrosissimorum
1777 1612 2076 1665 affectuum
2105 1610 2260 1663 locus

675 1713 776 1768 per
797 1698 1235 1755 inobcdientiam
1260 1702 1402 1756 facta
1419 1703 1512 1756 sit.
1532 1703 1590 1756 ln
1617 1703 1720 1756 hac
1737 1702 1893 1772 quasi
1919 1701 2083 1764 valle,
2109 1701 2261 1770 quis-

671 1790 800 1860 quis
820 1792 946 1859 pius
968 1801 1054 1846 est
1068 1808 1131 1846 ac
1157 1793 1469 1861 religiosus,
1494 1794 1727 1849 rationis
1743 1794 1913 1848 armis
1927 1808 1990 1847 ac
2012 1801 2261 1846 contem-

672 1881 953 1949 plationis,
975 1891 1228 1937 naturam
1245 1900 1308 1938 ac
1331 1897 1548 1954 tempus
1569 1887 1841 1956 percutit;
1867 1885 2259 1939 abhorrentem

671 1971 886 2026 scilicet
906 1973 1162 2026 aratione
1178 1986 1501 2043 occupatam
1523 1977 1690 2033 animi
1707 1977 1761 2030 in
1783 1977 1892 2030 illis
1912 1977 2258 2046 opinionem,

671 2077 782 2132 qua
819 2075 1044 2133 praestat
1085 2067 1310 2120 virtutis
1356 2084 1422 2123 ac.
1455 2069 1702 2124 scientiae
1732 2071 2002 2132 celsitate,
2051 2077 2262 2122 natura:

673 2159 1022 2228 temporique
1051 2159 1311 2215 obnoxiis
1353 2161 1572 2232 legibus
1601 2161 2032 2232 haudquaquam
2062 2161 2260 2214 immo-

680 2264 827 2304 rans.
883 2251 1271 2308 Duodenarius
1329 2255 1479 2308 enim
1509 2269 1778 2307 numerus
1814 2264 2069 2307 naturam
2119 2261 2261 2305 tem-

673 2358 885 2412 pusque
910 2344 1221 2415 signiﬁcat;
1247 2347 1453 2416 quippe
1483 2363 1608 2401 cum
1642 2357 1873 2407 natura,
1916 2346 1987 2399 ob
2010 2346 2262 2414 quinque

671 2449 893 2497 sensus,
926 2436 1181 2505 quinaria
1235 2438 1340 2503 sit;
1371 2447 1590 2508 tempus
1621 2453 1752 2493 vero
1773 2439 2174 2507 septenarium.
2203 2446 2264 2491 ut

672 2525 854 2580 cuivis
883 2528 1241 2596 perspicuum
1273 2538 1379 2584 est.
1416 2528 1484 2583 Si
1514 2540 1700 2584 autem
1741 2531 1987 2599 quinque
2023 2542 2262 2599 septem-

672 2631 782 2686 que
814 2617 1200 2686 componendo
1230 2618 1504 2688 iunxeris,
1538 2619 1942 2674 duodenarium
1969 2620 2132 2690 plane
2163 2636 2264 2673 nu-

675 2723 891 2762 merum
925 2709 1263 2778 impleveris.

747 2798 911 2853 Fortc
937 2813 1073 2854 vero
1103 2800 1416 2856 occisorum
1451 2817 1741 2860 numerus.
1775 2801 2103 2855 facultatum
2141 2801 2260 2855 ani-

677 2889 751 2943 mi
781 2890 1090 2945 ternionem
1118 2891 1422 2962 signiﬁcat,
1474 2910 1661 2949 rerum
1703 2895 1760 2948 in
1795 2910 2021 2950 sensum
2061 2895 2264 2948 caden-

676 2981 814 3035 tium
837 2983 1192 3051 quatcrnioni
1221 2984 1362 3039 male
1381 2986 1594 3039 erroris
1610 2985 1935 3040 seductione
1965 2985 2263 3056 implexum

2358 599 2387 648 6
2422 597 2687 658 διὰὅολος,
2726 597 2756 647 6
2785 596 2850 648 δι’
2871 595 3090 664 ἀπάτης
3117 597 3216 662 τὴν
3244 593 3620 662 πνευματικὴν
3667 595 3824 660 ἰσχῦν
3847 594 3949 661 τῆς

2357 690 2634 758 ἡμετέρας
2689 688 2903 756 φύσεως
2963 689 3086 740 κατ’
3146 686 3322 756 ἀρχὰς
3367 689 3433 756 τῇ
3485 685 3801 756 παραϐάσει
3845 687 3950 753 τῆς

2358 780 2508 843 θείας
2533 781 2754 849 ἐντολῆς
2790 780 3070 842 διαλύσας,
3102 780 3196 831 καὶ
3228 780 3305 847 τῷ
3330 781 3510 848 χρόνῳ
3543 780 3639 831 καὶ
3671 782 3737 847 τῇ
3784 779 3950 844 φύσει

2356 872 2634 934 δουλώσας
2660 873 2749 924 τὸν
2777 872 3087 942 ἄνθρωπον.
3125 873 3288 923 Ἀνευ
3321 872 3430 938 γὰρ
3463 871 3576 923 τῶν
3633 872 3742 922 ὑπὸ
3783 871 3948 935 φύσιν

2359 967 2456 1018 καὶ
2508 967 2722 1037 χρόνον,
2765 964 3036 1034 μάχεσθαι
3079 967 3193 1027 τοῖς
3228 962 3541 1033 ἀνθρώποις
3569 963 3858 1022 παντελῶς
3887 964 3947 1014 οὗ

2357 1057 2598 1111 δύναται.

2429 1149 2534 1201 Καὶ
2546 1149 2923 1215 ἐπέστρεψεν
2949 1147 3112 1200 Ἰωάὅ
3127 1146 3226 1198 καὶ
3244 1144 3509 1208 ἐπάταξε
3527 1145 3646 1212 τὴν
3664 1144 3950 1214 φάραγγα

2359 1239 2480 1293 τῶν
2511 1239 2692 1293 Ἁλῶν
2712 1239 2943 1292 δώδεκα
2968 1237 3263 1306 χιλιάδας.
3298 1239 3415 1300 lli;
3448 1237 3558 1306 γὰρ
3585 1239 3615 1290 6
3650 1237 3730 1306 τῷ
3768 1236 3952 1303 νοητῷ

2359 1331 2572 1402 βασιλεῖ
2638 1333 2802 1386 Δασιδ
2867 1332 3233 1402 στρατηγῶν,
3292 1332 3547 1384 τουτέστι
3605 1330 3688 1400 τῷ
3757 1331 3952 1398 Κυρίῳ

2364 1423 2524 1493 ἡμῶν
2562 1424 2761 1493 Ἰησοῦ,
2791 1423 2934 1476 κατὰ
2959 1423 3068 1474 τῶν
3101 1423 3360 1474 ἐναντίων
3382 1422 3693 1490 δυνάμεων,
3735 1424 3953 1474 πατασ-

2366 1532 2449 1568 σει
2479 1515 2688 1570 δώδεκα
2714 1516 2962 1586 χιλιάδας
2984 1517 3044 1566 ἐν
3071 1517 3136 1583 τῇ
3171 1515 3418 1582 φάραγγι
3461 1515 3574 1566 τῶν
3616 1515 3810 1565 Ἁλῶν.
3839 1513 3954 1565 φά-

2364 1605 2499 1677 ραγξ
2524 1606 2582 1659 δέ
2614 1608 2763 1659 ἐστιν
2804 1606 2977 1658 Ἀλῶν
2999 1609 3033 1676 ἡ
3060 1606 3218 1676 σὰρξ.
3247 1605 3325 1668 ὡς
3356 1605 3559 1675 χωρίον
3592 1605 3787 1656 παθῶν
3831 1606 3952 1656 ἀτι-

2365 1701 2498 1769 μίας
2543 1698 2634 1751 διὰ
2687 1700 2789 1768 τῆς
2841 1701 3127 1768 παρακοῆς
3187 1697 3457 1767 γενομένη
3486 1713 3502 1728 ·
3539 1698 3598 1749 ὲν
3631 1690 3954 1769 ᾖκαθᾶπερ

2366 1794 2611 1862 φάραγγι
2633 1791 2722 1844 διὰ
2751 1791 2912 1859 λόγου
2930 1791 3025 1842 καί¹
3052 1790 3310 1858 θεωρίας,
3344 1791 3455 1852 πᾶς
3486 1788 3722 1858 εὐσεϐὴς
3748 1789 3845 1840 καὶ
3873 1806 3954 1855 ςι-

2363 1883 2548 1946 λόθεος
2597 1883 2870 1935 πατάσσει
2925 1881 3090 1951 φύσιν
3140 1883 3236 1934 καὶ
3267 1882 3461 1951 χρὸνον
3489 1899 3504 1910 ·
3541 1882 3715 1950 ἤγουν
3735 1881 3842 1950 τὴν
3864 1882 3952 1932 ἐπ’

2363 1976 2549 2037 αὐτοῖς
2603 1974 2702 2042 τῆς
2745 1973 2926 2042 ψυχῆς
2972 1973 3287 2042 παράλογον
3325 1972 3617 2044 πρόληψιν,
3682 1971 3955 2040 μηδαμῶς

2362 2066 2615 2136 ἐμμένων
2640 2065 2727 2117 διὰ
2762 2065 2821 2116 τὸ
2852 2064 2986 2132 ὕψος
3023 2066 3126 2133 τῆς
3157 2065 3362 2133 ἀρετῆς
3392 2063 3488 2116 καὶ
3535 2062 3633 2128 τῆς
3671 2062 3953 2128 γνώσεως,

2360 2161 2474 2221 τοῖς
2521 2159 2626 2210 ὑπὸ
2662 2156 2824 2224 φύσιν
2865 2156 2962 2209 καὶ
3015 2156 3204 2226 χρόνον
3232 2157 3439 2225 νόμοις.
3483 2156 3544 2208 ’0
3585 2153 3697 2224 γὰρ
3741 2151 3957 2204 δώδεκα

2363 2247 2599 2318 ἀριθμὸς
2645 2247 2745 2319 τὴν
2793 2246 2955 2316 φύσιν
3003 2247 3158 2315 δηλοῖ
3198 2246 3296 2300 καὶ
3359 2246 3453 2298 τὸν
3511 2245 3706 2316 χρόνον
3735 2262 3751 2274 ·
3790 2244 3954 2310 εἴπερ

2379 2339 2677 2410 πενταδικη
2708 2342 2806 2409 μὲν
2835 2341 2870 2409 ἡ
2904 2338 3066 2408 φύσις
3096 2339 3184 2391 διὰ
3216 2338 3316 2400 τὰς
3356 2338 3645 2407 αἰσθήσεις
3670 2348 3688 2364 ⁶
3717 2334 3959 2404 ἐϐδομαρ

2363 2435 2513 2494 τικδς
2535 2433 2592 2486 δὲ
2613 2433 2826 2503 χρόνος,
2859 2432 2934 2496 ὡς
2966 2434 3101 2485 πᾶσι
3133 2431 3475 2500 καθέστηκεν
3503 2429 3752 2498 εὔδηλον.
3782 2429 3957 2480 Πέντε

2360 2526 2417 2578 δὲ
2451 2529 2566 2589 τοῖς
2597 2526 2739 2580 ἑπτὰ
2777 2525 3020 2591 συνθεὶς,
3053 2524 3148 2578 τὸν
3171 2523 3381 2577 δώδεκα
3412 2521 3734 2593 πληρώσαις
3773 2521 3841 2573 ἂν
3865 2537 3959 2572 σα-

2363 2616 2479 2686 φῶς
2509 2617 2767 2688 ἀριθμόν.

2435 2795 2614 2866 Τυχδν
2641 2796 2698 2848 δὲ
2739 2797 2834 2849 καὶ
2858 2797 2959 2867 τὴν
2989 2797 3176 2860 κακῶς
3222 2796 3290 2849 δι’
3315 2794 3533 2865 ἀπάτης
3575 2793 3728 2863 παρὰ
3793 2792 3961 2860 φύσιν

2367 2889 2792 2958 συμπλακεῖσαν
2830 2892 2896 2960 τῇ
2934 2889 3181 2960 τετριάδι
3212 2887 3477 2960 [τετράδι]
3517 2886 3627 2940 τῶν
3679 2885 3961 2954 αἰσθητῶν

2361 2981 2557 3052 τριάδα
2595 2981 2704 3032 τῶν
2731 2981 3020 3046 δυνάμεων
3055 2981 3154 3050 τῆς
3175 2980 3354 3049 ψυχῆς
3393 2979 3535 3032 κατᾶ
3587 2977 3689 3047 τὴν
3741 2977 3957 3045 σιέσιν,

675 3080 841 3140 atque
864 3071 1147 3136 innexum,
1179 3074 1325 3130 unde
1350 3075 1624 3146 quidquid
1647 3085 2001 3147 peccatorum
2026 3086 2111 3131 est
2138 3092 2266 3146 pro-

2365 3073 2432 3126 6t‘
2460 3068 2530 3144 ἦς
2571 3074 2724 3126 πᾶσα
2752 3072 3002 3140 γίνεσθαι
3035 3073 3283 3139 πέφυκεν
3311 3071 3556 3143 ἁμαρτία
3580 3112 3597 3136 ,
3642 3071 3673 3122 6
3702 3069 3816 3120 τῶν
3863 3069 3960 3120 ἀν-

675 3166 816 3220 clive
840 3166 1049 3233 oritur;
1104 3183 1269 3237 quem
1323 3169 1583 3237 praeclare
1623 3170 1746 3224 neci
1789 3169 1980 3234 tradit,
2025 3170 2121 3239 qui
2154 3169 2264 3238 spi-

2365 3167 2659 3238 ῃρημένων
2705 3166 2936 3237 ἀριθμὸς
2973 3167 3338 3236 ὑποσημαίνει
3370 3184 3384 3197 ο
3435 3165 3496 3218 ὃν
3561 3164 3960 3232 actaeo-asiae:

676 3258 821 3311 ritali
879 3259 1068 3312 Davidi
1096 3299 1110 3320 ,
1146 3260 1309 3329 331
1341 3268 1565 3315 certans
1621 3277 1722 3330 pro
1785 3261 2045 3322 veritate,
2091 3277 2262 3329 opera

676 3345 946 3408 deseruit,
975 3347 1357 3416 sapientiaque
1395 3363 1460 3402 ac
1489 3349 1709 3403 solertia
1748 3349 2046 3402 invisibilia
2073 3349 2267 3418 prmlia

677 3438 998 3502 committit,
1026 3454 1090 3492 ac
1113 3439 1378 3494 adversus
1419 3441 1789 3510 nequissimas
1816 3450 2120 3511 potestates
2150 3442 2264 3510 spi-

679 3527 917 3582 ritaliter
950 3529 1070 3584 acie
1104 3529 1376 3585 decernit.
1413 3530 1607 3586 Omnis
1631 3533 1782 3587 enim
1831 3533 1999 3587 animi
2038 3534 2266 3590 facullas

679 3620 1075 3675 innaturaliter
1131 3633 1310 3688 mota,
1366 3623 1454 3687 iis,
1493 3640 1615 3694 quae
1645 3625 1700 3678 in
1749 3641 1976 3679 sensum
2017 3627 2262 3681 cadunt.

679 3713 795 3767 fere
829 3714 1218 3784 complicatur.
1261 3713 1402 3770 Cum
1439 3718 1626 3786 itaque
1664 3718 1828 3779 ratio.
1867 3719 2058 3789 iraque
2083 3729 2138 3774 ct
2170 3734 2267 3774 cu-

679 3804 904 3875 piditas,
961 3815 1073 3862 tres
1100 3806 1269 3861 animi
1325 3809 1613 3878 generales
1660 3808 1975 3874 facultates,
2010 3811 2177 3866 rebus
2208 3812 2266 3867 in

679 3909 902 3950 sensum
937 3896 1265 3951 cadentibus
1288 3896 1431 3967 (quat
1461 3897 1720 3953 videlicet
1747 3901 2113 3968 quaternarize
2136 3918 2269 3955 con—

681 3990 905 4058 sistunt)
959 3990 1378 4053 succubuerint,
1433 3989 1844 4046 duodenarium
1879 3993 2126 4048 elﬁeiunt
2160 4012 2266 4048 nu-

679 4096 920 4134 merum.
951 4081 1200 4147 Quatuor
1243 4082 1393 4135 enim
1428 4082 1472 4136 si
1507 4083 1688 4137 tribus
1731 4083 2029 4149 addideris,
2059 4100 2122 4138 ac
2162 4086 2266 4140 tria

679 4171 912 4240 adjectis
940 4181 1180 4241 quatuor
1214 4172 1462 4244 quinque
1483 4175 1886 4243 composueris,
1917 4176 2130 4231 huncce
2160 4193 2265 4230 nu-

681 4276 896 4317 merum
940 4263 1338 4331 compleveris;
1371 4277 1536 4331 quem
1573 4262 1860 4327 interﬁcit,
1907 4265 2000 4334 qui
2038 4264 2143 4320 ﬁde
2197 4266 2264 4320 ad

681 4353 976 4409 Dominum
1008 4355 1244 4417 accedit,
1273 4363 1615 4424 strenueque
1662 4371 1728 4410 ac
1768 4356 1983 4410 fortiter
2001 4357 2269 4412 adversus

679 4465 902 4503 onmem
934 4448 1389 4518 inaspectabilem
1419 4448 1751 4518 hostemque
1783 4448 2041 4518 spiritum
2071 4450 2268 4520 proelio

679 4541 949 4596 decernit.

753 4633 828 4686 Ea
856 4632 1038 4702 itaque
1069 4631 1265 4702 psalmi
1299 4631 1465 4702 hujus
1499 4631 1790 4702 inscriptio
1813 4649 1877 4687 ac
1901 4633 2096 4688 titulus
2121 4643 2205 4689 est
2243 4653 2256 4688 :

682 4726 776 4781 His
809 4728 898 4796 qui
921 4726 1367 4790 immutabuntur;
1393 4727 1555 4780 nobis
1575 4727 1789 4782 scilicet
1825 4744 1839 4780 :
1871 4729 1925 4780 in
1943 4729 2260 4795 doctrinam,

681 4831 881 4884 nempe
919 4831 1113 4871 eorum
1142 4815 1413 4870 bonorum
1445 4832 1569 4886 qua:
1598 4818 1668 4871 ab
1699 4817 1932 4888 spiritali
1979 4820 2182 4874 Davide
2209 4821 2263 4874 in

681 4925 784 4962 nos
812 4919 1184 4976 pervenerunt
1208 4927 1220 4961 :
1248 4908 1310 4962 In
1343 4909 1483 4963 tituli
1508 4911 1902 4981 inscriptionem
1929 4913 2030 4982 ipsi
2056 4913 2263 4978 David;

684 5001 791 5055 hoc
829 5009 949 5062 est,
987 5001 1041 5054 in
1093 5002 1428 5071 praeconium
1475 5017 1540 5056 ac
1588 5003 2020 5059 celebrationem
2067 5022 2263 5061 eorum

683 5110 807 5164 qua:
848 5095 894 5148 is
943 5105 1170 5165 propter
1218 5111 1318 5149 nos
1344 5096 1530 5150 divina
1583 5112 1648 5152 ac
1694 5097 1956 5154 salutaria
2002 5101 2264 5169 praeclare

683 5184 874 5254 gessit.
912 5183 1081 5238 Tituli
1111 5184 1261 5239 enim
1295 5185 1604 5254 inscriptio,
1642 5202 1830 5241 rerum
1864 5188 2130 5256 pmclare
2167 5206 2263 5260 ge-

684 5286 894 5332 starum
925 5280 1256 5347 praeconium
1294 5294 1359 5334 ac
1401 5279 1830 5335 celebrationem
1878 5281 2169 5354 significat,
2206 5295 2266 5341 ut

2367 3260 2621 3322 καλῶς,ὁ
2663 3259 2741 3329 τῷ
2781 3257 2960 3329 νοητῷ
3001 3258 3165 3311 Δαὸὶδ
3215 3260 3274 3309 ἐν
3327 3259 3439 3320 τοῖς
3499 3256 3639 3325 ὑπὲρ
3694 3254 3960 3325 ἀληθείας

2367 3350 2576 3418 ἀγῶσιν
2605 3349 2923 3419 ὑπουργῶν,
2959 3349 3051 3401 καὶ
3081 3347 3401 3416 γνωστικῶς
3432 3348 3532 3408 τὰς
3551 3347 3825 3415 ἀοράτους
3852 3347 3961 3415 μά-

2365 3462 2471 3514 χας
2507 3445 2822 3506 συνάπτων,
2855 3442 2950 3497 καὶ
3004 3442 3148 3494 κατὰ
3203 3441 3313 3493 τῶν
3361 3439 3619 3510 πονηρῶν
3671 3439 3962 3509 δυνάμεων

2365 3533 2756 3603 πνευματικῶς
2790 3532 3298 3602 παραταττόμενος.
3335 3531 3492 3582 Πᾶσα
3521 3529 3631 3598 γὰρ
3657 3528 3836 3597 ψυχῆς
3869 3528 3966 3580 δύο·

2369 3644 2537 3697 ναμις
2587 3627 2743 3696 παρὰ
2771 3624 2937 3693 φύσιν
2970 3625 3266 3694 κινουμένη
3293 3663 3308 3687 ,
3340 3626 3452 3686 τοῖς
3489 3621 3771 3690 αἰσθητοῖς
3819 3639 3962 3691 συμ-

2367 3717 2669 3773 πλέκεσθαι
2726 3719 2994 3786 πέφυκεν.
3035 3717 3290 3770 Ἐπειδὰν
3338 3710 3434 3767 οὖν
3459 3715 3488 3767 ὅ
3517 3731 3575 3766 τε
3607 3714 3766 3779 λόγος
3811 3713 3910 3765 καὶ
3935 3716 3965 3766 6

2367 3812 2535 3882 θυμὸς
2561 3812 2708 3881 καὶὴ
2735 3808 3024 3880 ἐπιθυμία,
3056 3809 3206 3880 τρεῖς
3239 3807 3331 3860 τὸν
3360 3805 3597 3878 ἀριθμὸν
3623 3801 3782 3858 οὖσαι
3813 3822 3964 3873 γενι-

2370 3907 2466 3958 καὶ
2502 3905 2602 3975 τῆς
2651 3903 2831 3973 ψυχῆς
2865 3903 3145 3971 δυνάμεις,
3178 3903 3291 3963 τοῖς
3330 3900 3613 3969 αἰσθητοῖς
3651 3897 3960 3968 ἡττηθῶσι,

2367 3999 2666 4067 τέσσαρσιν
2701 3992 2842 4058 οὖσι,
2877 3995 2969 4048 τὸν
2992 3993 3201 4047 δώδεκα
3231 3992 3470 4062 ἀριθμὸν
3498 3991 3777 4044 ἀποτελεῖ.
3815 3990 3961 4042 Τέσ-

2376 4107 2520 4160 σαρα
2547 4089 2657 4158 γὰρ
2698 4088 2793 4140 ἐπὶ
2812 4087 2963 4156 τρία,
2993 4087 3088 4138 καὶ
3119 4085 3244 4154 τρία
3262 4084 3360 4136 ἐπὶ
3382 4083 3630 4152 τέσσαρα
3653 4084 3768 4144 τότς
3795 4083 3964 4134 πέντε

2370 4183 2754 4252 συντιθέμενα,
2783 4181 2977 4234 τοῦτον
3033 4180 3236 4249 πληροῖ
3278 4178 3372 4232 τὸν
3403 4176 3637 4248 ἀριθμόν
3659 4191 3675 4206 ·
3711 4175 3772 4226 ὃν
3805 4176 3968 4226 am-

2370 4276 2476 4345 ρεῖ,
2509 4275 2537 4326 6
2562 4273 2639 4343 τῷ
2662 4272 2853 4343 Κυρίῳ
2880 4270 3492 4342 πιστῶς-προσχωρῶν,
3519 4269 3612 4320 καὶ
3635 4266 3819 4330 καλῶς
3842 4268 3967 4337 ἀρι-

2369 4363 2577 4418 στεύων
2627 4363 2772 4417 κατὰ
2826 4363 3028 4426 παντὸς
3077 4361 3322 4430 ἀφανοῦς
3355 4361 3452 4414 καὶ
3485 4359 3749 4427 πολεμίου
3794 4358 3965 4412 πνεύ-

2373 4476 2564 4527 ματος.

2450 4636 2888 4706 Ἐπιγέγραπται
2913 4633 3050 4704 γοῦν
3073 4635 3103 4687 ὁ
3137 4633 3330 4704 παρὼν
3374 4633 3623 4704 ψαλμὸς,
3674 4635 3804 4701 Τοῖς
3866 4637 3974 4706 μὲν

2369 4727 2976 4796 ἀλέοιωθησομένοις,
3039 4729 3192 4797 ἡμῖν.
3249 4729 3338 4793 εις
3401 4727 3681 4797 διδαχὴν,
3727 4727 3839 4780 τῶν
3886 4732 3972 4788 εἰς

2370 4824 2518 4892 ἡμᾶς
2549 4819 2702 4891 παρὰ
2721 4818 2816 4871 τοῦ
2843 4817 3038 4889 νοητοῦ
3063 4815 3227 4870 Δασὶδ
3247 4819 3558 4888 γενομένων
3580 4819 3830 4885 ἀγαθῶν·
3867 4823 3972 4882 Ei;

2370 4912 2834 4982 στηάογραφίιιν
2853 4909 2914 4963 δὲ
2951 4910 3033 4974 τῷ
3064 4909 3265 4973 Δαυεὶδ,
3289 4911 3569 4963 τουτέστιν
3612 4911 3693 4974 εις
3722 4912 3973 4981 ἀναῤῥηο

2372 5024 2458 5060 στν
2477 5007 2587 5058 τῶν
2605 5004 2742 5075 ὑπὲρ
2765 5003 2922 5072 ἡμῶν
2955 5001 3120 5055 αὐτοῦ
3148 5002 3308 5055 θείων
3329 5003 3425 5055 καὶ
3457 5003 3741 5074 σωτηρίων
3763 5021 3974 5074 κατορ-

2371 5099 2660 5170 θωμάτων.
2706 5098 3034 5168 Ἀνὰρῤησιν
3071 5095 3182 5167 γὰρ
3210 5094 3650 5166 κατορθωμάτων
3682 5097 3720 5165 ἡ
3775 5097 3973 5166 στηλο-

2371 5192 2594 5264 γραφὲα
2627 5191 2799 5262 δηλοῖ,
2833 5189 2978 5243 κατὰ
2999 5189 3128 5252 τοὺς
3156 5189 3526 5260 ἐπιστήμονας
3573 5187 3681 5242 τῶν
3707 5188 3974 5243 τοιούτων

2371 5287 2658 5358 ὀνομάτων
2677 5284 2973 5354 ἐξηγητάς.

685 5369 936 5426 sentiunt
979 5369 1073 5439 qui
1108 5369 1384 5439 ejusmodi
1412 5372 1698 5426 nominum
1743 5371 1864 5426 vim
1896 5375 2147 5443 apprime
2173 5390 2403 5438 norunt.

753 5461 914 5514 Vens.
941 5461 995 5516 5.
1031 5461 1192 5526 Deus,
1219 5462 1456 5532 repuliui
1482 5481 1574 5518 nos
1599 5474 1650 5519 et
1670 5466 1973 5520 datmisti
1999 5483 2092 5522 nos
2113 5487 2131 5536 ;
2154 5471 2268 5525 ira-

689 5566 773 5608 tus
805 5570 880 5620 es,
909 5564 957 5607 et
981 5557 1223 5612 misertus
1245 5575 1298 5613 es
1330 5558 1495 5612 nobis.

764 5710 1318 5788 (c)___A25wy-_lazdr.
1353 5716 1563 5788 Nempe
1619 5715 1754 5786 legit
1811 5716 2111 5782 Maximus,
2168 5734 2266 5774 seu

689 5785 786 5858 qui
825 5783 1141 5858 illiprzeivit
1171 5783 1582 5857 etymologistes
1615 5783 1850 5852 Ἶὴτττπ,
1883 5791 2037 5858 quasi
2073 5804 2100 5841 a
2133 5800 2228 5846 .‘I‘rt
2255 5831 2268 5852 ,

694 5853 1002 5925 languidus,
1038 5853 1246 5925 sicque'
1268 5853 1550 5923 scribitur,
1585 5858 1629 5914 ll
1662 5860 1796 5928 Reg.
1832 5853 1958 5925 vni;
1995 5861 2139 5914 ctsil
2175 5861 2273 5914 l'a-

2463 5472 2516 5523 '0
2577 5468 2744 5533 Θεὸς,
2770 5464 2995 5522 ἀπώσω
3058 5463 3239 5535 ἡμᾶς,
3297 5463 3398 5517 καὶ
3449 5463 3726 5530 καθεῖλες

2382 5563 2702 5634 ἀφγίσθης.
2733 5559 2832 5612 καὶ
2858 5558 3224 5627 ᾠκτείρησας
3253 5553 3435 5627 ἡμᾶς.

2379 5719 2476 5772 ral.
2510 5733 2658 5778 xvin,
2688 5723 2773 5770 est
2795 5727 2829 5773 Ἰ
2855 5716 2979 5770 loco
3005 5729 3046 5772 -ι
3076 5730 3176 5785 pro
3209 5713 3372 5768 tertia
3400 5713 3611 5785 littera.
3636 5713 3819 5769 Possit
3857 5725 3910 5770 et
3941 5733 3970 5767 τι

2377 5799 2471 5845 ’ΠΠ
2505 5790 2737 5841 amicum
2761 5785 3046 5840 auxilium.
3071 5784 3278 5839 Auctor
3305 5784 3690 5857 explicationis
3714 5789 3974 5857 propriu-

2383 5875 2502 5913 runi
2537 5859 2821 5912 nominum
2859 5857 3216 5918 Biblicorum,
3245 5868 3402 5924 pcr't
3424 5864 3480 5909 ct
3504 5867 3544 5915 Π
3567 5855 3718 5924 legit.
