4218 6432
266 393 357 458 861

1324 392 1738 454 EXPQSlTiO
1776 404 1854 454 ut
1897 395 2257 457 t’b'ALmtuu
2297 396 2449 457 LIX.

3403 396 3507 459 862
3525 400 3528 403 ’

338 496 630 553 Ἀπώσατο
659 501 803 570 ἡμᾶς
834 503 861 555 ὁ
890 500 1039 565 Gem.
1065 503 1198 556 ’ὁταν
1237 503 1313 574 μὴ
1344 505 1681 572 φυλάξαντες
1709 505 1830 558 κατ’
1859 511 1908 564 Α
2002 505 2004 559 ξ

1859 511 1908 564 Α
2002 504 2223 574 Repulit
2257 522 2359 560 nos
2389 507 2555 572 Deus,
2600 522 2725 562 cum
2754 508 2864 578 jam
2903 506 3062 561 initio
3092 522 3198 561 non
3241 510 3508 563 servando

266 593 437 660 ἀρχὰς
454 594 547 662 τὴν
578 594 813 664 ἐντολὴν,
840 595 1045 660 ἀνάξιοι
1068 597 1350 665 ἐφάνημεν
1370 600 1468 667 τῆς
1489 598 1633 650 κατὰ
1659 598 1838 668 πρόσ-

266 702 411 736 ωπον
468 685 635 738 αὑτοῦ
690 687 924 754 ὁμιλίας.
960 689 1220 742 Καθείλεν
1282 691 1429 759 ἡμᾶς
1459 730 1473 751 ,
1509 691 1588 743 ὅτ’
1621 689 1690 742 ἂν
1742 688 1839 741 τοῦ

270 775 438 844 ὕψους
471 778 569 847 τῆς
600 780 657 831 ὲν
704 779 781 847 τῷ
815 780 1131 849 παραδείσῳ
1168 779 1348 849 δὰξης,
1391 779 1478 832 διὰ
1534 780 1632 849 τὴν
1684 778 1842 847 ἡμῶν

271 869 470 920 κακίαν
509 868 852 934 άπεξένωσεν
890 886 903 900 ·
946 869 1215 941 ὠργίσθη,
1241 870 1316 922 ὅτ’
1345 868 1411 921 ἂν
1457 870 1550 922 ἐπὶ
1601 869 1843 939 τιμωρίᾳ.

271 960 367 1010 καὶ
396 960 615 1012 κολάσει
644 961 742 1029 τῆς
772 959 989 1022 κακίας,
1038 960 1115 1030 τῷ
1160 959 1253 1012 τοῦ
1300 959 1531 1013 θανάτου
1583 959 1845 1029 ἐπιτιμίῳ

271 1051 421 1120 ἡμᾶς
473 1049 852 1104 ηθυπέὅαλεν
883 1068 897 1081 ·
953 1051 1289 1121 ᾠκτείρησεν
1324 1053 1505 1120 ἡμᾶς,
1538 1052 1614 1103 ὅτ’
1643 1051 1712 1103 ἂν
1755 1050 1845 1103 διὰ

274 1141 369 1195 τοῦ
412 1141 731 1212 μονογενοῦς
764 1141 928 1195 αὐτοῦ
974 1141 1104 1194 Υίοῦ
1136 1141 1272 1196 Θεοῦ
1314 1143 1490 1211 Λόγου
1537 1141 1843 1212 σαρκωθέν-

275 1251 388 1298 τος,
420 1234 513 1286 καὶ
548 1233 645 1304 τὴν
677 1233 816 1304 ὑπὲρ
851 1234 1068 1287 πάντων
1098 1233 1254 1303 ἡμῶν
1299 1234 1521 1304 ὀφειλὴν
1552 1233 1847 1298 καταδεξα-

283 1322 468 1393 μένου.
505 1322 849 1392 ὲλυτρώσατο
884 1325 1031 1393 ἡμᾶς
1063 1323 1156 1376 τοῦ
1184 1324 1440 1392 Θανάτου,
1481 1324 1575 1378 καὶ
1618 1327 1697 1388 εἰς
1747 1323 1847 1393 τὴν

280 1414 473 1466 ἑαυτοῦ
505 1412 661 1478 δόξαν
689 1414 847 1466 πάλιν
885 1415 1252 1485 ἐπανήγαγεν.

349 1504 721 1571 Συνέσεισας
743 1505 859 1573 τὴν
890 1494 1004 1575 γῆν
1050 1507 1149 1560 καὶ
1176 1506 1592 1574 συνετάραξας
1630 1506 1846 1576 αὐτήν.

282 1594 449 1649 ἴασαι
475 1599 546 1649 τὰ
567 1597 980 1666 συντρίμματα
1003 1598 1214 1667 αὐτῆς,
1245 1599 1335 1653 ὅτι
1363 1599 1688 1665 ἐσαλεύθη.

352 1687 668 1739 Συνέσεισεν
684 1688 838 1757 ἡμῶν
855 1688 951 1758 τὴν
969 1692 1072 1759 γῆν
1089 1691 1183 1742 καὶ
1206 1690 1556 1761 συνετάραξε,
1579 1689 1848 1753 τουτέστι,

280 1777 383 1848 τὴν
412 1777 662 1845 καρδίαν,
692 1778 816 1841 δοὺς
836 1781 967 1848 ἡμῖν
989 1780 1088 1849 τὴν
1112 1780 1390 1851 μάχαιραν
1409 1780 1505 1832 τοῦ
1521 1780 1847 1850 πνεύματος,

1939 597 2214 660 mandata,
2242 597 2344 650 visi
2391 611 2583 651 sumus
2617 598 2826 668 indigni
2850 599 2945 669 qui
2978 600 3099 669 ejus
3130 614 3312 653 coram
3346 600 3512 652 collo-

1939 688 2070 756 quio
2096 688 2407 741 frueremur
2439 703 2455 740 :
2491 688 2766 742 destruxit
2797 705 2918 755 nos,
2942 706 3066 745 cum
3108 706 3138 744 a
3178 691 3323 744 celsa
3352 705 3510 758 para-

1939 777 2043 832 disi
2071 778 2265 847 gloria,
2289 778 2363 830 ob
2389 786 2635 832 nostram
2667 780 2929 833 malitiam
2960 820 2975 842 ,
3026 780 3263 834 extrusit
3295 798 3306 831 :
3340 782 3514 833 iratus

1940 879 2043 931 est.
2076 884 2203 924 cum
2233 870 2457 924 sceleris
2484 872 2660 925 nostri
2698 886 2764 926 ac
2798 871 3020 925 malitiae
3053 871 3276 935 vindex,
3312 871 3513 926 mortis

1942 980 2043 1018 nos
2082 978 2257 1033 poena:
2288 962 2500 1016 addixit
2535 981 2550 1017 :
2601 964 2862 1017 misertus
2904 969 2989 1015 est
3014 961 3209 1025 nostri,
3245 978 3367 1016 cum
3416 976 3513 1029 per

1942 1054 2283 1125 unigenitum
2321 1052 2518 1106 Filium
2562 1068 2737 1106 suum
2786 1053 2956 1106 Deum
2994 1050 3237 1105 Verbum
3266 1052 3515 1104 incarna-

1944 1156 2079 1211 tnm,
2123 1154 2182 1200 et
2232 1146 2327 1215 qui
2374 1152 2624 1198 nostrum
2654 1144 2711 1197 in
2742 1159 2800 1199 se
2855 1144 3105 1198 debitum
3141 1143 3435 1225 receperit,
3486 1156 3517 1193 a

1944 1247 2121 1293 morte
2152 1253 2255 1292 nos
2289 1235 2542 1301 redemit,
2564 1244 2733 1305 atque
2764 1237 2817 1290 in
2851 1253 3004 1290 suam
3050 1235 3278 1306 gloriam
3327 1230 3518 1314 rursus

1944 1338 2245 1384 τονοοονιι.
3494 1340 3499 1343 ’

2015 1502 2179 1557 Vens.
2226 1503 2278 1555 4.
2314 1500 2649 1555 Commovisti
2696 1507 2894 1551 terram
2921 1506 2968 1550 et
2993 1495 3316 1550 conturbasti
3358 1510 3518 1558 eant;

1945 1610 2081 1649 sana
2112 1593 2448 1646 contritiones
2470 1591 2603 1661 ejus,
2636 1591 2761 1659 quia
2787 1599 3043 1641 commota
3074 1598 3166 1643 cst.

2018 1682 2328 1737 Commovit
2378 1688 2583 1735 terram
2616 1686 2959 1733 nostram'ac
3017 1676 3369 1733 conturbavit
3402 1676 3519 1746 (eor

1951 1772 2204 1842 scilicet),
2230 1771 2412 1826 dando
2428 1771 2589 1825 nobis
2605 1770 2846 1840 gladium
2872 1768 3099 1838 spiritus
3124 1769 3163 1831 ³,
3187 1767 3281 1838 qui
3306 1767 3357 1822 id
3375 1757 3521 1836 quod

282 1836 385 1939 την
413 1836 685 1938 τὺ1χεῖρον
709 1836 812 1920 του
835 1836 1145 1939 κρείττονος
1194 1836 1518 1938 ’γνωπικῶς
1554 1836 1854 1941 διακρίνουί
1880 1836 1924 1891 Β

1853 1903 1854 1906 η
1880 1836 1924 1891 Β
1950 1836 2196 1917 deterius
2224 1877 2288 1915 ac
2309 1862 2430 1915 vitii
2466 1872 2573 1923 est,
2602 1836 2672 1913 ab
2698 1875 2766 1913 eo
2792 1836 2939 1928 quod
2974 1836 3326 1927 praestantius
3355 1866 3519 1927 atque

285 1978 407 2023 σαν,
438 1960 533 2012 καὶ
560 1961 650 2012 τὸν
688 1961 852 2029 νόμον
895 1961 992 2013 τοῦ
1043 1961 1354 2031 πνεύματος
1382 1963 1523 2016 κατὰ
1554 1962 1651 2015 τοῦ
1683 1963 1852 2030 νόμου

283 2053 381 2121 τῆς
411 2052 613 2121 σαρκὸς
637 2052 958 2123 ἐγείρουσαν
988 2070 1003 2084 ο
1029 2052 1123 2105 καὶ
1180 2052 1273 2106 τὸν
1304 2055 1445 2108 κατὰ
1491 2055 1611 2109 θεῶν
1661 2053 1853 2107 παθῶν

287 2141 569 2193 ἐπαινετὸν
599 2140 832 2208 πόλεμον
863 2141 921 2192 ὲν
945 2143 1076 2209 ἡμῖν
1101 2140 1543 2212 δημιουργοῦσαν
1576 2161 1590 2174 ·
1631 2143 1727 2195 καὶ
1748 2142 1849 2213 τὴν

285 2231 343 2281 ὲν
368 2231 501 2299 ἡμῖν
529 2229 639 2282 τῶν
669 2230 856 2283 παθῶν
878 2231 1157 2302 συνέχειαν
1187 2235 1563 2297 συσσείουσαν,
1589 2234 1707 2287 uls
1723 2251 1853 2287 συν-

284 2319 667 2389 ταράσσουσαν
700 2321 792 2372 ἐπὶ
822 2321 942 2383 ταῖς
978 2320 1120 2373 κατὰ
1157 2322 1428 2392 πρόληψιν
1459 2324 1681 2387 ἀτόποις
1717 2327 1853 2394 μνή·

290 2428 418 2479 μαις
447 2409 547 2480 τὴν
577 2411 904 2479 συνείδησιν.
950 2410 1115 2463 ’ἰᾶται
1141 2411 1199 2463 δὲ
1229 2413 1295 2464 τά
1348 2414 1728 2483 συντρίμματα
1749 2413 1854 2481 τῆς

287 2501 441 2571 ἡμῶν
465 2501 712 2570 καρδίας,
753 2501 896 2570 ἅπερ
930 2502 1253 2564 σαλευθεῖσα
1294 2521 1355 2556 τε
1388 2507 1482 2557 καὶ
1524 2503 1859 2572 ὀλισθήσασα
1890 2542 1897 2551 .

285 2589 374 2644 διὰ
396 2593 495 2661 τῆς
527 2590 815 2661 παρακοῆς
834 2592 1115 2661 καταρχὰς
1136 2593 1201 2645 ὲκ
1224 2594 1326 2663 τῆς
1349 2595 1408 2646 ὲν
1436 2593 1515 2663 τῷ
1544 2593 1857 2664 παραδείσῳ

288 2681 675 2754 παραϐάσεως,
705 2683 992 2753 ὑπέμεινε,
1020 2685 1110 2739 διὰ
1135 2686 1235 2754 τῆς
1265 2686 1324 2738 ὲν
1350 2684 1532 2756 χάριτι
1553 2700 1857 2753 πνευματι-

288 2772 389 2843 κῆς
404 2773 843 2842 ἁναγεννήσεως.

362 2955 642 3021 Ἐδειξας
663 2952 743 3019 τῷ
779 2953 908 3019 λαῷ
938 2969 1056 3009 σου
1081 2952 1323 3022 σκληρά
1347 2968 1363 2988 ο
1395 2954 1682 3020 exotica;-
1700 2953 1861 3023 ἡμᾶς

290 3040 461 3101 οἶνον
483 3045 882 3111 κατανύξεως.
916 3044 1188 3109 "Eduntur;
1217 3044 1340 3109 τοῖς
1364 3046 1758 3113 φοϐουμένοις
1777 3060 1855 3098 σε

1950 1955 2170 2009 virtutis
2191 1953 2469 2018 sapienter
2490 1952 2787 2020 dispescat,
2835 1950 3120 2019 legemque
3167 1949 3397 2019 spiritus
3422 1949 3522 2002 ad-

1950 2060 2145 2101 versus
2167 2046 2340 2115 legem
2367 2043 2551 2099 carnis
2569 2041 2888 2104 exsuscitet,
2917 2056 2981 2095 ac
3012 2040 3236 2111 dignum
3262 2039 3423 2094 laude
3466 2039 3519 2092 in

1951 2138 2115 2192 nobis
2139 2137 2404 2190 adversus
2424 2134 2558 2187 vitia
2585 2148 2649 2188 ac
2680 2134 3128 2202 perturbationes
3155 2133 3361 2186 bellum
3395 2146 3522 2185 con-

1951 2230 2079 2293 ﬂet;
2107 2228 2558 2295 cohaerentesque
2601 2225 2871 2295 ejusmodi
2903 2213 3136 2280 aﬂ‘ectus
3169 2238 3233 2278 ac
3266 2223 3522 2278 libidines

1948 2320 2117 2389 338
2147 2317 2446 2379 concutiat,
2476 2331 2577 2370 nec
2618 2331 2728 2369 non
2754 2315 3173 2379 conscientiam,
3210 2330 3312 2385 pro
3361 2329 3525 2367 oecu-

1952 2419 2077 2480 pata
2101 2408 2380 2478 opinione,
2404 2406 2767 2461 absurdarum
2811 2421 2876 2462 ac
2921 2406 3269 2475 impurarum
3313 2419 3523 2458 memo-

1952 2517 2068 2555 rem
2101 2500 2517 2570 cogitationum,
2545 2498 2860 2553 conturbet.
2891 2497 3060 2553 Sanat
3079 2506 3261 2553 autem
3288 2512 3384 2567 per
3415 2497 3525 2565 spi-

1952 2592 2192 2654 ritalem,
2213 2591 2390 2661 gratia
2421 2597 2669 2652 auctore,
2699 2590 3200 2659 regenerationem,
3242 2588 3528 2643 contritio-

1951 2694 2055 2735 nes
2097 2679 2283 2735 cordis
2321 2678 2521 2742 nostri,
2555 2693 2693 2747 quas
2727 2678 2841 2748 jam
2875 2678 3057 2743 initio,
3085 2676 3526 2750 perinobedien-

1955 2772 2087 2826 tiam
2111 2780 2379 2837 emotum,
2423 2770 2667 2825 mandati
2693 2770 2750 2823 in
2778 2769 3035 2839 paradiso
3070 2767 3523 2840 transgressione,

1953 2861 2238 2915 sustinuit.

2024 2953 2186 3007 Vna.
2219 2953 2332 3007 5-7.
2372 2952 2658 3008 Ostendisti
2687 2949 2880 3021 populo
2907 2959 2995 3007 tuo
3021 2953 3190 3018 dura;
3219 2954 3414 3024 potasti
3436 2970 3527 3006 nos

1955 3048 2078 3100 vino
2095 3048 2527 3116 computationis.
2563 3042 2767 3099 Dedisti
2793 3046 3138 3100 metuentibus
3184 3054 3233 3099 te
3263 3045 3530 3116 signiﬁca-

290 3137 640 3207 σημείωσιν,
678 3134 786 3188 τοῦ
838 3134 1049 3203 φυγεῖν
1094 3132 1214 3187 ἀπὸ
1271 3133 1595 3200 προσώπου
1636 3134 1817 3197 τόξου
1838 3146 1856 3162 ⁸
1884 3163 1926 3221 c

1884 3163 1926 3221 ο
1963 3140 2177 3201 tionem,
2204 3149 2262 3192 ut
2282 3139 2489 3209 Iugiant
2511 3156 2543 3191 a
2569 3136 2703 3206 facie
2726 3152 2915 3202 arcus;
2937 3146 2994 3191 ut
3021 3137 3304 3191 liberentur
3332 3138 3530 3190 charis-

292 3230 453 3295 ὅπως
476 3227 555 3286 ἂν
578 3224 893 3295 ρυσθῶσιν
916 3228 969 3280 ot
995 3224 1291 3295 ἀγαπητοί
1314 3239 1453 3281 σου.

364 3319 610 3375 Δεικνύει
636 3317 849 3388 σκληρὰ
888 3319 1001 3379 τοῖς
1040 3314 1398 3384 φοῦουμένοις
1446 3313 1609 3368 αὐτὸν
1637 3315 1728 3368 διὰ
1753 3316 1865 3369 τῶν

294 3411 523 3466 ὶντολῶν
546 3411 573 3463 ὁ
604 3410 758 3473 Θεὸς,
788 3406 928 3461 κατὰ
977 3406 1075 3475 τὴν
1133 3404 1443 3476 πρακτικὴν
1500 3405 1822 3472 φιλοσοφίαν
1842 3423 1860 3438 ·

295 3503 423 3567 τοὺς
450 3503 683 3573 τρόπους
714 3500 814 3568 τῆς
851 3498 946 3552 τοῦ
982 3497 1232 3567 σώματος
1269 3496 1593 3567 νεκρώσεως
1616 3498 1864 3551 ouante.

300 3595 463 3666 μενος
494 3610 510 3624 ⁶
541 3594 572 3664 ἢ
606 3592 934 3654 τούναντίον,
953 3590 1042 3645 διὰ
1062 3590 1160 3660 τῆς
1193 3588 1449 3657 ποικίλης
1476 3588 1734 3658 προνοίας
1768 3588 1865 3642 καὶ

289 3689 542 3757 κρίσεως,
574 3683 969 3757 φιλανθρώπως
992 3681 1129 3752 πρὸς
1157 3680 1219 3732 τὸ
1263 3679 1543 3749 συμφέρον
1597 3678 1867 3733 παιδεύων

295 3786 467 3853 ἡμᾶς.
498 3785 622 3845 τοὺς
656 3784 730 3851 μὴ
760 3772 902 3833 κατά
922 3771 1142 3843 θέλησιν
1175 3770 1538 3845 ἀνεχομένους
1590 3770 1682 3827 τὸν
1724 3770 1866 3827 θεῖον

297 3875 462 3943 ζυγὸν
496 3872 748 3925 ὑπελθεῖν
790 3870 885 3923 τοῦ
919 3870 1084 3940 νόμου
1120 3868 1228 3921 τῶν
1276 3865 1527 3920 ἐντολῶν.
1569 3865 1786 3930 Ποτίζει
1807 3866 1867 3919 δὲ

297 3964 437 4021 οῐνον
462 3962 827 4029 κατανύξεως,
868 3962 1035 4032 ῆγουν
1069 3959 1166 4029 τὴν
1221 3958 1494 4029 ἑπομένην
1526 3960 1591 4028 τῇ
1631 3958 1719 4011 διὰ
1766 3957 1869 4026 τῆς

298 4059 613 4130 πρακτικῆς
637 4054 903 4124 καθάρσει
930 4053 1071 4105 κατὰ
1098 4051 1194 4120 τὴν
1225 4049 1606 4119 πνευματικὴν
1632 4046 1867 4118 θεωρίαν

299 4148 657 4222 χαριζόμενος
694 4146 894 4214 γνῶσιν
924 4160 938 4174 ο
975 4144 1127 4196 πᾶσα
1165 4141 1273 4211 γὰρ
1299 4140 1501 4209 γνῶσις
1527 4136 1872 4209 πνευματικὴ

300 4240 641 4297 κατανύσσει
694 4238 792 4308 τὴν
833 4236 1081 4307 καρδίαν,
1116 4236 1194 4299 είς
1255 4231 1609 4303 συναίσθησιν
1661 4230 1872 4299 ἄγουσα

299 4334 396 4394 τοῦ
421 4332 682 4405 μεγέθους
702 4331 810 4385 τῶν
840 4330 925 4399 ἔφ’
960 4330 1090 4399 ἡμῖν
1117 4326 1279 4382 θείων
1305 4324 1658 4397 εὐεργεσιῶν.

1846 4440 1869 4479 θ

1962 3232 2083 3283 simi
2114 3233 2210 3283 tui.

2028 3320 2281 3376 Ostendit
2312 3323 2459 3379 Deus
2505 3324 2617 3392 his,
2648 3328 2741 3398 qui
2777 3329 2956 3397 ipsum
3002 3328 3279 3386 metuunt,
3303 3303 3532 3375 manda—

1961 3418 2143 3465 torum
2181 3412 2395 3466 ratione
2421 3412 2582 3479 dura,
2611 3431 2711 3485 per
2739 3429 2858 3469 eam
2880 3407 3240 3482 philosophia
3272 3415 3482 3475 partem
3516 3446 3529 3464 .

1958 3519 2086 3572 quae
2107 3504 2382 3559 actionem
2430 3506 2583 3571 colit,
2628 3506 2879 3576 corporis
2922 3499 3290 3558 mortiﬁcandi
3341 3497 3531 3552 modos

1961 3594 2295 3650 documento
2341 3597 2600 3663 tradens;
2631 3598 2717 3651 vel
2750 3612 2781 3652 e
2808 3605 3020 3659 contra,
3063 3591 3430 3664 providentiae
3470 3604 3531 3643 ac

1958 3686 2150 3757 iudicii
2174 3688 2343 3742 variis
2360 3690 2669 3746 rationibus
2691 3707 2789 3761 per
2814 3703 3082 3745 summam
3114 3684 3531 3756 benignitatem,

1964 3777 2279 3851 adidquod
2318 3779 2615 3849 conducat,
2664 3798 2766 3842 nos
2798 3781 3079 3845 erudiens,
3137 3776 3233 3849 qui
3285 3775 3532 3831 divinum

1964 3873 2102 3944 leSis
2128 3874 2506 3931 mandatorum
2543 3879 2756 3947 iugum,
2789 3875 2891 3947 ipsi
2937 3881 3133 3944 sponte
3165 3885 3229 3924 ac
3258 3871 3539 3922 voluntate-

1964 3965 2111 4020 l‘erre
2138 3981 2472 4021 recusamus.
2500 3967 2658 4022 Potat
2677 3977 2860 4023 autem
2891 3981 2989 4019 nos
3007 3965 3140 4017 vino
3159 3959 3535 4026 eompunctio-

1965 4055 2054 4110 nis
2094 4072 2110 4108 :
2144 4054 2276 4109 dum
2306 4057 2521 4111 scilicet
2551 4073 2695 4121 eam,
2726 4074 2851 4128 qua
2871 4054 3104 4111 actionis
3138 4054 3291 4107 cultu
3329 4059 3533 4119 partam

1966 4145 2217 4215 sequitur
2268 4149 2751 4212 emundationem,
2809 4147 3042 4217 spiritali
3078 4142 3534 4212 contemplatione

1967 4235 2197 4305 largitur
2215 4237 2521 4294 scientiam.
2550 4236 2742 4292 Omnis
2764 4237 2913 4291 enim
2947 4235 3198 4297 scientia,
3224 4232 3537 4286 divinorum

1970 4326 2025 4381 in
2047 4342 2151 4381 nos
2178 4327 2571 4383 beneﬁciorum
2602 4327 2997 4397 magnitudinis
3014 4325 3535 4393 sensumingerens,

1970 4413 2216 4468 animum
2240 4415 2578 4485 compungit.

372 4511 567 4564 Δίδωσι
594 4508 652 4562 δὲ
676 4510 789 4571 τοῖς
821 4506 987 4575 φοόου
998 4505 1180 4575 μένοις
1222 4503 1387 4557 αὐτὸν
1418 4501 1740 4572 σημείωσιν,
1772 4502 1867 4555 τοῦ
1896 4495 1946 4556 D

1896 4495 1946 4556 ι)
2041 4504 2143 4558 Dat
2159 4512 2341 4559 autem
2366 4504 2453 4559 his
2478 4505 2765 4574 quiipsum
2788 4510 3042 4557 metuunt
3061 4499 3535 4571 signiﬁcationem,

302 4604 492 4680 φυγεῖν
520 4601 628 4653 ἀπὸ
650 4598 947 4669 προσώπου
984 4596 1138 4661 τόξου
1166 4611 1179 4625 ·
1204 4594 1306 4664 τὴν
1332 4593 1601 4664 νέκρωσιν
1626 4594 1723 4647 τοῦ
1763 4594 1870 4664 ’1η-

303 4690 398 4745 σοῦ
432 4708 444 4719 ·
478 4690 539 4741 ἐν,
559 4686 633 4757 τῷ
662 4686 871 4757 σώματι
899 4684 1214 4755 περιφέρειν
1234 4681 1503 4735 διδάσκων
1526 4680 1651 4743 τοὺς
1675 4680 1870 4748 φοϐου-

306 4782 502 4855 μένους
535 4780 697 4834 αὺτόν
724 4795 737 4809 ·
766 4777 888 4831 καθ’
920 4778 985 4847 ἢν
1019 4776 1053 4845 ἡ
1118 4773 1386 4844 παντελὴς
1437 4770 1537 4842 τῆς
1594 4770 1871 4841 ἁμαρτίας

301 4873 547 4945 ἀπραξία
611 4870 927 4940 συνέστηκε.
949 4866 1256 4937 Σημείωσις
1315 4864 1424 4935 γὰρ
1474 4863 1699 4934 ἀληθὴς,
1723 4865 1756 4933 ἡ
1783 4864 1871 4917 διὰ

303 4963 539 5033 σταυροῦ
570 4962 839 5028 νεκροῦσα
865 4961 925 5013 τὸ
949 4960 1203 5030 φρόνημα
1236 4958 1335 5028 τῆς
1371 4956 1569 5028 σαρκὸς
1597 4954 1869 5025 καθέστη-

304 5075 368 5111 κε
393 5055 638 5124 δύναμις.
665 5053 821 5121 Πρὸς
848 5051 912 5104 τὸ
944 5049 1156 5120 φυγεῖν
1175 5048 1291 5103 ἀπὸ
1320 5048 1645 5117 προσώπου
1669 5047 1870 5111 τόξου·

303 5146 606 5209 τουτέστιν,
652 5144 759 5199 ἀπὸ
786 5142 887 5211 τῆς
916 5140 1323 5211 ἐμφαινομένης
1348 5142 1461 5204 τοῖς
1479 5135 1628 5193 οὖσιν
1655 5141 1870 5211 ἀπατη-

303 5241 402 5311 λῆς
423 5236 761 5306 ἐπιφανείας.
792 5233 1088 5304 Πρὸσωπον
1119 5232 1224 5301 γὰρ
1248 5230 1423 5295 τόξου,
1458 5231 1601 5301 φημὶ
1635 5231 1691 5282 δὲ
1736 5232 1867 5284 ἐκά-

309 5348 436 5384 στου
459 5325 840 5397 δαιμονιώδους
861 5323 1085 5386 πάθους,
1114 5324 1147 5392 ἡ
1170 5323 1266 5391 τὴν
1284 5323 1533 5391 αῐσθησιν
1555 5322 1876 5393 ὲρεθίζουσα

306 5422 416 5473 τῶν
482 5418 747 5487 σωμάτων
801 5414 949 5468 ἐστὶν
1012 5413 1761 5487 ὲπιφάνειαλαθάπερ-ἁκὶς
1784 5412 1874 5483 βέ-

300 5516 434 5574 λους
461 5510 558 5579 τὴν
589 5507 841 5577 αἴσθησιν
866 5504 1263 5575 τιτρώσκουσα,
1298 5504 1391 5557 καὶ
1423 5503 1556 5574 πρὸς
1604 5503 1672 5556 τὰ
1726 5506 1875 5575 πάθη

308 5603 411 5674 τὴν
435 5600 612 5671 ψυχὴν
639 5597 901 5669 ἀπρεπῶς
922 5594 1309 5666 διερεθίζουσα.
1348 5595 1547 5664 Διόπερ
1576 5594 1684 5649 ἀπὸ
1706 5614 1875 5666 προσ-

383 5792 405 5824 ³
433 5790 598 5852 ιιυιιτ.
627 5807 695 5855 Iv,
734 5790 817 5847 19..
893 5788 913 5819 ⁸
944 5789 985 5844 ll
1016 5788 1139 5842 Cor.
1173 5803 1244 5852 μ’,
1272 5786 1337 5844 l0

1974 4603 2035 4649 ut
2067 4594 2277 4664 fugiant
2302 4611 2332 4649 a
2362 4596 2499 4651 facie
2533 4611 2714 4659 arcus,
2766 4596 2973 4650 docens
3013 4609 3110 4648 eos
3140 4602 3203 4646 ut
3239 4588 3538 4645 mortiﬁca-

1972 4687 2178 4741 tionem
2209 4686 2336 4741 Jesu
2392 4688 2445 4741 in
2495 4702 2725 4755 corpore
2781 4702 2882 4742 suo
2920 4684 3384 4746 circumferant‘,
3433 4699 3541 4751 qua

1970 4786 2256 4847 peccatum
2313 4777 2538 4832 omnino
2584 4778 2748 4832 otiari
2806 4786 2972 4847 atque
3018 4792 3214 4831 vacare
3250 4773 3539 4843 contingit.

1973 4870 2112 4925 Vera
2135 4869 2282 4924 enim
2307 4868 2636 4940 signiﬁcatio
2651 4878 2756 4933 est,
2788 4869 2874 4923 vis
2906 4883 2991 4932 ea,
3037 4882 3158 4937 quae
3198 4881 3296 4935 per
3323 4879 3548 4919 crucem.

1974 4960 2153 5017 carnis
2195 4945 2418 5016 sensum
2458 4962 2785 5032 exstinguit.
2819 4963 2880 5017 Ut
2908 4962 3112 5030 fugiant
3133 4978 3168 5014 a
3191 4958 3324 5026 [acie
3348 4967 3501 5009 arcus
3530 4974 3546 5019 ,-

1972 5054 2077 5107 με
2104 5061 2208 5117 est,
2245 5053 2559 5108 abexterna
2597 5068 2785 5108 rerum
2838 5054 3042 5123 specie.
3074 5053 3251 5108 Arcus
3278 5054 3427 5109 enim
3469 5051 3546 5107 fa~

1972 5150 2085 5200 cies
2103 5144 2388 5217 (cujusque
2406 5146 2615 5201 scilicet
2633 5145 2954 5201 daemoniaci
2970 5144 3199 5199 affectus
3220 5152 3384 5215 atque
3400 5144 3545 5204 vitii)

1973 5246 2197 5292 externa
2218 5238 2308 5291 illa
2337 5253 2633 5306 corporum
2663 5237 2875 5306 species
2899 5244 3002 5299 est,
3035 5252 3157 5305 quae
3186 5251 3407 5291 sensum
3441 5236 3543 5290 illi-

1974 5328 2069 5391 cit,
2104 5344 2166 5382 ac
2191 5328 2342 5382 velut
2368 5344 2598 5382 acumen
2632 5343 2763 5383 acus
2790 5329 2992 5383 vulnus
3023 5327 3297 5397 inﬂigens,
3329 5326 3542 5381 advitia

1976 5417 2209 5487 turpiter
2235 5418 2476 5471 animum
2511 5417 2770 5472 illecebra
2806 5417 2996 5471 trahit.
3033 5417 3374 5487 Fugiendum
3436 5415 3544 5470 ila-

1977 5525 2082 5578 quc
2110 5524 2137 5560 a
2170 5508 2309 5563 faeie
2352 5524 2516 5562 arcus
2564 5518 2751 5563 monet
2803 5509 3111 5576 Scriptura,
3164 5507 3252 5561 bis
3301 5505 3397 5576 qui
3428 5520 3543 5558 me»

1980 5608 2135 5654 tuant
2168 5600 2498 5666 Dominum;
2528 5608 2582 5655 at
2625 5617 2735 5655 non
2768 5601 2838 5655 ab
2864 5615 3016 5655 arcu.
3056 5598 3266 5654 Peccati
3312 5612 3547 5670 namque
