4218 6432
656 415 761 480 863

1815 411 1873 468 S.
1912 405 2201 468 MAXIMI
2238 404 2746 467 CONFESSURIS

3805 396 3913 459 864

656 536 841 584 arcus,
899 519 1108 591 absque
1162 519 1319 582 facie.
1350 535 1454 575 ncc
1486 520 1660 574 ullum
1683 518 1826 573 forte
1850 518 2113 573 damnum
2161 516 2232 571 iis

2341 515 2484 569 ὡπου
2516 518 2672 581 τόξου
2704 518 2868 588 φησὶν
2902 519 2931 570 6
2964 517 3134 585 Λόγος
3165 514 3459 585 φεύξεσθαι
3487 514 3615 574 τοὺς
3641 511 3919 581 φοϐουμέο

658 612 928 669 attulerit.

736 900 799 956 Ut
843 898 1126 954 liberentur
1171 897 1351 952 dilecti
1404 897 1515 951 Dei.
1552 897 1747 951 Dilecti
1790 896 1886 951 Dei
1933 906 2085 960 sunt,
2116 914 2237 967 qua:

658 1007 760 1062 per
786 990 1302 1058 contemplationem
1330 989 1570 1043 divinam
1614 989 1899 1043 scientiam
1930 990 2236 1055 continent,

662 1083 944 1137 rationes:
971 1096 1110 1151 quas
1135 1082 1392 1145 liberant,
1420 1082 1510 1150 qui
1547 1097 1645 1151 per
1679 1082 1950 1135 actionem
1993 1080 2238 1134 conﬂan-

671 1182 761 1225 tur
798 1172 1069 1225 virtutum
1121 1171 1292 1235 modi,
1335 1172 1404 1225 ab
1460 1172 1608 1225 omni
1651 1187 1859 1235 errore,
1915 1174 2241 1242 cunctisque

665 1262 854 1315 animo
901 1260 1343 1316 obtundentibus
1393 1279 1490 1332 per
1524 1271 1845 1331 occupatam
1900 1263 2241 1332 opinionem,

662 1352 943 1408 memoria:
978 1368 1125 1425 penu
1155 1353 1414 1422 repositis
1442 1354 1652 1423 peccati
1683 1354 1993 1408 simulacris
2025 1370 2089 1408 ac
2128 1354 2243 1409 for-

667 1444 799 1499 mis.

734 1557 901 1627 339
952 1557 1115 1610 Vens.
1141 1555 1195 1610 8.
1222 1554 1444 1611 Salvum
1469 1559 1552 1618 (ac
1580 1556 1798 1610 dextera
1835 1568 1948 1620 tua,
1969 1567 2015 1611 ct
2047 1558 2243 1612 exaztdi

666 1664 767 1701 me.
801 1647 937 1701 Deus
968 1646 1173 1702 locutus
1208 1655 1284 1702 est
1323 1650 1379 1702 in
1406 1647 1600 1702 Sancto
1643 1666 1736 1703 suo
1774 1666 1792 1703 :
1842 1647 2134 1702 Exsullabo
2194 1656 2243 1702 et

666 1737 909 1806 partibor
957 1735 1246 1791 Sichimam
1273 1776 1289 1801 ,
1340 1747 1389 1790 et
1427 1735 1721 1791 convallem
1770 1736 2249 1792 Tabernaculorum

670 1827 941 1880 dimetiar.

747 1938 934 1993 Salvat
958 1938 1102 1994 Deus
1121 1938 1343 1994 dextera
1406 1954 1525 2003 sua,
1559 1939 1738 1995 dando
1764 1943 2107 2012 unigenitum
2157 1944 2247 1998 Fi-

674 2030 810 2084 lium
844 2045 1005 2086 suum
1036 2030 1143 2101 (est
1164 2030 1310 2085 enim
1337 2031 1507 2084 Filius
1536 2031 1715 2086 Patris
1740 2032 1986 2104 dextera)
2031 2035 2247 2089 redem-

675 2123 920 2193 ptionem
951 2136 1052 2192 pro
1106 2121 1297 2176 mundi
1353 2122 1551 2177 salute.
1608 2122 1842 2178 Exaudit
1882 2140 2014 2179 vero
2070 2125 2251 2179 dando

671 2216 845 2286 justo,
878 2223 1075 2284 praeter
1096 2214 1479 2269 remissionem
1510 2225 1881 2284 peccatorum,
1916 2217 2084 2272 etiam
2136 2218 2251 2286 spi-

680 2307 863 2361 ritalia
891 2305 1054 2360 dona.
1074 2306 1209 2360 Nam
1237 2306 1393 2361 audit
1425 2307 1570 2361 Deus
1591 2323 1753 2362 suum
1780 2310 2103 2377 supplicem,
2139 2312 2253 2379 pri-

679 2412 829 2452 mum
850 2412 950 2467 per
984 2396 1364 2466 paenitentiam
1416 2394 1709 2449 tribuendo
1738 2397 1954 2450 veniam
1997 2406 2252 2465 peccato-

680 2503 841 2553 rum;
871 2485 1096 2541 exaudit
1120 2499 1254 2540 vero
1298 2499 1364 2539 ac
1413 2485 1571 2554 quasi
1604 2487 1878 2540 cumulate
1919 2484 2093 2549 audit,
2124 2484 2253 2539 dum

682 2593 884 2653 prazter
913 2574 1291 2640 remissionem
1324 2593 1697 2654 peccatorum,
1742 2584 1907 2639 etiam
1952 2584 2163 2638 alllatus
2192 2600 2257 2640 ac

683 2675 830 2729 dona
862 2690 961 2746 per
987 2676 1217 2747 gratiam
1272 2674 1576 2744 spiritalem
1637 2675 1911 2730 concedit.
1959 2676 2020 2728 In
2056 2675 2256 2730 Sancto

685 2776 871 2821 autem
892 2781 993 2821 suo
1025 2765 1291 2835 loquitur,
1320 2764 1429 2819 hoc
1464 2772 1569 2828 est,
1624 2764 1681 2819 in
1728 2764 1907 2818 Verbo
1935 2780 2037 2819 suo
2075 2764 2258 2819 incar-

686 2867 855 2922 nato,
914 2857 1165 2913 divinum
1212 2872 1373 2912 suum
1432 2857 1724 2912 consilium
1777 2873 1841 2913 ac
1894 2858 2254 2928 propositum,

687 2950 835 3020 quod
861 2965 893 3004 a
927 2949 1144 3004 saeculis
1175 2962 1240 3003 ac
1263 2948 1714 3018 generationibus
1741 2948 1925 3003 fuerat
1969 2948 2259 3004 abscondi-

692 3051 837 3106 tum;
871 3055 971 3109 per
987 3038 1192 3094 Christi
1216 3040 1478 3094 nimirum
1503 3040 1558 3094 in
1579 3055 1744 3095 carne
1767 3039 2257 3110 dispensationem,

687 3132 810 3202 ejus
862 3131 1102 3186 humana
1161 3132 1452 3187 nobiscum
1503 3132 1916 3187 conversatione
1944 3172 1961 3196 ,
2021 3133 2258 3203 quodam

2337 626 2460 670 νους
2484 609 2576 662 τὸν
2614 613 2838 682 Κύριον,
2874 609 2989 662 ἀλλ’
3018 610 3119 661 ούκ
3164 608 3273 661 ἀπὸ
3320 606 3501 672 τόξου.
3527 606 3603 656 Τὸ
3633 605 3744 674 γάρ
3763 604 3920 667 τόξον

2337 702 2437 773 τῆς
2466 703 2754 772 ἁμαρτίας,
2788 703 2916 756 ἄνευ
2942 700 3235 772 προσώπου
3262 698 3447 768 τυχὸν,
3470 696 3591 750 ούδέ
3618 713 3671 748 τι
3695 696 3917 765 δράσειε

2339 794 2481 845 κατά
2501 793 2609 845 τῶν
2640 793 2992 863 φοϐουμένων
3013 794 3102 844 τὸν
3134 789 3360 861 Κύριον.

2425 902 2549 972 Ἐφ’
2576 896 2624 970 ᾧ
2648 902 2949 970 ρυσθῆναι
3010 902 3151 967 τοὺς
3205 900 3554 969 ἁγαπητοίος
3601 900 3707 952 τοῦ
3745 898 3917 950 Θεοῦ.

2355 992 2651 1063 Ἀγαπητοί
2670 992 2725 1046 δὲ
2760 992 2895 1045 Θεοῦ
2920 1000 3075 1053 εισιν,
3097 994 3145 1045 οἱ
3176 993 3317 1046 κατὰ
3349 992 3580 1063 θεωρίαν
3611 989 3920 1043 συνεκτικοὶ

2342 1087 2437 1155 τῆς
2482 1086 2632 1149 θείας
2679 1085 2933 1154 γνώσεως
2964 1086 3214 1156 λογισμοί
3240 1104 3254 1117 ·
3286 1086 3381 1149 οὓς
3424 1086 3665 1156 ῥύονται,
3691 1086 3742 1138 oi.
3776 1083 3920 1137 κατᾶ

2344 1177 2443 1243 τὴν
2497 1175 2805 1245 πρακτικὴν
2865 1175 3248 1245 συνιστάμενοι
3281 1176 3471 1245 τρόποι
3519 1173 3629 1226 τῶν
3680 1174 3918 1243 ἀρετῶν,

2347 1269 2454 1322 ἀπὸ
2511 1269 2694 1338 πάσης
2757 1267 2966 1338 πλάνης
3026 1267 3121 1321 καὶ
3182 1268 3371 1321 πασῶν
3419 1268 3527 1320 τῶν
3580 1265 3915 1335 διοχλουσῶν

2348 1361 2418 1428 τῇ
2444 1358 2591 1430 ψυχῇ
2629 1358 2770 1411 κατὰ
2802 1356 3072 1429 πρόληψιν
3120 1356 3221 1427 τῆς
3270 1357 3546 1428 ἁμαρτίας
3580 1355 3702 1429 [ΡΥ.
3738 1357 3922 1426 ἀμαρ-

2346 1451 2497 1523 τιῶν]
2533 1470 2637 1521 μνη
2646 1452 2784 1520 μῶν.

2419 1567 2628 1621 Σῶσον
2668 1564 2743 1634 τῇ
2775 1563 2945 1633 δεξιᾷ
2976 1580 3093 1619 σου
3116 1604 3133 1629 ,
3163 1564 3261 1618 καί
3293 1562 3644 1618 ἐπάκουσόν
3675 1578 3817 1630 μου.
3859 1559 3924 1610 '0

2351 1662 2494 1726 Θεὸς
2520 1658 2825 1724 ἐλάλησεν
2849 1658 2916 1711 ἐν
2946 1656 3027 1721 τῷ
3065 1656 3230 1726 Ἀγίφ
3249 1656 3435 1711 αὐτοῦ
3467 1672 3481 1686 ·
3518 1654 3917 1724 Ἀταλλιάσοο

2345 1762 2452 1814 μαι
2506 1747 2602 1798 καὶ
2640 1743 2914 1814 ὄιαμεριῶ
2955 1745 3206 1813 tlinum,
3232 1746 3332 1798 καί
3368 1742 3484 1812 τὴν
3522 1742 3774 1797 κοιλάδα
3807 1741 3927 1793 τῶν

2273 1863 2316 1922 Β
2352 1834 2603 1901 Σκηνῶν
2628 1835 3019 1905 διαμετρήσω.

2425 1939 2593 2006 Σώζει
2621 1945 2649 1996 6
2672 1942 2801 2006 Θεὸς
2830 1947 2897 2014 τῇ
2928 1944 3078 2014 δεξιᾷ
3112 1942 3278 1996 αὐτοῦ
3295 1986 3309 2009 ,
3330 1942 3506 2005 διδοὺς
3531 1943 3623 1995 τδν
3655 1942 3923 2011 μονογενῆ

2355 2033 2521 2088 αὐτοῦ
2575 2034 2702 2087 Υίόν
2726 2051 2739 2064 ·
2776 2034 2927 2099 δεξιά
2951 2035 3058 2105 γάρ
3100 2034 3196 2087 τοῦ
3228 2034 3438 2104 ιιατρδς
3462 2036 3491 2086 6
3525 2034 3647 2094 Υἱός
3679 2048 3693 2061 ⁸
3725 2033 3927 2101 λύτρον

2357 2127 2496 2197 ὑπὲρ
2515 2126 2615 2195 τῆς
2665 2127 2760 2179 τοῦ
2802 2126 3009 2195 κόσμου
3059 2127 3356 2195 σωτηρίας.
3411 2125 3813 2186 Ἐπακούειὸὲ,
3843 2125 3927 2176 δι-

2355 2219 2477 2282 δοὺς
2500 2219 2584 2289 τῷ
2614 2217 2827 2288 δικαίῳ,
2852 2219 2989 2288 πρὸς
3011 2222 3081 2288 τῇ
3122 2220 3313 2285 ἀφέσει
3334 2217 3441 2269 τῶν
3484 2217 3928 2286 ἁμαρτημάτων,

2356 2308 2453 2359 καὶ
2508 2308 2855 2377 πνευματικά
2914 2308 3249 2378 χαρίσματα.
3296 2305 3507 2359 Ἀκούει
3559 2308 3658 2375 μὲν
3697 2306 3808 2373 γάρ
3832 2305 3929 2357 τοῦ

2359 2400 2693 2463 ἱκετεύοντος
2750 2400 2912 2453 αὑτὸν
2959 2402 2989 2453 6
3034 2399 3189 2465 θεὸς,
3217 2400 3431 2469 πρῶτον
3479 2398 3563 2452 διὰ
3616 2398 3718 2466 τῆς
3757 2414 3930 2465 μετα·

2358 2490 2506 2552 νοίας
2529 2489 2721 2557 ἄφεσιν
2747 2489 2922 2551 διδοὺς
2945 2489 3377 2560 ἁμαρτημάτων,
3409 2489 3668 2541 ἐπακούει
3690 2488 3770 2548 δὲ,
3794 2487 3931 2556 πρὸς

2358 2584 2427 2651 τῇ
2458 2580 2651 2649 ἀφέσει
2693 2581 2800 2634 τῶν
2844 2581 3397 2651 ἀμαρτημάτων,κα“ι
3439 2581 3510 2632 τὰ
3561 2579 3651 2631 διὰ
3705 2579 3932 2648 χάριτος

2361 2673 2732 2742 πνευματικῆς
2781 2672 2956 2733 διδοὺς
3013 2672 3384 2741 ἐνεργήματα.
3417 2671 3584 2724 Δαλεῖ
3632 2670 3692 2722 δὲ
3755 2671 3814 2721 ἐν
3850 2668 3932 2737 τῷ

2372 2765 2540 2835 ’Δγίῳ
2584 2763 2748 2819 αὑτοῦ
2774 2778 2787 2791 °
2822 2764 3116 2827 τουτέστιν,
3152 2764 3213 2816 ἐν
3236 2761 3315 2832 τῷ
3368 2762 3702 2833 σαρκωθέντι
3756 2759 3930 2813 αὑτοῦ

2360 2858 2523 2927 λόγῳ,
2555 2856 2648 2909 τὸν
2699 2856 2841 2909 θεῖον
2883 2854 3048 2909 αὑτοῦ
3094 2854 3405 2908 σκοπὺντὸν
3434 2853 3934 2923 ἀποκεκρυμμένον

2362 2948 2471 3001 ἀπὸ
2498 2947 2607 3000 τῶν
2630 2945 2843 3000 αἰώνων
2866 2948 2962 2998 καὶ
2991 2944 3098 2999 ἀπὸ
3127 2944 3235 2997 τῶν
3264 2943 3486 3012 γενεῶν,
3513 2943 3652 2996 κατὰ
3700 2943 3804 3012 τὴν
3845 2944 3936 2995 ἐν·

2365 3055 2568 3109 σαρκον
2600 3037 2765 3090 αὑτοῦ
2786 3035 2879 3089 τοῦ
2903 3036 3139 3106 Χριστοῦ
3171 3037 3503 3105 οἰκονομίαν.
3549 3036 3647 3087 Διά
3673 3034 3777 3104 τῆς
3811 3034 3936 3086 καθ’

2364 3130 2514 3199 ἡμᾶς
2574 3127 3079 3198 ἁνθρωποπρεποῦς
3138 3128 3303 3182 αὐτοῦ
3349 3127 3716 3198 ἀναστροφῆς,
3768 3128 3939 3179 οἱονεὶ

692 3219 858 3275 modo
882 3219 1089 3276 diserte
1118 3221 1381 3286 clamans,
1409 3222 1726 3290 mundoque
1765 3221 1832 3276 ad
1859 3229 2080 3277 (eterna:
2135 3222 2249 3279 vita

2361 3221 2657 3293 διαρρήδην
2689 3220 2848 3290 βοῶν,
2880 3220 2974 3273 καὶ
2998 3220 3074 3289 τῷ
3117 3220 3217 3290 βίῳ
3251 3218 3427 3281 διδοὺς
3470 3220 3548 3281 είς
3580 3217 3940 3272 ὑποτύπωσιν

692 3310 1164 3377 informationem,
1199 3313 1352 3367 omni
1375 3328 1508 3367 voce
1531 3313 1737 3369 clarius
1768 3315 2136 3378 insonantem,
2159 3313 2263 3369 bo-

690 3418 890 3459 norum
936 3420 1166 3474 operum
1225 3404 1623 3460 exhibitionem
1670 3406 1943 3475 prtebens.
1997 3405 2266 3476 Loquitur

692 3509 826 3548 vero
846 3495 1012 3548 etiam
1043 3496 1098 3550 in
1123 3495 1321 3566 quovis
1347 3504 1562 3561 sancto,
1590 3496 1710 3566 ejus
1728 3505 1980 3552 servante
2009 3498 2264 3553 mandata

692 3585 850 3655 quasi
882 3585 1132 3641 viventes
1162 3603 1262 3657 per
1292 3602 1461 3657 opera
1488 3603 1792 3654 sermones,
1825 3587 2086 3660 omnique
2129 3604 2265 3646 voce

691 3677 1002 3733 vocaliores
1021 3687 1328 3733 ostentans.

762 3791 1013 3848 Exsultat
1036 3800 1220 3847 autem
1251 3801 1380 3848 tunc
1393 3793 1597 3864 justus,
1629 3809 1756 3849 cum
1784 3794 2064 3866 Unigeniti
2091 3796 2265 3867 gratia

691 3883 978 3953 perlectus
1005 3899 1070 3939 ac
1100 3892 1534 3948 consummatus,
1594 3884 1823 3940 idoneus
1854 3883 2032 3941 factus
2076 3886 2262 3950 fuerit,

694 3978 758 4024 ut
780 3970 993 4025 dividat
1039 3971 1318 4038 Sichima;
1352 3987 1550 4042 nempe
1586 3982 1648 4028 ut
1678 3989 1778 4043 pro
1811 3976 2075 4045 cujusque
2105 3986 2265 4046 captu

694 4077 761 4117 ac
783 4062 997 4117 ratione
1051 4078 1117 4116 ex
1171 4063 1334 4117 docta
1388 4065 1746 4134 experientia,
1785 4066 2051 4121 virtutum
2081 4069 2269 4123 viriles

696 4152 912 4218 modos,
936 4153 1169 4208 colendo
1191 4154 1488 4220 actionem,
1522 4156 1748 4226 reliquis
1777 4157 2112 4213 documento
2150 4168 2267 4213 tra-

695 4243 811 4300 dat.
836 4244 934 4299 Est
961 4243 1108 4300 enim
1143 4243 1405 4309 Sichima,
1437 4246 1485 4300 si
1512 4262 1713 4302 nomen
1740 4248 2137 4318 interpreteris,
2165 4251 2267 4303 hu-

697 4353 964 4390 merorum
1004 4335 1566 4408 latitudo;ejusmodi
1618 4340 1830 4396 scilicet
1883 4340 2124 4407 habitus,
2172 4344 2268 4412 qui

694 4434 751 4479 et
762 4441 954 4480 omnes
982 4426 1424 4494 perturbationes
1439 4428 1680 4497 vitiaquc
1695 4439 1968 4495 coerceat,
1990 4431 2268 4486 omnium-

2367 3313 2593 3368 αίωνίου
2630 3312 2798 3383 ζωῆς,
2841 3312 3028 3365 εἰκόνα
3072 3312 3253 3379 πάσης
3307 3310 3682 3380 γεγωνοτέραν
3727 3310 3938 3379 φωνῆς,

2364 3404 2463 3475 τὴν
2517 3405 2626 3459 τῶν
2679 3404 2900 3472 ἀγαθῶν
2946 3404 3121 3474 ἔργων
3164 3402 3441 3469 ἐπίδειξιν.
3478 3404 3644 3455 Λαλεί
3666 3402 3723 3455 δὲ
3752 3403 3848 3455 καὶ
3880 3403 3942 3454 ἐν

2364 3497 2580 3568 ἑκάστῳ
2623 3497 2763 3566 ἁγίῳ
2821 3496 3143 3565 φυλάττοντι
3196 3495 3361 3548 αὑτοῦ
3395 3497 3494 3557 τὰς
3530 3494 3749 3557 ἐντολάς
3776 3510 3790 3522 ·
3825 3489 3942 3545 οἷον

2364 3589 2574 3654 ζῶντας
2599 3589 2812 3654 δεικνὺς
2839 3589 2930 3643 διὰ
2952 3588 3063 3642 τῶν
3091 3588 3269 3660 ἔργων
3300 3588 3426 3651 τοὺς
3454 3586 3647 3654 λόγους
3665 3626 3680 3649 ,
3707 3586 3805 3639 καὶ
3836 3586 3943 3638 πά·

2367 3697 2467 3752 σης
2491 3678 2677 3749 φωνῆς
2708 3678 2971 3748 γεγωνοτέ
2978 3695 3124 3750 ρους.

2445 3793 2793 3864 Ἀγαλλιάται
2828 3792 2885 3846 δὲ
2912 3796 2940 3847 6
2959 3793 3191 3855 δίκαιος,
3224 3791 3385 3863 ἡνίκα
3410 3790 3714 3853 τελειωθεὶς
3743 3792 3813 3861 τῇ
3837 3789 3942 3858 χά-

2371 3902 2478 3955 ριτι
2509 3884 2604 3938 τοῦ
2626 3883 2987 3952 Μονογενοῦς,
3018 3884 3203 3947 ἱκανὸς
3226 3884 3453 3954 γένηται
3482 3882 3798 3953 διαμερίσαι
3840 3881 3945 3950 τὴν

2367 3977 2583 4046 Σίκημα
2616 3992 2631 4009 ·
2675 3977 2975 4041 τουτέστιν,
3006 3975 3184 4038 ἄλλοις
3207 3975 3483 4043 ἀναλόγως
3504 3976 3568 4027 ἐκ
3590 3974 3787 4044 πείρας
3816 3974 3943 4025 ἑπι-

2369 4066 2633 4134 στήμονος
2667 4064 2985 4126 ὑποθέσθαι,
3017 4064 3145 4127 τοὺς
3191 4063 3332 4116 κατὰ
3370 4063 3468 4131 τὴν
3494 4060 3807 4131 πρακτικὴν
3841 4062 3943 4114 ἀν-

2364 4157 2582 4227 δρικοὺς
2642 4154 2751 4208 τῶν
2805 4156 3014 4224 ἀρετῶν
3060 4155 3314 4225 τρόπους.
3362 4154 3627 4223 Ὡμὶασις
3656 4150 3734 4221 (rt)
3764 4151 3876 4219 γάρ
3906 4151 3944 4218 ἡ

2366 4248 2583 4319 Σίκημα
2636 4245 2992 4318 ἑρμηνεύεται
3022 4262 3034 4274 ·
3076 4246 3212 4315 ὅπερ
3265 4245 3412 4298 ἐστὶν
3460 4245 3494 4315 ἡ
3568 4242 3786 4296 πάντων
3841 4243 3946 4311 μὲν

2367 4339 2630 4409 ἐφεκτικὴ
2679 4338 2788 4391 τῶν
2841 4337 3067 4403 παθῶν,
3117 4336 3304 4390 πασῶν
3356 4337 3415 4389 δὲ
3462 4334 3788 4407 ὲνεργητικὴ
3830 4333 3945 4386 τῶν

2370 4428 2581 4506 ἄρετῶν
2644 4432 2776 4497 ἕξις.
2828 4433 3089 4505 Πράξεως
3141 4433 3253 4503 γὰρ
3311 4430 3580 4501 σύμϐολον
3627 4430 3721 4483 τδν
3785 4422 3947 4499 ῶμον

696 4528 805 4581 que
835 4527 1035 4581 parcns
1062 4528 1128 4567 ac
1150 4529 1312 4569 causa
1341 4516 1607 4570 virtutum
1634 4517 1881 4575 exsistat.
1926 4519 2096 4574 Aiunt
2117 4521 2249 4576 enin

2341 4575 2345 4604 ι
2368 4522 2506 4581 εἶναί
2534 4541 2686 4595 φασι.

696 4603 988 4657 humerum
1018 4604 1240 4660 virtutis
1270 4606 1529 4674 praeferre
1562 4608 1894 4678 symbolum.

767 4725 835 4781 Ει
856 4726 1157 4781 convallem
1207 4727 1711 4786 Tabernaculorum
1767 4733 2085 4802 dimetitur;
2138 4752 2270 4791 eon-

695 4816 982 4871 venientes
1006 4818 1426 4889 scilicetcuique
1456 4823 1536 4876 rei
1570 4824 1809 4879 rationes
1838 4841 1934 4895 per
1962 4828 2270 4882 naturalem

698 4909 1223 4978 contemplationem
1267 4912 1540 4968 tribuens.
1568 4914 1845 4971 Convallis
1876 4918 2022 4972 enim
2068 4918 2272 4975 Taber-

698 5001 1021 5056 naculorum
1051 5002 1293 5059 mundus
1328 5004 1430 5060 iste
1472 5014 1577 5071 est,
1628 5008 1684 5062 in
1740 5024 1850 5079 quo
1893 5010 2121 5076 scilicet,
2169 5028 2270 5081 pro

699 5088 920 5146 diversa
966 5093 1235 5165 cujusque
1300 5094 1582 5150 voluntate
1623 5096 1904 5167 animique
1959 5100 2267 5169 proposito,

773 5244 849 5317 (ά)
892 5247 1176 5323 ’ρμίασις.
1204 5259 1341 5323 pata
1358 5252 1607 5323 Immonis
1637 5262 1740 5313 est,
1772 5253 1969 5323 ὠμίαςσ
2003 5258 2096 5322 qui
2138 5257 2265 5313 latis

701 5314 964 5372 humeris
986 5329 1090 5382 est,
1124 5320 1261 5375 Poll.
1295 5321 1332 5374 l.
1361 5337 1435 5383 ιιι,
1472 5336 1523 5375 c.
1556 5322 1643 5384 ὅθ,
1684 5314 1834 5377 ιιιιιιό
1857 5314 1958 5377 sibi
2001 5314 2266 5382 Maximus

698 5401 821 5441 eam
876 5403 1064 5442 vocem
1112 5390 1323 5443 habuit.
1374 5390 1470 5445 Est
1510 5402 1691 5445 autem
1744 5393 2006 5449 humerus
2046 5396 2265 5450 virtutis

702 5457 1030 5528 symbolum,
1062 5459 1207 5528 quod
1250 5461 1467 5514 athleta:
1505 5476 1695 5515 eorum
1731 5463 1962 5517 maxime
2013 5465 2266 5520 ﬁrmitate

704 5526 1263 5615 victorianpctiuntur,
1277 5539 1341 5615 Et
1366 5529 1513 5608 qu_od
1548 5533 1661 5615 sint
1684 5533 1912 5615 ferendo
1932 5550 2122 5615 onera.

777 5594 845 5679 (ς)
910 5594 1028 5663 Τὴν
1052 5669 1063 5679 ¹
1087 5597 1365 5679 κοιλάδα.
1376 5594 1500 5679 τῶν
1524 5601 1829 5679 {xm-(Bm
1847 5603 2106 5679 Videntur
2136 5608 2188 5679 in
2214 5606 2266 5660 vi

705 5668 1156 5740 potius_nominis
1180 5668 1388 5740 proprii
1409 5671 1618 5740 accipi,
1645 5672 1789 5740 quod
1817 5672 1888 5727 ita
1921 5675 2269 5739 singulariter

704 5732 861 5812 vallis
886 5732 1361 5812 Tubernucu'lorunt
1388 5732 1614 5812 dicitur
1638 5732 1792 5807 riuo,
1830 5745 1976 5812 quod
2009 5732 2152 5799 forte
2190 5747 2269 5800 lo-

707 5816 807 5861 cus
841 5805 897 5863 in
928 5805 1078 5877 Syria
1117 5808 1282 5879 paulo
1308 5808 1572 5865 humilior
1609 5822 1665 5867 ct
1698 5805 2170 5885 populosissimus,
2210 5825 2271 5871 ut

2439 4729 2548 4783 Καὶ
2572 4728 2670 4798 τὴν
2703 4724 2926 4781 κοιλάδα
2950 4723 3060 4777 τῶν
3099 4720 3322 4791 Σκηνῶν
3346 4721 3415 4792 (ε)
3442 4720 3729 4791 διαμετρετ
3752 4733 3769 4749 ·
3804 4718 3938 4781 τοὺς

2367 4820 2708 4890 προσφόρους
2755 4818 2969 4887 ἑκάστῳ
2998 4816 3107 4869 τῶν
3154 4816 3325 4868 ὄντων
3370 4812 3514 4866 κατὰ
3553 4812 3652 4881 τὴν
3699 4809 3944 4878 φυσικὴν

2367 4913 2596 4985 θεωρίαν
2630 4911 2820 4978 λόγους
2850 4910 3162 4977 ἀπονέμων.
3212 4905 3277 4958 Ἢ
3314 4905 3421 4975 γὰρ
3452 4903 3637 4965 κοιλὰς
3655 4902 3763 4954 τῶν
3793 4901 3943 4968 Σκη-

2366 5004 2493 5071 νῶν,
2513 5005 2542 5055 ὀ
2571 5000 2761 5071 παρών
2782 5003 2899 5054 ἐστι
2934 4999 3158 5068 κόσμος,
3191 4997 3250 5049 ὲν
3275 4988 3320 5064 ᾧ
3370 4995 3589 5048 πάντων
3644 4992 3786 5046 κατὰ
3840 4991 3945 5062 τὴν

2370 5099 2600 5155 ἑκάστου
2633 5093 2888 5165 διάφορον
2923 5089 3150 5160 γνώμην
3179 5105 3239 5141 τε
3283 5086 3381 5141 καὶ
3418 5084 3680 5150 διάθεσιν,
3719 5083 3945 5145 ἀπαγὴς

2372 5256 2526 5324 Syria
2557 5270 2662 5324 pro
2691 5251 2944 5324 vastitate
2975 5248 3234 5324 regionis,
3283 5246 3394 5324 alia
3432 5246 3645 5324 aliaque
3677 5242 3947 5324 induebat

2371 5315 2610 5380 nomina.
2647 5323 2739 5377 Sic
2770 5322 2968 5390 passim
3005 5315 3058 5372 in
3091 5318 3407 5390 regionibus
3447 5318 3553 5369 alta
3596 5324 3653 5366 et
3679 5315 3947 5390 depressa

2370 5395 2697 5457 dividimus;
2741 5384 2996 5463 montana
3029 5397 3081 5463 et
3104 5389 3398 5463 convalles,
3430 5400 3662 5463 qparum
3688 5384 3801 5463 lere
3823 5398 3947 5463 rna-

2366 5468 2453 5533 jor
2478 5453 2753 5533 fertilitas,
2787 5477 2851 5515 ac
2875 5458 3102 5533 proinde
3137 5459 3440 5510 incolarum
3466 5453 3946 5533 Γτςςιιιςιιιίιιλὶῖςα

2372 5520 2512 5589 Ῠοιιιο
2552 5534 2654 5587 alia
2698 5520 2762 5585 sill
2804 5520 2957 5602 vallis
2988 5527 3204 5602 διάγοι,
3243 5541 3405 5594 quam
3436 5520 3944 5602 uallisiipsaﬁalis.

2372 5620 2533 5673 quam
2563 5602 2761 5656 notiori
2788 5600 3007 5673 nomine
3031 5597 3338 5673 signiﬁcare
3384 5594 3643 5673 voluerit.
3669 5594 3784 5673 qui‘
3813 5594 3942 5673 titu-

2373 5660 2484 5727 3'..."
2522 5673 2729 5742 psalmo
2760 5670 3033 5742 apposuit,
3075 5660 3155 5721 vel
3181 5665 3441 5742 dimicas,
3486 5662 3571 5742 vel
3606 5663 3721 5729 ipse
3749 5660 3943 5742 David.

2371 5731 2771 5812 (lusulusu-ium
2796 5731 2993 5793 crebra
3027 5737 3233 5812 mentio
3263 5736 3315 5788 in
3338 5734 3514 5812 veteri
3549 5731 3944 5792 Instrumenta,

2377 5814 2467 5869 ubi
2491 5803 2573 5868 vel
2609 5812 2806 5866 itinera
2841 5820 3133 5864 narrantur
3155 5805 3235 5861 vel
3259 5803 3470 5874 prwlia.
