4218 6432
261 410 366 474 865

1309 396 1726 460 EXPOSITIO
1767 398 1845 457 ΙΝ
1884 398 2239 463 PSAIMUM
2277 400 2428 461 LIX.

3431 407 3537 472 866

263 518 500 588 ὑπάρχει
571 518 667 570 καὶ
726 508 1061 585 πρόσκαιρος
1092 506 1318 581 σκηνῶν
1340 509 1501 579 δίκην
1537 510 1569 579 ὴ
1604 506 1853 579 παροῦσα

1964 507 2101 561 nihil
2127 518 2389 563 constans
2417 524 2480 563 ac
2512 507 2615 563 ﬁxa
2643 516 3107 579 temporaneaque
3142 525 3383 581 presens
3426 514 3535 570 vita

262 609 397 679 ζωήο

337 703 410 753 Ίι
438 700 601 753 πάλιν
638 699 844 770 Σκηναὶ
865 697 1232 768 τυγχάνουσιν
1266 694 1365 763 τῆς
1415 692 1696 764 παρούσης
1736 708 1852 743 κοι-

261 794 441 858 λάδος,
495 794 544 846 οἱ
569 792 677 845 τῶν
706 790 920 863 ἀρετῶν
945 790 1160 861 τρόποι,
1184 787 1276 851 οὓς
1307 786 1505 855 διαιρεί
1537 782 1853 853 γνωστικὼς

261 888 375 947 τοῖς
402 884 834 953 διδασκομένοις,
868 882 1004 952 πρὸς
1038 879 1135 951 τὴν
1165 879 1398 931 ἑκάστου
1439 876 1550 943 ἕξιν
1584 873 1853 942 κατάλλη-

222 980 233 995 “”
263 980 356 1029 λον
410 977 583 1039 διδοὺς
633 975 856 1046 ἀγωγὴν
891 975 986 1027 καὶ
1020 970 1413 1044 προσφυλακὴν
1448 964 1851 1039 [προφυλακὴν]

236 1062 372 1123 ίτῶν
405 1070 628 1140 τιμίων,
667 1070 695 1122 ὁ
726 1068 1010 1139 διανέμειν
1034 1064 1189 1128 εἰδὼς
1211 1064 1429 1133 ἑκάστῳ
1451 1061 1541 1115 διὰ
1561 1064 1658 1132 τῆς
1680 1058 1854 1127 καλῆς

261 1162 617 1227 διδασκαλίας
646 1161 745 1232 τὴν
775 1160 1131 1233 ἁρμόζουσαν
1164 1157 1301 1229 πρὸς
1338 1154 1611 1226 σωτηρίαν
1641 1152 1779 1206 ὁδόν.

352 1338 425 1389 Ἦ
469 1339 675 1408 Σκηναὶ
731 1335 977 1398 κοιλάδος
1022 1333 1384 1403 ὑπάρχουσιν,
1425 1328 1592 1385 αἱδιᾶ
1618 1327 1851 1399 Χριστοῦ

268 1430 363 1485 τοῦ
398 1430 653 1505 Σωτῆρος
680 1428 838 1500 ἡμῶν
875 1427 1012 1481 Θεοῦ
1049 1430 1308 1495 παγείσαι
1344 1424 1489 1481 κατὰ
1538 1424 1732 1476 πᾶσαν.
1758 1421 1856 1491 τὴν

264 1524 597 1594 οἰκουμένην
654 1522 762 1577 τῶν
815 1520 1226 1575 πιστευσάντων
1265 1518 1435 1573 ἐθνῶν
1503 1515 1852 1585 Ἐκκλησίαι·

265 1614 296 1667 ὃ
353 1615 451 1667 καὶ
517 1611 718 1683 μᾶλλον
744 1653 761 1679 ,
814 1611 890 1675 ὡς
934 1606 1111 1680 οἶμαι,
1163 1605 1273 1662 τῖίιν
1329 1606 1503 1677 ἄλλων
1553 1606 1699 1658 ἐστὶν
1738 1605 1855 1654 ἑπι-

269 1704 509 1774 φανέστε
516 1722 628 1776 ρον.
817 1691 827 1696 ’
1045 1768 1054 1776 _
1354 1697 1367 1705 ’

351 1798 423 1849 Ἢ
455 1768 642 1861 πάλιν,
667 1795 890 1850 κοιλάδα
940 1768 1165 1865 Σκηνῶν
1218 1793 1519 1863 διαμετρείζ
1547 1791 1576 1843 ὁ
1633 1788 1723 1843 τὸν
1766 1788 1859 1840 κό-

1959 598 2440 653 tabcrnaculorum
2476 617 2626 656 more
2650 601 2853 667 agitur.

2022 691 2370 753 Autrursus,
2398 693 2664 746 convallis
2726 694 2889 763 hujus
2949 692 3325 748 Tabernacula
3385 703 3534 761 sunt,

1956 780 2224 837 virtutum
2258 783 2428 847 modi,
2474 799 2615 853 quos
2644 786 2921 853 sapienter
2949 801 3013 839 ac
3062 787 3199 842 scite
3250 786 3537 857 discipulis

1955 876 2174 940 dividit,
2208 876 2325 945 qui,
2352 892 2450 947 pro
2474 891 2543 929 eo
2588 891 2651 930 ac
2708 875 2943 945 quisque
2993 878 3183 932 habitu
3234 879 3537 949 dispositus

1954 976 2059 1031 est,
2089 967 2252 1039 340
2283 968 2702 1022 convenientem
2732 967 3080 1036 disciplinam
3125 969 3397 1037 praebens,
3432 970 3535 1027 do-

1954 1058 2150 1127 nisque
2202 1074 2265 1113 ac
2319 1058 2616 1114 virtutibus
2668 1073 2888 1120 cavens,
2959 1057 3099 1111 bene
3150 1067 3383 1129 apteque
3439 1061 3537 1115 do-

1954 1149 2152 1211 cendo,
2174 1166 2297 1218 qua:
2315 1149 2514 1218 cuique
2546 1159 2813 1219 congruat
2832 1149 2900 1202 ad
2929 1150 3184 1209 salutem.
3211 1149 3352 1204 viam
3384 1155 3537 1208 novit

1954 1242 2257 1311 assignare.

2026 1332 2136 1386 Aut
2173 1331 2445 1386 convallis
2471 1330 2850 1387 Tabernacula
2882 1344 3043 1397 sunt,
3078 1351 3201 1404 qua:
3231 1346 3344 1389 toto
3369 1346 3537 1390 terra-

1958 1439 2079 1477 rum
2111 1424 2243 1477 orbe
2272 1440 2369 1493 per
2388 1423 2670 1479 Christum
2700 1424 3039 1479 Salvatorem
3078 1437 3327 1481 nostrum
3364 1429 3535 1482 Deum

1957 1525 2157 1570 erectae
2214 1525 2343 1570 sunt
2395 1516 2636 1570 ﬁdelium
2710 1517 2955 1584 gentium
3021 1518 3329 1573 Ecclesiae:
3388 1521 3535 1589 quod
3582 1536 3585 1539 ‘

1958 1602 2125 1657 etiam
2155 1645 2169 1669 ,
2222 1615 2356 1673 puto
2392 1647 2407 1670 ,
2463 1604 2695 1675 reliquis
2738 1605 3090 1662 manifestius
3142 1623 3208 1662 ac
3262 1608 3538 1664 illustrius

1956 1705 2031 1750 est
2044 1738 2054 1750 .

2026 1788 2137 1842 Aut
2163 1803 2356 1842 rursus
2384 1789 2688 1844 convallem
2728 1789 3235 1847 Tabernaeulorum
3286 1794 3535 1861 metitur,

270 1904 409 1956 σμον
439 1886 548 1938 τῶν
590 1885 861 1957 σωμάτων
885 1885 1140 1955 καθάπερ
1163 1883 1384 1937 κοιλάδα
1412 1879 1634 1950 Σκηνῶν
1656 1877 1852 1948 γνώσει

1959 1882 2054 1951 qui
2091 1880 2356 1935 mundum
2388 1895 2682 1950 corporum
2710 1883 2862 1937 velut
2898 1884 3202 1937 convallem
3258 1878 3538 1940 Taberna-

269 1978 723 2049 περιλαμόάνων.
760 1977 999 2046 Σκῆνος
1025 1978 1134 2050 γὰρ
1166 1974 1436 2047 πολλαχοῦ
1481 1974 1579 2045 τῆς
1603 1973 1642 2028 Γ
1646 1974 1848 2046 ραφῆς,

271 2072 335 2125 τὸ
363 2071 527 2142 σῶμα
551 2070 996 2142 προσηγορεύθη.

353 2243 526 2311 Ἑμός
583 2242 715 2297 ἐστι
773 2239 1042 2303 Γαλαὰδ,
1073 2238 1173 2293 καὶ
1225 2238 1368 2308 ἐμός
1422 2237 1552 2290 ἐστι
1608 2239 1855 2289 Μανασ-

269 2334 415 2405 σῆς,
467 2335 570 2389 καὶ
631 2333 877 2405 Ἐφραῒμ
932 2332 1292 2402 κραταίωσις
1325 2330 1387 2400 (Γ)
1420 2328 1531 2397 τῆς
1582 2326 1863 2399 κεφαλῇς,

269 2446 407 2495 μου.

344 2518 561 2574 Γαλαὰδ
588 2518 726 2573 κατὰ
745 2518 873 2589 μίαν
887 2518 977 2571 ἐπὶ
993 2516 1069 2587 τῷ
1085 2516 1309 2586 ὀνόματι
1330 2515 1500 2582 τούτῳ
1523 2516 1727 2586 ἑρμηνε
1739 2513 1853 2575 ιῶν,

276 2612 425 2665 ἐστὶν
441 2610 851 2679 ἀποκάλυψις.
880 2609 1177 2678 Μανασσῆς
1191 2607 1269 2673 δὲ,
1289 2606 1652 2677 ἑρμηνεύεται
1672 2605 1851 2672 λήθη.

286 2701 656 2771 ’Λποκάλυψις
678 2702 735 2754 δὲ
781 2701 875 2755 καὶ
908 2701 1046 2771 λήθη
1081 2700 1306 2763 εἰκότως
1352 2699 1737 2769 προσγίνονται
1780 2698 1857 2751 δι·

270 2795 416 2865 καίῳ
444 2811 458 2824 ·
503 2794 836 2863 λαμϐάνοντι
870 2793 970 2864 μὲν
1000 2792 1089 2845 διὰ
1121 2791 1357 2862 Θεωρίας
1391 2790 1498 2843 τῶν
1525 2780 1855 2860 ἀπορρήτων

269 2890 372 2956 τὴν
400 2887 601 2959 μύησιν
618 2904 633 2919 ’
664 2888 773 2940 τῶν
791 2886 849 2941 δὲ
866 2887 987 2941 κατ’
1006 2885 1208 2957 ἀρετὴν
1229 2886 1403 2938 πόνων
1422 2885 1520 2955 τὴν
1549 2882 1736 2954 λήθην,
1768 2882 1855 2936 διά

268 2980 370 3047 τὴν
401 2978 793 3049 διαδεχομένην
825 2978 951 3040 τοὺς
973 2976 1169 3036 πόνους
1207 2975 1316 3028 τῶν
1343 2974 1554 3046 ἀρετῶν
1590 2971 1856 3043 εὐφροσύ-

268 3088 369 3140 νην
390 3069 489 3140 τῆς
520 3068 902 3138 πνευματικῆς
931 3068 1184 3139 Θεωρίας.
1222 3066 1459 3135 Ἐφραῒμ
1478 3065 1533 3118 δὲ
1556 3063 1854 3136 ἑρμηνεύε-

270 3181 363 3215 ται
414 3163 773 3230 πλατυσμός
802 3176 819 3193 ο
853 3163 989 3233 ὅπερ
1020 3162 1167 3214 ἐστὶν
1194 3161 1226 3229 ὴ
1250 3159 1397 3213 κατὰ
1430 3159 1611 3211 πίστιν
1633 3158 1723 3209 ἐπὶ
1738 3160 1851 3221 τοῖς

266 3256 562 3324 μέλλουσιν
592 3213 815 3323 ἀγαθοῖς
837 3213 1086 3317 ἄπτωτος
1112 3213 1267 3314 ἐλπίς
1302 3267 1314 3278 ·
1346 3253 1468 3321 ἥτις
1501 3250 1648 3303 ἐστὶν
1688 3249 1851 3303 ἀντί-
1880 3213 1925 3273 c

268 3350 465 3414 ,ληψις
504 3347 601 3415 τῆς
627 3346 867 3414 κεφαλῆς
899 3344 993 3397 τοῦ
1028 3344 1236 3396 δικαίου
1256 3356 1272 3371 ·
1306 3342 1588 3406 τουτέστι,
1614 3341 1709 3412 τῆς
1764 3341 1855 3392 πὶο

274 3456 467 3499 στεως.
508 3438 715 3499 Παντὸς
789 3436 886 3507 γὰρ
956 3435 1167 3489 δικαίου
1202 3433 1412 3505 κεφαλὴ
1442 3434 1475 3504 ὴ
1508 3432 1691 3496 πίστις
1715 3432 1852 3495 ἐστὶ,

273 3534 368 3583 καὶ
425 3530 625 3593 παντὸς
666 3528 828 3599 ἔργου
870 3527 1098 3596 ἀγαθοῦ.
1138 3528 1488 3597 Κραταὶωσις
1543 3525 1599 3577 δὲ
1651 3525 1855 3596 ταύτης

273 3624 620 3692 καθέστηκεν
673 3620 944 3691 ἀσφαλὴς,
996 3623 1029 3689 η
1081 3621 1189 3673 τῶν
1259 3620 1560 3690 μελλόντων
1636 3618 1854 3688 ἀγαθῶν

275 3714 615 3775 ἀδιάπτωτος
642 3711 799 3774 ἐλπίς
831 3726 845 3740 ·
879 3709 997 3762 καθ’
1027 3712 1095 3781 ἢν
1120 3710 1196 3773 ὼς
1222 3710 1464 3781 παρόντα
1502 3710 1570 3763 τά
1596 3710 1855 3780 μέλλοντα

272 3803 607 3876 θεωροῦντες
626 3844 642 3868 ,
680 3800 1139 3872 ὲμπλατυνόμεθα
1165 3805 1285 3866 ταῖς
1316 3802 1558 3870 θλίψεσιν
1582 3838 1599 3868 ,
1658 3802 1858 3857 άκατά·

278 3914 479 3952 πτωτοι
513 3898 571 3950 ὲν
601 3898 715 3959 τοῖς
741 3898 1071 3966 πειρασμοῖς
1095 3895 1459 3965 διαμένοντες.

361 4077 584 4143 Ἰούδας
607 4077 909 4141 ,βασιλεύς
942 4092 1083 4144 μου,
1117 4075 1297 4129 Μωὰό
1325 4074 1509 4143 λέϐης
1539 4074 1651 4144 τῆς
1681 4075 1855 4129 ἐλπί-

272 4170 384 4236 δος
415 4187 554 4238 μου.

361 4260 562 4323 Ἰούδας
604 4261 1041 4330 ἐξομολόγησις
1083 4259 1463 4329 ἑρμηνεύεται.
1523 4261 1712 4329 Ἀρχει
1747 4260 1856 4331 γὰρ

274 4354 312 4423 ἡ
343 4353 413 4406 δι’
445 4351 620 4421 εὐχῶν
647 4352 1035 4423 ἐξομολόγησις
1068 4353 1127 4404 ὲν
1149 4354 1262 4413 τοῖς
1289 4352 1465 4419 ἁγίοις
1498 4352 1698 4412 παντὸς
1718 4352 1857 4418 ἁγα-

275 4444 395 4498 θοῦ.
425 4444 657 4497 Δύναται
695 4444 752 4497 δὲ
782 4444 1039 4516 νοηθῆναι
1071 4445 1164 4497 καὶ
1188 4446 1268 4507 εἰς
1294 4443 1385 4496 τὸν
1426 4443 1633 4514 Κύριον
1659 4444 1686 4496 ὁ
1722 4444 1855 4496 Ἰούο

1959 1974 2213 2030 culorum
2239 1974 2550 2045 cognitione
2570 1975 2913 2044 scientiaque
2933 1977 3340 2045 complectitur.
3399 1976 3530 2031 Cor-

1957 2082 2060 2137 pus
2091 2066 2378 2121 enimnon
2409 2081 2519 2120 uno
2566 2066 2689 2122 loco
2740 2066 3060 2136 Scriptum,
3115 2067 3535 2121 Tabernacstam

1954 2165 2040 2212 est
2062 2156 2420 2225 appellatum.

2026 2249 2190 2302 Vsus.
2223 2249 2276 2301 9.
2313 2247 2458 2301 Heus
2480 2256 2557 2301 est
2582 2246 2813 2313 Calaad,
2846 2259 2894 2303 et
2924 2266 3068 2306 meus
3100 2260 3177 2305 est
3216 2252 3491 2307 latrasse:
3514 2267 3536 2309 ε

1956 2349 2005 2392 et
2033 2339 2289 2409 Ephraim
2311 2339 2566 2409 fortitudo
2599 2340 2787 2409 capitis
2814 2340 2936 2394 mei.

2025 2516 2249 2583 Galaad,
2270 2519 2424 2589 juxta
2448 2534 2612 2574 unam
2641 2518 2807 2589 hujus
2837 2515 3077 2576 nominis
3123 2521 3539 2592 interpretatio-

1955 2626 2104 2673 nem,
2132 2609 2391 2664 reuelatio
2413 2619 2499 2666 est
2528 2627 2542 2663 :
2567 2610 2814 2666 Manasse
2846 2620 3052 2676 autem,
3075 2613 3120 2666 si
3144 2629 3345 2668 nomen
3369 2616 3540 2670 inter-

1956 2702 2214 2773 preteris,
2240 2701 2550 2756 oblivionem
2572 2711 2753 2757 sonat.
2794 2703 2991 2758 Merito
3023 2712 3209 2760 autem
3272 2707 3538 2763 revelatio

1955 2808 2021 2848 ac
2051 2791 2258 2847 oblivio
2283 2792 2436 2863 justo
2466 2793 2816 2863 contingunt.
2870 2794 2964 2863 qui
3018 2810 3213 2865 nempe
3258 2812 3357 2866 per
3408 2813 3540 2854 con.

1956 2883 2367 2954 templationem
2388 2898 2586 2939 arcana
2618 2884 2904 2951 doceatur,
2924 2886 3256 2956 virtutisque
3284 2888 3536 2943 laborum

1955 2976 2332 3042 obliviscatur,
2356 2991 2457 3047 per
2483 2992 2605 3031 eam
2627 2975 3044 3047 quae'virtutum
3077 2979 3386 3044 laboribus,
3418 2980 3538 3052 spi-

1954 3068 2131 3122 ritalis
2143 3068 2625 3138 contemplationis
2642 3069 2961 3138 jucunditas
2987 3070 3255 3125 succedit.
3274 3071 3539 3142 Ephraim
3614 3096 3617 3099 λ

1954 3161 2215 3231 denique,
2248 3160 2293 3216 si
2325 3176 2526 3215 nomen
2550 3161 2952 3231 interpreteris,
2976 3162 3344 3217 dilatationem
3370 3164 3541 3231 signi-

1960 3251 2106 3314 ﬁcat,
2143 3250 2289 3320 quod
2321 3260 2407 3305 est
2430 3258 2582 3305 certa
2610 3250 2896 3320 ﬁrmaque,
2928 3268 3027 3321 pro
3056 3252 3181 3306 ﬁdei
3210 3252 3417 3307 ratione
3442 3252 3541 3307 bo~

1957 3358 2157 3396 uorum
2188 3341 2505 3396 futurorum
2557 3356 2713 3411 spes;
2752 3357 2874 3410 qua:
2926 3342 3062 3411 ipsa,
3121 3345 3387 3413 susceptio
3440 3358 3537 3397 seu

1956 3435 2189 3502 defensio
2209 3433 2404 3503 capitis
2420 3433 2555 3503 justi
2585 3444 2691 3497 est,
2720 3433 2773 3487 id
2816 3444 2919 3494 est,
2953 3433 3102 3488 ﬁdei.
3163 3433 3356 3489 Omnis
3388 3434 3537 3489 enim

1954 3525 2084 3596 justi
2114 3534 2298 3594 caput,
2338 3523 2475 3579 ﬁdes
2504 3534 2610 3589 est,
2644 3525 2937 3594 omnisque
2963 3525 3092 3579 boni
3122 3525 3328 3595 operis.
3362 3513 3538 3597 Hujus

1957 3624 2139 3670 autem
2171 3616 2399 3669 ﬁrmitas
2462 3630 2529 3669 ac
2583 3615 2852 3669 fortitudo
2886 3615 3192 3685 roburque,
3220 3615 3535 3670 futurorum

1958 3708 2230 3761 bonorum
2258 3722 2385 3777 spes
2409 3717 2669 3762 constans
2697 3723 2762 3761 ac
2813 3707 3028 3763 stabilis
3073 3716 3191 3774 eSt;
3225 3724 3333 3778 qua
3373 3709 3537 3764 nimi-

1959 3813 2081 3851 rum
2103 3837 2117 3861 ,
2157 3796 2362 3860 futura,
2393 3812 2459 3852 ac
2484 3797 2529 3852 si
2556 3798 2667 3867 jam
2693 3798 2981 3867 praesentia
3020 3808 3227 3863 essent,
3267 3809 3538 3855 contuen-

1963 3897 2063 3951 tes,
2094 3885 2387 3941 dilatamur
2420 3887 2474 3941 in
2505 3887 2955 3957 tribulationibus
2972 3889 3016 3954 ',
3041 3889 3270 3945 stabiles
3298 3905 3365 3946 ac
3391 3889 3532 3946 ﬁrmi

1960 3988 2379 4050 perseverantes
2406 3978 2463 4033 in
2492 3979 2910 4063 mutationibus.
2949 4038 2964 4053 η

2030 4072 2191 4125 Vsus.
2230 4071 2314 4127 10.
2352 4071 2569 4137 ludas,
2615 4088 2711 4125 rex
2740 4088 2883 4126 meus
2919 4088 2938 4126 :
3010 4071 3200 4138 Moab,
3261 4072 3372 4127 olla
3425 4074 3539 4146 spei

1959 4178 2107 4216 metu.

2028 4267 2216 4331 ludas,
2241 4268 2286 4322 si
2310 4282 2511 4322 nomen
2534 4267 2941 4337 interpreteris,
2959 4268 3338 4338 confusionem
3355 4276 3534 4323 sonat.

1958 4361 2090 4428 Quae
2118 4362 2265 4415 enim
2294 4362 2347 4414 in
2374 4361 2631 4430 precibus
2653 4361 2924 4415 confessio
2938 4369 3045 4425 est,
3071 4375 3234 4414 omne
3257 4361 3312 4413 in
3332 4362 3538 4415 sanctis

1962 4453 2168 4507 bonum
2217 4454 2554 4522 auspicatur.
2591 4452 2777 4507 Potest
2812 4464 2995 4506 autem
3034 4452 3200 4506 etiam
3250 4452 3419 4508 Judas
3477 4461 3539 4506 ut

272 4538 373 4599 δας
406 4553 421 4567 °
457 4538 516 4599 ὃς
564 4538 713 4590 ἐστιν
768 4537 1019 4606 ἀληθινὸς
1074 4536 1327 4606 βασιλεὺς
1356 4536 1448 4588 τοῦ
1480 4538 1853 4606 πνευματικοῦ

1966 4546 2179 4600 Domini
2208 4545 2376 4614 ﬁgura
2411 4544 2663 4613 intelligi,
2699 4544 2793 4613 qui
2830 4552 2916 4597 est
2942 4558 3109 4598 verus
3150 4559 3245 4599 rex
3268 4542 3535 4613 spiritalis

288 4629 509 4699 Ἰσραὴλ
536 4630 629 4682 καὶ
660 4627 891 4697 ὁρῶντος
916 4628 1047 4681 Θεόν
1080 4644 1094 4659 ο
1127 4631 1154 4680 ὁ
1185 4628 1323 4697 ὑπὲρ
1369 4629 1525 4697 ἡμῶν
1560 4629 1723 4698 ἡνίκα
1761 4630 1851 4696 γέ-

273 4737 436 4788 γονεν
470 4719 775 4789 ἄνθρωπος.
810 4718 1301 4788 ἐξομολογούμενος
1322 4720 1456 4789 πρὸς
1489 4720 1577 4771 τὸν
1612 4720 1854 4790 Πατέρα,

278 4815 377 4865 καὶ
440 4812 646 4879 λέγων,
700 4811 1209 4880 Ἐξομολογοῦμαί
1280 4827 1401 4876 σοι,
1442 4811 1631 4880 Πάτερ
1704 4813 1854 4880 ἅγιε.

277 4901 456 4957 Μωὰὸ
494 4903 569 4961 δὲ,
594 4903 839 4970 ἔντερον
868 4904 1090 4971 πατρὸς
1124 4904 1198 4974 (g)
1234 4905 1618 4973 ἑρμηνεύεται,
1656 4908 1857 4957 νοεῖται

278 4997 335 5049 δὲ
375 4997 436 5048 τὸ
496 4997 761 5066 ἡμέτερον
810 4996 987 5066 σῶμα,
1020 4996 1087 5049 δι’
1114 4990 1175 5050 οὗ
1220 4998 1357 5050 κατὶ
1414 4999 1513 5069 τὴν
1553 4998 1858 5069 πρακτικὴν

279 5091 602 5161 φιλοσοφίαν
624 5090 850 5163 λουτροῦ
874 5092 1048 5162 δίκην,
1075 5093 1210 5164 ὅπερ
1238 5094 1387 5163 δηλοῖ
1409 5095 1589 5162 σαφῶς
1618 5095 1646 5145 ὁ
1672 5094 1855 5166 λέϐης,

280 5186 315 5252 ἡ
372 5182 637 5252 κάθαρσις
685 5184 897 5251 πέφυκε
954 5185 1199 5253 γίνεσθαι
1257 5186 1365 5237 τῶν
1418 5188 1851 5255 ἁμαρτημάτων.

282 5272 568 5343 Κάθαρσις
592 5274 701 5345 γάρ
735 5276 881 5327 ἐστιν
902 5276 929 5327 ὁ
950 5275 1132 5345 λέϐης,
1156 5276 1255 5346 τῆς
1281 5276 1491 5338 ἐλπίδος
1516 5292 1528 5304 ·
1557 5276 1854 5341 τουτέστιν,

356 5430 379 5461 ⁸
411 5431 552 5484 Psal.
587 5449 659 5491 tv.
689 5431 744 5483 2.
822 5430 842 5460 ⁶
872 5429 1061 5485 Matth.
1094 5446 1168 5493 XI,
1198 5432 1287 5484 9.3.

356 5562 421 5634 (n
459 5564 841 5632 Kparalwmc.
868 5564 1011 5619 Psal.
1049 5580 1173 5626 cvu,
1196 5564 1249 5624 9,
1277 5564 1368 5619 ubi
1394 5564 1583 5617 eadem
1614 5578 1715 5634 vox
1754 5562 1863 5616 He-

287 5634 498 5696 braica,
532 5635 809 5702 iidemque
842 5634 1060 5702 repetiti
1088 5649 1301 5692 versus.
1342 5644 1425 5687 cst
1453 5633 1862 5699 ἁντίληψιςᾟιι-

281 5703 499 5764 silium.
536 5705 812 5773 susceptio,
851 5720 1013 5773 quam
1049 5712 1337 5773 utramque
1370 5720 1557 5757 vocem
1595 5702 1861 5757 Maximus

283 5775 515 5842 exponit
536 5791 552 5837 ;
576 5790 698 5829 cum
724 5774 795 5827 sit
822 5778 934 5827 sola
962 5774 1192 5826 variatio
1228 5774 1567 5842 interpretis.
1603 5773 1859 5841 Ephraim

286 5845 437 5914 quod
488 5844 803 5914 πλατυσμὸς
858 5844 1125 5910 redditur,
1164 5844 1499 5915 intelligatur
1526 5845 1704 5914 ampla
1729 5859 1858 5914 pro-

1966 4639 2187 4692 lsraelis
2228 4653 2291 4691 ac
2325 4636 2564 4691 videntis
2590 4638 2783 4691 Deum.
2822 4637 2928 4689 Pro
2974 4636 3133 4690 nobis
3180 4635 3325 4689 enim
3365 4634 3541 4690 factus

1963 4731 2127 4784 homo
2152 4728 2220 4782 ad
2260 4729 2477 4782 Patrem
2520 4727 2834 4792 conﬁtetur,
2880 4726 3088 4796 aitque,
3124 4725 3388 4794 Conﬁteor
3424 4726 3537 4790 tibi,

1963 4820 2127 4874 Pater
2149 4829 2327 4872 sancte
2345 4820 2383 4871 δ.
2419 4818 2575 4872 Moab
2598 4829 2802 4881 autem,
2830 4818 2875 4871 si
2906 4832 3108 4871 nomen
3134 4816 3538 4885 interpreteris,

1964 4919 2048 4965 est
2077 4912 2381 4963 intestinum
2405 4912 2593 4979 patris.
2620 4910 2952 4980 lntelligitur
2974 4920 3157 4964 autem
3198 4924 3544 4980 corpusne-

1964 5010 2135 5056 stram
2160 5019 2174 5065 ;
2197 5018 2326 5071 quo,
2355 5017 2455 5055 ceu
2486 5002 2659 5067 labro,
2683 5019 2781 5072 per
2804 5018 2923 5058 eam
2953 5001 3312 5073 philosophia:
3333 4992 3541 5072 partem

1965 5111 2086 5164 quae
2109 5094 2162 5147 in
2192 5107 2409 5147 actione
2441 5104 2694 5149 versatur
2726 5095 2800 5165 (id
2831 5095 2975 5148 enim
3002 5094 3291 5164 perspicue
3323 5093 3431 5147 olla
3464 5092 3543 5147 si-

1967 5183 2205 5255 gniﬁtat)
2225 5192 2630 5254 comparatum;
2652 5192 2711 5238 ut
2736 5183 3053 5238 emundatio
3076 5185 3170 5237 ﬁat
3190 5189 3540 5253 peccatorum

1966 5277 2059 5331 l-jst
2086 5277 2231 5330 enim
2271 5275 2441 5340 lcbes,
2470 5275 2625 5347 35.1
2654 5278 2769 5345 spei
2801 5277 3154 5344 emundatio;
3181 5292 3303 5348 qua:
3331 5275 3540 5332 scilicet

1972 5562 2127 5635 genie
2156 5562 2460 5616 secundum
2492 5562 2637 5631 quod
2668 5562 3002 5621 fructiﬁcare
3045 5565 3318 5635 signiﬁcat
3355 5574 3412 5621 ει
3460 5565 3540 5622 ΐε‹

1972 5633 2212 5685 cundum
2245 5648 2389 5686 esse.
3102 5633 3119 5635 ’
3393 5675 3396 5679 ι

2044 5704 2116 5780 (9)
2157 5705 2442 5780 Τεντερον
2487 5706 2728 5780 “qer
2768 5715 2908 5763 ικαὶ
2955 5705 3260 5774 simplicius
3300 5724 3332 5760 α
3364 5714 3536 5780 μίμνε.

1968 5779 2120 5846 (μιοᾴ
2147 5773 2365 5846 incesto
2404 5773 2699 5827 conenbit‘u
2744 5790 2808 5828 ex
2856 5785 3008 5846 patre
3046 5773 3537 5846 Susceptus,'Geu.

1967 5859 2077 5910 tux,
2108 5844 2196 5907 57,
2231 5853 2440 5897 mutato
2460 5854 2598 5897 tzere
2622 5846 2677 5899 in
2709 5862 2809 5898 tau
2841 5844 3057 5900 (halent.
