4218 6432
698 397 804 459 867

1865 401 1926 460 S.
1971 401 2253 460 MAXIMI
2291 401 2431 462 COS
2443 402 2796 464 FESSORIS

3841 417 3948 479 ξοδ

696 513 801 561 rite.
833 509 1098 566 institutis
1124 514 1247 567 vita:
1270 515 1592 576 rationibus,
1643 529 1739 583 per
1789 511 2260 574 emundationem,

2368 517 2521 583 ἡδιά
2578 516 2694 583 βίον
2744 519 2883 570 κατά
2947 521 3046 590 τὴν
3090 520 3356 591 κάθαρσιν
3408 523 3544 591 πρὶς
3574 525 3947 591 {uncam-.152:

696 601 763 652 ad
789 602 929 655 bona
953 605 1109 658 nobis
1135 606 1186 657 in
1205 621 1298 673 spe
1324 607 1580 674 reposita.
1617 607 1942 675 pmparatio
1969 621 2033 660 ac
2065 607 2268 660 babili-

698 708 783 745 las
798 695 1038 748 exsistit.

766 785 948 839 Potest
970 797 1150 839 autem
1181 804 1371 841 rursus
1399 789 1552 842 Moab
1575 791 1740 842 etiam
1772 790 1839 840 de
1873 789 2156 841 Dominica
2185 790 2268 842 in-

694 877 1010 930 carnatione
1042 878 1290 948 intelligi.
1317 881 1545 950 Propter
1569 897 1666 933 nos
1686 882 1832 933 enim
1873 881 2043 934 Filius
2089 882 2267 934 homi-

697 968 780 1020 nis
813 983 980 1022 verus
999 969 1150 1023 lebcs
1178 971 1292 1039 spei
1335 983 1534 1024 nostrze
1582 970 1756 1023 factus
1785 981 1869 1024 est
1911 973 2261 1041 exstititque;

695 1059 797 1111 boc
819 1070 923 1120 est,
955 1062 1048 1129 qui
1085 1063 1241 1114 nobis
1275 1078 1338 1114 ex
1384 1074 1608 1131 peccato
1645 1072 1955 1118 contractas
1977 1065 2167 1118 sordes
2199 1081 2263 1118 ac

693 1152 932 1205 maculas
952 1153 1101 1206 eluat
1122 1163 1281 1222 atque
1301 1154 1580 1208 emundet.

763 1348 825 1402 In
856 1349 1145 1402 ldummam
1173 1351 1450 1403 extendam
1471 1350 1890 1404 calceamentum
1922 1369 2117 1406 meum.

761 1460 1013 1523 ldum:ea,
1037 1463 1081 1515 si
1121 1478 1322 1516 nomen
1360 1465 1757 1532 interpreteris,
1792 1465 1964 1516 lutum
1996 1474 2082 1517 est
2115 1464 2258 1517 rubei

691 1569 787 1605 seu
821 1552 1096 1623 argillacei
1123 1554 1334 1617 coloris,
1369 1563 1654 1624 potestque
1687 1555 1753 1608 de
1783 1554 2061 1606 Dominica
2095 1568 2260 1606 carne

687 1646 1052 1714 v-xponi;qua
1091 1646 1157 1708 is,
1184 1661 1282 1699 ceu
1329 1647 1719 1705 calceamento,
1766 1645 1832 1697 ad
1881 1643 2131 1696 homines
2178 1644 2260 1696 in-

690 1750 910 1796 gressus
942 1736 1123 1800 venit;
1172 1751 1295 1789 cum
1326 1736 1461 1790 alias
1490 1745 1739 1788 creatura
1788 1734 2106 1788 Creatorem
2159 1751 2259 1787 na-

687 1836 809 1879 tura
837 1827 1107 1880 inﬁnitum
1138 1842 1201 1887 ac
1247 1826 1763 1896 ineompreliensuzn
1795 1840 2137 1894 nequaquam
2166 1840 2255 1878 ca-
2292 1852 2331 1905 Β

689 1933 818 1987 pere
846 1928 1050 1986 posset.

757 2010 942 2063 Potest
968 2025 1099 2062 vero
1141 2022 1333 2063 rarsus
1360 2011 1523 2063 etiam
1574 2009 1641 2062 de
1700 2011 1963 2077 cujusque
2007 2019 2254 2060 nostrum

685 2114 847 2150 carne
874 2098 1136 2163 intelligi;
1160 2099 1212 2150 in
1237 2114 1398 2167 quam
1417 2097 1766 2151 extendimus
1789 2099 2254 2150 calceamentum:

687 2188 1022 2240 munientem
1060 2189 1272 2242 scilicet
1301 2205 1330 2241 a
1366 2189 1566 2242 diaboli
1604 2189 1786 2257 pravis
1805 2188 2024 2241 tribulis
2051 2204 2113 2241 ac
2145 2192 2256 2256 spi-

685 2277 770 2329 nis
801 2278 1251 2333 exercitationem
1281 2293 1344 2331 ac
1369 2278 1788 2331 continentiam.
1816 2275 1927 2330 lloe
1959 2277 2104 2330 enim
2140 2279 2255 2330 cal-

683 2379 1030 2421 ceauientum
1063 2369 1476 2436 intelligendum
1498 2377 1600 2422 est.
1631 2369 1848 2436 Absque
1876 2371 2020 2422 enim
2045 2369 2257 2422 exerci-

684 2461 908 2520 tatione,
945 2461 1198 2528 seriaque
1229 2461 1588 2524 continentia,
1637 2460 1754 2514 ﬁeri
1803 2477 1910 2514 non
1954 2470 2152 2530 potest,
2194 2469 2255 2515 ut

681 2553 866 2604 carnis
903 2554 1031 2606 vitia
1067 2564 1363 2624 expugnet,
1383 2553 1475 2624 qui
1510 2555 1730 2624 pictatis
1749 2555 1928 2609 cultor
1960 2563 2063 2620 est,
2094 2564 2150 2610 et
2183 2555 2252 2610 ad

685 2658 807 2694 eam
831 2652 1072 2696 exercet.

750 2731 893 2798 Quin
917 2743 972 2787 et
1002 2749 1191 2789 rursus
1219 2735 1446 2805 intelligi
1482 2743 1661 2805 potest
1709 2736 1876 2790 animi
1907 2737 2251 2792 calceamen-

682 2835 821 2887 tum,
860 2825 1224 2880 mortiﬁcatus
1246 2843 1440 2882 sensus
1469 2813 1700 2882 rationis
1727 2829 1876 2882 cultu
1903 2836 1959 2881 et
2004 2837 2250 2882 eontem-

679 2915 975 2984 plationis;
1011 2933 1119 2985 quo
1155 2917 1372 2972 animus
1401 2918 1452 2970 in
1502 2919 1583 2972 eis
1619 2918 1884 2972 incedens
1911 2935 2032 2988 quae
2086 2935 2248 2973 sensu

678 3006 1078 3076 percipiuntur}
1103 3007 1322 3061 innoxie
1339 3008 1531 3061 transit
1557 3007 1725 3062 hocce
1749 3009 2009 3062 saeculum
2030 3007 2249 3074 {eorum

678 3101 909 3162 scilicet,
937 3099 1265 3153 intermedio
1291 3113 1456 3153 sensu
1503 3101 1653 3152 velut
1703 3099 2098 3162 calceamento,
2139 3100 2254 3153 col-

2370 611 2475 662 τῶν
2529 611 2646 662 κατ’
2678 610 2864 662 ἐλπίδα
2915 613 3291 681 ἀποκειμένων
3351 615 3482 682 ἡμῖν
3534 616 3755 682 ἀγαθῶν
3799 620 3948 672 ἐτοι-

2372 702 2558 769 μάτης-

2438 793 2668 844 Δύναται
2700 793 2756 844 δὲ
2797 793 2960 845 πάλιν
2992 794 3242 863 νοηθῆναι
3276 796 3305 848 ὁ
3343 798 3517 850 Μωάϐ
3560 799 3656 850 καὶ
3708 802 3790 860 εἰς
3841 801 3944 865 τὴν

2370 885 2644 953 σάρκωσιν
2681 882 2775 935 τοῦ
2808 885 3033 954 Κυρίου.
3064 885 3190 946 Υἱὸς
3233 888 3341 955 γὰρ
3365 888 3652 956 ἀνθρώπου
3696 889 3764 940 δι’
3791 890 3944 956 ἦμες

2366 975 2557 1043 γέγονέ
2583 992 2642 1027 τε
2669 976 2765 1027 καὶ
2794 977 3166 1045 ἐχρημάτισεν
3191 980 3219 1030 ὁ
3258 978 3509 1046 ἀληθινὸς
3536 979 3697 1048 λέϐης
3717 981 3818 1048 τῆς
3851 981 3942 1032 i1-

2368 1068 2522 1128 πίδος
2553 1065 2738 1135 ἡμῶν,
2773 1066 3051 1118 τουτέστιν
3079 1067 3107 1119 ὁ
3131 1068 3393 1136 ῥυπτικὸς
3450 1067 3545 1119 καὶ
3605 1067 3941 1135 taburnum»;

2366 1157 2474 1208 τῶν
2497 1157 2562 1208 ἐκ
2585 1156 2685 1224 τῆς
2713 1155 2986 1226 ἁμαρτίας
3013 1157 3298 1228 ἡμετέρων
3331 1158 3564 1226 κηλίδων
3591 1175 3653 1210 τε
3692 1159 3790 1210 καὶ
3840 1175 3940 1226 μο-

2364 1251 2426 1303 λυ
2436 1252 2604 1318 σμῶν.

2425 1346 2552 1397 Ἐπὶ
2587 1345 2700 1411 τὴν
2743 1345 3073 1412 Ἰδουμαίαν
3096 1341 3317 1396 ἐκτενῶ
3347 1343 3413 1395 τὸ
3444 1342 3722 1410 ὑπόδημὰ
3760 1361 3905 1410 μου.

2443 1459 2714 1527 Ἰδουμαία
2739 1497 2753 1519 ,
2779 1455 3111 1524 αἱματώδης
3167 1456 3360 1521 πηλὸς
3394 1455 3469 1522 (Ιι)
3530 1454 3894 1524 ἑρμηνεύεται
3919 1469 3936 1484 ο

2361 1552 2580 1603 δύναται
2611 1551 2665 1602 δέ
2693 1549 2966 1618 ληφθῆναι
2993 1549 3086 1599 καὶ
3118 1550 3195 1611 εἰς
3229 1548 3327 1616 τὴν
3355 1548 3534 1617 σάρκα
3570 1546 3662 1598 τοῦ
3684 1547 3898 1615 Κυρίου
3919 1561 3934 1574 ·

2361 1644 2425 1694 δι’
2459 1637 2524 1712 ἧς
2548 1641 2717 1710 ἐπέϐη
2742 1641 2816 1702 ὡς
2849 1640 2915 1692 δι’
2941 1640 3109 1705 ὑπώή
3120 1655 3286 1706 ματος
3311 1641 3424 1702 τοῖς
3455 1637 3765 1708 ἀνθρώποις
3790 1654 3806 1667 ο
3841 1636 3938 1688 ἀλ-

2361 1737 2467 1795 λως
2523 1734 2769 1804 χωρῆσαι
2818 1733 2909 1784 τὸν
2946 1732 3182 1800 ιιοιητην
3223 1730 3298 1800 μὴ
3338 1731 3641 1798 δυναμένης
3678 1729 3780 1797 τῆς
3813 1728 3935 1779 κτε-

2363 1843 2498 1888 σεως
2532 1842 2546 1854 ο
2584 1823 2808 1895 army/iv
2857 1839 2917 1874 τε
2968 1823 3060 1874 καὶ
3101 1819 3386 1891 ἀχώρητον
3425 1819 3570 1871 κατά
3609 1817 3772 1886 φύσιν
3799 1835 3934 1883 τυγ-

2359 1920 2607 1988 χάνοντα.

2428 2008 2659 2060 Δὺναται
2697 2006 2752 2062 δὲ
2798 2005 2959 2058 πάλιν
2995 2003 3250 2074 νοηθῆναι
3289 2004 3384 2056 καὶ
3439 2005 3518 2065 είς
3557 2002 3653 2071 τὴν
3698 2003 3932 2055 ἑκάστου

2356 2102 2512 2171 ἡμῶν
2542 2100 2720 2169 σάρκα
2756 2115 2769 2128 '
2807 2099 2894 2166 ἐφ’
2929 2092 2996 2168 ἦς
3020 2097 3333 2165 ἐκτείνομεν
3363 2095 3424 2148 τδ
3448 2095 3699 2163 ὑπόδημα
3723 2111 3738 2124 ·
3774 2110 3936 2145 τουτ-

2355 2197 2472 2248 έστι
2528 2193 2627 2262 τὴν
2685 2191 3029 2261 φρουροῖσαν
3057 2189 3352 2259 τὴνιζ-υχὴν
3402 2189 3509 2240 ἀπὸ
3543 2187 3650 2240 τῶν
3675 2185 3935 2256 πονηρῶν

2355 2286 2449 2339 τοῦ
2509 2285 2757 2339 διαϐόλου
2796 2283 3059 2352 τριϐόλων
3109 2299 3167 2333 τε
3197 2281 3293 2334 καὶ
3328 2280 3581 2334 ἀκανθῶν
3609 2280 3846 2347 ἀσκησίν
3875 2295 3934 2329 τε

2356 2375 2450 2426 καὶ
2481 2374 2805 2442 ἐγκράτειαν
2831 2387 2843 2398 ⁸
2876 2371 3032 2423 τοῦτο
3052 2370 3159 2440 γάρ
3183 2369 3288 2441 χρὴ
3311 2369 3546 2422 νοεῖσθαι
3565 2369 3624 2420 τδ
3651 2369 3931 2437 ὑπόδημα.

2359 2467 2522 2517 Ἀνευ
2555 2468 2663 2534 γάρ
2697 2466 2986 2533 ἀσκήσεως
3028 2465 3122 2516 καὶ
3172 2461 3434 2530 ἀκριϐοῦς
3484 2462 3831 2531 ἐγκρατείας,
3863 2460 3934 2512 τά

2354 2558 2454 2626 τῆς
2490 2556 2690 2626 σαρκὸς
2739 2555 2890 2624 πάθη
2929 2554 3335 2608 καταπαλαῖσαι
3382 2553 3473 2606 τὸν
3525 2555 3773 2624 ἀσκητὴν
3826 2552 3932 2620 τῆς

2354 2649 2657 2713 εὐσεϐείας,
2682 2649 2982 2717 ἀμήχανον.

2425 2742 2658 2794 Δύναται
2684 2740 2741 2794 δὲ
2789 2740 2952 2793 πάλιν
2986 2737 3243 2808 νοηθῆναι
3306 2735 3560 2806 ὑπόδημα
3600 2733 3804 2803 ψυχῆς,
3835 2735 3935 2787 καὶ

2355 2837 2388 2905 ἡ
2416 2835 2505 2888 διὰ
2556 2835 2714 2902 λόγου
2756 2832 2851 2884 καὶ
2875 2830 3106 2900 Θεωρίας
3145 2828 3480 2899 νεκρωθεῖσα
3528 2827 3783 2892 αἴσθησις
3814 2842 3829 2856 ·
3864 2825 3934 2877 δι’

2352 2924 2419 2999 ἧς
2446 2926 2802 2979 ἐπιϐαίνουσα
2832 2926 2866 2994 ἡ
2913 2923 3059 2994 ψυχὴ
3099 2923 3214 2986 τοῖς
3277 2921 3576 2992 αἰσθητοῖς,
3616 2922 3710 2974 τὸν
3759 2920 3936 2973 αἰῶνα

2351 3018 2540 3071 τοῦτον
2587 3015 2838 3076 ἀϐλαϐῶς
2893 3012 3297 3083 διαπορεύεται,
3330 3014 3454 3074 τοὺς
3503 3012 3684 3065 αὐτῶν
3739 3011 3936 3078 λόγους

2351 3110 2441 3162 διὰ
2462 3110 2636 3179 μέσης
2661 3110 2760 3178 τῆς
2785 3107 3089 3176 αἰσθήσεως
3109 3107 3185 3168 ὡς
3208 3105 3574 3176 ὑποδήματος,
3597 3120 3935 3172 φαντασιου-

679 3191 854 3260 ligens
878 3192 1151 3254 rationes;
1182 3205 1366 3244 rerum
1391 3189 1812 3259 aspectabilium
1845 3191 2018 3260 ﬁgura
2047 3190 2250 3245 forma-
2280 3187 2288 3228 ⁴

2359 3202 2526 3270 μένης
2552 3203 2650 3263 τὰς
2682 3199 2790 3253 τῶν
2822 3198 3032 3270 ὁρατῶν
3052 3199 3173 3250 κατ’
3204 3193 3346 3259 εῐδος
3393 3197 3490 3250 καὶ
3522 3197 3710 3264 σχῆμα
3743 3195 3935 3262 διαφο-

677 3299 786 3352 que
812 3283 1154 3338 differentias
1189 3281 1518 3336 informante
1543 3282 1801 3351 imagine,
1839 3283 1906 3336 ad
1947 3299 2112 3336 unam
2161 3300 2250 3338 so-

679 3376 898 3443 lamque
944 3383 1108 3443 atque
1170 3374 1475 3444 principem
1523 3374 1793 3428 rationem
1842 3375 2252 3446 intelligendam

681 3465 1218 3536 agnoscendamquc.

749 3582 877 3635 Mihi
907 3581 1219 3651 alienigena:
1245 3581 1438 3635 subditi
1462 3591 1604 3635 sunt.

750 3694 1013 3748 Veniente
1062 3695 1210 3748 enim
1243 3695 1476 3748 Domino
1526 3709 1625 3763 per
1672 3709 1895 3748 carnem
1954 3700 2022 3748 ad
2066 3704 2253 3749 nostra

680 3788 820 3851 loca,
855 3787 1088 3857 subjecti
1139 3795 1267 3841 sunt
1295 3787 1414 3856 ejus
1453 3785 1580 3838 forti
1647 3784 1899 3854 imperio,
1939 3802 2044 3840 non
2077 3788 2251 3840 solum

678 3893 821 3948 quos
853 3878 1128 3931 destruxit
1174 3877 1404 3946 spiritus
1451 3876 1744 3946 nequitia,
1791 3877 1882 3930 sed
1935 3887 1992 3930 et
2043 3888 2254 3934 cuneta:

678 3978 890 4039 gentes,
924 3977 1176 4038 suscepta
1209 3984 1305 4038 per
1343 3967 1690 4022 vocationem
1728 3968 2005 4038 Evangelii
2055 3970 2253 4038 [mndi-

678 4064 919 4125 calione,
972 4069 1138 4130 caput
1187 4062 1239 4115 ei
1300 4060 1630 4116 submisere.
1685 4059 2067 4130 Subjieiuutur
2121 4077 2253 4115 vero

678 4156 847 4208 etiam
873 4153 1023 4207 omni
1054 4154 1202 4223 justo
1237 4153 1576 4222 alienigena,
1606 4167 1731 4205 eum
1774 4152 1937 4205 missa
1964 4152 2115 4206 velut
2143 4153 2255 4206 cal-

678 4260 800 4308 ceo,
835 4245 889 4297 in
923 4260 1037 4298 suae
1071 4244 1254 4298 carnis
1278 4251 1504 4307 terram,
1545 4242 1756 4312 peccati
1799 4243 1972 4311 legem
2019 4243 2250 4296 mortiﬁ-

677 4343 838 4389 cante
873 4335 1234 4398 continentia,
1289 4335 1490 4390 nedum
1525 4334 1577 4387 in
1610 4349 1672 4388 ea
1703 4335 1980 4388 latitantes
2018 4335 2252 4387 immun-

677 4426 779 4480 dos
801 4426 1033 4480 aﬂ'ectus
1072 4425 1315 4496 vitiaque
1345 4426 1678 4487 cdomuerit,
1725 4425 1821 4480 sed
1853 4426 2017 4479 etiam
2053 4442 2246 4479 corum

2360 3295 2458 3364 ράς
2502 3293 2874 3361 ἀναλεγομένη
2920 3289 3054 3360 πρὸς
3105 3289 3202 3360 τὴν
3264 3288 3356 3341 τοῦ
3391 3288 3510 3350 ἐνὸς
3561 3288 3725 3357 μόνου
3752 3304 3814 3340 τε
3839 3288 3937 3340 καὶ

2357 3387 2588 3458 ἀρχικοῦ
2621 3386 2777 3454 λόγου
2809 3384 3021 3437 σύνεσιν
3043 3382 3137 3434 καὶ
3165 3381 3481 3450 ἐπίγνωσιν.

2645 3605 2806 3673 Ἐμοὶ
2837 3605 3182 3671 ἀλλόφυλοι
3211 3602 3624 3670 ὑπετάγησαν.

2439 3697 2633 3749 ἸΙνίκα
2653 3695 2762 3764 γὰρ
2789 3694 2876 3748 διά
2916 3694 3117 3763 σαρκὸς
3135 3697 3245 3757 τοῖς
3268 3693 3389 3746 καθ’
3420 3695 3564 3764 ἡμᾶς
3586 3694 3935 3764 ἐπεχωρίασε

2351 3789 2537 3849 τόποις
2569 3790 2596 3840 ὀ
2625 3787 2849 3856 Κύριος,
2876 3787 3123 3854 ὑπετάγη
3153 3785 3230 3854 τῷ
3262 3787 3453 3855 κράτει
3478 3786 3576 3854 τῆς
3607 3785 3795 3856 ισχὺος
3825 3787 3929 3839 αὑο

2352 3878 2445 3931 τοῦ
2472 3895 2487 3910 ο
2516 3879 2576 3930 οὐ
2611 3877 2768 3946 μόνον
2789 3877 3202 3948 καταργηθέντα
3230 3878 3297 3930 τὰ
3339 3877 3625 3947 πνεύματα
3678 3878 3783 3947 τῆς
3829 3897 3934 3932 πο-

2355 3971 2570 4042 νηρίας,
2617 3970 2752 4023 ἀλλά
2797 3970 2892 4021 καὶ
2941 3969 3117 4021 πάντα
3139 3969 3205 4021 τὰ
3238 3970 3364 4038 ἔθνη
3389 3969 3658 4038 δεξάμενα
3703 3969 3795 4022 διὰ
3829 3974 3934 4040 τῆς

2353 4063 2598 4133 κλήσεως
2650 4061 2744 4114 τοῦ
2794 4060 3125 4129 Εὑαγγελίου
3166 4061 3226 4112 τὸ
3267 4061 3566 4130 κήρυγμα,
3594 4061 3879 4129 ὑπέκυψεν
3913 4078 3930 4091 ·

2353 4155 2750 4209 ὑποτάσσονται
2784 4153 2842 4206 δέ
2867 4151 2963 4206 καὶ
2987 4153 3146 4205 παντὶ
3177 4151 3369 4220 δικαίῳ
3399 4153 3448 4203 οἱ
3468 4151 3778 4220 ἀλλόφυλοι,
3810 4152 3932 4221 ἠνί-

2351 4265 2424 4300 κα
2455 4245 2727 4300 ἐπιϐαλὼν
2757 4245 2944 4314 ὥσπερ
2980 4244 3234 4312 ὑπόδημα
3255 4246 3320 4313 τῇ
3345 4244 3414 4312 γῇ
3448 4243 3549 4311 τῆς
3591 4243 3796 4313 σαρκὸς
3824 4244 3931 4295 αὑ-

2349 4340 2444 4392 τοῦ
2477 4339 2577 4408 τὴν
2625 4335 2929 4405 νεκροῦσαν
2963 4337 3054 4388 τὸν
3089 4336 3250 4404 νόμον
3287 4333 3387 4403 τῆς
3418 4334 3689 4403 ἁμαρτίας
3716 4334 3931 4402 ἐγκρά-

2350 4447 2525 4492 τειαν,
2557 4427 2835 4497 δαμάσσει
2857 4427 2920 4478 οὑ
2953 4426 3110 4496 μόνον
3128 4426 3197 4479 τά
3219 4425 3607 4495 ἐμφωλεύοντα
3620 4424 3759 4494 αὑτῇ
3784 4426 3929 4478 ἀκά-

675 4525 934 4568 auctores
968 4529 1032 4568 ac
1074 4514 1388 4569 incentores
1421 4513 1791 4583 nequissimos
1837 4513 2112 4567 daemones
2146 4514 2244 4568 de:
2281 4527 2288 4580 ι

2352 4520 2527 4590 θαρτα
2561 4518 2730 4588 πάθη,
2761 4517 2897 4570 ἀλλὰ
2926 4518 3020 4569 καὶ
3055 4517 3180 4578 τοὺς
3212 4515 3569 4586 ἐνεργοῦντας
3598 4514 3773 4568 ταῦτα
3821 4533 3931 4569 πο-

675 4606 966 4661 struxerit.

746 4719 908 4772 Vzus.
943 4719 1026 4772 Il.
1086 4717 1215 4784 Qui;
1269 4718 1484 4771 deducet
1532 4733 1614 4771 me
1672 4719 1726 4770 in
1785 4717 2049 4770 civitatem
2107 4732 2246 4785 pra:-

671 4809 796 4862 δίἀἱὶ
814 4810 839 4861 ?

745 4943 989 4998 Praasidii
1019 4943 1232 5008 civitas,
1255 4942 1439 4998 Gragce
1466 4942 1748 5013 περιοχῆς,
1775 4959 1838 4998 ac
1862 4943 1907 4997 si
1935 4942 2095 5014 342
2126 4961 2245 4996 am-

675 5035 811 5088 bitus
850 5033 1003 5088 dicas
1062 5032 1316 5100 valloque
1366 5032 1670 5096 munitam,
1729 5032 1997 5101 sapientia
2047 5041 2131 5084 est
2178 5048 2244 5085 ex

675 5125 865 5180 multis
926 5123 1129 5178 divinis
1167 5132 1331 5192 atque
1385 5122 1632 5193 mysticis
1681 5121 2247 5190 contemplationibus

592 5212 597 5218 ’
670 5218 924 5279 collecta,
960 5214 1360 5269 circumuallata
1391 5230 1455 5267 ac
1482 5215 1710 5284 undique
1753 5213 1979 5275 munita,
2021 5220 2081 5265 ut
2106 5212 2246 5264 alius

668 5307 798 5377 quis
831 5307 1187 5376 interpretum
1213 5303 1406 5376 (ng.,
1430 5304 1644 5374 Tlieod.)
1674 5304 1934 5367 reddidit,
1972 5304 2242 5358 virtutum

672 5395 1079 5450 munitionibus
1111 5412 1174 5450 ac
1201 5395 1494 5465 praesidiis.

741 5491 851 5542 Aut
892 5503 1086 5541 rursus
1115 5487 1307 5541 civitas
1331 5487 1567 5556 praesidii
1599 5498 1702 5549 est,
1732 5495 1908 5540 status
1942 5487 2241 5556 ejusmodi,

671 5591 783 5647 quo
813 5577 896 5630 vir
934 5592 1065 5631 vere
1092 5577 1215 5644 pius
1244 5591 1308 5629 ac
1351 5576 1659 5644 religiosus,
1712 5575 2152 5644 inexpugnabilis
2181 5591 2244 5629 ac

741 5756 813 5823 (li)
841 5755 1178 5820 ΑΙμητὼδης
1219 5757 1411 5818 πηλτ’ς
1437 5765 1574 5816 mu,
1617 5754 1820 5814 rubere,
1864 5751 2084 5823 rubrum?
2110 5766 2239 5814 esse,

671 5820 843 5888 ruber,
894 5829 1042 5879 homo
1069 5867 1081 5889 ,
1121 5835 1262 5879 terra
1294 5825 1438 5878 rubri
1477 5839 1570 5878 seu
1607 5823 1882 5892 argillacci
1922 5820 2134 5886 coloris,
2175 5837 2238 5874 ex

2350 4612 2548 4682 vrjpoii;
2570 4611 2908 4680 καταργήσει
2937 4609 3214 4678 δαίμονας.

2564 4727 2660 4788 Τίς
2687 4723 2903 4786 ἀπάξει
2930 4739 3007 4791 με
3035 4725 3123 4780 sle
3164 4723 3344 4776 πόλιν
3385 4721 3697 4792 περιοχῆς-ς

2421 4923 2580 4984 Πόλις
2613 4922 2730 4973 ἐστὶ
2763 4921 3045 4990 περιοχῆς,
3076 4922 3108 4990 ἡ
3140 4921 3200 4972 ἐκ
3232 4919 3442 4972 πολλῶν
3478 4919 3927 4988 συνηθροισμένη

2347 5016 2505 5069 θείων
2539 5015 2631 5067 καὶ
2665 5013 2940 5084 μυστικῶν
2975 5014 3344 5084 θεωρημάτων
3375 5011 3535 5080 σοφία
3574 5012 3924 5078 περιεχομέ-

2346 5125 2445 5172 νη,
2473 5107 2639 5177 ήγουν
2677 5104 3217 5173 περιπεφραγμένη,
3249 5101 3434 5166 καθὼς
3459 5103 3644 5174 ἕτερος
3674 5104 3778 5172 ἔφη
3803 5103 3925 5156 τῶν

2346 5199 2599 5262 ἐκδοτῶν,
2631 5199 2745 5262 τοῖς
2769 5197 2879 5250 τῶν
2910 5196 3120 5267 ἀρετῶν
3145 5194 3512 5266 ὀχυρώμασιν.

2418 5482 2488 5532 Ἢ
2549 5482 2710 5534 πάλιν
2763 5479 2916 5540 πόλις
2973 5477 3092 5529 ἐστὶ
3141 5476 3437 5544 περιοχῆς,
3485 5472 3918 5544 ήκατάστασις,

2345 5570 2464 5623 καθ’
2501 5572 2566 5640 ἢν
2609 5569 2877 5630 ἀνάλωτος
2918 5568 3014 5620 καὶ
3057 5563 3507 5634 ἀπροσπέλαστος
3548 5561 3757 5630 γίνεται
3797 5563 3923 5623 τοῖς

2343 5765 2448 5817 qua
2476 5758 2531 5828 e_t
2552 5762 2753 5802 nomen
2783 5745 2992 5802 homini
3019 5745 3275 5811 inditum,
3316 5743 3461 5811 quod
3486 5744 3553 5800 de
3583 5744 3676 5798 illa
3705 5741 3921 5797 forma-

2345 5829 2432 5873 tus
2473 5828 2562 5872 Sll.
