4218 6432
302 413 407 480 869

1390 416 1805 477 EXPOSITIO
1844 418 1925 479 IN
1966 421 2330 485 PSALMUM
2369 424 2529 489 LIX.

3479 439 3587 511 870

301 525 608 595 πολεμίοις,
641 522 729 576 διὰ
782 522 880 594 τὴν
940 522 1286 593 φρουροῦσαν
1337 522 1504 574 αὑτὸν
1555 524 1666 576 τῶν
1716 524 1877 593 ἀγίωκ

1998 528 2316 586 inaccessus
2357 533 2613 588 hostibus
2638 536 2897 603 efﬁcitur,
2946 540 3093 609 quod
3123 553 3435 600 sanctarum
3466 549 3583 606 Po-

297 619 599 687 Δυνάμεων
656 614 966 688 περιϐολὴν,
992 615 1021 668 ὃ
1077 630 1139 682 γε
1193 612 1412 683 άληθῶς
1467 614 1727 687 θεοσεϐὴς
1790 618 1886 671 καὶ

298 709 569 778 φιλόθεος.

378 802 450 854 Ἦ
472 800 639 855 πάλιν
669 798 824 861 πόλις
874 799 991 853 ἐστὶ
1047 798 1330 869 περιοχῆς,
1361 799 1395 868 ή
1428 797 1575 870 λόγῳ
1624 800 1720 853 καὶ
1787 799 1887 870 βίῳ

297 892 678 963 τετειχισμένη
746 890 916 962 ψυχὴ,
948 891 1044 945 καὶ
1092 889 1299 953 πάσαις
1350 892 1473 954 ταῖς
1523 891 1635 945 τῶν
1674 890 1885 962 ἀρετῶν

295 956 509 1053 πλήόξυ
517 956 583 1036 σα
611 956 852 1052 χάρισιν..

377 1075 453 1127 Ἦ
484 1074 648 1128 πάλιν
680 1074 833 1137 πόλις
862 1073 981 1127 ἐστὶ
1004 1073 1282 1145 περιοχῆς,
1318 1074 1354 1145 ἡ
1388 1074 1487 1144 τῆς
1524 1073 1761 1144 ἀληθοῦς
1789 1075 1883 1127 καὶ

294 1165 598 1216 ἀπταίστου
642 1164 899 1233 γνώσεως
948 1163 1084 1231 ἕξις,
1118 1166 1153 1234 ή
1189 1167 1257 1219 ὲκ
1304 1166 1520 1219 πάντων
1572 1166 1779 1235 ἠθικῶν
1820 1183 1881 1219 τε

293 1255 393 1307 καὶ
421 1255 671 1323 φυσικῶν
719 1258 817 1310 καὶ
854 1256 1183 1325 θεολογικῶν
1212 1257 1587 1329 θεωρημάτων
1631 1275 1882 1331 περιεχο-

297 1347 437 1418 μένη
474 1364 489 1378 ·
519 1351 600 1412 είς
648 1350 715 1419 ἣν
747 1349 1021 1418 ἀπάγεται
1074 1352 1183 1413 πᾶς
1251 1351 1508 1421 εὐσεϐὴς,
1558 1351 1653 1403 ὑπ’
1713 1352 1876 1405 ἄλλου

298 1440 401 1508 μὲν
438 1440 680 1503 οὐδενὸς,
707 1440 814 1494 ὑπὸ
877 1441 1038 1513 μόνου
1065 1442 1123 1496 δὲ
1170 1441 1267 1495 τοῦ
1324 1441 1463 1495 Θεοῦ
1511 1442 1608 1495 τοῦ
1671 1443 1880 1505 πάντας

294 1531 437 1599 πρὸς
480 1534 676 1586 ἑαυτὸν
719 1533 971 1597 ἕλκοντος
1026 1534 1097 1588 δι’
1125 1533 1333 1603 ἄφατον
1384 1534 1719 1605 άγαθάτητος
1776 1536 1879 1604 μέ-

289 1624 478 1693 γεθος.

442 1716 523 1771 Ἢ
547 1718 641 1785 τίς
672 1718 963 1789 ὁδηγήσει
996 1736 1075 1787 με
1102 1718 1215 1786 ἕως
1232 1718 1342 1787 τῆς
1377 1718 1731 1788 Ἰδουμαίας.

381 1810 681 1879 Ἰδουμαία,
723 1809 909 1873 καθὼς
946 1810 1111 1876 ἔδειξε
1140 1811 1430 1882 προλαϐὼν
1461 1814 1491 1864 ὁ
1521 1811 1700 1878 λόγος,
1728 1810 1876 1864 ἐστὶν

2003 624 2262 673 testatum
2293 623 2550 689 praesidio
2579 626 2815 681 vallante
2854 631 3158 686 muniatur.

2063 800 2175 854 Aut
2223 817 2416 858 rursus
2456 805 2654 861 civitas
2684 811 2924 877 praesidii
2976 814 3158 867 anima
3190 824 3294 876 est,
3334 831 3457 885 qua:
3489 834 3579 874 ra-

1996 890 2143 945 tione
2167 908 2230 946 ac
2251 894 2366 948 vita
2392 896 2608 951 munita
2638 908 2743 963 est,
2775 902 3141 973 onmihusque
3162 904 3433 960 virtutum
3457 923 3581 977 gra-

1994 982 2085 1037 tiis
2119 984 2383 1041 abundat.

2060 1073 2172 1128 Aut
2198 1090 2394 1132 rursus
2435 1079 2633 1135 civitas
2680 1089 2766 1135 est
2816 1083 3081 1152 prtesidii,
3116 1100 3262 1141 verte
3304 1104 3580 1161 certaeque

1990 1167 2239 1223 scientiae
2270 1170 2517 1236 habitus,
2545 1189 2709 1241 quem
2765 1177 2993 1232 moralia
3024 1180 3229 1240 omnia,
3276 1184 3576 1238 naturalia-

1988 1272 2096 1325 que
2132 1273 2199 1312 ac
2244 1260 2561 1332 theologica
2585 1266 2745 1327 scita.
2776 1282 2876 1323 ceu
2924 1270 3183 1339 prmsidio
3234 1273 3433 1329 vallent
3460 1295 3472 1329 :
3504 1277 3575 1331 ad

1986 1362 2152 1415 quam
2199 1349 2494 1407 deducitur
2536 1355 2790 1426 quisquis
2830 1369 2914 1413 est
2944 1361 3165 1429 pietatis
3208 1365 3426 1431 cultor;
3463 1384 3571 1421 non

1985 1439 2095 1492 alio
2123 1439 2376 1507 ductore,
2412 1461 2580 1515 quam
2604 1448 2723 1504 solo
2753 1449 2884 1513 Deo,
2904 1453 2998 1520 qui
3026 1468 3137 1521 pra:
3166 1456 3450 1515 immensas,
3475 1458 3575 1512 ho—

1985 1531 2177 1588 uitatis
2196 1537 2598 1607 magnitudine,
2629 1539 2698 1594 ad
2728 1556 2788 1596 se
2821 1542 3112 1598 universos
3143 1548 3333 1602 trahit.

2054 1714 2163 1769 Aut
2181 1718 2297 1787 quis
2337 1718 2556 1773 deducet
2589 1738 2671 1776 me
2691 1739 2856 1794 usque
2883 1743 2934 1778 nt
2963 1726 3307 1784 “animum?

2054 1806 2315 1874 Idumaea,
2346 1811 2427 1864 uti
2459 1814 2625 1882 paulo
2652 1823 2781 1871 ante
2805 1817 3104 1873 declaravit
3139 1822 3338 1886 oratio,
3390 1826 3568 1881 omnis

291 1901 327 1969 ἠ
362 1902 582 1954 πάντων
609 1902 721 1955 τῶν
751 1903 857 1955 ὑπὸ
898 1903 1152 1973 αἴσθησιν
1200 1904 1521 1974 κτισμάτων
1568 1905 1833 1967 σὺστασις
1856 1920 1872 1935 ο

1980 1897 2073 1952 illa
2107 1906 2193 1952 est
2219 1914 2409 1956 rerum
2445 1901 2501 1955 in
2522 1917 2744 1957 sensum
2778 1906 3097 1962 cadentium
3133 1913 3444 1983 complexio
3491 1930 3560 1972 ac

288 1993 423 2064 περὶ
454 1993 522 2062 ἣν
553 1994 586 2063 ἡ
614 1993 672 2045 ὲν
702 1994 978 2065 πνεύματι
1012 1994 1219 2066 φυσικὴ
1260 1994 1465 2067 θεωρία
1519 1996 1872 2051 συνίστασθαι

287 2084 505 2153 πέφυκε
549 2100 560 2110 ·
594 2084 716 2138 καθ’
744 2086 812 2156 ῆν
844 2087 908 2138 ὲκ
930 2084 1200 2154 καλλονῆς
1220 2088 1314 2140 καὶ
1344 2086 1609 2155 μεγέθους
1636 2087 1873 2157 κτισμά-

285 2192 401 2227 των
426 2174 712 2243 ἀναλόγως
742 2177 771 2228 ὁ
796 2177 1177 2245 γενεσιουργδς
1198 2176 1276 2247 τῷ
1325 2177 1568 2241 εὐσεϐῶς
1614 2179 1874 2247 ἀναλεγο-

291 2267 439 2338 μινῳ
476 2267 577 2339 τὴν
614 2267 725 2321 τῶν
752 2267 922 2322 ιντων
946 2268 1149 2338 γνῶσιν
1177 2270 1485 2341 θεωρεῖται.

368 2450 440 2501 'll
471 2450 655 2519 τυχδν,
688 2451 722 2521 ή
777 2450 900 2504 κατ’
956 2449 1159 2520 ἀρετὴν
1195 2451 1474 2521 πρακτικὴ
1523 2448 1616 2504 διὰ
1669 2450 1870 2521 σαρκὸς

287 2530 580 2612 φιλοσοφία
607 2559 626 2578 ο
661 2545 784 2598 καθ’
814 2546 885 2614 ἢν
934 2544 1029 2598 τοῦ
1080 2544 1239 2612 ἁγίου
1295 2544 1615 2612 Πνεῦματος
1654 2546 1868 2629 γίνεταί.

288 2634 417 2697 ναὸς
458 2635 521 2687 τὸ
550 2635 823 2705 ἡμέτερον
858 2635 1039 2705 σῶμα,
1070 2637 1182 2698 τοῖς
1200 2634 1307 2688 τῶν
1348 2636 1582 2688 ὲντολων
1617 2652 1863 2688 συνοικο-

285 2724 621 2794 δομούμενον
655 2724 911 2777 κάλλεσιν
944 2742 960 2757 ·
997 2727 1078 2789 εἰς
1107 2727 1174 2796 ἣν
1200 2727 1230 2777 ὁ
1268 2724 1432 2789 αὐτὸς
1467 2725 1632 2779 πάλιν
1674 2726 1867 2797 ὁδηγεῖ

293 2813 523 2884 Κύριος,
591 2816 950 2886 χαριζόμενος
1001 2818 1117 2880 τοῖς
1170 2815 1456 2884 ἀγαπῶσιν
1535 2816 1699 2871 αὐτὸν
1768 2819 1865 2872 καὶ

282 2906 393 2956 τῶν
439 2907 734 2977 ὁρωμένων
793 2908 891 2978 τὴν
944 2908 1278 2978 ἐπιστήμην,
1308 2908 1406 2961 καὶ
1433 2908 1702 2962 διδάσκων
1749 2911 1862 2964 τῶν

286 3000 469 3070 μελῶν
503 3001 603 3071 τῆς
635 3002 830 3071 γηῖνης
849 3000 1053 3072 ταύτης
1084 3002 1178 3055 καὶ
1197 3002 1466 3072 ὲπικήρου
1521 3002 1723 3073 σαρκὸς
1763 3003 1865 3074 τὴν

283 3092 575 3162 νέκρωσιν.

365 3185 457 3247 Ἣ,
511 3185 601 3240 ἵνα
621 3184 856 3239 συνελὼν
878 3187 1036 3249 εἴπω,
1066 3185 1222 3247 πόλις
1257 3185 1378 3238 ἐστὶ
1402 3187 1663 3256 περιοχῆς
1688 3190 1721 3259 ἡ
1752 3188 1861 3244 τῶν

281 3276 493 3345 νοητῶν
525 3277 802 3348 γνωστικὴ
852 3276 1076 3348 θεωρία.
1118 3275 1395 3347 Ἰδουμαία
1429 3276 1565 3350 δὲ,ή
1612 3280 1722 3332 τῶν
1770 3282 1858 3335 αἱ·

284 3368 500 3438 σθητῶν
553 3370 830 3439 ἐπιστήμη
860 3386 877 3403 ο
911 3372 993 3433 είς
1031 3370 1099 3432 ἃς
1153 3369 1357 3437 ἀπάγει
1403 3385 1463 3422 τε
1493 3370 1589 3423 καὶ
1616 3372 1802 3441 ὁδηγεῖ
1824 3373 1859 3443 ἡ

285 3460 423 3530 μόνη
451 3460 546 3513 τοῦ
570 3460 704 3515 Θεοῦ
734 3463 827 3515 καὶ
870 3462 1075 3537 πατρὸς
1116 3461 1301 3528 σοφία.
1323 3460 1354 3513 6
1381 3463 1677 3534 μονογενὴς
1710 3465 1854 3529 Υἱός.

280 3551 375 3603 Διὸ
410 3551 637 3621 ἐπάγων
660 3553 688 3605 ὁ
718 3552 1034 3623 Προφήτης,
1062 3552 1228 3623 φησίν
1254 3569 1270 3583 -

427 3730 573 3800 Οὐχ)
608 3731 691 3784 σὺ
732 3734 765 3785 ὁ
806 3730 949 3797 Θεὸς
988 3735 1021 3786 ό
1068 3733 1463 3804 ἀπωσάμενος
1492 3734 1693 3805 futue;

351 3822 666 3887 Τουτέστιν,
698 3824 778 3875 ὅτι
829 3824 902 3877 Σὺ
945 3824 973 3877 6
1020 3824 1149 3889 Θεὸς
1183 3827 1213 3879 ὁ
1249 3827 1368 3879 κατ’
1413 3827 1587 3897 ἀρχάς
1618 3826 1705 3880 διά
1759 3826 1857 3897 τὴν

281 3913 563 3983 ἁμαρτίαν
606 3914 968 3982 ἀπωσάμενος
1006 3904 1162 3987 ἡμᾶς
1195 3933 1210 3947 ο
1241 3917 1406 3980 αὐτὸς
1445 3918 1535 3971 διὰ
1572 3918 1857 3989 σπλάγχνα

280 4004 469 4067 ἐλέους
496 4022 590 4057 σου
619 4008 987 4076 οἰκτειρήσας,
1017 4009 1255 4073 ἀπάγεις
1284 4012 1368 4072 είς
1390 4011 1545 4064 πόλιν
1572 4011 1853 4082 περιοχῆς,

278 4097 378 4150 καὶ
409 4096 624 4165 ὁδηγεῖς
650 4096 755 4160 ἕως
775 4096 874 4167 τῆς
921 4098 1242 4168 Ἰδουμαίας,
1271 4101 1410 4154 κατὰ
1433 4101 1535 4171 τὴν
1556 4103 1856 4173 προαποδε-

277 4186 512 4257 δομὲνην
543 4186 826 4258 ἐξήγησιν.

276 4382 390 4437 Kal
417 4384 529 4437 οὐκ
566 4383 885 4452 ἐξελεύσῃ,
925 4387 959 4438 ὁ
1018 4384 1183 4452 Θεὸς,
1225 4386 1298 4440 ἐν
1342 4387 1474 4452 ταῖς
1521 4387 1857 4458 δυνάμεσιν

976 4477 1161 4545 ἡμῶν.

1976 1989 2289 2059 congeries,
2326 1991 2473 2046 circa
2508 2009 2672 2062 quam
2702 2006 2956 2050 versatur
2976 2001 3247 2057 naturalis
3280 2002 3335 2058 in
3361 2006 3563 2074 spiritu

1974 2082 2542 2153 contemplatio;qua,
2573 2101 2639 2140 ex
2666 2087 3083 2156 pulchritudine
3104 2101 3160 2146 et
3183 2098 3563 2165 magnitudine

1975 2188 2164 2228 rerum
2209 2177 2561 2241 creatarum',
2606 2193 2707 2247 per
2746 2182 3160 2251 proportionem
3201 2202 3393 2242 carum
3439 2190 3557 2260 ipse

1971 2263 2240 2318 Conditor
2298 2267 2367 2320 ab
2418 2283 2485 2321 eo
2543 2271 2884 2340 conspicitur
2915 2275 2933 2304 "
2962 2314 2976 2339 ,
3034 2277 3131 2346 qui
3181 2277 3424 2348 ipsarum
3471 2282 3562 2352 pie

1972 2355 2266 2411 scientiam
2308 2358 2551 2428 colligat.

2038 2448 2151 2501 Aut
2179 2446 2320 2502 forte
2354 2449 2727 2521 philosophia,
2757 2467 2857 2523 per
2891 2472 3115 2514 carnem
3151 2462 3386 2518 actionis
3429 2464 3558 2521 fun-

1969 2533 2154 2588 ctione
2180 2534 2443 2590 virtutem
2476 2539 2701 2606 colens;
2733 2557 2840 2610 qua
2871 2560 3073 2616 corpus
3095 2560 3347 2606 nostrum
3378 2552 3561 2625 Spiri-

1970 2631 2061 2678 tus
2078 2626 2255 2679 sancti
2288 2629 2552 2697 templum
2588 2631 2869 2700 eil'ectum,
2904 2640 3289 2697 mandatorum
3321 2647 3557 2715 pulchre

1966 2719 2307 2773 ornamentis
2341 2720 2749 2778 comdilicutur:
2783 2727 2849 2780 ad
2879 2744 3042 2798 quam
3072 2733 3336 2791 Dominus
3364 2754 3558 2795 rursus

1967 2808 2218 2874 deducit,
2268 2810 2362 2880 qui
2388 2811 2752 2883 diligentibus
2789 2818 2992 2889 ipsum,
3028 2824 3194 2878 etiam
3255 2843 3442 2884 rerum
3496 2830 3560 2887 in,

1966 2909 2251 2969 aspectum
2273 2901 2587 2958 cadentium
2618 2908 2902 2964 scientiam
2921 2912 3221 2983 largiatur;
3249 2918 3555 2992 doceatque

1964 2999 2202 3047 terrenae
2232 2994 2397 3065 hujus
2419 3012 2483 3052 ac
2515 3001 2766 3056 mortalis
2795 3005 2976 3059 carnis
2997 3009 3372 3066 membrorum
3408 3029 3555 3069 mor-

1967 3084 2347 3141 titicationcm.

2034 3178 2183 3243 Sive,
2208 3188 2270 3234 ut
2296 3183 2486 3252 paucis
2510 3186 2819 3254 expediam,
2839 3189 3035 3247 civitas
3057 3196 3298 3263 prasidii
3330 3215 3394 3255 ac
3422 3217 3548 3258 mu-

1966 3270 2273 3326 nitionibus
2299 3273 2500 3338 cincta,
2541 3276 2697 3331 docta
2726 3288 2811 3334 est
2842 3296 3027 3338 rerum
3053 3287 3382 3356 spiritalium
3411 3307 3549 3348 con-

1969 3366 2273 3435 templatio.
2301 3367 2535 3423 ldumtea
2568 3384 2724 3437 vero,
2753 3387 2968 3441 eorum,
3026 3394 3147 3447 quae
3178 3397 3340 3438 sensu
3362 3386 3546 3455 perci-

1964 3456 2214 3525 piuntur,
2238 3459 2501 3525 scientia;
2538 3463 2606 3517 ad
2639 3479 2777 3532 quas
2821 3466 3047 3523 deducit
3074 3471 3397 3544 dirigitque,
3441 3478 3539 3546 qui

1964 3548 2077 3603 sola
2137 3549 2235 3604 Dei
2288 3552 2551 3620 sapientia
2589 3554 2640 3617 ⁸,
2688 3556 3005 3626 unigenitus
3070 3562 3243 3619 Filius
3304 3567 3541 3625 exsistit.

1962 3637 2330 3705 Quamobrem
2364 3642 2607 3698 subdens
2627 3646 2921 3717 Propheta,
2954 3651 3033 3707 ait
3061 3670 3074 3706 :

2030 3731 2196 3786 Vens.
2242 3732 2309 3785 12
2351 3733 2542 3788 Nonne
2574 3745 2651 3799 tu,
2701 3736 2859 3803 Deus,
2885 3742 2976 3810 qui
3002 3745 3243 3814 repulisti
3269 3751 3403 3804 nos?

2033 3822 2151 3877 Hoc
2177 3832 2285 3887 est,
2313 3833 2371 3878 tu
2394 3825 2560 3891 Deus,
2593 3828 2685 3896 qui
2712 3843 2740 3882 a
2773 3831 3050 3903 principio
3087 3849 3314 3907 propter
3342 3856 3541 3909 pecca-

1964 3922 2076 3968 tum
2091 3929 2191 3969 nos
2221 3915 2487 3984 repulisti,
2518 3915 2634 3985 ipse
2661 3930 2887 3990 propter
2914 3924 3124 3980 viscera
3146 3929 3543 3989 misericordiae

1964 4014 2072 4060 tuae
2100 4006 2383 4071 misertus,
2418 4006 2661 4063 deducas
2716 4026 2819 4066 nos
2852 4013 2905 4067 in
2962 4016 3243 4074 civitatem
3296 4026 3540 4091 praesidii

1959 4095 2120 4167 343
2169 4105 2333 4166 atque
2388 4101 2695 4167 munitam;
2738 4103 3045 4176 ductorque
3092 4112 3204 4165 eris
3247 4129 3423 4183 usque
3481 4118 3538 4173 in

1960 4189 2279 4257 Idumzeam,
2308 4187 2464 4263 juxta
2496 4194 2898 4262 expositionem
2933 4199 2987 4252 in
3010 4204 3392 4270 superioribus
3425 4216 3538 4262 tra-

1960 4280 2150 4335 ditam.

2028 4406 2101 4461 Et
2124 4424 2228 4461 non
2255 4410 2561 4479 egredieris,
2587 4410 2750 4480 Deus,
2783 4415 2839 4467 in
2870 4417 3181 4471 exercitibus
3216 4424 3429 4475 nostris.

349 4566 427 4618 Οὐ
460 4566 571 4636 γὰρ
605 4566 940 4632 ἐξελεύσεται
963 4568 991 4620 ὁ
1015 4568 1146 4629 Θεὸς
1178 4570 1237 4620 ὲν
1279 4568 1359 4638 τῷ
1396 4570 1484 4638 ἐφ’
1520 4571 1697 4641 ἑαυτῷ
1727 4572 1855 4645 θαρο

2023 4577 2145 4631 Νοιι
2167 4577 2314 4632 enim
2345 4580 2490 4636 Deus
2512 4598 2635 4637 cum
2665 4585 2760 4640 illo
2791 4589 3128 4657 egredietur,
3149 4594 3242 4662 ιιιιί
3279 4595 3333 4649 ἰη
3354 4597 3539 4667 seipso

276 4656 489 4728 ροὖντι,
552 4660 645 4710 καὶ
692 4659 783 4710 ἐπὶ
821 4658 897 4729 τῷ
924 4659 1061 4729 τόξῳ
1087 4659 1382 4724 ἐλπίζοντι,
1409 4662 1551 4715 κατὰ
1588 4664 1686 4732 τὴν
1729 4666 1855 4734 ῥομ-

275 4747 446 4815 φαίαν
478 4748 901 4819 ἐπιγραφομένῳ
940 4749 1132 4802 ἑαυτοῦ
1157 4752 1437 4820 σωτήριον.
1479 4751 1619 4804 Ἀλλ’
1650 4757 1709 4806 ἐν
1739 4758 1853 4818 τοῖς

273 4839 333 4890 ὲν
358 4838 508 4909 αὑτῷ
540 4839 619 4909 τῷ
639 4839 757 4907 Θεῷ
784 4840 1097 4910 κερατιοῦσι
1130 4843 1256 4905 τοὺς
1290 4843 1538 4913 ἐχθροὺς,
1562 4845 1658 4899 καὶ
1684 4846 1743 4898 ἐν
1772 4848 1851 4915 τῷ

271 4929 500 4999 ὀνόματι
546 4930 709 4982 αὐτοῦ
744 4930 1077 4995 ὲξουδενοῦσι
1109 4934 1231 4996 τοὺς
1271 4935 1731 5007 ἐπανισταμένους
1754 4939 1850 4991 αὐ-

270 5020 406 5083 τοῖς,
448 5017 674 5081 εἰκότως
700 5020 729 5071 ὁ
760 5019 891 5082 Θεὸς
923 5020 1262 5086 ἐξελεύσεται
1296 5026 1433 5094 πρὸς
1457 5025 1548 5078 τὸν
1575 5026 1717 5080 κατὰ
1737 5028 1846 5080 τῶν

270 5110 523 5180 ἀοράτων
547 5110 757 5182 ἐχθρῶν
787 5111 1042 5181 πόλεμον.

269 5204 384 5267 Δὸς
420 5201 563 5270 ἡμῖν
593 5201 884 5271 βοήθειαν
916 5204 985 5256 ἐκ
1020 5206 1300 5273 θλίψεως,
1333 5210 1429 5261 καὶ
1480 5213 1704 5278 ματαία
1732 5228 1848 5265 σω-

630 5305 653 5364 ]
800 5296 972 5363 τηρία
987 5296 1319 5365 ἀνθρώπου.

344 5384 624 5449 Εὑκτικῶς
650 5386 827 5441 δέεται
854 5386 948 5439 τοῦ
982 5387 1116 5441 Θεοῦ
1148 5392 1242 5444 καὶ
1263 5392 1513 5464 Σωτῆρος
1563 5396 1627 5449 ἐκ
1676 5414 1847 5466 προσ-

266 5476 419 5530 ὠπου
469 5478 569 5548 τῆς
603 5478 791 5549 κοινῆς
842 5479 1102 5548 φύσεωςὸ
1134 5484 1443 5555 Προφήτης,
1476 5486 1693 5557 δοθῆναι
1716 5493 1847 5560 ἡμῖν

267 5569 525 5639 βοήθειαν
579 5571 643 5623 ἐκ
696 5571 795 5641 τῆς
838 5571 1070 5641 θλίψεως
1099 5589 1112 5602 ·
1142 5574 1341 5647 δηλαδὴ
1380 5577 1481 5646 τῆς
1510 5582 1847 5635 κατασγεεα-

267 5662 491 5729 σθείσης
521 5661 622 5731 τῆς
664 5662 875 5731 φύσεως
919 5662 1008 5716 διὰ
1048 5663 1148 5735 τὴν
1187 5666 1480 5735 ἁμαρτίαν,
1542 5670 1635 5721 καὶ
1683 5671 1843 5742 μέχρι

346 5829 365 5858 ⁷
407 5825 533 5895 Sap.
566 5842 681 5891 xm,
713 5826 765 5881 5.
842 5826 864 5859 ⁸
895 5826 916 5882 l
949 5825 1078 5883 Cor.
1112 5843 1151 5896 ι,
1196 5828 1286 5884 24.

1365 5831 1385 5860 ⁸
1419 5831 1562 5887 Psal.
1596 5851 1743 5900 XLIII,
1775 5837 1827 5900 6,
1865 5840 1911 5892 7.

1952 4669 2205 4735 conlidit,
2241 4670 2620 4742 speratque'iu
2656 4692 2785 4733 arcu
2811 4694 2933 4745 suo,
2981 4697 3045 4737 ac
3082 4686 3179 4753 qui
3219 4687 3402 4756 gladio
3434 4706 3540 4746 suo

1952 4760 2185 4815 salutem
2231 4764 2461 4819 ascribit
2496 4784 2510 4833 ς
2551 4768 2645 4823 sed
2671 4784 2794 4823 eum
2826 4772 2916 4836 iis,
2946 4774 3039 4843 qui
3072 4776 3124 4829 in
3151 4777 3268 4847 ipso
3300 4781 3539 4839 Domino

1952 4852 2207 4907 inimicos
2256 4857 2604 4913 ventilabunt
2643 4876 2813 4914 cornu
2840 4904 2853 4927 ,
2910 4874 2967 4919 et
3011 4866 3065 4920 in
3110 4869 3229 4936 ejus
3261 4874 3516 4945 inomine

1951 4955 2215 5013 spernent
2251 4947 2597 5019 insurgentes
2636 4952 2691 5006 in
2724 4955 2873 5023 ipsos
2902 4957 2944 5022 ³,
2972 4960 3171 5015 merito
3204 4962 3349 5033 Deus
3370 4967 3533 5033 e"gre~

1950 5035 2152 5098 dietur,
2178 5038 2243 5091 ad
2281 5040 2677 5097 conferendum
2709 5047 2974 5104 adversus
3000 5050 3310 5107 invisibiles
3337 5054 3537 5112 hostes

1949 5128 2227 5195 prmliuur.

2018 5218 2179 5273 Vens.
2217 5221 2304 5275 l3.
2340 5223 2423 5278 Da
2455 5227 2601 5280 nobis
2662 5230 2927 5285 auxilium
2958 5233 3021 5286 de
3055 5235 3432 5305 tribulatione;
3481 5249 3534 5297 et

1947 5327 2083 5364 uana
2116 5312 2261 5366 salus
2286 5317 2533 5383 hominis.

1952 5496 2169 5563 generis
2202 5501 2424 5555 nomine
2453 5511 2605 5571 rogat
2631 5503 2924 5573 Propheta,
2960 5520 3021 5565 ut
3050 5511 3211 5565 detur
3241 5513 3400 5567 nobis
3425 5530 3528 5568 au«

1951 5584 2143 5638 xilium
2172 5588 2239 5641 de
2272 5590 2656 5658 tribulatione;
2680 5609 2802 5663 qute
2825 5599 3034 5653 scilicet
3063 5610 3293 5669 propter
3320 5618 3522 5670 peccata

1953 5683 2064 5728 tum
2098 5676 2151 5731 in
2193 5689 2444 5742 naturam
2502 5680 2609 5738 late
2653 5685 2828 5741 causa
2857 5695 2965 5753 est,
2999 5698 3164 5760 atque
3195 5692 3263 5746 ad
3317 5692 3524 5752 inferni
