4218 6432
722 423 820 483 871

1873 423 1936 481 Β.
1976 422 2262 482 ΜΛΧΙΜΙ
2301 425 2809 489 CONFESSORIS

3872 425 3982 488 872

721 548 894 601 usque
927 542 1112 602 portas
1144 549 1264 587 eam
1300 531 1521 601 premit.
1551 532 1647 586 Est
1671 532 1841 594 enim,
1903 541 1962 585 ut
2006 534 2283 597 existimo,
2317 541 2362 596 Α

2317 541 2362 596 Α
2389 537 2497 588 τῶν
2544 535 2639 589 τοῦ
2691 537 2822 607 ᾅδου
2873 536 3058 592 πυλῶν
3102 535 3274 606 αὐτὴν
3319 535 3756 606 καταπιεσάσης.
3785 535 3980 605 Θλιψις

719 625 1023 687 tribulatio,
1046 624 1237 676 mortis
1268 624 1387 676 dira
1410 624 1513 685 vis,
1563 638 1627 676 ac
1659 623 1997 688 dominatio;
2023 624 2286 678 auxilium

717 731 872 776 vero,
912 715 1062 767 ﬁrma
1092 730 1188 782 per
1243 715 1473 782 gratiam
1543 714 1970 770 resurrectionis
2031 731 2199 784 spes:
2231 715 2288 770 in

715 821 878 873 quam
903 805 1229 873 aspicientes
1279 806 1354 874 pii
1396 805 1669 871 homines,
1718 807 1914 861 mortis
1939 807 2281 874 maestitiam,

717 900 864 951 nulla
900 895 1118 950 tristitia
1142 910 1239 950 seu
1275 896 1463 952 dolore
1489 897 1725 959 subacti,
1748 897 2002 950 tolerant.

781 1078 889 1132 Aut
913 1093 1104 1131 rursus
1126 1075 1412 1130 tribulatio
1435 1085 1520 1130 est
1537 1117 1553 1140 ,
1579 1076 1673 1144 qui
1702 1075 1925 1130 virtutis
1948 1091 2111 1130 causa
2133 1075 2290 1130 labor

713 1170 1046 1240 suscipitur:
1091 1171 1355 1224 auxilium
1383 1185 1536 1233 vero,
1557 1185 1678 1238 quae
1705 1186 1804 1240 per
1835 1170 1930 1224 Dei
1951 1170 2180 1240 gratiam
2209 1169 2287 1224 illi

713 1280 900 1318 comes
953 1273 1058 1328 est,
1108 1263 1565 1332 imperturbatio;
1610 1264 1698 1318 cui
1759 1271 2072 1332 comparata
2107 1261 2289 1316 omnis

713 1355 1001 1408 hominum
1028 1355 1196 1418 salus,
1232 1353 1446 1408 vanitas
1466 1364 1552 1408 est
1579 1370 1900 1423 merumque
1934 1354 2070 1408 nihil
2095 1362 2152 1409 et
2171 1368 2290 1408 ces-

713 1446 874 1500 satio.
908 1445 964 1500 ld
985 1446 1132 1499 enim
1159 1446 1361 1514 merito
1380 1445 1676 1500 vanitatem
1711 1446 2003 1516 intelligas.

780 1537 940 1590 Vens.
980 1536 1064 1590 M.
1095 1536 1157 1590 In
1187 1535 1294 1589 Deo
1322 1536 1581 1605 faciamus
1634 1539 1914 1591 virtutem'
1950 1546 2000 1591 ct
2047 1538 2160 1608 ipse
2217 1539 2288 1592 ad

712 1626 937 1680 nihilum
971 1626 1187 1680 deducet
1217 1626 1530 1680 tribulantcs
1550 1645 1662 1681 nos.

780 1729 839 1782 In
866 1730 976 1784 Deo
1017 1729 1223 1784 faciunt
1272 1731 1555 1792 virtutem,
1586 1730 1678 1798 qui
1734 1746 1842 1783 non
1884 1729 1988 1782 sibi
2029 1729 2160 1798 ipsis
2187 1730 2287 1783 tri-

711 1817 888 1872 buunt
913 1819 1177 1872 virtutum
1203 1817 1467 1884 facinora,
1489 1834 1666 1888 neque
1684 1833 1796 1873 sua:
1816 1817 2100 1887 sapientiae
2120 1817 2289 1872 ascri-

2389 629 2520 699 γὰρ,
2544 629 2666 682 κατ’
2696 628 2798 696 ἐμὲ
2836 629 3021 697 φάναι,
3055 631 3088 698 ὴ
3122 626 3220 680 τοῦ
3253 626 3482 682 θανάτου
3515 629 3609 680 καὶ
3636 627 3738 696 τῆς
3769 626 3983 696 φθορᾶς

2390 721 2506 772 ἐστι
2527 720 2781 789 τυραννὶς
2811 721 2905 772 καὶ
2925 720 3252 792 ἐπικράτεια
3281 733 3294 747 ⁸
3325 719 3545 789 βοήθεια
3581 719 3660 778 δὲ.
3704 721 3739 788 ἠ
3768 718 3859 770 διὰ
3880 722 3980 789 τῆς

2389 811 2608 880 χάριτος
2661 809 2855 880 βεϐαία
2905 812 3007 881 τῆς
3048 812 3398 873 ἀναστάσεως
3464 809 3620 872 ἐλπίς
3649 827 3664 839 θ
3721 810 3867 878 πρὸς
3910 810 3980 880 ῆν

2388 902 2702 971 ἀφορῶντες
2754 905 2804 955 οἱ
2850 903 3117 969 εὐσεϐεῖς,
3145 903 3245 974 τὴν
3271 901 3366 955 τοῦ
3404 901 3638 956 θανάτου
3668 903 3980 972 κατήφειαν

2387 993 2610 1055 ἀλύπως
2641 993 2797 1062 διαφέ
2807 1009 3011 1062 ρουσιν.

2461 1087 2533 1138 Ἢ
2590 1086 2753 1139 πάλιν
2810 1085 2993 1154 θλίψις
3052 1086 3221 1151 ἐστὶν,
3282 1087 3312 1139 ὁ
3364 1084 3505 1154 ὑπὲρ
3532 1083 3736 1154 ἀρετῆς
3765 1081 3931 1144 πόνος
3960 1097 3976 1111 ⁸

2390 1175 2613 1246 βοήθεια
2666 1177 2744 1240 δὲ,
2799 1180 2832 1248 ὴ
2861 1177 3052 1230 τοῦτον
3089 1176 3444 1247 διαδεχομένη
3475 1175 3617 1228 κατὰ
3648 1173 3784 1226 Θεοῦ
3816 1173 3978 1242 χάριν

2389 1269 2666 1322 ἀπάθειαο
2709 1271 2846 1342 πρὸς
2884 1271 2952 1340 ἢν
3009 1271 3158 1322 πᾶσα
3209 1267 3614 1338 συγκρινομένη
3669 1265 3979 1337 ἀνθρώπων

2390 1361 2651 1431 σωτηρία,
2710 1361 3008 1431 ματαιότης
3058 1361 3177 1413 ἐστὶ
3212 1361 3309 1414 καὶ
3337 1359 3606 1429 παντελὴς
3638 1355 3976 1425 ἀνυπαρξία.

2387 1450 2559 1505 Τοῦτο
2584 1452 2691 1523 γὰρ
2728 1452 2936 1506 δίκαιον
2966 1450 3205 1505 νοεῖσθαι
3231 1450 3330 1522 τὴν
3364 1451 3728 1520 ματαιότητα.

2402 1545 2501 1598 Ἐν
2530 1541 2609 1607 τῷ
2643 1541 2764 1607 Θεῷ
2789 1542 3124 1612 ποιήσομεν
3150 1541 3433 1611 δύναμιν,
3466 1541 3561 1594 καὶ
3588 1539 3774 1604 αὐτὸς
3807 1539 3977 1602 ἐξου-

2667 1633 2916 1687 δενώσει
2955 1635 3100 1698 τοὺς
3144 1635 3466 1698 θλίϐοντας
3511 1630 3688 1699 ἡμᾶς.

2470 1725 2558 1776 Ἐν
2587 1723 2665 1794 τῷ
2695 1723 2814 1794 Θεῷ
2846 1723 3060 1777 ποιοῦσι
3092 1725 3346 1793 δύναμιν,
3378 1725 3428 1776 οἱ
3470 1721 3544 1792 μὴ
3575 1723 3976 1791 ἐπιγράφοντες

2389 1816 2603 1880 ἑαυτοῖς
2639 1815 2748 1869 τῶν
2777 1816 2990 1888 ἀρετῶν
3023 1816 3094 1869 τὰ
3129 1814 3552 1886 κατορθώματα,
3585 1813 3720 1884 μηδὲ
3745 1816 3812 1883 τῇ
3845 1815 3976 1865 ἐαυ-

710 1909 868 1974 bunt,
926 1909 1071 1979 quod
1129 1891 1314 1964 divina
1367 1909 1623 1981 mysteria
1667 1909 2173 1979 comprehendunt:
2226 1906 2282 1962 in
2315 1904 2356 1958 B

2315 1904 2356 1958 B
2393 1908 2500 1959 τῶν
2528 1909 2690 1979 σοφίᾳ
2721 1909 2822 1979 τὴν
2871 1909 2978 1961 τῶν
3036 1907 3196 1960 θείων
3255 1907 3573 1976 μυστηρίων
3621 1905 3931 1974 κατάληψιν
3958 1921 3971 1934 ·

710 2001 916 2070 quibus
964 2002 1436 2071 singularissimus
1482 2003 1597 2071 ipse
1642 2003 1806 2064 Deus,
1865 2011 2121 2070 totusque
2177 2000 2282 2054 im-

713 2109 921 2157 means,
955 2109 1170 2147 omnem
1205 2093 1369 2147 cﬂicit
1393 2095 1653 2147 virtutem
1677 2109 1739 2147 ae
1773 2093 1941 2147 donat
1963 2093 2278 2158 scientiam;

713 2183 1065 2238 adversantes
1103 2201 1295 2239 omnes
1328 2200 1454 2239 cum
1478 2185 1694 2249 virtuti,
1736 2193 1849 2238 tum
1905 2183 2148 2239 scientia:
2181 2199 2281 2239 ne-

711 2275 1006 2342 quissimos
1036 2274 1329 2338 daemones,
1357 2290 1422 2329 ac
1477 2291 1574 2345 per
1607 2275 1738 2329 vitia
1795 2285 1852 2328 et
1917 2275 2280 2344 ignorantiam

712 2373 979 2419 conantes
999 2375 1275 2427 exterere,
1300 2381 1416 2428 eos,
1446 2365 1540 2433 qui
1569 2367 1744 2434 ipsum
1778 2375 2052 2427 metuunt,
2089 2364 2155 2417 ad
2199 2364 2283 2418 ni-

714 2454 887 2509 hilum
908 2456 1188 2511 deducens
1213 2465 1377 2526 atque
1411 2455 1726 2526 proﬂigans.
1753 2457 1870 2525 Ipse
1897 2471 2132 2524 namque
2159 2455 2282 2508 uni-

711 2561 999 2601 versorum
1031 2547 1281 2603 Salvator
1329 2548 1566 2612 exsistit,
1603 2550 1804 2618 quippe
1835 2565 1960 2602 cum
1993 2548 2156 2603 etiam
2210 2547 2282 2602 sit

713 2638 962 2692 omnium
999 2637 1282 2694 Conditor.
1313 2639 1419 2710 Ipsi
1446 2641 1615 2712 gloria
1641 2641 1692 2694 in
1722 2641 1938 2695 saecula.
1978 2640 2172 2695 Amen.

2387 2001 2448 2051 ὲν
2496 1995 2578 2061 οἷς
2633 2000 2794 2062 αὐτὸς
2829 1999 2858 2050 ὁ
2898 1999 3032 2062 Θεὸς
3086 1996 3419 2067 μονώτατος,
3465 1998 3560 2049 καὶ
3596 1996 3715 2059 ὅλος
3755 1995 3973 2066 χωρῶν,

2391 2092 2569 2143 πᾶσαν
2620 2089 2820 2160 ἀρετὴν
2874 2088 3168 2160 ἐργάζεται
3222 2089 3316 2142 καὶ
3374 2086 3658 2158 χαρίζεται
3714 2086 3922 2154 γνῶσιν
3956 2125 3972 2147 ,

2388 2181 2678 2247 ἐξουδενῶν
2728 2181 2932 2243 πάντας
2980 2180 3108 2243 τοὺς
3155 2180 3567 2249 ἀντικειμένους
3609 2180 3677 2248 τῇ
3707 2193 3768 2230 τε
3798 2179 3974 2246 ἀρετῇ

2389 2269 2485 2322 καὶ
2533 2271 2599 2340 τῇ
2651 2268 2848 2336 γνώσει
2904 2270 3176 2338 πονηροὺς
3208 2270 3492 2339 δαίμονας,
3523 2270 3616 2322 καὶ
3651 2268 3740 2322 διὰ
3775 2268 3975 2330 κακίας

2389 2362 2482 2412 καὶ⁸
2545 2359 2815 2428 ἀγνωσίας
2875 2359 3141 2412 ἐκθλίϐειν
3211 2358 3623 2430 ἐπιχειροῦντας
3680 2359 3808 2421 τοὺς
3881 2375 3978 2426 φο·

2387 2451 2683 2521 ϐουμένους
2711 2451 2894 2506 αὐτόν.
2924 2452 3097 2515 Αὐτὸς
3124 2453 3232 2522 γὰρ
3263 2451 3484 2504 πάντων
3501 2451 3738 2520 ὑπάρχει
3756 2450 3974 2521 Σωτὴρ,

2387 2545 2467 2596 ὅτι
2523 2544 2618 2598 καὶ
2665 2545 2885 2597 πάντων
2936 2545 3300 2615 Δημιουργός.
3328 2542 3487 2614 Λύτῷ
3514 2544 3547 2614 ἡ
3573 2543 3701 2607 δόξα
3729 2543 3814 2607 ei;
3844 2542 3974 2605 τοὺς

2388 2637 2608 2700 αἰῶνας.
2652 2636 2846 2708 Ἀμήν.

760 2815 3966 2857 W

2142 2957 2524 3020 MONITUM.

1691 3104 1773 3158 Ad
1803 3103 2175 3173 expositionem
2205 3103 2260 3155 in
2295 3100 2600 3157 Orationem
2626 3101 2979 3158 Dominicam.

793 3215 1173 3298 Declaranda
1203 3219 1494 3281 Oratione
1525 3217 1852 3280 Dominica
1893 3215 2217 3298 desudavit
2245 3214 2394 3298 olim
2434 3216 2897 3298 prmcipuorum
2935 3219 3186 3298 Patrum
3220 3218 3582 3298 Graecorum
3627 3218 3870 3298 pariter
3897 3239 3972 3284 ac

718 3295 1074 3378 Latinorum
1121 3297 1455 3378 industria;
1504 3299 1732 3378 quibus
1773 3297 2072 3378 Maximus
2116 3293 2283 3378 felici
2313 3293 2554 3378 conatu
2591 3293 2752 3373 pene
2789 3295 3214 3374 colophonem
3257 3296 3498 3378 addidit
3543 3293 3687 3376 post
3725 3297 3974 3378 aliquot

714 3373 962 3445 smcula,
995 3392 1102 3435 sua
1132 3375 1246 3454 hac
1280 3372 1730 3446 lucubratione,
1760 3391 1881 3454 qua
1904 3374 1992 3436 sic
2013 3372 2510 3454 alteDominicos
2530 3372 2691 3434 inea
2721 3372 2956 3434 sensus
2972 3380 3032 3434 et
3062 3375 3377 3454 mysteria,
3399 3382 3466 3436 ut
3495 3372 3696 3448 vacat,
3725 3372 3970 3440 seu'sa-

714 3460 1031 3541 crementa
1072 3453 1357 3543 reliquis.
1382 3454 1659 3543 pleniora
1693 3451 2798 3543 _et'universaliora,_quibusnostra
2844 3459 3094 3543 paratur
3135 3451 3323 3543 salus,
3351 3460 3625 3543 septena
3677 3471 3968 3543 numero,

713 3531 1024 3609 exposuit.
1058 3529 1284 3594 Auctdr
1310 3529 1552 3595 Catenae
1588 3535 1652 3594 in
1679 3532 1907 3594 Matth.
1937 3548 2022 3602 vt,
2053 3529 2354 3591 Cor-deria
2377 3531 2678 3606 vulgatus,
2714 3529 3012 3609 pleraque
3046 3530 3179 3591 haec
3207 3529 3456 3592 Maximi
3486 3533 3547 3592 in
3579 3549 3730 3594 suos
3758 3533 3972 3597 alveos

716 3607 1034 3671 derivavit.

1428 3971 1770 4105 ΤΟΥ
1845 3967 2367 4105 ΑΓΙΟΥ
2446 3963 3252 4103 ΜΑΞΙΜΟΥ

1883 4199 2196 4248 ΜΟΝΑΧΟΥ
2222 4201 2334 4249 ΚΑΙ
2361 4199 2802 4248 ΟΜΟΛΟΓΗΤΟΥ

1139 4346 1270 4403 ΕΙΣ
1300 4348 1445 4404 ἸἨΝ
1471 4348 1932 4402 ΠΡΟΣΕΥΧΗΝ
1967 4348 2098 4400 ΤΟΥ
2141 4348 2367 4405 ΠΔΤΕΡ
2392 4349 2611 4414 ΙΙΜΩΝ,
2649 4351 2850 4404 ΠΡΟΣ
2881 4353 3027 4409 ENA
3061 4351 3561 4408 ΦῙΔΟΧΡΙΣΤΟΝ

1750 4517 2314 4607 ΕΡΜΗΝΕΙΑ
2367 4517 2966 4606 ΣΥΝΤΟΜΟΣ

1604 4856 2259 4986 SANCTI
2356 4863 3046 5052 MAXIMI

1863 5109 2143 5154 MONACHI
2207 5111 2285 5155 ΕΤ
2352 5109 2797 5171 CONFESSORIS,

1040 5264 1698 5360 ORATIONIS
1774 5267 2408 5362 DOMINICE
2480 5277 2907 5367 BREVIS
2979 5201 3642 5368 EXPOSITIO

1731 5454 1822 5510 AD
1855 5455 2187 5522 QUEMDAM
2249 5457 2544 5517 CHRISTO
2589 5461 2915 5520 DEVOTUM

789 5741 1151 5814 3Μ1ρευιη
1173 5760 1202 5800 a
1223 5745 1336 5801 Deo
1351 5758 1730 5804 conservatum
1754 5753 1967 5823 suscepi
1985 5753 2268 5810 dominum

719 5835 1043 5901 meum,suis
1066 5849 1133 5892 au
1151 5851 1236 5893 me
1249 5838 1559 5894 venientem
1584 5841 2030 5913 auspicatissimis
2048 5845 2279 5914 litteris;

2447 5761 2616 5814 Αὑτὸν
2665 5761 2933 5832 ἐδεξάμην
2978 5762 3066 5815 τὸν
3120 5761 3484 5830 θεοφύλακτόν
3535 5781 3638 5834 μου
3692 5765 3969 5838 δεσπότην

2387 5847 2475 5902 δ.ὰ
2494 5847 2602 5902 τῶν
2657 5847 2819 5901 αὑτοῦ
2873 5850 3246 5920 πανευφήμων
3286 5852 3630 5923 γραμμάτων
3654 5855 3968 5926 παραγινό-
