4218 6432
255 418 359 482 873

1214 403 1634 472 ΕΧΡΟΞΙΤΙΟ
1671 409 2079 472 ORATIONIS
2120 410 2525 473 DOMINICJS.

3380 420 3489 483 874

254 547 417 599 μενον
447 546 461 560 ·
514 527 603 581 τὸν
646 529 731 581 ἀεὶ
779 528 875 595 μὲν
916 526 1181 596 παρόντα,
1208 527 1303 577 καὶ
1328 529 1546 579 ἀπεῖναι
1567 524 1646 595 τῷ
1671 524 1829 578 πνεύο
1862 535 1902 589 Α

1862 535 1902 589 Α
1931 526 2025 595 qui
2052 541 2268 595 semper
2294 526 2517 596 quidem
2552 537 2794 595 prtesens
2817 521 2911 589 sit,
2943 538 3048 580 nec
3079 540 3309 596 usquam
3344 544 3498 598 ιιι-οτι

256 639 387 690 ματι
424 621 701 682 παντελῶς
731 619 790 671 οὐ
815 618 1109 688 δυνάμενον
1135 632 1150 647 ·
1204 617 1355 685 ὅμως
1410 617 1466 669 δὲ
1506 617 1577 670 δι’
1624 616 1822 687 ἀρετῆς

253 709 575 781 περιουσίαν
602 709 951 779 θεομιμήτως
987 705 1336 774 συγγίνεσθαι
1361 706 1475 767 τοῖς
1507 704 1670 757 αὐτοῦ
1701 704 1823 757 δού-

251 804 389 868 λοις,
428 803 521 855 καὶ
552 802 617 854 δι’
647 798 714 873 ἦς
740 803 767 854 6
797 800 927 863 Θεὸς
952 799 1148 853 δέδωκε
1187 801 1254 868 τῇ
1283 797 1439 868 φύσεί
1479 798 1821 866 προφάσεως,

253 897 356 947 οὐκ
387 894 843 963 ἀπαναινόμενον.
870 890 963 943 Διὸ
990 889 1273 960 θαυμάσας
1305 889 1470 941 αὑτοῦ
1497 890 1557 941 τὸ
1598 888 1825 956 μέγεθος

251 987 353 1055 τῆς
409 982 888 1053 συγκαταϐάσεως,
934 980 1084 1051 πόθῳ
1116 980 1421 1050 σύγκρατον
1453 980 1542 1033 τὸν
1572 979 1705 1048 πρὸς
1732 980 1826 1033 αὑ-

251 1078 345 1129 τὸν
409 1076 571 1145 φόϐον
628 1074 975 1143 ἐποιησάμην
1008 1088 1021 1100 ·
1073 1071 1167 1124 καὶ
1215 1073 1343 1141 μίαν
1390 1070 1448 1135 ἐξ
1479 1071 1821 1141 ἀμφοτέρων,

254 1168 423 1237 φόϐου
446 1185 502 1221 τε
535 1168 629 1220 καὶ
654 1166 841 1232 πόθου,
872 1166 1091 1235 ἀγάπην
1120 1165 1513 1233 ἐνεστησάμην,
1553 1163 1619 1216 δι’
1645 1162 1827 1226 αἰδοῦς

252 1262 352 1314 καὶ
398 1261 608 1324 εὐνοίας
645 1258 1041 1329 συνισταμένην
1072 1274 1087 1288 ο
1140 1258 1227 1310 ἵνα
1260 1258 1397 1326 μήτε
1431 1259 1582 1326 μῖσος
1609 1256 1636 1309 6
1662 1255 1824 1323 φόϐος

252 1356 473 1426 γίνηται
520 1352 613 1407 τοῦ
639 1353 801 1405 πόθου
832 1350 1224 1421 γυμνούμενος,
1255 1350 1393 1420 μήτε
1429 1348 1827 1418 καταφρόνησις

252 1448 281 1496 6
331 1443 516 1507 πόθος,
544 1442 637 1495 τὸν
669 1440 922 1511 σώφρονα
945 1440 1113 1511 φόϐον
1144 1439 1487 1509 συνημμένον
1517 1440 1616 1491 οὐκ
1642 1438 1778 1509 έχων
1810 1454 1824 1469 ·

254 1534 395 1587 ἀλλά
428 1534 590 1602 νόμος
639 1535 672 1603 ἡ
734 1533 922 1601 ἀγάπη
969 1531 1315 1601 τυγχάνουσα
1366 1529 1548 1601 δειχθῇ
1596 1529 1829 1600 στοργῆς

256 1626 582 1687 ἐνδιάθετος,
636 1624 783 1678 ἅπαν
829 1624 890 1675 τὸ
943 1622 1086 1675 κατά
1118 1621 1278 1689 φύσιν
1314 1621 1573 1690 συγγενὲς
1596 1618 1827 1673 οἰκειού-

258 1733 421 1785 μενος
456 1729 468 1742 ’
508 1714 577 1767 δι’
609 1714 818 1777 εὐνοίας
864 1712 981 1783 μὲν,
1028 1711 1089 1764 τὸ
1125 1713 1280 1782 μῖσος
1331 1710 1717 1783 χειρού’μενος’
1760 1702 1827 1761 δι’

266 1805 452 1867 αἰδοῦς
484 1805 562 1866 δὲ,
605 1805 792 1875 πόρβω
820 1803 1137 1874 ποιούμενος
1175 1802 1271 1873 τὴν
1294 1802 1698 1871 καταφρόνησιν
1723 1817 1736 1831 ’
1771 1799 1828 1854 ὃν

1932 632 2027 671 sus
2058 618 2252 687 spiritu
2284 617 2476 671 abesse
2505 616 2710 685 possit;
2733 632 2836 672 nec
2856 618 3076 673 virtutis
3110 626 3289 673 tamen
3325 620 3502 674 abun-

1932 705 2138 768 dantia,
2184 713 2292 764 Deo
2317 720 2456 769 pene
2478 703 2622 757 ailini
2647 706 2860 760 ratione
2885 707 3212 777 dedignetur
3239 723 3363 763 cum
3389 724 3502 764 ser-

1930 794 2014 849 vis
2039 796 2154 850 suis
2182 797 2298 864 ipse
2328 795 2607 865 congredi,
2650 810 2708 850 ac
2737 811 2843 865 qua
2869 797 3013 851 Deus
3064 806 3278 853 naturae
3344 813 3500 853 occa:-

1932 886 2085 940 sione
2116 886 2407 940 concessit.
2428 886 2795 952 Quamobrem
2823 888 2942 958 ejus
2960 903 3023 943 se
3046 888 3117 943 ita
3145 891 3279 944 mihi
3306 890 3501 946 demit-

1932 978 2096 1032 tentis
2124 992 2187 1032 ac
2220 977 2534 1032 inclinantis
2553 978 2857 1033 admiratus
2874 978 3043 1032 animi
3073 982 3500 1051 magnitudinem

1931 1086 2039 1140 quo
2055 1071 2229 1140 ipsum
2258 1086 2581 1141 prosequor,
2602 1071 2855 1125 timorem
2880 1072 3157 1128 desiderio
3180 1077 3498 1144 temperavi;

1932 1177 2206 1232 unamque
2230 1178 2297 1217 ex
2321 1161 2594 1216 ambobus
2620 1161 2839 1231 (timore
2854 1165 3159 1221 scilicetac
3190 1163 3499 1237 desiderio)

1930 1253 2304 1317 dilectionem,
2330 1253 2651 1308 reverentiae
2671 1268 2735 1308 ac
2782 1255 3181 1313 benevolentiae
3211 1256 3503 1313 affectibus

1933 1352 2298 1405 constantem,
2323 1342 2572 1411 institui;
2606 1354 2669 1399 ut
2693 1359 2797 1400 nec
2826 1347 2989 1400 timor
3021 1347 3293 1405 desiderio
3336 1350 3501 1405 desti~

1933 1442 2086 1487 tutus
2115 1432 2171 1487 in
2215 1433 2401 1488 odium
2433 1434 2751 1505 degeneret,
2780 1446 2960 1505 neque
2990 1437 3232 1494 vicissim
3283 1439 3500 1495 deside-

1934 1524 2077 1577 rium
2114 1525 2168 1578 in
2190 1534 2561 1595 contemptum
2583 1527 2762 1591 cedat,
2820 1529 2966 1598 quod
3014 1543 3122 1583 una
3168 1532 3501 1601 coniunctus

1934 1616 2151 1671 sobrius
2180 1632 2243 1673 ac
2271 1627 2452 1673 castus
2486 1618 2650 1672 timor
2672 1620 2850 1687 ipsum
2882 1620 3131 1687 deﬁciat:
3170 1623 3266 1676 sed
3284 1622 3502 1678 dilectio

1935 1710 2139 1765 amoris
2165 1710 2250 1763 lex
2267 1709 2509 1779 penitius
2540 1712 2724 1766 animo
2751 1712 2922 1766 indita
2948 1714 3501 1786 appareat,quidquid

1936 1810 2129 1852 natura
2162 1806 2453 1869 cognatum
2486 1808 2570 1853 est
2600 1801 2900 1856 concilians
2928 1802 3144 1872 sibique
3168 1804 3458 1860 vindicans
3485 1820 3501 1871 ;

261 1899 328 1969 δὴ
366 1898 598 1968 μάλιστα
621 1869 858 1961 πάντων,
905 1869 1048 1966 φημὶ
1095 1895 1152 1948 δὲ
1184 1869 1275 1946 τόν
1319 1869 1502 1962 φόϐον,
1548 1869 1645 1965 τῆς
1680 1892 1829 1957 θείας
1865 1869 1902 1921 Β

1865 1869 1902 1921 Β
1930 1906 1995 1945 ac
2028 1906 2168 1959 qute,
2202 1890 2581 1944 benevolentia
2607 1891 2849 1959 quidem,
2873 1892 3059 1947 odium
3077 1894 3327 1965 subigat,
3351 1912 3500 1950 reve-

256 1992 484 2060 ἀγάπης
528 1989 845 2043 συστατικὸν
884 1987 1139 2057 ἐπιγνοὺς
1168 1985 1333 2039 Αασιδ
1358 1986 1386 2039 ὁ
1414 1987 1701 2056 μακάριοςν
1727 2001 1831 2053 qm-

259 2082 368 2133 σίν⁹
414 2080 475 2133 '0
493 2080 677 2148 φόϐος
715 2078 931 2146 Kvptov
969 2076 1172 2145 ἁγνὸς,
1205 2074 1499 2143 διαμένων
1532 2074 1620 2141 είς
1649 2073 1833 2127 αἰῶνα

255 2171 481 2237 αῙῶνος
507 2187 522 2200 ’
572 2170 761 2239 ἕτερον
804 2167 1005 2239 δηλαδὴ
1037 2166 1223 2220 τοῦτον
1255 2165 1428 2229 εἰδὼς,
1456 2166 1604 2235 παρά
1633 2164 1722 2217 τὸν
1747 2164 1832 2216 ἐπ’

257 2262 567 2331 ἐγκλήμασι
590 2259 700 2313 δέει
730 2259 996 2329 τιμωρίας
1023 2257 1410 2327 συνιστάμενον
1439 2255 1603 2324 φόϐον
1626 2271 1638 2284 ·
1675 2253 1831 2325 εἴπερ

256 2355 288 2405 6
318 2354 415 2422 μὲν
450 2351 554 2416 ἔξω
583 2352 811 2420 γίνεται,
840 2353 911 2420 τῇ
965 2347 1239 2420 παρουσίᾳ
1280 2348 1378 2419 τῆς
1402 2347 1619 2416 ἀγάπης
1640 2361 1837 2398 παντε-

258 2444 368 2506 λῶς
400 2443 808 2513 ἀφανιζόμενος,
832 2440 906 2505 ὥς
930 2458 1031 2493 που
1059 2442 1170 2502 τοῖς
1196 2440 1389 2492 ἑαυτοῦ
1417 2439 1593 2506 λόγοις
1620 2439 1647 2490 6
1663 2436 1834 2507 μέγας

260 2533 653 2604 εὖαγγελιστὴς
681 2533 930 2601 Ἰωάννης
948 2532 1242 2597 δείκνυται,
1261 2533 1501 2600 φάσκων·
1530 2531 1599 2584 Ἠ
1636 2528 1836 2599 ἀγάπη

258 2626 379 2690 ἔξω
401 2626 625 2691 ,ϐάλλει
644 2625 751 2678 τὸν
777 2625 965 2694 φόϐον
988 2640 1001 2654 ·
1034 2626 1062 2677 6
1084 2624 1163 2688 δὲ,
1194 2625 1283 2677 τὸν
1312 2623 1408 2693 τῆς
1431 2621 1662 2692 ἀληθοῦς
1684 2637 1838 2690 στορ-

260 2717 366 2785 γῆς
392 2716 636 2787 φυσικῶς
681 2716 1085 2787 χαρακτηρίζει
1126 2716 1287 2785 νόμον
1312 2731 1326 2744 ·
1365 2713 1503 2766 αἰδοῖ
1563 2710 1837 2782 συπηρῶν

263 2808 345 2870 εἰς
404 2808 575 2861 αἰῶνα
615 2810 726 2870 τοῖς
772 2807 965 2875 ἀγίοις,
1014 2812 1151 2879 πρός
1173 2823 1232 2858 τε
1262 2805 1393 2857 Θεὸν
1427 2804 1519 2858 καὶ
1551 2802 1829 2874 ἀλλήλους,

1933 1980 2111 2035 rentia
2157 1988 2342 2035 autem
2377 2020 2390 2042 ,
2446 1988 2823 2050 contemptum
2893 1983 3085 2051 procul
3163 1985 3501 2041 submoveat.

1932 2067 2087 2125 Hunc
2111 2071 2326 2142 (nempe
2358 2072 2630 2139 timorem)
2658 2088 2782 2126 cum
2830 2073 3024 2129 beatus
3046 2074 3215 2130 David
3237 2078 3502 2146 ejusmodi

1934 2171 2139 2227 nosset,
2178 2172 2237 2216 ut
2256 2179 2367 2232 prae
2396 2162 2653 2217 omnibus
2701 2165 2935 2219 maxime
2973 2166 3174 2221 divinae
3224 2167 3503 2223 dilectioni

1934 2260 2303 2321 comparatus,
2329 2253 2479 2307 illius
2498 2254 2651 2307 velut
2683 2255 3086 2311 constituenda:
3107 2272 3171 2310 ac
3206 2256 3507 2329 insignien-

1934 2344 2017 2399 dte
2053 2344 2103 2397 vi
2128 2344 2391 2413 praeditus
2430 2346 2521 2409 sit,
2555 2344 2629 2400 ita
2657 2345 2817 2401 iniit:
2856 2346 3035 2401 Timor
3063 2347 3276 2404 Domini
3296 2359 3502 2414 castas,

1937 2463 2251 2515 permanens
2286 2447 2341 2500 in
2369 2446 2624 2501 uetulum
2650 2446 2829 2503 seaculi
2855 2448 2870 2479 ¹
2899 2465 2915 2514 ;
2979 2450 3074 2519 q’ui
3120 2467 3318 2523 nempe
3360 2453 3506 2510 hunc

1938 2532 2104 2587 alium
2125 2530 2375 2589 timorem
2398 2551 2508 2589 non
2538 2536 2836 2606 ignoraret,
2862 2538 2954 2607 qui
2972 2546 3119 2595 metu
3137 2557 3331 2610 pugnae,
3348 2543 3420 2598 ob
3440 2560 3504 2600 ea

1938 2639 2059 2693 qum
2089 2624 2213 2692 quis
2259 2624 2399 2677 mala
2427 2624 2683 2694 patravit,
2723 2627 3031 2681 concrescit
3065 2646 3079 2682 :
3120 2630 3324 2700 quippe
3378 2647 3503 2687 cum

1938 2715 2031 2770 ille
2066 2715 2375 2770 dilectionis
2408 2716 2644 2771 adventu
2695 2722 2918 2787 penitus
2940 2731 3302 2787 evanescens,
3339 2738 3503 2779 exce-

1938 2806 2054 2868 dat,
2080 2807 2157 2860 uti
2192 2809 2427 2877 quodam
2457 2809 2577 2863 loco
2618 2825 2847 2879 magnus
2890 2811 3130 2867 Joannes
3173 2816 3504 2886 evangelista

261 2899 355 2951 τὸν
392 2899 493 2967 τῆς
524 2899 743 2969 ἀγάπης
794 2899 991 2970 θεσμόν
1046 2913 1105 2952 τε
1159 2898 1254 2950 καὶ
1304 2897 1500 2968 τρόπον
1553 2894 1831 2957 παντελῶς

1932 2896 2160 2967 scriptis
2180 2898 2296 2952 suis
2339 2898 2603 2965 ostendit,
2656 2902 2732 2955 ita
2764 2900 2998 2970 loquens
3029 2919 3041 2955 :
3067 2902 3317 2959 Charitas
3362 2907 3502 2975 foras

261 2992 607 3064 ἀδιάφθορον.

1928 2989 2090 3042 mittit
2121 2992 2356 3044 timorem
2377 2991 2396 3021 ⁸
2422 3009 2435 3056 ;
2463 2992 2554 3046 hic
2577 3001 2782 3055 autem,
2807 2993 2920 3048 veri
2949 3003 3144 3049 natura
3187 2998 3393 3053 amoris
3421 2998 3500 3053 le-

262 3104 386 3158 gem
412 3087 674 3156 peculiari
705 3088 853 3142 velut
876 3098 1005 3143 nota
1034 3086 1320 3157 insigniat;
1344 3083 1604 3156 345ηυί
1627 3097 1821 3152 nempe
1839 3085 2073 3140 modesti
2110 3084 2278 3138 animi
2317 3086 2624 3140 reverentia
2654 3087 3028 3157 incorruptam
3067 3089 3292 3146 omnino
3331 3093 3504 3165 legem

263 3184 599 3253 modumque
624 3183 956 3249 dilectionis,
983 3198 1091 3254 qua
1122 3191 1238 3237 tum
1276 3182 1409 3247 Deo,
1442 3190 1557 3235 tum
1596 3179 1689 3234 alii
1712 3180 1836 3235 aliis
1873 3182 2049 3236 sancti
2076 3182 2320 3252 proclive
2353 3191 2601 3246 utuntur,
2627 3182 2681 3236 in
2716 3197 2891 3238 :evum
2920 3187 3213 3241 custodiat.

335 3274 495 3345 Πόθῳ
543 3275 692 3343 γοῦν,
748 3275 822 3338 ὡς
881 3275 1039 3346 ἔφην,
1081 3274 1236 3342 κάγὼ
1268 3274 1507 3346 κεράσας
1534 3274 1626 3327 τὸν
1653 3273 1835 3341 φόϐον,
1866 3274 1911 3333 C

1866 3274 1911 3333 C
2012 3274 2131 3343 Ipse
2170 3288 2389 3344 quoque
2438 3274 2624 3344 igitur,
2656 3274 2737 3329 uti
2762 3275 3031 3340 dicebam,
3067 3277 3317 3333 timorem
3357 3280 3504 3337 desi-

264 3362 403 3432 πρὸς
430 3363 520 3414 τὸν
553 3362 682 3432 ἐμὸν
716 3363 1007 3427 Δεσπότην,
1066 3361 1252 3417 τοῦτον
1298 3362 1397 3429 τῆς
1447 3360 1665 3432 ἀγάπης
1710 3379 1833 3415 συν-

264 3453 579 3526 εστησάμην
609 3453 699 3509 τὸν
736 3458 898 3525 νόμον
926 3457 1086 3526 μέχρι
1124 3457 1223 3524 τῆς
1254 3456 1494 3525 σήμερον
1521 3469 1537 3484 ο
1571 3454 1709 3506 αίδοῖ
1738 3454 1834 3524 μὲν

264 3544 359 3600 τοῦ
409 3550 641 3617 γράφειν
686 3546 1020 3617 εἰργόμενος,
1062 3545 1149 3597 ἵνα
1196 3545 1270 3616 μὴ
1311 3544 1450 3616 λάϐῃ
1473 3543 1710 3616 χώρανή
1738 3561 1833 3597 κα-

264 3640 595 3707 ταφρόνησις
625 3654 641 3669 ο
671 3637 859 3708 εὐνοία
884 3637 940 3689 δὲ
973 3637 1108 3706 πρὸς
1132 3637 1190 3689 τὸ
1221 3637 1452 3707 γράφειν
1504 3635 1832 3705 ὠθούμενος,

267 3731 354 3782 ἵνα
371 3729 446 3800 μὴ
462 3728 688 3799 νομισθῇ
714 3732 863 3798 μῖσος
880 3730 913 3799 ἡ
930 3728 1106 3782 τελεία
1123 3728 1216 3781 τοῦ
1235 3728 1466 3798 γράφειν
1484 3727 1831 3798 παραίτησις.

265 3821 470 3891 Γράφω
504 3821 581 3884 δὲ,
610 3820 767 3873 τοῦτο
804 3822 1061 3889 πράττειν
1100 3819 1472 3889 κελευόμενος,
1502 3819 1598 3890 οὐχ
1620 3820 1719 3872 ὅσα
1752 3817 1837 3872 λο-

265 3915 488 3982 γίζομαι
515 3928 532 3944 ο
579 3910 863 3981 Λογισμοὶ
915 3910 1022 3979 γὰρ
1066 3911 1389 3979 ἀνθρώπων
1433 3910 1640 3973 δειλοὶ,
1697 3908 1837 3961 κατά

266 4010 365 4079 τὴν
416 4007 675 4078 Γραφήν·
728 4005 841 4058 ἀλλ’
892 4006 992 4058 ὅσα
1045 4003 1292 4073 βούλεται
1330 4002 1482 4068 θεὸς,
1531 4003 1624 4055 καὶ
1655 4002 1836 4072 χάριτι

267 4099 407 4170 πρὸς
434 4099 529 4169 τὴν
552 4095 645 4151 τοῦ
687 4096 1057 4166 συμφέροντος
1106 4095 1317 4163 γένεσιν
1366 4094 1699 4147 ἐπιδίδωσιν.
1767 4092 1837 4146 Ἠ

266 4187 378 4256 γάρ
410 4185 613 4251 ,ϐουλὴ
657 4184 764 4237 τοῦ
806 4182 1025 4251 Κυρίου
1065 4182 1161 4251 (i),
1222 4181 1385 4251 φησὶν
1431 4182 1459 4233 6
1514 4178 1696 4244 Δαϐὶδ,
1750 4179 1836 4241 εἰς

266 4277 379 4330 τὸν
404 4276 587 4330 αἰῶνα
607 4274 774 4343 μένει
805 4291 819 4306 ο
882 4273 1151 4342 λογισμοί
1204 4272 1314 4339 τῆς
1358 4268 1595 4339 καρδίαι,
1652 4268 1836 4323 αὐτοῦ

267 4373 359 4435 εἰς
391 4368 607 4437 γενεὰν
635 4367 732 4419 καὶ
786 4365 987 4434 γενεάν
1076 4363 1271 4435 βουλὴν
1311 4364 1407 4434 μὲν
1455 4362 1616 4432 τυχὸν
1661 4362 1838 4431 φήσας

268 4461 365 4515 τοῦ
398 4457 532 4512 Θεοῦ
572 4459 671 4511 καὶ
699 4457 933 4528 Πιιτρὸς,
962 4474 1061 4526 την
1081 4457 1171 4509 ἐπὶ
1203 4453 1394 4508 θεὼσει
1424 4453 1526 4523 τῆς
1562 4454 1838 4523 ἡμετέρας

271 4553 487 4621 φύσεως
517 4550 825 4621 ἀπόρρητον
875 4550 1105 4601 κένωσιν
1167 4544 1262 4599 τοῦ
1315 4544 1636 4615 μονογενοῦς
1683 4543 1835 4608 Υίοῠ,

1940 3366 2093 3423 derio
2146 3377 2478 3437 temperans,
2527 3364 2669 3419 hanc
2724 3366 2986 3421 hactenus
3034 3382 3163 3438 erga
3214 3366 3505 3426 Dominum

1939 3474 2122 3512 meum
2160 3457 2369 3512 institui
2395 3454 2708 3511 dilectionis
2733 3455 3005 3527 regulam;
3051 3472 3212 3528 quem
3246 3475 3505 3518 reveren-

1941 3548 2012 3602 tia
2044 3548 2265 3616 quidem
2315 3547 2383 3601 ab
2418 3547 2712 3601 scribendo
2742 3548 3039 3610 deterreat,
3064 3565 3131 3603 ne
3159 3550 3341 3605 forsan
3374 3568 3507 3606 con-

1940 3648 2179 3708 temptus
2213 3638 2437 3704 subeat;
2485 3639 2866 3692 benevolentia
2915 3652 3097 3695 autem
3150 3642 3215 3695 ad
3258 3643 3507 3697 scriben-

1941 3729 2071 3782 dum
2124 3714 2387 3797 impellat,
2444 3743 2515 3782 ne
2578 3728 2807 3783 omnino
2858 3730 3136 3785 scribendi
3198 3732 3511 3788 detrectans

1941 3828 2126 3891 partes
2157 3821 2339 3877 odisse
2378 3821 2589 3875 videar.
2627 3821 2822 3876 Scribo
2853 3832 3058 3888 autem,
3091 3824 3184 3894 qui
3218 3827 3297 3879 sic
3325 3827 3511 3897 jussus

1943 3912 2066 3977 sim,
2092 3928 2199 3967 non
2228 3929 2349 3983 qua:
2384 3913 2645 3983 cogitanti
2675 3926 3008 3970 succurrunt
3035 3917 3254 3981 omnia;
3291 3934 3415 3973 nam
3451 3929 3513 3974 ut

1942 4004 2183 4073 loquitur
2208 4004 2488 4075 Scriptura
2517 4022 2530 4057 :
2566 4003 2917 4075 Cogitationes
2950 4008 3220 4063 hominum
3241 4010 3509 4076 timidar';

1942 4095 2036 4150 sed
2070 4112 2417 4167 quaecunque
2447 4112 2513 4152 ex
2550 4097 2647 4151 Dei
2679 4106 2808 4152 sunt
2836 4099 3137 4165 voluntate,
3173 4117 3237 4156 ac
3269 4118 3391 4172 qua:
3424 4104 3514 4158 ille

1942 4192 2129 4264 gratiae
2166 4208 2415 4259 munere,
2444 4202 2505 4248 ut
2546 4195 2895 4251 commodum
2947 4196 3151 4266 aliquid
3202 4201 3510 4268 proveniat,

1942 4284 2138 4339 tribuit
2173 4294 2337 4354 atque
2370 4285 2687 4355 suppeditat
2716 4303 2729 4339 :
2765 4285 3055 4341 Consilium
3102 4289 3248 4342 enim
3278 4290 3510 4355 Domini,

1944 4377 2122 4446 inquit
2148 4376 2339 4442 David,
2362 4378 2417 4430 in
2441 4387 2696 4431 wternum
2725 4388 2937 4444 manet;
2978 4382 3315 4450 cogitationes
3344 4385 3515 4438 cordis

1944 4466 2055 4536 ejus
2097 4468 2152 4519 in
2192 4467 2583 4536 generationem
2634 4474 2682 4520 et
2729 4468 3192 4538 generationem‘;
3221 4472 3512 4528 consilium

1944 4557 2084 4611 forte
2127 4557 2408 4626 appellans
2438 4557 2536 4612 Dei
2564 4572 2628 4612 ac
2656 4559 2855 4623 Patris,
2882 4574 3046 4629 quam
3080 4563 3394 4631 unigenitus
3430 4565 3516 4619 Fi-

270 4644 395 4698 καθ’
426 4644 491 4714 ἢν
518 4642 629 4712 ἔχει
664 4642 880 4694 πάντων
910 4639 1017 4693 τῶν
1051 4638 1260 4693 αἰώνων
1285 4637 1347 4691 τὸ
1370 4637 1543 4706 πέρας
1571 4653 1833 4706 περιγρα-
1868 4638 1911 4692 D

1868 4638 1911 4692 Β
1939 4648 2047 4701 lius
2077 4648 2245 4702 nullis
2285 4648 2473 4703 verbis
2504 4649 2883 4719 explicabilem
2930 4653 3192 4722 suscepit,
3226 4654 3293 4709 ad
3342 4670 3514 4724 genus

273 4737 505 4806 φόμενον
534 4750 549 4765 ο
588 4732 881 4803 λογισμοὺς
910 4732 965 4785 δὲ
994 4730 1095 4800 τῆς
1126 4728 1349 4801 καρδίας
1382 4726 1566 4784 αὑτοῦ.
1596 4728 1721 4790 τοὺς
1742 4730 1840 4797 τῆς

1944 4738 2246 4793 humanum
2295 4739 2497 4796 deitate
2542 4740 2879 4806 donandum,
2906 4742 3366 4811 exinanitionem;
3408 4762 3514 4816 qua

273 4824 531 4897 προνοίας
570 4824 665 4876 καὶ
712 4825 814 4894 τῆς
844 4823 1076 4893 κρίσεως
1100 4820 1289 4888 λόγους
1308 4835 1323 4850 ο
1375 4818 1495 4871 καθ’
1524 4817 1618 4880 οὓς
1653 4819 1755 4887 τήν
1781 4834 1839 4870 τε

1939 4830 2194 4885 videlicet
2242 4832 2487 4885 omnium
2534 4831 2698 4886 ﬁnem
2777 4834 3103 4889 saeculorum
3173 4835 3518 4905 circumscri-

273 4917 559 4987 παροῦσαν
607 4914 765 4986 ἡμῶν
807 4912 951 4984 ζωὴν
1007 4913 1101 4966 καὶ
1153 4912 1250 4982 τὴν
1299 4911 1613 4981 μέλλουσαν.
1653 4908 1841 4980 ὥσπερ

271 5009 427 5068 τινὰς
460 5005 648 5073 γενεὰς
679 5003 962 5074 διαφόρους
999 5002 1174 5070 σοφῶς
1194 5001 1448 5070 διεξάγει,
1494 4998 1843 5071 καταλλήλως

274 5099 483 5169 ἑκάστῃ
500 5097 592 5150 τὸν
624 5095 898 5166 πρέποντα
942 5093 1140 5164 τρόπον
1185 5093 1286 5163 τῆς
1330 5092 1613 5164 ἐνεργείας
1663 5108 1808 5163 προσ

274 5195 475 5263 νέμων.

1942 4926 2098 4988 ptum
2127 4920 2294 4975 habet
2332 4937 2345 4973 :
2378 4921 2740 4989 cogitationes
2769 4939 2901 4978 vero
2940 4924 3124 4980 cordis
3157 4927 3297 4997 ejus,
3335 4930 3519 4997 provi-

1944 5010 2143 5066 dentia:
2169 5025 2231 5064 ac
2272 5010 2467 5081 judicii
2501 5012 2740 5067 rationes
2770 5014 2989 5084 quibus,
3011 5022 3126 5068 tum
3172 5025 3517 5085 praesentem,

1946 5115 2106 5169 quam
2156 5099 2366 5168 agimus
2409 5101 2598 5167 vitam,
2645 5112 2761 5158 tum
2809 5105 3070 5170 futuram,
3126 5120 3224 5161 ceu
3275 5106 3521 5162 diversas

1948 5188 2211 5258 quasdam
2241 5191 2623 5260 generationes
2666 5195 2943 5263 sapienter
2979 5195 3218 5250 traducit
3242 5197 3520 5268 transigit-

272 5298 408 5354 que,
437 5297 675 5354 congrua
704 5280 905 5350 cuique
940 5280 1152 5334 ratione
1198 5277 1617 5334 convenientem
1669 5279 2006 5348 operationis
2066 5280 2287 5335 modum
2348 5281 2600 5337 d-videns
2654 5298 2717 5338 ac
2755 5284 3097 5353 impertiens.

351 5472 415 5526 Ei
444 5472 499 5525 δὲ
526 5472 674 5534 θείας
696 5469 930 5540 ὑπάρχει
961 5468 1153 5539 βουλῆς
1183 5468 1345 5539 ἔργον
1396 5468 1549 5540 ήτῆς
1576 5468 1847 5538 ἡμετέρας

277 5564 494 5633 φύσεως
523 5564 715 5625 θέωσις
734 5580 747 5593 ·
771 5560 865 5615 καὶ
886 5560 993 5613 τῶν
1014 5560 1173 5619 θείων
1191 5560 1465 5632 λογισμῶν
1485 5561 1601 5614 έστι
1624 5560 1846 5623 σκοπὸς,

2020 5467 2173 5535 Quod
2207 5467 2252 5522 si
2294 5468 2468 5522 divini
2508 5468 2718 5523 consilii
2751 5483 2890 5538 opus
2931 5477 3016 5523 est
3053 5469 3278 5524 humani
3307 5471 3521 5540 generis

1953 5559 2263 5622 deiﬁcatio,
2326 5574 2503 5630 eoque
2545 5560 2842 5615 collineant
2893 5560 3092 5615 divina:
3142 5560 3522 5632 cogitationes.

276 5661 311 5729 ή
368 5657 502 5729 πρὸς
547 5656 608 5709 τὸ
663 5654 834 5724 πέρας
891 5654 1191 5725 διεξαγωγὴ
1239 5654 1348 5709 τῶν
1378 5653 1718 5725 ζητουμένων
1746 5652 1849 5722 τῆς

1956 5661 2015 5705 ut
2044 5651 2153 5705 vita
2180 5658 2363 5706 nostra
2399 5652 2453 5705 in
2494 5664 2684 5705 eorum
2713 5666 2835 5720 quae
2868 5650 3117 5705 oratione
3146 5636 3520 5719 petuntur,“-

354 5838 367 5867 '
401 5837 544 5891 Psal.
575 5853 722 5899 xvnt.
755 5838 837 5891 l0.
915 5838 934 5867 ¹
962 5838 1118 5893 Joan.
1153 5852 1226 5900 tv,
1267 5838 1349 5891 l8.
1433 5838 1450 5867 ³
1480 5837 1605 5905 Sztp.
1640 5851 1711 5897 Ix,
1750 5833 1832 5886 Μ.
1910 5832 1928 5861 ⁸
1961 5830 2099 5884 Psai.
2134 5846 2296 5893 xxxn,
2333 5832 2417 5883 ll.

520 5929 791 5988 ΡΑτιιοι..
824 5929 939 5987 Gn.
994 5929 1088 5987 XC

3130 5916 3204 5975 28
