4218 6432
743 398 849 460 875

1911 395 1971 453 S.
2015 393 2302 453 MAXIMI
2341 392 2851 454 GONFESSORIS

3903 387 4005 449 816

736 524 862 565 nem
889 507 1161 581 dirigatur
1180 549 1195 574 ,
1248 506 1433 577 utique
1468 505 1826 561 utilissimum
1864 512 1949 560 est
1976 513 2033 559 et
2062 518 2231 558 nosse
2259 512 2316 558 et

2422 504 2692 574 ἡμετέρας
2718 501 2863 573 ζωῆς
2885 519 2899 533 ο
2928 503 3037 573 ἄρα
3067 502 3337 573 συμφέρει
3366 501 3462 573 τῆς
3484 500 3579 553 τοῦ
3606 500 3814 571 Κυρίου
3835 516 4006 570 προο-

736 601 962 671 exsequi
1000 599 1266 654 orationis
1288 598 1588 654 Dominicre
1608 598 1743 663 vim,
1766 613 1829 653 ac
1860 597 1939 652 sic
1965 596 2173 667 scripto
2196 610 2316 650 eam

737 694 1084 765 consignare.
1120 692 1391 759 Quoniam
1423 708 1559 749 vero
1606 692 1771 747 etiam
1808 692 1927 761 ejus
1970 689 2317 760 potissimum

736 785 1006 839 orationis
1040 788 1108 839 ad
1138 801 1226 840 me
1257 801 1481 841 servum
1507 800 1669 841 suum
1702 784 1970 839 Dominus
1999 796 2156 837 meus
2184 779 2318 834 scri-

739 873 895 938 bens,
913 871 1104 926 divino
1131 871 1399 929 instinctu
1427 872 1822 936 commeminit,
1848 886 2011 940 quam
2038 878 2095 924 et
2125 881 2318 923 eorum

736 977 858 1031 qua:
893 962 1029 1018 mihi
1060 961 1297 1019 dicenda
1320 973 1451 1019 sunt
1478 962 1793 1017 necessario
1818 968 2201 1031 argumentum
2228 974 2317 1013 as-

735 1069 931 1120 sumo;
984 1054 1165 1125 ipsum
1198 1055 1466 1110 orationis
1498 1054 1665 1124 hujus
1695 1063 2090 1123 praeceptorem
2129 1048 2317 1105 Domi-

735 1162 869 1201 num
901 1147 1154 1212 obsecro,
1181 1155 1244 1201 nt
1270 1157 1510 1202 mentem
1545 1146 1681 1199 mihi
1730 1144 1962 1214 aperiat.
1992 1142 2062 1197 ad
2110 1140 2319 1197 intelli-

737 1237 917 1308 genda
941 1237 1199 1309 mysteria
1251 1253 1375 1308 qua:
1409 1236 1466 1293 in
1498 1238 1589 1292 illa
1614 1237 1967 1292 continentur
1987 1277 2002 1301 ,
2046 1249 2110 1289 ac
2141 1249 2322 1303 quan--

740 1336 856 1382 tum
900 1344 1127 1383 necesse
1161 1329 1233 1383 sit
1264 1344 1575 1385 sermonem
1619 1328 1942 1399 elargiatur,
1976 1335 2036 1380 ut
2073 1342 2195 1395 qua:
2242 1325 2325 1379 in-

741 1417 1023 1485 tellexero,
1070 1418 1219 1474 clare
1266 1420 1471 1489 possim
1519 1420 1816 1490 explicare.
1891 1416 2325 1486 Comprehendit

737 1509 885 1561 cnim
928 1508 1087 1563 brevi
1122 1510 1411 1580 complexu
1442 1525 1507 1564 ac
1541 1508 1929 1563 informatione
1950 1508 2192 1578 mystice
2226 1522 2323 1562 oc-

739 1599 983 1666 cultum;
1027 1599 1115 1653 vel
1166 1600 1250 1671 (ut
1284 1598 1483 1655 melius
1527 1599 1729 1667 dicam)
1783 1598 1872 1652 his
1909 1598 2005 1668 qui
2036 1597 2322 1652 intellectu

640 1732 649 1754 ,
739 1692 947 1757 valent,
984 1691 1274 1746 manifeste
1322 1691 1695 1755 enuntiatum,
1726 1704 1952 1761 scopum
2001 1703 2221 1744 omnem
2266 1694 2325 1742 et

742 1783 926 1849 finem,
959 1784 1122 1856 346
1167 1783 1262 1857 qui
1294 1783 1349 1837 in
1379 1783 1467 1849 iis,
1499 1798 1622 1852 quae
1668 1791 1799 1837 sunt
1848 1782 2017 1848 dicta,
2064 1780 2319 1835 habetur.

740 1874 1004 1931 Omnium
1026 1854 1436 1947 eiiiqulorum
1462 1891 1562 1945 per
1582 1891 1803 1930 carnem
1823 1875 1918 1929 Dei
1944 1873 2182 1930 Verbum
2212 1870 2327 1926 exi-
2356 1854 2398 1908 Β

739 1967 991 2021 nanitum
1037 1967 1219 2036 ipsum
1271 1976 1465 2021 auctor
1502 1967 1733 2031 exstitit,
1766 1965 2087 2037 petitionem
2130 1962 2330 2019 oratio-

740 2060 827 2115 nis
859 2068 1043 2115 textas
1067 2059 1475 2128 complectitur,
1502 2058 1730 2123 docens,
1756 2068 1817 2113 ut
1845 2073 1909 2111 ea
1935 2057 2081 2111 bona
2107 2057 2329 2126 assequi

740 2150 1081 2216 studeamus,
1135 2165 1373 2219 quorum
1422 2150 1572 2204 solus
1609 2150 1757 2204 Deus
1801 2158 1865 2204 et‘
1891 2150 2052 2204 Pater
2089 2165 2188 2219 per
2238 2148 2329 2203 Fi-

739 2242 872 2295 lium
935 2241 1261 2294 naturaliter
1323 2240 1659 2295 mediantem
1720 2240 1776 2294 in
1867 2240 2074 2311 Spiritu
2137 2250 2328 2296 sancto

739 2347 866 2385 vere
914 2330 1144 2402 largitor
1207 2339 1321 2396 est;
1382 2331 1828 2401 quandoquidem
1872 2333 2026 2401 juxta
2078 2332 2327 2387 divinum

736 2424 1081 2492 Apostolum,
1134 2422 1403 2477 Dominus
1435 2423 1595 2477 Jesus
1641 2422 1738 2477 Dei
1789 2432 1847 2477 et
1876 2422 2162 2477 hominum
2208 2438 2329 2478 me-

738 2517 920 2570 diator
949 2516 1107 2581 est';
1141 2514 1237 2583 qui
1267 2514 1530 2569 nimirum
1562 2513 1887 2569 intermedia
1916 2529 2081 2570 carne
2110 2515 2327 2570 Patrem

739 2604 1063 2659 hominibus
1093 2604 1367 2675 ignotum,
1396 2612 1588 2658 notum
1624 2604 1818 2672 faciat;
1863 2605 2121 2675 Patrique
2152 2606 2330 2662 homi—

740 2712 864 2761 nes,
887 2697 942 2751 in
980 2710 1040 2750 se
1081 2695 1220 2765 ipse,
1258 2710 1362 2765 per
1407 2695 1673 2765 Spiritum
1721 2698 2128 2762 reconciliatos,
2156 2698 2331 2753 addu-

739 2797 861 2853 cat;
907 2802 1009 2857 pro
1061 2786 1285 2856 quibus,
1334 2802 1399 2840 ac
1428 2801 1666 2855 quorum
1712 2788 1887 2858 gratia
1931 2789 2069 2843 citra
2106 2804 2325 2845 omnem

2419 593 2587 663 ευχῆς
2662 591 2866 661 γνῶναί
2920 609 2981 645 τε
3016 591 3113 647 καὶ
3169 592 3397 661 πρᾶξαι,
3449 589 3547 643 καὶ
3603 590 3749 644 οὕτω
3772 588 4006 650 δεόντως

2418 684 2643 755 γράψαι,
2697 683 2797 754 τὴν
2848 683 3099 755 δύναμιν.
3142 682 3297 737 Ἐπεὶ
3326 682 3382 735 δὲ
3415 682 3649 752 μάλιστα
3678 682 3887 751 ταὺτης
3913 680 4007 733 καὶ

2418 777 2447 829 6
2473 774 2605 847 ὲμὸς
2639 775 2917 846 Δεσπότης
2952 776 3087 841 πρὸς
3113 774 3215 845 ὲμὶ
3246 775 3337 827 τὸν
3377 773 3544 828 αὐτοῦ
3568 772 3753 825 δοῦλον
3774 772 4007 843 γράφων

2422 869 2605 921 θεόθεν
2636 866 2881 938 κινηθεὶς
2912 867 3235 939 ἐπεμνήσθη
3263 866 3365 936 τῆς
3410 865 3745 937 προσευχῆς,
3794 864 3867 934 ἢν
3917 863 4009 916 καὶ

2419 961 2529 1015 τῶν
2577 960 2727 1030 ἐμῶν
2773 958 3091 1027 ἀναγκαίως
3139 956 3398 1011 ὑπόθεσιν
3451 956 3627 1025 λόγων
3658 953 4006 1023 ποιούμενος,

2420 1052 2678 1122 αἰτοῦμαι
2707 1050 2797 1103 τὸν
2830 1050 3035 1122 ταύτης
3060 1048 3377 1104 διδάσκαλον
3404 1049 3507 1119 τῆς
3538 1046 3854 1120 προσευχῆς
3894 1045 4008 1100 Κύ-

2423 1160 2561 1214 ριον,
2609 1142 2870 1207 διανοῖξαί
2924 1159 3028 1208 μου
3052 1142 3162 1195 ’τὸν
3207 1140 3332 1195 νοῦν
3363 1140 3502 1212 πρὸς
3539 1140 3878 1211 κατανόησιν
3902 1137 4009 1191 τῶν

2422 1234 2480 1285 tv
2512 1233 2651 1303 αὐτῇ
2702 1233 3037 1306 μυστηρίων,
3092 1233 3187 1285 καὶ
3241 1232 3426 1285 δοῦναι
3481 1230 3799 1301 σύμμετρον
3850 1229 4008 1296 λόγον

2423 1325 2557 1395 πρὸς
2584 1325 2684 1395 τὴν
2705 1325 2812 1377 τῶν
2833 1324 3140 1394 νοουμένων
3171 1325 3490 1394 σαφήνειαν.
3523 1322 3684 1375 Ὀλον
3731 1322 3843 1391 γὰρ
3900 1321 4011 1391 εχει

2423 1414 2566 1470 κατὰ
2610 1414 2958 1487 περιγραφὴν
2985 1415 3075 1468 τὸν
3108 1416 3164 1469 tv
3195 1416 3307 1477 τοῖς
3336 1413 3651 1485 εἰρημένοις
3675 1412 3883 1465 σκοπὸν
3914 1430 4012 1481 μυ-

2426 1506 2627 1570 στικῶς
2664 1508 3087 1578 κεκρυμμένονο
3145 1508 3203 1580 ἢ,
3254 1506 3383 1575 τόγε
3436 1505 3771 1576 κυριώτερον
3812 1506 4010 1568 εἰπεῖν,

2424 1604 2535 1665 τοῖς
2585 1601 2922 1672 ἐρρωμένοις
2957 1602 3049 1654 τὸν
3092 1600 3218 1654 νοῦν
3272 1598 3533 1670 ἐμφανῶς
3579 1597 4009 1669 κηρυττόμενον.

2426 1697 2653 1751 Πάντων
2699 1696 2807 1765 γάρ
2853 1690 2928 1751 ὧν
2974 1696 3061 1749 διὰ
3105 1694 3307 1765 σαρκὸς
3334 1694 3557 1763 γέγονεν
3587 1692 3893 1763 αὐτουργὸς
3926 1706 4013 1743 κε-

2426 1791 2621 1855 νωθεὶς
2673 1792 2702 1844 6
2745 1790 2836 1843 τοῦ
2866 1788 3003 1843 Θεοῦ
3034 1788 3228 1856 Λόγος,
3258 1788 3475 1858 αἴτησιν
3508 1784 3620 1855 ἔχει
3642 1786 3743 1853 τῆς
3772 1799 4013 1852 προσευ·

2426 1883 2530 1954 χῆς
2562 1883 2794 1951 ὁλόγος,
2840 1882 3104 1936 διδάσκων
3160 1880 3384 1934 ἐκείνων
3432 1874 3851 1949 μεταποιεῖσθαι
3907 1872 4018 1925 τῶν

2426 1973 2668 2043 ἀγαθῶν,
2712 1968 2787 2027 ὧν
2827 1973 2986 2042 μόνος
3028 1975 3057 2026 ό
3084 1970 3217 2034 Θεὸς
3246 1970 3341 2023 καὶ
3370 1967 3563 2039 Πατὴρ
3593 1968 3659 2021 δι’
3693 1965 3827 2020 Υίοῦ
3860 1982 4016 2033 φυσι-

2427 2066 2540 2130 κῶς
2599 2064 2977 2136 μεσιτεύοντος
3020 2065 3079 2117 ἐν
3117 2063 3259 2132 ἁγίῳ
3290 2060 3572 2131 Πνεύματι
3597 2061 3718 2112 κατ’
3757 2058 4013 2129 ἀλήθειάν

2427 2158 2544 2211 ἐστι
2596 2154 2870 2227 χορηγός⁶
2915 2155 3075 2226 είπερ
3119 2154 3348 2225 μεσίτης
3388 2150 3524 2207 Θεοῦ
3558 2152 3653 2206 καὶ
3684 2150 4011 2220 ἀνθρώπων,

2428 2244 2568 2300 κατὰ
2599 2244 2690 2298 τὸν
2726 2243 2869 2298 θεῖον
2911 2242 3259 2307 ’Δπόστολον,
3282 2242 3310 2294 6
3343 2240 3549 2313 Κύριός
3570 2241 3719 2293 ἐστιν
3752 2240 3965 2310 Ἰησοῦς
3999 2256 4010 2268 ·

2424 2338 2540 2399 τοῖς
2602 2336 2702 2407 μὲν
2761 2334 3103 2404 ἀνθρώποις,
3160 2332 3252 2387 διὰ
3308 2333 3511 2403 σαρκὸς
3565 2331 3789 2402 ἐμφανῆ
3844 2332 4016 2386 ποιῶν

2426 2425 2787 2496 ἀγνοούμενον
2820 2426 2912 2478 τὸν
2948 2426 3210 2502 Πατέραυ·
3249 2424 3327 2495 τῷ
3365 2424 3425 2477 δὲ
3480 2424 3658 2495 Πατρὶ
3712 2424 3802 2479 διὰ
3846 2423 4013 2477 Πνεῦ-

2430 2534 2594 2589 ματος
2611 2517 2669 2571 tv
2688 2517 2864 2587 ἑαυτῷ
2883 2519 3009 2581 τοὺς
3031 2516 3352 2587 ἀνθρώπους
3364 2516 3809 2580 καταλλαγέντας
3838 2533 4011 2587 προσ-

2428 2611 2576 2677 άγων
2604 2624 2618 2637 ο
2654 2608 2794 2679 ὑπὲρ
2842 2601 2938 2671 ὧν,
2993 2605 3095 2659 καὶ
3125 2605 3193 2659 δι’
3234 2604 3331 2669 οὒς
3386 2604 3675 2676 ἀτρέπτως
3724 2604 4014 2673 γενόμενος

2426 2702 2733 2773 ἄνθρωπος,
2789 2700 2999 2753 πολλῶν
3032 2700 3156 2754 ὅσον
3187 2698 3403 2752 οὐδέπω
3434 2697 3619 2769 μέτρῳ
3673 2696 4013 2767 περιλαΰεῖν,

2426 2795 2487 2848 τό
2535 2812 2596 2848 τε
2658 2792 2863 2863 πλῆθος
2912 2792 3012 2846 κα¹ι
3039 2789 3267 2861 μέγεθος
3288 2790 3578 2861 δεδύνηται
3600 2789 3783 2858 λόγος,
3813 2788 4015 2843 καινῶν

741 2881 1104 2937 mutationem
1139 2878 1317 2934 factus
1350 2879 1539 2944 homo,
1575 2888 1657 2933 tot
1694 2886 2103 2951 tantorumque,
2136 2891 2196 2937 ut
2228 2897 2327 2937 eo-

2430 2883 2743 2955 μυστηρίων
2800 2883 3102 2954 αὐτουργὸς
3149 2883 3365 2951 γίνεται
3416 2882 3513 2935 καὶ
3539 2880 3864 2944 διδάσκαλος
3899 2897 3913 2910 ⁸
3942 2874 4015 2933 ὦν

728 2988 861 3026 rum
907 2972 992 3026 vel
1027 2970 1401 3025 multitudinis
1440 2972 1526 3025 vel
1572 2971 1970 3041 magnitudinis
2016 2974 2167 3028 nulla
2221 2989 2328 3027 un-

2428 2975 2567 3028 ὲπτά
2589 2974 2678 3028 τὸν
2707 2973 2938 3045 ἀριθμὸν
2966 2972 3307 3044 γενικώτερα
3328 2973 3438 3026 τῶν
3462 2973 3688 3038 λοιπῶν,
3718 2974 3844 3027 κατ’
3870 2971 4015 3037 tant.

734 3079 901 3130 quum
933 3064 1061 3118 iniri
1095 3065 1271 3133 possit
1301 3062 1464 3129 ratio,
1490 3078 1764 3119 novorum
1797 3063 2183 3134 mysteriorum
2209 3066 2328 3137 ipse

2431 3083 2586 3135 ρετον
2631 3065 2940 3137 φιλοτιμίαν
2984 3065 3255 3135 πέφανται
3312 3067 3425 3128 τοῖς
3450 3065 3760 3135 ἀνθρώποις
3783 3065 4016 3137 δεδωρη·

738 3165 931 3210 auctor
947 3164 1109 3224 atque
1127 3153 1331 3223 opifex,
1345 3154 1646 3225 doctorqne
1664 3155 1894 3210 exsistat
1913 3173 1926 3209 :
1946 3172 1977 3212 e
1997 3155 2199 3227 quibus
2216 3168 2329 3227 pra:

2433 3159 2591 3230 μένος
2618 3175 2632 3189 '
2668 3155 2743 3213 ὦν
2774 3159 3050 3231 μυστικῶς
3072 3158 3317 3230 περιέχει
3338 3158 3439 3230 τὴν
3469 3156 3725 3228 δῦδαμιν,
3752 3157 3831 3222 ὡς
3856 3157 4017 3226 ἔφην,

740 3248 951 3303 caeteris
969 3254 1178 3316 septem
1197 3262 1431 3303 numero
1453 3246 1866 3313 universaliora,
1884 3263 1984 3318 pro
2002 3248 2202 3303 eximia
2229 3263 2329 3304 sua

2429 3253 2531 3321 τῆς
2585 3250 2899 3322 προσευχῆς
2942 3250 2971 3302 6
3021 3250 3221 3313 σκοπός
3249 3265 3264 3280 ³
3313 3248 3617 3317 θεολογίαν,
3651 3247 3932 3301 υἱοθεσίαν
3960 3249 4016 3299 ἐν

738 3340 1067 3393 liberalitate
1115 3339 1326 3408 liquido
1374 3339 1691 3394 hominibus
1731 3342 2043 3409 concessit;
2088 3357 2326 3411 quorum

2426 3343 2633 3414 χάριτι,
2685 3342 2958 3413 ίσοτιμίαν
2985 3341 3085 3412 τὴν
3124 3341 3263 3411 πρὸς
3322 3340 3620 3409 ἀγγέλους,
3658 3338 3833 3393 ἀϊδίου
3872 3337 4015 3406 ζωῆς

739 3430 968 3498 mystice
990 3430 1123 3495 vim,
1151 3430 1230 3483 uti
1265 3429 1538 3494 dicebam,
1569 3431 1955 3500 complectitur
1983 3447 2181 3504 scopus
2206 3449 2330 3488 ora-

2429 3434 2686 3505 μετοχὴν,
2744 3433 2960 3503 φύσεως
3013 3433 3243 3497 ἀπαθῶς
3299 3432 3437 3504 πρδς
3498 3430 3699 3502 ἑαυτὴν
3750 3430 4016 3499 νευούσης

742 3522 950 3575 tionis:
990 3514 1209 3592 nempe.
1240 3521 1596 3591 theologiam,
1631 3522 1984 3593 adoptionem
2025 3525 2082 3579 in
2130 3526 2325 3597 gratia,

2424 3526 2891 3591 ἀποκατάστασιν,
2927 3526 3024 3580 τοῦ
3063 3527 3229 3597 νόμου
3254 3526 3352 3597 τῆς
3385 3518 3665 3597 ἀμαρτίας
3691 3524 4015 3584 κατάλυσιν,

740 3628 927 3682 parem
985 3627 1107 3666 cum
1157 3612 1367 3683 angelis
1425 3612 1653 3668 honoris
1702 3622 1931 3681 sortem,
1976 3617 2323 3686 sempiterna:

2426 3620 2522 3675 καὶ
2564 3618 2667 3690 τῆς
2702 3618 2797 3673 τοῦ
2831 3619 3206 3691 κρατήσαντος
3233 3618 3392 3689 ἡμῶν
3420 3618 3488 3672 δι’
3516 3618 3737 3686 ἀπάτης
3772 3613 4017 3685 πονηροῦ

735 3704 859 3757 vice
888 3703 1226 3765 societatem.
1252 3711 1463 3759 natura:
1486 3704 1543 3758 in
1574 3704 1810 3775 seipsam
1859 3706 2013 3762 nulla
2037 3706 2158 3761 vitii
2198 3708 2321 3763 labe

2429 3713 2744 3785 τυραννίδος
2802 3712 3143 3783 καθαίρεσιν.
3194 3711 3494 3782 Σκοπῶμεν
3539 3704 3634 3764 οῦν
3668 3708 3769 3780 τὴν
3798 3706 3913 3760 τῶν
3944 3708 4016 3758 λε-

736 3804 832 3849 aut
862 3795 1089 3850 libidine
1145 3794 1462 3849 inclinantis
1505 3795 1560 3849 in
1584 3797 1858 3868 integrum
1892 3797 2323 3864 restitutionem,

2430 3804 2664 3875 χθέντων
2689 3803 2967 3875 ἀλήθειαν.

737 3886 871 3956 legis
927 3886 1139 3956 peccati
1186 3886 1656 3953 destructionem,
1705 3906 1770 3945 ac
1818 3891 2167 3961 nequissimi,
2224 3894 2319 3964 qui
2357 3913 2461 3955 nos
2528 3898 2849 3956 sedueendo
2899 3897 3212 3963 addixerat,
3273 3896 3585 3969 tyrannidis
3628 3894 4013 3951 abolitionem.

739 3977 1022 4064 Dictorum
1063 3978 1231 4048 igitur
1265 3979 1557 4035 veritatem
1595 3982 1790 4037 sedulo
1819 3983 2195 4052 exquiramus.

806 4068 941 4157 Nam
1000 4072 1332 4143 theologiam
1389 4074 1615 4144 quidem
1663 4076 1847 4141 docet,
1897 4078 2045 4147 quod
2102 4095 2322 4136 carnem

2501 4080 2793 4149 Θεολογίαν
2830 4080 2929 4152 μὲν
2972 4080 3081 4148 γὰρ
3132 4079 3375 4133 διδάσκει
3428 4078 3801 4150 σαρκούμενος
3842 4082 3871 4135 ό
3922 4080 4015 4135 τοῦ

738 4161 1055 4231 assumpsit,
1092 4162 1187 4216 Dei
1227 4163 1486 4231 Verbum,
1515 4166 1570 4219 in
1602 4181 1659 4221 se
1692 4166 1952 4239 nimirum
2004 4168 2221 4223 Patrem
2266 4181 2323 4225 et

2423 4172 2560 4227 Θεοῦ
2608 4173 2917 4241 Λόγοςιὼς
2962 4173 3021 4226 tv
3071 4171 3250 4242 ἑαυτῷ
3298 4171 3511 4235 δεικνὺς
3552 4171 3643 4224 τὸν
3670 4172 3897 4242 Πατέρα
3924 4174 4014 4226 καὶ

739 4262 1004 4333 Spiritum
1044 4274 1294 4320 sanctum
1345 4266 1667 4322 ostendens.
1713 4268 1884 4325 Totus
1938 4271 2087 4324 enim
2138 4270 2320 4337 Pater,

2423 4265 2485 4318 τὸ
2514 4264 2741 4336 Πνεῦμα
2774 4263 2836 4317 τὸ
2881 4264 3059 4332 ἅγιον.
3108 4263 3271 4327 Ὅλος
3313 4262 3424 4334 γὰρ
3466 4257 3539 4333 ἦν
3576 4264 3605 4316 ό
3644 4261 3863 4332 Πατὴρ,
3920 4264 4013 4317 καὶ

740 4362 998 4423 totusque
1028 4355 1166 4409 adeo
1197 4355 1434 4424 Spiritus
1468 4366 1691 4411 sanctus
1715 4358 2084 4414 essentialiter
2115 4359 2170 4414 in
2207 4368 2323 4416 toto

2423 4358 2542 4411 ὅλον
2574 4357 2635 4410 τὸ
2672 4356 2898 4425 Πνεῦμα
2925 4356 2986 4409 τὸ
3012 4356 3192 4424 ἀγιον,
3230 4353 3507 4417 οὐσιωδῶς
3548 4355 3607 4407 tv
3644 4353 3752 4424 ὅλῳ
3789 4354 4013 4416 τελείως

737 4444 985 4515 perfecte
1019 4445 1157 4499 Filio
1205 4452 1384 4511 erant,
1434 4447 1602 4499 etiam
1652 4446 1957 4513 incarnato,
1991 4464 2101 4504 non
2140 4458 2320 4505 tamen

2424 4446 2501 4517 τῷ
2528 4446 2643 4516 Υίῷ
2671 4446 2765 4498 καὶ
2801 4446 3181 4516 σαρκουμένῳ,
3229 4444 3291 4497 οὐ
3352 4442 3717 4515 σαρκούμενοι
3747 4456 3763 4473 °
3816 4442 3939 4499 ἀλλ’
3985 4444 4013 4495 ὀ

739 4536 842 4604 ipsi
905 4537 1209 4603 incarnati;
1254 4536 1348 4592 sed
1405 4552 1470 4591 ea
1520 4537 1733 4592 ratione
1786 4538 1933 4607 quod
1987 4538 2148 4594 Pater
2188 4555 2320 4609 pro-

2430 4537 2530 4607 μὲν
2580 4535 2841 4601 εὐδοκῶν,
2896 4535 2959 4588 τὺ
3006 4535 3062 4588 δὲ
3115 4534 3429 4606 συνεργοῦν,
3490 4534 3883 4604 αὑτουργοῦντι
3931 4533 4014 4605 τῷ

739 4642 909 4696 pense
959 4629 1150 4682 volens
1204 4644 1268 4683 ac
1314 4629 1683 4698 complacens,
1736 4628 1976 4698 Spiritus
2016 4646 2322 4700 cooperans

2429 4632 2545 4702 Υἱῷ
2576 4631 2679 4703 (a)
2718 4630 2820 4701 τὴν
2858 4629 3135 4701 σάρκωσιν
3167 4647 3181 4659 ·
3229 4630 3387 4699 εῐπερ
3422 4628 3608 4691 ἔννους
3658 4627 3688 4679 ό
3721 4627 3899 4695 Λόγος
3935 4628 4010 4683 δι-

738 4726 875 4784 erat,
908 4718 1067 4784 Filio,
1096 4719 1189 4789 qui
1222 4718 1337 4789 ipse
1379 4720 1483 4774 sibi
1516 4735 1739 4774 carnem
1767 4720 2029 4775 conderet
2066 4738 2078 4774 :
2115 4722 2320 4792 quippe

2426 4726 2611 4794 ἔμεινε
2646 4724 2742 4777 καὶ
2780 4721 2912 4787 ζῶν,
2946 4723 3041 4777 καὶ
3079 4721 3267 4793 μηδενὶ
3296 4721 3358 4774 τὸ
3386 4720 3647 4791 παράπαν
3692 4718 3841 4789 ἄλλῳ
3886 4724 4019 4773 κατ’

738 4826 864 4863 eum
898 4810 1140 4865 Verbum
1183 4819 1367 4865 mente
1406 4810 1697 4880 praeditum
1741 4813 2195 4881 perseveraverit,
2239 4813 2321 4867 vi-

2425 4816 2613 4869 οὐσίαν
2652 4816 3019 4886 χωρούμενος,
3059 4814 3093 4885 ἢ
3128 4815 3275 4886 μόνῳ
3298 4814 3376 4883 τῷ
3404 4813 3582 4884 Πατρὶ
3619 4813 3711 4865 καὶ
3735 4811 3816 4881 τῷ
3840 4811 4007 4866 Πνεῦ-

741 4911 901 4971 taque
952 4901 1236 4965 incolumi,
1288 4918 1353 4957 ac
1390 4902 1684 4972 ejusmodi,
1731 4912 1795 4957 ut
1832 4918 1863 4957 a
1901 4904 2019 4958 solo
2057 4904 2320 4961 duntaxat

2428 4922 2581 4976 ματι,
2614 4905 2707 4958 καὶ
2740 4904 2878 4975 πρὸς
2920 4905 3019 4973 τὴν
3066 4904 3245 4973 σάρκα
3298 4902 3388 4957 διὰ
3430 4900 3867 4972 φιλανθρωπίαν,
3908 4901 4006 4971 τὴν

738 4991 899 5046 l’atre
933 5000 1013 5070 et.
1040 4990 1250 5060 Spiritu
1300 4999 1513 5057 sancto,
1545 4991 1691 5061 quod
1724 4992 1961 5047 essentia
2001 5002 2105 5057 est,
2139 4993 2319 5063 capia-

2427 4993 2547 5047 καθ’
2578 4994 2876 5047 ὑπόστασιν
2896 4993 3261 5064 ποιησάμενος
3295 4991 3511 5045 ἕνωσιν.

582 5094 586 5107 '
668 5108 671 5111 -
737 5096 861 5148 tur;
909 5092 1025 5138 tum
1050 5084 1239 5150 etiam,
1265 5100 1390 5139 cum
1421 5100 1521 5155 pro
1552 5099 1782 5139 summa:
1824 5084 2179 5155 benignitatis
2240 5086 2551 5152 clementia,
2591 5087 2875 5152 unionem,
2936 5101 3059 5156 quae
3093 5094 3179 5140 est
3223 5084 3279 5139 in
3344 5098 3601 5155 persona,
3644 5097 3770 5138 cum
3843 5097 4003 5138 carne

742 5174 1032 5229 contraxit.

764 5410 770 5421 1
808 5332 876 5387 'l
916 5312 1157 5387 Timotb.
1194 5348 1253 5397 ιι,
1285 5332 1338 5386 5.

794 5467 1316 5537 (αμύτουρτοῦντι
1346 5468 1425 5532 τῷ
1466 5467 1857 5538 ficium-imum
1882 5468 2030 5538 quod
2055 5469 2304 5525 continet

735 5545 916 5596 oratio
949 5539 1253 5599 Dominica,
1310 5538 1495 5593 divina
1543 5537 1816 5608 theologia
1844 5537 1929 5593 est
1967 5557 1979 5592 :
2022 5539 2311 5595 Trinitatis

737 5612 871 5665 fides
903 5617 959 5664 et
989 5608 1404 5672 incarnationis,
1433 5622 1554 5678 qua:
1579 5608 1705 5678 sita
1729 5615 1842 5662 tota
1863 5608 2134 5664 'l‘rinitate
2162 5608 2310 5663 indi-
2358 5632 2359 5635 η

736 5682 872 5744 vise,
896 5680 971 5733 ita
996 5688 1177 5733 tamen
1209 5686 1267 5749 ut
1306 5677 1460 5733 solus
1488 5678 1661 5733 Filius
1696 5677 2015 5734 incarnatus
2044 5680 2150 5743 sit,
2194 5679 2311 5749 ipse

735 5752 838 5805 sibi
870 5748 1314 5819 αὑτουργῶντὴν
1356 5751 1653 5819 σάρκωσιν,
1683 5759 1875 5819 γαιιειον
1903 5748 2308 5819 incarnationis,

732 5829 788 5874 ct
804 5822 897 5891 qui
923 5822 1165 5892 seipsum
1187 5818 1578 5888 incarnaverit,
1604 5818 1699 5877 sed
1728 5818 2074 5884 εὐδοκοῦντος
2099 5820 2312 5891 Πατρὸς

2413 5471 2507 5525 καὶ
2538 5468 2927 5539 συνεργοῦντος
2944 5469 3047 5541 ατοῦ
3108 5467 3266 5537 ἀγίου
3283 5467 3601 5541 Πνεῦματος
3628 5483 3641 5496 ·
3669 5469 3861 5522 Patris
3880 5481 4002 5541 pro:

2414 5558 2579 5625 Pensa
2604 5538 2879 5625 uoluntate
2913 5550 2965 5594 et
2995 5538 3202 5625 Spiritu
3238 5538 3701 5625 sancto'adjutﬁre
3719 5554 3740 5625 ξ
3761 5554 3876 5625 non
3912 5538 4001 5625 qui

2414 5608 2517 5681 ipsi
2558 5610 2986 5681 αὑτουργοῦντες
3022 5608 3235 5681 illigent:
3266 5608 3565 5681 σάρκωσιν,
3599 5608 3866 5681 Max-imo,
3912 5613 4003 5659 aut

2414 5679 2646 5751 probato
2672 5679 2770 5735 ulli
2800 5681 3055 5751 theologo
3086 5679 3225 5751 dicti
3260 5679 3392 5751 sint,
3417 5682 3478 5735 u't
3503 5679 3655 5751 gravi
3688 5679 4004 5751 mendore-

2415 5747 2711 5822 praesentat
2728 5751 2932 5807 Catena
2958 5747 3185 5822 Corder.
3224 5747 3525 5820 redditque
3553 5750 3672 5820 ipse
3690 5747 4006 5820 simplicius

2416 5821 2707 5892 minusque
2747 5821 3076 5893 theologice.
