4218 6432
278 395 382 459 8Π

1212 381 1632 447 EXPOSITIO
1669 376 2080 442 ORATIONIS
2117 372 2522 435 DOMINICIE.

3410 371 3515 438 878

353 509 632 563 Υἱοθεσίαν
676 509 732 563 δὲ
794 508 994 571 δίδωσι,
1027 508 1126 577 τὴν
1155 505 1299 577 ὑπὲρ
1330 503 1490 575 φύσιν
1524 500 1726 556 ἀνωθεν
1763 496 1850 549 διὰ
1881 500 1925 553 Α

2020 489 2384 560 Adeptionem
2414 501 2545 540 vero
2578 484 2795 548 tribuit,
2827 491 3101 554 quatenus
3123 481 3333 539 scilicet
3374 484 3520 540 illam

277 598 592 667 Πνεΰματος
638 600 697 651 ἐν
737 598 917 669 χάριτι
958 597 1298 669 δωρούμενος
1348 595 1599 663 γέννησιν
1626 605 1640 619 ⁸
1684 585 1750 661 ἧς
1795 588 1853 639 ἐν

280 690 396 759 Θεῷ
456 688 557 761 [al.
624 691 719 743 σὺν
768 687 912 759 Θεῷ]
954 689 1169 758 φυλακή
1198 704 1259 739 τε
1295 685 1392 739 καὶ
1418 681 1649 753 τήρησις
1684 681 1853 739 ἐστιν,

276 779 308 844 ἡ
333 776 440 827 τῶν
467 776 824 846 γεννωμένων
876 776 1192 847 προαίρεσις
1236 772 1329 843 (b)'
1380 769 1615 825 διαθέσει
1654 763 1855 835 γνησίᾳ

275 867 378 934 τὴν
416 867 660 919 δοθεῖσαν
693 866 996 937 στέργουσα
1018 866 1199 934 χάριν,
1250 863 1344 916 καὶ
1392 864 1459 932 τῇ
1501 857 1696 929 πράξει
1747 852 1855 905 τῶν

275 957 509 1009 ἐντολῶν
551 957 826 1026 ἐπιμελῶς
872 957 931 1007 τὸ
980 956 1121 1008 κειτά
1169 954 1329 1025 χάριν
1369 951 1519 1005 δοθὲν
1545 946 1855 1017 ώραῒζουσα

283 1045 479 1107 κάλλος
505 1062 518 1075 ·
568 1048 660 1114 καὶ
693 1046 947 1106 τοσοῦτον
973 1050 1037 1118 τῇ
1074 1046 1302 1101 κενώσει
1327 1044 1436 1097 τῶν
1471 1041 1660 1096 παθῶν
1689 1056 1855 1109 μετα-

284 1133 581 1202 ποιουμένη
611 1133 879 1204 θεότητος,
907 1136 1029 1188 ὅσον
1055 1137 1085 1188 ὁ
1110 1134 1201 1187 τοῦ
1226 1132 1362 1187 Θεοῦ
1412 1131 1582 1197 ᾼόγος
1632 1129 1729 1199 τῆς
1774 1128 1856 1180 οἷ’

286 1221 442 1284 κείας
490 1223 820 1292 ἀκραιφνοῦς
868 1223 1045 1292 δόξης,
1090 1222 1446 1293 οἰκονομικῶς
1500 1221 1688 1274 ἐαυτὸν
1714 1217 1856 1271 κατά

286 1310 504 1381 θέλησιν
535 1312 794 1380 κενώσας,
847 1315 1136 1384 γενόμενος
1180 1313 1399 1384 ἀληθῶς
1451 1308 1856 1382 κεχρημάτικεν

286 1396 601 1466 ἄνθρωπος.

369 1570 664 1641 ’ἰσοτίμους
700 1573 755 1625 δὲ
801 1575 914 1637 τοῖς
949 1574 1200 1642 ἀγγέλοις
1230 1573 1358 1636 τοὺς
1386 1570 1707 1643 ἀνθρώπους
1755 1589 1855 1625 πε-

288 1661 538 1728 ποίηκεν,
585 1663 646 1713 οὐ
679 1663 869 1716 καθότι
912 1664 1071 1731 μόνον
1091 1663 1579 1734 Εἱρηνοποιήσας
1627 1662 1725 1717 διὰ
1750 1662 1855 1716 τοῦ

287 1752 538 1819 αἵματος
565 1753 670 1806 τοῦ
713 1754 977 1823 σταυροῦ
1007 1756 1193 1810 αὑτοῦ
1224 1754 1295 1809 τὰ
1334 1755 1403 1808 ἐν
1429 1754 1550 1820 τοῖς
1581 1752 1857 1821 οὐρανοῖς

289 1841 391 1894 καὶ
426 1842 497 1895 τὰ
539 1844 636 1897 ἐπὶ
669 1845 778 1912 τῆς·
807 1844 938 1914 τῆς,
966 1847 1060 1899 καὶ
1088 1848 1443 1918 καταργήσας
1471 1846 1569 1910 τὰς
1616 1847 1852 1918 πληρού·
1885 1834 1927 1889 Β

294 1951 397 1995 σας
440 1935 529 1987 τὸν
564 1936 727 2005 μέσον
755 1937 986 2008 οὐρανοῦ
1018 1939 1108 1991 καὶ
1139 1940 1243 2010 γῆς
1279 1940 1441 1992 τόπον
1476 1939 1855 2009 ἀντικειμένας

291 2022 551 2095 δυνάμεις
570 2066 585 2091 ,
615 2028 743 2097 μίαν
786 2030 920 2099 πρὸς
950 2030 1048 2100 τὴν
1073 2022 1180 2084 τῶν
1210 2030 1368 2085 θείων
1388 2030 1572 2101 δώρων
1600 2031 1855 2101 διανομὴν

291 2114 401 2164 τῶν
418 2116 674 2182 ἐπιγείων
700 2117 792 2169 καὶ
808 2118 1069 2186 οὐρανίων
1086 2119 1362 2190 δυνάμεων
1387 2120 1664 2185 ἀπέδειξεν
1693 2115 1857 2172 οὖσαν

294 2206 603 2272 πανήγυριν
624 2221 637 2234 ο
686 2208 783 2277 τῆς
818 2207 1162 2279 ἀνθρωπίνης
1191 2209 1403 2278 φύσεως
1453 2210 1511 2262 ἐν
1542 2208 1857 2277 ἀγαλλιάσει

295 2294 439 2346 κατὰ
484 2294 544 2346 τὸ
581 2294 640 2347 ἒν
669 2296 850 2349 καὶτὸ
884 2298 1015 2351 αὐτὸ
1062 2297 1269 2370 θέλημα
1304 2300 1420 2361 ταῖς
1462 2297 1571 2351 ἄνω
1602 2299 1857 2370 δυνάμεσι

295 2389 395 2456 τὴν
443 2387 600 2453 δόξαν
650 2387 746 2441 τοῦ
799 2389 935 2442 Θεοῦ
986 2389 1423 2461 συνεπηχοὺσης·
1484 2392 1599 2445 ἀλλ’
1637 2393 1717 2446 ὅτι
1764 2394 1859 2446 καὶ

299 2478 437 2546 μετὰ
466 2478 562 2548 τὴν
595 2479 872 2548 πλήρωσιν
891 2480 991 2550 τῆς
1022 2482 1161 2553 ὑπὲρ
1190 2481 1346 2553 ὴμῶν
1368 2483 1696 2553 οἰκονομίας,
1723 2484 1859 2553 μετά

295 2568 391 2620 τοῦ
440 2569 877 2639 προσληφθέντος
911 2571 1240 2643 ἀναληφθεὶς
1268 2572 1519 2644 σώματος
1553 2574 1647 2644 (c),
1694 2575 1857 2646 οὐρα-

299 2658 390 2709 νὸν
440 2659 535 2710 καὶ
582 2659 685 2729 γῆν
729 2661 905 2731 ἦνωσε
955 2661 1022 2714 δι’
1072 2657 1297 2715 ἑαυτοῦο
1349 2665 1443 2716 καὶ
1499 2666 1611 2728 τοῖς
1654 2668 1857 2735 νοητοῖς

302 2748 508 2817 συνῆψε
561 2751 628 2803 τά
673 2751 927 2821 αίσθητά,
978 2754 1072 2807 καὶ
1122 2754 1249 2824 μίαν
1286 2754 1450 2822 ἔδειξε
1496 2755 1594 2826 τὴν
1638 2756 1859 2827 κτιστὴν

300 2841 463 2909 φύσιν
488 2843 607 2905 ταῖς
634 2842 742 2895 τῶν
771 2844 968 2914 ἑαυτῆς
995 2844 1257 2916 ἀκρότησι
1285 2846 1485 2918 μερῶν,
1514 2849 1630 2900 κατ’
1658 2850 1859 2918 ἀρετήν

296 2950 356 2984 τε
392 2936 486 2986 καὶ
532 2935 629 3003 τῆς
679 2935 899 3006 πρώτης
929 2936 1104 3000 αἰτίας
1135 2937 1446 3005 ἐπίγνωσιν,
1498 2939 1634 3008 πρὸς
1664 2938 1859 3009 ἑαυτὴν

300 3026 687 3096 συνδεομένηνο
730 3027 961 3093 δεικνὺς,
1012 3023 1187 3098 οἶμαι,
1232 3029 1299 3082 δι’
1340 3021 1415 3082 ὧν
1464 3030 1710 3083 ἐπετέλει
1757 3049 1859 3100 μυ-

299 3116 520 3179 στικῶς,
555 3118 627 3180 ὡς
655 3119 684 3171 ὁ
718 3119 1003 3187 μὲνιλόγος
1032 3121 1148 3172 ἐστὶ
1171 3119 1278 3173 τῶν
1306 3119 1607 3174 διεστώτων
1636 3121 1824 3185 ἐνωσις
1842 3139 1858 3154 ο

299 3207 332 3274 ἠ
362 3205 417 3258 δὲ
452 3207 660 3275 ἀλογία,
694 3209 802 3261 τῶν
835 3208 1125 3280 ἡνωμένων
1147 3210 1407 3282 διαίρεσις
1429 3228 1442 3241 ⁸
1474 3212 1568 3265 καὶ
1599 3212 1859 3282 μάθωμεν

298 3295 458 3363 λόγου
488 3298 895 3366 μεταποιεῖσθαι
930 3301 1017 3354 διὰ
1044 3301 1141 3369 τῆς
1170 3302 1441 3372 πράξεως,
1481 3303 1565 3356 ἵνα
1594 3302 1669 3372 μὴ
1702 3304 1860 3373 μόνον

299 3389 554 3455 ἀγγέλοις
609 3391 732 3443 κατ’
779 3391 1011 3463 ἀρετὴν,
1058 3393 1193 3446 ἀλλά
1244 3394 1337 3447 καὶ
1382 3394 1501 3465 Θεῷ
1544 3395 1859 3463 γνωστικῶς

299 3481 443 3533 κατά
473 3482 574 3551 τὴν
600 3483 707 3536 τῶν
742 3486 907 3537 ὄντων
940 3486 1225 3555 ἐνωθῶμεν
1266 3487 1573 3558 ἀφαίρεσιν.

1953 590 2148 636 natura
2193 578 2541 649 superiorum
2571 574 2785 647 coalitus
2825 589 2925 643 per
2953 572 3217 643 Spiritum
3266 573 3321 627 in
3353 575 3526 644 gratia

1955 672 2153 726 tribuit
2196 684 2259 725 ac
2302 669 2471 723 donat
2517 665 2894 729 nativitatem;
2946 665 3103 735 cujus
3149 664 3263 720 Deo
3306 664 3536 735 auspice

1952 763 2201 818 custodia
2230 777 2295 817 ac
2327 758 2673 815 conservatio
2702 755 2809 821 est,
2842 755 3013 810 libera
3060 770 3277 822 eorum,
3302 757 3399 827 qui
3439 755 3530 811 'sic

1951 855 2066 909 nati
2094 861 2243 915 sunt,
2269 851 2551 913 voluntas;
2596 849 2813 903 sincero
2860 847 3027 901 animi
3061 849 3261 903 atl'ectu
3304 864 3526 921 conces-

1953 961 2066 1000 sam
2109 942 2339 1015 gratiam
2370 942 2577 1007 colens,
2603 955 2667 994 ac
2697 937 2859 1010 357
2887 937 3092 1007 quibus
3126 937 3383 992 mandata
3426 952 3528 993 ex»

1952 1044 2234 1107 sequatur,
2296 1033 2487 1088 sedulo
2538 1047 2638 1101 per
2694 1031 2930 1101 gratiam
2991 1043 3312 1084 concessum
3359 1025 3529 1084 decus

1954 1142 2264 1192 exornans;
2318 1133 2640 1192 tantumque
2671 1121 3148 1192 perturbationum
3176 1119 3528 1175 evacuatione

1956 1218 2177 1273 deitatis
2222 1212 2552 1269 commercio
2590 1211 2917 1281 provehens,
2944 1218 3211 1280 quantum
3256 1202 3355 1264 Dei
3394 1209 3519 1263 Ver-

1955 1309 2087 1363 bum
2119 1321 2250 1360 vere
2284 1303 2498 1359 exstitit
2534 1303 2720 1365 homo,
2750 1316 2781 1355 a
2808 1315 2907 1355 sua
2950 1315 3009 1355 se
3049 1315 3179 1355 vera
3222 1316 3287 1356 ac
3323 1301 3533 1371 magni-

1955 1401 2059 1456 lica
2119 1398 2290 1469 gloria
2343 1412 2443 1467 per
2498 1395 2833 1449 voluntatem
2886 1392 3295 1462 dispensatione
3340 1392 3529 1451 exina-

1956 1492 2139 1546 niens.

2022 1581 2144 1637 Pari
2170 1596 2301 1637 vero
2328 1580 2582 1635 homines
2628 1578 2835 1648 angelis
2877 1576 3142 1646 dignitate
3186 1576 3338 1631 auxit
3369 1584 3531 1647 atque

1954 1674 2223 1743 provexit,
2256 1687 2369 1726 non
2395 1686 2460 1726 ea
2492 1671 2756 1725 duntaxat
2790 1668 3024 1735 ratione,
3057 1668 3203 1739 quod
3235 1667 3532 1735 Paciﬁcans

1949 1779 2048 1833 ,ρετ
2070 1762 2380 1831 sanguinem
2417 1760 2582 1813 crucis
2616 1773 2745 1821 sum,
2794 1772 2912 1827 qua!
2949 1758 3005 1811 in
3051 1756 3213 1823 caelis,
3257 1765 3307 1810 et
3327 1772 3447 1827 qua:
3476 1758 3531 1811 in

1956 1862 2100 1907 terra
2144 1861 2264 1905 sunt
2284 1852 2327 1916 ⁸,
2376 1851 2612 1919 caelique
2662 1864 2727 1903 ac
2773 1857 2936 1903 terra:
2986 1849 3315 1904 intermedia
3357 1849 3532 1918 spatia

1958 1943 2249 2012 implentes
2288 1941 2630 1996 adversarias
2673 1946 2973 2009 potestates
3002 1938 3314 2005 destruens,
3341 1939 3407 1994 ad
3452 1938 3537 1992 di-

1938 2035 2212 2112 _vinorum
2286 2032 2733 2088 distributionem
2798 2031 3068 2086 donorum
3114 2030 3262 2101 quod
3314 2032 3531 2094 attinet,

1958 2142 2122 2181 unam
2170 2125 2517 2182 terrestrium
2571 2124 2987 2192 crelestiumque
3028 2131 3360 2192 potestatum
3391 2138 3526 2177 con-

1955 2220 2169 2275 cionem
2212 2225 2526 2285 caelumque
2574 2214 2844 2280 ostendit;
2908 2215 3039 2268 dum
3086 2214 3300 2269 scilicet
3340 2213 3536 2268 huma-

1958 2324 2089 2364 num
2125 2323 2316 2379 genus,
2362 2321 2471 2360 una
2509 2305 2811 2373 eademque
2852 2305 3133 2358 voluntate
3180 2320 3305 2358 cum
3342 2318 3535 2375 super-

1957 2403 2047 2455 nis
2074 2399 2462 2470 potestatibus,
2492 2398 2752 2466 socioque
2786 2397 2893 2451 illis
2916 2390 3145 2467 .agmine
3177 2395 3272 2450 Dei
3308 2396 3534 2467 gloriam

1960 2493 2017 2546 in
2042 2491 2403 2546 exsultatione
2435 2498 2697 2559 personat
2725 2504 2789 2542 ac
2813 2488 2998 2553 canit;
3042 2489 3136 2544 sed
3169 2488 3317 2559 quod
3346 2489 3534 2554 etiam,

1960 2582 2185 2652 impleto
2223 2588 2426 2636 nostra;
2456 2579 2648 2633 salutis
2695 2578 2752 2631 in
2782 2593 2952 2634 carne
2982 2579 3224 2649 negotio,
3264 2594 3372 2633 una
3408 2595 3535 2634 cum

1958 2681 2241 2743 assumpto
2275 2682 2507 2739 corpore
2548 2668 2602 2724 in
2638 2669 2836 2724 caelum
2884 2678 3160 2740 receptus,
3188 2670 3387 2726 celum
3418 2678 3535 2725 ter-

1960 2776 2187 2830 ramque
2217 2775 2316 2830 per
2343 2773 2402 2813 se
2431 2758 2545 2828 ipse
2577 2758 2936 2826 copulaverit,
2964 2759 3241 2828 rebusque
3272 2759 3534 2829 spiritali-
3597 2814 3601 2818 ,

1960 2853 2064 2907 bus
2088 2861 2145 2907 et
2168 2867 2291 2922 qua:
2324 2859 2507 2906 mente.
2546 2850 2950 2920 intelliguntur,
2980 2865 3045 2904 ea
3080 2865 3200 2919 quae
3229 2850 3281 2904 in
3312 2864 3534 2905 sensum

1961 2944 2183 3007 cadunt,
2241 2943 2621 3014 conjunxerit;
2705 2957 2919 2997 necnon
3000 2942 3217 2996 unicam
3285 2950 3534 2996 naturam

1960 3044 2222 3099 creatam,
2275 3048 2499 3088 suarum
2534 3033 2772 3103 partium
2814 3030 3277 3095 extremitatibus,
3316 3031 3536 3086 virtutis

1961 3126 2111 3181 cultu
2149 3125 2424 3195 primique
2470 3125 2714 3179 auctoris
2758 3122 2844 3176 sui
2887 3121 3103 3185 notitia,
3134 3120 3241 3176 sibi
3293 3120 3395 3191 ipsi
3438 3121 3537 3176 de-

1962 3216 2203 3271 vinctam
2228 3230 2293 3269 ac
2314 3215 2705 3277 cohaerentem,
2726 3211 3076 3276 exhibuerit;
3116 3210 3172 3265 id
3200 3222 3332 3281 puto
3348 3220 3537 3266 osten-

1963 3309 2119 3370 dens,
2146 3322 2245 3377 per
2272 3322 2337 3360 ea
2368 3321 2490 3375 qua:
2521 3305 2748 3375 mystice
2784 3303 3103 3373 peragebat,
3147 3303 3381 3357 verbum
3412 3303 3534 3372 qui«

1962 3400 2087 3453 dem
2142 3412 2206 3451 ac
2240 3396 2529 3460 rationem,
2557 3409 2678 3464 quae
2729 3402 2860 3448 sunt
2905 3392 3095 3446 dissita
3139 3392 3400 3457 counire;
3454 3408 3540 3447 ra-

1963 3489 2128 3543 tionis
2154 3502 2285 3541 vero
2310 3486 2615 3540 absentiam
2652 3485 2889 3555 (brutam
2933 3482 3143 3538 scilicet
3162 3482 3532 3542 aﬂcetioncml

298 3593 362 3633 ea
386 3595 507 3646 qua:
529 3579 643 3633 sint
664 3580 1123 3647 unita,dividere,
1150 3597 1214 3637 ac
1241 3597 1339 3651 per
1381 3583 1649 3638 actionem
1687 3600 1973 3655 capessere
2020 3585 2293 3638 discamus
2362 3582 2629 3636 rationem
2678 3599 2690 3634 :
2724 3590 2787 3635 ut
2811 3580 3017 3635 nedum
3081 3580 3312 3650 angelis,
3362 3580 3538 3634 virtu-

300 3676 370 3729 tis
405 3675 704 3740 iunctione,
732 3676 826 3731 sed
870 3688 927 3731 et
960 3677 1073 3732 Deo
1104 3678 1378 3747 sapienter
1406 3694 1503 3748 per
1529 3680 1858 3735 ablationem
1894 3695 2077 3734 rerum
2109 3678 2415 3739 uniamur..

368 3772 522 3837 Ζωῆς
554 3772 608 3824 δὲ
649 3772 799 3835 θείας
839 3775 1070 3826 ποιεῖται
1106 3773 1407 3844 μετάδοσιν,
1443 3774 1701 3846 ἐδώδιμον
1734 3777 1861 3829 ἐαυ-

298 3864 389 3916 τὸν
417 3864 801 3934 ἐργαζόμενος,
834 3867 907 3927 ὡς
952 3861 1090 3918 οἶδεν
1118 3867 1300 3930 αὐτὸς,
1332 3868 1425 3919 καὶ
1453 3868 1502 3919 οἱ
1537 3869 1664 3938 παρ’
1698 3868 1862 3921 αὑτοῦ

298 3955 553 4024 τοιαύτην
587 3954 837 4028 αἴσθησιν
855 3957 1045 4027 νοεράν
1079 3958 1384 4026 εἰληφότες,
1412 3956 1551 4014 ὥστε
1579 3961 1645 4029 τῇ
1677 3959 1862 4026 γεύσει

297 4043 505 4112 ταύτης
536 4044 633 4112 τῆς
671 4043 943 4113 βρώσεως,
995 4045 1211 4111 εἰδέναι,
1254 4047 1374 4099 κατ’
1404 4046 1700 4115 ἐπίγνωσιν
1734 4048 1862 4117 ἀλη-

301 4132 432 4195 θῶς,
463 4134 543 4185 ὅτι
570 4133 804 4203 χρηστὸς
826 4134 854 4184 ὁ
879 4134 1102 4204 Κύριος,
1138 4136 1382 4205 ποιότητι
1407 4136 1527 4207 θείᾳ
1558 4138 1691 4208 πρὸς
1724 4138 1858 4191 θέων

301 4241 388 4275 σιν
426 4223 767 4294 μετακιρνῶν
801 4226 923 4288 τοὺς
954 4226 1229 4288 ἐσθίοντας
1255 4243 1267 4255 ⁸
1297 4223 1385 4279 οἷα
1412 4228 1475 4296 δὴ
1507 4230 1688 4297 σαφῶς
1719 4230 1863 4300 ζωῆς

298 4317 395 4367 καὶ
423 4315 703 4385 δυνάμεως
730 4316 891 4385 ἄρτος
921 4318 1011 4368 καὶ
1037 4315 1111 4369 ὢν
1150 4319 1244 4369 καὶ
1276 4316 1630 4387 καλούμενος,

369 4589 481 4660 Τὴν
516 4589 673 4657 φύσιν
699 4590 751 4643 δὲ
799 4591 930 4661 πρὸς
960 4591 1155 4661 ἑαυτὴν
1184 4591 1631 4660 ἀποκαθίστησιν,
1660 4592 1720 4643 οὐ
1765 4610 1862 4644 κα-

298 4682 414 4733 θότι
448 4682 605 4749 μόνον
633 4682 922 4750 γενόμενος
956 4684 1259 4754 ἄνθρωπος,
1288 4684 1471 4754 ἀπαθῆ
1510 4685 1609 4754 τὴν
1639 4684 1865 4754 γνώμην

296 4771 436 4840 πρὸς
494 4772 590 4842 τήν
645 4773 803 4841 φύσιν
846 4775 1079 4844 ἐτήρησε
1134 4776 1226 4829 καὶ
1287 4775 1677 4829 ἀστασίαστον
1732 4776 1864 4845 μηδὲ

297 4862 436 4930 πρὸς
465 4865 657 4927 αὐτους
690 4866 812 4926 τοὺς
844 4865 1261 4934 σταυρώσαντας
1302 4867 1398 4937 τῆς
1426 4866 1566 4920 κατὰ
1600 4866 1760 4935 φύσιν
1791 4867 1866 4918 οί-

297 4954 455 5016 κείας
504 4956 866 5025 σαλευομένην
911 4958 970 5010 τὸ
1016 4958 1231 5011 σύνολον
1272 4958 1513 5027 βάσεως·
1559 4958 1864 5011 τούναντίον

296 5045 353 5096 δὲ
403 5047 601 5116 μᾶλλον
645 5050 975 5118 αἱρουμένην
1016 5051 1135 5101 ἀντὶ
1181 5048 1324 5119 ζωῆς
1371 5050 1459 5102 τὸν
1497 5050 1637 5119 ὑπὲρ
1686 5048 1865 5101 αὐτῶν

297 5141 526 5193 θάνατον
548 5157 562 5172 ο
596 5141 718 5193 καθ’
747 5140 775 5193 ὃ
808 5142 901 5195 καὶ
930 5142 989 5194 τὸ
1018 5143 1108 5196 τοῦ
1143 5142 1348 5205 πάθους
1377 5142 1623 5195 ἐκοῦσιον
1659 5139 1865 5194 δείκνυ-

366 5326 387 5356 ⁶
416 5324 624 5380 Coloss.
648 5341 688 5388 ι,
720 5325 808 5379 20.
884 5326 903 5355 '
940 5324 1078 5379 Psal.
1106 5340 1287 5391 xxxiii,
1322 5325 1376 5380 9.
1453 5323 1475 5355 ⁸
1504 5323 1644 5378 Psal.
1681 5338 1876 5387 Lxxvn,
1907 5322 1994 5375 25.

364 5506 441 5576 (ὁ)
481 5508 555 5563 Ἠ
595 5505 713 5559 τῶν
752 5504 1132 5575 γεννωμένων
1157 5506 1516 5576 προαίρεσις.
1558 5504 1743 5557 Libera
1785 5520 1869 5556 vo-

295 5574 472 5630 luntas
500 5594 708 5641 eorum,
755 5574 843 5645 qui
872 5577 966 5638 sic,
1021 5591 1185 5645 eaque
1213 5575 1491 5644 adoptione
1510 5616 1523 5637 ,
1556 5583 1863 5645 nascuntur.

296 5646 502 5701 Vitiose
526 5648 642 5702 Cat.
674 5658 730 5702 et
762 5643 915 5701 Dufr.
939 5646 1061 5699 cod.
1094 5643 1200 5699 τῶν
1219 5643 1523 5714 γενομένων
1547 5661 1558 5671 ⁸
1583 5644 1676 5697 tibi
1699 5643 1864 5697 Cord.

293 5732 499 5782 eorum,
547 5732 665 5788 quia
692 5718 850 5787 ﬁunt,
885 5716 1214 5787 prtvclectio;
1248 5716 1300 5769 in
1334 5731 1446 5785 quo
1492 5715 1701 5768 nullum
1734 5729 1869 5769 acu-

295 5802 444 5840 men.

2034 3774 2244 3829 Divinas
2277 3781 2460 3827 autem
2496 3771 2623 3826 vitae
2662 3770 2979 3825 societatem
3029 3768 3244 3833 tribuit,
3286 3768 3540 3823 esculen-

1963 3873 2079 3919 tum
2103 3880 2160 3919 se
2187 3879 2251 3921 ac
2291 3861 2729 3917 manducabilem
2774 3866 3065 3929 prmstans,
3095 3873 3203 3928 qua
3229 3858 3383 3913 novit
3424 3858 3539 3928 ipse

1963 3956 2195 4018 ratione,
2224 3964 2280 4009 et
2322 3953 2415 4024 qui
2463 3952 2532 4006 ab
2576 3966 2647 4024 eo
2696 3947 3052 4020 intelligentia
3096 3948 3263 4003 animi
3316 3964 3539 4004 sensum

1960 4046 2231 4116 ejusmodi
2280 4052 2643 4114 acceperunt;
2693 4043 2767 4097 ita
2796 4042 3081 4105 nimirum,
3124 4048 3185 4095 ut
3236 4040 3345 4095 cibi
3378 4041 3542 4111 hujus

1962 4145 2124 4209 gustu
2166 4152 2292 4192 vere
2324 4144 2623 4207 agnoscant
2646 4150 2709 4188 ac
2737 4133 3067 4203 intelligant,
3093 4131 3238 4200 quod
3274 4131 3454 4185 bonus
3477 4147 3541 4187 ac

1962 4229 2145 4283 suavis
2200 4228 2523 4290 Dominusi,
2578 4225 2671 4294 qui
2718 4224 2976 4278 videlicet
3022 4222 3436 4283 manducantcs,
3483 4231 3543 4275 ut

1966 4319 2167 4375 deitate
2221 4320 2537 4374 imbuantur
2578 4316 2763 4370 divina
2807 4315 3071 4384 qualitate
3118 4311 3538 4377 commiscent“;

1967 4421 2027 4468 ut
2064 4414 2156 4484 qui
2190 4414 2367 4483 palam
2398 4412 2554 4483 panis
2575 4411 2703 4465 vitae
2726 4412 2745 4441 ⁹
2787 4419 2842 4463 et
2871 4408 3212 4463 fortitudinis
3240 4417 3352 4460 tum
3400 4410 3544 4461 exsi-

1968 4515 2094 4570 stat,
2129 4514 2243 4559 tum
2278 4505 2567 4561 et‘audiat.

2033 4599 2295 4653 Naturam
2339 4608 2520 4652 autem
2555 4596 2659 4651 sibi
2695 4598 2867 4667 ipsam
2897 4592 3164 4657 restituit,
3206 4606 3317 4646 non
3362 4591 3539 4644 solum

1965 4700 2237 4760 quatenus
2275 4689 2453 4744 factus
2481 4690 2670 4753 homo,
2700 4688 2864 4742 animi
2889 4686 3228 4739 voluntatem
3253 4683 3420 4736 nullis
3441 4679 3539 4734 ad-

1966 4793 2161 4834 versus
2183 4786 2433 4832 naturam
2475 4777 2751 4831 incitatam
2782 4775 3089 4838 aﬂ'ectibus,
3134 4782 3230 4827 aut
3265 4772 3316 4825 ei
3360 4771 3541 4825 rebel-

1967 4868 2192 4931 lantem,
2227 4866 2463 4921 servavit
2496 4865 2578 4935 (ut
2608 4880 2676 4920 ne
2703 4866 2924 4934 quidem
2966 4864 3018 4916 in
3060 4878 3157 4917 eos
3189 4862 3283 4931 qui
3327 4862 3381 4915 in
3411 4876 3541 4924 cry-

1967 4974 2084 5013 cem
2127 4958 2462 5012 sustulerant
2488 4973 2518 5011 a
2567 4956 2803 5010 naturali
2842 4971 2939 5010 sua
2986 4954 3137 5019 sede,
3180 4955 3286 5008 ulla
3318 4968 3543 5021 prorsus

1967 5048 2311 5101 animositate
2359 5055 2541 5099 emota
2581 5046 2683 5111 sit;
2723 5044 2889 5115 358
2918 5045 3013 5099 sed
3046 5059 3167 5113 qua:
3210 5043 3413 5113 potius.
3444 5057 3541 5095 eo-

1968 5154 2085 5201 rum
2114 5138 2303 5193 salutis
2333 5153 2516 5202 causa,
2546 5147 2775 5193 mortem
2806 5137 2930 5191 vita:
2956 5136 3278 5206 prmtulerit.
3323 5134 3443 5202 Quo
3488 5144 3543 5189 et

2074 5323 2093 5353 ⁹
2117 5321 2272 5384 Joan_
2299 5337 2371 5383 vr,
2400 5320 2487 5374 48.

2047 5502 2114 5571 (c)
2149 5502 2308 5555 Μετά
2334 5499 2440 5555 τοῦ
2471 5494 2964 5568 προσληφθέντος
2996 5488 3365 5558 ἀναληφθεὶς
3402 5490 3536 5571 .σὼ-

1974 5559 2174 5637 ματος.
2220 5572 2283 5625 ιη
2334 5559 2527 5625 εωίιιπί
2576 5559 2999 5640 receptus,_cum
3030 5559 3414 5640 cqrparqqupd
3452 5577 3542 5613 as-

1972 5629 2286 5709 sumpserat.
2307 5642 2454 5695 Nihil
2478 5640 2561 5693 his
2592 5629 2939 5709 communius
2960 5629 3207 5693 vocibus,
3240 5629 3295 5709 in
3323 5629 3544 5709 dispen-

1974 5700 2205 5772 satione,
2239 5712 2330 5765 ubi
2372 5712 2451 5766 sic
2478 5711 2615 5765 male
2640 5708 2867 5765 Cordcr.
2900 5712 3014 5774 post
3033 5701 3293 5770 assumpti
3312 5700 3541 5771 corporis

1973 5783 2369 5853 susceptionem.
