4218 6432
230 429 330 492 881

1187 429 1588 490 EXPOSITIO
1626 432 2035 492 ORATIONIS
2075 433 2483 494 DOMINICA‘}.

3364 437 3470 500 88!

231 547 446 613 θρωπος
481 545 689 611 γίνεται
732 545 813 615 (τὸ
861 543 1007 609 ξένον
1037 544 1206 606 ὅντως
1244 545 1477 614 πρᾶγμα
1523 546 1612 596 καὶ
1642 543 1806 597 ἄκουε

1910 545 2054 600 Deus
2077 559 2203 599 cum
2230 553 2396 610 esset,
2432 545 2595 599 homo
2623 544 2680 599 tit
2717 543 2854 616 (rem
2888 544 3047 614 plane
3072 560 3266 598 novam
3292 552 3341 599 et
3371 560 3470 597 au-

233 635 366 702 σμα)
402 637 493 689 καὶ
514 636 602 688 τὸν
627 639 726 708 τῆς
751 638 952 707 σαρκὸς
985 636 1152 689 θέλων
1177 635 1530 704 καταδέχεται
1554 635 1801 690 θάνατον.

232 723 448 777 Τούτων
498 726 770 790 ἁπάντων,
821 727 896 790 ὼς
974 727 1134 796 ἔφην,
1179 725 1393 795 αῐτησιν
1445 724 1582 794 ἔχων
1629 725 1657 777 δ
1707 725 1806 795 τῆς

229 816 549 887 προσευχῆς
579 819 933 888 εὑρεθήσεται
963 818 1140 887 λόγος.
1421 872 1425 876 .
1640 855 1648 860 -

300 907 522 978 Πατέρα
550 908 680 979 γὰρ,
733 910 824 962 καὶ
875 910 1088 980 Πατρδς
1128 909 1299 977 ὄνομα
1326 908 1493 976 λέγει,
1533 908 1625 962 καὶ
1658 907 1807 978 βασι-

228 996 384 1049 λείαν
404 1012 418 1026 ·
455 999 548 1050 καὶ
582 998 770 1051 τούτου
799 999 891 1052 τοῦ
923 1001 1136 1071 [ἰατρὸς
1162 997 1318 1063 αὖθις
1352 999 1475 1052 Υἱδν
1500 999 1558 1051 ἰν
1601 999 1803 1069 χάριτι,

226 1087 319 1140 τὸν
352 1091 785 1160 προσευχόμενον
814 1091 941 1146 δντα
973 1094 1319 1163 παρίστησιν.
1363 1092 1513 1156 Ἐνός
1546 1108 1604 1144 τε
1650 1091 1806 1163 θελή⁶

231 1197 404 1247 ματος
429 1182 554 1244 τοὺς
583 1184 640 1235 ὲν
672 1183 885 1253 ούρανῴ
907 1187 997 1237 καὶ
1024 1187 1092 1256 γῇ
1126 1185 1374 1252 γενέσθαι
1406 1186 1578 1254 ζητεῖ.
1608 1186 1806 1257 ’Δρτον

224 1271 498 1326 αἰτεῖσθαι
524 1276 849 1345 προστάττει
878 1277 967 1330 τὸν
999 1278 1292 1331 ἐπιούσιον.
1318 1277 1672 1347 Καταλλαγὴν
1695 1279 1806 1340 τοῖς

228 1361 542 1434 ἀνθρώποις
571 1366 850 1436 νομοθετεῖ
893 1367 1050 1438 [alter
1082 1370 1246 1421 codex
1279 1365 1568 1438 ἐπιζητεῖ],
1600 1367 1693 1421 καὶ
1730 1366 1805 1438 τῷ

231 1455 544 1524 συγχωρεῖν
576 1455 669 1507 καὶ
691 1455 1090 1527 συγχωρεῖσθαι
1110 1457 1210 1526 τὴν
1238 1456 1399 1526 φύσιν
1436 1455 1570 1526 πρὸς
1605 1456 1804 1524 ἑαυτὴν

231 1544 431 1607 συνδεῖ,
459 1547 524 1616 τῇ
559 1545 790 1616 διαφορᾷ
815 1546 912 1614 τῆς
939 1547 1161 1617 γνώμης
1195 1548 1270 1617 μὴ
1306 1545 1665 1617 τεμνομένην.
1711 1547 1806 1610 Εῖς

229 1651 289 1687 τε
332 1635 640 1707 πειρασμὸν
682 1636 964 1702 εἰσελθεῖν,
996 1638 1070 1700 ὡς
1119 1638 1279 1707 νόμον
1311 1637 1602 1705 ἁμαρτίας,
1637 1637 1807 1691 ἀπεύ-

228 1724 424 1793 χεσθαι
458 1726 731 1781 διδάσκει·
783 1731 876 1782 καὶ
902 1728 1164 1799 ρυσθῆναι
1207 1729 1300 1782 τοῦ
1337 1727 1572 1798 πονηροῦ
1608 1745 1807 1799 παραι-

229 1818 331 1868 νεῖ.
371 1816 515 1871 Ἔδει
543 1817 650 1890 γὰρ
682 1820 772 1872 τὸν
818 1820 1117 1889 αὐτουργὸν
1151 1821 1244 1874 καὶ
1276 1819 1476 1890 δοτῆρα
1523 1819 1632 1872 τῶν
1670 1822 1806 1888 ἀγα-

1902 637 2225 708 ditioneml)
2257 653 2320 692 ac
2345 637 2528 692 carnis
2552 645 2784 692 mortem
2820 647 3012 706 sponte
3041 637 3298 691 admittit.
3327 635 3476 689 Cun-

1902 738 1990 784 cta
2048 729 2166 786 haec
2194 729 2449 800 petenda,
2473 729 2553 784 uti
2578 729 2849 794 dicebam,
2871 730 3137 783 orationis
3181 727 3477 782 Dominicaa

1903 830 2110 876 textum
2145 821 2424 876 insinuare
2449 820 2721 876 invenias.
3403 829 3411 836 '

1971 911 2135 984 349
2159 913 2376 969 Patrem
2402 913 2570 978 enim,
2611 920 2668 968 et
2697 911 2878 968 Patris
2909 925 3110 965 nomen
3139 925 3476 980 regnumque

1903 1003 2146 1073 loquitur
2180 1022 2192 1058 :
2234 1003 2504 1074 huiusque
2540 1017 2732 1058 rursus
2766 1000 2943 1057 Patris
2967 999 3164 1055 Filium
3198 999 3250 1054 in
3280 1001 3474 1070 gratia,

1902 1104 2149 1151 orantem
2195 1094 2460 1151 ostendit.
2513 1093 2690 1149 Unius
2735 1094 2866 1148 item
2911 1092 3230 1156 voluntatis,
3275 1090 3369 1160 qui
3421 1091 3476 1144 in

1902 1187 2042 1242 celo
2067 1195 2122 1242 et
2159 1187 2254 1256 qui
2286 1185 2342 1239 in
2392 1193 2557 1247 terra,
2599 1183 2720 1238 ﬁeri
2759 1184 2914 1253 petit.
2950 1185 3152 1239 Panem
3202 1181 3476 1252 quotidia-

1902 1293 2035 1332 num
2069 1288 2322 1348 petamus
2351 1276 2527 1348 jubet.
2556 1273 2903 1339 Hominibus,
2928 1275 3019 1330 alii
3054 1282 3116 1329 ut
3140 1273 3266 1328 aliis
3286 1287 3480 1328 recon-

1903 1368 2183 1432 cilientur,
2206 1365 2409 1430 sancit;
2447 1380 2620 1435 eaque
2652 1364 2866 1418 ratione
2908 1362 3056 1431 quod
3087 1369 3145 1416 et
3175 1361 3475 1426 dimittant,

1902 1469 1958 1514 et
1991 1459 2098 1514 illis
2147 1459 2480 1522 dimittatur,
2512 1465 2765 1512 naturam
2802 1455 2908 1510 sibi
2962 1455 3156 1524 ipsam,
3186 1452 3340 1507 nullo
3379 1467 3477 1504 vo-

1903 1549 2134 1605 luntatis
2166 1550 2446 1618 animique
2484 1547 2771 1604 sententia:
2826 1546 3055 1601 dissidio
3092 1543 3344 1607 scissam,
3386 1556 3482 1596 ne—

1904 1643 2022 1697 ctit.
2054 1642 2135 1696 Ad
2170 1643 2304 1704 haec,
2338 1642 2542 1696 intrare
2587 1642 2641 1695 in
2686 1640 3067 1701 tentationem,
3100 1648 3356 1706 tanquam
3398 1636 3480 1689 le-

1903 1745 2025 1802 gem
2080 1730 2313 1800 peccati,
2359 1728 2766 1798 deprecandum
2813 1728 3145 1783 documento
3196 1726 3383 1780 tradit.
3436 1725 3479 1779 Α

1907 1822 2049 1876 malo
2079 1821 2320 1891 denique
2370 1820 2622 1875 hortatur
2648 1820 2896 1874 liberari.
2935 1818 3172 1874 Decebat
3206 1818 3376 1882 enim,
3421 1827 3483 1871 ut

231 1912 342 1964 θῶν
389 1909 528 1966 εἶναι
573 1888 666 1967 καὶ
717 1888 1058 1978 διδάσκαλον,
1119 1909 1208 1968 οἷα
1257 1914 1320 1984 δὴ
1374 1888 1658 1984 μαθηταῖς,
1694 1917 1806 1978 τοῖς

1907 1915 2180 1969 bonorum
2217 1888 2413 1970 auctor
2443 1915 2557 1984 ipse
2590 1921 2643 1969 et
2676 1913 2924 1983 largitor,
2954 1911 3124 1967 etiam
3168 1909 3362 1964 doctor
3390 1923 3479 1962 es-

229 2004 580 2060 πιστεύουσιν
627 2009 705 2070 είς
736 1992 918 2074 αὑτὸν,
967 2007 1061 2061 καὶ
1115 2006 1465 2077 μιμουμένοις
1511 2005 1676 2062 αὐτοῦ
1709 2005 1807 2076 τὴν

228 2095 318 2149 διὰ
368 2097 571 2167 σαρκὸς
625 2098 869 2168 ἀγωγὴν,
917 2096 1196 2167 ὑποθήκας
1246 2095 1390 2170 ζωῆς
1421 2099 1621 2169 ταύτης
1663 2113 1808 2167 παρ-

229 2187 489 2257 εχόμενον
517 2189 615 2257 τῆς
649 2189 955 2258 προσευχῆς
987 2188 1057 2241 τὰ
1109 2188 1248 2260 ῥητά
1289 2186 1431 2260 [ϐαι.
1468 2187 1564 2245 Fr.
1602 2186 1805 2251 Venet.,

232 2277 478 2351 ῥήματα]
498 2296 511 2309 ·
546 2279 614 2331 δι’
645 2273 719 2335 ὧν
765 2281 889 2342 τοὺς
913 2281 971 2332 ὲν
1000 2278 1147 2349 αὑτῷ
1182 2280 1300 2332 κατ’
1331 2277 1467 2343 εἶδος
1498 2279 1809 2349 ὑφεστῶτας

230 2370 332 2437 τῆς
387 2370 578 2436 σοφίας
626 2370 719 2422 καὶ
750 2370 848 2438 τῆς
896 2368 1148 2438 γνώσεως
1197 2372 1551 2442 ἀποκρύφους
1603 2371 1808 2441 ἐμήνυε

231 2458 567 2528 θησαυροὺς,
623 2458 757 2529 πρὸς
812 2461 911 2530 τὴν
972 2461 1152 2515 αὐτῶν
1216 2461 1515 2516 ἀπόλαυσιν
1568 2460 1807 2532 δηλονότι

231 2549 341 2602 τῶν
371 2551 665 2605 αίτούντων
709 2550 944 2606 ἐλαύνων
983 2551 1080 2623 τὴν
1113 2552 1314 2620 ἔφεσιν.

305 2642 404 2694 Διά
430 2641 589 2696 τοῦτο
624 2645 954 2714 προσευχὴν,
1001 2640 1173 2714 οἶμαι,
1208 2645 1407 2714 ταύτην
1440 2645 1667 2713 κέκληκε
1713 2643 1810 2714 τὴν

229 2733 579 2788 διδασκαλίαν
625 2737 653 2788 ὁ
693 2735 872 2802 λόγος,
931 2734 1005 2798 ὼς
1055 2737 1268 2806 αἴτησιν
1299 2735 1523 2805 ἔχουσαν
1567 2735 1675 2788 τῶν
1716 2736 1810 2788 ἀνι

230 2822 474 2894 Θρώποις
500 2825 644 2878 κατὰ
670 2825 825 2898 χάριν
855 2826 918 2878 ἐκ
942 2825 1076 2878 Θεοῦ
1106 2825 1393 2897 διδομένων
1415 2824 1622 2898 δώρων.
1654 2823 1808 2878 Οὕτω

232 2917 344 2984 γὰρ
378 2917 427 2969 οί
479 2915 827 2970 Θεόπνευστοι
869 2916 1111 2986 Πατέρες
1160 2915 1316 2986 ἡμῶν
1364 2917 1651 2987 δριστικῶς
1682 2917 1812 2987 περὶ⁹

231 3009 331 3078 τῆς
367 3009 673 3080 προσευχῆς
705 3008 998 3077 διεξῆλθον,
1031 3009 1324 3079 φήσαντες,
1361 3003 1500 3062 εἶναι
1528 3009 1626 3080 τὴν
1650 3026 1812 3078 προσ-

268 3101 400 3170 οχὴν
425 3100 657 3170 αἴτησιν,
691 3093 764 3153 ὧν
789 3100 920 3163 Θεὸς
953 3099 1273 3170 πρεπόντως
1315 3100 1491 3171 ἑαυτῷ
1523 3100 1810 3171 δωρεῖσθαι

1907 2015 2009 2071 set,
2042 2007 2137 2076 qui
2170 2005 2382 2062 scilicet
2411 2005 2666 2060 ﬁdelibus
2711 2005 2846 2062 suis.
2884 2009 3144 2072 tanquam
3173 1999 3478 2069 discipulis,

1884 2097 2134 2172 _ejusque
2167 2111 2266 2166 per
2291 2111 2514 2151 carnem
2541 2094 2886 2164 disciplinam
2915 2092 3149 2162 vitaeque
3184 2091 3484 2145 institutio-

1906 2203 2030 2242 nem
2062 2187 2430 2248 imitantibus,
2459 2186 2788 2240 documenta
2815 2184 2944 2241 vita;
2966 2183 3236 2238 orationis
3263 2190 3483 2237 senten-

1907 2279 2011 2332 tias
2037 2277 2294 2347 dictaque
2326 2277 2630 2347 praeberet;
2676 2275 2884 2346 quibus
2915 2273 3058 2340 apud
3095 2287 3153 2326 se
3185 2288 3312 2328 vere
3341 2273 3484 2328 exsi-

1907 2377 2118 2424 stentes
2167 2368 2448 2438 sapientia:
2486 2377 2542 2423 et
2572 2366 2816 2422 scientiae
2863 2367 3155 2422 thesauros
3195 2362 3484 2419 abscondi-

1909 2468 1993 2515 tos
2032 2459 2354 2525 ostendit“;
2391 2459 2458 2514 ad
2488 2473 2625 2528 quos
2661 2456 2948 2523 fruendos,
2971 2472 3163 2512 eorum
3196 2455 3290 2526 qui
3322 2465 3482 2510 orant

1909 2566 1972 2606 ac
2000 2559 2214 2620 petunt,
2241 2551 2600 2620 cupiditatem
2635 2564 2989 2619 amoremque
3025 2549 3277 2619 impellit.

1979 2642 2212 2708 Idcirco,
2243 2649 2398 2712 puto,
2429 2642 2570 2696 hanc
2605 2640 2886 2711 Scriptura
2915 2641 3241 2706 doctrinam,
3275 2639 3482 2694 oratio-

1909 2749 2058 2799 nem,
2089 2732 2273 2788 Grasce
2307 2731 2635 2804 προσευχὴν,
2670 2731 2983 2802 appellavit,
3014 2739 3076 2786 ut
3102 2746 3225 2801 qua
3263 2745 3480 2793 eorum,

1911 2841 2032 2895 quae
2064 2841 2095 2879 a
2119 2824 2232 2880 Deo
2266 2824 2588 2878 hominibus
2615 2839 2712 2893 per
2747 2823 2975 2894 gratiam
3010 2821 3353 2885 tribuuntur,
3381 2819 3483 2875 do-
3543 2887 3545 2891 ι

1910 2932 2131 2982 norum,
2166 2915 2491 2987 petitionem
2525 2915 2944 2985 complectatur.
2981 2913 3074 2970 Sic
3106 2913 3254 2970 enim
3297 2911 3484 2966 divino

1909 3007 2074 3062 amati
2128 3008 2355 3062 numine
2406 3007 2597 3062 Patres
2643 3006 2816 3061 nostri
2866 3004 2935 3060 de
2980 3005 3231 3060 oratione
3278 3002 3486 3076 (Graue

1912 3098 2232 3170 προσευχὴ),
2263 3099 2668 3164 disseruerunt,
2703 3097 2951 3152 dicentes
2988 3113 3002 3151 :
3032 3111 3154 3152 esse
3177 3095 3484 3150 orationem

234 3193 475 3259 πέφυκεν
519 3190 854 3262 ἀνθρώποις·
891 3190 1077 3262 ῶσπερ
1126 3192 1220 3246 καὶ
1295 3192 1394 3263 τὴν
1455 3193 1637 3263 εὐχὴν,
1681 3193 1809 3247 ὑπό-

1911 3191 2231 3260 petitiouem
2265 3204 2478 3255 eorum,
2507 3205 2630 3260 qua
2664 3190 2808 3244 Deus
2850 3183 2954 3258 pro
2998 3188 3183 3242 innata
3215 3187 3483 3252 bonitate,

235 3295 443 3350 σχεσιν,
483 3282 652 3352 ῆγουν
692 3282 1045 3351 ἐπαγγελίαν,
1078 3275 1152 3337 ῶν
1181 3283 1421 3353 γνησίως
1459 3283 1809 3354 λατρεύοντες

231 3369 357 3440 Θεῷ
396 3370 858 3441 προσκομίζουσιν
887 3371 1183 3444 ἄνθρωποι,
1217 3373 1314 3444 τὴν
1348 3373 1570 3444 Γραφὴν
1605 3391 1810 3444 μαρτυ-

237 3460 439 3533 ροῦσαν
457 3459 534 3532 τῷ
556 3463 743 3534 οἰκείῳ
772 3463 915 3535 λόγῳ
936 3464 1216 3534 πολλαχῶς
1244 3466 1710 3535 παραστήσαντες,
1735 3464 1808 3528 ὡς

235 3552 316 3618 τδν
359 3553 653 3619 εὔξασθε,
687 3555 784 3608 καί
835 3556 1089 3610 ἀπόδοτε
1130 3556 1321 3624 Κυρίῳ
1348 3553 1428 3620 τῷ
1457 3555 1576 3621 Θεῷ
1605 3553 1802 3624 ἡμῶν·

236 3643 352 3707 καὶ,
392 3644 549 3699 Ὅσα
580 3644 883 3715 ηὐξάμην,
909 3646 1200 3701 ἀποδώσω
1221 3661 1318 3700 σοι
1353 3647 1578 3714 Σωτῆρι
1595 3663 1713 3715 μου
1731 3645 1811 3711 τῷ

234 3736 432 3804 Κυρίῳ
461 3735 556 3807 (9)·
589 3737 838 3808 περὶτῆς
871 3738 1034 3808 εὐχῆς
1051 3739 1313 3809 εἰρημένα
1335 3754 1348 3766 ·
1383 3739 1476 3790 καὶ
1506 3735 1659 3800 αὖθις
1685 3740 1812 3809 περὶ

236 3827 565 3898 προσευχῆς,
585 3829 659 3892 ὡς
680 3829 740 3882 τὸ
761 3868 775 3891 ,
807 3827 914 3884 Καὶ
935 3829 1322 3898 προσηύξατο
1358 3830 1431 3901 (Ιι)
1455 3833 1633 3884 Ἅννα
1662 3831 1812 3898 πρὸς

235 3919 473 3987 Κύριον,
501 3917 768 3988 λέγουσα
787 3936 801 3950 ·
828 3921 1005 3989 Κύριε
1042 3922 1299 3983 Ἄδων-ατ,
1351 3922 1516 3975 Ἐλωϊ
1544 3923 1806 3986 σαὸαὼθ,

234 4007 344 4061 ἐὰν
397 4009 731 4064 είσακούων
794 4012 1163 4080 είσακούσῃς
1221 4012 1330 4081 τῆς
1387 4012 1607 4079 δούλης
1667 4030 1803 4080 σου,

235 4098 479 4166 κα16ᾦς
525 4117 627 4169 μοι
673 4101 905 4169 καρπὸν
956 4103 1224 4169 κοιλίας·
1268 4101 1382 4165 καὶ,
1418 4106 1806 4172 Προσηύεατο

246 4189 506 4256 Ἐζεκίας
559 4192 860 4258 βασιλεὺς
929 4193 1144 4256 Ἰούδα,
1202 4195 1301 4248 καί
1373 4195 1619 4262 Ἡσαΐας
1679 4198 1806 4262 υίὸς

248 4279 434 4348 Ἀμῶς
468 4284 500 4335 ό
527 4282 839 4351 προφήτης
867 4285 1016 4352 πρὸς
1056 4285 1274 4353 Κύριον
1297 4303 1309 4316 ·
1352 4288 1444 4339 καὶ
1473 4287 1551 4350 τὸ,
1590 4288 1702 4341 Ὅτ¹
1733 4287 1809 4341 ἂν

234 4368 405 4438 ὑμεῖς
441 4373 883 4440 προσεύχησθε,
937 4372 1162 4440 λέγετε,
1213 4372 1401 4441 Πάτερ
1453 4372 1621 4443 ἡμῶν
1665 4379 1697 4429 d
1739 4377 1808 4429 ἐν

231 4459 362 4526 τοῖς
417 4461 713 4529 οὐραγοῖς,
781 4465 930 4532 παρᾶ
977 4463 1068 4516 τοῦ
1116 4465 1321 4535 Κυρίου
1370 4468 1483 4528 τοῖς
1542 4466 1808 4537 μαθηταῖς

1913 3290 2074 3351 atque
2091 3292 2151 3336 ut
2181 3282 2358 3351 ipsum
2380 3281 2538 3336 decet
2553 3280 2769 3350 elargiri
2792 3278 3110 3334 hominibus
3129 3279 3370 3349 proclive
3391 3279 3486 3332 ha-

1913 3373 2036 3439 bet;
2095 3373 2556 3443 quemadmodum
2599 3382 2809 3438 votum,
2845 3373 3032 3428 Graece
3071 3371 3257 3441 εὐχὴν,
3290 3385 3484 3425 eorum

1911 3463 2355 3533 promissionem,
2389 3479 2483 3518 seu
2539 3462 3026 3531 nuncupationem,
3059 3475 3181 3530 qua
3211 3459 3328 3514 veri
3366 3459 3480 3514 cul-

1915 3566 2060 3611 tores
2090 3557 2202 3611 Deo
2235 3557 2516 3611 otl'erunt:
2553 3564 2717 3625 atque
2760 3555 2888 3609 huic
2929 3569 3040 3608 sua
3093 3552 3377 3609 sententia:
3422 3567 3487 3607 ac

1912 3647 2220 3702 deﬁnitioni
2273 3646 2612 3717 Scripturam
2660 3645 2848 3700 multis
2908 3644 3044 3699 locis
3096 3643 3484 3713 astipulantem

1913 3739 2244 3808 producunt,
2281 3745 2446 3802 utest
2472 3737 2606 3792 illud
2630 3736 2696 3790 de
2728 3745 2856 3791 voto
2895 3735 3144 3790 dictum:
3181 3734 3386 3800 Vouete,
3435 3743 3486 3788 et

1913 3830 2110 3883 reddite
2144 3829 2364 3883 Domino
2393 3827 2502 3882 Deo
2529 3835 2706 3881 nostra
2728 3826 2792 3880 ".
2829 3825 2899 3880 Et
2935 3842 2949 3880 :
2983 3823 3112 3890 Quae
3141 3825 3253 3879 vovi
3283 3824 3481 3884 omnia.

1913 3921 2131 3974 reddam
2169 3919 2260 3974 tibi
2293 3919 2515 3973 Domino
2539 3916 2766 3972 salutari
2799 3931 2913 3970 meo
2939 3915 3013 3982 ¹⁶;
3047 3930 3168 3984 quae
3191 3914 3334 3968 dicta
3357 3921 3486 3975 sunt

1912 4007 1978 4062 de
2007 4015 2164 4073 voto;
2207 4023 2270 4062 ac
2303 4021 2496 4060 rursus
2525 4005 2593 4060 de
2621 4006 2889 4070 oratione,
2927 4014 2988 4061 ut
3034 4013 3118 4058 est
3166 4002 3300 4057 illud
3351 4019 3365 4056 ι
3413 4002 3482 4057 Et

1911 4102 2077 4154 oravit
2118 4101 2274 4154 Anna
2303 4100 2375 4153 ad
2396 4098 2702 4163 Dominum,
2749 4099 2962 4153 dicens:
2991 4097 3211 4150 Domine
3254 4095 3480 4158 Adonai,

1910 4191 2050 4246 Deus
2084 4191 2435 4254 exercituum,
2479 4191 2524 4244 si
2571 4190 2854 4244 exaudiens
2887 4187 3183 4244 exaudieris
3232 4185 3484 4241 ancillam

1912 4293 2077 4346 tuam,
2110 4290 2157 4335 et
2189 4281 2392 4335 dederis
2419 4283 2542 4335 mihi
2570 4281 2800 4352 fructum
2830 4282 3024 4336 ventris
3048 4280 3114 4333 ".
3157 4279 3315 4343 Item,
3344 4277 3482 4334 Ora-

1911 4377 1982 4430 oit
2011 4374 2259 4429 Ezechias
2287 4389 2379 4427 rex
2409 4372 2572 4434 Iuda.
2600 4380 2648 4426 et
2672 4373 2843 4428 Isaias
2867 4371 3011 4440 ﬁlius
3043 4372 3201 4426 Amos
3232 4371 3484 4441 propheta

1916 4465 1984 4519 ad
2013 4463 2292 4517 Dominum
2316 4463 2378 4518 ⁸⁸.
2418 4463 2474 4517 ld
2507 4462 2746 4533 denique
2780 4461 2928 4532 quod
2955 4477 2983 4517 a
3013 4461 3244 4516 Domino
3277 4461 3483 4515 dictum

231 4551 524 4621 είρημινον
543 4568 555 4582 ·
582 4552 656 4615 ὡς
676 4547 814 4606 εἶναι
843 4553 1099 4606 δύνασθαι
1126 4555 1223 4623 τὴν
1248 4555 1343 4623 μὲν
1368 4555 1550 4624 εὐχὴν,
1582 4557 1807 4609 ἐντολῶν

1911 4565 1995 4610 est
2024 4554 2308 4623 discipulis
2341 4571 2352 4606 :
2383 4552 2516 4608 Cum
2539 4555 2814 4609 oraueritis
2843 4571 2953 4614 vos.
2977 4553 3129 4607 dicite
3155 4570 3173 4607 :
3201 4552 3364 4607 Pater
3387 4569 3484 4606 no-

229 4642 465 4709 τήρησιν
495 4641 636 4694 κατὰ
673 4641 897 4711 γνώμην
934 4642 1028 4695 τοῦ
1078 4643 1351 4713 ηὑγμένου
1385 4646 1772 4715 κεκυρωμένην
1793 4663 1806 4675 ·

229 4729 334 4798 τὴν
368 4730 425 4782 δὲ
457 4731 781 4802 προσευχὴν,
815 4733 916 4801 τῆς
947 4734 1081 4804 πρὸς
1111 4734 1179 4787 τὰ
1207 4734 1510 4806 τηρηθέντα
1547 4737 1683 4789 καλὰ
1714 4737 1806 4791 τοῦ

227 4817 594 4888 τετηρηκότος
635 4821 1042 4890 μεταποιήσεως
1082 4821 1325 4891 αἴτησιν·
1363 4823 1396 4891 ἦ
1448 4823 1664 4893 μᾶλλον,
1711 4825 1810 4895 τὴν

233 4909 336 4976 μὲν
367 4908 531 4978 εύχὴν
576 4910 776 4981 ἀρετῆς
819 4906 1001 4975 ἆθλον,
1040 4912 1068 4965 δ
1109 4912 1173 4983 δὴ
1223 4915 1454 4984 μάλιστα
1498 4919 1809 4986 προσφιλῶς

226 4999 447 5069 δέχεται
489 5000 621 5064 Θεὸς
665 5002 1196 5072 προσκομιζόμενον·
1232 5005 1331 5076 τὴν
1377 5005 1434 5058 δὲ
1477 5009 1804 5080 προσευχὴν,

1907 4655 2015 4700 ster
2041 4646 2130 4716 qui
2155 4647 2286 4699 eain
2317 4644 2499 4710 caelis;
2548 4654 2608 4700 ut
2643 4646 2821 4716 possit
2868 4645 3092 4716 quidem
3136 4653 3325 4700 votum
3364 4658 3484 4698 esse

1910 4738 2294 4791 mandatorum
2321 4736 2655 4801 observatio,
2699 4738 2837 4807 ejus,
2875 4737 2968 4807 qui
3001 4737 3170 4802 vovit,
3216 4735 3482 4790 sententia

1910 4844 1974 4884 ac
1998 4829 2279 4883 voluntate
2307 4827 2661 4894 conﬁrmata;
2705 4829 2881 4884 oratio
2918 4845 3069 4895 vero,
3094 4829 3307 4900 petitio,
3344 4835 3406 4880 ut
3437 4826 3484 4880 is

1910 4921 2004 4990 qui
2049 4920 2383 4984 observavit,
2428 4921 2482 4974 in
2513 4936 2577 4976 ea
2631 4937 2753 4992 qua:
2793 4922 3078 4978 observata
3121 4930 3269 4986 sunt,
3323 4918 3484 4997 350

1911 5011 2052 5064 bona
2079 5009 2395 5064 reducatur.
2425 5009 2551 5065 Sive
2597 5012 2801 5080 potius,
2827 5020 3015 5068 votum
3041 5011 3288 5082 quidem,
3308 5010 3482 5064 virtu-

305 5133 348 5164 “
376 5132 585 5189 Coloss.
618 5150 674 5201 ιι,
706 5133 758 5191 3.
837 5135 882 5168 "
910 5136 1051 5192 Psal.
1085 5154 1169 5203 xv,
1201 5139 1286 5193 l2.
1367 5142 1408 5172 ¹⁶
1439 5140 1588 5197 Jonm
1621 5159 1676 5207 ιι,
1711 5143 1794 5197 10.

1897 5146 1914 5176 ⁷
1953 5144 1972 5200 l
2006 5143 2136 5214 Reg.
2168 5159 2184 5196 ι
2237 5142 2323 5197 10.
2403 5144 2444 5175 ¹⁸
2471 5143 2515 5198 ll
2543 5145 2719 5201 Paral.
2752 5162 2918 5213 χχιιι,
2945 5145 3035 5200 20.

304 5267 381 5348 (ρ)
435 5266 662 5348 Σωτῇρί
691 5338 702 5348 ι
713 5287 852 5338 μου,
895 5269 975 5334 τῷ
1003 5271 1441 5348 Κυρίῳηϐιίὲςξι
1497 5274 1800 5348 Vulg._c_¢_o_:

224 5338 420 5411 τηρίου
452 5338 528 5405 τῷ
563 5338 769 5411 κυρίῳ,
805 5355 918 5411 qua
947 5356 1077 5394 vocc
1098 5342 1297 5411 passim
1332 5345 1559 5397 salutem
1583 5338 1631 5396 οἳ
1661 5343 1802 5398 LXX

228 5391 769 5483 signatumque:
787 5391 941 5464 A‘léi.
960 5391 964 5393 Ἴ
985 5391 1073 5483 ξεῐέ
1098 5391 1569 5483 ἐξῷἷῆῥιῖιῖἶιῖὖ,
1588 5391 1803 5483 ’ἕλ’άῖἶό

227 5477 348 5533 nun
378 5477 536 5547 longe
564 5477 721 5547 Vulg.
773 5496 867 5547 pro
911 5479 1084 5534 salute
1129 5477 1353 5535 Domino
1379 5523 1392 5546 ,
1441 5477 1501 5537 ut
1543 5491 1598 5537 et
1643 5477 1806 5537 Ar'ab.

230 5561 434 5614 nempe
463 5546 697 5601 salutem
751 5546 865 5603 acci
911 5550 1121 5612 ientes,
1162 5566 1263 5620 pro
1301 5561 1429 5605 voto
1455 5553 1510 5606 in
1544 5569 1663 5607 eam
1709 5569 1813 5607 eu-

230 5617 536 5672 chariStico
584 5633 596 5669 :
633 5633 757 5672 nam
795 5566 1021 5673 Herniea
1080 5631 1298 5673 sonant.
1340 5619 1498 5673 Salus
1536 5623 1756 5673 Domino
1795 5640 1812 5673 :

918 5635 1021 5674 rzea
1080 5619 1298 5686 sonant,
1340 5619 1498 5677 Salus
1536 5623 1756 5677 Domino
1795 5640 1812 5678 :

230 5617 536 5672 chariStico
584 5633 596 5669 :
633 5633 757 5672 nam
795 5619 870 5673 He

232 5687 347 5749 vel,
380 5693 442 5740 ut
471 5686 638 5753 Pagn.
671 5687 900 5743 Domini.

1909 5294 1968 5339 n.-
1991 5291 2040 5330 c.
2067 5291 2102 5335 ι,
2131 5273 2324 5344 traxit;
2361 5288 2423 5327 ea
2457 5275 2667 5330 scilicet
2703 5289 2822 5344 quas
2853 5283 2982 5329 sunt
3013 5273 3300 5340 orationis,
3326 5273 3391 5330 ad
3418 5289 3480 5330 ea

1910 5362 2027 5415 quae
2051 5352 2179 5398 sunt
2204 5343 2336 5415 voti.
2368 5344 2446 5397 lbi
2476 5345 2619 5399 cnim
2653 5343 2754 5410 est,
2786 5345 2895 5415 Kal.
2940 5344 3142 5415 ηὔξατο
3170 5345 3334 5414 εὐχὴν
3373 5347 3482 5397 Κυ-

1913 5413 2029 5484 ρίῳ,
2063 5428 2164 5467 nec
2201 5413 2482 5484 ullusiest,
2512 5416 2604 5483 qui
2642 5429 2750 5469 non
2791 5413 3002 5479 reddat,
3031 5414 3099 5468 Et
3128 5413 3303 5470 votum
3346 5416 3482 5469 vovit

1908 5483 2130 5538 Domino
2154 5524 2166 5548 ,
2200 5483 2370 5554 quod
2402 5484 2580 5552 ipsum
2600 5492 2745 5538 tanta
2793 5486 3152 5554 sequentibus
3184 5484 3479 5539 verborum

1907 5553 2155 5624 emphasi
2185 5551 2340 5624 Anna
2397 5551 2789 5623 repraesentat;
2827 5551 2929 5609 nec
2979 5570 3221 5624 nsquam
3246 5554 3300 5608 in
3329 5554 3479 5608 Cori;

1911 5623 2068 5694 plura
2103 5623 2274 5694 major
2304 5624 2414 5694 voti
2449 5625 2749 5692 expressio,
2799 5625 2904 5679 etsi
2933 5641 3034 5679 nec
3065 5623 3156 5678 illi
3196 5623 3351 5678 deest
3379 5626 3478 5678 ad-

1910 5693 2074 5747 mixta
2108 5693 2304 5764 oratio.
2326 5693 2680 5748 Commodius
2710 5703 2886 5748 tamen
2924 5695 3232 5764 exemplum
3277 5694 3479 5751 licebat

311 5756 387 5831 (ξι)
437 5756 551 5831 Καὶ
600 5759 1004 5831 προσηύξατο.
1059 5761 1349 5815 Maximum
1407 5759 1631 5826 fefellit,
1665 5763 1809 5831 quod

1910 5764 2106 5819 atl'erre
2134 5761 2388 5817 Maximo.

235 5824 406 5880 verba
437 5824 572 5892 haec,
609 5824 730 5897 quae
761 5828 928 5885 Anna:
959 5832 1172 5886 cantico
1205 5839 1471 5901 praeeunt.
1499 5833 1562 5886 ad
1594 5824 1812 5889 versum
