4218 6432
703 362 807 424 883

1874 363 1934 423 S.
1973 364 2254 425 ΜᾹΜΜΙ
2297 363 2804 423 ΕΟΝΓΕΞὸΟΙΠΒ

3862 356 3970 422 884

702 475 774 532 Iis
805 485 1084 532 certamen
1111 486 1216 541 est,
1239 477 1386 548 quod
1412 495 1542 534 sane
1563 480 1808 534 oblatum
1837 479 1982 532 Deus
2007 478 2286 547 benignis-

2393 478 2586 548 ἀρετῆς
2633 477 2900 530 ἔπαθλον·
2950 474 2979 528 δ
3027 474 3091 545 δὴ
3151 472 3296 545 μάλα
3349 473 3554 544 χαίρων
3589 472 3722 536 Θεὸς
3778 471 3983 526 ἀντιδί-

703 567 844 622 sime
898 569 1161 637 suscipit;
1225 571 1404 624 oratio
1461 580 1667 634 autem,
1709 568 1933 624 virtutis
1977 570 2285 637 praemium,

704 659 851 728 quod
885 660 1032 714 Deus
1060 660 1479 716 lubentissimus
1512 661 1752 730 reponit.

773 746 908 800 Cum
945 747 1112 817 igitur
1140 764 1207 802 ex
1237 749 1402 804 dictis
1433 752 1726 820 probatum
1779 751 1870 813 sit,
1907 765 2029 805 esse
2077 749 2287 805 oratio-

704 851 827 890 nem
853 837 1125 891 bonorum
1158 839 1458 907 petionem,
1491 854 1731 908 quorum
1760 838 2003 893 Verbum
2033 838 2287 892 incarna-

705 937 820 982 tum
871 937 1068 982 auctor
1117 930 1356 994 exsistit,
1412 931 1591 1000 ipsum
1634 930 1796 985 nobis
1830 937 2122 984 contextus
2168 945 2292 984 ora-

705 1019 874 1076 tionis
913 1020 1198 1076 doctorem
1240 1022 1623 1090 praeticicntes.
1672 1021 1904 1076 lidenter
1940 1037 2286 1085 enarremus,

704 1110 781 1164 ita
814 1123 946 1164 sane
981 1120 1043 1164 ut
1077 1111 1346 1180 cujusque
1393 1112 1678 1166 sententia:
1717 1125 1961 1174 sensum,
1991 1111 2171 1180 quoad
2205 1125 2291 1164 as-

704 1203 858 1272 sequi
890 1203 1314 1272 eontcmplando
1337 1204 1543 1266 licebit,
1573 1203 1963 1273 expediamus;
2011 1203 2089 1256 uti
2121 1202 2288 1255 nimi-

705 1309 828 1347 rum
859 1293 1039 1364 ipsum
1072 1294 1360 1348 commode
1392 1295 1630 1349 Verbum
1660 1296 2012 1365 suppeditare
2045 1295 2205 1358 solet,
2233 1301 2290 1348 et

708 1390 768 1437 ut
795 1383 1034 1438 dicentis
1063 1384 1354 1438 sententia:
1375 1384 1458 1438 vis
1492 1385 1849 1455 intelligatur,
1877 1385 2089 1438 tribuit.

706 1491 870 1546 Pater
919 1502 1116 1558 noster,
1165 1495 1253 1563 qui
1303 1510 1356 1548 es
1389 1496 1442 1548 in
1491 1495 2048 1563 cwlis;sanrtiﬁrctur
2099 1511 2289 1548 nomen

1047 1571 1232 1628 tuum;
1267 1565 1509 1618 adveniat
1540 1581 1755 1634 regnum
1782 1575 1951 1618 tuum.

773 1672 1026 1744 Congrue
1067 1690 1192 1729 mox
1237 1690 1268 1728 a
1302 1674 1572 1746 theologia
1621 1677 1894 1746 auspicari
1938 1687 2158 1732 orantes
2190 1678 2290 1732 do-

709 1772 796 1818 cet
855 1765 1117 1820 Dominus
1150 1765 1325 1846 .hisce
1381 1767 1587 1830 verbis,
1643 1782 1938 1836 rerumque
1994 1767 2291 1823 eli‘ectricis

2390 569 2572 622 δωσιν.

2461 738 2690 805 Οὐκοῦν,
2721 740 2905 812 ἐπειδὴ
2937 739 3206 793 δέδεικται
3235 738 3345 792 τῶν
3370 737 3474 791 dare
3500 737 3596 790 τοῦ
3625 737 3802 805 Λόγου
3835 753 3972 806 σαρ-

2390 833 2654 896 κωθέντος
2689 831 2911 900 ἀγαθῶν
2965 830 3181 901 αἴτησιν
3209 825 3350 884 εἶναι
3383 830 3480 900 τὴν
3514 827 3846 898 προσευχὴν,
3874 829 3974 880 αὖ·

2388 928 2480 980 τὸν
2515 922 2955 996 προστησάμενοι
3009 924 3102 977 τοῦ
3152 923 3330 991 Λόγου
3375 923 3474 992 τῆς
3528 925 3837 992 προσευχῆς
3882 920 3972 972 τὸν

2387 1018 2725 1082 διδάσκαλον,
2758 1016 3086 1087 θαρροῦντες
3134 1015 3470 1086 ἐπέλθωμεν,
3527 1012 3804 1083 ἐπιμελῶς
3841 1013 3970 1065 εκά-

2391 1126 2516 1163 στου
2551 1107 2713 1178 ῥητοῦ
2733 1107 3111 1177 γυμνάσαντες
3137 1104 3351 1178 [νεηει.
3369 1116 3414 1159 et
3439 1103 3532 1158 Fr.
3554 1119 3622 1171 γυ
3631 1100 3968 1172 μνάζοντες],

2389 1203 2464 1266 ὼς
2493 1198 2604 1256 οἷόν
2631 1219 2713 1267 τε,
2745 1200 2948 1270 θεωρίᾳ
2977 1201 3076 1268 τὴν
3109 1197 3318 1251 ἔννοιαν
3338 1213 3351 1225 ·
3399 1196 3474 1259 ὡς
3510 1196 3672 1258 αὑτός
3709 1211 3770 1246 τε
3801 1211 3968 1263 χορη-

2389 1297 2508 1363 γεῖν
2539 1293 2926 1364 συμφερόντως
2954 1291 3142 1344 εῐωθεν
3171 1291 3199 1343 ό
3227 1291 3420 1356 Λόγος,
3451 1288 3543 1340 καὶ
3568 1289 3765 1357 χωρεῖν
3791 1285 3968 1338 δίδωσι

2389 1389 2486 1458 τῆς
2519 1389 2612 1441 τοῦ
2643 1387 2895 1455 λέγοντος
2925 1385 3157 1446 διανοίας
3189 1385 3288 1453 τὴν
3315 1383 3563 1452 δύναμιν.

2391 1501 2582 1569 Πάτερ
2612 1499 2798 1569 ἡμῶν.
2828 1502 2860 1553 ὀ
2888 1499 2958 1552 ὲν
3001 1497 3125 1569 τοῖς
3152 1495 3430 1569 οὺρᾳνρῖς
3449 1511 3462 1523 °
3517 1492 3858 1569 ἁγιασθήτω
3903 1491 3970 1546 τὸ

2583 1567 2768 1639 ὄνομά
2797 1585 2914 1622 σου
2935 1586 2948 1598 ο
2988 1567 3210 1622 ἐλθέτω
3240 1567 3278 1633 ἡ
3310 1567 3601 1629 ,βασιλειά
3631 1581 3768 1618 σου.

2461 1683 2636 1746 Εὐθὺς
2665 1681 3012 1752 καθηκόντως
3057 1678 3333 1746 θεολογίας
3370 1680 3428 1730 ὲν
3459 1677 3670 1740 τούτοις
3717 1676 3970 1748 ἀπάρξα-

2394 1767 2515 1822 σθαι
2545 1767 2786 1821 διδάσκει
2817 1769 2929 1830 τοῖς
2959 1766 3414 1837 προσευχομένοις
3446 1768 3473 1819 ό
3506 1768 3725 1836 Κύριος,
3759 1768 3854 1818 καὶ
3873 1765 3970 1835 τήν

708 1871 887 1912 causze
906 1840 1306 1922 exsistentiam,
1331 1873 1554 1928 quoquo
1585 1859 1746 1913 modo
1776 1859 2066 1924 iuitiando,
2090 1861 2290 1930 aperit,

2394 1875 2509 1922 πως
2539 1857 2773 1927 ὓπαρξιν
2808 1859 2907 1928 τῆς
2937 1856 3045 1910 τῶν
3089 1857 3257 1911 ὄντων
3302 1859 3588 1926 ποιητικῆς
3631 1858 3816 1920 αἰτίας
3866 1877 3971 1928 μυ-

710 1947 805 2016 qui
842 1948 957 2016 ipse
993 1963 1092 2018 per
1111 1949 1406 2004 essentiam
1438 1965 1622 2004 rerum
1654 1965 1818 2005 causa
1866 1959 2168 2021 auctorque
2198 1952 2289 2007 sit.

711 2038 888 2093 Patris
916 2039 1085 2106 enim,
1116 2047 1172 2095 et
1200 2041 1440 2095 nominis
1473 2041 1673 2105 Patris,
1705 2043 1970 2113 regnique
2001 2043 2178 2098 Patris
2199 2043 2293 2098 de-

710 2130 1065 2190 clarationem
1092 2133 1300 2188 habent
1319 2134 1590 2189 orationis
1613 2136 1778 2190 verba
1801 2153 1815 2201 ;
1859 2145 1920 2189 ut
1942 2135 2010 2190 ab
2037 2137 2155 2206 ipso
2184 2147 2295 2192 sta-

713 2227 812 2276 tim
847 2225 1094 2292 exordio,
1144 2225 1355 2280 unitate
1395 2235 1735 2281 constantem
1771 2227 2118 2294 Trinitatem,
2151 2229 2297 2283 cole-

712 2331 794 2380 re.
827 2317 1104 2382 invocare,
1134 2317 1387 2372 venerari
1419 2317 1716 2373 discamus.
1753 2318 1850 2372 Dei
1903 2319 2048 2373 enim
2083 2333 2146 2375 ae
2188 2320 2293 2374 Pa-

712 2407 816 2464 tris
848 2423 1049 2462 nomen
1079 2407 1446 2463 esscutialiter
1480 2409 1806 2475 subsistens,
1833 2411 2150 2480 unigenitus
2200 2411 2292 2465 Fi-

712 2498 821 2552 lius
869 2507 988 2564 est;
1049 2499 1256 2568 Deique
1300 2513 1365 2553 ae
1419 2500 1596 2554 Patris
1647 2516 1876 2570 regnum
1925 2501 2296 2556 cssentialiter

712 2588 1040 2654 subsistens,
1073 2589 1312 2660 Spiritus
1360 2598 1600 2646 sanctus.
1653 2590 1809 2657 Quod
1856 2593 2006 2646 enim
2042 2591 2132 2647 hic
2155 2592 2293 2646 Mat-

712 2681 890 2736 thteus
922 2697 1148 2751 regnum
1186 2689 1364 2745 vocat,
1400 2681 1542 2736 alius
1585 2681 1694 2736 alio
1718 2683 1957 2752 quodam
1988 2683 2108 2737 loco
2127 2697 2296 2737 cvan-

713 2769 905 2840 gelista
957 2770 1253 2840 appellavit
1305 2771 1571 2841 Spiritum
1612 2781 1887 2839 sanctum,
1935 2773 2165 2828 dicens:
2203 2773 2296 2828 Ve-

709 2861 826 2914 niat
857 2858 1086 2930 Spiritus
1123 2871 1337 2916 sanctus
1371 2873 1510 2928 tuus,
1535 2873 1584 2916 et
1616 2865 1830 2918 mundet
1859 2881 1976 2919 nos.
1999 2865 2119 2919 Non
2143 2866 2292 2920 enim

711 2949 1012 3003 ascititium
1069 2966 1269 3006 nomen
1328 2952 1499 3008 habet
1541 2953 1702 3008 Pater
1755 2969 1819 3009 ae
1881 2954 2184 3020 factitium;
2236 2965 2297 3010 ut

712 3056 890 3110 neque
943 3057 1170 3112 regnum
1235 3044 1594 3115 intelligimus
1626 3045 1776 3100 velut
1819 3046 2140 3116 dignitatem
2173 3062 2295 3116 qua:

710 3130 788 3185 illi
824 3130 1127 3185 advenerit.
1172 3132 1290 3187 Non
1321 3133 1470 3188 enim
1499 3134 1667 3204 coepit
1691 3150 1834 3200 esse,
1868 3143 1928 3188 ut
1959 3145 2073 3191 tum
2108 3147 2282 3205 pater,
2312 3173 2354 3231 ϐ

711 3230 830 3276 tum
862 3239 956 3277 rex
993 3238 1116 3277 esse
1149 3224 1452 3293 inciperet;
1498 3226 1592 3280 sed
1622 3242 1747 3280 eum
1776 3227 1847 3281 sit
1874 3241 2112 3296 semper,
2145 3243 2289 3282 sem-

711 3327 812 3382 per
841 3313 1007 3366 etiam
1041 3323 1216 3382 pater,
1245 3331 1309 3368 ae
1345 3331 1439 3369 rex
1468 3325 1584 3381 est;
1634 3325 1693 3370 ut
1725 3331 1902 3386 neque
1934 3332 2077 3381 esse,
2114 3332 2292 3386 neque

710 3415 885 3474 pater,
921 3415 1016 3458 aut
1069 3422 1163 3459 rex
1193 3421 1332 3470 esse,
1367 3407 1593 3461 omnino
1633 3409 1884 3477 cmperit.
1939 3406 2036 3462 Sin
2086 3418 2289 3471 autem,

709 3510 929 3565 semper
964 3505 1087 3550 cum
1122 3496 1223 3559 sit,
1250 3513 1468 3568 semper
1507 3508 1620 3552 tum
1653 3509 1830 3568 pater,
1872 3508 1985 3553 tum
2023 3515 2117 3553 rex
2152 3499 2296 3554 exsi-

709 3587 806 3641 stit
838 3605 850 3639 :
889 3602 1106 3656 semper
1145 3588 1334 3658 utique
1375 3590 1542 3644 etiam
1579 3590 1769 3655 Filius,
1807 3607 1870 3644 ac
1900 3590 2139 3661 Spiritus
2169 3607 2295 3646 san-

709 3684 832 3731 ctus
867 3678 1236 3733 essentialitcr
1265 3695 1395 3734 vere
1431 3681 1578 3735 Patri
1609 3682 2050 3749 coexstiterunt;
2098 3684 2192 3756 qui
2225 3699 2293 3738 ex

711 3770 849 3839 ipso,
882 3769 1048 3840 inque
1091 3771 1211 3840 ipso
1244 3783 1440 3826 natura
1465 3785 1617 3838 sunt,
1647 3789 1812 3844 supra
1846 3789 2064 3829 causam
2098 3791 2162 3830 ac
2203 3792 2292 3830 ra-

713 3862 939 3926 tionem,
973 3879 1082 3918 non
1133 3873 1256 3932 post
1297 3865 1474 3934 ipsum
1521 3863 1730 3935 postea,
1781 3877 2007 3936 propter
2049 3883 2290 3933 causam,

709 3969 806 4007 seu
849 3953 939 4008 illa
972 3955 1305 4024 impellente,
1348 3957 1476 4012 facti
1511 3958 1640 4011 sint.
1693 3958 1905 4012 Relatio
1949 3959 2096 4013 enim
2143 3975 2294 4013 eom-

710 4042 1049 4096 monstrandi
1083 4043 1192 4096 vim
1212 4043 1396 4108 habet,
1421 4059 1485 4099 ea
1513 4060 1747 4113 quorum
1769 4054 1855 4100 est
1895 4046 2108 4109 relatio,
2129 4055 2293 4116 atque

708 4131 934 4196 dicitur,
971 4134 1073 4188 alia
1121 4135 1244 4190 aliis
1294 4137 1600 4204 posteriora
1648 4136 1875 4208 intelligi
1927 4153 2037 4192 non
2084 4138 2292 4192 sinens.

778 4224 945 4278 Pater
981 4235 1177 4280 noster.
1206 4256 1276 4266 —
1303 4227 1454 4281 Hane
1498 4226 1666 4297 igitur
1706 4228 2053 4296 auspicantes
2088 4229 2295 4282 oratio-

708 4329 859 4380 nem,
887 4316 1416 4370 consubstantialem
1457 4332 1522 4371 ac
1555 4319 2072 4386 superessentialem
2108 4319 2295 4372 Trini-

710 4415 898 4470 tatem,
944 4414 1005 4459 ut
1035 4407 1209 4460 nostri
1258 4423 1481 4464 causam
1523 4407 1882 4472 effectricem,
1931 4409 2087 4478 351
2133 4418 2295 4478 atque

2396 1951 2684 2018 σταγωγεῖ,
2724 1948 2844 2002 κατ’
2871 1948 3060 2003 οὐσίαν
3087 1948 3197 2003 τῶν
3227 1948 3396 2002 ὄντων
3429 1950 3596 2012 αῐτιος
3626 1947 3717 2000 ῶν.
3756 1949 3972 2018 Πατρδς

2391 2043 2522 2112 γὰρ,
2555 2043 2649 2094 καὶ
2697 2041 2958 2112 ὀνόματος
2993 2041 3229 2110 Πατρδς,
3283 2043 3379 2095 καὶ
3433 2040 3709 2111 βασιλείας
3758 2041 3972 2111 Πατρὸς

2392 2133 2623 2204 δήλωσιν
2653 2133 2766 2202 ἔχει
2797 2133 2896 2201 τῆς
2930 2132 3235 2204 προσευχῆς
3259 2132 3326 2186 τὰ
3349 2133 3488 2202 ῥητά
3510 2149 3523 2164 ·
3557 2132 3624 2185 ἶν’
3657 2132 3754 2185 ἀπ’
3797 2131 3973 2199 αὐτῆς

2391 2224 2727 2295 διδαχθῶμεν
2771 2225 2870 2293 τῆς
2919 2224 3092 2293 ἀρχῆς
3154 2223 3254 2295 τὴν
3297 2223 3586 2295 μοναδικὴν
3631 2223 3840 2294 Τριὰδα
3884 2223 3974 2276 σέο

2394 2316 2540 2380 σειν,
2572 2315 2946 2371 ἐπικαλεῖσθαί
2978 2333 3036 2369 τε
3081 2317 3177 2370 καὶ
3221 2319 3562 2388 προσκυνεῖν.
3602 2317 3814 2388 Ὀνομα
3860 2316 3976 2384 γὰρ

2393 2409 2485 2463 τοῦ
2510 2409 2645 2462 Θεοῦ
2679 2409 2774 2462 καὶ
2797 2408 3007 2480 Πατρδς
3038 2407 3312 2472 οὐσιωδῶς
3345 2408 3588 2478 ὑφεστὼς
3623 2411 3767 2463 ἐστιν
3795 2411 3824 2461 ό
3873 2427 3976 2478 μο-

2393 2499 2618 2572 νογενὴς
2651 2501 2777 2562 Υίός
2801 2518 2814 2532 ο
2865 2501 2958 2554 καὶ
2994 2499 3236 2570 βασιλεία
3284 2501 3379 2554 τοῦ
3418 2501 3551 2554 Θεοῦ
3601 2503 3694 2556 καὶ
3734 2501 3973 2570 Πατρὸς,

2394 2589 2665 2654 οὑσιωὸῶς
2695 2591 2840 2643 ἐστιν
2872 2589 3182 2658 ὑφεστῶσα,
3230 2589 3292 2643 τὸ
3328 2588 3549 2660 Πνεῦμα
3579 2589 3640 2643 τὸ
3672 2589 3850 2660 ἀγιον.
3905 2593 3977 2644 Ὃ

2395 2682 2501 2754 γὰρ
2534 2681 2764 2735 ἐνταῦθα
2805 2681 3079 2744 Ματθαῖός
3103 2697 3236 2751 φησι
3267 2681 3558 2752 βασιλείαν,
3593 2681 3827 2752 ἀλλαχοῦ
3861 2682 3979 2735 τῶν

2395 2771 2791 2839 εὐαγγελιστῶν
2842 2771 3030 2842 ἔτερος
3076 2771 3300 2841 Πνεῦμα
3345 2771 3610 2841 κέκληκεν
3653 2772 3831 2838 ἅγιον,
3867 2773 3981 2841 φά·

2396 2877 2562 2926 σκων,
2607 2863 2856 2918 Ἐλθέτω
2895 2877 3013 2917 σου
3058 2863 3122 2916 τὸ
3149 2862 3392 2932 Πνεῦμα
3423 2862 3486 2934 (i)
3516 2862 3582 2917 τὸ
3625 2863 3821 2932 ἄτιον,
3873 2864 3982 2918 καί

2395 2953 2768 3022 καθαρισὰτω
2795 2951 2972 3023 ἡμᾶς.
3012 2955 3086 3007 Οὐ
3116 2954 3226 3023 γὰρ
3251 2954 3542 3024 ἐπίκτητον
3570 2955 3599 3008 ό
3635 2955 3826 3026 Πατὴρ
3860 2956 3982 3026 ἔχει

2394 3045 2454 3098 τὸ
2485 3045 2675 3115 ὄνομα,
2719 3042 2838 3097 οὗτε
2881 3045 2987 3115 μὴν
3013 3043 3089 3107 ὡς
3115 3045 3270 3110 ἀξίαν
3311 3043 3781 3116 ὲπιθεωρουμένην
3819 3046 3982 3116 αὐτῷ

2395 3135 2621 3204 νοοῦμεν
2654 3135 2752 3204 τὴν
2782 3134 3076 3205 βασιλείαν.
3099 3136 3212 3189 Οὐκ
3233 3131 3434 3208 ἦρκται
3453 3137 3562 3206 γὰρ
3589 3137 3682 3190 τοῦ
3704 3131 3851 3192 εἶναι
3885 3140 3932 3208 (j
3948 3153 3982 3196 ν,

2395 3227 2481 3278 ἵνα
2512 3227 2606 3279 καὶ
2649 3227 2742 3278 τοῦ
2789 3225 2970 3297 πατὴρ
3005 3225 3039 3296 ἢ
3093 3225 3342 3295 βασιλεὺς
3387 3222 3526 3280 εἶναι
3554 3227 3802 3297 ἀρξηται’
3858 3228 3986 3281 ἀλλ’

2393 3317 2478 3370 ἀεὶ
2504 3316 2600 3379 ὢν,
2635 3316 2724 3370 ἀεὶ
2768 3317 2862 3370 καὶ
2891 3317 3074 3387 πατήρ
3111 3321 3226 3370 ἐστι
3258 3318 3350 3370 καὶ
3376 3316 3652 3388 βασιλεύςο
3703 3319 3846 3390 μήτε
3878 3319 3984 3374 τοῦ

2393 3404 2552 3473 εἶναι,
2603 3409 2736 3480 μήτε
2775 3409 2870 3462 τοῦ
2903 3410 3084 3478 πατὴρ
3113 3409 3144 3480 ἦ
3189 3408 3440 3478 βασιλεὺς
3470 3405 3610 3464 εἶναι
3637 3410 3987 3480 τοπαράπαν

2393 3499 2687 3571 ἠργμένος.
2719 3500 2780 3554 Ei
2809 3499 2866 3552 δὲ
2895 3500 2980 3552 ἀεὶ
3011 3499 3104 3565 ῶν,
3135 3501 3222 3553 ἀεὶ
3251 3501 3342 3554 καὶ
3373 3501 3555 3570 πατήρ
3591 3502 3708 3554 ἐστι
3738 3500 3840 3554 καὶ
3879 3501 3987 3570 βα-

2395 3590 2596 3655 σιλεὺς,
2625 3592 2712 3645 ἀεὶ
2738 3592 2846 3661 ἀρα
2877 3593 2968 3645 καὶ
2995 3594 3024 3645 ὁ
3052 3591 3178 3654 Υἱὸς
3210 3592 3304 3644 καὶ
3333 3590 3395 3644 τὸ
3438 3590 3659 3661 Πνεῦμα
3705 3591 3767 3646 τὸ
3813 3592 3989 3660 ἆγιον

2392 3681 2664 3746 οὐσιωδῶς
2721 3681 2799 3752 τῷ
2867 3684 3044 3755 Πατρὶ
3120 3684 3619 3754 συνυφεστήκασιν,
3697 3681 3757 3748 te
3802 3682 3989 3738 αὐτοῦ

2393 3789 2452 3827 τε
2513 3773 2661 3837 ὄντα,
2713 3773 2804 3826 καὶ
2851 3774 2909 3828 ὲν
2963 3773 3111 3844 αὐτῷ
3157 3773 3419 3842 φυσικῶς,
3465 3774 3607 3844 ὑπὲρ
3655 3773 3842 3828 αἰτίαν
3889 3776 3991 3828 καὶ

2395 3861 2582 3930 λόγον,
2638 3861 2754 3918 ἀλλ’
2812 3863 2872 3916 οὐ
2931 3863 3048 3934 μετ’
3097 3863 3286 3928 αὐτὸν,
3331 3863 3597 3931 γενόμενα
3673 3863 3743 3918 δι’
3788 3864 3990 3918 αἰτίαν

2395 3953 2640 4024 ὕστερον.
2693 3955 2755 4006 Ἠ
2805 3953 2913 4022 γὰρ
2947 3953 3128 4024 σχέσις
3167 3953 3539 4020 συνενδείξεων
3579 3953 3852 4022 κέκτηται
3888 3953 3990 4006 δύο

2395 4060 2557 4115 ναμιν
2580 4085 2596 4110 ,
2631 4045 2700 4098 τὰ
2740 4036 2816 4099 ὧν
2849 4045 2964 4097 ἔστι
2994 4062 3055 4097 τε
3103 4046 3192 4097 καὶ
3221 4043 3437 4112 λέγεται
3466 4045 3671 4114 σχέσις,
3704 4044 3833 4116 μετ’
3885 4045 3991 4099 ἀλ-

2394 4134 2533 4205 ληλα
2556 4134 2628 4205 (k)
2661 4134 2982 4206 θεωρεῖσθαι
3015 4135 3088 4205 μὴ
3126 4133 3502 4205 συγχωροῦσα.

2465 4227 2681 4295 Ταύτης
2706 4222 2797 4280 οῦν
2818 4224 3189 4297 ἀπαρξάμενοι
3213 4226 3313 4294 τῆς
3331 4225 3660 4297 προσευχῆς,
3683 4225 3992 4298 γεραίρειν

2397 4314 2700 4384 ὲναγόμεθα
2733 4312 2808 4386 [in
2839 4325 2944 4371 cat.
2969 4312 3324 4386 ἐπειγόμεθα]
3351 4314 3447 4386 τὴν
3474 4311 3762 4384 όμοούσιόν
3791 4331 3865 4368 τε
3894 4317 3995 4370 καὶ

2397 4405 2718 4477 ὐπερούσιον
2747 4405 2970 4475 Τριάδα,
3001 4403 3076 4469 ὡς
3115 4404 3402 4476 ποιητικὴν
3429 4405 3606 4458 αἰτίαν
3635 4405 3739 4475 τῆς
3767 4406 3995 4476 ἡμετέ-

708 4507 1012 4561 auctorem,
1032 4499 1281 4552 venerari
1309 4499 1627 4567 honoreque
1649 4499 1908 4568 prosequi
1931 4499 2290 4554 instituimur.

2399 4517 2498 4572 ρας
2523 4498 2805 4567 γενέσεως.
2842 4497 2983 4569 Πρὸς
3021 4497 3099 4561 δὲ,
3134 4497 3227 4549 καὶ
3266 4495 3364 4568 τὴν
3403 4495 3482 4558 είς
3525 4497 3675 4566 ἡμᾶς
3710 4496 3998 4564 ἐξαγγέλ-

709 4588 788 4642 Ad
831 4588 948 4642 haec
983 4604 1117 4642 vero
1162 4589 1351 4650 etiam,
1404 4604 1722 4644 concessam
1772 4591 1935 4646 nobis
1985 4591 2295 4660 adoptionis

2393 4588 2506 4641 λειν
2554 4585 2916 4656 διδασκόμεθα
2963 4585 3123 4656 χάριν
3175 4584 3274 4655 τῆς
3324 4582 3612 4648 υἱοθεσίας,
3672 4584 3768 4637 τὸν
3815 4586 3998 4656 φύσει

707 4679 940 4748 gratiam
971 4679 1192 4744 elIerre,
1226 4696 1296 4735 ac
1319 4682 1611 4736 enuntiare
1653 4682 1938 4748 docemur,
1979 4683 2074 4753 qui
2118 4683 2295 4752 ipsum

2393 4678 2717 4750 δημιουργὸν
2768 4677 2948 4748 χάριτι
2987 4675 3206 4746 Πατέρα
3255 4675 3439 4728 καλεῖν
3483 4674 3801 4746 ἀξιούμενοι
3827 4693 3846 4707 ·
3907 4679 3997 4731 ἵνα

708 4779 906 4825 natura
935 4772 1212 4840 opilicem,
1239 4788 1336 4841 per
1362 4775 1594 4843 gratiam
1626 4775 1844 4828 Patrem
1869 4791 2064 4830 vocare
2088 4791 2295 4829 merea-

2393 4771 2486 4826 τοῦ
2528 4771 2670 4824 κατὰ
2703 4769 2862 4840 χάριν
2913 4769 3240 4838 Γεννήτορος
3276 4767 3608 4828 αἰδεσθέντες
3658 4767 3761 4837 τὴν
3807 4787 3997 4840 προσ.

709 4877 837 4916 ιιιυι·
864 4880 877 4916 :
916 4871 977 4916 ut
1018 4863 1141 4932 ejus
1161 4864 1254 4932 qui
1286 4865 1458 4933 gratia
1492 4866 1680 4934 genuit
1707 4866 2174 4935 nuncupationem
2207 4881 2295 4918 re-

2395 4862 2647 4932 ηγορίαν,
2696 4863 2752 4914 ἐν
2784 4859 2860 4929 τῷ
2896 4859 2994 4930 βίῳ
3025 4859 3150 4920 τοὺς
3173 4857 3526 4927 χαρακτῆρας
3581 4857 3996 4927 ἐπισημαίνει-ι

708 4952 895 5018 veriti,
947 4953 1220 5008 institutis
1283 4955 1405 5010 vitae
1469 4957 1781 5012 rationibus
1829 4959 2073 5028 parentis
2126 4954 2300 5011 nostri

782 5109 842 5176 (ἱ)
881 5109 1169 5184 -Έλαέτω
1198 5126 1315 5184 cr_ov
1355 5113 1421 5164 τὸ
1462 5114 1722 5184 Πνεῦμα.
1766 5113 2001 5168 Perinde
2054 5113 2285 5183 Nyssen.

709 5187 852 5235 orat.
881 5179 917 5231 ’5
939 5179 996 5232 in
1029 5180 1181 5233 Orat.
1223 5181 1576 5248 Domiuicam,
1619 5179 1723 5238 ἰιιιὶ
1753 5185 1831 5238 ait
1862 5185 1934 5238 ita
1975 5185 2059 5238 bis
2095 5179 2291 5237 haberi

708 5249 854 5323 apud
881 5248 1082 5323 Ducam
1116 5267 1128 5302 :
1163 5261 1508 5323 eum_tameu
1537 5254 1703 5309 modo
1733 5254 2068 5323 exemplaria
2111 5253 2296 5307 omnia

710 5317 856 5372 idem
903 5317 1145 5379 habeant
1176 5320 1322 5389 apud
1353 5323 1663 5378 Matthaeum
1698 5332 1754 5377 et
1786 5317 2032 5387 Lucam;
2066 5339 2168 5376 nee
2212 5323 2296 5376 iu-

711 5397 985 5461 terpretes
1021 5390 1258 5461 aliquam
1298 5393 1568 5461 ejusmodi
1605 5393 1985 5448 diversitatem
2024 5394 2290 5447 indicent.

711 5458 787 5510 Ac
815 5458 1087 5535 videatur_
1113 5458 1379 5535 Maximus
1406 5478 1489 5535 ex
1538 5463 1788 5535 Nysseno
1820 5465 2088 5535 hausisse,
2123 5462 2292 5535 unde-

710 5529 1179 5601 cunquetandem
1216 5530 1306 5584 ille
1334 5529 1607 5587 habuerit:
1646 5535 1800 5589 Unus
1827 5534 1960 5601 Reg.
1993 5534 2162 5587 codex
2191 5533 2290 5585 ha-

711 5597 804 5672 bet
831 5598 1125 5672 ἐπελθέτω,
1160 5601 1317 5672 quasi
1345 5606 1712 5672 superveniat,
1747 5611 1863 5666 aut,
1898 5597 2176 5672 p'rwterea,
2221 5601 2292 5654 ad

710 5667 820 5719 limi:
847 5670 1074 5743 .ve‘niqt;
1113 5667 1270 5743 quasi
1325 5667 1534 5743 nedum
1580 5673 1840 5727 virtutem
1878 5667 2132 5743 petamus
2171 5672 2287 5734 iDei

710 5737 954 5811 nominis
999 5739 1086 5811 in_
1114 5737 1278 5811 nobis
1325 5737 1999 5811 sanetilicationem),'sed
2050 5753 2106 5798 et
2153 5758 2288 5811 prte-

713 5805 908 5869 mium,
945 5809 1090 5878 quod
1124 5809 1275 5881 regni
1300 5812 1522 5866 nomine
1549 5813 1747 5868 clarius
1776 5805 2112 5884 designetur.

2393 4953 2782 5024 σπουδάζωμεν
2801 4951 2894 5004 τοῦ
2925 4950 3306 5020 γεννήσαντος,
3330 4947 3647 5017 ἀγιάξοντες
3675 4948 3863 5002 αὑτοῦ
3900 4953 3998 5005 ἐπὶ

2475 5110 2540 5181 (j)
2572 5104 2931 5181 Ouxﬁputat
2964 5107 3073 5181 γὰρ
3097 5107 3219 5181 ⁸τοῦ
3252 5101 3422 5181 sirm.
3464 5105 3584 5181 Non
3611 5107 3793 5181 etrapit
3836 5124 3994 5164 esse.

2401 5175 2672 5236 Doiinitat
2692 5175 2858 5233 COrd.
2891 5177 2985 5246 qui
3017 5176 3228 5238 reddat,
3264 5175 3383 5229 Non
3409 5176 3548 5246 enim
3587 5176 3793 5246 suﬁicit
3838 5196 3998 5244 esse;

2396 5251 2503 5310 nisi
2535 5250 2676 5304 forte
2713 5249 2788 5302 ita
2818 5243 3066 5316 prailum,
3097 5260 3162 5316 ac
3190 5247 3294 5316 qui
3314 5243 3556 5316 regebat,
3582 5243 3994 5314 illi’peccavit.

2467 5321 2538 5388 (k)
2573 5318 2708 5374 Μετ’
2730 5315 2987 5388 ἄλληλα.
3015 5315 3205 5369 Relata
3255 5315 3418 5370 simul
3459 5324 3657 5388 natura
3707 5327 3883 5381 sunt,
3920 5321 3995 5374 si-

2393 5384 2622 5459 mulque
2643 5387 3062 5459 concipiuntur,
3087 5400 3196 5459 non
3230 5384 3602 5459 unum_a|tero
3641 5390 3992 5459 posterius:

2393 5453 2550 5529 cujus
2609 5453 2951 5529 contrarium
3013 5454 3213 5529 vitiosa
3255 5455 3346 5529 il_l_a
3395 5453 3510 5529 Cat.
3579 5453 3701 5522 μετ’
3725 5457 3995 5529 ἀλλήλων

2393 5523 2712 5598 θείυρείσθαι
2740 5529 2814 5595 μὴ
2841 5523 3229 5598 συγχωροῦσαλ
3273 5523 3390 5598 _N9_n
3424 5525 3601 5598 sitiens
3653 5528 3828 5598 quasi
3869 5523 3995 5581 'alia

2392 5592 2518 5651 aliis
2565 5592 3480 5664 socia,'si'mulqueintelligi.Unde
3512 5592 3630 5646 haec
3666 5595 3997 5650 relatorum

2390 5676 2607 5730 natura,
2654 5675 2749 5720 aut
2781 5662 3184 5736 grammatica?
3231 5663 3333 5736 Sed
3388 5662 3609 5736 longum
3655 5674 3826 5719 esset
3877 5669 3998 5734 ejus

2388 5739 2569 5796 omnia
2597 5731 2812 5797 menda',
2841 5743 2896 5805 et
2917 5733 3138 5803 quidem
3171 5733 3376 5804 gravia,
3405 5731 3652 5788 indicare
3686 5751 3702 5787 :
3732 5750 3875 5805 qua:
3902 5731 3998 5794 do.-

2389 5808 2535 5862 cebit
2571 5809 2685 5878 ipsa
2710 5804 2946 5862 collatio.
