4218 6432
286 381 394 444 885

1262 386 1665 448 EXPOSITIO
1702 389 2112 450 ORATIONIS
2151 389 2537 451 DOMINICE

3411 389 3538 466 ω,

283 501 387 568 γῆς
417 493 476 547 τὸ
513 493 704 564 ὄνομα,
741 496 832 547 καὶ
862 496 1260 566 πατρώζοντες,
1291 504 1385 551 καὶ
1417 500 1582 553 τέκνα
1608 502 1697 554 διὰ
1737 504 1845 556 τῶν
1876 545 1922 605 Α

1876 545 1922 605 Α
1951 520 2298 576 characteres
2337 523 2570 578 reddere
2617 524 2956 594 studeamus,
2981 527 3382 589 sanotiﬂtantes
3422 549 3516 589 no-

277 587 618 653 πραγμάτων
647 587 1003 656 δεικνύμενοι,
1041 591 1135 641 καὶ
1182 589 1274 642 τὸν
1320 591 1520 659 ταύτης
1549 594 1844 665 αὐτουργὸν

273 675 374 742 τῆς
409 675 677 738 υἱοθεσίας
709 678 932 744 φυσικὸν
959 677 1054 730 τοῦ
1079 680 1287 750 Πατρὸς
1321 682 1467 747 Υίὸν,
1495 683 1560 736 δι’
1592 678 1666 739 ὦν
1696 687 1843 740 νοοῦ-

276 781 376 832 μεν
408 765 439 835 ἢ
479 768 805 837 πράττομεν,
838 769 1245 839 μεγαλύνοντες.

353 943 677 1015 Ἀγιάζομεν
707 946 762 999 δὲ
793 948 884 1002 τοῦ
914 949 970 1002 ἐν
1001 951 1244 1022 οὐρανοῖς
1268 957 1408 1010 κατά
1441 961 1598 1030 χάριν
1620 964 1832 1035 Πατρδς

268 1033 333 1083 τὸ
385 1033 573 1102 ὄνομα,
615 1035 712 1105 τὴν
755 1037 1016 1107 πρόσυλοι
1049 1041 1246 1112 δηλαδὴ
1283 1048 1602 1117 νεκροῦντες
1645 1033 1835 1109 ἐπιθυ-

272 1123 425 1191 μίαν,
453 1125 544 1176 καὶ
575 1126 912 1196 φθοροποιῶν
946 1131 1392 1204 ἐκκαθαιρόμενοι
1421 1141 1606 1194 παθῶν
1626 1159 1640 1174 ·
1681 1146 1836 1219 εἴπερ

270 1213 540 1282 ἀγιασμός
568 1217 734 1280 ἐστιν,
764 1220 795 1287 ἠ
830 1220 947 1272 κατ’
978 1220 1225 1292 αἴσθησιν
1251 1226 1348 1295 τῆς
1382 1229 1672 1301 ἐπιθυμίας
1702 1213 1838 1288 πανο

266 1305 432 1374 τελὴς
482 1308 736 1376 ἀκινησία
778 1309 902 1381 [σαι.
964 1312 1170 1387 ἐξορία]
1224 1318 1317 1370 καὶ
1368 1320 1666 1390 νέκρωσις·
1711 1321 1835 1399 ἑνῇ

267 1396 572 1465 γενόμενοι,
621 1400 719 1462 τὰς
768 1403 1033 1472 ἀπρεπεῖς
1077 1406 1170 1458 τοῦ
1217 1406 1386 1479 θυμοῦ
1441 1416 1837 1485 κατευνάζομεν

268 1487 499 1552 ὑλακάς,
535 1490 633 1541 οὐκ
659 1491 869 1560 ἔχοντος
895 1493 972 1547 ἔτι
1000 1495 1368 1566 διεγείρουσαν
1398 1503 1578 1570 αὑτὸν,
1613 1510 1705 1559 καὶ
1729 1509 1836 1562 τῶν

266 1577 484 1630 οἰκείων
520 1581 716 1647 ἡδονῶν
747 1584 1247 1653 ύπεραγωνίζεσθαι
1281 1591 1567 1648 πείθουσαν
1592 1597 1689 1667 τὴν
1721 1600 1838 1651 ἐπι-

267 1667 493 1736 θυμίαν,
533 1672 631 1740 ἤδη
671 1676 732 1743 τῇ
783 1677 920 1728 κατὰ
946 1678 1038 1731 τὸν
1069 1679 1224 1746 λόγον
1261 1683 1504 1753 ἁγιότητι
1555 1689 1838 1758 νεκρωθεῖ-

268 1775 391 1810 σαν.
432 1762 586 1814 Κατά
619 1763 778 1832 φύσιν
811 1767 918 1836 γὰρ
962 1769 1059 1838 τῆς
1086 1771 1378 1842 ἐπιθυμίας
1413 1777 1668 1846 ὑπάρχων
1698 1780 1836 1835 ἔκδι-
1869 1758 1908 1811 Β

267 1868 363 1913 κος
403 1855 430 1905 ὁ
458 1852 644 1922 θυμὸς,
671 1856 762 1909 τοῦ
793 1860 1076 1925 μαίνεσθαι
1109 1864 1375 1920 παύεσθαι
1405 1867 1667 1937 πέφυκεν,
1697 1873 1834 1944 ὀπη-

265 1941 393 1995 νίκα
427 1945 628 2016 ταύτην
665 1947 749 2020 ἴδη
778 1952 1204 2025 νενεκρωμένην.

337 2145 578 2210 Εἰκότως
617 2145 730 2212 οὖν,
775 2154 840 2222 τῇ
893 2153 986 2205 τοῦ
1036 2153 1208 2223 θυμοῦ
1253 2156 1345 2209 καὶ
1396 2158 1495 2228 τῆς
1543 2161 1833 2232 ἐπιθυμίας

262 2234 538 2308 ἀποὸολῇ,
585 2239 646 2292 τὸ
691 2241 788 2311 τῆς
838 2241 1113 2311 βασιλείας
1153 2246 1245 2298 τοῦ
1289 2248 1422 2301 Θεοῦ
1477 2251 1570 2303 καὶ
1621 2253 1830 2322 Πατρὸς

261 2328 405 2379 κατά
434 2329 532 2398 τὴν
575 2333 879 2402 προσευχὴν
927 2335 1223 2402 ἐπιγίνεται
1270 2340 1485 2408 κράτος,
1535 2347 1646 2406 τοῖς
1693 2345 1829 2413 μετά

259 2416 358 2487 τὴν
383 2418 586 2474 τούτων
619 2422 872 2477 ἀπόθεσιν
898 2424 1072 2491 λέγειν
1104 2427 1458 2498 ἀξιουμένοις,
1503 2432 1753 2486 Ἐλθέτω
1789 2435 1825 2499 ἡ

259 2510 543 2572 βασιλεία
577 2529 691 2565 σου
716 2528 729 2542 '
764 2517 1036 2582 τουτέστι,
1064 2519 1125 2570 τὺ
1158 2520 1379 2589 Πνεῦμα
1427 2523 1484 2574 τὸ
1511 2525 1664 2590 ἅγιον
1683 2541 1694 2551 ’
1724 2526 1822 2596 ἤδη

258 2600 334 2669 τῷ
378 2600 479 2670 τῆς
511 2603 812 2673 πραότητος
845 2606 984 2675 λόγῳ
1021 2625 1079 2659 τε
1112 2610 1204 2662 καὶ
1234 2612 1418 2680 τρόπῳ
1457 2615 1824 2682 ναοποιηθείσι

257 2692 334 2761 τῷ
359 2693 476 2763 Θεῴ
505 2678 590 2747 διά
640 2696 731 2748 τοῦ
779 2698 1109 2768 Πνεύματος.
1175 2702 1304 2755 Ἐπὶ
1345 2678 1477 2756 τίνα
1513 2705 1643 2777 γάρ,
1670 2678 1820 2778 ιρησὶ,

257 2787 644 2849 καταπαύσω,
675 2789 812 2842 ἀλλ’
844 2788 881 2857 ἦ
910 2791 1008 2844 ἐπὶ
1039 2792 1142 2846 τὸν
1171 2792 1364 2860 πρᾶον
1391 2797 1489 2851 καὶ
1518 2804 1818 2870 ταπεινὸν,

254 2876 353 2929 καὶ
388 2875 675 2944 τρέμοντα
691 2896 807 2947 μου
835 2882 974 2947 τοὺς
1008 2887 1266 2952 λόγους;
1313 2888 1385 2951 ὡς
1419 2891 1664 2945 ἐντεῦθεν
1685 2890 1821 2949 εἶναι

252 2965 429 3033 δῆλον,
446 2967 526 3020 ὄτι
559 2968 668 3022 τῶν
697 2973 965 3025 ταπεινῶν
995 2974 1087 3026 καὶ
1111 2978 1327 3045 πραέων
1349 2982 1493 3034 ἐστὶν
1522 2983 1820 3053 ήβασιλεία

1955 625 2083 666 men
2122 615 2240 683 ejus
2272 614 2330 668 in
2374 623 2539 673 terra.
2574 615 2862 685 ipsumque
2905 615 3225 686 referentes,
3257 627 3424 690 atque
3454 622 3518 676 tl-

1948 700 2058 754 lios
2085 701 2218 771 ipsis
2246 717 2349 757 nos
2383 702 2645 770 operibus
2685 703 3040 770 exhibentes;
3079 704 3356 776 hujusque
3380 706 3521 762 adeo

1945 797 2226 845 auctorem
2258 791 2566 860 adoptionis
2602 793 2901 847 naturalem
2936 792 3113 848 Patris
3145 794 3362 860 Filium,
3390 799 3518 868 qui.

1942 881 2056 939 bus
2088 881 2444 953 intelligimus
2484 892 2647 939 autve
2674 885 2908 956 agimus,
2941 885 3368 956 magniﬁcantes.

2006 973 2376 1037 Sanctiﬁcetur
2400 992 2588 1030 nomen
2614 984 2779 1032 tuum.
2797 977 3296 1037 ——Sanctilicamus
3306 990 3512 1048 autem,

1935 1065 2055 1135 ejus
2072 1067 2163 1136 qui
2191 1069 2246 1122 In
2259 1068 2412 1122 caelis
2427 1076 2533 1132 est,
2560 1068 2748 1138 gratia:
2763 1069 2928 1134 dono,
2945 1072 3123 1128 Patris
3137 1088 3360 1142 nomen,
3381 1075 3513 1132 dum

1935 1156 2146 1210 scilicet
2190 1165 2466 1212 terrenam
2493 1159 2846 1229 cupiditatem
2870 1161 3296 1232 mortiﬁcamus,
3348 1176 3512 1238 atque

1936 1248 2004 1302 ab
2031 1249 2276 1304 exitiosis
2297 1249 2586 1306 aﬂ‘ectibus
2618 1251 2877 1322 vitiisque
2897 1256 3297 1324 emundamur;
3331 1274 3509 1328 quan-

1935 1340 2229 1409 doquidem
2279 1343 2334 1395 in
2372 1356 2441 1398 eo
2474 1344 2648 1411 posita
2677 1345 2941 1400 sanctitas
2963 1353 3068 1411 est,
3104 1359 3163 1402 ut
3187 1365 3308 1417 qua:
3335 1367 3506 1407 sensu

1935 1445 2221 1491 exercetur
2258 1438 2551 1506 cupiditas,
2585 1438 2733 1492 omni
2760 1454 2989 1508 prorsus
3012 1449 3163 1495 motu
3196 1440 3510 1499 inhibeatur

1937 1543 2000 1581 ac
2025 1529 2434 1599 exstinguuntur;
2482 1541 2646 1600 atque
2698 1530 2754 1585 id
2776 1533 3078 1598 consecuti,
3104 1532 3394 1590 indecoros
3415 1534 3510 1602 ira)

1937 1617 2166 1673 latratus
2191 1621 2444 1675 sedamus
2463 1662 2477 1686 ,
2526 1637 2651 1676 cum
2679 1622 2848 1691 ipsam
2867 1623 3194 1679 excitantem
3227 1624 3509 1696 ipsiusque

1939 1707 2229 1763 libidinum
2269 1726 2433 1764 causa
2484 1727 2728 1781 pugnare
2762 1712 3086 1768 suadentem
3126 1715 3504 1785 cupiditatem,

1937 1800 2167 1854 rationis
2204 1802 2495 1857 sanctitate
2536 1803 2646 1872 jam
2681 1803 3067 1858 mortiﬁcatam
3108 1813 3271 1875 atque
3296 1808 3506 1862 exstin-

1936 1902 2107 1957 ctam,
2145 1893 2286 1947 ultra
2320 1910 2426 1948 non
2461 1895 2781 1949 habeamus.
2836 1896 2923 1949 Ira
2952 1896 3120 1961 enim,
3157 1911 3280 1966 qua:
3309 1906 3501 1952 natura

1935 1983 2136 2038 vindex
2167 1985 2485 2054 cupiditatis
2507 1986 2756 2050 exsistat,
2806 1986 2900 2040 ubi
2930 2002 3052 2041 eam
3081 1987 3282 2063 viderit
3306 1989 3504 2042 morti-

1935 2074 2172 2141 ﬁcatam,
2205 2084 2399 2145 suopte
2424 2076 2585 2146 genio
2614 2077 2798 2132 furere
2826 2076 3051 2132 desinit.

2002 2179 2262 2234 Adveniat
2292 2195 2508 2249 regnum
2533 2187 2700 2236 tuum.
2728 2209 2799 2219 —
2830 2180 3024 2235 Merito
3046 2179 3211 2250 igitur
3239 2180 3499 2251 ablegatis

1932 2280 2094 2340 atque
2115 2271 2354 2326 extrusis
2387 2271 2469 2326 ira
2493 2287 2558 2326 ac
2579 2271 2902 2340 cupiditate,
2932 2271 3029 2326 Dei
3059 2287 3124 2328 ac
3146 2273 3325 2326 Patris
3344 2274 3498 2344 regni

1931 2369 2173 2432 potestas
2225 2363 2278 2416 in
2308 2363 2557 2418 oratione
2589 2363 2871 2433 sequitur,
2927 2362 3105 2432 iisque
3145 2363 3360 2418 accedit
3404 2363 3496 2434 qui

1928 2461 2054 2522 post
2085 2453 2206 2508 illas
2235 2454 2475 2524 abjectas
2521 2454 2707 2509 dicere
2741 2462 3024 2508 merentur
3061 2472 3075 2508 :
3111 2455 3367 2510 Adveniat
3412 2471 3496 2509 re-

1927 2557 2088 2612 gnum
2114 2549 2283 2606 tuum,
2319 2542 2425 2598 hoc
2447 2549 2551 2608 est,
2587 2542 2825 2612 Spiritus
2845 2555 3066 2599 sanctus
3092 2560 3108 2611 ;
3161 2546 3256 2615 qui
3285 2546 3497 2602 scilicet

1928 2634 2227 2688 mansuetis
2270 2634 2518 2689 moribus
2569 2635 2624 2688 in
2668 2635 2761 2688 Dei
2787 2636 3049 2706 templum
3099 2650 3200 2707 per
3231 2636 3494 2707 Spiritum

1927 2725 2226 2780 constructi
2251 2735 2377 2780 sunt
2394 2729 2434 2759 ¹⁹
2462 2746 2475 2782 :
2506 2726 2676 2798 Super
2695 2744 2847 2797 quem
2867 2727 3036 2790 enim,
3066 2729 3265 2798 inquit,
3288 2731 3494 2800 requie-

1923 2831 2090 2881 scam,
2120 2817 2221 2870 nisi
2242 2834 2400 2887 super
2423 2826 2755 2872 mansuetum
2778 2826 2828 2873 et
2848 2818 3096 2876 humilem
3118 2829 3167 2874 et
3186 2828 3492 2876 trementem

1923 2923 2185 2962 sermones
2209 2925 2346 2963 meos
2365 2909 2450 2963 ὀἳ
2504 2919 2564 2964 ut
2595 2910 2721 2964 inde
2746 2909 3097 2966 manifestum
3120 2912 3218 2979 sit,
3261 2928 3491 2984 regnum

1923 2997 2018 3053 Dei
2033 3015 2096 3054 ac
2115 3001 2290 3055 Patris
2317 3017 2507 3055 eorum
2524 3017 2645 3056 esse
2662 3001 2755 3071 qui
2773 3001 3010 3057 humiles
3025 3011 3224 3060 suntet
3236 3019 3488 3060 mansue-

251 3056 344 3108 τοῦ
362 3057 496 3109 Θεοῦ
512 3060 602 3112 καὶ
620 3061 846 3130 Πατρός.
862 3063 1147 3132 Μακάριοι
1173 3068 1241 3135 γά
1248 3085 1298 3138 ρ,
1320 3075 1503 3140 φησιν,
1524 3077 1577 3127 οἱ
1591 3075 1817 3142 πραεῖς,
1850 3088 1890 3145 c

1850 3088 1890 3145 C
1926 3088 1986 3143 ti.
2020 3089 2169 3144 Beati
2195 3091 2365 3155 enim,
2402 3092 2602 3161 inquit,
2638 3056 2809 3158 mites,
2855 3056 3106 3163 quoniam
3133 3056 3485 3164 ipsi—posside-

250 3148 338 3200 ὁτι
382 3149 550 3202 αὐτοὶ
586 3153 1111 3221 κληρονομήσουσι
1149 3158 1261 3226 τὴν
1304 3160 1438 3228 γῆν.
1483 3165 1591 3233 Γῆν
1620 3165 1818 3234 ταύτην

248 3239 347 3310 τὴν
381 3241 520 3293 κατὰ
568 3242 727 3309 φύσιν
762 3245 931 3317 μέσην
975 3247 1066 3300 τοῦ
1100 3255 1300 3314 παντὸς
1338 3253 1712 3310 ἀπολαϐοῦσαν
1741 3257 1814 3310 θέο

249 3348 336 3382 σιν
377 3332 406 3382 ό
453 3332 586 3395 Θεὸς
633 3335 732 3387 οὐκ
780 3338 1142 3404 ἐπηγγείλατο
1180 3345 1291 3406 τοῖς
1344 3346 1629 3412 ἀγαπῶσιν
1657 3348 1818 3402 αὐτὸν

246 3420 650 3491 κληρονομίαν·
707 3427 863 3496 εἴπερ
909 3429 1159 3498 ἀληθεύει
1205 3433 1446 3500 φάσκων,
1481 3437 1665 3490 Ὅταν
1708 3439 1816 3508 γὰρ

244 3510 316 3562 ὲκ
377 3511 606 3579 νεκρῶν
657 3514 1038 3583 ἀναστῶσιν,
1093 3521 1232 3574 οὔτε
1295 3526 1620 3592 γαμοῦσιν,
1680 3530 1817 3584 οὔτε

243 3601 582 3670 γαμίζονται
611 3621 624 3635 ·
657 3607 795 3659 ἀλλ’
822 3608 981 3661 εἰσὶν
1008 3609 1088 3675 ὡς
1116 3612 1373 3680 ἄτγελοὶι
1390 3617 1458 3669 ἐν
1494 3619 1618 3685 τοῖς
1645 3625 1818 3690 οἰιοαρ

241 3692 394 3758 νοῒς.
426 3696 554 3757 Καὶ,
585 3697 761 3751 Δεῦτε
791 3700 845 3751 οἱ
867 3699 1254 3770 εὐλογημένοι
1289 3706 1396 3758 τοῦ
1422 3709 1651 3776 Πατρός
1671 3729 1810 3778 μου,

239 3785 738 3853 κληρονομήσατε
775 3789 890 3856 τὴν
940 3793 1388 3861 ἡτοιμασμένην
1442 3800 1584 3866 ὑμῖν
1631 3802 1814 3865 ,ϐασι-

235 3876 416 3928 λείαν
453 3877 572 3930 ἀπὸ
619 3881 959 3949 καταϐολῆς
996 3883 1246 3952 κόσμου.
1292 3889 1400 3940 Καὶ
1434 3890 1665 3961 ἀλλαχοῦ
1705 3895 1813 3947 πά-

238 3974 325 4019 λιν
376 3968 546 4038 ἑτέρῳ
592 3971 706 4039 μετ’
755 3973 967 4036 εὐνοίας
1014 3975 1374 4044 δουλεύσαντι,
1430 3981 1683 4039 Εἴσελθε
1724 3989 1813 4051 εις

236 4059 358 4125 τὴν
400 4061 592 4129 χαρὰν
635 4066 743 4117 τοῦ
787 4067 1008 4132 Κυρίου
1057 4084 1192 4122 σου.
1244 4073 1354 4123 Καὶ
1411 4077 1530 4142 μετ’
1573 4078 1734 4130 αὐτὸν
1785 4083 1812 4133 ὁ

235 4152 385 4211 θεῖος
426 4155 762 4218 Ἀπόστολος,
799 4159 1090 4212 Σαλπίσει
1118 4162 1248 4229 τὰρ,
1281 4165 1378 4216 καὶ
1414 4170 1468 4220 οι
1514 4171 1713 4237 νεκροὶ
1741 4173 1811 4225 ἐν

233 4245 491 4312 Χριστῷ,
527 4247 743 4314 πρῶτοι
776 4249 1198 4318 ἐγερθήσονται
1235 4255 1540 4325 ἄφθαρτοι.
1575 4261 1811 4316 Ἔπειτα

232 4336 412 4404 ἡμεῖς
466 4342 518 4392 οι
561 4337 804 4404 ζῶντες,
857 4343 912 4393 οὶ
959 4346 1458 4413 περιλειπόμενοι,
1516 4349 1636 4418 ἅμα
1687 4352 1809 4406 σὺν

1919 3179 2046 3234 bunt
2090 3183 2363 3236 terram".
2430 3181 2652 3237 Terram
2682 3183 2864 3251 hanc,
2920 3199 3044 3254 qua;
3094 3199 3194 3253 per
3239 3194 3487 3241 naturam

1919 3271 2159 3326 medium
2190 3274 2432 3328 universi
2459 3274 2625 3344 hujus
2653 3275 2819 3329 situm
2848 3282 3007 3330 nacta
3031 3283 3136 3341 est,
3172 3275 3317 3331 haud
3347 3278 3486 3334 Deus

1921 3365 1988 3420 iis
2028 3364 2412 3434 possidendam
2455 3365 2712 3434 promisit
2751 3367 2846 3436 qui
2875 3365 3053 3435 ipsum
3077 3366 3350 3438 diligunt;
3393 3385 3484 3425 ve-

1916 3470 2013 3508 rax
2038 3455 2242 3524 quippe
2267 3462 2350 3508 est
2382 3456 2476 3524 qui
2502 3455 2581 3510 ait
2610 3473 2624 3510 :
2651 3455 2784 3511 Cum
2809 3459 2948 3511 enim
2975 3460 3375 3524 resurrexerint,
3402 3477 3493 3514 ne-

1915 3555 2013 3607 que
2045 3541 2265 3605 nubunt,
2301 3557 2466 3610 neque
2495 3543 2682 3610 nuptui
2709 3545 2996 3597 traduntur
3018 3586 3034 3606 .
3087 3547 3180 3601 sed
3201 3558 3326 3602 sunt
3358 3549 3489 3604 sicut

1913 3629 2088 3700 angeli
2119 3631 2174 3684 in
2203 3630 2343 3685 caelis
2357 3634 2433 3698 “;
2492 3639 2545 3686 et
2565 3673 2580 3696 ,
2633 3633 2832 3699 Venite,
2867 3635 3121 3691 benedicti
3147 3637 3325 3693 Patris
3351 3641 3482 3707 mei,

1913 3722 2167 3788 possidete
2198 3730 2450 3792 paratum
2473 3724 2614 3777 vobis
2635 3741 2855 3796 regnum
2886 3744 2918 3781 a
2945 3729 3311 3784 constitutione
3335 3747 3477 3785 mun-

1913 3812 1967 3866 di
1988 3813 2054 3866 ".
2100 3813 2223 3868 Alio
2254 3830 2474 3884 quoque
2505 3832 2701 3871 rursus
2723 3818 2867 3884 loco,
2902 3819 3064 3874 alteri
3097 3822 3190 3889 qui
3220 3821 3480 3879 benevole

1911 3902 2055 3956 servi
2081 3917 2282 3958 munus
2307 3905 2521 3960 obierat
2540 3924 2553 3960 :
2573 3905 2725 3960 Intra
2743 3908 2798 3960 in
2819 3909 3072 3978 gaudium
3095 3910 3304 3965 Domini
3325 3914 3401 3966 tui
3418 3912 3479 3969 ”.

1910 3993 2042 4046 Post
2087 4009 2251 4063 quem
2303 3997 2472 4051 etiam
2513 3997 2735 4053 divinus
2760 3999 3056 4068 Apostolus
3097 4019 3111 4054 :
3147 4000 3313 4057 Canet
3344 4004 3478 4057 enim

1910 4085 2034 4135 tuba
2057 4101 2075 4148 ;
2140 4092 2190 4136 et
2221 4088 2412 4139 mortui
2438 4086 2526 4156 qui
2551 4088 2607 4141 in
2630 4087 2836 4145 Christo
2854 4097 2978 4143 sunt
3003 4099 3277 4160 resurgent
3301 4092 3476 4161 primi.

1911 4173 2070 4242 352
2107 4173 2304 4229 Deinde
2333 4193 2426 4231 nos
2457 4179 2546 4247 qui
2569 4180 2807 4244 vivimus,
2840 4180 2931 4250 qui
2959 4181 3153 4234 residui
3173 4198 3373 4247 sumus,
3406 4183 3472 4236 si-

1908 4261 2020 4314 mul
2077 4265 2344 4333 rapiemur
2388 4283 2506 4320 cum
2542 4266 2648 4321 illis
2697 4268 2901 4323 obviam
2935 4267 3162 4324 Domino
3215 4271 3272 4324 in
3315 4286 3475 4339 aera,

1910 4361 1957 4406 et
1981 4355 2054 4407 sic
2085 4371 2292 4425 semper
2317 4374 2435 4411 cum
2466 4359 2687 4413 Domino
2709 4361 2902 4415 erimus
2917 4362 2986 4417 “.

229 4429 441 4495 αὐτοῖς
493 4433 959 4502 ἁρπαγησόμεθα
997 4436 1067 4488 ἐν
1102 4439 1383 4508 νεφέλαις
1427 4445 1515 4510 εἰς
1574 4445 1917 4515 ἀπάντησιν
1962 4452 2067 4503 τοῦ
2101 4452 2320 4519 Kvpiov
2351 4455 2438 4518 εις
2467 4453 2633 4522 ἀέρα,
2669 4455 2766 4509 καὶ
2813 4455 2967 4510 οὕτω
3027 4457 3286 4513 πάντοτε
3354 4458 3472 4512 σὺν

232 4527 429 4591 Κιιοίφ
456 4527 730 4596 ἐσόμεθα.

304 4615 518 4669 Τούτων
564 4614 656 4672 οὖν
701 4619 872 4685 οὕτως
918 4624 1340 4693 ἐπηγγελμένων
1387 4632 1499 4692 τοῖς
1546 4632 1798 4701 ἀγαπῶσι
1834 4640 1875 4693 D

1834 4640 1875 4693 D
1973 4634 2108 4690 Cum
2155 4636 2271 4691 hazc
2320 4638 2501 4707 itaque
2557 4654 2684 4693 eum
2728 4639 2782 4693 in
2815 4639 3039 4696 modum
3068 4641 3334 4710 promissa
3361 4643 3467 4698 sint

224 4707 323 4759 τὸν
364 4709 584 4777 Κύριον,
618 4711 702 4773 τίς
737 4713 879 4782 μόνῳ
906 4713 983 4785 τῷ
1024 4715 1171 4785 ῥητῷ
1225 4718 1322 4787 τῆς
1357 4720 1579 4791 Γραφῆς
1625 4742 1794 4794 προσ-

223 4797 446 4866 ηλώσας
473 4798 561 4851 τὸν
588 4799 730 4864 νοῦν,
757 4803 845 4853 τὸν
869 4803 1112 4874 οὐρανὸν,
1143 4805 1237 4857 καὶ
1260 4807 1357 4878 τὴν
1391 4811 1793 4884 ἡτοιμασμένην

225 4888 340 4940 ἀπὸ
376 4890 672 4960 καταϐολῆς
702 4893 905 4962 κόσμου
948 4894 1242 4964 βασιλείαν,
1283 4901 1374 4952 καὶ
1405 4902 1502 4972 τὴν
1544 4904 1634 4956 τοῦ
1681 4907 1792 4958 Κυ-

190 4977 349 5047 ρίου
409 4982 684 5048 μυστικῶς
747 4984 1238 5058 ἀποκεκρυμμένην
1293 4991 1500 5060 χαράν,
1556 4994 1646 5045 καὶ
1697 4995 1792 5064 τὴν

219 5069 447 5138 διηνεκῆ
501 5073 594 5124 καὶ
644 5074 918 5137 παντελῶς
960 5077 1279 5132 ἀδιάστατον
1326 5082 1420 5134 σὺν
1456 5084 1641 5154 Κυρίῳ
1689 5086 1793 5139 τῶν

219 5157 394 5222 ἀξίων
438 5162 603 5230 μονήν
647 5178 707 5214 τε
738 5165 830 5216 καὶ
877 5165 1102 5236 ἵδρυσιν,
1139 5170 1328 5222 ταυτόν
1361 5173 1476 5224 ποτ’
1529 5175 1593 5226 ἂν
1630 5179 1790 5248 τῇγῇ

219 5249 440 5317 φήσειε,
460 5249 600 5318 λόγῳ
629 5253 963 5323 κινούμενος,
993 5258 1086 5309 καὶ
1111 5258 1266 5326 λόγου
1295 5260 1628 5334 θεραπευτής
1655 5263 1790 5319 εἶναι

217 5339 427 5405 mea»;
473 5340 630 5395 ’Δλλά
661 5342 755 5397 νῦν
779 5345 878 5415 γῆν
905 5347 1131 5414 φάσκειν
1159 5346 1333 5418 οἶμαι,
1353 5353 1447 5421 τὴν
1469 5356 1670 5421 παγίαν
1700 5359 1791 5410 καὶ

217 5433 500 5496 παντελῶς
555 5435 886 5505 ἀμετάθετον
927 5439 999 5509 (ί)
1054 5440 1158 5493 ἀπὸ
1193 5443 1284 5495 τοῦ
1335 5445 1494 5496 καλοῦ
1545 5448 1641 5515 τῆς
1684 5450 1792 5502 τῶν

301 5551 345 5624 ‘_’
363 5550 574 5624 _Ephes.
606 5569 664 5616 ll,
697 5554 786 5609 21.
861 5557 906 5588 ’θ
937 5556 1037 5612 Isa.
1072 5574 1210 5622 var,
1243 5562 1296 5615 2.
1375 5564 1416 5594 ’ί
1447 5564 1634 5620 Matth.
1668 5584 1718 5622 ν.
1756 5571 1788 5624 4
1827 5610 1840 5624 .

215 5621 266 5653 ³³
302 5617 325 5673 I
352 5617 478 5675 Cdr.
511 5638 598 5688 xv,
628 5624 730 5690 52;
761 5624 779 5679 l
805 5624 998 5682 Thess.
1027 5645 1099 5694 iV,
1132 5617 1218 5695 15,
1250 5632 1332 5687 16.

1900 4725 1986 4780 his
2012 4726 2105 4796 qui
2128 4727 2362 4797 diligunt
2381 4729 2693 4795 Dominum,
2727 4730 2868 4798 quis,
2895 4731 2990 4784 uni
3013 4730 3307 4802 Scriptura:
3323 4734 3468 4790 dicto

1899 4817 2120 4887 aﬂigens
2139 4820 2400 4882 animum,
2438 4820 2659 4884 cmlum,
2685 4828 3048 4890 paratumque
3073 4838 3102 4876 a
3124 4823 3311 4878 mundi
3335 4840 3466 4880 con-

1893 4908 2176 4961 stitutione
2207 4924 2457 4978 regnum,
2491 4925 2556 4964 ac
2585 4912 2799 4966 Domini
2831 4911 3055 4982 mystice
3083 4913 3464 4983 absconditum

1893 4998 2150 5065 gaudium
2172 5039 2187 5062 ,
2239 4999 2367 5068 juge
2391 5000 2626 5069 denique
2662 5017 3000 5071 prorsusque
3023 5002 3314 5057 indivisum
3343 5022 3462 5059 cum

1896 5089 2124 5142 Domino
2171 5105 2363 5145 eorum
2401 5091 2494 5160 qui
2525 5091 2675 5161 digni
2709 5102 2873 5147 erunt
2920 5093 3344 5148 contubernium
3373 5112 3462 5151 sc-

1893 5180 2119 5249 desque.
2170 5182 2314 5236 idem
2347 5199 2584 5250 unquam
2617 5185 2907 5239 dicatesse
2937 5201 3001 5239 ac
3026 5193 3195 5249 terra,
3225 5187 3268 5241 si
3298 5189 3460 5243 modo

1893 5271 2104 5324 ratione
2137 5272 2385 5338 ducatur,
2415 5289 2478 5328 ac
2506 5273 2669 5328 Verbi
2704 5275 2882 5329 cultor
2900 5291 3021 5330 esse
3047 5275 3295 5331 ambiat?
3353 5279 3458 5333 Ve-

1893 5378 2012 5414 rum
2045 5363 2148 5419 hoc
2178 5365 2295 5418 loco
2331 5374 2531 5420 ternm
2563 5381 2759 5420 vocare
2786 5365 3043 5430 arbitror,
3078 5367 3292 5423 ﬁrmum
3316 5370 3458 5423 etab

1893 5454 2108 5509 honesti
2148 5472 2372 5525 prorsus
2408 5457 2622 5512 ratione
2669 5457 3116 5512 indemutabilem
3143 5469 3455 5515 mansueto-

1918 5574 1961 5603 "
1992 5572 2178 5626 Matth.
2211 5591 2337 5638 xx",
2369 5575 2457 5630 50.
2534 5576 2579 5607 ³³
2605 5575 2795 5630 Matth.
2834 5591 2953 5641 xxv,
2986 5575 3074 5630 54.
3149 5575 3194 5607 ⁸⁵
3223 5575 3356 5631 ibid.
3386 5576 3450 5632 2i

290 5736 505 5838 (1‘)"?in
787 5745 882 5824 καὶ
907 5746 1302 5838 ,ἀμετάθετονκ
1336 5753 1469 5810 Male
1495 5759 1609 5813 Cat.
1649 5762 1936 5829 παναγίαν,

1785 5762 1936 5829 ηγίαν,
1981 5771 2242 5832 sanctum,
2301 5781 2419 5835 pro,
2461 5765 2698 5834 ﬁrmum,
2763 5775 2821 5821 ut
2870 5777 2925 5823 et
2986 5767 3297 5838 εὐτερτρίαν,
3358 5783 3451 5838 pro

212 5807 505 5877 ἀτρεψίαν,
542 5807 663 5880 quin
679 5815 861 5869 omnia
890 5807 1452 5893 decoquitintcrprcs.
