4218 6432
745 379 852 448 8'91
1902 379 1963 440 S.
2007 379 2293 440 MAXIMI
2330 376 2834 438 CONFESSORIS
3898 371 4009 433 802

747 503 964 552 natura:
1003 504 1160 550 notas
1200 492 1538 560 affectusque
1575 505 1639 545 ac
1672 490 1956 560 passiones
1982 491 2320 562 signiﬁcans,
2353 498 2396 550 Α

2353 498 2396 550 Α
2425 489 2820 558 πεποιωμένος,
2849 487 2943 539 καὶ⁵
2977 483 3201 554 γνώμης
3232 483 3498 556 μοναδικὴ
3554 485 3794 555 κίνησις,
3835 484 4007 553 μόνην

749 602 872 656 qua:
893 583 1265 654 corruptionis
1281 581 1588 636 interitioni
1611 590 1774 650 atque
1793 581 1940 636 ortui
1956 581 2332 652 generationis

1455 581 1588 636 tioni
1611 590 1774 650 atque
1793 581 2332 652 ortuigenerationis
2437 578 2735 649 αἱρουμένη
2761 577 2859 647 τὴν
2894 577 3114 647 ἀρετήν.

751 676 989 732 obnoxia
1013 675 1159 744 est);
1194 673 1293 728 sed
1320 672 1668 728 solummodo
1692 673 1977 728 deiformis
1999 673 2160 737 ratio,
2220 673 2421 728 divinae
2449 671 2698 728 scientiae
2757 670 3022 740 qualitate
3081 666 3323 734 imbuta,
3376 667 3785 740 singularisque
3834 666 4016 722 animi

752 765 1076 828 voluntatis,
1117 764 1337 819 unicam
1372 765 1626 837 eligentis
1652 765 1951 830 virtutem,
2006 765 2230 835 agitatio
2260 780 2326 820 ac
2362 773 2567 818 motus.

823 859 983 930 355
1017 858 1196 927 Neque
1215 860 1425 918 Graecus
1458 878 1520 914 ac
1554 859 1794 926 Judwus,
1845 861 2050 929 quibus
2091 861 2327 916 diversae

2499 858 2648 912 Οὔτε
2688 859 2928 925 Ἕλλην
2977 858 3075 911 καὶ
3142 856 3452 924 Ἰουδαῖος,
3498 857 3566 910 δι’
3606 849 3681 911 ῶν
3726 855 3827 925 τῆς
3883 856 4015 924 περὶ

754 953 1030 1022 opinionis
1055 953 1122 1007 de
1148 954 1257 1008 Deo
1286 951 1428 1006 ratio
1459 951 1836 1020 signiﬁcatur,
1865 954 1981 1007 sive
2012 954 2094 1018 (ut
2137 953 2328 1007 verius

2426 948 2562 1003 Θεοῦ
2591 949 2747 1019 δόξης
2778 951 2806 1002 ό
2829 949 3083 1020 διάφορος
3118 950 3443 1019 σημαίνεται
3468 948 3626 1016 λόγος
3648 964 3662 978 ’
3720 946 3778 1017 ἢ,
3822 947 3890 999 τό
3950 963 4014 1014 γε

758 1046 970 1115 loquar)
986 1045 1282 1100 contraria.
1307 1044 1443 1099 Nam
1475 1043 1566 1098 ille
1585 1044 1830 1115 quidem,
1850 1044 2147 1098 multorum
2179 1045 2331 1114 prin-

2432 1040 2629 1111 μᾶλλον
2683 1041 3041 1114 ἀληθέστερον
3080 1042 3276 1107 εἰπεῖν,
3343 1041 3737 1112 ἀντικείμενος.
3790 1040 3854 1093 '0
3917 1039 4015 1108 μὲν

758 1134 1000 1204 cipatum
1032 1134 1357 1203 insipienter
1379 1132 1562 1197 docet,
1593 1149 1658 1188 ac
1686 1150 1829 1188 unus
1876 1149 2000 1187 cum
2044 1133 2133 1198 sit,
2195 1149 2330 1188 con-

2431 1133 2626 1202 (Μαῖα.
2708 1133 3017 1202 Ἐλληνικὸς
3072 1134 3248 1203 λόγος)
3305 1133 3558 1202 ἀφρόνως
3609 1130 4013 1199 εἰσηγούμενος

763 1226 946 1280 trariis
977 1239 1103 1279 eum
1126 1224 1542 1294 operationibus
1578 1235 1742 1294 atque
1793 1225 2007 1280 viribus
2060 1225 2257 1279 dividit
2285 1227 2328 1289 ’;

2431 1223 2790 1295 πολυαρχίαν,
2822 1225 2914 1277 καὶ
2942 1224 3041 1292 τὴν
3073 1225 3202 1294 μίαν
3224 1223 3400 1295 ἀρχὴν
3429 1223 3836 1292 ἀντικειμέναις
3857 1223 4015 1291 ἐνερ-

763 1318 1114 1387 pluriumque
1142 1319 1430 1371 numinum
1461 1317 1869 1370 venerationem
1903 1315 2186 1385 contingit,
2218 1325 2332 1368 tum

2431 1317 2607 1386 γείαις
2633 1334 2692 1369 τε
2745 1317 2840 1370 καὶ
2884 1316 3146 1383 δυνάμεσι
3182 1316 3566 1387 καταμερίζων
3591 1332 3606 1347 ·
3637 1315 3732 1368 καὶ
3785 1313 4019 1366 πλαττό-

763 1409 1036 1478 ipsorum,
1072 1395 1380 1478 quibusilla
1410 1409 1725 1472 adhibetur,
1779 1407 2129 1462 multitudine
2167 1407 2332 1461 dissi-

2437 1425 2596 1479 μενος
2633 1408 2795 1470 σέϐας
2821 1407 3099 1467 πολύθεον.
3134 1407 3214 1478 τῷ
3241 1425 3302 1461 τε
3354 1406 3546 1476 πλήθει
3603 1405 3713 1458 τῶν
3768 1421 4017 1475 προσκυ-

761 1499 1005 1565 dentem,
1058 1491 1171 1554 tum
1206 1499 1426 1554 diverso
1463 1499 1801 1554 adorationis
1852 1499 1962 1552 ritu
2017 1498 2326 1552 ridiculam.

2437 1517 2525 1552 νου
2533 1499 2709 1569 μένων
2730 1499 3170 1568 στασιαζόμενον,
3194 1499 3384 1568 καὶτῷ
3399 1499 3640 1569 διαφόρῳ
3663 1498 3764 1565 τῆς
3779 1513 4019 1566 προσκυ-

765 1589 866 1645 llic
893 1605 1046 1656 vero,
1094 1606 1266 1644 unum
1309 1589 1533 1658 quidem
1588 1591 1978 1659 principatum,
2031 1589 2126 1643 sed
2158 1605 2334 1658 angu-
2367 1577 2408 1630 Β

2367 1577 2408 1630 Β
2439 1593 2647 1662 νήσεως
2681 1591 2866 1661 τρόπῳ
2887 1590 3212 1660 γελώμενον.
3250 1591 3308 1643 Ὀ
3339 1589 3416 1655 δὲ,
3449 1587 3644 1660 (Mary.
3665 1589 3693 1641 ὁ
3724 1587 4019 1648 Ἱουδαῐκδς

763 1686 908 1732 stum
935 1693 998 1734 ac
1031 1677 1434 1747 imperfectum,
1469 1695 1573 1734 nec
1595 1679 1708 1734 fere
1743 1679 2157 1741 consistentem,
2214 1688 2334 1732 tan-

2440 1682 2618 1751 λόγος)
2677 1682 2807 1753 μίαν
2845 1682 2966 1752 μὲν,
3001 1682 3194 1751 στενὴν
3241 1680 3298 1733 δὲ
3352 1679 3448 1733 καὶ
3477 1679 3664 1747 ἀτελῆ,
3699 1678 3796 1730 καὶ
3832 1676 4019 1746 σχεδὸν

764 1784 927 1838 qnam
969 1770 1179 1824 ratione
1227 1770 1447 1840 vitaque
1490 1771 1857 1835 destitutum;
1919 1771 1974 1824 in
2018 1770 2227 1839 aequale
2273 1784 2337 1823 ac

2442 1774 2833 1836 ἀνυπόστατον,
2881 1773 2956 1837 ὡς
3013 1773 3172 1840 λόγου
3230 1771 3324 1825 καὶ
3372 1768 3517 1839 ζωῆς
3567 1768 3810 1838 ἔρημον,
3885 1767 4020 1837 πρὸς

765 1860 918 1929 prior
949 1861 1432 1925 manum-sublatae
1459 1860 1680 1915 deitatis
1719 1877 1816 1930 per
1860 1862 2135 1914 contraria
2184 1860 2335 1921 dela-

2439 1860 2556 1918 ῐσον
2590 1865 2757 1918 κακὸν
2778 1864 2856 1934 τῷ
2892 1864 3140 1934 προτέρῳ
3179 1863 3320 1930 λόγῳ
3351 1861 3438 1914 διὰ
3467 1861 3575 1913 τῶν
3623 1861 3888 1913 ἐναντίων
3936 1862 4021 1912 ὲκ-

767 1968 900 2021 psus
925 1968 941 2017 ;
967 1968 1074 2006 una
1100 1952 1312 2007 scilicet
1335 1966 1570 2021 persona
1596 1967 1762 2005 unum
1790 1952 1940 2004 illum
1964 1951 2335 2028 principatum

765 2057 1000 2112 eumque
1023 2041 1229 2112 absque
1255 2043 1468 2096 ratione
1503 2058 1602 2097 seu
1639 2041 1815 2097 Verbo
1846 2058 1910 2098 ac
1966 2042 2175 2113 Spiritu
2207 2057 2339 2096 con-

769 2135 1079 2200 sistentem,
1102 2142 1198 2189 aut
1217 2143 1367 2190 certe
1391 2135 1601 2189 ratione
1623 2143 1678 2190 et
1702 2135 1898 2204 spiritu
1929 2147 2185 2204 tanquam
2208 2148 2341 2203 qua-

767 2223 920 2278 litate
950 2223 1245 2286 imhutum,
1277 2224 1582 2291 deﬁniens;
1623 2240 1734 2280 non
1798 2226 2131 2296 intelligens,
2183 2225 2340 2294 quis-

769 2329 896 2368 nam
927 2314 1072 2370 Deus
1096 2314 1314 2370 futurus
1335 2315 1429 2380 sit,
1457 2316 1550 2385 qui
1585 2314 1782 2370 horum
1830 2316 2056 2370 exsistat
2102 2329 2338 2384 expers;

772 2413 870 2459 aut
891 2405 1167 2474 quomodo
1199 2405 1364 2469 Deus,
1385 2406 1479 2474 qui
1505 2406 1648 2460 haud
1678 2422 1838 2462 secus
1861 2422 1925 2461 ac
1952 2407 2119 2461 animi
2144 2406 2339 2470 creati,

772 2495 924 2551 hisce
949 2505 1206 2566 tanquam
1234 2495 1609 2553 accidentibus
1636 2497 2058 2568 impartiatur“.
2111 2498 2339 2560 Horum,

775 2585 855 2638 uti
894 2584 1168 2649 dicebam,
1206 2594 1400 2641 neuter
1428 2601 1655 2656 prorsus
1714 2589 1770 2642 in
1817 2588 2036 2644 Christo
2080 2599 2182 2654 est,
2246 2591 2341 2645 sed

772 2691 918 2731 vera:
938 2677 1202 2730 duntaxat
1240 2677 1463 2746 pietatis
1513 2693 1716 2740 sermo,
1785 2678 2047 2748 ﬁrmaque
2100 2681 2344 2752 mystica:

775 2766 1064 2836 theologiae
1085 2767 1194 2832 lex,
1215 2776 1330 2823 tum
1363 2767 1586 2837 prioris,
1614 2768 1839 2824 deitatis
1871 2769 2198 2824 divisionem
2245 2771 2346 2824 cli-

775 2859 1020 2925 minans;
1043 2867 1155 2912 tum
1181 2858 1526 2928 posterioris,
1555 2859 1990 2914 contractionem
2018 2861 2343 2930 repudians;

2444 1955 2678 2016 πίπτων,
2721 1955 2819 2025 τὴν
2868 1955 3056 2008 ἀθεῖαν
3076 1971 3090 1986 ο
3126 1954 3206 2007 ἑνὶ
3232 1954 3588 2024 περιγράφων
3621 1951 3905 2023 προσώπῳ
3928 1951 4024 2021 τὴν

2447 2046 2575 2116 μίαν
2624 2046 2818 2116 ἀρχὴν,
2852 2046 2944 2098 καὶ
2975 2044 3180 2114 ταύτην
3218 2044 3340 2113 δίχα
3370 2043 3546 2111 Λόγου
3573 2044 3666 2096 καὶ
3701 2043 4023 2112 Πνεύματος

2445 2137 2814 2207 ὑφισταμένην
2839 2152 2851 2165 ·
2903 2136 2936 2206 ἢ
2961 2137 3118 2204 Λόγῳ
3148 2137 3242 2189 καὶ
3273 2135 3549 2206 Πνεύματι
3583 2135 3980 2204 πεποιωμὲνην
4008 2154 4022 2164 ⁸

2449 2230 2524 2299 μὴ
2564 2228 2824 2298 συνορῶν,
2880 2230 2963 2282 ὅτι
3005 2229 3088 2291 τίς
3165 2227 3318 2292 Θεὸς,
3371 2227 3578 2280 τούτων
3611 2226 4024 2297 ημοιρημένοςο

2445 2319 2478 2390 ἢ
2512 2319 2631 2380 πῶς
2662 2318 2796 2381 Θεὸς
2848 2317 3064 2388 μεθέξει
3103 2316 3497 2387 παραπλησίως
3534 2319 3647 2380 τοῖς
3679 2315 3785 2368 ὑπὸ
3810 2316 4028 2383 γένεσιν

2446 2411 2703 2479 λογικοῖς,
2755 2408 2831 2470 ὡς
2879 2408 3306 2480 συμϐεϐηκότων
3337 2409 3540 2463 τούτων
3572 2408 3982 2478 μεμοιραμένος
4012 2425 4025 2437 ·

2445 2497 2520 2556 ὧν
2564 2505 2622 2556 tv
2672 2500 2892 2572 Χριστῷ
2930 2500 2990 2554 τὸ
3024 2501 3302 2572 παράπαν,
3361 2499 3438 2564 ὡς
3485 2497 3624 2570 ἔφην
3654 2499 3754 2571 (ι),
3806 2498 4024 2561 οὐδείς·

2448 2588 2585 2643 ἀλλά
2633 2589 2792 2658 μόνος
2850 2587 3082 2658 ἀληθοῦς
3131 2588 3412 2653 εὐσεϐείας
3447 2589 3628 2657 λόγος,
3689 2589 3788 2641 καὶ
3830 2587 4029 2655 πάγιος

2453 2663 2719 2747 μυστικῆς
2765 2678 3041 2746 θεολογίας
3099 2679 3321 2749 θεσμὸς,
3371 2680 3469 2751 τήν
3509 2697 3569 2733 τε
3606 2678 3700 2734 τοῦ
3757 2679 4028 2750 προτέρου

2447 2765 2608 2834 λόγου
2637 2767 2918 2834 διαστολὴν
2947 2768 3044 2836 τῆς
3086 2767 3343 2838 θεότητος
3389 2769 3863 2840 ἀποπεμπόμενος
3937 2771 4031 2823 καὶ

2450 2859 2549 2930 τὴν
2574 2857 2666 2910 τοῦ
2691 2857 2944 2930 δευτέρου
2992 2857 3066 2928 μὴ
3116 2860 3552 2930 παραδεχόμενος
3610 2861 3877 2932 συστολὴν
3902 2879 3918 2892 ·
3947 2863 4032 2914 ἵνα

773 2965 844 3004 ne
874 2951 1082 3004 scilicet
1112 2950 1349 3006 naturali
1375 2951 1736 3005 multitudine
1763 2967 1793 3005 a
1818 2967 1876 3006 se
1901 2929 2182 3008 dissidens
2237 2970 2344 3007 nu-
2375 2929 2413 2982 (ἶ

2375 2929 2413 2982 (ἶ
2452 2951 2527 3020 μὴ
2582 2949 2660 3020 τῷ
2714 2929 2928 3019 φυσικῷ
2975 2950 3169 3020 πλήθει
3215 2929 3598 3006 στασιαστικόν
3627 2970 3640 2983 ·
3715 2929 4031 3023 ἘΗηνικὸν

777 3056 902 3096 men
926 3047 1132 3095 statuat
1157 3041 1284 3110 (hoc
1311 3057 1545 3112 namque
1601 3041 1916 3098 Graecorum
1974 3044 2226 3114 erroris),
2254 3052 2350 3099 aut

777 3132 944 3189 unius
969 3133 1350 3203 singularitate
1375 3148 1622 3203 persona:
1649 3133 1908 3202 passibile
1949 3133 2026 3204 (id
2059 3135 2208 3188 enim
2254 3134 2352 3189 Ju-

780 3227 950 3283 daicae
979 3227 1428 3297 superstitionis),
1447 3235 1507 3281 ut
1542 3226 1688 3296 quod
1721 3225 1930 3280 ratione
1960 3241 2056 3280 seu
2083 3226 2262 3281 Verbo
2286 3242 2351 3282 ac

781 3317 992 3386 Spiritu
1016 3327 1220 3380 careat,
1257 3326 1352 3371 aut
1384 3317 1472 3371 his
1502 3317 1773 3372 imbutum
1799 3317 1871 3371 sit
1917 3324 2173 3387 tanquam
2217 3335 2354 3388 qua-

777 3409 957 3474 litate,
980 3423 1089 3463 non
1123 3419 1305 3463 autem
1337 3407 1512 3476 ipsum
1547 3423 1723 3472 mens,
1754 3407 2004 3477 ratioque
2054 3423 2152 3462 seu
2215 3409 2350 3464 Ver-

783 3499 914 3555 bum
950 3509 1008 3555 et
1041 3499 1280 3569 Spiritus
1303 3500 1564 3565 exsistat;
1599 3514 1810 3568 nosque
1832 3499 2068 3563 docens,
2095 3501 2189 3570 qui
2224 3516 2349 3571 gra-

785 3592 872 3648 tiae
922 3593 1206 3647 vocatione
1264 3579 1363 3660 per
1396 3591 1558 3644 tidem
1612 3591 1670 3645 in
1734 3591 2070 3661 agnitionem
2103 3593 2352 3648 veritatis

781 3684 1023 3754 adoptati
1049 3698 1262 3746 sumus,
1302 3691 1361 3737 ut
1385 3698 1545 3737 unam
1577 3675 1895 3737 noverimus
1945 3682 2164 3738 deitatis
2188 3695 2350 3739 natu-

783 3792 900 3831 ram
921 3791 983 3830 ac
1002 3775 1304 3846 potentiam
1329 3791 1344 3840 ;
1381 3791 1549 3830 unum
1576 3775 1789 3830 scilicet
1813 3776 2004 3840 Deum,
2032 3776 2127 3845 qui
2163 3775 2221 3831 in
2247 3777 2349 3831 Pa-

784 3876 868 3923 tre
925 3875 981 3922 et
1017 3867 1156 3921 Filio
1210 3875 1268 3922 et
1305 3865 1513 3936 Spiritu
1552 3875 1742 3921 sancto
1790 3865 2128 3936 intelligatur
2165 3886 2179 3921 :
2234 3876 2354 3923 tan-

784 3974 949 4030 quam
978 3959 1191 4013 scilicet
1219 3957 1389 4012 solam
1419 3972 1595 4012 causa:
1619 3957 1799 4012 omnis
1834 3973 1932 4012 seu
1962 3957 2220 4029 principii
2252 3975 2352 4014 au-

786 4050 1061 4120 ctorisque
1085 4058 1368 4119 expertem
1398 4048 1768 4104 essentialiter
1814 4065 1944 4104 vere
1993 4050 2352 4107 exsistentem

792 4151 1048 4206 mentem,
1088 4142 1253 4196 unius
1286 4140 1589 4196 secundum
1618 4141 1913 4196 essentiam
1938 4157 2066 4196 vere
2086 4143 2355 4197 exsisten-

2448 3041 2554 3111 γάρ
2582 3042 2614 3113 ἢ
2640 3040 2716 3112 τῷ
2743 3041 2863 3095 καθ’
2901 3041 3197 3096 ὑπόστασιν
3225 3043 3388 3115 ἐνικῷ
3421 3045 3682 3112 παθητόν’
3727 3046 4035 3100 Ἰουδαῑκδν

2447 3133 2576 3203 γάρ,
2604 3133 2680 3197 ὡς
2716 3133 2890 3201 Λόγου
2915 3137 3010 3187 καὶ
3039 3134 3357 3205 Πνεύματος
3385 3137 3770 3209 ἐστερημένον,
3818 3138 3856 3209 ἢ
3875 3138 4035 3208 Λόγῳ

2450 3224 2541 3276 καὶ
2567 3223 2841 3294 Πνεύματι
2893 3225 3300 3294 πεποιωμένον·
3351 3225 3467 3278 ἀλλ’
3523 3227 3625 3280 οὑκ
3653 3225 3716 3280 δν
3761 3225 3893 3290 νοῦς
3941 3228 4036 3280 καὶ

2450 3315 2621 3382 Λόγος
2645 3314 2738 3366 καὶ
2766 3312 2991 3384 Πνεῦμα
3024 3314 3085 3366 τὸ
3133 3315 3275 3368 θεῖον
3323 3316 3717 3386 πρεσϐεύεταιο
3761 3318 3864 3372 καὶ
3894 3317 4038 3372 διδά-

2453 3421 2597 3457 σκων
2629 3406 2798 3474 ἡμᾶς,
2826 3405 2954 3468 τοὺς
2997 3405 3188 3476 κλήσει
3211 3405 3434 3478 χάριτος
3460 3407 3602 3462 κατὰ
3635 3407 3820 3462 πίστιν
3852 3411 4037 3462 εἰσπε-

2452 3496 2782 3565 ποιημένους
2832 3497 2912 3558 εἰς
2983 3497 3279 3565 ἐπίγνωσιν
3333 3497 3615 3569 ἀληθείας,
3661 3499 3795 3570 μίαν
3837 3501 4037 3554 ειδέναι

2453 3589 2706 3661 Θεότητος
2760 3590 2921 3661 φύσιν
2963 3592 3058 3645 καὶ
3094 3591 3359 3664 δύναμινο
3415 3594 3607 3664 ἦγουν.
3654 3594 3754 3649 tva
3797 3596 3938 3649 Θεὸν
3981 3598 4039 3649 tv

2452 3683 2625 3755 Ηατρὶ
2671 3683 2761 3736 καὶ
2818 3683 2932 3752 Υίῷ
2961 3685 3053 3737 καὶ
3090 3685 3230 3756 ἁγίῳ
3279 3684 3558 3756 Πνεύματι
3619 3688 4038 3758 θεωρούμενον·

2450 3769 2537 3828 οἷα
2562 3775 2627 3846 δὴ
2649 3774 2810 3844 μόνον
2842 3775 3082 3829 ἀναίτιον
3127 3776 3252 3830 νοῦν
3290 3777 3565 3842 οὑσιωδῶς
3593 3778 3910 3847 ὑφεστῶτα,
3945 3781 4038 3852 μό-

2451 3884 2541 3919 νου
2567 3866 2688 3919 κατ’
2712 3866 2898 3919 οὑσίαν
2917 3867 3224 3936 ὑφεστῶτος
3239 3868 3478 3940 ἀνάρχου
3500 3869 3674 3938 Λόγου
3706 3873 4038 3943 γεννήτορά,

2451 3959 2548 4012 καὶ⁹
2604 3958 2772 4028 μόνης
2835 3958 3004 4011 ἀϊδίου
3066 3956 3214 4029 ζωῆς
3245 3959 3522 4024 οὑσιωδῶς
3575 3961 3927 4029 ὑφεστώσης,
3967 3961 4043 4027 ὥς

2455 4049 2772 4120 Πνεύματος
2792 4050 2972 4118 ἁγίου,
3005 4052 3220 4121 πηγήνο
3263 4052 3321 4105 tv
3356 4053 3546 4121 μονάδι
3575 4054 3619 4106 Τ
3624 4054 3804 4126 ριάδα,
3860 4056 3961 4108 καὶ
3986 4057 4042 4108 tv

2451 4138 2642 4211 Τριάδι
2660 4138 2860 4210 μονάδα
2879 4155 2893 4168 ο
2918 4140 3017 4192 οὑκ
3037 4138 3203 4209 ἀλλην
3225 4141 3281 4193 tv
3305 4139 3440 4211 ἄλλῃ
3459 4155 3473 4169 ·
3494 4141 3556 4194 οὑ
3585 4143 3694 4212 γὰρ
3706 4140 3787 4205 ὡς
3813 4142 3876 4194 tv
3889 4142 4043 4212 ούσία

785 4234 854 4285 tis
891 4231 1162 4302 principio
1191 4231 1429 4286 carentis
1452 4233 1753 4301 aeternique
1781 4233 1942 4287 Verbi
1973 4243 2255 4303 parentem
2284 4251 2349 4291 ac
2383 4255 2426 4309 ι)

2383 4255 2426 4309 ο
2452 4233 2518 4301 τῇ
2554 4231 2738 4301 μονάδι
2771 4229 3113 4300 συμϐεϐηκός
3143 4232 3290 4285 ἐστιν
3323 4233 3355 4302 ή
3381 4230 3548 4303 Τριάς
3579 4248 3594 4263 ·
3621 4233 3655 4302 ἢ
3687 4233 3749 4286 τὸ
3781 4233 4036 4302 ἔμπαλιν,

787 4323 1143 4394 genitricem;
1165 4323 1438 4391 uniusque
1468 4324 1815 4392 sempiternae
1839 4324 1964 4378 vitae
1989 4325 2358 4381 essentialiter

790 4429 918 4468 vere
948 4414 1261 4467 exsistentis
1285 4413 1501 4482 (nempe
1527 4413 1763 4482 Spiritus
1795 4414 1992 4482 sancti)
2027 4414 2267 4470 fontem:
2300 4414 2356 4470 in

792 4503 1000 4556 unitate
1028 4499 1372 4565 Trinitatem,
1399 4511 1454 4556 et
1491 4503 1545 4556 in
1579 4502 1844 4556 Trinitate
1890 4502 2156 4556 unitatem
2191 4521 2204 4556 :
2245 4520 2353 4558 non

791 4596 952 4649 aliam
981 4593 1034 4647 in
1062 4595 1167 4648 alia
1198 4610 1210 4646 :
1242 4608 1349 4646 non
1379 4594 1524 4647 enim
1552 4593 1793 4647 Trinitas
1821 4593 1902 4647 sic
1929 4602 2013 4647 est
2065 4592 2120 4646 in
2149 4593 2358 4648 unitate

791 4688 946 4757 quasi
973 4687 1230 4741 accidens
1259 4685 1314 4739 in
1345 4685 1672 4749 substantia,
1692 4693 1785 4738 aut
1812 4683 2050 4738 vicissim
2089 4685 2270 4738 unitas
2307 4685 2359 4739 in

793 4778 1062 4831 Trinitate
1085 4793 1098 4837 ;
1120 4785 1182 4830 ut
1207 4793 1328 4846 qure
1360 4777 1629 4831 sitomnis
1655 4775 1936 4844 qualitatis
1992 4791 2210 4844 expers.
2251 4775 2359 4829 Nec

791 4885 897 4938 que
931 4881 991 4922 ut
1017 4869 1178 4922 aliam
1209 4876 1264 4920 et
1303 4867 1500 4920 aliam:
1531 4881 1641 4920 non
1680 4865 1827 4920 enim
1872 4866 2055 4920 unitas
2107 4882 2136 4919 a
2177 4866 2362 4920 Trini-

797 4966 905 5012 tate
938 4957 1101 5027 356
1129 4957 1316 5012 ditl'ert
1345 4955 1663 5011 diversitate
1689 4965 1921 5019 naturre,
1989 4972 2094 5010 una
2121 4973 2185 5011 ac
2230 4957 2360 5012 sim-

796 5051 916 5118 plex
945 5057 1138 5102 natura
1176 5050 1467 5105 exsistens.
1497 5049 1682 5118 Neque
1709 5056 1767 5103 ut
1796 5048 1956 5104 aliam
1971 5064 2081 5118 prce
2105 5049 2230 5114 alia;
2251 5066 2360 5105 non

796 5139 943 5191 enim
994 5139 1232 5192 Trinitas
1276 5138 1343 5192 ab
1400 5138 1608 5191 unitate
1647 5137 1803 5206 quasi
1851 5137 2063 5192 minore
2122 5139 2363 5207 potentia

795 5229 1023 5298 ejusque
1046 5229 1216 5299 gradu
1249 5229 1597 5284 submissiori
1626 5229 1866 5283 discreta
1887 5235 1972 5283 est
2003 5267 2018 5292 ,
2057 5237 2149 5283 aut
2182 5229 2364 5286 unitas

797 5346 827 5385 a
855 5325 1144 5385 Trinitate.
1169 5332 1239 5385 At
1265 5347 1439 5401 neque
1465 5341 1526 5386 ut
1551 5345 1842 5384 commune
1864 5329 1998 5398 quid
2026 5345 2090 5384 ac
2137 5330 2363 5385 univer-

799 5422 931 5484 sale,
962 5421 1108 5491 quod
1133 5423 1320 5477 subtili
1353 5424 1528 5477 solum
1551 5425 1792 5493 cogitatu
1815 5437 1845 5478 a
1895 5421 2364 5492 singularibusLilli

801 5511 1059 5582 subjectis
1086 5512 1407 5568 distinctum
1434 5514 1791 5584 intelligatur,
1815 5529 1845 5568 a
1869 5512 2139 5567 Trinitate
2167 5513 2366 5568 distin-

800 5609 887 5655 cta
920 5603 1100 5658 unitas
1132 5611 1236 5669 est,
1262 5621 1383 5675 qua:
1411 5605 1483 5659 sit
1511 5621 1638 5659 vere
1662 5605 1776 5673 ipsa
1799 5618 1829 5658 a
1863 5617 1921 5658 se
1945 5603 2214 5658 exsistens
2240 5603 2369 5658 sub-

923 5710 1086 5783 Greg.
1116 5725 1255 5770 orat.
1289 5719 1335 5781 l,
1365 5717 1454 5781 55,
1497 5715 1584 5780 58,
1615 5717 1702 5770 42.

2460 4324 2518 4375 ὲν
2549 4323 2741 4393 Τριάδι
2792 4324 2959 4393 μονάς
2987 4339 3003 4356 ο
3050 4325 3242 4389 ἄποιος
3295 4326 3425 4396 γάρ.
3475 4326 3597 4379 Οὐδ’
3623 4326 3699 4390 ὡς
3750 4329 3926 4394 ἀλλην
3952 4331 4044 4382 καὶ

2460 4414 2626 4481 ἀλλην
2646 4428 2658 4442 ·
2692 4413 2751 4465 οὑ
2785 4414 2893 4483 γὰρ
2908 4413 3186 4483 ἑτερότητι
3214 4413 3430 4484 φύσεως
3447 4415 3544 4485 τῆς
3571 4415 3803 4485 Τριάδος
3827 4419 3862 4489 ἡ
3880 4420 4045 4488 μονάς

2460 4506 2760 4575 διενήνοχεν
2784 4505 2927 4575 άπλῆ
2957 4522 3018 4558 τε
3049 4506 3143 4558 καὶ
3192 4505 3292 4575 μία
3324 4506 3487 4574 φύσις
3526 4508 3896 4578 τυγχάνουσα.
3925 4513 4043 4564 Οὐδ’

2460 4596 2535 4660 ὼς
2563 4595 2728 4666 ἀλλην
2759 4598 2886 4666 παρ’
2917 4595 3106 4665 ἀλλην,
3131 4597 3193 4649 οὑ
3211 4597 3318 4666 γάρ
3335 4596 3524 4664 ὑφέσει
3550 4597 3838 4670 δυνάμεως
3861 4601 4043 4656 διακέ-

2462 4704 2642 4759 κριται
2673 4686 2770 4756 τῆς
2799 4685 3073 4756 μονάδοςὴ
3113 4687 3305 4757 Τριὰςν
3338 4686 3372 4758 ἢ
3399 4687 3497 4759 τῆς
3514 4688 3742 4759 Τριάδος
3767 4693 3802 4760 ἡ
3836 4694 4004 4761 μονάς
4028 4709 4042 4722 ⁹

2462 4778 2494 4848 ἢ
2534 4778 2610 4838 ὡς
2634 4776 2810 4830 κοινόν
2839 4793 2893 4830 τι
2924 4777 3021 4829 καὶ
3069 4775 3287 4844 γενικὸν
3319 4777 3533 4849 ἐπινοίᾳ
3592 4779 3728 4852 μόνῃ
3767 4779 4044 4850 θεωρητδν

2461 4870 2567 4923 τῶν
2627 4869 2718 4921 ὑπ’
2767 4867 2896 4920 αὑτὸ
2939 4867 3203 4937 μερικῶν,
3253 4868 3630 4940 παρήλλακται
3665 4871 3768 4940 τῆς
3817 4872 4045 4942 Τριάδος

2460 4963 2494 5032 ἡ
2527 4962 2710 5031 μονὰς,
2769 4959 2924 5013 οὑσία
3002 4959 3206 5029 κυρίως
3261 4960 3640 5032 ἀνθύπαρκτος
3707 4957 3872 5024 οὖσα,
3954 4966 4044 5016 καὶ

2463 5053 2688 5122 δύναμις
2713 5051 2878 5115 ὅντως
2914 5051 3260 5121 αὑτοσθενής.
3298 5053 3419 5106 Οὐδ’
3448 5053 3523 5116 ὡς
3543 5053 3608 5106 δι’
3631 5053 3804 5124 ἄλλης
3834 5056 4002 5126 ἀλλην
4027 5073 4042 5088 ·

2462 5146 2522 5198 οὑ
2551 5144 2658 5214 γὰρ
2705 5142 3046 5214 μεσιτεύεται
3099 5144 3282 5214 σχέσει
3332 5143 3394 5196 τὸ
3455 5147 3655 5198 ταυτὸν
3715 5147 3900 5216 πάντη
3956 5148 4044 5202 καὶ

2463 5233 2689 5304 ἄσχετον
2717 5233 2817 5303 (5),
2846 5233 2933 5296 ’ὡς
2977 5232 3115 5304 πρὸς
3169 5233 3341 5286 αῐτιον
3382 5235 3643 5288 αἰτιατόν.
3698 5236 3826 5291 Οὐδ’
3858 5239 3934 5301 ὡς
3990 5239 4045 5302 ἐξ

2466 5325 2630 5396 ἄλλης
2658 5324 2851 5395 ἄλλην
2889 5324 2950 5376 οὑ
2980 5324 3089 5396 γὰρ
3143 5323 3283 5378 κατά
3333 5325 3671 5396 παραγωγὴν
3721 5329 3790 5379 ὲκ
3823 5330 4044 5398 μονάδος

2469 5417 2639 5489 Τριάς
2672 5457 2686 5480 ,
2767 5415 3031 5487 ἀγένητος
3081 5415 3404 5486 ὑπάρχουσα
3487 5418 3579 5470 καὶ
3631 5419 4041 5488 αὑτέκφαντος·

2472 5508 2606 5563 ἀλλά
2630 5509 2724 5579 τὴν
2753 5508 2922 5577 αὑτὴν
2957 5507 3031 5570 ὡς
3068 5507 3286 5578 ἀληθῶς
3323 5506 3529 5586 μονᾷδα
3560 5510 3656 5562 καὶ
3686 5507 3923 5582 Τριάδα,
3959 5515 4046 5566 καὶ

2473 5601 2771 5672 λεγομένην
2797 5601 2890 5655 καὶ
2927 5600 3256 5672 νοουμένην
3312 5600 3528 5671 τὸμὲν,
3567 5601 3647 5674 τῷ
3694 5607 3832 5658 κατ’
3865 5606 4045 5658 οὐσίαν

880 5782 919 5803 ⁶’
956 5778 1193 5846 Probant
1242 5778 1355 5842 haec
1406 5778 1461 5842 in
1509 5778 1998 5858 vicoagruentize;
2050 5801 2156 5840 non
2212 5794 2395 5840 auten
2443 5783 2826 5840 demonstrant
2855 5778 3142 5836 Trinitatis
3182 5780 3516 5851 mysterium
3543 5781 3657 5837 sola
3699 5782 3804 5840 ﬁde
3837 5795 4040 5840 notum.
