4218 6432
192 400 302 464 893

1174 401 1583 463 EXPOSITIO
1619 399 2031 460 ORATIUNIS
2068 395 2476 456 ltanNlC/E.

3330 383 3439 449 894

185 510 338 581 λόγῳ
362 526 375 539 ο
406 512 468 564 τὸ
505 512 583 576 δὲ,
607 512 685 583 τῷ
719 513 840 567 καθ’
862 513 1096 584 ὓπαρξιν
1125 513 1342 583 τρόπῳ*
1400 514 1529 584 ὃλην
1564 511 1767 583 μονάδα

1882 509 2072 563 stantia
2101 548 2114 572 ,
2175 522 2239 561 ac
2268 507 2446 559 virtus
2485 521 2582 573 per
2613 520 2671 559 se
2706 518 2835 558 vere
2863 501 3044 572 reipsa
3077 506 3291 569 potens.
3334 497 3441 553 Ne"

189 601 297 668 τὴν
330 601 521 671 αὐτὴν,
557 602 630 673 μὴ
683 604 1090 674 μεμερισμένην
1120 605 1240 666 ταῖς
1270 603 1633 657 ὑποστάσεσιο
1674 603 1769 653 καὶ

188 690 326 761 ὅλην
357 691 562 761 Τριάδα
612 692 709 763 τὴν
742 692 928 761 αὐτὴν,
967 696 1031 764 τῇ
1062 694 1244 763 μονάδι
1304 693 1379 764 μὴ
1426 694 1769 763 συγκεχυμέ-

191 799 329 850 νηνο
362 783 450 836 ἵνα
486 783 561 853 μὴ
590 782 669 853 τῷ
705 783 957 854 μερισμῷ
997 784 1058 837 τὸ
1089 783 1369 847 πολύθεον,
1390 784 1441 854 ,ἢ
1471 786 1537 853 τῇ
1569 783 1771 852 συγχύ-

192 889 286 925 σει
341 874 404 926 τδ
444 874 603 929 ἄοεον
646 875 1063 945 είσκομίζηταιο
1122 874 1265 945 ἅπερ
1296 874 1511 944 φεύγων
1548 877 1578 927 ὁ
1632 874 1774 928 κατὰ

192 965 437 1035 Χριστὸν
504 966 875 1037 λαμπρύνεται
961 965 1137 1032 λόγος.
1189 966 1347 1032 Λέγω
1402 966 1459 1018 δὲ
1534 964 1771 1035 Χριστοῦ

189 1052 380 1119 λόγον,
416 1055 475 1107 τὸ
499 1056 680 1107 καινὸν
708 1056 965 1126 κήρυγμτ
993 1055 1091 1125 τῆς
1119 1054 1404 1126 ἀληθείας·
1465 1058 1521 1107 ὲν
1567 1048 1611 1122 ᾧ
1660 1056 1771 1108 οὐκ

190 1144 374 1197 ἔστιν
412 1144 592 1212 ᾶρῤεν
619 1146 715 1198 καὶ
748 1144 933 1213 θῆλυ·
972 1147 1113 1215 φημὶ
1136 1145 1191 1197 δὲ
1224 1146 1293 1199 τὰ
1325 1147 1545 1215 σημεῖα,
1589 1144 1680 1197 καὶ
1708 1145 1775 1197 τὰ

193 1233 352 1304 παθη
370 1235 465 1302 τῆς
495 1235 597 1287 ὑπὸ
618 1235 823 1306 φθορὰν
854 1237 947 1290 καὶ
964 1235 1175 1304 γένεσιν
1192 1236 1412 1304 φύσεως
1440 1251 1453 1265 ·
1489 1237 1597 1304 οὐχ
1627 1235 1771 1288 Ἐλ-

193 1328 325 1391 λην
347 1327 445 1377 καὶ
492 1326 797 1389 Ἰουδαῖος,
828 1327 877 1377 οἱ
936 1328 1060 1397 περὶ
1107 1327 1356 1394 οεὸτητος
1404 1326 1773 1394 ἀντικείμενοι

195 1415 395 1483 λόγοιο
452 1419 523 1470 οὐ
557 1418 835 1488 περιτομὴ
874 1417 971 1471 καὶ
1022 1417 1408 1486 ἀκροϐυστία,
1465 1417 1521 1469 αί
1566 1415 1776 1483 τούτοις

195 1504 408 1575 δηλαδὴ
438 1506 760 1576 κατάλληλοι
780 1508 1025 1577 λατρεῖαι
1046 1523 1059 1536 ·
1100 1509 1133 1578 ή
1167 1508 1286 1575 μὲν,
1315 1506 1400 1559 διὰ
1430 1507 1500 1559 τὰ
1536 1506 1777 1575 σύμϐολα

198 1591 300 1643 τοῦ
356 1594 539 1663 νόμου,
588 1597 684 1665 τὴν
742 1597 1072 1667 φαινομένην
1108 1597 1282 1649 κτίσιν
1326 1597 1646 1660 κακίζουσα,
1683 1598 1777 1649 καὶ

199 1682 300 1735 τὸν
340 1683 563 1754 κτίστην
593 1686 666 1749 ὡς
714 1686 898 1739 κακῶν
944 1687 1171 1757 ποιητὴν
1208 1687 1563 1741 διαϐάλλουσα
1592 1705 1604 1717 ·
1635 1689 1667 1756 ὴ
1698 1686 1774 1749 δὲ,

200 1774 298 1827 διὰ
334 1776 403 1829 τὰ
461 1777 606 1847 πάθη
664 1778 867 1848 ταύτην
927 1779 1268 1843 θεοποιοῦσα,
1317 1781 1412 1831 καὶ
1466 1778 1543 1847 τῷ
1586 1781 1776 1850 κτίστῃ

1872 618 1976 671 que
1997 610 2055 655 ut
2081 604 2243 653 aliam
2274 614 2373 667 per
2395 597 2554 650 aliam
2578 614 2590 658 ;
2620 611 2719 650 nec
2738 595 2887 651 enim
2915 593 3027 648 ulla
3072 603 3302 661 prorsus
3349 588 3438 641 in-

1871 692 2103 746 tercedit
2136 688 2329 744 relatio
2378 703 2474 740 seu
2528 685 2813 749 habitudo,
2857 684 3125 738 dirimens
3153 681 3229 745 id,
3291 680 3440 748 quod

1872 798 2099 851 prorsus
2124 780 2265 832 idem
2293 786 2348 832 et
2369 775 2683 830 absolutum
2708 782 2793 827 est
2816 791 2830 837 ;
2856 770 3166 842 cuiusmodi
3211 770 3441 825 enectus

1873 869 1941 922 ad
1974 882 2190 922 causam
2220 865 2481 920 habitudo
2513 872 2611 917 est.
2646 862 2757 916 Nec
2801 862 2943 915 sicut
2966 877 3031 913 ex
3081 860 3185 913 alia
3237 859 3440 921 aliam;

1872 977 1981 1014 non
2008 961 2154 1014 enim
2186 959 2426 1012 Trinitas
2443 973 2540 1024 per
2565 954 2983 1025 productionem
3007 961 3089 1007 est
3111 951 3179 1005 ab
3205 950 3438 1012 unitate,

1872 1069 1993 1121 qua:
2012 1053 2079 1105 sit
2107 1058 2367 1112 mercata,
2384 1064 2446 1102 ac
2472 1050 2582 1116 ipsa
2598 1064 2626 1100 a
2646 1064 2701 1101 se
2727 1062 2845 1101 sese
2861 1044 3170 1113 explicans:
3198 1042 3291 1095 sed
3322 1057 3443 1108 qua-

1872 1145 2119 1199 eamdem
2152 1158 2277 1196 vere
2305 1141 2486 1194 unitas
2517 1149 2678 1207 atque
2730 1139 2971 1194 Trinitas
3007 1144 3065 1190 et
3113 1136 3332 1189 dicatur
3384 1141 3444 1187 et

1874 1234 2242 1304 intelligatur;
2283 1232 2511 1286 alterum
2541 1229 2763 1299 quidem
2800 1229 3051 1282 essentia:
3095 1226 3328 1287 ratione,
3367 1224 3441 1277 al-

1875 1336 2053 1377 terum
2104 1332 2286 1376 autem
2325 1320 2487 1374 modo
2555 1316 2885 1371 exsistentize
2919 1333 2931 1367 :
2967 1324 3133 1367 totam
3175 1311 3442 1366 unitatem

1871 1418 2140 1473 eamdem.
2178 1430 2300 1483 quia
2349 1411 2601 1481 personis
2645 1426 2755 1462 non
2810 1406 2983 1461 divisa
3018 1406 3119 1469 sit;
3164 1411 3442 1469 totamqua

1873 1508 2119 1560 eamdem
2147 1508 2317 1574 ipsam
2363 1504 2709 1565 Trinitatem,
2764 1500 2899 1553 nihil
2953 1496 3077 1551 inde
3137 1496 3441 1553 confusam,

1875 1599 2019 1669 quod
2047 1600 2226 1651 unitas
2258 1598 2514 1659 exsistit;
2553 1610 2619 1647 ne
2663 1592 2960 1647 scilicetex
3005 1587 3444 1648 divisione,deo-

1876 1704 1996 1741 rum
2030 1689 2188 1741 turba
2222 1687 2570 1755 importetur,
2606 1686 2688 1736 vel
2731 1698 2797 1736 ex
2821 1681 3163 1743 confusione,
3195 1679 3308 1747 ipsa
3339 1690 3443 1728 no—

1878 1780 1963 1832 bis
1984 1778 2449 1847 depereatDcitas
2477 1774 2656 1841 :quud
2696 1787 2987 1842 uirumque
3025 1770 3324 1825 absurdum
3363 1767 3446 1818 vi—

202 1863 556 1917 ὶπανιστῶσα
583 1865 641 1917 τὸ
671 1867 880 1937 ποίημα
905 1884 918 1897 ·
954 1869 1047 1921 καὶ
1089 1868 1221 1936 πρὸς
1253 1868 1364 1920 ἴσον
1409 1868 1576 1920 κακὸν
1616 1868 1774 1937 ἄμφω

1882 1878 2000 1923 tans
2030 1868 2279 1923 clarescit
2302 1866 2611 1921 Christiana
2635 1864 2903 1919 doctrina.
2940 1862 3305 1917 Christianam
3342 1874 3442 1911 au-

202 1950 310 2021 τὴν
345 1951 494 2005 Θείαν
523 1953 680 2026 ὓϐριν
706 1955 959 2025 ἀλλήλαις
994 1956 1353 2027 συλλήγουσαι
1403 1956 1614 2027 [νειιει.
1655 1958 1778 2009 συλ-

201 2048 490 2115 λέγουσαι·
525 2048 622 2105 Fr.
659 2050 1034 2123 συνάγουσαι].
1073 2053 1153 2104 Οὐ
1184 2052 1487 2118 βάρϐαρος
1509 2051 1603 2103 καὶ
1631 2052 1780 2103 Σκύ-

204 2140 321 2205 θης
346 2154 361 2169 ⁶
392 2128 687 2205 τουτέστιν,
729 2142 910 2211 me;
939 2141 1135 2211 ἑαυτὴν
1160 2141 1510 2210 στασιαστικὴ
1537 2142 1634 2210 τῆς
1651 2143 1780 2210 μιᾶς

203 2226 425 2301 φύσεως
462 2230 602 2282 κατὰ
635 2229 858 2301 γνώμην
888 2231 1193 2294 διάστασις·
1236 2231 1356 2284 καθ’
1395 2231 1460 2302 ἢν
1494 2234 1521 2285 ὁ
1546 2232 1645 2301 τῆς
1690 2232 1780 2285 ἁλ-

203 2317 559 2385 ληλοκτονίας
603 2308 753 2389 παρᾶ
801 2319 963 2387 φύσιν
992 2322 1103 2384 τοῖς
1130 2318 1436 2391 ἀνθρώποις
1480 2322 1780 2396 εἰσεφθάρη

204 2410 395 2478 νόμος.
418 2411 565 2464 Οὔτε
592 2410 823 2482 δοῦλος»
861 2413 959 2469 καὶ
1002 2414 1341 2486 ἐλεύθερος·
1394 2418 1427 2488 ή
1471 2418 1570 2488 τῆς
1613 2419 1783 2489 αὐτῆς

207 2498 458 2573 δηλονότι
506 2504 658 2575 παρὰ
700 2504 925 2577 γνώμην
949 2506 1213 2578 διαίρεσις
1278 2506 1523 2576 φύσεως·
1588 2507 1781 2578 ἄτιμον

214 2596 514 2667 ποιουμένη
552 2597 643 2650 τὸν
663 2597 804 2651 κατὰ
842 2598 1002 2667 φύσιν
1031 2599 1321 2670 ὁμότιμον·
1366 2600 1527 2669 νόμον
1565 2601 1783 2653 ἐπίκου-

214 2704 311 2759 ρον
340 2688 563 2758 ἔχουσα,
589 2687 686 2759 τὴν
706 2688 1073 2757 τυραννοῦσαν
1095 2689 1156 2742 τὸ
1184 2689 1283 2758 τῆς
1310 2690 1517 2754 εἰκόνος
1544 2690 1779 2761 ἀξίωμα,

210 2775 325 2829 σῶν
356 2776 720 2841 δεσποζόντων
756 2777 1021 2832 διάθεσιν·
1094 2779 1277 2834 Ἀλλὰ
1332 2780 1527 2834 πάντα
1586 2782 1681 2835 καὶ
1712 2783 1784 2836 ἐν

211 2865 367 2923 πᾶσι
390 2868 668 2936 Χριστὸς,
693 2870 782 2925 διὰ
806 2869 915 2924 τῶν
949 2871 1092 2945 ὑπὲρ
1123 2869 1282 2941 φύσιν
1313 2873 1406 2926 καὶ
1460 2873 1642 2945 νόμον,
1684 2874 1783 2946 τὴν

212 2956 317 3026 τῆς
339 2957 577 3028 ἀνάρχου
605 2959 878 3030 βασιλείας
904 2960 1246 3031 δημιουργῶν
1274 2963 1331 3014 ὲν
1361 2963 1628 3033 πνεύματι
1654 2965 1784 3035 μὸρ-

216 3065 422 3117 φωσιν·
457 3051 543 3120 ἢν,
574 3051 648 3112 ὡς
679 3051 1070 3115 ἀποδέδεικται,
1101 3052 1309 3121 πέφυκε
1336 3054 1776 3124 χαρακτηρίζειν,

1880 1971 1987 2015 tem
2009 1959 2331 2030 (secundum
2361 1957 2640 2013 Christum
2669 1955 2898 2024 scilicet)
2931 1968 3068 2007 voco
3116 1965 3311 2005 novam
3352 1963 3443 2001 ve-

1881 2052 2059 2105 ritatis
2096 2050 2573 2120 prmdicationem;
2646 2048 2843 2115 inqua
2903 2062 3006 2098 non
3066 2052 3138 2097 est
3183 2039 3444 2100 masculus

1880 2159 2045 2213 neque
2067 2143 2297 2210 femina;
2326 2140 2477 2212 signa
2512 2140 2771 2195 nimirum
2818 2154 2879 2195 ac
2901 2140 3183 2210 passiones
3241 2152 3337 2190 seu
3367 2140 3446 2189 at-

1881 2234 2617 2292 fcctusnaturteinteritioni
2668 2234 2924 2304 ortuique
2981 2230 3265 2290 obnoxiae;
3337 2244 3443 2279 acu

1881 2330 2091 2386 ercus
2115 2338 2163 2381 et
2184 2328 2401 2381 Judwus
2442 2342 2460 2378 :
2502 2326 2793 2380 contrariae
2848 2324 3060 2379 scilicet
3115 2324 3182 2377 de
3234 2323 3444 2375 Deitate

1878 2418 2163 2475 sententia:
2191 2418 2483 2487 opiniones
2508 2435 2522 2481 ;
2550 2434 2653 2470 non
2681 2417 3004 2470 circumcisio
3043 2429 3211 2483 neque
3232 2428 3425 2483 praepa

1881 2512 2010 2564 tium
2042 2526 2059 2563 :
2083 2510 2265 2564 cultus
2284 2510 2547 2563 nimirum
2573 2512 2795 2577 utrique
2829 2516 2990 2563 sectae
3015 2506 3406 2562 convenientes
3431 2520 3442 2551 ε

1880 2616 2114 2671 quarum
2147 2601 2341 2664 altera,
2374 2601 2447 2654 ob
2478 2598 2614 2669 legis
2644 2600 2911 2670 symbola,
2932 2607 3240 2653 creaturam
3271 2598 3446 2652 oculis

1880 2694 2269 2764 aspectabilem
2316 2694 2596 2763 sugillans,
2658 2696 2857 2763 ipsum,
2914 2706 3025 2761 quo
3082 2692 3171 2745 illa
3219 2699 3447 2745 auctore

1882 2786 2106 2840 condita
2129 2794 2233 2849 est,
2267 2794 2524 2855 tanquam
2552 2785 2818 2839 malorum
2845 2792 3125 2838 auctorem
3158 2782 3212 2836 in
3238 2782 3446 2837 crimen
3513 2853 3519 2860 .

1881 2888 2042 2936 vocat
2070 2880 2276 2946 ;altera
2306 2893 2463 2939 vero,
2487 2893 2597 2948 prae
2622 2876 2852 2931 libidine
2888 2883 2945 2929 et
2978 2889 3087 2943 qua
3129 2873 3444 2949 vitiispro-

1883 2973 2079 3028 clivior
2099 2979 2202 3037 est,
2233 2986 2353 3025 eam
2377 2970 2580 3025 deitate
2630 2970 2861 3031 donans,
2911 2965 3177 3021 adversus
3226 2964 3450 3018 Creato-

1884 3078 1997 3118 rem
2031 3061 2346 3125 committit,
2368 3060 2515 3131 quod
2539 3060 2634 3113 illo
2660 3068 2885 3113 auctore
2908 3057 3119 3110 editum
3135 3065 3217 3110 est
3242 3073 3255 3120 ;
3285 3054 3448 3123 inque

212 3140 446 3210 καρδίας
499 3142 825 3205 ταπείνωσις
876 3143 972 3195 καὶ
1017 3143 1295 3213 πραότηςο
1347 3138 1422 3197 ὧν
1475 3147 1508 3214 ή
1566 3146 1774 3209 σύνοδος

1886 3156 2089 3208 malum
2111 3153 2316 3222 aaquale
2336 3152 2454 3221 (Dei
2482 3151 2670 3221 utique
2700 3146 3109 3218 contumeliam)
3144 3149 3307 3202 ambo
3350 3162 3450 3215 pa-

208 3232 419 3285 τέλειον
448 3231 540 3285 τὸν
555 3234 751 3287 κατὰΧ
758 3232 937 3305 ριστὸν
955 3234 1266 3304 κτιζόμενον
1295 3234 1670 3289 ἀποδείκνυσιν
1687 3237 1778 3290 ἄν-

212 3320 450 3393 θρωπον.
471 3324 583 3386 Πᾶς
593 3323 700 3394 γὰρ
715 3322 1107 3392 ταπεινόφρων,
1126 3323 1342 3387 πάντως
1366 3326 1457 3376 καὶ
1479 3326 1667 3395 πρᾶος,
1688 3324 1783 3377 καὶ

212 3413 325 3477 πᾶς
364 3413 560 3484 πρᾶοςς
598 3414 815 3476 πάντως
865 3414 958 3466 καὶ
996 3415 1783 3486 ταπεινόφρωνοταπεινόφρων

215 3502 336 3576 μὲν,
364 3502 439 3566 ὡς
467 3503 627 3570 γνοὺς
661 3502 849 3555 ἑαυτὸν
869 3501 1057 3572 ἔχοντα
1088 3503 1147 3555 τὸ
1179 3501 1317 3557 εἶναι
1339 3504 1742 3574 δεδανεισμένον
1769 3528 1778 3536 ·

210 3594 390 3663 πρᾷος
416 3591 582 3657 δὲ,ῶς
604 3593 853 3660 διαγνοὺς
870 3592 978 3646 τῶν
1004 3592 1256 3646 δοθεισῶν
1273 3594 1420 3664 αὐτῷ
1453 3594 1593 3647 κατὰ
1624 3594 1782 3661 φύσιν

210 3683 498 3754 δυνάμεων
522 3684 620 3755 τὴν
648 3684 861 3755 χρῆσιν·
903 3685 999 3739 καὶ
1030 3683 1107 3753 τῷ
1134 3685 1233 3754 μὲν
1256 3683 1399 3755 λῦγῳ
1417 3685 1548 3755 πρὸς
1581 3685 1781 3755 ἀρετῆς

211 3777 432 3844 γένεσιν
484 3775 687 3830 τούτων
720 3776 894 3840 διδοὺς
934 3778 1030 3847 τὴν
1066 3777 1401 3848 ὑπηρεσίαν·
1444 3778 1541 3847 τῆς
1594 3778 1781 3848 αἰσθή-

212 3884 353 3933 σεως
379 3868 436 3922 δὲ
490 3868 708 3932 τελείως
756 3868 855 3939 τὴν
883 3869 1089 3923 τούτων
1132 3868 1433 3922 συστέλλων
1481 3870 1777 3939 ἐνέργειαν.

210 3960 324 4018 Καὶ
358 3958 448 4012 διὰ
483 3958 641 4013 τοῦτο
664 3958 805 4013 κατὰ
856 3960 952 4030 μὲν
982 3959 1074 4011 τὸν
1103 3959 1245 4023 νοῦν,
1289 3959 1424 4030 πρὸς
1450 3959 1581 4012 Θεὸν
1610 3959 1780 4011 ἀεικὶ-

209 4067 374 4121 νητος
404 4048 500 4103 ῶν·
532 4050 675 4104 κατὰ
710 4050 766 4103 δὲ
810 4051 910 4121 τὴν
947 4050 1217 4120 αἴσθησιν,
1248 4049 1369 4102 οὐδὲ
1401 4050 1615 4102 πάντων
1643 4048 1777 4119 ὁμοῦ

208 4138 320 4193 τῶν
370 4138 507 4207 πρὸς
555 4137 713 4208 σῶμα
748 4136 1003 4208 λυπηρῶν
1037 4139 1229 4207 πεῖραν
1259 4136 1551 4207 λαμϐάνων
1587 4153 1778 4189 παντε·

209 4229 321 4293 λῶς
350 4229 687 4299 κινούμενος,
730 4228 967 4299 ῆλύπης
1014 4226 1157 4299 ἴχνος
1209 4226 1454 4281 ἔντυπῶν
1484 4229 1551 4297 τῇ
1611 4228 1776 4298 ψυχῇ.

214 4321 355 4392 πρὸς
396 4319 752 4391 παραλλαγὴν
794 4319 894 4389 τῆς
952 4321 1011 4373 ὲν
1074 4319 1211 4389 αὐτῇ
1267 4317 1559 4388 χαροποιοῦ
1602 4319 1779 4373 διαθέ-

214 4426 357 4473 σεως
387 4408 502 4480 (ηι)’
525 4409 585 4461 οὺ
620 4408 729 4478 γὰρ
743 4410 955 4478 ἡγεῖται
989 4407 1241 4478 στέρησιν
1270 4406 1465 4476 ἡδονῆς
1489 4407 1775 4478 ὑπάρχειν,

1884 3246 2020 3299 riter
2036 3244 2267 3299 ducunt.
2305 3241 2424 3296 Non
2454 3241 2712 3296 barbarus
2742 3257 2805 3292 ac
2834 3238 3027 3309 Scytha
3062 3254 3080 3291 :
3106 3246 3315 3291 natura:
3339 3235 3445 3290 sci--

1882 3337 2034 3400 licet,
2072 3352 2193 3404 quae
2229 3350 2338 3388 una
2374 3334 2467 3398 sit,
2503 3348 2691 3389 secum
2717 3333 2892 3402 ipsius
2919 3329 3240 3385 dissidentis
3278 3328 3447 3382 animi

1880 3427 2152 3483 sententia
2185 3441 2249 3480 ac
2275 3426 2559 3479 voluntate
2587 3424 2929 3485 divortium;
2964 3436 3075 3488 quo
3129 3430 3448 3475 mutuarum

1882 3516 2114 3570 caedium
2144 3513 2443 3567 adversans
2475 3519 2686 3565 natura:
2711 3510 2797 3564 lex
2831 3507 3146 3562 hominibus
3199 3506 3446 3560 inolevit.

1880 3603 1996 3657 Non
2028 3618 2204 3655 servus
2231 3610 2280 3654 et
2308 3600 2440 3653 liber
2463 3616 2481 3653 :
2515 3598 2761 3669 ejusdem
2795 3597 3052 3651 nimirum
3092 3604 3321 3660 naturae,
3361 3594 3449 3647 in-

1883 3693 2256 3748 vitisindueta
2283 3692 2518 3772 divisio;
2556 3690 2762 3743 honore
2810 3688 3051 3757 spolians
3093 3702 3169 3742 .ac
3208 3686 3451 3741 dehone-

1883 3795 2058 3849 stans,
2082 3798 2230 3846 eum,
2257 3783 2352 3852 qui
2384 3782 2504 3852 pari
2549 3788 2744 3834 natura
2784 3780 2993 3833 honore
3037 3777 3301 3848 praeditus
3351 3776 3446 3838 sit,

1882 3889 2077 3943 nempe
2109 3872 2499 3943 suﬂ‘ragantem
2529 3870 2703 3940 legem
2748 3868 2975 3932 habens,
3006 3882 3127 3936 quae
3166 3866 3448 3938 tyrannice

1879 3966 2172 4036 opprimat,
2203 3978 2311 4032 qua
2339 3961 2546 4016 conditi
2572 3975 2784 4024 sumus,
2820 3958 3073 4029 imaginis
3098 3956 3446 4028 dignitatem,

1877 4055 2038 4124 357
2088 4052 2493 4108 dominantium
2550 4052 2792 4105 animum
2829 4065 2893 4104 ac
2938 4050 3300 4105 voluntatem.
3346 4045 3449 4100 Sed

1880 4147 2079 4209 omnia,
2115 4152 2163 4197 et
2197 4145 2253 4197 in
2285 4143 2522 4197 omnibus
2545 4140 2825 4197 Christus:
2851 4140 2943 4209 qui
2972 4155 3071 4210 per
3088 4155 3172 4205 ea,
3210 4154 3332 4208 qua:
3355 4153 3451 4191 na-

1882 4243 2020 4291 turae
2046 4236 2293 4306 legisque
2320 4233 2628 4288 rationibus
2649 4233 2918 4295 eminent,
2942 4231 3133 4301 aeterni
3161 4231 3217 4284 in
3252 4230 3446 4299 spiritu

1878 4327 2031 4397 regni
2058 4326 2295 4395 speciem
2318 4324 2662 4393 formamque
2688 4334 2871 4389 creat;
2894 4325 3057 4393 cujus
3097 4322 3450 4377 characteres

1878 4425 2129 4486 notaeque
2158 4416 2541 4487 insignientes,
2583 4415 2663 4469 uti
2697 4415 2984 4484 probatum
3011 4420 3114 4475 est,
3169 4412 3449 4465 humilitas

212 4499 271 4552 τὸ
296 4500 419 4552 κατ’
455 4497 705 4569 αἴσθησιν
733 4498 996 4566 ἀλγεινόν.
1036 4497 1256 4569 Ἡδονὴν
1277 4500 1385 4568 γὰρ
1418 4497 1544 4567 μίαν
1557 4499 1774 4552 ἐπίστα-

1882 4507 2063 4563 cordis
2095 4516 2154 4562 et
2202 4505 2569 4561 mansuetudo
2612 4520 2733 4561 esse
2785 4518 3122 4559 consuevere
3157 4520 3171 4555 :
3215 4516 3447 4570 quarum

209 4600 322 4650 ται,
346 4582 445 4654 τὴν
464 4583 562 4653 τῆς
588 4585 764 4655 ψυχῆς
802 4585 939 4655 πρὸς
970 4584 1059 4637 τὸν
1099 4584 1254 4653 λόγον
1287 4582 1691 4659 συμόίωσιν,ἦς
1736 4591 1770 4659 ἡ

213 4678 473 4748 στέρησις
525 4678 746 4741 κόλασίς
775 4681 920 4733 ἐστιν
967 4680 1338 4748 ἀτελεύτητος,
1368 4679 1580 4743 πάντας
1608 4698 1771 4749 φυσι-

212 4766 325 4831 κῶς
354 4767 766 4838 περιγράφουσα
792 4770 919 4831 τοὺς
946 4769 1166 4833 αἰῶνας.
1202 4770 1311 4822 Καὶ
1358 4768 1445 4822 διὰ
1492 4769 1667 4837 τοῦτο,
1711 4769 1774 4822 τό

209 4873 270 4909 τε
299 4857 480 4927 σῶμα,
539 4860 631 4912 καὶ
670 4860 845 4912 πάντα
885 4860 953 4911 τὰ
993 4859 1084 4912 τοῦ
1142 4860 1387 4930 σώματος
1415 4860 1610 4929 ἀφεὶς,
1640 4861 1774 4933 πρὸς

209 4949 311 5019 τὴν
341 4948 490 5003 θείαν
524 4950 751 5025 φέρεται
773 4950 1020 5012 σύντονος
1046 4952 1348 5022 συμϐίωσιν
1376 4970 1389 4982 ’
1423 4953 1552 5021 μίαν
1573 4953 1775 5023 ζημίαν

210 5039 532 5109 ἡγούμενος,
573 5040 676 5094 κᾶν
708 5041 923 5095 πάντων
949 5042 1185 5114 δεσπόζῃ
1215 5044 1323 5095 τῶν
1374 5043 1466 5095 ἐπὶ
1518 5045 1642 5112 γῆς,
1677 5043 1776 5115 τὴν

208 5131 309 5201 τῆς
356 5132 811 5205 προσδοκωμένης
870 5134 1009 5189 κατᾶ
1078 5135 1233 5206 χάριν
1280 5134 1526 5199 θεῶσεως
1573 5138 1778 5190 ἀποτυ-

210 5223 356 5292 χίαν.

1878 4614 2201 4664 concursus,
2232 4615 2380 4665 eum,
2421 4599 2516 4668 qui
2556 4596 2860 4653 secundum
2915 4596 3195 4651 Christum
3231 4601 3448 4648 creatus

1873 4700 1980 4755 est,
2029 4690 2333 4760 perfectum
2375 4690 2651 4744 hominem
2688 4696 2840 4743 certo
2896 4687 3140 4742 exhibet.
3190 4686 3450 4754 Quisquis

1877 4783 2029 4838 enim
2060 4783 2246 4836 animo
2276 4782 2502 4836 humilis
2540 4795 2816 4850 sensuque
2865 4779 3152 4833 modestus
3193 4786 3297 4844 est,
3332 4794 3450 4832 om-

1873 4873 2178 4927 ninoetiam
2200 4872 2339 4927 lenis
2360 4884 2417 4927 et
2442 4882 2760 4927 mansuetus
2780 4880 2863 4926 est
2882 4888 2898 4938 ;
2919 4870 3270 4940 vicissimque
3299 4872 3447 4937 quis-

1877 4961 2001 5030 quis
2022 4961 2162 5015 lenis
2196 4970 2282 5017 est
2309 4971 2366 5018 et
2393 4971 2740 5027 mansuetus,
2772 4976 3001 5031 prorsus
3031 4962 3197 5015 etiam
3260 4957 3448 5012 animo

1880 5051 2108 5107 humilis
2143 5068 2420 5123 sensuque
2483 5053 2766 5107 modestus
2824 5061 2929 5107 est.
2963 5052 3161 5106 Animo
3223 5051 3446 5121 quidem

1879 5141 2103 5196 humilis
2129 5158 2195 5197 ac
2222 5158 2388 5198 sensu
2445 5143 2746 5206 modestus,
2791 5141 2939 5211 quod
2984 5155 3044 5195 se
3092 5140 3342 5210 precario
3385 5157 3450 5195 ac

1882 5232 2224 5287 commodato
2250 5233 2452 5288 habere
2480 5239 2758 5302 agnoscat,
2790 5230 2937 5301 quod
2969 5245 3089 5286 esse
3112 5239 3306 5284 nactus
3326 5236 3411 5282 cst
3429 5270 3444 5293 ,

213 5318 356 5374 lenis
389 5334 523 5379 vero
556 5333 622 5373 ac
660 5326 999 5381 mansuetus,
1032 5317 1208 5387 utqui
1240 5317 1442 5373 virium
1481 5318 1532 5372 ei
1583 5326 1780 5374 natura
1816 5333 2198 5377 concessarum
2222 5340 2383 5379 usum
2439 5339 2549 5379 non
2610 5323 2839 5388 neseiat,
2886 5331 3051 5393 atque
3096 5324 3195 5376 has
3222 5320 3446 5389 quidem

214 5408 446 5463 rationis
475 5407 740 5476 obsequio
763 5408 830 5463 ad
856 5408 1098 5462 virtutes
1138 5408 1539 5479 progignendas
1595 5410 1833 5474 addicat,
1872 5428 1902 5465 a
1932 5427 2095 5468 sensu
2123 5430 2253 5469 vero
2284 5429 2472 5469 earum
2503 5429 2732 5483 prorsus
2751 5414 3127 5483 operationem
3179 5412 3444 5465 retrahate

214 5498 467 5569 Iliaeque
490 5499 629 5553 adeo
645 5507 751 5563 est,
778 5506 841 5553 ut
883 5507 1067 5553 mente
1095 5498 1338 5567 quidem,
1379 5499 1493 5572 jugi
1518 5500 1577 5554 in
1614 5502 1785 5556 Deum
1818 5512 1969 5557 motu
2000 5504 2295 5571 incitetur;
2334 5521 2495 5560 sensu
2535 5521 2685 5573 vero,
2749 5521 2852 5560 nec
2909 5503 2956 5559 si
2999 5503 3206 5571 omnia,
3248 5504 3447 5573 quibus

282 5654 381 5726 (m)
400 5655 731 5721 Χαροποιοῦ
752 5655 1090 5726 διαθέσεως.
1113 5656 1262 5726 Alter
1282 5656 1414 5725 Reg.
1433 5657 1557 5710 cod.
1574 5657 1777 5726 χάριτι·

296 5724 302 5726 ’
357 5741 451 5793 per
477 5726 706 5794 gratiam
727 5727 781 5777 in
802 5740 864 5777 ea
887 5734 982 5777 est.
1008 5724 1147 5789 Quid
1166 5740 1297 5778 vero
1319 5724 1449 5779 velit
1480 5724 1779 5796 τὸ,χαρτῆς

214 5741 410 5856 met.
437 5793 572 5850 Cod.
611 5804 667 5849 et
716 5794 803 5848 Fr.
841 5809 951 5849 non
975 5795 1170 5856 capio;
1212 5795 1317 5848 nisi
1375 5796 1777 5851 hrcviationcm

258 5801 410 5863 enct.
437 5793 572 5850 ϐοά.
611 5804 667 5849 ει
716 5794 803 5848 Fr.
841 5809 951 5849 non
975 5795 1170 5864 capio;
1212 5795 1317 5848 nisi
1375 5793 1777 5851 breviationcnt

1885 5661 2025 5784 nilalc
2053 5662 2410 5784 intqllectam,
2442 5661 2522 5717 sic
2554 5662 2809 5733 imperite
2844 5658 3141 5731 antiquarii
3163 5658 3324 5715 ambo
3353 5673 3446 5719 ex.

1886 5746 1918 5784 ι)
1948 5747 2133 5784 marun
2165 5771 2179 5784 .

1886 5746 2179 5800 micarum.
