4218 6432
777 418 884 480 895
1932 410 1991 469 S.
2033 407 2316 469 ΜΛΧΙΜΙ
2353 406 2569 468 CONFI

2447 404 2859 468 NFESSORIS
3913 403 4019 465 896

774 545 979 600 corpus
1036 528 1281 583 momstia
1339 525 1474 580 allici
1548 522 1704 588 solet,
1756 522 1918 578 simul
1995 522 2273 593 ingruant,
2328 534 2634 588 eorumque
2666 517 2973 588 periculum
3039 515 3223 580 faciat,
3274 515 3575 586 quidquam
3629 515 3849 589 penitus
3896 530 4018 568 mo-

778 630 987 684 veatur,
1022 618 1197 674 ullove
1223 616 1457 672 tristitia:
1488 613 1717 685 vestigio
1775 614 1959 668 animo
2006 611 2352 675 informetur,
2426 609 2639 663 uthinc
2677 606 2861 679 gaudii
2906 606 3067 677 plena
3136 604 3354 661 aﬂectio
3399 620 3464 660 ac
3513 605 3801 675 dispositio
3832 605 3890 662 in
3951 618 4022 659 eo

780 714 1119 767 immutetur.
1158 707 1274 762 Non
1330 707 1477 762 enim
1533 705 1799 768 dolorem,
1828 705 1923 775 qui
1960 718 2179 759 sensum
2228 700 2529 763 excruciat,
2563 699 2859 768 voluptatis
2921 696 3222 753 cat-entiam
3270 696 3593 752 arbitratur.
3658 696 4018 766 Voluptatem

770 817 958 862 autem
989 801 1341 870 uuamuovit,
1373 799 1540 855 animi
1578 815 1700 853 cum
1760 798 1972 853 ratione
2018 795 2373 859 convictum;
2414 792 2571 863 cujus
2614 790 2870 861 privatio,
2908 788 3216 845 immortale
3284 788 3613 859 supplicium
3660 796 3764 853 est,
3818 797 4025 843 cuncta

779 896 1099 954 naturaliter
1160 892 1355 947 saecula
1394 890 1603 946 ambitu
1657 888 2050 958 complectens.
2101 885 2332 950 Idcirco,
2374 891 2487 937 tum
2511 877 2779 950 corporis,
2815 888 2929 934 tum
2968 895 3091 950 quae
3148 886 3277 933 sunt
3304 877 3571 947 corporis,
3633 877 3894 933 omnibus
3924 894 4025 933 va-

776 992 887 1046 lere
907 987 1096 1060 jussis,
1134 984 1200 1039 ad
1222 980 1642 1038 divinumenixe
1674 977 1978 1035 connititur
2030 974 2373 1040 convictum;
2415 985 2579 1027 unam
2640 969 2863 1060 demum
2910 969 3180 1041 jacturam
3214 976 3497 1038 reputans,
3548 968 3634 1023 vel
3664 967 3711 1022 si
3771 977 4027 1024 terreno-

779 1052 1177 1135 rnm'omnium
1236 1073 1479 1128 dominio
1542 1072 1766 1143 polleat,
1797 1070 1936 1143 ejus,
2002 1082 2123 1138 quas
2178 1082 2276 1137 per
2330 1065 2559 1137 gratiam
2584 1052 2889 1134 prasta‘iitla
2918 1070 3290 1132 exspectatur,
3347 1059 3713 1115 deificationis
3755 1058 4023 1116 frustrata

776 1180 898 1227 vota
927 1185 990 1225 ac
1008 1184 1157 1239 spem
1187 1182 1418 1222 cassam.

846 1263 1033 1332 Itaque
1061 1260 1426 1315 emundemus
1462 1273 1563 1313 nos
1595 1258 1742 1328 ipsos
1763 1257 1831 1312 ab
1878 1256 2025 1311 omni
2086 1255 2344 1326 inquiua—
2377 1258 2421 1313 Δ

777 1360 964 1409 mento
998 1352 1179 1408 carnis
1235 1366 1300 1407 ac
1361 1351 1589 1422 spiritus
1615 1350 1682 1415 “,
1746 1358 1808 1404 ut
1850 1348 2208 1419 cupiditatem
2263 1348 2346 1401 in-

775 1446 976 1500 decore
1007 1442 1295 1498 affectibus
1316 1443 1687 1497 lascivientem
1722 1440 2156 1512 exstinguentes,
2200 1439 2341 1495 divi-

778 1552 909 1590 num
949 1550 1150 1589 nomen
1212 1532 1632 1598 sanctilicemus,
1690 1530 1936 1599 iramque
1988 1539 2158 1585 (nstro
2209 1545 2347 1599 quo-

777 1628 901 1683 dam
931 1627 1288 1695 incomposite
1325 1622 1698 1693 voluptatibus
1747 1622 2047 1676 inhiantem
2093 1634 2345 1689 compes-

777 1734 1002 1784 camus;
1045 1725 1125 1782 ut,
1150 1715 1293 1786 quod
1318 1730 1416 1785 per
1446 1713 1921 1769 mansuetudinem
1972 1712 2196 1766 advenit
2252 1726 2344 1766 re-

777 1825 942 1881 gnum
989 1808 1081 1863 Dei
1112 1822 1174 1863 ac
1206 1806 1402 1871 Patris,
1447 1805 1825 1876 suscipiamus.
1885 1803 2151 1873 Deinceps
2213 1816 2344 1855 vero

778 1903 1098 1964 sequentem
1146 1892 1412 1947 orationis
1470 1899 1701 1956 textum,
1751 1891 1836 1945 his
1890 1905 2011 1957 quae
2068 1887 2344 1942 anteriora

774 1993 927 2048 sunt,
955 1983 1335 2054 adjungamus.

912 2098 1032 2153 Fiat
1055 2097 1297 2152 voluntas
1321 2105 1437 2165 tua,
1462 2097 1592 2151 sicut
1614 2095 1669 2150 in
1706 2102 1854 2162 caelo,
1883 2104 1929 2149 et
1955 2096 2009 2150 in
2037 2102 2199 2151 terra.

850 2295 955 2363 Qui
996 2297 1112 2351 sola
1146 2296 1374 2352 rationis
1403 2296 1455 2353 vi
1501 2311 1529 2351 a
1578 2296 1880 2366 cupiditate
1918 2306 2084 2366 atque
2126 2296 2207 2350 ira
2258 2310 2345 2351 se-

775 2394 947 2450 creta,
984 2386 1208 2459 mystice
1235 2388 1347 2442 Deo
1406 2387 1612 2442 cultum
1660 2385 1827 2457 358
1891 2385 2135 2451 adhibet,
2190 2385 2237 2440 is
2287 2385 2343 2441 in

781 2486 945 2543 terra,
971 2493 1098 2533 eum
1133 2478 1188 2532 in
1221 2479 1443 2533 modum
1464 2494 1573 2548 quo
1597 2478 1654 2532 in
1707 2478 1846 2535 coelo
1894 2477 2137 2549 angelici
2190 2476 2343 2532 ordi-

2532 1246 2867 1319 Ἃγνίσωμεν
2894 1242 2987 1301 οῦν
3035 1246 3264 1310 ἑαυτοὺς
3309 1246 3511 1310 παντὸς
3559 1246 3839 1318 μολυσμοῦ
3879 1264 4022 1317 σαρ-

2445 1336 2537 1401 κὸς
2565 1337 2658 1391 καὶ
2693 1336 3022 1408 πνεύματος,
3073 1338 3159 1390 ῑνα
3192 1338 3253 1391 τὸ
3282 1337 3425 1391 θεῖον
3458 1337 3783 1407 ἀγιάσωμεν
3813 1338 4017 1409 ὄνομα.

2444 1426 2814 1495 ἀκκιζομὲνην
2851 1429 2964 1490 τοῖς
3003 1427 3232 1481 πάθεσιν
3266 1428 3533 1499 ἀπρεπῶς
3572 1429 3672 1499 τὴν
3717 1427 4025 1498 ἐπιθυμίαν

2445 1517 2884 1582 κατασϐέσαντες
2909 1535 2921 1549 ο
2960 1518 3055 1572 καὶ⁸
3107 1517 3248 1589 λόγῳ
3276 1559 3290 1583 ,
3340 1520 3462 1582 ταῖς
3511 1518 3730 1589 ἡδοναῖς
3761 1518 4023 1582 ἀτάκτως

2444 1609 2864 1679 ὲπιμαινόμενον
2889 1612 2979 1666 τὸν
3007 1609 3195 1681 θυμὸν,
3227 1609 3622 1681 καταδήσωμεν
3646 1621 3660 1637 °
3689 1609 3777 1662 ἵνα
3809 1608 3899 1661 διὰ
3925 1609 4025 1677 τῆς

2445 1701 2751 1773 πραότητος
2812 1702 3259 1773 παραγινομένην
3315 1698 3701 1770 ὑποδεξώμεθα
3756 1700 3860 1770 τὴν
3924 1698 4022 1752 τοῦ

2444 1791 2578 1846 Θεοῦ
2614 1794 2709 1847 καὶ
2746 1794 2960 1866 Πατρὸς
3013 1792 3308 1865 βασιλείαν.
3370 1793 3477 1847 Καὶ
3510 1793 3601 1845 τὸν
3629 1791 3829 1863 ἑφεξῆς
3862 1792 4024 1859 λόγον

2442 1884 2542 1953 τῆς
2620 1888 2927 1956 προσευχῆς
2973 1888 3085 1950 τοῖς
3153 1885 3439 1956 προτέροις
3504 1884 3869 1955 ἀρμόσωμεν,
3939 1884 4025 1937 u-

2444 1990 2629 2043 γοντες
2661 1992 2676 2008 ο

2512 2086 2830 2155 Γενηθήτω
2866 2086 2930 2141 τὸ
2963 2087 3193 2157 θέλημὰ
3220 2106 3355 2157 σου,
3395 2090 3477 2159 ὡς
3502 2092 3572 2147 ἐν
3602 2090 3871 2158 οὐρανῷ.
3923 2088 4023 2145 καί

2441 2177 2539 2232 ἐπὶ
2577 2178 2687 2247 τῆς
2715 2177 2849 2248 γῆς.

2525 2292 2582 2345 Ὀ
2617 2293 2757 2346 κατά
2798 2292 2967 2364 μόνην
3002 2292 3101 2363 τὴν
3144 2292 3372 2364 λογικὴν
3408 2293 3638 2365 δύναμιν
3660 2336 3675 2361 ,
3716 2295 4023 2367 ἐπιθυμίας

2441 2401 2500 2438 τε
2531 2383 2625 2438 καὶ
2662 2383 2832 2454 θυμοῦ
2861 2384 3272 2456 κεχωρισμένην
3306 2386 3580 2456 μυστικῶς
3602 2388 3903 2458 προσάγων
3941 2388 4021 2458 τῷ

2442 2474 2695 2546 Θεῷ-τὴν
2741 2474 3032 2547 λατρείαν,
3068 2472 3223 2541 οὗτος
3263 2479 3358 2531 ἐπὶ
3381 2478 3528 2547 πῆς,
3577 2478 3653 2542 ὡς
3699 2482 3759 2533 ἀν
3801 2479 4024 2550 οὐρανῷ

781 2584 898 2635 nes,
922 2569 1162 2624 divinam
1185 2571 1520 2626 voluntatem
1548 2570 1824 2640 implevit;
1850 2585 1949 2639 per
1989 2569 2171 2624 omnia
2187 2569 2343 2624 simi-
2376 2588 2414 2643 Β
2442 2565 2551 2618 τῶν

2444 2565 2551 2618 τῶν
2608 2564 2853 2634 ἀγγέλων
2890 2569 2944 2619 αἱ
3004 2568 3222 2634 τάξεις,
3275 2567 3335 2621 τὸ
3378 2566 3519 2621 θεῖον
3560 2569 3892 2640 πεπλήρωκε
3930 2568 4024 2622 θέ-

780 2662 846 2717 I-is
867 2662 1073 2734 angelis
1094 2663 1372 2729 adorator,
1398 2664 1570 2734 iisque
1614 2662 2041 2726 contubernalis,
2076 2662 2342 2733 quemad-

780 2754 1000 2810 modum
1029 2755 1263 2825 quodam
1303 2756 1425 2811 loco
1474 2770 1701 2826 magnus
1740 2754 2034 2824 Apostolus
2076 2753 2154 2809 ait
2186 2769 2200 2806 :
2230 2752 2342 2807 No-

776 2857 889 2901 stra
917 2854 1089 2900 autent
1111 2846 1430 2901 conversatio
1449 2846 1503 2899 iu
1530 2847 1669 2902 caelis
1697 2856 1771 2901 est
1797 2847 1876 2913 ³³;
1907 2846 2051 2916 apud
2074 2861 2213 2916 quos
2232 2861 2345 2900 non

778 2946 865 2993 est
888 2935 1177 3007 cupiditas,
1206 2950 1328 3006 qua:
1365 2936 1704 3007 voluptatum
1759 2937 1812 2990 vi
1861 2938 2102 3007 vigorem
2147 2937 2346 2992 mentis

781 3027 1048 3082 dissolvat
1076 3044 1090 3080 :
1117 3041 1226 3081 non
1254 3026 1335 3081 ira
1364 3026 1571 3093 furens,
1618 3027 2019 3096 adversumque
2064 3035 2343 3097 cognatos,

782 3134 847 3174 ac
886 3133 1026 3190 quos
1075 3119 1239 3174 unius
1271 3118 1487 3190 generis
1558 3118 1791 3174 societas
1843 3126 2044 3184 teneat,
2090 3125 2346 3189 proterve

784 3210 1085 3276 oblatrans,
1114 3210 1209 3267 sed
1245 3210 1672 3283 singularissima
1693 3211 1853 3275 ratio,
1884 3209 1951 3265 ad
1982 3209 2214 3280 primam
2261 3224 2349 3263 ra-

785 3302 1012 3367 tionem,
1047 3317 1143 3358 eos
1194 3303 1289 3371 qui
1347 3300 1556 3357 ratione
1590 3308 1835 3365 utantur,
1871 3308 2068 3354 natura
2102 3298 2346 3366 ducens;

783 3408 893 3464 qua
929 3393 1043 3448 sola
1076 3392 1273 3463 gaudet
1305 3393 1468 3457 Deus,
1500 3400 1556 3447 et
1588 3407 1618 3445 a
1645 3390 1805 3446 nobis
1834 3390 2008 3446 servis
2031 3391 2145 3445 suis
2196 3390 2348 3445 εωθ-

784 3486 939 3556 gitat.
962 3483 1130 3554 quue
1159 3482 1448 3554 signitlcat,
1484 3498 1609 3538 cum
1643 3483 1698 3537 in
1748 3482 1866 3537 haec
1896 3481 2063 3537 verba
2093 3496 2349 3552 maguum

785 3574 1046 3630 Davidem
1087 3574 1384 3645 alloquitur
1413 3591 1427 3627 :
1481 3572 1620 3639 Quid
1647 3574 1785 3628 enim
1816 3574 1944 3627 mihi
1993 3580 2069 3627 est
2097 3573 2151 3626 in
2201 3570 2347 3638 creto,

785 3679 836 3725 et
865 3688 897 3725 a
923 3678 973 3724 te
1001 3669 1126 3741 quid
1154 3667 1298 3723 volui
1318 3683 1476 3739 super
1504 3674 1704 3720 terram
1739 3666 1823 3720 ³³2
1853 3664 2002 3720 Nihil
2054 3672 2236 3719 autem
2294 3663 2351 3719 in

786 3763 941 3819 caelis
965 3761 1139 3817 sancti
1181 3760 1357 3832 angeli
1392 3760 1501 3815 Deo
1540 3758 1800 3824 offerunt,
1851 3766 2052 3828 praeter
2111 3759 2353 3812 rationa-

2444 2655 2620 2725 λημα·
2669 2656 2757 2709 διὰ
2789 2657 3011 2711 πάντων
3052 2660 3165 2721 τοῖς
3228 2658 3484 2726 ἀγγέλοις
3519 2660 3835 2732 ὁμολάτρης
3868 2660 4026 2729 γενόο

2447 2762 2607 2815 μενος
2665 2746 2760 2799 καὶ
2813 2746 3157 2817 ὁμοδίαιτος,
3211 2748 3357 2803 καθά
3394 2749 3497 2803 πού
3549 2768 3715 2820 φησιν
3762 2754 3792 2804 ό
3848 2751 4025 2821 μέγας

2458 2836 2796 2903 Ἀπόστολος,
2839 2836 3025 2907 Ἠμῶν
3051 2836 3121 2891 δὲ
3160 2839 3228 2893 τὸ
3259 2840 3593 2910 πολίτευμα
3625 2841 3695 2895 ἐν
3737 2842 4025 2910 οὐρανοῖς

2445 2927 2700 2995 ὑπάρχει
2725 2944 2739 2959 ο
2778 2930 2907 2997 παρ’
2942 2922 3025 2993 οἷς
3064 2929 3163 2982 οὐκ
3196 2928 3346 2984 ἔστιν
3391 2931 3679 3002 ἐπιθυμία,
3726 2933 3796 2986 δι’
3823 2932 4028 3003 ἡδονῆς

2444 3018 2569 3081 τοὺς
2632 3019 2850 3089 νοεροὺς
2922 3020 3279 3091 παραλύουσα
3338 3022 3525 3087 τόνους
3553 3039 3567 3054 ·
3597 3027 3612 3046 ⁸
3667 3022 3791 3077 οὔτε
3849 3025 4027 3096 θυμὸς

2446 3107 2690 3174 λυσσῶν,
2743 3110 2951 3164 καὶτὸ
3007 3113 3269 3180 συγγενὲς
3317 3114 3569 3185 ἀσέμνως
3619 3114 4026 3169 καθυλακτῶνσ

2448 3200 2584 3256 ἀλλά
2636 3200 2793 3270 λόγος
2852 3202 3158 3272 μονώτατος
3178 3245 3192 3269 ,
3270 3205 3405 3275 πρὸς
3455 3206 3546 3259 τὸν
3599 3206 3814 3279 πρῶτον
3867 3207 4029 3275 λόγον

2449 3292 2693 3360 φυσικῶς
2775 3293 2923 3361 ἀγων
2995 3293 3122 3359 τοὺς
3179 3294 3428 3361 λογικούς
3453 3314 3465 3326 ·
3518 3290 3563 3364 ᾧ
3634 3297 3780 3369 μόνῳ
3841 3298 4029 3369 χαίρει

2451 3383 2605 3449 Θεὸς,
2649 3383 2745 3437 καὶ
2780 3384 2908 3456 παρ’
2940 3384 3097 3456 ἡμῶν
3126 3387 3267 3439 aitet
3297 3385 3407 3438 τῶν
3440 3385 3606 3440 αὑτοῦ
3640 3387 3866 3442 δούλων.
3914 3391 4031 3444 Καὶ

2450 3479 2610 3534 τοῦτο
2635 3479 2785 3549 δηλοῖ
2821 3479 2956 3551 πρὸς
2988 3479 3080 3533 τδν
3114 3480 3288 3552 μέγαν
3322 3480 3546 3551 φάσκων
3587 3482 3779 3537 Δασίδο
3818 3484 3883 3537 Τί
3914 3483 4029 3553 γάρ

2446 3588 2547 3641 μοι
2572 3569 2827 3640 ὑπάρχει
2848 3571 2919 3626 ἐν
2945 3570 3026 3637 τῷ
3057 3572 3310 3640 οὐρανῷ,
3346 3574 3444 3627 καί
3472 3573 3632 3643 παρὰ
3662 3574 3781 3630 σοῦ
3806 3578 3865 3630 τί
3893 3576 4033 3644 ἠθέ-

2453 3665 2621 3731 λησα
2650 3662 2746 3717 ἐπὶ
2787 3661 2899 3732 τῆς
2932 3657 3097 3732 τῆς;
3163 3664 3429 3736 ’Υπάρχει
3466 3665 3524 3719 δι
3564 3664 3641 3735 τῷ
3674 3665 3796 3736 Θεῷ
3834 3668 3897 3719 ιν
3936 3667 4031 3720 οὖ-

2454 3753 2640 3823 ρανοϊς
2694 3752 3106 3822 προσαγόμενον
3164 3754 3315 3824 παρά
3376 3755 3486 3808 τῶν
3536 3755 3706 3823 ἁγίων
3753 3758 4029 3825 ἀγγέλων,

786 3856 892 3911 lem
919 3854 1165 3917 cultum;
1194 3866 1359 3922 quem
1403 3850 1581 3921 ipsum
1624 3866 1653 3904 a
1707 3850 1867 3905 nobis
1913 3850 2163 3921 exigens,
2209 3854 2353 3904 inter
2391 3917 2417 3922 Α
2456 3839 2569 3910 πλὴ

2456 3839 2594 3910 πλὴν
2616 3839 2714 3912 τῆς
2740 3840 2960 3912 λογικῆς
2987 3840 3241 3914 λατρείας
3268 3843 3420 3897 οὐδέν
3445 3858 3459 3873 ⁸
3487 3844 3554 3914 ἢν
3587 3846 3679 3899 καὶ
3704 3848 3841 3915 παρ’
3870 3848 4031 3918 ἡμῶν

786 3946 1054 4001 orandum
1092 3917 1276 4000 dicere
1305 3917 1492 3999 docuit
1518 3960 1531 3998 :
1558 3941 1677 3997 Fiat
1700 3941 1944 3998 voluntas
1968 3917 2081 4007 tua,
2138 3943 2269 3996 sicut
2295 3942 2349 3996 in
2378 3917 2420 3976 ο
2454 3931 2569 3996 ἑπιζ

2454 3931 2746 4001 ἐπιζητῶν,
2784 3934 3255 4005 προσευχομένους
3304 3934 3481 4003 λέγειν
3542 3936 3750 4004 ἐδίδαξε
3777 3954 3791 3968 α
3833 3917 4032 4008 Γενη-

784 4039 932 4105 calo,
951 4046 1000 4093 et
1021 4039 1078 4092 in
1106 4045 1273 4092 terra.

856 4211 1222 4282 lgiturnostra
1247 4223 1466 4279 quoque
1496 4207 1563 4263 ad
1591 4208 1761 4263 Deum
1791 4207 2183 4279 inquirendum
2210 4208 2352 4265 ratio

786 4312 1090 4367 moveatur,
1114 4302 1307 4371 visque
1340 4299 1656 4371 cupiditatis
1679 4300 1955 4356 desiderio
1979 4301 2035 4355 in
2082 4314 2209 4355 eum
2259 4315 2353 4355 ra-

789 4395 1004 4464 piatur;
1043 4394 1137 4448 ine
1158 4392 1393 4462 denique
1451 4393 1703 4458 facultas,
1749 4394 1869 4464 ejus
1920 4392 2354 4448 conservationis

785 4488 983 4542 ardore
1016 4501 1195 4556 pugna
1238 4486 1544 4540 concitetur
1575 4503 1587 4539 :
1614 4486 1719 4549 vel,
1752 4492 1812 4539 ut
1843 4484 2030 4540 verius
2079 4499 2143 4539 ac
2183 4484 2355 4554 magis

788 4581 1008 4647 proprie
1028 4576 1243 4646 loquar,
1262 4589 1415 4629 mens
1431 4584 1541 4629 tota
1567 4574 1622 4629 in
1642 4575 1812 4629 Deum
1836 4573 2172 4638 intendatur,
2190 4589 2354 4644 quam

2451 4022 2606 4089 θήτω
2631 4024 2695 4077 τὸ
2726 4022 2953 4094 θέλημά
2982 4039 3122 4091 σου,
3166 4026 3246 4091 ὡς
3269 4026 3341 4080 ἐν
3364 4026 3617 4098 οὐρανῷ,
3646 4029 3746 4083 καὶ
3790 4030 3897 4085 ἐπὶ
3924 4031 4033 4101 τῆς

2449 4130 2583 4183 γηςο

2523 4202 2734 4259 υὺκοῦν
2780 4205 3038 4260 κινείσθω
3081 4206 3176 4261 καὶ
3223 4206 3379 4278 ήμῶν
3417 4206 3555 4279 πρὸς
3604 4209 3705 4276 τὴν
3752 4207 3849 4263 τοῦ
3892 4210 4030 4263 Θεοῦ

2453 4294 2679 4367 ζήτησιν
2716 4298 2744 4351 ό
2794 4298 2987 4367 λόγος,
3040 4298 3175 4370 πρός
3210 4316 3269 4352 τε
3311 4300 3402 4353 τὸν
3440 4299 3604 4353 αὑτοῦ
3642 4299 3810 4354 πόθον
3841 4303 3877 4371 ή
3912 4305 4031 4356 κατ’

2453 4384 2748 4455 ἐπιθυμίαν
2779 4385 3042 4457 δύναμις,
3094 4389 3189 4441 καὶ
3243 4388 3380 4459 πρὸς
3421 4390 3517 4459 τὴν
3566 4388 3730 4443 αὑτοῦ
3775 4391 4031 4463 φυλακὴν

2456 4477 2807 4546 ἀγωνιζέσθω
2860 4479 2921 4532 τὸ
2976 4479 3203 4550 θυμικόν
3233 4496 3246 4511 ⁸
3315 4480 3519 4550 μᾶλλον
3579 4481 3635 4535 δὲ
3685 4483 4032 4555 κυριώτερον

2455 4567 2651 4630 εἰπεῖν,
2685 4566 2713 4619 ό
2752 4568 2849 4638 μὲν
2886 4566 3012 4631 νοῦς
3041 4566 3292 4622 τετάσθω
3323 4571 3432 4633 πᾶς
3464 4568 3601 4641 πρὸς
3638 4568 3771 4623 Θεόν
3800 4587 3814 4603 ·
3868 4575 4034 4626 οἱονεὶ

792 4683 919 4727 tono
954 4667 1189 4737 quodam
1217 4664 1465 4722 iracundi
1486 4681 1668 4721 mores
1702 4665 2083 4729 corroborent,
2112 4679 2353 4720 summa-
2454 4657 2569 4726 ‘révq

2454 4657 2593 4726 τόνῳ
2645 4658 2750 4711 τινὶ
2808 4659 2886 4729 τῷ
2942 4658 3161 4730 θυμικῷ
3227 4660 3415 4732 τρόπῳ
3473 4661 3879 4733 νευρούμενος,
3941 4668 4035 4719 καὶ

782 4774 894 4828 que
923 4757 1184 4812 desiderii
1213 4758 1264 4812 vi
1285 4755 1519 4826 cupidus
1540 4770 1695 4810 amor
1727 4754 2009 4810 accendat.
2065 4753 2155 4810 Sic
2206 4755 2354 4811 enim
2457 4747 2569 4801 πόθι

2457 4747 2606 4818 πόθῳ
2645 4752 2708 4819 τῇ
2742 4750 2864 4802 κατ’
2904 4748 3072 4819 ἄκρον
3122 4748 3307 4819 ἐφέσει
3346 4750 3445 4819 τῆς
3486 4750 3787 4822 ἐπιθυμίας
3827 4755 4033 4825 πυροῦ-

787 4850 1105 4920 augelorum
1140 4848 1196 4902 in
1225 4849 1363 4904 caelo
1387 4847 1708 4911 imitatione,
1733 4846 1827 4902 Dei
1857 4861 1954 4916 per
1980 4846 2163 4901 omnia
2181 4848 2358 4902 culto-
2461 4856 2569 4909 μενε

2461 4856 2639 4909 μενος.
2678 4839 2833 4894 Οὕτω
2858 4840 2968 4911 γὰρ
3002 4839 3130 4903 τοὺς
3166 4841 3289 4893 κατ’
3335 4840 3564 4911 οὐρανὸν
3634 4843 3911 4912 ἀγγέλους
3943 4863 4036 4916 μι-

790 4956 876 4995 res
903 4939 1250 4994 inveniemur
1273 4955 1288 5004 ;
1311 4938 1405 5008 qui
1436 4937 1697 4992 nimirum
1728 4937 1980 4992 eamdem
2010 4952 2135 4993 cum
2192 4951 2358 5008 ange-
2461 4932 2561 5004 μού

2461 4932 2742 5004 μούμενοι,
2773 4930 2853 5003 τῷ
2884 4932 3005 5004 Θεῷ
3038 4932 3126 4986 διὰ
3160 4931 3377 4987 πάντων
3415 4933 3770 5003 λατρεύοντες
3801 4938 4036 5009 εὑρεθη-

789 5034 856 5089 lis
888 5034 1013 5088 vitae
1040 5032 1304 5086 rationem
1340 5031 1397 5085 in
1430 5039 1572 5086 terra
1621 5023 2006 5093 exhibeamus;
2036 5028 2117 5085 sic
2160 5043 2357 5099 nempe
2460 5024 2564 5095 σόμ

2460 5024 2699 5095 σόμεθα·
2758 5024 2855 5094 τὴν
2910 5023 3081 5096 αὐτὴν
3140 5027 3253 5088 τοῖς
3340 5024 3599 5093 ἀγγέλοις
3645 5026 3742 5079 ἐπὶ
3792 5028 3896 5099 τῆς
3930 5029 4036 5099 γῆς

788 5124 1106 5192 comparati,
1132 5129 1190 5178 ut
1218 5120 1445 5193 perinde
1478 5135 1543 5175 ac
1575 5120 1674 5184 illi,
1712 5118 1768 5174 in
1781 5118 1927 5174 nulla
1951 5132 2164 5184 eorum,
2187 5134 2308 5189 quae
2326 5133 2357 5173 a
2460 5116 2569 5169 πολι

2460 5115 2737 5169 πολιτείαν
2793 5116 3261 5187 ἐπιδεικνύμενον
3326 5118 3463 5188 πρὸς
3509 5117 3662 5172 οὐδὲν
3719 5118 3834 5174 τῶν
3899 5122 4040 5192 μετά

790 5216 901 5269 1)οο
926 5213 1166 5268 secunda
1195 5219 1343 5277 sunt,
1368 5212 1550 5266 animo
1571 5226 1798 5282 prorsus
1829 5224 2167 5266 moveamur.
2196 5210 2357 5265 Acci-
2388 5251 2433 5309 υ
2459 5207 2569 5261 Θεδε

2459 5207 2591 5261 Θεὸν
2650 5206 2780 5272 ίσως
2825 5206 3054 5271 ὲκείνοις
3100 5207 3315 5278 ἔχοντες
3361 5207 3452 5261 τὸν
3488 5206 3614 5261 νοῦν
3654 5208 3717 5261 τὸ
3768 5210 4039 5280 παράπαν

790 5305 1005 5375 piemus
1031 5302 1179 5358 enim
1204 5317 1272 5357 ex
1297 5312 1548 5358 votorum
1584 5302 1815 5366 ratione,
1868 5300 1947 5356 sic
1986 5301 2154 5357 vitam
2195 5300 2354 5356 insti-
2388 5296 2430 5309 ”
2460 5314 2569 5353 κινο

2460 5297 2797 5368 κινούμενον.
2850 5297 3127 5368 Δεξόμεθα
3177 5299 3286 5369 γὰρ
3322 5298 3440 5352 κατ’
3485 5296 3650 5368 εὐχὰς
3701 5297 3848 5351 οὓτω
3884 5302 4035 5352 mlt-

792 5402 1031 5456 tuentes,
1060 5390 1210 5447 velut
1242 5405 1458 5460 panem,
1484 5389 1753 5443 ἐπιούσιον
1778 5390 2131 5461 vitalemque,
2169 5390 2225 5444 in
2255 5390 2357 5445 ali-
2457 5395 2569 5445 τευ(

2457 5391 2770 5462 τευόμενοι,
2810 5389 3063 5462 καθάπερ
3099 5391 3264 5461 ἄρτον
3304 5390 3578 5444 ἐπιούσιον
3624 5406 3685 5442 τε
3739 5390 3838 5444 καὶ
3880 5389 4042 5452 ζωτι-

792 5484 1032 5552 moniam
1060 5481 1368 5537 animarum
1390 5488 1726 5547 nostrarum,
1761 5488 1817 5535 et
1843 5490 1903 5535 ut
1937 5490 2127 5552 vegeta
2188 5481 2356 5537 bene-
2460 5481 2555 5535 κδν

2460 5481 2555 5535 κδν
2600 5484 2680 5546 είς
2709 5481 3025 5557 ἀπο-τροφὴν
3056 5480 3167 5538 τῶν
3213 5480 3501 5554 ἡμετέρων
3530 5480 3743 5553 ψυχῶν,
3780 5482 3878 5536 καὶ
3912 5497 4038 5539 συν-

864 5640 907 5673 ⁸¹
938 5637 982 5694 11
1012 5635 1139 5695 Cor.
1168 5652 1260 5705 vu,
1288 5633 1338 5692 1.
1414 5633 1482 5666 ’ν
1506 5633 1742 5705 Philipp.
1770 5649 1847 5698 tu,
1876 5633 1962 5688 20.
2040 5635 2083 5667 ³³
2110 5635 2249 5691 Psal.
2290 5650 2449 5702 vau,
2479 5632 2569 5690 25.

864 5802 881 5829 θ
916 5796 1041 5855 llaec
1074 5794 1315 5857 breviter
1349 5792 1609 5851 deﬂorata
1641 5791 1697 5847 in
1726 5802 1931 5848 catena.
