4218 6432
218 408 315 470 897

1193 408 1607 473 EXPOSITIO
1643 405 1973 467 ORATION
1986 406 2054 465 IS
2094 406 2479 468 DOMINICIE

3332 416 3438 479 898

218 527 449 596 τήρησιν
480 528 579 599 τῆς
602 529 711 582 τῶν
740 529 1110 601 χαρισθέντων
1138 531 1270 601 ἡμῖν
1298 529 1519 597 ἀγαθῶν
1542 526 1776 590 εὐεξίας,
1809 533 1848 587 Α
1879 546 1884 573 ι

1769 565 1776 585 ,
1809 533 1848 587 Α
1879 539 1985 592 que
2013 524 2268 579 habentia
2327 539 2585 580 concessa
2634 526 2796 581 nobis
2838 525 2979 582 dona
3022 542 3435 597 conserventur,

248 619 304 673 δν
333 623 551 676 εἰπόντα
580 624 784 690 Λόγονο
831 624 978 694 Ἐγώ
1020 626 1137 692 ειμι
1167 626 1198 677 ὀ
1228 623 1426 690 ἄρτος.
1480 621 1510 672 ὁ
1563 620 1631 672 ἐκ
1670 617 1776 672 τοῦ

218 714 477 778 οὐρανοῦ
510 715 801 782 κατασὰς,
848 715 948 769 καί
980 714 1133 782 ζωὴν
1168 713 1373 777 διδοὺς
1414 710 1494 774 τῷ
1536 712 1739 778 κόσμῳ
1760 725 1775 739 ο

218 806 494 874 ἀναλόγως
521 809 652 877 ἡμῖν
683 811 796 871 τοῖς
827 807 1184 879 τρεφομένοις
1228 806 1296 857 δι’
1329 806 1527 872 ἀρετῆς
1557 803 1649 854 καὶ
1687 817 1773 852 σου

219 892 366 959 φίας,
403 896 579 948 πάντα
611 896 891 966 γινόμενον
933 911 947 926 ο
980 895 1073 947 καὶ
1111 894 1179 946 δι’
1214 894 1439 945 ἑκάστου
1467 890 1574 943 τῶν
1608 887 1779 951 σωζο-

220 987 397 1053 μένων
468 988 762 1053 ποικίλως,
821 991 896 1053 ὠς
954 984 1093 1042 οἶδεν
1161 988 1356 1049 αὐτὸς,
1425 982 1781 1054 σωματούμε-

216 1094 340 1131 νον’
407 1078 487 1131 ἔτι
560 1081 699 1133 κατὰ
757 1080 849 1132 τὸν
908 1080 1081 1133 αἰῶνα
1150 1078 1338 1131 τοῦτον
1422 1076 1778 1146 ὑπάρχοντες,

216 1169 361 1221 κατὰ
411 1172 512 1241 τὴν
562 1171 655 1224 τοῦ
706 1172 870 1243 ῥητοῦ
917 1175 1015 1242 τῆς
1066 1169 1375 1242 προσευχῆς
1428 1168 1656 1235 δύναμιν
1686 1165 1778 1220 τοῦ

215 1258 465 1324 λέγοντος

292 1454 405 1506 Τέν
434 1453 616 1520 ἄρτον
654 1452 821 1520 ἡμῶν
868 1453 975 1505 τὸν
1001 1454 1314 1507 ἐπιούσιον
1359 1452 1459 1518 δὸς
1496 1452 1636 1520 ἡμῖν
1670 1451 1781 1518 σή·-

215 1562 419 1612 (tepor.

287 1634 491 1686 Τοῦτον
530 1632 639 1703 γάρ
685 1629 837 1702 οἶμαι
884 1632 1170 1703 δηλοῦσθαι
1205 1633 1296 1687 τὸν
1347 1634 1516 1687 αἰῶνα
1567 1633 1654 1686 διὰ
1686 1633 1781 1685 τοῦ

214 1725 515 1794 σήμερονο
546 1724 620 1787 ὡς
650 1727 806 1786 εἴτις
838 1726 930 1777 ἐπὶ
959 1725 1018 1777 τὸ
1042 1724 1371 1796 σαφέστερον
1405 1723 1665 1789 ἐκλαϐὼν,
1704 1725 1783 1776 εἷς

215 1834 329 1882 ποι,
369 1817 459 1869 τὸν
498 1817 662 1870 τόπον
700 1816 799 1885 τῆς
854 1818 1183 1887 προσευχῆς,
1231 1818 1340 1871 Τὸν
1378 1817 1558 1884 ἄρτον
1592 1814 1779 1884 ἡμῶν,

213 1907 275 1959 ὃν
321 1909 604 1976 καταρχὰς
636 1907 722 1958 ἐπ’
769 1906 1037 1977 ἀθανασίᾳ
1069 1907 1168 1976 τῆς
1211 1906 1426 1975 φύσεως
1461 1906 1780 1976 ἡτοίμασας,

216 1997 325 2063 δὸς
358 1999 503 2067 ἡμῖν
526 2000 815 2067 σήμερον,
853 1999 993 2051 κατὰ
1027 1999 1124 2067 τὴν
1159 1998 1437 2067 παροῦσαν
1467 1998 1610 2068 ζωὴν
1635 1993 1783 2050 οῦσιν

215 2090 319 2159 τῆς
375 2089 820 2160 θνητότητος(η)
851 2106 864 2119 ·
917 2089 1002 2141 ἴνα
1047 2091 1242 2162 νικήσῃ
1286 2089 1376 2142 τὸν
1416 2088 1645 2142 θάνατον
1685 2088 1786 2158 τῆς

216 2182 531 2251 ἁμαρτίας,
571 2182 604 2252 ἡ
656 2179 830 2252 τροφὴ
864 2180 956 2233 τοῦ
1009 2180 1176 2253 ἄρτου
1224 2183 1323 2252 τῆς
1372 2181 1514 2250 ζωῆς
1565 2182 1657 2232 καὶ
1687 2181 1787 2251 τῆς

217 2272 604 2341 ἐπιγνώσεως·
655 2269 722 2345 ἧς
754 2274 980 2344 μέτοχον
1019 2274 1270 2341 γενέσθαι
1325 2273 1414 2325 τὸν
1456 2273 1671 2343 πρῶτον
1694 2270 1788 2324 ἄν·

218 2366 477 2437 θρωπον,
529 2368 562 2436 ἡ
620 2366 934 2437 παράϐασις
975 2366 1075 2436 τῆς
1112 2365 1260 2428 θείας
1309 2364 1530 2434 ἐντολῆς
1564 2366 1624 2418 οὐ
1659 2381 1785 2418 συν-

218 2458 522 2528 εχὼρησεν.
571 2458 658 2520 Ὠς
706 2459 819 2526 εἴγε
878 2456 1082 2529 ταύτης
1134 2457 1434 2528 ἐνεφορήθη
1482 2456 1582 2525 τῆς
1638 2455 1789 2520 θείας

217 2551 456 2620 τροφῆς.
514 2550 613 2602 οὐκ
672 2549 738 2603 ἂν
796 2548 873 2621 τῷ
926 2549 1144 2620 θανάτῳ
1196 2550 1297 2619 τῆς
1350 2548 1623 2619 ἁμαρτίας
1669 2547 1788 2619 ἠλί-

222 2662 404 2697 σκετο.
1443 2698 1447 2702 _

293 2736 440 2805 Πλὴν
483 2738 510 2790 ὁ
553 2735 645 2788 τὸν
697 2734 862 2805 ἄρτον
895 2732 1080 2786 τοῦτον
1134 2732 1319 2786 λαϐεῖν
1364 2731 1657 2803 εὐχόμενος
1698 2730 1790 2786 τὸν

223 2827 519 2890 ἐπιούσιον,
562 2826 625 2878 οὐ
670 2825 884 2889 πάντως
934 2823 1054 2878 ὅλον
1100 2824 1312 2894 δέχεται
1345 2822 1529 2886 καθὼς
1569 2824 1731 2886 αὐτὸς
1760 2822 1789 2876 ὁ

222 2922 386 2987 ἄρτος
436 2918 582 2971 ἐστίν
604 2933 617 2946 '
677 2916 809 2969 ἀλλὰ
840 2915 1021 2979 καθὼς
1066 2914 1226 2977 αὐτὸς
1260 2916 1289 2968 ό
1316 2916 1602 2985 δεχόμενος
1629 2914 1789 2971 δύνα-

221 3025 328 3060 ται.
357 3007 500 3060 Πᾶσι
531 3007 633 3076 μὲν
660 3005 769 3077 γὰρ
792 3005 985 3058 ἐαυτὸν
1017 3004 1198 3058 δίδωσι
1222 3006 1335 3067 τοῖς
1369 3004 1611 3058 αἰτοῦσιν
1637 3006 1664 3057 ὁ
1686 3006 1788 3075 τῆς

221 3098 371 3169 ζωῆς
402 3098 567 3169 ἄρτος
588 3140 603 3162 ,
646 3098 721 3159 ὡς
763 3097 1175 3168 φιλάνθρωπος,
1206 3096 1267 3149 οὐ
1309 3096 1449 3149 κατὰ
1482 3097 1543 3149 τὸ
1572 3098 1702 3150 αὐτὸ
1730 3099 1787 3151 δὲ

1880 614 2055 683 ipsum
2093 614 2352 673 Vcrhum.
2379 616 2524 685 quod
2554 617 2631 670 ait
2662 635 2675 670 :
2705 617 2818 689 Ego
2864 635 2984 673 sum
3034 620 3210 690 panis,
3243 623 3333 690 qui
3371 626 3434 677 de

1877 706 2003 759 caelo
2062 706 2322 768 descendi,
2392 716 2440 760 et
2467 707 2533 761 do
2574 710 2733 763 vitam
2765 712 2957 766 mundo
2997 713 3041 745 ³⁸
3072 712 3240 785 (quod
3280 717 3444 771 nimi-

1879 812 1999 849 rum
2050 810 2149 865 pro
2199 796 2361 850 modo
2409 805 2680 867 captuque
2731 810 2941 867 nostro,
2994 804 3089 872 qui
3143 807 3441 871 nutrimur,

1879 889 2058 941 omnia
2086 888 2241 943 nobis
2276 904 2374 958 per
2429 891 2688 945 virtutem
2718 906 2781 945 ac
2821 894 3143 963 sapientiam
3201 896 3314 962 ﬁat,
3352 914 3443 952 va-

1879 977 2067 1047 rieque
2091 993 2189 1047 per
2227 979 2502 1049 quoslibet
2526 997 2759 1051 quorum
2785 983 2949 1039 saluti
2971 987 3285 1042 consultum
3342 990 3436 1051 sit,

1879 1084 1985 1139 qua
2027 1071 2204 1138 ipsum
2239 1071 2393 1125 novit
2427 1073 2659 1135 ratione,
2689 1075 3062 1143 corporetur),
3099 1076 3263 1147 idque
3282 1078 3441 1144 adeo,

1879 1157 2008 1210 dum
2041 1166 2097 1211 et
2124 1158 2303 1212 adhuc
2328 1159 2382 1212 in
2413 1160 2665 1228 praesenti
2689 1164 2887 1217 sacculo
2919 1163 3204 1219 constituti
3233 1181 3444 1233 sumus,

1876 1250 2029 1319 juxta
2062 1251 2171 1302 vim
2198 1251 2484 1305 sententia:
2512 1260 2801 1323 textosque
2858 1255 3145 1323 orationis,
3202 1256 3301 1328 qui
3358 1257 3444 1313 sic

1881 1340 2047 1394 habet
2077 1357 2093 1393 :

1951 1451 2155 1507 Panem
2191 1463 2430 1508 nostrum
2458 1456 2823 1525 quotidianum
2851 1457 2918 1510 da
2938 1458 3082 1513 nobis
3107 1460 3281 1516 hodie.

1951 1625 2203 1680 Arbitror
2219 1627 2386 1690 cnim,
2411 1628 2557 1698 quod
2585 1628 2806 1694 dicitur,
2826 1630 2998 1695 hodie,
3025 1631 3189 1703 359
3212 1647 3450 1702 praesens

1883 1721 2139 1773 smculum
2175 1720 2500 1789 designare;
2543 1736 2608 1774 ac
2683 1721 2727 1775 si
2789 1722 2913 1791 quis
2963 1723 3141 1778 locum
3188 1725 3450 1780 orationis

1883 1811 2125 1879 apertius
2148 1825 2447 1879 exponens,
2493 1813 2659 1876 dicat,
2710 1812 2910 1866 Panem
2963 1823 3222 1877 nostrum,
3282 1830 3447 1884 quem

1885 1901 1955 1954 ab
1979 1901 2158 1966 initio,
2183 1902 2250 1955 ad
2301 1901 2764 1957 immortalitatem
2821 1911 3032 1958 natura:
3083 1906 3453 1975 praestandam

1884 1994 2112 2063 parasti,
2154 1993 2222 2047 da
2247 1994 2391 2048 nobis
2413 1995 2581 2058 hodie,
2613 1994 2927 2064 quandiuin
2958 1996 3175 2050 mortali
3201 1997 3305 2052 hac
3337 2000 3454 2052 vita

1883 2100 2199 2151 versamur;
2227 2101 2337 2155 quo
2358 2087 2614 2143 nimirum
2644 2088 2799 2155 panis
2818 2087 2943 2143 vitm
2966 2104 3032 2143 ac
3068 2089 3311 2144 scientia:
3351 2089 3453 2143 ali-

1883 2176 2321 2245 monia,peccati
2344 2184 2573 2229 mortem
2620 2177 2805 2229 vincat
2849 2194 2861 2229 :
2907 2176 3065 2246 cujus
3104 2192 3172 2231 ne
3226 2192 3462 2247 compos

1884 2264 2276 2335 ﬁeretprimus
2303 2265 2491 2329 homo,
2524 2264 2696 2319 divini
2733 2265 2945 2321 obstitit
2980 2265 3221 2321 mandati
3276 2276 3454 2321 trans-

1884 2359 2111 2429 gressio.
2162 2358 2392 2427 Itaque,
2474 2358 2520 2411 si
2586 2357 2770 2411 divina
2818 2357 2921 2412 hac
2987 2373 3111 2414 esca
3170 2365 3463 2414 saturatus-

1883 2450 2096 2517 fuisset,
2121 2466 2403 2522 nunquam
2432 2452 2640 2521 peccati
2670 2463 2843 2509 morte
2868 2460 3061 2525 captus
3086 2464 3253 2511 esset.

1953 2729 2245 2793 Cmterum,
2264 2730 2355 2801 qui
2384 2746 2579 2802 panem
2604 2732 2751 2790 hunc
2772 2734 3151 2793 substantialis
3174 2739 3452 2796 alimoniae

1887 2828 2040 2889 optat
2094 2836 2335 2885 sumere,
2369 2837 2478 2877 non
2530 2839 2755 2893 prorsus
2806 2834 2981 2881 totum
3023 2830 3243 2901 accipit,
3308 2832 3453 2889 sicut

1887 2910 2004 2981 ipse
2029 2912 2183 2980 panis
2207 2920 2322 2978 est;
2358 2912 2453 2967 sed
2483 2922 2684 2983 quanta
2718 2918 2837 2986 ejus
2859 2917 2951 2986 qui
2981 2920 3182 2990 accipit
3223 2920 3454 2979 facultas

1885 3011 1989 3057 est.
2019 3002 2243 3058 Cunctis
2275 3004 2422 3058 enim
2450 3006 2767 3073 petentibus
2818 3024 2875 3063 se
2929 3010 3135 3081 praebet
3191 3020 3459 3084 tanquam

1886 3094 2224 3149 humanitate
2247 3097 2706 3165 propensissimus
2732 3101 2890 3168 panis
2922 3102 3066 3168 vitae,
3105 3119 3215 3159 non
3267 3118 3453 3162 autem

221 3190 393 3243 πᾶσιν
420 3206 431 3217 ·
486 3188 623 3242 ἀλλὰ
670 3190 783 3251 τοῖς
837 3189 935 3258 μὲν
991 3187 1201 3257 μεγάλα
1253 3186 1387 3258 ἔργα
1440 3187 1786 3258 πεποιηκόσι.
1815 3196 1857 3252 c

1815 3196 1857 3252 c
1889 3186 2120 3255 perinde
2151 3187 2410 3242 omnibus
2439 3206 2453 3254 ;
2482 3189 2574 3243 sed
2608 3191 2695 3255 iis,
2729 3191 2823 3261 qui
2845 3194 3050 3263 majora
3075 3197 3452 3264 prazstiterint,

223 3278 485 3339 πλειόνως
511 3293 522 3307 ο
580 3279 692 3339 τοῖς
734 3276 790 3328 δὲ
833 3276 1039 3329 τούτων
1077 3276 1297 3345 ἥττοσι,
1333 3276 1572 3346 ήττόνως
1599 3292 1614 3306 °
1660 3278 1787 3331 ἐκά-

222 3387 337 3439 στῳ
375 3368 471 3438 μὲν
513 3363 608 3421 οὖν
635 3366 814 3430 καθὼς
844 3367 876 3437 ή
919 3366 1062 3419 κατὰ
1096 3367 1219 3420 νοῦν
1250 3366 1375 3433 ἀξία
1418 3366 1670 3433 δέξασθαι
1701 3366 1787 3419 δύο

222 3477 404 3514 ναται.

294 3552 439 3619 Πρὸς
466 3549 669 3618 ταύτην
698 3548 755 3601 δέ
790 3566 857 3619 με
887 3548 979 3601 τοῦ
1027 3548 1297 3619 παρόντος
1346 3548 1509 3618 ῥητοῦ
1561 3548 1660 3619 τὴν
1703 3548 1786 3601 ἔν-

220 3661 373 3697 νοιαν
398 3643 601 3713 ῆγαγεν
631 3643 660 3693 ὁ
701 3641 908 3712 Σωτὴρ,
941 3641 1300 3712 προστάσσων
1342 3640 1642 3711 διαρρήδην
1676 3643 1787 3705 τοῖς

229 3735 507 3804 μαθηταῖς
551 3733 756 3804 τροφῆς
804 3733 1068 3803 αἰσθητῆς
1100 3731 1380 3794 παντελῶς
1416 3733 1490 3802 μὴ
1520 3732 1788 3785 ποιεῖσθαι

220 3828 401 3895 λόγον,
446 3824 637 3887 εἰπὼν,
681 3822 774 3891 Μὴ
816 3820 1135 3892 μεριμνᾶτε
1181 3819 1257 3889 τῇ
1306 3820 1479 3890 ψυχῇ
1516 3821 1684 3890 ὑμῶν
1734 3822 1791 3876 τί

220 3921 474 3989 φάγητε,
511 3916 550 3986 ἣ
594 3917 652 3970 τί
684 3917 857 3982 πίητε
880 3931 894 3945 °
936 3908 1089 3984 μήτε
1124 3915 1203 3980 τῷ
1240 3913 1466 3984 σώματι
1516 3914 1685 3983 ὑμῶν
1732 3915 1791 3969 τί

222 4008 634 4075 περιϐάλησθε
659 4021 674 4035 ⁶
724 4005 910 4064 ταῦτα
956 4007 1066 4073 τὰρ
1120 4006 1316 4060 πάντα
1367 4005 1438 4059 τὰ
1491 4008 1634 4074 ἔθνη
1683 4008 1790 4062 τοῦ

221 4103 461 4169 κόσμου
508 4095 893 4164 ἐπιζητοῦσιν
916 4113 931 4127 ⁸
973 4095 1132 4150 ἀλλὰ
1162 4094 1379 4162 ζητεῖτε
1410 4094 1645 4164 πρῶτον
1675 4095 1791 4163 τὴν

220 4191 552 4262 βασιλείαν
574 4189 682 4242 τοῦ
711 4187 877 4251 Θεοῦ,
903 4188 998 4239 καί
1027 4185 1141 4253 τὴν
1160 4185 1552 4254 δικαιοσύνην
1579 4187 1789 4253 αὐτοῦ,

220 4285 323 4338 καί
363 4283 550 4337 ταῦτα
603 4280 800 4334 πάντα
835 4278 1308 4349 προστεθήσεται
1350 4279 1509 4348 ὑμῖν.
1541 4279 1666 4341 Πῶς
1697 4274 1790 4333 οὖν

220 4377 467 4429 διδάσκει
508 4373 903 4443 προσεύχεσθαι
931 4412 945 4434 ,
982 4373 1115 4442 περὶ
1150 4366 1224 4426 ὧν
1270 4371 1344 4443 μὴ
1379 4372 1558 4442 ζητεῖν
1591 4372 1791 4443 προλαρ

222 4467 336 4519 6ὼν
365 4466 709 4533 ἐνετείλατο;
736 4465 893 4536 δῆλον
920 4464 1026 4535 γὰρ
1055 4465 1136 4518 ὅτι
1162 4465 1249 4518 διὰ
1292 4466 1597 4535 προσευχῆς
1622 4468 1791 4518 αἰτεῖν

1886 3278 2213 3335 liberalius:
2250 3280 2336 3334 bis
2366 3282 2605 3351 veroqui
2636 3284 2868 3349 minora,
2918 3288 3176 3355 parcius;
3227 3291 3449 3347 unicui-

1887 3385 1993 3440 que
2014 3379 2214 3437 tamen,
2242 3382 2506 3441 quantum
2532 3389 2629 3443 pro
2661 3375 2830 3430 animi
2884 3376 3150 3447 dignitate
3198 3382 3453 3452 accipere

1888 3460 2107 3516 suﬂicit.

1958 3554 2160 3609 Tcxtus
2199 3555 2361 3625 hujus
2418 3556 2742 3611 sententiam
2793 3567 2854 3613 ut
2910 3558 2994 3614 sic
3030 3561 3336 3631 acciperem
3390 3580 3455 3619 ac

1886 3645 2505 3714 exponerem,Salvator
2532 3649 2771 3718 impulit,
2801 3648 2894 3718 qui
2951 3649 3155 3705 diserte
3212 3651 3457 3723 discipu-

1886 3736 1955 3790 lis
1972 3737 2181 3805 juheat,
2207 3753 2274 3791 nc
2306 3738 2468 3792 ullam
2518 3755 2742 3808 prorsus
2772 3742 3037 3798 rationem
3062 3743 3298 3800 habeant
3338 3747 3457 3818 ejus

1890 3833 2021 3898 cibi,
2046 3833 2139 3903 qui
2162 3849 2323 3888 sensu
2352 3835 2673 3906 percipitur,
2698 3836 2887 3892 dicens
2907 3885 2922 3900 .
2965 3839 3044 3893 Ne
3074 3839 3286 3895 solliciti
3342 3841 3456 3894 sitis

1890 3925 2080 3977 anima:
2105 3932 2289 3978 vestra:
2317 3927 2442 3995 quid
2464 3928 2809 3992 manducetis,
2844 3938 2936 3982 aut
2968 3931 3092 3999 quid
3123 3931 3344 3997 bibatis;
3366 3948 3459 3985 ne-

1889 4032 1988 4085 que
2016 4018 2223 4087 corpori
2254 4026 2418 4071 vestro
2439 4019 2565 4088 quid
2592 4020 2906 4077 induamini.
2939 4021 3064 4077 Hazc
3090 4026 3228 4078 enim
3277 4026 3456 4078 omnia

1889 4103 2073 4156 mundi
2101 4112 2273 4172 gentes
2319 4105 2616 4173 inquirunt.
2649 4105 2752 4161 Sed
2822 4110 3038 4178 querito
3092 4110 3324 4179 primum
3377 4128 3461 4164 re-

1889 4208 2051 4262 gnum
2075 4192 2168 4246 Dei
2200 4202 2247 4245 et
2265 4194 2530 4263 justitiam
2563 4196 2697 4265 ejus,
2723 4205 2770 4250 et
2798 4198 2906 4252 hac
2934 4214 3109 4252 omnia
3133 4199 3460 4269 adjiciantur

1888 4284 2031 4338 vobis
2064 4285 2129 4337 ³⁸.
2161 4283 2445 4350 Quomodo
2466 4286 2630 4357 igitur
2664 4288 2718 4341 in
2749 4289 2996 4343 oratione
3017 4287 3258 4359 petendo
3274 4293 3462 4356 docet,

1890 4392 2012 4446 quae
2042 4393 2149 4431 non
2178 4378 2469 4447 quaerenda
2494 4379 2646 4451 prius
2674 4379 3063 4434 mandaverat?
3093 4380 3292 4450 Liquet
3309 4384 3462 4436 enim

1889 4467 2076 4522 verbis
2105 4468 2367 4522 orationis
2391 4484 2501 4523 non
2528 4470 2854 4539 praecepisse
2884 4469 3141 4539 petenda,
3194 4486 3316 4539 quae
3362 4487 3466 4541 per

219 4561 284 4613 οὐ
343 4559 743 4629 προσέταττεν,
783 4559 923 4629 ἅπερ
968 4558 1037 4609 δι’
1080 4556 1298 4626 ἐντολῆς
1330 4556 1512 4627 ζητεῖν
1549 4558 1611 4609 οὺ
1646 4575 1790 4628 παρ-
1823 4562 1865 4617 ι)

1823 4562 1865 4617 ι)
1895 4555 2207 4611 mandatum
2230 4558 2522 4627 quaerenda
2546 4575 2655 4612 non
2694 4558 3000 4613 admonuit.
3051 4559 3109 4612 ld
3163 4559 3311 4613 enim
3372 4576 3465 4614 so-

218 4651 409 4723 fjvaae.
445 4650 545 4703 Διὰ
592 4650 903 4722 προσευχῆς
931 4648 1041 4718 γάρ
1074 4648 1235 4718 μόνον
1264 4649 1412 4700 ἐστὶν
1445 4649 1683 4719 αἰτητὸν,
1730 4648 1792 4701 τὸ

221 4744 347 4796 κατ’
379 4742 600 4812 ἐντολὴν
634 4740 885 4812 ζητητόν.
927 4742 1104 4811 Ὅπερ
1130 4736 1223 4793 οὖν
1261 4737 1441 4809 ζητεῖν
1468 4739 1535 4790 δι’
1573 4740 1791 4808 ἐντολῆς

218 4835 324 4888 οὐκ
383 4832 818 4901 ἐπετράπημεν,
875 4831 962 4885 διὰ
1022 4833 1329 4901 προσευχῆς
1370 4832 1572 4895 αἰτεῖν,
1629 4831 1791 4900 τυχὸν

220 4923 451 4993 θεμιτὸν
499 4923 559 4975 οὐ
610 4922 968 4991 καθέστηκεν.
1031 4920 1092 4974 Εἰ
1141 4921 1199 4974 δὲ
1252 4921 1420 4992 μόνην
1459 4922 1642 4992 ζητεῖν
1692 4921 1790 4993 τὴν

221 5014 510 5083 βασιλείαν
538 5015 632 5068 τοῦ
659 5012 792 5066 Θεοῦ
820 4997 851 5080 ,’
879 5014 974 5066 καὶ
1008 5014 1108 5085 τὴν
1152 5014 1501 5083 δικαιοσύνην
1542 5014 1569 5064 ὁ
1597 5012 1787 5083 Σωτὴρ

219 5103 531 5157 ἐνετείλατο
556 5120 572 5135 ·
612 5102 814 5174 ταύτην
842 5104 1067 5167 εἰκότως
1113 5102 1209 5156 καὶ
1254 5102 1340 5155 διὰ
1372 5102 1678 5173 προσευχῆς
1704 5103 1788 5155 αἰ-

218 5199 357 5261 τεῖν,
398 5196 524 5258 τοὺς
561 5194 667 5247 τῶν
709 5194 869 5248 θείων
907 5194 1229 5265 ἐφιεμένους
1261 5193 1448 5265 δώρων
1477 5194 1742 5263 ἐνήγαγεν
1766 5207 1781 5222 ⁸

295 5326 351 5358 ’δ
370 5326 529 5381 Joan.
560 5341 633 5390 v1,
657 5324 754 5383 35..
822 5324 870 5357 ³⁵
896 5323 1087 5382 Matth.
1116 5340 1190 5390 vt,
1222 5322 1314 5382 25.
1336 5323 1425 5383 26.

300 5440 933 5523 (1!).Pﬁg0'rnt‘dtntoc.
959 5438 1138 5523 Yitam
1171 5437 1487 5523 mortalem,
1500 5452 1662 5523 quam
1688 5436 1789 5523 ho-

218 5507 337 5579 die,
364 5507 422 5569 id
457 5507 806 5579 est,perhoc
837 5508 1095 5564 simulam
1129 5510 1348 5579 agimus
1367 5507 1572 5579 peccati
1599 5517 1752 5579 reatu
1772 5547 1787 5571 ,

221 5576 333 5639 rite
368 5576 913 5650 accepit-Maximus:
947 5588 1003 5632 at
1026 5593 1111 5634 nae
1162 5576 1296 5633 scite
1320 5577 1484 5650 (Iord.
1532 5576 1793 5650 θεότητος

219 5648 517 5722 reposuit,
542 5649 930 5722 reddiditque,
996 5657 1305 5722 praesentem
1360 5648 1568 5722 deitatis
1609 5649 1792 5722 vitam.

219 5716 525 5792 sequentia
555 5720 645 5792 ab
696 5716 968 5792 illa’voce,
996 5716 1134 5787 πλὴν
1164 5721 1192 5770 ὁ
1234 5719 1332 5792 τὸν.
1379 5718 1544 5792 ᾅρτον
1585 5716 1794 5792 τοῦτον,

224 5787 408 5862 usque
452 5790 519 5845 ad
544 5789 791 5854 δέξασθαι
849 5788 1093 5851 δύναται,
1136 5803 1259 5857 quae
1303 5787 1617 5841 desiderant
1663 5788 1795 5855 Reg.

1886 4647 2165 4702 lummodo
2191 4664 2290 4718 per
2337 4650 2645 4703 orationem
2695 4660 2944 4718 petamus
2998 4664 3177 4718 opera:
3222 4650 3465 4717 pretium

1886 4750 1992 4804 est,
2022 4741 2180 4810 cujus
2240 4741 2519 4809 quaerendi
2574 4740 2779 4795 indicta
2839 4741 3098 4795 mandato
3165 4757 3294 4795 cura
3352 4752 3457 4797 est.

1888 4832 2043 4898 Quod
2072 4833 2239 4901 igitur
2272 4842 2332 4885 ut
2351 4848 2660 4902 quaeramus
2719 4833 2976 4888 mandato
3031 4833 3283 4889 hortatus
3341 4850 3453 4888 non

1888 4933 1991 4988 est,
2023 4923 2077 4976 id
2104 4922 2243 4977 forte
2275 4923 2459 4977 verbis
2485 4922 2750 4979 orationis
2801 4933 2861 4978 ut
2908 4934 3159 4993 petamus
3213 4925 3294 4979 fas
3343 4938 3451 4979 non

1892 5019 2007 5067 ests
2025 5012 2119 5067 Sin
2141 5020 2322 5067 autem
2356 5013 2530 5066 solum
2560 5028 2791 5083 regnum
2817 5013 2913 5067 Dei
2966 5024 3023 5067 et
3048 5014 3316 5084 justitiam
3342 5015 3463 5085 ejus

1892 5103 2180 5173 quaerenda
2208 5102 2455 5157 Salvator
2481 5104 2662 5174 jussit,
2700 5104 2767 5158 ad
2822 5104 2938 5159 haec
2984 5104 3184 5159 merito
3233 5118 3470 5175 quoquc‘

1888 5204 1989 5262 per
2020 5194 2323 5261 orationem
2357 5194 2612 5260 petenda,
2644 5210 2758 5258 eos,
2796 5195 2890 5265 qui
2934 5194 3246 5250 divinorum
3283 5196 3470 5250 dono:

1882 5437 2019 5511 Ven,
2064 5437 2179 5499 Fr.,
2213 5450 2279 5490 ex
2305 5444 2878 5511 catenamutuamur:
2907 5453 3010 5493 nec
3045 5440 3180 5511 [orte
3209 5442 3316 5496 sint
3346 5441 3471 5494 Man-

1886 5508 2021 5578 ximi
2048 5514 2250 5578 textus,
2304 5506 2400 5559 sed
2436 5507 2534 5578 vel_
2573 5506 2801 5578 alterius
2848 5506 3106 5571 auctoris,
3148 5511 3233 5563 vel
3287 5511 3465 5578 ipsius

1889 5577 2101 5649 Maximi
2142 5577 2398 5649 usitatum
2460 5576 2730 5649 scholium
2762 5619 2784 5649 ,_
2823 5593 2934 5646 quo
2986 5580 3248 5649 spiritalis
3296 5576 3463 5649 hujus

1891 5646 2049 5727 panis
2094 5647 2414 5727 qualitatem
2445 5647 2722 5727 exponit,
2774 5646 2829 5701 id
2864 5660 2968 5727 est,
3001 5646 3228 5710 Christi,
3256 5646 3461 5727 qui7so

1892 5714 2007 5784 ipse
2045 5715 2389 5769 sumentihus
2444 5714 2723 5785 indulgeat
2762 5732 2859 5785 pro
2905 5717 3126 5773 illorum
3172 5714 3371 5775 merito
3401 5726 3466 5772 et

1896 5786 2023 5849 ﬁde,
2055 5801 2148 5839 seu
2175 5786 2417 5854 subjecta
2450 5784 2833 5856 dispositione.
