  <div class='ocr_page' id='page_1' title='image "/cluster/home/n/w/nwhite01/storage/ocr_20150623/90/nnc1.0046980113/457.png"; bbox 0 0 4218 6432; ppageno 0'>
   <div class='ocr_carea' id='block_1_1' title="bbox 781 403 886 464">
    <p class='ocr_par' dir='ltr' id='par_1_1' title="bbox 781 403 886 464">
     <span class='ocr_line' id='line_1_1' title="bbox 781 403 886 464; baseline -0.019 0"><span class='ocrx_word' id='word_1_1' title='bbox 781 403 886 464; x_wconf 82' lang='lat'><strong>899</strong></span> 
     </span>
    </p>
   </div>
   <div class='ocr_carea' id='block_1_2' title="bbox 1946 393 2876 456">
    <p class='ocr_par' dir='ltr' id='par_1_2' title="bbox 1946 393 2876 456">
     <span class='ocr_line' id='line_1_2' title="bbox 1946 393 2876 456; baseline -0.003 -1"><span class='ocrx_word' id='word_1_2' title='bbox 1946 396 2006 455; x_wconf 87' lang='lat' dir='ltr'><strong>S.</strong></span> <span class='ocrx_word' id='word_1_3' title='bbox 2048 395 2332 456; x_wconf 77' lang='grc' dir='ltr'><strong>ΜΛΧΙΜΙ</strong></span> <span class='ocrx_word' id='word_1_4' title='bbox 2372 393 2876 454; x_wconf 79' lang='lat' dir='ltr'><strong>CONFESSORIS</strong></span> 
     </span>
    </p>
   </div>
   <div class='ocr_carea' id='block_1_3' title="bbox 3937 392 4043 454">
    <p class='ocr_par' dir='ltr' id='par_1_3' title="bbox 3937 392 4043 454">
     <span class='ocr_line' id='line_1_3' title="bbox 3937 392 4043 454; baseline 0 0"><span class='ocrx_word' id='word_1_5' title='bbox 3937 392 4043 454; x_wconf 81' lang='lat'><strong>900</strong></span> 
     </span>
    </p>
   </div>
   <div class='ocr_carea' id='block_1_4' title="bbox 773 499 2379 573">
    <p class='ocr_par' dir='ltr' id='par_1_4' title="bbox 773 503 2347 573">
     <span class='ocr_line' id='line_1_4' title="bbox 773 503 2347 573; baseline -0.003 -13"><span class='ocrx_word' id='word_1_6' title='bbox 773 525 894 562; x_wconf 90' lang='lat' dir='ltr'><strong>rum</strong></span> <span class='ocrx_word' id='word_1_7' title='bbox 923 506 1198 562; x_wconf 72' lang='lat' dir='ltr'><strong>desiderio</strong></span> <span class='ocrx_word' id='word_1_8' title='bbox 1250 513 1564 569; x_wconf 78' lang='lat' dir='ltr'><strong>teneanttIr,</strong></span> <span class='ocrx_word' id='word_1_9' title='bbox 1623 504 1888 569; x_wconf 67' lang='lat' dir='ltr'><strong>induxit;</strong></span> <span class='ocrx_word' id='word_1_10' title='bbox 1932 519 2043 573; x_wconf 92' lang='lat' dir='ltr'><strong>quo</strong></span> <span class='ocrx_word' id='word_1_11' title='bbox 2086 503 2347 557; x_wconf 87' lang='lat' dir='ltr'><strong>nimirum</strong></span> 
     </span>
    </p>
   </div>
   <div class='ocr_carea' id='block_1_5' title="bbox 2448 499 4037 573">
    <p class='ocr_par' dir='ltr' id='par_1_5' title="bbox 2454 499 4037 571">
     <span class='ocr_line' id='line_1_5' title="bbox 2454 499 4037 571; baseline -0.002 -17"><span class='ocrx_word' id='word_1_12' title='bbox 2454 502 2540 554; x_wconf 81' lang='grc' dir='ltr'>ἵνα</span> <span class='ocrx_word' id='word_1_13' title='bbox 2581 503 2691 559; x_wconf 69' lang='grc' dir='ltr'><strong>τῶν</strong></span> <span class='ocrx_word' id='word_1_14' title='bbox 2733 501 2889 571; x_wconf 82' lang='grc' dir='ltr'>φύσει</span> <span class='ocrx_word' id='word_1_15' title='bbox 2939 499 3190 570; x_wconf 77' lang='grc' dir='ltr'><strong>ζητητῶν</strong></span> <span class='ocrx_word' id='word_1_16' title='bbox 3226 500 3312 553; x_wconf 76' lang='grc' dir='ltr'><strong>διὰ</strong></span> <span class='ocrx_word' id='word_1_17' title='bbox 3373 499 3688 568; x_wconf 78' lang='grc' dir='ltr'><strong>προσευχῆς</strong></span> <span class='ocrx_word' id='word_1_18' title='bbox 3732 499 3832 568; x_wconf 84' lang='grc' dir='ltr'><strong>τὴν</strong></span> <span class='ocrx_word' id='word_1_19' title='bbox 3873 500 4037 570; x_wconf 87' lang='grc' dir='ltr'>χάριν</span> 
     </span>
    </p>
   </div>
   <div class='ocr_carea' id='block_1_6' title="bbox 772 593 2344 668">
    <p class='ocr_par' dir='ltr' id='par_1_6' title="bbox 772 593 2344 668">
     <span class='ocr_line' id='line_1_6' title="bbox 772 593 2344 668; baseline -0.003 -17"><span class='ocrx_word' id='word_1_20' title='bbox 772 614 963 653; x_wconf 85' lang='lat' dir='ltr'><strong>eorum</strong></span> <span class='ocrx_word' id='word_1_21' title='bbox 983 614 1102 668; x_wconf 75' lang='lat' dir='ltr'><strong>qua:</strong></span> <span class='ocrx_word' id='word_1_22' title='bbox 1133 596 1399 649; x_wconf 89' lang='lat' dir='ltr'><strong>orationis</strong></span> <span class='ocrx_word' id='word_1_23' title='bbox 1433 595 1698 650; x_wconf 92' lang='lat' dir='ltr'><strong>instantia</strong></span> <span class='ocrx_word' id='word_1_24' title='bbox 1727 604 1925 648; x_wconf 87' lang='lat' dir='ltr'><strong>natura</strong></span> <span class='ocrx_word' id='word_1_25' title='bbox 1958 593 2192 664; x_wconf 85' lang='lat' dir='ltr'><strong>petenda</strong></span> <span class='ocrx_word' id='word_1_26' title='bbox 2215 602 2344 646; x_wconf 90' lang='lat' dir='ltr'><strong>sunt</strong></span> 
     </span>
    </p>
   </div>
   <div class='ocr_carea' id='block_1_7' title="bbox 773 685 2346 758">
    <p class='ocr_par' dir='ltr' id='par_1_7' title="bbox 773 685 2346 758">
     <span class='ocr_line' id='line_1_7' title="bbox 773 685 2346 758; baseline -0.002 -16"><span class='ocrx_word' id='word_1_27' title='bbox 773 690 1001 758; x_wconf 71' lang='lat' dir='ltr'><strong>gratiam</strong></span> <span class='ocrx_word' id='word_1_28' title='bbox 1029 687 1301 749; x_wconf 80' lang='lat' dir='ltr'><strong>sanciens,</strong></span> <span class='ocrx_word' id='word_1_29' title='bbox 1326 685 1633 755; x_wconf 84' lang='lat' dir='ltr'><strong>petentium</strong></span> <span class='ocrx_word' id='word_1_30' title='bbox 1676 686 1943 746; x_wconf 86' lang='lat' dir='ltr'><strong>animum,</strong></span> <span class='ocrx_word' id='word_1_31' title='bbox 1989 685 2159 754; x_wconf 81' lang='lat' dir='ltr'><strong>ipsius</strong></span> <span class='ocrx_word' id='word_1_32' title='bbox 2206 700 2346 753; x_wconf 74' lang='lat' dir='ltr'><strong>prte-</strong></span> 
     </span>
    </p>
   </div>
   <div class='ocr_carea' id='block_1_8' title="bbox 775 775 2344 844">
    <p class='ocr_par' dir='ltr' id='par_1_8' title="bbox 775 775 2344 844">
     <span class='ocr_line' id='line_1_8' title="bbox 775 775 2344 844; baseline -0.001 -14"><span class='ocrx_word' id='word_1_33' title='bbox 775 779 955 831; x_wconf 85' lang='lat' dir='ltr'><strong>bentis</strong></span> <span class='ocrx_word' id='word_1_34' title='bbox 997 777 1202 830; x_wconf 89' lang='lat' dir='ltr'><strong>donum</strong></span> <span class='ocrx_word' id='word_1_35' title='bbox 1243 776 1513 829; x_wconf 76' lang='lat' dir='ltr'><strong>voluntati</strong></span> <span class='ocrx_word' id='word_1_36' title='bbox 1577 775 1817 844; x_wconf 79' lang='lat' dir='ltr'><strong>copulet,</strong></span> <span class='ocrx_word' id='word_1_37' title='bbox 1866 775 2098 829; x_wconf 71' lang='lat' dir='ltr'><strong>atl‘ectus</strong></span> <span class='ocrx_word' id='word_1_38' title='bbox 2137 775 2344 828; x_wconf 88' lang='lat' dir='ltr'><strong>unione</strong></span> 
     </span>
    </p>
   </div>
   <div class='ocr_carea' id='block_1_9' title="bbox 774 863 1553 934">
    <p class='ocr_par' dir='ltr' id='par_1_9' title="bbox 774 863 1553 934">
     <span class='ocr_line' id='line_1_9' title="bbox 774 863 1553 934; baseline 0 -15"><span class='ocrx_word' id='word_1_39' title='bbox 774 881 942 920; x_wconf 92' lang='lat' dir='ltr'><strong>unum</strong></span> <span class='ocrx_word' id='word_1_40' title='bbox 971 880 1095 919; x_wconf 90' lang='lat' dir='ltr'><strong>cum</strong></span> <span class='ocrx_word' id='word_1_41' title='bbox 1126 865 1244 934; x_wconf 93' lang='lat' dir='ltr'><strong>ipso</strong></span> <span class='ocrx_word' id='word_1_42' title='bbox 1273 863 1553 919; x_wconf 83' lang='lat' dir='ltr'><strong>cll&#39;ectum.</strong></span> 
     </span>
    </p>
   </div>
   <div class='ocr_carea' id='block_1_10' title="bbox 852 956 2348 1028">
    <p class='ocr_par' dir='ltr' id='par_1_10' title="bbox 852 956 2348 1028">
     <span class='ocr_line' id='line_1_10' title="bbox 852 956 2348 1028; baseline 0.001 -17"><span class='ocrx_word' id='word_1_43' title='bbox 852 958 948 1012; x_wconf 89' lang='lat' dir='ltr'><strong>Sin</strong></span> <span class='ocrx_word' id='word_1_44' title='bbox 973 966 1157 1011; x_wconf 85' lang='lat' dir='ltr'><strong>autem</strong></span> <span class='ocrx_word' id='word_1_45' title='bbox 1185 958 1350 1011; x_wconf 89' lang='lat' dir='ltr'><strong>etiam</strong></span> <span class='ocrx_word' id='word_1_46' title='bbox 1383 973 1580 1027; x_wconf 88' lang='lat' dir='ltr'><strong>panem</strong></span> <span class='ocrx_word' id='word_1_47' title='bbox 1614 956 2022 1026; x_wconf 90' lang='lat' dir='ltr'><strong>quotidianum,</strong></span> <span class='ocrx_word' id='word_1_48' title='bbox 2061 971 2172 1026; x_wconf 86' lang='lat' dir='ltr'><strong>quo</strong></span> <span class='ocrx_word' id='word_1_49' title='bbox 2207 974 2348 1028; x_wconf 74' lang='lat' dir='ltr'><strong>pra:—</strong></span> 
     </span>
    </p>
   </div>
   <div class='ocr_carea' id='block_1_11' title="bbox 673 1048 2348 1114">
    <p class='ocr_par' dir='ltr' id='par_1_11' title="bbox 673 1048 2348 1114">
     <span class='ocr_line' id='line_1_11' title="bbox 673 1048 2348 1114; baseline -0.002 -12"><span class='ocrx_word' id='word_1_50' title='bbox 673 1072 676 1074; x_wconf 71' lang='lat'><em>‘</em></span> <span class='ocrx_word' id='word_1_51' title='bbox 772 1064 899 1102; x_wconf 78' lang='lat' dir='ltr'><strong>SCIIS</strong></span> <span class='ocrx_word' id='word_1_52' title='bbox 927 1048 1040 1102; x_wconf 89' lang='lat' dir='ltr'><strong>vita</strong></span> <span class='ocrx_word' id='word_1_53' title='bbox 1083 1056 1271 1101; x_wconf 89' lang='lat' dir='ltr'><strong>nostra</strong></span> <span class='ocrx_word' id='word_1_54' title='bbox 1328 1055 1670 1101; x_wconf 88' lang='lat' dir='ltr'><strong>sustentatur</strong></span> <span class='ocrx_word' id='word_1_55' title='bbox 1715 1063 1778 1102; x_wconf 89' lang='lat' dir='ltr'><strong>ac</strong></span> <span class='ocrx_word' id='word_1_56' title='bbox 1817 1056 2202 1108; x_wconf 67' lang='lat' dir='ltr'><strong>conservatur,</strong></span> <span class='ocrx_word' id='word_1_57' title='bbox 2249 1059 2348 1114; x_wconf 82' lang='lat' dir='ltr'><strong>per</strong></span> 
     </span>
    </p>
   </div>
   <div class='ocr_carea' id='block_1_12' title="bbox 771 1137 2349 1207">
    <p class='ocr_par' dir='ltr' id='par_1_12' title="bbox 771 1137 2349 1207">
     <span class='ocr_line' id='line_1_12' title="bbox 771 1137 2349 1207; baseline -0.001 -15"><span class='ocrx_word' id='word_1_58' title='bbox 771 1139 1076 1193; x_wconf 90' lang='lat' dir='ltr'><strong>orationem</strong></span> <span class='ocrx_word' id='word_1_59' title='bbox 1100 1138 1596 1207; x_wconf 86' lang='lat' dir='ltr'><strong>petere-jubemur,</strong></span> <span class='ocrx_word' id='word_1_60' title='bbox 1633 1154 1703 1192; x_wconf 91' lang='lat' dir='ltr'><strong>ne</strong></span> <span class='ocrx_word' id='word_1_61' title='bbox 1756 1138 2023 1192; x_wconf 90' lang='lat' dir='ltr'><strong>orationis</strong></span> <span class='ocrx_word' id='word_1_62' title='bbox 2082 1137 2349 1192; x_wconf 83' lang='lat' dir='ltr'><strong>terminos</strong></span> 
     </span>
    </p>
   </div>
   <div class='ocr_carea' id='block_1_13' title="bbox 769 1228 2346 1299">
    <p class='ocr_par' dir='ltr' id='par_1_13' title="bbox 769 1228 2346 1299">
     <span class='ocr_line' id='line_1_13' title="bbox 769 1228 2346 1299; baseline -0.001 -16"><span class='ocrx_word' id='word_1_63' title='bbox 769 1228 933 1299; x_wconf 77' lang='lat'><strong>360</strong></span> <span class='ocrx_word' id='word_1_64' title='bbox 963 1229 1357 1295; x_wconf 89' lang='lat' dir='ltr'><strong>transiliamus,</strong></span> <span class='ocrx_word' id='word_1_65' title='bbox 1382 1229 1584 1282; x_wconf 87' lang='lat' dir='ltr'><strong>multas</strong></span> <span class='ocrx_word' id='word_1_66' title='bbox 1613 1229 1774 1283; x_wconf 85' lang='lat' dir='ltr'><strong>nobis</strong></span> <span class='ocrx_word' id='word_1_67' title='bbox 1831 1245 2105 1283; x_wconf 83' lang='lat' dir='ltr'><strong>annorum</strong></span> <span class='ocrx_word' id='word_1_68' title='bbox 2160 1228 2346 1298; x_wconf 89' lang='lat' dir='ltr'><strong>perio-</strong></span> 
     </span>
    </p>
   </div>
   <div class='ocr_carea' id='block_1_14' title="bbox 771 1318 2347 1389">
    <p class='ocr_par' dir='ltr' id='par_1_14' title="bbox 771 1318 2347 1389">
     <span class='ocr_line' id='line_1_14' title="bbox 771 1318 2347 1389; baseline -0.001 -16"><span class='ocrx_word' id='word_1_69' title='bbox 771 1321 870 1374; x_wconf 85' lang='lat' dir='ltr'><strong>dos</strong></span> <span class='ocrx_word' id='word_1_70' title='bbox 897 1336 1061 1373; x_wconf 88' lang='lat' dir='ltr'><strong>avaro</strong></span> <span class='ocrx_word' id='word_1_71' title='bbox 1089 1318 1274 1373; x_wconf 91' lang='lat' dir='ltr'><strong>animo</strong></span> <span class='ocrx_word' id='word_1_72' title='bbox 1303 1329 1696 1389; x_wconf 86' lang='lat' dir='ltr'><strong>proponentcs,</strong></span> <span class='ocrx_word' id='word_1_73' title='bbox 1755 1335 1818 1374; x_wconf 92' lang='lat' dir='ltr'><strong>ac</strong></span> <span class='ocrx_word' id='word_1_74' title='bbox 1873 1319 2029 1372; x_wconf 84' lang='lat' dir='ltr'><strong>obliti</strong></span> <span class='ocrx_word' id='word_1_75' title='bbox 2080 1333 2184 1372; x_wconf 91' lang='lat' dir='ltr'><strong>nos</strong></span> <span class='ocrx_word' id='word_1_76' title='bbox 2225 1332 2347 1372; x_wconf 88' lang='lat' dir='ltr'><strong>esse</strong></span> 
     </span>
    </p>
   </div>
   <div class='ocr_carea' id='block_1_15' title="bbox 773 1409 2350 1480">
    <p class='ocr_par' dir='ltr' id='par_1_15' title="bbox 773 1409 2350 1480">
     <span class='ocr_line' id='line_1_15' title="bbox 773 1409 2350 1480; baseline -0.004 -16"><span class='ocrx_word' id='word_1_77' title='bbox 773 1411 1056 1475; x_wconf 80' lang='lat' dir='ltr'><strong>mortales,</strong></span> <span class='ocrx_word' id='word_1_78' title='bbox 1089 1411 1318 1479; x_wconf 84' lang='lat' dir='ltr'><strong>ejusque</strong></span> <span class='ocrx_word' id='word_1_79' title='bbox 1344 1410 1564 1480; x_wconf 80' lang='lat' dir='ltr'><strong>generis</strong></span> <span class='ocrx_word' id='word_1_80' title='bbox 1589 1410 1701 1462; x_wconf 87' lang='lat' dir='ltr'><strong>vita</strong></span> <span class='ocrx_word' id='word_1_81' title='bbox 1740 1409 2022 1478; x_wconf 64' lang='lat' dir='ltr'><strong>prmditos,</strong></span> <span class='ocrx_word' id='word_1_82' title='bbox 2054 1423 2177 1476; x_wconf 77' lang='lat' dir='ltr'><strong>qua:</strong></span> <span class='ocrx_word' id='word_1_83' title='bbox 2226 1421 2350 1460; x_wconf 85' lang='lat' dir='ltr'><strong>um-</strong></span> 
     </span>
    </p>
   </div>
   <div class='ocr_carea' id='block_1_16' title="bbox 772 1493 2349 1568">
    <p class='ocr_par' dir='ltr' id='par_1_16' title="bbox 772 1493 2349 1568">
     <span class='ocr_line' id='line_1_16' title="bbox 772 1493 2349 1568; baseline -0.003 -16"><span class='ocrx_word' id='word_1_84' title='bbox 772 1500 882 1554; x_wconf 70' lang='lat' dir='ltr'><strong>brae</strong></span> <span class='ocrx_word' id='word_1_85' title='bbox 910 1501 1083 1554; x_wconf 89' lang='lat' dir='ltr'><strong>instar</strong></span> <span class='ocrx_word' id='word_1_86' title='bbox 1112 1508 1379 1564; x_wconf 88' lang='lat' dir='ltr'><strong>transeat;</strong></span> <span class='ocrx_word' id='word_1_87' title='bbox 1408 1498 1502 1552; x_wconf 87' lang='lat' dir='ltr'><strong>sed</strong></span> <span class='ocrx_word' id='word_1_88' title='bbox 1529 1513 1724 1568; x_wconf 89' lang='lat' dir='ltr'><strong>panem</strong></span> <span class='ocrx_word' id='word_1_89' title='bbox 1770 1498 1863 1567; x_wconf 85' lang='lat' dir='ltr'><strong>qui</strong></span> <span class='ocrx_word' id='word_1_90' title='bbox 1893 1497 1948 1550; x_wconf 90' lang='lat' dir='ltr'><strong>in</strong></span> <span class='ocrx_word' id='word_1_91' title='bbox 2000 1496 2147 1551; x_wconf 82' lang='lat' dir='ltr'><strong>diem</strong></span> <span class='ocrx_word' id='word_1_92' title='bbox 2197 1493 2349 1549; x_wconf 82' lang='lat' dir='ltr'><strong>suﬂi-</strong></span> 
     </span>
    </p>
   </div>
   <div class='ocr_carea' id='block_1_17' title="bbox 772 1588 2347 1660">
    <p class='ocr_par' dir='ltr' id='par_1_17' title="bbox 772 1588 2347 1660">
     <span class='ocr_line' id='line_1_17' title="bbox 772 1588 2347 1660; baseline -0.003 -17"><span class='ocrx_word' id='word_1_93' title='bbox 772 1592 883 1644; x_wconf 91' lang='lat' dir='ltr'><strong>ciat</strong></span> <span class='ocrx_word' id='word_1_94' title='bbox 915 1592 1065 1644; x_wconf 90' lang='lat' dir='ltr'><strong>nulla</strong></span> <span class='ocrx_word' id='word_1_95' title='bbox 1089 1591 1460 1646; x_wconf 84' lang='lat' dir='ltr'><strong>sollicitudine</strong></span> <span class='ocrx_word' id='word_1_96' title='bbox 1487 1590 1696 1645; x_wconf 90' lang='lat' dir='ltr'><strong>orando</strong></span> <span class='ocrx_word' id='word_1_97' title='bbox 1721 1588 2029 1660; x_wconf 76' lang='lat' dir='ltr'><strong>ﬂagitamus</strong></span> <span class='ocrx_word' id='word_1_98' title='bbox 2053 1605 2068 1654; x_wconf 90' lang='lat'><strong>;</strong></span> <span class='ocrx_word' id='word_1_99' title='bbox 2104 1588 2347 1655; x_wconf 85' lang='lat' dir='ltr'><strong>talesque</strong></span> 
     </span>
    </p>
   </div>
   <div class='ocr_carea' id='block_1_18' title="bbox 771 1676 2346 1750">
    <p class='ocr_par' dir='ltr' id='par_1_18' title="bbox 771 1676 2346 1750">
     <span class='ocr_line' id='line_1_18' title="bbox 771 1676 2346 1750; baseline -0.005 -14"><span class='ocrx_word' id='word_1_100' title='bbox 771 1699 874 1737; x_wconf 88' lang='lat' dir='ltr'><strong>nos</strong></span> <span class='ocrx_word' id='word_1_101' title='bbox 909 1699 978 1738; x_wconf 77' lang='lat' dir='ltr'><strong>ex</strong></span> <span class='ocrx_word' id='word_1_102' title='bbox 1030 1681 1358 1737; x_wconf 75' lang='lat' dir='ltr'><strong>Christiana:</strong></span> <span class='ocrx_word' id='word_1_103' title='bbox 1401 1679 1768 1750; x_wconf 65' lang='lat' dir='ltr'><strong>philosophia:</strong></span> <span class='ocrx_word' id='word_1_104' title='bbox 1827 1694 2021 1732; x_wconf 87' lang='lat' dir='ltr'><strong>norma</strong></span> <span class='ocrx_word' id='word_1_105' title='bbox 2076 1676 2346 1732; x_wconf 67' lang='lat' dir='ltr'><strong>exhibea—</strong></span> 
     </span>
    </p>
   </div>
   <div class='ocr_carea' id='block_1_19' title="bbox 773 1770 2343 1841">
    <p class='ocr_par' dir='ltr' id='par_1_19' title="bbox 773 1770 2343 1841">
     <span class='ocr_line' id='line_1_19' title="bbox 773 1770 2343 1841; baseline -0.004 -12"><span class='ocrx_word' id='word_1_106' title='bbox 773 1792 916 1840; x_wconf 89' lang='lat' dir='ltr'><strong>mus,</strong></span> <span class='ocrx_word' id='word_1_107' title='bbox 965 1777 1056 1841; x_wconf 85' lang='lat' dir='ltr'><strong>qui</strong></span> <span class='ocrx_word' id='word_1_108' title='bbox 1104 1775 1272 1829; x_wconf 88' lang='lat' dir='ltr'><strong>vitam</strong></span> <span class='ocrx_word' id='word_1_109' title='bbox 1319 1775 1512 1828; x_wconf 89' lang='lat' dir='ltr'><strong>mortis</strong></span> <span class='ocrx_word' id='word_1_110' title='bbox 1570 1772 1986 1828; x_wconf 88' lang='lat' dir='ltr'><strong>meditationem</strong></span> <span class='ocrx_word' id='word_1_111' title='bbox 2054 1770 2343 1834; x_wconf 83' lang='lat' dir='ltr'><strong>faciamus,</strong></span> 
     </span>
    </p>
   </div>
   <div class='ocr_carea' id='block_1_20' title="bbox 2447 588 4040 662">
    <p class='ocr_par' dir='ltr' id='par_1_20' title="bbox 2447 588 4040 662">
     <span class='ocr_line' id='line_1_20' title="bbox 2447 588 4040 662; baseline 0 -20"><span class='ocrx_word' id='word_1_112' title='bbox 2447 589 2798 662; x_wconf 82' lang='grc' dir='ltr'>έπικυρώσας</span> <span class='ocrx_word' id='word_1_113' title='bbox 2823 630 2837 653; x_wconf 91' lang='grc'><strong>,</strong></span> <span class='ocrx_word' id='word_1_114' title='bbox 2873 592 2972 659; x_wconf 81' lang='grc' dir='ltr'>τὴν</span> <span class='ocrx_word' id='word_1_115' title='bbox 3004 590 3113 642; x_wconf 89' lang='grc' dir='ltr'><strong>τῶν</strong></span> <span class='ocrx_word' id='word_1_116' title='bbox 3159 590 3455 643; x_wconf 80' lang='grc' dir='ltr'><strong>αἰτούντων</strong></span> <span class='ocrx_word' id='word_1_117' title='bbox 3499 588 3726 660; x_wconf 80' lang='grc' dir='ltr'><strong>γνώμην</strong></span> <span class='ocrx_word' id='word_1_118' title='bbox 3749 631 3763 654; x_wconf 90' lang='grc'><strong>,</strong></span> <span class='ocrx_word' id='word_1_119' title='bbox 3809 588 3890 659; x_wconf 83' lang='grc' dir='ltr'><strong>τῷ</strong></span> <span class='ocrx_word' id='word_1_120' title='bbox 3939 589 4040 642; x_wconf 79' lang='grc' dir='ltr'><strong>τοῦ</strong></span> 
     </span>
    </p>
   </div>
   <div class='ocr_carea' id='block_1_21' title="bbox 2452 681 4043 754">
    <p class='ocr_par' dir='ltr' id='par_1_21' title="bbox 2452 681 4043 754">
     <span class='ocr_line' id='line_1_21' title="bbox 2452 681 4043 754; baseline 0.001 -21"><span class='ocrx_word' id='word_1_121' title='bbox 2452 683 2827 751; x_wconf 79' lang='grc' dir='ltr'><strong>παρεχομένου</strong></span> <span class='ocrx_word' id='word_1_122' title='bbox 2850 681 2946 751; x_wconf 82' lang='grc' dir='ltr'>τὴν</span> <span class='ocrx_word' id='word_1_123' title='bbox 2963 682 3123 754; x_wconf 81' lang='grc' dir='ltr'>χάριν</span> <span class='ocrx_word' id='word_1_124' title='bbox 3146 682 3357 753; x_wconf 73' lang='grc' dir='ltr'>συνάψῃ</span> <span class='ocrx_word' id='word_1_125' title='bbox 3379 681 3666 754; x_wconf 78' lang='grc' dir='ltr'><strong>θελήματι,</strong></span> <span class='ocrx_word' id='word_1_126' title='bbox 3689 682 3756 735; x_wconf 77' lang='grc' dir='ltr'>δι’</span> <span class='ocrx_word' id='word_1_127' title='bbox 3785 681 4043 742; x_wconf 77' lang='grc' dir='ltr'>ένώσεως</span> 
     </span>
    </p>
   </div>
   <div class='ocr_carea' id='block_1_22' title="bbox 2450 772 3291 845">
    <p class='ocr_par' dir='ltr' id='par_1_22' title="bbox 2450 772 3291 845">
     <span class='ocr_line' id='line_1_22' title="bbox 2450 772 3291 845; baseline 0.001 -20"><span class='ocrx_word' id='word_1_128' title='bbox 2450 772 2710 843; x_wconf 88' lang='grc' dir='ltr'>σχετικῆς</span> <span class='ocrx_word' id='word_1_129' title='bbox 2739 774 2907 826; x_wconf 77' lang='grc' dir='ltr'>ταυτὺ</span> <span class='ocrx_word' id='word_1_130' title='bbox 2939 774 3291 845; x_wconf 86' lang='grc' dir='ltr'>ποιουμένην.</span> 
     </span>
    </p>
   </div>
   <div class='ocr_carea' id='block_1_23' title="bbox 2517 945 4045 1020">
    <p class='ocr_par' dir='ltr' id='par_1_23' title="bbox 2517 945 4045 1020">
     <span class='ocr_line' id='line_1_23' title="bbox 2517 945 4045 1020; baseline 0.003 -20"><span class='ocrx_word' id='word_1_131' title='bbox 2517 949 2580 1000; x_wconf 72' lang='lat' dir='ltr'><strong>Et</strong></span> <span class='ocrx_word' id='word_1_132' title='bbox 2629 947 2686 1000; x_wconf 84' lang='grc' dir='ltr'>δὲ</span> <span class='ocrx_word' id='word_1_133' title='bbox 2739 947 2836 1000; x_wconf 74' lang='grc' dir='ltr'>καὶ</span> <span class='ocrx_word' id='word_1_134' title='bbox 2885 947 2975 1001; x_wconf 73' lang='grc' dir='ltr'><strong>τὸν</strong></span> <span class='ocrx_word' id='word_1_135' title='bbox 3022 947 3308 1018; x_wconf 71' lang='grc' dir='ltr'>ἐφήμερον</span> <span class='ocrx_word' id='word_1_136' title='bbox 3343 947 3416 1017; x_wconf 79' lang='grc' dir='ltr'>(ο)</span> <span class='ocrx_word' id='word_1_137' title='bbox 3477 949 3662 1018; x_wconf 76' lang='grc' dir='ltr'>ἄρτον,</span> <span class='ocrx_word' id='word_1_138' title='bbox 3706 945 3750 1018; x_wconf 80' lang='grc' dir='ltr'>ᾧ</span> <span class='ocrx_word' id='word_1_139' title='bbox 3785 967 4045 1020; x_wconf 71' lang='grc' dir='ltr'>συγκρα-</span> 
     </span>
    </p>
   </div>
   <div class='ocr_carea' id='block_1_24' title="bbox 2449 1039 4042 1112">
    <p class='ocr_par' dir='ltr' id='par_1_24' title="bbox 2449 1039 4042 1112">
     <span class='ocr_line' id='line_1_24' title="bbox 2449 1039 4042 1112; baseline 0.001 -20"><span class='ocrx_word' id='word_1_140' title='bbox 2449 1039 2661 1093; x_wconf 86' lang='grc' dir='ltr'>τεῖσθαι</span> <span class='ocrx_word' id='word_1_141' title='bbox 2714 1039 2956 1108; x_wconf 79' lang='grc' dir='ltr'>πέφυκεν</span> <span class='ocrx_word' id='word_1_142' title='bbox 3000 1039 3157 1109; x_wconf 87' lang='grc' dir='ltr'>ἡμῶν</span> <span class='ocrx_word' id='word_1_143' title='bbox 3189 1041 3222 1109; x_wconf 84' lang='grc' dir='ltr'><strong>ή</strong></span> <span class='ocrx_word' id='word_1_144' title='bbox 3267 1040 3518 1108; x_wconf 79' lang='grc' dir='ltr'>παροῦσα</span> <span class='ocrx_word' id='word_1_145' title='bbox 3557 1041 3692 1111; x_wconf 82' lang='grc' dir='ltr'>ζωὴ,</span> <span class='ocrx_word' id='word_1_146' title='bbox 3726 1043 3816 1096; x_wconf 75' lang='grc' dir='ltr'>διὰ</span> <span class='ocrx_word' id='word_1_147' title='bbox 3864 1059 4042 1112; x_wconf 82' lang='grc' dir='ltr'>προσ-</span> 
     </span>
    </p>
   </div>
   <div class='ocr_carea' id='block_1_25' title="bbox 2450 1129 4037 1204">
    <p class='ocr_par' dir='ltr' id='par_1_25' title="bbox 2450 1129 4037 1204">
     <span class='ocr_line' id='line_1_25' title="bbox 2450 1129 4037 1204; baseline 0.003 -22"><span class='ocrx_word' id='word_1_148' title='bbox 2450 1129 2616 1199; x_wconf 83' lang='grc' dir='ltr'>ευχῆς</span> <span class='ocrx_word' id='word_1_149' title='bbox 2641 1131 2812 1182; x_wconf 84' lang='grc' dir='ltr'>αίτεῖν</span> <span class='ocrx_word' id='word_1_150' title='bbox 2841 1130 3198 1200; x_wconf 84' lang='grc' dir='ltr'>κελευόμεθα,</span> <span class='ocrx_word' id='word_1_151' title='bbox 3225 1130 3299 1201; x_wconf 81' lang='grc' dir='ltr'>μὴ</span> <span class='ocrx_word' id='word_1_152' title='bbox 3323 1132 3684 1202; x_wconf 77' lang='grc' dir='ltr'><strong>παρέλθωμεν</strong></span> <span class='ocrx_word' id='word_1_153' title='bbox 3711 1133 3837 1196; x_wconf 85' lang='grc' dir='ltr'>τοὺς</span> <span class='ocrx_word' id='word_1_154' title='bbox 3869 1135 4037 1204; x_wconf 78' lang='grc' dir='ltr'>ὅρους</span> 
     </span>
    </p>
   </div>
   <div class='ocr_carea' id='block_1_26' title="bbox 2450 1220 4039 1292">
    <p class='ocr_par' dir='ltr' id='par_1_26' title="bbox 2450 1220 4039 1292">
     <span class='ocr_line' id='line_1_26' title="bbox 2450 1220 4039 1292; baseline 0.003 -19"><span class='ocrx_word' id='word_1_155' title='bbox 2450 1220 2550 1287; x_wconf 89' lang='grc' dir='ltr'><strong>τῆς</strong></span> <span class='ocrx_word' id='word_1_156' title='bbox 2583 1221 2926 1290; x_wconf 79' lang='grc' dir='ltr'><strong>προσευχῆς,</strong></span> <span class='ocrx_word' id='word_1_157' title='bbox 2981 1220 3182 1284; x_wconf 82' lang='grc' dir='ltr'>πολλάς</span> <span class='ocrx_word' id='word_1_158' title='bbox 3214 1221 3351 1273; x_wconf 78' lang='grc' dir='ltr'>ἐτῶν</span> <span class='ocrx_word' id='word_1_159' title='bbox 3400 1223 3680 1292; x_wconf 76' lang='grc' dir='ltr'><strong>περιόδους</strong></span> <span class='ocrx_word' id='word_1_160' title='bbox 3716 1223 4039 1277; x_wconf 84' lang='grc' dir='ltr'>πλεονεκτι-</span> 
     </span>
    </p>
   </div>
   <div class='ocr_carea' id='block_1_27' title="bbox 2451 1309 4041 1385">
    <p class='ocr_par' dir='ltr' id='par_1_27' title="bbox 2451 1309 4041 1385">
     <span class='ocr_line' id='line_1_27' title="bbox 2451 1309 4041 1385; baseline 0.004 -23"><span class='ocrx_word' id='word_1_161' title='bbox 2451 1310 2564 1372; x_wconf 86' lang='grc' dir='ltr'><strong>κῶς</strong></span> <span class='ocrx_word' id='word_1_162' title='bbox 2599 1309 3082 1381; x_wconf 78' lang='grc' dir='ltr'><strong>περισκοποῦντες,</strong></span> <span class='ocrx_word' id='word_1_163' title='bbox 3108 1312 3200 1364; x_wconf 77' lang='grc' dir='ltr'>καὶ</span> <span class='ocrx_word' id='word_1_164' title='bbox 3225 1311 3479 1382; x_wconf 86' lang='grc' dir='ltr'>λάθωμεν</span> <span class='ocrx_word' id='word_1_165' title='bbox 3505 1313 3656 1376; x_wconf 78' lang='grc' dir='ltr'>ὄντες</span> <span class='ocrx_word' id='word_1_166' title='bbox 3691 1313 3905 1385; x_wconf 77' lang='grc' dir='ltr'>θνητοὶ,</span> <span class='ocrx_word' id='word_1_167' title='bbox 3944 1317 4041 1369; x_wconf 71' lang='grc' dir='ltr'>καὶ</span> 
     </span>
    </p>
   </div>
   <div class='ocr_carea' id='block_1_28' title="bbox 2451 1402 4041 1475">
    <p class='ocr_par' dir='ltr' id='par_1_28' title="bbox 2451 1402 4041 1475">
     <span class='ocr_line' id='line_1_28' title="bbox 2451 1402 4041 1475; baseline 0.003 -22"><span class='ocrx_word' id='word_1_168' title='bbox 2451 1403 2609 1466; x_wconf 81' lang='grc' dir='ltr'>σκιᾶς</span> <span class='ocrx_word' id='word_1_169' title='bbox 2647 1402 2803 1471; x_wconf 85' lang='grc' dir='ltr'>δίκην</span> <span class='ocrx_word' id='word_1_170' title='bbox 2848 1402 2950 1471; x_wconf 82' lang='grc' dir='ltr'><strong>τὴν</strong></span> <span class='ocrx_word' id='word_1_171' title='bbox 2985 1402 3130 1472; x_wconf 80' lang='grc' dir='ltr'>ζωὴν</span> <span class='ocrx_word' id='word_1_172' title='bbox 3165 1404 3573 1472; x_wconf 84' lang='grc' dir='ltr'>παροδεύονσαν</span> <span class='ocrx_word' id='word_1_173' title='bbox 3599 1405 3817 1475; x_wconf 79' lang='grc' dir='ltr'>ἔχοντες</span> <span class='ocrx_word' id='word_1_174' title='bbox 3847 1425 3860 1439; x_wconf 71' lang='grc' dir='ltr'><strong>ο</strong></span> <span class='ocrx_word' id='word_1_175' title='bbox 3896 1407 4041 1459; x_wconf 79' lang='grc' dir='ltr'><strong>ἀλλά</strong></span> 
     </span>
    </p>
   </div>
   <div class='ocr_carea' id='block_1_29' title="bbox 2449 1491 4038 1569">
    <p class='ocr_par' dir='ltr' id='par_1_29' title="bbox 2449 1491 4038 1569">
     <span class='ocr_line' id='line_1_29' title="bbox 2449 1491 4038 1569; baseline 0.003 -25"><span class='ocrx_word' id='word_1_176' title='bbox 2449 1491 2540 1544; x_wconf 72' lang='grc' dir='ltr'><strong>τδν</strong></span> <span class='ocrx_word' id='word_1_177' title='bbox 2568 1493 2702 1560; x_wconf 73' lang='grc' dir='ltr'>πρδς</span> <span class='ocrx_word' id='word_1_178' title='bbox 2735 1493 2951 1564; x_wconf 80' lang='grc' dir='ltr'>ἡμέραν</span> <span class='ocrx_word' id='word_1_179' title='bbox 2985 1494 3436 1566; x_wconf 82' lang='grc' dir='ltr'><strong>ἀπεριμερίμνως</strong></span> <span class='ocrx_word' id='word_1_180' title='bbox 3465 1496 3552 1549; x_wconf 70' lang='grc' dir='ltr'><strong>διὰ</strong></span> <span class='ocrx_word' id='word_1_181' title='bbox 3587 1499 3687 1567; x_wconf 91' lang='grc' dir='ltr'><strong>τῆς</strong></span> <span class='ocrx_word' id='word_1_182' title='bbox 3720 1502 4038 1569; x_wconf 69' lang='grc' dir='ltr'>προσευχῆς</span> 
     </span>
    </p>
   </div>
   <div class='ocr_carea' id='block_1_30' title="bbox 2449 1584 4037 1658">
    <p class='ocr_par' dir='ltr' id='par_1_30' title="bbox 2449 1584 4037 1658">
     <span class='ocr_line' id='line_1_30' title="bbox 2449 1584 4037 1658; baseline 0.006 -23"><span class='ocrx_word' id='word_1_183' title='bbox 2449 1584 2761 1654; x_wconf 79' lang='grc' dir='ltr'>αἱτήσωμεν</span> <span class='ocrx_word' id='word_1_184' title='bbox 2799 1585 2962 1656; x_wconf 79' lang='grc' dir='ltr'>άρτον</span> <span class='ocrx_word' id='word_1_185' title='bbox 2983 1602 2996 1615; x_wconf 92' lang='grc'><strong>·</strong></span> <span class='ocrx_word' id='word_1_186' title='bbox 3021 1589 3114 1640; x_wconf 70' lang='grc' dir='ltr'>καὶ</span> <span class='ocrx_word' id='word_1_187' title='bbox 3136 1587 3401 1657; x_wconf 81' lang='grc' dir='ltr'>δείξωμεν</span> <span class='ocrx_word' id='word_1_188' title='bbox 3436 1588 3518 1640; x_wconf 78' lang='grc' dir='ltr'>ὅτι</span> <span class='ocrx_word' id='word_1_189' title='bbox 3549 1589 3859 1658; x_wconf 77' lang='grc' dir='ltr'>φιλοσόφως</span> <span class='ocrx_word' id='word_1_190' title='bbox 3891 1591 4037 1644; x_wconf 73' lang='grc' dir='ltr'>κατὰ</span> 
     </span>
    </p>
   </div>
   <div class='ocr_carea' id='block_1_31' title="bbox 2450 1676 4035 1752">
    <p class='ocr_par' dir='ltr' id='par_1_31' title="bbox 2450 1676 4035 1752">
     <span class='ocr_line' id='line_1_31' title="bbox 2450 1676 4035 1752; baseline 0.003 -22"><span class='ocrx_word' id='word_1_191' title='bbox 2450 1676 2685 1748; x_wconf 78' lang='grc' dir='ltr'>Χριστὸν</span> <span class='ocrx_word' id='word_1_192' title='bbox 2723 1677 2954 1750; x_wconf 79' lang='grc' dir='ltr'>μελέτην</span> <span class='ocrx_word' id='word_1_193' title='bbox 2986 1679 3219 1732; x_wconf 78' lang='grc' dir='ltr'>θανάτου</span> <span class='ocrx_word' id='word_1_194' title='bbox 3268 1680 3357 1732; x_wconf 82' lang='grc' dir='ltr'>τὸν</span> <span class='ocrx_word' id='word_1_195' title='bbox 3411 1679 3526 1750; x_wconf 77' lang='grc' dir='ltr'>βίον</span> <span class='ocrx_word' id='word_1_196' title='bbox 3571 1681 3916 1750; x_wconf 80' lang='grc' dir='ltr'>ποιούμεθα,</span> <span class='ocrx_word' id='word_1_197' title='bbox 3966 1686 4035 1752; x_wconf 78' lang='grc' dir='ltr'>τῇ</span> 
     </span>
    </p>
   </div>
   <div class='ocr_carea' id='block_1_32' title="bbox 2451 1768 4038 1843">
    <p class='ocr_par' dir='ltr' id='par_1_32' title="bbox 2451 1768 4038 1843">
     <span class='ocr_line' id='line_1_32' title="bbox 2451 1768 4038 1843; baseline 0.004 -23"><span class='ocrx_word' id='word_1_198' title='bbox 2451 1769 2645 1842; x_wconf 81' lang='grc' dir='ltr'>γνώμῃ</span> <span class='ocrx_word' id='word_1_199' title='bbox 2674 1768 2967 1837; x_wconf 82' lang='grc' dir='ltr'><strong>φθάνοντες</strong></span> <span class='ocrx_word' id='word_1_200' title='bbox 2996 1769 3096 1841; x_wconf 78' lang='grc' dir='ltr'>τὴν</span> <span class='ocrx_word' id='word_1_201' title='bbox 3122 1771 3304 1840; x_wconf 86' lang='grc' dir='ltr'>φύσιν,</span> <span class='ocrx_word' id='word_1_202' title='bbox 3341 1771 3437 1824; x_wconf 74' lang='grc' dir='ltr'>καὶ</span> <span class='ocrx_word' id='word_1_203' title='bbox 3467 1773 3598 1842; x_wconf 63' lang='grc' dir='ltr'>πρὶν</span> <span class='ocrx_word' id='word_1_204' title='bbox 3628 1773 3924 1843; x_wconf 77' lang='grc' dir='ltr'>ἐπιστῆναι</span> <span class='ocrx_word' id='word_1_205' title='bbox 3947 1774 4038 1826; x_wconf 80' lang='grc' dir='ltr'>τὸν</span> 
     </span>
    </p>
   </div>
   <div class='ocr_carea' id='block_1_33' title="bbox 770 1834 2379 1936">
    <p class='ocr_par' dir='ltr' id='par_1_33' title="bbox 770 1851 2379 1936">
     <span class='ocr_line' id='line_1_33' title="bbox 770 1851 2379 1936; baseline -0.004 -16"><span class='ocrx_word' id='word_1_206' title='bbox 770 1869 952 1922; x_wconf 84' lang='lat' dir='ltr'><strong>animo</strong></span> <span class='ocrx_word' id='word_1_207' title='bbox 981 1851 1287 1936; x_wconf 77' lang='lat' dir='ltr'><strong>mentisque</strong></span> <span class='ocrx_word' id='word_1_208' title='bbox 1343 1865 1615 1920; x_wconf 81' lang='lat' dir='ltr'><strong>sententia</strong></span> <span class='ocrx_word' id='word_1_209' title='bbox 1673 1872 2010 1933; x_wconf 72' lang='lat' dir='ltr'><strong>occupantes</strong></span> <span class='ocrx_word' id='word_1_210' title='bbox 2055 1871 2379 1928; x_wconf 48' lang='lat' dir='ltr'><strong>naturam;‘</strong></span> 
     </span>
    </p>
   </div>
   <div class='ocr_carea' id='block_1_34' title="bbox 2448 1834 4038 1936">
    <p class='ocr_par' dir='ltr' id='par_1_34' title="bbox 2454 1834 4038 1935">
     <span class='ocr_line' id='line_1_34' title="bbox 2454 1834 4038 1935; baseline 0.003 -24"><span class='ocrx_word' id='word_1_211' title='bbox 2454 1834 2718 1924; x_wconf 55' lang='grc' dir='ltr'>θάνατον,</span> <span class='ocrx_word' id='word_1_212' title='bbox 2763 1860 2863 1930; x_wconf 88' lang='grc' dir='ltr'><strong>τῆς</strong></span> <span class='ocrx_word' id='word_1_213' title='bbox 2894 1861 3003 1913; x_wconf 87' lang='grc' dir='ltr'><strong>τῶν</strong></span> <span class='ocrx_word' id='word_1_214' title='bbox 3047 1834 3379 1932; x_wconf 77' lang='grc' dir='ltr'>σωματικῶν</span> <span class='ocrx_word' id='word_1_215' title='bbox 3424 1834 3694 1933; x_wconf 76' lang='grc' dir='ltr'>μερίμνης</span> <span class='ocrx_word' id='word_1_216' title='bbox 3724 1834 3827 1934; x_wconf 77' lang='grc' dir='ltr'>τὴν</span> <span class='ocrx_word' id='word_1_217' title='bbox 3856 1863 4038 1935; x_wconf 62' lang='grc' dir='ltr'>ςυχὴν</span> 
     </span>
    </p>
   </div>
   <div class='ocr_carea' id='block_1_35' title="bbox 769 1952 2348 2029">
    <p class='ocr_par' dir='ltr' id='par_1_35' title="bbox 769 1952 2348 2029">
     <span class='ocr_line' id='line_1_35' title="bbox 769 1952 2348 2029; baseline -0.006 -16"><span class='ocrx_word' id='word_1_218' title='bbox 769 1975 835 2014; x_wconf 91' lang='lat' dir='ltr'><strong>ac</strong></span> <span class='ocrx_word' id='word_1_219' title='bbox 864 1959 1183 2029; x_wconf 84' lang='lat' dir='ltr'><strong>priusquam</strong></span> <span class='ocrx_word' id='word_1_220' title='bbox 1216 1971 1364 2010; x_wconf 86' lang='lat' dir='ltr'><strong>mors</strong></span> <span class='ocrx_word' id='word_1_221' title='bbox 1396 1956 1669 2017; x_wconf 87' lang='lat' dir='ltr'><strong>adveniat,</strong></span> <span class='ocrx_word' id='word_1_222' title='bbox 1710 1969 1740 2007; x_wconf 89' lang='lat' dir='ltr'><strong>a</strong></span> <span class='ocrx_word' id='word_1_223' title='bbox 1767 1953 1915 2007; x_wconf 89' lang='lat' dir='ltr'><strong>curis</strong></span> <span class='ocrx_word' id='word_1_224' title='bbox 1964 1952 2348 2021; x_wconf 79' lang='lat' dir='ltr'><strong>corporalibus</strong></span> 
     </span>
    </p>
   </div>
   <div class='ocr_carea' id='block_1_36' title="bbox 770 2043 2349 2112">
    <p class='ocr_par' dir='ltr' id='par_1_36' title="bbox 770 2043 2349 2112">
     <span class='ocr_line' id='line_1_36' title="bbox 770 2043 2349 2112; baseline -0.005 -9"><span class='ocrx_word' id='word_1_225' title='bbox 770 2050 1013 2103; x_wconf 88' lang='lat' dir='ltr'><strong>animum</strong></span> <span class='ocrx_word' id='word_1_226' title='bbox 1043 2047 1443 2109; x_wconf 87' lang='lat' dir='ltr'><strong>abseindentcs,</strong></span> <span class='ocrx_word' id='word_1_227' title='bbox 1468 2061 1536 2099; x_wconf 92' lang='lat' dir='ltr'><strong>ne</strong></span> <span class='ocrx_word' id='word_1_228' title='bbox 1565 2045 1654 2098; x_wconf 90' lang='lat' dir='ltr'><strong>ille</strong></span> <span class='ocrx_word' id='word_1_229' title='bbox 1686 2044 1852 2097; x_wconf 84' lang='lat' dir='ltr'><strong>rebus</strong></span> <span class='ocrx_word' id='word_1_230' title='bbox 1901 2058 2020 2112; x_wconf 63' lang='lat' dir='ltr'><strong>quae</strong></span> <span class='ocrx_word' id='word_1_231' title='bbox 2071 2043 2349 2095; x_wconf 87' lang='lat' dir='ltr'><strong>intereunt</strong></span> 
     </span>
    </p>
   </div>
   <div class='ocr_carea' id='block_1_37' title="bbox 771 2133 2346 2203">
    <p class='ocr_par' dir='ltr' id='par_1_37' title="bbox 771 2133 2346 2203">
     <span class='ocr_line' id='line_1_37' title="bbox 771 2133 2346 2203; baseline -0.006 -9"><span class='ocrx_word' id='word_1_232' title='bbox 771 2137 1116 2201; x_wconf 78' lang='lat' dir='ltr'><strong>inlnerescal,</strong></span> <span class='ocrx_word' id='word_1_233' title='bbox 1155 2135 1421 2192; x_wconf 83' lang='lat' dir='ltr'><strong>naturalis</strong></span> <span class='ocrx_word' id='word_1_234' title='bbox 1450 2150 1608 2189; x_wconf 90' lang='lat' dir='ltr'><strong>usum</strong></span> <span class='ocrx_word' id='word_1_235' title='bbox 1642 2133 1960 2203; x_wconf 81' lang='lat' dir='ltr'><strong>cupiditatis</strong></span> <span class='ocrx_word' id='word_1_236' title='bbox 1998 2141 2346 2187; x_wconf 86' lang='lat' dir='ltr'><strong>terrenorum</strong></span> 
     </span>
    </p>
   </div>
   <div class='ocr_carea' id='block_1_38' title="bbox 769 2219 2344 2291">
    <p class='ocr_par' dir='ltr' id='par_1_38' title="bbox 769 2219 2344 2291">
     <span class='ocr_line' id='line_1_38' title="bbox 769 2219 2344 2291; baseline -0.008 -7"><span class='ocrx_word' id='word_1_237' title='bbox 769 2229 1047 2284; x_wconf 88' lang='lat' dir='ltr'><strong>desiderio</strong></span> <span class='ocrx_word' id='word_1_238' title='bbox 1123 2236 1503 2290; x_wconf 89' lang='lat' dir='ltr'><strong>commutans;</strong></span> <span class='ocrx_word' id='word_1_239' title='bbox 1563 2224 1959 2291; x_wconf 86' lang='lat' dir='ltr'><strong>avaritiamque</strong></span> <span class='ocrx_word' id='word_1_240' title='bbox 2025 2219 2344 2282; x_wconf 88' lang='lat' dir='ltr'><strong>condiscat,</strong></span> 
     </span>
    </p>
   </div>
   <div class='ocr_carea' id='block_1_39' title="bbox 770 2311 2344 2392">
    <p class='ocr_par' dir='ltr' id='par_1_39' title="bbox 770 2311 2344 2392">
     <span class='ocr_line' id='line_1_39' title="bbox 770 2311 2344 2392; baseline -0.008 -18"><span class='ocrx_word' id='word_1_241' title='bbox 770 2338 878 2392; x_wconf 88' lang='lat' dir='ltr'><strong>qua</strong></span> <span class='ocrx_word' id='word_1_242' title='bbox 928 2321 1240 2375; x_wconf 85' lang='lat' dir='ltr'><strong>divinorum</strong></span> <span class='ocrx_word' id='word_1_243' title='bbox 1268 2318 1426 2372; x_wconf 87' lang='lat' dir='ltr'><strong>nobis</strong></span> <span class='ocrx_word' id='word_1_244' title='bbox 1450 2318 1718 2372; x_wconf 87' lang='lat' dir='ltr'><strong>bonorum</strong></span> <span class='ocrx_word' id='word_1_245' title='bbox 1753 2312 2028 2368; x_wconf 82' lang='lat' dir='ltr'><strong>amuentia</strong></span> <span class='ocrx_word' id='word_1_246' title='bbox 2070 2311 2344 2366; x_wconf 89' lang='lat' dir='ltr'><strong>dematur.</strong></span> 
     </span>
    </p>
   </div>
   <div class='ocr_carea' id='block_1_40' title="bbox 843 2415 2345 2494">
    <p class='ocr_par' dir='ltr' id='par_1_40' title="bbox 843 2415 2345 2494">
     <span class='ocr_line' id='line_1_40' title="bbox 843 2415 2345 2494; baseline -0.01 -13"><span class='ocrx_word' id='word_1_247' title='bbox 843 2424 1138 2494; x_wconf 83' lang='lat' dir='ltr'><strong>Fugiamus</strong></span> <span class='ocrx_word' id='word_1_248' title='bbox 1194 2437 1346 2491; x_wconf 79' lang='lat' dir='ltr'><strong>ergo,</strong></span> <span class='ocrx_word' id='word_1_249' title='bbox 1404 2430 1606 2490; x_wconf 85' lang='lat' dir='ltr'><strong>quanta</strong></span> <span class='ocrx_word' id='word_1_250' title='bbox 1653 2418 1813 2472; x_wconf 90' lang='lat' dir='ltr'><strong>nobis</strong></span> <span class='ocrx_word' id='word_1_251' title='bbox 1866 2415 2114 2479; x_wconf 74' lang='lat' dir='ltr'><strong>facultas,</strong></span> <span class='ocrx_word' id='word_1_252' title='bbox 2163 2428 2345 2469; x_wconf 91' lang='lat' dir='ltr'><strong>rerum</strong></span> 
     </span>
    </p>
   </div>
   <div class='ocr_carea' id='block_1_41' title="bbox 775 2505 2347 2579">
    <p class='ocr_par' dir='ltr' id='par_1_41' title="bbox 775 2505 2347 2579">
     <span class='ocr_line' id='line_1_41' title="bbox 775 2505 2347 2579; baseline -0.008 -7"><span class='ocrx_word' id='word_1_253' title='bbox 775 2527 1122 2574; x_wconf 87' lang='lat' dir='ltr'><strong>terrenarum</strong></span> <span class='ocrx_word' id='word_1_254' title='bbox 1147 2528 1413 2576; x_wconf 86' lang='lat' dir='ltr'><strong>antorem,</strong></span> <span class='ocrx_word' id='word_1_255' title='bbox 1439 2526 1739 2578; x_wconf 90' lang='lat' dir='ltr'><strong>earumque</strong></span> <span class='ocrx_word' id='word_1_256' title='bbox 1775 2509 2162 2579; x_wconf 68' lang='lat' dir='ltr'><strong>procliviorem</strong></span> <span class='ocrx_word' id='word_1_257' title='bbox 2215 2505 2347 2560; x_wconf 65' lang='lat' dir='ltr'><strong>alie-</strong></span> 
     </span>
    </p>
   </div>
   <div class='ocr_carea' id='block_1_42' title="bbox 771 2599 2342 2673">
    <p class='ocr_par' dir='ltr' id='par_1_42' title="bbox 771 2599 2342 2673">
     <span class='ocr_line' id='line_1_42' title="bbox 771 2599 2342 2673; baseline -0.008 -11"><span class='ocrx_word' id='word_1_258' title='bbox 771 2617 920 2662; x_wconf 89' lang='lat' dir='ltr'><strong>ctum</strong></span> <span class='ocrx_word' id='word_1_259' title='bbox 946 2606 1119 2659; x_wconf 88' lang='lat' dir='ltr'><strong>instar</strong></span> <span class='ocrx_word' id='word_1_260' title='bbox 1153 2602 1398 2673; x_wconf 87' lang='lat' dir='ltr'><strong>pulveris</strong></span> <span class='ocrx_word' id='word_1_261' title='bbox 1423 2601 1492 2655; x_wconf 90' lang='lat' dir='ltr'><strong>ab</strong></span> <span class='ocrx_word' id='word_1_262' title='bbox 1512 2600 1679 2654; x_wconf 91' lang='lat' dir='ltr'><strong>animi</strong></span> <span class='ocrx_word' id='word_1_263' title='bbox 1720 2601 1896 2655; x_wconf 90' lang='lat' dir='ltr'><strong>oculis</strong></span> <span class='ocrx_word' id='word_1_264' title='bbox 1923 2599 2302 2666; x_wconf 80' lang='lat' dir='ltr'><strong>abstergamus</strong></span> <span class='ocrx_word' id='word_1_265' title='bbox 2327 2613 2342 2662; x_wconf 89' lang='lat'><strong>;</strong></span> 
     </span>
    </p>
   </div>
   <div class='ocr_carea' id='block_1_43' title="bbox 770 2692 2342 2766">
    <p class='ocr_par' dir='ltr' id='par_1_43' title="bbox 770 2692 2342 2766">
     <span class='ocr_line' id='line_1_43' title="bbox 770 2692 2342 2766; baseline -0.006 -13"><span class='ocrx_word' id='word_1_266' title='bbox 770 2707 936 2766; x_wconf 88' lang='lat' dir='ltr'><strong>atque</strong></span> <span class='ocrx_word' id='word_1_267' title='bbox 961 2697 1029 2750; x_wconf 91' lang='lat' dir='ltr'><strong>iis</strong></span> <span class='ocrx_word' id='word_1_268' title='bbox 1047 2694 1178 2750; x_wconf 91' lang='lat' dir='ltr'><strong>solis</strong></span> <span class='ocrx_word' id='word_1_269' title='bbox 1201 2692 1444 2752; x_wconf 86' lang='lat' dir='ltr'><strong>contenti</strong></span> <span class='ocrx_word' id='word_1_270' title='bbox 1472 2692 1664 2755; x_wconf 91' lang='lat' dir='ltr'><strong>simus,</strong></span> <span class='ocrx_word' id='word_1_271' title='bbox 1697 2707 1818 2760; x_wconf 67' lang='lat' dir='ltr'><strong>quae</strong></span> <span class='ocrx_word' id='word_1_272' title='bbox 1856 2698 2182 2759; x_wconf 66' lang='lat' dir='ltr'><strong>praasentem</strong></span> <span class='ocrx_word' id='word_1_273' title='bbox 2213 2703 2342 2743; x_wconf 88' lang='lat' dir='ltr'><strong>sus-</strong></span> 
     </span>
    </p>
   </div>
   <div class='ocr_carea' id='block_1_44' title="bbox 777 2778 2345 2853">
    <p class='ocr_par' dir='ltr' id='par_1_44' title="bbox 777 2778 2345 2853">
     <span class='ocr_line' id='line_1_44' title="bbox 777 2778 2345 2853; baseline -0.008 -9"><span class='ocrx_word' id='word_1_274' title='bbox 777 2796 992 2844; x_wconf 87' lang='lat' dir='ltr'><strong>tentant</strong></span> <span class='ocrx_word' id='word_1_275' title='bbox 1040 2787 1230 2848; x_wconf 88' lang='lat' dir='ltr'><strong>vitam,</strong></span> <span class='ocrx_word' id='word_1_276' title='bbox 1262 2798 1371 2840; x_wconf 91' lang='lat' dir='ltr'><strong>non</strong></span> <span class='ocrx_word' id='word_1_277' title='bbox 1394 2783 1599 2853; x_wconf 88' lang='lat' dir='ltr'><strong>quibus</strong></span> <span class='ocrx_word' id='word_1_278' title='bbox 1654 2782 1744 2836; x_wconf 83' lang='lat' dir='ltr'><strong>illa</strong></span> <span class='ocrx_word' id='word_1_279' title='bbox 1777 2782 1845 2836; x_wconf 90' lang='lat' dir='ltr'><strong>ad</strong></span> <span class='ocrx_word' id='word_1_280' title='bbox 1880 2781 2150 2835; x_wconf 84' lang='lat' dir='ltr'><strong>luxuriam</strong></span> <span class='ocrx_word' id='word_1_281' title='bbox 2199 2778 2345 2833; x_wconf 82' lang='lat' dir='ltr'><strong>dele-</strong></span> 
     </span>
    </p>
   </div>
   <div class='ocr_carea' id='block_1_45' title="bbox 769 2873 2347 2948">
    <p class='ocr_par' dir='ltr' id='par_1_45' title="bbox 769 2873 2347 2948">
     <span class='ocr_line' id='line_1_45' title="bbox 769 2873 2347 2948; baseline -0.004 -14"><span class='ocrx_word' id='word_1_282' title='bbox 769 2889 984 2944; x_wconf 89' lang='lat' dir='ltr'><strong>ctatur;</strong></span> <span class='ocrx_word' id='word_1_283' title='bbox 1007 2893 1108 2948; x_wconf 88' lang='lat' dir='ltr'><strong>pro</strong></span> <span class='ocrx_word' id='word_1_284' title='bbox 1125 2874 1418 2947; x_wconf 86' lang='lat' dir='ltr'><strong>ejusmodi,</strong></span> <span class='ocrx_word' id='word_1_285' title='bbox 1445 2875 1520 2928; x_wconf 87' lang='lat' dir='ltr'><strong>ita</strong></span> <span class='ocrx_word' id='word_1_286' title='bbox 1540 2883 1596 2929; x_wconf 89' lang='lat' dir='ltr'><strong>ut</strong></span> <span class='ocrx_word' id='word_1_287' title='bbox 1623 2873 1768 2929; x_wconf 89' lang='lat' dir='ltr'><strong>docti</strong></span> <span class='ocrx_word' id='word_1_288' title='bbox 1796 2889 2004 2936; x_wconf 90' lang='lat' dir='ltr'><strong>sumus,</strong></span> <span class='ocrx_word' id='word_1_289' title='bbox 2025 2873 2194 2928; x_wconf 88' lang='lat' dir='ltr'><strong>Deum</strong></span> <span class='ocrx_word' id='word_1_290' title='bbox 2223 2886 2347 2928; x_wconf 85' lang='lat' dir='ltr'><strong>ore—</strong></span> 
     </span>
    </p>
   </div>
   <div class='ocr_carea' id='block_1_46' title="bbox 769 2963 2346 3036">
    <p class='ocr_par' dir='ltr' id='par_1_46' title="bbox 769 2963 2346 3036">
     <span class='ocr_line' id='line_1_46' title="bbox 769 2963 2346 3036; baseline -0.005 -12"><span class='ocrx_word' id='word_1_291' title='bbox 769 2985 913 3032; x_wconf 91' lang='lat' dir='ltr'><strong>mus,</strong></span> <span class='ocrx_word' id='word_1_292' title='bbox 947 2981 1056 3036; x_wconf 92' lang='lat' dir='ltr'><strong>quo</strong></span> <span class='ocrx_word' id='word_1_293' title='bbox 1087 2967 1321 3020; x_wconf 87' lang='lat' dir='ltr'><strong>liberum</strong></span> <span class='ocrx_word' id='word_1_294' title='bbox 1349 2965 1544 3033; x_wconf 90' lang='lat' dir='ltr'><strong>suique</strong></span> <span class='ocrx_word' id='word_1_295' title='bbox 1565 2963 1792 3018; x_wconf 89' lang='lat' dir='ltr'><strong>omnino</strong></span> <span class='ocrx_word' id='word_1_296' title='bbox 1821 2963 1981 3034; x_wconf 85' lang='lat' dir='ltr'><strong>juris,</strong></span> <span class='ocrx_word' id='word_1_297' title='bbox 2015 2963 2148 3016; x_wconf 91' lang='lat' dir='ltr'><strong>nulli</strong></span> <span class='ocrx_word' id='word_1_298' title='bbox 2188 2978 2346 3032; x_wconf 85' lang='lat' dir='ltr'><strong>pror-</strong></span> 
     </span>
    </p>
   </div>
   <div class='ocr_carea' id='block_1_47' title="bbox 771 3054 2342 3129">
    <p class='ocr_par' dir='ltr' id='par_1_47' title="bbox 771 3054 2342 3129">
     <span class='ocr_line' id='line_1_47' title="bbox 771 3054 2342 3129; baseline -0.007 -12"><span class='ocrx_word' id='word_1_299' title='bbox 771 3079 866 3117; x_wconf 91' lang='lat' dir='ltr'><strong>sus</strong></span> <span class='ocrx_word' id='word_1_300' title='bbox 895 3061 973 3115; x_wconf 91' lang='lat' dir='ltr'><strong>rei</strong></span> <span class='ocrx_word' id='word_1_301' title='bbox 1012 3058 1337 3129; x_wconf 85' lang='lat' dir='ltr'><strong>aspectabili</strong></span> <span class='ocrx_word' id='word_1_302' title='bbox 1368 3057 1616 3126; x_wconf 87' lang='lat' dir='ltr'><strong>corporis</strong></span> <span class='ocrx_word' id='word_1_303' title='bbox 1641 3055 1947 3111; x_wconf 89' lang='lat' dir='ltr'><strong>sollicitiori</strong></span> <span class='ocrx_word' id='word_1_304' title='bbox 1975 3071 2106 3110; x_wconf 91' lang='lat' dir='ltr'><strong>cura</strong></span> <span class='ocrx_word' id='word_1_305' title='bbox 2149 3054 2342 3110; x_wconf 91' lang='lat' dir='ltr'><strong>devin-</strong></span> 
     </span>
    </p>
   </div>
   <div class='ocr_carea' id='block_1_48' title="bbox 771 3145 2410 3225">
    <p class='ocr_par' dir='ltr' id='par_1_48' title="bbox 771 3145 2410 3225">
     <span class='ocr_line' id='line_1_48' title="bbox 771 3145 2410 3225; baseline -0.004 -18"><span class='ocrx_word' id='word_1_306' title='bbox 771 3163 920 3208; x_wconf 90' lang='lat' dir='ltr'><strong>ctum</strong></span> <span class='ocrx_word' id='word_1_307' title='bbox 948 3167 1011 3206; x_wconf 90' lang='lat' dir='ltr'><strong>ac</strong></span> <span class='ocrx_word' id='word_1_308' title='bbox 1037 3150 1430 3219; x_wconf 82' lang='lat' dir='ltr'><strong>mancipatum,</strong></span> <span class='ocrx_word' id='word_1_309' title='bbox 1457 3148 1701 3202; x_wconf 88' lang='lat' dir='ltr'><strong>animum</strong></span> <span class='ocrx_word' id='word_1_310' title='bbox 1750 3161 1972 3202; x_wconf 89' lang='lat' dir='ltr'><strong>servare</strong></span> <span class='ocrx_word' id='word_1_311' title='bbox 2015 3145 2289 3216; x_wconf 87' lang='lat' dir='ltr'><strong>possimus</strong></span> <span class='ocrx_word' id='word_1_312' title='bbox 2323 3165 2337 3201; x_wconf 90' lang='lat'>:</span> <span class='ocrx_word' id='word_1_313' title='bbox 2367 3167 2410 3225; x_wconf 69' lang='grc' dir='ltr'>ο</span> 
     </span>
    </p>
   </div>
   <div class='ocr_carea' id='block_1_49' title="bbox 771 3237 2342 3314">
    <p class='ocr_par' dir='ltr' id='par_1_49' title="bbox 771 3237 2342 3314">
     <span class='ocr_line' id='line_1_49' title="bbox 771 3237 2342 3314; baseline -0.006 -16"><span class='ocrx_word' id='word_1_314' title='bbox 771 3243 1180 3314; x_wconf 88' lang='lat' dir='ltr'><strong>prodamurquc</strong></span> <span class='ocrx_word' id='word_1_315' title='bbox 1208 3255 1275 3294; x_wconf 93' lang='lat' dir='ltr'><strong>eo</strong></span> <span class='ocrx_word' id='word_1_316' title='bbox 1305 3239 1472 3294; x_wconf 90' lang='lat' dir='ltr'><strong>cdere</strong></span> <span class='ocrx_word' id='word_1_317' title='bbox 1498 3247 1559 3292; x_wconf 91' lang='lat' dir='ltr'><strong>ut</strong></span> <span class='ocrx_word' id='word_1_318' title='bbox 1584 3237 1854 3299; x_wconf 85' lang='lat' dir='ltr'><strong>vivamus,</strong></span> <span class='ocrx_word' id='word_1_319' title='bbox 1881 3252 1993 3291; x_wconf 91' lang='lat' dir='ltr'><strong>non</strong></span> <span class='ocrx_word' id='word_1_320' title='bbox 2017 3243 2079 3290; x_wconf 92' lang='lat' dir='ltr'><strong>ut</strong></span> <span class='ocrx_word' id='word_1_321' title='bbox 2111 3237 2342 3291; x_wconf 86' lang='lat' dir='ltr'><strong>edamus</strong></span> 
     </span>
    </p>
   </div>
   <div class='ocr_carea' id='block_1_50' title="bbox 769 3326 2346 3400">
    <p class='ocr_par' dir='ltr' id='par_1_50' title="bbox 769 3326 2346 3400">
     <span class='ocr_line' id='line_1_50' title="bbox 769 3326 2346 3400; baseline -0.006 -14"><span class='ocrx_word' id='word_1_322' title='bbox 769 3333 954 3386; x_wconf 81' lang='lat' dir='ltr'><strong>vivere</strong></span> <span class='ocrx_word' id='word_1_323' title='bbox 984 3344 1275 3400; x_wconf 81' lang='lat' dir='ltr'><strong>arguamur</strong></span> <span class='ocrx_word' id='word_1_324' title='bbox 1311 3346 1325 3381; x_wconf 87' lang='lat'><strong>:</strong></span> <span class='ocrx_word' id='word_1_325' title='bbox 1357 3328 1591 3382; x_wconf 90' lang='lat' dir='ltr'><strong>alterum</strong></span> <span class='ocrx_word' id='word_1_326' title='bbox 1616 3341 1852 3395; x_wconf 84' lang='lat' dir='ltr'><strong>namque</strong></span> <span class='ocrx_word' id='word_1_327' title='bbox 1874 3326 1995 3395; x_wconf 88' lang='lat' dir='ltr'><strong>ejus</strong></span> <span class='ocrx_word' id='word_1_328' title='bbox 2024 3333 2238 3379; x_wconf 54' lang='lat' dir='ltr'><strong>natura;</strong></span> <span class='ocrx_word' id='word_1_329' title='bbox 2260 3331 2346 3378; x_wconf 90' lang='lat' dir='ltr'><strong>est</strong></span> 
     </span>
    </p>
   </div>
   <div class='ocr_carea' id='block_1_51' title="bbox 771 3415 2346 3493">
    <p class='ocr_par' dir='ltr' id='par_1_51' title="bbox 771 3415 2346 3493">
     <span class='ocr_line' id='line_1_51' title="bbox 771 3415 2346 3493; baseline -0.006 -15"><span class='ocrx_word' id='word_1_330' title='bbox 771 3434 935 3493; x_wconf 85' lang='lat' dir='ltr'><strong>atque</strong></span> <span class='ocrx_word' id='word_1_331' title='bbox 958 3423 1062 3486; x_wconf 93' lang='lat' dir='ltr'><strong>vis,</strong></span> <span class='ocrx_word' id='word_1_332' title='bbox 1085 3435 1206 3490; x_wconf 66' lang='lat' dir='ltr'><strong>qua:</strong></span> <span class='ocrx_word' id='word_1_333' title='bbox 1237 3420 1449 3474; x_wconf 87' lang='lat' dir='ltr'><strong>ratione</strong></span> <span class='ocrx_word' id='word_1_334' title='bbox 1470 3419 1713 3489; x_wconf 80' lang='lat' dir='ltr'><strong>regitur;</strong></span> <span class='ocrx_word' id='word_1_335' title='bbox 1737 3419 1973 3471; x_wconf 89' lang='lat' dir='ltr'><strong>alterum</strong></span> <span class='ocrx_word' id='word_1_336' title='bbox 1993 3417 2114 3486; x_wconf 88' lang='lat' dir='ltr'><strong>ejus</strong></span> <span class='ocrx_word' id='word_1_337' title='bbox 2134 3415 2346 3485; x_wconf 86' lang='lat' dir='ltr'><strong>perspi-</strong></span> 
     </span>
    </p>
   </div>
   <div class='ocr_carea' id='block_1_52' title="bbox 771 3504 2346 3586">
    <p class='ocr_par' dir='ltr' id='par_1_52' title="bbox 771 3504 2346 3586">
     <span class='ocr_line' id='line_1_52' title="bbox 771 3504 2346 3586; baseline -0.011 -14"><span class='ocrx_word' id='word_1_338' title='bbox 771 3534 872 3572; x_wconf 90' lang='lat' dir='ltr'><strong>cue</strong></span> <span class='ocrx_word' id='word_1_339' title='bbox 897 3515 1182 3586; x_wconf 89' lang='lat' dir='ltr'><strong>proprium</strong></span> <span class='ocrx_word' id='word_1_340' title='bbox 1205 3521 1310 3577; x_wconf 90' lang='lat' dir='ltr'><strong>est,</strong></span> <span class='ocrx_word' id='word_1_341' title='bbox 1329 3527 1450 3582; x_wconf 62' lang='lat' dir='ltr'><strong>quae</strong></span> <span class='ocrx_word' id='word_1_342' title='bbox 1469 3510 1680 3565; x_wconf 89' lang='lat' dir='ltr'><strong>nullum</strong></span> <span class='ocrx_word' id='word_1_343' title='bbox 1701 3505 1930 3561; x_wconf 88' lang='lat' dir='ltr'><strong>rationis</strong></span> <span class='ocrx_word' id='word_1_344' title='bbox 1957 3511 2215 3576; x_wconf 83' lang='lat' dir='ltr'><strong>agnoscat</strong></span> <span class='ocrx_word' id='word_1_345' title='bbox 2244 3504 2346 3556; x_wconf 87' lang='lat' dir='ltr'><strong>im-</strong></span> 
     </span>
    </p>
   </div>
   <div class='ocr_carea' id='block_1_53' title="bbox 770 3596 2346 3681">
    <p class='ocr_par' dir='ltr' id='par_1_53' title="bbox 770 3596 2346 3681">
     <span class='ocr_line' id='line_1_53' title="bbox 770 3596 2346 3681; baseline -0.01 -16"><span class='ocrx_word' id='word_1_346' title='bbox 770 3609 1004 3681; x_wconf 86' lang='lat' dir='ltr'><strong>perium.</strong></span> <span class='ocrx_word' id='word_1_347' title='bbox 1019 3607 1313 3675; x_wconf 88' lang='lat' dir='ltr'><strong>Simusque</strong></span> <span class='ocrx_word' id='word_1_348' title='bbox 1326 3602 1592 3658; x_wconf 90' lang='lat' dir='ltr'><strong>orationis</strong></span> <span class='ocrx_word' id='word_1_349' title='bbox 1608 3599 1897 3670; x_wconf 84' lang='lat' dir='ltr'><strong>diligentes</strong></span> <span class='ocrx_word' id='word_1_350' title='bbox 1915 3597 2191 3661; x_wconf 89' lang='lat' dir='ltr'><strong>custodes,</strong></span> <span class='ocrx_word' id='word_1_351' title='bbox 2212 3596 2346 3666; x_wconf 77' lang='lat' dir='ltr'><strong>ipsis</strong></span> 
     </span>
    </p>
   </div>
   <div class='ocr_carea' id='block_1_54' title="bbox 772 3691 2347 3772">
    <p class='ocr_par' dir='ltr' id='par_1_54' title="bbox 772 3691 2347 3772">
     <span class='ocr_line' id='line_1_54' title="bbox 772 3691 2347 3772; baseline -0.008 -16"><span class='ocrx_word' id='word_1_352' title='bbox 772 3701 1068 3772; x_wconf 88' lang='lat' dir='ltr'><strong>prodentes</strong></span> <span class='ocrx_word' id='word_1_353' title='bbox 1082 3698 1363 3769; x_wconf 88' lang='lat' dir='ltr'><strong>operibus,</strong></span> <span class='ocrx_word' id='word_1_354' title='bbox 1382 3709 1546 3750; x_wconf 89' lang='lat' dir='ltr'><strong>unam</strong></span> <span class='ocrx_word' id='word_1_355' title='bbox 1571 3708 1673 3747; x_wconf 91' lang='lat' dir='ltr'><strong>nos</strong></span> <span class='ocrx_word' id='word_1_356' title='bbox 1690 3708 1754 3748; x_wconf 90' lang='lat' dir='ltr'><strong>ac</strong></span> <span class='ocrx_word' id='word_1_357' title='bbox 1776 3692 1946 3746; x_wconf 84' lang='lat' dir='ltr'><strong>solam</strong></span> <span class='ocrx_word' id='word_1_358' title='bbox 1975 3691 2221 3744; x_wconf 89' lang='lat' dir='ltr'><strong>tenacius</strong></span> <span class='ocrx_word' id='word_1_359' title='bbox 2232 3703 2347 3743; x_wconf 87' lang='lat' dir='ltr'><strong>am-</strong></span> 
     </span>
    </p>
   </div>
   <div class='ocr_carea' id='block_1_55' title="bbox 773 3781 2346 3864">
    <p class='ocr_par' dir='ltr' id='par_1_55' title="bbox 773 3781 2346 3864">
     <span class='ocr_line' id='line_1_55' title="bbox 773 3781 2346 3864; baseline -0.01 -15"><span class='ocrx_word' id='word_1_360' title='bbox 773 3793 936 3864; x_wconf 90' lang='lat' dir='ltr'><strong>plecti</strong></span> <span class='ocrx_word' id='word_1_361' title='bbox 957 3792 1146 3856; x_wconf 87' lang='lat' dir='ltr'><strong>vitam,</strong></span> <span class='ocrx_word' id='word_1_362' title='bbox 1197 3803 1318 3860; x_wconf 59' lang='lat' dir='ltr'><strong>quas</strong></span> <span class='ocrx_word' id='word_1_363' title='bbox 1361 3785 1660 3857; x_wconf 71' lang='lat' dir='ltr'><strong>in&#39;spiritu</strong></span> <span class='ocrx_word' id='word_1_364' title='bbox 1689 3785 1904 3854; x_wconf 81' lang='lat' dir='ltr'><strong>agitur;</strong></span> <span class='ocrx_word' id='word_1_365' title='bbox 1950 3783 2162 3852; x_wconf 87' lang='lat' dir='ltr'><strong>hacque</strong></span> <span class='ocrx_word' id='word_1_366' title='bbox 2205 3781 2346 3835; x_wconf 89' lang='lat' dir='ltr'><strong>adeo</strong></span> 
     </span>
    </p>
   </div>
   <div class='ocr_carea' id='block_1_56' title="bbox 772 3875 2346 3958">
    <p class='ocr_par' dir='ltr' id='par_1_56' title="bbox 772 3875 2346 3958">
     <span class='ocr_line' id='line_1_56' title="bbox 772 3875 2346 3958; baseline -0.005 -23"><span class='ocrx_word' id='word_1_367' title='bbox 772 3886 905 3958; x_wconf 83' lang='lat' dir='ltr'><strong>(vita</strong></span> <span class='ocrx_word' id='word_1_368' title='bbox 945 3882 1176 3952; x_wconf 88' lang='lat' dir='ltr'><strong>scilicet)</strong></span> <span class='ocrx_word' id='word_1_369' title='bbox 1207 3881 1418 3950; x_wconf 75' lang='lat' dir='ltr'><strong>aevique</strong></span> <span class='ocrx_word' id='word_1_370' title='bbox 1446 3879 1630 3950; x_wconf 89' lang='lat' dir='ltr'><strong>hujus,</strong></span> <span class='ocrx_word' id='word_1_371' title='bbox 1659 3875 1765 3939; x_wconf 89' lang='lat' dir='ltr'><strong>uti,</strong></span> <span class='ocrx_word' id='word_1_372' title='bbox 1792 3883 1856 3930; x_wconf 90' lang='lat' dir='ltr'><strong>ut</strong></span> <span class='ocrx_word' id='word_1_373' title='bbox 1891 3875 2039 3930; x_wconf 86' lang='lat' dir='ltr'><strong>illam</strong></span> <span class='ocrx_word' id='word_1_374' title='bbox 2062 3888 2346 3943; x_wconf 89' lang='lat' dir='ltr'><strong>compare-</strong></span> 
     </span>
    </p>
   </div>
   <div class='ocr_carea' id='block_1_57' title="bbox 770 3966 2348 4045">
    <p class='ocr_par' dir='ltr' id='par_1_57' title="bbox 770 3966 2348 4045">
     <span class='ocr_line' id='line_1_57' title="bbox 770 3966 2348 4045; baseline -0.008 -15"><span class='ocrx_word' id='word_1_375' title='bbox 770 3992 930 4041; x_wconf 89' lang='lat' dir='ltr'><strong>mus;</strong></span> <span class='ocrx_word' id='word_1_376' title='bbox 954 3977 1113 4045; x_wconf 92' lang='lat' dir='ltr'><strong>cujus</strong></span> <span class='ocrx_word' id='word_1_377' title='bbox 1135 3971 1329 4043; x_wconf 81' lang='lat' dir='ltr'><strong>gratia,</strong></span> <span class='ocrx_word' id='word_1_378' title='bbox 1358 3970 1508 4024; x_wconf 90' lang='lat' dir='ltr'><strong>illius</strong></span> <span class='ocrx_word' id='word_1_379' title='bbox 1542 3969 1813 4024; x_wconf 84' lang='lat' dir='ltr'><strong>hactenus</strong></span> <span class='ocrx_word' id='word_1_380' title='bbox 1843 3966 2166 4020; x_wconf 89' lang='lat' dir='ltr'><strong>adamamus</strong></span> <span class='ocrx_word' id='word_1_381' title='bbox 2214 3981 2348 4019; x_wconf 89' lang='lat' dir='ltr'><strong>usu-</strong></span> 
     </span>
    </p>
   </div>
   <div class='ocr_carea' id='block_1_58' title="bbox 770 4065 2341 4131">
    <p class='ocr_par' dir='ltr' id='par_1_58' title="bbox 770 4065 2341 4131">
     <span class='ocr_line' id='line_1_58' title="bbox 770 4065 2341 4131; baseline -0.008 -11"><span class='ocrx_word' id='word_1_382' title='bbox 770 4083 909 4131; x_wconf 90' lang='lat' dir='ltr'><strong>ram,</strong></span> <span class='ocrx_word' id='word_1_383' title='bbox 941 4074 1002 4120; x_wconf 90' lang='lat' dir='ltr'><strong>ut</strong></span> <span class='ocrx_word' id='word_1_384' title='bbox 1025 4065 1143 4120; x_wconf 91' lang='lat' dir='ltr'><strong>solo</strong></span> <span class='ocrx_word' id='word_1_385' title='bbox 1167 4077 1287 4118; x_wconf 86' lang='lat' dir='ltr'><strong>eam</strong></span> <span class='ocrx_word' id='word_1_386' title='bbox 1312 4075 1452 4131; x_wconf 86' lang='lat' dir='ltr'><strong>pane</strong></span> <span class='ocrx_word' id='word_1_387' title='bbox 1483 4068 1793 4116; x_wconf 86' lang='lat' dir='ltr'><strong>sustentare</strong></span> <span class='ocrx_word' id='word_1_388' title='bbox 1839 4071 1951 4111; x_wconf 91' lang='lat' dir='ltr'><strong>non</strong></span> <span class='ocrx_word' id='word_1_389' title='bbox 2000 4069 2341 4120; x_wconf 88' lang='lat' dir='ltr'><strong>recusemus,</strong></span> 
     </span>
    </p>
   </div>
   <div class='ocr_carea' id='block_1_59' title="bbox 770 4144 2347 4221">
    <p class='ocr_par' dir='ltr' id='par_1_59' title="bbox 770 4144 2347 4221">
     <span class='ocr_line' id='line_1_59' title="bbox 770 4144 2347 4221; baseline -0.006 -14"><span class='ocrx_word' id='word_1_390' title='bbox 770 4163 826 4207; x_wconf 91' lang='lat' dir='ltr'><strong>ct</strong></span> <span class='ocrx_word' id='word_1_391' title='bbox 856 4162 916 4206; x_wconf 91' lang='lat' dir='ltr'><strong>ut</strong></span> <span class='ocrx_word' id='word_1_392' title='bbox 941 4151 1115 4221; x_wconf 90' lang='lat' dir='ltr'><strong>ipsius</strong></span> <span class='ocrx_word' id='word_1_393' title='bbox 1150 4151 1376 4205; x_wconf 73' lang='lat' dir='ltr'><strong>illzesam</strong></span> <span class='ocrx_word' id='word_1_394' title='bbox 1419 4147 1814 4209; x_wconf 88' lang='lat' dir='ltr'><strong>valetudinem,</strong></span> <span class='ocrx_word' id='word_1_395' title='bbox 1867 4154 2132 4215; x_wconf 89' lang='lat' dir='ltr'><strong>quantum</strong></span> <span class='ocrx_word' id='word_1_396' title='bbox 2182 4144 2347 4199; x_wconf 73' lang='lat' dir='ltr'><strong>licue~</strong></span> 
     </span>
    </p>
   </div>
   <div class='ocr_carea' id='block_1_60' title="bbox 772 4236 2341 4306">
    <p class='ocr_par' dir='ltr' id='par_1_60' title="bbox 772 4236 2341 4306">
     <span class='ocr_line' id='line_1_60' title="bbox 772 4236 2341 4306; baseline -0.004 -10"><span class='ocrx_word' id='word_1_397' title='bbox 772 4245 844 4298; x_wconf 90' lang='lat' dir='ltr'><strong>rit</strong></span> <span class='ocrx_word' id='word_1_398' title='bbox 866 4257 1178 4306; x_wconf 85' lang='lat' dir='ltr'><strong>servemus;</strong></span> <span class='ocrx_word' id='word_1_399' title='bbox 1197 4256 1308 4295; x_wconf 90' lang='lat' dir='ltr'><strong>non</strong></span> <span class='ocrx_word' id='word_1_400' title='bbox 1345 4247 1405 4295; x_wconf 91' lang='lat' dir='ltr'><strong>ut</strong></span> <span class='ocrx_word' id='word_1_401' title='bbox 1425 4241 1695 4302; x_wconf 90' lang='lat' dir='ltr'><strong>vivamus,</strong></span> <span class='ocrx_word' id='word_1_402' title='bbox 1719 4237 1813 4292; x_wconf 91' lang='lat' dir='ltr'><strong>sed</strong></span> <span class='ocrx_word' id='word_1_403' title='bbox 1844 4245 1904 4291; x_wconf 91' lang='lat' dir='ltr'><strong>ut</strong></span> <span class='ocrx_word' id='word_1_404' title='bbox 1927 4237 2039 4291; x_wconf 90' lang='lat' dir='ltr'><strong>Deo</strong></span> <span class='ocrx_word' id='word_1_405' title='bbox 2059 4236 2341 4303; x_wconf 86' lang='lat' dir='ltr'><strong>vivamus;</strong></span> 
     </span>
    </p>
   </div>
   <div class='ocr_carea' id='block_1_61' title="bbox 770 4327 2342 4405">
    <p class='ocr_par' dir='ltr' id='par_1_61' title="bbox 770 4327 2342 4405">
     <span class='ocr_line' id='line_1_61' title="bbox 770 4327 2342 4405; baseline -0.007 -14"><span class='ocrx_word' id='word_1_406' title='bbox 770 4350 972 4405; x_wconf 90' lang='lat' dir='ltr'><strong>corpus</strong></span> <span class='ocrx_word' id='word_1_407' title='bbox 992 4335 1278 4397; x_wconf 90' lang='lat' dir='ltr'><strong>nimirum,</strong></span> <span class='ocrx_word' id='word_1_408' title='bbox 1314 4332 1537 4386; x_wconf 89' lang='lat' dir='ltr'><strong>virtutis</strong></span> <span class='ocrx_word' id='word_1_409' title='bbox 1577 4330 1752 4401; x_wconf 81' lang='lat' dir='ltr'><strong>probe</strong></span> <span class='ocrx_word' id='word_1_410' title='bbox 1777 4329 2084 4383; x_wconf 88' lang='lat' dir='ltr'><strong>rationibus</strong></span> <span class='ocrx_word' id='word_1_411' title='bbox 2120 4327 2342 4381; x_wconf 90' lang='lat' dir='ltr'><strong>institu-</strong></span> 
     </span>
    </p>
   </div>
   <div class='ocr_carea' id='block_1_62' title="bbox 771 4419 2346 4493">
    <p class='ocr_par' dir='ltr' id='par_1_62' title="bbox 771 4419 2346 4493">
     <span class='ocr_line' id='line_1_62' title="bbox 771 4419 2346 4493; baseline -0.006 -10"><span class='ocrx_word' id='word_1_412' title='bbox 771 4440 909 4493; x_wconf 85' lang='lat' dir='ltr'><strong>tum,</strong></span> <span class='ocrx_word' id='word_1_413' title='bbox 943 4428 1137 4481; x_wconf 67' lang='lat' dir='ltr'><strong>animm</strong></span> <span class='ocrx_word' id='word_1_414' title='bbox 1163 4427 1420 4480; x_wconf 91' lang='lat' dir='ltr'><strong>nuntium</strong></span> <span class='ocrx_word' id='word_1_415' title='bbox 1474 4423 1801 4489; x_wconf 85' lang='lat' dir='ltr'><strong>elIieientes;</strong></span> <span class='ocrx_word' id='word_1_416' title='bbox 1839 4422 2185 4490; x_wconf 86' lang='lat' dir='ltr'><strong>animamque</strong></span> <span class='ocrx_word' id='word_1_417' title='bbox 2243 4419 2346 4474; x_wconf 87' lang='lat' dir='ltr'><strong>ho-</strong></span> 
     </span>
    </p>
   </div>
   <div class='ocr_carea' id='block_1_63' title="bbox 2451 1949 4036 2026">
    <p class='ocr_par' dir='ltr' id='par_1_63' title="bbox 2451 1949 4036 2026">
     <span class='ocr_line' id='line_1_63' title="bbox 2451 1949 4036 2026; baseline 0.004 -23"><span class='ocrx_word' id='word_1_418' title='bbox 2451 1949 2854 2019; x_wconf 88' lang='grc' dir='ltr'>ἀποτέμνοντες</span> <span class='ocrx_word' id='word_1_419' title='bbox 2881 1967 2894 1980; x_wconf 81' lang='lat'><strong><em>°</em></strong></span> <span class='ocrx_word' id='word_1_420' title='bbox 2931 1952 3019 2005; x_wconf 85' lang='grc' dir='ltr'>ἴνα</span> <span class='ocrx_word' id='word_1_421' title='bbox 3067 1951 3141 2023; x_wconf 78' lang='grc' dir='ltr'>μὴ</span> <span class='ocrx_word' id='word_1_422' title='bbox 3191 1952 3518 2025; x_wconf 77' lang='grc' dir='ltr'>προσηλωθῇ</span> <span class='ocrx_word' id='word_1_423' title='bbox 3567 1957 3680 2015; x_wconf 77' lang='grc' dir='ltr'>τοῖς</span> <span class='ocrx_word' id='word_1_424' title='bbox 3734 1955 4036 2026; x_wconf 85' lang='grc' dir='ltr'>φθειρομέ-</span> 
     </span>
    </p>
   </div>
   <div class='ocr_carea' id='block_1_64' title="bbox 2452 2043 4035 2118">
    <p class='ocr_par' dir='ltr' id='par_1_64' title="bbox 2452 2043 4035 2118">
     <span class='ocr_line' id='line_1_64' title="bbox 2452 2043 4035 2118; baseline 0.004 -24"><span class='ocrx_word' id='word_1_425' title='bbox 2452 2059 2582 2105; x_wconf 83' lang='grc' dir='ltr'>νοις,</span> <span class='ocrx_word' id='word_1_426' title='bbox 2610 2043 2893 2112; x_wconf 79' lang='grc' dir='ltr'>ἀμείψασα</span> <span class='ocrx_word' id='word_1_427' title='bbox 2929 2044 3065 2113; x_wconf 80' lang='grc' dir='ltr'>πρὺς</span> <span class='ocrx_word' id='word_1_428' title='bbox 3096 2043 3192 2114; x_wconf 77' lang='grc' dir='ltr'>τὴν</span> <span class='ocrx_word' id='word_1_429' title='bbox 3233 2043 3365 2114; x_wconf 81' lang='grc' dir='ltr'>ὓλην</span> <span class='ocrx_word' id='word_1_430' title='bbox 3398 2045 3496 2116; x_wconf 78' lang='grc' dir='ltr'>τὴν</span> <span class='ocrx_word' id='word_1_431' title='bbox 3525 2047 3730 2117; x_wconf 41' lang='grc' dir='ltr'>,χρῆσιν</span> <span class='ocrx_word' id='word_1_432' title='bbox 3759 2049 3865 2118; x_wconf 90' lang='grc' dir='ltr'><strong>τῆς</strong></span> <span class='ocrx_word' id='word_1_433' title='bbox 3893 2049 4035 2101; x_wconf 77' lang='grc' dir='ltr'>κατὰ</span> 
     </span>
    </p>
   </div>
   <div class='ocr_carea' id='block_1_65' title="bbox 2450 2120 4035 2210">
    <p class='ocr_par' dir='ltr' id='par_1_65' title="bbox 2450 2120 4035 2210">
     <span class='ocr_line' id='line_1_65' title="bbox 2450 2120 4035 2210; baseline 0.004 -23"><span class='ocrx_word' id='word_1_434' title='bbox 2450 2133 2613 2203; x_wconf 80' lang='grc' dir='ltr'>φύσιν</span> <span class='ocrx_word' id='word_1_435' title='bbox 2648 2135 2910 2203; x_wconf 77' lang='grc' dir='ltr'>ἐφέσεως,</span> <span class='ocrx_word' id='word_1_436' title='bbox 2942 2135 3038 2189; x_wconf 77' lang='grc' dir='ltr'>καὶ</span> <span class='ocrx_word' id='word_1_437' title='bbox 3089 2137 3236 2208; x_wconf 83' lang='grc' dir='ltr'>μάθῃ</span> <span class='ocrx_word' id='word_1_438' title='bbox 3268 2137 3583 2206; x_wconf 82' lang='grc' dir='ltr'>πλεονεξίαν</span> <span class='ocrx_word' id='word_1_439' title='bbox 3603 2139 3704 2210; x_wconf 88' lang='grc' dir='ltr'><strong>τῆς</strong></span> <span class='ocrx_word' id='word_1_440' title='bbox 3731 2120 3844 2194; x_wconf 81' lang='grc' dir='ltr'><strong>τῶν</strong></span> <span class='ocrx_word' id='word_1_441' title='bbox 3872 2140 4035 2194; x_wconf 85' lang='grc' dir='ltr'>θείων</span> 
     </span>
    </p>
   </div>
   <div class='ocr_carea' id='block_1_66' title="bbox 2450 2224 3412 2302">
    <p class='ocr_par' dir='ltr' id='par_1_66' title="bbox 2450 2224 3412 2302">
     <span class='ocr_line' id='line_1_66' title="bbox 2450 2224 3412 2302; baseline 0.005 -24"><span class='ocrx_word' id='word_1_442' title='bbox 2450 2224 2671 2294; x_wconf 82' lang='grc' dir='ltr'>ἀγαθῶν</span> <span class='ocrx_word' id='word_1_443' title='bbox 2701 2227 3016 2297; x_wconf 87' lang='grc' dir='ltr'>περιουσίας</span> <span class='ocrx_word' id='word_1_444' title='bbox 3063 2232 3412 2302; x_wconf 85' lang='grc' dir='ltr'>στερητικήν.</span> 
     </span>
    </p>
   </div>
   <div class='ocr_carea' id='block_1_67' title="bbox 2519 2398 4029 2478">
    <p class='ocr_par' dir='ltr' id='par_1_67' title="bbox 2519 2398 4029 2478">
     <span class='ocr_line' id='line_1_67' title="bbox 2519 2398 4029 2478; baseline 0.005 -24"><span class='ocrx_word' id='word_1_445' title='bbox 2519 2402 2786 2472; x_wconf 82' lang='grc' dir='ltr'>Φύγωμεν</span> <span class='ocrx_word' id='word_1_446' title='bbox 2811 2398 2924 2465; x_wconf 79' lang='grc' dir='ltr'>οὖν,</span> <span class='ocrx_word' id='word_1_447' title='bbox 2962 2403 3061 2474; x_wconf 83' lang='grc' dir='ltr'>ὅση</span> <span class='ocrx_word' id='word_1_448' title='bbox 3095 2402 3346 2474; x_wconf 89' lang='grc' dir='ltr'>δύναμις,</span> <span class='ocrx_word' id='word_1_449' title='bbox 3374 2405 3474 2476; x_wconf 83' lang='grc' dir='ltr'>τὴν</span> <span class='ocrx_word' id='word_1_450' title='bbox 3515 2406 3698 2475; x_wconf 78' lang='grc' dir='ltr'>φιλίαν</span> <span class='ocrx_word' id='word_1_451' title='bbox 3738 2408 3840 2474; x_wconf 85' lang='grc' dir='ltr'><strong>τῆς</strong></span> <span class='ocrx_word' id='word_1_452' title='bbox 3871 2407 4029 2478; x_wconf 81' lang='grc' dir='ltr'>ὕλης,</span> 
     </span>
    </p>
   </div>
   <div class='ocr_carea' id='block_1_68' title="bbox 2452 2492 4030 2570">
    <p class='ocr_par' dir='ltr' id='par_1_68' title="bbox 2452 2492 4030 2570">
     <span class='ocr_line' id='line_1_68' title="bbox 2452 2492 4030 2570; baseline 0.004 -23"><span class='ocrx_word' id='word_1_453' title='bbox 2452 2493 2547 2548; x_wconf 76' lang='grc' dir='ltr'>καὶ</span> <span class='ocrx_word' id='word_1_454' title='bbox 2569 2492 2668 2565; x_wconf 76' lang='grc' dir='ltr'>τὴν</span> <span class='ocrx_word' id='word_1_455' title='bbox 2699 2492 2869 2563; x_wconf 83' lang='grc' dir='ltr'>αὐτῆς</span> <span class='ocrx_word' id='word_1_456' title='bbox 2895 2494 3080 2563; x_wconf 78' lang='grc' dir='ltr'>σχέσιν</span> <span class='ocrx_word' id='word_1_457' title='bbox 3107 2495 3357 2567; x_wconf 88' lang='grc' dir='ltr'>καθάπερ</span> <span class='ocrx_word' id='word_1_458' title='bbox 3383 2499 3659 2570; x_wconf 81' lang='grc' dir='ltr'>κονιορτὸν</span> <span class='ocrx_word' id='word_1_459' title='bbox 3682 2499 3794 2552; x_wconf 90' lang='grc' dir='ltr'><strong>τῶν</strong></span> <span class='ocrx_word' id='word_1_460' title='bbox 3822 2500 4030 2569; x_wconf 88' lang='grc' dir='ltr'>νοερῶν</span> 
     </span>
    </p>
   </div>
   <div class='ocr_carea' id='block_1_69' title="bbox 2447 2583 4030 2661">
    <p class='ocr_par' dir='ltr' id='par_1_69' title="bbox 2447 2583 4030 2661">
     <span class='ocr_line' id='line_1_69' title="bbox 2447 2583 4030 2661; baseline 0.003 -23"><span class='ocrx_word' id='word_1_461' title='bbox 2447 2585 2714 2656; x_wconf 85' lang='grc' dir='ltr'>ὀμμάτων</span> <span class='ocrx_word' id='word_1_462' title='bbox 2765 2583 3197 2656; x_wconf 69' lang='grc' dir='ltr'>ἀπονιψώμεθαο</span> <span class='ocrx_word' id='word_1_463' title='bbox 3268 2587 3365 2641; x_wconf 76' lang='grc' dir='ltr'>καὶ</span> <span class='ocrx_word' id='word_1_464' title='bbox 3427 2589 3610 2658; x_wconf 84' lang='grc' dir='ltr'>μόνοις</span> <span class='ocrx_word' id='word_1_465' title='bbox 3663 2590 4030 2661; x_wconf 83' lang='grc' dir='ltr'>ἀρκεσθῶμεν</span> 
     </span>
    </p>
   </div>
   <div class='ocr_carea' id='block_1_70' title="bbox 2447 2677 4026 2754">
    <p class='ocr_par' dir='ltr' id='par_1_70' title="bbox 2447 2677 4026 2754">
     <span class='ocr_line' id='line_1_70' title="bbox 2447 2677 4026 2754; baseline 0.003 -23"><span class='ocrx_word' id='word_1_466' title='bbox 2447 2681 2561 2742; x_wconf 85' lang='grc' dir='ltr'>τοῖς</span> <span class='ocrx_word' id='word_1_467' title='bbox 2590 2677 2932 2743; x_wconf 85' lang='grc' dir='ltr'>συνιστῶσιν,</span> <span class='ocrx_word' id='word_1_468' title='bbox 2978 2678 3113 2732; x_wconf 84' lang='grc' dir='ltr'>ἀλλὰ</span> <span class='ocrx_word' id='word_1_469' title='bbox 3146 2679 3220 2751; x_wconf 82' lang='grc' dir='ltr'>μὴ</span> <span class='ocrx_word' id='word_1_470' title='bbox 3248 2682 3364 2744; x_wconf 91' lang='grc' dir='ltr'>τοῖς</span> <span class='ocrx_word' id='word_1_471' title='bbox 3410 2679 3692 2750; x_wconf 75' lang='grc' dir='ltr'>ἡδόνουσιν</span> <span class='ocrx_word' id='word_1_472' title='bbox 3735 2681 3896 2754; x_wconf 79' lang='grc' dir='ltr'>ἡμῶν</span> <span class='ocrx_word' id='word_1_473' title='bbox 3926 2682 4026 2754; x_wconf 79' lang='grc' dir='ltr'>τὴν</span> 
     </span>
    </p>
   </div>
   <div class='ocr_carea' id='block_1_71' title="bbox 2448 2759 4029 2839">
    <p class='ocr_par' dir='ltr' id='par_1_71' title="bbox 2448 2759 4029 2839">
     <span class='ocr_line' id='line_1_71' title="bbox 2448 2759 4029 2839; baseline 0.005 -21"><span class='ocrx_word' id='word_1_474' title='bbox 2448 2759 2727 2836; x_wconf 76' lang='grc' dir='ltr'>παροῦσαν</span> <span class='ocrx_word' id='word_1_475' title='bbox 2758 2764 2934 2838; x_wconf 75' lang='grc' dir='ltr'>ζωήνο</span> <span class='ocrx_word' id='word_1_476' title='bbox 2978 2769 3075 2821; x_wconf 70' lang='grc' dir='ltr'><strong>καλ⁵</strong></span> <span class='ocrx_word' id='word_1_477' title='bbox 3110 2768 3252 2839; x_wconf 82' lang='grc' dir='ltr'>ὑπὲρ</span> <span class='ocrx_word' id='word_1_478' title='bbox 3289 2770 3472 2823; x_wconf 78' lang='grc' dir='ltr'>αὐτῶν</span> <span class='ocrx_word' id='word_1_479' title='bbox 3503 2773 3594 2826; x_wconf 82' lang='grc' dir='ltr'>τὸν</span> <span class='ocrx_word' id='word_1_480' title='bbox 3617 2771 3774 2836; x_wconf 80' lang='grc' dir='ltr'>Θεὸν,</span> <span class='ocrx_word' id='word_1_481' title='bbox 3809 2773 3887 2836; x_wconf 83' lang='grc' dir='ltr'>ὡς</span> <span class='ocrx_word' id='word_1_482' title='bbox 3917 2774 4029 2826; x_wconf 63' lang='lat'><strong>£5;-</strong></span> 
     </span>
    </p>
   </div>
   <div class='ocr_carea' id='block_1_72' title="bbox 2446 2858 4026 2937">
    <p class='ocr_par' dir='ltr' id='par_1_72' title="bbox 2446 2858 4026 2937">
     <span class='ocr_line' id='line_1_72' title="bbox 2446 2858 4026 2937; baseline 0.005 -26"><span class='ocrx_word' id='word_1_483' title='bbox 2446 2858 2758 2928; x_wconf 84' lang='grc' dir='ltr'>δάχθημεν,</span> <span class='ocrx_word' id='word_1_484' title='bbox 2811 2859 3135 2933; x_wconf 80' lang='grc' dir='ltr'>ἀξιώσωμεν</span> <span class='ocrx_word' id='word_1_485' title='bbox 3160 2903 3174 2926; x_wconf 91' lang='grc'><strong>,</strong></span> <span class='ocrx_word' id='word_1_486' title='bbox 3227 2864 3318 2917; x_wconf 72' lang='grc' dir='ltr'>ἵνα</span> <span class='ocrx_word' id='word_1_487' title='bbox 3367 2864 3685 2937; x_wconf 86' lang='grc' dir='ltr'>δυνηθῶμεν</span> <span class='ocrx_word' id='word_1_488' title='bbox 3717 2866 4026 2921; x_wconf 80' lang='grc' dir='ltr'>ἀδούλωτον</span> 
     </span>
    </p>
   </div>
   <div class='ocr_carea' id='block_1_73' title="bbox 2448 2949 4029 3029">
    <p class='ocr_par' dir='ltr' id='par_1_73' title="bbox 2448 2949 4029 3029">
     <span class='ocr_line' id='line_1_73' title="bbox 2448 2949 4029 3029; baseline 0.008 -29"><span class='ocrx_word' id='word_1_489' title='bbox 2448 2949 2678 3018; x_wconf 80' lang='grc' dir='ltr'>φυλάξαι</span> <span class='ocrx_word' id='word_1_490' title='bbox 2711 2950 2808 3021; x_wconf 84' lang='grc' dir='ltr'>τὴν</span> <span class='ocrx_word' id='word_1_491' title='bbox 2854 2952 3035 3022; x_wconf 82' lang='grc' dir='ltr'>ψυχὴν</span> <span class='ocrx_word' id='word_1_492' title='bbox 3058 2993 3074 3017; x_wconf 97' lang='grc'><strong>,</strong></span> <span class='ocrx_word' id='word_1_493' title='bbox 3125 2949 3317 3025; x_wconf 71' lang='grc' dir='ltr'>μηδενὶ</span> <span class='ocrx_word' id='word_1_494' title='bbox 3349 2955 3458 3008; x_wconf 89' lang='grc' dir='ltr'><strong>τῶν</strong></span> <span class='ocrx_word' id='word_1_495' title='bbox 3505 2958 3800 3029; x_wconf 82' lang='grc' dir='ltr'>ὁρωμένων</span> <span class='ocrx_word' id='word_1_496' title='bbox 3833 2960 3924 3012; x_wconf 72' lang='grc' dir='ltr'><strong>διὰ</strong></span> <span class='ocrx_word' id='word_1_497' title='bbox 3964 2960 4029 3014; x_wconf 70' lang='grc' dir='ltr'><strong>τὸ</strong></span> 
     </span>
    </p>
   </div>
   <div class='ocr_carea' id='block_1_74' title="bbox 2448 3041 4030 3122">
    <p class='ocr_par' dir='ltr' id='par_1_74' title="bbox 2448 3041 4030 3122">
     <span class='ocr_line' id='line_1_74' title="bbox 2448 3041 4030 3122; baseline 0.008 -29"><span class='ocrx_word' id='word_1_498' title='bbox 2448 3041 2606 3111; x_wconf 85' lang='grc' dir='ltr'>σῶμα</span> <span class='ocrx_word' id='word_1_499' title='bbox 2647 3043 2926 3106; x_wconf 83' lang='grc' dir='ltr'>παντελῶς</span> <span class='ocrx_word' id='word_1_500' title='bbox 2956 3047 3369 3118; x_wconf 76' lang='grc' dir='ltr'>κρατουμένηνο</span> <span class='ocrx_word' id='word_1_501' title='bbox 3420 3051 3517 3102; x_wconf 76' lang='grc' dir='ltr'>καὶ</span> <span class='ocrx_word' id='word_1_502' title='bbox 3566 3050 3660 3104; x_wconf 80' lang='grc' dir='ltr'><strong>τοῦ</strong></span> <span class='ocrx_word' id='word_1_503' title='bbox 3688 3050 3788 3122; x_wconf 81' lang='grc' dir='ltr'><strong>ζῇν</strong></span> <span class='ocrx_word' id='word_1_504' title='bbox 3836 3053 4030 3106; x_wconf 73' lang='grc' dir='ltr'>ἕνεκεν</span> 
     </span>
    </p>
   </div>
   <div class='ocr_carea' id='block_1_75' title="bbox 2445 3135 4030 3217">
    <p class='ocr_par' dir='ltr' id='par_1_75' title="bbox 2445 3135 4030 3217">
     <span class='ocr_line' id='line_1_75' title="bbox 2445 3135 4030 3217; baseline 0.008 -30"><span class='ocrx_word' id='word_1_505' title='bbox 2445 3135 2746 3206; x_wconf 80' lang='grc' dir='ltr'>δειχθῶμεν</span> <span class='ocrx_word' id='word_1_506' title='bbox 2783 3137 3092 3204; x_wconf 77' lang='grc' dir='ltr'>ἐσθίοντες,</span> <span class='ocrx_word' id='word_1_507' title='bbox 3146 3140 3284 3194; x_wconf 88' lang='grc' dir='ltr'><strong>ἀλλά</strong></span> <span class='ocrx_word' id='word_1_508' title='bbox 3328 3142 3402 3212; x_wconf 82' lang='grc' dir='ltr'>μὴ</span> <span class='ocrx_word' id='word_1_509' title='bbox 3461 3141 3556 3196; x_wconf 85' lang='grc' dir='ltr'><strong>τοῦ</strong></span> <span class='ocrx_word' id='word_1_510' title='bbox 3603 3144 3806 3198; x_wconf 76' lang='grc' dir='ltr'>ἐσθίειν</span> <span class='ocrx_word' id='word_1_511' title='bbox 3861 3147 4030 3217; x_wconf 83' lang='grc' dir='ltr'>χάριν</span> 
     </span>
    </p>
   </div>
   <div class='ocr_carea' id='block_1_76' title="bbox 2447 3226 4030 3308">
    <p class='ocr_par' dir='ltr' id='par_1_76' title="bbox 2447 3226 4030 3308">
     <span class='ocr_line' id='line_1_76' title="bbox 2447 3226 4030 3308; baseline 0.009 -30"><span class='ocrx_word' id='word_1_512' title='bbox 2447 3226 2652 3292; x_wconf 86' lang='grc' dir='ltr'>ζῶντες</span> <span class='ocrx_word' id='word_1_513' title='bbox 2682 3228 3051 3301; x_wconf 78' lang='grc' dir='ltr'>ἐλεγχθῶμεν.</span> <span class='ocrx_word' id='word_1_514' title='bbox 3090 3229 3163 3286; x_wconf 70' lang='lat' dir='ltr'><strong>To</strong></span> <span class='ocrx_word' id='word_1_515' title='bbox 3201 3233 3299 3303; x_wconf 77' lang='grc' dir='ltr'>μὲν</span> <span class='ocrx_word' id='word_1_516' title='bbox 3329 3234 3437 3305; x_wconf 84' lang='grc' dir='ltr'><strong>γάρ</strong></span> <span class='ocrx_word' id='word_1_517' title='bbox 3463 3234 3714 3306; x_wconf 82' lang='grc' dir='ltr'>λογικῆς,</span> <span class='ocrx_word' id='word_1_518' title='bbox 3741 3237 3803 3290; x_wconf 79' lang='grc' dir='ltr'>τὸ</span> <span class='ocrx_word' id='word_1_519' title='bbox 3837 3238 3896 3290; x_wconf 82' lang='grc' dir='ltr'>δὲ</span> <span class='ocrx_word' id='word_1_520' title='bbox 3924 3239 4030 3308; x_wconf 81' lang='grc' dir='ltr'><strong>τῆς</strong></span> 
     </span>
    </p>
   </div>
   <div class='ocr_carea' id='block_1_77' title="bbox 2448 3317 4028 3397">
    <p class='ocr_par' dir='ltr' id='par_1_77' title="bbox 2448 3317 4028 3397">
     <span class='ocr_line' id='line_1_77' title="bbox 2448 3317 4028 3397; baseline 0.008 -27"><span class='ocrx_word' id='word_1_521' title='bbox 2448 3317 2646 3386; x_wconf 85' lang='grc' dir='ltr'>ἀλόγου</span> <span class='ocrx_word' id='word_1_522' title='bbox 2680 3320 2868 3386; x_wconf 73' lang='grc' dir='ltr'>σαφῶς</span> <span class='ocrx_word' id='word_1_523' title='bbox 2901 3320 3030 3374; x_wconf 87' lang='grc' dir='ltr'>ίδιον</span> <span class='ocrx_word' id='word_1_524' title='bbox 3080 3323 3387 3396; x_wconf 80' lang='grc' dir='ltr'>καθέστηκε</span> <span class='ocrx_word' id='word_1_525' title='bbox 3429 3325 3664 3394; x_wconf 82' lang='grc' dir='ltr'>φύσεως.</span> <span class='ocrx_word' id='word_1_526' title='bbox 3707 3329 3820 3380; x_wconf 79' lang='grc' dir='ltr'><strong>Καὶ</strong></span> <span class='ocrx_word' id='word_1_527' title='bbox 3851 3328 4028 3397; x_wconf 85' lang='grc' dir='ltr'>φύλα-</span> 
     </span>
    </p>
   </div>
   <div class='ocr_carea' id='block_1_78' title="bbox 2448 3402 4028 3484">
    <p class='ocr_par' dir='ltr' id='par_1_78' title="bbox 2448 3402 4028 3484">
     <span class='ocr_line' id='line_1_78' title="bbox 2448 3402 4028 3484; baseline 0.008 -24"><span class='ocrx_word' id='word_1_528' title='bbox 2448 3424 2542 3470; x_wconf 88' lang='grc' dir='ltr'><strong>κες</strong></span> <span class='ocrx_word' id='word_1_529' title='bbox 2587 3402 2740 3477; x_wconf 82' lang='grc' dir='ltr'>ὦμεν</span> <span class='ocrx_word' id='word_1_530' title='bbox 2779 3410 2879 3480; x_wconf 87' lang='grc' dir='ltr'><strong>τῆς</strong></span> <span class='ocrx_word' id='word_1_531' title='bbox 2916 3413 3224 3484; x_wconf 82' lang='grc' dir='ltr'>προσευχῆς</span> <span class='ocrx_word' id='word_1_532' title='bbox 3261 3415 3548 3484; x_wconf 89' lang='grc' dir='ltr'>ἀκριϐεῖς,</span> <span class='ocrx_word' id='word_1_533' title='bbox 3585 3417 3654 3471; x_wconf 84' lang='grc' dir='ltr'><strong>δι’</strong></span> <span class='ocrx_word' id='word_1_534' title='bbox 3681 3419 3866 3472; x_wconf 80' lang='grc' dir='ltr'>αὐτῶν</span> <span class='ocrx_word' id='word_1_535' title='bbox 3908 3420 4028 3473; x_wconf 77' lang='grc' dir='ltr'>δειο</span> 
     </span>
    </p>
   </div>
   <div class='ocr_carea' id='block_1_79' title="bbox 2447 3499 4028 3582">
    <p class='ocr_par' dir='ltr' id='par_1_79' title="bbox 2447 3499 4028 3582">
     <span class='ocr_line' id='line_1_79' title="bbox 2447 3499 4028 3582; baseline 0.008 -30"><span class='ocrx_word' id='word_1_536' title='bbox 2447 3499 2704 3570; x_wconf 88' lang='grc' dir='ltr'>κνύμενοι</span> <span class='ocrx_word' id='word_1_537' title='bbox 2728 3500 2841 3554; x_wconf 88' lang='grc' dir='ltr'><strong>τῶν</strong></span> <span class='ocrx_word' id='word_1_538' title='bbox 2867 3505 3232 3574; x_wconf 85' lang='grc' dir='ltr'>πραγμάτων,</span> <span class='ocrx_word' id='word_1_539' title='bbox 3262 3506 3344 3560; x_wconf 86' lang='grc' dir='ltr'>ὃτι</span> <span class='ocrx_word' id='word_1_540' title='bbox 3376 3509 3506 3578; x_wconf 80' lang='grc' dir='ltr'>μιᾶς</span> <span class='ocrx_word' id='word_1_541' title='bbox 3531 3511 3627 3563; x_wconf 75' lang='grc' dir='ltr'>καὶ</span> <span class='ocrx_word' id='word_1_542' title='bbox 3653 3511 3823 3581; x_wconf 84' lang='grc' dir='ltr'>μόνης</span> <span class='ocrx_word' id='word_1_543' title='bbox 3853 3512 4028 3582; x_wconf 61' lang='grc' dir='ltr'>ἀπρὶξ</span> 
     </span>
    </p>
   </div>
   <div class='ocr_carea' id='block_1_80' title="bbox 2445 3590 4030 3679">
    <p class='ocr_par' dir='ltr' id='par_1_80' title="bbox 2445 3590 4030 3679">
     <span class='ocr_line' id='line_1_80' title="bbox 2445 3590 4030 3679; baseline 0.008 -36"><span class='ocrx_word' id='word_1_544' title='bbox 2445 3590 2783 3663; x_wconf 82' lang='grc' dir='ltr'>ἀντεχόμεθα</span> <span class='ocrx_word' id='word_1_545' title='bbox 2812 3593 2915 3664; x_wconf 82' lang='grc' dir='ltr'><strong>τῆς</strong></span> <span class='ocrx_word' id='word_1_546' title='bbox 2960 3597 3018 3648; x_wconf 83' lang='grc' dir='ltr'><strong>έν</strong></span> <span class='ocrx_word' id='word_1_547' title='bbox 3062 3596 3337 3668; x_wconf 88' lang='grc' dir='ltr'>πνεύματι</span> <span class='ocrx_word' id='word_1_548' title='bbox 3382 3601 3567 3672; x_wconf 88' lang='grc' dir='ltr'>ζωῆς,</span> <span class='ocrx_word' id='word_1_549' title='bbox 3619 3603 3714 3655; x_wconf 83' lang='grc' dir='ltr'>καὶ</span> <span class='ocrx_word' id='word_1_550' title='bbox 3754 3604 3893 3676; x_wconf 80' lang='grc' dir='ltr'>πρδς</span> <span class='ocrx_word' id='word_1_551' title='bbox 3925 3605 4030 3679; x_wconf 78' lang='grc' dir='ltr'>τὴν</span> 
     </span>
    </p>
   </div>
   <div class='ocr_carea' id='block_1_81' title="bbox 2446 3681 4026 3769">
    <p class='ocr_par' dir='ltr' id='par_1_81' title="bbox 2446 3681 4026 3769">
     <span class='ocr_line' id='line_1_81' title="bbox 2446 3681 4026 3769; baseline 0.009 -34"><span class='ocrx_word' id='word_1_552' title='bbox 2446 3681 2616 3753; x_wconf 84' lang='grc' dir='ltr'>αὐτὴν</span> <span class='ocrx_word' id='word_1_553' title='bbox 2647 3684 2842 3754; x_wconf 88' lang='grc' dir='ltr'>κτῆσιν</span> <span class='ocrx_word' id='word_1_554' title='bbox 2869 3686 2969 3755; x_wconf 89' lang='grc' dir='ltr'><strong>τῆς</strong></span> <span class='ocrx_word' id='word_1_555' title='bbox 3009 3688 3291 3760; x_wconf 83' lang='grc' dir='ltr'>παρούσης</span> <span class='ocrx_word' id='word_1_556' title='bbox 3323 3691 3526 3763; x_wconf 67' lang='grc' dir='ltr'>[πιαίνει.</span> <span class='ocrx_word' id='word_1_557' title='bbox 3571 3692 3716 3763; x_wconf 88' lang='grc' dir='ltr'>ζωῆς</span> <span class='ocrx_word' id='word_1_558' title='bbox 3738 3694 4026 3769; x_wconf 82' lang='grc' dir='ltr'>δηλονότι]</span> 
     </span>
    </p>
   </div>
   <div class='ocr_carea' id='block_1_82' title="bbox 2446 3773 4029 3858">
    <p class='ocr_par' dir='ltr' id='par_1_82' title="bbox 2446 3773 4029 3858">
     <span class='ocr_line' id='line_1_82' title="bbox 2446 3773 4029 3858; baseline 0.01 -32"><span class='ocrx_word' id='word_1_559' title='bbox 2446 3773 2544 3845; x_wconf 73' lang='grc' dir='ltr'>τὴν</span> <span class='ocrx_word' id='word_1_560' title='bbox 2581 3775 2777 3846; x_wconf 88' lang='grc' dir='ltr'>χρῆσιν</span> <span class='ocrx_word' id='word_1_561' title='bbox 2806 3777 3111 3850; x_wconf 83' lang='grc' dir='ltr'>ποιούμεθα</span> <span class='ocrx_word' id='word_1_562' title='bbox 3137 3795 3151 3807; x_wconf 91' lang='grc'><strong>·</strong></span> <span class='ocrx_word' id='word_1_563' title='bbox 3184 3781 3254 3834; x_wconf 89' lang='grc' dir='ltr'><strong>δι’</strong></span> <span class='ocrx_word' id='word_1_564' title='bbox 3297 3782 3364 3852; x_wconf 74' lang='grc' dir='ltr'>ἦν</span> <span class='ocrx_word' id='word_1_565' title='bbox 3392 3783 3648 3838; x_wconf 84' lang='grc' dir='ltr'>τοσοῦτον</span> <span class='ocrx_word' id='word_1_566' title='bbox 3689 3785 3790 3857; x_wconf 78' lang='grc' dir='ltr'>τὴν</span> <span class='ocrx_word' id='word_1_567' title='bbox 3816 3787 4029 3858; x_wconf 80' lang='grc' dir='ltr'>ταύτης</span> 
     </span>
    </p>
   </div>
   <div class='ocr_carea' id='block_1_83' title="bbox 2449 3866 4028 3952">
    <p class='ocr_par' dir='ltr' id='par_1_83' title="bbox 2449 3866 4028 3952">
     <span class='ocr_line' id='line_1_83' title="bbox 2449 3866 4028 3952; baseline 0.01 -36"><span class='ocrx_word' id='word_1_568' title='bbox 2449 3866 2748 3937; x_wconf 86' lang='grc' dir='ltr'>στέργομεν</span> <span class='ocrx_word' id='word_1_569' title='bbox 2791 3870 3007 3940; x_wconf 86' lang='grc' dir='ltr'>χρῆσιν,</span> <span class='ocrx_word' id='word_1_570' title='bbox 3053 3872 3176 3925; x_wconf 83' lang='grc' dir='ltr'>ὅσον</span> <span class='ocrx_word' id='word_1_571' title='bbox 3214 3873 3364 3945; x_wconf 75' lang='grc' dir='ltr'>ἄρτῳ</span> <span class='ocrx_word' id='word_1_572' title='bbox 3393 3875 3598 3948; x_wconf 84' lang='grc' dir='ltr'>ταύτην</span> <span class='ocrx_word' id='word_1_573' title='bbox 3634 3879 3782 3949; x_wconf 84' lang='grc' dir='ltr'>μόνῳ</span> <span class='ocrx_word' id='word_1_574' title='bbox 3826 3884 4028 3952; x_wconf 76' lang='grc' dir='ltr'>στηρί-</span> 
     </span>
    </p>
   </div>
   <div class='ocr_carea' id='block_1_84' title="bbox 2447 3954 4029 4044">
    <p class='ocr_par' dir='ltr' id='par_1_84' title="bbox 2447 3954 4029 4044">
     <span class='ocr_line' id='line_1_84' title="bbox 2447 3954 4029 4044; baseline 0.01 -36"><span class='ocrx_word' id='word_1_575' title='bbox 2447 3954 2562 4019; x_wconf 82' lang='grc' dir='ltr'>ζειν</span> <span class='ocrx_word' id='word_1_576' title='bbox 2619 3957 2694 4029; x_wconf 82' lang='grc' dir='ltr'>μὴ</span> <span class='ocrx_word' id='word_1_577' title='bbox 2755 3962 3184 4030; x_wconf 86' lang='grc' dir='ltr'>παραιτεῖσθαι,</span> <span class='ocrx_word' id='word_1_578' title='bbox 3237 3966 3333 4019; x_wconf 76' lang='grc' dir='ltr'>καὶ</span> <span class='ocrx_word' id='word_1_579' title='bbox 3395 3967 3494 4038; x_wconf 84' lang='grc' dir='ltr'>τὴν</span> <span class='ocrx_word' id='word_1_580' title='bbox 3541 3968 3715 4038; x_wconf 80' lang='grc' dir='ltr'>αὐτῆς</span> <span class='ocrx_word' id='word_1_581' title='bbox 3783 3972 4029 4044; x_wconf 82' lang='grc' dir='ltr'>φυσικὴν</span> 
     </span>
    </p>
   </div>
   <div class='ocr_carea' id='block_1_85' title="bbox 2445 4046 4027 4134">
    <p class='ocr_par' dir='ltr' id='par_1_85' title="bbox 2445 4046 4027 4134">
     <span class='ocr_line' id='line_1_85' title="bbox 2445 4046 4027 4134; baseline 0.012 -36"><span class='ocrx_word' id='word_1_582' title='bbox 2445 4046 2656 4110; x_wconf 81' lang='grc' dir='ltr'>εὐεξίαν</span> <span class='ocrx_word' id='word_1_583' title='bbox 2708 4049 2997 4117; x_wconf 81' lang='grc' dir='ltr'>φυλάττειν</span> <span class='ocrx_word' id='word_1_584' title='bbox 3051 4052 3176 4107; x_wconf 82' lang='grc' dir='ltr'>ὅσον</span> <span class='ocrx_word' id='word_1_585' title='bbox 3226 4055 3286 4108; x_wconf 78' lang='grc' dir='ltr'>τὸ</span> <span class='ocrx_word' id='word_1_586' title='bbox 3334 4057 3421 4126; x_wconf 76' lang='grc' dir='ltr'><strong>ἐφ’</strong></span> <span class='ocrx_word' id='word_1_587' title='bbox 3474 4059 3607 4129; x_wconf 78' lang='grc' dir='ltr'>ἡμῖν</span> <span class='ocrx_word' id='word_1_588' title='bbox 3658 4059 4027 4134; x_wconf 81' lang='grc' dir='ltr'>ἀδιάφθορον·</span> 
     </span>
    </p>
   </div>
   <div class='ocr_carea' id='block_1_86' title="bbox 2445 4139 4026 4222">
    <p class='ocr_par' dir='ltr' id='par_1_86' title="bbox 2445 4139 4026 4222">
     <span class='ocr_line' id='line_1_86' title="bbox 2445 4139 4026 4222; baseline 0.012 -31"><span class='ocrx_word' id='word_1_589' title='bbox 2445 4139 2545 4210; x_wconf 86' lang='grc' dir='ltr'>οὐχ</span> <span class='ocrx_word' id='word_1_590' title='bbox 2573 4140 2659 4194; x_wconf 81' lang='grc' dir='ltr'>ἵνα</span> <span class='ocrx_word' id='word_1_591' title='bbox 2705 4141 2886 4213; x_wconf 84' lang='grc' dir='ltr'>ζῶμεν</span> <span class='ocrx_word' id='word_1_592' title='bbox 2906 4185 2921 4209; x_wconf 94' lang='grc'><strong>,</strong></span> <span class='ocrx_word' id='word_1_593' title='bbox 2963 4143 3080 4197; x_wconf 79' lang='grc' dir='ltr'>ἀλλ’</span> <span class='ocrx_word' id='word_1_594' title='bbox 3107 4145 3195 4199; x_wconf 75' lang='grc' dir='ltr'>ἵνα</span> <span class='ocrx_word' id='word_1_595' title='bbox 3232 4146 3351 4218; x_wconf 83' lang='grc' dir='ltr'><strong>Θεῷ</strong></span> <span class='ocrx_word' id='word_1_596' title='bbox 3383 4148 3568 4220; x_wconf 86' lang='grc' dir='ltr'>ζῶμεν</span> <span class='ocrx_word' id='word_1_597' title='bbox 3591 4166 3606 4181; x_wconf 88' lang='grc'><strong>·</strong></span> <span class='ocrx_word' id='word_1_598' title='bbox 3638 4151 3823 4222; x_wconf 79' lang='grc' dir='ltr'>ψυχῆς</span> <span class='ocrx_word' id='word_1_599' title='bbox 3854 4154 4026 4220; x_wconf 66' lang='grc' dir='ltr'>ἄγγει</span> 
     </span>
    </p>
   </div>
   <div class='ocr_carea' id='block_1_87' title="bbox 2445 4229 4024 4315">
    <p class='ocr_par' dir='ltr' id='par_1_87' title="bbox 2445 4229 4024 4315">
     <span class='ocr_line' id='line_1_87' title="bbox 2445 4229 4024 4315; baseline 0.011 -33"><span class='ocrx_word' id='word_1_600' title='bbox 2445 4229 2536 4283; x_wconf 92' lang='grc' dir='ltr'><strong>λον</strong></span> <span class='ocrx_word' id='word_1_601' title='bbox 2561 4231 2622 4283; x_wconf 87' lang='grc' dir='ltr'><strong>τδ</strong></span> <span class='ocrx_word' id='word_1_602' title='bbox 2648 4231 2808 4302; x_wconf 88' lang='grc' dir='ltr'>σῶμα</span> <span class='ocrx_word' id='word_1_603' title='bbox 2833 4234 3201 4300; x_wconf 87' lang='grc' dir='ltr'>καθιστῶντες</span> <span class='ocrx_word' id='word_1_604' title='bbox 3222 4237 3608 4310; x_wconf 83' lang='grc' dir='ltr'>λελογισμένον</span> <span class='ocrx_word' id='word_1_605' title='bbox 3628 4245 3751 4307; x_wconf 89' lang='grc' dir='ltr'>ταῖς</span> <span class='ocrx_word' id='word_1_606' title='bbox 3773 4244 4024 4315; x_wconf 84' lang='grc' dir='ltr'>ἀρεταῖς,</span> 
     </span>
    </p>
   </div>
   <div class='ocr_carea' id='block_1_88' title="bbox 2447 4320 4027 4403">
    <p class='ocr_par' dir='ltr' id='par_1_88' title="bbox 2447 4320 4027 4403">
     <span class='ocr_line' id='line_1_88' title="bbox 2447 4320 4027 4403; baseline 0.012 -32"><span class='ocrx_word' id='word_1_607' title='bbox 2447 4320 2540 4373; x_wconf 75' lang='grc' dir='ltr'>καὶ</span> <span class='ocrx_word' id='word_1_608' title='bbox 2565 4321 2768 4392; x_wconf 90' lang='grc' dir='ltr'>ταύτην</span> <span class='ocrx_word' id='word_1_609' title='bbox 2789 4324 2924 4376; x_wconf 80' lang='grc' dir='ltr'>Θεοῦ</span> <span class='ocrx_word' id='word_1_610' title='bbox 2953 4327 3174 4396; x_wconf 82' lang='grc' dir='ltr'>κήρυκα</span> <span class='ocrx_word' id='word_1_611' title='bbox 3205 4328 3488 4394; x_wconf 83' lang='grc' dir='ltr'>ποιοῦντες</span> <span class='ocrx_word' id='word_1_612' title='bbox 3512 4334 3578 4402; x_wconf 82' lang='grc' dir='ltr'><strong>τῇ</strong></span> <span class='ocrx_word' id='word_1_613' title='bbox 3609 4335 3738 4403; x_wconf 80' lang='grc' dir='ltr'>περὶ</span> <span class='ocrx_word' id='word_1_614' title='bbox 3767 4335 3832 4388; x_wconf 75' lang='grc' dir='ltr'><strong>τὸ</strong></span> <span class='ocrx_word' id='word_1_615' title='bbox 3859 4335 4027 4389; x_wconf 79' lang='grc' dir='ltr'>καλὸν</span> 
     </span>
    </p>
   </div>
   <div class='ocr_carea' id='block_1_89' title="bbox 2447 4415 4025 4496">
    <p class='ocr_par' dir='ltr' id='par_1_89' title="bbox 2447 4415 4025 4496">
     <span class='ocr_line' id='line_1_89' title="bbox 2447 4415 4025 4496; baseline 0.01 -29"><span class='ocrx_word' id='word_1_616' title='bbox 2447 4415 2735 4485; x_wconf 86' lang='grc' dir='ltr'>παγιότητι</span> <span class='ocrx_word' id='word_1_617' title='bbox 2780 4419 3166 4490; x_wconf 87' lang='grc' dir='ltr'>πεποιωμένην</span> <span class='ocrx_word' id='word_1_618' title='bbox 3190 4435 3206 4453; x_wconf 87' lang='grc'><strong>·</strong></span> <span class='ocrx_word' id='word_1_619' title='bbox 3242 4421 3337 4474; x_wconf 75' lang='grc' dir='ltr'>καὶ</span> <span class='ocrx_word' id='word_1_620' title='bbox 3382 4421 3572 4476; x_wconf 82' lang='grc' dir='ltr'>τοῦτον</span> <span class='ocrx_word' id='word_1_621' title='bbox 3619 4426 3719 4496; x_wconf 74' lang='grc' dir='ltr'><strong>μιᾷ</strong></span> <span class='ocrx_word' id='word_1_622' title='bbox 3770 4427 4025 4495; x_wconf 80' lang='grc' dir='ltr'>φυσικῶς</span> 
     </span>
    </p>
   </div>
   <div class='ocr_carea' id='block_1_90' title="bbox 770 4495 2379 4592">
    <p class='ocr_par' dir='ltr' id='par_1_90' title="bbox 770 4495 2379 4584">
     <span class='ocr_line' id='line_1_90' title="bbox 770 4495 2379 4584; baseline -0.006 -9"><span class='ocrx_word' id='word_1_623' title='bbox 770 4521 911 4575; x_wconf 86' lang='lat' dir='ltr'><strong>nesti</strong></span> <span class='ocrx_word' id='word_1_624' title='bbox 947 4519 1253 4574; x_wconf 89' lang='lat' dir='ltr'><strong>constantia</strong></span> <span class='ocrx_word' id='word_1_625' title='bbox 1283 4517 1568 4580; x_wconf 86' lang='lat' dir='ltr'><strong>imbutam,</strong></span> <span class='ocrx_word' id='word_1_626' title='bbox 1596 4515 1693 4569; x_wconf 91' lang='lat' dir='ltr'><strong>Dei</strong></span> <span class='ocrx_word' id='word_1_627' title='bbox 1727 4528 2031 4584; x_wconf 62' lang='lat' dir='ltr'><strong>praeconem</strong></span> <span class='ocrx_word' id='word_1_628' title='bbox 2077 4521 2340 4581; x_wconf 60' lang='lat' dir='ltr'><strong>przestanv</strong></span> <span class='ocrx_word' id='word_1_629' title='bbox 2371 4495 2379 4548; x_wconf 73' lang='grc' dir='ltr'>Ῑ</span> 
     </span>
    </p>
   </div>
   <div class='ocr_carea' id='block_1_91' title="bbox 2448 4495 4022 4592">
    <p class='ocr_par' dir='ltr' id='par_1_91' title="bbox 2448 4495 4022 4592">
     <span class='ocr_line' id='line_1_91' title="bbox 2448 4495 4022 4592; baseline 0.014 -39"><span class='ocrx_word' id='word_1_630' title='bbox 2448 4507 2629 4577; x_wconf 68' lang='grc' dir='ltr'>ἡμέρᾳ</span> <span class='ocrx_word' id='word_1_631' title='bbox 2684 4508 3086 4577; x_wconf 85' lang='grc' dir='ltr'>περικλείοντες</span> <span class='ocrx_word' id='word_1_632' title='bbox 3128 4510 3220 4564; x_wconf 84' lang='grc' dir='ltr'>τὸν</span> <span class='ocrx_word' id='word_1_633' title='bbox 3263 4511 3468 4582; x_wconf 75' lang='grc' dir='ltr'>ἀρτονο</span> <span class='ocrx_word' id='word_1_634' title='bbox 3521 4515 3659 4585; x_wconf 85' lang='grc' dir='ltr'>ὑπὲρ</span> <span class='ocrx_word' id='word_1_635' title='bbox 3696 4495 3890 4571; x_wconf 85' lang='grc' dir='ltr'><strong>αὑτοῦ</strong></span> <span class='ocrx_word' id='word_1_636' title='bbox 3946 4521 4022 4592; x_wconf 78' lang='grc' dir='ltr'>μὴ</span> 
     </span>
    </p>
   </div>
   <div class='ocr_carea' id='block_1_92' title="bbox 771 4602 2346 4678">
    <p class='ocr_par' dir='ltr' id='par_1_92' title="bbox 771 4602 2346 4678">
     <span class='ocr_line' id='line_1_92' title="bbox 771 4602 2346 4678; baseline -0.004 -16"><span class='ocrx_word' id='word_1_637' title='bbox 771 4619 895 4664; x_wconf 88' lang='lat' dir='ltr'><strong>tes:</strong></span> <span class='ocrx_word' id='word_1_638' title='bbox 924 4617 1088 4678; x_wconf 89' lang='lat' dir='ltr'><strong>atque</strong></span> <span class='ocrx_word' id='word_1_639' title='bbox 1121 4608 1269 4660; x_wconf 91' lang='lat' dir='ltr'><strong>hunc</strong></span> <span class='ocrx_word' id='word_1_640' title='bbox 1304 4606 1469 4659; x_wconf 91' lang='lat' dir='ltr'><strong>unico</strong></span> <span class='ocrx_word' id='word_1_641' title='bbox 1497 4604 1587 4658; x_wconf 90' lang='lat' dir='ltr'><strong>die</strong></span> <span class='ocrx_word' id='word_1_642' title='bbox 1615 4618 1816 4674; x_wconf 89' lang='lat' dir='ltr'><strong>panem</strong></span> <span class='ocrx_word' id='word_1_643' title='bbox 1866 4610 2064 4656; x_wconf 89' lang='lat' dir='ltr'><strong>natura</strong></span> <span class='ocrx_word' id='word_1_644' title='bbox 2120 4602 2346 4656; x_wconf 89' lang='lat' dir='ltr'><strong>conclu-</strong></span> 
     </span>
    </p>
   </div>
   <div class='ocr_carea' id='block_1_93' title="bbox 770 4691 2344 4768">
    <p class='ocr_par' dir='ltr' id='par_1_93' title="bbox 770 4691 2344 4768">
     <span class='ocr_line' id='line_1_93' title="bbox 770 4691 2344 4768; baseline -0.004 -15"><span class='ocrx_word' id='word_1_645' title='bbox 770 4700 1002 4763; x_wconf 89' lang='lat' dir='ltr'><strong>dentes;</strong></span> <span class='ocrx_word' id='word_1_646' title='bbox 1031 4699 1172 4768; x_wconf 90' lang='lat' dir='ltr'><strong>ejus,</strong></span> <span class='ocrx_word' id='word_1_647' title='bbox 1212 4697 1307 4766; x_wconf 92' lang='lat' dir='ltr'><strong>qui</strong></span> <span class='ocrx_word' id='word_1_648' title='bbox 1337 4697 1643 4750; x_wconf 88' lang='lat' dir='ltr'><strong>orationem</strong></span> <span class='ocrx_word' id='word_1_649' title='bbox 1694 4693 1921 4748; x_wconf 87' lang='lat' dir='ltr'><strong>tradidit</strong></span> <span class='ocrx_word' id='word_1_650' title='bbox 1971 4693 2184 4761; x_wconf 90' lang='lat' dir='ltr'><strong>pudore</strong></span> <span class='ocrx_word' id='word_1_651' title='bbox 2243 4691 2344 4747; x_wconf 84' lang='lat' dir='ltr'><strong>de-</strong></span> 
     </span>
    </p>
   </div>
   <div class='ocr_carea' id='block_1_94' title="bbox 769 4774 2346 4853">
    <p class='ocr_par' dir='ltr' id='par_1_94' title="bbox 769 4774 2346 4853">
     <span class='ocr_line' id='line_1_94' title="bbox 769 4774 2346 4853; baseline -0.006 -11"><span class='ocrx_word' id='word_1_652' title='bbox 769 4787 972 4850; x_wconf 87' lang='lat' dir='ltr'><strong>territi,</strong></span> <span class='ocrx_word' id='word_1_653' title='bbox 997 4802 1065 4840; x_wconf 90' lang='lat' dir='ltr'><strong>ne</strong></span> <span class='ocrx_word' id='word_1_654' title='bbox 1101 4786 1157 4839; x_wconf 92' lang='lat' dir='ltr'><strong>in</strong></span> <span class='ocrx_word' id='word_1_655' title='bbox 1182 4786 1415 4839; x_wconf 88' lang='lat' dir='ltr'><strong>alterum</strong></span> <span class='ocrx_word' id='word_1_656' title='bbox 1447 4785 1592 4838; x_wconf 91' lang='lat' dir='ltr'><strong>diem</strong></span> <span class='ocrx_word' id='word_1_657' title='bbox 1638 4781 2095 4853; x_wconf 89' lang='lat' dir='ltr'><strong>supplicationem</strong></span> <span class='ocrx_word' id='word_1_658' title='bbox 2153 4774 2346 4836; x_wconf 83' lang='lat' dir='ltr'><strong>exten-</strong></span> 
     </span>
    </p>
   </div>
   <div class='ocr_carea' id='block_1_95' title="bbox 770 4871 2344 4944">
    <p class='ocr_par' dir='ltr' id='par_1_95' title="bbox 770 4871 2344 4944">
     <span class='ocr_line' id='line_1_95' title="bbox 770 4871 2344 4944; baseline -0.004 -12"><span class='ocrx_word' id='word_1_659' title='bbox 770 4879 983 4933; x_wconf 89' lang='lat' dir='ltr'><strong>damus.</strong></span> <span class='ocrx_word' id='word_1_660' title='bbox 1013 4876 1103 4931; x_wconf 90' lang='lat' dir='ltr'><strong>Sic</strong></span> <span class='ocrx_word' id='word_1_661' title='bbox 1127 4877 1273 4931; x_wconf 90' lang='lat' dir='ltr'><strong>enim</strong></span> <span class='ocrx_word' id='word_1_662' title='bbox 1293 4875 1496 4944; x_wconf 86' lang='lat' dir='ltr'><strong>reipsa,</strong></span> <span class='ocrx_word' id='word_1_663' title='bbox 1533 4889 1635 4944; x_wconf 92' lang='lat' dir='ltr'><strong>pro</strong></span> <span class='ocrx_word' id='word_1_664' title='bbox 1661 4889 1728 4929; x_wconf 90' lang='lat' dir='ltr'><strong>eo</strong></span> <span class='ocrx_word' id='word_1_665' title='bbox 1749 4889 1812 4928; x_wconf 90' lang='lat' dir='ltr'><strong>ac</strong></span> <span class='ocrx_word' id='word_1_666' title='bbox 1851 4871 2122 4927; x_wconf 87' lang='lat' dir='ltr'><strong>orationis</strong></span> <span class='ocrx_word' id='word_1_667' title='bbox 2165 4871 2344 4926; x_wconf 87' lang='lat' dir='ltr'><strong>virtus</strong></span> 
     </span>
    </p>
   </div>
   <div class='ocr_carea' id='block_1_96' title="bbox 768 4963 2344 5040">
    <p class='ocr_par' dir='ltr' id='par_1_96' title="bbox 768 4963 2344 5040">
     <span class='ocr_line' id='line_1_96' title="bbox 768 4963 2344 5040; baseline -0.005 -16"><span class='ocrx_word' id='word_1_668' title='bbox 768 4969 940 5040; x_wconf 73' lang='lat' dir='ltr'><strong>exigit</strong></span> <span class='ocrx_word' id='word_1_669' title='bbox 985 4984 1086 5022; x_wconf 88' lang='lat' dir='ltr'><strong>nos</strong></span> <span class='ocrx_word' id='word_1_670' title='bbox 1140 4968 1287 5037; x_wconf 92' lang='lat' dir='ltr'><strong>ipsos</strong></span> <span class='ocrx_word' id='word_1_671' title='bbox 1348 4966 1727 5036; x_wconf 88' lang='lat' dir='ltr'><strong>disponendo,</strong></span> <span class='ocrx_word' id='word_1_672' title='bbox 1787 4965 1856 5019; x_wconf 90' lang='lat' dir='ltr'><strong>ad</strong></span> <span class='ocrx_word' id='word_1_673' title='bbox 1881 4963 2121 5033; x_wconf 89' lang='lat' dir='ltr'><strong>reliquas</strong></span> <span class='ocrx_word' id='word_1_674' title='bbox 2176 4963 2344 5018; x_wconf 90' lang='lat' dir='ltr'><strong>etiam</strong></span> 
     </span>
    </p>
   </div>
   <div class='ocr_carea' id='block_1_97' title="bbox 771 5054 2339 5127">
    <p class='ocr_par' dir='ltr' id='par_1_97' title="bbox 771 5054 2339 5127">
     <span class='ocr_line' id='line_1_97' title="bbox 771 5054 2339 5127; baseline -0.005 -11"><span class='ocrx_word' id='word_1_675' title='bbox 771 5062 918 5116; x_wconf 85' lang='lat' dir='ltr'><strong>clare</strong></span> <span class='ocrx_word' id='word_1_676' title='bbox 959 5059 1265 5115; x_wconf 86' lang='lat' dir='ltr'><strong>sententias</strong></span> <span class='ocrx_word' id='word_1_677' title='bbox 1339 5058 1528 5112; x_wconf 90' lang='lat' dir='ltr'><strong>licebit</strong></span> <span class='ocrx_word' id='word_1_678' title='bbox 1565 5057 1888 5127; x_wconf 89' lang='lat' dir='ltr'><strong>procedere,</strong></span> <span class='ocrx_word' id='word_1_679' title='bbox 1947 5065 2009 5109; x_wconf 87' lang='lat' dir='ltr'><strong>ut</strong></span> <span class='ocrx_word' id='word_1_680' title='bbox 2039 5054 2289 5108; x_wconf 90' lang='lat' dir='ltr'><strong>dicamus</strong></span> <span class='ocrx_word' id='word_1_681' title='bbox 2325 5069 2339 5108; x_wconf 90' lang='lat'><strong>:</strong></span> 
     </span>
    </p>
   </div>
   <div class='ocr_carea' id='block_1_98' title="bbox 840 5147 2342 5222">
    <p class='ocr_par' dir='ltr' id='par_1_98' title="bbox 840 5147 2342 5222">
     <span class='ocr_line' id='line_1_98' title="bbox 840 5147 2342 5222; baseline -0.006 -14"><span class='ocrx_word' id='word_1_682' title='bbox 840 5151 997 5222; x_wconf 80' lang='lat'><strong>361</strong></span> <span class='ocrx_word' id='word_1_683' title='bbox 1035 5151 1103 5205; x_wconf 89' lang='lat' dir='ltr'><strong>Et</strong></span> <span class='ocrx_word' id='word_1_684' title='bbox 1137 5150 1340 5204; x_wconf 79' lang='lat' dir='ltr'><strong>dimitte</strong></span> <span class='ocrx_word' id='word_1_685' title='bbox 1372 5149 1514 5202; x_wconf 75' lang='lat' dir='ltr'><strong>nobis</strong></span> <span class='ocrx_word' id='word_1_686' title='bbox 1549 5149 1721 5202; x_wconf 87' lang='lat' dir='ltr'><strong>debita</strong></span> <span class='ocrx_word' id='word_1_687' title='bbox 1756 5155 1971 5212; x_wconf 81' lang='lat' dir='ltr'><strong>nostra,</strong></span> <span class='ocrx_word' id='word_1_688' title='bbox 2001 5147 2131 5200; x_wconf 75' lang='lat' dir='ltr'><strong>sicut</strong></span> <span class='ocrx_word' id='word_1_689' title='bbox 2165 5153 2213 5198; x_wconf 89' lang='lat' dir='ltr'><strong>et</strong></span> <span class='ocrx_word' id='word_1_690' title='bbox 2247 5160 2342 5199; x_wconf 70' lang='lat' dir='ltr'><strong>nos</strong></span> 
     </span>
    </p>
   </div>
   <div class='ocr_carea' id='block_1_99' title="bbox 771 5242 1662 5297">
    <p class='ocr_par' dir='ltr' id='par_1_99' title="bbox 771 5242 1662 5297">
     <span class='ocr_line' id='line_1_99' title="bbox 771 5242 1662 5297; baseline -0.003 0"><span class='ocrx_word' id='word_1_691' title='bbox 771 5245 1077 5297; x_wconf 75' lang='lat' dir='ltr'><strong>dimittimus</strong></span> <span class='ocrx_word' id='word_1_692' title='bbox 1109 5242 1420 5296; x_wconf 79' lang='lat' dir='ltr'><strong>debitoribus</strong></span> <span class='ocrx_word' id='word_1_693' title='bbox 1449 5243 1662 5295; x_wconf 77' lang='lat' dir='ltr'><strong>nostris.</strong></span> 
     </span>
    </p>
   </div>
   <div class='ocr_carea' id='block_1_100' title="bbox 839 5329 2337 5405">
    <p class='ocr_par' dir='ltr' id='par_1_100' title="bbox 839 5329 2337 5405">
     <span class='ocr_line' id='line_1_100' title="bbox 839 5329 2337 5405; baseline -0.005 -16"><span class='ocrx_word' id='word_1_694' title='bbox 839 5335 944 5401; x_wconf 88' lang='lat' dir='ltr'><strong>Qui</strong></span> <span class='ocrx_word' id='word_1_695' title='bbox 985 5335 1137 5404; x_wconf 86' lang='lat' dir='ltr'><strong>juxta</strong></span> <span class='ocrx_word' id='word_1_696' title='bbox 1178 5334 1417 5405; x_wconf 89' lang='lat' dir='ltr'><strong>priorem</strong></span> <span class='ocrx_word' id='word_1_697' title='bbox 1461 5330 1759 5402; x_wconf 87' lang='lat' dir='ltr'><strong>superioris</strong></span> <span class='ocrx_word' id='word_1_698' title='bbox 1798 5329 2084 5386; x_wconf 61' lang='lat' dir='ltr'><strong>sententiae</strong></span> <span class='ocrx_word' id='word_1_699' title='bbox 2117 5343 2337 5384; x_wconf 89' lang='lat' dir='ltr'><strong>sensum</strong></span> 
     </span>
    </p>
   </div>
   <div class='ocr_carea' id='block_1_101' title="bbox 842 5506 2338 5582">
    <p class='ocr_par' dir='ltr' id='par_1_101' title="bbox 842 5506 2338 5582">
     <span class='ocr_line' id='line_1_101' title="bbox 842 5506 2338 5582; baseline -0.002 -18"><span class='ocrx_word' id='word_1_700' title='bbox 842 5509 913 5582; x_wconf 90' lang='grc' dir='ltr'><strong>(ο)</strong></span> <span class='ocrx_word' id='word_1_701' title='bbox 944 5511 1051 5564; x_wconf 76' lang='grc' dir='ltr'><strong>Καὶ</strong></span> <span class='ocrx_word' id='word_1_702' title='bbox 1087 5511 1192 5564; x_wconf 75' lang='grc' dir='ltr'><strong>τὸν</strong></span> <span class='ocrx_word' id='word_1_703' title='bbox 1235 5509 1548 5579; x_wconf 63' lang='grc' dir='ltr'>ἐφήμερον.</span> <span class='ocrx_word' id='word_1_704' title='bbox 1612 5510 1797 5564; x_wconf 84' lang='lat' dir='ltr'><strong>Altera</strong></span> <span class='ocrx_word' id='word_1_705' title='bbox 1828 5507 2118 5576; x_wconf 85' lang='lat' dir='ltr'><strong>expositio,</strong></span> <span class='ocrx_word' id='word_1_706' title='bbox 2155 5514 2244 5582; x_wconf 49' lang='lat' dir='ltr'><strong>ut“</strong></span> <span class='ocrx_word' id='word_1_707' title='bbox 2266 5506 2338 5561; x_wconf 82' lang='lat' dir='ltr'><strong>sit</strong></span> 
     </span>
    </p>
   </div>
   <div class='ocr_carea' id='block_1_102' title="bbox 773 5577 2338 5650">
    <p class='ocr_par' dir='ltr' id='par_1_102' title="bbox 773 5577 2338 5650">
     <span class='ocr_line' id='line_1_102' title="bbox 773 5577 2338 5650; baseline -0.003 -17"><span class='ocrx_word' id='word_1_708' title='bbox 773 5577 938 5636; x_wconf 81' lang='lat' dir='ltr'><strong>etiam</strong></span> <span class='ocrx_word' id='word_1_709' title='bbox 983 5582 1178 5650; x_wconf 91' lang='lat' dir='ltr'><strong>petitio</strong></span> <span class='ocrx_word' id='word_1_710' title='bbox 1224 5577 1930 5650; x_wconf 82' lang='lat' dir='ltr'><strong>panis,quo_sustentatur</strong></span> <span class='ocrx_word' id='word_1_711' title='bbox 1975 5577 2338 5650; x_wconf 86' lang='lat' dir='ltr'><strong>corporaliter</strong></span> 
     </span>
    </p>
   </div>
   <div class='ocr_carea' id='block_1_103' title="bbox 769 5647 2337 5717">
    <p class='ocr_par' dir='ltr' id='par_1_103' title="bbox 769 5647 2337 5717">
     <span class='ocr_line' id='line_1_103' title="bbox 769 5647 2337 5717; baseline -0.002 -15"><span class='ocrx_word' id='word_1_712' title='bbox 769 5652 876 5705; x_wconf 89' lang='lat' dir='ltr'><strong>vita</strong></span> <span class='ocrx_word' id='word_1_713' title='bbox 914 5647 1191 5716; x_wconf 84' lang='lat' dir='ltr'><strong>mortalis;</strong></span> <span class='ocrx_word' id='word_1_714' title='bbox 1223 5647 1316 5704; x_wconf 80' lang='lat' dir='ltr'><strong>sed</strong></span> <span class='ocrx_word' id='word_1_715' title='bbox 1342 5651 1414 5704; x_wconf 90' lang='lat' dir='ltr'><strong>ita</strong></span> <span class='ocrx_word' id='word_1_716' title='bbox 1447 5647 1731 5713; x_wconf 75' lang='lat' dir='ltr'><strong>duntaxat,</strong></span> <span class='ocrx_word' id='word_1_717' title='bbox 1764 5660 1823 5703; x_wconf 93' lang='lat' dir='ltr'><strong>ut</strong></span> <span class='ocrx_word' id='word_1_718' title='bbox 1851 5647 1923 5702; x_wconf 90' lang='lat' dir='ltr'><strong>sit</strong></span> <span class='ocrx_word' id='word_1_719' title='bbox 1957 5649 2289 5717; x_wconf 77' lang='lat' dir='ltr'><strong>quotiaianm</strong></span> <span class='ocrx_word' id='word_1_720' title='bbox 2319 5663 2337 5713; x_wconf 91' lang='lat'><strong>;</strong></span> 
     </span>
    </p>
   </div>
   <div class='ocr_carea' id='block_1_104' title="bbox 772 5719 2334 5790">
    <p class='ocr_par' dir='ltr' id='par_1_104' title="bbox 772 5719 2334 5790">
     <span class='ocr_line' id='line_1_104' title="bbox 772 5719 2334 5790; baseline -0.001 -17"><span class='ocrx_word' id='word_1_721' title='bbox 772 5721 824 5773; x_wconf 83' lang='lat' dir='ltr'><strong>id</strong></span> <span class='ocrx_word' id='word_1_722' title='bbox 849 5729 966 5790; x_wconf 83' lang='lat' dir='ltr'><strong>est,</strong></span> <span class='ocrx_word' id='word_1_723' title='bbox 996 5728 1056 5774; x_wconf 92' lang='lat' dir='ltr'><strong>ut</strong></span> <span class='ocrx_word' id='word_1_724' title='bbox 1088 5737 1189 5775; x_wconf 91' lang='lat' dir='ltr'><strong>nos</strong></span> <span class='ocrx_word' id='word_1_725' title='bbox 1208 5735 1315 5774; x_wconf 90' lang='lat' dir='ltr'><strong>non</strong></span> <span class='ocrx_word' id='word_1_726' title='bbox 1336 5719 1587 5774; x_wconf 89' lang='lat' dir='ltr'><strong>trahatin</strong></span> <span class='ocrx_word' id='word_1_727' title='bbox 1609 5719 2334 5790; x_wconf 79' lang='lat' dir='ltr'><strong>longatemporaejuscura,</strong></span> 
     </span>
    </p>
   </div>
   <div class='ocr_carea' id='block_1_105' title="bbox 766 5787 2334 5860">
    <p class='ocr_par' dir='ltr' id='par_1_105' title="bbox 766 5787 2334 5860">
     <span class='ocr_line' id='line_1_105' title="bbox 766 5787 2334 5860; baseline -0.003 -14"><span class='ocrx_word' id='word_1_728' title='bbox 766 5789 862 5846; x_wconf 84' lang='lat' dir='ltr'><strong>sed</strong></span> <span class='ocrx_word' id='word_1_729' title='bbox 889 5790 1134 5860; x_wconf 88' lang='lat' dir='ltr'><strong>quotidie</strong></span> <span class='ocrx_word' id='word_1_730' title='bbox 1160 5791 1253 5845; x_wconf 80' lang='lat' dir='ltr'><strong>illo</strong></span> <span class='ocrx_word' id='word_1_731' title='bbox 1273 5790 1438 5845; x_wconf 88' lang='lat' dir='ltr'><strong>obvio</strong></span> <span class='ocrx_word' id='word_1_732' title='bbox 1471 5787 1726 5846; x_wconf 81' lang='lat' dir='ltr'><strong>contenti</strong></span> <span class='ocrx_word' id='word_1_733' title='bbox 1740 5787 1935 5855; x_wconf 81' lang='lat' dir='ltr'><strong>simus,</strong></span> <span class='ocrx_word' id='word_1_734' title='bbox 1976 5787 2334 5858; x_wconf 47' lang='lat' dir='ltr'><strong>qui&#39;mortem</strong></span> 
     </span>
    </p>
   </div>
   <div class='ocr_carea' id='block_1_106' title="bbox 2442 4597 4023 4681">
    <p class='ocr_par' dir='ltr' id='par_1_106' title="bbox 2442 4597 4023 4681">
     <span class='ocr_line' id='line_1_106' title="bbox 2442 4597 4023 4681; baseline 0.009 -31"><span class='ocrx_word' id='word_1_735' title='bbox 2442 4597 2750 4667; x_wconf 86' lang='grc' dir='ltr'>τολμῶντες</span> <span class='ocrx_word' id='word_1_736' title='bbox 2795 4600 2876 4661; x_wconf 85' lang='grc' dir='ltr'><strong>εἰς</strong></span> <span class='ocrx_word' id='word_1_737' title='bbox 2911 4599 3170 4670; x_wconf 83' lang='grc' dir='ltr'>δευτέραν</span> <span class='ocrx_word' id='word_1_738' title='bbox 3203 4602 3418 4672; x_wconf 83' lang='grc' dir='ltr'>ἡμέραν</span> <span class='ocrx_word' id='word_1_739' title='bbox 3440 4603 3530 4657; x_wconf 90' lang='grc' dir='ltr'><strong>διά</strong></span> <span class='ocrx_word' id='word_1_740' title='bbox 3560 4606 3650 4660; x_wconf 75' lang='grc' dir='ltr'>τὸν</span> <span class='ocrx_word' id='word_1_741' title='bbox 3685 4606 3898 4678; x_wconf 85' lang='grc' dir='ltr'>δοτῆρα</span> <span class='ocrx_word' id='word_1_742' title='bbox 3921 4611 4023 4681; x_wconf 87' lang='grc' dir='ltr'><strong>τῆς</strong></span> 
     </span>
    </p>
   </div>
   <div class='ocr_carea' id='block_1_107' title="bbox 2445 4691 4025 4771">
    <p class='ocr_par' dir='ltr' id='par_1_107' title="bbox 2445 4691 4025 4771">
     <span class='ocr_line' id='line_1_107' title="bbox 2445 4691 4025 4771; baseline 0.008 -30"><span class='ocrx_word' id='word_1_743' title='bbox 2445 4691 2754 4762; x_wconf 84' lang='grc' dir='ltr'>προσευχῆς</span> <span class='ocrx_word' id='word_1_744' title='bbox 2807 4691 3116 4744; x_wconf 68' lang='grc' dir='ltr'>ἐπεκτεῖναι</span> <span class='ocrx_word' id='word_1_745' title='bbox 3165 4692 3268 4763; x_wconf 82' lang='grc' dir='ltr'>τὴν</span> <span class='ocrx_word' id='word_1_746' title='bbox 3313 4692 3518 4765; x_wconf 88' lang='grc' dir='ltr'>δέησιν.</span> <span class='ocrx_word' id='word_1_747' title='bbox 3581 4696 3736 4750; x_wconf 79' lang='grc' dir='ltr'>Οὕτω</span> <span class='ocrx_word' id='word_1_748' title='bbox 3794 4700 3908 4771; x_wconf 83' lang='grc' dir='ltr'>γὰρ</span> <span class='ocrx_word' id='word_1_749' title='bbox 3957 4701 4025 4755; x_wconf 83' lang='grc' dir='ltr'>ἃν</span> 
     </span>
    </p>
   </div>
   <div class='ocr_carea' id='block_1_108' title="bbox 2447 4780 4026 4861">
    <p class='ocr_par' dir='ltr' id='par_1_108' title="bbox 2447 4780 4026 4861">
     <span class='ocr_line' id='line_1_108' title="bbox 2447 4780 4026 4861; baseline 0.009 -29"><span class='ocrx_word' id='word_1_750' title='bbox 2447 4780 2848 4852; x_wconf 86' lang='grc' dir='ltr'>πραγματικῶς</span> <span class='ocrx_word' id='word_1_751' title='bbox 2897 4781 3043 4836; x_wconf 88' lang='grc' dir='ltr'><strong>κατά</strong></span> <span class='ocrx_word' id='word_1_752' title='bbox 3096 4782 3195 4853; x_wconf 81' lang='grc' dir='ltr'>τὴν</span> <span class='ocrx_word' id='word_1_753' title='bbox 3254 4783 3483 4855; x_wconf 84' lang='grc' dir='ltr'>δύναμιν</span> <span class='ocrx_word' id='word_1_754' title='bbox 3536 4785 3638 4856; x_wconf 89' lang='grc' dir='ltr'><strong>τῆς</strong></span> <span class='ocrx_word' id='word_1_755' title='bbox 3704 4791 4026 4861; x_wconf 81' lang='grc' dir='ltr'>προσευχῆς</span> 
     </span>
    </p>
   </div>
   <div class='ocr_carea' id='block_1_109' title="bbox 2445 4873 4027 4953">
    <p class='ocr_par' dir='ltr' id='par_1_109' title="bbox 2445 4873 4027 4953">
     <span class='ocr_line' id='line_1_109' title="bbox 2445 4873 4027 4953; baseline 0.008 -27"><span class='ocrx_word' id='word_1_756' title='bbox 2445 4874 2670 4937; x_wconf 80' lang='grc' dir='ltr'>ἑαυτοὺς</span> <span class='ocrx_word' id='word_1_757' title='bbox 2698 4875 2996 4938; x_wconf 82' lang='grc' dir='ltr'>διαθέντες,</span> <span class='ocrx_word' id='word_1_758' title='bbox 3015 4873 3378 4946; x_wconf 88' lang='grc' dir='ltr'>δυνηθείημεν</span> <span class='ocrx_word' id='word_1_759' title='bbox 3407 4877 3503 4931; x_wconf 76' lang='grc' dir='ltr'>καὶ</span> <span class='ocrx_word' id='word_1_760' title='bbox 3530 4881 3644 4942; x_wconf 85' lang='grc' dir='ltr'>τοῖς</span> <span class='ocrx_word' id='word_1_761' title='bbox 3672 4879 4027 4953; x_wconf 81' lang='grc' dir='ltr'>λειπομένοις</span> 
     </span>
    </p>
   </div>
   <div class='ocr_carea' id='block_1_110' title="bbox 2447 4965 3626 5038">
    <p class='ocr_par' dir='ltr' id='par_1_110' title="bbox 2447 4965 3626 5038">
     <span class='ocr_line' id='line_1_110' title="bbox 2447 4965 3626 5038; baseline 0.003 -19"><span class='ocrx_word' id='word_1_762' title='bbox 2447 4965 2698 5037; x_wconf 88' lang='grc' dir='ltr'>καθαρῶς</span> <span class='ocrx_word' id='word_1_763' title='bbox 2725 4965 3028 5038; x_wconf 89' lang='grc' dir='ltr'>προσϐῆναι</span> <span class='ocrx_word' id='word_1_764' title='bbox 3059 4967 3264 5037; x_wconf 81' lang='grc' dir='ltr'>ῥητοῖς,</span> <span class='ocrx_word' id='word_1_765' title='bbox 3296 4967 3626 5036; x_wconf 75' lang='grc' dir='ltr'>φάσκοντεςο</span> 
     </span>
    </p>
   </div>
   <div class='ocr_carea' id='block_1_111' title="bbox 2516 5139 4028 5214">
    <p class='ocr_par' dir='ltr' id='par_1_111' title="bbox 2516 5139 4028 5214">
     <span class='ocr_line' id='line_1_111' title="bbox 2516 5139 4028 5214; baseline 0.004 -18"><span class='ocrx_word' id='word_1_766' title='bbox 2516 5140 2626 5196; x_wconf 75' lang='grc' dir='ltr'><strong>Καὶ</strong></span> <span class='ocrx_word' id='word_1_767' title='bbox 2661 5139 2812 5209; x_wconf 71' lang='grc' dir='ltr'>ἄφες</span> <span class='ocrx_word' id='word_1_768' title='bbox 2847 5139 2993 5209; x_wconf 72' lang='grc' dir='ltr'>ἡμῖν</span> <span class='ocrx_word' id='word_1_769' title='bbox 3037 5141 3512 5210; x_wconf 71' lang='grc' dir='ltr'>τάὀφειλήματα</span> <span class='ocrx_word' id='word_1_770' title='bbox 3542 5142 3742 5212; x_wconf 78' lang='grc' dir='ltr'>ἡμῶν,</span> <span class='ocrx_word' id='word_1_771' title='bbox 3791 5146 3880 5214; x_wconf 83' lang='grc' dir='ltr'>ὠς</span> <span class='ocrx_word' id='word_1_772' title='bbox 3927 5148 4028 5202; x_wconf 65' lang='grc' dir='ltr'>καὶ</span> 
     </span>
    </p>
   </div>
   <div class='ocr_carea' id='block_1_112' title="bbox 2445 5230 3628 5319">
    <p class='ocr_par' dir='ltr' id='par_1_112' title="bbox 2445 5230 3628 5319">
     <span class='ocr_line' id='line_1_112' title="bbox 2445 5230 3628 5319; baseline 0 -33"><span class='ocrx_word' id='word_1_773' title='bbox 2445 5232 2618 5303; x_wconf 79' lang='grc' dir='ltr'>ἡμεῖς</span> <span class='ocrx_word' id='word_1_774' title='bbox 2644 5232 2895 5319; x_wconf 70' lang='grc' dir='ltr'>ἀφίεμεν</span> <span class='ocrx_word' id='word_1_775' title='bbox 2922 5230 3047 5297; x_wconf 83' lang='grc' dir='ltr'>τοῖς</span> <span class='ocrx_word' id='word_1_776' title='bbox 3077 5231 3413 5300; x_wconf 71' lang='grc' dir='ltr'>ὀφειλέταις</span> <span class='ocrx_word' id='word_1_777' title='bbox 3439 5230 3628 5301; x_wconf 71' lang='grc' dir='ltr'>ἡμῶν.</span> 
     </span>
    </p>
   </div>
   <div class='ocr_carea' id='block_1_113' title="bbox 2527 5321 4025 5400">
    <p class='ocr_par' dir='ltr' id='par_1_113' title="bbox 2527 5321 4025 5400">
     <span class='ocr_line' id='line_1_113' title="bbox 2527 5321 4025 5400; baseline -0.001 -22"><span class='ocrx_word' id='word_1_778' title='bbox 2527 5325 2587 5378; x_wconf 85' lang='lat'><strong>&#39;0</strong></span> <span class='ocrx_word' id='word_1_779' title='bbox 2613 5322 2756 5378; x_wconf 83' lang='grc' dir='ltr'>κατά</span> <span class='ocrx_word' id='word_1_780' title='bbox 2786 5321 2885 5376; x_wconf 63' lang='grc' dir='ltr'><strong>τὴν</strong></span> <span class='ocrx_word' id='word_1_781' title='bbox 2937 5321 3163 5394; x_wconf 82' lang='grc' dir='ltr'>πρώτην</span> <span class='ocrx_word' id='word_1_782' title='bbox 3201 5323 3306 5394; x_wconf 91' lang='grc' dir='ltr'><strong>τῆς</strong></span> <span class='ocrx_word' id='word_1_783' title='bbox 3329 5323 3424 5377; x_wconf 82' lang='grc' dir='ltr'><strong>τοῦ</strong></span> <span class='ocrx_word' id='word_1_784' title='bbox 3456 5322 3828 5396; x_wconf 81' lang='grc' dir='ltr'>προλαϐόντος</span> <span class='ocrx_word' id='word_1_785' title='bbox 3855 5328 4025 5400; x_wconf 76' lang='grc' dir='ltr'>ῥητοῦ</span> 
     </span>
    </p>
   </div>
   <div class='ocr_carea' id='block_1_114' title="bbox 2440 5501 4030 5576">
    <p class='ocr_par' dir='ltr' id='par_1_114' title="bbox 2440 5501 4030 5576">
     <span class='ocr_line' id='line_1_114' title="bbox 2440 5501 4030 5576; baseline 0.001 -17"><span class='ocrx_word' id='word_1_786' title='bbox 2440 5502 2646 5576; x_wconf 71' lang='lat' dir='ltr'><strong>iugiter</strong></span> <span class='ocrx_word' id='word_1_787' title='bbox 2670 5501 3023 5576; x_wconf 73' lang='lat' dir='ltr'><strong>meditemur.</strong></span> <span class='ocrx_word' id='word_1_788' title='bbox 3051 5501 3171 5576; x_wconf 78' lang='lat' dir='ltr'><strong>Cat.</strong></span> <span class='ocrx_word' id='word_1_789' title='bbox 3217 5503 3483 5572; x_wconf 78' lang='lat' dir='ltr'><strong>mendose</strong></span> <span class='ocrx_word' id='word_1_790' title='bbox 3518 5503 3732 5575; x_wconf 82' lang='lat' dir='ltr'><strong>adjecta</strong></span> <span class='ocrx_word' id='word_1_791' title='bbox 3766 5505 4030 5576; x_wconf 61' lang='grc' dir='ltr'>παρείη</span> 
     </span>
    </p>
   </div>
   <div class='ocr_carea' id='block_1_115' title="bbox 2444 5572 4027 5645">
    <p class='ocr_par' dir='ltr' id='par_1_115' title="bbox 2444 5572 4027 5645">
     <span class='ocr_line' id='line_1_115' title="bbox 2444 5572 4027 5645; baseline -0.003 -17"><span class='ocrx_word' id='word_1_792' title='bbox 2444 5572 2667 5629; x_wconf 79' lang='lat' dir='ltr'><strong>sensum</strong></span> <span class='ocrx_word' id='word_1_793' title='bbox 2699 5573 2920 5642; x_wconf 88' lang='lat' dir='ltr'><strong>penitus</strong></span> <span class='ocrx_word' id='word_1_794' title='bbox 2949 5572 3204 5637; x_wconf 84' lang='lat' dir='ltr'><strong>destruit,</strong></span> <span class='ocrx_word' id='word_1_795' title='bbox 3232 5588 3310 5645; x_wconf 66' lang='lat' dir='ltr'><strong>ac</strong></span> <span class='ocrx_word' id='word_1_796' title='bbox 3331 5576 3490 5643; x_wconf 88' lang='lat' dir='ltr'><strong>quasi</strong></span> <span class='ocrx_word' id='word_1_797' title='bbox 3539 5572 3702 5645; x_wconf 73' lang='lat' dir='ltr'><strong>neget</strong></span> <span class='ocrx_word' id='word_1_798' title='bbox 3729 5572 4027 5641; x_wconf 71' lang='lat' dir='ltr'><strong>Maximus,</strong></span> 
     </span>
    </p>
   </div>
   <div class='ocr_carea' id='block_1_116' title="bbox 2441 5643 4020 5715">
    <p class='ocr_par' dir='ltr' id='par_1_116' title="bbox 2441 5643 4020 5715">
     <span class='ocr_line' id='line_1_116' title="bbox 2441 5643 4020 5715; baseline 0.001 -17"><span class='ocrx_word' id='word_1_799' title='bbox 2441 5645 2611 5699; x_wconf 90' lang='lat' dir='ltr'><strong>etiam</strong></span> <span class='ocrx_word' id='word_1_800' title='bbox 2634 5658 2762 5715; x_wconf 84' lang='lat' dir='ltr'><strong>eum</strong></span> <span class='ocrx_word' id='word_1_801' title='bbox 2792 5657 3012 5715; x_wconf 75' lang='lat' dir='ltr'><strong>panem,</strong></span> <span class='ocrx_word' id='word_1_802' title='bbox 3041 5658 3106 5697; x_wconf 88' lang='lat' dir='ltr'><strong>ea</strong></span> <span class='ocrx_word' id='word_1_803' title='bbox 3122 5643 3501 5715; x_wconf 81' lang='lat' dir='ltr'><strong>moderatione</strong></span> <span class='ocrx_word' id='word_1_804' title='bbox 3529 5655 3586 5700; x_wconf 86' lang='lat' dir='ltr'><strong>et</strong></span> <span class='ocrx_word' id='word_1_805' title='bbox 3620 5643 3981 5715; x_wconf 80' lang='lat' dir='ltr'><strong>philosophia</strong></span> <span class='ocrx_word' id='word_1_806' title='bbox 4003 5684 4020 5708; x_wconf 94' lang='lat'><strong>,</strong></span> 
     </span>
    </p>
   </div>
   <div class='ocr_carea' id='block_1_117' title="bbox 2445 5713 4024 5840">
    <p class='ocr_par' dir='ltr' id='par_1_117' title="bbox 2445 5713 4024 5840">
     <span class='ocr_line' id='line_1_117' title="bbox 2445 5713 4024 5784; baseline 0.002 -16"><span class='ocrx_word' id='word_1_807' title='bbox 2445 5715 2500 5768; x_wconf 89' lang='lat' dir='ltr'><strong>in</strong></span> <span class='ocrx_word' id='word_1_808' title='bbox 2529 5713 2780 5768; x_wconf 88' lang='lat' dir='ltr'><strong>oratione</strong></span> <span class='ocrx_word' id='word_1_809' title='bbox 2812 5714 3109 5783; x_wconf 86' lang='lat' dir='ltr'><strong>petendum</strong></span> <span class='ocrx_word' id='word_1_810' title='bbox 3135 5729 3149 5768; x_wconf 90' lang='lat'><strong>:</strong></span> <span class='ocrx_word' id='word_1_811' title='bbox 3175 5713 3324 5784; x_wconf 91' lang='lat' dir='ltr'><strong>quod</strong></span> <span class='ocrx_word' id='word_1_812' title='bbox 3354 5729 3520 5770; x_wconf 87' lang='lat' dir='ltr'><strong>nemo</strong></span> <span class='ocrx_word' id='word_1_813' title='bbox 3548 5713 3718 5770; x_wconf 80' lang='lat' dir='ltr'><strong>sanus</strong></span> <span class='ocrx_word' id='word_1_814' title='bbox 3747 5713 3921 5781; x_wconf 74' lang='lat' dir='ltr'><strong>dicat,</strong></span> <span class='ocrx_word' id='word_1_815' title='bbox 3957 5729 4024 5770; x_wconf 79' lang='lat' dir='ltr'><strong>ac</strong></span> 
     </span>
     <span class='ocr_line' id='line_1_118' title="bbox 2445 5784 2750 5840; baseline 0 -2"><span class='ocrx_word' id='word_1_816' title='bbox 2445 5784 2750 5840; x_wconf 65' lang='lat' dir='ltr'><strong>theologus.</strong></span> 
     </span>
    </p>
   </div>
   <div class='ocr_carea' id='block_1_118' title="bbox 2445 5793 2750 5854">
    <p class='ocr_par' dir='ltr' id='par_1_118' title="bbox 2445 5793 2750 5854">
     <span class='ocr_line' id='line_1_119' title="bbox 2445 5793 2750 5854; baseline 0 -16"><span class='ocrx_word' id='word_1_817' title='bbox 2445 5793 2750 5854; x_wconf 75' lang='lat' dir='ltr'><strong>theotogus.</strong></span> 
     </span>
    </p>
   </div>
  </div>
