4218 6432
216 398 315 464 901

1199 389 1611 451 EXPOSITIO
1647 387 2058 448 ORATIONIS
2089 389 2502 450 DOMINIC/E.

3346 397 3452 460 ΒΜ

215 510 447 579 θεωρίας
497 505 775 579 επιϐολὴν,
804 514 945 559 κατὰ
979 507 1068 559 τον
1102 503 1274 556 αἰῶνα
1302 503 1512 563 τοῦτον,
1540 496 1603 554 οῦ
1634 501 1774 568 σύμ-
1803 508 1847 559 Α
1877 519 1881 550 ;

1803 508 1847 559 Α
1877 514 1943 552 ac
1978 499 2404 568 expositionem,
2442 503 2496 555 in
2540 503 2738 557 smculo
2782 504 2915 566 hoc,
2953 505 3109 575 cujus
3145 507 3447 577 symbolum

214 599 372 653 ϐολον
399 596 537 653 εἷναι
567 599 626 651 τὸ
659 600 897 670 σήμερον
928 598 1160 666 έςαμεν,
1191 595 1283 647 τὸν
1313 594 1589 662 ἄφθαρτον
1618 592 1784 662 ἄρτον

211 696 314 757 τῆς
350 691 556 759 σοφίας,
605 687 666 745 οὗ
699 690 979 759 καταρχὰς
1011 686 1326 755 διετείχισεν
1368 685 1515 753 ἡμᾶς
1541 685 1574 752 ἡ
1608 681 1785 752 παρά-

213 782 393 846 6ασις,
420 783 506 836 διὰ
538 784 842 852 προσευχῆς
875 779 1168 850 ἐπιζητῶν,
1200 777 1293 830 ἆτε
1326 778 1397 845 δὴ·
1435 777 1564 846 μίαν
1590 774 1785 846 ήδονὴν

213 873 577 942 ἐπιστάμενος
609 873 705 941 τὴν
732 871 840 923 τῶν
866 869 1028 922 θείων
1058 866 1365 936 ἐπιτυχίαν,
1393 861 1461 938 ἦς
1493 865 1658 934 δοτὴρ
1685 863 1784 933 μὲν

212 965 359 1017 κατὰ
388 966 548 1032 φύσιν
589 964 736 1016 ἐστὶν
765 965 792 1015 ὁ
819 961 950 1024 Θεός
975 976 989 991 ·
1025 958 1201 1028 φύλαξ
1229 959 1285 1010 δὲ
1329 957 1469 1010 κατὰ
1505 956 1724 1024 θέλησιν
1750 956 1784 1025 η

211 1055 311 1107 τοῦ
361 1054 618 1116 λαϐόντος
659 1054 1016 1123 προαίρεσις·
1060 1049 1153 1102 καὶ
1207 1050 1334 1118 μίαν
1377 1047 1571 1115 ὀδύνην
1605 1044 1782 1108 εἰδὼς,

211 1146 315 1216 τὴν
354 1146 559 1199 τούτων
614 1145 947 1214 ἀποτυχίαν,
1002 1136 1071 1213 ἧς
1111 1141 1413 1200 ὑποϐολεὺς
1447 1139 1547 1209 μέν
1579 1139 1730 1189 ἐστιν
1756 1139 1784 1190 ό

211 1237 458 1300 διάϐολος
478 1255 490 1266 ·
519 1236 820 1307 αὐτουργὸς
845 1236 921 1298 δὲ,
945 1236 1057 1298 πᾶς
1080 1235 1109 1285 ό
1137 1232 1245 1285 τῶν
1271 1231 1430 1284 θείων
1468 1230 1535 1282 δι’
1567 1229 1783 1282 ἀτονίαν

209 1328 440 1398 γνώμης
464 1328 912 1397 ἀποκαμνόμενος
936 1325 1098 1396 [γαπ.
1118 1335 1166 1378 et
1187 1323 1275 1376 Fr.
1301 1320 1780 1392 ἀποκναιόμενος]ο

215 1419 295 1489 μὴ
332 1419 613 1486 φυλάττων
656 1417 715 1470 τὺ
744 1417 922 1486 τίμιον
951 1415 1176 1485 γνώμης
1216 1414 1453 1467 διαθέσει
1486 1415 1785 1482 στεργόμε-

211 1529 305 1562 νον
327 1527 343 1542 ·
386 1509 524 1578 πρὸς
568 1507 719 1560 οὐδὲν
763 1507 899 1577 ἔχων
935 1505 1046 1559 τῶν
1099 1504 1390 1574 ὁρωμένων
1421 1501 1690 1572 ῥέπουσαν
1722 1501 1784 1553 τὸ

215 1599 440 1653 σύνολον
466 1598 563 1668 τὴν
594 1598 912 1667 προαίρεσιν
939 1636 954 1661 ,
992 1595 1093 1647 καὶ
1134 1593 1221 1645 διὰ
1270 1591 1428 1643 τοῦτο
1456 1594 1566 1653 τοῖς
1597 1607 1784 1659 σωμα-

211 1691 384 1753 τικῶς
434 1689 582 1760 αὐτῷ
630 1688 986 1759 συμϐαίνουσι
1043 1685 1304 1754 λυπηροῖς
1357 1683 1454 1750 οὐχ
1503 1682 1784 1749 ὑπαγόμε-

216 1798 304 1842 νος
328 1780 406 1848 (6)
428 1795 442 1810 ⁸
474 1771 627 1841 οὗτος
670 1778 745 1840 ώς
785 1774 1001 1846 ἀληθῶς
1023 1815 1038 1839 ,
1070 1774 1295 1834 ἀπαθῶς
1326 1774 1518 1843 ἀφίησι
1549 1775 1660 1833 τοῖς
1703 1772 1782 1833 είς

210 1871 381 1928 αὑτὸν
415 1869 817 1945 ἁμαρτάνουσιν
841 1884 856 1902 ο
894 1867 977 1925 ὅτι
1010 1865 1143 1941 μηδὲ
1171 1865 1232 1917 τὸ
1265 1864 1385 1920 κατ’
1419 1863 1606 1933 ἔφεσιν
1630 1862 1776 1932 αὑτῷ

213 1964 658 2035 σπουδαζόμενον
695 1963 916 2017 δύναταί
944 1979 1027 2023 τις
1058 1961 1118 2012 τὸ
1161 1959 1421 2030 παράπαν
1467 1955 1778 2027 χειροῦσθαι

214 2055 387 2108 καλὸν
410 2097 424 2119 ,
480 2056 754 2109 ἀνάλωτον
805 2052 949 2107 κατὰ
983 2051 1145 2121 φύσιν
1190 2051 1454 2118 ὑπάρχειν
1484 2063 1780 2099 πεπιστευ-

222 2149 404 2215 μένον.
451 2149 563 2199 Καὶ
590 2147 668 2216 τῷ
695 2146 814 2214 Θεῷ
859 2144 1179 2213 καθίστησιν
1225 2142 1415 2194 ἑαυτὸν
1453 2141 1654 2210 ἀρετῆς
1695 2137 1782 2203 ἐξ·

221 2236 567 2307 εμπλάριον,
626 2238 674 2287 εἰ
719 2235 878 2287 τοῦτο
913 2234 1069 2303 θέμις
1111 2235 1315 2293 εἰπεῖν,
1367 2231 1502 2300 πρὸς
1550 2230 1782 2299 μίμησιν

222 2328 416 2381 ἑαυτοῦ
451 2328 542 2381 τὸν
570 2327 844 2397 ἀμίμητον
890 2325 1064 2378 ἐλθεῖν
1091 2323 1539 2393 ἐγκελευόμενος,
1585 2322 1778 2384 λέγων’

221 2423 408 2487 Ἄφες
432 2419 576 2486 ἡμῖν
602 2421 672 2470 τὰ
717 2417 1083 2485 ὀφειλήματα
1124 2412 1293 2481 ἡμῶν
1316 2454 1331 2477 ,
1373 2415 1452 2475 ὼς
1479 2411 1577 2465 καὶ
1614 2411 1783 2481 ἡμεῖς

217 2509 474 2577 ἀφίεμεν
521 2511 647 2574 τοῖς
685 2506 1018 2575 ὀφειλέταις
1052 2507 1254 2574 ἡμῶν·
1312 2506 1406 2557 καὶ
1462 2501 1574 2566 οἷος
1619 2504 1784 2566 αὐτὸς

218 2596 412 2664 γέγονε
437 2597 546 2658 τοῖς
574 2595 764 2657 πέλας,
796 2588 852 2646 οἵ
874 2593 1125 2662 γενέσθαι
1155 2593 1490 2663 παρακαλῶν
1518 2593 1607 2644 τὸν
1627 2591 1778 2644 Θεόν.

222 2688 287 2740 Et
315 2688 424 2766 γὰρ
450 2687 523 2749 ώς
551 2685 713 2748 αὐτὸς
728 2687 907 2755 ἀφῆκε
935 2685 1003 2737 τὰ
1023 2685 1363 2755 ὀφειλήματα
1385 2687 1496 2746 τοῖς
1521 2684 1600 2745 είς
1622 2682 1784 2735 αὑτὸν

219 2781 606 2850 ἡμαρτηκόσι,
664 2777 913 2847 βούλεται
979 2777 1074 2830 καὶ
1126 2775 1275 2844 αὑτῷ
1317 2775 1582 2844 ἀφεθῆναι
1636 2773 1786 2843 παρά

219 2871 356 2924 Θεοῦ
379 2909 394 2934 ,
428 2869 673 2940 δηλονότι
718 2867 906 2937 ὥσπερ
933 2868 961 2919 ό
997 2866 1129 2928 Θεὸς
1178 2865 1402 2925 ἀπαθῶς
1440 2865 1661 2934 ἀφίησιν
1703 2858 1785 2926 οἷς

222 2961 448 3027 ἀφίησιν
469 2997 484 3020 ,
512 2958 683 3020 οὕτως
725 2958 820 3010 καὶ
848 2957 1009 3018 αὐτὸς
1048 2955 1262 3025 ἀπαθὴς
1291 2956 1380 3007 ἐπὶ
1407 2957 1519 3016 τοῖς
1549 2953 1784 3022 συμϐαί-

221 3069 372 3104 νουσι
424 3051 715 3121 διαμένων,
761 3050 954 3118 ἀφίησι
1010 3051 1121 3110 τοῖς
1193 3048 1654 3117 πλημμελήσασι·
1713 3045 1786 3116 μὴ

1881 603 2003 643 esse
2029 589 2267 644 diximus
2289 591 2613 645 hodiernum
2642 594 2805 658 diem,
2835 595 3208 664 incorruptum
3241 601 3454 668 sapien-

1882 680 1972 734 tiae
2003 695 2230 748 panem.
2267 696 2298 735 a
2329 697 2439 751 quo
2473 698 2573 735 nos
2606 685 2765 750 primi
2802 671 3060 756 temporis
3095 694 3452 760 transgressio

1884 769 2140 834 exclusit,
2171 772 2437 826 orationis
2466 773 2721 842 suﬂragio
2751 775 2980 844 inquirit
3005 778 3086 850 (at
3112 781 3202 849 qui
3233 784 3450 838 unicam

1881 859 2027 914 hanc
2059 861 2390 930 voluptatem
2427 863 2666 926 noverit,
2694 881 2814 933 qua:
2844 866 3151 922 divinorum
3189 886 3453 926 consecu-

1883 951 2030 1004 tione
2070 953 2358 1016 consistit;
2396 954 2554 1022 cujus
2584 955 2804 1023 quidem
2841 955 3033 1011 dandae
3068 960 3210 1014 Deus
3244 962 3452 1016 arbiter

1881 1048 2076 1094 natura
2099 1042 2347 1107 exsistit;
2379 1054 2564 1098 custos
2593 1055 2774 1100 autem
2806 1046 2983 1101 libero
3008 1049 3300 1105 voluntatis
3325 1067 3452 1121 pro-

1879 1131 2095 1200 posito,
2136 1131 2252 1201 ipse
2301 1143 2423 1197 est,
2465 1136 2559 1203 qui
2606 1139 2815 1206 accepit
2864 1156 2876 1191 :
2924 1139 3180 1209 hancque
3229 1143 3448 1196 unicum

1881 1221 2128 1275 dolorem
2181 1222 2477 1293 intelligat,
2519 1226 2663 1294 quod
2716 1237 2799 1281 est
2842 1228 2912 1282 iis
2956 1229 3239 1294 frustrari;
3296 1231 3452 1300 cujus

1880 1312 2066 1365 damni
2094 1323 2378 1384 suggestor
2403 1315 2622 1384 quidem
2653 1317 2903 1372 diabolus
2932 1330 3042 1385 est;
3076 1328 3270 1374 auctor
3294 1337 3448 1386 vero,

1880 1403 2134 1473 quisquis
2167 1420 2266 1473 per
2299 1407 2466 1460 animi
2504 1407 2804 1477 ignaviam,
2839 1424 2902 1463 ac
2943 1409 3226 1464 mollitiem
3266 1413 3456 1466 divina

1881 1495 2245 1548 consectando
2282 1493 2510 1565 fatiscit)
2553 1496 2607 1549 id
2644 1497 2989 1560 custodiens,
3025 1501 3293 1568 enixeque
3329 1516 3449 1556 ser-

1882 1600 2034 1650 vans,
2059 1586 2204 1655 quod
2233 1587 2401 1640 animi
2435 1588 2641 1641 all‘ectu'
2666 1589 3048 1643 charissimnm
3080 1591 3259 1660 ducit;
3294 1594 3451 1663 cujus

1881 1678 2134 1732 voluntas
2166 1679 2300 1733 nulli
2337 1695 2590 1748 prorsus,
2627 1680 2691 1733 iis
2726 1695 2792 1734 ex
2826 1682 2989 1736 rebus
3020 1699 3140 1751 quae
3173 1684 3227 1737 in
3260 1685 3450 1739 oculos

1883 1769 2193 1832 incurrunt,
2219 1772 2515 1840 proclivior
2539 1773 2770 1839 hzcreat;
2798 1774 3001 1843 quique
3030 1775 3169 1829 adeo
3200 1777 3273 1830 ita
3301 1792 3450 1832 com-

1879 1869 2104 1931 paratus
2141 1863 2232 1927 sit,
2267 1872 2328 1916 ut
2368 1862 2570 1930 quibus
2607 1878 2807 1930 corpus
2847 1866 3092 1920 molestis
3131 1865 3382 1932 afﬁcitur,
3416 1884 3447 1922 a

1879 1952 2015 2007 recti
2045 1953 2262 2006 tramite
2288 1953 2512 2005 minime
2539 1952 2868 2018 abducatur;
2901 1953 2948 2007 is
2973 1954 3131 2023 plane
3159 1957 3457 2026 tranquillo

1879 2044 2083 2110 animo,
2117 2044 2389 2112 nullisque
2427 2054 2748 2113 exasperato
2788 2043 3096 2108 aﬂ‘eetibus,
3133 2045 3221 2111 iis,
3254 2047 3347 2116 qui
3391 2048 3447 2103 in

1880 2134 2057 2204 ipsum
2096 2143 2354 2203 peccant,
2391 2135 2649 2200 dimittit;
2695 2135 2838 2203 quod
2879 2151 3106 2206 nempe,
3143 2136 3289 2206 quod
3331 2137 3456 2208 ipse

1880 2224 2084 2278 donum
2141 2224 2416 2281 desiderio
2477 2225 2640 2289 colit,
2693 2240 2856 2279 nemo
2907 2241 3134 2295 prorsus
3195 2228 3454 2299 subigere

1881 2315 2074 2385 possit,
2105 2323 2316 2369 tantum
2353 2314 2486 2368 illud
2525 2330 2588 2369 ac
2621 2315 2746 2377 tale,
2779 2323 2839 2368 ut
2870 2316 2988 2384 ejus
3021 2317 3241 2371 omnino
3278 2320 3451 2374 robur

1885 2414 2080 2458 natura
2112 2404 2532 2473 inexpugnabile
2555 2405 2920 2458 existimetur.
2941 2405 3080 2471 Quin
3113 2422 3172 2462 se
3200 2409 3314 2478 ipse
3336 2409 3454 2465 Deo

1887 2495 2056 2566 (absit
2087 2494 2256 2548 verbo
2291 2495 2514 2564 invidia)
2549 2495 2769 2549 virtutis
2802 2496 3090 2551 constituit
3118 2499 3448 2568 exemplum,

1884 2587 1952 2640 ad
1978 2587 2060 2640 sui
2091 2586 2448 2642 imitationem
2491 2587 2752 2656 cum,qui
2779 2589 2925 2642 omni
2951 2590 3123 2659 major
3145 2590 3451 2647 imitatione

1883 2687 1989 2740 est,
2023 2679 2174 2733 hisce
2207 2679 2392 2732 verbis
2427 2680 2780 2749 compellans,
2809 2681 3067 2750 velutqne
3103 2665 3402 2738 adhortans,
3433 2701 3448 2737 :

1883 2769 2102 2823 Dimitte
2141 2769 2286 2823 nobis
2319 2770 2490 2822 debita
2526 2779 2736 2837 nostra,
2771 2773 2904 2824 sicut
2936 2781 2983 2825 et
3017 2790 3110 2827 nos
3142 2774 3451 2829 dimittimus

1883 2861 2194 2914 debitoribus
2221 2863 2440 2926 nostris;
2473 2862 2632 2915 talem
2663 2862 2960 2916 obsecrans
2985 2863 3088 2916 sibi
3117 2863 3232 2918 fore
3257 2865 3448 2931 Deum,

1886 2951 2067 3019 qualis
2112 2951 2228 3020 ipse
2268 2952 2530 3021 proximis
2570 2952 2692 3005 fuit.
2728 2954 2860 3006 Nam
2902 2955 2948 3008 si
2985 2969 3048 3008 ea
3086 2956 3318 3022 ratione,
3344 2973 3458 3026 qua

1889 3042 2004 3111 ipse
2041 3044 2092 3096 in
2126 3059 2250 3096 eum
2283 3045 2638 3112 peccantibus
2661 3044 2887 3108 dimisit,
2914 3045 3084 3100 Deum
3108 3061 3324 3115 quoque
3349 3048 3458 3118 ipsi

223 3143 518 3213 συγχωρῶν
551 3143 739 3211 μνήμῃ
771 3139 890 3211 [Fr.
926 3138 1167 3210 μνήμην]
1197 3139 1302 3192 τινὶ
1341 3138 1446 3190 τῶν
1469 3138 1788 3206 φθασάντων
1814 3161 1856 3217 C
1888 3165 1889 3174 ι

1814 3161 1856 3217 C
1888 3133 2163 3187 dimittere
2219 3135 2407 3204 cupit;
2460 3136 2618 3204 plane
2675 3136 2817 3189 sicut
2859 3136 3003 3190 Deus
3052 3137 3256 3207 absque
3303 3137 3459 3192 omni

220 3234 480 3303 λυπηρῶν
523 3232 820 3285 τυποῦσθαι
870 3233 961 3284 τὸν
1003 3231 1126 3284 νοῦν
1152 3272 1166 3296 ,
1212 3232 1297 3283 ἵνα
1339 3230 1414 3299 μὴ
1458 3230 1670 3299 τέμνων
1716 3231 1782 3298 τῇ

221 3323 416 3392 γνώμῃ
462 3323 559 3393 τὴν
596 3323 754 3392 φύσιν
785 3324 1091 3393 ἐλέγχηται,
1125 3323 1260 3392 πρός
1293 3337 1413 3374 τινα
1443 3321 1549 3372 τῶν
1577 3320 1786 3389 ἀνθρώ-

224 3433 343 3465 πων
381 3413 699 3481 διεστηκώς,
737 3413 1017 3483 ἄνθρωπος
1056 3412 1151 3465 ὢν.
1201 3411 1361 3464 Οὕτω
1408 3411 1518 3482 γὰρ
1561 3410 1627 3464 ἂν
1657 3413 1786 3463 ὲνωο

225 3503 414 3572 θείεης
470 3506 567 3572 τῆς
610 3502 832 3571 γνώμης
885 3503 962 3572 τῷ
1014 3503 1157 3571 λόγῳ
1216 3504 1314 3570 τῆς
1347 3501 1583 3570 φύσεως,
1625 3504 1659 3572 ή
1692 3501 1786 3554 τοῦ

223 3593 361 3646 Θεοῦ
416 3595 550 3662 πρὸς
580 3594 678 3664 τὴν
706 3594 866 3663 φύσιν
895 3593 1206 3663 καταλλαγὴ
1253 3594 1492 3660 γίνεσθαι
1527 3595 1786 3662 πέφυκεν,

224 3689 308 3738 ὅτι
380 3688 515 3759 μήτε
546 3687 773 3742 δυνατὸν
815 3686 1013 3758 ἑτέρως
1060 3685 1200 3740 κατὰ
1241 3686 1337 3757 τὴν
1381 3686 1606 3758 γνώμην
1651 3687 1788 3756 πρὸς

224 3781 425 3850 ἑαυτὴν
462 3782 858 3844 στασιάζουσαν
887 3779 984 3849 τὴν
1021 3779 1204 3848 φύσιν,
1238 3779 1336 3848 τὴν
1367 3779 1522 3831 θείαν
1571 3780 1665 3832 καὶ
1695 3780 1790 3832 ἀν-

223 3871 521 3937 εκλάλητον
570 3871 930 3934 ὑποδέξασθαι
998 3869 1428 3938 συγκατὰϐασιν.
1464 3871 1573 3924 Καὶ
1623 3873 1787 3941 τυχὸν

221 3963 312 4015 διὰ
344 3963 505 4015 τοῦτο
546 3964 809 4034 πρότερον
853 3965 999 4032 ἡμᾶς
1033 3963 1280 4032 βούλεται
1312 3964 1410 4026 τὰς
1456 3965 1590 4033 πρὸς
1624 3965 1785 4035 ἀλλή-

223 4056 349 4118 λους
391 4055 659 4107 ποιεῖσθαι
711 4055 1056 4124 καταλλαγὰς
1092 4057 1119 4107 ὁ
1155 4056 1320 4120 Θεὸς,
1373 4058 1469 4126 οὐχ
1518 4057 1604 4110 ἵνα
1656 4058 1784 4128 παρ’

221 4145 382 4217 ημῶν
419 4145 562 4215 μάθῃ
612 4146 1072 4200 καταλλάττεσθαι
1119 4149 1228 4209 τοῖς
1267 4148 1660 4217 ἁμαρτάνουσι,
1691 4148 1787 4200 καὶ

222 4237 334 4289 τῶν
384 4236 593 4288 πολλῶν
631 4239 932 4306 συγχωρεῖν
985 4238 1078 4290 καὶ
1131 4238 1375 4309 φοϐερῶν
1427 4240 1786 4308 ἐγκλημάτων

220 4328 320 4398 τὴν
349 4329 578 4390 ἔκτισιν,
604 4328 722 4381 ἀλλ’
751 4329 836 4380 ἵνα
864 4330 1008 4398 ἡμᾶς
1037 4328 1251 4400 καθάρῃ
1279 4331 1486 4395 παθῶν,
1520 4333 1612 4384 καὶ
1639 4332 1787 4405 δείξῃ

221 4420 628 4492 συμϐαίνουσαν
657 4423 726 4489 τῇ
773 4420 956 4488 σχέσει
994 4423 1093 4489 τῆς
1126 4421 1344 4490 χάριτος
1389 4421 1488 4489 τὴν
1522 4420 1631 4473 τῶν
1658 4439 1789 4489 συγ-

1887 3225 2302 3294 perturbatione
2350 3225 2612 3290 dimittit,
2656 3226 2856 3295 quibus
2905 3226 3166 3291 dimittit,
3207 3227 3287 3282 sic
3336 3227 3454 3296 ipse

1887 3330 2104 3385 quoque
2131 3316 2184 3369 in
2212 3317 2279 3369 iis
2302 3333 2422 3385 quze
2449 3318 2723 3382 accidunt,
2750 3319 3182 3387 imperturbatus
3219 3335 3283 3374 ac
3307 3329 3458 3374 tran-

1887 3406 2069 3475 quilla:
2105 3408 2304 3461 mentis
2336 3423 2583 3471 manens,
2616 3410 2761 3477 quod
2794 3409 3036 3464 oﬂensus
3066 3419 3170 3474 est,
3203 3411 3457 3482 dimittit,

1889 3494 2061 3547 nullis
2091 3510 2281 3548 eorum
2308 3511 2429 3564 quzn
2459 3496 2634 3550 tristia
2667 3497 2720 3551 in
2752 3514 2877 3552 cum
2909 3511 3306 3569 praecesserunt
3332 3500 3467 3575 ani-_

1887 3601 2037 3638 mum
2080 3586 2357 3639 informari
2399 3588 2614 3652 sincns,
2647 3589 2968 3658 nequando,
3001 3591 3096 3660 qui
3135 3591 3250 3661 ipse
3290 3591 3462 3647 homo

1887 3678 1978 3742 sit,
2001 3679 2087 3733 vel
2114 3679 2182 3732 ab
2209 3695 2318 3732 uno
2341 3681 2524 3749 aliquo
2554 3682 2835 3735 hominum
2861 3682 3151 3746 dissidens,
3175 3684 3459 3739 voluntate

1888 3770 2166 3840 animique
2201 3771 2473 3825 sententia
2509 3780 2756 3826 naturam
2791 3771 3042 3827 scindere
3075 3773 3454 3829 convincatur.

1888 3859 1979 3915 Sic
2015 3877 2250 3930 namque
2287 3860 2567 3915 voluntate
2607 3877 2731 3916 cum
2781 3871 2990 3917 natura:
3028 3864 3238 3918 ratione
3281 3863 3456 3930 unita,

1888 3962 2282 4022 comparatum,
2311 3962 2370 4006 ut
2402 3954 2498 4007 Dei
2533 3968 2658 4007 cum
2691 3962 2889 4008 natura
2914 3954 3288 4009 reconciliatio
3318 3971 3458 4024 prae»

1888 4064 2084 4109 stetur.
2113 4056 2328 4124 Alioqui
2357 4058 2502 4111 enim
2535 4057 2759 4112 minimc
2793 4057 2912 4112 ﬁeri
2946 4066 3151 4127 potest,
3181 4068 3242 4113 ut
3268 4058 3364 4114 Dei
3396 4074 3454 4114 se

1886 4148 2079 4211 nobis,
2128 4148 2293 4216 inque
2344 4149 2564 4203 modum
2608 4158 2855 4202 nostrum
2902 4149 3247 4213 inclinantis,
3289 4148 3458 4203 nullis

1886 4240 2076 4294 verbis
2121 4241 2504 4308 explicabilem
2548 4241 2708 4311 362
2755 4240 3122 4310 dignationem
3172 4241 3456 4310 suscipiat-

1886 4331 2056 4399 quue
2096 4330 2322 4384 forsitan
2375 4332 2428 4384 in
2475 4348 2637 4385 causa
2688 4333 2780 4394 sit,
2815 4347 2914 4386 cur
2957 4346 3058 4386 nos
3102 4332 3251 4401 ipsos
3288 4332 3460 4394 Deus,

1887 4422 2045 4489 prius
2071 4421 2210 4474 alios
2239 4423 2359 4476 aliis
2390 4423 2731 4479 reconciliari
2760 4423 2912 4488 velit,
2945 4437 3008 4478 ac
3037 4439 3159 4492 quae
3189 4422 3332 4477 inter
3355 4437 3463 4477 nos

219 4510 588 4579 χωρουμένων
619 4509 855 4561 διάθεσιν
879 4509 978 4578 (7).
1023 4509 1216 4577 Σαφῶς
1260 4510 1314 4561 δὲ
1361 4511 1667 4580 καθέστηκε
1693 4513 1785 4582 δῆ·
1819 4499 1862 4552 ί)

1819 4499 1862 4552 ί)
1890 4512 2197 4567 simultates
2223 4513 2427 4582 vigent,
2453 4515 2678 4568 omnino
2704 4531 3057 4586 componere.
3079 4531 3187 4573 non
3215 4523 3276 4568 ut
3299 4515 3451 4584 quasi

217 4602 330 4662 λον,
358 4602 441 4654 ὅτι
465 4604 560 4670 τῆς
584 4599 807 4670 γνώμης
838 4600 1131 4668 ἐνωθείσης
1159 4600 1234 4670 τῷ
1261 4601 1401 4671 λόγῳ
1423 4605 1520 4671 τῆς
1549 4602 1784 4670 φύσεως,

218 4695 584 4754 ἀστασίαστος
639 4691 792 4744 ἔσται
848 4691 984 4761 πρὸς
1027 4692 1119 4744 τὸν
1174 4692 1307 4744 Θεὸν
1367 4695 1400 4762 ή
1479 4694 1588 4747 τῶν
1630 4695 1790 4750 τοῦτο

217 4783 665 4854 κατωρθωκότων
727 4784 1085 4854 προαίρεσις·
1146 4785 1305 4856 εἴπερ
1356 4785 1508 4838 οὐδὲν
1546 4787 1788 4856 πέφυκεν

218 4873 606 4942 ενθεωρείσθαι
639 4875 948 4944 παράλογον
995 4876 1073 4944 τῷ
1120 4876 1262 4946 λόγῳ
1299 4879 1396 4946 τῆς
1433 4878 1644 4944 φύσεως
1670 4923 1685 4942 ,
1729 4879 1789 4942 ὃς

218 4969 322 5021 καὶ
349 4975 518 5029 νόμος
553 4966 670 5018 ἐστὶ
700 4967 926 5034 φυσικός
972 4985 1032 5019 τε
1077 4969 1170 5019 καὶ
1206 4968 1345 5031 θεῖος
1374 4968 1471 5039 (8),
1504 4971 1633 5023 ὅταν
1663 4971 1788 5024 καθ’

219 5060 414 5114 ἑαυτὸν
435 5060 841 5129 ἐνεργουμένην
870 5059 1010 5133 λάϐῃ
1039 5063 1137 5131 τῆς
1166 5061 1391 5132 γνώμης
1423 5063 1521 5133 τὴν
1550 5064 1785 5136 κίνησιν.

218 5154 284 5206 Εἰ
315 5152 372 5204 δὲ
407 5153 715 5221 παράλογον
757 5151 907 5204 οὐδέν
953 5153 1098 5204 ἐστιν
1132 5154 1188 5204 ὲν
1241 5153 1317 5222 τις,
1370 5153 1514 5224 λόγῳ
1556 5157 1656 5224 τῆς
1686 5154 1788 5220 φύ-

224 5260 383 5306 τεως,
430 5242 652 5304 εἰκότως
684 5242 717 5311 ἡ
755 5240 946 5310 γνώμη
982 5241 1123 5295 κατὰ
1162 5241 1252 5294 τὸν
1288 5243 1442 5311 λόγον
1489 5245 1782 5314 κινουμένη

214 5337 314 5404 τῆς
351 5336 588 5402 φύσεως,
624 5331 1026 5402 συμϐαίνουσαν
1053 5333 1164 5396 ἕξει
1205 5334 1294 5386 διὰ
1323 5334 1537 5388 πάντων
1564 5336 1642 5406 τῷ
1666 5336 1787 5406 θεῷ

215 5430 318 5497 τὴν
349 5425 632 5495 ἐνέργειαν
661 5441 674 5454 ·
711 5425 833 5493 ἣτις
862 5425 979 5476 ἐστὶ
1011 5422 1136 5494 [Fr.
1169 5425 1293 5494 ἥτις
1331 5423 1517 5497 ἔσται]
1547 5425 1788 5488 διάθεσις

216 5520 564 5587 ἔμπρακτος,
591 5519 656 5587 τῇ
685 5517 868 5586 χάριτι
898 5515 991 5568 τοῦ
1020 5516 1178 5585 φύσει
1210 5517 1377 5570 καλοῦ
1418 5518 1552 5587 προς
1583 5520 1786 5590 ἀρετῆς

214 5609 439 5676 γένεσιν.
469 5607 845 5678 πεποιωμένη.

1887 4604 2063 4658 nostri
2096 4605 2362 4674 praeludio
2391 4606 2506 4675 ipse
2534 4607 2916 4676 peccatoribus
2947 4607 3288 4665 reconciliari
3324 4622 3460 4662 con-

1888 4693 2083 4759 discat,
2101 4696 2506 4764 multorumque
2526 4711 2589 4751 ac
2607 4697 2925 4752 immanium
2947 4700 3215 4753 scelerum
3231 4712 3458 4766 poenam

1888 4783 2232 4849 condonare;
2261 4783 2354 4838 sed
2385 4793 2444 4837 ut
2471 4800 2572 4840 nos
2600 4801 2630 4838 a
2665 4787 3176 4855 perturbationibus
3198 4787 3461 4856 vitiisque

1888 4875 2171 4937 emundet,
2204 4891 2526 4944 eorumque,
2555 4877 2761 4948 quibus
2784 4879 2942 4932 venia
2977 4878 3311 4948 indulgetur,
3338 4880 3464 4932 ani—

1888 4985 2039 5022 mum
2073 4969 2214 5022 haud
2245 4969 2544 5023 abhorrere
2569 4986 2598 5024 a
2629 4970 3034 5026 necessitudine
3060 4970 3245 5039 gratiae
3273 4980 3463 5024 esten-

1891 5060 2005 5114 dat.
2032 5061 2211 5114 Palam
2248 5061 2394 5114 enim
2433 5062 2781 5130 perspicuum
2813 5070 2920 5124 est,
2950 5062 3227 5116 voluntate
3262 5061 3463 5116 animi-

1891 5168 1998 5222 que
2040 5153 2310 5207 sententia
2352 5169 2477 5208 cum
2519 5164 2730 5210 natura:
2785 5155 2997 5209 ratione
3043 5154 3215 5216 unita,
3251 5153 3366 5207 fore
3397 5163 3459 5205 ut

1893 5255 2097 5326 quibus
2130 5255 2182 5309 id
2219 5255 2436 5310 demum
2472 5257 2762 5328 obtigerit,
2797 5256 2939 5310 nihil
2972 5271 3000 5310 a
3035 5257 3146 5311 Deo
3176 5256 3465 5309 voluntate

1892 5345 2200 5414 animisque
2230 5345 2566 5412 dissideant;
2597 5346 2799 5416 quippe
2827 5361 2951 5401 cum
2984 5345 3127 5399 nihil
3152 5345 3465 5400 abhorrens

1893 5453 1924 5491 a
1968 5437 2181 5490 ratione
2221 5446 2386 5507 atque
2425 5438 2696 5494 absonum
2738 5438 2792 5491 in
2836 5446 3046 5492 natura:
3086 5438 3201 5506 ipsa
3245 5437 3463 5489 ratione

1892 5527 2122 5596 intelligi
2151 5536 2492 5597 queam-quae.
2518 5538 2572 5584 et
2599 5530 2685 5583 lex
2719 5529 2982 5583 naturalis
3013 5538 3066 5582 et
3097 5528 3276 5581 divina
3311 5526 3463 5581 cxsi—

1889 5626 2015 5681 stat,
2046 5634 2170 5672 cum
2209 5627 2416 5673 motum
2441 5620 2737 5674 voluntatis
2765 5635 2832 5674 ex
2861 5620 2975 5674 suis
3005 5619 3118 5687 ipsa
3148 5618 3463 5671 rationibus

215 5704 558 5770 exercitum,
605 5711 1140 5773 consentaneumque
1189 5707 1483 5775 acceperit.
1531 5707 1688 5773 Quod
1739 5711 1784 5765 si
1822 5713 1961 5766 nihil
2026 5713 2330 5768 abhorrens
2356 5731 2385 5768 a
2412 5715 2621 5768 ratione
2648 5723 2809 5783 atque
2870 5715 3134 5767 absonum
3166 5712 3217 5764 in
3250 5719 3459 5767 natura

219 5798 437 5852 ratione
473 5795 710 5863 exsistit,
744 5797 941 5852 merito
1009 5798 1262 5854 voluntas
1324 5815 1444 5870 qua:
1477 5814 1762 5859 moveatur
1795 5814 1856 5860 ut
1893 5813 2101 5861 natura:
2147 5807 2344 5863 rationi
2391 5817 2764 5879 comparatum
2815 5814 2931 5874 est,
2971 5806 3349 5876 operationem
3403 5803 3458 5858 in
