4218 6432
755 385 858 448 903

1909 378 1967 436 S.
2009 376 2291 436 ΜΛΧΙΜΙ
2331 372 2834 436 CONFESSORIS

3888 381 4008 450 304

754 492 1009 550 omnibus
1070 491 1182 545 Deo
1211 487 1647 544 consentientem
1711 482 1970 550 habebit;
2036 483 2309 538 emeacem
2377 484 2637 538 nimirum
2691 492 2853 553 atque
2901 483 3178 538 robustam
3231 484 3397 540 animi
3451 486 3832 555 affectionem,
3879 496 4012 563 ejus

755 586 899 658 quod
931 593 1124 639 natura
1159 584 1360 636 bonum
1395 591 1478 636 est
1507 579 1679 650 gratia
1714 579 2006 640 imbutam,
2032 578 2098 631 ad
2134 578 2561 649 progignendam
2584 577 2868 632 virtutem.

827 678 917 732 Sic
949 678 1113 745 igitur
1145 675 1197 727 in
1230 674 1476 727 oratione
1509 673 1738 728 aﬂectus
1769 683 1872 736 est,
1899 675 1992 743 qui
2026 674 2328 743 spiritalem
2357 712 2367 736 ε

2501 674 2658 727 Οὕτω
2691 675 2788 744 μὲν
2810 669 2924 740 οὖν,
2963 679 2992 729 6
3023 677 3116 729 τὸν
3143 679 3443 745 γνωστικὸν
3483 680 3647 750 ἄρτον
3683 682 3853 734 αἰτῶν
3881 683 4007 737 διά-

757 785 819 822 ac
850 765 1129 835 sapientia;
1154 778 1346 833 panem
1374 763 1544 832 petit;
1576 772 1700 831 post
1720 777 1884 833 quem
1909 764 2074 817 etiam
2101 763 2211 824 ille,
2234 763 2328 830 qui

757 860 827 911 ob
870 865 1080 910 natura:
1120 855 1230 908 vim
1277 855 1504 924 ejusque
1551 853 1878 906 necessitate
1941 852 2326 922 quotidianum

756 948 1021 1000 duntaxat
1069 959 1263 1012 panem
1321 943 1442 1012 (qui
1495 942 1706 995 scilicet
1752 941 1808 994 in
1860 941 2006 995 diem
2066 940 2328 1010 sulIiciat)

758 1039 971 1110 quatrit,
998 1036 1270 1091 consimili
1303 1035 1465 1087 modo
1493 1033 1791 1099 aﬂicictur;
1825 1049 2019 1103 nempe
2047 1033 2330 1086 dimittens

757 1131 1105 1186 debitoribus
1133 1127 1337 1188 debita,
1368 1134 1425 1179 ut
1455 1127 1548 1196 qui
1585 1141 1642 1179 se
1676 1135 1870 1178 natura
1902 1125 2183 1178 mortalem
2219 1139 2330 1178 non

759 1223 994 1284 nesciat;
1026 1220 1231 1288 quique
1256 1219 1367 1288 jam
1393 1217 1640 1286 quotidie
1664 1215 1809 1285 quod
1835 1224 2026 1269 natura
2049 1229 2332 1283 compara-

762 1321 876 1365 tum
918 1318 1030 1373 est,
1066 1324 1178 1378 pra:
1225 1309 1346 1378 ejus
1390 1307 1630 1368 incerto,
1667 1314 2017 1374 exspectans,
2051 1305 2331 1360 voluntate

759 1414 922 1474 atque
941 1402 1126 1456 animo
1145 1402 1439 1456 antevertit
1455 1408 1728 1464 naturam,
1749 1406 1943 1468 sponte
1965 1400 2169 1454 mundo
2190 1417 2334 1454 mor—

762 1502 912 1554 tuus,
939 1493 1017 1546 uti
1052 1492 1238 1546 divino
1270 1505 1589 1560 expressum
1625 1491 1850 1544 oraculo
1881 1499 1966 1544 est
1993 1507 2004 1542 :
2039 1490 2259 1560 Propter
2282 1501 2333 1544 te

761 1583 1143 1652 mortiﬁcamur
1181 1591 1287 1635 tota
1327 1583 1408 1635 die
1433 1581 1508 1646 ³⁶;
1547 1583 1793 1635 aestimati
1831 1599 2010 1635 sumus
2045 1583 2178 1635 sicut
2214 1597 2331 1635 oves

758 1676 1033 1729 occisionis
1055 1675 1131 1739 ³⁷;
1163 1673 1366 1742 quique
1394 1672 1531 1726 adeo
1559 1672 1731 1725 amice
1761 1673 2016 1726 omnibus
2046 1672 2330 1726 consocie-

760 1777 873 1830 tur,
904 1782 969 1820 ne
997 1780 1160 1834 quam
1191 1764 1355 1833 hujus
1387 1762 1572 1816 saeculi
1609 1763 1891 1831 pravitatis
1924 1770 2106 1816 notam
2144 1778 2332 1818 secum

766 1858 980 1920 inferat,
1006 1871 1128 1911 cum
1160 1855 1227 1908 ad
1262 1855 1408 1908 illam
1437 1854 1572 1908 senii
1603 1861 1881 1922 expertem
1907 1853 2074 1907 vitam
2106 1854 2332 1907 commi-

764 1949 1030 2017 grandum
1054 1947 1190 2012 erit;
1220 1962 1512 2015 paremque
1543 1945 1668 2000 inde
1698 1947 1765 2000 ab
1791 1946 2032 2000 omnium
2053 1946 2244 2021 .ludice
2269 1962 2334 2000 ac

766 2043 1072 2102 Salvatore,
1103 2053 1200 2108 pro
1236 2052 1303 2092 eo
1333 2037 1478 2107 quod
1508 2037 1616 2091 vita
1652 2037 1754 2091 hac
1788 2037 1992 2090 abusus
2020 2045 2133 2098 est,
2159 2037 2334 2091 vicem

768 2131 1014 2200 recipiat.
1042 2129 1298 2199 Utrisque
1328 2143 1562 2197 namque
1593 2143 1657 2181 ex
1689 2143 1880 2182 eorum
1915 2127 2240 2190 rationibus,
2270 2142 2335 2182 ac

765 2222 910 2292 quod
953 2221 1226 2277 conducat
1267 2220 1574 2274 necessaria
1617 2227 1731 2282 est,
1766 2217 1968 2272 munda
2012 2217 2068 2270 in
2109 2232 2205 2272 eos
2238 2217 2335 2287 qui

767 2314 979 2386 injuria:
994 2313 1202 2383 aliquid
1220 2312 1470 2375 fecerint,
1485 2310 1649 2366 animi
1667 2310 1916 2376 affectio;
1943 2325 2066 2365 cum
2090 2309 2335 2364 omnium

764 2408 959 2477 gratia,
980 2414 1092 2460 tum
1122 2405 1353 2459 maxime
1380 2404 1453 2458 ob
1476 2403 1808 2472 reliquarum
1838 2401 1893 2455 in
1916 2400 2180 2456 orationis
2205 2416 2336 2457 con-

768 2508 916 2554 textu
950 2495 1341 2552 sententiarum
1372 2495 1515 2559 vim,
1543 2509 1664 2564 qua:
1695 2495 1810 2563 ipsa
1843 2493 1898 2548 in
1930 2493 2079 2548 hunc
2110 2495 2333 2548 modum

764 2607 823 2646 se
850 2590 1014 2645 habet
1043 2607 1056 2642 :

834 2683 994 2754 363
1029 2681 1096 2736 Et
1124 2698 1188 2734 ne
1215 2697 1308 2734 nos
1337 2679 1532 2750 inferas
1560 2681 1615 2734 in
1644 2681 2014 2746 tentationem;
2045 2680 2136 2736 sed
2169 2680 2334 2736 libera

767 2790 859 2828 nos
890 2792 921 2827 α
950 2771 1109 2826 malo.

836 2861 931 2917 llis
967 2861 1114 2916 enim
1153 2861 1433 2931 Scriptura
1469 2860 1773 2931 signiﬁcat,
1811 2861 1924 2916 fore
1971 2872 2032 2918 ut
2067 2863 2173 2919 nisi
2211 2865 2336 2934 quis

769 2956 866 3017 iis.
911 2970 939 3007 a
988 2954 1190 3023 quibus
1230 2953 1451 3008 oil‘ensa:
1494 2951 1698 3022 aliquid
1751 2955 2053 3023 acceperit,
2093 2954 2336 3024 perfecte

769 3045 1065 3116 indulgeat,
1093 3045 1462 3114 mundumque
1491 3061 1521 3098 a
1549 3061 1774 3099 rancorc
1801 3046 2066 3108 animum,
2092 3046 2367 3101 reconci-.

769 3138 1011 3193 liationis
1039 3153 1162 3191 cum
1191 3137 1437 3206 proximo
1466 3136 1586 3190 luce
1617 3137 2016 3204 prmuitentem,
2046 3137 2153 3192 Deo
2184 3137 2338 3192 exhi-

771 3229 914 3288 beat,
941 3244 969 3281 a
1003 3229 1267 3281 bonorum
1297 3242 1418 3296 quae
1439 3235 1660 3295 exoptat
1685 3226 1932 3295 votisque
1962 3227 2332 3296 prosequitur,

2431 781 2610 818 κειται
2641 767 3094 836 προσευχόμενος,
3127 769 3243 837 μεθ’
3270 769 3329 821 ὃν
3373 774 3623 833 κακεῖνος
3660 775 3689 825 6
3719 775 3883 836 μόνον
3909 776 4010 827 τοι

2429 857 2707 925 ἐφήμερον
2737 858 2899 928 ἄρτον
2921 859 3196 928 ἐπιζητῶν
3223 859 3309 912 διὰ
3336 861 3436 929 τὴν
3465 860 3588 928 βίαν
3619 867 3719 934 τῆς
3755 871 4006 931 φύσεως.

2429 948 2570 1000 κατά
2623 947 2716 1000 τὸν
2768 951 2927 1002 αὐτὸν
2968 950 3340 1022 διατεθήσεται
3389 955 3624 1022 τρόπον·
3674 959 3833 1023 ἀφεὶς
3889 962 4005 1022 τοῖς

2429 1037 2732 1106 ὀφειλέταις
2771 1041 2840 1095 τὰ
2885 1040 3225 1111 ὀφειλήματα
3246 1083 3260 1104 ,
3294 1038 3382 1097 οἷα
3415 1043 3478 1113 δὴ
3511 1046 3704 1111 γνοὺς,
3742 1049 3823 1100 ὅτι
3860 1052 4006 1102 κατὰ

2431 1128 2592 1196 φύσιν
2642 1130 2876 1200 ὑπάρχει
2934 1132 3161 1202 θνητὸς,
3205 1135 3298 1186 καὶ
3350 1135 3535 1189 λοιπὸν
3583 1139 3705 1190 καθ’
3757 1139 4007 1208 ἑκάστην

2432 1221 2646 1292 ἡμέραν
2694 1222 2782 1274 διὰ
2817 1223 2916 1292 τὴν
2964 1224 3187 1294 ἀδηλίαν
3213 1225 3275 1277 τὸ
3306 1227 3464 1296 φύσει
3504 1231 3748 1297 πεφυκὸς
3779 1231 3997 1301 ἐκδεχῦ-

2435 1330 2594 1382 μενος
2613 1353 2628 1374 ,
2675 1312 3052 1384 προλαμϐάνει
3091 1316 3194 1386 τὴν
3235 1316 3400 1384 φύσιν
3430 1319 3570 1371 κατὰ
3599 1321 3698 1388 τὴν
3730 1319 3965 1390 γνώμην
3990 1337 4004 1349 ⁸

2433 1405 2750 1474 αὐθαίρετος
2773 1406 2966 1475 νεκρὸς
2997 1408 3134 1476 πρὸς
3165 1407 3255 1461 τὸν
3281 1409 3486 1478 κόσμον
3524 1412 3829 1482 γινόμενος,
3861 1413 4009 1465 κατὰ

2429 1497 2491 1550 τὸ
2526 1497 2733 1566 φάσκον
2785 1497 2984 1566 λόγιον,
3041 1499 3121 1551 ὅτι
3157 1501 3404 1554 Ἕνεκεν
3443 1504 3560 1557 σοῦ
3594 1507 4009 1572 θανατούμεθα

2431 1589 2587 1657 ὅλην
2653 1588 2769 1656 τὴν
2814 1591 3043 1658 ἡμέραν
3072 1608 3084 1620 ·
3148 1594 3550 1664 ἐλογίσθημεν
3603 1598 3684 1663 ὡς
3735 1599 4008 1661 πρόϐατα

2431 1680 2708 1750 σφαγῆς·
2756 1681 2850 1736 καὶ
2891 1681 2981 1736 διὰ
3029 1685 3187 1737 τοῦτο
3233 1688 3591 1758 σπενδόμενος
3637 1688 3883 1750 ἅπασιν,
3920 1691 4005 1742 ἴνα

2437 1773 2602 1841 μηδὲν
2627 1773 2802 1843 ἑαυτῷ
2825 1775 3318 1845 συνεπικομίζηται
3348 1777 3636 1849 γνώρισμα
3675 1782 3776 1850 τῆς
3803 1779 4005 1849 μοχθηο

2435 1863 2554 1933 ρίας
2583 1863 2676 1916 τοῦ
2703 1864 2796 1916 νῦν
2827 1865 3044 1929 αἰῶνος,
3073 1867 3207 1936 πρὸς
3233 1867 3333 1938 τὴν
3354 1870 3547 1940 ἀγήρω
3574 1870 3719 1941 ζωὴν
3747 1872 4007 1940 μεθιστά-

2439 1970 2598 2022 μενος
2625 1969 2639 1983 ·
2672 1955 2763 2006 καὶ
2795 1953 2936 2027 λάϐῃ
2965 1959 3116 2025 παρὰ
3141 1957 3234 2008 τοῦ
3266 1956 3454 2027 κριτοῦ
3485 1961 3581 2012 καὶ
3609 1961 3865 2030 Σωτῆρος
3896 1960 4007 2012 τῶν

2365 2023 2406 2077 Β
2435 2044 2591 2104 ὅλων,
2624 2038 2700 2097 ὧν
2740 2023 2972 2099 ἐνταῦθα
3009 2023 3355 2118 πήροκέχρηκε
3397 2049 3494 2121 τὴν
3547 2051 3670 2120 ίσην
3708 2023 4006 2106 ἀντίδοσιν.

2449 2135 2746 2202 ’Λναγκαία
2767 2135 2876 2206 γὰρ
2910 2137 3240 2208 ἀμφοτέροις
3285 2139 3421 2208 πρὸς
3475 2141 3575 2211 τὴν
3619 2141 3771 2210 σφῶν
3825 2143 4008 2195 αὐτῶν

2435 2225 2772 2279 λυσιτέλειαν
2801 2228 3142 2301 καθέστηκεν
3183 2231 3217 2300 ή
3259 2231 3477 2302 καθαρά
3516 2232 3652 2303 πρὸς
3680 2235 3814 2298 τοὺς
3845 2235 4000 2286 λελυ-

2436 2317 2684 2387 πηκότας
2715 2317 2956 2382 διάθεσις
2984 2337 2998 2350 ·
3037 2320 3256 2374 πάντων
3291 2324 3392 2392 μὲν
3432 2323 3622 2377 ἕνεκεν
3643 2363 3658 2389 ,
3687 2324 3785 2394 οὺχ
3799 2324 4000 2388 ἥκιστα

2434 2407 2492 2460 δὲ
2516 2407 2604 2461 διὰ
2630 2408 2743 2461 τῶν
2777 2409 3113 2479 λειπομένων
3138 2411 3319 2483 ῥητῶν
3351 2411 3599 2485 δύναμιν,
3631 2414 3825 2468 τοῦτον
3853 2415 4012 2484 ἔχου·

2437 2512 2538 2550 σαν
2565 2497 2658 2550 τὸν
2688 2498 2910 2569 τρόπον,

2503 2676 2613 2730 Καὶ
2654 2674 2740 2744 μὴ
2791 2674 3138 2745 είσενέτκῃς
3160 2674 3316 2746 ἡμᾶς
3337 2679 3423 2743 εις
3444 2680 3799 2747 πειρασμῶν,
3850 2679 4015 2734 ἀλλὰ

2426 2765 2614 2835 ῥῦσαι
2641 2766 2799 2836 ἡμᾶς
2822 2768 2940 2823 ἀπὸ
2967 2769 3072 2822 τοῦ
3094 2769 3380 2836 πονηροῦ.

2505 2861 2664 2930 Δηλοί
2691 2859 2800 2934 γὰρ
2833 2863 2891 2914 ὲν
2915 2862 3124 2924 τούτοις
3153 2863 3181 2913 6
3206 2862 3361 2929 λόγος
3380 2901 3395 2924 ,
3449 2862 3525 2926 ὼς
3552 2865 3579 2917 ὀ
3611 2865 3686 2934 μὴ
3718 2869 4011 2938 συγχωρή-

2436 2969 2536 3016 σας
2559 2953 2780 3017 τελείως
2807 2955 2922 3017 τοῖς
2951 2953 3224 3020 πταίουσι,
3253 2955 3349 3008 καὶ
3373 2955 3620 3026 καθαρὰν
3645 2956 3822 3025 λύπης
3839 2975 4016 3029 παρα-

2437 3045 2643 3116 στήσας
2703 3045 2780 3115 τῷ
2825 3045 2944 3115 Θεῷ
3003 3046 3103 3115 τὴν
3157 3046 3383 3117 καρδίαν
3413 3089 3428 3112 ,
3509 3047 4015 3119 λελάμπρυσμένιην

2432 3135 2512 3206 τῷ
2567 3137 2706 3204 φωτὶ
2755 3138 2855 3207 τῆς
2891 3137 3027 3207 πρὸς
3055 3136 3144 3189 τδν
3170 3137 3337 3200 πέλας
3363 3136 3738 3208 καταλλαγῆς,
3772 3140 3872 3209 τῆς
3905 3139 4017 3191 τῶν

2435 3229 2724 3298 ηὑγμένων
2770 3227 2952 3281 καλῶν
2985 3228 3338 3294 ἀποτεύξεται
3361 3230 3581 3299 χάριτος
3600 3246 3613 3259 ·
3669 3231 3764 3283 καὶ
3794 3231 3874 3299 τῷ
3903 3248 4019 3285 ’,ει-

769 3322 937 3393 gratia
973 3321 1216 3384 excidat;
1246 3321 1503 3390 justeque
1533 3317 1743 3388 judicio
1778 3318 2063 3372 tentationi
2098 3333 2161 3372 ac
2193 3319 2367 3393 malo,

2439 3318 2632 3389 ρασμῷ
2655 3358 2669 3381 ,
2730 3320 2822 3372 καὶ
2866 3319 2944 3388 τῷ
2975 3319 3197 3389 πονηρῷ
3243 3321 3386 3373 κατὰ
3412 3319 3628 3374 δικαίαν
3659 3321 4019 3391 ὲκδοθήσεται

767 3414 1038 3471 obnoxius
1075 3412 1192 3475 ﬁat,
1231 3424 1290 3466 ut
1323 3411 1535 3466 scilicet
1567 3409 1854 3464 emundari
1890 3409 2106 3464 delictis
2137 3408 2336 3464 docea-

774 3520 878 3566 tur,
911 3520 939 3556 a
976 3519 1032 3556 se
1067 3513 1352 3571 amputans
1383 3516 1447 3554 ac
1478 3499 1772 3562 amoliens,
1801 3498 1944 3567 quod
1981 3499 2116 3553 alios
2149 3498 2337 3553 crimi-

771 3605 948 3648 natttr.
973 3594 1351 3648 Tentationem
1378 3600 1558 3646 autem
1587 3591 1679 3645 hic
1702 3599 1862 3644 vocat
1905 3589 2112 3659 peccati
2142 3590 2336 3659 legem,

771 3701 800 3739 a
832 3702 938 3754 qua
974 3685 1233 3739 immunis
1265 3683 1448 3738 editus
1485 3682 1699 3751 primus
1732 3697 1951 3751 parens.
1982 3681 2178 3734 Malum
2209 3696 2340 3734 vero

770 3776 932 3837 dicit,
974 3790 1169 3844 nempe
1212 3773 1527 3836 diabolum,
1571 3787 1671 3841 per
1716 3787 1879 3840 quem
1928 3771 2045 3826 hac
2091 3771 2342 3826 humanae

771 3875 976 3921 natura;
1014 3864 1258 3926 inolevit,
1290 3879 1355 3918 ac
1383 3876 1493 3932 quo
1518 3870 1741 3915 auctore
1773 3861 2033 3916 seductus
2065 3862 2248 3924 homo,
2283 3871 2343 3916 ut

771 3957 839 4012 ab
874 3970 940 4010 eo
969 3954 1113 4024 quod
1146 3954 1196 4008 ei
1231 3967 1554 4007 concessum
1597 3961 1746 4016 erat,
1781 3951 1848 4005 ad
1885 3951 1938 4004 id
1972 3967 2082 4020 quo
2116 3952 2190 4004 illi
2224 3960 2343 4005 erat

772 4049 1120 4105 interdictum
1165 4046 1330 4100 animi
1383 4043 1740 4113 cupiditatem
1790 4043 2140 4108 transferret,
2175 4054 2230 4097 et
2274 4043 2341 4098 ad

771 4139 1009 4194 mandati
1037 4138 1494 4208 trangressionem
1514 4144 1854 4199 verteretur;
1881 4149 1987 4203 qua
2013 4133 2339 4200 temeritate,

772 4233 910 4302 ejus,
945 4246 1105 4300 quam
1147 4245 1245 4298 per
1283 4229 1512 4299 gratiam
1556 4241 1871 4283 concessam
1914 4233 2218 4296 acceperat,
2255 4225 2341 4280 in-

772 4321 1143 4391 corruptionis
1167 4321 1438 4391 jacturam
1467 4319 1617 4374 fecit.

841 4429 950 4479 Aut
975 4438 1190 4485 rursus,
1224 4421 1577 4477 tentationem
1611 4420 1832 4489 quidem
1870 4419 2109 4489 appellat
2155 4419 2347 4474 volun-

774 4513 974 4568 tarium
1007 4510 1174 4566 animi
1216 4511 1270 4564 in
1305 4510 1489 4564 carnis
1528 4509 1809 4578 passiones
1844 4519 2008 4578 atque
2041 4510 2172 4563 vitia
2207 4526 2342 4564 con-

772 4619 1029 4669 sensum;
1063 4603 1263 4656 malum
1293 4616 1444 4664 vero,
1477 4601 1696 4655 modum
1728 4615 1837 4669 quo
1865 4600 2060 4654 vitiosa
2092 4599 2345 4654 libidino-

2437 3410 2619 3478 κρίσιν
2647 3426 2662 3440 ·
2739 3410 2826 3462 ἵνα
2877 3409 3023 3481 μάθῃ
3075 3408 3429 3478 καθαίρεσθαι
3475 3412 3853 3484 πλημμελῶν,
3913 3415 4018 3477 τὰς

2438 3502 2556 3554 κατ’
2594 3500 2768 3554 ἄλλων
2818 3501 3014 3555 ἑαυτοῦ
3061 3501 3282 3573 μομφὰς
3326 3504 3746 3576 ἀφαιρούμενος.
3809 3507 4018 3578 [lupa-

2441 3593 2576 3662 σμὸν
2629 3593 2684 3645 δὲ
2715 3591 2862 3660 λέγει
2889 3593 2984 3646 νῦν
3019 3594 3110 3647 τὸν
3140 3597 3237 3664 τῆς
3267 3596 3540 3667 ἁμαρτίας
3569 3598 3730 3666 νόμον
3754 3614 3770 3630 ·
3829 3599 3891 3651 ὃν
3917 3600 4021 3651 οὐκ

2439 3684 2576 3754 ἔχων
2617 3686 2645 3737 6
2687 3683 2902 3756 πρῶτος
2931 3685 3214 3756 ἄνθρωπος
3241 3681 3404 3757 ἦλθεν
3434 3688 3516 3750 εἰς
3539 3688 3750 3756 γένεσιν
3770 3706 3785 3720 ·
3843 3707 4019 3760 πονη-

2445 3774 2534 3843 ρὸν
2562 3772 2620 3824 δὲ
2647 3812 2661 3836 ,
2697 3773 2788 3824 τὸν
2814 3771 2998 3826 τοῦτον
3027 3773 3349 3843 ἐμφύραντα
3376 3776 3442 3844 τῇ
3475 3774 3635 3843 φύσει
3665 3774 3774 3828 τῶν
3801 3774 4022 3844 ἀνθρώ-

2440 3882 2557 3917 πων
2585 3864 2829 3918 διάϐολον
2851 3903 2866 3927 ,
2931 3865 3028 3917 καὶ
3066 3865 3330 3917 πείσαντα
3357 3865 3425 3917 δι’
3443 3865 3654 3932 ἀπάτης
3687 3865 3780 3918 τὸν
3806 3865 4021 3935 ἄνθρω-

2441 3973 2562 4019 πον,
2595 3956 2704 4008 ἀπὸ
2731 3954 2822 4008 τοῦ
2859 3957 3352 4026 συγκεχωρημένου
3381 3956 3520 4026 πρὸς
3546 3955 3607 4008 τὺ
3632 3955 4022 4026 κεκωλυμένον

2439 4049 2538 4116 τῆς
2584 4047 2762 4117 ψυχῆς
2815 4047 3136 4117 μετενέγκσι
3185 4047 3283 4118 τὴν
3329 4047 3551 4116 ἔφεσιν,
3610 4049 3706 4101 καὶ
3747 4050 3886 4118 πρὸς
3919 4051 4022 4118 τὴν

2442 4142 2540 4207 τῆς
2589 4138 2740 4201 Θείας
2802 4139 3021 4209 ἐντολῆς
3053 4140 3327 4209 τραπῆναι
3360 4138 3708 4207 παράϐασινο
3765 4136 3834 4212 ἧς
3860 4141 4022 4211 ἔργον

2441 4230 2665 4298 γέγονεν
2717 4231 2751 4298 ἡ
2827 4231 2928 4300 τῆς
2990 4231 3235 4302 δοθείσης
3288 4232 3429 4285 κατά
3485 4231 3646 4303 χάριν
3707 4231 4023 4303 ἀφθαρσίας

2443 4321 2718 4383 ἀπόθεσις.

2516 4412 2586 4466 Ἣ
2617 4411 2813 4484 πάλιν,
2873 4410 3176 4481 πειρασμὸν
3225 4409 3322 4480 μέν
3366 4427 3500 4481 φησι
3564 4413 3663 4482 τὴν
3692 4412 3795 4482 τῆς
3843 4413 4020 4482 ψυχῆς

2445 4504 2691 4556 ἑκούσιον
2751 4502 2887 4572 πρὸς
2932 4503 3002 4555 τὰ
3049 4503 3195 4571 πάθη
3247 4504 3346 4572 τῆς
3393 4504 3593 4573 σαρκὸς
3641 4505 4021 4559 συνδιάθεσιν·

2445 4595 2681 4664 πονηρὸν
2719 4594 2776 4648 δὲ
2797 4634 2812 4657 ,
2871 4595 2961 4648 τὸν
2992 4596 3108 4648 κατ’
3131 4595 3410 4665 ἐνέργειαν
3434 4596 3895 4666 συμπληρωτικὸν
3923 4599 4024 4667 τῆς

774 4712 942 4766 saque
985 4694 1205 4749 atl‘ectio
1250 4708 1344 4747 seu
1383 4690 1670 4760 dispositio
1714 4691 1768 4743 in
1812 4699 1936 4744 actu
1983 4690 2288 4758 completur
2331 4707 2344 4743 :

2451 4684 2732 4756 ὲμπαθοῦς
2775 4685 3068 4749 διαθέσεως
3109 4685 3340 4755 τρόπον·
3402 4680 3478 4739 ῶν
3519 4687 3726 4750 οὐδενὸς
3761 4689 4023 4749 ὀδίκαιος

773 4799 1076 4856 neutroque
1102 4786 1296 4839 horum
1329 4782 1658 4838 liberabitur
1677 4783 1809 4852 justi
1831 4781 2034 4852 judicis
2056 4782 2345 4847 sententia,

769 4878 869 4948 qui
909 4893 1019 4930 non
1059 4875 1333 4930 dimiserit
1372 4873 1718 4928 debitoribus
1763 4871 1975 4936 debita;
2021 4871 2235 4926 tametsi
2278 4871 2345 4937 is,

773 4969 924 5023 nudo
958 4967 1109 5021 vocis
1141 4981 1276 5020 sono
1315 4965 1370 5019 in
1409 4965 1656 5019 oratione
1692 4963 1745 5018 id
1779 4963 2037 5034 eﬂlagitet
2072 4979 2085 5016 :
2122 4962 2254 5033 quin
2288 4971 2348 5017 et

773 5077 900 5115 cum
948 5060 1042 5130 qui
1091 5075 1156 5113 ea
1204 5058 1274 5113 sit
1321 5056 1534 5121 indole,
1576 5056 1786 5127 peccati
1836 5056 1953 5126 lege
2001 5055 2346 5125 coinquinari

775 5154 951 5216 sinet,
983 5168 1045 5207 ac
1091 5150 1187 5220 qui
1232 5149 1405 5203 durus
1448 5148 1632 5202 animo
1680 5149 1752 5202 sit
1787 5148 2043 5217 justeque
2085 5147 2342 5216 rigidior,

777 5244 919 5297 malo
959 5238 1378 5310 mancipandum
1413 5237 1656 5302 deseret;
1691 5237 1784 5306 qui
1819 5251 2015 5304 nempe
2053 5234 2344 5304 perturba-

781 5340 989 5392 tionum
1035 5335 1256 5404 probra,
1290 5341 1473 5387 satore
1509 5330 1746 5394 diabolo,
1776 5338 1984 5383 natura:
2023 5327 2344 5396 praetulerit,

778 5432 935 5500 cujus
982 5429 1126 5482 Deus
1174 5425 1426 5480 conditor
1474 5431 1577 5478 est.
1620 5422 1689 5476 At
1739 5435 1917 5490 neque
1970 5418 2149 5473 carnis
2201 5419 2344 5472 ultro

779 5519 1102 5574 libidinibus
1127 5515 1384 5585 vitiisque
1411 5529 1531 5569 sese
1555 5512 1754 5567 dedere
1783 5511 2118 5582 prohibebit,
2144 5525 2246 5564 nec
2275 5509 2344 5563 ab

779 5614 896 5684 ejus
941 5607 1314 5682 dispositionis
1366 5605 1527 5660 modo
1579 5604 1844 5668 redimet,
1887 5619 1996 5673 quo
2050 5601 2166 5657 haec
2217 5610 2340 5655 actu

852 5790 897 5822 ”
921 5789 1059 5843 Psal.
1091 5804 1236 5853 mn,
1264 5787 1354 5841 '22.
1433 5787 1476 5819 ³⁷
1505 5786 1662 5840 Rom.
1688 5801 1803 5848 vm,
1832 5781 1921 5836 56.

2452 4776 2749 4847 ἐξαιρεῖται
2797 4776 3009 4848 κριτὴς,
3059 4777 3151 4829 τὸν
3202 4778 3276 4848 μὴ
3312 4779 3423 4840 τοῖς
3455 4777 3762 4845 ὀφειλέταις
3791 4781 4023 4848 ἀφιέντα

2448 4867 2519 4920 τὰ
2545 4858 2883 4938 ὀφειλήματα
2902 4881 2916 4896 ο
2965 4865 3066 4920 κᾶν
3093 4865 3251 4919 τοῦτο
3273 4867 3444 4936 ψιλῶς
3467 4868 3553 4921 διὰ
3581 4869 3674 4937 τῆς
3708 4873 4019 4940 προσευχῆς

2451 4957 2763 5027 ὲξαιτῆται·
2826 4955 2962 5010 ἀλλά
3006 4957 3098 5010 καὶ
3145 4957 3223 5028 τῷ
3263 4959 3413 5029 νόμῳ
3456 4961 3554 5030 τῆς
3582 4961 3865 5030 ἁμαρτίας
3891 4978 4022 5029 συγι

2452 5051 2621 5121 χωρεῖ
2649 5047 2969 5118 μολύνεσθαι
3001 5049 3090 5103 τὸν
3113 5048 3370 5112 τοιοῦτον,
3407 5051 3502 5104 καὶ
3526 5051 3630 5104 ὑπὸ
3656 5051 3750 5104 τοῦ
3779 5053 4022 5121 πονηροῦ

2451 5139 2799 5210 κυριεύεσθαι
2833 5141 2924 5194 τὸν
2959 5141 3194 5211 σκληρὸν
3236 5141 3330 5194 καὶ
3362 5142 3637 5210 ἀπότομον
3668 5145 3768 5213 τὴν
3797 5145 4022 5213 γνώμην

2451 5233 2951 5304 ὲγκαταλιμπάνειο
3009 5228 3097 5286 οἷα
3138 5232 3203 5303 δὴ
3254 5234 3322 5286 τά
3364 5234 3510 5305 πάθη
3557 5234 3656 5303 τῆς
3688 5237 3918 5306 άτιμὲας
3949 5230 4023 5289 ὧν

2453 5323 2690 5395 σπορεύς
2722 5325 2870 5376 ἐστιν
2901 5326 2929 5376 6
2957 5323 3196 5387 διάϐολος
3219 5364 3236 5388 ,
3295 5327 3736 5396 προτετιμηκότα
3779 5329 3883 5396 τῆς
3917 5328 4020 5397 φύς

2451 5433 2607 5479 σεως,
2643 5410 2708 5485 ἦς
2740 5416 2854 5468 ἐστι
2885 5415 3212 5485 δημιουργὸς
3242 5418 3270 5469 6
3294 5415 3446 5480 Θεός.
3484 5419 3593 5471 Και
3624 5418 3733 5489 μὴν
3760 5421 3862 5474 καὶ
3890 5421 4022 5490 πρδς

2448 5509 2515 5562 τὰ
2537 5507 2682 5577 πάθη
2713 5507 2813 5576 τῆς
2833 5509 3031 5578 σαρκός
3053 5509 3313 5572 ἑκουσίως
3340 5510 3815 5580 συνδιατιθέμενον
3834 5514 3896 5565 οὐ
3918 5530 4023 5566 xm-

2448 5599 2585 5662 λύει,
2639 5600 2728 5651 καὶ
2761 5598 2853 5654 τοῦ
2880 5599 3000 5652 κατ’
3019 5600 3300 5671 ἐνέργειαν
3329 5602 3790 5673 συμπληρωτικοῦ
3820 5604 4022 5676 τρόπον
