4218 6432
255 381 363 443 905

1200 381 1305 445 EX
1319 386 1620 448 POSITIO
1656 388 2068 448 ORATIONIS
2109 388 2523 450 DOMINIC/E.

3390 398 3500 462 906

251 491 353 559 τῆς
407 491 526 541 κατ’
561 490 701 542 αὐτὰ
740 490 1025 556 διαθέσεως
1059 494 1120 547 οὔ
1149 493 1445 564 λυτροῦται
1467 511 1478 522 '
1534 499 1615 548 ὅτι
1647 494 1833 548 παθῶν

1900 537 1906 557 .
1936 497 2344 566 compleantur;
2368 501 2512 568 quod
2532 499 2791 554 nimirum
2812 499 3322 569 perturbationibus
3339 507 3504 564 vitiis-

251 584 640 634 ἀνυποστάτων
704 584 901 652 ἥττονα
955 588 1054 657 τὴν
1109 587 1271 654 φύσιν
1321 587 1705 657 ἡγησάμενος,
1767 589 1832 656 τῇ

249 674 383 741 περὶ
438 671 609 724 ταῦτα
661 673 903 744 σπουδῇ,
965 675 1056 728 τὸν
1101 676 1303 746 ταύτης
1351 679 1508 743 λόγον
1553 676 1788 747 ἠγνόησε
1817 691 1829 704 ⁸

250 763 375 816 καθ’
400 763 457 815 ὃν
484 764 589 815 ἔδει
618 766 905 834 κινηθέντα
935 767 1135 833 γνῶναι
1169 770 1250 830 τίς
1277 769 1375 838 μὲν
1402 767 1616 836 φύσεως
1646 769 1834 838 νόμος,

246 855 335 916 τίς
380 855 435 906 δὲ
478 855 664 908 παθῶν
704 860 734 927 ἡ
777 857 895 910 καθ’
919 861 1128 929 αἵρεσιν
1153 861 1484 929 γνωμικῶς,
1517 860 1629 912 ἀλλ’
1647 861 1705 912 οὺ
1740 876 1833 928 φυ-

250 946 420 1008 σικῶς
448 948 919 1017 ἐπισυμῦαίνουσα
945 951 1182 1020 κατέστη
1205 952 1476 1021 τυραννίς·
1511 949 1713 1004 καὶτὸν
1736 951 1833 1020 μὲν

247 1039 712 1108 περιποιήσασθαι
762 1043 882 1103 ταῖς
924 1046 1179 1110 φυσικαῖς
1223 1042 1656 1114 συντηρούμενον
1685 1045 1834 1113 ἐνερ-

244 1130 428 1195 γείαις
449 1171 462 1194 ,
495 1129 590 1200 τὴν
617 1132 672 1183 δὲ
715 1134 812 1201 τῆς
859 1133 1084 1204 γνώμης
1114 1136 1386 1189 ἀπελάσαι
1420 1137 1640 1206 μακρὰν
1666 1176 1682 1200 ,
1741 1137 1832 1188 καὶ

244 1219 324 1289 τῷ
351 1222 490 1290 λόγῳ
521 1222 851 1293 διατηρῆσαι
878 1226 974 1294 τὴν
1001 1225 1163 1294 φύσιν
1187 1266 1200 1287 ,
1256 1227 1340 1293 ἐφ’
1360 1228 1554 1296 ἑαυτῆς
1589 1225 1830 1278 ἑστῶσαν

244 1313 498 1380 καθαρὰν
533 1316 625 1366 καὶ
658 1317 959 1386 ἀμώμητον
994 1317 1292 1388 [ἄμωμον],
1323 1318 1492 1389 χωρὶς
1522 1319 1712 1387 μίσους
1741 1321 1833 1371 καὶ

241 1403 612 1468 διαστάσεως·
668 1409 761 1459 καὶ
812 1411 876 1479 τῇ
924 1409 1085 1478 φύσει
1140 1411 1300 1463 πάλιν
1349 1411 1689 1480 καταστῆσαι
1734 1410 1830 1480 τὴν

243 1495 475 1564 γνώμην
503 1498 862 1569 συνέμπορον,
897 1502 1064 1571 μηδὲν
1091 1503 1368 1565 παντελῶς
1400 1502 1828 1572 ἐπιφερομένην,

239 1583 317 1642 ὦν
347 1592 375 1641 ὀ
400 1593 495 1662 τῆς
521 1591 736 1660 φύσεως
767 1595 866 1647 οὐκ
891 1595 1171 1648 ἐπιδίδωσι
1197 1596 1381 1664 λόγος·
1437 1595 1532 1648 καὶ
1555 1594 1644 1647 διὰ
1675 1594 1832 1647 τοῦτο

245 1684 406 1750 μῖσος
456 1684 601 1736 sum
627 1722 642 1747 ,
703 1688 795 1737 καὶ
839 1689 1020 1740 πᾶσαν
1051 1688 1146 1741 τοῦ
1180 1688 1319 1741 κατὰ
1348 1687 1509 1756 φύσιν
1538 1686 1831 1756 συγγενοῦς

241 1775 554 1845 ἀποστῆσαι
583 1777 890 1844 διάστασιν,
928 1781 1012 1833 ῖνα
1038 1779 1246 1852 ταύτην
1267 1782 1438 1850 λέγων
1471 1781 1568 1851 τὴν
1597 1798 1829 1851 προσευ-

243 1866 347 1936 χὴν
399 1870 772 1939 εἰσακούηται,
827 1873 920 1925 καὶ
967 1873 1159 1943 διπλῆν
1204 1873 1321 1928 ἀνθ’
1347 1873 1526 1943 ἁπλῆς
1555 1873 1704 1944 παρά
1735 1872 1830 1926 τοῦ

241 1959 382 2012 Θεοῦ
416 1960 640 2030 δέχηται
667 1963 827 2034 χάριν
851 2007 864 2028 ,
931 1966 1032 2035 τήν
1061 1983 1120 2018 τε
1147 1966 1258 2019 τῶν
1290 1965 1615 2036 φθασάντων
1647 1964 1830 2035 πλημ-

245 2048 579 2118 μελημάτων
609 2053 977 2125 συγχώρησιν,
1016 2058 1110 2110 καὶ
1137 2057 1235 2127 τὴν
1280 2057 1374 2110 ἐπὶ
1417 2057 1529 2116 τοῖς
1577 2054 1859 2125 μέλλουσι,

244 2141 457 2209 σκέπην
515 2145 609 2197 καὶ
659 2145 965 2216 λύτρωσιν’
1053 2148 1130 2209 εῖς
1180 2165 1240 2201 τε
1301 2146 1606 2217 πειρασμὸν
1659 2145 1832 2198 ἐλθεῖν

246 2230 323 2300 μὴ
377 2236 869 2306 συγχωρούμενος,
953 2241 1047 2294 καὶ
1100 2240 1179 2311 τῷ
1228 2239 1450 2309 πονηρῷ
1500 2237 1831 2308 δουλωθῆναι

245 2325 321 2393 μὴ
365 2325 686 2396 ἀφιέμενος,
721 2331 862 2402 ὑπὲρ
905 2333 1046 2397 ἐνὸς,
1097 2333 1190 2386 τοῦ
1228 2335 1341 2395 τοῖς
1387 2332 1554 2394 πέλας
1597 2331 1828 2401 ἐτοίμως

239 2414 462 2482 ἀφιέναι
494 2420 563 2472 τὰ
588 2420 952 2492 ὀφειλήματα.

237 2524 348 2564 nec
379 2513 779 2584 mancipandus
808 2518 952 2573 malo
977 2518 1296 2587 deseratur;
1329 2536 1440 2575 uno
1470 2521 1576 2576 hoc
1606 2520 1831 2575 nomine

240 2609 450 2656 mittat.

313 2695 616 2765 Τοιγαροῦν
647 2699 740 2751 καὶ
767 2700 949 2768 ἡμεῖς,
1011 2701 1099 2755 ῐνα
1130 2703 1322 2774 μικρὸν
1347 2702 1683 2768 ἀναποδίζων
1714 2707 1834 2758 ἐπι-

239 2786 425 2855 τόμως
474 2789 685 2844 ἐπέλθω
736 2791 841 2844 τῶν
882 2794 1191 2864 εἰρημένων
1236 2796 1336 2867 τὴν
1365 2795 1614 2867 δύναμιν,
1679 2795 1836 2867 εἴπερ

240 2876 340 2931 τοῦ
367 2881 608 2951 πονηροῦ
643 2883 908 2955 ρυσθῆναι
931 2923 946 2949 ,
1007 2886 1101 2938 καὶ
1133 2887 1213 2949 είς
1243 2888 1551 2959 πειρασμὸν
1573 2887 1834 2941 εἰσελθεῖν

240 2969 304 3020 οὺ
353 2968 692 3040 βουλόμεθα,
743 2974 1124 3046 πιστεύσωμεν
1166 2975 1244 3046 τῷ
1276 2975 1412 3046 Θεῷ,
1470 2977 1564 3031 καὶ
1605 2977 1833 3046 ἀφῶμεν

240 3060 313 3112 τὰ
364 3061 708 3132 ὀφειλήματα
755 3068 867 3128 τοῖς
918 3065 1224 3133 ὀφειλέταις
1271 3068 1467 3137 ἡμῶν·
1517 3067 1657 3122 Ἐὰν
1700 3069 1828 3136 γὰρ,
1857 3106 1902 3167 C

243 3154 415 3222 φησὶ.
465 3153 552 3222 μὴ
594 3155 788 3224 ἀφῆτε
838 3156 963 3223 τοῖς
984 3157 1320 3226 ἀνθρώποις
1346 3159 1418 3213 τὰ
1446 3157 1834 3228 ἁμαρτήματα

241 3244 463 3310 αὐτῶν,
519 3247 658 3300 οὔτε
709 3251 740 3301 ό
789 3249 991 3317 Πατὴρ
1030 3250 1196 3319 ὑμῶν
1242 3255 1274 3304 ό
1308 3250 1585 3319 οὐράνιος
1611 3250 1833 3319 ἀφήσει

242 3337 416 3404 ὑμῖν·
471 3338 560 3412 ῖνα
615 3338 689 3410 μὴ
739 3339 897 3409 μόνον
945 3341 1136 3408 ἄφεσιν
1180 3341 1434 3410 λάϐωμεν
1477 3335 1550 3395 ὧν
1578 3341 1832 3410 πεπλημ-

247 3429 590 3500 μελήκαμεν,
624 3429 760 3482 ἀλλά
784 3432 878 3483 καὶ
899 3430 992 3484 τὸν
1015 3433 1178 3502 νόμον
1203 3434 1516 3503 νικήσωμεν
1539 3434 1638 3501 τῆς
1662 3433 1833 3502 ἁμαρ-

241 3519 386 3582 τίας,
449 3523 528 3584 είς
569 3521 669 3592 τὴν
712 3521 878 3575 αὐτοῦ
923 3525 1119 3593 πεῖραν
1166 3524 1428 3595 εἰσελθεῖν
1474 3526 1574 3577 οὐκ
1598 3527 1831 3592 ἐγκατα-

243 3612 600 3682 λειπόμενοι·
667 3615 760 3667 καὶ
812 3615 901 3667 τὸν
975 3616 1165 3669 τούτου
1233 3619 1536 3688 γεννήτορά
1598 3617 1832 3688 πονηρὸν

245 3705 580 3774 πατήσωμεν
624 3705 768 3774 ὅφιν,
824 3705 917 3773 ἀφ’
945 3702 1006 3760 οὗ
1055 3707 1318 3777 ρυσθῆναι
1365 3706 1828 3778 παρακαλοῦμεν⁸

247 3797 681 3866 στρατηγοῦντος
737 3799 868 3867 ἡμῖν
939 3797 1034 3852 τοῦ
1109 3797 1202 3850 τὸν
1259 3798 1462 3868 κόσμον
1514 3800 1834 3870 νικήσαντος

244 3887 506 3958 Χριστοῦ,
535 3889 628 3940 καὶ
655 3891 770 3951 τοῖς
795 3890 981 3959 νόμοις
1001 3888 1112 3942 τῶν
1135 3890 1366 3943 ἐντολῶν
1391 3890 1828 3956 καθοπλίζοντος,

245 3980 345 4032 καὶ
379 3980 626 4050 νομίμως
655 3983 724 4052 τῇ
753 3981 864 4034 τῶν
891 3980 1081 4035 παθῶν
1115 3981 1407 4044 ἀποθέσει,
1465 3982 1600 4052 πρὸς
1633 3983 1831 4054 ἑαυτὴν

243 4073 312 4125 δι’
338 4073 562 4142 ἀγάπης
612 4073 712 4143 τὴν
755 4072 918 4142 φύσιν
950 4073 1257 4138 συνδέοντος
1279 4090 1294 4104 ·
1356 4074 1450 4127 καὶ
1482 4073 1616 4143 πρὸς
1644 4072 1832 4126 ἐαυτὸν

244 4167 410 4237 ἄρτον
434 4167 561 4219 ὄντα
593 4164 762 4234 ζωῆς,
786 4166 978 4234 σοφίας
1003 4183 1062 4218 τε
1089 4165 1190 4218 καὶ
1209 4165 1464 4233 γνώσεως
1502 4167 1594 4218 καὶ
1623 4165 1830 4218 δικαιο-

249 4259 437 4328 σύνης,
485 4257 761 4320 κινοῦντος
809 4259 964 4328 ἡμῶν
1013 4257 1329 4327 ἀκορέστως
1358 4257 1459 4327 τὴν
1487 4257 1700 4327 ὄρεξιν·
1738 4256 1834 4309 καὶ

245 4352 313 4420 τῇ
348 4349 628 4418 πληρώσει
657 4348 752 4401 ¹τοῦ
783 4348 1060 4420 Πατρικοῦ
1092 4348 1398 4419 θελήματος
1431 4350 1545 4412 τοῖς
1579 4349 1832 4417 ἀγγέλοις

1939 604 2064 653 quc,
2093 605 2213 658 qua:
2241 605 2343 645 nec
2372 589 2482 644 sint
2505 590 2746 659 quidem,
2775 607 2840 647 ac
2868 593 3003 647 nihil
3036 595 3166 659 sint,
3192 597 3504 664 posthabita

1937 688 2154 744 natura,
2185 689 2302 748 quo‘
2329 695 2386 734 se
2421 679 2531 732 illis
2565 679 2747 732 studio
2781 681 3008 746 addixit,
3042 683 3206 753 hujus
3234 686 3503 742 rationem

1938 768 2242 842 ignoravit;
2297 789 2403 842 qua
2452 783 2661 826 motum
2712 782 2877 841 atque
2929 775 3284 842 instinctum,
3329 779 3504 850 legem

1936 872 2165 927 naturm,
2193 881 2440 934 quaenam
2473 865 2562 929 sit,
2597 879 2757 918 nosse
2788 879 2914 918 eum
2949 869 3218 934 oportuit;
3255 885 3504 938 quaenam

1939 955 2069 1007 item
2107 956 2583 1024 perturbationum
2617 956 2990 1024 vitiorumque
3022 956 3105 1010 vis
3140 973 3202 1011 ac
3236 961 3501 1029 tyrannis,

1935 1062 2057 1114 quae
2084 1063 2193 1100 non
2221 1058 2438 1110 natura,
2468 1047 2562 1101 sed
2591 1048 2871 1102 voluntate
2903 1063 2967 1102 ac
2996 1048 3228 1102 arbitrio
3256 1050 3307 1104 ei
3335 1051 3505 1108 inole-

1934 1139 2012 1191 vit
2052 1157 2063 1191 :
2106 1154 2172 1192 ac
2211 1139 2358 1192 illam
2399 1139 2618 1206 quidem
2661 1138 2878 1208 (nempe
2918 1149 3127 1195 natura:
3161 1142 3358 1211 legem)
3399 1145 3505 1198 sibi

1933 1230 2225 1293 asciscere,
2257 1244 2421 1298 quam
2454 1229 2732 1283 naturales
2764 1231 3111 1298 operationes
3143 1244 3501 1301 conservant;

1935 1322 2076 1375 hanc
2099 1335 2226 1374 vero
2252 1320 2381 1390 (vim
2406 1320 2614 1374 scilicet
2636 1335 2700 1373 ac
2725 1319 3088 1390 tyrannidem)
3112 1324 3301 1390 procul
3323 1325 3504 1379 animo

1934 1414 2208 1482 ablegare,
2238 1424 2401 1482 atque
2426 1412 2637 1467 ratione
2669 1412 2956 1467 continere
2989 1424 3266 1475 naturam,
3295 1431 3417 1484 qua:
3451 1417 3504 1470 in

1937 1521 1993 1560 se
2019 1507 2221 1560 munda
2245 1522 2308 1560 ac
2330 1505 2495 1577 364
2517 1506 2654 1561 labis
2681 1521 2838 1574 pura,
2864 1506 2982 1560 sine
3005 1506 3134 1560 odio
3157 1507 3507 1577 divortioque

1935 1598 2228 1662 consistat;
2267 1612 2568 1666 rursusque
2600 1607 2812 1653 natura:
2833 1597 3169 1653 voluntatem
3204 1615 3311 1653 una
3337 1601 3507 1655 comi-

1935 1697 2043 1742 tem
2076 1688 2309 1751 sociare,
2335 1701 2456 1755 quae
2489 1686 2626 1740 nihil
2657 1701 2882 1755 prorsus
2916 1688 3131 1752 inferat,
3164 1704 3328 1757 quam
3357 1690 3506 1760 quod

1933 1787 2144 1834 natura:
2184 1777 2322 1831 ratio
2364 1777 2587 1842 tribuit;
2630 1792 2694 1831 ac
2732 1777 2962 1846 proinde
2999 1794 3160 1832 omne
3202 1778 3410 1842 odium,
3442 1795 3506 1836 ac

1934 1868 2203 1938 quidquid
2236 1867 2450 1922 dissidii
2489 1875 2592 1932 est,
2623 1868 2692 1922 ab
2732 1868 2800 1922 iis
2835 1884 2974 1937 quos
3014 1868 3261 1939 ejusdem
3297 1877 3509 1926 natura:

1930 1960 2283 2017 necessitudo
2311 1960 2611 2024 consociat,
2637 1960 2986 2024 submovere,
3015 1971 3075 2015 ut
3097 1960 3238 2015 hanc
3269 1961 3509 2017 recitans

1931 2054 2237 2110 orationem
2267 2051 2613 2115 exaudiatur,
2642 2051 3026 2121 duplicemque
3052 2067 3082 2106 a
3111 2053 3221 2106 Deo
3250 2068 3350 2121 pro
3379 2054 3508 2107 sim-

1933 2146 2061 2215 plici
2096 2144 2323 2215 gratiam
2357 2151 2756 2212 consequatur;
2794 2151 2907 2196 tum
2947 2143 3159 2197 scilicet
3192 2152 3254 2197 ut
3283 2153 3508 2212 prteter-

1935 2241 2134 2293 itorum
2163 2237 2320 2291 venia
2350 2235 2673 2289 delictorum
2707 2235 2962 2297 donetur,
2998 2244 3111 2288 tum
3149 2243 3210 2288 ut
3243 2235 3510 2290 adversus

1932 2331 2118 2384 futura
2169 2327 2263 2382 Dei
2316 2325 2571 2397 praesidio
2621 2333 2772 2378 tutus
2821 2325 2896 2378 sit
2947 2325 3124 2394 iisque
3174 2325 3444 2380 liberetur
3491 2343 3504 2379 :

1933 2429 2098 2489 atque
2142 2429 2202 2472 ut
2247 2433 2357 2472 non
2401 2416 2750 2486 permittatur
2787 2417 2976 2471 venire
3023 2417 3078 2470 in
3123 2417 3506 2482 tentationem,

1868 2533 1932 2572 ac
1962 2515 2142 2578 titulo,
2208 2512 2354 2582 quod
2421 2520 2676 2581 prompto
2707 2512 2889 2566 animo
2919 2511 3181 2581 proximis
3210 2512 3394 2568 debita
3423 2527 3509 2566 re-

2005 2702 2149 2772 Ergo
2179 2714 2279 2753 nos
2308 2714 2551 2768 quoque,
2577 2706 2658 2763 ut,
2690 2701 2960 2768 tantisper
2982 2698 3208 2754 reducta
3237 2701 3507 2765 oratione,

1933 2793 2207 2847 dictorum
2254 2791 2364 2844 vim
2425 2790 2750 2860 compendio
2801 2805 3105 2860 exponam,
3156 2790 3428 2859 siquidem
3478 2806 3510 2846 a

1932 2887 2077 2940 malo
2124 2884 2349 2938 liberari
2390 2883 2674 2945 volumus,
2716 2882 2829 2936 Deo
2873 2895 3082 2935 morem
3123 2896 3402 2952 geramus,
3445 2898 3511 2939 ac

1932 2976 2284 3032 debitoribus
2309 2975 2513 3029 nostris
2537 2973 2722 3028 debita
2752 2973 3093 3027 dimittamus
3117 2990 3129 3026 :
3162 2971 3220 3026 Si
3242 2975 3380 3026 enim
3406 2990 3511 3027 non

1932 3070 2262 3132 dimiseritis,
2309 3065 2520 3134 inquit,
2562 3065 2855 3118 hominibus
2902 3071 3112 3135 peccata
3163 3080 3374 3131 eorum,
3408 3082 3512 3122 nec

1934 3159 2096 3213 Pater
2120 3167 2288 3212 vester
2315 3156 2533 3210 celestis
2567 3156 2791 3210 dimittet
2827 3157 2965 3208 vobis
2986 3157 3059 3221 '3;
3099 3165 3160 3210 ut
3190 3172 3301 3210 non
3334 3157 3512 3212 solum

1935 3251 2262 3305 delictorum
2288 3250 2504 3303 veniam
2531 3263 2954 3316 consequamur.
2979 3263 3168 3302 verum
3193 3250 3358 3303 etiam
3388 3265 3514 3319 pec-

1936 3342 2043 3397 cati
2076 3343 2250 3412 legem
2283 3342 2588 3405 vincamus,
2621 3355 2760 3408 quos
2789 3341 2934 3394 Deus
2967 3354 3078 3394 non
3111 3340 3330 3394 deserat
3361 3352 3422 3394 ut
3457 3342 3514 3394 in

1935 3434 2081 3488 illius
2123 3434 2478 3487 tentationem
2514 3434 2814 3497 intremus;
2855 3434 3084 3501 ejusque
3113 3433 3514 3502 nequissimum

1933 3533 2220 3595 parentem
2255 3527 2587 3595 (serpentem
2624 3523 2834 3578 scilicet
2854 3523 2918 3586 ³⁸,
2949 3538 2977 3575 a
3008 3537 3118 3592 quo
3151 3536 3254 3577 nos
3287 3523 3514 3577 liberari

1935 3616 2211 3686 rogamus)
2233 3624 2609 3684 proteramus;
2632 3613 2871 3676 Christo,
2891 3615 2985 3682 qui
3006 3613 3271 3668 mundum
3291 3614 3426 3669 vicit
3443 3615 3513 3680 ⁸ο,

1934 3708 2096 3762 nobis
2148 3707 2287 3761 duce
2338 3722 2405 3761 ac
2455 3707 2820 3775 imperatore,
2863 3721 3078 3760 necnon
3130 3705 3512 3761 mandatorum

1935 3799 2090 3854 scitis
2124 3799 2280 3868 quasi
2316 3798 2485 3853 armis
2517 3797 2858 3861 instruente;
2897 3797 3248 3866 legitimeque
3284 3796 3514 3867 abjectis

1933 3888 2448 3959 perturbationibus
2492 3897 2656 3957 atque
2699 3887 2878 3950 vitiis,
2920 3886 3234 3942 dilectionis
3278 3888 3513 3942 vinculis

1933 3989 2187 4035 naturam
2237 3980 2344 4034 sibi
2387 3979 2746 4048 astringente,
2783 3989 2946 4048 atque
2992 3978 3060 4033 ad
3107 3993 3185 4044 sc,
3219 3978 3312 4048 qui
3358 3980 3515 4048 panis

1933 4071 2080 4134 vitae,
2106 4071 2498 4140 sapientiaeque
2529 4077 2585 4123 et
2616 4069 2860 4124 scientiae
2889 4084 2952 4122 ac
2983 4069 3210 4138 justitize
3243 4070 3335 4133 sit,
3366 4069 3512 4123 insa-

1935 4162 2114 4216 tiabili
2147 4162 2427 4217 desiderio
2457 4161 2757 4231 appetitum
2792 4169 3044 4216 nostrum
3079 4162 3378 4227 illiciente;
3416 4177 3512 4224 ac,

1937 4254 2031 4322 qui
2068 4253 2246 4307 Patris
2276 4253 2614 4306 voluntatem
2650 4252 3082 4322 adimpleamus,
3115 4266 3277 4320 pares
3309 4252 3516 4321 angelis

1938 4344 2180 4398 cultores
2209 4359 2274 4397 ac
2305 4343 2627 4397 adoratores
2658 4342 2947 4406 reddente,
2979 4341 3247 4398 institutis
3270 4344 3395 4397 vitae
3426 4357 3515 4397 ra-

250 4442 561 4512 ὸμολάτρας
616 4442 768 4511 ἡμᾶς
823 4440 1230 4506 καθιστῶντος,
1277 4443 1345 4511 τῇ
1389 4440 1529 4494 κατὰ
1579 4441 1668 4494 τὸν
1718 4441 1831 4512 βίον

1900 4473 1909 4513 ,
1938 4435 2181 4489 tionibus
2203 4449 2529 4504 morumque
2553 4434 2865 4503 disciplina,
2889 4450 2996 4504 qua
3026 4433 3104 4488 illi
3128 4434 3338 4503 accepti
3365 4444 3513 4498 sunt,

246 4535 440 4604 ἀγωγῇ
489 4535 587 4604 τὴν
633 4533 952 4603 ἐπουράνιον
995 4534 1313 4604 εὐμιμήτως
1348 4532 1711 4602 ἐμφαίνοντας
1735 4533 1827 4586 εὐ-

245 4626 543 4696 αρέστησιν
565 4643 578 4656 ο
637 4626 894 4680 κάκεῖθεν
941 4625 1104 4678 πάλιν
1146 4626 1238 4677 ἐπὶ
1265 4623 1362 4694 τὴν
1387 4624 1696 4695 ἀκροτάτην
1721 4625 1831 4679 τῶν

246 4719 408 4773 θείων
440 4719 703 4772 ἀνάϐασιν
734 4719 870 4789 πρὸς
897 4718 989 4772 τὸν
1017 4719 1237 4789 Πατέρα
1264 4718 1373 4772 τῶν
1399 4716 1592 4785 φώτων
1619 4718 1832 4785 ἐνάγον-

244 4828 378 4875 τος,
446 4811 540 4863 καὶ
590 4810 742 4874 θείας
789 4809 1236 4881 ἀπεργαζομένου
1277 4808 1491 4878 φύσεως
1522 4810 1829 4874 κοινωνοὺς,

244 4910 313 4978 τῇ
371 4907 513 4959 κατὰ
565 4907 725 4977 χάριν
787 4907 999 4977 μεθέξει
1057 4905 1149 4958 τοῦ
1195 4903 1547 4975 Πνεύματος,
1609 4901 1730 4956 καθ’
1765 4901 1830 4973 ἢν

244 5000 415 5052 τέκνα
458 4997 592 5050 Θεοῦ
645 4997 1096 5069 χρηματίσωμεν,
1154 4995 1316 5049 αὐτὸν
1359 4994 1449 5046 τὸν
1494 4993 1704 5066 [marg.
1731 4989 1825 5045 Fr.

249 5092 477 5154 ’Λκουε,
506 5089 690 5162 Νεῖλε]
742 5090 945 5158 ταύτης
993 5088 1292 5158 αὐτουργὸν
1336 5088 1434 5157 τῆς
1463 5087 1702 5157 χάριτος,
1737 5084 1832 5138 καὶ

246 5183 390 5236 κατά
419 5183 580 5252 φύσιν
608 5183 702 5236 τοῦ
728 5183 939 5249 Πατρος
962 5181 1110 5243 Υίὸν,
1134 5180 1252 5232 ὅλον
1280 5179 1388 5232 ὃλοι
1417 5179 1539 5248 δίχα
1566 5194 1830 5247 περιγρα-

249 5272 358 5340 φῆς
391 5272 675 5342 ἀχράντως
703 5270 1153 5341 περικομίζοντες
1173 5287 1185 5299 ·
1223 5270 1282 5333 ἐξ
1312 5263 1392 5334 οῦ,
1427 5269 1521 5321 καὶ
1550 5264 1713 5329 διὀὗ,
1741 5269 1833 5321 καὶ

246 5364 306 5416 ἐν
351 5356 398 5430 ᾧ
441 5364 501 5415 τὸ
538 5359 674 5417 εἶναί
702 5381 762 5416 τε
796 5363 889 5416 καὶ
919 5362 1181 5415 κινεῖσθαι
1205 5403 1218 5426 ,
1287 5362 1381 5414 καὶ
1423 5359 1522 5432 ζῇν
1552 5360 1746 5431 ἔχομέν
1774 5377 1833 5412 τε

247 5454 346 5509 καὶ
379 5454 592 5525 ἕξομεν.

323 5547 469 5615 Πρὸς
515 5546 672 5599 τοῦτο
704 5547 760 5600 δέ
803 5547 900 5616 τῆς
932 5543 1181 5606 θεώσεως
1212 5544 1271 5596 τὸ
1302 5545 1598 5614 μυστήριον
1625 5543 1836 5612 βλέπων

247 5639 384 5707 ἡμῖν
434 5636 575 5690 ἔστω
617 5639 714 5707 τῆς
760 5637 1069 5707 προσευχῆς
1117 5637 1144 5687 ὁ
1189 5635 1420 5699 σκοπὸς,
1482 5636 1567 5689 ἵνα
1597 5635 1835 5705 γνῶμεν,

320 5780 367 5811 ³⁸
401 5777 591 5832 Matth.
620 5792 691 5839 v1,
734 5777 812 5829 14.
929 5777 972 5808 ³⁸
1001 5775 1138 5830 Gen.
1172 5791 1247 5839 ιιι,
1288 5776 1336 5828 l.

613 5865 885 5924 PATBOL.
932 5864 1044 5924 Gn.
1099 5866 1195 5923 XC

1449 5775 1493 5806 ‘°
1519 5775 1677 5830 Joan.
1711 5790 1818 5840 xw,
1855 5774 1923 5828 55
2021 5775 2064 5807 δι
2101 5775 2215 5831 Jac.
2254 5791 2289 5840 ι,
2319 5776 2404 5830 17.

1937 4527 2215 4581 caelestem
2243 4526 2370 4580 vitae
2401 4527 2668 4580 rationem
2705 4527 2965 4595 praeclare
2997 4527 3318 4581 :emulantes
3351 4537 3515 4596 atque

1938 4619 2243 4673 imitatione
2270 4617 2590 4683 reddentes;
2623 4618 2863 4687 indeque
2890 4633 3081 4672 rursus
3102 4618 3169 4671 ad
3197 4633 3514 4687 supremum

1939 4709 2252 4763 divinorum
2285 4724 2574 4764 ascensum
2606 4710 2857 4778 (Patrem
2892 4709 3105 4763 scilicet
3135 4709 3513 4777 luminum“)

1939 4798 2257 4864 inducente,
2289 4816 2354 4854 ac
2392 4798 2589 4854 divinae
2629 4807 2913 4853 consortes
2955 4807 3164 4853 natur-aa
3183 4797 3248 4862 ⁸³,
3282 4797 3514 4868 Spiritus

1939 4893 2128 4963 gratia:
2170 4892 2570 4961 impartitione,
2612 4891 2910 4955 reddente;
2962 4906 3071 4960 qua
3119 4890 3377 4944 nimirum
3420 4891 3514 4944 Dei

1939 4985 2038 5038 ﬁlii
2074 4999 2293 5048 sumus,
2324 4984 2500 5054 ipsum
2545 4986 2664 5055 cjus
2703 4984 2833 5038 doni
2881 4993 3196 5046 auctorem,
3228 4983 3514 5050 Patrisque

1940 5083 2131 5131 natura
2162 5076 2358 5130 Filium
2395 5085 2568 5130 totum
2606 5077 2704 5130 toti
2736 5077 2872 5129 citra
2908 5090 3128 5129 omnem
3167 5075 3516 5129 circumscri-

1939 5171 2184 5240 ptionem
2217 5169 2542 5223 intemerate
2567 5167 3052 5230 circumferentes;
3086 5184 3150 5221 ex
3177 5182 3308 5235 quo,
3335 5176 3390 5218 et
3419 5181 3514 5234 per

1942 5277 2125 5330 quem,
2148 5270 2204 5314 et
2235 5262 2289 5314 in
2313 5276 2446 5330 quo,
2472 5268 2530 5314 ut
2557 5261 2728 5313 simus
2754 5267 2809 5313 et
2832 5273 3150 5312 moveamur
3181 5265 3343 5327 atque
3367 5256 3515 5309 viva-

1943 5368 2064 5407 mus
2084 5353 2128 5384 ⁶³
2155 5361 2210 5407 ct
2238 5353 2505 5407 habemus
2534 5360 2589 5406 et
2612 5351 2856 5405 habituri
2888 5365 3097 5404 sumus.

2015 5543 2094 5598 Ad
2127 5544 2232 5598 hoc
2259 5552 2443 5597 autem
2473 5542 2633 5595 nobis
2658 5540 3018 5596 deiﬁcationis
3046 5538 3363 5608 mysterium
3397 5551 3516 5603 5pc-

1948 5643 2059 5690 ctet
2085 5635 2355 5689 orationis
2373 5649 2590 5702 scepus,
2617 5643 2679 5688 ut
2707 5633 3027 5688 noverimus
3053 5630 3213 5702 365
3237 5629 3422 5699 quales
3447 5642 3515 5681 ex

2504 5776 2547 5808 δ’
2579 5774 2624 5830 ll
2654 5775 2800 5829 Petr.
2829 5789 2868 5836 ι,
2896 5773 2948 5827 4.
3026 5771 3072 5803 ⁸³
3094 5771 3217 5824 Act.
3251 5785 3378 5835 xvu,
3418 5768 3512 5822 28.

3097 5861 3173 5924 29
