4218 6432
738 397 842 457 907

1903 392 1963 454 S.
2003 391 2291 453 ΜΑΧῙΜῙ
2330 389 2842 452 CONFESSORIS

3902 393 4025 460 908

733 500 942 571 quibus
969 498 1247 570 Unlgenlti
1282 513 1383 553 nos
1413 512 1514 568 per
1544 512 1770 554 carnem
1798 498 2105 554 exinanitio
2133 497 2315 554 reddi-

2424 497 2540 551 ἀνθ’
2564 498 2728 560 οἴων,
2762 498 2930 560 οἴους
2981 498 3132 568 ἡμᾶς
3180 500 3214 571 ἡ
3256 498 3346 554 διά
3393 500 3593 572 σαρκὸς
3633 500 3865 566 κένωσις
3909 502 4021 555 τοῦ

733 592 911 654 derit.
941 607 1005 647 ac
1028 590 1195 655 unde,
1218 606 1330 661 quo
1361 589 1479 661 (qui
1508 588 1750 645 inﬁmam
1780 605 1968 644 rerum
1995 590 2160 661 hujus
2190 590 2314 644 uni—

737 684 882 739 versi
916 682 1134 748 sedem,
1162 682 1314 753 gravi
1346 698 1449 737 nos
1486 682 1695 753 peccati
1735 696 1904 737 onere
1935 681 2313 751 deprimente,

734 773 1144 846 receperamus)
1191 774 1602 844 benignissima:
1648 787 1751 828 nos
1792 773 2031 828 dexterae
2071 772 2316 841 polentia

733 867 1013 930 evexerit,
1050 866 1462 936 impensiusque
1503 879 1631 918 eum
1675 864 2001 935 diligamus,
2038 863 2132 935 qui
2175 864 2316 918 hanc

733 958 898 1014 nobis
951 957 1185 1013 salutem
1239 956 1476 1027 sapienti
1530 956 1670 1011 adeo
1721 957 1954 1011 consilio
2012 956 2311 1023 struxerit;

732 1050 1050 1121 nostrisque
1081 1049 1219 1105 adeo
1248 1048 1351 1119 ipsi
1386 1048 1718 1114 actionibus,
1750 1050 1972 1119 plenum
2007 1048 2314 1103 orationem

732 1144 993 1200 effectum
1023 1143 1398 1205 consecutam,
1426 1149 1820 1205 monstremus,
1848 1152 2015 1211 atque
2043 1157 2193 1207 eum,
2218 1141 2314 1210 qui

732 1250 863 1290 vere
900 1249 1002 1305 per
1034 1232 1265 1304 gratiam
1295 1230 1461 1287 Pater
1492 1238 1608 1298 est,
1641 1232 1812 1287 Deum
1843 1247 1948 1288 nos
1979 1232 2311 1301 praedicare,

721 1326 944 1397 liquido
982 1323 1368 1389 ostendamus;
1410 1339 1522 1378 non
1562 1338 1696 1378 vero
1729 1338 1880 1387 eum,
1911 1325 2007 1393 qui
2048 1340 2148 1394 per
2180 1339 2313 1394 pro-o

733 1419 1088 1475 brosissimos
1133 1416 1366 1473 allectus
1404 1417 1680 1486 vitiaque,
1726 1426 1981 1472 naturam
2025 1416 2312 1489 tyrannice

733 1521 967 1569 conatur
990 1510 1300 1581 opprimere
1326 1522 1389 1563 ac
1411 1508 1515 1563 sibi
1542 1508 1799 1563 addicere
1827 1508 2053 1580 (malum
2079 1509 2310 1583 scilicet)

735 1605 864 1659 vitae
896 1618 1000 1659 nos
1029 1609 1312 1673 parentem
1341 1599 1548 1655 habere
1578 1598 1867 1654 manifeste
1899 1600 2220 1670 prodamur,
2248 1616 2326 1657 ac

738 1693 1139 1764 imprudentes,
1170 1693 1336 1747 vitam
1366 1699 1547 1746 morte
1571 1697 2007 1757 commutemus;
2040 1689 2311 1760 siquidem

737 1786 811 1841 ita
847 1794 1245 1859 comparatum,
1278 1791 1340 1837 ut
1374 1791 1607 1852 uterque
1642 1781 1874 1836 clientes
1905 1795 2037 1836 suos
2069 1780 2158 1836 his
2188 1796 2311 1850 qua:

2417 584 2695 651 Μονογενο
2732 602 2760 649 ς
2799 589 3201 658 ἀπειργάσατο’
3240 589 3335 643 καὶ
3360 578 3559 654 πόθεν,
3612 590 3750 656 ποῦ,
3784 593 3916 657 τοὺς
3943 594 4020 647 τδ

2418 675 2729 730 κατώτατον
2770 678 2864 731 τοῦ
2905 679 3106 743 παντὸς
3137 679 3429 751 εἰληφότας
3469 684 3701 754 χωρίον,
3759 686 3839 749 εἰς
3864 683 4022 759 ὅπερ

2416 770 2565 840 ἡμᾶς
2595 770 2658 822 τὸ
2685 772 2784 843 τῆς
2813 772 3089 842 ἁμαρτίας
3119 774 3284 845 βάρος
3314 777 3591 840 κατέωσε,
3623 776 3854 849 δυνάμει
3882 778 4019 849 φιλ-

2415 858 2709 931 ανθρώπου
2742 865 2926 934 χειρὸς
2953 865 3265 918 ἀνεϐίϐασε·
3305 869 3402 920 καὶ
3434 867 3601 922 πλέον
3624 869 4017 941 ἀγαπήσωμεν

2413 951 2506 1005 τὸν
2535 953 2739 1024 ταύτην
2765 952 2907 1007 οὕτω
2934 956 3113 1024 σοφῶς
3134 957 3270 1026 ἡμῖν
3294 957 3395 1028 τὴν
3417 958 3696 1030 σωτηρίαν
3717 962 4017 1031 ἑτοιμασά·

2418 1062 2579 1115 μενον
2601 1062 2614 1077 ο
2674 1046 2768 1101 καὶ
2809 1045 2878 1099 δι’
2896 1039 2974 1101 ὧν
3004 1048 3317 1119 πράττομεν
3342 1090 3356 1112 ,
3412 1048 3678 1121 δείξωμεν
3705 1052 3807 1123 τὴν
3835 1070 4016 1123 προσ-

2415 1136 2583 1207 ευχὴν
2636 1137 3059 1209 πληρουμένην,
3117 1138 3212 1192 καὶ
3254 1137 3346 1191 τὸν
3393 1139 3611 1211 ἀληθῶς
3660 1142 3804 1196 κατὰ
3846 1142 4015 1214 χάριν

2414 1227 2637 1299 Πατέρα
2680 1229 2816 1282 Θεὸν
2860 1229 3122 1299 φανῶμεν
3166 1231 3563 1301 κηρύττοντες·
3617 1233 3756 1288 ἀλλά
3805 1235 3883 1304 μὴ
3918 1234 4015 1288 διά

2412 1318 2522 1372 τῶν
2551 1320 2743 1375 παθῶν
2772 1322 2873 1393 τῆς
2897 1321 3153 1393 ἀτιμίας,
3205 1324 3298 1376 τὸν
3325 1325 3412 1378 ἀεὶ
3437 1327 3778 1396 τυραννικῶς
3805 1326 4013 1380 δεσπό-

2414 1410 2528 1473 ζειν
2593 1412 2978 1483 ἐπιχειροῦντα
3042 1415 3142 1485 τῆς
3191 1415 3409 1484 φύσεως
3453 1419 3728 1489 πονηρὸν,
3787 1418 4011 1489 ἔχοντες

2410 1502 2505 1555 τοῦ
2538 1501 2655 1572 βίου
2683 1502 2896 1575 πατέρα
2929 1505 3117 1573 σαφῶς
3146 1507 3576 1578 ἀποδειχθῶμεν,
3626 1510 3721 1564 καὶ
3749 1511 4011 1583 λάθωμεν

2414 1594 2560 1663 ζωῆς
2605 1594 3186 1662 ἀντικαταλλάττοντες
3231 1598 3495 1654 θάνατον’
3545 1602 3850 1675 ἐπειδήπερ
3896 1606 4010 1659 τῶν

2412 1685 2727 1750 προσόντων
2778 1686 3041 1757 ἑκάτερος
3097 1686 3310 1759 [marg.
3344 1690 3374 1744 6
3402 1690 3535 1753 Θεδς
3567 1691 3850 1763 δηλονότι,
3909 1697 4008 1749 καὶ

2411 1776 2440 1828 ό
2458 1775 2728 1849 διάϐολος]
2749 1781 2862 1842 τοῖς
2886 1780 3267 1852 προσχωροῦσι
3291 1782 3565 1837 ποιεῖσθαι
3594 1784 3887 1853 μετάδοσιν
3908 1787 4008 1841 πὶ·

735 1884 1036 1948 suppetunt
1061 1858 1438 1946 impartiatur;
1469 1874 1552 1930 sic
1578 1872 1841 1927 nimirum
1873 1880 1934 1927 ut
1965 1872 2057 1928 ille
2084 1869 2310 1942 quidem

2412 1881 2603 1935 φυκεν·
2638 1870 2666 1921 ό
2694 1869 2811 1939 μὲν,
2866 1869 3036 1948 όπδιον
3059 1870 3203 1941 ζωὴν
3231 1873 3346 1935 τοῖς
3370 1872 3660 1939 ἀγαπῶσιν
3685 1876 3852 1929 αὐτὸν
3878 1894 4006 1946 χορ-

732 1971 906 2024 vitam
938 1979 1224 2031 aeternam,
1258 1966 1366 2031 his,
1402 1965 1496 2035 qui
1534 1965 1712 2035 ipsum
1746 1963 2005 2033 diligunt,
2033 1961 2308 2018 submini-

732 2066 895 2124 stret;
924 2056 1014 2111 hic
1038 2071 1191 2120 vero,
1210 2054 1318 2119 his,
1340 2053 1434 2124 qui
1460 2052 1527 2108 ad
1554 2052 1733 2124 ipsum
1762 2052 2052 2116 accedunt,
2075 2059 2310 2108 mortem

731 2150 1014 2220 importet,
1039 2162 1228 2203 earum
1257 2145 1607 2217 suggestione
1634 2145 2026 2212 tentationum,
2048 2160 2172 2217 quae
2197 2159 2308 2202 non

730 2239 1093 2297 illubentibus
1122 2237 1286 2293 nobis
1319 2237 1665 2309 ingeruntur.

799 2328 1012 2400 Duplex
1059 2327 1206 2383 enim
1243 2336 1329 2382 est
1377 2325 1664 2397 (quantum
1715 2340 1781 2380 cx
1820 2324 2106 2395 Scriptura
2139 2325 2312 2382 disci-

731 2419 877 2492 mus)
933 2417 1252 2474 tentationis
1304 2431 1520 2487 genus:
1583 2429 1818 2486 quorum
1871 2418 2134 2481 alterum,
2180 2418 2309 2473 libi-

730 2511 918 2565 dinem
957 2507 1165 2572 habet;
1225 2507 1484 2571 alterum,
1537 2505 1785 2561 dolorem
1842 2522 1907 2561 ac
1960 2508 2307 2573 cruciatum;

728 2612 893 2672 atque
925 2600 1181 2662 alterum,
1229 2614 1261 2653 a
1307 2598 1479 2652 libera
1525 2598 1809 2653 voluntate
1860 2609 1987 2664 est;
2036 2600 2304 2665 alterum,

730 2692 920 2751 invitis
967 2690 1225 2747 infertur.
1266 2688 1343 2745 Ac
1390 2689 1524 2744 illud
1570 2689 1816 2760 quidem,
1847 2689 2057 2760 peccati
2104 2704 2307 2759 parens

727 2794 833 2849 est,
879 2783 934 2837 in
1006 2780 1156 2851 quod
1193 2795 1353 2836 orare
1396 2779 1557 2835 nobis
1605 2790 1938 2851 praeceptum
1998 2789 2106 2844 est,
2148 2781 2306 2851 juxta

727 2874 947 2931 Domini
994 2873 1326 2936 doctrinam,
1372 2886 1443 2927 ne
1474 2871 1763 2938 intremus,
1807 2886 1929 2927 cum
1964 2874 2045 2927 ait
2079 2890 2094 2927 :
2145 2872 2212 2929 Et
2242 2890 2307 2928 ne

727 2985 822 3023 nos
862 2966 1062 3037 inferas
1117 2966 1172 3019 in
1221 2964 1581 3019 tentationem.
1634 2965 1703 3019 Et
1746 2983 1758 3019 :
1794 2965 2036 3036 Vigilate,
2089 2975 2149 3020 ut
2202 2983 2307 3022 non

723 3058 933 3113 intretis
958 3057 1016 3111 in
1061 3057 1406 3111 tentationem
1430 3055 1505 3121 “;
1542 3055 1689 3110 istud
1719 3072 1874 3122 vero,
1913 3058 2123 3129 peccati
2158 3058 2306 3114 ultor

2408 1957 2582 2028 ηγῶνο
2613 1961 2642 2012 ὁ
2666 1959 2743 2023 δὲ,
2775 1958 3005 2014 θάνατον
3028 1964 3094 2033 τῇ
3116 1962 3226 2016 τῶν
3250 1963 3517 2019 ἑκουσίων
3539 1966 3780 2038 ὑποϐολῇ
3808 1984 4004 2040 πειρα-

2413 2048 2569 2119 σμῶν
2593 2051 2707 2114 τοῖς
2735 2049 3046 2118 ἐγγίζουσιν
3066 2053 3331 2123 ἐμποιῶν.

2479 2319 2665 2384 Διττδς
2719 2321 2830 2394 γὰρ
2907 2321 3050 2376 κατά
3095 2321 3195 2393 τήν
3238 2323 3461 2397 Γραφὴν
3516 2326 3627 2381 τῶν
3671 2329 4003 2401 πειρασμῶν

2406 2411 2436 2467 ό
2457 2413 2677 2483 τρόποςο
2713 2417 2741 2468 ὁ
2768 2414 2889 2485 μὲν,
2924 2416 3193 2486 ἡδονικὸς,
3220 2419 3249 2472 6
3273 2417 3351 2482 δὲ,
3381 2418 3659 2489 ὀδυνηρό,·
3693 2422 3790 2476 καὶ
3815 2424 3847 2476 ό
3875 2424 3997 2493 μὲν,

2410 2504 2831 2573 προαιρετικὸς,
2866 2507 2896 2559 ό
2942 2505 3030 2570 δὲ,
3079 2507 3464 2580 ἀπροαίρετος.
3520 2511 3632 2564 Καὶ
3671 2514 3702 2565 6
3745 2515 3853 2583 μὲν
3897 2517 4001 2585 τῆς

2408 2594 2685 2664 ἁμαρτίας
2729 2598 3029 2668 γεννήτωρ,
3056 2597 3136 2660 είς
3178 2597 3238 2652 δν
3279 2599 3561 2668 εἰσελθεῖν,
3606 2603 3751 2658 κατὰ
3774 2605 4001 2676 τὴντοῦ

2405 2685 2613 2758 Κυρίου
2642 2685 2887 2758 διδαχὴν,
2913 2687 3250 2759 ἀπεύχεσθαι
3278 2691 3734 2765 προσετάγημεν,
3756 2698 4002 2765 φάσκον·

2403 2793 2519 2840 τοςο
2551 2777 2657 2832 Kal
2683 2778 2771 2847 μὴ
2794 2780 3147 2851 εἰσενέγκῃς
3172 2780 3331 2852 ’ἡμᾶς
3358 2786 3449 2851 εις
3472 2791 3830 2859 πειρασμόν.
3864 2792 3997 2857 Καὶ,

2406 2869 2763 2939 Γρηγορεῖτε
2779 2910 2795 2935 ,
2827 2870 2925 2924 καί
2962 2874 3397 2942 προσεύχεσθε,
3440 2876 3542 2931 ἵνα
3562 2878 3650 2948 μὴ
3680 2882 4001 2952 εἰσέλθητε

2404 2961 2493 3023 είς
2514 2961 2869 3030 πειρασμόν*
2903 2963 2931 3014 ό
2956 2961 3034 3028 δὲ,
3077 2963 3179 3033 τῆς
3208 2965 3488 3037 ἁμαρτίας
3513 2971 3783 3042 τιμωρὸς,
3830 2974 4001 3028 ἀκου-

2408 3046 2544 3110 σίοις
2591 3048 2770 3101 πόνων
2805 3049 3097 3121 ἐπιφοραῖς
3128 3052 3228 3123 τὴν
3259 3054 3720 3129 φιλαμαρτήμονα
3752 3061 4001 3126 κολάζων

724 3156 833 3215 est,
884 3148 994 3213 his,
1046 3162 1186 3218 quos
1224 3147 1411 3202 invitis
1464 3146 1720 3201 inductos
1754 3149 2114 3216 sustinemus,
2145 3150 2302 3206 labo-

2405 3136 2677 3192 διάθεσιν·
2734 3139 2794 3193 δν
2823 3140 2877 3193 εἴ
2915 3157 3004 3206 τις
3050 3142 3356 3217 ὑπομείνῃ,
3393 3148 3488 3200 καὶ
3527 3150 3767 3221 μάλιστα
3797 3154 4000 3221 κακίας

725 3240 903 3303 ribus,
929 3238 1136 3310 peccati
1166 3247 1439 3293 amantem
1468 3238 1714 3293 animum
1772 3239 2076 3310 castigans;
2107 3240 2300 3297 istius-

2405 3227 2554 3299 ἡλοις
2605 3229 2707 3283 οὐκ
2748 3201 3179 3303 ἐμπεπαρμένος
3200 3276 3214 3299 ,
3275 3201 3999 3315 ἀκούσεταιὴτοῦημεγξλὲ

724 3331 875 3386 modi
921 3329 1279 3385 tentationem
1324 3329 1370 3384 si
1404 3330 1529 3399 quis
1573 3328 1902 3385 sustinuerit
1952 3331 2020 3402 (is
2068 3331 2304 3387 maxime

724 3422 818 3490 qui
865 3420 1122 3474 vitiorum
1156 3434 1221 3474 ac
1270 3418 1531 3489 nequitia:
1573 3418 1741 3472 clavis
1774 3418 1999 3473 minime
2054 3419 2304 3474 conﬁxus

724 3512 817 3583 sit)
847 3509 1359 3566 beatum'Jacobum
1397 3507 1601 3565 diserte
1641 3509 1969 3563 clamantem
2007 3508 2303 3564 auditurus

723 3612 854 3659 est:
902 3602 1067 3657 Omne
1127 3601 1382 3672 gaudium
1435 3601 1755 3667 existimate,
1808 3601 2023 3669 fratres,
2076 3618 2195 3656 cum
2247 3603 2304 3656 in

725 3697 1037 3751 tentationes
1097 3697 1276 3749 varias
1326 3693 1648 3757 incideritis;
1709 3696 1837 3763 quia
1892 3695 2132 3764 probatio
2177 3694 2305 3763 ﬁdei

722 3797 907 3844 vestrae
953 3788 1266 3858 patientiam
1310 3791 1598 3856 operatur;
1642 3784 1903 3856 patientia
1946 3794 2125 3839 autem
2174 3801 2302 3857 pro-

722 3882 1026 3946 bationem;
1055 3880 1293 3952 probatio
1337 3885 1514 3933 autem
1546 3893 1677 3949 Opus
1714 3878 2001 3948 perfectum
2019 3878 2213 3932 'habeat
2234 3878 2299 3932 “.

723 3973 1030 4043 Utrumque
1079 3981 1262 4027 autem
1310 3970 1678 4025 tentationum
1707 3982 1883 4039 genus
1926 3969 2065 4040 (tum
2091 3968 2304 4023 scilicet

722 4079 914 4121 earum
967 4077 1091 4134 qua:
1145 4079 1177 4117 a
1224 4061 1508 4116 voluntate
1554 4068 1717 4127 sunt,
1751 4070 1866 4117 tum
1905 4074 2026 4130 qua
2054 4061 2301 4115 exterius

724 4153 1071 4227 ingeruntur)
1113 4152 1346 4223 maligne
1393 4166 1671 4222 pravoque
1698 4149 1928 4206 consilio
1957 4151 2135 4205 malus
2169 4165 2300 4220 per-

723 4246 976 4318 sequitur
1035 4243 1305 4311 enixeque
1370 4248 1559 4305 curat;
1601 4239 1843 4310 primum
1904 4236 2129 4308 quidem
2181 4238 2300 4308 ipse

723 4330 1067 4395 seminando,
1122 4326 1479 4397 corporisque
1507 4326 1852 4396 voluptatum
1883 4324 2144 4381 illecebra
2174 4324 2298 4380 ani-

721 4437 873 4478 mum
920 4417 1262 4492 proliciendo
1305 4431 1372 4471 ac
1419 4416 1707 4480 irritando,
1742 4424 1804 4471 ut
1854 4432 1883 4470 a
1939 4415 2127 4470 divina
2156 4416 2297 4473 dile-

2401 3320 2696 3392 διαρρήδην
2745 3321 2975 3392 βοῶντος
3003 3316 3296 3381 Ἰακώϐου·
3349 3330 3566 3406 Πᾶσαν
3608 3336 3810 3404 χαρὰν
3851 3340 4000 3409 ἡγή-

2402 3414 2617 3473 σασθε,
2640 3411 2894 3482 ἀδελφοί
2909 3432 3049 3484 μου,
3080 3416 3227 3472 ὅταν
3251 3424 3604 3492 πειρασμοῖς
3633 3410 4000 3499 περιπέσητε

2404 3503 2733 3570 ποικίλοις,
2789 3503 2880 3559 ὅτι
2928 3506 2994 3560 τὸ
3041 3507 3313 3579 δοκίμιον
3358 3512 3529 3582 ὑμῶν
3569 3516 3683 3584 τῆς
3729 3521 3999 3590 πίστεως

2405 3595 2729 3665 ὑπομονὴν
2755 3598 3193 3669 κατεργάζεταιο
3225 3604 3265 3671 ἠ
3288 3602 3357 3657 δὲ
3377 3606 3675 3678 ὑπομονὴ,
3703 3610 3995 3684 δοκιμήνο

2402 3685 2441 3752 ἡ
2467 3685 2536 3739 δὲ
2563 3686 2801 3757 δοκιμὴ,
2834 3693 3013 3759 ἔργον
3035 3692 3269 3747 τέλειον
3294 3694 3497 3765 ἐχέτω.
3541 3701 3915 3775 ’Δμφοτέρους
3938 3708 3996 3762 δὲ

2400 3778 2529 3842 τοὺς
2560 3782 2921 3851 πειρασμοὺς,
2968 3784 3059 3838 τὸν
3086 3785 3335 3842 ἑκούσιόν
3357 3806 3417 3843 τε
3465 3792 3679 3848 καὶτὸν
3710 3796 3993 3866 ἀκούσιον,

2402 3868 2655 3961 περιέπει
2700 3870 3030 3942 κακούργως
3067 3876 3096 3929 6
3137 3878 3403 3950 πονηρόςο
3457 3880 3553 3935 τὸν
3579 3883 3702 3954 μὲν,
3749 3887 3996 3961 σπείρων

2402 3959 2499 4013 καὶ
2530 3960 2847 4054 διερεθίζων
2872 3963 2972 4035 τὴν
2998 3964 3179 4039 ψυχήν
3200 3969 3416 4041 ἡδοναῖς
3438 3972 3713 4044 σώματος,
3744 3959 3993 4054 ἀποστῆ-

2404 4067 2494 4104 σαι
2546 4051 2647 4122 τῆς
2699 4051 2850 4118 Θείας
2894 4056 3115 4127 ἀγάπης
3174 4060 3273 4129 τὴν
3318 4060 3506 4131 ἔφεσιν
3552 4051 3991 4140 μηχανώμενος-ο

2400 4141 2492 4233 τὸν
2516 4141 2575 4196 δὲ
2611 4145 2941 4233 σοφιστικῶς
2975 4146 3300 4217 ὲξαιτεῖται,
3335 4152 3403 4207 δι’
3420 4152 3614 4223 ὀδύνης
3642 4159 3866 4231 φθεῖραι
3894 4163 3992 4233 τὴν

2400 4232 2561 4327 φῦσιν
2611 4232 2952 4306 βουλόμενος,
3012 4239 3098 4294 ἵνα
3147 4240 3403 4313 βιάσηται
3440 4245 3540 4317 τὴν
3570 4247 3771 4320 ψυχήν,
3798 4232 3992 4327 ἀτονία

2400 4326 2578 4379 πόνων
2606 4328 3043 4398 ηταϐληθείσαν
3062 4371 3079 4396 ,
3138 4334 3277 4405 πρὸς
3302 4338 3403 4409 τὴν
3428 4338 3524 4392 τοῦ
3552 4340 3844 4409 κτίσαντος
3868 4326 3989 4401 6m;

2401 4416 2565 4487 ϐολὴν
2598 4418 2818 4487 κινῆσαι
2847 4421 2973 4481 τοὺς
3000 4420 3317 4495 λογισμούς.

721 4513 904 4568 ctione
962 4508 1323 4580 cupiditatem
1368 4513 1601 4571 avocet;
1660 4506 1894 4561 alterum
1946 4520 2114 4571 vero,
2175 4513 2297 4561 astu
2368 4505 2534 4578 366
2575 4506 2883 4579 iraudeque
2938 4511 3354 4582 deposcendo,
3425 4519 3531 4574 hoc
3579 4532 3873 4595 satagens,
3928 4538 3989 4584 ut

720 4606 910 4661 dolore
957 4617 1022 4657 ac
1083 4598 1329 4655 cruciatu
1395 4597 1717 4653 labefactata
1746 4608 1962 4663 natura,
2006 4599 2249 4654 animum
2315 4600 2594 4655 laboribus
2660 4600 3007 4657 fatiscentem
3050 4605 3119 4660 ad
3176 4606 3455 4666 Creatoris
3495 4612 3754 4685 injuriam
3798 4634 3865 4675 ac
3893 4635 3985 4676 ca-

724 4696 989 4753 lumniam
1047 4701 1224 4763 cogat.

789 4785 902 4840 Nos
952 4798 1107 4847 vero,
1151 4797 1292 4851 quos
1336 4797 1445 4837 non
1497 4782 1704 4837 lateant
1746 4782 1873 4837 mali
1924 4785 2173 4850 consilia,
2240 4784 2294 4841 id

2482 4785 2622 4840 Ἀλλ’
2641 4787 3016 4856 ἐπεγνωκότες
3039 4791 3202 4860 ἡμεῖς
3228 4792 3324 4846 τοῦ
3355 4796 3593 4867 πονηροῦ
3619 4798 3690 4853 τὰ
3714 4802 3982 4873 νοήματα,

718 4876 943 4949 quidem
989 4888 1163 4945 genus
1201 4872 1521 4929 tentationis
1564 4874 1710 4943 quod
1747 4874 2029 4930 voluntate
2091 4878 2292 4933 comite

715 4976 824 5031 est,
847 4967 1235 5037 deprecemur,
1260 4980 1329 5019 ne
1361 4980 1393 5018 a
1420 4963 1606 5018 divina
1631 4965 1924 5021 dilectione
1956 4967 2291 5023 desiderium

717 5056 887 5113 animi
936 5053 1324 5110 abstrahamus
1360 5070 1373 5106 :
1409 5052 1555 5123 quod
1602 5055 2132 5112 autemaviolentum
2185 5066 2289 5123 est,

717 5163 843 5204 cum
908 5147 1005 5203 Dei
1063 5145 1338 5216 permissu
1390 5155 1639 5216 nutuque
1701 5147 2005 5215 advenerit,
2066 5160 2292 5205 strenue

714 5240 956 5310 fortique
987 5238 1172 5293 animo
1208 5237 1617 5304 sustineamus,
1652 5246 1715 5293 ut
1752 5248 1960 5295 natura:
1995 5241 2289 5298 Auctorem

717 5331 821 5401 ipsi
876 5330 1025 5385 clare
1096 5337 1306 5384 natura:
1359 5343 1461 5383 nos
1520 5329 1832 5398 praetulisse
1893 5339 2287 5388 monstremur.

714 5419 935 5477 Utinam
974 5433 1110 5473 vero
1140 5432 1333 5472 omnes
1362 5416 1457 5487 qui
1483 5432 1682 5473 nomen
1713 5418 1930 5472 Domini
1959 5420 2134 5474 nostri
2160 5421 2287 5476 Jesu

707 5511 917 5567 Christi
957 5511 1298 5573 invocamus,
1331 5519 1449 5565 tum
1497 5525 1527 5564 a
1562 5510 1688 5565 vitae
1740 5510 1901 5581 hujus
1941 5511 2287 5568 delectabili-

717 5603 975 5671 bus,quae
1002 5601 1130 5656 mali
1152 5601 1859 5672 suggestioneingeruutur,
1887 5614 1999 5658 tum
2026 5618 2057 5658 a
2084 5603 2285 5661 futura:

782 5773 826 5805 “
855 5774 1043 5831 κλωπ.
1073 5790 1217 5840 uva,
1252 5776 1338 5830 Η.
1414 5778 1462 5809 ³⁸
1495 5777 1609 5833 Jac.
1642 5793 1680 5841 ι,
1708 5777 1775 5844 3;
1812 5778 1967 5834 Rom.
1998 5794 2052 5847 v,
2081 5780 2136 5833 4.

2392 4876 2485 4969 sint
2528 4878 2627 4969 μὲν
2674 4877 2921 4933 ἑκούσιον
2967 4881 3339 4953 ἀπευξώμεθα
3387 4890 3727 4959 πειρασμὸν,
3787 4893 3878 4947 ἵνα
3912 4897 3983 4969 μὴ

2391 4968 2493 5036 τῆς
2519 4967 2666 5032 θείας
2710 4970 2931 5041 ἀγάπης
2960 4971 3059 5043 τὴν
3087 4972 3274 5043 ἔφεσιν
3303 4977 3706 5052 ἀποστήσωμεν
3725 4998 3740 5013 ·
3803 4986 3903 5040 τὸν

2393 5058 2648 5115 ἀκούσιον
2708 5062 3073 5133 ἐπερχόμενον
3129 5070 3477 5141 συγχωρήσει
3523 5071 3659 5127 Θεοῦ
3710 5080 3978 5145 γενναίως

2391 5152 2795 5224 ὑπομείνωμεν,
2848 5157 2937 5211 ἵνα
2962 5156 3221 5229 φανῶμεν
3251 5165 3719 5235 προτετιμηκότες
3748 5170 3854 5240 τῆς
3883 5172 3979 5240 φά.

2391 5261 2565 5311 σεως,
2614 5244 2706 5299 τὸν
2744 5246 2966 5318 κτίστην
3005 5249 3106 5320 τῆς
3143 5250 3377 5319 φύσεως.
3440 5255 3656 5311 Γένοιτο
3682 5258 3979 5329 Femina;

2390 5336 2538 5405 ἡμᾶς
2562 5336 2689 5401 τοὺς
2713 5339 3174 5410 ἐπικαλουμένους
3193 5342 3254 5397 τό
3279 5344 3451 5416 ὄνομα
3474 5346 3570 5400 τοῦ
3594 5350 3806 5416 Κυρίου
3829 5356 3979 5425 ἡμῶν

2404 5427 2578 5497 Ἰησοῦ
2609 5429 2847 5499 Χριστοῦ
2874 5473 2889 5499 ,
2945 5433 3053 5487 τῶν
3085 5451 3145 5487 τε
3173 5434 3267 5489 νῦν
3296 5437 3470 5508 ἡδέων
3497 5440 3588 5492 τοῦ
3614 5446 3863 5515 πονηροῦ
3890 5448 3975 5501 λυο

2386 5520 2695 5610 τρωθῆναι,
2753 5524 2848 5577 καὶ
2885 5525 2997 5579 τῶν
3035 5526 3334 5596 μελλόντων
3371 5531 3637 5599 ἀλγεινῶν
3672 5535 3972 5610 ἐλευθερω-

2390 5608 2581 5679 θῆναι,
2643 5615 2708 5683 τῇ
2767 5614 2981 5684 μεθέξει
3028 5615 3128 5687 τῆς
3174 5617 3293 5672 κατ’
3322 5614 3464 5685 εἶδος
3512 5621 3623 5677 τῶν
3671 5608 3970 5694 μελλόντων
