4218 6432
217 385 327 450 909

1109 376 1539 448 EXY‘OSITIU
1596 388 2005 450 ORATIONIS
2062 390 2469 456 DOMINICnE.

3351 402 3456 469 910

219 504 441 567 ἀγαθων
464 497 805 559 ὑποστάσεως
824 538 838 562 ,
890 498 1218 567 ὲποφθείσης
1238 499 1379 569 ἡμῖν
1402 502 1460 553 ὲν
1487 501 1635 571 αὑτῷ
1659 503 1793 572 Χρι-
1820 508 1866 566 Α

1789 508 1866 566 ιΑ
1899 503 2148 559 tristibus
2172 519 2236 559 ac
2275 506 2662 561 cruciamentis
2702 522 2979 574 eruamur,
3023 507 3143 579 ipso
3193 523 3293 579 per
3330 526 3455 581 spe-

220 590 335 658 στῷ
364 589 442 657 τῷ
472 588 660 658 Κυρίῳ
686 588 869 657 ἡμῶν,
916 589 993 659 τῷ
1026 590 1172 660 μόνῳ
1206 589 1303 643 σὺν
1333 592 1505 662 ΠατρὶΙ
1537 593 1630 645 καὶ
1655 592 1794 662 ἁγίῳ

215 681 499 750 Ῑινεύματι
547 678 885 750 δοξαζομένῳ
964 681 1113 752 παρὰ
1171 682 1349 753 πάσης
1397 683 1499 754 τῆς
1542 683 1790 746 κτίσεως.

227 774 420 844 Ἀμήν.

862 974 1137 1028 ΣΧΟΛΙΑ.

282 1063 355 1119 α’.
389 1063 481 1119 Fr.
513 1066 718 1120 Ταυτδν
746 1066 836 1119 ἐπὶ
865 1065 1002 1119 Θεοῦ
1027 1062 1187 1135 βουλὴ
1212 1064 1305 1117 καὶ
1330 1063 1599 1134 βούλησις.

286 1157 355 1226 β’.
404 1158 678 1222 Ἐπαίνου,
732 1160 884 1227 φησι,
936 1158 1029 1210 καὶ
1062 1156 1229 1226 ψόγου
1264 1158 1406 1210 κατὰ
1433 1155 1592 1224 φύσιν
1616 1155 1789 1227 ὑπάρ-

207 1267 328 1321 χων
359 1252 388 1302 ὁ
413 1250 569 1318 λόγος
595 1250 877 1321 ὲλεύῦερος
900 1291 913 1313 ,
961 1249 1147 1318 ἀτταθῆ
1182 1250 1327 1301 ποιεῖ
1354 1247 1445 1300 τὸν
1480 1250 1623 1318 μόνῳ
1650 1246 1789 1317 λόγῳ

207 1344 314 1413 ζῇν
341 1341 787 1413 προαιρούμενονο
824 1341 1077 1411 χωρίζειν
1102 1341 1301 1394 πείθων
1322 1340 1430 1393 τῶν
1454 1338 1790 1410 φθοροποιῶν

206 1432 312 1500 τῆς
360 1433 542 1503 ψυχῆς
590 1434 689 1505 τὴν
737 1432 1066 1503 ἐπιθυμίαν·
1129 1429 1197 1504 ἦς
1242 1432 1651 1501 ἀπογενομένης
1681 1427 1789 1483 τῶν

207 1524 415 1578 ὑλικῶν
435 1566 450 1590 ,
507 1526 627 1579 οὔτε
658 1526 765 1578 τῶν
791 1524 1181 1587 ἐπαινούντων,
1234 1522 1356 1577 οὔτε
1385 1523 1495 1576 τῶν
1515 1524 1789 1593 ψεγόντων

202 1618 283 1681 ὡς
308 1619 553 1688 πάσχων,
589 1619 616 1671 ὁ
644 1616 895 1682 καθ”ἐξιν
919 1619 1090 1688 πρᾶος
1120 1615 1452 1681 αἰσθάνεται,

275 1896 312 1947 γ
334 1918 348 1932 .
388 1879 513 1932 Ven.
543 1887 592 1931 ct
618 1877 711 1933 Fr.
760 1876 1001 1939 ’Λνίσους
1026 1874 1294 1937 διαθέσεις
1333 1874 1502 1940 λέγει,
1524 1871 1624 1935 τὰς
1652 1872 1788 1941 πρὸς
1818 1834 1860 1889 Β

201 1971 413 2034 ἑαυτὰς
446 1972 545 2040 τὴν
571 1970 749 2041 ψυχὴν
781 1967 1118 2039 μορφούσας,
1168 1965 1263 2018 τοῦ
1286 1982 1344 2017 τε
1370 1963 1542 2033 θυμοῦ
1573 1964 1665 2017 καὶ
1690 1964 1788 2032 τῆς

201 2064 504 2132 ἐπιθυμίας
531 2065 802 2133 κινήσειςο
841 2055 915 2115 ὧν
944 2059 1225 2130 ἐλεύθερον
1256 2053 1396 2110 εἶναι
1424 2056 1503 2108 δεῖ
1536 2055 1626 2108 τὸν
1649 2056 1787 2124 Χριο

201 2153 336 2206 στοῦ
369 2153 639 2224 μαθητήν·
677 2156 814 2225 μήτε
845 2153 998 2223 χύσει
1028 2151 1123 2203 τοῦ
1158 2150 1288 2219 περὶ
1310 2148 1535 2220 καρδίαν
1560 2147 1788 2216 αἵματος

202 2246 345 2315 πρὸς
372 2246 567 2314 ἡδονὰς
595 2245 990 2309 ὀλισθαίνοντα,
1029 2244 1166 2313 μήτε
1199 2240 1347 2305 ζέσει
1378 2237 1473 2292 τοῦ
1506 2238 1634 2310 περὶ
1657 2254 1790 2307 καρο

198 2338 323 2391 δίαν
357 2338 586 2406 αἵματος
618 2338 753 2407 πρὸς
772 2336 939 2406 ὀργὰς
970 2333 1384 2402 ὲκμαινόμενον.

274 2427 335 2481 δ’.
378 2427 467 2481 Fr.
504 2428 692 2494 Λόγων
722 2426 966 2497 δηλονότι
1000 2423 1316 2494 Ἑλληνικοῦ
1352 2424 1443 2476 καί
1471 2419 1782 2475 Ἰουδαϊκοῦ·

200 2513 278 2573 ὧν
328 2522 386 2573 ὲν
430 2519 653 2590 Χριστῷ
706 2517 985 2581 παντελῶς
1026 2517 1221 2579 οὐδείς.
1271 2514 1497 2584 Ἐπίσης
1530 2515 1639 2583 γὰρ
1687 2511 1787 2581 τῆς

201 2612 544 2681 πολυαρχίας
566 2652 582 2677 ,
636 2612 731 2664 καὶ
762 2612 860 2682 τῆς
890 2612 971 2663 ἑνὶ
1001 2609 1275 2680 προσώπῳ
1305 2606 1785 2679 περιγραφομὲνης

204 2706 525 2774 μοναρχίας.
566 2705 595 2756 ὁ
622 2702 715 2756 τοῦ
741 2701 977 2775 Χριστοῦ
1008 2700 1306 2772 καθαρεύει
1336 2700 1514 2769 λόγος.

273 2894 335 2942 ε’.
366 2885 458 2940 Fr.
483 2887 557 2939 Οὐ
585 2885 693 2956 γὰρ
728 2883 874 2938 κατὰ
897 2882 1173 2955 γέννησιν,
1209 2882 1243 2953 ἢ
1273 2882 1519 2954 πρόοδον,
1551 2883 1670 2954 ἦτοι
1695 2882 1786 2936 ἐκ·

201 2997 421 3050 φανσιν.

277 3079 350 3137 ς’.
388 3070 478 3125 Fr.
517 3071 640 3133 Πῶς
682 3087 765 3134 τις
812 3069 1032 3123 δύναται
1082 3069 1297 3138 ἀφιέναι
1342 3070 1453 3131 τοῖς
1485 3067 1786 3137 ὀφειλέταις

200 3164 269 3217 τὰ
297 3165 640 3233 ὀφειλήματα
660 3180 674 3228 ;

273 3258 338 3320 ζ’.
392 3255 482 3309 Fr.
531 3256 662 3318 Ταῖς
704 3254 813 3309 τῶν
840 3254 1024 3325 ψυχῶν
1065 3253 1223 3324 ἡμῶν
1269 3252 1569 3306 διαθέσεσιν
1601 3254 1634 3322 ἡ
1662 3252 1782 3305 θεία

200 3348 432 3410 δεόντως
462 3348 833 3417 ἐφαρμόζεται
857 3347 1195 3417 δικαιοσύνη,
1227 3345 1447 3415 τοιαύτη
1476 3346 1606 3415 ἡμῖν
1639 3362 1783 3413 γινο-

206 3439 367 3509 μένη,
386 3441 528 3503 οἴους
560 3440 812 3511 ἀλλήλοις
830 3440 1054 3501 ἑαυτοὺς
1076 3438 1422 3509 πεποιήμεθα
1442 3452 1455 3466 ⁸
1485 3438 1577 3491 καὶ
1607 3439 1781 3490 τοιοῦ-

200 3549 295 3585 τον
324 3534 457 3603 ἡμῖν
482 3533 664 3595 αὐτοῖς
698 3532 789 3585 τὸν
825 3532 957 3585 Θεὸν
994 3530 1329 3593 καθιστῶσα,
1364 3530 1509 3593 οἵους
1538 3530 1779 3599 φθάσαν-

205 3640 298 3687 τες
327 3624 440 3686 τοῖς
464 3621 849 3691 ὀμοιοπαθέσιν
882 3620 1105 3682 ἑαυτοὺς
1128 3618 1479 3689 διεθήκαμεν.

272 3800 345 3871 η’.
395 3799 451 3852 ὐ
488 3800 585 3869 τῆς
606 3798 819 3868 φύσεως
847 3797 1023 3866 λόγος,
1055 3798 1210 3867 φησὶ,
1260 3797 1353 3849 καὶ
1382 3794 1543 3864 νόμος
1575 3795 1779 3863 γίνεται

201 3893 442 3963 φύσεως,
477 3892 770 3964 λαμϐάνων
798 3888 1194 3961 συμφωνοῦσαν
1222 3889 1322 3960 τὴν
1347 3886 1572 3958 γνώμην
1598 3890 1675 3951 εἰς
1699 3889 1781 3940 ὲν-

200 3985 421 4057 ἐργειαν
453 3984 561 4038 τῶν
596 3984 735 4038 κατά
765 3983 925 4054 φύσιν
952 3983 1251 4052 δυνάμεων.

1896 595 2036 649 ciem
2066 595 2252 650 donati
2275 596 2593 652 substantia:
2627 596 2895 651 bonorum
2917 598 3270 660 commercio,
3302 612 3460 670 cujus

1895 694 2116 754 aspectu
2164 686 2434 751 fruamur,
2490 687 2542 740 in
2576 688 2695 756 ipso
2720 687 2939 743 Christo
2986 689 3218 744 Domino
3246 698 3454 751 nostro.

1895 775 1991 844 qui
2040 776 2190 830 solus
2221 791 2343 830 cum
2372 778 2533 833 Patre
2573 786 2629 833 et
2679 777 2888 849 Spiritu
2937 791 3128 836 sancto
3175 796 3205 835 a
3256 782 3456 836 creatis

1893 864 2151 920 omnibus
2198 866 2467 921 laudatur.
2519 870 2706 924 Amen.

2540 975 2852 1031 SCliOLlA.

1965 1064 2015 1118 1.
2056 1065 2151 1119 Dei
2184 1066 2328 1121 idem
2360 1065 2652 1119 consilium
2705 1076 2789 1121 est
2836 1080 2901 1121 ac
2947 1066 3219 1125 voluntas.

1961 1155 2015 1209 2.
2054 1154 2191 1210 Cum
2224 1157 2371 1211 enim
2402 1156 2544 1211 ratio
2568 1166 2764 1210 natura
2790 1173 2819 1211 a
2851 1158 3012 1213 laude
3038 1169 3202 1231 atque
3241 1161 3457 1233 vitupe-

1893 1245 1975 1300 rio
2004 1244 2177 1300 libera
2199 1247 2302 1311 sit;
2327 1262 2452 1301 eum
2481 1247 2549 1301 ab
2568 1247 2856 1303 affectibus
2889 1249 3186 1306 immunem
3214 1264 3451 1323 praestat.

1890 1337 1986 1408 qui
2012 1346 2073 1391 ut
2098 1337 2211 1391 sola
2235 1338 2382 1391 vivat
2404 1338 2615 1393 ratione
2642 1338 2698 1393 in
2723 1339 2966 1394 animum
2992 1340 3232 1410 inducit;
3256 1361 3454 1418 nempe

1890 1428 2126 1483 suadens
2156 1438 2215 1483 ut
2242 1428 2410 1483 animi
2440 1429 2791 1497 cupiditatem
2821 1431 2890 1485 ab
2914 1431 2982 1486 iis
3008 1432 3308 1500 abstrahat,
3333 1454 3455 1507 qum

1890 1521 2297 1591 corruptionem
2336 1521 2625 1591 labemque
2657 1522 2940 1578 inducunt.
2985 1522 3120 1589 Qua,
3162 1537 3191 1577 a
3222 1529 3456 1583 terrenis

1889 1610 2166 1681 abiuneta,
2216 1610 2312 1679 qui
2366 1609 2559 1664 habitu
2606 1610 2758 1665 mitis
2800 1624 2903 1675 est,
2958 1628 3136 1682 neque
3170 1614 3456 1670 laudantes

1888 1700 2057 1755 sentit
2114 1714 2295 1768 neque
2344 1699 2739 1771 vituperantes,
2793 1701 2949 1771 quasi
3008 1704 3275 1759 alterutro
3342 1705 3459 1760 atii-

1890 1791 2087 1846 ciatur.

1960 1885 2012 1939 5.
2055 1883 2350 1954 lnaaquales
2397 1881 2718 1939 aﬂ‘ectiones
2758 1890 2939 1948 vocat,
2987 1885 3085 1940 ira:
3133 1886 3345 1942 scilicet
3391 1903 3457 1943 ac

1889 1974 2209 2045 cupiditatis
2261 1983 2464 2041 motus,
2511 1989 2578 2027 ex
2620 1973 2706 2028 sui
2758 1974 2971 2029 ratione
3004 1977 3247 2031 animum
3287 1977 3447 2033 infor-

1888 2074 2121 2131 mantes,
2155 2082 2185 2120 a
2221 2064 2677 2135 quibusliberum
2701 2080 2821 2120 esse
2855 2075 3073 2136 oportet
3114 2068 3318 2123 Christi
3366 2070 3445 2124 di-

1889 2156 2192 2225 scipulum;
2241 2163 2301 2207 ut
2322 2169 2502 2223 neque
2552 2154 2831 2225 sanguinis
2857 2156 3004 2209 circa
3034 2171 3129 2211 cor
3162 2157 3455 2215 diﬂ‘usione

1888 2244 1956 2298 ad
1986 2245 2243 2300 libidines
2271 2245 2608 2315 prolabatur,
2640 2260 2818 2315 neque
2868 2247 3149 2317 sanguinis
3181 2250 3328 2305 circa
3358 2266 3456 2305 cor

1888 2336 2210 2391 accensionc
2255 2337 2347 2390 ira:
2385 2336 2572 2391 furore
2606 2336 2930 2391 concitetur.

1958 2427 2009 2480 4.
2053 2426 2279 2489 Horum,
2324 2426 2620 2481 Graecaniei
2651 2426 2859 2481 scilicet
2897 2442 2963 2481 ac
2993 2428 3209 2485 Judaici
3238 2446 3447 2488 sermo-

1887 2516 2009 2582 nis,
2056 2524 2255 2571 neuter
2299 2532 2527 2587 prorsus
2561 2518 2617 2571 in
2653 2518 2873 2575 Christo
2909 2528 3011 2575 est.
3049 2522 3283 2578 Perinde
3308 2525 3454 2579 enim

1886 2609 2092 2665 Christi
2126 2624 2309 2665 sermo
2346 2624 2411 2664 ac
2449 2610 2699 2665 doctrina
2724 2626 2754 2665 a
2789 2612 3098 2683 principatu
3128 2614 3284 2671 abest
3308 2617 3455 2673 inter

1887 2703 2090 2758 multos
2119 2702 2319 2767 diviso,
2346 2712 2403 2757 et
2428 2703 2495 2757 ab
2531 2719 2621 2769 eo,
2662 2704 2757 2775 qui
2791 2704 2907 2776 ipse
2943 2722 3108 2774 unus,
3132 2709 3296 2765 unius
3325 2726 3454 2782 per-

1888 2805 2034 2845 sona:
2064 2791 2330 2861 angustiis
2378 2800 2641 2846 arctatur.

1956 2880 2008 2933 5.
2048 2880 2168 2935 Non
2203 2881 2351 2935 cnim
2392 2882 2765 2951 generatione,
2807 2892 2905 2939 aut
2942 2887 3294 2955 processione
3336 2891 3454 2948 sive

1887 2979 2011 3025 ortu
2046 2986 2111 3025 ac
2158 2972 2304 3040 quod
2335 2971 2588 3027 eluxerit.

1959 3062 2300 3129 0.-Quonam
2352 3063 2516 3118 modo
2558 3070 2741 3133 potest
2784 3065 2908 3135 quis
2950 3067 3231 3127 dimittere
3266 3073 3453 3130 debita

1810 3166 1857 3226 ς
1888 3156 2268 3211 debitoribus?

1951 3248 2001 3299 7.
2044 3247 2235 3301 Divina
2272 3248 2669 3303 convenienter
2692 3251 2924 3320 justitia,
2962 3254 3127 3309 animi
3168 3257 3337 3311 nostri
3368 3258 3451 3313 af-

1881 3335 2117 3392 fectibus
2143 3345 2394 3405 aptatur;
2433 3339 2556 3391 talis
2578 3339 2792 3395 scilicet
2822 3341 2936 3411 ipsa
2968 3343 3127 3399 nobis
3157 3346 3450 3414 exsistens,

1881 3427 2071 3497 quales
2100 3428 2191 3481 alii
2219 3428 2342 3482 aliis
2360 3444 2461 3483 nos
2486 3430 2587 3498 ipsi
2610 3431 2955 3499 exsistimus;
2986 3434 3262 3505 Deumque
3289 3439 3450 3495 talem

1880 3518 2039 3572 nobis
2070 3520 2432 3585 constituens,
2469 3521 2659 3590 quales
2703 3538 2832 3593 erga
2871 3525 3121 3596 ejusdem
3154 3530 3321 3585 sortis
3344 3531 3449 3585 mi-

1881 3610 2046 3664 scllos
2087 3610 2337 3667 homines
2380 3624 2543 3683 atque
2595 3616 2853 3671 mortales
2900 3632 3004 3672 nos
3044 3617 3147 3689 ipsi
3194 3622 3447 3678 exhibui—

1882 3716 2021 3755 IDUS.

1950 3796 2002 3850 8.
2044 3798 2261 3853 Naturae
2291 3800 2431 3853 ratio
2465 3800 2520 3854 in
2542 3811 2752 3858 natura:
2796 3803 2966 3873 ipsam
2995 3804 3167 3875 legem
3196 3808 3447 3875 vertitur,

1880 3890 2215 3946 voluntatem
2250 3908 2537 3949 assumens
2580 3910 2702 3964 qua:
2751 3912 3033 3951 assensum
3080 3899 3318 3967 prmbeat
3350 3917 3449 3955 na-

1881 3980 2138 4035 turalium
2179 3982 2487 4051 operationi
2530 3984 2731 4039 virium
2762 4002 2825 4040 ac
2860 3985 3197 4043 facultatum.

265 4188 441 4199 -οσ

1085 4172 3436 4214 rm

1149 4324 1501 4387 MONITUM
1542 4325 1642 4384 AD
1681 4326 1972 4387 LIBRUM
2015 4325 2453 4388 ASCETICUM.

294 4480 545 4545 Maximi
617 4478 839 4539 librum
870 4476 1235 4557 asceticum
1284 4474 1387 4552 (id
1437 4482 1569 4557 est,
1619 4473 1701 4534 ad
1734 4475 2025 4557 pietatem
2066 4485 2483 4557 exercentem,
2530 4476 2802 4557 utidixit
2823 4476 3107 4557 Nobilius
3154 4479 3262 4557 qui
3308 4480 3445 4557 ipse

197 4562 415 4624 Latine
448 4554 933 4637 repraesentavit,
973 4561 1035 4614 et
1063 4551 1456 4637 Romm’cum
1493 4552 1731 4637 aliquot
1746 4551 2182 4637 _Chrysostomi
2221 4559 2281 4613 et
2321 4554 2561 4637 duabus
2600 4554 2805 4637 Basilii
2837 4555 3116 4637 epistolis
3155 4551 3259 4637 an.
3297 4551 3445 4619 1578

198 4640 418 4716 edidit)
470 4630 651 4716 nullo
694 4633 816 4694 alio
862 4631 1439 4716 commodiusloeo
1478 4630 1676 4691 visum
1725 4630 1896 4716 dare,
1938 4647 2126 4708 quam
2171 4633 2717 4716 ut_subnecterem
2761 4630 3037 4716 Orationi
3082 4635 3440 4716 Dominieaa,

196 4720 289 4780 sic
332 4709 455 4796 pie,
492 4714 861 4784 luculenter,
894 4719 956 4796 et
995 4711 1073 4796 ad
1123 4709 1439 4796 charitatis
1483 4726 1761 4796 sensum,
1801 4709 1879 4796 ab
1923 4725 1999 4769 eo
2044 4710 2385 4796 expositae:
2424 4728 2611 4796 quam
2654 4710 3013 4796 charitatem
3050 4729 3121 4774 ac
3152 4712 3443 4796 dilectio-

196 4787 369 4869 neni,
398 4787 531 4855 tOto
574 4800 801 4869 nostrae
833 4788 1047 4851 salutis
1077 4788 1332 4869 negotio
1368 4788 1610 4869 cunctis
1644 4787 1985 4869 dominam,
2021 4793 2081 4849 et
2125 4787 2387 4867 Scepum
2432 4787 2501 4850 ac
2542 4792 2754 4869 finem,
2793 4791 3200 4869 omniumque
3239 4792 3443 4852 admi-

196 4864 455 4935 randam
488 4868 1016 4950 complexionem,
1049 4874 1111 4950 et
1139 4866 1477 4950 sanctitatis
1503 4883 1575 4928 ac
1604 4864 2009 4950 perfectionis
2048 4864 2274 4950 metari]
2304 4868 2369 4950 in
2398 4882 2475 4950 eo
2506 4868 2806 4950 Maximus
2843 4864 3118 4950 miriﬁce
3134 4869 3440 4950 laudavit;

196 4952 563 5031 liquideque
611 4944 771 5031 adeo
815 4946 984 5031 nulla
1028 4946 1465 5031 allegoriarum
1506 4944 1789 5031 ambage,
1830 4951 1934 5004 aut
1976 4944 2118 5022 styli
2164 4946 2922 5031 productiorjsanfractu,
2952 4947 3239 5031 familiari
3278 4944 3440 5031 duof

196 4969 436 5031 nqutae
488 4969 563 5011 ue
611 4969 771 5009 aueo
815 4969 984 5007 nuua
1028 4969 1465 5023 auegunururu
1506 4969 1789 5021 autnagc,
1830 4969 1934 5004 am
1976 4969 2118 5022 Styll
2166 4969 2922 5034 prpuucuunsuulramu,
2952 4969 3239 5035 laminam
3278 4969 3440 5010 auo-

196 5048 339 5118 rum
370 4969 709 5118 ciiiloguio
758 5042 869 5114 sua
916 5025 1016 5086 hic
1057 5024 1336 5118 digessit,
1369 5031 1438 5085 ut
1483 5024 1683 5118 nullas
1730 5031 2129 5118 meas‘notas‘
2154 5041 2430 5118 prlmum
2464 5023 2851 5113 adhibendas
2893 5034 3237 5118 putavertm
3276 5046 3291 5088 :
3327 5029 3443 5090 etsi

194 5111 335 5197 ipsa
370 5102 597 5171 Nobilii
628 5105 1177 5197 versionunusqu‘e
1219 5102 1352 5197 fere
1396 5109 1502 5163 aut
1531 5103 1702 5197 'alter
1750 5102 2070 5197 scripturas
2116 5102 2348 5197 locus,
2372 5108 2439 5191 ut
2476 5119 2555 5164 ne
2594 5103 2851 5197 omnino
2891 5102 2964 5197 iis
3002 5103 3299 5197 intactum
3338 5124 3441 5197 re-

195 5180 595 5267 linquerem,_
614 5183 823 5245 suasit.
857 5185 989 5244 Hoc
1022 5188 1190 5243 certe
1234 5181 1470 5267 audens
1509 5181 1711 5267 dicam
1756 5180 1821 5267 in
1869 5180 2136 5267 Patrum
2160 5181 2470 5254 asceticis,
2527 5198 2671 5267 qua;
2709 5187 2875 5267 tanta
2904 5182 3438 5267 GraecisAexstant,

196 5284 269 5327 ac
315 5258 457 5339 quin
500 5264 704 5326 adhuc
753 5279 976 5338 magna
1020 5266 1252 5338 segete,
1295 5260 1562 5321 necdum
1610 5259 1861 5339 vulgata
1906 5258 2161 5339 possint
2198 5258 3096 5339 repraasentari,rascetamque
3144 5261 3438 5335 formant,

197 5337 357 5429 nihil
402 5358 732 5405 occurrere
771 5337 940 5429 quod
977 5337 1161 5429 ineo
1201 5354 1430 5429 genere
1478 5338 1728 5427 majoris
1760 5337 1960 5429 videri
1997 5337 2216 5429 possit,
2252 5337 2365 5429 aut.
2393 5338 2563 5418 quod
2600 5337 2836 5429 utilius,
2877 5337 3156 5429 omnium
3199 5340 3441 5429 virtutis

197 5422 488 5500 palaestra
539 5414 914 5481 merentium
962 5419 1079 5478 teri
1134 5414 1452 5500 manibus,
1503 5414 1697 5494 inque
1754 5415 1906 5488 illis,
1958 5414 2050 5475 vel
2102 5414 2825 5500 monasticesreligiosa
2877 5417 3295 5500 institutione,
3343 5419 3439 5500 vel

196 5494 522 5562 communi
566 5501 701 5577 ipsa
739 5504 1124 5577 augustaque
1168 5494 1509 5577 Christiana
1552 5501 1719 5556 sorte
1760 5494 2362 5577 ac_nuncupa_tione,
2398 5494 2648 5577 assidue
2683 5496 2935 5577 versari.
2973 5497 3182 5557 Prodit
3211 5513 3287 5577 es
3322 5496 3440 5558 du-

197 5578 351 5656 pliei
398 5580 533 5637 Em.
579 5572 745 5656 card.
781 5572 1066 5656 Mazarini
1098 5574 1239 5634 eod.
1271 5573 1773 5656 membranaceo,
1814 5572 2008 5633 altero
2045 5573 2325 5651 antiquo,
2372 5573 2568 5636 altero
2619 5574 3022 5652 bombycino,
3066 5574 3314 5637 emend.
3360 5591 3435 5637 ex

199 5651 459 5717 meliore
511 5655 707 5734 llaph.
750 5652 1046 5727 Dufrcnii,
1080 5668 1246 5715 nunc
1283 5651 1503 5730 Regio.
