4218 6432
671 445 770 514 9H

689 603 2713 654 ______________________..___——

1844 422 1904 482 S.
1945 415 2233 481 MAXIMI
2268 407 2776 474 CONFESSORIS

3847 388 3970 456 912

2719 598 3070 615 ψ

1743 755 1882 812 ΤΟΥ
1935 751 2028 808 ΕΝ
2085 747 2314 805 ΑΓΙΟῙΣ
2366 699 2640 801 ΠΔΖῙῬΟΣ
2694 739 2895 799 ΗΜΩΝ

1203 917 1934 1057 ΜΑΞΙΜΟΥ
1987 912 2292 1032 ΤΟΥ
2355 901 3458 1027 ΟΜΟΛΟΓΗΤΟΥ

1754 1139 2122 1232 ΛΟΓΟΣ
2201 1129 2842 1222 ΑΣΚΗΤΙΚΟΣ

1883 1321 2043 1376 Κατὰ
2067 1318 2287 1373 πεῦσιν·
2317 1311 2415 1368 καὶ
2442 1313 2787 1381 ἀπόκρισιν.

1091 1640 1222 1769 S.
1321 1638 1457 1760 P.
1552 1630 1700 1753 N.
1796 1615 2400 1748 MAXIM]
2494 1602 3562 1739 CONFESSORIS

1686 1883 2106 2002 LIBER
2205 1871 2802 1990 ASCETIC
2824 1868 2992 1986 US

1827 2107 1894 2187 (ι.
1930 2124 1993 2168 ιε.
2038 2121 2123 2164 AD
2155 2117 2462 2164 merum
2508 2093 2858 2175 nxencnrzs)

1668 2277 1790 2338 Per
1813 2266 2376 2345 interrogationem
2412 2272 2475 2326 et
2506 2259 3011 2341 responsionem.

1091 2581 1253 2655 367
1317 2576 1621 2638 FRATER,
1656 2570 1904 2628 SENEX.

784 2687 838 2742 i.
873 2682 1068 2740 Frater
1097 2670 1461 2742 interrogavit
1482 2681 1670 2724 senem
1699 2665 1787 2720 his
1809 2661 1997 2718 verbis
2033 2677 2046 2713 :
2079 2657 2293 2714 Amabo

715 2789 790 2844 te,
825 2777 900 2833 mi
945 2775 1128 2834 Pater,
1165 2768 1256 2822 dic
1301 2762 1460 2826 mihi,
1494 2775 1604 2832 quo
1652 2765 1884 2830 spectet,
1932 2755 2126 2824 quisve
2176 2753 2296 2823 ejus

715 2841 840 2924 finis
887 2862 1033 2935 quod
1070 2856 1338 2914 Dominus
1367 2853 1534 2906 homo
1573 2849 1750 2904 factus
1787 2841 2039 2900 est?Cui
2067 2855 2297 2910 respon-

717 2961 800 3016 dit
843 2930 1012 3013 senex
1040 2970 1054 3006 :
1087 2950 1255 3006 Miror
1292 2954 1367 3008 te,
1403 2943 1592 3006 frater,
1619 2938 1716 3010 qui
1773 2935 2020 3007 quotidie
2068 2930 2299 3004 Symbo-

717 3048 834 3103 lum
876 3042 1002 3098 lidei
1050 3037 1262 3100 audias,
1311 3029 1458 3102 quod
1500 3043 1588 3082 me
1645 3041 1708 3081 ea
1755 3024 1823 3079 de
1877 3036 1936 3075 re
1969 3021 2295 3087 interrogas.

717 3133 1113 3190 Verumtamen
1164 3121 1312 3178 istud
1363 3118 1588 3181 habeto,
1639 3113 1785 3183 quod
1817 3111 2086 3166 Dominus
2133 3107 2301 3160 homo

717 3226 897 3282 factus
926 3223 1018 3288 sit,
1049 3218 1194 3281 ﬁnis,
1229 3222 1419 3268 nostra
1462 3210 1612 3265 salus
1648 3206 1773 3260 fuit.
1807 3203 1887 3258 Ad
1919 3216 2082 3272 quem
2111 3199 2301 3263 frater,

723 3317 950 3373 Modum
1009 3310 1244 3380 explica,
1299 3305 1484 3360 Pater.
1546 3294 1854 3368 Respondit
1907 3307 2107 3348 senex:
2145 3288 2304 3356 Quod

719 3407 983 3465 nimirum
1025 3402 1193 3456 homo
1235 3397 1303 3452 ab
1333 3393 1492 3450 initio
1523 3407 1554 3446 a
1584 3391 1699 3445 Deo
1742 3397 1982 3448 creatus,
2033 3392 2089 3438 et
2127 3383 2181 3436 in
2213 3396 2308 3451 pa-

722 3499 912 3555 radiso
928 3496 1249 3557 collocatus,
1281 3489 1403 3558 ejus
1422 3481 1879 3554 transgressione,
1904 3475 2051 3548 quod
2081 3474 2132 3528 in
2154 3488 2309 3526 man-

724 3592 872 3648 datis
903 3593 1232 3658 acceperat,‘
1263 3576 1568 3637 interitioni
1607 3573 1883 3642 mortique
1927 3566 2203 3623 obnoxius
2232 3565 2311 3619 fa-

724 3690 850 3736 ctus
876 3684 1029 3742 erat;
1068 3683 1294 3742 tumque
1340 3668 1496 3723 varia
1538 3665 1636 3720 Dei
1677 3659 2027 3733 providentia
2074 3673 2173 3728 per
2201 3670 2311 3709 om-

726 3797 827 3837 nes
855 3788 1045 3835 :etates
1092 3771 1469 3844 nequidquam
1502 3767 1839 3838 gubernatus
1878 3771 2040 3831 atque
2067 3759 2308 3828 adjutus,

729 3872 1001 3944 nequiore
1023 3880 1240 3937 semper
1264 3870 1411 3919 statu
1434 3858 1738 3930 maiorique
1761 3855 2005 3924 nequitia
2032 3851 2308 3918 manebat,

2323 2440 2389 2454 κ

2814 2551 3145 2616 ΑΔΕΛΦΟΣ,
3181 2553 3223 2604 0
3254 2547 3501 2604 ΓΕΡΩΝ.

2466 2661 2537 2708 α’.
2581 2651 2838 2722 Ἀδελφδς
2869 2646 3124 2720 ἠρώτησε
3157 2639 3611 2714 γέροντα,λὲγων
3634 2655 3646 2670 ·
3666 2638 3992 2710 Παρακαλῶ

2403 2765 2480 2815 σε,
2500 2746 2893 2818 Πάτερ,είπεῖν
2912 2759 3023 2812 μοι,
3047 2738 3130 2801 τίς
3151 2740 3178 2790 6
3206 2735 3407 2797 σκοπὸς
3432 2729 3501 2805 ἦν
3531 2736 3632 2804 τῆς
3657 2732 3753 2785 τοῦ
3779 2734 3992 2804 Κυρίου

2398 2834 3028 2909 ὲνανθρωπήσεωςζΚαὶ
3057 2834 3084 2884 6
3110 2830 3290 2900 γέρων
3317 2826 3641 2898 ἀποκριθεὶς
3679 2820 3828 2877 εἷπε*
3851 2825 3994 2878 Θαυ-

2403 2930 2560 3003 μάζω
2592 2947 2650 2982 σε
2671 2971 2685 2993 ,
2724 2927 2945 2994 ’Δδελφὲ
2968 2967 2984 2992 ,
3018 2926 3100 2977 ὅτι
3151 2919 3274 2974 καθ’
3301 2921 3514 2992 ἡμέραν
3561 2917 3656 2970 τοῦ
3715 2917 3994 2988 συμϐόλου

2399 3025 2615 3079 ἀκούων
2650 3024 2748 3092 τῆς
2780 3022 3039 3081 πίστεως,
3078 3015 3208 3086 περὶ
3236 3013 3429 3066 τούτου
3464 3029 3531 3082 με
3572 3012 3810 3083 ἐρωτᾷς.
3849 3010 3998 3079 Πλὴν

2400 3117 2544 3185 λέγω
2565 3133 2666 3176 σοι,
2685 3115 2765 3167 ὃτι
2785 3114 2814 3165 6
2835 3110 3032 3172 σκοπὸς
3049 3107 3151 3178 τῆς
3167 3105 3259 3160 τοῦ
3277 3104 3484 3175 Κυρίου
3503 3103 3999 3174 ὲνανθρωπήσεως,

2403 3214 2437 3283 ή
2461 3209 2706 3282 ἡμετέρα
2753 3203 2822 3280 ἦν
2873 3203 3140 3273 σωτηρία.
3181 3199 3296 3254 Καὶ
3328 3201 3357 3252 6
3411 3197 3668 3266 ’A65).<p6;
3703 3192 4001 3258 εἷπε-Πῶς

2404 3305 2604 3374 λέγεις,
2629 3302 2846 3372 Πάτερ;
2879 3297 2992 3352 Καὶ
3019 3293 3298 3364 ἀπεκρίθη
3325 3294 3354 3344 ὁ
3393 3291 3604 3362 γέρων⁸
3635 3289 3860 3360 Ἐπειδὴ
3893 3292 4004 3359 γὰρ

2405 3399 2434 3452 6
2471 3395 2757 3466 ἄνθρωπος
2782 3389 3066 3461 άπ“άρχῆς
3095 3385 3335 3456 γεγονὼς
3362 3384 3468 3438 ὑπὸ
3495 3381 3590 3437 τοῦ
3625 3381 3782 3446 Θεοῦ,
3817 3385 3917 3436 καὶ
3949 3385 4006 3435 ἐν

2404 3484 2484 3556 τῷ
2505 3482 2816 3553 παραδείσῳ
2841 3479 3037 3543 τεθεὶς,
3059 3477 3158 3548 τὴν
3179 3476 3400 3548 ἐντολὴν
3418 3494 3493 3529 πα
3504 3474 3697 3544 ραὸὰς,
3725 3477 3792 3543 τῇ
3829 3474 4010 3544 φθορᾷ

2407 3577 2504 3633 καὶ
2535 3575 2614 3646 τῷ
2644 3573 2859 3643 θανάτῳ
2891 3571 3194 3625 ὑπέπεσενο
3227 3564 3344 3620 εἶτα
3372 3570 3440 3639 τῇ
3476 3565 3699 3638 ποικίλῃ
3736 3567 3831 3620 τοῦ
3867 3566 4007 3619 Θεοῦ

2410 3668 2642 3741 προνοίᾳ
2668 3663 2810 3720 κατὰ
2837 3665 3020 3718 πᾶσαν
3068 3660 3263 3730 γενεὰν
3297 3662 3390 3741 καὶ
3419 3659 3616 3728 γενεὰν
3653 3658 4010 3729 κυϐερνώμε-

2410 3740 2536 3824 νος.
2573 3757 2840 3829 ἐπέμενεν
2881 3755 2976 3809 ἐπὶ
3012 3755 3073 3809 τὸ
3122 3757 3306 3824 χεῖρον
3337 3740 3670 3823 ’προκόπτων
3695 3795 3712 3819 ,
3743 3752 3854 3805 ὑπὸ
3901 3751 4014 3804 τῶν

2415 3852 2676 3908 ποικίλων
2698 3849 2801 3929 τῆς
2861 3847 3063 3918 σαρκὸς
3109 3847 3454 3917 παθημάτων
3499 3844 3770 3915 ἀγόμενος
3793 3843 3876 3914 τῷ
3907 3845 4016 3897 άπ-

731 3923 1039 3944 --Ἷ--νην
1144 3923 1161 3937 .
1519 3923 1536 3930 -
1648 3923 1664 3927 -
1852 3923 1866 3924 ,

731 3979 895 4036 quem
942 3960 1110 4014 varia:
1154 3955 1338 4012 carnis
1376 3951 1653 4008 illecebrae
1712 3963 1777 4003 ac
1818 3946 2081 4002 libidines
2101 3943 2174 4000 ad
2217 3943 2314 3997 de-

2418 3944 2669 4015 ελπισμῷ
2711 3924 2812 4013 τῆς
2869 3940 3047 4012 ζωῆς’
3084 3940 3278 3994 τούτου
3309 3940 3470 4009 χάριν
3503 3940 3530 3990 6
3580 3936 3880 4008 μονογενὴς
3919 3936 4016 3988 τοῦ

730 4052 1067 4128 sperationis
1107 4061 1390 4121 postremo
1431 4042 1756 4098 barathrum
1805 4039 2092 4108 adigerent
2133 4053 2148 4088 :
2190 4049 2312 4089 eam

730 4125 804 4203 ob
830 4159 969 4208 rem,
1021 4139 1340 4210 unigenitus
1383 4134 1482 4189 Dei
1537 4132 1730 4196 Filius,
1775 4130 1991 4185 saeculis
2034 4125 2316 4195 antiquius

731 4238 975 4294 Verbum
1023 4249 1090 4288 ex
1121 4234 1231 4287 Deo
1261 4231 1425 4286 Patre
1472 4225 1767 4288 exsistcns,
1813 4221 1940 4276 fons
1982 4219 2072 4274 ille
2101 4218 2227 4272 vitae
2254 4231 2318 4271 ac

734 4325 1185 4391 immortalitatis,
1233 4320 1397 4378 nobis
1441 4315 1715 4388 apparuit,
1769 4314 1863 4384 qui
1896 4310 2225 4367 sedebamns
2262 4308 2319 4363 in

733 4418 980 4476 tenebris
1012 4425 1068 4470 et
1096 4413 1288 4468 umbra
1318 4407 1513 4462 mortis
1549 4406 1599 4471 ¹;
1640 4405 1958 4458 incarnatus
2003 4401 2072 4456 de
2110 4400 2320 4470 Spiritu

735 4516 930 4565 sancto
961 4516 1138 4573 exque
1166 4506 1356 4554 sancta
1375 4493 1624 4564 Virgine,
1647 4493 1774 4546 vitae
1802 4489 1964 4544 nobis
1989 4487 2086 4542 Dei
2112 4487 2323 4542 aemulae

734 4601 1008 4657 rationem
1072 4589 1352 4655 ostendit;
1418 4584 1738 4654 sanctisque
1795 4580 2071 4636 mandatis
2099 4590 2324 4634 contra-

737 4692 891 4756 ditis,
959 4704 1026 4745 ac
1081 4687 1356 4743 cmlorum
1423 4693 1655 4749 regnum
1705 4675 2006 4746 pollicitus,
2060 4674 2170 4738 bis,
2228 4671 2322 4742 qui

738 4785 959 4840 illorum
980 4777 1274 4848 disciplina
1291 4773 1569 4835 viverent,
1591 4778 1970 4836 aeternumque
1994 4763 2326 4834 supplicium

737 4890 935 4932 eorum
978 4872 1199 4926 violatae
1256 4862 1546 4935 religionis
1595 4867 1754 4915 reatu
1796 4857 2165 4913 comminatus
2198 4871 2211 4908 :
2242 4869 2329 4909 sa-

739 4966 908 5025 lutari
951 4962 1196 5031 denique
1248 4956 1582 5028 perfunctus
1613 4951 1891 5024 passione,
1945 4963 2122 5019 exque
2183 4961 2331 5001 mor-

745 5059 860 5115 tuis
891 5055 1217 5116 suscitatus,
1236 5043 1664 5105 resurrectionis
1685 5051 2011 5110 mternaeque
2031 5039 2155 5094 vitae
2177 5053 2331 5108 spem

742 5151 905 5207 nobis
919 5145 1228 5203 liberaliter
1250 5137 1558 5204 concessit;
1582 5134 2000 5208 progenitorum
2029 5139 2333 5202 transgres-

2417 4037 2552 4091 Θεοῦ
2585 4038 2737 4099 Υἱὸς,
2766 4037 2795 4089 6
2845 4031 3172 4106 προαιὼνιος
3201 4030 3372 4098 Λόγος
3421 4031 3449 4082 6
3488 4031 3553 4082 ἐκ
3585 4027 3723 4081 Θεοῦ
3768 4027 4016 4097 Πατρὸς,

2419 4135 2453 4204 ἡ
2484 4129 2637 4200 πηγὴ
2672 4131 2773 4200 τῆς
2804 4127 2951 4196 ζωῆς
2977 4125 3070 4180 καὶ
3093 4128 3192 4195 τῆς
3217 4122 3521 4184 ἀθανασίας
3541 4162 3555 4184 ,
3575 4119 3852 4188 ἐπέφανεν
3886 4120 4017 4188 ἡμῖν

2421 4228 2531 4288 τοῖς
2564 4225 2621 4277 ὲν
2655 4222 2833 4275 σκότει
2861 4219 2954 4274 καὶ
2979 4219 3106 4287 σκιᾷ
3137 4215 3372 4270 Θανάτου
3399 4213 3734 4284 καθημένοις
3753 4227 3766 4241 ·
3801 4229 4021 4279 σαρκω-

2422 4315 2536 4378 θεὶς
2569 4314 2634 4366 ὲκ
2657 4312 2972 4382 Πνεῦματος
3011 4309 3194 4377 άγίου,
3228 4308 3324 4361 καὶ
3366 4308 3467 4374 τῆς
3498 4307 3661 4374 ἁγίας
3693 4305 4017 4375 Παρθένου·

2423 4405 2517 4458 καὶ
2545 4401 2822 4456 πολιτείαν
2853 4401 2986 4470 ἡμῖν
3016 4397 3285 4461 θεοειδοῦς
3311 4399 3457 4466 ζωῆς
3494 4395 3741 4459 ἐπέδειξε
3765 4411 3780 4423 ο
3812 4396 3908 4447 καὶ
3939 4396 4022 4446 ὲνο

2425 4493 2585 4556 τολὰς
2617 4491 2776 4559 ἁγίας
2799 4487 3068 4551 δεδωκὼς,
3099 4490 3195 4542 καὶ¹
3245 4487 3526 4558 βασιλείαν
3559 4486 3812 4557 οὐρανῶν
3848 4487 4022 4552 ἑπαγ-

2425 4583 2745 4653 γειλᾶμενος
2771 4581 2883 4642 τοῖς
2908 4577 3028 4631 κατ’
3065 4577 3236 4640 αὑτὰς
3285 4575 3750 4645 πολιτευομένοις,
3783 4577 3882 4628 καὶ
3928 4575 4020 4627 κό-

2427 4675 2584 4728 λασιν
2633 4671 2852 4728 αἰώνιον
2906 4671 3020 4732 τοῖς
3069 4667 3504 4739 παραϐαίνουσιν
3550 4666 3894 4738 ἀπειλήσας·
3929 4668 4022 4721 καὶ

2429 4761 2621 4818 παθὼν
2646 4761 2708 4819 τὸ
2745 4759 3013 4830 σωτήριον
3045 4758 3248 4824 πάθος,
3286 4758 3383 4810 καὶ⁹
3420 4760 3485 4811 ὲκ
3511 4758 3724 4828 νεκρῶν
3755 4756 4019 4821 ἀναστὰς,

2427 4858 2528 4929 τὴν
2559 4853 2752 4908 ἐλπίδα
2795 4851 2900 4922 τῆς
2943 4849 3297 4914 ἀναστάσεως
3331 4851 3428 4904 καὶ
3478 4852 3575 4920 τῆς
3609 4850 3838 4904 αἰωνίου
3878 4849 4021 4918 ζωῆς

2431 4949 2746 5022 ἐδωρήσατο
2779 4947 2910 5015 ἡμῖν
2936 4941 3062 5015 [Fu
3095 4943 3334 5012 alterque
3383 4941 3460 4996 Μ.
3504 4943 3634 5012 ἡμῖν
3659 4943 4022 5014 ἐχαρίσατοιο

2432 5043 2495 5098 τὸ
2552 5039 2870 5108 κατάκριμα
2901 5035 2967 5089 δι’
2999 5033 3250 5104 ὑπακοῆς
3301 5033 3472 5096 λύσας
3528 5033 3626 5103 τῆς
3689 5036 4024 5104 προγονικῆς

2435 5133 2712 5207 ἁμαρτίας
2735 5149 2752 5166 σ
2781 5129 2954 5185 καὶτὸ
2983 5129 3184 5202 κράτος
3201 5127 3296 5181 τοῦ
3315 5127 3551 5181 θανάτου
3582 5125 3806 5198 θανάτῳ
3826 5145 4026 5199 καταρ-

743 5243 920 5300 sionis
967 5249 1203 5302 reatum,
1243 5231 1575 5289 obedientia:
1622 5229 1842 5283 solvens
1881 5239 2110 5280 munere
2135 5263 2150 5286 ,
2184 5238 2318 5277 mor-

2435 5232 2609 5303 γήσας
2630 5246 2644 5260 ’
2681 5228 2793 5292 ἵνα,
2828 5225 3034 5296 ὥσπερ
3067 5226 3138 5280 ἐν
3166 5224 3246 5290 τῷ
3287 5224 3472 5294 Ἀδὰμ
3501 5224 3728 5290 πάντες
3766 5221 4026 5288 ἀποθνή-

744 5335 927 5405 tisque
981 5328 1274 5400 imperium
1311 5331 1490 5380 morte
1547 5321 1840 5376 destruens
1868 5319 1888 5349 ²
1916 5335 1931 5383 ;
1964 5325 2043 5378 ut,
2089 5318 2223 5371 sicut
2274 5317 2318 5369 in

2436 5319 2924 5387 σκουσιν,οϋτως
2939 5319 3009 5372 ἐν
3027 5316 3186 5382 αὐτῷ
3211 5315 3435 5384 πάντες
3461 5315 4022 5383 ζωοποιηθήσονται·

744 5427 919 5484 Adam
970 5439 1148 5479 omnes
1201 5419 1520 5480 moriuntur,
1565 5416 1640 5470 sic
1674 5416 1730 5468 in
1764 5429 1822 5466 eo
1864 5427 2042 5466 omnes
2070 5409 2332 5478 viviﬁcan-

748 5529 838 5574 τιυ-
881 5519 940 5570 ³;
973 5515 1141 5588 368
1193 5511 1607 5579 ascendensque
1642 5507 1698 5561 in
1742 5505 1913 5561 caelos
1960 5513 2015 5558 et
2046 5503 2113 5557 ad
2155 5501 2334 5556 Patris

749 5614 1033 5670 dexteram
1087 5607 1309 5671 sedens,
1347 5604 1618 5675 Spiritum
1665 5609 1918 5656 sanctum
1965 5599 2018 5651 in
2068 5597 2194 5651 vita:
2241 5611 2332 5649 ar-

750 5704 1057 5760 rhabonem
1096 5698 1247 5754 misit
1315 5705 1378 5752 ut
1406 5694 1614 5750 nostris
1640 5692 1842 5747 animis
1871 5689 2332 5744 illuminationem

2439 5415 2535 5470 ml.
2563 5419 2643 5476 et;
2671 5412 2937 5482 οὐρανοὺς
2965 5409 3227 5475 ἀνελθὼν,
3263 5410 3358 5463 καὶ
3394 5411 3454 5463 ὲν
3495 5407 3642 5480 δεξιᾷ
3674 5407 3775 5460 τοῦ
3817 5407 4026 5479 Πατρδς

2439 5503 2749 5565 καθεσθεὶς,
2785 5502 2847 5554 τὸ
2885 5501 3109 5570 Πνεῦμα
3131 5501 3193 5554 τὸ
3233 5501 3390 5569 ἆγιον
3429 5498 3790 5568 κατέπεμψεν
3819 5500 3904 5562 εἰς
3933 5499 4024 5568 ἀῤ-

2442 5592 2663 5665 ραϐὦνα
2691 5593 2789 5662 τῆς
2818 5591 2995 5661 ζωῆς·
3027 5593 3122 5646 καὶ
3171 5584 3251 5655 είς
3305 5589 3585 5661 φωτισμὸν
3623 5589 3722 5642 καὶ
3758 5587 4027 5659 άγιασμδν

2439 5685 2547 5738 τῶν
2577 5684 2863 5757 ἡμετέρων
2892 5684 3114 5756 ψυχῶν·
3152 5685 3246 5738 καὶ
3271 5685 3348 5748 είς
3389 5680 3645 5753 βοήθειαν
3675 5679 3788 5732 τῶν
3835 5683 4028 5748 ἀγωνι-

827 5849 845 5883 ¹
875 5846 979 5902 lsa.
1011 5858 1084 5912 Ix,
1121 5842 1185 5907 2;
1220 5839 1412 5895 Matth.
1453 5855 1526 5901 IV,
1572 5836 1657 5890 16.
1737 5835 1756 5864 ²
1793 5831 1963 5888 llcbr.
1993 5848 2049 5897 ιι,
2082 5831 2166 5884 Μ.
2247 5831 2264 5860 ³
2293 5829 2313 5883 l
2347 5827 2472 5884 Cor.
2509 5843 2596 5891 xv,
2643 5827 2714 5880 24
