4218 6432
252 384 360 444 913

1524 379 1756 440 LIBER
1791 377 2221 440 ASCETICUS.

3380 388 3484 454 914

250 499 496 567 ζομὲνωιν
543 496 682 568 ὑπὲρ
727 497 822 566 τῆς
865 496 1064 548 ἑαυτῶν
1123 493 1403 563 σωτηρίας
1444 491 1678 561 φυλάξαι
1727 490 1824 553 τάς
1852 495 1897 550 Α

1821 508 1824 517 ’
1852 495 1897 550 Α
1925 506 1988 546 ac
2012 492 2429 545 sanctimoniam
2471 493 2697 557 tribuat,
2724 499 3058 564 praestetque
3083 496 3345 551 auxilium
3380 500 3487 566 his,

150 611 154 614 ~
250 589 472 650 ἐντολὰς
509 588 696 642 αὐτοῦ.
724 582 888 650 Οὗτος
931 582 997 656 ἦν
1032 589 1061 640 6
1090 583 1295 646 σκοπὸς
1343 586 1441 654 τῆς
1483 582 1578 636 τοῦ
1614 581 1820 653 Κυρίου

247 679 740 750 ὲνανθρωπήσεως,
769 678 844 742 ὼς
874 679 932 731 ὲν
968 677 1217 746 συντόμῳ
1250 676 1445 729 εἰπεῖν.

325 860 388 928 β’.
417 859 527 912 Kal
547 860 575 911 6
613 857 867 926 Ἀδελφὸς
887 851 1013 910 εἶτα
1029 872 1043 886 °
1076 855 1240 918 Ποίας
1266 849 1359 908 οὖν
1387 851 1603 915 ὲνι-ολάς
1625 851 1822 921 ὀφείλω

247 953 522 1021 ποιῆσαι,
556 951 771 1019 Πάτερ,
810 950 896 1001 ἵνα
930 949 996 1001 δι’
1031 946 1212 1000 αὐτῶν
1263 946 1442 1011 σωθῶ,
1475 945 1665 1016 ἠθελον
1702 961 1822 998 συν-

246 1042 436 1108 τόμως
487 1039 737 1092 ἀκοῦσαι.
786 1039 897 1092 Καὶ
939 1037 1213 1108 ἀπεκρίθη
1250 1039 1279 1090 6
1326 1037 1505 1106 γέρων
1541 1051 1555 1065 ·
1591 1034 1764 1096 Αὐτὸς
1795 1036 1824 1087 6

247 1131 458 1201 Κύριος
498 1125 618 1183 εἷπε
657 1130 795 1200 μετά
827 1130 924 1200 τὴν
970 1131 1268 1182 ἀνάστασιν
1317 1129 1430 1191 τοῖς
1482 1126 1817 1188 ἀποστόλοις·

247 1221 672 1288 Πορευθέντες,
719 1221 1136 1291 μαθητεύσατε
1170 1218 1368 1274 πάντα
1405 1217 1478 1272 τὰ
1519 1218 1664 1284 ἔθνη
1683 1217 1825 1280 ’βα-

247 1313 560 1378 πτίζοντες
581 1314 803 1379 αὐτοὺς
848 1315 934 1378 είς
964 1314 1030 1366 τὸ
1073 1311 1260 1381 ὄνομα
1296 1310 1403 1365 τοῦ
1456 1310 1687 1376 Πατρός
1723 1309 1822 1361 καί

247 1405 370 1458 τοῦ.
394 1404 529 1458 Υίοῦ
560 1404 788 1457 καὶτοῦ
824 1404 997 1473 ἁγίου
1041 1402 1382 1471 Πνεύματος
1404 1397 1824 1463 ’διδάσκοντες

247 1495 476 1560 αὐτοὺς
496 1494 695 1562 τηρεῖν
711 1494 904 1546 πάντα
929 1494 1047 1546 ὅσα
1071 1489 1460 1559 ἐνετειλάμην
1478 1489 1639 1557 ὑμῖν.
1662 1488 1826 1539 Ὥστε

247 1582 346 1637 οὖν
366 1587 468 1638 ὅσα
500 1585 802 1638 ἐνετείλατο
835 1585 915 1637 δεῖ
955 1585 1140 1655 τηρεῖν
1164 1624 1177 1646 ,
1199 1584 1375 1636 πάντα
1415 1582 1702 1652 ἄνθρωπον
1731 1579 1826 1648 βα-

250 1677 551 1730 πτισθέντα
589 1679 667 1739 είς
698 1676 759 1728 τὸ
792 1677 964 1747 ὄνομα
988 1678 1086 1747 τῆς
1113 1676 1378 1740 ζωοποιοῦ
1409 1677 1504 1729 καὶ
1529 1675 1824 1746 θεαρχικῆς

251 1771 507 1839 Τριάδος.
532 1770 738 1823 Τούτου
762 1769 870 1840 γὰρ
898 1771 1058 1838 χάριν
1087 1772 1149 1839 τῇ
1184 1769 1317 1839 ὀρθῇ
1350 1767 1530 1820 πίστει
1563 1769 1592 1821 6
1623 1769 1825 1838 Κύριος

1921 584 2016 652 qui
2049 601 2151 654 pro
2186 600 2286 639 sua
2341 586 2516 640 salute
2558 588 2815 642 mandata
2865 603 3088 644 servare
3129 592 3485 650 contendunt.

1921 673 2022 729 Hic
2068 676 2329 730 nimirum
2376 676 2521 742 ﬁnis,
2551 691 2730 746 eoque
2758 687 2989 747 spectat,
3039 681 3187 750 quod
3227 683 3491 742 Dominus

1922 767 2085 820 homo
2137 768 2334 832 factus,
2395 777 2456 822 ut
2518 768 2598 822 sic
2647 769 2836 838 paucis
2881 770 3081 825 dicam.

1989 858 2043 912 2.
2080 858 2332 926 Dixitque
2387 859 2556 913 frater
2599 876 2612 912 :
2649 859 2828 915 Velim
2859 874 2927 915 ex
2956 867 3030 926 te,
3057 863 3238 927 Pater,
3288 865 3481 933 paucis

1921 945 2147 1012 audire,
2203 963 2452 1018 quaenam
2483 965 2568 1004 me
2601 959 2854 1020 Oporteat
2907 952 3165 1007 mandata
3197 953 3398 1020 facere,
3431 965 3492 1012 ut

1921 1056 2020 1110 per
2053 1041 2146 1096 illa
2194 1056 2420 1111 compos
2461 1042 2652 1098 salutis
2679 1044 2902 1100 eﬁiciar.
2948 1046 3257 1116 Respondit
3284 1064 3488 1104 senex:

1922 1130 2042 1199 lpse
2066 1132 2345 1197 Dominus,
2379 1147 2506 1186 cum
2532 1148 2600 1187 ex
2639 1134 2873 1189 mortuis
2908 1137 3326 1202 resurrexisset,
3353 1137 3489 1195 dixit

1923 1220 2240 1290 discipulis:
2264 1223 2484 1288 Euntes,
2514 1224 2690 1277 docete
2723 1240 2900 1278 omnes
2937 1234 3134 1296 gentes,
3167 1228 3489 1298 baptizautes

1923 1327 2007 1364 eos
2059 1313 2113 1363 in
2159 1315 2367 1367 nomine
2427 1313 2606 1368 Patris
2650 1322 2702 1368 et
2750 1314 2874 1370 Filii
2925 1326 2975 1370 et
3026 1315 3254 1388 Spiritus
3297 1320 3489 1385 sancti,

1923 1402 2159 1456 docentes
2205 1420 2289 1457 eos
2313 1421 2523 1459 seruare
2551 1407 2750 1471 omnia,
2779 1423 3098 1478 quaecunque
3123 1410 3369 1463 mandavi
3399 1426 3489 1463 uo-

1924 1495 2001 1548 bis
2031 1495 2070 1547 δ.
2096 1494 2460 1560 Quamobrem
2491 1498 2675 1551 omnia
2704 1513 2925 1553 servare
2958 1514 3184 1554 necesse
3213 1507 3315 1564 est,
3340 1517 3491 1570 qum-

1924 1593 2140 1654 cunque
2191 1587 2488 1649 mandavit,
2539 1589 2786 1658 quisquis
2816 1589 3128 1644 mortalium
3173 1591 3228 1644 in
3269 1591 3492 1646 nomine

1924 1675 2152 1730 viviﬁca:
2197 1692 2260 1731 ac
2303 1678 2510 1732 deiﬁcm
2570 1678 2856 1733 Trinitatis
2913 1679 3219 1748 baptizatus
3259 1689 3366 1734 est.
3405 1681 3494 1735 Id-

1926 1766 2074 1820 circo
2111 1767 2257 1822 enim
2292 1769 2556 1824 Dominus
2594 1778 2756 1823 recta:
2783 1769 2908 1824 ﬁdei
2947 1771 3192 1824 omnium
3231 1771 3490 1824 observa-

248 1823 356 1930 την
387 1823 576 1913 πασῶν
604 1861 714 1914 τῶν
767 1823 997 1914 ἐντολῶν
1048 1823 1332 1925 συδέξέυέὲ
1365 1860 1596 1929 τήρησιν
1614 1873 1626 1888 ⁶
1653 1823 1728 1921 ὡς
1751 1823 1825 1910 ei;
1853 1823 1899 1881 Β

1822 1823 1899 1900 ιθ
1929 1858 2129 1912 tionem
2175 1859 2555 1913 mandatorum
2602 1858 2898 1928 copulavit,
2933 1860 3136 1930 quippe
3170 1861 3265 1930 qui
3303 1862 3488 1926 sciret,

251 1948 380 2011 δὼς,
421 1949 502 2000 ὅτι
533 1949 812 2018 ἀμήχανον
839 1950 938 2019 τὴν
974 1949 1101 2020 μίαν
1132 1947 1540 2017 διαξευχθεῖσαν
1565 1946 1664 2016 τῆς
1698 1949 1827 2018 μιᾶς

255 2038 456 2101 σώζειν
496 2040 588 2091 τὸν
638 2041 944 2109 ἄνθρωπον.
983 2039 1082 2092 Διά
1123 2038 1282 2091 τοῦτο
1336 2039 1430 2091 καὶ
1473 2040 1502 2089 6
1537 2036 1700 2090 Aa6l6
1728 2036 1826 2106 τὴν

253 2131 423 2201 ὀρθὴν
491 2131 671 2183 πίστιν
718 2131 854 2200 ἔχων
879 2170 895 2194 ,
931 2130 1068 2200 πρὸς
1120 2130 1211 2184 τὸν
1254 2129 1386 2183 Θεὸν
1439 2129 1592 2197 ἔλεγε
1619 2145 1633 2159 ο
1673 2128 1827 2195 Πρὸς

253 2221 461 2287 πάσας
493 2222 602 2286 τὰς
643 2222 896 2288 ἐντολάς
937 2239 1054 2276 σου
1115 2222 1580 2291 κατωρθούμην·
1622 2218 1828 2274 πᾶσαν

253 2311 402 2366 ὁδὸν
426 2313 634 2366 ἄδικον
648 2313 930 2380 ἐμίσησα.
948 2312 1104 2364 Κατὰ
1132 2313 1239 2382 γὰρ
1267 2312 1447 2380 πάσης
1473 2310 1592 2364 6606
1619 2309 1826 2373 ἀδίκου,

254 2407 429 2458 πᾶσαι
456 2407 587 2474 ἡμῖν
615 2406 671 2458 al
707 2405 920 2458 ἐντολαὶ
948 2404 1052 2458 ὑπὸ
1098 2403 1191 2457 τοῦ
1225 2405 1432 2474 Κυρίου
1462 2403 1792 2474 δεδώρηνται
1811 2421 1824 2435 ”

255 2498 351 2549 καὶ
389 2497 485 2549 ὲάν
540 2496 881 2568 παραλειφθῇ
940 2497 1038 2566 μία
1066 2536 1080 2561 ,
1107 2497 1208 2565 τὴν
1254 2495 1638 2565 ἀντικειμένην
1687 2494 1825 2567 αὐτῇ

255 2589 374 2642 ὁδὸν
395 2589 494 2657 τῆς
513 2589 713 2650 κακίας
733 2589 1044 2656 ἀντεισάγει
1069 2587 1305 2651 πάντως.

331 2770 402 2832 γ’.
422 2765 530 2817 Kal
561 2761 713 2818 εἶπεν
736 2766 764 2818 6
806 2763 1078 2833 Ἀδελφός·
1112 2766 1221 2817 Kal
1252 2763 1334 2828 τίς
1358 2763 1598 2830 δύναται,
1623 2763 1828 2835 Πάτερ,

256 2857 462 2930 [πάσας
485 2859 583 2922 τὰς
607 2859 842 2922 ἐντολὰς,
860 2857 1124 2919 τοσαύτας
1148 2875 1212 2925 γε
1228 2856 1410 2921 οὕσας,
1440 2859 1614 2911 ποιεῖν
1636 2874 1650 2923 ;
1687 2859 1828 2928 Ἔφη

255 2953 284 3004 6
317 2952 532 3022 γέρωνο
576 2951 633 3003 'O
677 2951 768 3002 16v
819 2950 1022 3020 Κύριον
1077 2949 1482 3019 ἐκμιμούμενος
1508 2991 1522 3013 ,
1560 2950 1653 3002 καὶ
1708 2948 1829 3003 κατ’

257 3042 402 3108 ῐχνος
433 3040 579 3109 αὐτῷ
608 3038 1010 3092 ἐπακολουθῶν.
1043 3039 1153 3091 Kal
1174 3033 1327 3090 εἶπεν
1361 3040 1389 3090 6
1431 3038 1698 3106 Ἀδελφόςο
1721 3039 1828 3090 Καὶ

1925 1950 2048 2005 ﬁeri
2099 1966 2210 2005 non
2256 1966 2438 2020 posse,
2495 1959 2557 2005 ut
2615 1966 2788 2007 unum
2831 1951 2900 2006 ab
2933 1952 3107 2006 altero
3159 1953 3492 2022 disiunctum

1924 2041 2156 2094 salutem
2197 2040 2405 2095 homini
2443 2049 2746 2108 praestaret.
2779 2041 3076 2111 Propterea
3104 2041 3266 2096 etiam
3296 2043 3488 2107 David,

1925 2131 2020 2199 qui
2068 2139 2219 2186 certa
2278 2131 2543 2200 przeditus
2586 2130 2694 2185 ﬁde
2735 2139 2902 2196 esset,
2962 2133 3030 2186 ad
3071 2133 3363 2187 Dominum
3405 2132 3491 2186 di-

1926 2219 2085 2274 cebat
2113 2237 2125 2273 :
2173 2220 2254 2274 Ad
2300 2221 2482 2274 omnia
2537 2220 2792 2273 mandata
2826 2228 2919 2274 tua
2951 2220 3213 2290 dirigebar
3242 2236 3260 2274 :
3286 2237 3493 2275 omnem

1929 2311 2072 2363 uiam
2145 2311 2388 2379 iniquam
2459 2310 2577 2363 odio
2654 2309 2812 2364 habui
2857 2311 2902 2362 ⁸.
2983 2309 3261 2364 Adversus
3340 2310 3489 2364 enim

1926 2415 2144 2455 omnem
2190 2401 2336 2455 viam
2376 2400 2704 2470 iniquitatis,
2739 2401 2921 2455 omnia
2957 2401 3117 2456 nobis
3175 2415 3208 2454 a
3259 2400 3490 2455 Domino

1927 2491 2183 2546 mandata
2229 2491 2429 2546 donata
2478 2499 2653 2545 sunt:
2688 2506 2751 2546 ac
2790 2492 2834 2546 si
2877 2490 2961 2546 vel
3020 2505 3191 2545 unum
3231 2490 3490 2556 defuerit,

1927 2584 2193 2638 contrarii
2240 2583 2361 2638 vitii
2410 2583 2555 2639 viam
2612 2597 2679 2639 ac
2723 2582 2944 2639 malitia:
2986 2584 3211 2639 omnino
3250 2583 3494 2640 vicissim

1927 2674 2159 2731 inducit.

1997 2765 2050 2818 '5.
2079 2765 2335 2835 Dixitque
2398 2764 2568 2819 frater
2622 2765 3011 2835 :Ecquisnam,
3071 2765 3254 2830 Pater,
3310 2766 3495 2820 omnia

1930 2856 2204 2921 mandata,
2235 2871 2356 2925 quae
2389 2864 2496 2910 tam
2538 2856 2709 2911 multa
2742 2856 2872 2922 sint,
2907 2856 3133 2927 exsequi
3165 2857 3385 2926 potest?
3410 2856 3494 2912 Ad

1928 2962 2090 3017 quem
2123 2961 2330 3002 senex:
2369 2946 2473 3012 Qui
2514 2946 2809 3002 Dominum
2849 2947 3116 3012 imitatur,
3147 2955 3314 3016 atque
3349 2946 3496 3002 illius

1927 3038 2159 3108 vestigia
2196 3038 2467 3107 sequitur.
2516 3037 2653 3091 Tum
2680 3037 2851 3092 frater
2893 3055 2907 3090 :
2939 3021 3202 3104 Quisnam
3228 3051 3362 3092 vero
3391 3037 3496 3091 Do-

253 3134 337 3194 τίς
358 3130 602 3202 δύναται]
633 3134 723 3184 τὸν
757 3132 958 3199 Κύριον
1004 3129 1375 3201 μιμήσασθαι;
1399 3133 1426 3182 6
1469 3129 1576 3197 γὰρ
1624 3131 1827 3200 Κύριος
1853 3160 1899 3224 c

1853 3160 1899 3224 ο
1929 3128 2137 3182 minum
2169 3128 2372 3183 imitari
2410 3129 2626 3197 potest?
2678 3129 2942 3183 Dominus
2966 3129 3115 3182 enim
3159 3129 3304 3183 Deus
3354 3135 3493 3195 erat,

253 3221 322 3296 ἦν
349 3224 503 3286 Θεὸς,
540 3225 587 3275 εἰ
609 3223 702 3276 καὶ
731 3222 1012 3292 ἄνθρωπος
1038 3222 1258 3289 γέγονεν
1275 3238 1288 3253 ·
1321 3220 1430 3289 ἐγὼ
1455 3221 1510 3272 δὲ
1537 3221 1826 3291 ἄνθρωπός
1864 3219 1897 3224 ⁷

1864 3219 1897 3224 ⁷
1928 3221 2143 3273 tametsi
2184 3220 2349 3273 homo
2397 3219 2576 3274 factus
2626 3227 2784 3274 erat:
2820 3234 2923 3290 ego
2951 3228 3134 3274 autem
3173 3220 3338 3274 homo
3365 3234 3494 3288 pec-

257 3318 374 3385 είμι
407 3315 746 3385 ἁμαρτωλὸς,
771 3314 865 3366 καὶ
901 3314 1115 3382 μυρίοις
1160 3311 1354 3364 πάθεσι
1393 3311 1784 3382 δεδουλωμένος
1809 3331 1822 3345 ο

256 3407 377 3468 πῶς
406 3403 499 3459 οὖν
525 3405 762 3474 δύναμαι
793 3403 884 3455 τὸν
936 3402 1139 3472 Κύριον
1183 3401 1560 3471 μιμήσασθαι;
1585 3403 1692 3456 Kal
1721 3405 1825 3456 ἀπ-

256 3498 451 3567 εκρίθη
485 3500 514 3549 6
542 3497 719 3566 γέρων
744 3511 758 3526 ⁶
793 3494 912 3547 Τῶν
944 3497 1010 3564 τῇ
1060 3493 1158 3561 ὕλῃ
1188 3491 1280 3544 τοῦ
1323 3492 1526 3560 κόσμου
1568 3490 1825 3546 δεδουλω-

261 3588 458 3658 μένων,
494 3587 664 3648 ούδεὶς
712 3586 932 3638 δύναται
982 3584 1074 3636 τὸν
1119 3583 1322 3652 Κύριον
1379 3582 1744 3652 μιμήσασθαι·
1775 3585 1824 3636 οί

255 3681 314 3735 δὲ
340 3680 624 3749 δυνάμενοι
654 3678 832 3744 λέγειν
852 3694 864 3706 ·
894 3675 1050 3730 Ἰδοὺ
1079 3675 1247 3744 ἡμεῖς
1277 3675 1594 3742 ἀφήκαμεν
1610 3674 1823 3740 πάντα,

255 3772 355 3827 καί
384 3770 890 3838 ἠκολουθήσαμέν
911 3784 1010 3821 σοι
1030 3785 1043 3797 ·
1071 3769 1268 3821 ἐκεῖνοι
1297 3766 1362 3819 λα
1371 3766 1633 3837 μϐάνουσι
1676 3767 1828 3822 δύνα·

259 3882 354 3935 μιν
390 3862 484 3916 τοῦ
517 3880 576 3916 τε
621 3861 966 3932 μιμήσασθαι
1002 3859 1187 3923 αὑτὸν,
1227 3859 1322 3913 καὶ
1353 3858 1447 3912 τοῦ
1481 3858 1617 3928 πρὸς
1649 3859 1827 3922 πάσας

254 3956 357 4018 τὰς
383 3955 598 4017 ἐντολὰς
628 3953 793 4007 αὐτοῦ
821 3951 1186 4017 κατορθῶσαι.
1212 3950 1321 4004 Καί
1343 3967 1508 4019 φησιν
1544 3951 1820 4019 Ἀδελφός·

256 4049 425 4102 Ποίαν
462 4048 731 4118 δύναμινς
771 4045 1042 4115 ἀπεκρίθη
1081 4046 1109 4097 6
1142 4044 1341 4114 γέρων·
1391 4042 1564 4096 Αὑτοῦ
1595 4044 1826 4096 ἄκουσον

257 4139 508 4205 λέγοντος
553 4157 566 4170 ·
626 4137 782 4192 Ἰδοὺ
825 4136 1053 4190 δέδωκα
1097 4134 1241 4203 ὑμῖν
1271 4134 1565 4195 ἐξουσίαν
1616 4133 1827 4186 πατεῖν

256 4229 462 4284 ἐπάνω
495 4231 686 4296 ὄφεων
713 4227 811 4281 καί
844 4228 1177 4294 σκορπίων,
1219 4226 1318 4278 καὶ
1348 4227 1446 4279 ἐπὶ
1480 4227 1690 4284 πᾶσαν
1714 4225 1831 4288 τὴν

259 4301 524 4365 δύναμιν
587 4299 692 4353 τοῦ
741 4298 997 4366 ἐχθροῦο
1050 4299 1150 4370 καί
1195 4297 1378 4352 οὐδὲν
1416 4298 1575 4367 ὑμᾶς
1624 4298 1696 4351 οὐ
1742 4297 1830 4365 μὴ

259 4371 564 4435 ἀδικήσει.

1925 3318 2078 3363 cator
2122 3323 2264 3372 sum,
2296 3308 2714 3377 innumerisque
2760 3309 2912 3363 vitiis
2937 3324 3002 3364 ac
3027 3308 3314 3364 aﬁ‘ectibus
3339 3323 3496 3363 man-

1925 3400 2153 3470 cipatus.
2197 3398 2440 3466 Quanam
2484 3399 2653 3468 igitur
2690 3399 2904 3453 ratione
2947 3398 3241 3452 Dominum
3292 3398 3498 3452 imitari

1924 3491 2167 3561 possim?
2223 3491 2532 3561 Respondit
2588 3497 2772 3544 autem
2815 3504 3016 3544 senex:
3083 3489 3255 3543 Nemo
3303 3503 3498 3544 eorum

1925 3583 2016 3651 qui
2058 3581 2286 3637 terrenis
2319 3581 2504 3635 saeculi
2555 3580 2723 3636 rebus
2754 3579 2956 3634 addicti
2992 3579 3173 3633 animo
3211 3587 3359 3645 sunt,
3387 3580 3496 3634 Do-

1926 3675 2132 3729 minum
2164 3674 2364 3737 imitari
2410 3681 2617 3743 potest;
2666 3671 2762 3726 sed
2795 3671 2855 3735 ii,
2896 3670 3100 3741 quibus
3143 3670 3380 3726 liberum
3413 3679 3498 3725 est

1925 3766 2106 3821 dicere
2145 3784 2157 3819 :
2189 3763 2320 3819 Ecce
2341 3782 2434 3818 nos
2469 3764 2777 3833 reliquimus
2809 3763 3009 3826 omnia,
3048 3768 3097 3814 et
3119 3762 3284 3816 secuti
3315 3777 3498 3815 sumus

1927 3867 1974 3912 te
2027 3858 2079 3923 °;
2121 3857 2199 3910 illi
2246 3857 2502 3910 virtutem
2538 3853 2838 3922 accipiunt,
2881 3860 2998 3907 tum
3046 3866 3174 3906 eum
3223 3851 3496 3917 imitandi,

1927 3956 2042 4002 tum
2096 3954 2155 4000 ut
2199 3947 2318 4013 ejus
2363 3945 2546 3999 omnia
2601 3943 2858 3997 mandata
2905 3942 3257 4012 adimplcant.
3301 3941 3499 4010 Aitquc

1926 4034 2135 4088 frater:
2203 4033 2505 4100 Quamnam
2569 4031 2875 4085 virtutem?
2919 4031 3226 4099 Respondit
3271 4045 3495 4084 senex:

1925 4123 2066 4178 Audi
2090 4139 2216 4178 eum
2247 4123 2553 4177 dicentem:
2581 4121 2707 4175 Ecce
2733 4121 2849 4173 dedi
2873 4120 3012 4174 vobis
3039 4128 3353 4190 potestatem
3384 4118 3499 4172 cal-

1927 4212 2080 4266 candi
2109 4227 2266 4282 super
2295 4221 2556 4279 serpentes
2590 4219 2641 4264 et
2679 4211 2996 4280 scorpiones,
3031 4219 3079 4263 et
3107 4227 3266 4280 super
3295 4226 3498 4264 omnem

1926 4304 2172 4356 uirtutem
2209 4303 2450 4356 inimici:
2491 4309 2538 4354 et
2568 4301 2700 4355 nihil
2750 4301 2886 4354 vobis
2937 4298 3132 4354 nocebit
3175 4300 3217 4352 '.

330 4495 394 4549 δ’.
435 4493 648 4564 Ταύτην
678 4493 778 4564 τὴν
806 4492 1034 4563 δύναμιν
1067 4494 1160 4546 καὶ
1190 4492 1291 4564 τὴν
1314 4492 1558 4558 ἐξουσίαν
1585 4492 1764 4546 λαϐὼν
1797 4497 1825 4548 6
1857 4491 1902 4546 D

1857 4491 1902 4546 D
1997 4495 2161 4565 369
2191 4496 2245 4549 4.
2270 4493 2381 4550 Hac
2403 4494 2608 4548 virtute
2635 4508 2698 4548 ac
2724 4499 2994 4562 potestate
3033 4498 3281 4561 accepta,
3317 4490 3501 4546 aiebat

258 4585 495 4649 Παῦλος,
523 4585 674 4651 ἔλεγε
693 4584 981 4653 ’Μιμηταί
1001 4601 1120 4651 μου
1147 4583 1408 4651 γίνεσθε,
1442 4583 1636 4648 καθὼς
1667 4583 1828 4655 κάγὼ

257 4675 540 4742 Χριστοῦ.
569 4674 678 4727 Καὶ
722 4674 916 4725 πάλινο
951 4672 1073 4725 Οὐκ
1128 4670 1262 4724 ἐστι
1325 4670 1442 4723 νῦν
1500 4671 1829 4741 κατάκριμα

257 4766 387 4826 τοῖς
417 4766 486 4818 ἐν
537 4762 767 4831 Χριστῷ
805 4760 1043 4829 Ἰησοῦ,
1079 4761 1165 4829 μὴ
1213 4760 1364 4814 κατὰ
1417 4760 1612 4829 σάρκα
1669 4776 1829 4830 περι·

257 4843 769 4918 πατοῦσιν,ἀλλὰ
811 4853 960 4907 κατὰ
985 4853 1239 4920 πνεῦμα.
1287 4853 1396 4906 Kal
1448 4853 1635 4907 πάλινο
1668 4857 1732 4907 Ol
1763 4854 1831 4906 δὲ

260 4947 368 5002 τοῦ
407 4944 674 5014 Χριστοῦ
697 4987 712 5009 ,
743 4944 858 5010 τὴν
882 4941 1079 5010 σάρκα
1112 4941 1507 5008 ἐσταύρωσαν
1555 4943 1675 4996 σὺν
1707 4942 1831 5008 τοῖς

259 5037 579 5106 παθήμασι
612 5035 711 5088 καί
755 5033 882 5099 ταῖς
917 5032 1273 5100 ἐπιθυμίαις.
1302 5033 1409 5085 Kal
1440 5033 1599 5086 πάλιν
1619 5050 1632 5063 ·
1667 5016 1830 5103 Ἐμοί

1927 4588 2126 4641 Paulus
2163 4604 2176 4639 :
2214 4586 2511 4641 Imitatores
2542 4585 2643 4637 mei
2672 4591 2852 4649 estote,
2873 4584 3006 4636 sicut
3034 4589 3083 4635 et
3108 4597 3200 4651 ego
3229 4580 3423 4635 Christi
3449 4582 3493 4634 ⁸.

1928 4678 1995 4732 Et
2025 4677 2224 4730 iterum
2262 4695 2274 4730 :
2317 4675 2479 4729 Nulla
2510 4676 2630 4745 jam
2667 4675 2942 4728 damnatio
2983 4683 3059 4727 est
3096 4674 3207 4737 his,
3242 4674 3332 4742 qui
3378 4682 3499 4725 sunt

1928 4771 1983 4823 in
2014 4768 2215 4824 Christo
2245 4769 2370 4822 Iesu
2390 4785 2406 4831 ;
2441 4769 2529 4837 qui
2571 4783 2674 4821 non
2707 4767 2994 4820 secundum
3044 4780 3258 4818 carnem
3312 4764 3498 4816 ambu-

1932 4860 2082 4923 lant,
2139 4859 2230 4912 sed
2277 4857 2561 4911 secundum
2619 4857 2863 4926 spiritum
2889 4854 3034 4911 ’.Ac
3097 4869 3290 4908 rursus
3340 4869 3354 4906 :
3396 4852 3498 4925 Qui

1929 4960 2051 5006 sunt
2098 4949 2310 5014 Christi,
2345 4965 2560 5003 carnem
2603 4965 2758 5002 suam
2799 4946 3170 5014 cruciﬁxerunt
3199 4962 3317 4999 cum
3363 4947 3499 4999 uitiis

1932 5054 1980 5100 et
2007 5045 2432 5115 concupiscentiis
2451 5045 2517 5097 ¹⁰.
2543 5044 2889 5112 lterumque:
2913 5041 3038 5095 Mihi
3067 5041 3291 5095 mundus
3328 5041 3498 5095 cruci-

259 5131 490 5197 κόσμος
515 5126 913 5192 ἐσταύρωται,
943 5122 1103 5192 κάγὼ
1131 5122 1209 5186 τῷ
1233 5124 1457 5191 κόσμῳ.
1931 5139 2067 5207 ρεαδ
2096 5145 2191 5202 εει,
2221 5145 2270 5190 ετ
2295 5151 2386 5206 ego
2417 5136 2611 5190 mundo
2632 5136 2695 5189 ιι,

334 5227 396 5274 ε’.
415 5219 548 5290 Περὶ
585 5214 788 5286 ταύτης
813 5216 912 5285 τῆς
939 5216 1186 5280 ἐξουσίας
1217 5219 1310 5268 καὶ
1343 5215 1592 5284 βοηθείας
1625 5234 1834 5288 προφη-

1829 5248 1834 5258 -
2002 5229 2053 5282 5.
2095 5227 2173 5281 De
2203 5227 2308 5281 hac
2333 5235 2602 5296 potestate
2637 5232 2695 5279 et
2725 5224 2933 5279 auxilio
2961 5223 3269 5278 vaticinans
3303 5219 3495 5287 David,

258 5309 436 5363 τεύων
462 5311 490 5361 6
514 5307 696 5371 Aa6l6,
720 5307 872 5374 ἔλεγε
903 5324 918 5339 ο
985 5311 1028 5360 0
1058 5306 1349 5360 κατοικῶν
1377 5308 1710 5375 ἑνβοηθείᾳ
1730 5310 1835 5363 τοῦ

1831 5311 1835 5347 ⁵
1934 5318 2152 5373 aiebat:
2194 5315 2296 5381 Qui
2339 5316 2540 5370 habitat
2568 5317 2624 5368 in
2664 5315 2933 5384 adjutorio
2964 5313 3242 5376 Altissimi,
3278 5313 3334 5366 in
3373 5327 3497 5382 pro-

270 5403 284 5418 '
303 5399 590 5466 Υψίστου,
624 5397 695 5450 ἐν
721 5397 922 5464 σκέπῃ
966 5397 1072 5450 τοῦ
1114 5397 1263 5451 Θεοῦ
1291 5397 1397 5452 τοῦ
1441 5398 1702 5464 οὐρανοῦ
1731 5402 1836 5453 αὺ-

1831 5431 1836 5440 ·
1937 5410 2153 5462 tectione
2175 5407 2269 5461 Dei
2295 5407 2407 5461 οωίὶ
2437 5406 2862 5460 commorabitur.
2899 5404 3040 5457 Dicet
3087 5403 3310 5457 Domino
3339 5419 3357 5454 .'
3388 5401 3497 5455 Ad-

259 5490 640 5555 λισθήσεται.
683 5491 842 5556 Ἐρεῖ
894 5487 974 5553 τῷ
1026 5489 1241 5556 Κυρίῳο
1277 5491 1676 5558 Ἀντιλήπτωρ
1717 5510 1836 5560 μου

1833 5512 1836 5531 ν
1929 5499 2079 5568 jutor
2108 5512 2252 5550 meus
2285 5511 2336 5549 es
2366 5504 2441 5559 tu,
2467 5503 2514 5547 et
2549 5495 2809 5563 refugium
2843 5509 3032 5557 meum,
3078 5492 3216 5545 Deus
3256 5506 3422 5550 meus,
3450 5497 3499 5543 et

260 5579 462 5648 εἷ,καὶ
505 5580 818 5650 καταφυγή
867 5598 1007 5650 μου,
1045 5583 1076 5634 ὀ
1120 5581 1262 5645 Θεός
1305 5598 1425 5649 μου
1455 5622 1470 5646 ,
1503 5583 1599 5635 καὶ
1654 5583 1838 5636 ἑλπιῶ

1837 5616 1838 5625 ι
1938 5586 2158 5655 sperabo
2205 5587 2261 5638 in
2334 5600 2451 5637 eum
2475 5585 2539 5637 “.
2586 5582 2892 5651 Paucisque
2953 5580 3290 5650 interjectis,
3332 5577 3503 5650 Super

336 5703 358 5734 ⁸
393 5703 582 5758 Matth.
618 5719 802 5766 uvm,
836 5703 922 5764 19,
953 5702 1039 5756 20.
1152 5704 1171 5734 ⁸
1206 5702 1345 5756 Psal.
1383 5718 1561 5766 can,
1634 5703 1752 5758 1‘29.
1868 5707 1887 5736 ⁸
1915 5706 2002 5758 Ps:

1868 5707 1887 5736 ⁸
1915 5705 2054 5758 Psal.
2097 5720 2222 5768 xv",
2259 5705 2347 5757 27.
2460 5704 2478 5734 ⁷
2505 5703 2637 5758 Luc.
2675 5715 2728 5769 ι,
2778 5701 2862 5756 l9.
2972 5700 2992 5731 ⁸
3027 5698 3261 5768 Philipp.
3302 5712 3383 5765 ιιι,
3413 5697 3498 5755 17.

264 5776 285 5806 ’
323 5774 482 5830 Rom.
521 5790 631 5838 vm,
668 5775 713 5827 l.
796 5773 838 5804 ¹⁰
865 5772 1038 5827 Galat.
1074 5789 1126 5837 ν,
1150 5772 1239 5826 ‘24.
1319 5773 1356 5803 ¹¹
1385 5772 1557 5827 Galat.
1594 5790 1664 5839 vt,
1707 5775 1789 5828 14.
1870 5776 1908 5806 ¹²

796 5773 838 5804 ¹⁰
865 5772 1038 5827 Galat.
1074 5789 1126 5837 ν,
1150 5772 1239 5826 ‘24.
1319 5773 1356 5803 ¹¹
1385 5772 1557 5827 Galat.
1594 5790 1664 5839 vt,
1707 5775 1789 5828 14.
1870 5776 1908 5806 ¹²
1942 5775 2082 5828 Psal.
2124 5790 2206 5838 xc,
2245 5775 2292 5836 1,
2337 5776 2388 5828 9..
