4218 6432
719 381 821 447 915

1889 377 1950 436 S.
1995 375 2279 436 MAXIMI
2315 375 2822 437 CONFESSORIS

3881 375 3988 439 916

719 490 958 560 aspidem
989 497 1038 542 et
1064 487 1364 542 basilisca»:
1419 484 1710 545 miscenda,
1755 489 1802 534 et
1827 480 2154 534 cucule-abis
2183 480 2290 534 leo—
2317 487 2361 542 Δ

2325 487 2361 542 Α
2389 482 2483 534 ἐπ’
2507 483 2717 535 αὐτόν.
2763 479 2874 534 Καὶ
2903 481 3018 548 μετ’
3068 480 3258 546 ὀλίγα·
3291 481 3416 532 ἐπὶ
3457 480 3694 534 ἀσπίδα
3733 483 3834 534 καὶ
3866 483 3991 544 βα-

718 599 841 637 nent
865 590 917 636 et
944 582 1226 634 draconem
1256 595 1272 631 :
1307 578 1557 634 quoniam
1577 575 1777 644 angelis
1808 575 1917 628 suis
1939 573 2212 626 mandavit
2227 573 2294 624 de

721 681 793 735 te,
828 678 886 724 ut
905 669 1205 722 custodiant
1249 674 1299 718 te
1322 668 1379 718 in
1410 666 1647 719 omnibus
1670 664 1766 715 viis
1793 662 1897 714 tuis
1917 660 1982 714 “.
2012 659 2078 714 Hi
2108 669 2292 714 autem

719 761 817 830 qui
840 774 992 812 carm
1017 757 1199 810 animo
1219 755 1425 810 addicti
1456 762 1607 814 sunt,
1638 766 1702 805 ac
1735 761 2080 804 terrenarum
2105 763 2295 802 amore

722 860 1011 914 tenentur,
1045 848 1173 904 vide
1197 863 1264 902 ex
1311 848 1406 902 illo
1425 845 1557 915 quid
1589 843 1836 905 audiant,
1883 841 1985 906 Qui
2018 850 2164 894 amat
2198 857 2296 909 pa-

721 952 857 996 trem
881 948 975 994 aut
1007 948 1236 993 mtrem
1261 936 1540 1005 plusquam
1581 949 1684 996 me,
1703 948 1808 983 non
1829 940 1904 984 est
1927 930 2206 998 medignus
2227 929 2291 980 ³⁸.

720 1032 1031 1100 Paucisque
1069 1024 1373 1095 interiectis
1408 1023 1520 1077 :Et
1561 1023 1652 1092 qui
1695 1038 1800 1074 non
1855 1020 2042 1089 accipit
2089 1035 2296 1072 crucem

719 1130 899 1186 suam,
936 1130 986 1175 et
1020 1128 1136 1189 post
1167 1134 1249 1171 me
1275 1119 1533 1187 sequitur,
1558 1132 1661 1168 non
1705 1123 1780 1168 est
1829 1129 1912 1166 me
1937 1114 2149 1182 dignus.
2199 1111 2292 1176 Et,

723 1211 832 1278 Qui
864 1227 969 1266 m
999 1209 1268 1264 renuntiat
1294 1206 1533 1262 omnibus
1554 1245 1568 1269 ,
1611 1221 1729 1274 qua
1759 1203 2010 1274 possidet,
2062 1219 2168 1255 non
2197 1217 2292 1271 po-

724 1311 823 1358 test
853 1317 1001 1355 meus
1030 1316 1140 1354 esse
1162 1297 1449 1366 discipulus
1473 1297 1538 1348 ¹⁸.
1574 1294 1679 1360 Qui
1704 1307 1835 1362 ergo
1870 1293 2021 1346 illius
2048 1291 2295 1359 discipu-

723 1391 815 1446 lus
847 1391 968 1446 ﬁeri
1005 1389 1229 1458 cogitat,
1275 1389 1506 1456 ejusque
1547 1386 1747 1455 dignus
1775 1383 2047 1446 inveniri,
2081 1395 2298 1436 necnon

725 1482 798 1538 ab
824 1497 894 1538 eo
917 1482 1178 1535 virtutem
1207 1478 1460 1548 accipere
1498 1477 1791 1531 adversum
1831 1475 2058 1544 spiritus
2098 1471 2299 1541 nequi-

726 1575 838 1639 tias,
865 1574 916 1628 is
963 1572 1034 1628 ab
1053 1572 1205 1627 omni
1233 1570 1440 1626 carnali
1481 1569 1773 1624 affectione
1804 1565 2070 1629 abscedit,
2097 1565 2298 1619 nudat-

725 1682 838 1737 que
887 1666 1131 1737 seipsum
1161 1662 1310 1718 omni
1362 1669 1710 1717 terrenorum
1759 1673 1980 1723 amore;
2029 1666 2193 1727 atque
2243 1656 2300 1709 in

727 1759 881 1815 hunc
908 1758 1129 1812 odum
1166 1755 1433 1810 adversus
1469 1752 1776 1806 invisibiles
1806 1751 1993 1806 hostes
2017 1758 2298 1804 certamen

725 1867 830 1924 pro
859 1851 1009 1907 illius
1036 1848 1309 1905 mandatis
1338 1847 1462 1911 init,
1494 1844 1639 1900 haud
1672 1846 1831 1898 aliter
1861 1859 1926 1900 ac
1959 1844 2075 1912 ipse
2110 1842 2298 1896 Domi-

727 1959 836 2000 nus
859 1958 922 2000 se
963 1943 1129 1998 nobis
1156 1940 1469 2009 exemplum
1499 1937 1789 2000 exhibuit,
1821 1945 1941 1990 tum
1989 1935 2045 1989 in
2076 1934 2299 1989 deserto

727 2037 800 2092 ab
831 2035 1053 2090 illorum
1091 2035 1232 2091 duce
1258 2042 1520 2100 tentatus,
1552 2042 1668 2088 tum
1720 2034 1778 2087 in
1805 2033 2030 2088 deserto
2075 2031 2144 2085 ab
2173 2031 2298 2084 illo-

725 2140 852 2180 rum
877 2125 1018 2180 duce
1067 2132 1331 2190 tentatus,
1359 2134 1496 2188 tum,
1531 2140 1656 2180 cum
1695 2139 1754 2180 se
1794 2124 2006 2179 mundo
2038 2121 2299 2187 dedisset,

725 2216 798 2271 ab
837 2215 926 2281 iis,
959 2216 1056 2285 qui
1089 2216 1240 2270 illius
1268 2216 1573 2284 agebantur
1597 2215 1802 2269 alllatu.

2395 574 2683 626 σιλὶσκον
2702 571 2986 638 ὲπιόήσῃ,
3023 571 3122 624 καὶ
3149 571 3601 635 καταπατήσεις
3633 572 3861 624 ,ιέοντα
3881 573 3988 624 rat

2394 665 2729 732 δράκοντα·
2763 663 2854 715 ὄτι
2906 662 3032 728 τοῖς
3085 663 3367 730 ἀγγέλοις
3411 662 3603 716 αὑτοῦ
3651 663 3990 716 ὲντελεῐτα

2395 756 2528 822 περὶ
2562 753 2679 806 σοῦ
2706 793 2721 816 ,
2751 752 2859 804 τοῦ
2896 752 3260 819 διαφυλάξαι
3312 766 3388 803 σε
3448 750 3519 803 ἐν
3571 750 3803 815 πάσαις
3851 751 3988 818 ταῖς

2395 848 2558 913 ὁδοῖς
2604 863 2740 900 σου.
2781 848 2846 899 Οἱ
2876 847 2934 899 δὲ
2961 848 3027 915 τῇ
3071 846 3237 913 σαρκὶ
3283 847 3710 914 προσκείμενοι,
3753 848 3852 897 καὶ
3885 847 3986 916 τήν

2397 938 2531 1006 ὓλην
2565 937 2888 1003 ἀγαπῶντες
2913 934 3005 986 τοῦ
3033 935 3264 1002 κόσμου,
3300 935 3466 987 ἄκουε
3515 937 3645 986 ποῖα
3683 937 3816 1002 παρ’
3845 935 3984 1005 μιι.

2397 1031 2627 1084 ἄκουσον
2663 1031 2712 1082 τί
2751 1030 2905 1098 παρ’.
2950 1027 3050 1082 Fr.
3099 1029 3263 1080 ἄκουε
3295 1023 3406 1098 οἶα]
3439 1027 3604 1081 αὑτοῦ
3647 1031 3986 1081 ἀκούουσιν·

2408 1120 2473 1172 Ὀ
2502 1118 2694 1188 φιλῶν
2743 1120 2967 1186 πατέρα
2993 1119 3031 1186 ἢ
3054 1119 3281 1188 μητέρα
3332 1120 3488 1186 ὑπὲρ
3521 1118 3660 1186 ἐμὲ.
3703 1123 3819 1172 οὐκ
3851 1120 3990 1171 ἔστι

2393 1230 2512 1281 μου
2539 1211 2727 1276 ἄξιος.
2761 1212 2870 1264 Καὶ
2910 1210 3027 1280 μετ’
3059 1211 3216 1277 ὀλίγα
3247 1227 3260 1240 ·
3295 1210 3406 1264 Καὶ
3455 1211 3526 1275 ὂς
3575 1213 3647 1264 οὐ
3691 1213 3990 1280 ,λαμϐάνει

2397 1304 2505 1356 τὸν
2532 1302 2799 1368 σταυρὸν
2849 1301 3037 1355 αὑτοῦ
3081 1303 3178 1356 καὶ
3220 1301 3550 1355 ἀκολουθεῖ
3600 1302 3798 1354 ὀπίσω
3841 1320 3989 1370 μου,

2399 1396 2511 1447 οὐκ
2543 1393 2676 1445 ἐστι
2702 1410 2822 1462 μου
2843 1392 3032 1457 ἄξιος.
3061 1394 3193 1455 Ka‘t,
3214 1395 3416 1458 Ὅστις
3439 1396 3552 1447 οὐκ
3571 1394 3992 1448 ἀποτάσσεται

2400 1484 2549 1540 πᾶσι
2601 1483 2725 1549 τοῖς
2771 1484 3156 1552 ὑπάρχωσιν
3203 1485 3397 1548 αὐτῷ,
3451 1487 3524 1538 οὐ
3562 1485 3821 1538 δύναταί
3870 1505 3992 1554 μου

2399 1571 2550 1627 εἶναι
2575 1572 2867 1641 μαθητής.
2913 1573 2973 1626 '0
2999 1569 3092 1626 οὖν
3115 1573 3286 1626 Θέλων
3322 1573 3580 1640 γενέσθαι
3611 1574 3780 1626 αὑτοῦ
3811 1575 3994 1643 μαθηο

2399 1666 2518 1735 τὴς,
2553 1668 2646 1717 καὶ
2679 1665 2827 1731 ἄξιος
2873 1666 3040 1719 αὐτοῦ
3089 1666 3380 1736 εὑρεθῆναι
3412 1681 3426 1694 ⁸
3465 1666 3559 1718 καὶ
3591 1665 3829 1735 δύναμιν
3857 1668 3992 1736 παρ’

2401 1757 2569 1810 αὐτοῦ
2617 1757 2804 1810 λαὸεῖν
2853 1758 2994 1811 κατὰ
3036 1758 3146 1811 τῶν
3197 1759 3527 1826 πνευμάτων
3557 1758 3657 1827 τῆς
3693 1761 3991 1827 πονηρίας,

2405 1848 2628 1918 χωρίζει
2657 1849 2851 1901 ἑαυτὸν
2867 1851 3047 1919 πάσης
3085 1851 3349 1921 σαρκικῆς
3371 1852 3607 1920 σχέσεως
3630 1870 3643 1881 ·
3667 1854 3763 1903 καὶ
3789 1852 3993 1920 γυμνοῑ

2406 1937 2599 1990 ἑαυτὸν
2631 1939 2811 2008 πάσης
2850 1939 3038 2008 ὑλικῆς
3067 1942 3480 2010 προσπαθείας·
3515 1942 3609 1995 καὶ
3638 1942 3816 2004 οὕτως
3853 1942 3995 2011 tua;

2406 2031 2531 2092 τοὺς
2579 2031 2846 2102 ἀοράτους
2897 2031 3126 2100 ἐχθροὺς
3175 2034 3317 2103 ὑπὲρ
3369 2035 3479 2086 τῶν
3544 2034 3779 2086 ἐντολῶν
3823 2031 3991 2086 αὐτοῦ

2407 2121 2733 2189 ἀγωνίζεται
2755 2137 2768 2151 ’
2797 2121 2874 2184 ὡς
2905 2120 3065 2184 αὐτὸς
3096 2123 3125 2173 6
3162 2123 3371 2192 Κύριος
3419 2123 3611 2176 ἑαυτὸν
3653 2123 3831 2176 τύπον
3857 2124 3992 2190 ἡμῖν

2409 2213 2705 2282 Μρὲσχεν’
2741 2214 2797 2265 ἐν
2825 2231 2882 2265 τε
2916 2217 2983 2283 τῇ
3019 2214 3213 2285 ἐρήμῳ
3246 2214 3352 2267 ὑπὸ
3385 2216 3480 2268 τοῦ
3521 2215 3773 2286 ἀρχηγοῦ
3807 2213 3992 2268 αὐτῶν

725 2307 1127 2380 πειραζόμενος
1145 2324 1158 2336 ·
1195 2309 1286 2360 καὶ
1312 2308 1371 2360 ὲν
1392 2309 1457 2378 τῇ
1498 2307 1788 2377 οἰκουμένῃ
1841 2305 2032 2372 ἐλθὼν,
2054 2305 2160 2358 ὑπὸ
2185 2303 2296 2358 τῶν
2335 2303 2427 2356 ὑπ’
2452 2303 2618 2356 αὐτοῦ
2649 2305 3075 2374 ἐνεργουμένων.

798 2401 851 2457 6.
877 2403 1016 2457 Tum
1055 2402 1225 2457 frater
1269 2419 1282 2455 :
1319 2403 1388 2456 At
1420 2402 1590 2456 multa
1632 2409 1782 2467 sunt,
1830 2402 2040 2472 inquit,
2077 2399 2293 2456 Domini

727 2492 1015 2557 mandata;
1046 2501 1103 2548 et
1130 2492 1256 2562 quis
1285 2491 1466 2546 animo
1507 2506 1694 2546 coram
1739 2491 1923 2546 omnia
1953 2491 2156 2545 habere
2200 2504 2299 2560 po-

727 2593 856 2649 test,
893 2591 955 2638 ut
976 2598 1078 2653 pro
1099 2583 1357 2639 omnibus
1391 2584 1694 2638 certamine
1720 2582 2049 2647 contendat;
2086 2582 2173 2636 vel
2197 2597 2301 2651 ego

728 2675 991 2740 maxime,
1024 2677 1119 2745 qui
1165 2675 1374 2746 fragilis
1403 2675 1684 2729 memoria:
1715 2689 1860 2739 sum,
1917 2688 2020 2728 nec
2049 2672 2298 2743 plurium

727 2781 957 2838 possum
1008 2765 1556 2822 meminisse?Velim
1611 2765 1801 2819 audire
1847 2764 2300 2835 compendiosum

729 2872 1065 2921 sermonem,
1120 2866 1180 2912 ut
1206 2873 1331 2912 eum
1359 2865 1543 2913 mente
1567 2866 1782 2921 tenens,
1828 2856 1977 2912 illius
2012 2871 2115 2926 ope
2153 2871 2291 2910 mete

732 2948 852 3016 ipse
907 2946 1068 3000 saluti
1125 2945 1490 3000 consulerem.
1542 2943 1845 3012 Respondit
1877 2957 2047 2998 senex
2087 2943 2298 2997 :Multa

732 3035 958 3110 quidem
993 3046 1142 3100 sunt,
1193 3037 1268 3090 mi
1322 3035 1511 3100 frater,
1566 3036 1763 3089 inuno
1814 3043 1997 3088 tamen
2045 3047 2298 3088 sermone

2473 2404 2546 2463 ς’.
2561 2398 2975 2467 ΚαὶὸἋδελφδς
2997 2393 3150 2452 εἴπεν
3168 2416 3182 2430 ·
3220 2402 3380 2454 Ἀλλὰ
3408 2402 3602 2456 πολλαί
3627 2403 3757 2464 είσι,
3781 2404 3990 2472 Πάτερ,

2403 2491 2458 2544 al
2486 2489 2580 2542 τοῦ
2609 2490 2816 2560 Κυρίου
2847 2489 3089 2543 ὲντολαί’
3117 2492 3215 2544 καὶ
3246 2492 3330 2555 τίς
3363 2493 3588 2545 δύναται
3623 2495 3809 2556 πάσας
3845 2495 3993 2563 ἔχειν

2405 2578 2546 2630 κατὰ
2575 2577 2719 2642 νοῦν,
2744 2579 2831 2632 ἴνα
2859 2580 2999 2649 ὑπὲρ
3041 2581 3232 2634 πασῶν
3263 2583 3604 2651 ἀγωνίσηται
3625 2601 3640 2647 ;
3665 2585 3780 2652 ἐγὼ
3807 2585 3864 2637 δὲ
3893 2587 3995 2654 pa-

2401 2669 2580 2732 λιστα,
2618 2669 2895 2737 ὁλιγὸνους
2950 2671 3246 2740 ὑπάρχωνς
3299 2674 3563 2743 σύντομον
3605 2675 3767 2741 λόγον
3799 2676 3994 2744 ἤθελον

2403 2759 2657 2821 ἀκοῦσαι,
2692 2761 2776 2812 ἵνα
2809 2762 2972 2812 αὐτὸν
2999 2763 3239 2831 κρατῶν,
3260 2763 3330 2815 δι’
3351 2764 3516 2817 αὑτοῦ
3546 2766 3857 2834 ἐσωζόμην.
3883 2766 3994 2818 Kal.

2396 2850 2667 2922 ἀπεκρίθη
2694 2853 2722 2904 6
2753 2852 3038 2923 γέρωνοεί
3061 2855 3156 2906 καὶ
3180 2854 3371 2907 πολλαί
3399 2857 3558 2920 εἰσιν,
3599 2855 3845 2924 Ἀδελφὲ,
3878 2855 3994 2908 ἀλλ’

2408 2943 2488 2994 ἑνὶ
2541 2943 2684 3013 λόγῳ
2745 2945 3292 3012 ἀνακεφαλαιοῖωται,
3361 2947 3420 2997 ὲν
3454 2947 3566 3016 τῷ,
3625 2949 3996 3015 Ἀγαπήσεις

2407 3034 2631 3101 Κύριον
2663 3033 2772 3086 τὸν
2833 3036 2982 3088 Θεόν
3025 3050 3142 3089 σου
3188 3037 3260 3101 ἐξ
3305 3037 3456 3104 ὅλης
3488 3038 3600 3104 τῆς
3633 3039 3850 3104 ωχύος
3875 3054 3996 3090 σου

734 3145 949 3186 summa
974 3129 1344 3201 colliguntur;
1375 3128 1523 3199 quod
1571 3127 1783 3181 scilicet
1809 3125 2014 3180 dicitur
2047 3141 2066 3178 :
2099 3123 2299 3194 Diliges
2332 3131 2376 3190 α

2332 3131 2376 3190 c
2408 3125 2508 3178 καὶ
2535 3124 2604 3188 ἐξ
2634 3125 2778 3191 ὅλης
2805 3124 2916 3192 τῆς
2943 3125 3215 3193 διανοίας
3239 3143 3356 3180 σου
3388 3145 3405 3160 ο
3433 3129 3531 3181 καί
3564 3129 3673 3182 τὸν
3718 3130 3997 3195 πλησίον

733 3222 1016 3278 Dominum
1049 3221 1215 3276 Deum
1265 3229 1411 3274 tuum
1449 3234 1512 3273 ea:
1543 3228 1652 3272 tota
1698 3218 2002 3286 fortitudine
2033 3223 2124 3268 tua
2153 3224 2200 3268 et
2239 3231 2303 3268 ea:

737 3321 848 3368 tota
883 3320 1053 3368 mente
1087 3320 1208 3376 tua;
1236 3320 1284 3364 et
1310 3311 1608 3381 proximum
1640 3318 1787 3361 tuum
1825 3309 1961 3359 sicut
1991 3305 2300 3376 teipsum":

737 3420 824 3470 ac,
853 3406 954 3475 qui
986 3418 1157 3458 unum
1202 3403 1352 3457 hunc
1397 3414 1711 3457 sermonem
1745 3413 1968 3453 servare
1997 3396 2301 3460 contendit,

737 3495 923 3550 omnia
968 3495 1131 3549 simul
1180 3491 1438 3549 mandata
1475 3492 1685 3560 implet.
1721 3491 1841 3544 Non
1879 3500 2060 3560 potest
2099 3497 2302 3552 autem,

736 3584 820 3639 uti
843 3585 956 3657 jam
981 3584 1037 3639 in
1070 3583 1451 3655 superioribus
1483 3581 1692 3637 dictum
1723 3590 1828 3646 est,
1869 3581 1964 3651 qui
1995 3596 2024 3634 a
2053 3589 2304 3635 terreno-

736 3693 863 3732 rum
893 3676 1182 3732 aﬂectione
1209 3675 1453 3730 animum
1485 3689 1597 3729 non
1645 3671 1977 3744 abjunxerit,
2028 3681 2123 3727 aut
2145 3672 2309 3743 370

736 3769 912 3826 Deum
960 3783 1092 3824 vere
1138 3767 1368 3838 diligere
1419 3774 1514 3820 aut
1563 3765 1910 3842 proximum;
1945 3762 2090 3833 quod
2143 3763 2305 3818 simul

738 3857 984 3913 temnis
1011 3856 1175 3927 allici,
1227 3857 1512 3925 Deumque
1563 3854 1817 3924 diligere,
1873 3854 2017 3908 haud
2066 3869 2306 3923 unquam

739 3943 1054 4014 contigerit.
1108 3943 1266 4010 Quod
1302 3943 1378 3998 ita
1412 3942 1677 3997 Dominus
1705 3942 2032 4013 designavit,
2061 3943 2305 3997 cumait:

737 4035 906 4091 Nemo
945 4043 1112 4106 potest
1142 4035 1338 4088 duobus
1380 4035 1603 4088 dominis
1653 4035 1848 4087 servire
1872 4035 1936 4087 ".
1984 4035 2089 4089 Et:
2119 4034 2308 4089 Nullus

737 4135 905 4197 potest
953 4127 1056 4186 Deo
1091 4128 1285 4182 servire
1319 4136 1370 4180 et
1421 4142 1734 4180 mammona
1756 4126 1820 4181 ¹¹¹.
1851 4125 2128 4192 Quantum
2161 4127 2310 4180 enim

741 4228 903 4270 mens
923 4221 1110 4269 nostra
1132 4212 1331 4267 affectu
1360 4213 1599 4267 terrenis
1637 4211 1804 4267 rebus
1825 4213 2170 4277 adhaarescit,
2204 4212 2312 4267 illis

744 4304 1112 4376 mancipatur,
1162 4304 1482 4375 spernitque
1535 4304 1632 4359 Dei
1663 4303 2117 4376 transgrediendo
2155 4320 2312 4358 man-

743 4395 954 4451 datum.

2407 3228 2526 3268 σου
2553 3213 2635 3278 ὡς
2661 3214 2900 3268 ἑαυτόν.
2919 3216 3033 3269 Καὶ
3055 3218 3083 3270 6
3112 3216 3515 3286 ἀγωνιζόμενος
3538 3217 3732 3270 τοῦτον
3766 3221 3998 3288 κρατεῖν

2407 3305 2499 3357 τὸν
2528 3305 2684 3372 λόγον
2709 3345 2726 3369 ,
2759 3306 2940 3367 πάσας
2975 3305 3113 3375 ὁμοῦ
3169 3306 3272 3369 τὰς
3322 3307 3545 3371 ἐντολὰς
3587 3309 3868 3379 κατορθοῖ.
3915 3310 3996 3360 0'3

2407 3396 2629 3450 δύναται
2656 3395 2715 3448 δέ
2747 3413 2830 3458 τις
2878 3396 2952 3466 μὴ
2992 3397 3230 3467 χωρίσας
3263 3397 3454 3450 ἑαυτὸν
3474 3440 3490 3463 ,
3520 3398 3596 3462 ὡς
3641 3399 3996 3468 προείρηται,

2407 3486 2509 3556 τῆς
2535 3485 2643 3540 τῶν
2689 3487 2889 3540 ὑλικῶν
2942 3488 3341 3558 προσπαθείας,
3372 3488 3496 3542 οὔτε
3543 3489 3637 3543 τὸν
3673 3490 3834 3549 Θεὸν,
3865 3490 3997 3542 οὗτε

2407 3579 2501 3632 τὸν
2561 3579 2788 3650 πλησίον
2840 3580 3127 3649 ἀγαπῆσαι
3173 3580 3411 3650 γνησίως
3455 3595 3471 3609 ⁸
3503 3579 3692 3651 ἐπειδὴ
3743 3579 3880 3649 ὁμοῦ
3925 3583 3994 3648 τῇ

2412 3670 2513 3743 ὕλη
2542 3670 2898 3740 προσκεῖσθαι
2927 3709 2942 3733 ,
2972 3670 3068 3724 καὶ
3104 3669 3196 3723 τὸν
3246 3670 3378 3723 Θεὸν
3421 3671 3705 3739 ἀγαπῆσαι
3730 3710 3746 3732 ,
3776 3671 3999 3737 ἀμήχα-

2410 3779 2520 3815 νον.
2542 3762 2651 3815 Καὶ
2682 3761 2840 3815 τοῦτό
2875 3763 3024 3814 ἐστιν
3061 3761 3090 3813 6
3113 3761 3262 3828 λέγει
3289 3763 3318 3813 6
3351 3760 3593 3830 Κύριοςο
3633 3759 3850 3826 Οὐδεὶς
3892 3760 3997 3812 δύ-

2409 3869 2584 3909 ναται
2616 3855 2758 3908 δυσὶ
2793 3854 3023 3920 κυρίοις
3048 3853 3379 3908 δουλεύειν.
3402 3853 3545 3906 Καί·
3578 3851 3792 3917 Οὐδεὶς
3815 3852 4000 3906 δύνα-

2411 3963 2506 4000 ται
2529 3945 2649 4010 Θεῷ
2677 3947 2990 3999 δουλεύειν
3018 3945 3117 4000 καὶ
3155 3943 3430 4014 μαμωνᾷ.
3463 3945 3630 3998 Ὅσον
3668 3945 3781 4014 γὰρ
3811 3947 3842 3996 ὁ
3870 3946 3998 4008 νοῦς

2410 4037 2573 4108 ἡμῶν
2601 4038 2708 4089 τῶν
2730 4036 2823 4090 τοῦ
2855 4038 3060 4107 κόσμου
3087 4037 3371 4105 ἀντέχεται
3414 4037 3783 4104 πραγμάτων,
3815 4036 3998 4088 δεδού-

2413 4129 2580 4184 λωται
2604 4131 2821 4197 αὑτοίςξ,
2857 4130 2952 4183 καὶ
2982 4131 3315 4199 καταφρονεί
3333 4127 3432 4198 τὴν
3462 4128 3683 4198 ἐντολὴν
3721 4127 3820 4182 τοῦ
3857 4128 3996 4182 Θεοῦ

2415 4220 2784 4290 παραϐαίνων.

852 4527 866 4542 .
908 4487 996 4542 Ait
1041 4486 1252 4541 frater:
1282 4485 1492 4553 Quibus
1551 4488 1716 4543 rebus
1761 4488 1931 4553 dicis,
1982 4488 2180 4542 Pater?
2208 4488 2313 4542 lle-
2345 4475 2388 4530 D
2489 4497 2518 4560 ς

2345 4475 2388 4530 D
2489 4497 2553 4560 ζ’.
2595 4497 2704 4548 Καὶ
2732 4497 2762 4548 6
2811 4495 3063 4564 ’Δδελφδς
3096 4493 3250 4549 εἶπε·
3290 4495 3465 4549 Ποίων
3509 4495 3860 4565 πραγμάτοιν
3906 4496 4000 4549 λέ-

743 4575 969 4647 spondit
996 4590 1161 4630 senex
1188 4594 1201 4629 :
1233 4575 1404 4643 Cibis,
1430 4578 1700 4647 pecuniis,
1725 4577 1964 4646 praediis,
1991 4577 2184 4647 gloria,
2217 4569 2313 4633 co-

744 4667 926 4736 gnatis
953 4681 1050 4721 seu
1084 4666 1361 4732 affinibus,
1391 4678 1448 4723 et
1489 4669 1782 4739 ejusmodi.
1804 4670 1886 4724 Ad
1913 4685 2078 4739 quem
2101 4671 2306 4726 frater:

745 4755 941 4823 Quaeso
972 4765 1060 4820 te,
1104 4757 1285 4822 Pater,
1317 4759 1565 4828 nunquid
1605 4775 1712 4814 non
1762 4775 1826 4815 ea
1857 4761 2001 4814 Deus
2046 4761 2311 4829 condidit,

747 4857 912 4918 atque
957 4848 1274 4904 hominibus
1312 4851 1516 4906 utenda
1544 4853 1864 4911 concessit?
1892 4853 2196 4923 Respondit
2224 4871 2314 4911 se-

747 4953 891 4994 nex:
930 4937 1073 4994 Sane
1103 4939 1277 5009 liquet
1300 4941 1472 4996 Deum
1497 4957 1561 4996 ea
1584 4943 1914 5009 condidisse,
1946 4953 2110 5015 atque
2135 4946 2313 5000 homi-

749 5029 915 5084 nibus
938 5030 1142 5085 utenda
1193 5030 1508 5087 tradidisse.
1541 5033 1735 5088 Omnia
1771 5034 1920 5089 enim
1961 5052 1990 5090 a
2027 5038 2138 5092 Deo
2173 5039 2316 5094 bona

749 5123 971 5179 condita
1000 5125 1209 5192 sunt",
1247 5134 1308 5178 ut
1338 5125 1478 5181 bene
1515 5127 1623 5182 illis
1658 5129 1886 5196 utendo,
1923 5131 2036 5185 Deo
2070 5133 2314 5201 placere-

748 5228 894 5268 mus.
928 5213 1038 5268 Nos
1094 5215 1376 5270 enimvero
1407 5217 1501 5286 qui
1547 5217 1748 5274 inﬁrmi
1791 5235 1856 5275 ac
1900 5223 2104 5275 terreni
2135 5221 2318 5276 animo

749 5302 946 5368 simus,
978 5320 1072 5359 res
1114 5315 1364 5361 terrenas
1395 5307 1709 5365 dilectionis
1759 5321 2034 5382 praecepto
2074 5313 2318 5381 praetuli-

750 5410 903 5460 mus;
943 5395 1162 5464 illisque
1193 5397 1396 5463 alfecti,
1455 5399 1775 5456 hominibus
1828 5418 2164 5473 pugnamus;
2192 5419 2318 5459 cum

749 5502 850 5558 par
880 5494 1047 5553 esset,
1083 5496 1145 5541 ut
1165 5489 1234 5544 iis
1262 5491 1518 5547 omnibus
1550 5507 1670 5562 quae
1702 5494 1756 5547 in
1787 5502 2067 5563 aspectum
2091 5495 2316 5561 cadunt,

828 5716 870 5748 "
901 5717 1042 5773 Psal.
1065 5720 1353 5779 xc,ll-l3.

753 5801 862 5853 ινι,
905 5787 989 5842 15.
1069 5791 1110 5821 ¹⁹
1143 5790 1278 5844 Gen.
1317 5807 1352 5859 ι,
1389 5791 1474 5845 51.

2419 4604 2552 4656 γεις,
2588 4586 2816 4656 Πάτερ;
2858 4587 2969 4640 Καὶ
2999 4588 3028 4639 6
3071 4587 3250 4658 γέρων
3292 4586 3597 4657 ἀπεκρίθη·
3649 4588 4000 4657 Βρωμάτων,

2418 4677 2751 4748 χρημάτων,
2792 4679 3089 4748 κτημάτων
3109 4719 3123 4742 ,
3153 4678 3332 4745 δόξης,
3391 4677 3694 4746 συγγενῶν,
3750 4679 3852 4732 καὶ
3886 4679 3999 4732 τῶν

2416 4765 2562 4834 ἑξῆς.
2587 4764 2698 4818 Καὶ
2719 4767 2746 4818 6
2781 4764 3032 4834 Ἀδελφὺς
3052 4760 3222 4818 εἶπενο
3258 4766 3412 4828 Εἰπὲ,
3439 4766 3636 4836 Πάτερ,
3658 4765 3782 4834 οὐχὶ
3809 4768 3838 4818 6
3863 4766 4001 4828 Θεὸς

2417 4855 2558 4908 αὐτὰ
2593 4854 2795 4921 ἔκτισε,
2813 4857 2907 4909 καὶ
2943 4858 3056 4919 τοῖς
3081 4856 3389 4927 ἀνθρώποις
3418 4859 3498 4921 είς
3520 4859 3716 4928 χρῆσιν
3747 4858 3954 4911 δέδωκε
3982 4876 3999 4924 ;

2416 4950 2508 5003 καὶ
2553 4948 2670 5011 πῶς
2720 4947 2934 5001 κελεύει
2988 4949 3169 5002 αὐτῶν
3205 4949 3277 5020 μὴ
3311 4951 3630 5019 ἀντέχεσθαι
3663 4948 3788 5021 [αίι.
3829 4951 4003 5004 ἀπτε-

2419 5039 2585 5112 σθαι];
2611 5040 2722 5094 Καὶ
2748 5039 3019 5111 ἀπεκρίθη
3049 5043 3077 5093 6
3107 5040 3284 5111 γέρων
3304 5057 3316 5071 ·
3337 5040 3506 5109 Δῆλον
3532 5041 3614 5092 ὅτι
3635 5041 3664 5092 6
3699 5042 3836 5105 Θεὸς
3857 5041 4002 5095 αὖτά

2417 5131 2618 5196 ἔκτισε,
2648 5131 2740 5184 καὶ
2770 5129 3002 5183 δέδωκεν
3021 5133 3101 5194 είς
3129 5133 3326 5202 χρῆσιν
3355 5134 3468 5193 τοῖς
3505 5130 3840 5200 ἀνθρώποις.
3865 5133 3999 5196 Καὶ,

2418 5222 2560 5277 καλὰ
2593 5222 2769 5274 πάντα
2803 5223 2872 5276 τὰ
2910 5222 3014 5275 ὑπὸ
3061 5223 3156 5276 τοῦ
3192 5223 3328 5275 Θεοῦ
3376 5223 3657 5290 γεγονότα,
3685 5222 3776 5276 ἴνα
3816 5223 4003 5287 καλῶς

2418 5313 2600 5375 αὐτοῖς
2658 5312 3024 5382 χρησάμενοι,
3057 5313 3136 5382 τῷ
3189 5313 3308 5383 Θεῷ
3353 5314 3851 5384 εὐαρεστήσωμεν·
3882 5314 4002 5368 ἀλλ’

2419 5406 2580 5474 ἡμεῖς
2600 5404 2846 5467 ἀσθενεῖς
2873 5403 3044 5466 ὅντες,
3067 5405 3160 5457 καὶ
3183 5404 3357 5458 ὑλικοὶ
3381 5407 3445 5474 τῇ
3463 5404 3674 5474 διανοίᾳ
3701 5403 3871 5475 [ἄλλ.
3899 5405 4004 5473 τὴν

2421 5496 2661 5549 διάνοιαν
2683 5494 2727 5566 ].
2767 5498 3214 5566 προετιμήσαμεν
3266 5497 3339 5550 τὰ
3396 5495 3556 5550 ὑλικὰ
3599 5495 3702 5565 τῆς
3777 5497 4003 5566 ἐντολῆς

1434 5722 1474 5798 ξ“’
1513 5720 1700 5777 Matth.
1723 5738 1776 5789 ι,
1815 5724 1900 5779 57.
1983 5727 2025 5758 ¹⁵
2061 5733 2192 5782 Luc.
2231 5743 2337 5793 xiv,
2369 5728 2456 5796 55,
2488 5729 2578 5784 54.
2658 5731 2700 5763 ¹⁶
2725 5729 2888 5784 Marc.
2922 5745 3016 5792 xu,
3044 5729 3100 5785 3C

2329 5768 2337 5792 ,
2369 5728 2456 5796 55,
2488 5729 2578 5784 54.
2658 5731 2700 5763 ¹⁶
2725 5729 2888 5784 Marc.
2922 5745 3016 5792 xu,
3044 5729 3129 5785 50.
3213 5733 3255 5764 ¹¹¹
3287 5729 3478 5786 Matth.
3516 5746 3589 5798 v1,
3611 5731 3700 5786 24.
3781 5731 3826 5764 ¹⁹
3856 5730 3995 5788 Luc.
