4218 6432
259 367 366 433 9i“?

1532 365 1764 425 LIBER
1800 366 2230 429 ASCETICUS.

3397 366 3510 436 918

252 480 357 545 τῆς
403 474 619 544 ἀγάπης
641 490 656 503 ’
688 474 781 526 λιι
815 472 985 525 αὐτῶν
1032 466 1425 541 ἀντεχόμενοι,
1460 475 1569 535 τοῖς
1618 472 1832 543 ἀνθρώ-

1891 473 2163 543 ιίρεοιιιιε
2208 488 2462 545 corpore,
2528 476 2769 547 cujusvis
2824 477 3112 532 hominum
3160 478 3511 537 dilectionem

255 582 384 628 ποις
424 563 747 635 μαχόμεθα·
780 563 897 616 δέον
956 564 1177 616 πάντων
1224 560 1334 613 τῶν
1378 562 1690 632 ὁρωμένων,
1733 564 1829 618 καὶ

255 656 426 709 αὐτοῦ
454 656 547 709 τοῦ
573 654 841 725 σώματος,
868 654 966 723 τὴν
996 653 1199 715 παντὸς
1238 652 1525 723 ἀνθρώπου
1558 656 1829 724 προτιμῆ-

257 764 352 799 σαι
380 746 599 815 ἀγάπην
617 761 633 776 ο
664 746 786 815 ἥτις
813 744 959 796 ἐστὶν
984 742 1271 812 γνώρισμα
1292 744 1390 812 τῆς
1422 744 1500 805 είς
1530 742 1662 795 Θεὸν
1690 743 1829 810 ἀγά-

255 856 398 909 πης,
430 837 614 901 καθὼς
643 837 803 900 αὐτὸς
849 839 879 890 6
908 836 1109 906 Κύριος
1140 838 1199 888 ἐν
1231 834 1582 904 Εὐαγγελίοις
1625 835 1832 888 δείκνυ-

257 945 373 984 σιν·
411 930 464 982 Ὀ
496 927 742 999 ἀγαπῶν
769 929 875 997 ἐμὲ
895 969 911 994 ,
946 929 1119 998 φησὶ,
1147 928 1255 992 τὰς
1295 926 1549 992 ἐντολάς
1582 944 1702 995 μου
1732 944 1833 993 τη-

246 1020 454 1090 ρήσει.
480 1022 588 1073 Kat
620 1020 704 1084 τίς
731 1021 880 1074 ἐστιν
910 1021 943 1089 ἠ
1000 1019 1186 1089 ἐντολὴ
1235 1019 1303 1088 ἢν
1337 1019 1697 1089 τηρήσαντες,
1730 1019 1830 1071 αὐ-

254 1115 353 1168 τὸν
406 1114 809 1183 ἀγαπήσωμεν,
861 1110 1026 1163 αὑτοῦ
1074 1111 1324 1172 ἄκουσον,
1352 1109 1638 1177 λέγοντος’
1674 1110 1833 1178 Αὕτη

254 1204 327 1256 δέ
349 1205 521 1258 ἐστιν
550 1204 588 1272 ἠ
616 1201 836 1270 ἐντολὴ
861 1204 898 1271 ἡ
926 1202 1063 1272 ἐμὴ.
1085 1202 1186 1256 ἵνα
1210 1200 1476 1271 ἀγαπᾶτε
1497 1200 1829 1269 ἀλλήλους.

267 1302 434 1371 Ὁρᾷς
479 1301 562 1353 ὅτι
608 1301 638 1368 ἡ
688 1298 936 1369 ἀλλήλων
987 1298 1216 1365 ἀγάπη,
1242 1294 1341 1366 τὴν
1383 1298 1464 1358 εἰς
1512 1295 1645 1348 Θεὸν
1696 1294 1835 1362 ἀγά-

255 1410 371 1462 πην
410 1392 743 1461 συνίστησιν,
760 1390 885 1460 ἥτις
928 1391 1046 1442 ἐστὶ
1075 1391 1349 1460 πλήρωμα
1379 1388 1560 1457 πάσης
1592 1387 1727 1440 Θεοῦ
1742 1388 1836 1440 ’ἐν-

253 1482 451 1552 τολῆς;
478 1481 577 1534 Διά
606 1478 766 1532 τοῦτο
797 1472 890 1532 οὖν
919 1477 1134 1532 κελεύει
1162 1477 1343 1530 αὐτῶν
1373 1476 1446 1546 μὴ
1477 1474 1831 1546 ἀντέχεσθαι·

255 1575 396 1628 ἀλλά
426 1572 521 1627 καὶ
556 1571 925 1637 ἀποτάξασθαι
973 1573 1107 1623 πᾶσι
1138 1570 1251 1630 τοῖς
1293 1566 1630 1636 ὑπάρχουσιν
1662 1565 1832 1636 αὐτῷ,

256 1667 438 1720 πάντα
467 1666 560 1718 τὸν
593 1664 741 1734 αύτῷ
786 1662 1116 1734 μαθητεύειν
1155 1658 1567 1730 ἐπιθυμητικῶς
1620 1658 1831 1728 ἔχοντα.

328 1763 401 1829 η’.
420 1759 532 1810 Ka't
553 1760 581 1810 6
616 1757 868 1824 ’Δδελφδς
894 1751 1069 1808 εἶπεν·
1097 1754 1315 1824 Ἐπειδὴ
1337 1748 1508 1815 εἶπες,
1540 1750 1834 1820 Πάτερ,ὃτι

1939 565 2116 635 pluris
2165 556 2507 633 faceremus;
2532 582 2653 636 quae
2684 568 2941 625 videlicet
2982 569 3188 625 indicio
3236 580 3325 627 est
3368 572 3515 628 illius

1943 656 2252 722 charitatis,
2284 673 2406 727 qua:
2434 657 2503 712 ad
2533 658 2705 712 Deum
2741 667 2845 724 est,
2875 660 2955 715 uti
2984 660 3103 731 ipse
3143 661 3418 716 Dominus
3455 661 3513 718 in

1938 748 2249 817 Evangeliis
2272 749 2550 804 ostendit:
2580 747 2683 815 Qui
2704 749 2873 820 diligit
2898 751 3221 822 me,.inquit,
3257 752 3514 807 mandata

1937 856 2054 894 mea
2084 841 2309 894 servabit
2327 842 2390 894 '°.
2434 841 2719 907 Quodnam
2745 856 2877 896 vero
2904 843 3223 898 mandatum
3255 841 3514 913 sit,qu

1939 931 2210 987 servando
2241 931 2419 1002 ipsum
2460 932 2855 998 dilexerimus,
2889 933 3019 987 audi
3057 932 3236 1003 ipsum
3279 933 3512 1003 loquen-

1939 1030 2093 1079 tem:
2126 1023 2237 1079 Hoc
2288 1031 2366 1077 est
2407 1034 2724 1095 prazceptum
2774 1042 2971 1091 meum,
3018 1033 3076 1078 ut
3106 1025 3337 1095 diligatis
3381 1027 3514 1080 invi-

1938 1130 2047 1169 cem
2069 1115 2135 1168 η.
2155 1114 2495 1185 Vides,quod
2520 1115 2615 1169 alii
2650 1116 2787 1170 alios
2807 1116 3101 1187 diligamus
3116 1155 3131 1181 ,
3156 1116 3512 1171 dilectionem

1939 1205 1997 1259 in
2030 1206 2202 1260 Deum
2245 1205 2483 1261 conﬂare
2534 1221 2598 1261 ac
2650 1208 3057 1272 commendare,
3087 1223 3211 1278 qua;
3262 1208 3513 1262 omnium

1939 1296 2037 1351 Dei
2067 1304 2466 1367 praeceptorum
2497 1298 2786 1367 plenitudo
2828 1306 2913 1353 cst
2928 1299 2972 1330 "
2995 1298 3017 1351 ?
3043 1300 3101 1354 ld
3143 1300 3311 1370 igitur
3332 1313 3514 1354 causa

1939 1397 2024 1443 est
2050 1387 2361 1458 curjubeat
2394 1387 2483 1441 bis
2514 1404 2626 1443 non
2658 1389 3076 1455 adhaerescere;
3106 1390 3200 1445 sed
3230 1398 3291 1445 ut
3314 1392 3379 1455 is,
3415 1390 3512 1459 qui

1937 1480 2058 1550 ejus
2078 1480 2230 1549 cupit
2259 1494 2379 1535 esse
2415 1480 2718 1549 discipulus
2738 1522 2753 1547 ,
2794 1484 3076 1538 renuntiet
3108 1482 3364 1539 omnibus
3389 1498 3512 1553 quae

1941 1568 2211 1638 possidet.

2011 1743 2067 1799 8.
2130 1744 2270 1800 Tum
2322 1746 2493 1802 frater
2535 1746 3038 1820 :Quandoquidem
3073 1750 3283 1815 dixisti,
3324 1751 3517 1815 Pater,

255 1848 377 1901 δέον
400 1849 616 1901 πάντων
641 1846 751 1900 τῶν
783 1841 1210 1917 ὁρωμένων,’καὶ
1237 1841 1402 1897 αὑτοῦ
1440 1841 1535 1895 τοῦ
1562 1840 1835 1909 σώματος,

1891 1849 2041 1906 gpar
2067 1851 2223 1902 esse,
2274 1846 2336 1891 ut
2378 1838 2546 1895 rebus
2586 1842 2879 1909 omnibus,
2914 1858 3037 1912 qua:
3082 1843 3184 1898 sub
3228 1850 3521 1913 aspectum

252 1928 360 2007 τὴῦ
391 1936 592 2000 παντὸς
630 1935 920 2008 ἀνθρώπου
970 1932 1306 2005 προτιμῆσαι
1328 1931 1570 2000 ἀγάπην,
1602 1930 1719 1992 πῶς
1752 1927 1836 1983 δύ-

256 2047 432 2101 ναμαι
478 2029 571 2082 τὸν
609 2027 873 2099 μισοῦντά
917 2042 983 2097 με
1024 2025 1119 2078 καὶ
1170 2025 1649 2096 ἀποστρεφόμενον
1695 2022 1834 2090 ἀγα-

257 2122 454 2190 πῆσαι;
484 2121 628 2174 Εὶδέ
671 2119 765 2172 καὶ
815 2119 1001 2188 φθονεῖ
1052 2134 1163 2188 μοι,
1199 2116 1293 2170 καὶ
1333 2115 1621 2185 λοιδορίαις
1668 2130 1837 2167 κατα·

254 2212 488 2279 τοξεύει,
522 2212 616 2267 καὶ
647 2211 831 2273 δόλους
858 2209 1257 2272 κατασκευάζει
1284 2247 1299 2271 ,
1330 2205 1426 2260 καὶ
1463 2204 1836 2258 ἐπιϐουλεύειν

257 2307 549 2375 ἐπιχειρεῖ,
576 2302 695 2365 πῶς
731 2301 967 2371 δύναμαι
1000 2300 1162 2354 αὐτὸν
1195 2298 1505 2369 ἀγαπῆσαις
1531 2295 1695 2349 Φύσει
1721 2312 1833 2365 μοι,

258 2398 466 2466 Πάτερ,
506 2394 758 2465 φαίνεται
820 2392 977 2446 τοῦτο
1027 2389 1310 2455 ἀδύνατον,
1354 2389 1451 2442 τοῦ
1497 2387 1703 2450 πάθους
1734 2386 1836 2457 τῆς

257 2489 437 2559 λύπης
463 2487 709 2558 φυσικῶς
739 2486 829 2539 τὸν
862 2484 1177 2554 λυπήσαντα
1201 2479 1640 2550 ἀποστρέφεσθαι
1671 2479 1837 2545 ἀναγ-

257 2578 540 2640 κάζοντος.
577 2575 687 2628 Καὶ
711 2571 983 2644 ἀπεκρίθη
1012 2573 1041 2623 ό
1073 2572 1271 2641 γέρωνο
1322 2569 1445 2622 Ἐπὶ
1477 2567 1576 2640 μὲν
1599 2566 1708 2619 τῶν
1740 2568 1833 2637 ἐρ-

258 2669 439 2722 πετῶν
471 2668 567 2721 καὶ
601 2665 710 2719 τῶν
739 2663 944 2735 θηρίων
977 2662 1086 2715 τῶν
1130 2662 1235 2715 ὑπὸ
1281 2660 1496 2728 φύσεως
1528 2657 1832 2727 ἀγομένων,

257 2761 338 2830 τῷ
354 2761 469 2814 am
500 2757 759 2810 ἀδύνατον
796 2754 870 2825 μὴ
910 2753 1130 2815 πάντως
1176 2749 1485 2820 ἀμύνασθαι
1517 2748 1641 2801 ὅσον
1677 2748 1835 2803 δύνα-

255 2870 350 2907 ται
403 2851 468 2903 τὸ
504 2847 846 2906 καταπονοῦν
875 2863 889 2877 ·
919 2846 1013 2898 ἐπὶ
1056 2846 1113 2898 δέ
1145 2844 1254 2897 τῶν
1304 2843 1425 2895 κατ’
1470 2840 1653 2894 εἰκόνα
1698 2838 1834 2892 Θεοῦ

258 2942 611 3004 κτισθέντων,
644 2940 738 2993 καὶ
766 2939 911 3008 λόγῳ
943 2936 1226 3008 ἀγομένων
1244 2952 1259 2968 ο
1286 2934 1380 2986 καὶ
1409 2932 1663 3000 γνώσεως
1697 2931 1834 2985 Θεοῦ

258 3032 726 3099 καταξιωθέντων,
764 3031 860 3083 καὶ
896 3030 1061 3097 νόμον
1108 3026 1238 3097 παρ’
1291 3024 1457 3079 αὑτοῦ
1504 3024 1833 3094 δεξαμένων,

258 3124 490 3180 δυνατὸν
518 3125 642 3185 τοὺς
666 3121 972 3182 λυποῦντας
1000 3118 1075 3190 μὴ
1104 3116 1561 3185 ἀποστρέφεσθαι,
1594 3116 1688 3168 καὶ
1711 3115 1838 3178 τοὺς

1941 1928 2165 1996 cadunt,
2210 1930 2436 2001 ipsoque
2482 1947 2731 2002 corpore,
2771 1934 3015 2004 cujusvis
3052 1935 3335 1990 hominum
3374 1936 3515 1991 dile-

1911 2027 2181 2079 -ctionem
2216 2025 2394 2095 pluris
2449 2024 2741 2091 faciamus;
2778 2026 3002 2095 quinam
3058 2027 3177 2082 fieri
3221 2038 3402 2098 potest
3449 2037 3516 2084 ut

1940 2131 2067 2170 eum
2080 2116 2304 2187 diligam
2322 2116 2419 2186 qui
2436 2132 2525 2171 me
2541 2117 2707 2172 habet
2723 2117 2850 2173 odio
2866 2126 2922 2173 et
2943 2130 3230 2174 aversatur
3246 2118 3440 2188 ?Quod
3464 2121 3512 2177 si

1940 2207 2108 2261 etiam
2168 2208 2374 2262 invidia
2440 2208 2641 2278 agitur,
2692 2210 2940 2279 petitque
2972 2212 3229 2268 convitiis
3258 2220 3316 2267 et
3354 2213 3515 2268 dolos

1942 2299 2107 2353 struit
2138 2313 2204 2354 ac
2231 2299 2459 2355 insidias
2486 2300 2834 2356 machinatur
2865 2303 3047 2358 :hunc
3070 2306 3349 2375 quomodo
3378 2307 3511 2361 dili—

1940 2407 2068 2461 gere
2092 2407 2316 2461 possum
2338 2394 2361 2447 ?
2380 2394 2635 2459 Videtur,
2662 2395 2849 2461 Pater,
2883 2395 2989 2450 hoc
3017 2396 3073 2450 in
3104 2398 3187 2451 eis
3219 2412 3516 2454 numeran-

1940 2482 2093 2550 dum,
2119 2501 2240 2553 qua:
2288 2494 2486 2540 natura
2530 2485 2648 2539 fieri
2691 2501 2803 2540 non
2837 2496 3088 2557 possunt,
3133 2487 3293 2557 quod.
3314 2503 3512 2558 nempe

1941 2574 2216 2642 passionis
2270 2575 2430 2630 dolor
2476 2576 2750 2645 illataaque
2801 2591 2998 2633 sensus
3046 2578 3261 2649 injuriae.
3311 2584 3513 2631 natura

1941 2669 2117 2733 cogat,
2149 2671 2210 2717 ut
2254 2664 2469 2720 infenso
2503 2666 2686 2721 animo
2725 2666 2781 2720 in
2818 2681 2945 2722 eum
2980 2668 3153 2723 simus
3176 2709 3189 2733 ,
3222 2668 3319 2738 qui
3363 2666 3517 2722 illius

1940 2761 2134 2807 auctor
2163 2754 2409 2809 exsistat.
2440 2756 2859 2827 Responditque
2909 2772 3077 2812 senex
3111 2759 3209 2812 :‘ln
3242 2757 3517 2828 serpenti-

1940 2843 2048 2897 bus
2076 2844 2301 2913 quidem
2332 2854 2388 2899 et
2425 2846 2642 2913 bestiis,
2679 2864 2800 2917 qua:
2827 2858 3022 2904 natura
3053 2861 3291 2919 aguntur
3316 2889 3331 2915 ,
3363 2849 3514 2906 haud

1941 2933 2102 3003 plane
2134 2935 2253 2989 ﬁeri
2294 2938 2488 3005 possit,
2530 2947 2591 2993 ut
2619 2938 2778 3009 371
2804 2956 2918 2995 non
2947 2943 3195 3007 omnino,
3227 2941 3408 3011 quoad
3442 2942 3511 2995 li-

1942 3033 2085 3093 ceat,
2131 3027 2491 3095 ulciscantur,
2518 3030 2666 3099 quod
2693 3032 3000 3087 molestiam
3034 3033 3166 3088 facit
3192 3053 3205 3087 :
3232 3033 3289 3087 in
3324 3033 3391 3088 iis
3412 3048 3512 3087 au-

1945 3127 2076 3184 tem,
2101 3119 2195 3188 qui
2223 3119 2290 3175 ad
2312 3121 2410 3175 Dei
2453 3122 2745 3192 imaginem
2799 3125 3007 3179 conditi
3052 3133 3177 3181 sunt
3209 3136 3265 3181 et
3304 3126 3514 3180 ratione

262 3216 557 3286 μισοῦντας
606 3213 847 3283 ἀγαπᾷν.
902 3211 995 3263 Διὸ
1031 3210 1125 3264 καὶ
1174 3210 1203 3261 ό
1244 3208 1484 3278 Κύριος,
1528 3204 1835 3275 Ἀγιιπᾶτε,

1891 3211 1913 3270 3
1947 3207 2247 3276 ducuntur,
2295 3211 2505 3282 Deique
2540 3214 2770 3268 scientia
2814 3214 3025 3285 dignati
3071 3225 3218 3282 sunt,
3263 3215 3419 3272 etab
3446 3230 3514 3270 eo

260 3306 457 3375 λέγων,
489 3304 632 3367 τοὺς
657 3301 915 3370 ἐχθροὺς
966 3298 1137 3369 ὑμῶν
1161 3315 1176 3330 ·
1211 3298 1412 3363 καλῶς
1446 3296 1687 3361 ποιεῖτε,
1713 3295 1837 3362 τοῖς

254 3397 552 3468 μισοῦσιν
574 3392 857 3463 ὑμᾶς-,καὶ
890 3392 959 3444 τὰ
987 3390 1133 3460 ἑξῆς,
1161 3390 1260 3460 οὐχ
1292 3390 1367 3452 ὼς
1394 3389 1629 3443 ἀδύνατα
1660 3388 1838 3442 ἐντέλ-

262 3490 437 3554 λεται,
460 3487 574 3541 ἀλλ’
596 3486 670 3548 ὡς
699 3483 901 3537 δυνατά
929 3482 1170 3554 δηλονότι
1192 3500 1203 3512 ·
1228 3482 1352 3534 ἐπεὶ
1377 3481 1479 3534 οὐκ
1522 3482 1586 3535 ἂν
1611 3480 1837 3533 ἐκόλασε

261 3582 356 3635 τὸν
383 3578 807 3649 παραϐαίνοντα.
833 3576 994 3645 Δηλοῖ
1025 3575 1082 3629 δέ
1111 3574 1268 3637 αὐτὸς
1299 3576 1326 3626 ό
1360 3573 1594 3644 Κύριος,
1652 3572 1837 3634 αὐτοῖς

261 3675 375 3734 τοῖς
404 3670 584 3740 ἔργοις
611 3669 743 3737 ἡμῖν
762 3666 971 3730 δείξαςο
1012 3664 1104 3718 καὶ
1126 3666 1175 3717 οἱ
1219 3663 1462 3733 μαθηταὶ⁸
1495 3661 1660 3714 αὑτοῦ
1698 3662 1836 3714 πάν-

261 3780 357 3825 τες
378 3760 518 3830 ὑπὲρ
541 3760 641 3829 τῆς
674 3760 753 3822 εἰς
784 3757 875 3810 τὸν
910 3756 1136 3825 πλησίον
1172 3755 1392 3825 ἀγάπης
1418 3754 1578 3825 μέχρι
1605 3753 1836 3807 θανάτου

264 3852 687 3923 ἀγωνισάμενοι,
720 3850 814 3904 καὶ
844 3850 984 3919 ὑπὲρ
1014 3849 1122 3902 τῶν
1157 3847 1597 3902 ἀποκτεινάντων
1620 3846 1838 3917 θερμῶς

266 3946 717 4019 προσευξάμενοι.
772 3942 911 3995 Ἀλλ’
961 3942 1151 4011 ἐπειδὴ
1186 3943 1346 4012 ἡμεῖς
1395 3939 1561 4010 ἐσμὲν
1601 3937 1840 4007 φιλόῦλοι

265 4038 363 4093 καὶ
397 4037 691 4109 φιλήδονοι,
722 4035 819 4088 καὶ
850 4035 1027 4089 ταῦτα
1079 4034 1178 4104 τῆς
1213 4033 1433 4101 ἐντολῆς
1477 4032 1675 4099 μᾶλλον
1702 4044 1838 4101 προ-

264 4127 559 4196 τιμῶντες,
582 4126 671 4179 διὰ
718 4124 879 4178 τοῦτο
925 4125 1051 4186 τοὺς
1108 4122 1403 4193 μισοῦντας
1451 4120 1733 4191 ἀγαπῆσαι
1776 4121 1837 4173 οὐ

263 4215 574 4286 δυνάμεθαο
599 4213 735 4267 ἀλλά
763 4213 858 4265 καὶ
883 4212 1007 4272 τοὺς
1033 4209 1360 4278 ἀγαπῶντας
1393 4208 1481 4261 διά
1512 4207 1685 4260 ταῦτα
1715 4206 1841 4257 πολ-

264 4307 427 4368 λάκις
482 4301 958 4373 ἀποστρεφόμεθα,
991 4298 1195 4367 θηρίων
1229 4298 1322 4351 καὶ
1375 4295 1621 4367 ἑρπετῶν
1664 4296 1841 4365 χεῖρον

264 4398 603 4467 διακείμενοι
632 4410 646 4425 ⁸
679 4393 774 4446 καὶ
822 4391 909 4444 διὰ
961 4391 1117 4443 τοῦτο
1176 4391 1286 4453 τοῖς
1338 4388 1506 4457 ἴχνεσι
1563 4386 1657 4440 τοῦ
1706 4386 1841 4438 Θεοῦ

265 4486 633 4557 ἀκολουθῆσαι
696 4482 771 4555 μὴ
818 4480 1129 4550 δυνάμενοι,
1156 4480 1277 4533 οὐδέ
1320 4479 1410 4532 τὸν
1448 4478 1650 4531 σκοπὸν
1674 4479 1840 4531 αὐτοῦ

266 4581 473 4649 γνῶναι
502 4577 803 4647 δυνάμεθα,
823 4576 911 4627 ἵνα
949 4573 1206 4641 λάϐωμεν
1238 4571 1486 4641 δύναμιν.

1939 3299 2115 3370 legem
2150 3309 2505 3370 acceperunt,
2536 3304 2724 3373 utique
2760 3304 2876 3359 fieri
2900 3315 3105 3375 potest,
3153 3314 3215 3360 ut
3253 3306 3392 3360 nihil
3426 3306 3512 3359 in-

1940 3390 2095 3446 fenso
2124 3392 2309 3447 animo
2332 3394 2443 3447 sint
2463 3394 2519 3449 in
2540 3410 2658 3462 eos,
2680 3396 2776 3465 qui
2817 3397 3033 3468 injuria:
3065 3406 3322 3452 auctores
3346 3405 3511 3462 sunt,

1938 3490 1994 3537 et
2021 3490 2081 3537 ut
2114 3498 2210 3537 eos
2240 3483 2486 3554 diligant,
2510 3485 2605 3554 qui
2637 3486 2896 3541 oderunt.
2931 3486 3299 3553 Quamobrem
3346 3488 3511 3541 etiam

1938 3571 2227 3636 Dominus,
2269 3574 2398 3628 dum
2442 3575 2521 3628 ait
2564 3593 2577 3628 :
2615 3575 2833 3647 Diligite
2861 3579 3100 3632 inimicos
3140 3580 3337 3639 νεέινοε
3374 3595 3392 3633 :
3424 3578 3512 3632 be-

1940 3665 2165 3733 nefacite
2202 3665 2286 3729 iis,
2322 3666 2410 3735 qui
2433 3666 2654 3719 odcrunt
2704 3684 2794 3721 vos
2812 3668 2879 3733 ’³,
2912 3676 2968 3724 et
3021 3685 3143 3738 quae
3183 3677 3512 3740 sequuntur,

1940 3772 2050 3809 non
2081 3756 2197 3810 hmo
2247 3765 2504 3827 tanquam
2558 3760 2918 3828 impossibilia
2942 3761 3120 3831 jubet,
3150 3762 3246 3817 sed
3293 3771 3356 3818 ut
3394 3778 3515 3831 quae

1939 3848 2198 3902 nimirum
2228 3848 2345 3903 fieri
2378 3850 2609 3919 possint.
2656 3852 2949 3921 Palamque
2995 3852 3124 3909 facit
3162 3854 3278 3924 ipse
3324 3854 3511 3909 Domi-

1940 3954 2064 4003 nus,
2097 3940 2214 4009 ejus
2236 3939 2397 3993 nobis
2423 3939 2737 3995 dilectionis
2762 3942 2929 3997 rebus
2950 3942 3081 4012 ipsis
3119 3943 3460 3998 luculentum
3483 3958 3513 3998 a

1940 4043 1999 4083 se
2043 4028 2319 4096 specimen
2358 4028 2565 4094 factus;
2598 4032 2717 4101 ejus
2746 4046 2966 4102 quoque
3008 4046 3200 4086 omnes
3229 4032 3509 4102 discipuli,

1944 4118 2077 4173 dum
2125 4119 2195 4173 ad
2252 4129 2485 4176 mortem
2530 4137 2704 4191 usque
2738 4122 3051 4178 dilectionis
3083 4124 3318 4193 proximi
3349 4139 3512 4179 causa

1942 4209 2312 4277 decertarunt,
2342 4222 2398 4266 et
2424 4212 2636 4282 probis
2680 4213 2775 4282 qui
2819 4212 3148 4267 occiderunt
3198 4213 3366 4267 animi
3401 4212 3512 4272 fer-

1940 4314 2073 4353 vore
2104 4310 2424 4354 oraverunt.
2474 4300 2631 4367 Quod
2656 4303 2940 4356 enimvero
2976 4303 3211 4357 terrenis
3252 4303 3420 4357 rebus
3449 4319 3514 4358 ac

1941 4390 2211 4459 voluptati
2256 4406 2444 4446 amore
2477 4391 2707 4460 impensi
2752 4407 2963 4455 sumus,
2996 4392 3222 4461 haecque
3257 4392 3515 4446 mandato

1944 4479 2119 4549 pluris
2150 4479 2405 4543 facimus,
2449 4480 2656 4534 idcirco
2684 4495 2781 4535 eos
2829 4480 2925 4550 qui
2954 4496 3055 4535 nos
3096 4480 3333 4535 oderunt
3366 4481 3512 4535 haud

1872 4564 1917 4618 D
1946 4569 2176 4640 diligere
2208 4585 2537 4639 possumus;
2568 4569 2701 4639 quin
2727 4579 2783 4624 et
2817 4585 3009 4624 eorum
3036 4585 3198 4624 causa
3227 4570 3282 4623 in
3300 4585 3396 4625 eos
3417 4570 3511 4640 qui

266 4672 522 4743 diligant,
567 4668 716 4723 haud
782 4682 931 4732 raro,
998 4665 1193 4721 bestiis
1260 4680 1324 4719 ac
1388 4663 1741 4733 serpentibus
1790 4663 2031 4718 deterius
2086 4663 2290 4727 allecti,
2353 4662 2568 4719 infenso
2622 4664 2806 4717 animo
2861 4678 3097 4719 sumus:
3157 4663 3512 4733 quamobrem

264 4765 436 4821 etiam
497 4762 595 4815 Dei
631 4759 857 4830 vestigia
906 4756 1063 4827 sequi
1125 4773 1236 4811 non
1270 4756 1537 4822 valentes,
1610 4774 1679 4812 ne
1710 4758 1831 4829 ejus
1852 4757 2076 4827 quidem
2112 4772 2360 4828 scopum,
2420 4773 2485 4812 ac
2530 4757 2654 4827 quis
2683 4757 2760 4813 illi
2795 4757 2920 4813 ﬁnis
2952 4757 3043 4824 sit,
3094 4772 3291 4829 capere
3324 4773 3514 4827 possu-

266 4871 415 4922 mus,
444 4863 505 4909 ιιι
532 4854 799 4908 virtutem
835 4852 1120 4920 roburque
1154 4851 1511 4919 accipiamus.

340 4951 405 5004 θ’.
432 4950 542 5004 Kal.
572 4951 601 5002 6
646 4948 899 5018 Ἀδελφὸς
925 4943 1097 4999 εἶπεν·
1117 4946 1272 5011 Ἰδοὺ,
1302 4946 1505 5016 Πάτερ,
1550 4947 1843 5001 κατέλιπον

268 5044 474 5106 πάντα,
507 5042 848 5110 συγγένειαν,
884 5037 1154 5109 ὓπαρξιν,
1189 5039 1421 5111 τρυφὴν,
1462 5041 1557 5092 καὶ
1612 5039 1712 5110 τὴν
1759 5040 1845 5092 δό-

268 5137 372 5203 ξαν
396 5133 491 5187 τοῦ
523 5134 751 5203 κόσμου,
785 5133 880 5185 καὶ
906 5132 1058 5184 οὐδὲν
1085 5130 1360 5200 κέκτημαι
1384 5130 1441 5182 ἐν
1466 5129 1542 5199 τῷ
1575 5130 1674 5201 βίῳ
1704 5130 1843 5201 πλὴν

266 5226 367 5280 τοῦ
395 5225 645 5295 σώματος
666 5240 679 5254 ⁸
714 5223 808 5277 καὶ
837 5221 927 5276 τὸν
948 5222 1174 5289 ἀδελφὸν
1208 5221 1467 5292 μισοῦντά
1495 5238 1561 5290 με
1592 5222 1685 5274 καὶ
1709 5222 1840 5274 ἁπο-

272 5316 638 5387 στρεφόμενον
670 5314 951 5383 ἀγαπῆσαι
979 5314 1039 5366 οὐ
1067 5313 1303 5383 δύναμαι
1328 5327 1341 5340 ·
1365 5313 1413 5363 εί
1463 5312 1556 5365 καὶ
1589 5312 1842 5383 βιάζομαι

270 5407 446 5463 κακὸν
478 5407 598 5459 ἀντὶ
646 5405 816 5458 κακοῦ
844 5404 965 5456 κατ’
998 5405 1277 5472 ἐνέργειαν
1314 5402 1387 5473 μὴ
1432 5404 1839 5457 ἀνταποδοῦναι.

270 5494 408 5554 Εῐπε
437 5492 527 5549 οὖν
578 5498 630 5549 τί
670 5497 871 5564 ὀφείλω
911 5497 1167 5565 ποιῆσαι,
1196 5495 1283 5548 ἵνα
1332 5496 1542 5566 δυνηθῶ
1575 5496 1737 5548 αὐτὸν
1776 5498 1841 5549 ἐκ

271 5588 501 5658 καρδίας
532 5589 891 5659 ἀγαπῆσαι,ἢ
934 5590 1025 5641 καὶ
1067 5588 1156 5641 τὸν
1201 5588 1615 5658 καθοιονδήποτε
1644 5590 1843 5660 τρόπον

274 5681 527 5736 θλίϐοντά
561 5680 655 5733 καὶ
685 5680 1120 5733 ἐπιϐουλεύοντα.

347 5792 393 5825 ³⁸
423 5790 580 5847 Joan.
613 5808 721 5861 xw,
752 5793 835 5848 l5.

2020 4948 2073 5002 9.
2128 4947 2382 5017 Dixitque
2430 4947 2599 5001 frater
2628 4965 2640 5000 :
2672 4947 2809 5002 Ecce
2829 4988 2842 5010 ,
2870 4947 3050 5011 Pater,
3084 4945 3280 5015 reliqui
3305 4945 3510 5010 omnia,

1950 5038 2345 5109 cognationem,
2373 5038 2754 5102 substantiam,
2776 5037 3019 5101 delicias,
3056 5035 3243 5091 mundi
3262 5034 3512 5105 gloriam,

1949 5148 2051 5186 nec
2081 5140 2275 5200 praeter
2304 5147 2503 5201 corpus
2539 5132 2595 5185 in
2614 5132 2726 5185 vita
2756 5130 2959 5199 aliquid
2992 5130 3269 5199 possideo,
3296 5145 3398 5183 nec
3430 5137 3513 5183 ta-

1949 5240 2072 5278 men
2108 5223 2327 5277 fratrem
2352 5223 2444 5292 qui
2473 5222 2599 5276 odio
2632 5221 2828 5275 habeat
2854 5237 2917 5276 ac
2954 5228 3256 5284 aversetur,
3288 5220 3514 5291 diligere

1948 5316 2132 5380 valeo;
2170 5330 2480 5384 quanquam
2511 5329 2579 5367 ne
2623 5314 2801 5382 reipsa
2833 5312 3032 5366 malum
3066 5326 3165 5380 pro
3206 5312 3348 5365 malo
3386 5309 3511 5363 red-

1948 5408 2093 5470 dam,
2128 5422 2212 5461 me
2244 5408 2359 5476 ipse
2394 5405 2624 5460 cohibeo
2650 5414 2814 5474 atque
2844 5420 3030 5459 caveo.
3065 5404 3163 5458 Dic
3190 5418 3338 5473 ergo,
3380 5400 3513 5472 quid

1948 5498 2083 5552 mihi
2123 5498 2263 5552 facto
2292 5514 2449 5566 Opus,
2478 5504 2538 5549 ut
2566 5514 2631 5551 ex
2671 5497 2855 5550 animo
2892 5496 3117 5565 diligere
3146 5496 3375 5557 valeam,
3400 5493 3515 5548 sive

1948 5590 2111 5642 etiam
2138 5589 2231 5657 qui
2277 5589 2386 5641 ullo
2417 5587 2578 5641 modo
2612 5588 2913 5642 molestiam
2950 5586 3112 5641 faciat
3145 5592 3201 5639 et
3224 5583 3422 5654 atlligat
3442 5589 3515 5639 ‘ac

1951 5680 2175 5735 insidus
2201 5689 2391 5733 struat.

913 5794 954 5826 ²¹
987 5792 1140 5849 Joan.
1174 5809 1259 5859 xv,
1291 5792 1374 5847 ’ἐκ
1455 5792 1495 5824 ί²
1524 5791 1679 5847 Itoni.
1716 5808 1826 5857 xm,

1895 5791 1942 5844 0.
2023 5794 2064 5823 ²³
2098 5791 2285 5847 Matth.
2322 5808 2373 5861 ν,
2403 5793 2502 5861 ti;
2534 5793 2664 5848 Luc.
2699 5808 2770 5859 vt,
2795 5792 2882 5845 ‘27.
