4218 6432
676 349 780 414 919

1861 344 1919 402 S.
1963 338 2250 402 ΜΛΧΙΜΙ
2287 338 2798 400 CONFESSORIS

3829 336 3942 402 920

748 453 1053 526 Respondit
1104 469 1268 509 senex
1299 471 1312 508 :
1339 453 1484 508 Fieri
1515 467 1624 506 non
1667 457 1849 522 potest
1888 458 1950 504 ut
1993 464 2121 505 eum
2159 446 2255 518 qui

2430 449 2542 502 Καὶ
2571 447 2847 518 ἀπεκρίθη
2873 447 2902 499 6
2931 445 3128 516 γέρων·
3173 443 3462 500 Ἀδύνατόν
3495 461 3620 500 τινα
3646 444 3935 515 ἀγαπῆσαι

673 547 864 620 afﬂigit
893 556 1194 616 auctorque
1240 545 1504 601 molestiae
1535 553 1640 610 est,
1677 544 1804 616 quis
1835 543 2045 613 diligat,
2075 556 2255 611 quan-

675 639 882 693 tumvis
905 637 1140 692 terrenis
1168 637 1352 691 δαίουιί
1388 636 1555 692 rebus
1578 635 1832 690 nuntium
1865 632 2140 687 remisisse
2170 630 2256 684 vi-

677 732 870 788 detur.
902 729 1007 783 nisi
1043 728 1262 782 Domini
1302 743 1530 798 scopum
1577 743 1706 783 vere
1761 725 2104 796 cognoverit.
2158 722 2254 778 Sin

677 830 863 878 autem
913 821 1008 875 illo
1053 819 1293 874 donante
1328 835 1490 875 nosse
1523 818 1798 889 potuerit,
1831 817 2158 886 studeatque
2189 832 2255 869 ex

677 916 799 986 ejus
820 912 1032 967 ratione
1072 912 1373 976 ambulare,
1397 926 1524 965 eum
1543 910 1636 980 qui
1661 910 1791 965 odio
1807 909 2005 964 habeat
2031 918 2087 963 et
2115 906 2255 961 allii-

679 1013 793 1076 gat,
819 1020 885 1058 ex
915 1006 1102 1058 animo
1123 1003 1352 1072 diligere
1385 1003 1610 1071 poterit,
1642 1010 1703 1056 ut
1724 1016 1780 1058 et
1802 999 2037 1070 apostoli
2062 998 2256 1069 dilige-

679 1096 836 1160 bant,
869 1093 962 1164 qui
988 1094 1138 1147 illum
1176 1093 1581 1162 cognovissent.

752 1185 840 1239 lO.
877 1185 1016 1240 Tum
1058 1184 1228 1237 frater
1263 1201 1275 1236 :
1309 1183 1460 1254 Rogo
1487 1194 1562 1247 te,
1597 1184 1778 1249 Pater,
1819 1182 1963 1238 scire
1999 1183 2254 1252 quisnam

678 1277 899 1333 Domini
935 1291 1135 1346 scopus
1179 1276 1472 1331 exstiterit.
1513 1275 1594 1331 Ad
1622 1289 1787 1345 quem
1822 1288 1989 1329 senex
2017 1292 2028 1326 :
2061 1273 2117 1328 Si
2144 1274 2253 1327 Do-

678 1369 814 1424 mini
848 1382 1078 1438 scopum
1111 1382 1273 1422 nosse
1299 1368 1403 1432 vis,
1435 1370 1668 1422 solerter
1690 1365 1840 1420 audi.
1865 1364 2035 1436 Igitur
2065 1363 2252 1418 Domi-

677 1475 787 1514 nus
820 1467 1012 1514 noster
1035 1458 1194 1514 Jesus
1217 1458 1493 1517 Christus.
1518 1471 1644 1511 cum
1675 1457 1820 1512 Deus
1852 1465 2050 1510 natura
2084 1461 2252 1517 esset,

680 1567 746 1607 ac
765 1566 883 1622 -per
920 1559 1188 1606 summam
1234 1549 1584 1604 clementiam
1619 1548 2016 1617 hominumque
2061 1562 2253 1601 amore

679 1643 848 1698 homo
879 1641 996 1695 fieri
1025 1640 1284 1712 dignatus
1322 1639 1482 1710 372
1515 1647 1680 1703 esset,
1718 1645 1880 1692 natus
1907 1651 1974 1691 ex
1998 1637 2250 1697 muliere,

680 1733 787 1788 sub
837 1732 958 1804 lege
993 1732 1170 1788 factus
1215 1741 1320 1795 est,
1367 1739 1429 1784 ut
1468 1738 1662 1785 auctor
1698 1729 1920 1784 divinus
1959 1728 2254 1798 Apostolus

680 1831 767 1878 est
787 1823 868 1889 ";
897 1838 1006 1892 quo
1058 1821 1320 1875 nimirum
1356 1829 1416 1874 ut
1472 1820 1680 1885 homo,
1726 1819 1966 1875 mandati
1999 1821 2257 1876 observa-

680 1912 855 1976 tione,
919 1918 1163 1966 veterem
1219 1909 1410 1965 Adami
1450 1911 1890 1966 maledictionem
1949 1925 2256 1980 noxamque

681 2010 975 2058 everteret.
1001 2003 1137 2058 Cum
1180 2003 1363 2072 itaque
1398 2001 1476 2057 illi
1507 2002 1848 2072 exploratum
1872 2009 2051 2066 esset,
2087 2009 2254 2055 totam

679 2093 858 2165 legem
888 2109 952 2148 ac
978 2093 1274 2163 prOphetas
1313 2094 1369 2148 in
1402 2093 1621 2150 duobus
1652 2093 1788 2165 legis
1815 2091 2086 2148 mandatis
2116 2106 2254 2162 pen-

681 2183 849 2250 dere;
886 2185 1016 2238 hinc
1046 2185 1340 2240 nimirum:
1375 2185 1573 2257 Diliges
1609 2185 1890 2240 Dominum
1919 2185 2086 2239 Deum
2111 2193 2256 2237 tuum

683 2292 749 2330 ea:
774 2277 1061 2330 toto‘corde
1089 2286 1266 2343 tuo,et
1289 2279 1594 2347 proximum
1629 2280 1762 2332 sicut
1789 2277 2047 2341 teipsum;
2079 2276 2195 2330 haec
2225 2291 2257 2329 a

683 2365 960 2436 principio
985 2375 1040 2421 et
1074 2367 1128 2419 in
1171 2365 1334 2421 finem
1364 2382 1536 2436 usque
1567 2383 1634 2422 ex
1667 2368 1908 2421 humana
1935 2367 2147 2422 studuit
2170 2383 2259 2420 ra-

688 2458 841 2512 tione
873 2473 1115 2517 servare.
1157 2458 1261 2525 Qui
1289 2470 1470 2515 autem
1507 2475 1536 2513 a
1572 2459 1844 2528 principio
1869 2460 2146 2515 hominem
2175 2476 2259 2514 se-

683 2549 864 2614 duxit,
912 2551 1142 2621 ejusque
1193 2551 1424 2606 victoria
1479 2553 1675 2608 mortis
1706 2552 1998 2622 imperium
2039 2553 2257 2622 (nempe

683 2641 955 2712 diabolus)
993 2642 1222 2711 accepit,
1246 2658 1370 2696 eum
1407 2641 1652 2708 vidisset,
1681 2659 1792 2712 quo
1819 2650 2063 2712 tempore
2081 2643 2260 2713 bapti-

684 2749 805 2788 smo
829 2734 1031 2789 tinctus
1057 2743 1162 2800 est,
1199 2735 1378 2790 Patris
1419 2736 1734 2791 testimonio
1761 2737 2118 2801 celebratum,
2161 2752 2257 2791 co-

685 2831 1023 2895 gnatumque
1065 2825 1334 2896 Spiritum
1382 2835 1667 2891 sanctum,
1711 2843 1818 2896 qua
1858 2828 2024 2882 homo
2050 2835 2190 2894 erat,
2229 2845 2260 2883 e

685 2915 842 2971 caelis
870 2916 1166 2986 accepisse,
1199 2926 1364 2986 atque
1408 2917 1464 2971 in
1493 2917 1770 2971 desertum
1795 2928 1858 2974 ut
1898 2919 1967 2973 ab
1989 2934 2056 2984 eo
2082 2928 2260 2972 tenta-

683 3015 841 3062 retur
861 3007 1099 3071 venisse,
1125 3023 1343 3061 omnem
1369 3008 1424 3061 in
1448 3022 1574 3063 eum
1601 3008 1732 3063 belli
1754 3009 1952 3065 molem
1969 3009 2258 3074 convertit,

2356 539 2449 592 τὸν
2498 537 2749 592 Θλίϐοντα
2769 577 2786 600 ,
2817 538 2922 592 κᾶν
2974 540 3040 610 τῇ
3072 536 3173 608 ὕλῃ
3205 535 3302 590 τοῦ
3338 537 3546 607 κόσμου
3573 536 3752 603 ἔδοξεν
3799 537 3941 590 ἀπο-

2355 630 2640 695 τάξασθαι,
2671 629 2768 683 ὲάν
2805 629 2881 700 μὴ
2933 628 3023 682 τὸν
3079 629 3282 682 σκοπὸν
3322 626 3418 681 τοῦ
3468 628 3676 697 Κυρίου
3710 629 3771 681 ἐν
3799 628 3941 697 ἀλη-

2358 722 2478 794 θειᾳ
2506 720 2784 792 γινώσκῃ·
2820 720 2917 774 έάν
2947 721 3006 775 δὲ
3052 720 3148 773 τοῦ
3201 721 3410 790 Κυρίου
3449 718 3597 791 αὐτῷ
3635 720 3942 790 χαριζομέ-

2355 831 2447 867 νου
2481 812 2681 884 δυνηθῇ
2732 811 2968 881 γνῶναι,
2997 813 3092 865 καὶ
3146 812 3350 884 σπεύδῃ
3389 815 3509 867 κατ’
3558 813 3720 866 αὑτὸν
3774 829 3942 883 περι-

2357 908 2568 968 πατεῖν,
2595 905 2818 958 δύναται
2866 905 3192 976 ἐπι-καρδίας
3231 907 3518 976 ἀγαπῆσαι
3552 905 3643 959 τὸν
3672 905 3941 974 μισοῦντα

2356 997 2452 1050 καὶ
2484 995 2756 1064 θλίϐοντα,
2785 997 2976 1068 ῶσπερ
3036 997 3131 1051 καὶ
3187 998 3236 1050 οί
3290 997 3582 1051 ἀπόστολοι
3632 996 3942 1064 ἐγνωκότες

2354 1089 2606 1159 ἠγάπων.

2428 1188 2478 1232 ι’.
2522 1180 2632 1233 Καὶ
2677 1173 2829 1232 εἶπεν
2869 1179 2898 1231 6
2940 1179 3228 1248 ’Λδελφόςο
3258 1178 3368 1231 Καὶ
3411 1177 3497 1241 τίς
3527 1178 3556 1231 6
3596 1178 3801 1240 σκοπὸς
3840 1176 3940 1229 τοῦ

2356 1271 2560 1341 Κυρίου
2591 1264 2681 1340 ἦν,
2719 1268 3027 1338 παρακαλῶ
3059 1269 3294 1336 γνῶναι,
3331 1268 3534 1338 Πάτερ.
3573 1265 3686 1319 Καὶ
3715 1262 3876 1327 εἶπεν
3912 1267 3943 1318 6

2354 1364 2552 1435 γέρων⁸
2593 1363 2717 1415 Ἐὰν
2749 1361 2840 1415 τὸν
2881 1359 3083 1414 σκοπὸν
3117 1360 3212 1413 τοῦ
3242 1361 3448 1431 Κυρίου
3494 1359 3699 1428 γνῶναι
3749 1359 3939 1430 θέλῃς,

2357 1453 2590 1516 συνετῶς
2616 1453 2868 1507 ἄκουσον.
2901 1452 2962 1505 Ὀ
3003 1446 3097 1505 οὖν
3127 1451 3334 1521 Κύριος
3368 1452 3525 1522 ἡμῶν
3562 1449 3770 1520 Ἰησοῦς
3799 1451 3940 1520 Χρι-

2357 1547 2500 1610 στὸς,
2540 1543 2698 1616 φύσει
2746 1543 2878 1608 Θεὸς
2920 1543 3016 1606 ὢν,
3056 1543 3151 1596 καὶ
3183 1541 3471 1612 ἄνθρωπος
3509 1542 3596 1594 διὰ
3631 1541 3943 1610 φιλανθρω-

2356 1636 2486 1689 πίαν
2514 1633 2769 1703 γενέσθαι
2790 1630 3156 1696 καταξιώσας,
3188 1633 3251 1685 ὲκ
3272 1631 3531 1701 γυναικὸς
3569 1629 3783 1700 τεχθεὶς
3810 1619 3940 1699 [Fin

2355 1728 2589 1797 alterque
2619 1723 2697 1778 Μ.
2725 1721 3054 1794 γεννηθεὶς],
3073 1722 3181 1775 ὑπὸ
3213 1721 3379 1790 νόμον
3407 1719 3647 1789 ἐγένετο,
3672 1719 3819 1772 κατά
3848 1719 3943 1772 τὸν

2357 1823 2501 1876 θεῖον
2547 1817 2866 1873 Ἀπόστολον
2903 1831 2916 1844 ·
2951 1816 3039 1870 ἶνα
3087 1814 3170 1878 ib;
3223 1813 3513 1884 ἄνθρωπος
3563 1813 3663 1883 τὴν
3718 1811 3944 1882 ἐντολὴν

2357 1911 2621 1982 φυλάξας,
2655 1907 2753 1980 τὴν
2772 1907 3008 1978 ἀρχαίαν
3025 1905 3120 1959 τοῦ
3163 1904 3336 1976 Ἀδάμ
3360 1903 3640 1974 ἀνατρέψῃ
3663 1903 3940 1972 κατάραν.

2358 2005 2534 2067 Είδὼς
2558 2001 2650 2057 οὖν
2679 2004 2706 2056 6
2745 2001 2971 2071 Κύριος,
2996 1999 3080 2053 ὅτι
3109 1998 3228 2062 ὅλος
3251 2000 3279 2052 6
3307 1998 3471 2068 νόμος
3507 1999 3601 2050 καὶ
3637 1997 3687 2049 οί
3719 1996 3944 2065 προφῆ-

2357 2116 2446 2152 ται
2470 2099 2526 2152 ὲν
2559 2098 2680 2160 ταῖς
2711 2095 2833 2147 δυσὶ
2879 2092 2972 2146 τοῦ
3024 2093 3190 2162 νόμου
3234 2091 3538 2161 κρέμανται
3585 2089 3850 2152 ἐντολαῖς,
3884 2090 3946 2140 ὲν

2357 2193 2471 2263 τῷ,
2509 2190 2870 2260 Ἀγαπήσεις
2925 2189 3146 2255 Κύριον
3179 2186 3285 2238 τὸν
3333 2185 3480 2238 Θεόν
3505 2198 3620 2236 σου
3667 2183 3738 2247 ἐξ
3790 2182 3946 2247 ὅλης

2358 2283 2469 2353 τῆς
2517 2282 2765 2351 καρδίας
2819 2296 2958 2344 σου,
2983 2277 3081 2332 καί
3129 2277 3238 2330 τὸν
3265 2277 3534 2343 πλησίον
3557 2277 3639 2339 ῶς
3682 2275 3940 2328 ἑαυτόν·

2357 2377 2531 2431 ταῦτα
2558 2376 2653 2428 ἀπ’
2704 2374 2878 2444 ἀρχῆς
2917 2373 3201 2442 καὶμέχρι
3239 2370 3424 2433 τέλους
3473 2367 3702 2435 φυλάξαι
3733 2367 3948 2438 ἀνθρω-

2360 2469 2658 2538 ποπρεπῶς
2691 2467 2974 2520 ἔσπευσεν.
3017 2466 3074 2518 ’0
3103 2463 3159 2516 δὲ
3193 2464 3288 2517 ἀπ’
3313 2462 3486 2535 ἀρχῆς
3529 2463 3819 2531 ἀπατήσας
3848 2460 3946 2511 τὸν

2359 2559 2664 2630 ἄνθρωπον,
2692 2559 2785 2610 καὶ
2813 2556 2900 2610 διά
2933 2555 3092 2608 τοῦτο
3121 2556 3322 2625 κράτος
3355 2552 3604 2624 ἐσχηκὼς
3641 2550 3735 2604 τοῦ
3767 2549 3944 2603 Θανά-

2359 2670 2475 2716 του,
2509 2651 2774 2717 διάϐολος,
2800 2649 2923 2703 ίδὼν
2973 2648 3134 2702 αὐτὸν
3161 2649 3255 2702 ἐπὶ
3299 2646 3392 2700 τοῦ
3423 2646 3803 2717 βαπτίσματος
3836 2643 3946 2698 ὑπὸ

2361 2741 2453 2797 τοῦ
2486 2741 2699 2814 Πατρὸς
2743 2740 3214 2812 μαρτυρούμενον,
3249 2738 3343 2792 καὶ
3386 2738 3448 2791 τὸ
3489 2736 3752 2804 συγγενὲς
3783 2736 3944 2804 ᾰγιον

2363 2833 2585 2904 Πνεῦμα
2625 2833 2701 2896 ὼς
2730 2834 3014 2903 ἄνθρωπον
3063 2831 3158 2885 ἀπ’
3193 2831 3438 2901 οὐρανῶν
3483 2829 3774 2900 δεχόμενον
3795 2869 3811 2892 ,
3845 2829 3947 2881 καὶ

2362 2926 2442 2990 είς
2463 2924 2560 2996 τὴν
2584 2925 2787 2996 ἔρημον
2813 2924 2946 2994 πρὸς
2961 2924 3022 2976 τὸ
3049 2923 3409 2992 πειρασθῆναι
3436 2921 3526 2974 ὑπ’
3560 2920 3725 2974 αὑτοῦ
3749 2919 3944 2987 ἐληλυ-

2365 3014 2515 3069 θότα·
2534 3013 2653 3068 ὅλον
2677 3013 2840 3067 αὐτοῦ
2871 3013 2960 3067 τὸν
2989 3014 3223 3084 πόλεμον
3253 3014 3375 3066 κατ’
3406 3011 3570 3068 αὑτοῦ
3596 3011 3942 3081 συνεκρότει,

686 3097 733 3152 si
762 3097 906 3152 forte
941 3098 1088 3154 hunc
1116 3115 1334 3169 quoque
1386 3099 1648 3156 inducere
1689 3109 1903 3170 posset,
1930 3109 1990 3155 ut
2040 3109 2255 3155 terrena

2366 3103 2420 3158 e'.’
2446 3121 2560 3168 πως
2590 3102 2789 3175 δυνηθῇ
2838 3103 2932 3156 καὶ
2970 3103 3130 3156 αὑτὸν
3177 3106 3402 3168 ποιῆσαι
3439 3104 3538 3172 τὴν
3586 3103 3683 3155 τοῦ
3731 3103 3944 3170 κόσμου

686 3189 880 3244 mundi
914 3189 1114 3244 divina:
1160 3189 1441 3246 dilectioni
1487 3193 1804 3248 anteferret.
1853 3194 2043 3250 Sciens
2073 3195 2259 3264 itaque

688 3277 944 3334 diabolus
973 3281 1075 3334 tria
1109 3281 1224 3336 haec
1269 3297 1411 3348 esse,
1457 3283 1512 3336 in
1548 3284 1750 3353 quibus
1787 3285 2024 3340 humana
2063 3295 2262 3341 cuncta

685 3378 1001 3436 vertuntur,
1029 3371 1183 3427 cibos
1211 3373 1493 3440 nimirum,
1530 3376 1792 3444 pecunias
1827 3377 2063 3446 vitaeque
2097 3376 2262 3430 clari-

688 3466 880 3524 tatem,
927 3461 1132 3530 quibus
1184 3463 1351 3516 etiam
1403 3480 1684 3534 nunquam
1738 3481 1850 3519 non
1887 3465 2168 3520 hominem
2204 3466 2261 3521 in

687 3553 1019 3622 perditionis
1048 3554 1363 3610 barathrum
1405 3557 1546 3612 solet
1579 3557 1895 3624 detrudere,
1927 3558 2131 3628 triplici
2157 3559 2262 3613 hoc

688 3661 868 3700 cuneo
891 3661 1019 3701 eum
1052 3647 1106 3701 in
1133 3646 1353 3702 deserto
1392 3647 1622 3704 adortus
1645 3656 1731 3705 est
1761 3666 1774 3702 :
1811 3665 2046 3720 quorum
2078 3651 2264 3705 Domi-

688 3752 796 3792 nus
823 3737 999 3792 victor
1031 3738 1284 3803 effectus,
1316 3738 1598 3794 diabolum
1626 3749 1776 3795 retro
1794 3741 1957 3811 jussit
1977 3741 2151 3796 abire.

759 4021 848 4074 H.
885 4018 1000 4074 Hoc
1024 4019 1192 4091 igitur
1219 4020 1313 4076 Dei
1337 4021 1650 4079 dilectionis
1671 4023 1904 4096 insigne,
1939 4026 2096 4096 cujus
2121 4041 2261 4095 prae-

689 4120 911 4180 ceptum
945 4110 1518 4182 uttransgrederetur,
1547 4127 1673 4166 cum
1698 4113 2262 4183 nulla‘promissorum

687 4203 742 4258 vi
766 4201 1016 4257 obtinere
1050 4203 1119 4257 ab
1173 4217 1241 4258 eo
1269 4210 1509 4259 tentator
1551 4205 1853 4276 potuisset;
1881 4215 1943 4260 ut
1976 4207 2087 4277 jam
2129 4207 2265 4263 dile-

689 4293 892 4348 ctionis
935 4293 1170 4363 proximi
1219 4305 1556 4365 praeceptum
1602 4295 1835 4351 violaret
1878 4297 1934 4351 in
1977 4296 2263 4352 hominum

2364 3193 2706 3266 προτιμῆσαι
2740 3192 2874 3263 ὓλην
2918 3193 3014 3263 τῆς
3049 3193 3130 3256 είς
3173 3193 3305 3244 Θεὸν
3349 3193 3590 3262 ἀγάπης.
3626 3191 3800 3254 Εἰδὼς
3847 3187 3946 3245 οὖν

2359 3290 2388 3341 6
2417 3285 2661 3349 διάϐολος
2707 3286 2788 3338 ὅτι
2841 3284 2908 3338 τὰ
2955 3285 3083 3353 τρία
3115 3284 3290 3338 ταῦτά
3324 3285 3495 3349 εἰσιν,
3533 3285 3592 3336 ἐν
3624 3281 3707 3346 οἷς
3757 3285 3945 3338 πάντα

2359 3378 2584 3431 δονεῖται
2617 3375 2683 3430 τά
2707 3372 3021 3444 ἀνθρώπινα
3039 3374 3136 3447 [ιιι.
3164 3376 3272 3429 πᾶν
3305 3377 3366 3427 τὸ
3387 3374 3775 3447 ἀνθρώπινον],

2363 3485 2509 3539 ματα
2527 3507 2542 3531 ,
2570 3468 2735 3536 λέγω,
2764 3469 2858 3520 καὶ
2891 3467 3172 3537 χρήματα,
3198 3469 3294 3519 καὶ
3323 3466 3448 3530 δόξα
3469 3507 3483 3529 ,
3509 3466 3576 3518 δι’
3614 3460 3690 3519 ὧν
3723 3467 3820 3519 καί
3859 3468 3945 3529 είς

2360 3561 2420 3613 τὸ
2456 3558 2726 3631 βάραθρον
2772 3557 2871 3628 τῆς
2921 3557 3195 3620 ἀπωλείας
3225 3557 3312 3610 ἀεὶ
3357 3559 3638 3627 κατήγαγε
3666 3556 3766 3618 [aL
3803 3575 3944 3610 κατ-

2362 3653 2503 3722 άγει.
2540 3651 2636 3707 Fr.
2665 3650 2897 3722 κατῆγει
2919 3651 3010 3704 τὸν
3040 3649 3325 3718 ἄνθρωπον
3350 3667 3362 3678 ·
3388 3652 3466 3714 εἰς
3504 3651 3680 3704 ταῦτα
3696 3652 3770 3712 ,τά
3811 3651 3945 3721 τρία

2362 3744 2525 3798 αὑτὸν
2553 3746 2613 3796 ὲν
2643 3745 2710 3814 τῇ
2760 3743 2953 3814 ἐρήμῳ
3003 3741 3298 3812 ἐπείρασεν
3319 3780 3333 3801 .
3360 3733 3435 3794 ῶν
3482 3743 3510 3794 6
3547 3741 3752 3811 Κύριος
3779 3742 3944 3811 ἡμῶν

2363 3837 2625 3909 κρείττων
2668 3837 2894 3905 φανεὶς,
2931 3837 3011 3900 εἰς
3066 3835 3308 3888 τούπίσω
3341 3837 3540 3907 χωρεῖν
3590 3835 3666 3904 τῷ
3701 3834 3943 3905 διαϐόλῳ

2365 3928 2460 4000 lat.
2485 3930 2577 3981 τὸν
2613 3925 2881 3999 διάϐολονι
2907 3927 3259 3998 προσέταττε.

2437 4027 2522 4076 ια’.
2564 4019 2733 4074 Τοῦτο
2767 4015 2861 4074 οὖν
2885 4021 2947 4073 τὸ
2973 4019 3262 4091 γνώρισμα
3290 4022 3387 4091 τῆς
3414 4020 3493 4082 είς
3512 4018 3646 4073 Θεὸν
3680 4019 3907 4090 ἀγάπης
3926 4059 3942 4083 ,

2361 4108 2431 4184 ἧς
2462 4114 2559 4182 τὴν
2587 4110 2806 4182 ἐντολὴν
2835 4110 2902 4164 δι’
2917 4105 2992 4166 ῶν
3021 4109 3330 4181 ὲπήγγελτο
3359 4112 3547 4164 πεῖσαι
3567 4108 3729 4164 αὐτὸν
3764 4127 3947 4181 παρα-

2363 4203 2524 4274 ϐῆναι
2558 4204 2634 4274 μὴ
2656 4201 2924 4274 δυνηθεὶς,
2958 4205 3058 4275 τῆς
3079 4204 3159 4267 είς
3189 4203 3278 4256 τὸν
3313 4203 3540 4273 πλησίον
3567 4203 3753 4258 λοιπὸν
3802 4204 3944 4272 ἀγά-

2365 4307 2473 4361 πης
2499 4290 2601 4362 τὴν
2645 4290 2884 4362 ἐντολὴν,
2933 4293 3012 4354 είς
3048 4290 3143 4362 τὴν
3194 4290 3521 4362 οἰκουμένην
3564 4290 3813 4357 ἐλθόντα,
3854 4291 3945 4344 διὰ

687 4382 1057 4452 frequentiam
1114 4384 1345 4439 veniens
1364 4425 1379 4452 ,
1410 4385 1926 4441 scelestissimorum
1949 4385 2255 4442 Iudaeorum

2363 4383 2473 4438 τῶν
2525 4384 2854 4454 παρανόμων
2917 4381 3189 4437 Ἰουδαίων
3264 4381 3503 4452 ἐνεργῶν
3528 4423 3543 4448 ,
3575 4381 3944 4454 παραϐαίνειν

689 4488 826 4528 usus
855 4487 1057 4543 opera,
1095 4475 1312 4529 cunctis
1361 4475 1577 4530 artibus
1625 4476 1860 4532 adnixus
1900 4486 2004 4532 est.
2051 4476 2255 4532 Idcirco

2368 4476 2531 4530 αὑτὸν
2575 4475 2642 4529 δι’
2698 4470 2774 4531 ὧν
2808 4476 3120 4546 ἐμηχανᾶτο
3170 4476 3484 4545 ἠγωνίζετο.
3533 4474 3736 4527 Τούτου
3778 4476 3944 4545 χάριν

690 4565 860 4636 igitur
904 4565 1127 4621 interim
1171 4566 1303 4621 dum
1327 4567 1444 4622 vias
1475 4568 1601 4623 vitae
1622 4568 1866 4635 doceret,
1913 4584 1979 4624 ac
2026 4571 2255 4626 cmlestis

2367 4566 2685 4620 διδάσκοντα
2733 4564 2896 4618 αὐτὸν
2933 4566 3031 4628 τὰς
3077 4564 3228 4627 ὀδοὺς
3275 4563 3377 4634 τῆς
3433 4563 3608 4633 ζωῆς,
3650 4564 3746 4615 καὶ
3793 4563 3946 4633 ἔργῳ

688 4657 818 4712 vita:
841 4656 1188 4727 disciplinam
1218 4673 1384 4728 opere
1418 4666 1769 4726 monstraret,
1813 4662 2255 4716 resurrectionis-

2367 4656 2785 4711 ὑποδεικνύοντα
2820 4655 2927 4734 τὴν
2959 4655 3207 4726 οὐράνιον
3247 4655 3544 4717 πολιτείαν,
3576 4654 3668 4706 καὶ
3701 4653 3946 4709 ἀνάσταο

689 4761 798 4816 que
841 4756 1187 4801 mortuorum
1219 4763 1417 4816 pra:co,
1465 4748 1631 4802 vitam
1680 4758 1939 4804 aeternam
1991 4766 2056 4806 ac
2094 4750 2255 4807 caelo-

2366 4766 2452 4802 σιν
2480 4747 2689 4819 νεκρῶν
2740 4747 3176 4816 καταγγέλλοντα
3203 4785 3218 4809 ,
3253 4746 3346 4799 καὶ
3398 4744 3542 4815 ζωὴν
3596 4745 3818 4798 αίὼνιον
3848 4747 3946 4799 καὶ

691 4853 816 4892 rum
847 4853 1080 4908 regnum
1115 4837 1371 4894 fidelibus
1402 4839 1770 4908 promitteret,
1803 4851 2115 4911 aeternaque
2137 4858 2255 4912 sup-

2366 4838 2644 4910 βασιλείαν
2668 4837 2915 4910 οὐρανῶν
2938 4840 3048 4900 τοῖς
3071 4835 3418 4890 πιστεύουσιν
3445 4834 3943 4905 ἐπαγγελλόμενον

688 4928 856 4999 plicia
885 4928 1187 4983 incredulis
1219 4930 1365 4984 serio
1405 4929 1723 4995 intentaret,
1751 4939 1918 5002 atque
1949 4932 2014 4988 ad
2050 4941 2255 4988 certam

2363 4935 2474 4995 τοῖς
2521 4930 2577 4984 δὲ
2622 4930 2870 4993 ἀπίστοις
2921 4929 3143 4983 κόλασιν
3187 4926 3404 4982 αἰώνιον
3453 4926 3802 4991 ἀπειλοῦντα,
3848 4927 3944 4980 καὶ

690 5019 956 5074 doctrinm
988 5018 1176 5084 fidem,
1199 5018 1470 5089 stupenda
1496 5035 1562 5074 ac
1614 5020 1860 5075 inaudita
1887 5020 2072 5075 divina
2110 5021 2255 5092 signa

2364 5025 2500 5096 πρὸς
2537 5022 2828 5094 βεϐαίωσιν
2858 5020 2965 5075 τῶν
3001 5020 3309 5090 λεγομένων
3331 5020 3430 5082 τὰς
3451 5018 3791 5089 παραδόξους
3822 5017 3945 5071 θεο-

575 5179 583 5186 _
688 5109 904 5174 ederet,
936 5124 1001 5164 ac
1037 5109 1228 5164 turbas
1274 5109 1341 5163 ad
1385 5109 1548 5164 fidem
1579 5109 1858 5175 invitaret,
1894 5113 2255 5183 nequissimos

2368 5117 2570 5188 σημίας
2606 5114 3063 5186 ἐπιδεικνύμενον,
3090 5113 3182 5166 καὶ
3233 5112 3313 5175 είς
3360 5111 3542 5164 πίστιν
3569 5110 3696 5172 τοὺς
3748 5109 3946 5180 ὄχλους

689 5201 980 5256 hominum
1010 5201 1317 5256 Pharisaaos
1361 5216 1425 5256 ac
1458 5200 1699 5268 Scribas,
1735 5203 1803 5257 ad
1836 5204 2017 5258 varias
2052 5205 2108 5258 in
2131 5219 2255 5259 eum

2368 5207 2843 5281 προσκαλούμενον
2869 5248 2885 5273 ,
2919 5205 3184 5260 συνεκίνει
3225 5205 3353 5266 τοὺς
3397 5201 3749 5274 παρανόμους
3779 5203 3945 5271 Φαρι-

689 5293 983 5350 struendas
1024 5294 1286 5359 insidias,
1339 5295 1650 5351 concitabat
1693 5313 1709 5349 :
1744 5311 1855 5368 quo
1898 5297 2109 5353 scilicet
2155 5298 2255 5352 vim

2365 5300 2550 5363 σαίους
2575 5298 2670 5352 καὶ
2697 5298 3080 5369 Γραμματεῖς,
3110 5295 3192 5358 είς
3220 5293 3318 5358 τὰς
3348 5292 3471 5347 κατ’
3499 5291 3663 5344 αὐτοῦ
3687 5291 3944 5352 ποικίλας

688 5400 812 5439 eam
843 5384 1207 5438 tentationum
1233 5383 1377 5440 ferre
1412 5400 1521 5439 non
1547 5387 1757 5452 valens,
1782 5396 1844 5442 ut
1875 5388 2098 5459 quidem
2120 5389 2255 5446 vide

2361 5390 2651 5455 ἐπιϐουλάς
2667 5406 2680 5420 ο
2697 5389 2784 5444 ἵνα
2805 5390 2930 5452 τοὺς
2961 5385 3298 5459 πειρασμοὺς
3318 5385 3663 5453 ὑπενεγκεῖν,
3680 5383 3760 5446 ὡς
3781 5381 3941 5454 ᾤετο,

689 5476 874 5539 batur,
907 5475 962 5529 in
979 5490 1170 5529 eorum
1195 5475 1289 5544 qui
1314 5475 1394 5530 sic
1418 5491 1512 5531 eas
1538 5485 1843 5543 necterent,
1874 5479 2062 5534 odium
2088 5490 2255 5536 verte-

2365 5481 2440 5554 μὴ
2459 5481 2772 5550 δυνάμενος,
2813 5479 2894 5544 είς
2933 5481 3088 5551 μῖσος
3118 5477 3228 5531 τῶν
3273 5474 3732 5530 ιταϐουλευόντων
3761 5490 3943 5545 παρα·-

690 5579 795 5634 rct,
832 5576 998 5636 atque
1032 5567 1088 5621 in
1123 5583 1251 5622 eum
1279 5567 1503 5622 modum
1537 5569 1808 5624 intentum
1860 5570 2022 5627 finem
2086 5574 2255 5630 scele-

2361 5575 2578 5645 τραπῇ·
2611 5573 2703 5627 καὶ
2745 5571 2919 5638 οὕτως
2947 5572 3041 5626 τοῦ
3091 5569 3294 5625 σκοποῦ
3328 5570 3357 5623 6
3383 5569 3638 5640 ἀλάστωρ
3685 5565 3939 5638 ἐπιτύχῃ,

767 5747 812 5777 ⁸³
845 5747 1019 5802 Galat.
1051 5764 1122 5813 ιν,
1166 5750 1210 5802 ί.
1287 5752 1330 5782 ’⁵
1367 5745 1555 5803 Matth.
1591 5761 1678 5812 xx,
1719 5747 1805 5801 57.
