4218 6432
242 386 349 453 921

1504 390 1736 453 LIBER
1771 390 2189 453 ASCETICUS.

3364 393 3474 460 922

244 496 577 568 παραϐάτην
606 498 706 568 τῆς
731 498 945 570 ἐντολῆς
974 500 1070 571 τ’ἡς
1102 500 1185 563 εἱς
1215 494 1309 552 τδν
1344 499 1569 571 πλησίον
1592 502 1809 571 ἀγάπης
1836 505 1883 561 Α

1911 500 2182 556 stissimus
2205 500 2504 565 obtineret,
2527 500 2621 570 qui
2653 499 2967 558 dilectionis
2996 500 3235 572 proximi
3261 502 3475 561 violata

244 589 553 659 ἀποφήνας.

324 682 413 751 ιβ’.
440 682 497 734 '0
522 681 577 734 δὲ
599 682 821 753 Κύριος,
846 680 943 735 ἀτε
954 681 1104 746 Θεδς,
1123 680 1277 745 εἰδὼς
1293 681 1457 735 αὐτοῦ
1478 682 1545 734 τά
1561 680 1810 751 ἐνθύμια,

246 772 312 824 οὐ
334 772 463 835 τοὺς
487 771 751 825 ὑπἀὐτοῦ
781 772 1204 843 ἐνεργουμένους
1221 772 1450 849 ἐμίσησε
1490 771 1813 842 Φαρισαίους

250 863 398 933 (πῶς
417 864 524 934 γὰρ
554 863 710 931 φύσει
737 862 939 931 ἀγαθὸς
964 862 1110 934 dm),
1134 863 1267 918 ἀλλά
1283 863 1373 917 διά
1397 864 1494 932 τῆς
1521 867 1601 927 είς
1619 862 1815 925 αὐτοὺς

244 954 628 1023 ἀγάπης,τὸν
681 953 1010 1023 ἐνεργοῦντα
1059 954 1298 1024 ἠμύνετο
1332 968 1345 982 °
1381 954 1476 1007 καὶ
1534 954 1659 1016 τοὺς
1712 953 1812 1022 μὲν

245 1045 713 1113 ἐνεργουμένους.
754 1045 849 1099 ἅτε
915 1044 1244 1114 δυναμένους
1297 1045 1370 1115 μὴ
1425 1044 1761 1115 ἐνεργεῖσθαι
1790 1058 1808 1073 ⁶

244 1134 511 1195 ἑκουσίως
538 1133 592 1185 δὲ
622 1134 713 1187 τοῦ
748 1134 1096 1204 ἐνεργοῦντος
1126 1135 1214 1187 διά
1246 1134 1513 1205 ῥᾳθυμίαν
1546 1135 1809 1205 ἀνεχομέ-

243 1242 394 1287 νους,
431 1226 717 1291 ἐνουθέτει,
751 1226 999 1297 ἤλεγχεν,
1030 1226 1322 1292 ὠνείδιζεν,
1359 1227 1688 1292 ἐταλάνιζεν,
1717 1229 1810 1281 εύ-

241 1316 485 1384 εργετῶν
510 1316 607 1368 οὐκ
638 1316 888 1380 ἐπαύετο,
908 1317 1390 1387 βλασφημούμενος
1418 1318 1808 1388 ἐμακροθύμει,

242 1405 473 1473 πάσχων
503 1405 760 1475 ὑπέμενε,
793 1407 971 1461 πάντα
1021 1408 1090 1460 τά
1134 1409 1233 1477 τῆς
1283 1409 1503 1478 ἀγάπης
1546 1408 1682 1479 ἔργα
1731 1410 1810 1470 είς

240 1491 445 1554 αὐτοὺς
479 1494 809 1549 ἐνεδείκνυτο
833 1513 846 1526 ·
867 1497 959 1551 τὸν
1012 1497 1068 1550 δὲ
1101 1498 1444 1568 ἐνεργοῦντα,
1472 1500 1538 1570 τῇ
1568 1501 1648 1563 είς
1683 1501 1808 1563 τοὺς

242 1580 670 1652 ἐνεργουμένους
718 1585 1098 1659 φιλανθρωπίᾳ
1126 1588 1393 1658 ἠμύνετο·
1425 1589 1471 1643 ὣ
1506 1589 1805 1661 παραδόξου

243 1671 513 1740 πολέμου]
555 1676 676 1729 ἀντὶ
704 1677 796 1729 τοῦ
838 1678 1060 1759 μίσους,
1100 1679 1199 1751 τὴν
1252 1682 1471 1751 ἀγάπην
1506 1680 1809 1735 ἐπιδεικνύ-

245 1777 429 1829 μενος,
452 1768 543 1817 καὶ
572 1768 867 1839 ἀγαθότητι
890 1768 1096 1838 βάλλων
1115 1771 1206 1824 τὸν
1233 1773 1333 1843 τῆς
1356 1774 1553 1836 κακίας
1574 1774 1803 1843 πατέρα.

1911 604 2067 646 reum
2098 591 2317 646 tandem
2350 590 2645 647 effecisset.

1983 681 2069 735 l2.
2101 682 2364 738 Dominus
2383 690 2588 748 autem,
2614 682 2708 753 qui
2738 692 2799 739 ut
2818 686 2964 740 Deus
3009 683 3165 738 illius
3205 681 3477 753 cogitatus

1908 786 1972 826 ac
2003 772 2229 827 consilia
2270 788 2380 827 non
2412 776 2673 837 nesciret,
2717 773 2876 844 373
2910 773 3119 828 amatos
3142 772 3209 827 ab
3237 787 3304 827 eo
3332 771 3477 826 Rha-

1909 863 2097 917 risaeos
2140 863 2282 916 nihil
2333 863 2462 917 odio
2510 873 2835 933 prosecutus
2862 871 2946 917 est
2978 880 2992 916 :
3021 862 3297 932 quomodo
3325 862 3474 916 enim

1907 952 2000 1020 qui
2026 958 2219 1007 natura
2246 953 2425 1007 bonus
2444 954 2624 1007 esset?
2645 954 2761 1019 sed,
2791 968 2897 1023 qua
2914 968 3011 1007 eos
3032 953 3324 1007 dilectione
3348 967 3475 1021 pro-

1908 1042 2260 1109 sequebatur,
2297 1040 2566 1096 aﬂlantem
2594 1056 2689 1095 eos
2713 1042 3100 1096 ulciscebatur.
3133 1041 3210 1094 Ac
3245 1040 3469 1108 quidem

1906 1131 2233 1199 recipientes
2267 1132 2526 1194 amatum,
2575 1140 2636 1184 ut
2661 1130 2862 1200 quibus
2892 1125 3128 1184 liberum
3161 1137 3310 1184 esset
3359 1144 3472 1182 non

1908 1221 2176 1290 recipere,
2212 1228 2516 1291 Sponthue
2550 1237 2646 1276 sua
2700 1237 2800 1291 per
2838 1221 3164 1287 socordiam,
3202 1219 3474 1275 alliantem

1906 1313 2280 1378 sustinerent,
2327 1312 2682 1382 corripiebat,
2724 1314 3012 1385 arguebat,
3068 1311 3472 1381 exprobrabat,

1905 1404 2242 1473 deplorabat,
2268 1404 2587 1459 demerendi
2617 1405 2825 1457 nullum
2857 1404 3019 1458 linem
3047 1402 3285 1458 faciebat
3310 1420 3323 1455 :
3360 1417 3475 1455 ma-

1902 1491 2121 1548 ledictis
2147 1494 2442 1562 appetitus,
2473 1492 2669 1547 leviter
2705 1493 2935 1556 ferebat,
2962 1492 3199 1562 irrogata
3235 1490 3474 1547 sustine-

1904 1579 1998 1635 bat
2048 1582 2210 1647 mala,
2244 1582 2391 1634 nulla
2421 1596 2531 1634 non
2562 1581 2875 1636 dilectionis
2900 1596 3067 1650 opera
3102 1582 3157 1635 in
3189 1562 3299 1635 eos'
3320 1578 3476 1633 exhi-

1904 1672 2068 1726 bebat
2104 1690 2117 1725 :
2148 1672 2203 1725 in
2234 1672 2531 1733 aﬂlantem,
2562 1671 2886 1725 humaniore
2913 1655 3087 1725 sensu
3108 1670 3163 1723 in
3205 1684 3301 1723 eos
3334 1681 3475 1738 quos

1902 1762 2131 1827 alllaret,
2169 1763 2319 1817 ultor
2368 1763 2625 1818 saeviebat
2676 1763 2745 1833 (o
2781 1763 3078 1817 inauditam
3133 1761 3266 1816 belli
3307 1761 3475 1814 ratio-

242 1851 449 1905 Τούτου
498 1856 655 1927 χάριν
704 1860 774 1913 τά
819 1861 1054 1914 τοσαῦτα
1098 1864 1241 1917 κακά
1286 1864 1416 1932 παρ’
1455 1865 1632 1917 αὐτῶν
1674 1867 1807 1919 ὑπο-
1841 1842 1881 1896 Β

1906 1868 2030 1908 nem
2057 1853 2115 1921 ἰ),
2158 1853 2252 1922 qui
2280 1868 2476 1922 nempe
2501 1853 2612 1906 odii
2637 1853 2756 1906 loco
2788 1852 3137 1907 dilectionem
3164 1846 3472 1915 exhiberet,

246 1946 459 2011 μείνας,
512 1950 709 2017 μᾶλλον
746 1952 802 2006 δὲ
849 1954 1210 2024 ἀληθέστερον
1258 1956 1432 2008 εἰπεῖν
1455 1996 1469 2020 ,
1500 1955 1567 2009 δι’
1592 1958 1805 2022 αὐτοὺς,

246 2033 410 2103 μέχρι
433 2035 665 2092 Θανάτου
692 2042 830 2113 ὑπὲρ
858 2043 957 2114 τῆς
991 2043 1208 2114 ἐντολῆς
1238 2046 1337 2115 τῆς
1363 2046 1583 2117 ἀγάπης
1606 2047 1810 2117 ἀνθρω-

240 2130 542 2197 ποπρεπῶς
594 2133 929 2202 ἠγωνίσατο·
955 2137 1049 2190 καὶ
1091 2138 1191 2209 τὴν
1230 2138 1437 2193 τελείαν
1463 2140 1618 2211 νίκην
1663 2142 1806 2195 κατά

231 2218 332 2270 τοῦ
359 2220 603 2276 διαϐόλου
638 2226 926 2297 ἀράμενος,
944 2230 1035 2281 τὸν
1066 2231 1323 2297 στέφανον
1341 2230 1437 2299 τῆς
1462 2232 1807 2294 ἀναστάσεως

234 2308 380 2379 ὑπὲρ
415 2313 571 2381 ἡμῶν
604 2314 899 2388 ἀνεδήσατο
921 2338 934 2351 ο
971 2319 1066 2372 καὶ
1092 2319 1263 2383 οὕτως
1288 2322 1316 2373 ὁ
1343 2320 1460 2385 νέος
1497 2321 1685 2390 Ἀδάμ,
1713 2322 1804 2374 τὸν

231 2400 467 2453 παλαιὸν
491 2405 845 2462 ἀνενεώσατο.
870 2411 979 2463 Καὶ
999 2410 1154 2463 τοῦτό
1188 2414 1334 2464 ἐστιν
1361 2412 1389 2464 δ
1426 2413 1571 2479 λέγει
1599 2414 1627 2467 ό
1664 2412 1802 2475 θεῖος

245 2489 568 2557 ’Λτξόστολος
594 2511 611 2528 ⁸
646 2498 824 2553 Τοῦτο
847 2502 1178 2569 φρονείσθω
1214 2504 1285 2556 ἐν
1328 2504 1550 2573 ὐμῑν,ὂ
1588 2504 1686 2557 καὶ
1734 2504 1804 2556 ἐν

228 2582 468 2648 Χριστῷ
497 2587 690 2653 Ἰησοῦ
734 2608 786 2643 κ.
825 2608 874 2644 τ.
906 2592 982 2655 ἐξ.

306 2768 395 2829 ιγ’.
424 2759 590 2827 Οὗτος
608 2763 702 2819 οὖν
722 2762 790 2838 ἦν
816 2768 843 2820 ὁ
873 2769 1073 2832 σκοπὸς
1096 2769 1191 2822 τοῦ
1216 2772 1443 2842 Κυρίου,
1484 2770 1571 2825 ἵνα
1596 2770 1674 2843 τῷ
1700 2772 1798 2842 μὲν

230 2852 409 2918 ΙἸατρὶ
438 2856 722 2930 ὑπακούσῃ
772 2858 932 2928 μέχρι
968 2859 1195 2914 θανάτου
1232 2858 1307 2924 ὦς
1337 2861 1619 2932 ἄνθρωπος
1659 2862 1799 2932 ὑπὲρ

228 2944 410 3011 ἡμῶν,
454 2946 735 3015 φυλάττων
793 2950 892 3020 τὴν
930 2950 1147 3019 ἐντολὴν
1198 2952 1298 3017 τῆς
1323 2953 1579 3022 ἀγάπης·
1609 2953 1700 3005 τὸν
1744 2952 1799 3004 δὲ

226 3033 476 3087 διάϐολον
525 3038 798 3108 ἀμύνηται
830 3040 908 3110 τῷ
950 3041 1180 3111 πάσχειν
1227 3041 1319 3093 ὑπ’
1349 3042 1535 3106 αὑτοῦ,
1570 3042 1659 3094 διὰ
1691 3042 1796 3095 τῶν

228 3124 323 3175 ὑπ’
346 3125 512 3178 αὑτοῦ
540 3129 941 3199 ἐνεργουμένων
962 3131 1332 3202 Γραμματέων
1352 3133 1445 3185 καὶ
1464 3133 1789 3203 Φαρισαίων·
1819 3168 1864 3229 c

226 3216 323 3268 καὶ
355 3218 528 3280 οὕτως
556 3220 774 3289 ἐνίκησε
808 3220 886 3290 τῷ
909 3222 1158 3275 νικᾶσθαι
1203 3222 1483 3285 ἑκουσίως,
1526 3223 1616 3274 τὸν
1639 3224 1793 3293 νικᾷν

226 3306 545 3369 ἐλπίσαντα,
576 3310 668 3361 καὶ
689 3306 1000 3380 τὸνκόσμον
1031 3312 1301 3382 ἐρρύσατο
1328 3312 1423 3380 τῆς
1447 3311 1608 3363 αὑτοῦ
1632 3312 1792 3364 δυνα-

229 3396 435 3460 στείας.
492 3398 691 3451 Τοῦτον
736 3400 827 3452 τὸν
864 3401 1063 3471 τρόπον
1117 3404 1145 3454 ό
1169 3400 1400 3472 Χριστὸς
1422 3401 1483 3465 ἐξ
1512 3402 1795 3464 ἀσθενείας

227 3488 579 3561 ἐσταυρώθηο
610 3490 677 3543 δι’
710 3486 776 3563 ἧς
803 3492 1087 3556 ἀσθενείας
1114 3492 1205 3545 τὸν
1238 3492 1464 3547 θάνατον
1499 3494 1790 3564 ἐνέκρωσε,

224 3581 441 3633 καὶτὸν
473 3582 533 3635 τὸ
579 3583 779 3654 κράτος
824 3584 1014 3653 ἔχοντα
1063 3583 1154 3637 τοῦ
1182 3583 1413 3637 θανάτου
1455 3585 1789 3654 κατήργησε.

225 3668 432 3726 Τοῦτον
459 3674 548 3727 τὸν
582 3675 779 3743 τρόπον
811 3676 902 3727 καὶ
926 3677 953 3728 ὁ
983 3674 1190 3737 Παῦλος
1230 3677 1287 3727 ἐν
1333 3673 1509 3745 ἐαυτῷ
1553 3674 1789 3745 ἠσθένει,

224 3764 325 3816 καὶ
356 3765 625 3834 ἐκαυχᾶτο
654 3769 710 3818 ἐν
733 3770 851 3830 ταῖς
878 3768 1202 3832 ἀσθενείαις,
1227 3767 1314 3821 ἵνα
1351 3768 1699 3840 ἐπισκηνώσῃ
1734 3771 1790 3821 ἐν

222 3853 374 3923 αὑτῷ
404 3855 437 3924 ὴ
467 3854 696 3926 δύναμις
727 3856 821 3909 τοῦ
852 3856 1107 3927 Χριστοῦ.

297 4026 379 4078 ιδ’.
420 4025 635 4098 Ταύτης
652 4028 753 4097 τῆς
779 4030 934 4100 νίκης
969 4030 1059 4084 τὸν
1100 4031 1302 4103 τρόπον
1344 4030 1564 4101 μαθὼν,
1602 4030 1789 4100 ἔλεγεν

235 4117 503 4184 Ἐφεσίοις
533 4119 758 4187 γράφων
778 4136 791 4148 ·
822 4122 942 4173 Οὐκ
974 4121 1145 4175 ἐστιν
1169 4120 1309 4190 ὑμῖν
1352 4122 1391 4188 ἠ
1433 4120 1595 4188 πάλη
1638 4122 1788 4188 πρὸς

218 4205 368 4278 αἷμα
391 4210 487 4263 καί
517 4210 712 4277 σάρκα
740 4227 753 4239 ·
790 4211 949 4265 ἀλλὰ
981 4211 1131 4280 πρὸς
1154 4214 1260 4279 τὰς
1279 4212 1486 4282 ἀρχὰς,
1517 4214 1663 4281 πρὸς
1682 4214 1787 4279 τὰς

219 4301 529 4366 ἐξουσίας,
560 4302 655 4354 καὶ
689 4301 757 4354 τὰ
789 4300 933 4371 ἑξῆς.
970 4305 1072 4357 Τόν
1095 4318 1155 4356 τε
1185 4303 1407 4375 θώρακα
1435 4304 1532 4374 τῆς
1580 4304 1785 4358 δικαιο-

223 4392 392 4461 σύνης
444 4391 731 4446 ἀναλαϐεῖν
775 4410 927 4463 φησι,
965 4396 1059 4447 καὶ
1097 4396 1196 4464 τὴν
1239 4395 1663 4465 περικεφαλαίαν
1697 4396 1786 4448 si-

1906 1942 2134 2012 vitiique
2190 1950 2470 2013 parentem
2518 1958 2581 1997 ac
2632 1943 2872 2007 malitiae,
2921 1942 3161 1997 bonitate
3215 1941 3471 1995 cmderet.

1906 2033 2116 2088 Idcirco
2156 2043 2303 2088 tanta
2349 2034 2418 2088 ab
2450 2034 2551 2099 eis,
2585 2034 2698 2087 sive
2731 2035 2816 2105 (ut
2844 2034 3031 2088 verius
3079 2033 3296 2102 loquar)
3348 2030 3473 2085 illo-

1883 2139 2026 2177 ‘rum
2063 2140 2249 2187 causa,
2283 2140 2575 2193 perpessus
2608 2125 2769 2188 mala,
2801 2124 2868 2178 ad
2901 2132 3132 2179 mortem
3162 2139 3335 2193 usque
3369 2138 3471 2192 pro

1905 2211 2217 2266 dilectionis
2267 2212 2525 2266 mandato
2587 2213 2964 2278 concertavit,
3003 2213 3350 2284 perfectaque
3400 2213 3469 2267 de

1904 2302 2125 2357 diabolo
2173 2312 2328 2373 parta
2377 2304 2627 2368 victoria,
2659 2306 2833 2358 nostri
2861 2318 3089 2358 munere
3109 2304 3472 2358 resurrectio-

1902 2392 1987 2445 nis
2009 2406 2263 2446 coronam
2292 2394 2593 2462 reportavit
2623 2411 2635 2447 :
2669 2394 2832 2463 idque
2863 2409 2986 2447 eum
3011 2394 3253 2458 modum,
3295 2409 3469 2448 novus

1901 2483 2096 2546 Adam,
2128 2492 2368 2536 veterem
2412 2485 2703 2551 reparavit.
2750 2484 2916 2553 quue
2944 2492 3027 2539 est
3054 2483 3199 2554 quod
3225 2485 3302 2539 ait
3328 2485 3471 2538 divi-

1899 2590 2005 2628 nus
2048 2574 2345 2645 Apostolus
2388 2592 2400 2627 :
2437 2575 2542 2628 Hoc
2599 2576 2786 2628 sentite
2826 2577 2880 2629 in
2936 2577 3097 2639 vobis,
3126 2576 3263 2646 quod
3320 2584 3371 2629 et
3410 2577 3467 2630 in

1900 2664 2104 2721 Christo
2131 2665 2254 2718 Jesu
2272 2666 2338 2727 ’⁸,
2372 2674 2429 2720 et
2449 2681 2569 2734 quae
2596 2674 2919 2734 sequuntur.

1970 2757 2056 2811 15.
2093 2755 2247 2810 llunc
2278 2771 2407 2825 ergo
2433 2756 2695 2810 Dominus
2723 2770 2945 2825 scopum
2974 2756 3074 2810 sibi
3108 2756 3467 2812 constitutum

1897 2847 2089 2913 voluit,
2124 2847 2357 2900 ut~Patri
2390 2848 2609 2916 quidem
2642 2849 2708 2902 ad
2742 2856 2971 2902 mortem
3002 2862 3174 2918 usque
3212 2856 3270 2902 ut
3303 2848 3468 2904 homo

1897 2954 1996 3007 pro
2024 2938 2183 2993 nobis
2209 2938 2470 2992 obediens
2504 2938 2663 3002 foret,
2695 2938 2964 2993 servando
2996 2938 3302 2993 dilectionis
3328 2955 3467 3008 pra:-

1896 3037 2147 3099 ceptum;
2187 3030 2463 3083 diabolum
2508 3045 2639 3084 vero
2673 3030 3054 3094 ulcisceretur,
3099 3031 3168 3085 ab
3212 3046 3279 3085 eo
3324 3032 3466 3086 mala

1896 3120 2272 3190 perpetiendo,
2306 3120 2523 3175 illorum
2555 3135 2741 3189 Opera,
2767 3120 2859 3190 qui
2884 3121 3003 3191 ejus
3029 3120 3210 3175 aﬂlatu
3234 3137 3465 3192 ageren—

1897 3220 1983 3264 tur
2013 3211 2346 3281 (Scribarum
2389 3212 2596 3266 scilicet
2624 3210 3116 3279 etPharisseorum)
3152 3229 3165 3264 :
3202 3221 3365 3281 atque
3390 3212 3463 3267 ita

1894 3317 1999 3371 qua
2043 3310 2236 3371 sponte
2280 3303 2612 3367 vinceretur,
2648 3301 2996 3371 pollicentem
3039 3302 3142 3355 sibi
3176 3302 3463 3359 victoriam

1894 3393 2046 3457 vicit,
2089 3408 2265 3463 exque
2299 3394 2446 3447 illius
2488 3395 2730 3462 potentia
2772 3394 3039 3447 mundum
3086 3394 3357 3448 liberavit.
3404 3395 3462 3449 In

1892 3485 2039 3539 hunc
2065 3487 2286 3540 modum
2312 3486 2560 3541 Christus
2583 3503 2647 3541 ex
2678 3485 2991 3541 infirmitate
3014 3485 3069 3539 in
3086 3499 3305 3540 crucem
3329 3486 3463 3540 sub~

1888 3576 2030 3629 latus
2084 3585 2166 3631 est
2198 3578 2273 3641 ’7;
2305 3592 2476 3646 eaque
2508 3576 2823 3631 inﬁmiitate
2844 3584 3074 3631 mortem
3098 3577 3381 3637 exstinxit,
3400 3592 3460 3632 ac

1888 3682 2035 3730 eum,
2060 3667 2152 3737 qui
2180 3668 2370 3723 mortis
2396 3667 2632 3722 habebat
2666 3668 2975 3737 imperium,
3008 3668 3285 3722 dextruxit
3311 3668 3377 3719 ³⁸.
3404 3667 3460 3720 In

1891 3760 2037 3813 hunc
2069 3760 2290 3813 modum
2319 3765 2373 3814 et
2404 3760 2603 3814 Paulus
2634 3760 2689 3813 in
2722 3759 2921 3829 seipse
2955 3761 3224 3825 inﬁrmus,
3256 3760 3460 3830 gloria-

1889 3850 2051 3903 batur
2084 3850 2139 3903 in
2170 3849 2595 3915 inﬁrmitatibus,
2628 3860 2686 3904 ut
2718 3850 3051 3904 inhabitaret
3080 3851 3135 3904 in
3175 3865 3241 3904 eo
3285 3850 3460 3905 virtus

1884 3939 2088 3995 Christi
2131 3941 2197 3994 '9.

1960 4033 2045 4087 14.
2083 4033 2256 4103 Hujus
2300 4031 2543 4086 victorias
2585 4032 2809 4087 modum
2841 4031 3179 4101 exploratum
3213 4031 3455 4096 habens,

1886 4126 1941 4179 in
1971 4125 2087 4178 hate
2116 4125 2279 4177 verba
2310 4123 2378 4177 ad
2410 4123 2675 4192 Ephesios
2703 4122 2979 4177 scribebat
3010 4139 3023 4174 :
3054 4122 3173 4175 Non
3206 4130 3283 4176 est
3313 4122 3458 4175 nobis

1886 4215 2185 4269 colluctatio
2230 4214 2475 4267 adversus
2505 4231 2719 4267 carnem
2764 4221 2811 4267 et
2852 4214 3184 4284 sanguinem,
3233 4213 3324 4266 sed
3365 4214 3449 4267 ad-

1885 4322 2060 4360 versus
2102 4306 2424 4375 principatus
2472 4313 2521 4356 et
2551 4313 2829 4373 potestates
2865 4304 2931 4369 ³⁰,
2980 4311 3036 4358 et
3066 4319 3187 4373 quae
3217 4319 3454 4372 sequun-

1887 4406 1998 4463 tur;
2024 4396 2287 4467 jubetque
2320 4404 2378 4450 ut
2415 4397 2641 4465 justitire
2686 4397 2963 4450 thoracem
2998 4404 3297 4459 assumant,
3343 4382 3458 4464 spei

222 4482 398 4545 πίδος,
427 4482 519 4535 καὶ
539 4484 628 4535 τὸν
653 4483 842 4553 θυρεὸν
866 4485 963 4554 τῆς
986 4486 1237 4551 πίστεως,
1270 4486 1363 4540 καὶ
1386 4487 1482 4558 τὴν
1515 4487 1784 4559 μάχαιραν
1817 4514 1864 4572 υ
1886 4506 1900 4559 ί

1886 4488 2113 4559 galeam,
2144 4495 2359 4542 scutum
2391 4487 2535 4553 ﬁdei,
2563 4488 2801 4557 gladium
2833 4486 3063 4555 spiritus
3090 4488 3156 4551 ³¹,
3184 4495 3244 4541 ιιι
3272 4488 3456 4541 omnia

219 4573 318 4626 τοῦ
346 4573 677 4643 πνεύματος,
711 4576 798 4629 ἵνα
825 4576 1091 4646 δυνηθῶσι
1123 4579 1296 4632 πάντα
1318 4580 1385 4632 τὰ
1412 4580 1540 4650 βέλη
1564 4578 1657 4633 τοῦ
1685 4598 1781 4633 που

219 4664 387 4734 νηροῦ
412 4665 478 4716 τὰ
494 4667 862 4736 πεπυρωμένα
885 4668 1093 4731 σϐέσαι,
1122 4671 1170 4722 οἱ
1200 4670 1335 4740 πρὸς
1365 4673 1490 4733 τοὺς
1520 4674 1783 4740 ἀοράτους

216 4756 448 4826 ἐχθροὺς
476 4756 567 4809 τὸν
589 4756 820 4826 πόλεμον
848 4758 1058 4828 ἔχοντες
1087 4779 1100 4792 ·
1128 4761 1273 4831 ἔργῳ
1300 4759 1421 4833 [ἔνι’.
1445 4763 1516 4815 al.
1539 4766 1613 4816 Μ.
1637 4763 1685 4816 Ν
1693 4764 1777 4818 ob.

216 4846 426 4917 ἔργοις]
480 4847 537 4899 δὲ
594 4847 683 4899 τὸν
714 4849 915 4917 τρόπον
948 4852 1047 4920 τῆς
1079 4852 1256 4921 πάλης
1304 4853 1778 4924 ἐπιδεικνύμενος,

217 4935 434 5002 ἔλεγεν·
476 4935 624 5003 Ἐγὼ
655 4932 769 4990 οὖν
796 4936 984 5003 οὕτως
1016 4937 1222 5007 τρέχω,
1259 4939 1336 5001 ὡς
1374 4941 1483 4993 οὐκ
1503 4939 1741 5005 ἀδήλως
1760 4957 1774 4971 ο

216 5027 408 5092 οὕτως
444 5029 737 5087 πυκτεύω,
768 5028 850 5093 ὡς
885 5030 996 5082 οὐκ
1021 5028 1166 5095 ἀέρα
1193 5030 1415 5097 (Sa/pm-
1435 5047 1447 5061 ·
1479 5031 1778 5086 ἀλλ’ὺπο-

216 5115 398 5175 πιάζω
425 5135 544 5185 μου
574 5117 641 5171 τὸ
669 5116 840 5187 σῶμα
876 5119 976 5172 καὶ
1007 5118 1362 5189 δουλαγωγῶ
1383 5162 1398 5185 ,
1430 5122 1642 5191 μήπως
1669 5123 1774 5176 ἅλ-

213 5207 353 5269 λοις
379 5204 664 5273 κηρύξας,
698 5206 879 5272 αὐτὸς
907 5206 1189 5276 ἀδόκιμος
1214 5208 1486 5278 γένωμαι.
1522 5211 1631 5263 Καὶ
1676 5213 1779 5265 πάι

214 5295 334 5348 λινο
378 5296 540 5364 Ἄχρι
570 5295 679 5363 τῆς
712 5295 842 5363 ἄρτι
862 5296 1015 5363 ὧρας
1036 5297 1133 5350 καὶ
1158 5298 1452 5367 πεινῶμεν
1479 5300 1576 5353 καί
1605 5300 1781 5369 διψῶ-

206 5403 329 5456 μεν
374 5388 472 5440 καὶ
519 5388 985 5456 γυμνητεύομεν,
1038 5388 1137 5441 καί
1191 5389 1639 5460 κολαφιζόμεθα.
1671 5392 1781 5444 Καὶ⁵

212 5478 381 5531 πάλιν
402 5492 415 5506 ·
467 5478 566 5532 Ἐν
589 5478 754 5545 κόπῳ
780 5481 875 5533 καί
902 5479 1109 5549 μόχθῳ
1126 5496 1141 5510 ⁸
1158 5481 1228 5533 ἐν
1250 5481 1606 5549 ἀγρυπνίαις
1631 5484 1780 5536 πολ·

1889 4581 1992 4635 tcla
2036 4580 2356 4649 nequissimi
2406 4580 2562 4649 ignea
2608 4581 2958 4649 exstinguere
2989 4580 3225 4643 valeant,
3258 4579 3457 4649 quibus

1886 4672 2145 4724 adversus
2174 4671 2359 4725 hostes
2400 4670 2705 4724 invisibiles
2748 4671 2950 4725 bellum
2982 4671 3127 4725 istud
3166 4670 3455 4724 incumbit.

1886 4762 2067 4815 Rebus
2090 4772 2275 4815 autem
2302 4762 2462 4815 luctae
2493 4762 2711 4826 modum
2749 4762 3063 4821 ostendens,
3090 4762 3269 4815 aiebat
3300 4779 3312 4813 :
3343 4760 3455 4831 Ego

1882 4853 2044 4921 igitur
2066 4853 2138 4905 sic
2162 4869 2334 4915 curro,
2357 4869 2457 4905 non
2477 4854 2628 4921 quasi
2655 4854 2709 4904 in
2737 4854 2990 4905 incertum
3013 4854 3123 4906 :sic
3139 4867 3332 4922 pugno,
3351 4868 3454 4905 non

1881 4942 2036 5011 quasi
2078 4940 2241 5011 374
2292 4957 2466 4994 aerem
2515 4941 2795 4994 verberans
2832 4956 2849 4993 :
2892 4941 2983 4993 sed
3020 4940 3215 5009 castigo
3267 4954 3453 5008 corpus

1884 5050 2052 5086 meum
2074 5041 2118 5085 et
2145 5033 2195 5084 in
2222 5034 2523 5085 servitutem
2553 5033 2751 5101 redigo,
2781 5048 2844 5084 ne
2866 5032 3000 5099 forte
3029 5048 3146 5084 cum
3171 5030 3286 5083 aliis
3313 5045 3451 5099 pra:-

1874 5122 2191 5185 dicavcrim,
2248 5124 2358 5193 ipse
2418 5122 2665 5192 reprobus
2716 5124 2907 5191 eﬂiciar
2961 5123 3027 5175 ".
3078 5122 3146 5175 Et
3196 5121 3447 5174 iterum:

1880 5211 2049 5281 Usque
2082 5210 2137 5264 in
2171 5213 2307 5265 hanc
2346 5213 2530 5265 horam
2560 5220 2608 5265 et
2638 5212 2892 5265 esurimus
2928 5220 2977 5264 et
3003 5214 3210 5265 sitimus
3243 5219 3291 5264 et
3324 5210 3451 5264 nudi

1874 5316 2073 5363 sumus,
2116 5307 2165 5352 et
2205 5298 2440 5369 colaphis
2473 5299 2726 5353 caedimur
2770 5300 2833 5353 ³³.
2868 5301 3187 5369 Rursusque
3221 5317 3234 5353 :
3269 5300 3333 5353 In
3371 5299 3451 5353 la-

1876 5394 1999 5446 bore
2030 5400 2079 5445 et
2107 5407 2344 5445 aerumna
2362 5409 2382 5457 ;
2408 5393 2463 5445 in
2497 5391 2688 5461 vigiliis
2733 5390 2929 5454 multis,
2959 5394 3016 5444 in
3044 5392 3239 5461 frigore
3266 5398 3315 5444 et
3346 5406 3447 5445 nu-

1877 5486 2075 5551 ditate;
2107 5493 2298 5555 prater
2328 5484 2426 5539 illa
2460 5499 2577 5555 quae
2605 5493 2728 5537 sunt
2757 5484 3071 5537 extrinsecus
3103 5485 3169 5531 ³⁵.

210 5569 411 5636 λάκις,
452 5571 722 5640 eral-tist
755 5572 855 5625 καί
885 5574 1232 5642 γυμνότητι,
1267 5573 1445 5642 χωρὶς
1479 5573 1598 5627 τῶν
1625 5577 1937 5644 παρεκτός.

284 5684 331 5713 ιο
359 5684 571 5754 Philipp

579 5724 592 5737 .
627 5700 687 5749 ιι,
719 5684 781 5757 5.
812 5756 821 5757 7
850 5687 894 5717 "
922 5687 967 5741 ll
997 5686 1122 5743 Cor.
1153 5704 1266 5754 xm,
1295 5689 1347 5743 4.
1426 5690 1470 5720 ’⁸
1499 5690 1664 5746 llebr.
1690 5707 1747 5757 ιι,
1781 5692 1866 5746 14.

3114 5686 3157 5719 ³⁸
3190 5684 3325 5740 ibid.
3351 5684 3439 5752 ll,

1943 5692 1985 5722 ²⁹
2013 5692 2054 5745 ll
2079 5691 2201 5748 Cor.
2233 5708 2327 5760 xu,
2358 5690 2410 5746 9.
2524 5691 2568 5723 '°
2594 5690 2791 5761 Ephes.
2821 5706 2893 5755 ιη,
2927 5688 3013 5742 η.

216 5753 304 5807 15.
380 5756 423 5785 ³³
458 5753 626 5810 lCor.
655 5770 727 5815 lx,
758 5756 849 5818 26.
875 5757 964 5811 27.
1038 5756 1082 5790 ⁸³
1108 5758 1131 5812 Ι
1154 5753 1280 5813 Cor.
1316 5776 1387 5823 ιν,
1425 5760 1508 5814 li.
1585 5762 1627 5793 ³⁵
1664 5761 1705 5815 ll
1736 5753 1861 5818 Cor.
1898 5778 1968 5827 ιιι,
2000 5762 2086 5816 ‘27.
