4218 6432
770 335 877 401 923

1926 343 1985 406 s.
2031 323 2314 404 mer
2354 339 2863 403 conssssoms

3923 343 4029 409 92f

844 449 927 506 15.
963 448 1143 521 Atque
1187 451 1330 507 banc
1372 453 1595 522 quidem
1640 455 1843 509 luctam
1890 457 2217 512 colluctatus
2262 472 2318 512 es

2519 462 2597 510 ιε’.
2630 456 2740 510 Καὶ
2767 456 2973 526 ταύτην
3003 454 3103 526 μὲν
3151 455 3248 526 τὴν
3273 455 3469 527 πάλην,
3499 455 3636 527 πρὸς
3661 440 3787 519 τοὺς
3828 457 4027 527 ἡδονὰς

769 539 1032 595 adversus
1060 542 1336 597 daemones
1361 545 1701 614 voluptatum
1727 546 1784 600 in
1815 560 1981 601 carne
2014 548 2344 614 incentores,

769 633 980 704 objecta
1016 635 1102 688 sui
1136 638 1381 705 corporis
1406 637 1724 694 infirmitate
1755 656 1851 695 eos
1880 640 2074 711 fugans
2105 658 2119 695 :
2146 641 2347 697 adver-

770 740 865 779 sus
894 737 1077 780 autem
1104 743 1201 782 eos
1228 728 1323 798 qui
1351 745 1544 801 pugnae
1570 747 1700 787 arce
1727 739 1981 801 suscepta
2009 732 2135 787 odia
2168 733 2347 788 susci-

769 825 910 882 tant,
942 832 1174 889 eamque
1218 821 1291 875 ob
1340 836 1476 887 rem,
1510 822 1605 892 qui
1648 824 1932 894 segniores
1970 826 2170 880 animis
2211 828 2343 895 sint,

767 907 1032 965 adversus
1064 912 1187 982 pios
1215 912 1466 969 homines
1502 915 1812 980 concitant;
1849 925 1911 971 ut
1944 917 2053 973 illis
2081 921 2344 976 tentanti-

766 999 871 1055 bus
906 1004 1107 1058 animis
1130 1004 1446 1062 fatiscentcs
1478 1005 1627 1076 ipsos
1658 1008 1785 1064 odio
1815 1007 2075 1075 habeant,
2105 1010 2343 1083 indeque

764 1089 845 1144 rei
874 1091 1064 1146 violati
1096 1092 1412 1149 dilectionis
1454 1096 1698 1151 mandati
1740 1095 1906 1164 flant;
1943 1098 2190 1157 victoriae
2220 1117 2341 1157 mo-

761 1178 893 1233 dum
935 1181 1103 1238 rebus
1147 1184 1281 1254 ipsis
1321 1195 1651 1252 monstrans,
1699 1187 1883 1243 aiebat
1911 1205 1925 1241 :
1950 1188 2339 1260 Maledicimur,

762 1278 811 1322 ct
851 1270 1232 1339 benedicimus;
1267 1278 1681 1346 persecutionem
1721 1280 1975 1349 patimur,
2018 1290 2066 1335 et
2109 1284 2339 1337 sustine-

760 1378 911 1429 mus;
939 1364 1389 1435 blasphemamur,
1432 1376 1480 1422 et
1512 1370 1840 1425 obsecramus
1872 1387 1891 1427 :
1920 1381 2178 1445 tanquam
2217 1377 2338 1445 pia-

758 1450 880 1507 cula
930 1456 1112 1510 mundi
1166 1457 1296 1526 facti
1349 1476 1563 1526 sumus,
1619 1462 1855 1517 omnium
1906 1466 2337 1534 rejectamentum

756 1561 920 1615 usque
954 1547 1009 1600 in
1043 1549 1178 1602 hunc
1216 1550 1351 1603 diem
1381 1550 1446 1605 ³⁸.
1482 1551 1621 1606 Nam
1660 1552 1936 1609 daemones
1966 1555 2214 1625 quidem,
2248 1558 2335 1613 id-

754 1638 905 1693 eirco
935 1638 1225 1695 dicacitate
1267 1643 1541 1710 mordere,
1584 1644 1852 1701 conviciis
1891 1657 2101 1717 petere,
2146 1664 2337 1719 perse-

753 1730 849 1798 qui
886 1731 1210 1813 suadebant,
1242 1742 1303 1789 ιιι
1335 1734 1391 1789 in
1430 1735 1754 1803 mordentis,
1797 1738 2177 1807 conviciantis,
2209 1757 2336 1813 per-

752 1821 1036 1889 sequentis
1058 1809 1268 1890 odium,
1295 1826 1654 1895 apostolicum
1682 1838 1875 1898 pectus
1905 1809 2228 1899 incitarent;
2263 1849 2332 1890 eo

751 1911 1011 1969 nimirum
1043 1916 1168 1983 line,
1207 1924 1265 1971 ut
1295 1918 1480 1973 violati
1525 1918 1838 1976 dilectionis
1882 1922 2127 1978 mandati
2173 1941 2332 1981 reum

750 2014 1104 2075 peragerent;
1148 2007 1439 2078 Apostolus
1487 2026 1620 2066 vero
1670 2027 1782 2082 quo
1830 2012 2051 2069 illorum
2101 2017 2334 2074 consilia

747 2106 1061 2164 spectarent
1102 2115 1213 2154 non
1262 2100 1539 2171 ignorans,
1580 2102 1884 2170 dicacibus,
1929 2106 2334 2167 benedictionis

746 2190 913 2246 verba
957 2193 1323 2262 rependebat;
1378 2207 1774 2268 persequentes
1814 2201 2157 2271 sustinebat;
2201 2220 2335 2261 con-

745 2281 906 2337 viciis
933 2292 1182 2353 petentes
1230 2287 1589 2356 obsecrabat;
1621 2298 1682 2345 ut
1708 2291 1973 2349 nimirum
2001 2312 2032 2351 a
2061 2296 2331 2354 daemoni-

743 2372 868 2439 bus,
897 2376 992 2446 qui
1040 2378 1230 2432 talium
1279 2389 1515 2446 actores,
1543 2393 1750 2450 essent,
1793 2401 1914 2443 sese
1944 2388 2327 2462 abjungercnt,

744 2479 809 2520 ac
839 2481 966 2521 cum
998 2467 1389 2539 benignissimo
1430 2474 1543 2529 Deo
1573 2478 2038 2535 necessitudinem
2072 2482 2277 2538 inirent
2311 2502 2325 2539 :

744 2554 1053 2629 horumque
1087 2559 1399 2618 ineentores
1443 2563 1720 2623 daemones
1768 2568 1929 2626 lucta:
1975 2571 2082 2627 hoc
2127 2589 2329 2644 genere

742 2648 1059 2716 collidebat,
1101 2653 1306 2709 malum
1348 2655 1403 2710 in
1444 2656 1591 2716 bono
1621 2660 1688 2725 ³⁸,
1718 2659 2017 2720 Salvatoris
2052 2667 2325 2737 exemplo,

741 2753 959 2810 semper
1000 2742 1248 2799 vincens.
1282 2746 1452 2818 Inque
1496 2748 1644 2807 hunc
1685 2752 1907 2809 modum
1960 2756 2075 2826 ipse
2123 2760 2329 2827 pariter

739 2846 806 2886 ac
840 2833 1039 2903 reliqui
1085 2838 1318 2905 apostoli
1364 2847 1540 2894 totum
1594 2844 1863 2900 mundum
1912 2863 1942 2901 a
1985 2847 2327 2907 daemonibus

738 2924 1081 2995 abjuuctum,
1127 2929 1240 2985 Deo
1274 2933 1673 3001 conciliarunt;
1724 2952 1826 2992 suo
1859 2938 1965 3009 ipsi
2012 2955 2209 2997 occasu
2260 2958 2326 3001 ac

737 3017 914 3083 clade,
946 3019 1165 3077 illarum
1194 3023 1453 3091 victores,
1473 3028 1567 3097 qui
1590 3039 1743 3085 certa
1769 3032 1875 3087 sibi
1905 3048 2001 3103 spe
2033 3035 2320 3093 victoriam

2448 548 2508 601 ἐν
2540 550 2605 619 τῇ
2643 548 2807 620 σαρκὶ
2837 547 3193 619 ἐνεργοῦντας
3228 547 3456 601 ἐπάλαιε
3491 547 3751 618 δαίμονας
3788 548 3876 601 διὰ
3921 548 4030 618 τῆς

2448 640 2730 705 ἀσθενείας
2778 638 2873 693 τοῦ
2928 640 3061 694 ίδίου
3118 640 3370 710 σώματος
3428 639 3626 702 αὐτοὺς
3671 636 4024 692 ἐπελαύνων·

2446 732 2585 802 πρὸς
2613 730 2670 783 δὲ
2696 730 2822 794 τοὺς
2852 732 2934 795 είς
2964 733 3122 801 μῖσος
3163 728 3558 800 πολεμοῦντας,
3590 730 3687 782 καὶ
3743 729 3833 782 διά
3863 728 4030 783 τοῦτο

2445 825 2572 888 τοὺς
2590 825 2698 878 τῶν
2728 822 3033 896 ἀνθρώπων
3060 821 3456 894 ἀμελεστέρους
3481 821 3625 877 κατά
3646 820 3755 875 τῶν
3778 820 4030 874 εὐσεϐῶν

2444 917 2749 982 κινοῦντας,
2781 918 2868 971 ῖνα
2901 916 2969 970 δι’
3011 909 3198 970 lae:th
3233 913 3620 986 πειραζόμενοι
3645 953 3659 978 ,
3696 912 3898 975 αὐτοὺς
3932 928 4025 981 μι-

2444 1011 2672 1081 σήσωσι,
2696 1009 2790 1064 καὶ
2812 1008 2909 1080 τὴν
2941 1007 3161 1080 ἐντολὴν
3191 1007 3291 1077 τῆς
3314 1006 3533 1076 ἀγάπης
3554 1004 3846 1076 παραϐῶσι
3870 1020 3885 1033 ·
3918 1004 4029 1057 πά-

2440 1099 2524 1153 λιν
2552 1099 2644 1153 τὸν
2670 1099 2872 1170 τρόπον
2899 1099 2999 1169 τῆς
3027 1098 3184 1166 νίκης
3210 1097 3393 1167 ἔργοις
3444 1097 3576 1166 ἡμῖν
3609 1094 3988 1149 ὑποδεικνύων
4007 1136 4025 1158 ,

2440 1189 2628 1260 ἔλεγεν
2649 1205 2665 1221 ·
2700 1188 3182 1258 Λοιδορούμενοι,
3201 1186 3601 1257 εὐλογοῦμεν·
3649 1184 4025 1255 διωκόμενοι,

2439 1280 2775 1351 ἀνεχόμεθα
2800 1293 2812 1307 ⁸
2879 1278 3448 1346 βλασφημούμενοι,
3513 1276 4022 1344 παρακαλοῦμεν·

2437 1368 2694 1438 ὡσπερεὶ
2720 1366 3066 1437 καθάρματα
3079 1364 3187 1421 τοῦ
3205 1366 3440 1434 κόσμου
3458 1365 3850 1434 ἐγενήθημεν,
3871 1365 4027 1417 πᾶν.

2436 1479 2557 1516 των
2574 1462 2884 1530 περίψημα
2913 1459 3026 1527 ἕως
3061 1458 3213 1529 ἄρτι.
3248 1459 3312 1512 Ol
3347 1458 3447 1528 μὲν
3478 1455 3589 1529 γάρ
3619 1457 3891 1527 δαίμονες,
3936 1457 4025 1510 διά

2435 1554 2593 1610 τοῦτο
2614 1553 2874 1626 λοιδορεῖν
2899 1553 2993 1607 καὶ
3022 1552 3364 1623 βλασφημεῖν
3394 1552 3489 1605 καὶ
3520 1551 3736 1605 διώκειν
3777 1551 4025 1604 ὑπέϐαλ-

2434 1646 2547 1712 λον,
2585 1647 2674 1701 [va
2704 1647 2784 1710 είς
2807 1647 2963 1717 μῖσος
2988 1643 3085 1698 τοῦ
3109 1641 3476 1714 λοιδοροῦντος
3511 1641 3606 1695 xal
3630 1641 4025 1712 βλασφημοῦνο

2434 1756 2528 1803 τος
2555 1738 2650 1792 καὶ
2693 1735 2982 1801 διώκοντος
3032 1736 3195 1790 αὑτὸν
3244 1736 3543 1805 κινήσωσι·
3572 1735 3667 1788 τὸν
3703 1737 3912 1789 σκοπὸν
3942 1738 4022 1800 εἰς

2433 1830 2532 1901 τὴν
2582 1828 2897 1900 παράϐασιν
2925 1828 3026 1898 τῆς
3054 1826 3274 1899 ἐντολῆς
3310 1827 3408 1899 τῆς
3432 1827 3653 1899 ἀγάπης
3677 1827 3919 1899 ἔχοντες.
3964 1832 4024 1884 '0

2432 1922 2490 1976 δὲ
2532 1920 2853 1985 ’Δπόστολος
2887 1920 2963 1992 μὴ
3000 1919 3210 1989 ἀγνοῶν
3256 1917 3326 1973 τά
3361 1919 3610 1990 νοήματα
3631 1919 3835 1984 αὐτῶν,
3890 1921 4024 1985 τοῦς

2432 2011 2811 2083 λοιδοροῦντας
2855 2010 3096 2084 ηὐλόγει,
3128 2011 3225 2066 καί⁵
3254 2010 3364 2063 τῶν
3405 2010 3709 2065 διωκόντων
3741 2010 4018 2082 ἠνείχετο.

2432 2105 2527 2160 καὶ
2549 2104 2677 2169 τοὺς
2707 2103 3165 2176 βλασφημοῦντας
3217 2102 3539 2174 παρεκάλει,
3568 2102 3679 2156 τῶν
3711 2102 3814 2173 μὲν
3841 2103 4019 2159 ταῦτα

2432 2194 2800 2267 ἐνεργούντων
2836 2193 3144 2263 ἀποστῆναι
3184 2192 3476 2263 δαιμόνων,
3526 2192 3603 2261 τῷ
3632 2191 3686 2245 δὲ
3717 2191 3918 2263 ἀγαθῷ
3942 2194 4021 2245 ai-

2429 2283 2725 2354 κειωθῆναι
2743 2281 2882 2353 Θεῷ·
2908 2282 3037 2345 τοὺς
3067 2280 3123 2334 δὲ
3144 2279 3323 2335 ταῦτα
3349 2280 3706 2353 ἐνεργοῦντας
3728 2280 4017 2352 δαίμονας,

2428 2375 2606 2447 τούτῳ
2633 2374 2712 2446 τῷ
2742 2375 2931 2446 τρόπῳ
2969 2375 3069 2446 τῆς
3099 2374 3277 2445 πάλης
3312 2374 3568 2445 ἠμύνετο,
3600 2377 3658 2428 ἐν
3710 2375 3788 2445 τῷ
3823 2376 4017 2448 ἀγαθῴ

2428 2470 2518 2523 ἀεὶ
2551 2469 2716 2525 νικῶν
2749 2468 2810 2522 τό
2837 2468 3028 2534 κακὸν,
3055 2468 3196 2522 κατά
3228 2468 3326 2538 τὴν
3357 2468 3587 2539 μίμησιν
3610 2469 3705 2522 τοῦ
3733 2471 4015 2543 Σωτῆρος,

2431 2562 2525 2616 καὶ
2550 2561 2722 2625 οὕτως
2745 2560 2866 2614 ὅλον
2895 2560 2986 2613 τὸν
3012 2559 3215 2630 κόσμον
3236 2559 3344 2613 τῶν
3369 2559 3639 2630 δαιμόνων
3666 2563 4016 2632 ἀποστήσαν-

2427 2671 2520 2719 τες
2549 2654 2626 2725 τῷ
2658 2653 2777 2725 Θεῷ
2804 2652 3108 2724 ᾠκείωσαν,
3152 2651 3315 2715 αὐτός
3353 2669 3412 2705 τε
3443 2652 3540 2706 καὶ
3567 2653 3616 2704 at
3650 2651 3831 2705 λοιποὶ
3881 2655 4015 2707 ἀπό-

2430 2748 2630 2812 στολοι,
2661 2747 2746 2801 διὰ
2780 2747 2952 2817 ἥττης
2976 2748 3299 2816 νικήσαντες
3337 2746 3462 2810 τοὺς
3495 2747 3654 2817 νικᾷν
3680 2745 4017 2811 ἐλπίσαντας

2426 2838 2528 2912 [ιιι.
2564 2840 2658 2893 καὶ
2703 2839 3101 2910 κρατήσαντες,
3135 2839 3263 2902 τοὺς
3294 2839 3517 2909 κρατεῖν
3550 2837 3675 2893 ὲλπ.
3712 2835 3816 2893 Fr.
3857 2844 4014 2910 νική-

2428 2949 2643 2996 σαντες,
2679 2932 2806 2995 τοὺς
2850 2933 3075 3002 κρατεῖν
3127 2929 3460 3002 ἐθέλοντας].
3517 2930 3645 2984 Ἐὰν
3670 2926 3767 2985 οῦν
3796 2932 3897 2985 καὶ
3924 2933 4013 2996 σὺ,

2435 3023 2689 3094 ⁹Λδελφὲ,
2724 3023 2911 3077 τοῦτον
2958 3024 3238 3094 κρατήσῃς
3273 3022 3365 3077 τὸν
3409 3023 3633 3089 σκοπὸν,
3664 3021 3896 3078 δύνασαι
3922 3026 4015 3079 καὶ

735 3109 1130 3167 ariolabantur.
1167 3113 1309 3185 Ergo
1337 3123 1392 3170 tu
1424 3132 1665 3188 quoque,
1697 3120 1889 3192 frater,
1921 3124 2067 3181 hunc
2093 3143 2318 3199 scopum

2426 3116 2490 3169 σὺ
2521 3116 2649 3179 τοὺς
2687 3113 2976 3186 μισοῦντας
2997 3114 3248 3185 ἀγαπᾷν·
3280 3113 3405 3167 εἰδὲ
3435 3115 3511 3185 μή
3542 3129 3628 3195 γε,
3659 3113 3842 3178 άλλως
3868 3116 4014 3185 aps.

733 3201 779 3254 si
825 3205 1089 3269 tenueris,
1138 3207 1345 3276 poteris
1376 3217 1431 3263 et
1467 3209 1581 3279 ipse
1617 3211 1872 3271 inimicos
1916 3217 2178 3289 diligere;
2227 3221 2316 3278 sin

732 3300 917 3348 autem
958 3310 1087 3361 non,
1116 3299 1266 3353 nulla
1303 3299 1355 3354 id
1386 3300 1596 3357 ratione
1627 3315 1887 3373 praestare
1915 3311 2145 3379 poteris.

804 3384 891 3441 16;
933 3385 1131 3459 Aitque
1175 3390 1346 3445 frater
1374 3409 1386 3444 :
1416 3390 1506 3447 Sic
1539 3409 1732 3450 revera
1766 3408 1870 3464 est,
1901 3400 2084 3468 Pater,
2117 3414 2174 3459 et
2204 3420 2313 3461 non

731 3477 912 3541 aliter,
937 3494 1003 3534 ac
1028 3479 1246 3535 locutus
1269 3498 1329 3536 es
1356 3500 1369 3537 :
1395 3498 1626 3555 eamque
1651 3488 1722 3543 ob
1747 3504 1863 3544 rem
1896 3490 2161 3550 Dominus
2187 3511 2313 3552 cum

730 3587 761 3625 a
787 3569 991 3628 Judzcis
1021 3574 1331 3630 maledictis
1372 3584 1673 3646 peteretur.
1710 3582 1958 3652 colaphis
1983 3586 2310 3657 mederetur,

729 3668 896 3730 atque
939 3663 1042 3718 alia
1077 3663 1146 3719 ab
1179 3665 1262 3721 eis
1300 3675 1602 3735 pateretur,
1641 3672 1966 3740 sustinebat,
2005 3677 2311 3736 miseratio-

729 3752 819 3808 nis
845 3752 1043 3809 aﬂ‘ectu
1083 3754 1136 3810 in
1172 3772 1267 3811 eos
1300 3766 1502 3824 motus,
1534 3762 1683 3816 velut
1708 3763 1803 3833 qui
1831 3765 2210 3835 imprudentes
2234 3773 2313 3829 fa-

728 3856 918 3901 cerent
961 3863 1024 3902 ac
1048 3864 1237 3903 errore
1269 3850 1479 3906 seducti
1526 3864 1730 3908 essent.
1768 3856 1924 3912 Unde
1966 3869 2022 3914 et
2058 3862 2115 3917 in
2146 3879 2310 3923 cruce

728 3937 948 3996 diccbat
982 3958 994 3994 :
1027 3941 1210 4005 Pater,
1241 3943 1444 3998 dimitte
1468 3945 1575 4001 illis
1594 3988 1608 4013 ,
1639 3950 1765 4019 quia
1802 3954 2036 4009 nesciunt
2073 3957 2201 4026 quid
2224 3960 2306 4029 [a-

728 4031 872 4084 citmt
908 4032 952 4064 ³⁷
989 4049 1003 4087 :
1050 4032 1213 4104 375
1243 4035 1449 4091 diaboli
1497 4048 1682 4094 autem
1731 4050 1786 4096 et
1832 4044 2145 4116 principum
2190 4051 2310 4120 ejus

728 4122 1075 4180 vaferrimam
1120 4137 1358 4184 mentem
1403 4130 1763 4205 fraudemque
1804 4134 1859 4189 in
1908 4151 2071 4192 cruce
2112 4139 2307 4193 trium-

727 4215 936 4286 phans;
963 4234 1064 4289 pro
1091 4220 1401 4279 dilectionis
1431 4225 1711 4292 mandato,
1743 4227 1822 4283 uti
1842 4226 2047 4295 dixisti,
2071 4230 2140 4285 ad
2164 4248 2309 4286 mor-

726 4314 839 4362 tem
866 4325 1039 4380 usque
1065 4312 1330 4369 adversus
1357 4315 1480 4371 illos
1500 4325 1740 4384 certans,
1760 4319 2031 4391 nobisque
2059 4321 2308 4378 tribuens

725 4400 796 4456 de
816 4401 927 4457 illis
947 4404 1252 4471 victoriam,
1271 4422 1336 4462 ac
1359 4410 1554 4466 mortis
1572 4410 1856 4468 destructo
1876 4412 2131 4483 imperio,
2149 4429 2304 4470 suam
2349 4438 2354 4443 ·

2423 3224 2606 3278 χανον.

2495 3384 2593 3450 ις’.
2617 3384 2728 3436 Kal
2746 3385 2773 3438 ὁ
2796 3381 3024 3450 ἁδελφὸς
3045 3380 3217 3436 εἶπεν·
3248 3384 3364 3436 Ἐπ’
3388 3383 3665 3455 ἀληθείας,
3695 3384 3903 3454 Πάτερ,
3923 3386 4008 3438 οῦ-

2418 3493 2529 3541 τως
2550 3477 2667 3531 ἐστὶ
2689 3476 2785 3529 καὶ
2801 3476 2902 3529 οὐκ
2925 3474 3100 3539 ἄλλως
3114 3491 3129 3505 ·
3160 3476 3251 3529 καὶ
3271 3474 3360 3529 διὰ
3382 3475 3541 3530 τοῦτο
3562 3477 3591 3529 ὁ
3613 3476 3820 3547 Κύριος
3844 3477 4010 3547 βλασο

2421 3569 2772 3639 φημούμενος
2797 3568 2892 3622 καὶ
2921 3567 3367 3639 κολαφιζόμενος,
3395 3569 3491 3622 καὶ
3511 3568 3580 3622 τὰ
3596 3568 3730 3622 ἄλλα
3753 3570 4008 3640 πάσχων,

2420 3660 2563 3731 ἅπερ
2593 3658 2795 3713 ἔπαθεν
2842 3658 2948 3711 ὑπὸ
2975 3658 3084 3713 τῶν
3141 3658 3428 3723 Ἰουδαίων,
3469 3660 3737 3730 ἠνείχετο,
3772 3661 4009 3725 ἐκείνοις

2422 3752 2523 3822 μὲν
2557 3752 2897 3823 συμπάσχων
2934 3752 3010 3815 ὠς
3062 3751 3317 3820 ἀγνοοῦσι
3372 3754 3468 3805 καὶ
3518 3753 3963 3824 πεπλανημένοις
3992 3773 4005 3785 ·

2418 3844 2501 3899 διὸ
2528 3847 2620 3899 καὶ
2650 3845 2835 3914 ἔλεγεν
2857 3846 2950 3898 ἐπὶ
2967 3843 3062 3898 τοῦ
3086 3844 3339 3917 σταυροῦ·
3362 3846 3577 3915 Πάτερ,
3596 3846 3746 3916 ἄφες
3770 3848 4004 3917 αὐτοῖς,

2416 3939 2498 3993 ὅτι
2529 3938 2631 3991 οὐκ
2664 3936 2763 4009 [αι.
2802 3938 2863 3991 οὐ
2899 3935 3031 4008 γάρ]
3082 3937 3258 3991 οἴδασι
3308 3938 3362 3991 τί
3389 3937 3639 3992 ποιοῦσι·
3665 3938 3761 3991 τοῦ
3794 3938 3855 3992 δὲ
3886 3940 4005 3993 δια-

2416 4031 2573 4085 ϐόλου
2599 4033 2691 4085 καὶ
2722 4029 2832 4084 τῶν
2855 4030 3133 4100 ἀρχόντων
3163 4028 3332 4082 αὐτοῦ
3354 4028 3703 4101 θριαμϐεύων
3731 4030 3833 4101 τὴν
3867 4049 4005 4084 παν-

2414 4121 2640 4194 ουργίαν
2665 4122 2759 4176 καὶ
2784 4121 2882 4193 τὴν
2910 4122 3130 4193 ἀπάτην
3158 4122 3251 4175 ἐπὶ
3275 4122 3371 4176 τοῦ
3417 4122 3649 4194 σταυροῦ
3672 4139 3684 4151 ·
3716 4124 3863 4195 ὑπὲρ
3902 4124 4003 4193 τῆς

2413 4216 2634 4287 ἐντολῆς
2687 4216 2787 4286 τῆς
2838 4216 3080 4287 ἀγάπης,
3116 4214 3296 4280 καθὼς
3336 4211 3518 4281 εἴπας,
3549 4216 3714 4287 μέχρι
3765 4215 4001 4271 Θανάτου

2416 4308 2554 4379 πρὸς
2578 4309 2775 4370 αὐτοὺς
2797 4307 3228 4376 ἀγωνισάμενος,
3254 4306 3349 4362 καὶ
3367 4307 3466 4378 τὴν
3488 4307 3610 4361 κατ’
3634 4308 3818 4362 αὐτῶν
3842 4310 4001 4378 νίκην

2414 4401 2545 4470 ἡμῖν
2595 4400 2992 4470 χαρισάμενος·
3030 4398 3127 4451 καὶ
3174 4396 3268 4451 τοῦ
3312 4396 3543 4453 Θανάτου
3594 4398 3914 4463 καταλύσας
3941 4400 3999 4452 τὸ

725 4490 783 4545 in
831 4493 959 4549 vita
1009 4511 1211 4552 munus
1257 4501 1719 4557 resurrectionem
1770 4502 1996 4559 donavit
2048 4506 2309 4562 universo

2426 4490 2633 4561 κράτος,
2667 4490 2768 4561 τὴν
2788 4490 3085 4545 ἀνάστασιν
3108 4489 3272 4542 αὐτοῦ
3313 4490 3394 4552 εἰς
3424 4488 3571 4559 ζωὴν
3601 4490 3768 4543 παντὶ
3795 4490 3881 4561 τῷ
3908 4492 3997 4545 διό⁴

725 4582 950 4638 mundo.
985 4584 1187 4640 Verum
1224 4602 1320 4642 ora
1350 4605 1449 4659 pro
1472 4606 1580 4655 me,
1613 4592 1796 4659 Pater,
1831 4603 1892 4648 ut
1918 4595 2160 4665 perfecte
2191 4597 2301 4652 Do-

722 4672 859 4727 mini
904 4688 1129 4745 scopum
1164 4677 1394 4749 ejusque
1430 4682 1805 4752 apostolorum
1852 4685 2160 4759 intelligere
2206 4707 2303 4746 va-

719 4763 899 4829 leam;
931 4766 1244 4837 passimque
1277 4770 1425 4841 vigili
1459 4788 1523 4827 ac
1550 4773 1739 4829 sobrio
1776 4790 1899 4832 esse
1938 4778 2144 4845 animo,
2177 4796 2301 4837 cum

721 4856 1059 4913 tentationes
1085 4861 1417 4930 appetierint
1438 4904 1454 4929 ,
1480 4880 1585 4921 nec
1620 4866 1822 4923 diaboli
1847 4870 2076 4941 ejusque
2102 4872 2304 4930 daemo-

719 4961 852 5002 num
884 4952 1100 5005 nescire
1135 4951 1385 5008 consilia.

797 5039 878 5095 l7.
912 5041 1215 5113 Respondit
1237 5060 1404 5101 senex
1432 5063 1445 5100 :
1478 5046 1535 5103 Si
1556 5064 1619 5103 ea
1643 5065 1766 5120 qua:
1788 5051 1934 5107 dicta
1963 5062 2093 5109 sunt
2119 5062 2299 5111 tecum

606 5142 615 5150 '
718 5128 904 5184 animo
930 5131 1130 5202 jugitcr
1173 5135 1401 5200 recolas,
1441 5138 1651 5206 poteris
1683 5156 1790 5194 non
1823 5140 2041 5197 nescire
2068 5160 2082 5196 :
2114 5143 2210 5197 scd
2245 5154 2301 5200 ct

717 5223 764 5279 si
798 5224 1087 5295 intelligas,
1131 5243 1238 5297 qua
1272 5228 1388 5298 ipse
1431 5231 1644 5287 ratione
1677 5234 1924 5300 tentaris,
1970 5250 2034 5289 ea
2077 5252 2299 5307 quoque

719 5316 919 5371 tentari
965 5316 1188 5373 fratrem
1234 5328 1423 5386 tuum;
1458 5330 1622 5392 atque
1666 5324 1717 5378 ci
1755 5324 1976 5395 quidem
2026 5327 2300 5399 ignoscas,

717 5408 812 5478 qui
855 5416 1100 5464 tentetur
1127 5427 1140 5464 :
1167 5414 1425 5468 tcntatori
1452 5424 1658 5480 autem,
1682 5416 1776 5485 qui
1813 5418 1868 5471 in
1902 5420 2022 5487 ejus
2051 5420 2144 5489 qui
2179 5430 2300 5477 ten-

720 5506 868 5553 tatur
910 5501 1097 5556 odium
1129 5504 1435 5572 propellere
1480 5507 1616 5572 vult,
1658 5508 1900 5574 resistas,
1943 5527 2047 5565 nec
2077 5512 2303 5567 fraudu-

717 5589 870 5647 lento
908 5594 1030 5665 ejus
1056 5596 1289 5651 consilio
1331 5613 1541 5655 morem
1575 5601 1810 5671 gesseris
1873 5602 1986 5658 lloc
2027 5605 2174 5659 enim
2215 5614 2302 5660 est

790 5769 835 5801 "
870 5769 889 5824 Ι
920 5771 1043 5826 Cor.
1080 5789 1150 5839 ιτ,
1193 5774 1273 5837 l2,
1311 5776 1392 5829 i5.
1484 5779 1525 5809 ”⁶
1562 5778 1719 5833 llutu.
1768 5796 1856 5848 xu,
1887 5780 1974 5835 Ἡ.

2415 4601 2539 4654 σμῳ
2568 4583 2903 4653 ἐδωρήσατο.
2922 4581 3065 4635 Ἀλλ’
3102 4580 3263 4652 εὔχου
3291 4581 3433 4652 ὑπὲρ
3470 4580 3630 4651 ἐμοῦ,
3662 4580 3876 4653 Πάτερ,
3912 4583 3995 4636 ἴνα

2404 4670 2624 4733 τελείως
2653 4670 2924 4738 ἐξισχύσω
2974 4669 3179 4740 γνῶναι
3227 4671 3322 4724 τὸν
3361 4659 3566 4723 σκᾶπὺν
3613 4669 3708 4724 τοῦ
3758 4672 3988 4741 Κυρίου,

2404 4765 2499 4817 καὶ
2547 4763 2657 4816 τῶν
2701 4762 3013 4817 ἀποστόλων
3073 4762 3275 4817 αὑτοῦ·
3309 4764 3404 4817 καὶ
3447 4761 3664 4833 δυνηθῶ
3698 4765 3902 4834 νήφειν
3937 4768 3991 4820 ἐν

2402 4859 2514 4921 τοῖς
2537 4858 2750 4928 καιροῖς
2774 4854 2883 4908 τῶν
2918 4855 3263 4927 πειρασμῶν,
3295 4855 3391 4908 καὶ
3420 4854 3495 4925 μὴ
3525 4856 3745 4924 ἀγνοεῖν
3775 4858 3848 4911 τὰ
3872 4862 3989 4931 νοή-

2407 4965 2553 5018 ματα
2581 4947 2678 5001 τοῦ
2707 4945 2958 5000 διαϐόλου
2992 4946 3089 5000 καὶ
3118 4945 3227 5000 τῶν
3255 4938 3529 5017 δαιμόνων
3562 4947 3753 5003 αὑτοῦ.

2476 5054 2560 5119 ιζ’.
2592 5054 2702 5107 Kal
2722 5054 2750 5107 ὁ
2776 5053 2953 5124 γέρων
2976 5051 3317 5124 ἀποκριθεὶς,
3348 5047 3522 5105 εἶπεν·
3561 5051 3688 5106 Ἐὰν
3709 5055 3827 5107 τῶν
3858 5072 3987 5125 προ-

2402 5143 2705 5215 ειρημένων
2730 5143 2874 5215 ἔχεις
2900 5144 2989 5198 ἀεὶ
3010 5144 3111 5213 τὴν
3130 5143 3381 5214 μελέτην,
3398 5143 3624 5198 δύνασαι
3644 5145 3720 5213 μὴ
3747 5146 3982 5215 ἀγνοεῖν.

2410 5235 2572 5289 ’Λλλὰ
2604 5236 2701 5289 καὶ
2727 5236 2822 5289 ἐὰν
2854 5237 3063 5305 συνιῇς,
3097 5236 3180 5289 ὅτι
3206 5234 3396 5305 ὥσπερ
3424 5235 3489 5287 σὺ
3516 5234 3782 5305 πειράζῃ,
3816 5235 3983 5298 οὕτως

2398 5328 2492 5381 καὶ
2520 5330 2549 5381 ὁ
2577 5326 2802 5396 ἀδελφός
2837 5344 2931 5381 σου
2956 5324 3277 5397 πειράζεται
3296 5343 3311 5357 ·
3349 5328 3443 5381 καὶ
3475 5325 3553 5395 τῷ
3597 5325 3697 5395 μὲν
3723 5328 3982 5396 πειραζο-

2400 5422 2546 5493 μένῳ
2577 5421 2998 5491 συγγινώσκεις,
3036 5414 3114 5488 τῷ
3146 5419 3202 5473 δὲ
3234 5420 3548 5491 πειράζοντι
3575 5418 3788 5472 θέλοντί
3821 5438 3882 5474 σε
3910 5422 3981 5482 εἰς

2400 5517 2554 5585 μῖσος
2582 5515 2809 5583 ἀγαγεῖν
2850 5512 2945 5566 τοῦ
2985 5510 3387 5581 πειραζομένου
3443 5512 3726 5581 ἀντιστῇς,
3768 5512 3847 5583 μὴ
3881 5514 3977 5566 ὑπ-

2396 5604 2611 5660 ακούων
2663 5604 2830 5661 αὑτοῦ
2880 5604 2959 5677 τῷ
3001 5608 3377 5678 μηχανήματι.
3414 5604 3529 5661 Καὶ
3567 5602 3730 5658 τοῦτό
3777 5601 3973 5659 ἐστινῦ

2060 5783 2096 5816 ³⁷
2129 5782 2259 5839 Luc.
2300 5800 2442 5853 mu,
2476 5783 2559 5839 34.
