4218 6432
192 393 299 456 925

1480 395 1713 456 LIBER
1750 397 2181 459 ASCETICUS.
2274 414 2278 421 ‘

3357 402 3463 466 926

182 509 333 575 λέγει
378 508 407 559 6
449 505 765 575 ἀδελφόοεος
827 507 1076 571 Ἰάκωϐος
1121 506 1182 559 ὲν
1239 509 1363 571 ταῖς
1396 508 1761 573 ΚαΟολικαῖς·

1882 513 2016 583 quod
2051 512 2288 568 Jacobus
2314 512 2411 567 DCI
2453 510 2621 566 frater
2653 510 2729 566 ait
2766 511 2821 565 iu
2855 508 3159 566 Catholicis
3198 526 3214 565 :
3254 508 3458 567 Subditi

194 598 565 667 Ὑποτάγητε
616 597 697 662 τῷ
741 598 889 663 Θεῷ·
919 600 1242 664 ἀντίστητέ
1266 600 1335 653 δὲ
1369 599 1451 666 τῷ
1486 600 1763 667 διαϐόλῳ,

179 690 279 745 καὶ
310 691 593 759 φεύξεται
620 692 719 759 ἀφ’
744 690 932 759 ὑμῶν.
974 691 1099 745 Ἐὰν
1137 686 1242 755 δῦν,
1268 691 1344 755 ὡς
1367 692 1599 763 εἴρηται,
1627 692 1768 761 ἔχεις

178 784 464 852 νηφόντως
492 784 590 854 τὴν
614 782 722 835 τῶν
756 790 1171 854 προειρημένων
1210 783 1571 847 ἀδιαλείπτως
1611 784 1768 854 μελέ-

176 891 303 943 την,
332 874 557 928 δύνασαι
588 873 789 942 γνῶναι
817 873 907 927 τὸν
932 874 1132 926 σκοπὸν
1152 873 1247 926 τοῦ
1284 874 1513 945 Κυρίου,
1548 874 1768 927 καὶτῶν

177 967 502 1020 ἀποστόλων
523 966 685 1020 αὐτοῦ
708 982 720 995 ·
753 965 846 1019 καὶ
875 966 1002 1028 τοὺς
1034 965 1132 1034 μὲν
1170 963 1497 1035 ἀνθρώπους
1525 965 1765 1036 ἀγαπᾷν,

179 1060 279 1112 καὶ
316 1059 662 1129 συμπάσχειν
717 1060 902 1122 αὐτοῖς
932 1057 1220 1110 πταίουσι·
1265 1059 1378 1120 τοῖς
1407 1058 1464 1111 δὲ
1512 1060 1770 1127 πονηροῖς

176 1152 437 1221 δαίμοσιν
460 1152 822 1212 ἀδιαλείπτως
850 1149 939 1203 διὰ
963 1150 1060 1220 τῆς
1086 1149 1308 1219 ἀγάπης
1330 1149 1458 1203 πολε
1467 1152 1605 1219 μεῖν.
1628 1149 1691 1201 Et
1711 1150 1771 1201 δὲ

177 1245 355 1313 ἐσμὲν
378 1242 566 1314 χαῦνοι
596 1244 690 1296 καὶ
713 1243 936 1313 ἀμελεῖς
963 1243 1056 1295 καὶ
1085 1242 1219 1315 ρᾁυ
1230 1260 1339 1312 μοι,
1367 1242 1611 1313 καὶδταῖς
1640 1260 1771 1313 σαρο

179 1338 373 1398 κικαίς
400 1336 615 1403 ἡδοναῖς
648 1336 738 1387 τὸν
773 1336 1031 1403 λογισμὸν
1076 1334 1397 1404 ἐμφύρομεν
1420 1373 1434 1398 ,
1486 1335 1608 1403 οὐχὶ
1645 1334 1771 1397 τοὺς

175 1429 469 1497 δαίμονας,
491 1428 604 1482 ἀλλ’
634 1429 860 1490 ἑαυτοὺς
903 1427 999 1480 καὶ
1040 1428 1167 1489 τοὺς
1204 1426 1468 1494 ἀδελφοὺς
1506 1426 1774 1496 πολεμοῦ-

182 1536 289 1589 μεν
312 1534 327 1549 ·
382 1520 511 1583 τοὺς
538 1520 595 1573 δὲ
634 1520 896 1588 δαίμονας
937 1519 1138 1589 μᾶλλον
1167 1519 1235 1571 δι’
1258 1518 1436 1572 αὐτῶν
1476 1518 1772 1589 θεραπεύο-

182 1630 313 1682 μεν,
348 1613 486 1682 ὑπὲρ
518 1613 698 1665 αὐτῶν
724 1615 837 1675 τοῖς
866 1612 1177 1681 ἀνθρώποις
1210 1612 1531 1684 μαχόμενοι.

259 1712 354 1776 ιη’.
382 1707 489 1759 Καὶ
510 1708 537 1758 6
568 1706 795 1775 ἀδελφὸς
824 1701 979 1759 εἶπεν
1003 1722 1018 1737 ο
1056 1704 1243 1768 Οὕτως
1270 1706 1407 1774 ἔχει,
1432 1705 1616 1776 Πάτερ
1642 1722 1656 1737 ο
1678 1705 1772 1759 καὶ

180 1799 297 1869 γὰρ
330 1800 393 1851 ἐκ
411 1798 512 1867 τῆς
538 1798 799 1866 ἀμελείας
831 1816 932 1867 μου
968 1798 1056 1850 ἀεὶ
1108 1798 1477 1868 λαμϐάνουσιν
1522 1796 1776 1867 ἀφορμὰς

184 1865 314 1941 κατ’
351 1865 486 1960 ὲμοῧ
521 1865 856 1959 οίδαίμονες
884 1906 897 1920 ·
947 1890 1087 1944 ἀλλά
1123 1865 1429 1960 παρακαλῶ
1462 1907 1541 1951 σε,
1574 1865 1775 1959 Πάτερ,
1811 1865 1851 1919 Β

182 1980 369 2031 εἰπεῖν
403 1996 516 2050 μοι,
558 1978 677 2042 πῶς
704 1980 904 2048 ὀφείλω
946 1980 1255 2051 κτήσασθαι
1300 1981 1480 2050 νῆψιν.
1529 1981 1636 2034 Καὶ
1677 1981 1781 2032 ἀπ-

183 2070 388 2141 εκρίοη
411 2071 440 2122 6
462 2071 665 2141 γέρωνο
697 2072 765 2124 Ἦ
792 2071 1061 2142 παντελὴς
1085 2073 1194 2125 τῶν
1222 2074 1428 2142 γηΐνων
1458 2073 1780 2143 ἀμεριμνία,

184 2163 289 2216 καὶ
321 2165 357 2234 ἡ
387 2163 618 2233 συνεχὴς
657 2161 781 2234 [Fr.
812 2164 1048 2233 alterque
1083 2162 1161 2217 Μ.
1213 2164 1403 2237 συχνὴ]
1457 2166 1655 2235 μελέτη
1683 2165 1782 2235 τῆς

187 2255 346 2319 θείας
386 2256 612 2327 Γραφῆς
651 2257 809 2326 φέρει
840 2257 936 2327 τὴν
981 2256 1157 2326 ψυχὴν
1188 2257 1268 2319 εἰς
1299 2257 1463 2324 φόϐον
1492 2257 1657 2310 Θεοῦο
1691 2258 1783 2310 καὶ

188 2350 221 2400 ὁ
248 2347 349 2400 τοῦ
390 2347 527 2401 Θεοῦ
558 2348 719 2416 φόϐος
760 2349 915 2417 φέρει
951 2349 1052 2417 τὴν
1086 2348 1249 2418 νῆψιν
1270 2366 1282 2379 ·
1309 2350 1402 2402 καὶ
1428 2349 1546 2402 τότε
1577 2352 1607 2419 ἡ
1639 2348 1783 2419 ψυχὴ

193 2436 427 2508 ἄρχεται
456 2437 679 2506 βλέπειν
706 2438 834 2500 τοὺς
856 2437 941 2489 διὰ
964 2437 1070 2489 τῶν
1098 2437 1375 2509 λογισμῶν
1415 2437 1783 2508 πολεμοῦντας

196 2529 372 2599 αὐτὴν
424 2529 702 2599 δαίμονας,
759 2530 851 2581 καὶ
908 2529 1216 2599 ἀμύνασθαι
1241 2546 1253 2557 ·
1290 2531 1417 2596 περὶ
1460 2522 1534 2581 ὧν
1565 2531 1593 2581 6
1622 2529 1785 2580 Δαϐὶδ

200 2622 426 2690 ἔλεγεν
487 2622 596 2676 Καὶ
646 2622 883 2675 ἐπεῖδεν
941 2625 973 2675 ό
1027 2624 1337 2690 ὀφθαλμός
1386 2640 1505 2690 μου
1548 2621 1618 2673 ἐν
1662 2620 1784 2686 τοῖς

198 2713 439 2781 ἐχθροῖς
476 2732 615 2782 μου.
651 2712 792 2783 Πρὸς
826 2712 1031 2782 ταύτην
1082 2713 1182 2781 τὴν
1217 2713 1392 2782 πάλην
1426 2713 1515 2766 καὶ
1560 2715 1587 2766 ὁ
1621 2730 1784 2781 κορυ-

201 2805 366 2871 φαῖος
389 2802 497 2854 τῶν
536 2802 850 2855 ἀποστόλων
879 2803 1082 2873 Πέτρος
1113 2802 1395 2872 διεγείρων
1440 2802 1567 2864 τοὺς
1612 2800 1786 2871 μαθη-

196 2894 321 2959 τὰς,
353 2894 506 2962 ἔλεγε
531 2909 544 2923 ⁸
574 2893 841 2961 Νήψατε,
878 2892 1307 2962 γρηγορήσατε,
1345 2893 1433 2946 ὅτι
1488 2895 1520 2946 ό
1562 2891 1785 2945 ἀντίδι-

198 3002 311 3049 κος
345 2983 515 3052 ὑμῶν
543 2983 847 3048 διάϐολος,
883 2984 963 3048 ὡς
990 2984 1147 3037 λέων
1174 2983 1513 3053 ὠρυόμενος
1542 2998 1787 3050 περιπα-

196 3077 307 3135 τεῖ,
336 3076 527 3143 ὅτιτῶν
589 3077 723 3129 τίνα
753 3076 1011 3143 καταπίῃ
1032 3091 1045 3105 ·
1089 3070 1137 3142 ᾧ
1167 3077 1490 3143 ἀντίστητε
1542 3076 1777 3144 στερεοὶ

1873 612 2031 656 estote
2055 604 2161 657 Deo
2180 621 2196 669 ;
2218 605 2443 657 resistite
2467 613 2644 657 autem
2668 603 2895 667 diabolo,
2924 609 2973 657 et
3000 602 3165 672 fugiet
3185 620 3216 655 a
3237 601 3376 656 vobis
3399 602 3461 639 ³⁸⁸·

1874 694 2157 763 Siquidem
2187 696 2374 765 igitur,
2411 695 2491 750 uti
2536 695 2744 749 dictum
2776 703 2879 761 est,
2911 710 3105 750 eorum
3151 710 3273 764 qua:
3317 694 3466 750 dicta

1873 796 2003 842 sunt
2032 789 2351 842 memoriam
2382 788 2633 859 pervigili
2666 788 2849 842 animo
2877 789 3061 857 jugem
3093 795 3275 842 tecum
3318 788 3467 856 cogi-

1875 880 2248 950 tationemque
2271 879 2551 945 habueris,
2577 879 2791 934 Domini
2821 895 3050 948 scopum
3073 880 3304 950 ejusque
3328 894 3460 946 apo-

1873 971 2141 1026 stolorum
2182 985 2344 1026 nosse
2388 972 2625 1041 poteris;
2663 987 2727 1026 ac
2768 970 3023 1025 homines
3066 969 3289 1039 quidem
3333 969 3463 1023 dili-

1873 1080 2036 1135 gere,
2087 1080 2393 1136 eorumque
2426 1062 2649 1118 offensae
2692 1065 2980 1130 misereri,
3032 1063 3308 1133 simulque
3331 1078 3463 1117 vero

1873 1157 2149 1212 daemones
2174 1156 2461 1213 charitatis
2492 1164 2630 1209 nutu
2658 1158 2862 1227 jugiter
2888 1157 3210 1225 impugnare
3249 1153 3461 1208 licebit.

1873 1247 1969 1303 Sin
1999 1256 2180 1301 autem
2220 1249 2409 1303 molles
2438 1264 2501 1303 ac
2531 1248 2869 1318 negligentes
2898 1261 3203 1315 segnesque
3238 1260 3451 1306 sumus,

1873 1341 2297 1411 carnalibusque
2343 1341 2719 1412 voluptatibus
2763 1340 3008 1393 animum
3060 1339 3459 1410 immergimus,

1872 1447 1983 1486 non
2010 1432 2122 1502 jam
2157 1432 2467 1497 daemones,
2505 1432 2600 1486 sed
2649 1431 2754 1501 ipsi
2802 1446 2904 1485 nos
2946 1430 3254 1499 fratresque
3283 1429 3462 1497 impu-

1873 1540 2103 1595 gnamus
2130 1542 2143 1577 :
2172 1532 2333 1594 atque
2358 1523 2447 1579 his
2474 1524 2646 1593 magis
2671 1523 2903 1577 colimus
2927 1521 3222 1586 daemones,
3250 1520 3306 1573 in
3329 1534 3464 1588 quo-

1875 1630 1997 1667 rum
2030 1614 2257 1684 gratiam
2296 1613 2350 1666 in
2381 1612 2636 1666 homines
2666 1625 2997 1682 grassamus.

1947 1703 2034 1758 18.
2063 1703 2153 1757 Ait
2178 1702 2347 1757 frater
2377 1720 2389 1755 :
2416 1702 2493 1756 lta
2520 1718 2578 1757 se
2608 1702 2721 1756 fere
2749 1717 2838 1756 res
2864 1700 3053 1765 habet,
3080 1699 3243 1754 Pater
3269 1715 3283 1750 :
3310 1712 3460 1751 sem—

1877 1810 1977 1865 per
2009 1794 2158 1849 enim
2206 1809 2273 1847 ex
2318 1809 2439 1847 mea
2480 1793 2808 1862 negligentia
2843 1792 3121 1846 daemones
3170 1790 3464 1844 adversum

1880 1900 1968 1939 me
1997 1891 2223 1939 sumunt
2245 1884 2580 1939 occasiones.
2606 1883 2712 1938 Sed
2737 1883 2934 1937 amabo
2960 1890 3033 1946 te,
3058 1881 3251 1945 dicito,
3274 1882 3462 1946 Pater,

1880 1993 1987 2048 qua
2012 1978 2224 2031 ratione
2256 1976 2517 2045 consequi
2541 1975 2703 2031 liceat
2729 1983 2967 2028 mentem
2991 1973 3230 2027 snbriam
3250 1987 3314 2026 ac
3336 1970 3464 2042 per-

1859 2068 2122 2137 ‘vigilem.
2170 2067 2251 2120 Ad
2291 2083 2453 2136 quem
2505 2082 2707 2130 senex,
2754 2066 3031 2135 Abnegata
3078 2064 3259 2118 omnis
3304 2066 3464 2133 plane

1882 2167 2229 2213 terrenorum
2264 2174 2414 2223 cura,
2442 2158 2700 2230 jugisqne
2728 2156 2927 2211 divina:
2957 2156 3253 2224 Scriptura:
3284 2154 3465 2208 medi-

1884 2251 2039 2315 talio,
2068 2252 2121 2304 in
2147 2251 2243 2306 Dei
2274 2252 2525 2305 timorem
2556 2250 2772 2315 ferunt;
2801 2250 3010 2318 Deique
3044 2249 3210 2302 timor
3240 2248 3462 2316 vigilem

1882 2354 2046 2415 atque
2078 2345 2324 2399 sobrium
2352 2350 2571 2412 praestat
2602 2342 2846 2397 animum
2875 2359 2887 2394 :
2928 2341 3122 2411 hisque
3145 2339 3235 2393 ille
3268 2338 3463 2405 fultus,

1883 2444 2071 2495 videre
2104 2440 2297 2510 incipit
2322 2438 2596 2493 daemones
2631 2438 3028 2508 cogitationum
3061 2436 3178 2490 acie
3202 2435 3347 2489 bello
3382 2433 3465 2489 fa-

1886 2535 2140 2605 tigantes,
2167 2541 2330 2602 atque
2356 2546 2452 2585 eos
2475 2530 2696 2596 ulcisci;
2726 2529 2793 2583 de
2815 2528 3016 2599 quibus
3041 2527 3224 2582 aiebat
3251 2526 3422 2581 David
3449 2543 3462 2579 :

1890 2628 1952 2680 Et
1984 2643 2142 2696 super
2169 2627 2404 2679 inimicos
2451 2641 2586 2678 meos
2628 2622 2856 2692 inspexit
2886 2618 3066 2673 oculus
3102 2635 3247 2673 meus
3288 2618 3351 2671 ”.
3385 2616 3467 2672 Ad

1885 2719 2028 2771 hanc
2061 2732 2281 2786 quoque
2316 2716 2516 2769 luctam
2552 2714 2748 2768 Petrus
2793 2711 3051 2780 princeps
3094 2709 3466 2778 apostolorum

1886 2808 2186 2877 discipulos
2206 2806 2472 2869 excitans,
2495 2807 2675 2876 ajcbat
2703 2822 2714 2857 :
2745 2802 2916 2857 Sobrii
2942 2810 3122 2867 estote,
3148 2809 3198 2854 et
3221 2801 3469 2872 vigilate;

1886 2900 2010 2969 quia
2043 2898 2377 2951 adversarius
2412 2905 2578 2950 vester
2610 2894 2872 2958 diabolus,
2899 2894 3061 2964 376
3097 2904 3353 2964 tanquam
3390 2892 3472 2948 leo

1886 2992 2120 3060 rugiens,
2159 2990 2341 3042 circuit
2389 3004 2628 3059 quarens
2672 3004 2829 3056 quem
2864 2988 3090 3051 devoret,
3129 2988 3211 3039 cui
3246 2988 3471 3039 resistite

1888 3083 2047 3153 fortes
2081 3083 2137 3135 in
2178 3080 2283 3149 ﬁde
2316 3081 2381 3133 ‘°.
2417 3080 2560 3145 Quin
2597 3080 2763 3134 etiam
2804 3079 3070 3133 Dominus
3099 3097 3111 3131 :
3143 3078 3385 3148 Vigilate,
3422 3086 3472 3131 et

196 3165 277 3235 τῇ
295 3169 519 3221 πίστει·
551 3168 641 3220 καὶ
670 3166 914 3237 όΚύριος
942 3166 998 3219 δέ
1018 3183 1031 3196 ⁸
1067 3168 1425 3235 Γρηγορεῖτε
1471 3168 1564 3221 καί
1594 3184 1781 3236 προσ-

1889 3183 2055 3239 orate,
2084 3184 2140 3227 ut
2165 3190 2267 3227 non
2291 3174 2497 3227 intretis
2523 3174 2576 3225 in
2601 3174 2943 3225 tentationem
2970 3171 3038 3223 υ.
3064 3170 3168 3224 Sed
3191 3179 3247 3224 ct
3278 3170 3470 3225 Eccle-

197 3260 476 3325 εὐχεσθε,
515 3259 614 3310 ἵνα
640 3259 725 3327 μὴ
754 3258 1067 3323 εἰσέλθητε
1104 3260 1190 3322 είς
1236 3259 1592 3326 πειρασμόν.
1636 3258 1694 3309 Ὁ
1728 3258 1783 3310 δὲ

214 3352 643 3420 Ἐκκλησιαστής
702 3366 883 3419 φησιν·
947 3350 1089 3402 Ἐὰν
1110 3351 1347 3418 πνεῦμα
1375 3350 1481 3404 τοῦ
1504 3350 1783 3413 ἐξουσιά-

202 3440 407 3508 {ortae
465 3441 655 3510 ἀναϐῇ
691 3442 789 3494 ἐπὶ
844 3441 939 3505 σὲ,
980 3443 1169 3495 τόπον
1221 3456 1339 3495 σου
1364 3441 1449 3511 μὴ
1479 3440 1640 3511 ἀφῇς
1680 3440 1778 3513 [aL

200 3535 402 3609 εὖροι].
434 3537 609 3599 Τόπος
638 3536 695 3587 δὲ
725 3536 819 3589 τοῦ
859 3536 951 3589 νοῦ
986 3537 1189 3607 ἐστινὴ
1232 3536 1423 3607 ἁρετὴ,
1457 3536 1550 3588 καὶ
1576 3538 1609 3605 ἡ
1644 3536 1785 3604 γνὼ-

203 3643 311 3691 σις,
354 3629 449 3679 καὶ
484 3628 513 3679 6
548 3626 710 3695 φόϐος
739 3625 833 3678 τοῦ
859 3626 1018 3679 Θεοῦ.
1060 3626 1118 3678 '0
1142 3626 1199 3679 δὲ
1252 3624 1567 3695 θαυμαστὸς
1627 3625 1783 3677 Ἀπό-

202 3719 391 3783 στολος
429 3719 630 3789 σφόδρα
663 3719 941 3789 νηφόντως
966 3719 1060 3771 καὶ
1093 3717 1360 3787 γενναίως
1386 3718 1783 3788 ἀγωνιζόμενος

202 3811 424 3880 ἔλεγεν·
473 3813 577 3866 Ἐν
616 3812 794 3879 σαρκὶ
846 3813 956 3881 γὰρ
991 3811 1495 3879 περιπατοῦντες,
1533 3814 1603 3863 οὺ
1636 3812 1786 3865 κατὰ

202 3904 404 3973 σάρκα
428 3904 890 3972 στρατευόμεθα.
930 3906 1004 3957 Τὰ
1025 3907 1132 3973 γὰρ
1157 3902 1317 3956 ὅπλα
1344 3901 1452 3970 τῆς
1471 3905 1787 3970 στρατείας

201 3997 375 4065 ἡμῶν
437 4000 510 4050 οὐ
558 3997 843 4065 σαρκικὰ,
890 3996 1052 4051 ἀλλὰ
1098 3995 1328 4049 δυνατὰ
1358 3994 1439 4061 τῷ
1470 3994 1592 4060 Θεῷ
1636 3997 1786 4064 πρὸς

201 4088 557 4155 καθαίρεσιν
596 4087 1023 4156 ὀχυρωμάτωνο
1065 4088 1397 4157 λογισμοὺς
1437 4088 1788 4157 καθαιροῦν-

204 4196 327 4245 τες,
360 4178 459 4231 καί
489 4177 612 4233 πᾶν
636 4180 853 4247 ὕψωμα
885 4179 1280 4248 ἐπαιρόμενον
1309 4179 1457 4232 κατὰ
1488 4178 1597 4247 τῆς
1637 4178 1784 4249 γνώο

204 4287 363 4336 σεως
393 4270 498 4324 τοῦ
530 4270 708 4324 Θεοῦο
755 4272 852 4324 καὶ
885 4269 1420 4339 αἰχμαλωτίζοντες
1443 4270 1567 4324 πᾶν
1594 4274 1789 4339 νόημα

204 4365 296 4429 είς
326 4362 443 4430 τὴν
468 4362 752 4429 ὑπακοὴν
803 4363 909 4417 τοῦ
951 4362 1250 4430 Χριστοῦ·
1308 4362 1409 4415 καί
1460 4363 1529 4415 ἐν
1579 4363 1791 4432 ἑτοίμῳ

205 4455 456 4525 ἔχοντες
488 4453 804 4522 ἐκδικῆσαι
829 4453 1035 4509 πᾶσαν
1062 4453 1394 4521 παρακοήν.
1427 4455 1550 4507 Ἐὰν
1577 4451 1668 4508 οὖν
1698 4456 1791 4507 καὶ¹

1889 3266 2083 3321 siastes
2110 3268 2188 3319 ait
2216 3282 2229 3318 :
2260 3262 2316 3317 Si
2336 3266 2552 3334 spiritus
2581 3271 2889 3333 potestatem
2913 3262 3149 3315 habentis
3176 3262 3470 3315 ascenderit

1884 3375 2043 3428 super
2075 3367 2141 3422 te,
2176 3357 2346 3410 locum
2376 3365 2525 3409 tuum
2572 3371 2636 3408 ne
2678 3355 2934 3408 dimiseris
2969 3353 3035 3406 “.
3087 3354 3258 3407 Porro
3303 3352 3471 3406 animi

1886 3452 2059 3513 locus,
2089 3451 2266 3503 virtus
2302 3457 2385 3503 est
2428 3456 2484 3502 et
2514 3447 2766 3509 scientia,
2804 3462 2867 3499 ac
2913 3447 3075 3500 timor
3118 3445 3235 3499 Dei.
3284 3443 3474 3498 Λάπιιὶ-

1886 3542 2101 3597 randus
2122 3549 2303 3596 autem
2338 3538 2654 3609 Apostolus,
2677 3538 2858 3593 sobrie
2890 3538 3182 3591 admodum
3217 3546 3473 3591 strenue-

1886 3649 1994 3704 quc
2040 3632 2349 3696 decertans,
2398 3631 2579 3685 aiebat
2601 3649 2621 3695 _:
2648 3630 2711 3684 In
2751 3647 2910 3683 carne
2939 3631 3077 3683 enim
3102 3628 3471 3694 ambulantes,

1888 3743 1991 3779 non
2022 3724 2304 3778 secundum
2328 3714 2544 3776 carnem
2583 3722 2889 3775 militamus.
2920 3721 3057 3774 Nam
3089 3737 3241 3774 arma
3270 3720 3474 3774 militiw

1886 3823 2081 3869 nostra:
2124 3830 2226 3866 non
2260 3812 2501 3865 carnalia
2536 3820 2680 3875 sunt,
2712 3811 2803 3864 sed
2841 3811 3075 3881 potentia
3106 3809 3215 3862 Deo
3259 3810 3329 3863 ad
3380 3810 3472 3861 de-

1885 3906 2224 3962 structionem
2256 3904 2641 3965 munitionum;
2669 3900 2887 3954 consilia
2915 3900 3257 3963 destruentes,
3291 3909 3338 3952 et
3362 3916 3475 3953 om—

1888 4016 2007 4053 nem
2044 3995 2376 4050 altitudinem
2424 3992 2758 4046 extollentem
2807 4008 2862 4045 se
2908 3992 3155 4044 adversus
3200 3991 3474 4043 scientiam

1886 4090 2016 4154 Dei;
2052 4097 2101 4141 et
2124 4088 2178 4140 in
2208 4086 2565 4155 captivitatem
2597 4083 2886 4152 redigentes
2917 4098 3122 4135 onmem
3148 4080 3474 4136 intellectqu

1887 4182 1941 4234 in
1975 4179 2274 4247 obsequium
2301 4175 2533 4229 Christi:
2562 4184 2609 4225 et
2650 4175 2704 4226 in
2729 4182 2974 4242 promptu
3009 4174 3254 4226 habentes
3295 4170 3475 4227 ulcisci

1890 4286 2095 4323 omnem
2122 4267 2525 4320 inobedientiam
2548 4264 2613 4317 ".
2638 4264 2695 4317 Si
2725 4265 2890 4333 igitur
2926 4272 2984 4318 tu
3006 4278 3225 4333 quoque
3256 4270 3476 4322 sanctos

1890 4363 2135 4417 imitatus
2179 4360 2370 4424 fueris,
2417 4358 2815 4427 operosiusque
2862 4358 2977 4412 Deo
3008 4356 3309 4423 vacaveris,
3345 4354 3475 4426 vigil

1891 4463 2053 4525 atque
2087 4452 2305 4507 sobrius
2336 4452 2468 4507 eris.

208 4549 277 4599 σὺ
311 4548 523 4619 μιμήσῃ
573 4547 699 4609 τοὺς
741 4547 949 4615 ἁγίους,
988 4547 1082 4600 καὶ
1118 4548 1370 4617 ὲμπόνως
1402 4548 1670 4619 σχολάσῃς
1716 4548 1793 4619 τῷ
1826 4552 1872 4610 D

206 4637 353 4707 Θεῷ,
388 4638 487 4710 ἔσῃ
509 4639 862 4708 νηφόμενος.ι

286 4730 371 4785 ιϐ’.
400 4731 510 4784 Καὶ
531 4732 559 4784 6
602 4732 852 4801 Ἀδελφὸς
876 4728 997 4785 εἷπε
1020 4749 1034 4762 ο
1064 4732 1174 4784 Καὶ
1199 4732 1253 4784 τί
1269 4731 1466 4799 ὤφειλέ
1495 4750 1576 4795 τις
1596 4737 1790 4801 ποιεῖν,

206 4824 416 4895 Πάτερ,
453 4825 544 4877 ἶνα
574 4824 939 4887 ἀδιαλείπτως
966 4826 1169 4895 δυνηθῇ
1205 4824 1488 4894 σχολάζειν
1530 4826 1607 4895 τῷ
1635 4827 1790 4895 Θεῴς

208 4918 325 4972 Καὶ
373 4916 644 4987 ἀπεκρίθη
693 4920 721 4970 6
762 4917 959 4987 γέρωνο
1020 4917 1307 4969 Ἀδύνατον
1338 4917 1399 4970 τὸ
1424 4918 1547 4971 νοῦν
1574 4920 1793 4983 τελείως

214 5008 478 5078 σχολάσαι
499 5007 576 5077 τῷ
609 5008 750 5077 Θεῷ,
776 5008 869 5061 ἐὰν
902 5007 976 5077 μὴ
1008 5008 1104 5071 τὰς
1130 5012 1277 5077 τρεῖς
1299 5008 1502 5072 ταύτας
1525 5012 1792 5081 κτήσηται

211 5100 419 5171 ἀρετάς
443 5117 457 5130 ·
491 5100 591 5170 τὴν
626 5102 845 5170 ἀγάπην
878 5101 1039 5167 λέγω,
1082 5102 1173 5153 καὶ
1203 5102 1302 5169 τὴν
1327 5103 1652 5174 ἐγκράτειαν
1700 5106 1794 5159 καὶ

213 5194 317 5263 τὴν
343 5193 673 5265 προσευχήν.
719 5192 784 5244 Ἥ
819 5193 916 5261 μὲν
951 5194 1057 5263 γάρ
1084 5193 1294 5263 ἀγάπη,
1343 5196 1541 5265 ἠμεροῖ
1572 5196 1661 5249 τὸν
1702 5198 1795 5250 Ου-

219 5286 323 5356 μόν
341 5300 355 5315 ’
390 5287 423 5354 ἡ
445 5284 501 5339 δὲ
526 5283 819 5354 ἐγκράτεια
847 5283 943 5354 (a),
981 5286 1231 5355 μαραίνει
1257 5288 1353 5357 τὴν
1389 5288 1684 5359 ἐπιθυμίαν
1710 5307 1722 5321 ο
1758 5291 1790 5360 ή

218 5377 280 5431 δὲ
311 5376 608 5447 προσευχὴ,
649 5376 870 5448 χωρίζει
898 5376 987 5431 τὸν
1022 5378 1144 5431 νοῦν
1195 5380 1412 5433 πάντων
1448 5381 1555 5433 τῶν
1587 5383 1792 5451 νοημά-

290 5517 337 5551 ³⁸
358 5517 471 5571 Jac.
504 5533 577 5582 ιν.
612 5518 664 5571 7.
770 5518 814 5549 ³³
843 5518 986 5572 Psal.
1017 5534 1127 5582 Lm,
1162 5519 1213 5573 9.

1313 5519 1358 5550 ⁸⁰
1395 5521 1415 5574 Ι
1448 5521 1595 5575 Petr.
1622 5538 1677 5587 v,
1717 5523 1767 5577 8.

215 5588 341 5645 3-6.

295 5702 377 5774 (a)
426 5701 588 5776 Quod»
612 5702 703 5757 hic
736 5703 1029 5776 peculiaris
1052 5704 1229 5759 virtus
1258 5704 1482 5769 dicitur,
1508 5706 1624 5776 ipsa
1655 5724 1799 5761 mar~

222 5772 447 5831 cescere
489 5772 715 5837 faciens,
740 5772 1131 5843 fedornansque
1154 5790 1219 5829 ac
1248 5772 1544 5830 rnacerans
1587 5793 1794 5832 concu-

234 5843 576 5914 pisceutiam,
636 5844 770 5902 nihil
843 5844 991 5901 aliud
1043 5854 1125 5902 est
1194 5861 1356 5916 quam
1407 5847 1671 5916 jejunium
1740 5858 1794 5904 ct

1965 4741 2050 4797 19.
2083 4741 2281 4812 Aitque
2324 4741 2534 4797 frater:
2566 4740 2840 4807 Quidnam
2873 4754 3027 4804 vero,
3052 4738 3234 4800 Pater,
3280 4736 3479 4807 aliquis

1894 4833 2139 4890 facturus
2160 4836 2250 4899 sit,
2275 4844 2335 4889 ut
2363 4834 2583 4888 assidue
2605 4836 2718 4889 Deo
2742 4849 2938 4888 vacare
2970 4832 3180 4903 possit?
3208 4832 3285 4886 Ad
3313 4846 3477 4902 quem

1895 4943 2062 4981 senex
2097 4927 2281 4979 :Ficri
2329 4942 2441 4981 non
2493 4934 2678 4997 potest
2726 4934 2786 4979 ut
2835 4925 3051 4980 animus
3095 4924 3333 4995 perfecte
3368 4904 3480 4976 Deo

1894 5025 2069 5082 vacet,
2101 5016 2205 5070 nisi
2238 5025 2348 5070 tres
2381 5016 2513 5071 istas
2545 5016 2777 5070 virtutes
2808 5015 3117 5084 paraverit;
3156 5027 3352 5081 nempe
3392 5012 3480 5065 di-

1893 5109 2207 5173 lectionem,
2240 5108 2627 5163 abstinentiam
2672 5108 2790 5178 (seu
2837 5107 3131 5177 jejunium)
3175 5113 3230 5159 et
3270 5104 3479 5159 oratio-

1894 5215 2041 5255 nem.
2078 5199 2309 5254 Dilectio
2339 5201 2487 5255 enim
2532 5199 2670 5252 iram
2716 5199 2871 5253 lenit.
2920 5198 3198 5267 Jejunium
3234 5212 3327 5250 seu
3354 5195 3481 5248 ahs-

1899 5292 2130 5348 tinentia
2167 5292 2522 5362 cupiditatem
2557 5291 2778 5347 edomat
2816 5300 2979 5360 atque
3006 5299 3273 5355 macerat;
3307 5286 3482 5341 oratio

1899 5387 1969 5441 ab
2007 5386 2266 5440 omnibus
2309 5386 2579 5440 abstrahit
2622 5382 3063 5456 cogitationibus,
3115 5382 3325 5451 ipsique
3372 5379 3482 5432 Deo

1870 5523 1912 5556 δ’
1964 5524 2154 5579 Matth.
2186 5541 2332 5595 xxvr,
2378 5525 2466 5578 41.
2576 5525 2621 5555 ⁸³
2660 5522 2844 5578 Ecclc.
2878 5538 2929 5587 Χ,
2962 5520 3015 5573 4.
3119 5519 3163 5550 ⁸³
3197 5518 3241 5571 ll
3267 5516 3391 5571 Cor.
3427 5533 3481 5582 χ,

1904 5712 2272 5779 abstinentia;
2315 5728 2436 5783 qua:
2484 5712 2663 5767 virtus
2710 5710 3063 5783 potissimum
3112 5708 3329 5778 corpori
3366 5722 3482 5763 me-

1903 5786 2084 5850 detur,
2120 5794 2177 5841 ut
2198 5794 2253 5841 ct
2284 5784 2462 5842 oratio
2481 5783 2684 5840 animo.
