4218 6432
732 387 841 444 927

1892 391 1952 450 S.
1995 387 2280 449 ΜΛΧΙΜΙ
2320 385 2837 448 CONFESSORIS

3894 393 4003 456 928

728 494 938 550 nudum
977 496 1143 551 sistit.
1177 496 1272 552 Hae
1300 498 1467 568 igitur
1495 505 1610 554 tres
1637 498 1888 564 virtutes,
1920 508 2148 554 cunctas
2175 500 2312 553 alias

2416 516 2542 560 των,
2573 497 2669 550 καὶ
2705 497 2855 568 αὐτῷ
2874 497 3036 551 αὑτὸν
3057 499 3353 570 παρίστησι
3383 499 3592 569 γυμνὸν
3618 499 3696 570 τῷ
3896 495 4007 555 Λῦ-

729 586 964 642 virtutes
990 589 1448 657 complectuntur,
1479 605 1544 646 ac
1578 592 1683 647 nisi
1721 593 1830 647 illis
1870 592 2040 646 fultus
2068 593 2304 658 animus,

727 675 842 732 Deo
871 694 1065 734 vacare
1090 694 1200 734 non
1230 690 1431 750 potest.

797 847 885 900 20.
921 847 1012 902 Ait
1046 849 1215 904 frater
1241 868 1254 904 :
1285 852 1456 923 Rogo,
1485 855 1664 919 Pater,
1691 863 1751 910 ut
1773 855 1978 911 discam
2001 873 2068 912 ex
2095 865 2170 922 te,
2200 874 2308 928 qua

729 940 935 993 ratione
956 941 1180 996 dilectio
1208 943 1343 998 iram
1371 946 1542 999 leniat
1565 956 1621 1000 et
1653 949 1885 1018 mitiget.
1908 948 1990 1002 Ad
2025 965 2187 1017 quem
2218 965 2310 1004 se-

728 1046 830 1083 nex
853 1049 864 1082 :
885 1030 1022 1096 Quia
1044 1033 1255 1087 scilicet
1276 1037 1396 1105 ejus
1412 1045 1496 1090 est
1516 1038 1792 1101 misereri,
1813 1039 2308 1109 inquejproximum

728 1121 991 1175 beneficia
1025 1122 1296 1187 conferre,
1324 1133 1382 1178 et
1408 1125 1474 1178 ad
1505 1127 1655 1180 illum
1686 1129 1862 1181 lenem
1889 1142 2008 1181 esse
2036 1143 2099 1181 ac
2125 1127 2311 1198 longa-

727 1213 951 1276 nimem,
981 1215 1262 1284 illatasque
1291 1217 1360 1270 ab
1387 1233 1454 1271 eo
1486 1219 1731 1288 injurias,
1769 1227 1828 1272 ut
1870 1220 2070 1288 szepius
2100 1221 2308 1275 dictum

725 1315 829 1365 est,
864 1307 1134 1373 patienter
1165 1307 1328 1361 ferre.
1362 1309 1483 1363 llam
1519 1325 1649 1378 ergo
1682 1326 1805 1363 cum
1838 1310 2060 1364 dilectio
2086 1311 2306 1376 habeat,

726 1396 866 1464 ejus,
900 1398 991 1465 qui
1032 1398 1120 1452 illa
1169 1399 1471 1455 instructus
1505 1401 1594 1463 sit,
1639 1401 1776 1456 iram
1817 1401 1954 1457 lenit
1986 1412 2042 1456 et
2076 1403 2306 1472 mitigat.

729 1484 866 1538 Tum
903 1485 1117 1538 frater:
1162 1487 1282 1540 Non
1328 1489 1524 1559 exigua
1571 1498 1700 1544 sunt
1743 1491 1864 1559 ejus
1912 1505 2136 1544 munera
2169 1506 2182 1542 :
2211 1489 2308 1543 sed

729 1573 920 1627 beatus
969 1575 1056 1627 cui
1111 1576 1270 1630 licuit
1320 1593 1439 1631 eam
1491 1579 1739 1648 adipisci.
1795 1580 1906 1648 Ego
1951 1594 2083 1633 sane
2133 1579 2201 1632 ab
2245 1595 2309 1633 ea

730 1667 918 1733 procul
957 1676 1200 1720 remotus
1231 1685 1372 1721 sum.
1402 1669 1694 1732 Caeterum,
1728 1685 1878 1737 rogo,
1917 1666 2101 1734 Pater,
2139 1679 2198 1724 ut
2230 1671 2311 1725 di-

2409 604 2499 640 ται
2527 581 2621 640 οῦν
2642 588 2699 639 αἱ
2726 591 2875 659 spei;
2900 589 3117 660 ἀρεταὶ,
3142 589 3650 660 συμπεριληπτικαί
3672 591 3781 642 είσι
3807 589 4004 642 πασῶν

2408 679 2518 730 τῶν
2548 678 2761 748 ἀρετῶν
2782 696 2798 712 ⁸
2823 681 2919 733 καὶ
2943 680 3074 736 ἀνευ
3102 681 3308 735 τούτων
3334 682 3365 734 6
3385 681 3513 744 νοῦς
3533 682 3595 735 οὐ
3617 680 3842 736 δύναται
3874 697 4005 751 σχο-

2409 767 2594 832 λάζειν
2624 769 2704 838 τῷ
2732 769 2874 840 Θεῷ.

2480 867 2550 914 κ’.
2585 861 2746 916 Καὶό
2797 860 3054 929 ’Δδελφδς
3096 862 3214 919 εἷπε
3241 878 3256 893 ⁸
3295 861 3608 933 Παρακαλῶ
3662 879 3743 925 σε,
3793 863 4001 932 Πάτερ,

2413 953 2630 1023 μαθεῖν,
2670 955 2786 1017 πῶς
2823 956 2856 1025 ὴ
2915 954 3103 1026 ἀγάπη
3154 957 3353 1025 ήμεροῖ
3379 957 3471 1008 τὸν
3504 955 3698 1025 θυμόν.
3746 956 3861 1008 Καὶ
3891 956 4005 1008 ἀπ-

2409 1046 2602 1118 εκρίθη
2631 1049 2660 1100 6
2683 1047 2884 1116 γέρων-
2922 1047 3141 1116 Ἐπειδὴ
3166 1047 3281 1118 ἔχει
3319 1049 3378 1101 τὸ
3408 1048 3598 1111 ἐλεεῖν,
3627 1049 3721 1100 καὶ
3747 1048 3811 1100 τὸ
3839 1049 4004 1116 εὐερο

2409 1137 2588 1201 γετεῖν
2617 1135 2708 1189 τὸν
2749 1134 2977 1205 πλησίον
3001 1152 3016 1167 ⁸
3058 1136 3149 1189 καὶ
3180 1137 3244 1190 τὸ
3279 1137 3652 1208 μακροθυμεῖν
3696 1137 3786 1188 ἐπ’
3813 1137 4001 1201 αὑτὸν,

2410 1227 2506 1278 καὶ
2529 1226 2589 1278 τὸ
2614 1227 2905 1296 ὑπομένειν
2929 1229 2998 1281 τὰ
3025 1229 3116 1281 ὑπ’
3139 1228 3304 1281 αὑτοῦ
3337 1228 3675 1298 ἐπαγόμενα,
3696 1228 3773 1292 ὡς
3795 1230 4002 1282 πολλά-

2409 1333 2499 1376 κις
2524 1318 2844 1387 εἰρήκαμεν.
2878 1319 3064 1372 Ταῦτα
3111 1316 3205 1374 οὖν
3231 1319 3431 1390 ἔχουσα
3467 1323 3500 1390 ἡ
3552 1321 3764 1391 ἀγάπη,
3799 1323 4004 1391 ἡμεροῖ

2409 1407 2502 1461 τὸν
2542 1409 2712 1480 θυμὸν
2762 1411 2856 1466 τοῦ
2905 1413 3244 1483 κεκτημένου
3280 1412 3475 1483 αὐτήν.
3514 1412 3626 1466 Καὶ
3670 1415 3699 1466 6
3743 1413 4003 1482 ’Δδελφὸς

2411 1497 2564 1554 εἶπε⁸
2596 1504 2673 1555 Οὐ
2733 1505 2910 1574 μικρά
2961 1505 3030 1558 τά
3080 1505 3216 1575 ἔργα
3246 1504 3451 1572 αὐτῆς·
3488 1504 3622 1557 ἀλλά
3672 1505 3946 1575 μακάριος
3976 1507 4006 1558 6

2411 1593 2704 1664 δυνάμενος
2725 1597 3034 1666 κτήσασθαι
3072 1598 3265 1666 αὑτήν.
3312 1597 3455 1664 Ἐγὼ
3490 1595 3546 1648 δὲ
3581 1595 3750 1658 ὄντως
3782 1596 4005 1665 μακράν

2413 1689 2526 1757 είμι
2561 1689 2652 1740 ἀπ’
2686 1689 2878 1758 αὐτῆς.
2909 1688 3058 1756 Πλὴν
3101 1687 3410 1758 Παρακαλώ
3451 1705 3534 1753 σε,
3581 1687 3779 1758 πάτερ,
3828 1689 4008 1740 εἰπεῖν

728 1770 821 1808 cas
851 1758 982 1824 quid
1013 1759 1082 1810 sit
1113 1758 1489 1827 μακροθυμεῖν
1515 1763 1637 1825 (nos
1661 1759 1912 1814 dicamus
1939 1759 2312 1830 longanimiter

2417 1794 2528 1846 μοι,
2554 1776 2607 1828 τί
2630 1778 2748 1828 ἐστι
2775 1777 2837 1830 τὸ
2862 1777 3260 1847 μακροθυμεῖν.

729 1859 886 1913 agere
915 1845 1135 1914 lenique
1161 1847 1424 1915 patientia
1454 1852 1619 1914 esse).

797 1935 887 1987 2|.
921 1937 1222 2006 Respondit
1254 1954 1420 1992 senex
1454 1957 1467 1992 :
1499 1940 1705 2009 Nempe
1749 1939 1878 1994 forti
1914 1942 2096 1995 animo
2126 1942 2181 1996 in
2212 1941 2310 1997 ad-
2360 1961 2365 1966 '

726 2026 901 2080 versis
925 2041 1066 2090 esse,
1094 2043 1157 2081 ac
1188 2029 1326 2082 mala
1354 2029 1649 2094 sustinere,
1683 2030 2114 2100 tentationisque
2141 2047 2312 2101 oppe-

729 2119 825 2172 riri
873 2119 1059 2182 linem,
1100 2136 1202 2175 nec
1241 2121 1378 2175 iram
1425 2131 1632 2177 temere
1658 2124 1926 2193 proferre,
1970 2133 2066 2178 aut
2103 2141 2314 2180 sermo-

731 2225 853 2264 nem
899 2211 1049 2279 loqui
1084 2211 1138 2264 in
1189 2211 1526 2281 insipientia,
1573 2214 1657 2267 vel
1689 2215 1954 2284 suspicari
1985 2215 2191 2284 aliquid
2221 2223 2316 2270 aut

727 2299 1000 2368 cogitare,
1057 2300 1206 2368 quod
1255 2301 1435 2354 virum
1488 2301 1804 2371 religiosum
1853 2301 2036 2356 minus
2086 2301 2311 2368 deceat,

727 2391 1187 2458 quemadmodum
1217 2391 1294 2444 ait
1323 2391 1639 2461 Scriptura:
1674 2392 1845 2464 Usque
1869 2395 1939 2447 ad
1963 2402 2167 2464 tempus
2195 2409 2313 2446 sus-

727 2481 907 2533 tinebit
942 2481 1046 2533 leni
1085 2484 1343 2551 patientia
1379 2483 1540 2553 377
1577 2485 1677 2548 vir,
1711 2493 1760 2536 et
1785 2493 1963 2554 postea
1999 2493 2235 2554 erumpet
2270 2487 2317 2540 ei

719 2569 1029 2636 jucunditas
1079 2591 1096 2627 :
1139 2589 1300 2644 usque
1342 2576 1398 2628 in
1447 2583 1650 2645 tempus
1688 2577 1844 2628 verba
1889 2578 2220 2646 comprimet,
2266 2585 2316 2630 et

730 2663 1016 2718 multorum
1043 2664 1183 2719 labia
1213 2667 1540 2721 enarrabunt
1570 2668 1684 2737 ejus
1712 2667 2052 2738 prudentiam
2072 2668 2138 2722 “.

793 2849 885 2904 εἰ.
925 2848 1050 2904 llaec
1097 2845 1264 2919 igitur
1301 2849 1733 2920 longanimitatis
1766 2849 1931 2920 (lenis
1963 2851 2177 2906 scilicet
2219 2867 2318 2922 pa-

729 2938 958 3008 tientiaa)
1003 2939 1203 2993 indicia
1245 2945 1374 2993 sunt
1413 2957 1426 2991 :
1460 2955 1638 3008 neque
1686 2938 1742 2993 id
1775 2939 1960 3005 modo,
1996 2940 2091 2994 sed
2134 2950 2190 2996 et
2234 2956 2320 2995 se-

731 3029 912 3098 ipsum
954 3030 1277 3084 tentationis
1310 3046 1532 3084 causam
1573 3031 1912 3095 existimare,
1944 3031 2064 3101 ejus
2098 3033 2319 3086 virtutis

729 3129 815 3176 est
845 3121 1152 3192 proprium.
1190 3121 1517 3176 Fortewero
1547 3121 1712 3175 etiam
1757 3121 1838 3174 sic
1879 3136 1937 3176 se
1983 3137 2072 3176 res
2116 3122 2312 3187 habet;

731 3215 878 3284 quod
907 3230 1097 3286 magna
1124 3230 1251 3284 pars
1284 3230 1498 3281 eorum,
1529 3229 1652 3284 quae
1685 3214 1845 3270 nobis
1873 3215 2155 3278 eveniunt,
2188 3215 2315 3270 inde

731 3305 982 3360 accidant
1026 3316 1085 3360 ut
1125 3307 1232 3361 illis
1276 3309 1608 3378 castigemur
1647 3323 1710 3362 ac
1754 3307 2098 3371 erudiamur,
2134 3323 2197 3362 ac
2229 3308 2316 3362 vel

730 3397 1005 3465 praeterita
1041 3395 1239 3451 delicta
1271 3397 1550 3462 tollantur,
1579 3397 1664 3451 vel
1695 3412 1804 3466 qua
1836 3405 2118 3466 torpemus
2147 3398 2320 3476 negli-

731 3486 913 3556 gentia
952 3488 1300 3554 emendetur,
1346 3497 1441 3544 aut
1483 3489 1722 3560 denique
1751 3499 1813 3544 ut
1843 3488 2043 3544 futuris
2077 3491 2316 3560 peccatis

730 3576 820 3630 via
856 3579 1242 3648 praecludatur.
1276 3578 1377 3646 Qui
1427 3580 1596 3650 igitur
1640 3582 1824 3635 animo
1864 3588 2082 3649 reputat
2121 3596 2189 3634 ex
2230 3580 2316 3637 his

731 3669 954 3738 aliquod
984 3671 1038 3724 in
1074 3686 1238 3725 causa
1277 3687 1419 3736 esse,
1451 3687 1551 3726 cur
1578 3673 1811 3726 tentatio
1840 3688 1978 3728 .eum
2016 3673 2312 3742 exceperit,

661 3818 664 3822 ,
730 3761 1044 3830 vapulando
1088 3779 1198 3817 non
1242 3763 1584 3834 indignatur,
1620 3764 1925 3834 praesertim
1956 3779 2079 3818 cum
2113 3775 2170 3820 et
2201 3765 2318 3836 ipse

732 3854 838 3909 sibi
876 3857 1083 3924 peccati
1127 3857 1383 3910 conscius
1417 3857 1488 3912 sit
1524 3874 1536 3910 :
1577 3873 1681 3912 nec
1714 3865 1970 3912 causatur
2009 3857 2184 3923 illum,
2218 3874 2320 3928 per

732 3960 896 4014 quem
953 3946 1184 4002 tentatio
1240 3947 1441 4002 accidit
1496 3947 1659 4018 (nam
1709 3949 1825 4004 sive
1874 3949 2009 4014 hoc,
2046 3950 2162 4005 sive
2210 3950 2319 4007 alio

733 4064 956 4116 operam
991 4049 1330 4112 conferente,
1361 4050 1672 4105 divinorum
1711 4051 2049 4122 judiciorum
2088 4052 2318 4107 calicem

733 4137 959 4192 omnino
991 4139 1181 4194 bibere
1226 4154 1353 4194 eum
1399 4141 1686 4209 oportuit),
1724 4139 1818 4195 sed
1854 4141 1911 4194 in
1945 4141 2116 4195 Deum
2145 4142 2322 4198 oculis

733 4231 1031 4300 animoque
1063 4233 1330 4298 intentus,
1361 4234 1412 4288 ei
1452 4234 1654 4304 gratias
1689 4235 1800 4304 agit
1839 4234 1996 4305 cujus
2031 4233 2320 4303 indulgen-

734 4322 808 4374 tia
833 4322 1052 4388 accidit,
1085 4339 1252 4392 seque
1284 4323 1397 4394 ipse
1424 4324 1630 4393 culpat,
1655 4340 1719 4379 ac
1746 4324 1914 4378 alacri
1941 4325 2127 4379 animo
2156 4324 2320 4379 disci-

735 4409 943 4476 plinam
999 4413 1265 4482 suscipit,
1313 4413 1463 4468 velut
1516 4429 1574 4468 se
1627 4413 1797 4468 David
1837 4413 1892 4466 in
1941 4413 2120 4468 Semei
2157 4415 2224 4479 ",
2256 4431 2321 4470 ac

2488 1957 2594 2010 xa’.
2631 1957 2740 2010 Καὶ
2773 1957 3048 2028 ἀπεκρίθη
3077 1957 3106 2010 6
3134 1957 3314 2028 γέρων
3337 1974 3352 1988 ⁸
3386 1957 3462 2010 Τὸ
3496 1957 3859 2028 ἐγκαρτερεῖν
3895 1958 4009 2019 τοῖς

2413 2049 2627 2111 δεινοῖς,
2659 2049 2753 2100 καὶ
2784 2049 2844 2101 τὸ
2879 2048 3173 2117 ὑπομένειν
3200 2047 3417 2118 πονηρά
3437 2065 3450 2077 ⁸
3481 2048 3575 2100 καὶ
3609 2048 3671 2100 τὸ
3710 2047 4009 2116 ἀναμένειν

2413 2141 2474 2193 τδ
2503 2139 2654 2204 τέλος
2674 2141 2768 2192 τοῦ
2796 2139 3129 2210 πειρασμοῦ,
3163 2141 3259 2193 καὶ
3291 2139 3351 2192 τὸ
3375 2140 3450 2209 μὴ
3478 2138 3695 2207 ἐξάγειν
3719 2137 3902 2207 θυμὸν
3935 2138 4010 2200 ὡς

2415 2230 2593 2302 ἔτυχε,
2617 2231 2749 2302 μηδὲ
2771 2231 2927 2300 λόγον
2944 2230 3127 2284 λαλεῖν
3148 2233 3208 2282 ἐν
3245 2229 3546 2300 ἀφροσύνῃ,
3585 2230 3718 2299 μηδὲ
3761 2230 4011 2299 ὑπονοεῖν

2414 2337 2469 2374 τι
2491 2320 2524 2388 ἢ
2556 2323 2759 2374 ἐννοεῖν
2781 2319 2889 2374 τῶν
2919 2323 2994 2392 μὴ
3019 2319 3338 2392 πρεπόντων
3356 2318 3618 2380 θεοσεϐεῖ,
3647 2316 3833 2381 καθὼς
3855 2314 4012 2370 εἶπεν

2413 2412 2448 2482 ἡ
2481 2411 2671 2483 Γραφή
2698 2429 2711 2441 ⁸
2749 2414 2903 2480 Ἕως
2922 2414 3133 2482 καιροῦ
3162 2415 3478 2479 ἀνθέξεται
3497 2415 3888 2483 μακρόθυμος
3911 2414 4008 2482 (ὁ),

2417 2503 2516 2560 καί
2545 2505 2802 2572 ὕστερον
2825 2503 3125 2559 ἀναὸὡσει
3149 2497 3312 2571 ἀὺτῷ
3335 2509 3710 2576 εὐφροσύνη·
3741 2507 3856 2572 ἕως
3883 2524 4010 2560 κω·

2408 2594 2525 2662 ροῦ
2560 2597 2778 2662 κρύψει
2802 2596 2943 2661 τοὺς
2966 2598 3191 2666 λόγους
3224 2598 3411 2652 αὐτοῦ
3433 2615 3447 2628 ⁸
3499 2598 3596 2650 καὶ
3627 2599 3804 2666 χείλη
3862 2601 4014 2650 πολ-

2415 2681 2545 2735 λῶν
2577 2681 2746 2754 ίδὶιι.
2789 2684 3030 2749 πιστῶν,
3082 2684 3352 2759 fidelium]
3383 2687 3810 2756 ἐκδιηγήσεται
3854 2687 4012 2740 (nire

2417 2787 2554 2826 εσιν
2587 2775 2797 2828 αὐτοῦ.

2490 2865 2596 2936 κβ’.
2630 2865 2818 2920 Ταῦτα
2847 2861 2940 2920 οὖν
2959 2868 3168 2922 ἐστιτά
3187 2868 3546 2939 γνωρίσματα
3587 2871 3689 2940 τῆς
3732 2871 4017 2942 μακροθυ-

2423 2957 2551 3026 μίας
2570 2973 2583 2987 ⁸
2622 2959 2682 3010 οὐ
2715 2958 2874 3026 μόνον
2899 2957 2976 3022 δὲ,
3011 2957 3148 3011 ἀλλά
3177 2959 3271 3010 καὶ
3305 2957 3629 3026 λογίσασθαι
3650 2959 3845 3013 ἐαυτὸν
3872 2956 4014 3013 εἶναι

2420 3046 2598 3098 αἴτιον
2624 3046 2718 3098 τοῦ
2751 3045 3081 3116 πειρασμοῦ,
3113 3046 3215 3116 τῆς
3250 3047 3636 3118 μακροθυμίας
3669 3049 3819 3100 ἐστὶν
3857 3049 4010 3101 ἴδιον.

2424 3139 2585 3201 Ἴσως
2605 3138 2662 3190 δὲ
2688 3138 2784 3192 καὶ
2804 3137 2977 3200 οὕτως
2999 3137 3115 3208 ἔχει
3131 3153 3146 3169 ⁸
3190 3137 3376 3209 ἐπειδὴ
3419 3138 3488 3190 τὰ
3537 3138 3708 3190 πολλά
3737 3138 3851 3190 τῶν
3875 3156 4017 3206 πμ-

2421 3228 2717 3282 6αινόντων
2746 3229 2900 3298 ἡμῖν,
2926 3228 3063 3298 πρὸς
3095 3228 3378 3282 παίδευσιν
3415 3228 3574 3300 ἡμῶν
3595 3230 4017 3298 ἐπιωμὸαίνει,

2417 3321 2451 3391 ἢ
2485 3321 2621 3389 πρὸς
2672 3320 3056 3390 παρελθόντων
3097 3321 3386 3389 ἁμαρτιῶν
3437 3320 3742 3390 ἀναίρεσιν,
3778 3321 3812 3390 ἦ
3872 3321 4017 3390 πρὸς

2417 3412 2722 3482 ἐνεστώσης
2773 3411 3035 3482 ἀμελείας
3085 3411 3391 3482 διόρθωσιν,
3437 3411 3644 3482 ἦπρὸς
3703 3412 4017 3481 μελλόντων

2420 3503 2836 3574 ἁμαρτημάτων
2869 3502 2980 3576 [αι.
3025 3503 3554 3574 πλημμελημάτων]
3597 3504 3908 3572 ἀνακοπὴν.
3956 3505 4013 3557 ’0

2419 3591 2511 3650 οὖν
2533 3595 2902 3666 λογιζόμενος,
2932 3596 3016 3648 ὅτι
3064 3596 3131 3648 δι’
3177 3594 3236 3647 ἓν
3282 3595 3486 3648 τούτων
3512 3595 3710 3662 συνέϐη
3753 3597 3785 3648 6
3816 3611 4015 3664 πειραο

2419 3689 2575 3758 σμὸς,
2600 3687 2700 3739 οὐκ
2731 3688 3030 3754 ἀγανακτεῖ
3067 3685 3428 3756 τυπτόμενος,
3473 3687 3711 3754 μάλιστα
3753 3687 3853 3739 καὶ
3887 3703 4014 3738 συνο

2418 3777 2578 3842 ειδὼς
2623 3777 2804 3849 ἐαυτῷ
2851 3777 3159 3849 ἁμαρτίας·
3211 3778 3332 3831 οὐδὲ
3369 3779 3610 3831 αἰτιᾶται
3639 3777 3751 3838 τὸν,
3785 3777 3858 3830 δι’
3902 3773 4015 3831 οῦδ

2419 3868 2754 3940 πειρασμός⁸
2782 3867 2885 3921 κάν
2907 3867 3016 3939 γὰρ
3045 3867 3115 3920 δι’
3142 3866 3329 3931 αὐτοῦ,
3363 3867 3466 3922 κᾶν
3484 3868 3552 3920 δι’
3579 3867 3763 3929 ἀλλον,
3793 3868 4016 3931 πάντως

2420 3963 2568 4014 πιεῖν
2609 3955 2723 4030 εἶχε
2754 3959 2862 4011 τῶν
2890 3957 3050 4011 θείων
3073 3958 3359 4029 κριμάτων
3376 3959 3438 4011 τὸ
3454 3959 3742 4029 ποτήριον·
3784 3959 3907 4012 ἀλλ’
3938 3960 4015 4022 είς

2417 4051 2510 4105 τὸν
2536 4049 2668 4104 Θεὸν
2693 4047 3011 4112 ἀποϐλέπει,
3039 4050 3133 4101 καὶ
3160 4048 3473 4120 εὐχαριστεῖ
3499 4047 3576 4118 τῷ
3607 4050 4014 4118 συγχωρήσαν-

2417 4159 2491 4205 τι,
2530 4140 2623 4194 καὶ
2677 4139 2870 4194 ἑαυτὸν
2929 4141 3192 4203 αἰτιᾶται,
3226 4142 3322 4193 καὶ
3369 4140 3582 4209 δέχεται
3617 4142 3716 4210 τὴν
3755 4141 4016 4193 παιδείαν

2421 4229 2738 4301 προθύμως,
2771 4228 2960 4301 ὥσπερ
2985 4231 3012 4281 6
3040 4230 3206 4283 Δαϐὶδ
3236 4230 3328 4282 ἐπὶ
3349 4230 3443 4283 τοῦ
3473 4229 3660 4300 Σεμεῒ,
3697 4236 3794 4283 καὶ
3823 4230 4014 4300 ὥσπερ

2418 4322 2448 4375 6
2485 4321 2603 4374 Ἰὼϐ
2633 4320 2727 4374 ἐπὶ
2754 4323 2849 4391 τῆς
2872 4320 3153 4388 γυναικός·
3191 4322 3219 4374 ὁ
3248 4321 3305 4374 δὲ
3334 4323 3546 4392 ἄφρων,
3575 4323 3717 4374 αέτεῖ
3748 4321 3852 4390 μὲν
3881 4320 4013 4373 πολ-

2419 4412 2578 4476 λάκις
2602 4411 2694 4465 τδν
2731 4411 2864 4465 Θεὸν
2896 4411 3186 4482 ἐλεηθῆναι
3209 4428 3223 4442 ⁸
3250 4413 3546 4484 ἐρχόμενον
3577 4413 3712 4466 δὲτὸ
3739 4413 3918 4475 ἔλεος,
3952 4414 4012 4465 οὖ

735 4501 878 4556 sicut
905 4501 1009 4556 Job
1040 4502 1156 4571 ipse
1187 4518 1246 4557 se
1283 4503 1339 4556 in
1384 4519 1574 4569 uxore,
1607 4505 1776 4574 gessit
1801 4503 1864 4556 “.
1911 4505 2180 4574 lnsipiens
2223 4521 2321 4560 au-

2422 4503 2808 4574 παραδέχεται,
2851 4502 3037 4572 ἐπειδὴ
3071 4502 3169 4572 οὐχ
3201 4502 3277 4564 ὡς
3310 4505 3516 4566 ἐκεῖνος
3551 4501 3766 4573 ἢθελεν,
3803 4499 3973 4572 ἦλθεν
3997 4516 4011 4531 ⁸

734 4601 867 4658 tem,
891 4594 1027 4663 petit
1057 4594 1173 4662 ipse
1201 4594 1422 4663 quidem
1453 4595 1598 4650 haud
1637 4610 1763 4649 raro
1797 4604 1856 4649 ut
1884 4595 2029 4649 Deus
2056 4596 2317 4652 miserea-

734 4690 861 4752 tur',
891 4684 1326 4740 misericordiam
1371 4695 1552 4742 tamen
1585 4687 1901 4742 venientem
1947 4702 2057 4741 non
2102 4688 2314 4760 recipit,

2426 4595 2542 4649 ἀλλ’
2566 4595 2642 4660 ὡς
2669 4595 2850 4665 ἰατρὸς
2882 4593 2988 4648 τῶν
3015 4594 3204 4665 ψυχῶν
3234 4597 3538 4666 συμφέρειν
3582 4597 3853 4666 ἡγήσατο.
3904 4598 4014 4649 Καὶ

2426 4687 2514 4742 διὰ
2543 4686 2701 4740 τοῦτο
2737 4684 2992 4759 ὀλιγωρεῖ
3047 4687 3140 4740 καὶ
3178 4687 3520 4759 θορυϐεῖται·
3571 4689 3666 4742 καὶ
3714 4688 3846 4740 ποτὲ
3891 4688 4009 4758 μὲν,

733 4865 781 4898 ⁸⁵
808 4866 988 4922 Eccle.
1028 4883 1066 4931 ι,
1097 4867 1188 4933 29,
1219 4865 1307 4921 50.
1382 4866 1428 4899 "
1463 4867 1508 4922 ll
1544 4868 1678 4939 Reg.
1710 4883 1820 4933 xw,
1856 4869 1942 4924 l0.
2018 4868 2064 4901 “
2097 4866 2220 4924 Job.
2254 4883 2312 4933 11,
2341 4866 2428 4922 l0.

809 5023 883 5094 (lt)
931 5024 1262 5088 Ἀνθέξεται
1307 5026 1716 5094 μακρόθυμος.
1748 5026 1905 5081 Hunc
1938 5027 2120 5081 locum
2152 5025 2314 5082 nobis

738 5097 1012 5162 integrum
1045 5097 1288 5149 servavit
1313 5096 1377 5148 V.
1407 5095 1490 5150 Cl.
1525 5097 1697 5164 Raph.
1731 5097 1977 5151 Dufrenii
2011 5097 2136 5151 cod.
2167 5112 2316 5152 nunc

737 5167 961 5237 Regius,
985 5166 1284 5235 habuitque
1305 5166 1480 5220 Nobil.
1507 5167 1566 5220 In
1595 5168 1855 5221 Mazarin.
1882 5167 2008 5222 cod.
2032 5168 2318 5237 sequentia

735 5235 988 5307 breviala
1019 5245 1197 5298 erant,
1236 5253 1338 5292 nec
1376 5239 1508 5291 satis
1537 5253 1604 5292 ex
1634 5237 1774 5292 sacri
1815 5235 2319 5307 scriptoris—sensu,

740 5307 838 5360 καὶ
869 5305 1000 5378 νῦστς
1012 5323 1102 5376 ρον
1136 5307 1400 5378 autem
1423 5309 1548 5369 τοὺς
1576 5309 1765 5375 λόγους
1799 5309 1914 5378 μετ’
1930 5305 2318 5378 ἐυφροσύνης·

735 5377 800 5428 τὸ
853 5375 1158 5441 ἀνθέξεται,
1197 5377 1342 5430 idem
1377 5393 1443 5432 ac
1467 5419 1480 5438 ,
1535 5375 1809 5442 ἀνέξεταί
1850 5377 1988 5432 dicit
2036 5377 2216 5432 Nobil.
2244 5375 2322 5432 in

737 5445 1066 5518 Scliol.,_sed
1092 5446 1250 5518 longe
1277 5447 1420 5501 istud
1448 5449 1539 5502 hic
1567 5449 1751 5518 aptius
1764 5464 1828 5502 ac
1849 5449 2168 5517 expressius
2198 5465 2210 5499 :
2237 5457 2322 5504 est

737 5516 888 5588 enim
919 5516 999 5570 sic
1023 5516 1310 5588 cohibere,
1353 5516 1613 5588 iramque
1635 5528 1823 5575 tenere
1844 5533 1909 5572 ac
1922 5516 2235 5588 infringere
2265 5527 2323 5573 et

739 5586 1242 5658 sustinere._Vulg.
1311 5586 1560 5651 ἀνάδοσις
1599 5589 1938 5657 εὐφροσύνης
1987 5586 2138 5658 legit,
2173 5588 2320 5658 quod

741 5655 1007 5726 reddidit,
1042 5655 1112 5710 Et
1143 5655 1322 5726 pestea
1360 5659 1580 5713 redditio
1607 5655 1954 5726 jucunditatis
1982 5673 1998 5711 :
2024 5655 2127 5713 nec
2157 5655 2321 5712 aliter

742 5724 837 5780 bie
860 5726 1041 5780 Nobil.
1073 5724 1374 5798 κακοζηλία
1417 5739 1572 5798 puto,
1601 5724 1795 5783 Latina
1819 5743 1917 5782 sua
1939 5728 2146 5784 Gracis
2172 5743 2321 5783 com-

749 5811 987 5866 ponere;
1026 5796 1173 5864 q‘uod
1223 5796 1359 5852 mibi
1390 5796 1491 5854 nec
1530 5799 1880 5855 commodum
1925 5800 2081 5862 satis,
2127 5814 2228 5854 nec
2253 5814 2320 5852 cx

2421 5025 2529 5082 ﬁde
2570 5025 2897 5096 interpretis
2926 5033 3030 5081 est.
3071 5023 3230 5096 Unde
3256 5025 3483 5081 Sixtinm
3537 5026 3832 5096 interpres.
3897 5031 4006 5086 etsi

2421 5113 2524 5153 nec
2562 5097 2677 5165 ipse
2706 5095 2839 5151 satis
2867 5096 3157 5168 expedite,
3201 5095 3270 5149 Et
3315 5105 3491 5168 postea
3548 5095 3799 5150 reddetur
3838 5101 3889 5152 ei
3911 5102 4008 5168 ju-

2423 5169 2685 5221 cunditas.
2716 5169 2830 5221 Vox
2862 5166 3147 5226 ἀναδώσει,
3181 5168 3260 5220 sic
3298 5167 3547 5222 absolute
3575 5168 3777 5230 posita,
3806 5166 4008 5224 neutra

2421 5249 2527 5300 est,
2554 5253 2657 5292 nec
2689 5237 2852 5292 aliter
2873 5237 3216 5306 exponenda,
3245 5252 3410 5304 quam
3442 5237 3588 5305 quod
3615 5237 3896 5293 Herodoto
3920 5239 4006 5294 di-

2423 5316 2627 5362 cuntur
2660 5307 2836 5375 πηγαὶ
2874 5306 3180 5361 ἀναδοῦναι.
3214 5323 3510 5376 erumpere,
3544 5315 3778 5371 exstare,
3827 5319 4008 5362 scatu-

2422 5380 2564 5448 rire;
2593 5387 2657 5432 ut
2683 5378 2830 5448 quod
2854 5376 2957 5431 lsa.
2987 5392 3133 5438 Lvm,
3157 5375 3190 5430 8
3215 5395 3228 5428 :
3252 5375 3394 5448 Tunc
3420 5387 3654 5447 erumpet
3679 5380 4007 5432 matutinum

2423 5447 2601 5501 lumen
2649 5445 2830 5511 tuum;
2868 5461 3181 5516 quanquam
3247 5445 3323 5500 ibi
3374 5456 3478 5510 est,
3536 5445 3858 5516 ῥαγήσεται.
3897 5448 4002 5503 Sed

2420 5519 2729 5587 elegantius
2758 5518 2919 5572 Jesus
2935 5516 3148 5577 Sirach,
3176 5516 3269 5585 qui
3302 5517 3419 5585 ipse
3462 5517 3685 5587 scripsit
3709 5516 3925 5581 Graece,
3950 5527 4005 5571 et

2421 5589 2476 5643 in
2508 5605 2618 5656 quo
2658 5588 2867 5642 lumina
2897 5587 3070 5642 Graeci
3109 5588 3404 5649 sermonis,
3438 5587 3544 5641 alia
3567 5589 3728 5656 longe
3745 5604 3916 5657 quam
3950 5588 4002 5642 in

2420 5658 2564 5713 LXX
2597 5657 2923 5713 Senioribus
2959 5674 2972 5710 :
3007 5657 3066 5710 in
3096 5657 3300 5726 quibus
3327 5657 3495 5710 etiam
3522 5658 3800 5715 laboravit
3829 5661 4003 5716 inter-

2421 5745 2569 5800 pres,
2595 5737 2657 5785 ut
2684 5743 2795 5785 non
2820 5737 3075 5784 accurate
3098 5727 3286 5783 omnia
3320 5727 3600 5782 redderet.
