4218 6432
192 388 309 453 9Ξ9

1468 393 1700 455 LIBER
1738 396 2172 458 ASCETICUS.

3338 412 3445 475 930

187 501 312 562 τοῖς
372 495 675 567 ἀνθρώποις
721 497 1058 569 θυμομαχεῖ·
1116 490 1366 561 ποτὲδὲ,
1419 500 1499 563 είς
1529 500 1621 552 τὸν
1650 501 1774 556 Θεὸν

1885 518 1951 558 eo
1978 504 2123 573 quod
2150 519 2256 559 non
2292 521 2361 560 eo
2392 508 2552 563 modo
2581 524 2641 565 ac
2675 510 2764 565 ille
2800 510 2991 577 voluit,
3016 515 3197 581 venit;
3234 520 3331 573 sed
3354 539 3466 592 quo

189 586 534 658 βλασφημεῖ·
577 589 669 641 καὶ
718 588 817 656 μέν
853 605 933 640 τοι
980 588 1074 640 καὶ
1101 587 1201 656 τὴν
1248 588 1642 659 ἀγνωμοσύνην
1674 589 1783 642 δει-

188 680 371 742 κνύει,
395 680 488 732 καὶ
517 679 665 749 παρὰ
708 678 901 749 ῥάϐδον
928 679 999 747 (c)
1025 679 1085 731 οὐ
1116 678 1406 748 λαμϐάνει.

1890 594 2195 648 animorum
2245 596 2493 651 medicus
2535 598 2592 651 in
2643 616 2759 654 rem
2811 603 3059 658 conferre
3113 605 3463 668 existimavit.

1885 683 2252 749 Quamobrem
2316 688 2481 741 etiam
2542 690 2797 759 negligit,
2855 707 2919 747 ac
2983 710 3095 763 prae
3156 698 3467 758 turbatione

185 776 419 835 aestuat;
464 784 527 822 ac
578 769 740 822 modo
785 769 1007 838 quidem
1058 769 1115 823 in
1159 770 1411 843 homines
1490 770 1570 825 ira
1644 772 2022 837 excandescit,
2102 776 2265 829 modo
2310 786 2492 832 autem
2541 781 2597 833 in
2646 778 2825 834 Deum‘
2862 782 3029 837 verba
3113 786 3466 857 blasphemiae

180 859 343 928 jacit,
376 870 537 930 atque
569 862 707 916 adeo
753 862 991 931 improbi
1033 864 1197 917 animi
1233 864 1407 918 labem
1440 865 1642 934 prodit,
1674 882 1776 921 nec
1812 877 2008 938 przeter
2032 868 2245 938 virgam
2271 872 2417 926 aliud
2448 875 2664 944 recipit.

264 962 375 1022 κγ’.
408 958 514 1010 Καί
556 960 585 1010 6
628 956 883 1026 Ἀδελφδς
923 953 1079 1009 εἷπε·
1117 959 1313 1024 Καλῶς
1360 955 1540 1023 εἴπας,
1574 962 1773 1032 Πάτερ·

186 1047 332 1101 ἀλλά
369 1049 674 1118 παρακαλῶ
703 1052 878 1103 εἰπεῖν
911 1068 1001 1121 μοι
1029 1051 1319 1117 καὶτοῦτο,
1358 1052 1473 1116 πῶς
1508 1055 1541 1123 ή
1572 1055 1775 1124 ἐγκρά-

184 1156 314 1191 τεια
344 1140 595 1209 μαραίνει
616 1139 713 1210 τὴν
743 1141 1058 1209 ἐπιθυμίαν.
1086 1142 1194 1195 Καὶ
1220 1142 1491 1213 ἀπεκρίθη
1518 1146 1546 1196 6
1574 1145 1775 1213 γέρων·

200 1232 429 1302 Ἐπειδὴ
460 1233 760 1301 ἀπέχεσθαι
790 1237 937 1286 ποιεῖ
965 1232 1202 1299 πάντων,
1224 1234 1333 1287 τῶν
1366 1236 1441 1306 μὴ
1474 1236 1662 1305 χρείαν
1688 1239 1779 1288 ἐκ-

187 1326 572 1395 πληρούντων,
605 1326 720 1379 ἀλλ’
755 1326 947 1396 ἡδονὴν
994 1328 1365 1396 ἐμποιούντων
1386 1346 1401 1360 ·
1434 1330 1530 1381 καὶ
1564 1329 1778 1392 οὐδενὸς

192 1418 448 1486 μετέχειν
487 1420 651 1480 ποιεῖ,
702 1417 840 1485 πλὴν
876 1421 1008 1486 πρὸς
1037 1418 1096 1469 τὸ
1126 1417 1225 1487 ζῇν
1275 1418 1591 1485 ἀναγκαίων
1618 1434 1630 1446 ·
1656 1416 1774 1480 οὐδὲ

187 1509 261 1560 τὰ
300 1510 431 1577 ἡδέα
463 1508 698 1573 διώκειν,
739 1508 874 1561 ἀλλά
898 1511 964 1561 τὰ
996 1509 1247 1579 ὠφέλιμα
1272 1526 1285 1538 ·
1322 1512 1413 1562 καὶ
1438 1510 1774 1578 ωμμετρεῖν

186 1600 245 1651 δὲ
281 1603 348 1670 τῇ
382 1600 540 1669 χρεία
570 1600 636 1653 τὰ
663 1598 921 1669 βρώματα
947 1602 1038 1652 καί
1068 1600 1136 1652 τὰ
1166 1600 1410 1667 πόματα·
1437 1599 1531 1651 καὶ
1556 1600 1656 1651 οὐκ
1680 1600 1774 1668 ὲᾷν

1954 963 2041 1016 ‘25.
2085 961 2154 1018 Et
2201 964 2340 1019 dixit
2387 965 2601 1021 frater:
2637 968 2811 1035 Bene,
2863 971 3043 1036 Pater,
3095 971 3313 1040 dixisti;
3365 977 3460 1031 sed

1884 1054 2080 1107 amabo
2122 1065 2193 1119 te,
2221 1055 2326 1109 hoc
2359 1072 2577 1125 quoque
2612 1059 2805 1124 addas,
2839 1077 3074 1130 quonam
3106 1064 3269 1117 modo
3297 1067 3459 1120 absti-

1883 1146 2069 1199 nentia
2095 1148 2592 1217 concupiscentiam
2624 1162 2862 1207 maceret
2885 1162 3049 1222 atque
3074 1154 3311 1209 edomet.
3352 1157 3453 1210 Re-

1883 1238 2108 1306 spondit
2150 1255 2361 1294 senex:
2394 1241 2527 1306 Quia
2574 1242 2640 1295 iis
2688 1244 2943 1298 omnibus
2991 1247 3265 1301 abstinere
3306 1247 3458 1311 facit,

1882 1343 2006 1396 quae
2027 1343 2137 1382 non
2161 1339 2289 1383 sunt
2307 1331 2604 1385 necessarii
2627 1347 2779 1396 usus,
2808 1333 2902 1387 sed
2930 1335 3154 1389 delicias
3174 1337 3456 1406 prabent:

1881 1433 1984 1472 nec
2030 1419 2235 1487 aliquid
2283 1421 2413 1473 sinit
2455 1436 2692 1487 sumere,
2729 1438 2891 1492 quam
2935 1425 3078 1492 quod
3118 1442 3339 1481 necesse
3377 1435 3462 1483 est

1881 1509 1945 1562 ad
1983 1510 2147 1563 vitam
2179 1512 2589 1564 sustentandam
2625 1530 2639 1566 :
2667 1530 2769 1567 nec
2800 1515 3068 1583 permittit
3093 1532 3155 1569 ea
3183 1520 3458 1587 persequi,

1881 1614 2002 1667 quae
2052 1600 2230 1654 dulcia
2284 1611 2431 1665 sunt,
2463 1602 2555 1655 sed
2609 1618 2729 1671 qua:
2783 1604 2956 1667 utilia,
2988 1614 3043 1657 ct
3084 1615 3146 1659 ut
3183 1608 3368 1663 cibum
3406 1620 3463 1664 et

187 1691 270 1762 τῷ
298 1690 422 1761 [ἔνι’.
456 1693 528 1762 μὴ
578 1693 671 1761 ὲᾷν
703 1693 759 1745 ὲν
794 1690 894 1761 τῷ]
931 1689 1143 1760 σώματι
1175 1690 1434 1761 περιττὴν
1461 1690 1734 1759 ὑγρότητα
1760 1704 1772 1717 ·

1879 1697 2069 1757 potum
2119 1693 2184 1744 ad
2226 1692 2386 1761 justce
2432 1694 2773 1747 necessitatis
2812 1696 3004 1750 modos
3046 1711 3458 1767 componamus,

189 1784 293 1835 καὶ
348 1784 513 1853 μόνην
564 1786 847 1853 συντηρεῖν
880 1786 980 1851 τὴν
1036 1782 1180 1853 ζωὴν
1229 1781 1323 1834 τοῦ
1381 1781 1652 1851 σώματος,
1684 1781 1778 1833 καὶ

188 1873 549 1943 ἁνενόχλητον
604 1874 735 1926 αὐτὸ
783 1874 1070 1941 φυλάττειν
1130 1875 1211 1936 είς
1259 1872 1436 1942 ὁρμὴν
1469 1871 1774 1933 συνουσίας.

188 1962 381 2033 Οῦτως
422 1960 513 2017 οὖν
542 1966 575 2033 ἡ
609 1965 909 2034 ἐγκράτεια
940 1963 1038 2033 τὴν
1073 1963 1365 2033 ἐπιθυμίαν
1401 1963 1683 2033 μαραίνει·
1739 1965 1771 2032 ἡ

186 2056 248 2108 δὲ
278 2056 461 2127 ἡδονὴ,
492 2059 585 2111 καὶ
609 2056 895 2127 πλησμονὴ
916 2056 1023 2109 τῶν
1051 2055 1354 2127 βρωμάτων
1376 2057 1470 2109 καὶ
1491 2055 1773 2125 πομάτων,

185 2146 545 2219 ὲκθερμαίνει
572 2148 670 2220 τὴν
702 2149 968 2218 γαστέρα,
1001 2149 1095 2201 καὶ
1126 2148 1420 2217 ἀναφλέγει
1449 2149 1548 2219 τὴν
1592 2147 1775 2219 ὄρεξιν

186 2242 329 2312 πρὸς
357 2242 587 2313 αἰσχρὰν
636 2241 949 2312 ἐπιθυμίαν,
984 2242 1080 2295 καὶ
1127 2241 1247 2295 ὅλον
1278 2241 1509 2295 συνωθεῖ
1541 2242 1601 2295 τὸ
1635 2242 1775 2307 ζῶον

188 2335 332 2405 πρὸς
351 2335 449 2405 τὴν
470 2336 668 2404 ἄνομον
690 2334 905 2407 [ἄλογον
924 2336 1049 2406 fort.
1084 2335 1183 2404 leg.
1211 2334 1393 2388 Nobil.
1416 2336 1555 2404 quod
1585 2350 1773 2389 anten-

188 2435 301 2479 tetn
334 2426 531 2499 reddit]
571 2427 735 2497 μίξιν.
765 2428 898 2480 Τότε
944 2428 1216 2499 ὀφθαλμοὶ
1248 2428 1503 2491 ἀναιδεῖς,
1535 2428 1628 2481 καὶ
1651 2427 1771 2496 χεὶρ

188 2515 545 2584 ἁχαλίνωτος,
577 2516 795 2597 γλῶσσα
824 2516 1061 2571 λαλοῦσα
1098 2517 1372 2591 θέλγητρα
1432 2517 1621 2585 ἀκοῆς,
1680 2516 1771 2568 καὶ

186 2600 283 2668 οῦς
314 2607 485 2675 ἀκοὴν
537 2606 770 2676 ματαίαν
818 2607 1284 2676 παραδεχόμενον·
1327 2606 1471 2670 νοῦς,
1512 2607 1604 2659 τοῦ
1635 2607 1770 2660 Θεοῦ

189 2698 577 2768 καταφρονῶν·
615 2697 898 2769 καὶψυχὴ,
946 2698 1086 2751 κατά
1120 2698 1359 2752 διάνοιαν
1403 2699 1647 2768 μοιχείαν
1678 2701 1769 2769 ἐρ-

188 2788 488 2859 γαζομένη,
543 2789 636 2840 καὶ
693 2788 752 2842 τὸ
806 2789 965 2860 σῶμα
1003 2790 1138 2860 πρὸς
1188 2788 1285 2859 τὴν
1314 2786 1551 2857 ἄθεσμον
1575 2788 1770 2858 πρᾶξιν

189 2880 589 2950 ἐκκαλουμένη.

264 2973 363 3027 κδ’.
398 2974 506 3026 Καὶ
535 2975 563 3025 6
603 2972 853 3040 Ἀδελφδς
888 2971 1023 3041 ἔφη·
1064 2971 1189 3023 Ἐπ’
1229 2971 1505 3040 ἀληθείας,
1564 2973 1766 3045 Πάτερ,

1880 1795 1982 1834 nec
2008 1782 2314 1849 superfluos
2331 1783 2545 1851 corpori
2574 1783 2833 1839 humores
2854 1801 3233 1855 congeramus,
3256 1791 3456 1844 solam-

1876 1887 1983 1940 que
2038 1873 2285 1941 corporis
2336 1874 2499 1927 vitam
2555 1888 2774 1928 servare
2831 1876 3167 1944 studeamus,
3207 1888 3374 1949 atque
3427 1898 3459 1937 a

1875 1964 2130 2017 coitionis
2163 1965 2408 2034 appetitu
2456 1965 2692 2019 liberum
2726 1966 3121 2022 custodiamus.
3161 1968 3252 2024 Sic
3292 1971 3459 2041 igitur

1875 2054 2209 2109 abstinentia
2260 2056 2762 2125 concupiscentiam
2813 2067 3056 2112 macerat
3109 2067 3273 2128 atque
3328 2060 3459 2115 edo-

1875 2156 2031 2201 mat:
2067 2148 2322 2217 voluptas
2380 2162 2546 2209 vero,
2594 2147 2815 2216 cibique
2875 2164 2941 2203 ac
2988 2159 3150 2219 potus
3199 2153 3461 2207 saturitas

1874 2238 2052 2291 ventri
2096 2240 2334 2292 calorem
2366 2238 2643 2302 conciliat,
2671 2247 2728 2293 et
2766 2239 2834 2293 ad
2871 2241 3044 2311 turpis
3081 2242 3245 2312 378
3275 2241 3460 2295 libidi-

1874 2331 1961 2383 nis
1987 2331 2288 2398 appctitum
2317 2330 2588 2393 accendit,
2620 2339 2906 2399 totumque
2937 2332 3138 2395 animal
3172 2333 3240 2386 ad
3279 2334 3456 2403 illegi-

1876 2422 2022 2477 tima:
2065 2423 2275 2492 copula:
2316 2423 2471 2477 devia
2512 2424 2814 2477 contrudit.
2850 2424 3003 2479 Tune
3046 2426 3237 2481 lascivi
3284 2420 3454 2493 oculi,

1872 2512 2097 2566 eﬂ‘renis
2122 2528 2335 2577 manus,
2356 2513 2541 2581 lingua
2563 2514 2794 2582 loquens
2816 2531 2937 2584 qum
2956 2530 3119 2570 aures
3141 2517 3452 2585 mulceant;

1871 2604 2021 2657 auris
2046 2605 2289 2657 inanium
2318 2604 2510 2669 avida;
2540 2620 2694 2658 mens
2720 2605 2890 2659 Deum
2914 2622 3213 2675 spernens;
3240 2609 3457 2664 animus

1872 2709 2057 2748 secum
2105 2696 2222 2764 ipse
2266 2695 2539 2764 cogitandi
2585 2705 2708 2749 actu
2753 2696 3080 2757 adulterium
3125 2708 3455 2766 patrans,et

1872 2788 1939 2840 ad
1971 2786 2205 2840 nefanda
2236 2787 2459 2841 sceleris
2490 2787 2608 2857 ipso
2634 2804 2799 2858 opere
2826 2804 3026 2859 corpus
3054 2805 3379 2859 provocans.

1939 2986 2028 3040 24.
2073 2986 2163 3041 Ait
2191 2988 2357 3042 frater
2389 3006 2401 3040 :
2432 2990 2570 3043 Vere
2603 2990 2675 3043 ita
2709 3006 2788 3055 se,
2832 2991 3011 3057 Pater,
3048 3008 3135 3047 res
3166 2993 3351 3059 habet,
3390 3004 3453 3050 ut

187 3062 364 3125 οὕτως
406 3062 549 3131 ἔχει·
586 3060 722 3115 ἀλλὰ
778 3060 1080 3131 παρακαλῶ
1134 3061 1323 3130 μαθεῖν
1369 3064 1462 3115 καὶ
1512 3064 1769 3135 περὶτῆς

1870 3077 2039 3142 dicis;
2082 3094 2272 3132 verum
2321 3095 2452 3148 rogo
2496 3090 2555 3133 ut
2597 3091 2654 3135 et
2695 3082 2763 3136 de
2806 3083 3052 3136 oratione
3090 3082 3309 3149 doceas,
3342 3102 3449 3155 qua

188 3155 517 3225 προσευχῆς,
545 3153 659 3216 πῶς
689 3153 909 3224 χωρίζει
932 3153 1020 3205 τὸν
1044 3152 1167 3205 νοῦν
1192 3154 1408 3207 πάντων
1433 3155 1541 3208 τῶν
1566 3158 1769 3227 νοημά-

188 3264 319 3299 των.
352 3247 464 3300 Kal.
492 3245 762 3317 ἀπεκρίθη
789 3248 815 3298 6
839 3244 1015 3315 γέρων
1038 3261 1053 3275 ο
1081 3244 1161 3297 Τά
1192 3246 1463 3315 νοήματα,
1497 3248 1606 3301 τῶν
1630 3267 1767 3319 πρα-

188 3337 415 3408 γμάτων
445 3340 551 3391 εἰσὶ
594 3340 840 3405 νοήματα
863 3352 877 3364 ·
927 3336 1036 3389 τῶν
1064 3336 1118 3389 δὲ
1161 3339 1522 3407 πραγμάτων,
1569 3340 1637 3392 τὰ
1667 3342 1765 3410 μὲν

188 3430 325 3481 εἰσὶν
359 3428 610 3497 αἰσθητά·
646 3428 713 3479 τὰ
763 3426 840 3492 δὲ,
884 3428 1066 3498 νοητά.
1116 3428 1203 3480 Ἐν
1254 3430 1435 3491 αὐτοῖς
1463 3425 1555 3483 οὖν
1583 3434 1610 3484 6
1641 3433 1764 3495 νοῦς

182 3517 496 3587 διατρίϐων,
522 3516 588 3570 τὰ
620 3519 865 3587 νοήματα
891 3517 1071 3571 αὐτῶν
1106 3518 1425 3588 περιφέρει·
1460 3522 1492 3589 ἡ
1526 3522 1581 3573 δὲ
1605 3525 1763 3592 χάρις

191 3612 285 3677 τῆς
307 3608 634 3679 προσευχῆς,
695 3607 771 3676 τῷ
805 3607 924 3676 Θεῷ
952 3608 1209 3661 συνάπτει
1266 3610 1358 3662 τὸν
1412 3610 1566 3664 νοῦν·
1597 3612 1674 3682 τῷ
1707 3613 1762 3666 δὲ

183 3700 304 3769 θεῷ
341 3700 706 3763 συνάπτουσα,
743 3698 984 3769 χωρίζεὶκ
1016 3700 1235 3753 πάντων
1286 3700 1395 3754 τῶν
1452 3705 1757 3773 νοημάτων.

185 3790 321 3841 Τότε
350 3792 378 3841 6
398 3788 520 3851 νοῦς
547 3788 752 3857 γυμνὸς
790 3789 938 3858 αὐτῷ
971 3788 1067 3861 [αι.
1101 3791 1178 3861 τῷ
1207 3792 1347 3863 ΘεῷΙ
1388 3795 1757 3863 προσομιλῶν,

184 3879 424 3950 θεοειδὴς
444 3880 671 3947 γίνεται.
705 3880 952 3943 Τοιοῦτος
978 3881 1029 3934 δὲ
1053 3883 1353 3952 γινόμενος.
1384 3886 1451 3937 τὰ
1482 3886 1758 3955 πρέποντα

183 3974 313 4042 παρ’
342 3972 506 4024 αὑτοῦ
542 3974 702 4033 αἰτεῖ,
734 3972 827 4024 καὶ
851 3972 949 4040 τῆς
976 3973 1211 4042 δεήσεως
1238 3974 1399 4028 αὑτοῦ
1431 3978 1490 4028 οὐ
1519 3978 1754 4049 διαμαρ-

181 4064 330 4116 τάνει
354 4064 500 4115 ποτέ.
535 4063 633 4115 Διὰ
661 4062 817 4115 τοῦτο
840 4057 935 4115 οὖν
962 4066 990 4116 6
1021 4064 1339 4129 Ἀπόστολος
1366 4067 1758 4135 ἀδιαλείπτως

183 4153 396 4207 κελεύει
432 4152 851 4225 προσεύχεσθαι,
879 4155 964 4205 ἵνα
990 4154 1081 4207 τὸν
1111 4155 1234 4209 νοῦν
1273 4157 1349 4227 τῷ
1373 4158 1491 4228 Θεῷ
1518 4162 1755 4230 συνεχῶς

184 4247 565 4307 συνάπτοντες,
619 4244 759 4297 κατὰ
814 4246 1009 4315 μικρὸν
1067 4246 1468 4318 ἀπορρήξωμεν
1522 4253 1619 4320 τῆς
1645 4251 1753 4304 τῶν

181 4336 384 4389 ὑλικῶν
418 4336 812 4406 προσπαθείας.

1868 3169 1959 3222 illa
2016 3172 2229 3224 ratione
2284 3171 2353 3225 ab
2414 3172 2672 3227 omnibus
2723 3174 3149 3242 cogitationibus
3209 3188 3447 3232 mentem

1867 3262 2080 3315 avellat.
2147 3263 2448 3331 Respondit
2509 3280 2674 3318 senex
2728 3283 2740 3318 :
2791 3265 3161 3335 Cogitationes
3222 3285 3286 3323 ac
3358 3287 3447 3324 ra-

1866 3352 2074 3410 tiones,
2127 3367 2309 3405 rerum
2356 3354 2718 3423 cogitationes
2764 3364 2929 3424 atque
2982 3359 3226 3413 rationes
3279 3368 3443 3426 sunt;

1866 3457 2050 3494 rerum
2096 3452 2275 3496 autem
2316 3444 2435 3497 alia:
2484 3455 2611 3498 sunt
2649 3462 2770 3515 qua:
2812 3447 2914 3501 sub
2955 3463 3177 3502 sensum
3215 3450 3441 3516 cadunt,

1864 3532 1983 3585 alia:
2011 3548 2131 3600 quae
2174 3533 2357 3587 animo
2408 3534 2808 3605 intelliguntur.
2846 3539 2904 3591 ln
2944 3539 3031 3593 his
3075 3541 3240 3609 igitur
3289 3559 3447 3599 mens

1863 3638 2070 3677 moram
2120 3623 2364 3688 trahens,
2399 3639 2588 3679 eorum
2624 3627 2982 3696 cogitationes
3022 3631 3338 3685 circumfert
3380 3648 3448 3686 ac

1863 3714 2134 3780 rationes;
2165 3716 2431 3775 orationis
2461 3726 2642 3771 autem
2681 3720 2874 3787 gratia.
2906 3730 3142 3774 mentem
3174 3722 3284 3775 Deo
3314 3740 3446 3777 con-

1856 3804 2065 3874 jungit;
2098 3820 2271 3874 eaque
2303 3807 2420 3875 ipsa
2458 3807 2671 3861 ratione
2706 3816 2761 3862 et
2792 3810 2936 3877 quod
2977 3810 3087 3864 Deo
3125 3812 3440 3880 conjungat,

1862 3910 1891 3949 a
1941 3896 2156 3949 cunctis
2206 3898 2633 3966 cogitationibus
2687 3915 2751 3954 ac
2807 3902 3118 3956 rationibus
3172 3904 3440 3973 abjungit.

1860 3983 2015 4038 Tunc
2046 3985 2304 4042 nimirum
2338 4003 2491 4043 mens
2521 3991 2664 4044 nuda
2705 4006 2827 4044 cum
2858 3992 2968 4045 Deo
2996 4009 3222 4048 versans
3252 3994 3441 4063 illique

1858 4087 2201 4138 assuescens,
2238 4075 2521 4131 deiformis
2550 4079 2774 4148 (divinis
2808 4081 3018 4136 scilicet
3064 4097 3292 4137 corusca
3337 4084 3438 4137 do-

1859 4163 2042 4233 tibus)
2092 4165 2293 4219 evadit.
2344 4166 2463 4220 Jam
2516 4184 2644 4222 vero
2692 4186 2811 4238 qua!
2862 4173 2985 4225 talis
3030 4174 3284 4237 exsistat,
3319 4190 3439 4243 qum

1858 4255 2086 4310 honesta
2117 4259 2226 4311 sint
2260 4274 2323 4313 ac
2355 4260 2585 4314 deceant
2614 4261 2683 4315 ab
2718 4263 2809 4315 illo
2855 4263 3027 4332 petit,
3062 4280 3164 4318 nec
3195 4281 3436 4333 unquam

1856 4345 2154 4401 frustratur
2181 4350 2313 4417 quin
2352 4350 2603 4419 accipiat,
2641 4368 2763 4419 qua:
2790 4355 3036 4406 oratione
3070 4354 3266 4408 oravit.
3300 4355 3438 4410 llinc

181 4434 347 4505 igitur
379 4441 462 4487 est
498 4447 597 4487 cur
624 4433 917 4501 Apostolus
961 4433 1072 4486 sine
1118 4436 1505 4489 intermissione
1553 4453 1709 4495 orare
1742 4441 1969 4512 jusserit
2006 4443 2070 4509 ",
2104 4453 2165 4497 ut
2208 4460 2405 4515 nempe
2438 4446 2655 4500 assidue
2684 4448 2795 4501 Deo
2824 4457 3061 4502 mentem
3097 4450 3433 4517 copulantes,

177 4547 208 4585 a
247 4544 596 4585 terrenorum
630 4528 888 4598 paulatim
922 4528 1150 4583 libidine
1182 4529 1587 4601 abrumpamus.

250 4624 349 4679 κε’.
383 4622 493 4676 Kai.
516 4625 544 4674 6
586 4621 838 4690 Ἀδελφδς
870 4617 1011 4674 εἷπε·
1042 4624 1157 4676 Καὶ
1181 4625 1297 4688 πῶς
1323 4627 1350 4677 ὁ
1372 4627 1498 4689 νοῦς
1526 4628 1748 4683 δύναται

1920 4632 2009 4686 25.
2050 4632 2142 4686 Ait
2176 4632 2346 4686 frater
2375 4649 2387 4684 :
2416 4632 2602 4700 Ecqua
2633 4647 2766 4687 vero
2794 4632 3008 4686 ratione
3040 4632 3151 4695 ﬁat,
3186 4640 3246 4686 ut
3280 4649 3434 4688 mens

177 4717 540 4779 ἀδιαλείπτως
571 4714 1001 4786 προσεύχεσθαι·
1050 4717 1146 4769 καὶ
1184 4717 1292 4788 γὰρ
1326 4719 1617 4787 ψάλλοντες
1666 4723 1760 4776 καὶ

1870 4724 1973 4778 sine
2021 4724 2427 4777 intermissione
2473 4725 2631 4777 oret?
2665 4724 3000 4777 Psalmorum
3055 4725 3200 4777 enim
3262 4741 3433 4793 penso

175 4808 642 4877 ἀναγινώσκοντες
672 4808 764 4859 καὶ
806 4808 1262 4878 συντυγχάνοντες
1304 4812 1398 4863 καὶ
1445 4812 1758 4867 διακονοῦν-

1870 4822 1911 4869 3t
1936 4815 2193 4879 lectione,
2222 4823 2277 4868 et
2306 4830 2615 4869 sermonem
2645 4815 2925 4869 miscendo
2953 4830 3016 4867 ac
3048 4815 3429 4881 ministrando,

172 4920 289 4965 τες,
349 4902 430 4964 εἰς
466 4899 635 4953 πολλά
686 4899 847 4953 αὐτὸν
882 4898 1239 4970 περισπῶμεν
1271 4903 1520 4973 νοήματά
1567 4921 1625 4956 τε
1666 4905 1760 4957 κα)⁵

1870 4920 1914 4958 n
1964 4904 2165 4958 multos
2222 4919 2341 4958 eam
2403 4906 2674 4973 cogitatus
2731 4920 2997 4973 sensaque
3054 4906 3427 4978 distrahimus.

175 4994 535 5063 θεωρήματα.
572 4992 681 5044 Καὶ
709 4991 978 5062 ἀπεκρίθη
1006 4993 1033 5043 6
1058 4992 1236 5061 γέρων
1260 5008 1274 5021 ·
1312 4994 1476 5047 Οὐδὲν
1498 4995 1605 5047 τῶν
1636 4996 1762 5048 ἀδυ-

1870 4996 2161 5065 Respondit
2198 5010 2364 5049 senex
2396 5011 2408 5046 :
2448 4994 2595 5054 Nihil
2633 4994 2902 5066 ejusmodi
2939 4994 3125 5049 divina
3151 4993 3430 5063 Scriptura

172 5085 353 5137 νάτων
382 5087 414 5155 ὴ
447 5083 567 5136 θεία
623 5083 661 5135 Γ
668 5083 815 5153 ραφὴ
850 5083 1219 5154 προστάσσει·
1256 5086 1379 5138 ἐπεὶ
1408 5088 1503 5139 καὶ
1543 5087 1705 5151 αὐτὸς
1732 5089 1761 5141 6

1870 5087 2121 5157 praecipit,
2164 5085 2310 5155 quod
2359 5087 2606 5155 praestari
2657 5102 2766 5141 non
2810 5087 3002 5156 possit.
3048 5087 3182 5140 Nam
3217 5095 3274 5141 et
3311 5087 3429 5155 ipse

242 5241 289 5272 ⁸⁷
321 5240 345 5293 ι
380 5239 574 5295 Thess.
612 5257 667 5301 ν,
697 5242 781 5295 17.

1852 5377 2069 5451 prodat,
2089 5394 2192 5451 nec
2214 5380 2363 5433 levet
2386 5395 2560 5449 paena:
2585 5379 2962 5445 acerbitatem,
2982 5378 3078 5447 sed
3102 5382 3277 5450 magis
3301 5398 3426 5451 gra-

248 5378 319 5448 (c)
353 5378 455 5431 Καὶ
483 5378 643 5446 παρὰ
686 5376 932 5445 ῥάϐδον.
978 5376 1161 5432 Nobil.
1207 5370 1413 5448 tatp‘o;
1456 5376 1609 5447 legit,
1670 5377 1750 5432 sic

1852 5456 1961 5501 vet.
1990 5449 2144 5513 Quod
2180 5451 2303 5521 aliis
2336 5451 2640 5512 subditum,
2689 5451 3055 5521 παράκλησιν,
3084 5449 3261 5521 palam
3287 5449 3424 5519 glos-

172 5464 373 5517 nempe
400 5449 642 5502 breviata
682 5449 945 5509 dictione,
995 5455 1051 5501 et
1098 5448 1153 5500 in
1185 5464 1291 5515 qua
1328 5449 1487 5502 facile
1516 5448 1619 5501 fuit
1650 5463 1747 5500 ex-

171 5519 441 5572 scribenti
468 5533 676 5572 errare.
706 5519 775 5572 Et
807 5531 1083 5589 paternam
1129 5518 1330 5585 virgam
1360 5528 1655 5571 aversatur.
1689 5518 1747 5571 ln

172 5604 288 5656 quo
344 5588 481 5641 nihil
536 5588 811 5642 acuminis
855 5596 969 5650 cst,
1018 5596 1291 5655 certaeque
1347 5589 1639 5641 antithesis
1680 5603 1743 5640 ex

171 5658 394 5711 Maximi
436 5659 596 5727 genio
634 5676 646 5711 :
688 5660 825 5711 bene
863 5667 1045 5727 autem
1080 5657 1133 5709 in
1165 5657 1421 5727 lectione,
1455 5673 1616 5726 quam
1663 5673 1748 5709 sc-

172 5744 338 5796 quor.
373 5727 650 5796 Significat
681 5729 826 5781 enim
862 5726 997 5780 nihil
1047 5740 1227 5795 Operae
1266 5726 1445 5780 facere
1468 5768 1481 5791 ,
1530 5729 1622 5794 qui
1669 5727 1747 5781 sic

174 5799 404 5853 moleste
424 5799 607 5863 habet,
633 5799 775 5868 quod
799 5799 1111 5867 castigatur,
1142 5796 1235 5864 qui
1256 5804 1311 5850 et
1336 5798 1742 5866 improbitatem

1850 5532 1997 5588 sema
2022 5530 2123 5572 est.
2158 5520 2335 5574 Nolim
2367 5520 2616 5588 pluribus
2655 5520 2883 5574 onerare
2919 5522 3194 5583 chartam;
3223 5520 3419 5588 ipsum,

1848 5586 2042 5658 lector,
2104 5590 2147 5642 si
2202 5586 2393 5658 parato
2437 5591 2620 5643 animo
2674 5600 2957 5644 auctorem
3007 5586 3420 5647 adierisfhaud

1847 5656 2043 5709 leviter
2072 5675 2139 5711 ex
2180 5656 2270 5711 illo
2319 5661 2383 5713 ad
2428 5660 2753 5714 charitatem
2801 5670 2856 5714 et
2894 5661 3372 5727 compunctionem
3404 5701 3418 5724 ,

1846 5742 1965 5849 Eme
2018 5728 2129 5782 duo
2169 5732 2329 5784 nobis
2355 5732 2591 5784 maxima
2632 5729 2685 5783 in
2734 5732 2818 5783 via
2849 5729 3145 5800 spirituali,
3182 5728 3420 5784 adiﬁca-

1886 5812 2014 5849 eris.

1886 5812 2014 5851 eris.
