4218 6432
767 358 869 426 931

1938 353 1998 417 S.
2039 354 2328 417 ΜΛΧΙΜΙ
2369 351 2884 416 CONFESSORIS

3951 357 4059 424 932

768 471 1063 543 Apostolus
1090 480 1147 527 ct
1177 468 1443 541 psallelxat
1469 475 1525 523 et
1551 466 1767 539 legebat
1802 477 1868 549 et.
1897 467 2269 534 ministrabat,
2295 476 2348 522 et

2465 465 2788 529 ’Δπὸστολος
2816 465 2911 519 καὶ
2932 463 3161 535 ἔψαλλεν
3184 462 3279 519 καὶ
3297 464 3635 532 ἀνεγίνωσκε
3671 465 3767 518 καὶ
3788 464 4055 537 διηκόνει,

770 571 955 618 tamen
990 564 1106 617 sine
1149 561 1562 615 intermissione
1599 560 1814 617 orabat.
1851 559 2009 615 Tunc
2046 560 2195 614 enim
2234 558 2362 630 quis

768 653 891 709 sine
933 651 1338 707 intermissione
1379 659 1520 716 orat,
1561 665 1688 704 cum
1733 650 1902 704 multa
1942 649 2257 705 reverentia
2296 664 2362 705 ac

768 760 979 809 amore,
1012 744 1125 798 Deo
1156 750 1340 799 mente
1375 742 1641 807 adlaeret,
1673 749 1837 811 atque
1868 738 1938 796 ab
1980 740 2103 812 ejus
2140 755 2361 811 semper

767 852 865 906 spe
898 836 1130 908 pendet;
1175 844 1233 890 et
1263 834 1318 890 in
1356 833 1637 897 omnibus,
1681 831 1955 903 quidquid
1989 840 2164 903 gerat,
2192 831 2359 902 quid-

767 928 900 999 quid
930 927 1160 994 aeeidat,
1192 928 1247 985 in
1274 927 1369 981 illo
1395 924 1653 981 ﬁduciam
1679 923 1865 980 habet.
1895 925 1955 978 In
1975 939 2103 979 eum
2133 923 2358 978 modum

764 1018 998 1074 sﬁ'eetus
1046 1018 1363 1087 Apostolus,
1409 1015 1592 1072 aiebat
1632 1033 1645 1071 :
1683 1014 1810 1082 Quis
1864 1031 1956 1070 nos
2006 1014 2276 1085 separabit
2325 1032 2358 1069 a

764 1113 1025 1168 charitate
1060 1110 1296 1165 Christi?
1338 1108 1618 1163 tribulatio
1639 1148 1652 1171 ,
1697 1125 1768 1161 an
1814 1106 2117 1177 angustiis?
2148 1114 2204 1160 et
2236 1121 2358 1177 qua:

770 1214 1085 1274 sequuntur
1114 1201 1183 1256 ⁸⁸.
1239 1201 1309 1257 Et
1353 1212 1479 1271 post
1533 1216 1703 1271 pauea
1742 1217 1756 1255 :
1790 1199 1976 1255 Certus
2025 1217 2144 1255 sum
2192 1201 2355 1266 enim,

766 1298 893 1368 quia
952 1311 1119 1366 neque
1182 1311 1359 1359 mors,
1411 1310 1575 1363 neque
1630 1294 1775 1356 vita,
1842 1309 2010 1363 neque
2078 1292 2255 1363 angeli
2288 1292 2353 1348 ⁸⁸.

765 1386 834 1441 Ει
885 1386 1084 1441 iterum
1135 1404 1148 1438 :
1198 1384 1262 1440 In
1322 1385 1564 1438 omnibus
1622 1384 2023 1438 tribulationem
2082 1385 2353 1453 patimur,

761 1476 857 1530 sed
906 1493 1011 1530 non
1060 1477 1465 1547 angustiumur;
1528 1476 1866 1545 aporiamur,
1908 1473 1998 1528 sed
2034 1489 2140 1527 non
2189 1472 2353 1527 desti-

765 1570 1000 1635 tuimur;
1071 1568 1487 1639 persecutionem
1555 1567 1813 1636 patimur,
1874 1565 1966 1619 sed
2026 1581 2132 1618 non
2196 1564 2351 1618 dere-

765 1661 1091 1733 linquimur;
1157 1660 1475 1729 dejicimur,
1527 1659 1621 1712 sed
1677 1674 1780 1711 non
1832 1658 2086 1729 perimus.
2132 1655 2353 1727 Semper

762 1753 1224 1822 mortiﬁcationem
1262 1750 1428 1823 3'79
1467 1750 1680 1805 Domini
1716 1750 1839 1805 Iesu
1883 1751 1938 1804 in
1983 1764 2204 1819 corpore
2242 1751 2350 1803 cir-

2462 557 2559 611 xal
2579 556 2937 618 ἀδιαλείπτως
2983 554 3329 627 προσηύχετο
3393 554 3764 620 ’Δδιάλειπτος
3790 557 3900 628 γάρ
3938 559 4056 611 ἐστι

2462 646 2763 720 προσευχὴ,
2802 648 2865 702 τὺ
2894 648 2982 702 τὸν
3012 647 3136 701 νοῦν
3169 647 3316 718 ἔχειν
3341 649 3400 703 ὲν
3433 647 3692 723 εὐλαϐείᾳ
3726 649 3897 722 πολλῇ
3959 651 4056 704 καὶ

2460 736 2612 808 πὸῡῳ
2640 737 3037 809 προσκείμενον
3058 734 3137 808 τῷ
3176 736 3240 790 Θυ
3259 736 3316 805 Ii,
3349 738 3444 790 καὶ
3490 738 3589 808 τῆς
3638 739 3853 803 ἐλπίδος
3880 739 4051 794 αὑτοῦ

2460 829 2549 885 ἀεὶ
2601 828 3023 901 ἀποκρέμασθαι
3046 844 3059 859 ⁸
3099 829 3195 883 καὶ
3224 829 3303 892 εἰς
3335 829 3496 883 αὑτὸν
3541 829 3766 902 οαρρἒν
3793 832 3854 883 ὲν
3884 833 4047 897 πᾶσι,

2458 924 2572 987 τοῖς
2608 939 2668 976 τε
2706 922 2890 994 ἔργοις
2921 922 3013 976 καὶ
3042 922 3153 984 τοῖς
3192 920 3601 992 συμϐαίνουσιν.
3627 921 3814 983 Οὕτως
3838 922 4051 977 διακείο

2463 1031 2625 1086 μενος
2654 1014 2682 1066 ὁ
2734 1013 3074 1076 Eludet-010;,
3114 1011 3268 1079 ἔλεγε
3292 1028 3306 1043 ·
3349 1014 3447 1079 Τίς
3468 1012 3628 1082 ἡμᾶς
3656 1011 3903 1081 χωρίσει
3928 1011 4051 1067 ἀπὸ

2458 1105 2561 1174 τῆς
2589 1104 2827 1176 ἀγάπης
2857 1105 2964 1159 τοῦ
2983 1105 3244 1174 Χριστοῦ
3267 1121 3279 1133 ·
3305 1106 3549 1174 auem,-
3580 1103 3618 1174 ἣ
3640 1105 4050 1174 στενοχωρία

2458 1198 2553 1252 καὶ
2590 1199 2660 1254 τὰ
2698 1199 2846 1271 ἑξῆς.
2886 1199 2997 1254 Kal
3028 1201 3145 1269 μετ’
3181 1199 3372 1269 ὀλίγα·
3409 1197 3744 1267 Πέπεισμαι
3791 1197 3927 1268 γὰρ,
3957 1195 4050 1253 ὅτι

2455 1292 2594 1346 οὔτε
2616 1289 2897 1356 θάνατος.
2932 1292 3071 1346 οὔτε
3099 1290 3232 1360 ζωὴ.
3254 1292 3396 1346 οὔτε
3423 1291 3692 1361 ἄγγελοι.
3721 1290 3836 1344 Καὶ
3858 1290 4045 1345 πάλιν·

2469 1384 2566 1436 Ἐν
2623 1382 2806 1436 παντὶ
2840 1384 3202 1451 θλιϐόμενοι,
3229 1381 3327 1437 καί
3356 1384 3428 1437 οὐ
3469 1383 4046 1452 στενοχωρούμενοιο

2453 1474 2872 1545 ἀπορούμενοι,
2912 1475 3011 1527 καὶ
3053 1475 3166 1527 οὐκ
3215 1474 3684 1542 ἐξαπορούμενοι
3708 1489 3721 1503 ⁸
3766 1473 4047 1543 διωκόμε-

2453 1580 2567 1628 νοι,
2607 1564 2746 1618 ἀλλ’
2799 1566 2871 1618 οὐ
2917 1568 3536 1636 καταλιμπανόμενον
3585 1566 4041 1635 καταϐαλλόμε-

2452 1675 2566 1723 νοι,
2596 1658 2736 1713 ἀλλ’
2772 1662 2883 1714 οὐκ
2905 1660 3333 1729 ἀπολλύμενοι.
3359 1658 3623 1714 Πάντοτε
3655 1657 3773 1726 τὴν
3819 1657 4044 1728 νέκρω-

2452 1768 2557 1806 σιν
2585 1751 2693 1806 τοῦ
2712 1752 2936 1819 Κυρίου
2983 1751 3190 1820 Ἰησοῦ
3216 1752 3288 1805 ἐν
3316 1750 3398 1817 τῷ
3420 1751 3646 1822 σώματι
3685 1750 4043 1820 περιφέρον-

761 1846 1129 1915 cumfereutes,
1157 1854 1216 1898 ut
1250 1822 1299 1898 et
1332 1844 1438 1897 vita
1481 1841 1606 1897 Iesu
1646 1843 2014 1913 manifestetur
2042 1845 2099 1898 in
2132 1843 2348 1898 mortali

2452 1860 2568 1909 τες,
2597 1844 2699 1897 ἵνα
2735 1842 2835 1897 καὶ
2868 1845 2907 1912 τι
2943 1841 3053 1912 {ibi}
3094 1843 3201 1899 τοῦ
3245 1842 3452 1912 Ἰησοῦ
3484 1841 3803 1913 φανερωθῇ
3858 1843 3933 1898 ἐν
3974 1842 4046 1913 τῇ

760 1950 923 1989 carne
956 1943 1137 1988 nostra
1175 1935 1238 1988 '°.

829 2025 917 2080 26.
961 2026 1018 2080 In
1065 2025 1212 2079 hunc
1260 2024 1428 2095 igitur
1479 2022 1703 2078 modum
1751 2022 1980 2079 allectus
2020 2025 2345 2096 Apostolus,

760 2119 879 2173 sine
922 2117 1334 2173 intermissione
1369 2117 1590 2183 orabat;
1634 2117 1727 2187 qui
1771 2117 1828 2172 in
1867 2118 2128 2174 omnibus
2159 2119 2347 2189 operi-

760 2209 884 2270 bus.
925 2211 1004 2264 nti
1039 2209 1249 2264 dictum
1296 2216 1403 2274 est,
1442 2223 1506 2263 ac
1538 2208 1808 2278 quidquid
1847 2209 2156 2274 accidisset,
2185 2225 2216 2264 ι
2249 2210 2347 2265 Dei

757 2314 855 2368 spe
889 2300 1176 2370 penderet.
1215 2297 1349 2352 Eam
1385 2297 1458 2351 ob
1499 2312 1614 2352 rem
1658 2297 1832 2353 sancti
1870 2313 2063 2355 omnes
2098 2298 2350 2355 alllictio-

758 2389 924 2444 nibus
962 2399 1128 2460 atque
1170 2388 1435 2444 aerumnis
1465 2402 1683 2456 semper
1715 2388 2049 2459 gaudebant,
2085 2398 2148 2445 ut
2178 2391 2232 2445 in
2263 2390 2350 2445 di-

756 2480 900 2534 vinae
930 2481 1216 2535 clmritatis
1247 2478 1495 2532 habitum
1517 2493 1585 2533 ex
1614 2479 1721 2534 illis
1749 2480 2101 2550 proﬁcerent.
2133 2482 2347 2539 Idcirco

757 2572 943 2626 aiebat
989 2570 1284 2641 Apostolus
1317 2585 1332 2623 :
1364 2567 1733 2624 Libentissime
1774 2572 1937 2641 igitur
1979 2571 2248 2643 gloriabor
2289 2574 2346 2627 in

757 2663 1157 2731 inﬁrmitatibus
1180 2663 1331 2727 meis,
1348 2669 1404 2715 ut
1426 2661 1679 2715 inhabitet
1698 2664 1751 2717 in
1774 2680 1855 2718 me
1869 2666 2037 2718 uirtus
2061 2663 2258 2720 Christi
2274 2665 2342 2721 ".

757 2757 1065 2826 Paucisqne
1109 2752 1457 2828 interjectis:
1488 2750 1620 2810 Cum
1671 2754 1938 2824 in/irmor,
1987 2765 2113 2811 tunc
2161 2767 2345 2828 potens

756 2862 873 2900 sum
907 2847 970 2901 ⁵¹.
1015 2847 1121 2902 Sed
1166 2865 1244 2904 va:
1288 2850 1451 2906 nobis
1492 2851 1728 2914 miseris,
1758 2848 1904 2919 quod
1949 2848 2137 2903 relicta
2185 2849 2346 2906 nobis

758 2950 1073 2994 sanctorum
1100 2941 1323 2997 Patrum
1349 2944 1490 3009 vita;
1523 2944 1686 3014 idque
1710 2942 1768 2997 in
1790 2957 1955 2997 causa
1978 2949 2083 3007 est,
2109 2951 2171 2997 ut
2193 2942 2343 2998 omni

759 3030 990 3100 spiritali
1026 3047 1193 3103 opere
1226 3033 1561 3090 deﬁciamur.

826 3124 917 3177 27.
961 3124 1028 3177 Et
1054 3124 1193 3180 dixit
1227 3125 1397 3181 l‘rater
1433 3145 1446 3180 :
1478 3126 1620 3193 Quid
1646 3141 1825 3182 causze
1851 3134 1955 3189 est,
1984 3126 2165 3193 Pater,
2196 3126 2342 3196 quod
2370 3163 2412 3221 ο

758 3217 1240 3285 compuuetioncm
1280 3234 1389 3274 non
1450 3220 1713 3274 habeam?
1768 3219 2074 3289 Respondit
2123 3235 2340 3276 senex:

757 3306 915 3371 Quod
946 3307 1042 3362 Dei
1076 3309 1330 3363 timorem
1361 3309 1432 3365 ob
1470 3311 1660 3365 oculos
1695 3326 1807 3365 non
1835 3311 2156 3367 habeamus.
2186 3311 2344 3380 Quod

758 3397 1005 3451 omnium
1036 3399 1302 3453 "talorum
1344 3401 1558 3456 sentina
1598 3401 1725 3456 facti
1761 3416 1973 3469 sumus,
2010 3418 2243 3472 eamque
2272 3403 2344 3458 ob

760 3504 877 3543 rem
913 3490 1255 3545 trememlam
1288 3492 1384 3546 Dei
1418 3492 1682 3547 ultionem
1713 3493 1866 3547 velut
1897 3492 2101 3548 nudam
2140 3494 2347 3564 cogita~

761 3579 967 3634 tionem
1006 3596 1069 3635 ac
1100 3582 1332 3638 rationis
1367 3584 1684 3655 ﬁgmentum
1718 3586 2166 3654 contempsimus.
2195 3585 2340 3640 Alio-

757 3672 853 3741 qui
889 3673 1014 3742 quis
1052 3690 1164 3728 non
1208 3674 1394 3730 animo
1438 3684 1857 3747 compungatur,
1887 3676 1981 3745 qui
2009 3676 2230 3748 Moysen
2275 3692 2347 3733 ex

759 3762 856 3817 Dei
901 3778 1140 3833 persona
1172 3764 1360 3820 audiat
1398 3765 1454 3819 in
1493 3775 1812 3836 peccatores
1840 3765 2116 3822 dicentem
2153 3766 2343 3838 :Ignis

759 3871 1007 3910 accensus
1040 3865 1112 3911 est
1144 3857 1199 3910 in
1230 3857 1409 3927 furore
1441 3874 1553 3912 meo
1575 3873 1594 3912 ε
1628 3857 1831 3913 ardebit
1865 3874 2028 3929 usque
2055 3858 2125 3912 ad
2150 3857 2345 3928 inferni

758 3948 1064 4003 nouissima.
1087 3948 1368 4003 Devarabit
1392 3959 1590 4004 terram
1614 3959 1663 4004 et
1693 3950 1806 4021 ejus
1829 3951 2070 4021 germina
2098 3966 2116 4005 :
2145 3949 2342 4019 [unda—-

758 4046 936 4092 menta
991 4041 1248 4094 montium
1300 4041 1585 4096 comburat.
1641 4040 1979 4113 Congregabo
2034 4058 2195 4113 super
2255 4059 2341 4098 eos

756 4128 926 4192 mala,
975 4139 1025 4184 et
1061 4133 1289 4203 sagittas
1337 4150 1483 4187 meas
1519 4134 1785 4204 complebo
1819 4135 1873 4189 in
1908 4135 1980 4188 eis
2016 4134 2083 4188 ⁸³.
2124 4134 2193 4189 Ει
2224 4148 2344 4189 ru-

755 4236 876 4275 sum
913 4240 928 4275 :
965 4223 1170 4279 Acuam
1212 4235 1269 4279 ut
1305 4226 1484 4297 fulgur
1525 4227 1766 4298 gladium
1805 4244 2000 4290 meum,
2036 4236 2085 4281 et
2120 4229 2342 4298 arripiet

747 4312 1009 4381 judicium
1049 4331 1239 4370 manus
1276 4334 1427 4383 mea;
1458 4327 1507 4371 et
1541 4316 1759 4371 reddam
1794 4316 2047 4371 ultionem
2086 4318 2338 4384 hostibus,

754 4410 804 4455 et
843 4404 943 4470 his,
972 4406 1064 4476 qui
1109 4406 1333 4461 oderunt
1380 4423 1482 4472 me,
1532 4406 1821 4462 retribuam
1859 4405 1926 4459 “.
1971 4407 2164 4461 Isaiam
2208 4422 2341 4463 vero

2449 1930 2639 2001 θνητῇ
2666 1933 2847 2001 σαρκί
2871 1932 3062 2003 ἡμῶν.

2520 2030 2633 2089 κς’.
2669 2022 2858 2087 Οὕτως
2884 2020 2976 2078 οὖν
3006 2026 3035 2077 ὁ
3067 2024 3394 2089 ’Λπόστολος
3415 2023 3780 2094 διακείμενος,
3811 2023 4046 2079 ἀδιαλεί-

2448 2132 2602 2179 πτως
2639 2114 2743 2188 [αι.
2779 2116 3047 2189 διηνεκῶς
3078 2115 3172 2171 καὶ
3199 2115 3400 2188 ἁδιαλ.]
3429 2118 3794 2187 προσηύχετο’
3820 2119 3884 2169 ὲν
3912 2118 4044 2170 πᾶσι

2448 2207 2555 2278 γὰρ
2594 2211 2706 2271 τοῖς
2737 2210 2945 2281 ἔργοις,
2995 2209 3071 2272 ὡς
3112 2209 3348 2281 εἴρηται,
3376 2208 3468 2262 καὶ
3502 2211 3613 2272 τοῖς
3643 2208 4045 2279 συμϐαίνουσιν

2447 2298 2619 2369 αὐτῷ,
2665 2300 2765 2371 τῆς
2800 2300 3013 2365 ἐλπίδος
3061 2300 3157 2354 τοῦ
3182 2300 3317 2354 Θεοῦ
3341 2300 3720 2372 ἀπεκρέματο.
3753 2300 3858 2353 Διὰ
3888 2300 4045 2353 τοῦτο

2445 2393 2567 2456 ταῖς
2625 2391 2871 2463 θλίψεσιν
2928 2393 3017 2447 ἀεὶ
3061 2393 3283 2465 ἔχαιρον
3330 2394 3533 2459 πάντες
3566 2395 3616 2447 οἱ
3645 2394 3817 2461 ἅγιοι,
3846 2394 3938 2446 ἴνα
3966 2394 4044 2455 εἰς

2446 2482 2559 2548 ἕξιν
2586 2483 2780 2537 ἔλθωσι
2800 2485 2899 2555 τῆς
2932 2482 3082 2547 θείας
3110 2485 3353 2555 ἀγάπης.
3398 2485 3510 2538 Καὶ
3542 2483 3630 2538 διὰ
3659 2484 3822 2538 τοῦτο
3856 2484 4044 2550 ἔλεγεν

2446 2576 2475 2629 ὁ
2521 2574 2847 2638 Ἀπόστολος
2874 2574 3160 2628 ·Ἢδιστιι
3199 2569 3314 2629 οὖν
3358 2572 3747 2642 καυχήσομαι
3796 2573 3871 2626 ἐν
3917 2571 4043 2637 ταῖς

2445 2665 2789 2730 ἀσθενείαις
2806 2682 2949 2734 μου,
2974 2665 3075 2719 ἵνα
3097 2665 3492 2732 ἐπισκηνώσῃ
3519 2665 3612 2717 ἐπ’
3638 2664 3745 2734 ἐμὲ
3776 2664 3815 2732 ἡ
3861 2662 4047 2717 δύνα-

2440 2776 2545 2827 μις
2570 2758 2675 2813 τοῦ
2720 2756 3001 2827 Χριστοῦ.
3053 2757 3163 2810 Καὶ
3199 2759 3315 2827 μετ’
3342 2756 3498 2824 ὀλίγα
3518 2772 3532 2787 ·
3566 2758 3754 2810 Ὅταν
3777 2753 4042 2820 ἀσθενῶ,

2446 2850 2581 2903 τότε
2603 2849 2861 2916 δυνατός
2891 2852 3028 2918 εἰμι.
3062 2847 3203 2901 Ἀλλ’
3236 2848 3360 2901 οὐαὶ
3388 2850 3523 2919 ἡμῖν
3555 2850 3668 2911 τοῖς
3698 2846 3935 2911 ἀθλίοις,
3962 2847 4043 2901 ὅτι

2446 2940 2816 3011 κατελίπομεν
2864 2942 2965 3011 τὴν
2993 2940 3114 2995 ὁδὸν
3146 2940 3256 2993 τῶν
3296 2940 3467 3008 ἁγίων
3498 2937 3788 3011 Πατέρων,
3824 2938 3928 2994 καὶ
3960 2938 4045 2992 διὰ

2441 3032 2601 3087 τοῦτο
2629 3031 2827 3105 ἔρημοι
2856 3034 3020 3102 ἐσμεν
3053 3031 3252 3095 παντὸς
3280 3031 3444 3102 ἔργου
3491 3030 3904 3101 πνευματικοῦ.

2516 3126 2621 3193 κζ’.
2649 3127 2760 3181 Kal
2783 3127 2811 3178 ὁ
2839 3125 3070 3196 ἀδελφὸς
3114 3119 3235 3179 εἷπε
3256 3142 3271 3158 ·
3303 3124 3402 3179 Διὰ
3434 3124 3525 3189 τί,
3561 3125 3767 3195 Πάτερ,
3796 3125 3904 3178 οὐκ
3936 3125 4044 3197 εχω

2446 3218 2761 3284 κατάνυξιν;
2794 3217 2903 3270 Καὶ
2933 3215 3212 3290 ἀπεκρίθη
3240 3217 3270 3270 ὁ
3296 3217 3496 3286 γέρωνο
3534 3200 3757 3287 Ἐπειδὴ
3784 3218 3892 3270 οὐκ
3925 3216 4042 3272 ἐστι

2447 3310 2609 3379 φόϐος
2637 3308 2774 3363 Θεοῦ
2819 3309 3078 3363 ἀπέναντι
3110 3308 3218 3362 τῶν
3243 3308 3539 3379 ὀφθαλμῶν
3576 3309 3757 3379 ήμῶν.
3820 3309 4043 3380 Ἐπειῖή

2444 3401 2665 3455 πάντων
2693 3399 2803 3453 τῶν
2852 3399 3039 3455 κακῶν
3065 3399 3373 3472 γεγόναμεν
3418 3401 3788 3469 καταγώγιον,
3830 3403 3934 3455 καὶ
3957 3402 4043 3454 διὰ

2442 3491 2620 3556 τοῦτο,
2648 3490 2723 3554 ὡς
2745 3490 2903 3561 ψιλοῦ
2930 3491 3203 3562 νοήματος
3229 3493 3719 3563 κατεφρονήσαμεν
3740 3491 3847 3560 τῆς
3882 3493 4041 3561 (ξοϐε-

2446 3584 2547 3654 ρᾶς
2578 3582 2671 3637 τοῦ
2714 3582 2852 3637 Θεοῦ
2904 3583 3200 3648 κολάσεως.
3240 3584 3394 3638 Ἐπεὶ
3431 3584 3514 3648 τίς
3537 3584 3599 3638 οὐ
3626 3585 4040 3653 κατανύγεται,

2444 3674 2680 3738 ἁκούων,
2716 3672 2811 3727 τοῦ
2845 3673 2945 3744 μὲν
2972 3673 3251 3736 Μωῡτέως
3276 3673 3342 3726 ὲκ
3380 3673 3677 3744 προσώπου
3724 3674 3871 3727 Θεοῦ
3916 3676 4042 3746 περὶ

2442 3765 2554 3820 τῶν
2581 3764 2920 3837 ἁμαρτωλῶν
2955 3764 3209 3834 λέγοντος
3230 3802 3246 3827 ,
3285 3765 3371 3819 ὅτι
3397 3765 3526 3834 Πῦρ
3558 3765 3926 3821 ἐκκέκαυται
3972 3769 4041 3823 ὲκ

2443 3859 2551 3914 τοῦ
2581 3860 2773 3927 θυμοῦ
2790 3875 2911 3929 μου
2929 3874 2946 3889 ·
2970 3857 3341 3925 καυθήσεται
3358 3856 3471 3923 ἕως
3491 3856 3642 3925 ᾅδου
3662 3859 4035 3915 κατωτὰτοιν.

2444 3950 2858 4020 Καταφὰτεται
2881 3948 3020 4020 γῆν,
3055 3948 3249 4003 καὶτὰ
3286 3948 3591 4019 γενήματα
3633 3949 3868 4018 αὐτῆς·
3897 3951 4040 4021 591e-

2443 4043 2533 4107 εει
2566 4041 2810 4109 θεμέλια
2842 4039 3046 4109 ὀρέων.
3068 4039 3319 4104 Συνάξω
3347 4042 3437 4106 εις
3468 4040 3695 4107 αὐτοὺς
3722 4044 3912 4107 κακὰ,
3941 4044 4038 4098 και

2444 4136 2515 4187 τὰ
2538 4134 2698 4200 βέλη
2721 4149 2841 4201 μου
2887 4133 3238 4185 συντελέσω
3279 4132 3367 4198 εἰς
3391 4133 3649 4198 αὐτούςς
3686 4134 3802 4188 Καὶ
3841 4135 4034 4189 πάλιν·

2395 4258 2406 4275 .
2446 4222 2769 4294 Παροξυνῶ
2792 4224 2873 4289 ὡς
2900 4222 3223 4291 ἀστραπὴν
3263 4221 3380 4290 τὴν
3412 4224 3718 4294 μάχαιράν
3739 4243 3896 4295 μου,
3940 4228 4038 4281 καὶ

2441 4315 2754 4381 ἀνθέξεται
2776 4316 3059 4384 κρίματος
3081 4315 3120 4383 ἠ
3151 4332 3281 4383 χειρ
3308 4332 3428 4384 μου
3449 4333 3463 4347 ι
3504 4316 3601 4370 καὶ
3620 4317 4037 4373 ἀνταποδώσω

2442 4408 2627 4476 δίκην
2648 4407 2774 4473 τοῖς
2805 4406 3075 4476 ἐχθροῖς,
3095 4406 3195 4461 καὶ
3232 4406 3358 4474 τοῖς
3376 4407 3636 4477 μισοῦσί
3658 4424 3739 4477 με
3763 4410 4035 4465 ἀνταπο-

718 4491 1084 4563 _clamantem
1132 4496 1368 4565 accipiat
1404 4514 1418 4549 :
1461 4495 1590 4561 Quis
1641 4496 1977 4549 aununtiabit
2023 4496 2163 4549 vobis
2201 4512 2339 4566 quoa

2446 4499 2634 4554 δώσω.
2669 4498 2775 4551 Τοῦ
2797 4498 2853 4551 δὲ
2882 4496 3101 4551 Ἦσαῖου
3136 4497 3388 4566 βοῶντος,
3414 4498 3511 4565 Τίς
3542 4498 3875 4569 ἀναγγελεῖ
3896 4502 4036 4572 ὑμῖν

751 4582 889 4654 ignis
943 4585 1136 4640 ardet?
1185 4585 1315 4652 Quis
1375 4588 1711 4641 annuntiabit
1765 4585 1906 4640 vobis
1962 4585 2132 4640 locum
2190 4593 2344 4643 teter-

754 4688 882 4728 num
911 4676 985 4729 "?
1014 4675 1298 4730 Ambulate
1331 4677 1387 4730 in
1424 4677 1537 4731 luce
1572 4677 1708 4748 ignis
1742 4674 1920 4741 vestri,
1951 4684 1999 4729 et
2023 4678 2075 4729 in
2095 4679 2340 4748 ﬂamma,

752 4781 914 4836 quam
959 4767 1298 4822 succendistis
1330 4768 1398 4823 “.
1463 4769 1532 4823 Et
1585 4769 1784 4823 iterum
1828 4786 1842 4823 :
1883 4767 2255 4841 Egredientur,
2293 4781 2342 4825 et

750 4857 996 4911 uidebunt
1022 4860 1284 4914 cadavera
1323 4860 1615 4927 hominum,
1653 4862 1743 4932 qui
1776 4862 2112 4932 pra'varicati
2136 4873 2258 4917 sunt
2286 4866 2341 4918 iu

750 4965 851 5004 me.
896 4949 1095 5005 Vermis
1121 4953 1260 5006 enim
1284 4967 1465 5006 eorum
1491 4969 1594 5006 non
1627 4955 1899 5019 morietur,
1922 4964 1972 5008 et
1995 4956 2127 5025 ignis
2151 4972 2335 5011 eorum

750 5057 857 5095 non
887 5043 1289 5115 exstinguetur:
1312 5054 1361 5098 et
1389 5055 1541 5099 erunt
1568 5047 1622 5099 in
1648 5046 1900 5101 visionem
1927 5048 2071 5100 omni
2088 5049 2241 5102 carni
2264 5049 2331 5105 ⁵⁷.

748 5134 1042 5191 Jeremiam
1066 5134 1295 5208 'quoque
1323 5137 1595 5194 dicentem
1630 5156 1643 5191 :
1679 5138 1816 5193 Date
1851 5138 2077 5194 Domino
2106 5141 2213 5194 Deo
2250 5160 2335 5197 ue-

746 5237 859 5281 stro
888 5226 1137 5299 gloriam,
1172 5238 1459 5300 antequam
1494 5232 1934 5297 contenebrescat,
1962 5242 2011 5286 et
2045 5242 2333 5304 antequam

747 5318 1016 5388 oﬂ'endant
1074 5320 1227 5389 pedes
1282 5322 1441 5374 vestri
1488 5322 1557 5374 ad
1603 5330 1804 5375 montes
1834 5321 2147 5393 caliginosos
2175 5325 2241 5378 ⁸⁸.
2266 5325 2333 5379 Et

748 5424 943 5464 rursus
973 5427 986 5463 :
1015 5409 1226 5475 Audite,
1252 5411 1477 5483 populus
1513 5413 1707 5468 stultus
1746 5423 1793 5467 et
1812 5416 1925 5469 sine
1962 5415 2116 5468 corde
2147 5432 2165 5469 :
2195 5415 2333 5470 oculi

745 5503 841 5565 eis,
878 5510 927 5555 et
970 5519 1073 5556 non
1110 5503 1318 5568 vident;
1361 5520 1516 5559 aures
1555 5507 1649 5570 eis,
1682 5515 1729 5559 et
1766 5523 1870 5560 non
1897 5507 2139 5560 audiunt.
2185 5507 2335 5561 Nun-

745 5589 872 5653 quid
916 5608 998 5646 me
1035 5609 1137 5647 non
1176 5592 1443 5661 timebitis,
1480 5596 1605 5650 dicit
1650 5594 1945 5651 Dominus’
1988 5604 2081 5651 aut
2124 5614 2157 5651 a
2200 5598 2334 5664 {acie

822 5710 1050 5783 “Dom.
1083 5730 1198 5777 rm,
1230 5713 1318 5767 35.
1397 5714 1440 5747 δ’
1473 5714 1605 5769 ibid.
1638 5717 1726 5772 38.
1803 5719 1850 5750 ”
1884 5717 1927 5771 ll
1952 5716 2060 5773 Cor
2112 5733 2184 5782 Iv,
2218 5716 2303 5783 10,
2338 5717 2424 5772 ll.

2444 4591 2536 4645 ὅτι
2582 4591 2703 4659 πῦρ
2751 4590 2978 4645 καίεται
2992 4605 3012 4655 ;
3062 4589 3154 4655 τίς
3191 4589 3517 4659 ἀναγγελεῖ
3537 4590 3683 4660 ὑμῖν
3711 4591 3825 4646 τὸν
3845 4595 4036 4648 τόπον

2443 4682 2552 4737 τὸν
2568 4681 2813 4737 αἰώνιον
2830 4699 2848 4747 ;
2872 4684 3211 4751 Πορεύεσθε
3233 4680 3313 4747 τῷ
3333 4682 3480 4752 φωτὶ
3503 4682 3609 4737 τοῦ
3625 4683 3827 4753 πυρὸς
3844 4683 4031 4757 ὑμῶν,

2444 4776 2543 4829 καὶ
2580 4774 2653 4843 τῇ
2676 4775 2880 4846 φλογὶ,
2904 4769 2943 4846 ᾖ
2970 4775 3359 4840 ἐξεκαύσατε.
3386 4775 3495 4829 Καὶ
3525 4775 3686 4829 πάλιν
3710 4793 3724 4806 ο
3763 4777 4031 4843 Ἐξελεύο

2441 4881 2674 4927 σονται,
2710 4864 2809 4918 καὶ
2837 4862 3091 4933 ὄψονται
3114 4864 3187 4918 τὰ
3210 4862 3375 4917 κῶλα
3399 4861 3517 4916 τῶν
3538 4864 3897 4933 ἀνθρώπων,
3920 4867 4035 4920 τῶν

2443 4957 2940 5027 παραϐεϐηκότων
2960 4958 3028 5010 ἐν
3049 4956 3200 5026 ἐμοί.
3237 4956 3300 5010 '0
3326 4957 3437 5026 reip
3461 4954 3713 5022 σκώληξ
3733 4958 3945 5011 αὐτῶν
3966 4962 4033 5012 οὐ

2442 5047 2817 5115 τελευτήσει,
2855 5046 2951 5100 καὶ
2994 5046 3058 5101 τὸ
3096 5046 3215 5114 πῦρ
3248 5045 3450 5101 αὐτῶν
3490 5048 3563 5102 οὐ
3592 5047 4030 5115 σϐεσθήσεται·

2441 5138 2541 5192 καί
2575 5141 2822 5193 ἔσονται
2843 5140 2932 5203 εις
2961 5137 3177 5206 ὅρασιν
3202 5137 3370 5206 πάσῃ
3394 5137 3598 5207 σαρκί.
3629 5139 3737 5192 Τοῦ
3769 5140 3829 5194 δὲ
3871 5141 4033 5213 Ἰερε-

2444 5230 2566 5298 μίου
2594 5230 2846 5298 λέγοντος
2868 5247 2883 5263 ο
2913 5232 3065 5283 Δότεο
3086 5228 3167 5295 τῷ
3216 5232 3415 5298 Κυρίῳ
3462 5227 3588 5302 [Fr.
3616 5232 3820 5300 Κυρίῳ
3838 5233 4029 5305 ὐμῶνΙ

2442 5320 2564 5387 Θεῷ
2593 5320 2763 5391 ὑμῶν
2786 5321 2977 5386 δόξαν
3001 5320 3115 5390 πρὸ
3159 5320 3266 5375 τοῦ
3288 5321 3610 5387 σκοτάσαι,
3644 5324 3743 5377 καί
3778 5325 3899 5394 πρὸ
3928 5327 4029 5381 τοῦ

2439 5416 2787 5483 προσκόψαι
2836 5413 2980 5481 τοὺς
3030 5414 3410 5484 πόδας-ὐμῶν
3441 5415 3536 5468 ἐπ’
3586 5416 3694 5486 ὄρη
3719 5419 4025 5473 σκοτεινά.

2440 5508 2552 5560 Kal
2591 5507 2759 5561 πάλιν
2776 5523 2789 5537 υ
2836 5507 3162 5561 Ἀκούσατε
3186 5506 3339 5573 λαὸς
3359 5507 3561 5576 μωρὸς
3580 5507 3681 5561 καὶ
3708 5507 4027 5576 ἀκάρδιος·

2441 5599 2735 5670 ὀφθαλμοὶ
2773 5598 2999 5667 αὐτοῖς,
3032 5600 3128 5654 καὶ
3158 5601 3230 5654 οὺ
3249 5599 3598 5664 ,βλέπουσιν
3615 5616 3629 5632 °
3655 5595 3779 5656 ὦτα
3800 5601 4024 5667 αὐτοῖς,

2527 5718 2571 5750 ⁵⁸
2607 5718 2649 5772 ll
2679 5719 2804 5774 Cor.
2835 5734 2929 5783 xu,
2962 5718 3014 5773 9.
3093 5718 3138 5751 ⁵³
3171 5717 3308 5774 ibid.
3385 5716 3470 5773 10.
3575 5719 3624 5752 ⁸³
3668 5720 3832 5776 Deut.
3861 5734 4021 5785 usu,

743 5779 835 5835 22.
868 5782 952 5834 ‘23.
1031 5785 1074 5815 “
1113 5784 1247 5839 ibid.
1283 5786 1371 5840 ll.
1448 5787 1492 5818 "
1524 5786 1624 5841 lsa.
1663 5789 1942 5851 “mulli.
2022 5790 2066 5822 '“
2095 5779 2196 5842 lsa.
2227 5779 2333 5851 ι,’1

2473 5789 2517 5820 ³⁷
2550 5788 2652 5844 lsa.
2680 5805 2821 5856 LXVI,
2847 5779 2937 5844 24.
3014 5790 3060 5823 ⁸⁸
3090 5789 3293 5846 Jerem.
3329 5805 3443 5851 mu,
3470 5788 3555 5845 16.
