4218 6432
205 404 312 467 93Ϊῖ

1481 393 1715 456 LIBER
1751 393 2175 458 ASCETICUS.

3338 404 3450 471 93$

197 517 297 567 ml
328 516 439 566 οὐκ
469 511 815 564 ἀκούουσιν.
857 507 990 576 Ἐμὲ
1020 507 1092 560 οὺ
1127 501 1576 572 φοϐηθήσεσθε,
1606 505 1770 571 λέγει

1877 520 2005 557 mea
2037 521 2142 557 non
2193 503 2537 561 verebimini?
2576 510 2665 579 qui
2710 509 2860 579 posui
2903 524 3125 563 arenam
3173 518 3454 570 terminum

197 605 450 673 Κύριοςς
491 602 526 670 ἣ
559 600 679 655 ἀπὸ
709 599 814 652 τοῦ
851 595 1177 665 προσώπου
1211 611 1332 662 μου
1372 595 1483 648 οὐκ
1515 594 1774 659 εὐλαϐη-

196 695 494 759 θῄσεσθε;
522 693 631 746 τὸν
673 689 1013 754 ποιήσαντα
1059 689 1224 755 ὅριον
1271 684 1522 754 ψάμμον
1553 683 1627 752 τῇ
1672 690 1777 738 θα-

192 786 432 852 λάσσῃ,
467 784 820 851 πρόσταγμα
854 779 1117 842 αἰώνιον,
1153 778 1251 832 καὶ
1299 779 1412 844 οὐχ
1445 775 1780 843 ὑπερϐήσε-

192 897 293 932 ται
320 896 337 942 ;
373 878 484 930 Kal
508 877 668 929 πάλιν
696 893 709 906 ·
748 874 1067 927 Παιδεύσει
1097 888 1169 926 σε
1189 872 1226 938 η
1260 871 1607 925 ἀποστασία
1636 887 1775 933 σου,

193 970 296 1021 καὶ
332 969 372 1034 ἡ
404 969 581 1020 κακία
617 984 734 1019 σου
760 964 993 1033 ἐλέγξει
1045 981 1137 1017 σε.
1170 963 1280 1016 Καὶ
1309 960 1508 1031 γνῶθι.
1537 961 1634 1015 καὶ
1664 960 1776 1018 ἴδε.

193 1061 289 1113 ὅτι
319 1064 535 1126 πικρόν
559 1058 661 1112 σοί
685 1059 813 1110 ἐστι
852 1057 917 1108 τὸ
956 1053 1312 1109 καταλιπεῖν
1352 1067 1427 1107 σε
1452 1053 1588 1122 ἐμὲ,
1619 1053 1780 1120 λέγει

193 1149 435 1214 Κύριος.
475 1147 620 1214 Ἐγὼ
640 1145 942 1212 ἐφύτευσα
966 1143 1238 1212 ἄμπελον
1258 1144 1638 1210 καρποφόρον
1664 1140 1779 1192 πᾶ-

193 1257 323 1293 σαν
339 1237 655 1305 ἀληθινήν·
677 1237 804 1302 πῶς
827 1234 1137 1304 ἐστράφης
1159 1236 1247 1299 εἰς
1275 1233 1572 1300 πικρίανή
1596 1232 1781 1299 ἅμπε·

195 1334 312 1396 λος
335 1331 373 1396 ή
403 1329 689 1396 ἀλλοτρία
707 1346 724 1392 ;
743 1329 851 1380 Kal
873 1326 1052 1380 πάλιν·
1081 1328 1200 1378 Οὐκ
1226 1325 1481 1376 ἐκάθισα
1503 1323 1649 1388 μετὰ
1672 1339 1783 1375 συ-

195 1421 441 1488 νεδρίου
469 1419 792 1479 παιζόντων
815 1417 981 1489 [SixL
1031 1415 1330 1482 συνεδρίῳ
1355 1413 1555 1468 αὐτῶν
1578 1411 1777 1484 παιζῖ]’

197 1513 343 1566 ἀλλ’
384 1512 773 1579 ηὐλαϐούμην
838 1509 959 1563 ἀπὸ
1017 1507 1341 1574 προσώπου
1389 1507 1588 1574 χειρός
1640 1521 1776 1559 σου.

198 1605 556 1671 Καταμόνιις
583 1601 910 1670 ἐκαθήμην,
953 1600 1041 1652 ὅτι
1101 1599 1338 1666 πικρίας
1367 1595 1778 1662 ἐνεπλήσθην.

198 1696 300 1758 Τίς
327 1695 381 1748 δὲ
413 1697 473 1748 οὐ
499 1694 714 1762 φρίσσει
743 1693 838 1744 τοῦ
897 1690 1158 1761 Ἰεζεκιὴλ
1204 1688 1438 1752 ἁκούων,
1495 1688 1744 1755 λέγοντος
1763 1703 1778 1717 ·

1879 595 2048 659 mari;
2088 604 2404 665 praeceptum
2429 605 2704 660 arternum,
2727 609 2774 653 ct
2809 617 2912 654 non
2934 603 3362 672 supergredietur
3385 608 3451 660 ⁸⁸.

1876 681 1945 736 Et
1986 683 2184 737 iterum
2219 701 2232 736 :
2263 683 2523 755 Corripiet
2557 695 2605 739 te
2638 688 2852 756 defectio
2888 700 3000 755 tua,
3031 701 3080 744 et
3123 692 3328 748 malitia
3361 704 3453 750 tun

1877 782 2064 844 arguet
2101 785 2168 830 te.
2207 776 2274 829 Et
2314 780 2466 840 scito,
2501 787 2550 832 et
2583 779 2715 843 vide,
2751 783 2874 849 quia
2923 799 3170 838 amarum
3221 786 3314 839 tibi
3357 797 3452 853 est,

1876 867 2016 935 quod
2042 868 2315 940 reliqueris
2354 887 2454 934 me,
2485 871 2608 925 dicit
2637 872 2802 942 380
2830 873 3105 930 Dominus.
3155 877 3264 948 Ego
3297 879 3454 949 plan-

1879 960 1986 1012 tavi
2038 961 2244 1013 vineam
2291 962 2619 1031 fructiferam
2675 979 2854 1017 verum
2905 981 3152 1032 omnem;
3199 972 3456 1038 quomodo

1878 1063 2029 1103 versa
2075 1066 2126 1103 es
2169 1053 2226 1104 in
2273 1053 2705 1117 amaritudinem,
2750 1054 2869 1106 uitis
2904 1054 3083 1108 aliena
3112 1057 3192 1110 ‘°?
3223 1058 3456 1114 lterum-

1877 1157 1987 1212 que
2018 1141 2178 1195 :Non
2205 1143 2313 1196 sedi
2354 1160 2473 1196 cum
2521 1145 2739 1198 concilio
2768 1147 3096 1212 ludentium;
3120 1149 3212 1201 sed
3244 1151 3459 1203 uerebar

1879 1249 1912 1284 a
1955 1229 2092 1298 facie
2130 1248 2320 1284 manus
2365 1240 2487 1287 tuae.
2526 1232 2680 1286 Solus
2715 1236 2985 1300 sedebam,
3027 1239 3153 1306 quia
3201 1240 3460 1294 amaritu-

1879 1322 2002 1375 dine
2036 1321 2222 1392 plenus
2255 1340 2402 1377 eram
2426 1324 2489 1378 ".
2527 1325 2869 1379 Ezechielem
2890 1342 3020 1380 vero
3047 1329 3296 1395 audiens,
3332 1333 3459 1401 quis

1879 1427 1993 1466 non
2027 1412 2258 1468 horrore
2288 1415 2716 1469 contremiscat?
2745 1416 3048 1488 Eﬂ'undam,
3085 1418 3282 1488 inquit,
3316 1422 3458 1475 iram

1880 1519 2053 1557 meam
2084 1521 2242 1575 super
2266 1513 2334 1571 te,
2377 1514 2425 1559 et
2448 1505 2713 1576 complebo
2738 1509 2968 1577 furorem
3003 1525 3176 1563 meum
3203 1511 3260 1564 in
3288 1521 3338 1566 te
3366 1528 3384 1567 :
3412 1523 3460 1565 et

1871 1595 2122 1665 judicabo
2147 1606 2194 1650 te
2213 1599 2267 1650 in
2293 1600 2386 1652 viis
2417 1600 2541 1667 tuis,
2566 1611 2616 1655 et
2641 1601 2774 1655 dabo
2796 1619 2953 1671 super
2976 1610 3026 1656 te
3046 1620 3224 1657 omnes
3257 1605 3459 1660 abomi-

1881 1688 2120 1741 nationes
2144 1696 2262 1742 tuas
2288 1706 2306 1742 :
2332 1699 2380 1743 et
2407 1707 2508 1744 non
2548 1703 2725 1762 parcet
2760 1693 2941 1747 oculus
2973 1711 3140 1760 meus,
3171 1713 3337 1767 neque
3368 1700 3459 1753 mi-

210 1787 434 1858 Ἐκχεῶ
459 1789 575 1853 τὴν
602 1783 786 1854 ὀργήν
803 1801 921 1854 μου
944 1785 1041 1836 ἐπὶ
1065 1782 1160 1844 σὲ,
1183 1781 1280 1835 καὶ
1304 1779 1654 1834 συντελέσω
1676 1780 1780 1832 τὸν

1880 1778 2164 1842 serebitur;
2213 1788 2260 1832 et
2303 1789 2426 1834 tunc
2474 1799 2748 1852 cognosces
2795 1785 2919 1853 quia
2962 1801 3053 1855 ego
3103 1786 3358 1843 Dominus
3387 1791 3455 1844 δ’.

199 1841 396 1949 θυμόν
422 1841 540 1948 μου
573 1841 839 1931 sal-olei:
871 1875 970 1928 καὶ
1012 1841 1192 1941 κρινῶ
1229 1887 1304 1925 σε
1341 1873 1411 1924 ἐν
1438 1869 1568 1936 ταῖς
1617 1869 1779 1935 ὁδοῖς

1878 1867 2013 1934 Quis
2059 1885 2189 1925 vero
2237 1886 2305 1926 ex
2360 1872 2600 1928 Danielis
2640 1875 2826 1930 verbis
2873 1891 2986 1930 non
3031 1889 3454 1950 compungatur,

197 1991 340 2036 σου,
375 1973 468 2025 καὶ
491 1970 664 2024 δώσω
686 1970 781 2023 ἐπὶ
814 1969 889 2022 σὲ
916 1968 1113 2020 πάντα
1137 1965 1208 2018 τὰ
1223 1963 1613 2033 βδελύγμιιτά
1635 1976 1774 2016 σου·

197 2065 304 2120 καὶ
325 2067 397 2119 οὐ
425 2067 694 2134 φείσεται
717 2067 749 2117 d
769 2061 1076 2131 ὀφθαλμός
1092 2076 1232 2128 μου,
1251 2057 1376 2112 οὐδ’
1403 2059 1473 2111 οὐ
1489 2057 1574 2127 μὴ
1599 2055 1771 2124 ἐλεή-

197 2172 323 2210 σω·
358 2157 454 2208 καὶ
487 2158 618 2208 τότε
654 2151 960 2223 ἐπιγνώσῃ
1021 2151 1109 2202 ὅτι
1172 2148 1286 2214 ἐγὼ
1320 2149 1553 2214 Κύριος.
1597 2147 1693 2208 Τίς
1720 2146 1778 2198 δὲ

195 2247 295 2300 τοῦ
347 2247 542 2316 Δανιὴλ
593 2245 804 2298 ἁκούων
853 2244 914 2296 οὐ
962 2241 1357 2306 κατανύγεταν
1387 2237 1779 2310 διαγράφοντος

197 2337 496 2409 διαρρήδην
526 2335 624 2405 τὴν
645 2335 857 2406 ἡμέραν
889 2333 986 2403 τῆς
1025 2331 1260 2402 φοϐερᾶς
1295 2331 1560 2399 κρίσεως,
1613 2331 1672 2382 ὲν
1696 2323 1779 2391 οἷς

199 2446 388 2499 φησιν’
427 2428 576 2496 Ἐγὼ
600 2427 823 2496 Δανιὴλ
847 2423 1160 2492 ἐθεώρουν,
1195 2422 1306 2486 ἕως
1340 2417 1411 2476 οὗ
1440 2422 1641 2488 θρόνοι
1661 2420 1780 2472 ἐτέ-

200 2526 420 2589 θησαν.
457 2519 563 2574 Καὶ
596 2519 855 2584 Παλαιὸς
877 2515 1113 2586 ἡμερῶν
1147 2514 1465 2580 ἐπόθησεν.
1503 2513 1572 2566 Τὸ
1605 2512 1780 2565 ἐνδυ-

200 2630 282 2682 μα
303 2613 490 2666 αὑτοῦ
519 2612 746 2665 λευκὸν
776 2611 917 2664 ὡσεὶ
960 2608 1106 2678 χιών
1127 2625 1141 2640 ·
1175 2608 1273 2661 καὶ
1299 2608 1337 2673 ἠ
1368 2605 1500 2673 θρὶξ
1535 2603 1646 2670 τῆς
1678 2619 1777 2656 κε-

200 2705 405 2775 φαλῆς
459 2704 646 2760 αὑτοῦ
685 2705 761 2770 ὡς
798 2704 960 2771 ἔριον
1003 2701 1289 2768 καθαρόν.
1335 2698 1443 2752 Kal
1491 2699 1526 2750 ό
1565 2697 1781 2763 θρόνος

201 2798 390 2854 αὐτοῦ
424 2797 584 2867 φλὸξ
607 2797 796 2863 πυρός
823 2813 835 2825 ·
862 2797 916 2848 οἱ
943 2811 1044 2861 τρο
1049 2793 1143 2861 χοὶ
1170 2790 1356 2845 αὑτοῦ
1378 2788 1498 2857 πῦρ
1527 2786 1775 2858 ρλέγον.

200 2890 476 2960 Ποταμός
501 2889 692 2956 πυρὸς
711 2886 934 2949 εἷλκεν,
952 2885 1424 2953 ἐκπορευόμενος
1442 2881 1781 2950 ἔμπροσθεν

202 2977 412 3031 αὐτοῦ.
460 2978 657 3030 Χίλιαι
698 2975 965 3044 χιλιάδες
1017 2973 1438 3038 ἐλειτούργουν
1467 2968 1649 3033 αὐτῷ,
1678 2967 1779 3020 καὶ

197 3071 404 3138 μύριαι
424 3067 708 3137 μυριάδες·
741 3063 1252 3132 παρειστήκεισαν
1283 3061 1626 3129 ἔμπροσθεν
1667 3059 1778 3112 αὐ·-

1877 1959 2010 2014 dum
2061 1964 2407 2016 tremendum
2455 1965 2646 2034 judicii
2693 1965 2838 2020 diem
2883 1967 2957 2021 ita
3004 1968 3309 2024 describit?
3343 1971 3459 2043 Ego

1878 2051 2070 2106 Daniel
2087 2054 2343 2118 videbam,
2367 2056 2530 2108 donec
2550 2057 2723 2110 throni
2744 2059 2898 2127 positi
2927 2069 3048 2112 sunt
3072 2077 3090 2115 :
3113 2071 3163 2115 et
3196 2061 3459 2132 Antiquus

1879 2144 2083 2198 dierum
2111 2147 2265 2199 sedit.
2299 2146 2676 2202 Vestintentum
2706 2151 2819 2217 eius
2847 2152 3127 2205 candidum
3153 2155 3304 2224 quasi
3330 2155 3459 2220 nix;

1879 2243 1928 2288 et
1949 2235 2175 2304 capillus
2204 2239 2392 2307 capitis
2422 2239 2536 2309 eius
2559 2240 2711 2309 quasi
2741 2238 2868 2294 lana
2905 2241 3050 2296 alba.
3087 2241 3320 2297 Thronus
3345 2247 3459 2314 ejus

1876 2329 2097 2397 flamma
2117 2329 2277 2398 ignis,
2303 2339 2350 2383 et
2385 2339 2514 2384 rota!
2537 2331 2650 2400 ejus
2671 2333 2808 2402 ignis
2836 2334 3047 2389 ardens.
3087 2333 3298 2390 Flavius
3323 2338 3456 2406 ignis

1878 2417 2140 2482 trahebat,
2174 2420 2441 2489 egrediens
2480 2422 2533 2474 in
2571 2431 2844 2492 conspectu
2887 2425 3020 2494 ejus.
3064 2425 3255 2481 Millies
3288 2427 3460 2483 millia

1878 2509 2251 2564 ministrabant
2278 2513 2346 2577 ei,
2381 2521 2430 2566 et
2462 2514 2652 2569 millies
2687 2519 2876 2572 centies
2909 2527 3127 2575 centena
3161 2523 3329 2577 millia
3369 2541 3458 2577 as-

1877 2603 2130 2658 sistebant
2181 2619 2362 2659 coram
2405 2623 2484 2660 eo.
2527 2608 2793 2663 Iudicium
2831 2613 2983 2677 sedit,
3028 2621 3076 2666 et
3121 2613 3241 2669 libri
3287 2619 3462 2687 aperti

1877 2703 2002 2748 sunt
2035 2694 2080 2725 ⁸³
2115 2712 2129 2748 :
2167 2698 2597 2769 uniuscujusque
2646 2701 2856 2757 scilicet
2884 2711 3042 2759 actus
3082 2714 3135 2760 et
3171 2722 3357 2776 opera.
3391 2708 3461 2762 Et

1878 2787 2081 2842 iterum
2116 2805 2129 2842 :
2165 2789 2492 2858 Aspiciebam
2529 2792 2583 2844 in
2622 2793 2820 2846 visione
2856 2795 3053 2860 noctis;
3093 2805 3141 2849 et
3181 2813 3296 2851 ecce
3339 2815 3460 2854 cum

1879 2877 2098 2930 nubibus
2127 2877 2242 2930 ce'eli
2264 2879 2416 2948 quasi
2458 2878 2622 2933 Filius
2658 2881 2881 2936 hominis
2915 2883 3172 2948 veniebat,
3201 2893 3250 2938 et
3293 2902 3462 2956 usque

1880 2966 1952 3019 ad
1977 2965 2266 3036 Antiquum
2310 2968 2512 3022 dierum
2542 2974 2797 3039 pervenit,
2845 2982 2894 3026 et
2933 2974 2986 3026 in
3031 2983 3305 3045 conspectu
3346 2978 3461 3047 ejus

1879 3058 2086 3112 oblatus
2125 3067 2202 3114 est
2233 3062 2309 3125 ei;
2349 3071 2398 3114 et
2435 3061 2590 3115 datus
2617 3072 2695 3116 est
2729 3066 2829 3134 ipsi
2854 3067 3180 3136 principatus
3212 3076 3262 3121 et
3296 3069 3461 3122 honor

203 3162 331 3215 τοῦ.
357 3159 674 3229 ιιζοιτήριον
699 3157 962 3216 ἐκάθισε.
998 3155 1095 3208 καὶ
1119 3155 1324 3219 βίϐλοι
1354 3150 1774 3220 ἠνεῴχθησαν·

1880 3158 1931 3202 et
1955 3167 2195 3221 regnum.
2231 3151 2300 3205 Et
2328 3168 2506 3207 omnes
2535 3154 2734 3224 pepuli,
2781 3156 2967 3220 tribus,
2993 3156 3187 3227 lingua:
3210 3160 3311 3228 ipsi
3350 3175 3463 3213 ser-

204 3250 274 3303 τὰ
295 3250 657 3322 πεπραγμένα
675 3248 906 3301 ἑκάστου
933 3247 1090 3317 δῆλον
1108 3247 1209 3298 ὅτι.
1235 3245 1345 3297 Kal
1367 3243 1547 3295 πάλιν·
1576 3240 1780 3296 Ἐθεώ-

1886 3242 2025 3294 uient
2061 3257 2079 3294 :
2119 3249 2167 3295 et
2206 3244 2434 3312 potestas
2469 3245 2580 3314 ejus
2615 3253 2844 3315 potestas
2888 3255 3086 3300 aeterna
3106 3264 3127 3313 ;
3159 3256 3209 3300 et
3239 3264 3461 3320 regnum

196 3358 355 3410 ρουν
385 3342 453 3393 ἐν
490 3339 737 3409 ὁράματι
767 3337 873 3405 τῆς
910 3337 1148 3401 νυκτός,
1201 3336 1298 3388 καί
1332 3333 1462 3388 ίδοὺ
1485 3333 1640 3402 μετὰ
1662 3330 1780 3384 τῶν

1884 3333 1998 3401 ejus
2029 3349 2248 3402 regnum
2284 3349 2563 3388 wternum.
2609 3336 2827 3391 Horruit
2875 3339 3094 3408 spiritus
3142 3355 3322 3405 meus,
3369 3357 3461 3412 ego

203 3432 478 3502 νεφελῶν
501 3432 604 3486 τοῦ
629 3432 911 3500 οὐρανοῦ,
937 3431 1017 3495 ὡς
1044 3429 1174 3494 nec
1194 3425 1508 3494 ἀνθρώπου
1536 3423 1780 3493 ἐρχόμε-

1885 3421 2095 3488 Daniel,
2125 3425 2179 3476 in
2212 3424 2390 3477 habitu
2442 3441 2575 3491 meo,
2615 3434 2663 3479 et
2705 3428 2926 3481 uisiones
2969 3430 3156 3498 capitis
3200 3432 3303 3484 mei
3344 3447 3462 3486 con-

204 3543 313 3590 νος
340 3522 456 3594 ’ἦν’
487 3525 584 3578 καὶ
621 3524 731 3588 ἕως
761 3523 867 3577 τοῦ
901 3519 1166 3575 Πιιλαιοῦ
1206 3516 1442 3586 ἡμερῶν
1465 3517 1732 3584 ἔφθασεν
1758 3531 1774 3546 ·

1883 3515 2224 3568 turbaverunt
2256 3532 2338 3569 me
2365 3517 2430 3569 “.

205 3620 305 3672 καὶ
333 3615 588 3673 ἐνώπιον
621 3618 807 3672 αὐτοῦ
855 3612 1245 3683 προσηνέχθη
1289 3608 1478 3674 αὐτῷ·
1518 3607 1615 3662 καὶ
1650 3605 1810 3672 αὐτῷ
1844 3606 2021 3674 ἐδόθη
2077 3608 2116 3674 ἡ
2161 3608 2316 3676 ἀρχὴ
2362 3609 2459 3662 καὶ
2511 3610 2549 3678 ἡ
2598 3610 2735 3680 τιμὴ
2778 3611 2875 3664 καὶ
2922 3613 2958 3679 ἠ
2995 3613 3306 3676 βασιλεία.
3341 3613 3450 3669 Kal

205 3711 430 3776 πάντες
455 3713 509 3763 οι
539 3709 697 3773 λαοὶ,
753 3707 960 3778 φυλαὶ,
1011 3704 1282 3775 γλῶσσαι
1331 3701 1492 3766 αὐτῷ
1565 3698 1976 3755 δουλεύσουσι
2003 3715 2018 3731 ο
2053 3700 2150 3752 καὶ
2213 3701 2251 3767 ὴ
2316 3701 2568 3765 ἐξουσία
2634 3703 2840 3767 αὑτοῦ,
2882 3703 3134 3766 ἐξουσία
3184 3703 3420 3774 αἰώνιος
3446 3713 3458 3726 ⁸

205 3806 306 3861 καὶ
333 3808 368 3874 ἡ
389 3805 677 3870 βασιλεία
701 3803 909 3868 αὑτοῦ,
929 3801 1218 3867 ,βασιλεία
1261 3798 1517 3863 αἰώνιος.
1558 3793 1806 3864 Ἔφριξε
1840 3795 1907 3848 τι)
1933 3793 2168 3863 πνεῦμά
2191 3812 2340 3864 μου,
2368 3795 2482 3866 ἐγὼ
2527 3796 2773 3864 Δανιὴλ,
2813 3797 2882 3850 ἐν
2917 3796 2993 3866 τῇ
3022 3797 3145 3862 ἕξει
3165 3816 3308 3869 μου,
3360 3797 3459 3853 καὶ

204 3903 267 3956 al
298 3899 539 3968 ὁράσεις
567 3899 676 3967 τῆς
705 3895 974 3967 κεφαλῆς
990 3913 1110 3966 μου
1136 3891 1602 3960 συνετάρασσόν
1617 3907 1715 3959 με.

277 4000 388 4064 κη’.
426 3992 521 4054 Τίς
551 3991 607 4043 δὲ
638 3989 729 4043 τοῦ
762 3989 924 4042 Auli-.6
962 3989 1175 4042 ἁκούων
1207 3985 1268 4036 οὐ
1296 3982 1561 4052 φοϐεῖται,
1594 3981 1773 4047 λέγον-

207 4105 299 4151 τος
324 4103 338 4116 ·
372 4084 560 4148 Ἀπαξ
589 4081 899 4147 ἐλάλησεν
926 4084 957 4134 ό
986 4079 1150 4144 Θεὸς,
1174 4077 1284 4131 δύο
1316 4075 1499 4130 ταῦτα
1521 4073 1778 4141 ἥκουσα,

207 4176 299 4229 ὅτι
329 4175 396 4228 τὸ
425 4172 643 4242 κράτος
665 4171 772 4225 τοῦ
807 4170 976 4232 Θεοῦ,
996 4169 1090 4222 καὶ
1114 4167 1253 4231 σοῦ,
1281 4167 1478 4233 Κύριε,
1495 4165 1560 4216 τὸ
1581 4163 1775 4226 ἐλεοςο

206 4267 299 4321 ὅτι
330 4266 410 4320 σὺ
438 4243 771 4328 ἀποδώσεις
819 4262 1055 4324 ἐκιὶστῳ
1076 4260 1227 4314 κατὰ
1273 4259 1344 4310 τὰ
1391 4257 1534 4325 ἔργα
1569 4254 1776 4309 αὐτοῦ.

205 4357 323 4411 Kal
381 4355 542 4410 πάλιν
621 4354 716 4408 τοῦ
791 4349 1218 4420 Ἐκκλησιαποῦ
1277 4347 1554 4414 λέγοντος·
1605 4344 1782 4410 Τέλος

205 4451 421 4516 λόγου,
481 4445 546 4499 τὸ
578 4444 701 4499 πᾶν
728 4442 940 4496 duom."
984 4441 1089 4493 τὸν
1129 4439 1278 4492 Θεὸν
1294 4437 1504 4506 φοϐοῦ,
1548 4433 1782 4498 καὶτὰς

1955 3979 2045 4035 28.
2085 3979 2218 4046 Quis
2243 3995 2375 4034 vero
2403 3980 2662 4035 Davidem
2699 3981 2930 4036 audiens
2957 3997 3065 4036 non
3092 3981 3298 4048 timeat,
3328 3982 3461 4036 dum

1884 4071 1964 4126 ait
2000 4089 2012 4124 :
2043 4070 2216 4126 Semel
2256 4071 2456 4125 locutus
2486 4080 2562 4125 est
2598 4072 2760 4136 Deus,
2792 4073 3042 4128 duo-[uec
3081 4075 3258 4128 audivi
3286 4092 3303 4129 :
3335 4076 3461 4144 quia

1885 4172 2114 4233 potestas
2143 4162 2239 4215 Dei
2269 4170 2366 4226 est,
2408 4171 2457 4214 et
2501 4171 2614 4229 tua,
2644 4163 2885 4227 Domine,
2909 4166 3298 4231 misericordia;
3333 4172 3460 4237 quia

1884 4263 1940 4308 tu
1978 4253 2159 4308 reddes
2198 4255 2478 4322 unicuique
2506 4255 2667 4324 juxta
2705 4272 2864 4324 opera
2900 4272 2996 4309 sua
3030 4257 3093 4310 ⁸⁵.
3141 4258 3463 4328 Rursusque

1883 4343 2268 4398 Ecclesiastem
2310 4361 2322 4395 :
2357 4343 2498 4395 Finis
2544 4345 2819 4408 sermonis,
2867 4353 3034 4398 totum
3084 4347 3256 4400 audi:
3293 4347 3459 4402 Deum

1883 4435 2028 4496 time,
2066 4442 2115 4486 et
2161 4434 2418 4487 mandata
2464 4436 2576 4504 ejus
2619 4437 2855 4502 custodi;
2897 4437 2991 4489 hoc
3029 4438 3166 4490 enim
3209 4448 3284 4492 est
3322 4447 3459 4493 totus

205 4507 462 4604 ἐντολὰς
483 4537 668 4594 αὑτοῦ
686 4536 990 4605 φύλασσε,
1010 4532 1096 4584 ὅτι
1116 4531 1291 4584 τοῦτο
1309 4527 1428 4594 πᾶς
1455 4528 1780 4594 ἅνθρωπος·

1887 4528 2080 4579 homo:
2109 4527 2234 4595 quia
2265 4542 2416 4579 omne
2458 4526 2655 4595 factum
2687 4527 2906 4581 adducet
2937 4527 3075 4581 Deus
3101 4529 3153 4581 in
3174 4530 3458 4598 judicium,

205 4633 300 4686 ὅτι
329 4632 579 4699 σύμπαν
604 4631 669 4682 τὸ
713 4628 938 4695 ποίημα
976 4625 1104 4688 ἄξει
1143 4627 1174 4677 ό
1212 4623 1355 4686 Θεὸς
1391 4622 1462 4674 ἐν
1493 4620 1687 4685 κρίσει
1717 4619 1788 4671 ἐν

205 4725 389 4776 παντὶ
410 4721 861 4790 παρεωραμένῳ,
887 4719 995 4770 ἐὰν
1023 4715 1269 4784 ἀγαθὸν,
1315 4712 1413 4766 καὶ
1455 4711 1563 4764 ἐὰν
1598 4725 1785 4778 πονη-

281 4833 338 4870 ν.

208 4817 382 4960 Ρόζιέι.
419 4905 514 4967 Τίς
557 4905 612 4956 δὲ
658 4903 724 4956 τὰ
751 4903 912 4970 ὃμοια
941 4899 1157 4953 ἀκούων
1196 4899 1292 4951 τοῦ
1347 4897 1670 4950 Ἀποστόλου
1698 4895 1786 4948 λέ-

203 5013 418 5066 γοντος,
445 4995 505 5046 οὐ
528 4995 717 5064 τρέμει
741 5009 754 5022 ·
782 4991 880 5044 Δεῖ
900 4990 1010 5058 γὰρ
1036 4990 1259 5054 πάντας
1296 4987 1454 5056 ἡμᾶς
1478 4985 1782 5054 παραστῆ-

201 5103 308 5140 ναι
333 5083 414 5150 τῷ
430 5081 657 5152 βήματι
707 5081 812 5134 τοῦ
852 5079 1253 5148 Χριστοῦ,ἶνα
1292 5080 1610 5148 κομίσηται
1642 5077 1778 5131 ἕκα-

203 5194 357 5244 στος
381 5175 549 5246 ἡμῶν
584 5176 658 5228 τὰ
679 5175 773 5228 διὰ
797 5174 902 5228 τοῦ
929 5173 1223 5242 σώματος,
1246 5172 1367 5224 εἴτε
1396 5171 1639 5240 ἀγαθὸν,
1663 5171 1783 5224 εἴτε

204 5270 422 5325 κακόν.
445 5269 540 5332 Τίς
569 5265 662 5322 οὖν
691 5268 751 5320 οὐ
785 5268 1046 5337 θρηνήσει
1078 5268 1177 5334 τὴν
1199 5264 1453 5317 ἀπιστίαν
1481 5263 1656 5334 ἡμῶν,
1692 5262 1786 5316 καὶ

202 5365 310 5436 τὴν
336 5362 607 5431 τύφλωσιν
640 5361 740 5430 τῆς
768 5360 946 5430 ψυχῆς
995 5359 1152 5429 ἡμῶν
1170 5377 1184 5390 ·
1213 5359 1294 5411 ὅτι
1318 5357 1522 5410 τούτων
1567 5357 1786 5409 πάντων

206 5455 521 5518 ἀκούοντες,
550 5455 611 5506 οὐ
645 5452 1031 5524 μετανοοῦμεν,
1056 5452 1150 5505 καὶ
1173 5449 1386 5521 πικρῶς
1408 5450 1668 5519 κλαίομεν
1692 5449 1786 5501 ἐπὶ

205 5552 276 5622 τῇ
309 5549 544 5622 τοσαύτῃ
567 5550 720 5620 ἡμῶν
747 5545 978 5616 ἀμελείᾳ
1012 5543 1106 5597 καὶ
1139 5541 1413 5613 puellula;
1445 5541 1512 5610 ἣν
1541 5538 1786 5607 προθεω-

1882 4618 1937 4670 in
1972 4618 2114 4671 omni
2158 4617 2295 4687 quod
2335 4618 2627 4688 neglectum
2661 4628 2755 4684 est,
2788 4621 2894 4674 sive
2936 4619 3147 4684 bonum,
3192 4621 3298 4674 sive
3341 4639 3460 4676 ma-

1884 4707 1996 4762 lum
2024 4709 2092 4761 ⁶⁶.

1951 4897 2042 4953 29.
2069 4896 2204 4963 Quis
2233 4912 2364 4951 vero
2388 4896 2518 4951 dum
2544 4912 2611 4951 ex
2639 4883 3023 4968 Apostololtis
3053 4900 3251 4955 similia
3283 4903 3458 4970 audit,

1883 5005 1990 5044 non
2026 4989 2443 5042 contremiscat:
2477 4987 2692 5058 Oportet
2722 4990 2860 5042 enim
2899 5007 2991 5044 nos
3021 5008 3197 5047 omnes
3225 4995 3338 5048 sisti
3366 4997 3461 5049 tri-

1883 5080 2065 5134 bunali
2083 5079 2294 5143 Christi,
2309 5089 2365 5132 ut
2388 5080 2581 5149 referat
2600 5083 2956 5151 unusquisque
2974 5091 3355 5154 nostrum,quaz
3370 5103 3462 5156 per

1882 5191 2070 5244 corpus
2099 5174 2274 5244 gessit,
2312 5174 2417 5227 sive
2454 5174 2666 5239 bonum,
2695 5177 2802 5228 sive
2844 5176 3045 5229 malum
3072 5178 3137 5229 ⁸⁷.
3169 5177 3302 5243 Quis
3334 5193 3463 5249 ergo

1885 5281 1995 5319 non
2034 5266 2216 5333 lugeat
2246 5264 2684 5319 incredulitatem
2715 5275 2957 5320 nostram
2988 5283 3052 5322 ac
3083 5271 3282 5324 mentis
3308 5271 3449 5324 caeci-

1887 5366 2075 5420 tatem,
2106 5355 2250 5424 quod
2296 5356 2412 5410 haec
2453 5357 2635 5410 omnia
2667 5357 2954 5412 audientes
2983 5360 3305 5427 paenitentia
3351 5377 3460 5417 non

1890 5448 2162 5508 ducimur,
2190 5461 2295 5500 nec
2335 5461 2435 5515 pro
2475 5454 2620 5502 tanta
2671 5457 2856 5502 nostra
2896 5449 3226 5520 negligentia
3259 5467 3320 5506 ac
3353 5461 3461 5507 lor-

1892 5555 2025 5608 porc
2049 5539 2207 5608 381
2237 5554 2422 5594 amare
2454 5538 2678 5593 ﬂetnus?
2704 5538 2852 5594 Hanc
2868 5539 3133 5596 Jeremias
3164 5545 3356 5612 procul
3383 5547 3461 5598 vi-

282 5758 330 5789 "
361 5755 562 5810 Jerem.
593 5769 647 5813 ν,
677 5751 766 5813 2|,
798 5749 888 5802 22.
966 5747 1009 5778 “°
1053 5745 1256 5802 Jerem.
1288 5759 1348 5809 ll,
1389 5742 1571 5796 19-21.
1649 5743 1691 5773 ⁶¹
1722 5742 1780 5796 Je

1877 5758 1927 5795 η.
1959 5741 2165 5813 κνηίῖε
2210 5741 2284 5813 ,θ’
2333 5739 2528 5813 Eeeelt.
2560 5755 2653 5813 νη,
2688 5740 2739 5802 i,
2771 5740 2826 5791 9.
2920 5739 2977 5813 _°_3
3009 5741 3140 5796 Dan.
3167 5758 3261 5809 vn,
3290 5742 3345 5812 9,
3377 5743 3440 5798 10

165 5809 170 5812 ’
209 5830 253 5859 ⁸⁸
284 5793 647 5882 illiilli-35:,
682 5793 766 5852 ’δῖ’
779 5793 917 5874 5531.
946 5793 1615 5883 Ludit-13.",“(Eccita
1646 5793 1741 5877 xu,
1763 5793 1780 5863 ἶ

2035 5793 2093 5840 ⁷⁸⁷
2126 5810 2166 5862 ll
2199 5809 2325 5864 Cor.
2361 5826 2412 5870 γ,
2453 5808 2548 5871 10;
2585 5793 2741 5863 Rom:
2771 5825 2880 5874 xw,
2912 5809 3000 5864 10.
