  <div class='ocr_page' id='page_1' title='image "/cluster/home/n/w/nwhite01/storage/ocr_20150623/90/nnc1.0046980113/475.png"; bbox 0 0 4208 6436; ppageno 0'>
   <div class='ocr_carea' id='block_1_1' title="bbox 721 428 829 488">
    <p class='ocr_par' dir='ltr' id='par_1_1' title="bbox 721 428 829 488">
     <span class='ocr_line' id='line_1_1' title="bbox 721 428 829 488; baseline 0 -2"><span class='ocrx_word' id='word_1_1' title='bbox 721 428 829 488; x_wconf 74' lang='lat'><strong>9&#39;55</strong></span> 
     </span>
    </p>
   </div>
   <div class='ocr_carea' id='block_1_2' title="bbox 1882 427 2811 491">
    <p class='ocr_par' dir='ltr' id='par_1_2' title="bbox 1882 427 2811 491">
     <span class='ocr_line' id='line_1_2' title="bbox 1882 427 2811 491; baseline 0 -2"><span class='ocrx_word' id='word_1_2' title='bbox 1882 429 1944 489; x_wconf 95' lang='lat' dir='ltr'><strong>S.</strong></span> <span class='ocrx_word' id='word_1_3' title='bbox 1978 428 2265 490; x_wconf 77' lang='lat' dir='ltr'><strong>MAXIMI</strong></span> <span class='ocrx_word' id='word_1_4' title='bbox 2302 427 2811 491; x_wconf 79' lang='lat' dir='ltr'><strong>CONFESSORIS</strong></span> 
     </span>
    </p>
   </div>
   <div class='ocr_carea' id='block_1_3' title="bbox 724 532 2319 607">
    <p class='ocr_par' dir='ltr' id='par_1_3' title="bbox 724 533 2302 607">
     <span class='ocr_line' id='line_1_3' title="bbox 724 533 2302 607; baseline -0.008 -7"><span class='ocrx_word' id='word_1_5' title='bbox 724 543 883 605; x_wconf 85' lang='lat' dir='ltr'><strong>deus,</strong></span> <span class='ocrx_word' id='word_1_6' title='bbox 913 539 1095 596; x_wconf 78' lang='lat' dir='ltr'><strong>alebat</strong></span> <span class='ocrx_word' id='word_1_7' title='bbox 1135 579 1149 593; x_wconf 94' lang='lat'><strong>.</strong></span> <span class='ocrx_word' id='word_1_8' title='bbox 1184 537 1495 594; x_wconf 71' lang='lat' dir='ltr'><strong>Haledictus</strong></span> <span class='ocrx_word' id='word_1_9' title='bbox 1535 536 1626 607; x_wconf 87' lang='lat' dir='ltr'><strong>qui</strong></span> <span class='ocrx_word' id='word_1_10' title='bbox 1656 534 1783 606; x_wconf 91' lang='lat' dir='ltr'><strong>facit</strong></span> <span class='ocrx_word' id='word_1_11' title='bbox 1813 550 1976 605; x_wconf 89' lang='lat' dir='ltr'><strong>opera</strong></span> <span class='ocrx_word' id='word_1_12' title='bbox 2008 535 2103 589; x_wconf 88' lang='lat' dir='ltr'><strong>Dei</strong></span> <span class='ocrx_word' id='word_1_13' title='bbox 2134 533 2302 605; x_wconf 82' lang='lat' dir='ltr'><strong>negli-</strong></span> 
     </span>
    </p>
   </div>
   <div class='ocr_carea' id='block_1_4' title="bbox 2414 532 3981 607">
    <p class='ocr_par' dir='ltr' id='par_1_4' title="bbox 2414 532 3981 604">
     <span class='ocr_line' id='line_1_4' title="bbox 2414 532 3981 604; baseline 0.004 -18"><span class='ocrx_word' id='word_1_14' title='bbox 2414 535 2519 603; x_wconf 83' lang='grc' dir='ltr'><strong>ρῶν</strong></span> <span class='ocrx_word' id='word_1_15' title='bbox 2569 532 2862 604; x_wconf 83' lang='grc' dir='ltr'><strong>Ἱερεμίας,</strong></span> <span class='ocrx_word' id='word_1_16' title='bbox 2901 536 3087 603; x_wconf 71' lang='grc' dir='ltr'><strong>ἔλεγεν</strong></span> <span class='ocrx_word' id='word_1_17' title='bbox 3107 549 3121 566; x_wconf 90' lang='grc'><strong>·</strong></span> <span class='ocrx_word' id='word_1_18' title='bbox 3184 532 3655 604; x_wconf 79' lang='grc' dir='ltr'><strong>Ἐπικατάρατος</strong></span> <span class='ocrx_word' id='word_1_19' title='bbox 3699 538 3736 590; x_wconf 81' lang='grc' dir='ltr'><em>ὁ</em></span> <span class='ocrx_word' id='word_1_20' title='bbox 3787 538 3981 592; x_wconf 73' lang='grc' dir='ltr'><strong>ποιῶν</strong></span> 
     </span>
    </p>
   </div>
   <div class='ocr_carea' id='block_1_5' title="bbox 723 628 2301 705">
    <p class='ocr_par' dir='ltr' id='par_1_5' title="bbox 723 628 2301 705">
     <span class='ocr_line' id='line_1_5' title="bbox 723 628 2301 705; baseline -0.004 -17"><span class='ocrx_word' id='word_1_21' title='bbox 723 641 909 705; x_wconf 84' lang='lat' dir='ltr'><strong>genter</strong></span> <span class='ocrx_word' id='word_1_22' title='bbox 936 633 1001 687; x_wconf 82' lang='lat'><strong>“.</strong></span> <span class='ocrx_word' id='word_1_23' title='bbox 1038 631 1095 686; x_wconf 89' lang='lat' dir='ltr'><strong>Si</strong></span> <span class='ocrx_word' id='word_1_24' title='bbox 1126 630 1275 685; x_wconf 85' lang='lat' dir='ltr'><strong>enim</strong></span> <span class='ocrx_word' id='word_1_25' title='bbox 1302 644 1405 685; x_wconf 88' lang='lat' dir='ltr'><strong>nos</strong></span> <span class='ocrx_word' id='word_1_26' title='bbox 1431 629 1743 684; x_wconf 89' lang='lat' dir='ltr'><strong>animorum</strong></span> <span class='ocrx_word' id='word_1_27' title='bbox 1772 629 1966 682; x_wconf 84' lang='lat' dir='ltr'><strong>salutis</strong></span> <span class='ocrx_word' id='word_1_28' title='bbox 1992 643 2125 682; x_wconf 87' lang='lat' dir='ltr'><strong>cura</strong></span> <span class='ocrx_word' id='word_1_29' title='bbox 2154 628 2301 682; x_wconf 86' lang='lat' dir='ltr'><strong>serio</strong></span> 
     </span>
    </p>
   </div>
   <div class='ocr_carea' id='block_1_6' title="bbox 726 719 2303 796">
    <p class='ocr_par' dir='ltr' id='par_1_6' title="bbox 726 719 2303 796">
     <span class='ocr_line' id='line_1_6' title="bbox 726 719 2303 796; baseline -0.004 -15"><span class='ocrx_word' id='word_1_30' title='bbox 726 732 997 796; x_wconf 80' lang='lat' dir='ltr'><strong>tangeret,</strong></span> <span class='ocrx_word' id='word_1_31' title='bbox 1037 720 1253 777; x_wconf 87' lang='lat' dir='ltr'><strong>Domini</strong></span> <span class='ocrx_word' id='word_1_32' title='bbox 1293 734 1604 777; x_wconf 81' lang='lat' dir='ltr'><strong>sermonem</strong></span> <span class='ocrx_word' id='word_1_33' title='bbox 1649 728 2033 783; x_wconf 89' lang='lat' dir='ltr'><strong>tremeremus,</strong></span> <span class='ocrx_word' id='word_1_34' title='bbox 2072 719 2303 789; x_wconf 83' lang='lat' dir='ltr'><strong>ejusque</strong></span> 
     </span>
    </p>
   </div>
   <div class='ocr_carea' id='block_1_7' title="bbox 727 806 2305 883">
    <p class='ocr_par' dir='ltr' id='par_1_7' title="bbox 727 806 2305 883">
     <span class='ocr_line' id='line_1_7' title="bbox 727 806 2305 883; baseline -0.004 -15"><span class='ocrx_word' id='word_1_35' title='bbox 727 814 1002 873; x_wconf 87' lang='lat' dir='ltr'><strong>mandata,</strong></span> <span class='ocrx_word' id='word_1_36' title='bbox 1050 810 1254 880; x_wconf 85' lang='lat' dir='ltr'><strong>quibus</strong></span> <span class='ocrx_word' id='word_1_37' title='bbox 1297 818 1523 883; x_wconf 84' lang='lat' dir='ltr'><strong>paratur</strong></span> <span class='ocrx_word' id='word_1_38' title='bbox 1563 809 1731 875; x_wconf 86' lang='lat' dir='ltr'><strong>salus,</strong></span> <span class='ocrx_word' id='word_1_39' title='bbox 1777 807 2006 877; x_wconf 89' lang='lat' dir='ltr'><strong>implere</strong></span> <span class='ocrx_word' id='word_1_40' title='bbox 2053 806 2305 863; x_wconf 89' lang='lat' dir='ltr'><strong>studere-</strong></span> 
     </span>
    </p>
   </div>
   <div class='ocr_carea' id='block_1_8' title="bbox 727 898 2306 968">
    <p class='ocr_par' dir='ltr' id='par_1_8' title="bbox 727 898 2306 968">
     <span class='ocr_line' id='line_1_8' title="bbox 727 898 2306 968; baseline -0.004 -10"><span class='ocrx_word' id='word_1_41' title='bbox 727 920 869 958; x_wconf 78' lang='lat' dir='ltr'><strong>mus.</strong></span> <span class='ocrx_word' id='word_1_42' title='bbox 908 902 1227 968; x_wconf 81' lang='lat' dir='ltr'><strong>Eninwero,</strong></span> <span class='ocrx_word' id='word_1_43' title='bbox 1264 918 1391 958; x_wconf 92' lang='lat' dir='ltr'><strong>cum</strong></span> <span class='ocrx_word' id='word_1_44' title='bbox 1436 901 1727 955; x_wconf 86' lang='lat' dir='ltr'><strong>Dominum</strong></span> <span class='ocrx_word' id='word_1_45' title='bbox 1765 898 2073 961; x_wconf 87' lang='lat' dir='ltr'><strong>audiamus,</strong></span> <span class='ocrx_word' id='word_1_46' title='bbox 2117 898 2306 954; x_wconf 89' lang='lat' dir='ltr'><strong>dicen-</strong></span> 
     </span>
    </p>
   </div>
   <div class='ocr_carea' id='block_1_9' title="bbox 729 988 2305 1063">
    <p class='ocr_par' dir='ltr' id='par_1_9' title="bbox 729 988 2305 1063">
     <span class='ocr_line' id='line_1_9' title="bbox 729 988 2305 1063; baseline -0.004 -16"><span class='ocrx_word' id='word_1_47' title='bbox 729 1003 836 1047; x_wconf 73' lang='lat' dir='ltr'><strong>tem</strong></span> <span class='ocrx_word' id='word_1_48' title='bbox 873 993 1125 1048; x_wconf 83' lang='lat' dir='ltr'><strong>:Intrate</strong></span> <span class='ocrx_word' id='word_1_49' title='bbox 1175 1009 1267 1063; x_wconf 88' lang='lat' dir='ltr'><strong>per</strong></span> <span class='ocrx_word' id='word_1_50' title='bbox 1311 1001 1592 1063; x_wconf 77' lang='lat' dir='ltr'><strong>angustam</strong></span> <span class='ocrx_word' id='word_1_51' title='bbox 1634 999 1864 1062; x_wconf 88' lang='lat' dir='ltr'><strong>portam,</strong></span> <span class='ocrx_word' id='word_1_52' title='bbox 1894 1004 2011 1060; x_wconf 76' lang='lat' dir='ltr'><strong>qua:</strong></span> <span class='ocrx_word' id='word_1_53' title='bbox 2047 990 2191 1043; x_wconf 89' lang='lat' dir='ltr'><strong>ducit</strong></span> <span class='ocrx_word' id='word_1_54' title='bbox 2235 988 2305 1042; x_wconf 92' lang='lat' dir='ltr'><strong>ad</strong></span> 
     </span>
    </p>
   </div>
   <div class='ocr_carea' id='block_1_10' title="bbox 726 1079 2305 1151">
    <p class='ocr_par' dir='ltr' id='par_1_10' title="bbox 726 1079 2305 1151">
     <span class='ocr_line' id='line_1_10' title="bbox 726 1079 2305 1151; baseline -0.003 -14"><span class='ocrx_word' id='word_1_55' title='bbox 726 1087 891 1137; x_wconf 79' lang='lat' dir='ltr'><strong>t&#39;itam</strong></span> <span class='ocrx_word' id='word_1_56' title='bbox 930 1084 1013 1148; x_wconf 75' lang='lat'><strong>‘”;</strong></span> <span class='ocrx_word' id='word_1_57' title='bbox 1060 1085 1221 1138; x_wconf 89' lang='lat' dir='ltr'><strong>latam</strong></span> <span class='ocrx_word' id='word_1_58' title='bbox 1275 1089 1331 1135; x_wconf 89' lang='lat' dir='ltr'><strong>et</strong></span> <span class='ocrx_word' id='word_1_59' title='bbox 1364 1082 1688 1151; x_wconf 87' lang='lat' dir='ltr'><strong>spatiosam,</strong></span> <span class='ocrx_word' id='word_1_60' title='bbox 1732 1095 1855 1150; x_wconf 65' lang='lat' dir='ltr'><strong>quae</strong></span> <span class='ocrx_word' id='word_1_61' title='bbox 1905 1079 1971 1134; x_wconf 87' lang='lat' dir='ltr'><strong>ad</strong></span> <span class='ocrx_word' id='word_1_62' title='bbox 2018 1079 2305 1134; x_wconf 91' lang='lat' dir='ltr'><strong>interitum</strong></span> 
     </span>
    </p>
   </div>
   <div class='ocr_carea' id='block_1_11' title="bbox 726 1171 2303 1246">
    <p class='ocr_par' dir='ltr' id='par_1_11' title="bbox 726 1171 2303 1246">
     <span class='ocr_line' id='line_1_11' title="bbox 726 1171 2303 1246; baseline -0.004 -15"><span class='ocrx_word' id='word_1_63' title='bbox 726 1177 900 1242; x_wconf 87' lang='lat' dir='ltr'><strong>ducit,</strong></span> <span class='ocrx_word' id='word_1_64' title='bbox 931 1179 980 1232; x_wconf 86' lang='lat' dir='ltr'><strong>ei</strong></span> <span class='ocrx_word' id='word_1_65' title='bbox 1009 1176 1371 1246; x_wconf 49' lang='lat' dir='ltr'><strong>plut-tulimus.</strong></span> <span class='ocrx_word' id='word_1_66' title='bbox 1404 1174 1772 1239; x_wconf 84' lang='lat' dir='ltr'><strong>Quamobrem</strong></span> <span class='ocrx_word' id='word_1_67' title='bbox 1803 1171 2046 1227; x_wconf 80' lang='lat' dir='ltr'><strong>audituri</strong></span> <span class='ocrx_word' id='word_1_68' title='bbox 2077 1186 2268 1227; x_wconf 84' lang='lat' dir='ltr'><strong>smnus</strong></span> <span class='ocrx_word' id='word_1_69' title='bbox 2288 1211 2303 1234; x_wconf 87' lang='lat'><strong>,</strong></span> 
     </span>
    </p>
   </div>
   <div class='ocr_carea' id='block_1_12' title="bbox 729 1262 2302 1335">
    <p class='ocr_par' dir='ltr' id='par_1_12' title="bbox 729 1262 2302 1335">
     <span class='ocr_line' id='line_1_12' title="bbox 729 1262 2302 1335; baseline -0.005 -14"><span class='ocrx_word' id='word_1_70' title='bbox 729 1283 855 1322; x_wconf 83' lang='lat' dir='ltr'><strong>cum</strong></span> <span class='ocrx_word' id='word_1_71' title='bbox 885 1284 915 1321; x_wconf 88' lang='lat' dir='ltr'><strong>e</strong></span> <span class='ocrx_word' id='word_1_72' title='bbox 946 1267 1102 1320; x_wconf 71' lang='lat' dir='ltr'><strong>uelis</strong></span> <span class='ocrx_word' id='word_1_73' title='bbox 1121 1264 1407 1319; x_wconf 78' lang='lat' dir='ltr'><strong>advenerit</strong></span> <span class='ocrx_word' id='word_1_74' title='bbox 1421 1264 1728 1335; x_wconf 86' lang='lat' dir='ltr'><strong>judicatum</strong></span> <span class='ocrx_word' id='word_1_75' title='bbox 1758 1262 1912 1317; x_wconf 75' lang='lat' dir='ltr'><strong>vivos</strong></span> <span class='ocrx_word' id='word_1_76' title='bbox 1933 1271 1990 1317; x_wconf 87' lang='lat' dir='ltr'><strong>et</strong></span> <span class='ocrx_word' id='word_1_77' title='bbox 2013 1269 2262 1316; x_wconf 86' lang='lat' dir='ltr'><strong>mortuos</strong></span> <span class='ocrx_word' id='word_1_78' title='bbox 2287 1276 2302 1313; x_wconf 90' lang='lat'><strong>:</strong></span> 
     </span>
    </p>
   </div>
   <div class='ocr_carea' id='block_1_13' title="bbox 726 1354 2306 1426">
    <p class='ocr_par' dir='ltr' id='par_1_13' title="bbox 726 1354 2306 1426">
     <span class='ocr_line' id='line_1_13' title="bbox 726 1354 2306 1426; baseline -0.005 -14"><span class='ocrx_word' id='word_1_79' title='bbox 726 1360 807 1413; x_wconf 75' lang='lat' dir='ltr'><strong>Ite</strong></span> <span class='ocrx_word' id='word_1_80' title='bbox 833 1377 863 1413; x_wconf 92' lang='lat' dir='ltr'><strong>a</strong></span> <span class='ocrx_word' id='word_1_81' title='bbox 895 1375 997 1425; x_wconf 87' lang='lat' dir='ltr'><strong>mc,</strong></span> <span class='ocrx_word' id='word_1_82' title='bbox 1031 1357 1318 1421; x_wconf 83' lang='lat' dir='ltr'><strong>maledicti,</strong></span> <span class='ocrx_word' id='word_1_83' title='bbox 1349 1359 1404 1410; x_wconf 87' lang='lat' dir='ltr'><strong>in</strong></span> <span class='ocrx_word' id='word_1_84' title='bbox 1438 1358 1612 1426; x_wconf 79' lang='lat' dir='ltr'><strong>ignem</strong></span> <span class='ocrx_word' id='word_1_85' title='bbox 1653 1364 1929 1417; x_wconf 66' lang='lat' dir='ltr'><strong>internum,</strong></span> <span class='ocrx_word' id='word_1_86' title='bbox 1966 1354 2056 1423; x_wconf 90' lang='lat' dir='ltr'><strong>qui</strong></span> <span class='ocrx_word' id='word_1_87' title='bbox 2086 1360 2306 1422; x_wconf 86' lang='lat' dir='ltr'><strong>paratus</strong></span> 
     </span>
    </p>
   </div>
   <div class='ocr_carea' id='block_1_14' title="bbox 728 1448 1588 1522">
    <p class='ocr_par' dir='ltr' id='par_1_14' title="bbox 728 1448 1588 1522">
     <span class='ocr_line' id='line_1_14' title="bbox 728 1448 1588 1522; baseline -0.003 -17"><span class='ocrx_word' id='word_1_88' title='bbox 728 1460 804 1506; x_wconf 73' lang='lat' dir='ltr'><strong>est</strong></span> <span class='ocrx_word' id='word_1_89' title='bbox 832 1451 1040 1506; x_wconf 82' lang='lat' dir='ltr'><strong>diabolo</strong></span> <span class='ocrx_word' id='word_1_90' title='bbox 1070 1459 1119 1505; x_wconf 84' lang='lat' dir='ltr'><strong>et</strong></span> <span class='ocrx_word' id='word_1_91' title='bbox 1154 1450 1356 1522; x_wconf 83' lang='lat' dir='ltr'><strong>angelis</strong></span> <span class='ocrx_word' id='word_1_92' title='bbox 1388 1451 1500 1519; x_wconf 85' lang='lat' dir='ltr'><strong>ejus</strong></span> <span class='ocrx_word' id='word_1_93' title='bbox 1523 1448 1588 1502; x_wconf 72' lang='grc' dir='ltr'><strong>τ’.</strong></span> 
     </span>
    </p>
   </div>
   <div class='ocr_carea' id='block_1_15' title="bbox 801 1715 2310 1791">
    <p class='ocr_par' dir='ltr' id='par_1_15' title="bbox 801 1715 2310 1791">
     <span class='ocr_line' id='line_1_15' title="bbox 801 1715 2310 1791; baseline -0.005 -14"><span class='ocrx_word' id='word_1_94' title='bbox 801 1724 890 1777; x_wconf 75' lang='grc'><strong>50.</strong></span> <span class='ocrx_word' id='word_1_95' title='bbox 936 1723 1314 1791; x_wconf 86' lang='lat' dir='ltr'><strong>Futurumqne</strong></span> <span class='ocrx_word' id='word_1_96' title='bbox 1338 1727 1425 1776; x_wconf 88' lang='lat' dir='ltr'><strong>est</strong></span> <span class='ocrx_word' id='word_1_97' title='bbox 1450 1729 1512 1774; x_wconf 91' lang='lat' dir='ltr'><strong>ut</strong></span> <span class='ocrx_word' id='word_1_98' title='bbox 1537 1719 1653 1775; x_wconf 68' lang='lat' dir='ltr'><strong>haec</strong></span> <span class='ocrx_word' id='word_1_99' title='bbox 1682 1718 1997 1781; x_wconf 85' lang='lat' dir='ltr'><strong>audiamus,</strong></span> <span class='ocrx_word' id='word_1_100' title='bbox 2022 1730 2133 1771; x_wconf 92' lang='lat' dir='ltr'><strong>non</strong></span> <span class='ocrx_word' id='word_1_101' title='bbox 2149 1715 2310 1785; x_wconf 87' lang='lat' dir='ltr'><strong>quasi</strong></span> 
     </span>
    </p>
   </div>
   <div class='ocr_carea' id='block_1_16' title="bbox 733 1807 2311 1883">
    <p class='ocr_par' dir='ltr' id='par_1_16' title="bbox 733 1807 2311 1883">
     <span class='ocr_line' id='line_1_16' title="bbox 733 1807 2311 1883; baseline -0.004 -16"><span class='ocrx_word' id='word_1_102' title='bbox 733 1814 872 1867; x_wconf 85' lang='lat' dir='ltr'><strong>male</strong></span> <span class='ocrx_word' id='word_1_103' title='bbox 898 1814 1193 1883; x_wconf 79' lang='lat' dir='ltr'><strong>egerimus,</strong></span> <span class='ocrx_word' id='word_1_104' title='bbox 1221 1810 1318 1867; x_wconf 89' lang='lat' dir='ltr'><strong>sed</strong></span> <span class='ocrx_word' id='word_1_105' title='bbox 1357 1826 1425 1865; x_wconf 89' lang='lat' dir='ltr'><strong>eo</strong></span> <span class='ocrx_word' id='word_1_106' title='bbox 1451 1811 1671 1865; x_wconf 85' lang='lat' dir='ltr'><strong>nomine</strong></span> <span class='ocrx_word' id='word_1_107' title='bbox 1696 1809 1842 1879; x_wconf 82' lang='lat' dir='ltr'><strong>quod</strong></span> <span class='ocrx_word' id='word_1_108' title='bbox 1879 1808 2024 1863; x_wconf 88' lang='lat' dir='ltr'><strong>bona</strong></span> <span class='ocrx_word' id='word_1_109' title='bbox 2065 1807 2311 1877; x_wconf 79' lang='lat' dir='ltr'><strong>neglexi-</strong></span> 
     </span>
    </p>
   </div>
   <div class='ocr_carea' id='block_1_17' title="bbox 733 1900 2311 1975">
    <p class='ocr_par' dir='ltr' id='par_1_17' title="bbox 733 1900 2311 1975">
     <span class='ocr_line' id='line_1_17' title="bbox 733 1900 2311 1975; baseline -0.004 -15"><span class='ocrx_word' id='word_1_110' title='bbox 733 1921 876 1969; x_wconf 78' lang='lat' dir='ltr'><strong>nius,</strong></span> <span class='ocrx_word' id='word_1_111' title='bbox 907 1913 964 1960; x_wconf 90' lang='lat' dir='ltr'><strong>et</strong></span> <span class='ocrx_word' id='word_1_112' title='bbox 996 1904 1307 1975; x_wconf 73' lang='lat' dir='ltr'><strong>proximum</strong></span> <span class='ocrx_word' id='word_1_113' title='bbox 1335 1918 1446 1958; x_wconf 91' lang='lat' dir='ltr'><strong>non</strong></span> <span class='ocrx_word' id='word_1_114' title='bbox 1466 1902 1782 1957; x_wconf 78' lang='lat' dir='ltr'><strong>dileximus.</strong></span> <span class='ocrx_word' id='word_1_115' title='bbox 1809 1901 1906 1956; x_wconf 86' lang='lat' dir='ltr'><strong>Sin</strong></span> <span class='ocrx_word' id='word_1_116' title='bbox 1936 1909 2119 1957; x_wconf 90' lang='lat' dir='ltr'><strong>autem</strong></span> <span class='ocrx_word' id='word_1_117' title='bbox 2145 1900 2311 1954; x_wconf 88' lang='lat' dir='ltr'><strong>etiam</strong></span> 
     </span>
    </p>
   </div>
   <div class='ocr_carea' id='block_1_18' title="bbox 735 1993 2313 2068">
    <p class='ocr_par' dir='ltr' id='par_1_18' title="bbox 735 1993 2313 2068">
     <span class='ocr_line' id='line_1_18' title="bbox 735 1993 2313 2068; baseline -0.004 -15"><span class='ocrx_word' id='word_1_118' title='bbox 735 2000 875 2053; x_wconf 77' lang='lat' dir='ltr'><strong>niala</strong></span> <span class='ocrx_word' id='word_1_119' title='bbox 905 1996 1362 2068; x_wconf 79' lang='lat' dir='ltr'><strong>perpetravimus,</strong></span> <span class='ocrx_word' id='word_1_120' title='bbox 1401 1994 1683 2064; x_wconf 89' lang='lat' dir='ltr'><strong>quomodo</strong></span> <span class='ocrx_word' id='word_1_121' title='bbox 1710 1995 1805 2063; x_wconf 88' lang='lat' dir='ltr'><strong>qui</strong></span> <span class='ocrx_word' id='word_1_122' title='bbox 1849 1994 1930 2050; x_wconf 86' lang='lat' dir='ltr'><strong>sic</strong></span> <span class='ocrx_word' id='word_1_123' title='bbox 1971 1993 2313 2063; x_wconf 72' lang='lat' dir='ltr'><strong>negligenter</strong></span> 
     </span>
    </p>
   </div>
   <div class='ocr_carea' id='block_1_19' title="bbox 733 2084 2312 2155">
    <p class='ocr_par' dir='ltr' id='par_1_19' title="bbox 733 2084 2312 2155">
     <span class='ocr_line' id='line_1_19' title="bbox 733 2084 2312 2155; baseline -0.004 -9"><span class='ocrx_word' id='word_1_124' title='bbox 733 2089 914 2146; x_wconf 79' lang='lat' dir='ltr'><strong>allecti</strong></span> <span class='ocrx_word' id='word_1_125' title='bbox 944 2088 1138 2153; x_wconf 88' lang='lat' dir='ltr'><strong>simus,</strong></span> <span class='ocrx_word' id='word_1_126' title='bbox 1166 2086 1313 2141; x_wconf 88' lang='lat' dir='ltr'><strong>diem</strong></span> <span class='ocrx_word' id='word_1_127' title='bbox 1361 2085 1521 2140; x_wconf 90' lang='lat' dir='ltr'><strong>illum</strong></span> <span class='ocrx_word' id='word_1_128' title='bbox 1570 2086 2013 2155; x_wconf 83' lang='lat' dir='ltr'><strong>sustinebimus?</strong></span> <span class='ocrx_word' id='word_1_129' title='bbox 2042 2084 2312 2141; x_wconf 75' lang='lat' dir='ltr'><strong>Czeterum</strong></span> 
     </span>
    </p>
   </div>
   <div class='ocr_carea' id='block_1_20' title="bbox 733 2174 2310 2247">
    <p class='ocr_par' dir='ltr' id='par_1_20' title="bbox 733 2174 2310 2247">
     <span class='ocr_line' id='line_1_20' title="bbox 733 2174 2310 2247; baseline -0.003 -14"><span class='ocrx_word' id='word_1_130' title='bbox 733 2180 941 2233; x_wconf 81' lang='lat' dir='ltr'><strong>dictum</strong></span> <span class='ocrx_word' id='word_1_131' title='bbox 964 2187 1048 2232; x_wconf 84' lang='lat' dir='ltr'><strong>est</strong></span> <span class='ocrx_word' id='word_1_132' title='bbox 1066 2174 1311 2246; x_wconf 84' lang='lat' dir='ltr'><strong>antiquis</strong></span> <span class='ocrx_word' id='word_1_133' title='bbox 1344 2189 1442 2243; x_wconf 85' lang='lat' dir='ltr'><strong>per</strong></span> <span class='ocrx_word' id='word_1_134' title='bbox 1466 2174 1707 2247; x_wconf 76' lang='lat' dir='ltr'><strong>Moysem</strong></span> <span class='ocrx_word' id='word_1_135' title='bbox 1745 2192 1759 2228; x_wconf 88' lang='lat'><strong>:</strong></span> <span class='ocrx_word' id='word_1_136' title='bbox 1799 2174 1921 2229; x_wconf 87' lang='lat' dir='ltr'><strong>Non</strong></span> <span class='ocrx_word' id='word_1_137' title='bbox 1950 2175 2310 2240; x_wconf 71' lang='lat' dir='ltr'><strong>machaberis,</strong></span> 
     </span>
    </p>
   </div>
   <div class='ocr_carea' id='block_1_21' title="bbox 732 2267 2316 2339">
    <p class='ocr_par' dir='ltr' id='par_1_21' title="bbox 732 2267 2316 2339">
     <span class='ocr_line' id='line_1_21' title="bbox 732 2267 2316 2339; baseline -0.001 -16"><span class='ocrx_word' id='word_1_138' title='bbox 732 2272 851 2324; x_wconf 72' lang='lat' dir='ltr'><strong>Non</strong></span> <span class='ocrx_word' id='word_1_139' title='bbox 877 2269 1076 2339; x_wconf 86' lang='lat' dir='ltr'><strong>furtum</strong></span> <span class='ocrx_word' id='word_1_140' title='bbox 1109 2268 1291 2338; x_wconf 86' lang='lat' dir='ltr'><strong>facies,</strong></span> <span class='ocrx_word' id='word_1_141' title='bbox 1323 2267 1442 2322; x_wconf 83' lang='lat' dir='ltr'><strong>Non</strong></span> <span class='ocrx_word' id='word_1_142' title='bbox 1478 2268 1679 2322; x_wconf 85' lang='lat' dir='ltr'><strong>occides</strong></span> <span class='ocrx_word' id='word_1_143' title='bbox 1700 2268 1769 2332; x_wconf 87' lang='grc'><strong>⁷¹,</strong></span> <span class='ocrx_word' id='word_1_144' title='bbox 1802 2277 1859 2323; x_wconf 83' lang='grc' dir='ltr'><strong>ει</strong></span> <span class='ocrx_word' id='word_1_145' title='bbox 1898 2283 2021 2338; x_wconf 67' lang='lat' dir='ltr'><strong>quae</strong></span> <span class='ocrx_word' id='word_1_146' title='bbox 2069 2282 2316 2338; x_wconf 74' lang='lat' dir='ltr'><strong>sequun~</strong></span> 
     </span>
    </p>
   </div>
   <div class='ocr_carea' id='block_1_22' title="bbox 734 2357 2316 2430">
    <p class='ocr_par' dir='ltr' id='par_1_22' title="bbox 734 2357 2316 2430">
     <span class='ocr_line' id='line_1_22' title="bbox 734 2357 2316 2430; baseline -0.003 -14"><span class='ocrx_word' id='word_1_147' title='bbox 734 2373 856 2429; x_wconf 86' lang='lat' dir='ltr'><strong>tur;</strong></span> <span class='ocrx_word' id='word_1_148' title='bbox 907 2361 1174 2416; x_wconf 87' lang='lat' dir='ltr'><strong>Dominus</strong></span> <span class='ocrx_word' id='word_1_149' title='bbox 1196 2370 1403 2425; x_wconf 90' lang='lat' dir='ltr'><strong>autem,</strong></span> <span class='ocrx_word' id='word_1_150' title='bbox 1438 2359 1535 2430; x_wconf 91' lang='lat' dir='ltr'><strong>qui</strong></span> <span class='ocrx_word' id='word_1_151' title='bbox 1584 2359 1702 2414; x_wconf 64' lang='lat' dir='ltr'><strong>haec</strong></span> <span class='ocrx_word' id='word_1_152' title='bbox 1729 2358 1847 2413; x_wconf 90' lang='lat' dir='ltr'><strong>sola</strong></span> <span class='ocrx_word' id='word_1_153' title='bbox 1886 2374 2111 2415; x_wconf 82' lang='lat' dir='ltr'><strong>servare</strong></span> <span class='ocrx_word' id='word_1_154' title='bbox 2155 2357 2316 2414; x_wconf 88' lang='lat' dir='ltr'><strong>Chri-</strong></span> 
     </span>
    </p>
   </div>
   <div class='ocr_carea' id='block_1_23' title="bbox 734 2450 2317 2524">
    <p class='ocr_par' dir='ltr' id='par_1_23' title="bbox 734 2450 2317 2524">
     <span class='ocr_line' id='line_1_23' title="bbox 734 2450 2317 2524; baseline -0.004 -12"><span class='ocrx_word' id='word_1_155' title='bbox 734 2459 936 2519; x_wconf 86' lang='lat' dir='ltr'><strong>stiano,</strong></span> <span class='ocrx_word' id='word_1_156' title='bbox 962 2462 1021 2509; x_wconf 90' lang='lat' dir='ltr'><strong>ut</strong></span> <span class='ocrx_word' id='word_1_157' title='bbox 1049 2455 1123 2510; x_wconf 90' lang='lat' dir='ltr'><strong>sit</strong></span> <span class='ocrx_word' id='word_1_158' title='bbox 1151 2452 1452 2524; x_wconf 80' lang='lat' dir='ltr'><strong>perfectus,</strong></span> <span class='ocrx_word' id='word_1_159' title='bbox 1489 2468 1600 2507; x_wconf 91' lang='lat' dir='ltr'><strong>non</strong></span> <span class='ocrx_word' id='word_1_160' title='bbox 1623 2450 1874 2506; x_wconf 83' lang='lat' dir='ltr'><strong>suﬂicere</strong></span> <span class='ocrx_word' id='word_1_161' title='bbox 1907 2450 2154 2512; x_wconf 79' lang='lat' dir='ltr'><strong>noverit.</strong></span> <span class='ocrx_word' id='word_1_162' title='bbox 2201 2450 2317 2505; x_wconf 88' lang='lat' dir='ltr'><strong>aie-</strong></span> 
     </span>
    </p>
   </div>
   <div class='ocr_carea' id='block_1_24' title="bbox 736 2539 2316 2616">
    <p class='ocr_par' dir='ltr' id='par_1_24' title="bbox 736 2539 2316 2616">
     <span class='ocr_line' id='line_1_24' title="bbox 736 2539 2316 2616; baseline -0.008 -11"><span class='ocrx_word' id='word_1_163' title='bbox 736 2550 830 2605; x_wconf 84' lang='lat' dir='ltr'><strong>bat</strong></span> <span class='ocrx_word' id='word_1_164' title='bbox 858 2567 870 2602; x_wconf 91' lang='lat'><strong>:</strong></span> <span class='ocrx_word' id='word_1_165' title='bbox 908 2548 1023 2602; x_wconf 79' lang='lat' dir='ltr'><strong>Nisi</strong></span> <span class='ocrx_word' id='word_1_166' title='bbox 1051 2546 1395 2601; x_wconf 84' lang='lat' dir='ltr'><strong>abundaverit</strong></span> <span class='ocrx_word' id='word_1_167' title='bbox 1425 2546 1644 2615; x_wconf 84' lang='lat' dir='ltr'><strong>justitia</strong></span> <span class='ocrx_word' id='word_1_168' title='bbox 1670 2554 1840 2600; x_wconf 82' lang='lat' dir='ltr'><strong>vestra</strong></span> <span class='ocrx_word' id='word_1_169' title='bbox 1863 2542 2154 2616; x_wconf 85' lang='lat' dir='ltr'><strong>plusquam</strong></span> <span class='ocrx_word' id='word_1_170' title='bbox 2169 2539 2316 2596; x_wconf 88' lang='lat' dir='ltr'><strong>Scri-</strong></span> 
     </span>
    </p>
   </div>
   <div class='ocr_carea' id='block_1_25' title="bbox 733 2636 2313 2706">
    <p class='ocr_par' dir='ltr' id='par_1_25' title="bbox 733 2636 2313 2706">
     <span class='ocr_line' id='line_1_25' title="bbox 733 2636 2313 2706; baseline -0.005 -11"><span class='ocrx_word' id='word_1_171' title='bbox 733 2642 917 2697; x_wconf 81' lang='lat' dir='ltr'><strong>barum</strong></span> <span class='ocrx_word' id='word_1_172' title='bbox 943 2650 990 2693; x_wconf 88' lang='lat' dir='ltr'><strong>et</strong></span> <span class='ocrx_word' id='word_1_173' title='bbox 1017 2639 1434 2704; x_wconf 70' lang='lat' dir='ltr'><strong>Pharisaeorum,</strong></span> <span class='ocrx_word' id='word_1_174' title='bbox 1464 2654 1571 2692; x_wconf 87' lang='lat' dir='ltr'><strong>non</strong></span> <span class='ocrx_word' id='word_1_175' title='bbox 1593 2636 1864 2692; x_wconf 86' lang='lat' dir='ltr'><strong>intrabitis</strong></span> <span class='ocrx_word' id='word_1_176' title='bbox 1892 2637 1949 2690; x_wconf 87' lang='lat' dir='ltr'><strong>in</strong></span> <span class='ocrx_word' id='word_1_177' title='bbox 1965 2650 2183 2706; x_wconf 79' lang='lat' dir='ltr'><strong>regnum</strong></span> <span class='ocrx_word' id='word_1_178' title='bbox 2211 2649 2313 2688; x_wconf 74' lang='lat' dir='ltr'><strong>cae-</strong></span> 
     </span>
    </p>
   </div>
   <div class='ocr_carea' id='block_1_26' title="bbox 736 2725 2315 2799">
    <p class='ocr_par' dir='ltr' id='par_1_26' title="bbox 736 2725 2315 2799">
     <span class='ocr_line' id='line_1_26' title="bbox 736 2725 2315 2799; baseline -0.003 -13"><span class='ocrx_word' id='word_1_179' title='bbox 736 2731 909 2786; x_wconf 86' lang='lat' dir='ltr'><strong>lorum</strong></span> <span class='ocrx_word' id='word_1_180' title='bbox 927 2732 997 2784; x_wconf 82' lang='lat'><strong>&quot;.</strong></span> <span class='ocrx_word' id='word_1_181' title='bbox 1024 2730 1155 2784; x_wconf 86' lang='lat' dir='ltr'><strong>Eam</strong></span> <span class='ocrx_word' id='word_1_182' title='bbox 1178 2731 1248 2786; x_wconf 92' lang='lat' dir='ltr'><strong>ob</strong></span> <span class='ocrx_word' id='word_1_183' title='bbox 1281 2744 1396 2784; x_wconf 88' lang='lat' dir='ltr'><strong>rem</strong></span> <span class='ocrx_word' id='word_1_184' title='bbox 1424 2744 1520 2785; x_wconf 91' lang='lat' dir='ltr'><strong>sus</strong></span> <span class='ocrx_word' id='word_1_185' title='bbox 1545 2728 1725 2799; x_wconf 86' lang='lat' dir='ltr'><strong>deque</strong></span> <span class='ocrx_word' id='word_1_186' title='bbox 1746 2727 2007 2797; x_wconf 89' lang='lat' dir='ltr'><strong>omnique</strong></span> <span class='ocrx_word' id='word_1_187' title='bbox 2028 2725 2315 2781; x_wconf 84' lang='lat' dir='ltr'><strong>occasione</strong></span> 
     </span>
    </p>
   </div>
   <div class='ocr_carea' id='block_1_27' title="bbox 735 2817 2317 2891">
    <p class='ocr_par' dir='ltr' id='par_1_27' title="bbox 735 2817 2317 2891">
     <span class='ocr_line' id='line_1_27' title="bbox 735 2817 2317 2891; baseline -0.003 -14"><span class='ocrx_word' id='word_1_188' title='bbox 735 2822 905 2878; x_wconf 87' lang='lat' dir='ltr'><strong>animi</strong></span> <span class='ocrx_word' id='word_1_189' title='bbox 960 2820 1404 2887; x_wconf 81' lang='lat' dir='ltr'><strong>sanctimoniam,</strong></span> <span class='ocrx_word' id='word_1_190' title='bbox 1443 2835 1552 2891; x_wconf 91' lang='lat' dir='ltr'><strong>qua</strong></span> <span class='ocrx_word' id='word_1_191' title='bbox 1600 2829 1657 2875; x_wconf 90' lang='lat' dir='ltr'><strong>et</strong></span> <span class='ocrx_word' id='word_1_192' title='bbox 1702 2834 1906 2890; x_wconf 88' lang='lat' dir='ltr'><strong>corpus</strong></span> <span class='ocrx_word' id='word_1_193' title='bbox 1960 2817 2317 2873; x_wconf 86' lang='lat' dir='ltr'><strong>sanctitatem</strong></span> 
     </span>
    </p>
   </div>
   <div class='ocr_carea' id='block_1_28' title="bbox 736 2909 2316 2985">
    <p class='ocr_par' dir='ltr' id='par_1_28' title="bbox 736 2909 2316 2985">
     <span class='ocr_line' id='line_1_28' title="bbox 736 2909 2316 2985; baseline -0.004 -15"><span class='ocrx_word' id='word_1_194' title='bbox 736 2915 1035 2980; x_wconf 83' lang='lat' dir='ltr'><strong>contrahit,</strong></span> <span class='ocrx_word' id='word_1_195' title='bbox 1057 2929 1359 2985; x_wconf 88' lang='lat' dir='ltr'><strong>veramque</strong></span> <span class='ocrx_word' id='word_1_196' title='bbox 1406 2912 1476 2970; x_wconf 84' lang='lat' dir='ltr'><strong>ad</strong></span> <span class='ocrx_word' id='word_1_197' title='bbox 1516 2927 1679 2968; x_wconf 88' lang='lat' dir='ltr'><strong>omne</strong></span> <span class='ocrx_word' id='word_1_198' title='bbox 1707 2912 1997 2967; x_wconf 89' lang='lat' dir='ltr'><strong>hominum</strong></span> <span class='ocrx_word' id='word_1_199' title='bbox 2026 2925 2201 2982; x_wconf 78' lang='lat' dir='ltr'><strong>genus</strong></span> <span class='ocrx_word' id='word_1_200' title='bbox 2227 2909 2316 2965; x_wconf 89' lang='lat' dir='ltr'><strong>di-</strong></span> 
     </span>
    </p>
   </div>
   <div class='ocr_carea' id='block_1_29' title="bbox 735 3001 2320 3077">
    <p class='ocr_par' dir='ltr' id='par_1_29' title="bbox 735 3001 2320 3077">
     <span class='ocr_line' id='line_1_29' title="bbox 735 3001 2320 3077; baseline -0.003 -16"><span class='ocrx_word' id='word_1_201' title='bbox 735 3007 1054 3069; x_wconf 85' lang='lat' dir='ltr'><strong>lectionem.</strong></span> <span class='ocrx_word' id='word_1_202' title='bbox 1092 3005 1425 3077; x_wconf 66' lang='lat' dir='ltr'><strong>praescribit,</strong></span> <span class='ocrx_word' id='word_1_203' title='bbox 1456 3005 1660 3075; x_wconf 87' lang='lat' dir='ltr'><strong>quibus</strong></span> <span class='ocrx_word' id='word_1_204' title='bbox 1706 3011 1765 3059; x_wconf 90' lang='lat' dir='ltr'><strong>et</strong></span> <span class='ocrx_word' id='word_1_205' title='bbox 1793 3002 1863 3058; x_wconf 87' lang='lat' dir='ltr'><strong>ad</strong></span> <span class='ocrx_word' id='word_1_206' title='bbox 1898 3017 2027 3057; x_wconf 90' lang='lat' dir='ltr'><strong>eum</strong></span> <span class='ocrx_word' id='word_1_207' title='bbox 2064 3001 2320 3059; x_wconf 88' lang='lat' dir='ltr'><strong>dilectio-</strong></span> 
     </span>
    </p>
   </div>
   <div class='ocr_carea' id='block_1_30' title="bbox 736 3089 2317 3163">
    <p class='ocr_par' dir='ltr' id='par_1_30' title="bbox 736 3089 2317 3163">
     <span class='ocr_line' id='line_1_30' title="bbox 736 3089 2317 3163; baseline -0.002 -15"><span class='ocrx_word' id='word_1_208' title='bbox 736 3110 867 3150; x_wconf 87' lang='lat' dir='ltr'><strong>nem</strong></span> <span class='ocrx_word' id='word_1_209' title='bbox 902 3095 1066 3150; x_wconf 88' lang='lat' dir='ltr'><strong>liceat</strong></span> <span class='ocrx_word' id='word_1_210' title='bbox 1097 3094 1346 3150; x_wconf 87' lang='lat' dir='ltr'><strong>nancisci</strong></span> <span class='ocrx_word' id='word_1_211' title='bbox 1386 3110 1401 3148; x_wconf 91' lang='lat'><strong>:</strong></span> <span class='ocrx_word' id='word_1_212' title='bbox 1446 3108 1616 3163; x_wconf 88' lang='lat' dir='ltr'><strong>seque</strong></span> <span class='ocrx_word' id='word_1_213' title='bbox 1647 3091 1767 3162; x_wconf 90' lang='lat' dir='ltr'><strong>ipse</strong></span> <span class='ocrx_word' id='word_1_214' title='bbox 1793 3106 1857 3146; x_wconf 87' lang='lat' dir='ltr'><strong>ac</strong></span> <span class='ocrx_word' id='word_1_215' title='bbox 1900 3090 2203 3160; x_wconf 86' lang='lat' dir='ltr'><strong>discipulos</strong></span> <span class='ocrx_word' id='word_1_216' title='bbox 2248 3089 2317 3146; x_wconf 87' lang='lat' dir='ltr'><strong>ad</strong></span> 
     </span>
    </p>
   </div>
   <div class='ocr_carea' id='block_1_31' title="bbox 2398 622 3982 697">
    <p class='ocr_par' dir='ltr' id='par_1_31' title="bbox 2398 622 3982 697">
     <span class='ocr_line' id='line_1_31' title="bbox 2398 622 3982 697; baseline 0.003 -20"><span class='ocrx_word' id='word_1_217' title='bbox 2398 622 2473 677; x_wconf 84' lang='grc' dir='ltr'><strong>τὰ</strong></span> <span class='ocrx_word' id='word_1_218' title='bbox 2498 622 2643 692; x_wconf 66' lang='grc' dir='ltr'><strong>ἔργα</strong></span> <span class='ocrx_word' id='word_1_219' title='bbox 2688 625 2913 692; x_wconf 78' lang='grc' dir='ltr'><strong>Κυρίου</strong></span> <span class='ocrx_word' id='word_1_220' title='bbox 2940 623 3197 694; x_wconf 77' lang='grc' dir='ltr'><strong>ἀμελῶς.</strong></span> <span class='ocrx_word' id='word_1_221' title='bbox 3239 623 3301 678; x_wconf 84' lang='grc' dir='ltr'>Εἰ</span> <span class='ocrx_word' id='word_1_222' title='bbox 3332 625 3442 695; x_wconf 77' lang='grc' dir='ltr'><strong>γὰρ</strong></span> <span class='ocrx_word' id='word_1_223' title='bbox 3469 623 3691 696; x_wconf 73' lang='grc' dir='ltr'><strong>εἴχομεν</strong></span> <span class='ocrx_word' id='word_1_224' title='bbox 3721 628 3982 697; x_wconf 71' lang='grc' dir='ltr'><strong>φροντίδα</strong></span> 
     </span>
    </p>
   </div>
   <div class='ocr_carea' id='block_1_32' title="bbox 2401 712 3982 787">
    <p class='ocr_par' dir='ltr' id='par_1_32' title="bbox 2401 712 3982 787">
     <span class='ocr_line' id='line_1_32' title="bbox 2401 712 3982 787; baseline 0.006 -25"><span class='ocrx_word' id='word_1_225' title='bbox 2401 714 2529 782; x_wconf 73' lang='grc' dir='ltr'><strong>περὶ</strong></span> <span class='ocrx_word' id='word_1_226' title='bbox 2560 712 2660 781; x_wconf 77' lang='grc' dir='ltr'><strong>τῆς</strong></span> <span class='ocrx_word' id='word_1_227' title='bbox 2684 714 2957 783; x_wconf 76' lang='grc' dir='ltr'><strong>σωτηρίας</strong></span> <span class='ocrx_word' id='word_1_228' title='bbox 2985 713 3093 767; x_wconf 88' lang='grc' dir='ltr'><strong>τῶν</strong></span> <span class='ocrx_word' id='word_1_229' title='bbox 3118 712 3306 783; x_wconf 75' lang='grc' dir='ltr'><strong>ψυχῶν</strong></span> <span class='ocrx_word' id='word_1_230' title='bbox 3344 713 3522 783; x_wconf 73' lang='grc' dir='ltr'><strong>ἡμῶν,</strong></span> <span class='ocrx_word' id='word_1_231' title='bbox 3563 715 3872 787; x_wconf 81' lang='grc' dir='ltr'><strong>ἑτρέμομεν</strong></span> <span class='ocrx_word' id='word_1_232' title='bbox 3914 718 3982 771; x_wconf 82' lang='grc' dir='ltr'><strong>ἂν</strong></span> 
     </span>
    </p>
   </div>
   <div class='ocr_carea' id='block_1_33' title="bbox 2400 803 3985 878">
    <p class='ocr_par' dir='ltr' id='par_1_33' title="bbox 2400 803 3985 878">
     <span class='ocr_line' id='line_1_33' title="bbox 2400 803 3985 878; baseline 0.003 -20"><span class='ocrx_word' id='word_1_233' title='bbox 2400 804 2494 858; x_wconf 67' lang='grc' dir='ltr'><strong>τὸν</strong></span> <span class='ocrx_word' id='word_1_234' title='bbox 2527 803 2685 873; x_wconf 78' lang='grc' dir='ltr'><strong>λόγον</strong></span> <span class='ocrx_word' id='word_1_235' title='bbox 2716 804 2812 858; x_wconf 83' lang='grc' dir='ltr'><strong>τοῦ</strong></span> <span class='ocrx_word' id='word_1_236' title='bbox 2859 805 3089 874; x_wconf 80' lang='grc' dir='ltr'>Κυρίου,</span> <span class='ocrx_word' id='word_1_237' title='bbox 3142 806 3237 858; x_wconf 76' lang='grc' dir='ltr'><strong>καὶ</strong></span> <span class='ocrx_word' id='word_1_238' title='bbox 3272 806 3608 878; x_wconf 77' lang='grc' dir='ltr'><strong>ἐσπεύδομεν</strong></span> <span class='ocrx_word' id='word_1_239' title='bbox 3632 808 3985 878; x_wconf 76' lang='grc' dir='ltr'><strong>κατορθῶσαι</strong></span> 
     </span>
    </p>
   </div>
   <div class='ocr_carea' id='block_1_34' title="bbox 2401 890 3984 967">
    <p class='ocr_par' dir='ltr' id='par_1_34' title="bbox 2401 890 3984 967">
     <span class='ocr_line' id='line_1_34' title="bbox 2401 890 3984 967; baseline -0.021 -17"><span class='ocrx_word' id='word_1_240' title='bbox 2401 896 2500 958; x_wconf 80' lang='grc' dir='ltr'><strong>τὰς</strong></span> <span class='ocrx_word' id='word_1_241' title='bbox 2544 895 2765 960; x_wconf 85' lang='grc' dir='ltr'><strong>ὲντολάς</strong></span> <span class='ocrx_word' id='word_1_242' title='bbox 2818 895 3004 961; x_wconf 80' lang='grc' dir='ltr'><strong>αὐτοῦ,</strong></span> <span class='ocrx_word' id='word_1_243' title='bbox 3055 896 3125 951; x_wconf 86' lang='grc' dir='ltr'><strong>δι’</strong></span> <span class='ocrx_word' id='word_1_244' title='bbox 3159 890 3234 951; x_wconf 84' lang='grc' dir='ltr'><strong>ὧν</strong></span> <span class='ocrx_word' id='word_1_245' title='bbox 3287 897 3383 949; x_wconf 76' lang='grc' dir='ltr'><strong>καὶ</strong></span> <span class='ocrx_word' id='word_1_246' title='bbox 3434 895 3771 967; x_wconf 51' lang='grc' dir='ltr'><strong>ἑσωξὸμεθα.</strong></span> <span class='ocrx_word' id='word_1_247' title='bbox 3838 897 3984 950; x_wconf 58' lang='grc' dir='ltr'><strong>Ἄλλο</strong></span> 
     </span>
    </p>
   </div>
   <div class='ocr_carea' id='block_1_35' title="bbox 2402 986 3989 1059">
    <p class='ocr_par' dir='ltr' id='par_1_35' title="bbox 2402 986 3989 1059">
     <span class='ocr_line' id='line_1_35' title="bbox 2402 986 3989 1059; baseline 0.003 -21"><span class='ocrx_word' id='word_1_248' title='bbox 2402 988 2565 1058; x_wconf 79' lang='grc' dir='ltr'><strong>ἡμεῖς</strong></span> <span class='ocrx_word' id='word_1_249' title='bbox 2600 986 2891 1051; x_wconf 82' lang='grc' dir='ltr'><strong>ἀκούοντες</strong></span> <span class='ocrx_word' id='word_1_250' title='bbox 2947 987 3042 1041; x_wconf 84' lang='grc' dir='ltr'><strong>τοῦ</strong></span> <span class='ocrx_word' id='word_1_251' title='bbox 3082 989 3309 1059; x_wconf 77' lang='grc' dir='ltr'><strong>Κυρίου,</strong></span> <span class='ocrx_word' id='word_1_252' title='bbox 3344 988 3625 1057; x_wconf 45' lang='grc' dir='ltr'><strong>λέγοντος</strong></span> <span class='ocrx_word' id='word_1_253' title='bbox 3655 990 3989 1044; x_wconf 77' lang='grc' dir='ltr'><strong>εἰσέλθετε</strong></span> 
     </span>
    </p>
   </div>
   <div class='ocr_carea' id='block_1_36' title="bbox 2403 1076 3989 1151">
    <p class='ocr_par' dir='ltr' id='par_1_36' title="bbox 2403 1076 3989 1151">
     <span class='ocr_line' id='line_1_36' title="bbox 2403 1076 3989 1151; baseline 0.003 -21"><span class='ocrx_word' id='word_1_254' title='bbox 2403 1077 2504 1133; x_wconf 83' lang='grc' dir='ltr'><strong>διὰ</strong></span> <span class='ocrx_word' id='word_1_255' title='bbox 2526 1076 2638 1147; x_wconf 78' lang='grc' dir='ltr'><strong>τῆς</strong></span> <span class='ocrx_word' id='word_1_256' title='bbox 2688 1078 2914 1147; x_wconf 80' lang='grc' dir='ltr'><strong>στενῆς</strong></span> <span class='ocrx_word' id='word_1_257' title='bbox 2947 1080 3172 1146; x_wconf 86' lang='grc' dir='ltr'><strong>πύλης,</strong></span> <span class='ocrx_word' id='word_1_258' title='bbox 3194 1078 3309 1149; x_wconf 84' lang='grc' dir='ltr'><strong>τῆς</strong></span> <span class='ocrx_word' id='word_1_259' title='bbox 3332 1081 3699 1151; x_wconf 62' lang='grc' dir='ltr'><strong>είσανούσης</strong></span> <span class='ocrx_word' id='word_1_260' title='bbox 3746 1083 3839 1147; x_wconf 77' lang='grc' dir='ltr'><strong>εἰς</strong></span> <span class='ocrx_word' id='word_1_261' title='bbox 3870 1082 3989 1149; x_wconf 78' lang='grc' dir='ltr'><strong>τὴν</strong></span> 
     </span>
    </p>
   </div>
   <div class='ocr_carea' id='block_1_37' title="bbox 2405 1170 3987 1246">
    <p class='ocr_par' dir='ltr' id='par_1_37' title="bbox 2405 1170 3987 1246">
     <span class='ocr_line' id='line_1_37' title="bbox 2405 1170 3987 1246; baseline 0.003 -23"><span class='ocrx_word' id='word_1_262' title='bbox 2405 1170 2558 1239; x_wconf 79' lang='grc' dir='ltr'><strong>ζωήν</strong></span> <span class='ocrx_word' id='word_1_263' title='bbox 2577 1188 2591 1203; x_wconf 77' lang='grc' dir='ltr'><strong>ο</strong></span> <span class='ocrx_word' id='word_1_264' title='bbox 2628 1172 3081 1242; x_wconf 81' lang='grc' dir='ltr'><strong>προετιμήσαμεν</strong></span> <span class='ocrx_word' id='word_1_265' title='bbox 3106 1172 3205 1242; x_wconf 75' lang='grc' dir='ltr'><strong>τὴν</strong></span> <span class='ocrx_word' id='word_1_266' title='bbox 3236 1172 3495 1226; x_wconf 78' lang='grc' dir='ltr'><strong>πλατεῖαν</strong></span> <span class='ocrx_word' id='word_1_267' title='bbox 3524 1174 3619 1226; x_wconf 76' lang='grc' dir='ltr'><strong>καὶ</strong></span> <span class='ocrx_word' id='word_1_268' title='bbox 3644 1174 3987 1246; x_wconf 76' lang='grc' dir='ltr'><strong>εὐρύχωρον,</strong></span> 
     </span>
    </p>
   </div>
   <div class='ocr_carea' id='block_1_38' title="bbox 2404 1262 3994 1335">
    <p class='ocr_par' dir='ltr' id='par_1_38' title="bbox 2404 1262 3994 1335">
     <span class='ocr_line' id='line_1_38' title="bbox 2404 1262 3994 1335; baseline 0.003 -20"><span class='ocrx_word' id='word_1_269' title='bbox 2404 1262 2502 1332; x_wconf 84' lang='grc' dir='ltr'><strong>τὴν</strong></span> <span class='ocrx_word' id='word_1_270' title='bbox 2528 1262 2847 1331; x_wconf 82' lang='grc' dir='ltr'><strong>ἀπάγουσαν</strong></span> <span class='ocrx_word' id='word_1_271' title='bbox 2875 1266 2954 1328; x_wconf 88' lang='grc' dir='ltr'><strong>είς</strong></span> <span class='ocrx_word' id='word_1_272' title='bbox 2982 1264 3080 1335; x_wconf 80' lang='grc' dir='ltr'><strong>τὴν</strong></span> <span class='ocrx_word' id='word_1_273' title='bbox 3109 1263 3408 1320; x_wconf 80' lang='grc' dir='ltr'><strong>ἀπώλειαν.</strong></span> <span class='ocrx_word' id='word_1_274' title='bbox 3454 1265 3554 1318; x_wconf 85' lang='grc' dir='ltr'><strong>Διά</strong></span> <span class='ocrx_word' id='word_1_275' title='bbox 3596 1264 3754 1320; x_wconf 74' lang='grc' dir='ltr'><strong>τοῦτο</strong></span> <span class='ocrx_word' id='word_1_276' title='bbox 3788 1267 3994 1320; x_wconf 78' lang='grc' dir='ltr'><strong>ἀκούο-</strong></span> 
     </span>
    </p>
   </div>
   <div class='ocr_carea' id='block_1_39' title="bbox 2410 1356 3992 1429">
    <p class='ocr_par' dir='ltr' id='par_1_39' title="bbox 2410 1356 3992 1429">
     <span class='ocr_line' id='line_1_39' title="bbox 2410 1356 3992 1429; baseline 0.003 -21"><span class='ocrx_word' id='word_1_277' title='bbox 2410 1373 2535 1424; x_wconf 87' lang='grc' dir='ltr'><strong>μεν,</strong></span> <span class='ocrx_word' id='word_1_278' title='bbox 2578 1357 2748 1410; x_wconf 86' lang='grc' dir='ltr'><strong>Ὅταν</strong></span> <span class='ocrx_word' id='word_1_279' title='bbox 2799 1358 2865 1410; x_wconf 83' lang='grc' dir='ltr'><strong>ὲκ</strong></span> <span class='ocrx_word' id='word_1_280' title='bbox 2909 1356 3018 1411; x_wconf 86' lang='grc' dir='ltr'><strong>τῶν</strong></span> <span class='ocrx_word' id='word_1_281' title='bbox 3065 1358 3317 1427; x_wconf 80' lang='grc' dir='ltr'><strong>οὐρανῶν</strong></span> <span class='ocrx_word' id='word_1_282' title='bbox 3373 1358 3750 1428; x_wconf 79' lang='grc' dir='ltr'><strong>παραγίνηται</strong></span> <span class='ocrx_word' id='word_1_283' title='bbox 3796 1361 3992 1429; x_wconf 79' lang='grc' dir='ltr'><strong>κρῖναι</strong></span> 
     </span>
    </p>
   </div>
   <div class='ocr_carea' id='block_1_40' title="bbox 2408 1445 3996 1518">
    <p class='ocr_par' dir='ltr' id='par_1_40' title="bbox 2408 1445 3996 1518">
     <span class='ocr_line' id='line_1_40' title="bbox 2408 1445 3996 1518; baseline 0.002 -20"><span class='ocrx_word' id='word_1_284' title='bbox 2408 1445 2618 1510; x_wconf 79' lang='grc' dir='ltr'><strong>ζῶντας</strong></span> <span class='ocrx_word' id='word_1_285' title='bbox 2652 1447 2748 1500; x_wconf 76' lang='grc' dir='ltr'><strong>καὶ</strong></span> <span class='ocrx_word' id='word_1_286' title='bbox 2791 1447 3050 1518; x_wconf 87' lang='grc' dir='ltr'><strong>νεκρούς·</strong></span> <span class='ocrx_word' id='word_1_287' title='bbox 3095 1446 3372 1517; x_wconf 79' lang='grc' dir='ltr'><strong>Ὑπάγετε</strong></span> <span class='ocrx_word' id='word_1_288' title='bbox 3401 1447 3503 1502; x_wconf 81' lang='grc' dir='ltr'><strong>ἀπ’</strong></span> <span class='ocrx_word' id='word_1_289' title='bbox 3544 1448 3714 1516; x_wconf 82' lang='grc' dir='ltr'><strong>ἐμοῦ,</strong></span> <span class='ocrx_word' id='word_1_290' title='bbox 3753 1451 3810 1501; x_wconf 83' lang='lat' dir='ltr'><strong>oi</strong></span> <span class='ocrx_word' id='word_1_291' title='bbox 3845 1465 3996 1502; x_wconf 81' lang='grc' dir='ltr'><strong>κατ-</strong></span> 
     </span>
    </p>
   </div>
   <div class='ocr_carea' id='block_1_41' title="bbox 2405 1537 3995 1609">
    <p class='ocr_par' dir='ltr' id='par_1_41' title="bbox 2405 1537 3995 1609">
     <span class='ocr_line' id='line_1_41' title="bbox 2405 1537 3995 1609; baseline 0 -16"><span class='ocrx_word' id='word_1_292' title='bbox 2405 1539 2713 1609; x_wconf 80' lang='grc' dir='ltr'><strong>ηραμένοι,</strong></span> <span class='ocrx_word' id='word_1_293' title='bbox 2740 1539 2829 1603; x_wconf 82' lang='grc' dir='ltr'><strong>είς</strong></span> <span class='ocrx_word' id='word_1_294' title='bbox 2856 1537 2925 1592; x_wconf 86' lang='grc' dir='ltr'><strong>τὸ</strong></span> <span class='ocrx_word' id='word_1_295' title='bbox 2954 1537 3074 1606; x_wconf 88' lang='grc' dir='ltr'><strong>πῦρ</strong></span> <span class='ocrx_word' id='word_1_296' title='bbox 3100 1537 3166 1592; x_wconf 82' lang='grc' dir='ltr'><strong>τὸ</strong></span> <span class='ocrx_word' id='word_1_297' title='bbox 3194 1537 3437 1593; x_wconf 69' lang='grc' dir='ltr'><strong>αἰώνιον</strong></span> <span class='ocrx_word' id='word_1_298' title='bbox 3457 1578 3473 1602; x_wconf 91' lang='grc'><strong>,</strong></span> <span class='ocrx_word' id='word_1_299' title='bbox 3513 1540 3580 1594; x_wconf 88' lang='grc' dir='ltr'><strong>τὸ</strong></span> <span class='ocrx_word' id='word_1_300' title='bbox 3619 1538 3995 1609; x_wconf 75' lang='grc' dir='ltr'><strong>ἡτοιμασμέ-</strong></span> 
     </span>
    </p>
   </div>
   <div class='ocr_carea' id='block_1_42' title="bbox 2408 1628 3707 1699">
    <p class='ocr_par' dir='ltr' id='par_1_42' title="bbox 2408 1628 3707 1699">
     <span class='ocr_line' id='line_1_42' title="bbox 2408 1628 3707 1699; baseline 0.001 -16"><span class='ocrx_word' id='word_1_301' title='bbox 2408 1646 2520 1684; x_wconf 89' lang='grc' dir='ltr'><strong>νον</strong></span> <span class='ocrx_word' id='word_1_302' title='bbox 2541 1629 2620 1694; x_wconf 85' lang='grc' dir='ltr'><strong>τῷ</strong></span> <span class='ocrx_word' id='word_1_303' title='bbox 2637 1628 2895 1694; x_wconf 77' lang='grc' dir='ltr'><strong>διαϐόλῳ</strong></span> <span class='ocrx_word' id='word_1_304' title='bbox 2921 1629 3020 1682; x_wconf 77' lang='grc' dir='ltr'><strong>καὶ</strong></span> <span class='ocrx_word' id='word_1_305' title='bbox 3047 1630 3171 1693; x_wconf 84' lang='grc' dir='ltr'><strong>τοῖς</strong></span> <span class='ocrx_word' id='word_1_306' title='bbox 3196 1629 3473 1699; x_wconf 70' lang='grc' dir='ltr'><strong>ἀγγέλοις</strong></span> <span class='ocrx_word' id='word_1_307' title='bbox 3498 1631 3707 1686; x_wconf 87' lang='grc' dir='ltr'><strong>αὐτοῦ.</strong></span> 
     </span>
    </p>
   </div>
   <div class='ocr_carea' id='block_1_43' title="bbox 2481 1719 3996 1793">
    <p class='ocr_par' dir='ltr' id='par_1_43' title="bbox 2481 1719 3996 1793">
     <span class='ocr_line' id='line_1_43' title="bbox 2481 1719 3996 1793; baseline 0.001 -20"><span class='ocrx_word' id='word_1_308' title='bbox 2481 1720 2546 1775; x_wconf 78' lang='grc' dir='ltr'><strong>λ’.</strong></span> <span class='ocrx_word' id='word_1_309' title='bbox 2586 1721 2696 1775; x_wconf 71' lang='grc' dir='ltr'><strong>Καὶ</strong></span> <span class='ocrx_word' id='word_1_310' title='bbox 2736 1720 2910 1774; x_wconf 83' lang='grc' dir='ltr'><strong>ταῦτα</strong></span> <span class='ocrx_word' id='word_1_311' title='bbox 2939 1719 3233 1790; x_wconf 82' lang='grc' dir='ltr'><strong>ἀκούομεν,</strong></span> <span class='ocrx_word' id='word_1_312' title='bbox 3263 1723 3360 1792; x_wconf 77' lang='grc' dir='ltr'><strong>οὐχ</strong></span> <span class='ocrx_word' id='word_1_313' title='bbox 3391 1721 3467 1786; x_wconf 86' lang='grc' dir='ltr'><strong>ὼς</strong></span> <span class='ocrx_word' id='word_1_314' title='bbox 3502 1723 3688 1786; x_wconf 79' lang='grc' dir='ltr'><strong>κακῶς</strong></span> <span class='ocrx_word' id='word_1_315' title='bbox 3740 1722 3996 1793; x_wconf 78' lang='grc' dir='ltr'><strong>πράξαν-</strong></span> 
     </span>
    </p>
   </div>
   <div class='ocr_carea' id='block_1_44' title="bbox 2410 1811 3998 1885">
    <p class='ocr_par' dir='ltr' id='par_1_44' title="bbox 2410 1811 3998 1885">
     <span class='ocr_line' id='line_1_44' title="bbox 2410 1811 3998 1885; baseline 0 -19"><span class='ocrx_word' id='word_1_316' title='bbox 2410 1830 2523 1877; x_wconf 91' lang='grc' dir='ltr'><strong>τες,</strong></span> <span class='ocrx_word' id='word_1_317' title='bbox 2554 1812 2670 1867; x_wconf 82' lang='grc' dir='ltr'><strong>ἀλλ’</strong></span> <span class='ocrx_word' id='word_1_318' title='bbox 2702 1813 2777 1877; x_wconf 83' lang='grc' dir='ltr'><strong>ὡς</strong></span> <span class='ocrx_word' id='word_1_319' title='bbox 2819 1812 2929 1866; x_wconf 85' lang='grc' dir='ltr'><strong>τῶν</strong></span> <span class='ocrx_word' id='word_1_320' title='bbox 2960 1811 3142 1866; x_wconf 85' lang='grc' dir='ltr'><strong>καλῶν</strong></span> <span class='ocrx_word' id='word_1_321' title='bbox 3171 1814 3569 1885; x_wconf 79' lang='grc' dir='ltr'><strong>ἀμελήσαντες,</strong></span> <span class='ocrx_word' id='word_1_322' title='bbox 3598 1814 3694 1868; x_wconf 74' lang='grc' dir='ltr'><strong>καὶ</strong></span> <span class='ocrx_word' id='word_1_323' title='bbox 3729 1815 3827 1868; x_wconf 74' lang='grc' dir='ltr'><strong>τὸν</strong></span> <span class='ocrx_word' id='word_1_324' title='bbox 3853 1814 3998 1883; x_wconf 63' lang='lat'><strong>:11;-</strong></span> 
     </span>
    </p>
   </div>
   <div class='ocr_carea' id='block_1_45' title="bbox 2345 1884 3999 1978">
    <p class='ocr_par' dir='ltr' id='par_1_45' title="bbox 2345 1884 3999 1978">
     <span class='ocr_line' id='line_1_45' title="bbox 2345 1884 3999 1978; baseline 0.008 -23"><span class='ocrx_word' id='word_1_325' title='bbox 2345 1884 2385 1939; x_wconf 74' lang='grc' dir='ltr'><strong><em>Β</em></strong></span> <span class='ocrx_word' id='word_1_326' title='bbox 2414 1904 2529 1959; x_wconf 85' lang='grc' dir='ltr'><strong>σίον</strong></span> <span class='ocrx_word' id='word_1_327' title='bbox 2556 1904 2630 1975; x_wconf 80' lang='grc' dir='ltr'><strong>μὴ</strong></span> <span class='ocrx_word' id='word_1_328' title='bbox 2655 1905 3060 1975; x_wconf 77' lang='grc' dir='ltr'><strong>ἀγαπήσαντες.</strong></span> <span class='ocrx_word' id='word_1_329' title='bbox 3078 1904 3142 1958; x_wconf 83' lang='lat' dir='ltr'><strong>El</strong></span> <span class='ocrx_word' id='word_1_330' title='bbox 3157 1905 3214 1959; x_wconf 83' lang='grc' dir='ltr'><strong>δὲ</strong></span> <span class='ocrx_word' id='word_1_331' title='bbox 3229 1906 3325 1960; x_wconf 75' lang='grc' dir='ltr'><strong>καὶ</strong></span> <span class='ocrx_word' id='word_1_332' title='bbox 3340 1884 3487 1959; x_wconf 66' lang='grc' dir='ltr'><strong>πακά</strong></span> <span class='ocrx_word' id='word_1_333' title='bbox 3510 1906 3860 1978; x_wconf 73' lang='grc' dir='ltr'><strong>ἐπράξαμεν,</strong></span> <span class='ocrx_word' id='word_1_334' title='bbox 3875 1907 3999 1969; x_wconf 75' lang='grc' dir='ltr'><strong>πῶς</strong></span> 
     </span>
    </p>
   </div>
   <div class='ocr_carea' id='block_1_46' title="bbox 2413 1995 4001 2069">
    <p class='ocr_par' dir='ltr' id='par_1_46' title="bbox 2413 1995 4001 2069">
     <span class='ocr_line' id='line_1_46' title="bbox 2413 1995 4001 2069; baseline 0 -19"><span class='ocrx_word' id='word_1_335' title='bbox 2413 1997 2711 2067; x_wconf 80' lang='grc' dir='ltr'><strong>ύποίσομεν</strong></span> <span class='ocrx_word' id='word_1_336' title='bbox 2736 1995 2837 2066; x_wconf 80' lang='grc' dir='ltr'><strong>τὴν</strong></span> <span class='ocrx_word' id='word_1_337' title='bbox 2861 1996 3075 2067; x_wconf 77' lang='grc' dir='ltr'><strong>ἡμέραν</strong></span> <span class='ocrx_word' id='word_1_338' title='bbox 3107 1998 3349 2066; x_wconf 72' lang='grc' dir='ltr'><strong>ἐκείνην,</strong></span> <span class='ocrx_word' id='word_1_339' title='bbox 3391 1996 3567 2062; x_wconf 73' lang='grc' dir='ltr'><strong>οὕτως</strong></span> <span class='ocrx_word' id='word_1_340' title='bbox 3611 1999 3836 2069; x_wconf 81' lang='grc' dir='ltr'><strong>ἀμελῶς</strong></span> <span class='ocrx_word' id='word_1_341' title='bbox 3876 1998 4001 2050; x_wconf 65' lang='grc' dir='ltr'><strong>διας</strong></span> 
     </span>
    </p>
   </div>
   <div class='ocr_carea' id='block_1_47' title="bbox 2412 2086 4001 2159">
    <p class='ocr_par' dir='ltr' id='par_1_47' title="bbox 2412 2086 4001 2159">
     <span class='ocr_line' id='line_1_47' title="bbox 2412 2086 4001 2159; baseline 0.001 -17"><span class='ocrx_word' id='word_1_342' title='bbox 2412 2089 2675 2158; x_wconf 79' lang='grc' dir='ltr'><strong>κείμενοις</strong></span> <span class='ocrx_word' id='word_1_343' title='bbox 2721 2086 2868 2159; x_wconf 78' lang='grc' dir='ltr'><strong>Πλὴν</strong></span> <span class='ocrx_word' id='word_1_344' title='bbox 2915 2087 3007 2154; x_wconf 74' lang='grc' dir='ltr'><strong>τὺ,</strong></span> <span class='ocrx_word' id='word_1_345' title='bbox 3057 2090 3138 2142; x_wconf 87' lang='grc' dir='ltr'><strong>Οὺ</strong></span> <span class='ocrx_word' id='word_1_346' title='bbox 3184 2089 3553 2159; x_wconf 79' lang='grc' dir='ltr'><strong>μοιχεύσεις,</strong></span> <span class='ocrx_word' id='word_1_347' title='bbox 3611 2092 3684 2144; x_wconf 87' lang='grc' dir='ltr'><strong>οὺ</strong></span> <span class='ocrx_word' id='word_1_348' title='bbox 3719 2088 4001 2159; x_wconf 68' lang='grc' dir='ltr'><strong>κλέψεις.</strong></span> 
     </span>
    </p>
   </div>
   <div class='ocr_carea' id='block_1_48' title="bbox 2411 2179 4002 2254">
    <p class='ocr_par' dir='ltr' id='par_1_48' title="bbox 2411 2179 4002 2254">
     <span class='ocr_line' id='line_1_48' title="bbox 2411 2179 4002 2254; baseline -0.001 -19"><span class='ocrx_word' id='word_1_349' title='bbox 2411 2182 2486 2235; x_wconf 86' lang='grc' dir='ltr'><strong>οὑ</strong></span> <span class='ocrx_word' id='word_1_350' title='bbox 2523 2180 2871 2250; x_wconf 74' lang='grc' dir='ltr'><strong>φονεύσεις,</strong></span> <span class='ocrx_word' id='word_1_351' title='bbox 2901 2183 2997 2233; x_wconf 75' lang='grc' dir='ltr'><strong>καὶ</strong></span> <span class='ocrx_word' id='word_1_352' title='bbox 3050 2179 3116 2233; x_wconf 75' lang='grc' dir='ltr'><strong>τὰ</strong></span> <span class='ocrx_word' id='word_1_353' title='bbox 3159 2179 3311 2250; x_wconf 79' lang='grc' dir='ltr'><strong>ἑξῆς,</strong></span> <span class='ocrx_word' id='word_1_354' title='bbox 3343 2183 3455 2244; x_wconf 66' lang='grc' dir='ltr'><strong>τοῖς</strong></span> <span class='ocrx_word' id='word_1_355' title='bbox 3496 2181 3746 2254; x_wconf 80' lang='grc' dir='ltr'><strong>ἁρχαέοις</strong></span> <span class='ocrx_word' id='word_1_356' title='bbox 3789 2182 4002 2252; x_wconf 71' lang='grc' dir='ltr'><strong>ἐρρέθη</strong></span> 
     </span>
    </p>
   </div>
   <div class='ocr_carea' id='block_1_49' title="bbox 2414 2271 4004 2343">
    <p class='ocr_par' dir='ltr' id='par_1_49' title="bbox 2414 2271 4004 2343">
     <span class='ocr_line' id='line_1_49' title="bbox 2414 2271 4004 2343; baseline -0.004 -15"><span class='ocrx_word' id='word_1_357' title='bbox 2414 2273 2503 2328; x_wconf 76' lang='grc' dir='ltr'><strong>διὰ</strong></span> <span class='ocrx_word' id='word_1_358' title='bbox 2530 2272 2813 2336; x_wconf 75' lang='grc' dir='ltr'><strong>Μωῦσέως</strong></span> <span class='ocrx_word' id='word_1_359' title='bbox 2833 2288 2847 2303; x_wconf 82' lang='grc'><em>’</em></span> <span class='ocrx_word' id='word_1_360' title='bbox 2875 2272 2904 2325; x_wconf 85' lang='grc' dir='ltr'>ὀ</span> <span class='ocrx_word' id='word_1_361' title='bbox 2930 2272 2986 2326; x_wconf 77' lang='grc' dir='ltr'><strong>δὲ</strong></span> <span class='ocrx_word' id='word_1_362' title='bbox 3029 2271 3259 2343; x_wconf 85' lang='grc' dir='ltr'><strong>Κύριος,</strong></span> <span class='ocrx_word' id='word_1_363' title='bbox 3291 2272 3449 2337; x_wconf 80' lang='grc' dir='ltr'><strong>εἰδὼς</strong></span> <span class='ocrx_word' id='word_1_364' title='bbox 3475 2273 3559 2326; x_wconf 74' lang='grc' dir='ltr'><strong>ὅτι</strong></span> <span class='ocrx_word' id='word_1_365' title='bbox 3589 2274 3688 2327; x_wconf 83' lang='grc' dir='ltr'><strong>οὐκ</strong></span> <span class='ocrx_word' id='word_1_366' title='bbox 3720 2273 3888 2343; x_wconf 84' lang='grc' dir='ltr'><strong>ἀρκεῖ</strong></span> <span class='ocrx_word' id='word_1_367' title='bbox 3920 2272 4004 2342; x_wconf 77' lang='grc' dir='ltr'><strong>τῷ</strong></span> 
     </span>
    </p>
   </div>
   <div class='ocr_carea' id='block_1_50' title="bbox 2412 2363 4002 2437">
    <p class='ocr_par' dir='ltr' id='par_1_50' title="bbox 2412 2363 4002 2437">
     <span class='ocr_line' id='line_1_50' title="bbox 2412 2363 4002 2437; baseline -0.004 -16"><span class='ocrx_word' id='word_1_368' title='bbox 2412 2364 2778 2435; x_wconf 71' lang='grc' dir='ltr'><strong>Χριπιανῷὴ</strong></span> <span class='ocrx_word' id='word_1_369' title='bbox 2809 2367 3017 2419; x_wconf 85' lang='grc' dir='ltr'><strong>τούτων</strong></span> <span class='ocrx_word' id='word_1_370' title='bbox 3044 2365 3207 2435; x_wconf 85' lang='grc' dir='ltr'><strong>μόνον</strong></span> <span class='ocrx_word' id='word_1_371' title='bbox 3252 2365 3485 2437; x_wconf 75' lang='grc' dir='ltr'><strong>τήρησις</strong></span> <span class='ocrx_word' id='word_1_372' title='bbox 3520 2363 3657 2435; x_wconf 73' lang='grc' dir='ltr'><strong>πρὸς</strong></span> <span class='ocrx_word' id='word_1_373' title='bbox 3687 2363 4002 2427; x_wconf 78' lang='grc' dir='ltr'><strong>τελεέωσιν,</strong></span> 
     </span>
    </p>
   </div>
   <div class='ocr_carea' id='block_1_51' title="bbox 2414 2453 4003 2524">
    <p class='ocr_par' dir='ltr' id='par_1_51' title="bbox 2414 2453 4003 2524">
     <span class='ocr_line' id='line_1_51' title="bbox 2414 2453 4003 2524; baseline 0 -16"><span class='ocrx_word' id='word_1_374' title='bbox 2414 2454 2631 2524; x_wconf 60' lang='grc' dir='ltr'><strong>ἔλεγεν</strong></span> <span class='ocrx_word' id='word_1_375' title='bbox 2673 2453 2853 2524; x_wconf 71' lang='grc' dir='ltr'><strong>Ἀμὴν</strong></span> <span class='ocrx_word' id='word_1_376' title='bbox 2887 2454 3044 2523; x_wconf 60' lang='grc' dir='ltr'><strong>λέγω</strong></span> <span class='ocrx_word' id='word_1_377' title='bbox 3077 2455 3242 2524; x_wconf 82' lang='grc' dir='ltr'><strong>ὑμῖν,</strong></span> <span class='ocrx_word' id='word_1_378' title='bbox 3279 2455 3361 2509; x_wconf 81' lang='grc' dir='ltr'><strong>ὃτι</strong></span> <span class='ocrx_word' id='word_1_379' title='bbox 3394 2455 3529 2509; x_wconf 83' lang='grc' dir='ltr'><strong>Ἐὰν</strong></span> <span class='ocrx_word' id='word_1_380' title='bbox 3546 2454 3635 2524; x_wconf 72' lang='grc' dir='ltr'><strong>μὴ</strong></span> <span class='ocrx_word' id='word_1_381' title='bbox 3669 2456 4003 2523; x_wconf 83' lang='grc' dir='ltr'><strong>περισσεύ-</strong></span> 
     </span>
    </p>
   </div>
   <div class='ocr_carea' id='block_1_52' title="bbox 2413 2543 4007 2619">
    <p class='ocr_par' dir='ltr' id='par_1_52' title="bbox 2413 2543 4007 2619">
     <span class='ocr_line' id='line_1_52' title="bbox 2413 2543 4007 2619; baseline -0.001 -18"><span class='ocrx_word' id='word_1_382' title='bbox 2413 2560 2498 2615; x_wconf 82' lang='grc' dir='ltr'><strong>σῃ</strong></span> <span class='ocrx_word' id='word_1_383' title='bbox 2536 2543 2705 2616; x_wconf 83' lang='grc' dir='ltr'><strong>ὑμῶν</strong></span> <span class='ocrx_word' id='word_1_384' title='bbox 2736 2548 2777 2615; x_wconf 74' lang='grc' dir='ltr'><strong><em>ἡ</em></strong></span> <span class='ocrx_word' id='word_1_385' title='bbox 2813 2545 3170 2619; x_wconf 76' lang='grc' dir='ltr'><strong>δικαιοσύνη</strong></span> <span class='ocrx_word' id='word_1_386' title='bbox 3197 2545 3390 2601; x_wconf 81' lang='grc' dir='ltr'><strong>πλέον</strong></span> <span class='ocrx_word' id='word_1_387' title='bbox 3435 2545 3555 2600; x_wconf 82' lang='grc' dir='ltr'><strong>τῶν</strong></span> <span class='ocrx_word' id='word_1_388' title='bbox 3595 2547 4007 2615; x_wconf 78' lang='grc' dir='ltr'><strong>Γραιιματέων</strong></span> 
     </span>
    </p>
   </div>
   <div class='ocr_carea' id='block_1_53' title="bbox 2417 2638 4006 2708">
    <p class='ocr_par' dir='ltr' id='par_1_53' title="bbox 2417 2638 4006 2708">
     <span class='ocr_line' id='line_1_53' title="bbox 2417 2638 4006 2708; baseline -0.002 -13"><span class='ocrx_word' id='word_1_389' title='bbox 2417 2639 2519 2695; x_wconf 80' lang='grc' dir='ltr'><strong>καὶ</strong></span> <span class='ocrx_word' id='word_1_390' title='bbox 2554 2639 2918 2708; x_wconf 74' lang='grc' dir='ltr'><strong>Φαρισαίων,</strong></span> <span class='ocrx_word' id='word_1_391' title='bbox 2946 2641 3018 2695; x_wconf 86' lang='grc' dir='ltr'><strong>οὐ</strong></span> <span class='ocrx_word' id='word_1_392' title='bbox 3057 2638 3146 2708; x_wconf 80' lang='grc' dir='ltr'><strong>μὴ</strong></span> <span class='ocrx_word' id='word_1_393' title='bbox 3178 2639 3493 2707; x_wconf 70' lang='grc' dir='ltr'><strong>εἰσέλθητε</strong></span> <span class='ocrx_word' id='word_1_394' title='bbox 3533 2642 3623 2704; x_wconf 72' lang='grc' dir='ltr'><strong>εἰς</strong></span> <span class='ocrx_word' id='word_1_395' title='bbox 3666 2639 3786 2708; x_wconf 80' lang='grc' dir='ltr'><strong>τὴν</strong></span> <span class='ocrx_word' id='word_1_396' title='bbox 3816 2639 4006 2703; x_wconf 80' lang='grc' dir='ltr'><strong>,ϐασι-</strong></span> 
     </span>
    </p>
   </div>
   <div class='ocr_carea' id='block_1_54' title="bbox 2413 2729 4008 2799">
    <p class='ocr_par' dir='ltr' id='par_1_54' title="bbox 2413 2729 4008 2799">
     <span class='ocr_line' id='line_1_54' title="bbox 2413 2729 4008 2799; baseline -0.003 -13"><span class='ocrx_word' id='word_1_397' title='bbox 2413 2732 2591 2786; x_wconf 84' lang='grc' dir='ltr'><strong>λείαν</strong></span> <span class='ocrx_word' id='word_1_398' title='bbox 2624 2729 2745 2785; x_wconf 83' lang='grc' dir='ltr'><strong>τῶν</strong></span> <span class='ocrx_word' id='word_1_399' title='bbox 2772 2729 3068 2799; x_wconf 78' lang='grc' dir='ltr'><strong>οὐρανῶν.</strong></span> <span class='ocrx_word' id='word_1_400' title='bbox 3100 2731 3198 2785; x_wconf 75' lang='grc' dir='ltr'><strong>Διὰ</strong></span> <span class='ocrx_word' id='word_1_401' title='bbox 3234 2729 3393 2785; x_wconf 82' lang='grc' dir='ltr'><strong>τοῦτο</strong></span> <span class='ocrx_word' id='word_1_402' title='bbox 3434 2731 3546 2785; x_wconf 66' lang='grc' dir='ltr'><strong>ἄνω</strong></span> <span class='ocrx_word' id='word_1_403' title='bbox 3582 2733 3677 2784; x_wconf 76' lang='grc' dir='ltr'><strong>καὶ</strong></span> <span class='ocrx_word' id='word_1_404' title='bbox 3708 2731 3868 2785; x_wconf 70' lang='grc' dir='ltr'><strong>κάτω</strong></span> <span class='ocrx_word' id='word_1_405' title='bbox 3908 2732 4008 2784; x_wconf 77' lang='grc' dir='ltr'><strong>τὸν</strong></span> 
     </span>
    </p>
   </div>
   <div class='ocr_carea' id='block_1_55' title="bbox 2415 2822 4007 2896">
    <p class='ocr_par' dir='ltr' id='par_1_55' title="bbox 2415 2822 4007 2896">
     <span class='ocr_line' id='line_1_55' title="bbox 2415 2822 4007 2896; baseline -0.003 -17"><span class='ocrx_word' id='word_1_406' title='bbox 2415 2824 2516 2896; x_wconf 81' lang='grc' dir='ltr'><strong>τῆς</strong></span> <span class='ocrx_word' id='word_1_407' title='bbox 2534 2823 2717 2894; x_wconf 80' lang='grc' dir='ltr'><strong>ψυχῆς</strong></span> <span class='ocrx_word' id='word_1_408' title='bbox 2746 2824 3041 2893; x_wconf 81' lang='grc' dir='ltr'><strong>ἀγιασμὸν,</strong></span> <span class='ocrx_word' id='word_1_409' title='bbox 3066 2823 3136 2878; x_wconf 84' lang='grc' dir='ltr'><strong>δι’</strong></span> <span class='ocrx_word' id='word_1_410' title='bbox 3164 2823 3232 2896; x_wconf 74' lang='grc' dir='ltr'><strong>ἢν</strong></span> <span class='ocrx_word' id='word_1_411' title='bbox 3271 2822 3365 2877; x_wconf 76' lang='grc' dir='ltr'><strong>καὶ</strong></span> <span class='ocrx_word' id='word_1_412' title='bbox 3395 2823 3455 2877; x_wconf 70' lang='grc' dir='ltr'><strong>τὸ</strong></span> <span class='ocrx_word' id='word_1_413' title='bbox 3484 2824 3646 2894; x_wconf 89' lang='grc' dir='ltr'><strong>σῶμα</strong></span> <span class='ocrx_word' id='word_1_414' title='bbox 3673 2823 4007 2893; x_wconf 73' lang='grc' dir='ltr'><strong>ἁγιάζεται,</strong></span> 
     </span>
    </p>
   </div>
   <div class='ocr_carea' id='block_1_56' title="bbox 2416 2914 4008 2988">
    <p class='ocr_par' dir='ltr' id='par_1_56' title="bbox 2416 2914 4008 2988">
     <span class='ocr_line' id='line_1_56' title="bbox 2416 2914 4008 2988; baseline -0.004 -17"><span class='ocrx_word' id='word_1_415' title='bbox 2416 2917 2515 2971; x_wconf 74' lang='grc' dir='ltr'><strong>καὶ</strong></span> <span class='ocrx_word' id='word_1_416' title='bbox 2541 2915 2640 2988; x_wconf 82' lang='grc' dir='ltr'><strong>τὴν</strong></span> <span class='ocrx_word' id='word_1_417' title='bbox 2670 2915 2806 2988; x_wconf 77' lang='grc' dir='ltr'><strong>πρὸς</strong></span> <span class='ocrx_word' id='word_1_418' title='bbox 2842 2915 3055 2979; x_wconf 81' lang='grc' dir='ltr'><strong>πάντας</strong></span> <span class='ocrx_word' id='word_1_419' title='bbox 3097 2914 3419 2987; x_wconf 80' lang='grc' dir='ltr'><strong>ἀνθρώπους</strong></span> <span class='ocrx_word' id='word_1_420' title='bbox 3474 2915 3743 2987; x_wconf 78' lang='grc' dir='ltr'><strong>εἰλικρινῆ</strong></span> <span class='ocrx_word' id='word_1_421' title='bbox 3775 2916 4008 2984; x_wconf 70' lang='grc' dir='ltr'><strong>ἀγάπην</strong></span> 
     </span>
    </p>
   </div>
   <div class='ocr_carea' id='block_1_57' title="bbox 2417 3000 4013 3079">
    <p class='ocr_par' dir='ltr' id='par_1_57' title="bbox 2417 3000 4013 3079">
     <span class='ocr_line' id='line_1_57' title="bbox 2417 3000 4013 3079; baseline 0 -17"><span class='ocrx_word' id='word_1_422' title='bbox 2417 3007 2799 3079; x_wconf 69' lang='grc' dir='ltr'><strong>ἐνομοθέτησε,</strong></span> <span class='ocrx_word' id='word_1_423' title='bbox 2821 3008 2891 3062; x_wconf 86' lang='grc' dir='ltr'><strong>δι’</strong></span> <span class='ocrx_word' id='word_1_424' title='bbox 2922 3000 2998 3062; x_wconf 86' lang='grc' dir='ltr'><strong>ὧν</strong></span> <span class='ocrx_word' id='word_1_425' title='bbox 3041 3007 3134 3062; x_wconf 79' lang='grc' dir='ltr'><strong>καὶ</strong></span> <span class='ocrx_word' id='word_1_426' title='bbox 3164 3006 3264 3079; x_wconf 79' lang='grc' dir='ltr'><strong>τὴν</strong></span> <span class='ocrx_word' id='word_1_427' title='bbox 3284 3009 3366 3070; x_wconf 88' lang='grc' dir='ltr'><strong>είς</strong></span> <span class='ocrx_word' id='word_1_428' title='bbox 3400 3009 3562 3061; x_wconf 71' lang='grc' dir='ltr'><strong>αὐτὸν</strong></span> <span class='ocrx_word' id='word_1_429' title='bbox 3606 3009 3838 3078; x_wconf 82' lang='grc' dir='ltr'><strong>ἀγάπην</strong></span> <span class='ocrx_word' id='word_1_430' title='bbox 3870 3009 4013 3076; x_wconf 74' lang='grc' dir='ltr'><strong>κτή-</strong></span> 
     </span>
    </p>
   </div>
   <div class='ocr_carea' id='block_1_58' title="bbox 2419 3097 4009 3170">
    <p class='ocr_par' dir='ltr' id='par_1_58' title="bbox 2419 3097 4009 3170">
     <span class='ocr_line' id='line_1_58' title="bbox 2419 3097 4009 3170; baseline 0.001 -18"><span class='ocrx_word' id='word_1_431' title='bbox 2419 3097 2619 3152; x_wconf 81' lang='grc' dir='ltr'><strong>σασθαι</strong></span> <span class='ocrx_word' id='word_1_432' title='bbox 2643 3098 2923 3168; x_wconf 82' lang='grc' dir='ltr'><strong>δυνάμεθα</strong></span> <span class='ocrx_word' id='word_1_433' title='bbox 2941 3114 2956 3129; x_wconf 78' lang='grc' dir='ltr'><strong>ο</strong></span> <span class='ocrx_word' id='word_1_434' title='bbox 2999 3098 3096 3152; x_wconf 73' lang='grc' dir='ltr'><strong>καὶ</strong></span> <span class='ocrx_word' id='word_1_435' title='bbox 3126 3098 3318 3153; x_wconf 68' lang='grc' dir='ltr'><strong>ἑαυτὸν</strong></span> <span class='ocrx_word' id='word_1_436' title='bbox 3342 3098 3513 3151; x_wconf 86' lang='grc' dir='ltr'><strong>τύπον</strong></span> <span class='ocrx_word' id='word_1_437' title='bbox 3543 3098 3709 3170; x_wconf 78' lang='grc' dir='ltr'><strong>μέχρι</strong></span> <span class='ocrx_word' id='word_1_438' title='bbox 3740 3097 4009 3165; x_wconf 80' lang='grc' dir='ltr'><strong>θανάτου,</strong></span> 
     </span>
    </p>
   </div>
   <div class='ocr_carea' id='block_1_59' title="bbox 739 3182 2319 3280">
    <p class='ocr_par' dir='ltr' id='par_1_59' title="bbox 739 3182 2311 3255">
     <span class='ocr_line' id='line_1_59' title="bbox 739 3182 2311 3255; baseline -0.001 -15"><span class='ocrx_word' id='word_1_439' title='bbox 739 3195 974 3240; x_wconf 87' lang='lat' dir='ltr'><strong>mortem</strong></span> <span class='ocrx_word' id='word_1_440' title='bbox 1007 3200 1182 3255; x_wconf 87' lang='lat' dir='ltr'><strong>usque</strong></span> <span class='ocrx_word' id='word_1_441' title='bbox 1212 3186 1525 3255; x_wconf 77' lang='lat' dir='ltr'><strong>exemplum</strong></span> <span class='ocrx_word' id='word_1_442' title='bbox 1555 3200 1620 3240; x_wconf 87' lang='lat' dir='ltr'><strong>ac</strong></span> <span class='ocrx_word' id='word_1_443' title='bbox 1656 3199 1908 3239; x_wconf 89' lang='lat' dir='ltr'><strong>normam</strong></span> <span class='ocrx_word' id='word_1_444' title='bbox 1941 3182 2117 3250; x_wconf 88' lang='lat' dir='ltr'><strong>dedit,</strong></span> <span class='ocrx_word' id='word_1_445' title='bbox 2165 3182 2247 3239; x_wconf 90' lang='lat' dir='ltr'><strong>uti</strong></span> <span class='ocrx_word' id='word_1_446' title='bbox 2277 3199 2311 3238; x_wconf 86' lang='lat' dir='ltr'><strong>a</strong></span> 
     </span>
    </p>
   </div>
   <div class='ocr_carea' id='block_1_60' title="bbox 2414 3182 4011 3280">
    <p class='ocr_par' dir='ltr' id='par_1_60' title="bbox 2423 3188 4011 3263">
     <span class='ocr_line' id='line_1_60' title="bbox 2423 3188 4011 3263; baseline 0 -20"><span class='ocrx_word' id='word_1_447' title='bbox 2423 3190 2520 3244; x_wconf 75' lang='grc' dir='ltr'><strong>καὶ</strong></span> <span class='ocrx_word' id='word_1_448' title='bbox 2568 3190 2700 3254; x_wconf 82' lang='grc' dir='ltr'><strong>τοὺς</strong></span> <span class='ocrx_word' id='word_1_449' title='bbox 2733 3188 2900 3243; x_wconf 81' lang='grc' dir='ltr'><strong>αὐτοῦ</strong></span> <span class='ocrx_word' id='word_1_450' title='bbox 2934 3189 3185 3261; x_wconf 79' lang='grc' dir='ltr'><strong>μαθητὰς</strong></span> <span class='ocrx_word' id='word_1_451' title='bbox 3227 3192 3361 3263; x_wconf 70' lang='grc' dir='ltr'><strong>ἡμῖν</strong></span> <span class='ocrx_word' id='word_1_452' title='bbox 3411 3190 3718 3262; x_wconf 80' lang='grc' dir='ltr'><strong>παρέσχεν,</strong></span> <span class='ocrx_word' id='word_1_453' title='bbox 3757 3190 3842 3254; x_wconf 84' lang='grc' dir='ltr'><strong>ὡς</strong></span> <span class='ocrx_word' id='word_1_454' title='bbox 3880 3190 4011 3244; x_wconf 69' lang='grc' dir='ltr'><strong>πολ-</strong></span> 
     </span>
    </p>
   </div>
   <div class='ocr_carea' id='block_1_61' title="bbox 738 3276 1484 3347">
    <p class='ocr_par' dir='ltr' id='par_1_61' title="bbox 738 3276 1484 3347">
     <span class='ocr_line' id='line_1_61' title="bbox 738 3276 1484 3347; baseline -0.001 -15"><span class='ocrx_word' id='word_1_455' title='bbox 738 3276 900 3332; x_wconf 82' lang='lat' dir='ltr'><strong>nobis</strong></span> <span class='ocrx_word' id='word_1_456' title='bbox 923 3278 1122 3347; x_wconf 73' lang='lat' dir='ltr'><strong>smpius</strong></span> <span class='ocrx_word' id='word_1_457' title='bbox 1142 3278 1352 3332; x_wconf 86' lang='lat' dir='ltr'><strong>dictum</strong></span> <span class='ocrx_word' id='word_1_458' title='bbox 1377 3286 1484 3331; x_wconf 86' lang='lat' dir='ltr'><strong>est.</strong></span> 
     </span>
    </p>
   </div>
   <div class='ocr_carea' id='block_1_62' title="bbox 809 3392 2319 3464">
    <p class='ocr_par' dir='ltr' id='par_1_62' title="bbox 809 3392 2319 3464">
     <span class='ocr_line' id='line_1_62' title="bbox 809 3392 2319 3464; baseline -0.002 -16"><span class='ocrx_word' id='word_1_459' title='bbox 809 3396 897 3448; x_wconf 77' lang='lat'><strong>&#39;51.</strong></span> <span class='ocrx_word' id='word_1_460' title='bbox 939 3394 1111 3461; x_wconf 79' lang='lat' dir='ltr'><strong>Quam</strong></span> <span class='ocrx_word' id='word_1_461' title='bbox 1144 3409 1274 3464; x_wconf 80' lang='lat' dir='ltr'><strong>ergo</strong></span> <span class='ocrx_word' id='word_1_462' title='bbox 1299 3394 1711 3448; x_wconf 80' lang='lat' dir='ltr'><strong>excusationem</strong></span> <span class='ocrx_word' id='word_1_463' title='bbox 1762 3393 1818 3447; x_wconf 91' lang='lat' dir='ltr'><strong>in</strong></span> <span class='ocrx_word' id='word_1_464' title='bbox 1848 3393 1938 3447; x_wconf 90' lang='lat' dir='ltr'><strong>die</strong></span> <span class='ocrx_word' id='word_1_465' title='bbox 1961 3393 2057 3447; x_wconf 89' lang='lat' dir='ltr'><strong>illo</strong></span> <span class='ocrx_word' id='word_1_466' title='bbox 2086 3392 2319 3447; x_wconf 83' lang='lat' dir='ltr'><strong>habebi-</strong></span> 
     </span>
    </p>
   </div>
   <div class='ocr_carea' id='block_1_63' title="bbox 739 3483 2319 3555">
    <p class='ocr_par' dir='ltr' id='par_1_63' title="bbox 739 3483 2319 3555">
     <span class='ocr_line' id='line_1_63' title="bbox 739 3483 2319 3555; baseline -0.001 -17"><span class='ocrx_word' id='word_1_467' title='bbox 739 3498 883 3548; x_wconf 80' lang='lat' dir='ltr'><strong>mus,</strong></span> <span class='ocrx_word' id='word_1_468' title='bbox 914 3486 1006 3554; x_wconf 88' lang='lat' dir='ltr'><strong>qui</strong></span> <span class='ocrx_word' id='word_1_469' title='bbox 1061 3486 1152 3538; x_wconf 85' lang='lat' dir='ltr'><strong>tali</strong></span> <span class='ocrx_word' id='word_1_470' title='bbox 1196 3485 1449 3555; x_wconf 77' lang='lat' dir='ltr'><strong>exemplo</strong></span> <span class='ocrx_word' id='word_1_471' title='bbox 1482 3484 1602 3538; x_wconf 81' lang='lat' dir='ltr'><strong>fulti</strong></span> <span class='ocrx_word' id='word_1_472' title='bbox 1630 3484 1711 3539; x_wconf 92' lang='lat' dir='ltr'><strong>sic</strong></span> <span class='ocrx_word' id='word_1_473' title='bbox 1762 3483 1980 3538; x_wconf 90' lang='lat' dir='ltr'><strong>desides</strong></span> <span class='ocrx_word' id='word_1_474' title='bbox 2014 3498 2319 3553; x_wconf 78' lang='lat' dir='ltr'><strong>segnesque</strong></span> 
     </span>
    </p>
   </div>
   <div class='ocr_carea' id='block_1_64' title="bbox 740 3574 2320 3647">
    <p class='ocr_par' dir='ltr' id='par_1_64' title="bbox 740 3574 2320 3647">
     <span class='ocr_line' id='line_1_64' title="bbox 740 3574 2320 3647; baseline -0.002 -15"><span class='ocrx_word' id='word_1_475' title='bbox 740 3578 974 3632; x_wconf 85' lang='lat' dir='ltr'><strong>sumus?</strong></span> <span class='ocrx_word' id='word_1_476' title='bbox 1004 3576 1359 3647; x_wconf 75' lang='lat' dir='ltr'><strong>Lugcns-nos</strong></span> <span class='ocrx_word' id='word_1_477' title='bbox 1389 3574 1676 3638; x_wconf 81' lang='lat' dir='ltr'><strong>Jcremias,</strong></span> <span class='ocrx_word' id='word_1_478' title='bbox 1716 3574 1811 3644; x_wconf 91' lang='lat' dir='ltr'><strong>qui</strong></span> <span class='ocrx_word' id='word_1_479' title='bbox 1840 3582 1989 3629; x_wconf 87' lang='lat' dir='ltr'><strong>tanta</strong></span> <span class='ocrx_word' id='word_1_480' title='bbox 2023 3574 2197 3645; x_wconf 81' lang='lat' dir='ltr'><strong>gratia</strong></span> <span class='ocrx_word' id='word_1_481' title='bbox 2218 3574 2320 3629; x_wconf 90' lang='lat' dir='ltr'><strong>do-</strong></span> 
     </span>
    </p>
   </div>
   <div class='ocr_carea' id='block_1_65' title="bbox 742 3665 2322 3738">
    <p class='ocr_par' dir='ltr' id='par_1_65' title="bbox 742 3665 2322 3738">
     <span class='ocr_line' id='line_1_65' title="bbox 742 3665 2322 3738; baseline -0.001 -17"><span class='ocrx_word' id='word_1_482' title='bbox 742 3670 880 3730; x_wconf 85' lang='lat' dir='ltr'><strong>nati,</strong></span> <span class='ocrx_word' id='word_1_483' title='bbox 908 3684 1080 3738; x_wconf 88' lang='lat' dir='ltr'><strong>usque</strong></span> <span class='ocrx_word' id='word_1_484' title='bbox 1108 3667 1249 3721; x_wconf 87' lang='lat' dir='ltr'><strong>adeo</strong></span> <span class='ocrx_word' id='word_1_485' title='bbox 1295 3667 1627 3737; x_wconf 80' lang='lat' dir='ltr'><strong>negligentia</strong></span> <span class='ocrx_word' id='word_1_486' title='bbox 1669 3675 1979 3736; x_wconf 89' lang='lat' dir='ltr'><strong>torpemus;</strong></span> <span class='ocrx_word' id='word_1_487' title='bbox 2017 3681 2113 3721; x_wconf 88' lang='lat' dir='ltr'><strong>seu</strong></span> <span class='ocrx_word' id='word_1_488' title='bbox 2137 3665 2322 3736; x_wconf 89' lang='lat' dir='ltr'><strong>potius</strong></span> 
     </span>
    </p>
   </div>
   <div class='ocr_carea' id='block_1_66' title="bbox 742 3756 2324 3827">
    <p class='ocr_par' dir='ltr' id='par_1_66' title="bbox 742 3756 2324 3827">
     <span class='ocr_line' id='line_1_66' title="bbox 742 3756 2324 3827; baseline -0.002 -14"><span class='ocrx_word' id='word_1_489' title='bbox 742 3759 948 3813; x_wconf 87' lang='lat' dir='ltr'><strong>malitia</strong></span> <span class='ocrx_word' id='word_1_490' title='bbox 985 3759 1136 3813; x_wconf 91' lang='lat' dir='ltr'><strong>omni</strong></span> <span class='ocrx_word' id='word_1_491' title='bbox 1163 3757 1308 3827; x_wconf 87' lang='lat' dir='ltr'><strong>pleni</strong></span> <span class='ocrx_word' id='word_1_492' title='bbox 1331 3772 1544 3822; x_wconf 87' lang='lat' dir='ltr'><strong>sumus,</strong></span> <span class='ocrx_word' id='word_1_493' title='bbox 1581 3758 1763 3811; x_wconf 83' lang='lat' dir='ltr'><strong>aiebat</strong></span> <span class='ocrx_word' id='word_1_494' title='bbox 1788 3776 1801 3810; x_wconf 76' lang='grc' dir='ltr'>ε</span> <span class='ocrx_word' id='word_1_495' title='bbox 1825 3756 1955 3822; x_wconf 81' lang='lat' dir='ltr'><strong>Quis</strong></span> <span class='ocrx_word' id='word_1_496' title='bbox 1988 3757 2133 3811; x_wconf 85' lang='lat' dir='ltr'><strong>dabit</strong></span> <span class='ocrx_word' id='word_1_497' title='bbox 2162 3757 2324 3826; x_wconf 79' lang='lat' dir='ltr'><strong>capiti</strong></span> 
     </span>
    </p>
   </div>
   <div class='ocr_carea' id='block_1_67' title="bbox 743 3848 2322 3921">
    <p class='ocr_par' dir='ltr' id='par_1_67' title="bbox 743 3848 2322 3921">
     <span class='ocr_line' id='line_1_67' title="bbox 743 3848 2322 3921; baseline -0.002 -17"><span class='ocrx_word' id='word_1_498' title='bbox 743 3867 858 3905; x_wconf 87' lang='lat' dir='ltr'><strong>meo</strong></span> <span class='ocrx_word' id='word_1_499' title='bbox 892 3867 1108 3921; x_wconf 76' lang='lat' dir='ltr'><strong>aquam,</strong></span> <span class='ocrx_word' id='word_1_500' title='bbox 1150 3859 1198 3903; x_wconf 91' lang='lat' dir='ltr'><strong>et</strong></span> <span class='ocrx_word' id='word_1_501' title='bbox 1227 3848 1394 3903; x_wconf 80' lang='lat' dir='ltr'><strong>oculis</strong></span> <span class='ocrx_word' id='word_1_502' title='bbox 1430 3850 1553 3903; x_wconf 80' lang='lat' dir='ltr'><strong>meis</strong></span> <span class='ocrx_word' id='word_1_503' title='bbox 1586 3848 1784 3919; x_wconf 85' lang='lat' dir='ltr'><strong>fontem</strong></span> <span class='ocrx_word' id='word_1_504' title='bbox 1815 3849 2180 3920; x_wconf 83' lang='lat' dir='ltr'><strong>lacrymarum</strong></span> <span class='ocrx_word' id='word_1_505' title='bbox 2208 3889 2222 3914; x_wconf 91' lang='lat'><strong>,</strong></span> <span class='ocrx_word' id='word_1_506' title='bbox 2272 3859 2322 3902; x_wconf 91' lang='lat' dir='ltr'><strong>et</strong></span> 
     </span>
    </p>
   </div>
   <div class='ocr_carea' id='block_1_68' title="bbox 743 3941 2326 4013">
    <p class='ocr_par' dir='ltr' id='par_1_68' title="bbox 743 3941 2326 4013">
     <span class='ocr_line' id='line_1_68' title="bbox 743 3941 2326 4013; baseline -0.002 -16"><span class='ocrx_word' id='word_1_507' title='bbox 743 3942 962 4013; x_wconf 89' lang='lat' dir='ltr'><strong>plorabo</strong></span> <span class='ocrx_word' id='word_1_508' title='bbox 1022 3941 1277 4013; x_wconf 83' lang='lat' dir='ltr'><strong>populum</strong></span> <span class='ocrx_word' id='word_1_509' title='bbox 1328 3941 1464 3994; x_wconf 79' lang='lat' dir='ltr'><strong>hunc</strong></span> <span class='ocrx_word' id='word_1_510' title='bbox 1506 3941 1590 3995; x_wconf 87' lang='lat' dir='ltr'><strong>die</strong></span> <span class='ocrx_word' id='word_1_511' title='bbox 1621 3957 1684 3995; x_wconf 92' lang='lat' dir='ltr'><strong>ac</strong></span> <span class='ocrx_word' id='word_1_512' title='bbox 1736 3949 1883 3995; x_wconf 87' lang='lat' dir='ltr'><strong>nocte</strong></span> <span class='ocrx_word' id='word_1_513' title='bbox 1907 3941 2003 3995; x_wconf 75' lang='lat'><strong>&quot;&#39;?</strong></span> <span class='ocrx_word' id='word_1_514' title='bbox 2048 3941 2226 3995; x_wconf 85' lang='lat' dir='ltr'><strong>Audio</strong></span> <span class='ocrx_word' id='word_1_515' title='bbox 2269 3948 2326 3995; x_wconf 88' lang='lat' dir='ltr'><strong>et</strong></span> 
     </span>
    </p>
   </div>
   <div class='ocr_carea' id='block_1_69' title="bbox 747 4027 2325 4102">
    <p class='ocr_par' dir='ltr' id='par_1_69' title="bbox 747 4027 2325 4102">
     <span class='ocr_line' id='line_1_69' title="bbox 747 4027 2325 4102; baseline -0.003 -15"><span class='ocrx_word' id='word_1_516' title='bbox 747 4031 984 4102; x_wconf 67' lang='lat' dir='ltr'><strong>Moysen]</strong></span> <span class='ocrx_word' id='word_1_517' title='bbox 1020 4030 1088 4084; x_wconf 89' lang='lat' dir='ltr'><strong>de</strong></span> <span class='ocrx_word' id='word_1_518' title='bbox 1119 4029 1283 4084; x_wconf 86' lang='lat' dir='ltr'><strong>nobis</strong></span> <span class='ocrx_word' id='word_1_519' title='bbox 1329 4029 1649 4098; x_wconf 86' lang='lat' dir='ltr'><strong>loquentem</strong></span> <span class='ocrx_word' id='word_1_520' title='bbox 1682 4046 1694 4082; x_wconf 95' lang='lat'>:</span> <span class='ocrx_word' id='word_1_521' title='bbox 1729 4028 1799 4083; x_wconf 85' lang='lat' dir='ltr'><strong>Et</strong></span> <span class='ocrx_word' id='word_1_522' title='bbox 1828 4028 2051 4083; x_wconf 87' lang='lat' dir='ltr'><strong>comedit</strong></span> <span class='ocrx_word' id='word_1_523' title='bbox 2078 4027 2241 4083; x_wconf 75' lang='lat' dir='ltr'><strong>Iacob</strong></span> <span class='ocrx_word' id='word_1_524' title='bbox 2275 4036 2325 4082; x_wconf 83' lang='lat' dir='ltr'><strong>et</strong></span> 
     </span>
    </p>
   </div>
   <div class='ocr_carea' id='block_1_70' title="bbox 743 4121 2324 4193">
    <p class='ocr_par' dir='ltr' id='par_1_70' title="bbox 743 4121 2324 4193">
     <span class='ocr_line' id='line_1_70' title="bbox 743 4121 2324 4193; baseline -0.002 -16"><span class='ocrx_word' id='word_1_525' title='bbox 743 4130 1017 4178; x_wconf 76' lang='lat' dir='ltr'><strong>saturatas</strong></span> <span class='ocrx_word' id='word_1_526' title='bbox 1062 4130 1169 4187; x_wconf 86' lang='lat' dir='ltr'><strong>est;</strong></span> <span class='ocrx_word' id='word_1_527' title='bbox 1198 4130 1247 4176; x_wconf 83' lang='lat' dir='ltr'><strong>et</strong></span> <span class='ocrx_word' id='word_1_528' title='bbox 1278 4121 1633 4176; x_wconf 88' lang='lat' dir='ltr'><strong>recalcitravit</strong></span> <span class='ocrx_word' id='word_1_529' title='bbox 1668 4121 1909 4177; x_wconf 86' lang='lat' dir='ltr'><strong>dilectus.</strong></span> <span class='ocrx_word' id='word_1_530' title='bbox 1953 4121 2324 4193; x_wconf 84' lang='lat' dir='ltr'><strong>Impinguatus</strong></span> 
     </span>
    </p>
   </div>
   <div class='ocr_carea' id='block_1_71' title="bbox 745 4212 2326 4284">
    <p class='ocr_par' dir='ltr' id='par_1_71' title="bbox 745 4212 2326 4284">
     <span class='ocr_line' id='line_1_71' title="bbox 745 4212 2326 4284; baseline -0.001 -15"><span class='ocrx_word' id='word_1_531' title='bbox 745 4223 842 4277; x_wconf 83' lang='lat' dir='ltr'><strong>est,</strong></span> <span class='ocrx_word' id='word_1_532' title='bbox 867 4216 1194 4268; x_wconf 78' lang='lat' dir='ltr'><strong>incrassatus</strong></span> <span class='ocrx_word' id='word_1_533' title='bbox 1229 4221 1325 4278; x_wconf 80' lang='lat' dir='ltr'><strong>est,</strong></span> <span class='ocrx_word' id='word_1_534' title='bbox 1357 4213 1618 4268; x_wconf 85' lang='lat' dir='ltr'><strong>dilatatus</strong></span> <span class='ocrx_word' id='word_1_535' title='bbox 1650 4222 1748 4278; x_wconf 82' lang='lat' dir='ltr'><strong>est,</strong></span> <span class='ocrx_word' id='word_1_536' title='bbox 1788 4221 1838 4268; x_wconf 89' lang='lat' dir='ltr'><strong>et</strong></span> <span class='ocrx_word' id='word_1_537' title='bbox 1860 4212 2134 4284; x_wconf 82' lang='lat' dir='ltr'><strong>dereliquit</strong></span> <span class='ocrx_word' id='word_1_538' title='bbox 2159 4213 2326 4267; x_wconf 87' lang='lat' dir='ltr'><strong>Deum</strong></span> 
     </span>
    </p>
   </div>
   <div class='ocr_carea' id='block_1_72' title="bbox 747 4302 2323 4376">
    <p class='ocr_par' dir='ltr' id='par_1_72' title="bbox 747 4302 2323 4376">
     <span class='ocr_line' id='line_1_72' title="bbox 747 4302 2323 4376; baseline -0.001 -17"><span class='ocrx_word' id='word_1_539' title='bbox 747 4306 1001 4376; x_wconf 83' lang='lat' dir='ltr'><strong>factorem</strong></span> <span class='ocrx_word' id='word_1_540' title='bbox 1023 4322 1201 4371; x_wconf 83' lang='lat' dir='ltr'><strong>suum,</strong></span> <span class='ocrx_word' id='word_1_541' title='bbox 1254 4314 1304 4360; x_wconf 88' lang='lat' dir='ltr'><strong>et</strong></span> <span class='ocrx_word' id='word_1_542' title='bbox 1357 4306 1568 4359; x_wconf 81' lang='lat' dir='ltr'><strong>recessit</strong></span> <span class='ocrx_word' id='word_1_543' title='bbox 1611 4323 1645 4359; x_wconf 91' lang='lat' dir='ltr'><strong>a</strong></span> <span class='ocrx_word' id='word_1_544' title='bbox 1694 4304 1805 4360; x_wconf 87' lang='lat' dir='ltr'><strong>Deo</strong></span> <span class='ocrx_word' id='word_1_545' title='bbox 1835 4304 2102 4359; x_wconf 75' lang='lat' dir='ltr'><strong>salvatore</strong></span> <span class='ocrx_word' id='word_1_546' title='bbox 2132 4319 2226 4358; x_wconf 84' lang='lat' dir='ltr'><strong>suo</strong></span> <span class='ocrx_word' id='word_1_547' title='bbox 2254 4302 2323 4358; x_wconf 72' lang='lat'><strong>“.</strong></span> 
     </span>
    </p>
   </div>
   <div class='ocr_carea' id='block_1_73' title="bbox 746 4380 2326 4468">
    <p class='ocr_par' dir='ltr' id='par_1_73' title="bbox 746 4380 2326 4468">
     <span class='ocr_line' id='line_1_73' title="bbox 746 4380 2326 4468; baseline -0.001 -17"><span class='ocrx_word' id='word_1_548' title='bbox 746 4396 1030 4451; x_wconf 72' lang='lat' dir='ltr'><strong>Bliclueam</strong></span> <span class='ocrx_word' id='word_1_549' title='bbox 1077 4411 1300 4466; x_wconf 90' lang='lat' dir='ltr'><strong>quoque</strong></span> <span class='ocrx_word' id='word_1_550' title='bbox 1344 4380 1623 4468; x_wconf 80' lang='lat' dir='ltr'><strong>lugentem</strong></span> <span class='ocrx_word' id='word_1_551' title='bbox 1662 4406 1829 4467; x_wconf 88' lang='lat' dir='ltr'><strong>atque</strong></span> <span class='ocrx_word' id='word_1_552' title='bbox 1862 4395 2138 4450; x_wconf 88' lang='lat' dir='ltr'><strong>dicentem</strong></span> <span class='ocrx_word' id='word_1_553' title='bbox 2176 4411 2190 4449; x_wconf 92' lang='lat'><strong>:</strong></span> <span class='ocrx_word' id='word_1_554' title='bbox 2240 4394 2326 4450; x_wconf 78' lang='lat' dir='ltr'><strong>Va:</strong></span> 
     </span>
    </p>
   </div>
   <div class='ocr_carea' id='block_1_74' title="bbox 747 4487 2326 4561">
    <p class='ocr_par' dir='ltr' id='par_1_74' title="bbox 747 4487 2326 4561">
     <span class='ocr_line' id='line_1_74' title="bbox 747 4487 2326 4561; baseline -0.002 -18"><span class='ocrx_word' id='word_1_555' title='bbox 747 4490 876 4543; x_wconf 85' lang='lat' dir='ltr'><strong>mihi</strong></span> <span class='ocrx_word' id='word_1_556' title='bbox 914 4490 1115 4554; x_wconf 85' lang='lat' dir='ltr'><strong>anima,</strong></span> <span class='ocrx_word' id='word_1_557' title='bbox 1160 4491 1284 4558; x_wconf 87' lang='lat' dir='ltr'><strong>quia</strong></span> <span class='ocrx_word' id='word_1_558' title='bbox 1312 4491 1467 4560; x_wconf 88' lang='lat' dir='ltr'><strong>periit</strong></span> <span class='ocrx_word' id='word_1_559' title='bbox 1515 4492 1631 4561; x_wconf 84' lang='lat' dir='ltr'><strong>pius</strong></span> <span class='ocrx_word' id='word_1_560' title='bbox 1675 4489 1740 4542; x_wconf 88' lang='lat' dir='ltr'><strong>de</strong></span> <span class='ocrx_word' id='word_1_561' title='bbox 1768 4497 1933 4554; x_wconf 86' lang='lat' dir='ltr'><strong>terra,</strong></span> <span class='ocrx_word' id='word_1_562' title='bbox 1983 4496 2031 4543; x_wconf 87' lang='lat' dir='ltr'><strong>et</strong></span> <span class='ocrx_word' id='word_1_563' title='bbox 2067 4490 2157 4560; x_wconf 88' lang='lat' dir='ltr'><strong>qui</strong></span> <span class='ocrx_word' id='word_1_564' title='bbox 2184 4487 2326 4542; x_wconf 90' lang='lat' dir='ltr'><strong>colat</strong></span> 
     </span>
    </p>
   </div>
   <div class='ocr_carea' id='block_1_75' title="bbox 2423 3281 2854 3351">
    <p class='ocr_par' dir='ltr' id='par_1_75' title="bbox 2423 3281 2854 3351">
     <span class='ocr_line' id='line_1_75' title="bbox 2423 3281 2854 3351; baseline 0.005 -19"><span class='ocrx_word' id='word_1_565' title='bbox 2423 3281 2579 3344; x_wconf 75' lang='grc' dir='ltr'><strong>λάκις</strong></span> <span class='ocrx_word' id='word_1_566' title='bbox 2611 3281 2854 3351; x_wconf 82' lang='grc' dir='ltr'><strong>είρηται.</strong></span> 
     </span>
    </p>
   </div>
   <div class='ocr_carea' id='block_1_76' title="bbox 2491 3388 4013 3468">
    <p class='ocr_par' dir='ltr' id='par_1_76' title="bbox 2491 3388 4013 3468">
     <span class='ocr_line' id='line_1_76' title="bbox 2491 3388 4013 3468; baseline 0.001 -22"><span class='ocrx_word' id='word_1_567' title='bbox 2491 3393 2597 3448; x_wconf 84' lang='grc' dir='ltr'><strong>λα’.</strong></span> <span class='ocrx_word' id='word_1_568' title='bbox 2631 3394 2800 3447; x_wconf 80' lang='grc' dir='ltr'><strong>Ποίαν</strong></span> <span class='ocrx_word' id='word_1_569' title='bbox 2847 3388 2941 3447; x_wconf 73' lang='grc' dir='ltr'><strong>οὖν</strong></span> <span class='ocrx_word' id='word_1_570' title='bbox 2990 3393 3286 3463; x_wconf 73' lang='grc' dir='ltr'><strong>ἀπολογίαν</strong></span> <span class='ocrx_word' id='word_1_571' title='bbox 3333 3393 3530 3464; x_wconf 71' lang='grc' dir='ltr'><strong>ἕξομεν</strong></span> <span class='ocrx_word' id='word_1_572' title='bbox 3578 3394 3636 3446; x_wconf 77' lang='grc' dir='ltr'><strong>ὲν</strong></span> <span class='ocrx_word' id='word_1_573' title='bbox 3693 3396 3762 3464; x_wconf 79' lang='grc' dir='ltr'><strong>τῇ</strong></span> <span class='ocrx_word' id='word_1_574' title='bbox 3822 3396 4013 3468; x_wconf 63' lang='grc' dir='ltr'><strong>ἡμέρᾳ</strong></span> 
     </span>
    </p>
   </div>
   <div class='ocr_carea' id='block_1_77' title="bbox 2422 3485 4014 3557">
    <p class='ocr_par' dir='ltr' id='par_1_77' title="bbox 2422 3485 4014 3557">
     <span class='ocr_line' id='line_1_77' title="bbox 2422 3485 4014 3557; baseline 0 -18"><span class='ocrx_word' id='word_1_575' title='bbox 2422 3486 2628 3557; x_wconf 75' lang='grc' dir='ltr'><strong>ἐκείνῃ,</strong></span> <span class='ocrx_word' id='word_1_576' title='bbox 2663 3486 2903 3539; x_wconf 78' lang='grc' dir='ltr'><strong>τοιοῦτον</strong></span> <span class='ocrx_word' id='word_1_577' title='bbox 2937 3486 3244 3556; x_wconf 74' lang='grc' dir='ltr'><strong>ὑπόδειγμα</strong></span> <span class='ocrx_word' id='word_1_578' title='bbox 3277 3485 3513 3556; x_wconf 74' lang='grc' dir='ltr'><strong>ἔχοντες,</strong></span> <span class='ocrx_word' id='word_1_579' title='bbox 3544 3486 3637 3538; x_wconf 79' lang='grc' dir='ltr'><strong>καὶ</strong></span> <span class='ocrx_word' id='word_1_580' title='bbox 3668 3485 3854 3550; x_wconf 76' lang='grc' dir='ltr'><strong>οὕτως</strong></span> <span class='ocrx_word' id='word_1_581' title='bbox 3879 3488 4014 3557; x_wconf 63' lang='lat' dir='ltr'><strong>dp:-</strong></span> 
     </span>
    </p>
   </div>
   <div class='ocr_carea' id='block_1_78' title="bbox 2420 3577 4013 3649">
    <p class='ocr_par' dir='ltr' id='par_1_78' title="bbox 2420 3577 4013 3649">
     <span class='ocr_line' id='line_1_78' title="bbox 2420 3577 4013 3649; baseline 0.002 -19"><span class='ocrx_word' id='word_1_582' title='bbox 2420 3578 2673 3644; x_wconf 80' lang='grc' dir='ltr'><strong>λοῦντες;</strong></span> <span class='ocrx_word' id='word_1_583' title='bbox 2725 3578 2902 3649; x_wconf 82' lang='grc' dir='ltr'><strong>Ἥμᾶς</strong></span> <span class='ocrx_word' id='word_1_584' title='bbox 2955 3577 3170 3648; x_wconf 83' lang='grc' dir='ltr'><strong>θρηνῶν</strong></span> <span class='ocrx_word' id='word_1_585' title='bbox 3229 3577 3501 3647; x_wconf 75' lang='grc' dir='ltr'><strong>Ἱερεμίας</strong></span> <span class='ocrx_word' id='word_1_586' title='bbox 3550 3577 3681 3641; x_wconf 79' lang='grc' dir='ltr'><strong>τοὺς</strong></span> <span class='ocrx_word' id='word_1_587' title='bbox 3728 3580 4013 3649; x_wconf 72' lang='grc' dir='ltr'><strong>τοσαύτης</strong></span> 
     </span>
    </p>
   </div>
   <div class='ocr_carea' id='block_1_79' title="bbox 2422 3668 4011 3742">
    <p class='ocr_par' dir='ltr' id='par_1_79' title="bbox 2422 3668 4011 3742">
     <span class='ocr_line' id='line_1_79' title="bbox 2422 3668 4011 3742; baseline -0.001 -18"><span class='ocrx_word' id='word_1_588' title='bbox 2422 3670 2643 3742; x_wconf 78' lang='grc' dir='ltr'><strong>χάριτος</strong></span> <span class='ocrx_word' id='word_1_589' title='bbox 2681 3668 3039 3736; x_wconf 78' lang='grc' dir='ltr'><strong>ἀξιωθέντας,</strong></span> <span class='ocrx_word' id='word_1_590' title='bbox 3089 3670 3184 3723; x_wconf 80' lang='grc' dir='ltr'><strong>καὶ</strong></span> <span class='ocrx_word' id='word_1_591' title='bbox 3238 3669 3412 3732; x_wconf 70' lang='grc' dir='ltr'><strong>οὕτως</strong></span> <span class='ocrx_word' id='word_1_592' title='bbox 3464 3668 3685 3739; x_wconf 76' lang='grc' dir='ltr'><strong>ἀμελῶς</strong></span> <span class='ocrx_word' id='word_1_593' title='bbox 3724 3669 4011 3740; x_wconf 75' lang='grc' dir='ltr'><strong>διακειμέ-</strong></span> 
     </span>
    </p>
   </div>
   <div class='ocr_carea' id='block_1_80' title="bbox 2423 3759 4011 3831">
    <p class='ocr_par' dir='ltr' id='par_1_80' title="bbox 2423 3759 4011 3831">
     <span class='ocr_line' id='line_1_80' title="bbox 2423 3759 4011 3831; baseline -0.001 -17"><span class='ocrx_word' id='word_1_594' title='bbox 2423 3778 2575 3825; x_wconf 86' lang='grc' dir='ltr'><strong>νους,</strong></span> <span class='ocrx_word' id='word_1_595' title='bbox 2641 3760 2840 3831; x_wconf 75' lang='grc' dir='ltr'><strong>μᾶλλον</strong></span> <span class='ocrx_word' id='word_1_596' title='bbox 2876 3761 2956 3827; x_wconf 75' lang='grc' dir='ltr'><strong>δὲ,</strong></span> <span class='ocrx_word' id='word_1_597' title='bbox 3014 3760 3198 3831; x_wconf 80' lang='grc' dir='ltr'><strong>πάσης</strong></span> <span class='ocrx_word' id='word_1_598' title='bbox 3243 3761 3439 3822; x_wconf 81' lang='grc' dir='ltr'><strong>κακίας</strong></span> <span class='ocrx_word' id='word_1_599' title='bbox 3490 3759 4011 3830; x_wconf 74' lang='grc' dir='ltr'><strong>πεπληρωμένους,</strong></span> 
     </span>
    </p>
   </div>
   <div class='ocr_carea' id='block_1_81' title="bbox 2423 3847 4013 3921">
    <p class='ocr_par' dir='ltr' id='par_1_81' title="bbox 2423 3847 4013 3921">
     <span class='ocr_line' id='line_1_81' title="bbox 2423 3847 4013 3921; baseline -0.001 -16"><span class='ocrx_word' id='word_1_600' title='bbox 2423 3851 2609 3921; x_wconf 72' lang='grc' dir='ltr'><strong>ἕλεγεο</strong></span> <span class='ocrx_word' id='word_1_601' title='bbox 2648 3852 2742 3917; x_wconf 79' lang='grc' dir='ltr'><strong>Τίς</strong></span> <span class='ocrx_word' id='word_1_602' title='bbox 2772 3849 2951 3905; x_wconf 80' lang='grc' dir='ltr'><strong>δώσει</strong></span> <span class='ocrx_word' id='word_1_603' title='bbox 2983 3848 3059 3918; x_wconf 78' lang='grc' dir='ltr'><strong>τῇ</strong></span> <span class='ocrx_word' id='word_1_604' title='bbox 3100 3847 3336 3919; x_wconf 67' lang='grc' dir='ltr'><strong>κεφαλῇ</strong></span> <span class='ocrx_word' id='word_1_605' title='bbox 3360 3867 3480 3919; x_wconf 88' lang='grc' dir='ltr'><strong>μου</strong></span> <span class='ocrx_word' id='word_1_606' title='bbox 3524 3849 3705 3918; x_wconf 84' lang='grc' dir='ltr'><strong>ὕδωρ,</strong></span> <span class='ocrx_word' id='word_1_607' title='bbox 3735 3850 3845 3907; x_wconf 77' lang='grc' dir='ltr'><strong>καὶ</strong></span> <span class='ocrx_word' id='word_1_608' title='bbox 3890 3849 4013 3916; x_wconf 81' lang='grc' dir='ltr'><strong>τοῖς</strong></span> 
     </span>
    </p>
   </div>
   <div class='ocr_carea' id='block_1_82' title="bbox 2423 3942 4012 4015">
    <p class='ocr_par' dir='ltr' id='par_1_82' title="bbox 2423 3942 4012 4015">
     <span class='ocr_line' id='line_1_82' title="bbox 2423 3942 4012 4015; baseline -0.001 -17"><span class='ocrx_word' id='word_1_609' title='bbox 2423 3945 2753 4015; x_wconf 66' lang='grc' dir='ltr'><strong>ὀφθαλμοῖς</strong></span> <span class='ocrx_word' id='word_1_610' title='bbox 2778 3960 2899 4013; x_wconf 86' lang='grc' dir='ltr'><strong>μου</strong></span> <span class='ocrx_word' id='word_1_611' title='bbox 2931 3943 3139 4013; x_wconf 72' lang='grc' dir='ltr'><strong>πηγὴν</strong></span> <span class='ocrx_word' id='word_1_612' title='bbox 3166 3942 3464 4011; x_wconf 82' lang='grc' dir='ltr'><strong>δακρύων,</strong></span> <span class='ocrx_word' id='word_1_613' title='bbox 3506 3943 3605 3997; x_wconf 78' lang='grc' dir='ltr'><strong>καί</strong></span> <span class='ocrx_word' id='word_1_614' title='bbox 3653 3944 4012 4013; x_wconf 79' lang='grc' dir='ltr'><strong>κλαύσομαι</strong></span> 
     </span>
    </p>
   </div>
   <div class='ocr_carea' id='block_1_83' title="bbox 2422 4034 4012 4107">
    <p class='ocr_par' dir='ltr' id='par_1_83' title="bbox 2422 4034 4012 4107">
     <span class='ocr_line' id='line_1_83' title="bbox 2422 4034 4012 4107; baseline 0.012 -17"><span class='ocrx_word' id='word_1_615' title='bbox 2422 4036 2531 4090; x_wconf 84' lang='grc' dir='ltr'><strong>τὸν</strong></span> <span class='ocrx_word' id='word_1_616' title='bbox 2556 4035 2712 4090; x_wconf 85' lang='grc' dir='ltr'><strong>λαὸν</strong></span> <span class='ocrx_word' id='word_1_617' title='bbox 2742 4035 2958 4089; x_wconf 85' lang='grc' dir='ltr'><strong>τοῦτον</strong></span> <span class='ocrx_word' id='word_1_618' title='bbox 2986 4034 3211 4104; x_wconf 76' lang='grc' dir='ltr'><strong>ἡμέρας</strong></span> <span class='ocrx_word' id='word_1_619' title='bbox 3246 4034 3346 4088; x_wconf 75' lang='grc' dir='ltr'><strong>καὶ</strong></span> <span class='ocrx_word' id='word_1_620' title='bbox 3383 4036 3645 4102; x_wconf 81' lang='grc' dir='ltr'><strong>νυκτός;</strong></span> <span class='ocrx_word' id='word_1_621' title='bbox 3675 4035 3823 4107; x_wconf 71' lang='grc' dir='ltr'><strong>Περὶ</strong></span> <span class='ocrx_word' id='word_1_622' title='bbox 3867 4037 4012 4106; x_wconf 62' lang='grc' dir='ltr'><strong>ἡμᾶς</strong></span> 
     </span>
    </p>
   </div>
   <div class='ocr_carea' id='block_1_84' title="bbox 2424 4122 4011 4200">
    <p class='ocr_par' dir='ltr' id='par_1_84' title="bbox 2424 4122 4011 4200">
     <span class='ocr_line' id='line_1_84' title="bbox 2424 4122 4011 4200; baseline 0.001 -23"><span class='ocrx_word' id='word_1_623' title='bbox 2424 4123 2549 4200; x_wconf 86' lang='lat' dir='ltr'><strong>[Fr.</strong></span> <span class='ocrx_word' id='word_1_624' title='bbox 2580 4124 2709 4196; x_wconf 71' lang='grc' dir='ltr'><strong>περὶ</strong></span> <span class='ocrx_word' id='word_1_625' title='bbox 2745 4122 2927 4196; x_wconf 78' lang='grc' dir='ltr'><strong>ἡμῶν]</strong></span> <span class='ocrx_word' id='word_1_626' title='bbox 2980 4123 3092 4193; x_wconf 73' lang='grc' dir='ltr'><strong>ἐγὼ</strong></span> <span class='ocrx_word' id='word_1_627' title='bbox 3132 4122 3316 4178; x_wconf 85' lang='grc' dir='ltr'><strong>ἀκούω</strong></span> <span class='ocrx_word' id='word_1_628' title='bbox 3347 4125 3445 4178; x_wconf 72' lang='grc' dir='ltr'><strong>καὶ</strong></span> <span class='ocrx_word' id='word_1_629' title='bbox 3474 4123 3570 4178; x_wconf 83' lang='grc' dir='ltr'><strong>τοῦ</strong></span> <span class='ocrx_word' id='word_1_630' title='bbox 3599 4126 3896 4189; x_wconf 79' lang='grc' dir='ltr'><strong>Μωῦσέως</strong></span> <span class='ocrx_word' id='word_1_631' title='bbox 3924 4126 4011 4179; x_wconf 74' lang='grc' dir='ltr'><strong>λέ-</strong></span> 
     </span>
    </p>
   </div>
   <div class='ocr_carea' id='block_1_85' title="bbox 2425 4213 4011 4285">
    <p class='ocr_par' dir='ltr' id='par_1_85' title="bbox 2425 4213 4011 4285">
     <span class='ocr_line' id='line_1_85' title="bbox 2425 4213 4011 4285; baseline 0.001 -16"><span class='ocrx_word' id='word_1_632' title='bbox 2425 4232 2615 4285; x_wconf 85' lang='grc' dir='ltr'><strong>γοντος</strong></span> <span class='ocrx_word' id='word_1_633' title='bbox 2634 4232 2649 4247; x_wconf 76' lang='grc' dir='ltr'><strong>ο</strong></span> <span class='ocrx_word' id='word_1_634' title='bbox 2681 4216 2791 4270; x_wconf 82' lang='lat' dir='ltr'><strong>Kal</strong></span> <span class='ocrx_word' id='word_1_635' title='bbox 2819 4214 3049 4285; x_wconf 69' lang='grc' dir='ltr'><strong>ἔφαγεν</strong></span> <span class='ocrx_word' id='word_1_636' title='bbox 3094 4213 3322 4278; x_wconf 80' lang='grc' dir='ltr'><strong>Ἰακὼϐ,</strong></span> <span class='ocrx_word' id='word_1_637' title='bbox 3359 4215 3461 4269; x_wconf 73' lang='grc' dir='ltr'><strong>καί</strong></span> <span class='ocrx_word' id='word_1_638' title='bbox 3486 4214 3852 4284; x_wconf 74' lang='grc' dir='ltr'><strong>ἐνεπλήσθη</strong></span> <span class='ocrx_word' id='word_1_639' title='bbox 3872 4232 3888 4246; x_wconf 87' lang='grc'><strong>·</strong></span> <span class='ocrx_word' id='word_1_640' title='bbox 3916 4216 4011 4270; x_wconf 67' lang='grc' dir='ltr'><strong>καὶ</strong></span> 
     </span>
    </p>
   </div>
   <div class='ocr_carea' id='block_1_86' title="bbox 2425 4304 4009 4376">
    <p class='ocr_par' dir='ltr' id='par_1_86' title="bbox 2425 4304 4009 4376">
     <span class='ocr_line' id='line_1_86' title="bbox 2425 4304 4009 4376; baseline 0.001 -16"><span class='ocrx_word' id='word_1_641' title='bbox 2425 4304 2833 4360; x_wconf 78' lang='grc' dir='ltr'><strong>ἀπελάκτισεν</strong></span> <span class='ocrx_word' id='word_1_642' title='bbox 2861 4307 2895 4359; x_wconf 83' lang='grc' dir='ltr'><em>δ</em></span> <span class='ocrx_word' id='word_1_643' title='bbox 2915 4304 3320 4374; x_wconf 79' lang='grc' dir='ltr'><strong>ήγαπημένος·</strong></span> <span class='ocrx_word' id='word_1_644' title='bbox 3334 4304 3646 4376; x_wconf 73' lang='grc' dir='ltr'><strong>ἐλιπὰνθη,</strong></span> <span class='ocrx_word' id='word_1_645' title='bbox 3662 4305 4009 4375; x_wconf 74' lang='grc' dir='ltr'><strong>ἐπαχύνθη,</strong></span> 
     </span>
    </p>
   </div>
   <div class='ocr_carea' id='block_1_87' title="bbox 2425 4394 4015 4465">
    <p class='ocr_par' dir='ltr' id='par_1_87' title="bbox 2425 4394 4015 4465">
     <span class='ocr_line' id='line_1_87' title="bbox 2425 4394 4015 4465; baseline 0.001 -16"><span class='ocrx_word' id='word_1_646' title='bbox 2425 4395 2768 4463; x_wconf 81' lang='grc' dir='ltr'><strong>ἐπλατύνθη</strong></span> <span class='ocrx_word' id='word_1_647' title='bbox 2794 4436 2809 4461; x_wconf 89' lang='grc'><strong>,</strong></span> <span class='ocrx_word' id='word_1_648' title='bbox 2839 4394 2936 4449; x_wconf 83' lang='grc' dir='ltr'><strong>καί</strong></span> <span class='ocrx_word' id='word_1_649' title='bbox 2964 4396 3317 4465; x_wconf 74' lang='grc' dir='ltr'><strong>ἐγκατέλιπε</strong></span> <span class='ocrx_word' id='word_1_650' title='bbox 3351 4395 3500 4451; x_wconf 82' lang='grc' dir='ltr'><strong>Θεὸν</strong></span> <span class='ocrx_word' id='word_1_651' title='bbox 3522 4397 3631 4451; x_wconf 83' lang='grc' dir='ltr'><strong>τὸν</strong></span> <span class='ocrx_word' id='word_1_652' title='bbox 3658 4396 4015 4465; x_wconf 76' lang='grc' dir='ltr'><strong>ποιήσαντα</strong></span> 
     </span>
    </p>
   </div>
   <div class='ocr_carea' id='block_1_88' title="bbox 2427 4486 4015 4556">
    <p class='ocr_par' dir='ltr' id='par_1_88' title="bbox 2427 4486 4015 4556">
     <span class='ocr_line' id='line_1_88' title="bbox 2427 4486 4015 4556; baseline -0.001 -14"><span class='ocrx_word' id='word_1_653' title='bbox 2427 4486 2750 4552; x_wconf 77' lang='grc' dir='ltr'><strong>αὐτὸν,καί</strong></span> <span class='ocrx_word' id='word_1_654' title='bbox 2778 4486 3016 4554; x_wconf 77' lang='grc' dir='ltr'><strong>ἀπέστη</strong></span> <span class='ocrx_word' id='word_1_655' title='bbox 3034 4487 3155 4541; x_wconf 83' lang='grc' dir='ltr'><strong>ἀπὸ</strong></span> <span class='ocrx_word' id='word_1_656' title='bbox 3188 4488 3338 4542; x_wconf 83' lang='grc' dir='ltr'><strong>Θεοῦ</strong></span> <span class='ocrx_word' id='word_1_657' title='bbox 3363 4487 3635 4556; x_wconf 79' lang='grc' dir='ltr'><strong>σωτῆρος</strong></span> <span class='ocrx_word' id='word_1_658' title='bbox 3654 4489 3875 4544; x_wconf 85' lang='grc' dir='ltr'><strong>αὐτοῦ.</strong></span> <span class='ocrx_word' id='word_1_659' title='bbox 3903 4489 4015 4543; x_wconf 79' lang='grc' dir='ltr'><strong>Καὶ</strong></span> 
     </span>
    </p>
   </div>
   <div class='ocr_carea' id='block_1_89' title="bbox 747 4563 2319 4652">
    <p class='ocr_par' dir='ltr' id='par_1_89' title="bbox 747 4579 2319 4652">
     <span class='ocr_line' id='line_1_89' title="bbox 747 4579 2319 4652; baseline 0.001 -19"><span class='ocrx_word' id='word_1_660' title='bbox 747 4581 992 4643; x_wconf 84' lang='lat' dir='ltr'><strong>virtutem</strong></span> <span class='ocrx_word' id='word_1_661' title='bbox 1012 4582 1066 4634; x_wconf 91' lang='lat' dir='ltr'><strong>in</strong></span> <span class='ocrx_word' id='word_1_662' title='bbox 1094 4582 1387 4636; x_wconf 82' lang='lat' dir='ltr'><strong>hominibus</strong></span> <span class='ocrx_word' id='word_1_663' title='bbox 1407 4599 1509 4637; x_wconf 85' lang='lat' dir='ltr'><strong>non</strong></span> <span class='ocrx_word' id='word_1_664' title='bbox 1533 4590 1630 4636; x_wconf 85' lang='lat' dir='ltr'><strong>est.</strong></span> <span class='ocrx_word' id='word_1_665' title='bbox 1653 4579 2015 4652; x_wconf 80' lang='lat' dir='ltr'><strong>Unusquisque</strong></span> <span class='ocrx_word' id='word_1_666' title='bbox 2028 4581 2319 4651; x_wconf 72' lang='lat' dir='ltr'><strong>proximum</strong></span> 
     </span>
    </p>
   </div>
   <div class='ocr_carea' id='block_1_90' title="bbox 2414 4563 4011 4652">
    <p class='ocr_par' dir='ltr' id='par_1_90' title="bbox 2429 4575 4011 4648">
     <span class='ocr_line' id='line_1_90' title="bbox 2429 4575 4011 4648; baseline -0.001 -17"><span class='ocrx_word' id='word_1_667' title='bbox 2429 4576 2526 4631; x_wconf 82' lang='grc' dir='ltr'><strong>τοῦ</strong></span> <span class='ocrx_word' id='word_1_668' title='bbox 2558 4577 2796 4648; x_wconf 82' lang='grc' dir='ltr'><strong>Μιχαίου</strong></span> <span class='ocrx_word' id='word_1_669' title='bbox 2828 4575 3149 4648; x_wconf 82' lang='grc' dir='ltr'><strong>θρηνοῦντος</strong></span> <span class='ocrx_word' id='word_1_670' title='bbox 3175 4579 3273 4631; x_wconf 77' lang='grc' dir='ltr'><strong>καὶ</strong></span> <span class='ocrx_word' id='word_1_671' title='bbox 3297 4578 3568 4646; x_wconf 74' lang='grc' dir='ltr'><strong>λέγοντοςο</strong></span> <span class='ocrx_word' id='word_1_672' title='bbox 3597 4579 3770 4648; x_wconf 78' lang='grc' dir='ltr'><strong>οιμοι</strong></span> <span class='ocrx_word' id='word_1_673' title='bbox 3793 4576 4011 4647; x_wconf 67' lang='grc' dir='ltr'><strong>ψυχήί</strong></span> 
     </span>
    </p>
   </div>
   <div class='ocr_carea' id='block_1_91' title="bbox 747 4672 2329 4743">
    <p class='ocr_par' dir='ltr' id='par_1_91' title="bbox 747 4672 2329 4743">
     <span class='ocr_line' id='line_1_91' title="bbox 747 4672 2329 4743; baseline -0.001 -16"><span class='ocrx_word' id='word_1_674' title='bbox 747 4689 902 4727; x_wconf 84' lang='lat' dir='ltr'><strong>suum</strong></span> <span class='ocrx_word' id='word_1_675' title='bbox 928 4672 1169 4727; x_wconf 88' lang='lat' dir='ltr'><strong>elidendo</strong></span> <span class='ocrx_word' id='word_1_676' title='bbox 1205 4672 1356 4727; x_wconf 87' lang='lat' dir='ltr'><strong>elidit</strong></span> <span class='ocrx_word' id='word_1_677' title='bbox 1380 4691 1397 4728; x_wconf 91' lang='lat'><strong><em>:</em></strong></span> <span class='ocrx_word' id='word_1_678' title='bbox 1428 4676 1484 4728; x_wconf 88' lang='lat' dir='ltr'><strong>in</strong></span> <span class='ocrx_word' id='word_1_679' title='bbox 1512 4672 1716 4728; x_wconf 86' lang='lat' dir='ltr'><strong>malum</strong></span> <span class='ocrx_word' id='word_1_680' title='bbox 1758 4690 1950 4728; x_wconf 87' lang='lat' dir='ltr'><strong>manus</strong></span> <span class='ocrx_word' id='word_1_681' title='bbox 1970 4689 2093 4727; x_wconf 86' lang='lat' dir='ltr'><strong>suas</strong></span> <span class='ocrx_word' id='word_1_682' title='bbox 2117 4688 2329 4743; x_wconf 64' lang='lat' dir='ltr'><strong>praepa-</strong></span> 
     </span>
    </p>
   </div>
   <div class='ocr_carea' id='block_1_92' title="bbox 751 4763 2330 4836">
    <p class='ocr_par' dir='ltr' id='par_1_92' title="bbox 751 4763 2330 4836">
     <span class='ocr_line' id='line_1_92' title="bbox 751 4763 2330 4836; baseline 0 -17"><span class='ocrx_word' id='word_1_683' title='bbox 751 4772 875 4819; x_wconf 88' lang='lat' dir='ltr'><strong>rant</strong></span> <span class='ocrx_word' id='word_1_684' title='bbox 893 4765 962 4817; x_wconf 83' lang='grc'><strong>⁷⁵.</strong></span> <span class='ocrx_word' id='word_1_685' title='bbox 991 4763 1260 4819; x_wconf 87' lang='lat' dir='ltr'><strong>Similiter</strong></span> <span class='ocrx_word' id='word_1_686' title='bbox 1277 4765 1441 4836; x_wconf 76' lang='lat'><strong>382</strong></span> <span class='ocrx_word' id='word_1_687' title='bbox 1458 4781 1680 4835; x_wconf 90' lang='lat' dir='ltr'><strong>quoque</strong></span> <span class='ocrx_word' id='word_1_688' title='bbox 1706 4764 2044 4820; x_wconf 81' lang='lat' dir='ltr'><strong>Psalmistam</strong></span> <span class='ocrx_word' id='word_1_689' title='bbox 2078 4764 2145 4819; x_wconf 89' lang='lat' dir='ltr'><strong>de</strong></span> <span class='ocrx_word' id='word_1_690' title='bbox 2170 4763 2330 4823; x_wconf 87' lang='lat' dir='ltr'><strong>nobis</strong></span> 
     </span>
    </p>
   </div>
   <div class='ocr_carea' id='block_1_93' title="bbox 750 4852 2333 4933">
    <p class='ocr_par' dir='ltr' id='par_1_93' title="bbox 750 4852 2333 4933">
     <span class='ocr_line' id='line_1_93' title="bbox 750 4852 2333 4933; baseline -0.001 -26"><span class='ocrx_word' id='word_1_691' title='bbox 750 4853 1027 4908; x_wconf 89' lang='lat' dir='ltr'><strong>dicentem</strong></span> <span class='ocrx_word' id='word_1_692' title='bbox 1057 4868 1071 4903; x_wconf 86' lang='lat'><strong>:</strong></span> <span class='ocrx_word' id='word_1_693' title='bbox 1096 4852 1317 4933; x_wconf 82' lang='lat' dir='ltr'><strong>Salvum</strong></span> <span class='ocrx_word' id='word_1_694' title='bbox 1338 4870 1419 4908; x_wconf 87' lang='lat' dir='ltr'><strong>me</strong></span> <span class='ocrx_word' id='word_1_695' title='bbox 1457 4855 1564 4925; x_wconf 86' lang='lat' dir='ltr'><strong>fac,</strong></span> <span class='ocrx_word' id='word_1_696' title='bbox 1590 4853 1830 4921; x_wconf 84' lang='lat' dir='ltr'><strong>Domine,</strong></span> <span class='ocrx_word' id='word_1_697' title='bbox 1858 4854 2109 4925; x_wconf 86' lang='lat' dir='ltr'><strong>quoniam</strong></span> <span class='ocrx_word' id='word_1_698' title='bbox 2146 4853 2333 4924; x_wconf 89' lang='lat' dir='ltr'><strong>defecit</strong></span> 
     </span>
    </p>
   </div>
   <div class='ocr_carea' id='block_1_94' title="bbox 750 4944 2331 5015">
    <p class='ocr_par' dir='ltr' id='par_1_94' title="bbox 750 4944 2331 5015">
     <span class='ocr_line' id='line_1_94' title="bbox 750 4944 2331 5015; baseline 0 -17"><span class='ocrx_word' id='word_1_699' title='bbox 750 4953 966 5000; x_wconf 86' lang='lat' dir='ltr'><strong>sanctus</strong></span> <span class='ocrx_word' id='word_1_700' title='bbox 988 4960 1007 4999; x_wconf 91' lang='lat'><strong><em>:</em></strong></span> <span class='ocrx_word' id='word_1_701' title='bbox 1037 4945 1289 5015; x_wconf 88' lang='lat' dir='ltr'><strong>quoniam</strong></span> <span class='ocrx_word' id='word_1_702' title='bbox 1319 4945 1592 5000; x_wconf 70' lang='lat' dir='ltr'><strong>diminuta:</strong></span> <span class='ocrx_word' id='word_1_703' title='bbox 1628 4954 1753 4999; x_wconf 83' lang='lat' dir='ltr'><strong>sunt</strong></span> <span class='ocrx_word' id='word_1_704' title='bbox 1774 4946 2018 5000; x_wconf 87' lang='lat' dir='ltr'><strong>veritates</strong></span> <span class='ocrx_word' id='word_1_705' title='bbox 2034 4962 2069 5001; x_wconf 89' lang='lat' dir='ltr'><strong>a</strong></span> <span class='ocrx_word' id='word_1_706' title='bbox 2091 4944 2219 5014; x_wconf 79' lang='lat' dir='ltr'><strong>ﬁliis</strong></span> <span class='ocrx_word' id='word_1_707' title='bbox 2232 4945 2331 4999; x_wconf 75' lang='lat' dir='ltr'><strong>lto-</strong></span> 
     </span>
    </p>
   </div>
   <div class='ocr_carea' id='block_1_95' title="bbox 752 5032 1651 5105">
    <p class='ocr_par' dir='ltr' id='par_1_95' title="bbox 752 5032 1651 5105">
     <span class='ocr_line' id='line_1_95' title="bbox 752 5032 1651 5105; baseline 0 -17"><span class='ocrx_word' id='word_1_708' title='bbox 752 5034 958 5088; x_wconf 87' lang='lat' dir='ltr'><strong>minum</strong></span> <span class='ocrx_word' id='word_1_709' title='bbox 976 5032 1046 5099; x_wconf 80' lang='lat'><strong>&quot;,</strong></span> <span class='ocrx_word' id='word_1_710' title='bbox 1075 5040 1133 5088; x_wconf 89' lang='lat' dir='ltr'><strong>et</strong></span> <span class='ocrx_word' id='word_1_711' title='bbox 1162 5049 1286 5104; x_wconf 68' lang='lat' dir='ltr'><strong>qua:</strong></span> <span class='ocrx_word' id='word_1_712' title='bbox 1323 5041 1651 5105; x_wconf 87' lang='lat' dir='ltr'><strong>sequuntur.</strong></span> 
     </span>
    </p>
   </div>
   <div class='ocr_carea' id='block_1_96' title="bbox 825 5307 2332 5381">
    <p class='ocr_par' dir='ltr' id='par_1_96' title="bbox 825 5307 2332 5381">
     <span class='ocr_line' id='line_1_96' title="bbox 825 5307 2332 5381; baseline 0.001 -18"><span class='ocrx_word' id='word_1_713' title='bbox 825 5307 917 5363; x_wconf 73' lang='lat'><strong>32.</strong></span> <span class='ocrx_word' id='word_1_714' title='bbox 957 5308 1247 5379; x_wconf 58' lang='lat' dir='ltr'><strong>Propheta</strong></span> <span class='ocrx_word' id='word_1_715' title='bbox 1276 5322 1500 5380; x_wconf 88' lang='lat' dir='ltr'><strong>quoque</strong></span> <span class='ocrx_word' id='word_1_716' title='bbox 1537 5308 1727 5364; x_wconf 83' lang='lat' dir='ltr'><strong>verbis</strong></span> <span class='ocrx_word' id='word_1_717' title='bbox 1758 5323 1860 5365; x_wconf 89' lang='lat' dir='ltr'><strong>nos</strong></span> <span class='ocrx_word' id='word_1_718' title='bbox 1887 5308 2080 5381; x_wconf 75' lang='lat' dir='ltr'><strong>lugens</strong></span> <span class='ocrx_word' id='word_1_719' title='bbox 2100 5307 2332 5378; x_wconf 84' lang='lat' dir='ltr'><strong>Aposto-</strong></span> 
     </span>
    </p>
   </div>
   <div class='ocr_carea' id='block_1_97' title="bbox 755 5398 2331 5470">
    <p class='ocr_par' dir='ltr' id='par_1_97' title="bbox 755 5398 2331 5470">
     <span class='ocr_line' id='line_1_97' title="bbox 755 5398 2331 5470; baseline 0 -15"><span class='ocrx_word' id='word_1_720' title='bbox 755 5399 866 5464; x_wconf 87' lang='lat' dir='ltr'><strong>lus,</strong></span> <span class='ocrx_word' id='word_1_721' title='bbox 897 5398 1079 5455; x_wconf 85' lang='lat' dir='ltr'><strong>aiebat</strong></span> <span class='ocrx_word' id='word_1_722' title='bbox 1107 5416 1121 5452; x_wconf 91' lang='lat'><strong>:</strong></span> <span class='ocrx_word' id='word_1_723' title='bbox 1152 5399 1274 5454; x_wconf 85' lang='lat' dir='ltr'><strong>Non</strong></span> <span class='ocrx_word' id='word_1_724' title='bbox 1303 5401 1487 5470; x_wconf 85' lang='lat' dir='ltr'><strong>estqui</strong></span> <span class='ocrx_word' id='word_1_725' title='bbox 1512 5398 1680 5469; x_wconf 89' lang='lat' dir='ltr'><strong>faciat</strong></span> <span class='ocrx_word' id='word_1_726' title='bbox 1706 5400 1921 5467; x_wconf 86' lang='lat' dir='ltr'><strong>bonum,</strong></span> <span class='ocrx_word' id='word_1_727' title='bbox 1947 5416 2053 5454; x_wconf 88' lang='lat' dir='ltr'><strong>non</strong></span> <span class='ocrx_word' id='word_1_728' title='bbox 2069 5408 2145 5455; x_wconf 87' lang='lat' dir='ltr'><strong>est</strong></span> <span class='ocrx_word' id='word_1_729' title='bbox 2164 5415 2331 5470; x_wconf 83' lang='lat' dir='ltr'><strong>usque</strong></span> 
     </span>
    </p>
   </div>
   <div class='ocr_carea' id='block_1_98' title="bbox 756 5488 2336 5564">
    <p class='ocr_par' dir='ltr' id='par_1_98' title="bbox 756 5488 2336 5564">
     <span class='ocr_line' id='line_1_98' title="bbox 756 5488 2336 5564; baseline -0.001 -18"><span class='ocrx_word' id='word_1_730' title='bbox 756 5491 829 5546; x_wconf 83' lang='lat' dir='ltr'><strong>ad</strong></span> <span class='ocrx_word' id='word_1_731' title='bbox 864 5507 1053 5546; x_wconf 83' lang='lat' dir='ltr'><strong>unum.</strong></span> <span class='ocrx_word' id='word_1_732' title='bbox 1097 5488 1412 5562; x_wconf 82' lang='lat' dir='ltr'><strong>Sepulcrum</strong></span> <span class='ocrx_word' id='word_1_733' title='bbox 1444 5500 1631 5563; x_wconf 87' lang='lat' dir='ltr'><strong>patens</strong></span> <span class='ocrx_word' id='word_1_734' title='bbox 1667 5500 1743 5547; x_wconf 81' lang='lat' dir='ltr'><strong>est</strong></span> <span class='ocrx_word' id='word_1_735' title='bbox 1771 5499 1955 5564; x_wconf 83' lang='lat' dir='ltr'><strong>guttur</strong></span> <span class='ocrx_word' id='word_1_736' title='bbox 1977 5507 2196 5557; x_wconf 81' lang='lat' dir='ltr'><strong>eorum;</strong></span> <span class='ocrx_word' id='word_1_737' title='bbox 2228 5490 2336 5547; x_wconf 88' lang='lat' dir='ltr'><strong>lin-</strong></span> 
     </span>
    </p>
   </div>
   <div class='ocr_carea' id='block_1_99' title="bbox 754 5582 2340 5656">
    <p class='ocr_par' dir='ltr' id='par_1_99' title="bbox 754 5582 2340 5656">
     <span class='ocr_line' id='line_1_99' title="bbox 754 5582 2340 5656; baseline -0.001 -18"><span class='ocrx_word' id='word_1_738' title='bbox 754 5584 875 5656; x_wconf 75' lang='lat' dir='ltr'><strong>guis</strong></span> <span class='ocrx_word' id='word_1_739' title='bbox 909 5584 1022 5639; x_wconf 88' lang='lat' dir='ltr'><strong>suis</strong></span> <span class='ocrx_word' id='word_1_740' title='bbox 1050 5582 1231 5639; x_wconf 88' lang='lat' dir='ltr'><strong>dolose</strong></span> <span class='ocrx_word' id='word_1_741' title='bbox 1261 5583 1507 5655; x_wconf 84' lang='lat' dir='ltr'><strong>agebant.</strong></span> <span class='ocrx_word' id='word_1_742' title='bbox 1539 5584 1807 5640; x_wconf 84' lang='lat' dir='ltr'><strong>Venenum</strong></span> <span class='ocrx_word' id='word_1_743' title='bbox 1847 5583 2094 5656; x_wconf 81' lang='lat' dir='ltr'><strong>aspidum</strong></span> <span class='ocrx_word' id='word_1_744' title='bbox 2124 5583 2220 5638; x_wconf 87' lang='lat' dir='ltr'><strong>sub</strong></span> <span class='ocrx_word' id='word_1_745' title='bbox 2252 5582 2340 5637; x_wconf 85' lang='lat' dir='ltr'><strong>la-</strong></span> 
     </span>
    </p>
   </div>
   <div class='ocr_carea' id='block_1_100' title="bbox 830 5783 1985 5849">
    <p class='ocr_par' dir='ltr' id='par_1_100' title="bbox 830 5783 1985 5849">
     <span class='ocr_line' id='line_1_100' title="bbox 830 5783 1985 5849; baseline -0.004 -7"><span class='ocrx_word' id='word_1_746' title='bbox 830 5785 876 5818; x_wconf 83' lang='grc'><strong>⁸⁸</strong></span> <span class='ocrx_word' id='word_1_747' title='bbox 904 5786 1106 5842; x_wconf 82' lang='lat' dir='ltr'><strong>Jerem.</strong></span> <span class='ocrx_word' id='word_1_748' title='bbox 1138 5801 1321 5849; x_wconf 71' lang='lat' dir='ltr'><strong>xcvm,</strong></span> <span class='ocrx_word' id='word_1_749' title='bbox 1353 5784 1438 5839; x_wconf 84' lang='lat' dir='ltr'><strong>lO.</strong></span> <span class='ocrx_word' id='word_1_750' title='bbox 1515 5785 1558 5818; x_wconf 83' lang='lat'>”</span> <span class='ocrx_word' id='word_1_751' title='bbox 1587 5784 1776 5839; x_wconf 80' lang='lat' dir='ltr'><strong>Matth.</strong></span> <span class='ocrx_word' id='word_1_752' title='bbox 1813 5801 1865 5849; x_wconf 76' lang='grc' dir='ltr'><strong>ν,</strong></span> <span class='ocrx_word' id='word_1_753' title='bbox 1894 5783 1985 5839; x_wconf 74' lang='lat'><strong>28.</strong></span> 
     </span>
    </p>
   </div>
   <div class='ocr_carea' id='block_1_101' title="bbox 2085 5782 2634 5847">
    <p class='ocr_par' dir='ltr' id='par_1_101' title="bbox 2085 5782 2634 5847">
     <span class='ocr_line' id='line_1_101' title="bbox 2085 5782 2634 5847; baseline 0.005 -11"><span class='ocrx_word' id='word_1_754' title='bbox 2085 5783 2131 5815; x_wconf 84' lang='lat'><strong>’°</strong></span> <span class='ocrx_word' id='word_1_755' title='bbox 2162 5782 2353 5837; x_wconf 82' lang='lat' dir='ltr'><strong>Matth.</strong></span> <span class='ocrx_word' id='word_1_756' title='bbox 2388 5799 2514 5847; x_wconf 75' lang='lat' dir='ltr'><strong>xxv,</strong></span> <span class='ocrx_word' id='word_1_757' title='bbox 2545 5784 2634 5840; x_wconf 57' lang='lat' dir='ltr'><strong>ll.</strong></span> 
     </span>
    </p>
   </div>
   <div class='ocr_carea' id='block_1_102' title="bbox 2425 4667 4012 4739">
    <p class='ocr_par' dir='ltr' id='par_1_102' title="bbox 2425 4667 4012 4739">
     <span class='ocr_line' id='line_1_102' title="bbox 2425 4667 4012 4739; baseline 0.001 -18"><span class='ocrx_word' id='word_1_758' title='bbox 2425 4667 2517 4722; x_wconf 87' lang='grc' dir='ltr'><strong>ὅτι</strong></span> <span class='ocrx_word' id='word_1_759' title='bbox 2539 4668 2859 4723; x_wconf 73' lang='grc' dir='ltr'><strong>ἀπόλωλεν</strong></span> <span class='ocrx_word' id='word_1_760' title='bbox 2880 4667 3149 4735; x_wconf 80' lang='grc' dir='ltr'><strong>εὐλαϐὴς</strong></span> <span class='ocrx_word' id='word_1_761' title='bbox 3173 4668 3294 4724; x_wconf 80' lang='grc' dir='ltr'><strong>ἀπὸ</strong></span> <span class='ocrx_word' id='word_1_762' title='bbox 3325 4668 3433 4738; x_wconf 79' lang='grc' dir='ltr'><strong>τῆς</strong></span> <span class='ocrx_word' id='word_1_763' title='bbox 3453 4668 3585 4739; x_wconf 58' lang='grc' dir='ltr'><strong>τῆς,</strong></span> <span class='ocrx_word' id='word_1_764' title='bbox 3608 4668 3711 4723; x_wconf 76' lang='grc' dir='ltr'><strong>καί</strong></span> <span class='ocrx_word' id='word_1_765' title='bbox 3733 4672 3769 4723; x_wconf 86' lang='grc' dir='ltr'><strong><em>ό</em></strong></span> <span class='ocrx_word' id='word_1_766' title='bbox 3794 4685 4012 4736; x_wconf 77' lang='grc' dir='ltr'><strong>κατορ-</strong></span> 
     </span>
    </p>
   </div>
   <div class='ocr_carea' id='block_1_103' title="bbox 2424 4758 4006 4829">
    <p class='ocr_par' dir='ltr' id='par_1_103' title="bbox 2424 4758 4006 4829">
     <span class='ocr_line' id='line_1_103' title="bbox 2424 4758 4006 4829; baseline -0.003 -13"><span class='ocrx_word' id='word_1_767' title='bbox 2424 4758 2546 4816; x_wconf 88' lang='grc' dir='ltr'><strong>θῶν</strong></span> <span class='ocrx_word' id='word_1_768' title='bbox 2571 4759 2644 4813; x_wconf 81' lang='grc' dir='ltr'><strong>ἐν</strong></span> <span class='ocrx_word' id='word_1_769' title='bbox 2678 4758 3015 4829; x_wconf 78' lang='grc' dir='ltr'><strong>ἀνθρώποις</strong></span> <span class='ocrx_word' id='word_1_770' title='bbox 3058 4761 3172 4829; x_wconf 85' lang='grc' dir='ltr'><strong>οὐχ</strong></span> <span class='ocrx_word' id='word_1_771' title='bbox 3214 4759 3490 4829; x_wconf 76' lang='grc' dir='ltr'><strong>ὑπάρχει.</strong></span> <span class='ocrx_word' id='word_1_772' title='bbox 3530 4761 3845 4825; x_wconf 81' lang='grc' dir='ltr'><strong>Ἕκαστος</strong></span> <span class='ocrx_word' id='word_1_773' title='bbox 3896 4759 4006 4812; x_wconf 81' lang='grc' dir='ltr'><strong>τὸν</strong></span> 
     </span>
    </p>
   </div>
   <div class='ocr_carea' id='block_1_104' title="bbox 2427 4847 4013 4921">
    <p class='ocr_par' dir='ltr' id='par_1_104' title="bbox 2427 4847 4013 4921">
     <span class='ocr_line' id='line_1_104' title="bbox 2427 4847 4013 4921; baseline -0.003 -15"><span class='ocrx_word' id='word_1_774' title='bbox 2427 4851 2698 4921; x_wconf 87' lang='grc' dir='ltr'><strong>πλησίον</strong></span> <span class='ocrx_word' id='word_1_775' title='bbox 2721 4851 2908 4906; x_wconf 85' lang='grc' dir='ltr'><strong>αὑτοῦ</strong></span> <span class='ocrx_word' id='word_1_776' title='bbox 2934 4852 3253 4906; x_wconf 80' lang='grc' dir='ltr'><strong>θλίϐουσιν</strong></span> <span class='ocrx_word' id='word_1_777' title='bbox 3283 4847 3550 4920; x_wconf 80' lang='grc' dir='ltr'><strong>ἐκθλι6ῇ’</strong></span> <span class='ocrx_word' id='word_1_778' title='bbox 3586 4850 3687 4905; x_wconf 73' lang='grc' dir='ltr'><strong>ἐπὶ</strong></span> <span class='ocrx_word' id='word_1_779' title='bbox 3714 4851 3786 4903; x_wconf 87' lang='grc' dir='ltr'><strong>τὸ</strong></span> <span class='ocrx_word' id='word_1_780' title='bbox 3819 4850 4013 4904; x_wconf 74' lang='grc' dir='ltr'><strong>κακὸν</strong></span> 
     </span>
    </p>
   </div>
   <div class='ocr_carea' id='block_1_105' title="bbox 2428 4941 4013 5014">
    <p class='ocr_par' dir='ltr' id='par_1_105' title="bbox 2428 4941 4013 5014">
     <span class='ocr_line' id='line_1_105' title="bbox 2428 4941 4013 5014; baseline -0.003 -16"><span class='ocrx_word' id='word_1_781' title='bbox 2428 4942 2537 5010; x_wconf 85' lang='grc' dir='ltr'><strong>τὰς</strong></span> <span class='ocrx_word' id='word_1_782' title='bbox 2561 4943 2768 5014; x_wconf 72' lang='grc' dir='ltr'><strong>χεῖρας</strong></span> <span class='ocrx_word' id='word_1_783' title='bbox 2789 4943 2991 4998; x_wconf 81' lang='grc' dir='ltr'><strong>αὐτῶν</strong></span> <span class='ocrx_word' id='word_1_784' title='bbox 3018 4941 3415 5014; x_wconf 76' lang='grc' dir='ltr'><strong>ἑτοιμάζουσι.</strong></span> <span class='ocrx_word' id='word_1_785' title='bbox 3444 4942 3553 4997; x_wconf 78' lang='grc' dir='ltr'><strong>Καὶ</strong></span> <span class='ocrx_word' id='word_1_786' title='bbox 3576 4941 3668 4995; x_wconf 79' lang='grc' dir='ltr'><strong>τοῦ</strong></span> <span class='ocrx_word' id='word_1_787' title='bbox 3694 4941 4013 5013; x_wconf 70' lang='grc' dir='ltr'><strong>Ψαλμῳόοὖ</strong></span> 
     </span>
    </p>
   </div>
   <div class='ocr_carea' id='block_1_106' title="bbox 2429 5033 4013 5106">
    <p class='ocr_par' dir='ltr' id='par_1_106' title="bbox 2429 5033 4013 5106">
     <span class='ocr_line' id='line_1_106' title="bbox 2429 5033 4013 5106; baseline -0.003 -17"><span class='ocrx_word' id='word_1_788' title='bbox 2429 5035 2637 5106; x_wconf 80' lang='grc' dir='ltr'><strong>ὁμοίως</strong></span> <span class='ocrx_word' id='word_1_789' title='bbox 2669 5035 2796 5106; x_wconf 81' lang='grc' dir='ltr'><strong>περὶ</strong></span> <span class='ocrx_word' id='word_1_790' title='bbox 2820 5034 2978 5106; x_wconf 77' lang='grc' dir='ltr'><strong>ἡμῶν</strong></span> <span class='ocrx_word' id='word_1_791' title='bbox 3005 5034 3285 5104; x_wconf 75' lang='grc' dir='ltr'><strong>λέγοντος·</strong></span> <span class='ocrx_word' id='word_1_792' title='bbox 3326 5033 3537 5089; x_wconf 86' lang='grc' dir='ltr'><strong>Σῶσόν</strong></span> <span class='ocrx_word' id='word_1_793' title='bbox 3551 5049 3649 5104; x_wconf 83' lang='grc' dir='ltr'><strong>με,</strong></span> <span class='ocrx_word' id='word_1_794' title='bbox 3684 5034 3899 5100; x_wconf 79' lang='grc' dir='ltr'><strong>Κύριε,</strong></span> <span class='ocrx_word' id='word_1_795' title='bbox 3925 5034 4013 5086; x_wconf 78' lang='grc' dir='ltr'><strong>ὅτι</strong></span> 
     </span>
    </p>
   </div>
   <div class='ocr_carea' id='block_1_107' title="bbox 2430 5123 4013 5195">
    <p class='ocr_par' dir='ltr' id='par_1_107' title="bbox 2430 5123 4013 5195">
     <span class='ocr_line' id='line_1_107' title="bbox 2430 5123 4013 5195; baseline -0.001 -15"><span class='ocrx_word' id='word_1_796' title='bbox 2430 5125 2789 5195; x_wconf 79' lang='grc' dir='ltr'><strong>ἐκλέλοιπεν</strong></span> <span class='ocrx_word' id='word_1_797' title='bbox 2829 5125 3029 5191; x_wconf 57' lang='lat' dir='ltr'><strong>dator,&quot;</strong></span> <span class='ocrx_word' id='word_1_798' title='bbox 3065 5123 3155 5179; x_wconf 85' lang='grc' dir='ltr'><strong>ὅτι</strong></span> <span class='ocrx_word' id='word_1_799' title='bbox 3185 5123 3582 5194; x_wconf 76' lang='grc' dir='ltr'><strong>ὠλιτώθησαν</strong></span> <span class='ocrx_word' id='word_1_800' title='bbox 3614 5125 3676 5178; x_wconf 84' lang='lat' dir='ltr'><strong>at</strong></span> <span class='ocrx_word' id='word_1_801' title='bbox 3726 5123 4013 5194; x_wconf 62' lang='grc' dir='ltr'><strong>ἀλήθεια</strong></span> 
     </span>
    </p>
   </div>
   <div class='ocr_carea' id='block_1_108' title="bbox 2431 5212 3837 5283">
    <p class='ocr_par' dir='ltr' id='par_1_108' title="bbox 2431 5212 3837 5283">
     <span class='ocr_line' id='line_1_108' title="bbox 2431 5212 3837 5283; baseline -0.004 -12"><span class='ocrx_word' id='word_1_802' title='bbox 2431 5214 2553 5271; x_wconf 81' lang='grc' dir='ltr'><strong>ἀπὸ</strong></span> <span class='ocrx_word' id='word_1_803' title='bbox 2581 5214 2701 5269; x_wconf 88' lang='grc' dir='ltr'><strong>τῶν</strong></span> <span class='ocrx_word' id='word_1_804' title='bbox 2731 5213 2880 5270; x_wconf 80' lang='grc' dir='ltr'><strong>υἱῶν</strong></span> <span class='ocrx_word' id='word_1_805' title='bbox 2904 5214 3024 5269; x_wconf 88' lang='grc' dir='ltr'><strong>τῶν</strong></span> <span class='ocrx_word' id='word_1_806' title='bbox 3045 5213 3392 5283; x_wconf 82' lang='grc' dir='ltr'><strong>ἀνθρώπων,</strong></span> <span class='ocrx_word' id='word_1_807' title='bbox 3426 5215 3521 5268; x_wconf 78' lang='grc' dir='ltr'><strong>καὶ</strong></span> <span class='ocrx_word' id='word_1_808' title='bbox 3545 5214 3616 5267; x_wconf 83' lang='grc' dir='ltr'><strong>τὰ</strong></span> <span class='ocrx_word' id='word_1_809' title='bbox 3640 5212 3837 5268; x_wconf 76' lang='grc' dir='ltr'><strong>λοιπά.</strong></span> 
     </span>
    </p>
   </div>
   <div class='ocr_carea' id='block_1_109' title="bbox 2501 5304 4009 5378">
    <p class='ocr_par' dir='ltr' id='par_1_109' title="bbox 2501 5304 4009 5378">
     <span class='ocr_line' id='line_1_109' title="bbox 2501 5304 4009 5378; baseline 0.003 -19"><span class='ocrx_word' id='word_1_810' title='bbox 2501 5306 2603 5378; x_wconf 84' lang='grc' dir='ltr'><strong>λβ’.</strong></span> <span class='ocrx_word' id='word_1_811' title='bbox 2652 5306 3013 5378; x_wconf 78' lang='grc' dir='ltr'><strong>Προφητικῶς</strong></span> <span class='ocrx_word' id='word_1_812' title='bbox 3040 5306 3137 5361; x_wconf 71' lang='grc' dir='ltr'><strong>καὶ</strong></span> <span class='ocrx_word' id='word_1_813' title='bbox 3159 5308 3189 5359; x_wconf 78' lang='grc' dir='ltr'><strong>ὁ</strong></span> <span class='ocrx_word' id='word_1_814' title='bbox 3234 5305 3555 5370; x_wconf 76' lang='grc' dir='ltr'><strong>Ἀπὸστολος</strong></span> <span class='ocrx_word' id='word_1_815' title='bbox 3584 5304 3808 5375; x_wconf 88' lang='grc' dir='ltr'><strong>θρηνῶν</strong></span> <span class='ocrx_word' id='word_1_816' title='bbox 3847 5304 4009 5374; x_wconf 74' lang='grc' dir='ltr'><strong>ἡμᾶς.</strong></span> 
     </span>
    </p>
   </div>
   <div class='ocr_carea' id='block_1_110' title="bbox 2434 5395 4014 5466">
    <p class='ocr_par' dir='ltr' id='par_1_110' title="bbox 2434 5395 4014 5466">
     <span class='ocr_line' id='line_1_110' title="bbox 2434 5395 4014 5466; baseline -0.001 -14"><span class='ocrx_word' id='word_1_817' title='bbox 2434 5397 2622 5466; x_wconf 79' lang='grc' dir='ltr'><strong>ἔλεγεν</strong></span> <span class='ocrx_word' id='word_1_818' title='bbox 2642 5413 2655 5429; x_wconf 89' lang='grc'><strong>·</strong></span> <span class='ocrx_word' id='word_1_819' title='bbox 2685 5399 2808 5452; x_wconf 84' lang='grc' dir='ltr'><strong>Οὐκ</strong></span> <span class='ocrx_word' id='word_1_820' title='bbox 2845 5398 2982 5452; x_wconf 81' lang='grc' dir='ltr'><strong>ἔστι</strong></span> <span class='ocrx_word' id='word_1_821' title='bbox 3028 5395 3218 5452; x_wconf 83' lang='grc' dir='ltr'><strong>ποιῶν</strong></span> <span class='ocrx_word' id='word_1_822' title='bbox 3245 5396 3646 5466; x_wconf 78' lang='grc' dir='ltr'><strong>χρηστότητα,</strong></span> <span class='ocrx_word' id='word_1_823' title='bbox 3683 5395 3807 5450; x_wconf 76' lang='grc' dir='ltr'><strong>οὐκ</strong></span> <span class='ocrx_word' id='word_1_824' title='bbox 3847 5396 4014 5450; x_wconf 76' lang='grc' dir='ltr'><strong>ἐστιν</strong></span> 
     </span>
    </p>
   </div>
   <div class='ocr_carea' id='block_1_111' title="bbox 2432 5483 4009 5558">
    <p class='ocr_par' dir='ltr' id='par_1_111' title="bbox 2432 5483 4009 5558">
     <span class='ocr_line' id='line_1_111' title="bbox 2432 5483 4009 5558; baseline -0.004 -14"><span class='ocrx_word' id='word_1_825' title='bbox 2432 5489 2545 5556; x_wconf 75' lang='grc' dir='ltr'><strong>ἕως</strong></span> <span class='ocrx_word' id='word_1_826' title='bbox 2572 5489 2732 5556; x_wconf 71' lang='grc' dir='ltr'><strong>ἑνός.</strong></span> <span class='ocrx_word' id='word_1_827' title='bbox 2781 5488 2974 5558; x_wconf 75' lang='grc' dir='ltr'><strong>Τάφος</strong></span> <span class='ocrx_word' id='word_1_828' title='bbox 3015 5486 3391 5558; x_wconf 77' lang='grc' dir='ltr'><strong>ἀνεῳγμένος</strong></span> <span class='ocrx_word' id='word_1_829' title='bbox 3419 5488 3454 5542; x_wconf 81' lang='grc' dir='ltr'><em>ὀ</em></span> <span class='ocrx_word' id='word_1_830' title='bbox 3501 5485 3737 5555; x_wconf 73' lang='grc' dir='ltr'><strong>λάρυγξ</strong></span> <span class='ocrx_word' id='word_1_831' title='bbox 3774 5483 3975 5539; x_wconf 76' lang='grc' dir='ltr'><strong>αὐτῶν</strong></span> <span class='ocrx_word' id='word_1_832' title='bbox 3990 5499 4009 5515; x_wconf 89' lang='grc'><strong>·</strong></span> 
     </span>
    </p>
   </div>
   <div class='ocr_carea' id='block_1_112' title="bbox 2437 5576 4011 5652">
    <p class='ocr_par' dir='ltr' id='par_1_112' title="bbox 2437 5576 4011 5652">
     <span class='ocr_line' id='line_1_112' title="bbox 2437 5576 4011 5652; baseline -0.004 -15"><span class='ocrx_word' id='word_1_833' title='bbox 2437 5581 2566 5649; x_wconf 86' lang='grc' dir='ltr'><strong>ταῖς</strong></span> <span class='ocrx_word' id='word_1_834' title='bbox 2587 5581 2896 5652; x_wconf 75' lang='grc' dir='ltr'><strong>γλώσσαις</strong></span> <span class='ocrx_word' id='word_1_835' title='bbox 2928 5579 3126 5640; x_wconf 85' lang='grc' dir='ltr'><strong>αὐτῶν</strong></span> <span class='ocrx_word' id='word_1_836' title='bbox 3158 5578 3544 5635; x_wconf 76' lang='grc' dir='ltr'><strong>ἐδολιοῦσαν.</strong></span> <span class='ocrx_word' id='word_1_837' title='bbox 3579 5577 3698 5643; x_wconf 84' lang='grc' dir='ltr'><strong>ἰὸς</strong></span> <span class='ocrx_word' id='word_1_838' title='bbox 3729 5576 4011 5632; x_wconf 65' lang='grc' dir='ltr'><strong>ἀσπίδων</strong></span> 
     </span>
    </p>
   </div>
   <div class='ocr_carea' id='block_1_113' title="bbox 2735 5775 4008 5849">
    <p class='ocr_par' dir='ltr' id='par_1_113' title="bbox 2735 5775 4008 5849">
     <span class='ocr_line' id='line_1_113' title="bbox 2735 5775 4008 5849; baseline -0.007 -9"><span class='ocrx_word' id='word_1_839' title='bbox 2735 5783 2780 5817; x_wconf 78' lang='grc'><strong>’⁸</strong></span> <span class='ocrx_word' id='word_1_840' title='bbox 2821 5781 3011 5839; x_wconf 75' lang='lat' dir='ltr'><strong>Matth.</strong></span> <span class='ocrx_word' id='word_1_841' title='bbox 3043 5799 3097 5849; x_wconf 78' lang='grc' dir='ltr'><strong>ν,</strong></span> <span class='ocrx_word' id='word_1_842' title='bbox 3125 5780 3216 5838; x_wconf 78' lang='grc'><strong>28.</strong></span> <span class='ocrx_word' id='word_1_843' title='bbox 3306 5779 3351 5814; x_wconf 86' lang='lat'>&quot;</span> <span class='ocrx_word' id='word_1_844' title='bbox 3387 5777 3524 5836; x_wconf 86' lang='lat' dir='ltr'><strong>ibid.</strong></span> <span class='ocrx_word' id='word_1_845' title='bbox 3560 5777 3655 5833; x_wconf 76' lang='grc'><strong>20.</strong></span> <span class='ocrx_word' id='word_1_846' title='bbox 3728 5776 3779 5809; x_wconf 78' lang='grc'><strong>⁷³</strong></span> <span class='ocrx_word' id='word_1_847' title='bbox 3812 5775 4008 5835; x_wconf 67' lang='lat' dir='ltr'><strong>larem.</strong></span> 
     </span>
    </p>
   </div>
   <div class='ocr_carea' id='block_1_114' title="bbox 758 5853 2544 5923">
    <p class='ocr_par' dir='ltr' id='par_1_114' title="bbox 758 5853 2544 5923">
     <span class='ocr_line' id='line_1_114' title="bbox 758 5853 2544 5923; baseline -0.002 -13"><span class='ocrx_word' id='word_1_848' title='bbox 758 5876 819 5923; x_wconf 70' lang='grc' dir='ltr'><strong>χ,</strong></span> <span class='ocrx_word' id='word_1_849' title='bbox 851 5855 903 5910; x_wconf 80' lang='lat' dir='ltr'><strong>l.</strong></span> <span class='ocrx_word' id='word_1_850' title='bbox 980 5857 1025 5889; x_wconf 72' lang='grc'>⁷⁸</span> <span class='ocrx_word' id='word_1_851' title='bbox 1057 5858 1215 5913; x_wconf 88' lang='lat' dir='ltr'><strong>Deut.</strong></span> <span class='ocrx_word' id='word_1_852' title='bbox 1245 5871 1411 5923; x_wconf 74' lang='lat' dir='ltr'><strong>xxx&quot;,</strong></span> <span class='ocrx_word' id='word_1_853' title='bbox 1442 5855 1530 5912; x_wconf 81' lang='grc'><strong>15.</strong></span> <span class='ocrx_word' id='word_1_854' title='bbox 1607 5856 1651 5887; x_wconf 88' lang='grc'><strong>⁷⁸</strong></span> <span class='ocrx_word' id='word_1_855' title='bbox 1681 5854 1846 5910; x_wconf 78' lang='lat' dir='ltr'><strong>Mich.</strong></span> <span class='ocrx_word' id='word_1_856' title='bbox 1875 5870 1969 5919; x_wconf 84' lang='lat' dir='ltr'><strong>vn,</strong></span> <span class='ocrx_word' id='word_1_857' title='bbox 2004 5853 2058 5907; x_wconf 73' lang='grc'><strong>2.</strong></span> <span class='ocrx_word' id='word_1_858' title='bbox 2137 5854 2182 5885; x_wconf 79' lang='grc'><strong>⁷⁸</strong></span> <span class='ocrx_word' id='word_1_859' title='bbox 2216 5854 2359 5909; x_wconf 84' lang='lat' dir='ltr'><strong>Psal.</strong></span> <span class='ocrx_word' id='word_1_860' title='bbox 2386 5869 2460 5913; x_wconf 76' lang='lat' dir='ltr'><strong>xl.</strong></span> <span class='ocrx_word' id='word_1_861' title='bbox 2491 5853 2544 5907; x_wconf 76' lang='lat'><strong>9..</strong></span> 
     </span>
    </p>
   </div>
  </div>
