4208 6436
251 392 347 456 931
1533 384 1765 445 LlBER
1805 382 2226 444 ASCETlCUS.
3395 387 3500 451 933

256 477 372 532 ὑπὸ
407 474 477 529 τὰ
510 477 682 544 zelum
711 473 925 531 αὺτῶν-
971 472 1055 530 ὧν
1077 473 1142 527 τὸ
1181 473 1376 536 στόμα
1410 474 1561 541 ἀρᾶς
1596 474 1693 526 καὶ
1731 488 1823 525 πι-
1852 480 1893 534 Α

1852 480 1893 534 Α
1925 472 2018 524 biis
2053 488 2232 525 eorum
2272 489 2287 525 :
2338 488 2559 541 quorum
2599 488 2653 526 os
2678 471 3046 531 maledictio»:
3070 480 3116 525 et
3139 477 3500 534 amaritudine

257 568 434 635 κρίας
471 567 651 636 γέμει.
682 567 1018 637 Σύντριμμα
1063 566 1161 620 καὶ
1209 566 1576 633 ταλαιπωρία
1604 566 1672 617 ἐν
1695 565 1823 630 ταῖς

1925 563 2137 631 plenum
2169 571 2262 615 est.
2298 560 2553 616 Contritio
2600 570 2646 614 et
2681 564 2959 633 infelicitas
2992 564 3045 617 in
3078 566 3174 618 viis
3222 582 3423 631 eorum,
3447 579 3498 623 et

259 657 420 722 ὁδοῖς
470 655 689 722 αὐτῶν,
736 658 833 711 καὶ
881 659 1026 712 ὀδόν
1059 657 1304 727 εἰρήνης
1348 660 1457 711 οὐκ
1511 659 1819 727 ἔγνωσαν·

1923 655 2059 706 uiam
2091 655 2232 723 pacis
2266 671 2370 706 non
2406 661 2755 723 cognoverunt
2784 672 2801 707 :
2834 671 2938 708 non
2965 663 3039 709 est
3067 657 3226 711 timor
3253 655 3348 711 Dei
3376 665 3499 712 ante

259 749 370 801 οὐκ
423 748 552 801 ἐστι
602 748 785 815 φόϐος
826 746 977 800 Θεοῦ
1012 746 1303 802 ἀπέναντι
1342 745 1459 798 τῶν
1504 743 1825 815 ὀφθαλμῶν

1924 745 2097 799 oculos
2126 762 2307 799 eorum
2339 744 2406 797 ⁷⁷.
2440 744 2651 798 Idcirco
2686 745 2886 799 iterum
2928 762 3050 816 quae
3083 747 3269 802 futura
3312 760 3497 805 essent

254 837 571 895 αὺτῶνΔιὰ
592 838 749 891 τοῦτο
775 837 937 891 πάλιν
959 838 1278 909 προῦλέπων
1298 838 1364 891 τὰ
1394 838 1673 909 μέλλοντα,
1697 836 1825 907 περὶ

1924 836 2233 906 praevidens
2296 836 2365 889 ad
2441 836 2791 890 Timotheum
2855 837 3048 891 scribit
3096 855 3109 891 :
3163 840 3273 894 Hoc
3320 850 3498 896 autem

254 931 353 1000 τῆς
376 931 469 982 νῦν
499 931 655 1000 ἡμῶν
690 930 934 999 πονηρᾶς
963 930 1241 998 διαγωγῆς
1271 930 1407 1000 πρὸς
1437 930 1531 982 τὸν
1563 928 1825 999 Τιμόθεον

1923 931 2073 993 scito,
2102 929 2239 999 quod
2266 929 2321 980 in
2335 929 2627 982 novissimis
2643 928 2819 983 diebus
2842 928 3116 983 instabunt
3147 940 3383 1003 tempora
3409 951 3499 1005 pe-

256 1022 491 1091 γράφει·
529 1021 708 1075 Τοῦτο
730 1020 798 1072 δὲ
820 1020 1101 1090 γίνωσκε,
1142 1020 1229 1073 ότι
1256 1021 1325 1073 ἐν
1357 1019 1643 1089 ἐσχάταις
1680 1018 1823 1088 ἠμέ-

1924 1016 2151 1071 riculosa
2179 1032 2197 1069 :
2228 1025 2381 1069 erunt
2409 1018 2547 1069 enim
2572 1017 2808 1069 homines
2823 1018 3020 1086 seipsos
3034 1027 3296 1084 amantes,
3320 1023 3493 1086 avari,

246 1129 387 1179 ραις
428 1111 839 1178 ἐνστήσονται
886 1111 1076 1179 καιροὶ
1108 1112 1365 1180 χαλεποί
1389 1129 1401 1141 ·
1442 1111 1687 1164 ἔσονται
1714 1109 1825 1179 γὰρ

1924 1108 2066 1176 fastu
2096 1106 2243 1173 elati,
2274 1108 2501 1177 superbi,
2528 1106 2793 1172 maledici,
2815 1111 3120 1178 parentibus
3147 1111 3493 1184 immorigeri,

254 1206 307 1255 al
355 1203 650 1270 ἄνθρωποι
709 1204 1024 1272 φίλαυτοι,
1070 1202 1461 1272 φιλάργυροι,
1516 1201 1820 1269 ἀλαζόνες,

1921 1199 2142 1269 ingrati,
2171 1198 2394 1264 scelesti,
2426 1201 2539 1253 sine
2569 1199 2779 1268 affectu,
2833 1200 3004 1267 inﬁdi,
3050 1202 3492 1273 calumniatores,

255 1294 657 1363 ὑπερήφανοι,
712 1293 1109 1363 βλάσφημοι,
1169 1293 1457 1362 γονεῦσιν
1526 1293 1820 1358 ἀπειθεῖς,

1922 1291 2350 1361 intemperantes,
2377 1292 2624 1355 immites,
2660 1290 2914 1344 bonorum
2940 1292 3279 1364 negligentes,
3310 1298 3495 1368 prodi-

252 1386 589 1453 ἀχάριστοι,
637 1385 892 1449 ἀνόσιοι,
923 1386 1226 1454 ἄστοργοι,
1271 1383 1589 1445 ἄσπονδοι,
1625 1378 1821 1438 διάϐο-

1924 1391 2083 1447 tores,
2108 1385 2376 1437 temerarii
2393 1383 2462 1445 τ’,
2488 1391 2544 1437 et
2572 1398 2693 1452 quae
2733 1391 3062 1454 sequuntur.
3104 1386 3491 1455 Quamobrem,

252 1480 372 1539 λοι,
404 1476 704 1544 ἀκρατεῖς,
732 1476 1052 1546 ἀνήμεροι,
1088 1474 1476 1545 ἀφιλάγαθοι,
1518 1475 1821 1543 προδόται,

1923 1491 2003 1529 va:
2043 1475 2223 1537 nobis,
2268 1472 2416 1542 quod
2470 1473 2521 1526 in
2564 1483 2810 1528 extrema
2844 1477 3112 1529 malorum
3149 1474 3491 1534 devenimus.

252 1566 589 1633 προπετεῖς,
614 1567 797 1620 καὶτὰ
819 1567 964 1638 ἑξῆς.
996 1566 1096 1619 Διά
1119 1565 1280 1619 τοῦτο
1310 1567 1431 1619 οὐαὶ
1461 1568 1613 1638 ἡμῖν,
1641 1567 1720 1618 ὅτι
1744 1567 1823 1628 εὶς

1922 1568 2058 1623 Nam
2090 1568 2216 1636 quis
2244 1575 2517 1632 nostrum,
2556 1567 2772 1632 amabo,
2822 1582 3017 1638 expers
3053 1578 3137 1625 est
3162 1586 3356 1625 eorum
3381 1586 3497 1625 ma-

252 1657 323 1709 τά
354 1658 555 1727 ἔσχατα
596 1658 705 1711 τῶν
759 1657 947 1712 κακῶν
993 1658 1430 1729 κατηντήσαμεν.
1476 1657 1574 1720 Τίς
1623 1656 1731 1726 γὰρ
1763 1655 1822 1720 ἐξ

1919 1660 2121 1723 lorum,
2154 1674 2275 1728 qua:
2295 1657 2568 1713 diximus?
2588 1657 2780 1713 Nonne
2810 1658 2869 1713 in
2897 1659 3059 1713 nobis
3082 1659 3367 1731 impletum
3388 1670 3493 1727 est,

252 1749 433 1818 ἡμῶν,
466 1749 591 1802 sine
665 1766 777 1819 μοι,
838 1748 948 1801 τῶν
983 1748 1394 1819 προειρημένων
1437 1747 1622 1800 κακῶν
1674 1749 1820 1801 ἐστιν

1922 1748 2070 1819 quod
2110 1748 2185 1802 ita
2225 1748 2435 1803 caelesti
2459 1747 2722 1803 vaticinio
2751 1747 2961 1804 dictum
2990 1750 3118 1803 est?
3143 1750 3336 1805 Nonne
3371 1766 3500 1805 omn

253 1841 542 1910 ἀμέτοχος.
576 1839 714 1909 Οὐχὶ
756 1839 849 1891 ἐπὶ
874 1839 1030 1909 ἡμῶν
1081 1838 1372 1911 ἐπληρώθη
1413 1839 1446 1909 ἡ
1484 1838 1817 1910 προφητείας
1850 1856 1891 1910 Β

1850 1856 1891 1910 Β
1920 1856 2020 1894 nes
2048 1854 2240 1894 sumus
2285 1840 2426 1909 gula:
2472 1838 2687 1893 dediti?
2732 1839 2926 1895 Nonne
2971 1856 3164 1896 omnes
3208 1842 3495 1899 studemus

251 1931 331 1983 οὐ
357 1932 555 1991 πάντες
592 1929 757 1999 ἐσμὲν
780 1929 1217 2001 γαστρίμαργοι;
1255 1929 1329 1981 Οὐ
1376 1929 1576 1992 πάντες
1611 1928 1821 1999 φιλήδο-

1922 1932 2164 1987 libidini?
2186 1928 2380 1986 Nonne
2408 1946 2600 1986 omnes
2641 1939 2990 1986 terrenarum
3015 1947 3202 1987 amore
3233 1949 3373 2002 pene
3404 1935 3493 1989 in-

252 2036 375 2086 vos;
407 2021 479 2073 Οὐ
508 2019 709 2083 πάντες
742 2019 1029 2089 ὑλομανεῖς
1056 2018 1151 2070 καὶ
1189 2017 1426 2087 φιλόῦ).οι
1453 2036 1466 2083 ;
1516 2020 1589 2073 Οὐ
1621 2018 1822 2080 πάντες

1922 2020 2167 2076 sanimus
2214 2020 2389 2089 iisque
2436 2020 2713 2075 inhiamus
2737 2020 2760 2074 ?
2782 2021 2977 2076 Nonne
3015 2036 3208 2077 omnes
3242 2017 3494 2078 iracundi

253 2108 558 2178 θυμώδεις;
621 2111 695 2163 Οὐ
746 2109 947 2171 πάντες
979 2108 1308 2177 μήνιασταΗ
1346 2108 1420 2160 Οὐ
1450 2110 1649 2169 πάντες
1696 2123 1823 2177 μνη·

1921 2113 2156 2169 sumus?
2190 2113 2386 2168 Nonne
2430 2128 2621 2168 omnes
2663 2129 2890 2169 raneore
2937 2114 3108 2169 animi
3161 2115 3494 2186 iniuriarum

254 2202 505 2269 σίκακοι;
562 2203 635 2255 Οὐ
689 2202 892 2264 πάντες
945 2200 1201 2271 προδόται
1248 2198 1428 2270 πάσης
1478 2199 1709 2269 ἀρετῆς;
1742 2199 1816 2251 Οὐ

1922 2205 2184 2261 tenaces?
2208 2204 2399 2259 Nonne
2424 2215 2680 2275 perpetes
2711 2205 3030 2261 inimicitias
3048 2221 3239 2261 omnes
3264 2207 3494 2262 alimus?

250 2294 454 2356 πάντες
484 2292 744 2363 λοίδοροις
788 2292 861 2345 Οὐ
895 2286 1095 2353 πάντες
1138 2290 1499 2359 φιλόσκοπται
1524 2285 1643 2360 [Fu
1674 2288 1822 2357 φιλο-

1919 2300 2111 2353 Nonne
2166 2312 2358 2354 omnes
2404 2298 2625 2353 virtutis
2670 2298 2850 2356 omnis
2894 2297 3206 2369 proditores
3255 2299 3494 2354 sumus?

255 2381 564 2454 σκῶπται];
602 2384 675 2436 Οὐ
714 2383 914 2446 πάντες
966 2383 1291 2452 προπετεῖς;
1348 2382 1423 2433 Οὐ
1464 2381 1663 2444 πάντες
1699 2397 1820 2450 μισ-

1918 2393 2112 2447 Nonne
2165 2407 2356 2446 omnes
2422 2390 2718 2446 maledici?
2788 2391 2982 2447 Nonne
3040 2405 3235 2446 omnes
3299 2391 3490 2447 convi-

250 2470 504 2537 ἀδελφοι;
532 2471 606 2524 Οὐ
638 2471 839 2533 πάντες
865 2468 1265 2539 τετυφωμένως
1296 2467 1371 2520 Οὐ
1405 2467 1602 2528 πάντες
1624 2464 1821 2527 ἀλαζό-

1920 2485 2194 2541 ciatores?
2242 2484 2435 2539 Nonne
2475 2499 2669 2539 omnes
2720 2485 3002 2539 temerarii
3043 2500 3107 2540 ac
3144 2485 3492 2556 praecipites?

248 2577 371 2625 νες;
397 2562 471 2613 οὐ
515 2561 713 2623 πάντες
768 2560 1139 2631 ὑπερήφανοις
1171 2559 1244 2611 Οὐ
1289 2557 1488 2620 πάντες
1515 2552 1819 2619 κενόδοξοι;

1919 2573 2111 2627 Nonne
2171 2587 2362 2626 omnes
2410 2570 2653 2625 fraterno
2702 2571 2832 2625 odio
2889 2552 3246 2627 laboramus?
3289 2552 3492 2628 Nonne

246 2650 327 2701 Οὐ
364 2651 564 2712 πάντες
589 2649 883 2720 ὑποκριταί
910 2663 925 2711 ;
955 2650 1029 2702 Οὐ
1069 2648 1268 2711 πάντες
1296 2647 1494 2711 δόλιοι;
1527 2646 1602 2697 Οὐ
1626 2644 1821 2706 πάντες

1920 2680 2109 2720 omnes
2134 2663 2306 2718 inﬂati
2338 2661 2560 2717 sumus?
2576 2662 2768 2718 Nonne
2801 2678 2992 2718 omnes
3015 2661 3243 2718 fastuosi
3261 2663 3494 2719 ?Nonne

247 2742 539 2812 φθονεραῖς
580 2743 655 2794 Οὐ
683 2742 883 2804 πάντες
916 2742 1317 2801 ἀνυπότακτοι;
1347 2740 1419 2794 Οὐ
1450 2737 1653 2800 πάντες
1684 2739 1823 2808 ἀκη-

1920 2772 2113 2812 omnes
2159 2755 2383 2824 superbi
2412 2755 2435 2808 ?
2463 2755 2655 2809 Nonne
2684 2770 2876 2810 omnes
2910 2754 3089 2811 inanis
3119 2755 3305 2825 gloriaI
3331 2758 3491 2827 cupi-

248 2833 503 2898 διασταί;
535 2832 613 2887 Οὐ
649 2834 850 2898 πάντες
887 2833 1176 2903 περίακτοι
1208 2831 1332 2904 [Fr.
1362 2829 1710 2905 περιάκται];
1743 2832 1819 2883 οὗ

1922 2847 2022 2902 di?
2052 2847 2244 2901 Nonne
2286 2861 2479 2900 omnes
2505 2846 2897 2901 simulatores?
2941 2846 3132 2900 Nonne
3165 2860 3355 2900 omnes
3395 2846 3494 2900 do-

246 2927 452 2989 πάντες
481 2926 746 2997 pecuum;
775 2926 848 2978 Οὐ
881 2926 1080 2987 πάντες
1113 2926 1337 2994 ἀμελεῖς
1364 2924 1471 2977 τῶν
1510 2922 1601 2976 τοῦ
1638 2922 1825 2990 Σωτῆ-

1920 2938 2059 2995 losi?
2090 2938 2283 2993 Nonne
2312 2953 2504 2992 omnes
2533 2937 2747 2991 invidi?
2768 2938 2960 2995 Nonne
2990 2952 3183 2992 omnes
3205 2938 3444 3008 protervi
3468 2938 3493 2992 τ

247 3036 346 3089 ρος
371 3017 637 3083 ὲντολῶν;
673 3018 746 3070 Οὐ
780 3017 979 3079 πάντες
1021 3018 1199 3086 πάσης
1250 3014 1449 3077 κακίας
1478 3013 1819 3083 ἁνάμεστοες

1920 3028 2108 3081 Nonne
2158 3042 2350 3082 omnes
2390 3026 2920 3082 desidiosi?Nonne
2967 3042 3159 3082 omnes
3216 3029 3493 3084 versatilis

246 3111 387 3180 Οὐχὶ
420 3110 723 3179 γεγόναμεν
743 3110 863 3163 ἀντὶ
892 3107 1021 3162 ναοῦ
1055 3108 1210 3173 Θεοῦ,
1229 3106 1353 3171 ναὸς
1382 3106 1651 3171 εἰδώλων;
1686 3104 1821 3175 Οὐχὶ

1920 3115 2085 3170 animi
2110 3116 2132 3168 ?
2152 3115 2344 3169 Nonne
2370 3130 2562 3169 omnes
2578 3114 2718 3186 pigri
2737 3114 2759 3167 ?
2778 3114 2968 3169 Nonne
3005 3131 3196 3169 omnes
3230 3115 3493 3185 neglectis

244 3202 373 3253 ἀντὶ
424 3200 741 3269 Πνεῦμα-τος
779 3200 957 3267 ἁγίου,
1006 3201 1332 3269 πνευμάτων
1365 3197 1614 3268 πονηρῶν
1653 3200 1816 3265 ἐσμεν
1845 3203 1885 3260 C

1845 3203 1885 3260 C
1922 3213 2203 3274 torpemus
2234 3206 2533 3259 Salvatoris
2571 3205 2880 3259 mandatis?
2904 3207 3097 3261 Nonne
3122 3222 3315 3261 omnes
3341 3209 3490 3261 omni

244 3290 605 3359 καταγώγιας
654 3291 787 3361 Οὐχὶ
833 3290 1233 3360 πεπλασμένως
1284 3288 1373 3341 τὸν
1422 3287 1555 3341 Θεὸν
1600 3288 1818 3357 Πατέρα

1921 3313 2112 3351 sumus
2139 3297 2345 3352 malitia
2375 3298 2617 3367 repleti?
2648 3299 2838 3353 Nonne
2870 3315 2969 3368 pro
2995 3299 3089 3354 Dei
3125 3302 3349 3369 templo,
3380 3300 3493 3354 ido-

244 3380 689 3452 ὲπικαλούμεθας
741 3380 877 3450 Οὐχὶ
927 3382 1049 3434 ἀντὶ
1076 3380 1209 3433 υἱῶν
1252 3378 1387 3432 Θεοῦ
1443 3380 1548 3432 υἱοὶ
1594 3379 1821 3449 γεέννης

1921 3388 2098 3442 lorum
2124 3388 2416 3443 delubrum
2466 3390 2592 3444 facti
2624 3392 2857 3446 sumus?
2885 3392 3077 3447 Nonne
3124 3408 3222 3463 pro
3252 3393 3493 3463 Spiritus

244 3473 595 3543 γεγόναμεν;
638 3473 771 3543 Οὐχὶ
815 3472 1057 3543 χείρονες
1101 3470 1208 3524 τῶν
1246 3471 1535 3533 Ἰουδαίων,
1562 3472 1611 3523 οἱ
1642 3470 1735 3523 νῦν
1762 3469 1823 3522 τὸ

1921 3480 2095 3534 sancti
2130 3482 2273 3544 aula,
2300 3482 2763 3551 nequissimorum
2789 3483 3082 3553 spirituum
3116 3484 3349 3554 mapalia
3394 3499 3493 3538 au-

246 3564 397 3635 μέγα
432 3563 667 3634 Χριστοῦ
698 3562 867 3632 ὄνομα
893 3564 1339 3633 περιφερόμενοι,
1365 3562 1668 3630 γεγόναμεν
1689 3577 1703 3625 ;
1728 3560 1822 3613 καὶ

1921 3569 2148 3624 dimus?
2202 3569 2390 3626 Nonne
2439 3571 2564 3628 ﬁcte
2612 3572 2782 3628 Deum
2866 3574 3080 3628 Patrem
3128 3575 3494 3630 invocamus?

248 3657 458 3728 μηδεὶς
514 3655 894 3725 ἁγανακτείτω
951 3658 1052 3724 τὴν
1099 3654 1354 3725 ἀλήθειαν
1411 3653 1643 3716 ἁκούων,
1701 3652 1823 3706 ἐπεὶ

1920 3657 2112 3711 Nonne
2148 3673 2249 3727 pro
2299 3655 2426 3713 ﬁliis
2465 3659 2584 3725 Dei,
2624 3660 2889 3731 gehenna:
2932 3660 3030 3716 lilii
3075 3660 3206 3717 facti
3253 3662 3493 3717 sumus?

243 3749 496 3800 κάκεῖνοι
517 3749 822 3817 παράνομοι
843 3746 994 3810 ὄντες
1014 3744 1218 3814 ελεγον,
1250 3743 1452 3813 Ἡμεῖς
1472 3742 1581 3796 ἕνα
1597 3741 1824 3810 Πατέρα

1919 3747 2112 3803 Nonne
2160 3749 2364 3804 Judzeis
2396 3751 2701 3806 deteriores
2722 3752 3018 3817 evasimus,
3045 3753 3139 3822 qui
3184 3768 3335 3808 nunc
3378 3769 3494 3808 ma-

241 3840 494 3909 ἔχομεν,
524 3840 631 3913 τὸν
654 3841 804 3894 Θεόν
826 3856 840 3870 ⁸
867 3839 981 3891 ἀλλ’
1013 3840 1207 3909 ἤκουον
1236 3838 1386 3908 παρά
1429 3835 1822 3905 τοῦΣωτῆρος,

1922 3855 2087 3908 gnum
2112 3840 2316 3895 Christi
2340 3856 2539 3896 nomen
2567 3842 3028 3898 circumferimus.
3063 3843 3175 3897 Nec
3199 3844 3492 3913 quisquam

240 3932 333 3985 ὅτι
393 3912 588 3999 Ὑμεῖς
640 3928 709 3983 ἐκ
755 3927 862 3983 τοῦ
913 3930 1143 3995 Πατρός
1172 3925 1338 3995 ὑμῶν
1390 3926 1494 3979 τοῦ
1542 3924 1821 3978 διαϐόλου

1923 3928 2143 3999 indigne
2178 3930 2316 3984 lerat
2339 3930 2465 3984 dum
2501 3931 2657 3985 audit
2684 3932 2995 3996 veritatem,
3032 3948 3155 3987 cum
3182 3912 3237 3986 ct
3269 3912 3491 3988 scelesti

238 4020 417 4083 ἐστὲ,
447 4020 545 4074 καὶ
576 4019 682 4085 τὰς
712 4019 1029 4087 ἐπιθυμίας
1060 4017 1167 4071 τοῦ
1185 4016 1413 4083 Πατρός
1434 4013 1601 4084 ὑμῶν
1624 4013 1823 4069 θέλετε

1923 4020 2001 4074 llli
2034 4022 2372 4091 objectarent
2394 4030 2558 4093 atque
2582 4023 2830 4078 dicerent
2873 4040 2886 4075 :
2924 4022 3029 4077 Nos
3078 4040 3244 4077 unum
3274 4022 3491 4077 Patrem

239 4111 467 4167 ποιεῖν.
1923 4111 2193 4176 habemus,
2234 4112 2400 4166 Deum
2452 4114 2535 4178 7’;
2600 4113 2696 4168 sed
2749 4113 3043 4168 audierunt
3095 4129 3124 4168 a
3166 4114 3488 4170 Salvatorc:

237 4207 415 4279 383
444 4206 539 4261 Vos
571 4221 634 4260 ea:
662 4213 811 4277 patre
840 4212 1011 4260 vestro
1036 4202 1243 4258 diabolo
1269 4206 1409 4268 estis,
1451 4211 1500 4257 et
1530 4204 1697 4274 patris
1722 4205 1880 4259 vestri
1910 4206 2168 4260 desideria
2199 4208 2353 4261 vultis
2390 4208 2560 4277 facere
2580 4208 2648 4260 ⁸ο.

321 4300 423 4368 λγ.
459 4300 584 4363 Πῶς
611 4296 705 4353 οὖν
744 4300 838 4352 καὶ
864 4302 1025 4370 ἡμεῖς
1053 4297 1371 4366 παραϐάται
1400 4297 1551 4357 ὄντες
1589 4296 1696 4348 τῶν
1726 4298 1815 4349 ὲν-

1991 4300 2079 4353 55.
2120 4302 2408 4366 Quomodo
2452 4302 2617 4371 igitur
2648 4317 2748 4356 nos
2771 4317 3012 4371 quoque,
3051 4301 3145 4371 qui
3169 4303 3289 4372 ejus
3338 4319 3495 4358 man-

238 4392 423 4446 τολῶν
466 4390 654 4453 αὐτοῦ,
686 4391 755 4443 τὰ
801 4390 961 4460 ὃμοια
994 4391 1124 4459 παρ’
1160 4389 1324 4441 αὐτοῦ
1373 4390 1472 4441 οὐκ
1511 4385 1815 4455 ἀκούομενς

1919 4386 2169 4439 datorum
2207 4396 2633 4458 transgressores
2679 4387 2870 4449 simus,
2920 4404 3027 4441 non
3064 4388 3253 4442 eadem
3294 4404 3361 4443 ex
3398 4391 3491 4446 illo

251 4485 417 4539 Ἐπεὶ
460 4484 554 4538 καὶ
594 4485 623 4537 ὁ
666 4483 989 4546 Ἀπόστολος
1026 4482 1154 4544 τοὺς
1197 4480 1475 4549 Πνεύματι
1511 4480 1816 4549 ἀγομένους
1852 4535 1888 4549 λ

1852 4535 1888 4549 λ
1921 4474 2251 4528 audiemus?
2288 4474 2420 4527 Nam
2451 4484 2507 4529 et
2529 4476 2843 4545 Apostolus,
2875 4490 2971 4529 eos
3017 4475 3110 4544 qui
3142 4475 3348 4545 Spiritu
3392 4478 3489 4533 Dei

234 4572 404 4631 εἶπεν
426 4572 567 4630 εἶναι
602 4576 752 4638 υἱοὺς
777 4574 910 4628 Θεοῦ
929 4590 943 4605 ·
969 4535 1139 4627 ἶὈσοι
1168 4572 1239 4641 γά
1258 4590 1308 4643 ρ,
1342 4535 1497 4642 ignei,
1522 4535 1817 4640 Πνεύματι
1850 4535 1894 4590 D

1850 4535 1894 4590 D
1922 4574 2175 4634 aguntur,
2230 4564 2367 4619 lilios
2398 4566 2493 4619 Dei
2546 4535 2922 4635 nuncupavit:
2960 4535 3264 4636 Quicunque
3310 4568 3487 4634 enim,

236 4668 402 4723 Θεοῦ
434 4668 696 4736 ἄγονται,
729 4662 897 4722 οὗτοι
924 4668 1085 4720 εἰσιν
1111 4666 1227 4719 υἱοὶ
1260 4664 1427 4719 Θεοῦ.
1450 4664 1573 4726 Πῶς
1599 4659 1692 4717 οῦν
1726 4663 1818 4716 καὶ

1922 4656 2117 4725 inquit,
2148 4657 2350 4725 Spiritu
2374 4657 2467 4709 Dei
2491 4666 2744 4728 aguntur,
2781 4657 2833 4710 lii
2854 4667 2975 4710 sunt
3008 4657 3108 4726 ﬁlii
3138 4656 3317 4713 Dei“.
3340 4658 3490 4725 Quo-

232 4759 409 4828 ήμεϊς
450 4760 514 4810 ἐκ
540 4755 634 4809 τοῦ
683 4756 915 4809 θανάτου
955 4754 1234 4825 ἀγόμενοι,
1286 4754 1392 4806 υἱοὶ
1422 4754 1557 4807 Θεοῦ
1599 4753 1817 4806 ἀκούειν

1922 4764 2045 4802 nam
2076 4749 2241 4819 igitur
2268 4750 2430 4811 modo
2452 4765 2551 4803 nos
2585 4765 2803 4819 quoque
2829 4750 2922 4819 qui
2946 4766 3013 4803 ex
3043 4757 3217 4805 morte
3240 4765 3487 4821 agantur,

231 4848 545 4919 δυνάμεθας
580 4848 651 4902 Τὸ
680 4847 791 4917 γὰρ
824 4849 1100 4915 φρόνημα
1129 4845 1241 4914 τῆς
1266 4844 1510 4913 σαρκὸς,
1541 4844 1812 4908 θάνατος.

1924 4842 2017 4894 ﬁlii
2042 4841 2135 4894 Dei
2154 4840 2343 4893 audire
2376 4842 2707 4909 possumus?
2736 4840 2931 4895 Sensus
2961 4843 3098 4894 enim
3125 4843 3322 4905 carnis,
3352 4844 3490 4896 mors

232 4941 313 4993 Οἱ
343 4939 401 4992 δὲ
428 4936 704 5008 Πνεύματι
726 4938 1004 5007 ἀγόμενοι,
1035 4938 1100 4989 ὲκ
1127 4936 1246 4987 τῶν
1278 4937 1505 5006 καρπῶν
1525 4935 1616 4987 τοῦ
1652 4935 1818 4987 Πνεύ-

1923 4945 1996 4987 est
2027 4934 2089 4987 θ’.
2122 4934 2224 4999 Qui
2255 4941 2434 4986 autem
2463 4932 2672 5003 Spiritu
2700 4942 2956 5004 aguntur,
2980 4949 3047 4987 ex
3071 4934 3341 4989 fructibus
3364 4935 3489 5005 Spi-

236 5046 420 5100 ματος
452 5029 603 5097 δῆλοί
656 5031 813 5081 εἰσιν.
849 5028 1088 5097 Εῐδωμεν
1125 5022 1218 5080 οὖν
1260 5028 1385 5088 τοὺς
1439 5025 1682 5096 καρποὺς
1719 5024 1811 5078 τοῦ

1920 5024 2059 5078 ritus
2098 5021 2367 5076 manifesti
2392 5031 2536 5076 sunt.
2573 5022 2865 5077 Videamus
2900 5023 3065 5093 igitur
3087 5022 3298 5078 fructus
3319 5022 3491 5094 Spiri-

230 5119 567 5191 Ιινεύματος
586 5136 601 5150 ·
631 5120 693 5172 '0
716 5119 828 5189 γὰρ
858 5119 1089 5186 καρπὸς
1111 5118 1218 5172 τοῦ
1241 5120 1604 5187 Πνεύματος,
1628 5120 1811 5189 φησὶν,

1922 5125 2011 5171 tus
2043 5133 2055 5168 :
2085 5114 2303 5168 Fructus
2331 5116 2469 5168 enim
2523 5113 2779 5183 Spiritus,
2834 5115 3030 5184 inquit,
3078 5124 3183 5181 est,
3234 5118 3488 5181 Charitas,

195 5208 422 5263 ’ἐστὶν
447 5209 667 5277 ἀγάπη,
691 5209 864 5277 χαρὰ,
886 5208 1113 5277 εἰρήνη,
1140 5208 1534 5276 μακροθυμία,
1565 5208 1817 5283 χρηστρο

1922 5208 2195 5278 gaudium,
2235 5222 2370 5275 pax,
2424 5206 2837 5277 longanimitas,
2884 5207 3212 5277 benignitas,
3261 5207 3487 5270 bonitas,

232 5317 382 5366 της,
421 5298 805 5367 ἀγαθοσύνη,
858 5299 1082 5364 πίστις,
1138 5298 1437 5367 πραότης,
1487 5295 1819 5365 ἐγκράτειαδ

1921 5298 2071 5366 ﬁdes,
2100 5298 2465 5361 mansuetudo,
2495 5299 2811 5351 continentia
2833 5298 2899 5351 ⁸³.
2930 5297 3069 5351 Num
3101 5299 3217 5353 haec
3244 5298 3299 5353 in
3330 5298 3490 5352 nobis

227 5388 399 5459 ’Ἄρα
426 5389 622 5460 ἔχομεν
643 5389 816 5444 ταῦτα
846 5393 903 5443 ἐν
931 5391 1144 5453 ἑαυτοῖς
1168 5407 1183 5455 ;
1215 5390 1360 5442 Ἀλλ’
1391 5388 1498 5442 εἶϐε
1537 5388 1611 5457 μὴ
1636 5389 1818 5441 πάντα

1921 5390 2221 5445 habemus?
2244 5390 2457 5445 Utinam
2493 5406 2623 5444 vero
2658 5405 2761 5444 nec
2798 5390 3070 5445 contraria
3096 5390 3310 5445 omnia!
3338 5389 3488 5456 Quo-

230 5481 319 5532 τά
354 5480 588 5533 ἐναντία.
631 5480 753 5540 Πῶς
782 5477 876 5532 οὖν
906 5480 1013 5532 υἱοὶ
1058 5478 1193 5532 Θεοῦ
1235 5479 1455 5531 ἀκούειν
1506 5477 1814 5547 δυνάμεθα,

1920 5495 2045 5533 nam
2079 5479 2244 5548 igitur
2268 5481 2429 5533 modo
2456 5479 2547 5532 lilii
2567 5480 2682 5544 Dei,
2714 5489 2770 5533 et
2791 5494 2895 5532 non
2922 5480 3105 5548 potius
3136 5496 3166 5534 e
3189 5482 3487 5547 contrario,

234 5572 349 5625 καὶ
376 5570 499 5641 οὐχὶ
533 5570 737 5641 μᾶλλον
771 5572 834 5624 ὲκ
862 5570 1225 5624 τοῦ-ἐναντίου
1253 5586 1267 5636 ;
1303 5569 1376 5622 Τὸ
1416 5570 1523 5640 γὰρ
1573 5568 1637 5621 ἐκ
1674 5584 1818 5630 τινος

1923 5568 2115 5624 audire
2148 5570 2479 5636 possumus?
2506 5567 2662 5633 Quod
2686 5568 2834 5622 enim
2860 5583 2927 5622 ex
2952 5568 3136 5636 aliquo
3166 5578 3352 5622 natum
3382 5574 3485 5634 est,

321 5684 369 5717 ⁷⁷
393 5684 533 5738 Psal.
566 5698 680 5744 xm,
709 5682 776 5747 '5;
809 5683 965 5736 Rom.
995 5700 1071 5744 ιιι,
1108 5683 1287 5736 12-18.
1363 5683 1407 5715 ⁷³
1438 5681 1482 5735 ll
1508 5682 1648 5735 Tim.
1687 5697 1763 5746 ιιι,
1804 5682 1909 5737 1-4.

1833 5682 1909 5737 ni.
2022 5683 2065 5712 ⁷⁵³
2098 5681 2253 5735 Joan.
2286 5699 2396 5744 vm,
2428 5683 2512 5735 41.
2589 5682 2634 5713 ⁸⁰
2666 5681 2800 5735 ibid.
2828 5683 2913 5736 M.
2991 5682 3033 5713 ⁶¹
3064 5682 3220 5736 Rom.
3256 5699 3369 5750 vui,
3402 5683 3488 5741 Η.

234 5755 302 5786 ⁸³
332 5754 466 5809 ibid.
513 5756 565 5806 8.
642 5754 688 5783 ⁸³
718 5753 891 5807 Galat.
926 5770 977 5817 v,
1019 5755 1087 5807 ‘22

458 5846 726 5904 Ριτιιοι.
784 5844 900 5905 (in.
952 5842 1066 5901 XC.

2981 5845 3055 5902 30
