4208 6436
286 408 382 471 941

1568 407 1796 466 LIBER
1830 408 2253 467 ASCETICUS.

3421 403 3527 468 N9.

288 515 443 569 Σιὼν
476 515 553 580 ὡς
573 513 772 581 σκηνὴ
797 516 865 569 ἐν
893 512 1221 583 ἀμπελῶνι,
1246 512 1348 566 καὶ
1367 514 1443 577 ὡς
1461 511 1850 580 όπωροφυλά-
1882 518 1922 570 Α

1882 518 1922 570 Α
1957 528 2212 581 ponorum
2260 510 2494 563 custodia
2534 514 2589 562 in
2623 507 3004 570 cucumerario,
3036 508 3168 562 sicut
3200 509 3322 562 urbs
3346 524 3513 581 expu-

286 620 425 657 κιον
472 606 542 657 ὲν
609 604 970 670 σικυηλάτῳ.
1011 604 1105 667 ὡς
1139 601 1325 668 πόλις
1356 602 1851 670 πολιορκουμένη.

287 694 505 763 Ταύτην
533 694 689 763 ἡμῶν
716 695 814 763 τῆς
841 694 1019 763 ψυχῆς
1062 695 1162 763 τὴν
1196 694 1474 762 ἐρήμωσιν
1504 694 1597 744 καὶ
1625 694 1654 745 ὀ
1698 691 1856 744 Ἀπό-

290 787 474 849 στοὶος
497 787 692 853 δηλῶν,
715 787 898 852 ἔλεγε·
935 785 1045 839 Καὶ
1093 783 1288 848 καθὼς
1328 786 1451 838 οὐκ
1486 784 1856 852 ἐδοκίμασαν

286 876 394 929 τὸν
433 876 582 930 Θεὸν
611 876 775 946 ἔχειν
800 878 871 930 ἐν
899 875 1235 945 ἐπιγνώσει,
1272 874 1615 942 παρέδωκεν
1632 874 1856 940 αὐτοὺς

285 970 322 1020 ό
371 966 517 1032 Θεὸς
561 971 651 1033 εἱς
701 968 991 1036 ἀδόκιμον
1027 966 1211 1028 νοῦν,
1257 964 1451 1019 ποιεῖν
1496 966 1568 1018 τὰ
1599 964 1685 1036 μὴ
1716 967 1856 1020 καθ-

284 1058 517 1125 ήκοντα
537 1075 550 1087 ·
609 1057 1115 1127 πεπληρωμένους
1157 1056 1328 1125 πάσῃ
1385 1056 1604 1123 ἀδικίᾳ,
1652 1056 1852 1122 κακίᾳ,

284 1152 571 1219 πονηρίᾳ,
619 1148 961 1217 πλεονεξίςν
1018 1147 1286 1219 μεστοὺς
1333 1148 1585 1215 φθόνου,
1640 1148 1853 1216 φόνου,

283 1240 516 1307 ἔριδος,
556 1241 765 1307 δόλου,
823 1242 1211 1309 κακοηθείας,
1247 1238 1645 1308 ψιθυριστάς,
1688 1253 1856 1291 κατα·

282 1332 549 1398 λάλους,
614 1331 992 1401 θεοστυγεῖς,
1043 1331 1350 1398 ὑϐριστὰς,
1404 1327 1853 1398 ὑπερηφάνους,

282 1423 604 1488 ἀλαζόνας,
633 1425 959 1493 ἐφευρετὰς
1004 1422 1226 1486 κακῶν,
1259 1423 1545 1493 γονεῦσιν
1567 1420 1853 1486 ἀπειθεῖς,

282 1515 646 1582 ἀσυνέτους,
670 1517 1064 1581 ἀσυνθέτους,
1094 1517 1452 1586 ἀστόργους,
1482 1514 1854 1579 ἀσπόνδους,

284 1607 730 1676 ἀνελεήμονας·
787 1609 1007 1671 οἵτινες
1062 1607 1127 1660 τὸ
1190 1607 1480 1675 δικαίωμα
1523 1605 1629 1667 τοῦ
1706 1603 1857 1659 Θεοῦ

286 1698 667 1767 ἐπιγνόντες,
690 1699 853 1753 ὄτιοί
891 1703 963 1752 τα
1024 1699 1267 1753 τοιαῦτα
1290 1696 1673 1765 πράσσοντες
1703 1693 1857 1759 ἄξιοι

284 1786 548 1842 θανάτου
598 1790 780 1852 εἰσιν,
823 1791 895 1842 οὺ
923 1791 1118 1858 μόνον
1144 1787 1299 1841 αὐτὰ
1336 1787 1639 1850 ποιοῦσιν,
1692 1785 1857 1839 ἀλλά

1955 615 2121 675 gnata
2151 606 2217 656 ⁸⁸.
2242 604 2390 658 llanc
2418 602 2612 657 anima:
2634 612 2833 657 nostra!
2862 599 3257 656 desolationem
3294 603 3525 670 Aposm—

1957 696 2044 750 lus
2068 712 2286 767 quoque
2313 696 2647 767 signiﬁcans,
2680 695 2861 748 aiebat
2897 712 2909 746 :
2951 693 3017 747 Et
3043 694 3178 747 sicut
3207 708 3309 746 non
3336 693 3525 761 proba-

1957 797 2141 841 verunt
2177 789 2367 841 habere
2395 787 2559 840 Deum
2594 787 2652 838 in
2678 786 2884 847 notitia,
2906 784 3123 837 tradidit
3143 782 3264 837 illos
3296 782 3436 835 Deus
3469 787 3523 837 in

1957 880 2233 949 reprobum
2255 895 2486 941 sensum,
2515 888 2572 931 ut
2593 878 2792 947 faciant
2816 893 2880 929 ea
2933 891 3045 945 quin
3063 893 3167 929 non
3189 876 3526 936 conveniunt;

1958 970 2180 1040 repletos
2206 970 2349 1023 omni
2373 970 2670 1039 iniquitate,
2705 967 2933 1029 malitia,
2966 966 3220 1035 nequitia,
3249 967 3475 1020 avaritia
3506 1005 3522 1020 .

1956 1060 2135 1131 plenos
2168 1060 2386 1123 invidia,
2412 1060 2570 1122 caede,
2608 1061 2748 1123 rixa,
2779 1057 2919 1123 dolo,
2954 1055 3527 1127 malignitate;susur-

1956 1167 2130 1217 rones,
2179 1151 2517 1213 detractores,
2549 1149 2657 1203 Deo
2694 1148 2928 1213 odibiles,
2975 1144 3395 1209 contumeliosos,
3432 1162 3531 1199 su-

1957 1243 2162 1312 perbos,
2196 1243 2339 1311 fastu
2368 1240 2553 1304 elatos,
2585 1240 2848 1293 malorum
2877 1241 3187 1303 inventores,
3222 1238 3529 1309 parentibus

1956 1335 2336 1404 immorigeros,
2368 1334 2693 1403 insipientes,
2722 1332 3107 1399 incompositos,
3158 1333 3271 1384 sine
3320 1331 3529 1401 aﬂ'ectu,

1956 1424 2168 1492 inﬁdos,
2213 1424 2668 1478 immisericordes.
2721 1422 2821 1487 Qui
2855 1437 2975 1475 cum
3004 1421 3272 1490 justitiam
3318 1421 3415 1475 Dei
3440 1437 3529 1475 co-

1956 1518 2286 1586 gnovissent;
2340 1517 2479 1585 quod
2514 1517 2597 1578 hi,
2659 1517 2748 1583 qui
2805 1513 2939 1567 talia
2979 1522 3176 1584 agunt,
3223 1513 3369 1583 digni
3424 1514 3531 1566 sint

1958 1616 2144 1671 morte,
2181 1624 2285 1661 non
2308 1606 2479 1660 solum
2509 1622 2571 1659 ea
2605 1605 2835 1675 faciunt,
2878 1607 2969 1659 sed
3015 1607 3178 1659 etiam
3200 1606 3531 1660 consentiunt

1957 1698 2289 1766 ludentibus.
2323 1696 2612 1765 Propterea
2646 1696 2865 1749 tradidit
2907 1696 3030 1750 illos
3063 1694 3203 1750 Deus
3236 1696 3291 1748 in
3317 1693 3534 1764 probro-

1955 1790 2303 1858 sos‘aﬁ'ectus,
2328 1797 2385 1841 ut
2412 1791 2701 1859 ignominia
2721 1790 2950 1858 alliciant
2976 1804 3198 1857 corpora
3235 1802 3334 1841 sua
3360 1788 3416 1839 in
3447 1801 3534 1840 se-
3564 1774 3567 1775 ν

284 1876 390 1931 καὶ
444 1878 892 1932 συνευδοκοῦσι
934 1878 1060 1944 τοῖς
1103 1876 1476 1947 πράσσουσι.
1522 1877 1627 1929 Διά
1676 1874 1854 1929 τοῦτο
1886 1889 1926 1943 Β

1886 1889 1926 1943 Β
1956 1881 2188 1949 metipsis
2213 1880 2279 1933 9‘.
2314 1881 2410 1934 His
2446 1897 2573 1934 vero
2606 1881 2737 1949 quid
2761 1881 2979 1934 comes?
3010 1879 3315 1940 Revelatur,
3333 1877 3530 1947 inquit,

283 1972 632 2040 παρέδωκεν
649 1974 872 2041 αὐτοὺς
899 1977 933 2029 ό
971 1974 1115 2041 Θεὸς
1159 1975 1246 2039 εις
1274 1973 1431 2040 πάθη
1460 1972 1717 2041 ἀτιμίας,
1746 1967 1853 2023 τοῦ

281 2063 665 2133 ἀτιμάζεσθαι
705 2068 777 2122 τὰ
813 2066 1059 2136 σώματα
1111 2066 1311 2120 αὐτῶν
1344 2066 1415 2118 ἐν
1453 2064 1706 2129 έαυτοῖς.
1745 2063 1855 2117 Καὶ

1958 1973 2043 2026 ira
2070 1971 2167 2026 Dei
2207 1972 2270 2025 de
2294 1972 2438 2034 cazlo,
2465 1988 2623 2041 super
2650 1988 2855 2025 omnem
2876 1973 3200 2041 impietatem
3246 1979 3295 2022 et
3320 1969 3535 2038 injusti-

1960 2064 2091 2115 tiam
2110 2063 2379 2115 hominum
2404 2063 2472 2125 π,
2501 2072 2557 2116 et
2576 2077 2696 2131 quae
2722 2070 3046 2130 sequuntur.

283 2155 339 2208 τί
362 2155 424 2209 τὸ
464 2157 558 2210 ἐπὶ
600 2157 852 2225 τούτοιςς
901 2160 1434 2222 ’Λποκιιλύπτεται,
1476 2158 1662 2227 φησὶν,
1708 2156 1854 2225 ὁρτὴ
1897 2152 2041 2207 Θεοῦ
2102 2154 2202 2207 ἀπ’
2270 2154 2530 2220 οὐρανοῦ
2559 2154 2657 2206 ἐπὶ
2700 2151 2909 2207 πᾶσαν
2940 2152 3225 2207 ἀσέϐειαν
3257 2150 3356 2203 καὶ
3406 2148 3536 2203 ἀδι-

283 2249 429 2303 κίαν
452 2251 805 2318 ἀνθρώπων,
839 2252 934 2305 καὶ⁵
963 2252 1033 2306 τὰ
1069 2251 1217 2322 ἑξῆς.

356 2341 465 2406 λς’.
497 2342 713 2412 Ταύτην
740 2346 839 2414 τῆς
854 2343 1032 2414 ψυχῆς
1057 2345 1335 2414 ἐρήμωσιν
1355 2342 1447 2396 καὶ
1466 2342 1494 2394 ὁ
1528 2339 1728 2411 Κύριος
1759 2354 1856 2409 μη-

284 2434 450 2500 νύων,
483 2434 668 2503 ἔλεγεν
690 2452 703 2466 °
746 2435 1167 2505 Ἰερουσαλὴμ,
1228 2432 1616 2502 Ἰερουσαλὴμ
1644 2433 1682 2499 ἡ
1704 2433 1856 2486 ἀπο-

286 2528 615 2581 κτείνουσα
635 2527 778 2593 τοὺς
806 2527 1134 2597 προφήτας,
1156 2527 1256 2583 καὶ
1282 2529 1560 2583 λιθοδολο
1570 2526 1687 2580 ῦσα
1713 2523 1855 2587 τοῖις

285 2617 787 2687 ἀπεσταλμένους
811 2619 964 2687 πρὸς
1002 2619 1227 2687 αὐτήν·
1275 2618 1533 2681 ποσάκις
1580 2615 1857 2683 ἠθέλησα

284 2709 752 2778 ἐπισυναγαγεῖν
772 2712 844 2763 τὰ
862 2712 1042 2764 τέκνα
1070 2724 1209 2775 σου,
1230 2710 1310 2773 ὡς
1337 2709 1499 2775 ὅρνις
1528 2708 1601 2761 τὰ
1631 2705 1855 2760 νοσσία

282 2798 480 2865 αὐτῆς
514 2799 632 2853 ὑπὸ
655 2800 760 2867 τὰς
813 2801 1131 2868 πτέρυγας,
1176 2802 1275 2855 καὶ
1326 2802 1438 2854 οὐκ
1468 2799 1852 2867 ﬂammatus;

301 2888 445 2942 Ἰδοὺ
470 2890 701 2957 ἀφίεται
727 2893 760 2943 ό
783 2885 948 2955 οἷκος
975 2888 1143 2958 ὐμῶν
1169 2891 1406 2957 ἔρημος.
1445 2890 1503 2941 Ὁ
1539 2889 1593 2942 δὲ
1628 2888 1856 2950 Ἠσαῖας

288 2981 479 3035 πάλιν
525 2980 710 3048 Ὀρῶν
754 2980 915 3049 ἡμᾶς
969 2981 1113 3046 τοὺς
1164 2980 1350 3047 δῆθεν
1397 2979 1702 3048 μοναχοὺς
1747 2977 1855 3042 τὰς

285 3070 631 3138 σωματικὰς
662 3070 1033 3138 λειτουργίας
1063 3068 1488 3134 ἐπιτελοῦντας
1504 3068 1715 3135 μόνον,
1746 3082 1852 3119 κα-

2030 2334 2118 2387 56.
2168 2333 2315 2388 Hanc
2354 2350 2570 2404 quoque
2608 2335 2803 2389 anima:
2839 2333 3231 2389 desolationem
3274 2333 3539 2387 Dominus

1961 2424 2303 2494 signiﬁcans,
2358 2426 2538 2488 aiebat
2572 2443 2584 2477 :
2626 2425 2948 2489 Jerusalem,
2991 2424 3154 2495 385
3206 2423 3534 2485 Jerusalem,

1961 2532 2077 2586 qua:
2108 2517 2291 2569 occidis
2309 2517 2607 2586 prophetas,
2656 2526 2703 2570 et
2735 2516 2943 2587 lepidas
2975 2532 3082 2579 eos,
3109 2516 3198 2584 qui
3228 2515 3297 2567 ad
3320 2521 3370 2567 te
3393 2513 3539 2567 missi

1957 2617 2110 2672 sunt,
2140 2611 2342 2677 quoties
2383 2607 2523 2661 volui
2571 2623 2889 2678 congregare
2941 2606 3081 2675 filios
3115 2614 3250 2669 tuos,
3286 2605 3539 2675 quemad-

1960 2701 2169 2752 modum
2218 2698 2421 2770 gallina
2467 2706 2747 2769 congregat
2797 2698 2967 2769 pullos
3013 2714 3133 2753 suos
3179 2698 3273 2752 sub
3311 2695 3450 2763 alas,
3487 2703 3537 2749 et

1960 2796 2173 2850 noluisti
2204 2796 2228 2848 ?
2263 2793 2395 2848 Ecce
2433 2794 2758 2864 relinquetur
2794 2794 2976 2847 domus
3027 2801 3202 2847 vestra
3246 2790 3451 2845 deserta
3467 2788 3534 2843 ".
3588 2786 3593 2791 ’

1960 2883 2170 2936 Rursus
2200 2896 2330 2934 vero
2351 2880 2535 2942 Isaias,
2556 2894 2657 2933 nos
2679 2879 2937 2934 videlicet
2952 2879 3270 2941 monachos,
3302 2877 3394 2948 qui
3419 2892 3539 2932 cor-

1959 2973 2162 3044 poralia
2192 2973 2455 3025 duntaxat
2480 2972 2663 3024 munia
2689 2972 2972 3034 obeamus,
2997 2979 3409 3025 contemnamus
3436 2984 3537 3022 au-

1960 3078 2066 3120 tem
2093 3064 2375 3134 Spiritalia,
2416 3072 2580 3132 atque
2618 3080 2684 3117 eo
2727 3065 2945 3118 nomine
2994 3062 3163 3116 inﬂati
3202 3062 3392 3126 simus,
3422 3060 3537 3130 spi-

284 3161 737 3230 ταφρονοῦντας
755 3160 823 3213 δὲ
848 3160 964 3213 τῶν
982 3159 1418 3229 πνευματικῶν,
1438 3158 1534 3209 καὶ
1559 3155 1656 3208 διὰ
1680 3154 1854 3207 τοῦτο
1883 3186 1924 3241 c

1883 3186 1924 3241 ο
1959 3162 2065 3215 ritu
2104 3162 2358 3223 intuens,
2399 3160 2578 3213 aiebat
2616 3179 2628 3211 :
2663 3159 2849 3214 Audite
2889 3160 3097 3213 verbum
3131 3157 3359 3222 Domini,
3390 3158 3540 3228 prin-

288 3253 760 3323 τετυφωμένους,
786 3252 1016 3321 ἔλεγεν,
1054 3251 1380 3303 Ἀκούσατε
1410 3248 1595 3314 λόγον
1615 3245 1855 3311 Κυρίου,

286 3345 579 3412 ἄρχοντες
602 3342 877 3409 Σοδόμων
902 3359 916 3371 '
945 3339 1270 3407 προσέχετε
1296 3338 1483 3407 νόμον
1514 3336 1682 3399 Θεοῦ,
1711 3335 1860 3399 λαὸς

287 3435 616 3502 Γομόρρας.
674 3432 736 3484 TY
774 3448 877 3500 μοι
920 3428 1151 3496 πλῆθος
1195 3427 1315 3482 τῶν
1374 3426 1602 3483 θυσιῶν
1655 3424 1858 3493 ὑμῶν;

287 3526 541 3594 Πλήρης
582 3524 699 3591 εἰμὶ
769 3522 888 3575 τῶν
941 3519 1450 3589 ὁλοκαυτωμάτων
1495 3516 1709 3585 κριῶν⁸
1760 3515 1859 3569 καὶ

286 3616 475 3683 στέαρ
517 3613 735 3682 ἀρνῶν,
769 3614 867 3667 καὶ
910 3609 1053 3681 αἷμα
1110 3612 1342 3678 ταύρων
1385 3610 1485 3663 καὶ
1514 3607 1741 3678 τράγων
1787 3609 1858 3660 οὺ

282 3709 607 3776 βούλομαι.
649 3707 744 3771 Τίς
783 3706 891 3774 γάρ
923 3702 1243 3773 ἐξεζήτησε
1270 3702 1456 3755 ταῦτα
1482 3701 1548 3753 ἐκ
1590 3698 1705 3752 τῶν
1735 3715 1857 3766 χει-

282 3798 412 3865 ρῶν
445 3797 647 3866 ὐμῶν;
676 3795 889 3850 Πατεῖν
917 3793 1031 3861 τὴν
1069 3793 1272 3859 αὐλήν
1311 3809 1433 3861 μου
1492 3792 1563 3844 οὑ
1594 3789 1858 3859 προσθή-

289 3878 498 3944 σεσθε.
537 3889 673 3942 Ἐὰν
698 3887 915 3957 φέρητε
953 3886 1289 3955 σεμίδαλιν,
1314 3883 1597 3953 μάταιονο
1646 3882 1859 3951 θυμίαο

286 3999 374 4050 μα
398 3979 565 4051 [Sixt.
593 3978 819 4047 μάταιον
849 3976 1121 4047 θυμίαμα,
1158 3992 1260 4029 non
1295 3976 1426 4028 satis
1459 3971 1860 4044 αριε],,ϐδέλυ-

293 4068 414 4138 γμά
434 4071 538 4137 μοί
556 4069 707 4122 ἐστι.
757 4067 867 4132 Τὰς
910 4067 1236 4134 νουμηνίας
1262 4064 1424 4134 ὑμῶν
1453 4066 1550 4118 καὶ
1596 4064 1667 4118 τὰ
1717 4064 1862 4117 σάϐ-

292 4166 465 4221 ὄατα,
505 4160 603 4213 καὶ
648 4158 876 4227 ἡμέραν
904 4156 1180 4227 μεγάλην
1218 4160 1329 4211 οὐκ
1384 4155 1688 4225 ἀνέχομαι.
1745 4158 1861 4222 Νη-

292 4251 508 4304 στείιιν
538 4250 634 4302 καὶ
666 4250 879 4316 ἀργίαν
900 4248 995 4300 καὶ
1030 4248 1136 4313 τὰς
1167 4246 1375 4315 ἑορτὰς
1409 4246 1589 4314 ὑμῶν,
1627 4246 1795 4315 μισεῖ
1822 4247 1859 4311 ἡ

293 4340 467 4410 ψυχή
498 4357 636 4408 μου.
690 4338 1043 4408 Ἐ)ενήθητέ
1071 4355 1172 4407 μοι
1204 4340 1289 4402 είς
1314 4337 1699 4405 πλησμονήν·
1730 4338 1862 4391 οὐκ·

292 4433 384 4486 ἐτι
415 4434 486 4487 οὐ
522 4432 607 4500 μὴ
640 4432 881 4485 ἀνοίσω.
939 4432 1125 4483 Ὀταν
1162 4430 1267 4495 τὰς
1315 4430 1515 4497 χεῖρας
1562 4431 1864 4497 ὲκτείνητε

1964 3254 2101 3323 cipes
2122 3251 2505 3315 Sodomorum;
2536 3253 2788 3304 attendite
2816 3251 2915 3322 legi
2942 3251 3056 3314 Dei,
3082 3249 3303 3321 populus
3320 3249 3541 3306 Gomor-

1964 3346 2089 3395 rha'.
2131 3341 2243 3406 Quo
2296 3344 2423 3396 mihi
2480 3342 2761 3395 multitudo
2810 3342 3141 3394 victimarum
3187 3349 3481 3395 vestrarum
3513 3340 3540 3393 2

1963 3432 2162 3485 Plenus
2183 3449 2300 3485 sum
2326 3432 2638 3485 holocaustis
2658 3434 2885 3485 arietum
2905 3449 2923 3495 ;
2951 3442 3000 3484 et
3024 3432 3230 3500 adipem
3253 3447 3535 3501 agnorum,

1963 3530 2012 3574 ct
2037 3523 2348 3591 sanguinem
2372 3530 2652 3574 taurorum
2684 3530 2732 3573 et
2760 3523 3021 3574 hircorum
3060 3520 3200 3574 nolo.
3230 3521 3357 3585 Quis
3397 3523 3537 3575 enim

1964 3612 2238 3681 quuisivit
2290 3612 2399 3665 haec
2448 3612 2512 3664 de
2559 3612 2797 3665 manibus
2827 3612 3052 3665 vestris?
3082 3610 3304 3666 Calcare
3340 3614 3543 3667 atrium

1965 3720 2139 3757 meum
2191 3720 2296 3757 non
2335 3704 2634 3774 apponatis.
2679 3703 2736 3758 Si
2771 3705 3003 3774 oﬁ'eratis
3043 3704 3297 3769 similam,
3337 3705 3539 3773 {rustra

1964 3804 2039 3849 est
2064 3812 2081 3848 :
2110 3797 2395 3858 incensum,
2432 3796 2752 3849 abominatio
2799 3797 2924 3849 mihi
2958 3805 3052 3850 est.
3104 3796 3411 3850 Ncomenias
3457 3813 3541 3851 ve-

1961 3898 2101 3941 stras
2126 3896 2173 3940 et
2197 3886 2447 3951 Sabbata,
2483 3897 2531 3940 et
2551 3890 2686 3941 diem
2713 3905 2963 3959 magnum
2986 3906 3085 3942 non
3119 3887 3539 3958 feroJejunium

1961 3989 2010 4032 et
2041 3980 2198 4048 ferias
2237 3989 2284 4031 et
2322 3980 2627 4049 festivitates
2649 3988 2847 4033 vestras
2870 3982 2975 4033 odit
3010 3982 3189 4033 anima
3223 3997 3357 4034 mea.
3393 3981 3539 4035 Facti

1960 4073 2079 4124 estis
2126 4073 2253 4124 mihi
2286 4072 2342 4125 in
2375 4072 2693 4124 satietatem.
2746 4072 2866 4124 Non
2912 4072 3059 4126 ultra
3094 4073 3379 4126 dimittam.
3407 4072 3539 4128 Cum

1962 4163 2297 4217 extenderitis
2358 4180 2546 4216 manus
2579 4164 2647 4216 ad
2702 4180 2801 4227 me,
2850 4175 3091 4218 avertam
3124 4164 3297 4218 oculos
3339 4180 3478 4219 meos
3504 4183 3539 4218 α

1962 4255 2123 4319 vobis,
2150 4263 2198 4306 et
2245 4254 2852 4324 cummultiplicaveritis
2882 4257 3194 4324 orationem,
3216 4272 3321 4309 non
3375 4272 3540 4309 exau-

1963 4346 2129 4399 diam.
2161 4345 2433 4411 Quorsum
2462 4347 2637 4400 vero?
2683 4345 2872 4400 Manus
2904 4348 3043 4400 enim
3071 4355 3273 4409 vestrm,
3317 4346 3537 4414 inquit,

1962 4435 2223 4506 sanguine
2252 4435 2421 4505 plena:
2456 4445 2577 4489 sunt
2610 4438 2678 4501 9’;
2713 4436 2920 4491 idcirco
2966 4437 3249 4500 nimirum,
3278 4436 3407 4506 quia
3448 4443 3540 4506 qui

294 4525 449 4591 πρός
497 4539 593 4590 με,
646 4518 1005 4587 ἀποστρέψω
1049 4520 1189 4583 τοὺς
1223 4518 1567 4586 ὀφθαλμούς
1609 4535 1729 4586 μου
1761 4517 1861 4586 ἀφ’
1893 4540 1942 4598 ι)

1893 4540 1942 4598 ι)
1968 4528 2075 4581 odit
2103 4528 2323 4596 fratrem
2355 4546 2529 4593 suum,
2582 4528 2843 4582 homicida
2906 4538 2979 4583 est
3011 4531 3050 4586 ί.
3101 4529 3335 4585 Proinde
3376 4528 3537 4597 quid-

293 4610 464 4683 ὑμῶν
483 4628 496 4642 ·
535 4612 633 4664 καὶ
672 4610 779 4663 ἐὰν
803 4609 1149 4677 πληθύνητε
1176 4608 1291 4675 τὴν
1324 4607 1557 4675 δέησιν,
1601 4610 1712 4660 οὐκ
1738 4609 1863 4661 εισ-

295 4704 636 4772 ακούσομαι
671 4698 858 4770 ὑμῶν.
923 4700 1108 4765 Aturi;
1154 4701 1226 4754 At
1284 4697 1394 4767 γὰρ
1450 4697 1644 4766 χεῖρες
1670 4696 1858 4767 ὑμῶν,

1966 4618 2100 4688 quid
2164 4629 2249 4674 est
2318 4620 2642 4689 disciplinae,
2701 4620 3076 4690 religiosaeque
3127 4621 3541 4677 exercitationis

1965 4705 2231 4761 charitate
2273 4724 2381 4761 non
2406 4707 2623 4774 fultum,
2652 4709 2889 4763 alienum
2919 4724 2949 4762 a
2987 4705 3100 4765 Deo
3117 4717 3221 4764 est.

298 4796 490 4867 φησὶν,
545 4795 792 4863 αἵματος
855 4791 1140 4860 πλήρειςυ
1204 4792 1389 4863 ἐπειδὴ
1442 4796 1476 4847 ό
1523 4791 1721 4862 μισῶν
1763 4794 1872 4849 τὸν
1908 4797 2176 4867 ἀδελφόν
2236 4802 2445 4866 αὐτοῦ,
2482 4804 2991 4871 ἀνθρωποκτόνος
3036 4802 3191 4856 ἐστί.
3240 4800 3337 4854 Διά
3382 4800 3540 4853 τοῦτο

298 4894 453 4948 πᾶσα
485 4894 716 4958 ἄσκησις
744 4891 963 4959 ἀγάπην
1030 4889 1104 4959 μὴ
1144 4889 1340 4959 ἔχουσα
1371 4889 1622 4958 ἀλλοτρία
1646 4889 1738 4943 τοῦ
1802 4891 1935 4946 Θεοῦ
1974 4895 2318 4951 καοίσταται.
3471 4882 3496 4899 ”

372 4985 439 5049 ζ’.
490 4985 591 5039 Διὰ
639 4984 798 5038 τοῦτο
830 4985 923 5038 καὶ
973 4984 1069 5055 τὴν
1107 4985 1393 5055 ὑπόκρισιν
1430 4986 1588 5055 ἡμῶν
1626 4986 1862 5057 ἐλέγχων

298 5075 585 5147 πόρρωθεν
627 5075 829 5142 ἔλεγεν·
874 5075 935 5127 '0
956 5072 1105 5139 λαὸς
1138 5070 1333 5140 οὗτος,
1368 5075 1492 5142 τοῖς
1520 5077 1749 5143 χείλεσι
1788 5095 1865 5146 με

296 5164 459 5236 τιμᾷ.
486 5168 523 5234 ἡ
552 5166 621 5219 δὲ
642 5166 853 5235 καρδία
882 5164 1079 5221 αὐτῶν
1106 5167 1304 5233 πό,ιῖρω
1325 5167 1532 5235 ἀπέχει
1564 5170 1666 5223 ἀπ’
1698 5171 1864 5240 ἐμοῦ,

293 5258 497 5329 μάτην
520 5257 587 5311 δὲ
610 5258 889 5312 σέϐονταί
902 5275 999 5326 με,
1028 5257 1121 5311 καὶ
1144 5260 1211 5311 τὰ
1238 5259 1383 5328 ἑξῆς.
1416 5261 1523 5313 Καὶ
1546 5261 1687 5333 ειπερ
1743 5265 1799 5318 δὲ
1840 5268 1867 5319 ὁ

301 5350 507 5419 Κύριος
538 5349 695 5419 ήμῶν
720 5348 873 5418 ἔλεγε
897 5348 1193 5414 ταλανξζων
1218 5352 1342 5412 τοὺς
1366 5352 1712 5421 Φαρισαίους,
1740 5356 1869 5423 περὶ

301 5440 461 5511 ἡμῶν
483 5440 592 5508 ἐγὼ
618 5441 821 5505 ἀκούω,
851 5440 957 5494 τῶν
979 5441 1073 5493 νῦν
1107 5442 1434 5511 ὑποκριτῶν,
1464 5442 1573 5495 τῶν
1604 5446 1871 5516 τοσαύτης

302 5531 522 5602 χάριτος
542 5530 901 5597 ἀξιωθέντων,
929 5532 1022 5585 καὶ
1051 5529 1217 5600 χείρω
1242 5532 1463 5585 ἐκείνων
1486 5532 1866 5602 διακειμένων.

2041 4991 2128 5045 57.
2154 4991 2365 5045 Idcirco
2398 4992 2563 5046 etiam
2588 5001 2829 5047 nostram
2857 4992 3048 5063 procul
3079 4992 3419 5063 hypocrisim
3449 5008 3540 5047 ar-

1973 5096 2163 5151 guens,
2198 5082 2417 5136 aiebat:
2451 5082 2684 5152 Populus
2720 5085 2800 5138 hic
2834 5084 2984 5138 labiis
3026 5100 3107 5137 me
3138 5084 3427 5147 ltonorat,/
3450 5101 3540 5139 cor

1974 5182 2147 5226 autem
2185 5188 2362 5227 eorum
2400 5172 2550 5243 longe
2578 5182 2652 5227 est
2679 5192 2711 5228 a
2750 5193 2830 5229 me
2854 5193 2872 5229 :
2902 5178 3015 5230 sine
3040 5192 3203 5230 causa
3238 5186 3415 5229 autem
3448 5192 3539 5229 co-

1976 5261 2089 5315 lunt
2122 5279 2201 5315 me
2226 5265 2268 5325 ¹,
2294 5271 2350 5316 et
2386 5280 2509 5333 quae
2542 5273 2866 5332 sequuntur.
2904 5264 3048 5330 Quin
3079 5273 3135 5319 et
3166 5280 3251 5328 ea,
3278 5281 3400 5334 qua:
3436 5266 3538 5320 lio-

1974 5355 2158 5409 minus
2204 5366 2392 5409 noster
2437 5359 2649 5410 locutus
2679 5365 2764 5411 est
2794 5356 3086 5426 deplorans
3124 5358 3446 5417 Pharisaeos,
3485 5358 3538 5411 in

1975 5462 2074 5500 nos
2108 5445 2252 5499 dicta
2279 5463 2379 5517 ego
2410 5447 2595 5513 audio,
2624 5449 2719 5517 qui
2740 5464 2888 5503 nunc
2919 5449 3325 5519 hypocritarum
3355 5448 3539 5503 album

1978 5536 2304 5605 implenms:
2341 5538 2432 5607 qui
2471 5546 2617 5593 tanta
2654 5540 2860 5611 dignati
2900 5542 3095 5611 gratia,
3128 5541 3283 5611 pejus
3322 5540 3432 5594 illis
3468 5540 3543 5592 la-

374 5714 422 5790 ὲ·
452 5716 614 5776 lsa.t.
644 5714 727 5790 8_._
771 5714 1007 5790 quem.
1036 5730 1072 5776 ι,
1100 5714 1283 5790 esse.
1360 5717 1404 5748 θτ
1447 5716 1576 5769 ibid.
1606 5716 1690 5769 13.
1768 5719 1814 5751 ει
1847 5718 2033 5774 Matth.

1881 5718 2033 5774 latlli.
2060 5736 2206 5784 xxm,
2241 5722 2327 5785 57,
2359 5721 2445 5776 58.
2526 5724 2568 5754 ’9
2604 5722 2704 5777 lsa.
2732 5740 2769 5790 ι,
2802 5723 2988 5778 10-15.
3065 5724 3132 5782 ‘.l
3168 5724 3320 5779 Joan'.
3350 5739 3426 5788 ut,
3454 5724 3543 5778 15.

302 5785 329 5820 ⁸
358 5786 461 5840 lsa.
491 5800 635 5851 mx,
666 5785 762 5849 l3;
795 5783 980 5838 Matth.
1013 5801 1098 5849 xv,
1134 5785 1184 5838 8.
