4208 6436
689 389 793 452 943

1845 381 1914 439 S.
1947 379 2230 440 MAXllllI
2277 379 2786 442 CONFESSORIS

3866 386 3975 450 9“

684 505 967 560 boramus.
1009 501 1150 557 Num
1204 509 1261 555 ct
1298 514 1398 555 nos
1436 498 1726 569 alligamus
1767 502 1935 552 one‘ra
1977 498 2162 568 gravia
2213 505 2269 552 et

2385 489 2448 551 “II.
2473 497 2594 568 οὐχι
2625 499 2720 552 καὶ
2767 498 2927 569 ἡμεῖς
2957 495 3267 570 δεσμοῦμεν
3305 499 3500 570 φορτία
3533 500 3706 571 βαρέα
3728 501 3824 555 καί⁵
3850 502 3984 553 δυσ.

686 593 1077 664 imporlabilia,
1104 601 1161 646 ει
1189 591 1524 661 imponimus
1561 591 1615 644 in
1651 589 1914 644 humeros
1956 589 2263 650 hominum,

684 692 742 738 et
771 684 1029 738 nolumus
1050 682 1222 750 digito
1251 695 1314 734 ea
1344 695 1566 734 movere
1594 680 1652 732 ³⁴ἰ
1684 679 1823 733 Num
1857 687 1914 733 et
1949 694 2051 732 nos
2082 679 2266 733 omnia

687 789 856 844 opera
886 782 1072 828 nostra
1098 772 1356 834 facimus,
1379 782 1437 826 ut
1464 772 1750 826 videamur
1777 771 1848 824 ab
1872 771 2197 825 hominibus
2217 771 2268 822 ‘2'

687 867 828 920 Num
861 872 916 919 et
948 879 1050 918 nos
1087 879 1335 918 amamus
1372 863 1577 932 primos
1613 862 1895 916 recubitus
1932 860 1984 916 in
2011 865 2186 917 comis
2213 869 2269 916 et

689 956 895 1025 primas
937 953 1099 1008 sedes
1148 955 1202 1007 in
1249 955 1532 1007 hominum
1575 953 1834 1016 coetibus,
1873 967 1938 1006 ac
1976 951 2163 1008 vocari
2199 952 2267 1006 ab

690 1047 1011 1102 hominibus
1058 1046 1254 1110 Rabbi,
1302 1045 1512 1100 naubi?
1542 1061 1606 1100 ac
1646 1047 1740 1116 qui
1788 1047 1904 1101 haec
1943 1061 2051 1100 non
2100 1047 2268 1102 etiam

689 1147 855 1208 atque
879 1139 1047 1193 etiam
1079 1138 1343 1202 tribuant,
1362 1137 1430 1192 ad
1462 1149 1693 1193 mortem
1729 1154 1901 1208 usque
1924 1139 2267 1208 insequimur

690 1246 754 1285 ac
787 1231 1083 1284 vexamus?
1111 1230 1252 1285 Num
1285 1237 1342 1284 et
1370 1245 1471 1285 nos
1506 1231 1732 1285 tulimus
1762 1231 1970 1286 clavem
2000 1231 2266 1296 scientiae,

689 1329 741 1376 et
777 1321 1087 1376 claudimus
1127 1335 1355 1392 regnum
1389 1322 1654 1376 caelorum
1702 1335 1888 1376 coram
1925 1321 2266 1388 hominibus,

693 1420 755 1466 ut
777 1426 880 1466 nec
902 1411 1005 1480 ipsi
1031 1411 1423 1481 ingrediantur,
1454 1425 1556 1464 nec
1589 1411 1714 1465 illos
1740 1411 1950 1480 ingredi
1971 1412 2270 1467 faciamus?

692 1504 833 1558 Num
856 1512 912 1557 et
945 1518 1045 1556 nos
1065 1502 1372 1557 circuimus
1401 1519 1552 1557 mare
1590 1513 1645 1558 et
1673 1504 1884 1558 aridam
1918 1515 1978 1560 ut
2000 1505 2267 1560 faciamus

695 1608 864 1648 unum
879 1593 1239 1664 proselytum,
1255 1592 1421 1663 386
1435 1603 1490 1646 ct
1508 1609 1631 1646 cum
1646 1592 1820 1647 tactus
1838 1593 2022 1657 fuerit,
2041 1595 2270 1649 facimus

692 1698 820 1739 cum
833 1683 1098 1755 gehennae
1113 1683 1466 1752 ﬁliumduplo
1479 1699 1639 1751 quam
1660 1684 1783 1737 nos?
1814 1684 1952 1738 Num
1975 1695 2029 1738 et
2048 1700 2147 1739 nos
2164 1685 2268 1739 du-

694 1791 788 1831 ces
831 1775 961 1830 εκεῖ
1001 1790 1211 1837 sumus,
1245 1775 1340 1844 qui
1364 1777 1608 1828 colemus
1623 1776 1878 1840 culicem,
1910 1786 1963 1830 ct
1999 1777 2268 1830 camelum

2374 587 2678 655 ϐάστακτα,
2737 593 2834 642 καὶ
2886 587 3206 659 ὲπιτίθεμεν
3236 590 3330 643 ἐπὶ
3362 591 3488 655 τοὺς
3521 592 3708 662 ὤμους
3740 591 3851 646 τῶν
3874 597 3973 648 div-

2375 671 2638 746 θρὼπων,
2668 676 2747 746 τῷ
2787 677 2845 730 δὲ
2895 677 3146 749 δακτύλῳ
3189 680 3349 750 ἡμῶν
3377 680 3440 733 οὐ
3485 680 3716 751 θέλομεν
3744 682 3974 751 κινῆσαι

2375 769 2552 835 αὐτά;
2610 769 2680 821 Ἢ
2740 769 2862 838 οὐχὶ
2919 769 3014 823 καὶ
3063 772 3263 841 ἡμεῖς,
3312 775 3494 827 πάντα
3527 775 3594 827 τὰ
3626 774 3764 844 ἔργα
3810 776 3974 845 ἡμῶν

2375 860 2640 932 ποιοῦμεν
2668 862 2808 932 πρὸς
2840 863 2904 916 τὸ
2933 861 3196 933 θεαθῆναι
3221 865 3336 928 τοῖς
3364 864 3711 936 ἀνθρώποις;
3747 869 3819 920 Ἥ
3849 868 3976 936 οὐχὶ

2375 951 2473 1004 καὶ
2497 953 2661 1022 ἡμεῖς
2687 951 2954 1022 φιλοῦμεν
2967 953 3068 1023 τὴν
3089 954 3497 1024 πρωτοκλισίαν
3519 957 3577 1009 ὲν
3597 959 3710 1020 τοῖς
3731 957 3973 1020 δείπνοις

2375 1043 2476 1097 καὶ
2502 1043 2603 1107 τὰς
2648 1045 3133 1116 πρωτοκαθεδρίας
3185 1045 3245 1098 ὲν
3296 1048 3417 1110 ταῖς
3457 1052 3825 1117 συναγωγαῖς,
3877 1050 3975 1103 καὶ

2375 1136 2662 1190 καλεῖσθαι
2707 1135 2813 1190 ὑπὸ
2847 1136 2956 1189 τῶν
3007 1136 3313 1207 ἀνθρώπων
3374 1136 3582 1203 Ῥαὸϐὶ,
3629 1139 3840 1192 Ῥαεϐί·
3878 1142 3977 1193 καὶ

2374 1228 2504 1290 τοὺς
2528 1226 2702 1280 ταῦτα
2726 1229 2861 1298 ἡμῖν
2893 1227 2969 1296 μὴ
2999 1227 3207 1300 σφόδρα
3237 1228 3637 1297 ἀπονέμοντας,
3668 1231 3772 1294 ἓως
3806 1229 3977 1284 θανάρ

2375 1337 2468 1373 του
2495 1319 2864 1390 πολεμοῦμεν;
2897 1320 2968 1373 Ἦ
2986 1319 3108 1390 οὐχι
3133 1321 3226 1373 καὶ
3255 1322 3415 1390 ἡμεῖς
3444 1321 3660 1391 ἡραμεν
3691 1323 3792 1394 τὴν
3821 1323 3977 1376 κλεῖ-

2377 1411 2444 1466 δα
2471 1412 2573 1482 τῆς
2613 1411 2892 1479 γνώσεως,
2935 1413 3033 1466 καὶ
3068 1411 3326 1482 κλείομεν
3371 1413 3472 1483 τὴν
3521 1411 3799 1482 βασιλείαν
3863 1414 3978 1467 τῶν

2377 1502 2622 1574 οὐρανῶν
2654 1501 2969 1574 ἔμπροσθεν
2999 1500 3108 1555 τῶν
3134 1501 3460 1572 ἀνθρώπων,
3497 1503 3632 1573 μηδὲ
3655 1487 3811 1558 αὐτοὶ
3861 1507 3978 1558 εισ-

2379 1596 2686 1666 ερχόμενοι,
2731 1594 2867 1666 μηδὲ
2895 1595 3095 1659 αὐτοὺς
3120 1595 3405 1658 ποιοῦντες
3424 1595 3723 1661 εἰσελθεῖνς
3750 1597 3822 1650 Ἢ
3852 1598 3977 1667 οὐχὶ

2379 1687 2474 1739 καὶ
2504 1687 2666 1756 ἡμεῖς
2697 1686 3038 1757 περιάγομεν
3077 1685 3179 1756 τὴν
3219 1685 3495 1740 θάλασσαν
3541 1687 3637 1740 καὶ
3660 1686 3758 1757 τὴν
3799 1687 3976 1758 ξηράν

2381 1776 2610 1844 ποιῆσαι
2655 1775 2751 1829 ενα
2807 1775 3170 1845 προσήλυτον,
3201 1777 3298 1828 καὶ
3335 1776 3466 1830 ὅταν
3509 1776 3756 1847 γένηται,
3790 1776 3979 1830 ποιοῦ-

693 1864 1024 1934 glutiamus?
1044 1865 1189 1920 Num
1220 1873 1275 1918 et
1302 1881 1401 1917 nos
1422 1864 1751 1918 mundamus
1774 1865 1920 1934 quod
1956 1865 2163 1920 deforis
2190 1873 2274 1920 est

2387 1881 2488 1934 μεν
2520 1866 2686 1918 αὐτὸν
2723 1867 2838 1919 υίὸν
2867 1864 3095 1933 γεέννης
3139 1866 3457 1936 διπλότερον
3507 1868 3704 1938 ἡμῶν;
3749 1869 3821 1920 Ἢ
3855 1868 3979 1938 οὐχι

693 1955 886 2010 calicis
925 1964 984 2010 et
1023 1953 1370 2025 paropsidis;
1408 1955 1555 2024 quod
1595 1964 1777 2008 autem
1819 1968 2068 2010 nostrum
2124 1958 2273 2013 intus

700 2055 788 2100 est
833 2047 1058 2116 plenum
1103 2055 1189 2100 est
1232 2045 1420 2114 rapina
1464 2053 1519 2098 ει
1554 2043 1874 2113 iniquitate?
1912 2047 2159 2114 quinimo
2190 2047 2274 2101 in-

697 2136 1038 2192 continentia
1079 2136 1338 2205 turpique
1372 2133 1635 2189 libidine?
1668 2134 1808 2188 Num
1828 2143 2001 2189 etnos
2036 2136 2274 2190 decima-

695 2244 822 2284 mus
858 2237 1037 2283 rutam
1059 2239 1115 2282 et
1146 2237 1412 2293 mentam,
1451 2242 1725 2296 omneque
1750 2228 1892 2286 olus,
1923 2237 1976 2281 et
2003 2228 2271 2296 judicium

695 2335 762 2375 ac
797 2319 1153 2375 dilectionem
1197 2318 1294 2372 Dei
1336 2316 1844 2386 praetermittimus?
1866 2317 2016 2370 "Num
2068 2325 2124 2370 et
2172 2332 2274 2372 nos

698 2423 891 2463 sumus
935 2408 1083 2462 sicut
1127 2406 1379 2476 sepulcra
1425 2405 1682 2468 obscura,
1727 2404 1822 2473 qui
1869 2403 2007 2458 foris
2049 2406 2274 2474 quidem

691 2499 829 2570 justi
853 2497 1172 2552 hominibus
1204 2509 1515 2565 pareamus,
1548 2494 1700 2548 intus
1727 2504 1908 2548 autem
1935 2495 2078 2563 pleni
2103 2495 2276 2550 simus

696 2590 975 2663 hypocrisi
999 2597 1055 2644 et
1083 2588 1438 2658 improbitate
1481 2596 1537 2641 et
1575 2586 1726 2640 omni
1763 2587 2028 2655 spurcitia
2050 2587 2068 2616 ⁵
2090 2587 2111 2639 ?
2132 2586 2274 2640 Num

697 2691 756 2735 et
793 2694 894 2736 nos
921 2679 1258 2734 mdiﬁcamus
1294 2677 1547 2746 sepulcra
1588 2687 1892 2747 martyrum
1926 2685 1982 2730 et
2015 2692 2277 2732 ornamus

697 2781 1052 2829 monumenta
1078 2771 1478 2840 apostolorum,
1508 2777 1672 2838 atque
1705 2767 1814 2823 illis
1854 2769 2063 2824 similes
2087 2784 2279 2823 sumus

676 2866 794 2935 .qui
829 2880 924 2920 eos
959 2862 1318 2918 occiderunt?
1347 2862 1482 2928 Quis
1523 2877 1655 2932 ergo
1698 2878 1808 2916 non
1840 2863 2040 2932 lugeat,
2075 2862 2169 2932 qui
2199 2863 2280 2917 sic

697 2956 882 3011 aﬁ'ecti
928 2957 1104 3012 simus
1137 2965 1193 3008 et
1231 2955 1582 3009 laboremus?
1619 2953 1754 3020 Quis
1791 2961 1996 3008 tantam
2033 2963 2278 3008 nostram

699 3049 1074 3118 captivitatem
1109 3047 1368 3118 lacrymis
1405 3062 1514 3100 non
1550 3046 1945 3115 prosequatur?
1986 3047 2280 3114 Propterea

701 3141 892 3212 inclyti
919 3140 1012 3193 iilii
1043 3140 1140 3194 Dei
1177 3139 1414 3208 reputati
1437 3146 1567 3192 sunt
1597 3140 1651 3191 in
1683 3154 1808 3192 vasa
1840 3147 2031 3192 testea.
2063 3137 2276 3194 Idcirco

701 3230 1058 3284 obscuratum
1097 3237 1182 3282 est
1226 3242 1450 3289 aurum,
1502 3225 1848 3278 immutatum
1889 3234 1974 3278 est
2008 3224 2277 3292 optimum

703 3330 989 3391 argentum
1017 3319 1057 3372 ⁵.
1084 3318 1294 3372 Idcirco
1313 3315 1551 3371 Nazanei
1570 3315 1702 3368 Sion
1729 3315 1854 3368 nive
1879 3314 2283 3383 splendidiores

703 3413 834 3468 facti
861 3426 1054 3466 sumus
1087 3411 1242 3480 quasi
1276 3409 1596 3476 Ethiopcs;
1625 3408 1720 3475 qui
1756 3407 1898 3461 lacte
1931 3405 2284 3460 candidiores

700 3511 882 3564 erant,
929 3515 1095 3569 super
1139 3505 1507 3553 atramentum
1555 3496 1826 3566 denigrali
1877 3503 2024 3549 sunt.
2073 3495 2283 3549 Idcirco

703 3592 1063 3648 obtenebrata
1091 3599 1175 3644 est
1198 3605 1364 3658 supra
1390 3589 1673 3658 fuliginem
1696 3587 1910 3657 species
1938 3595 2150 3640 nostra.
2176 3586 2282 3652 Qui

704 3683 1088 3740 nutriebamur
1125 3682 1178 3736 in
1225 3679 1529 3744 eoccineis,
1570 3679 1862 3748 amplexati
1909 3694 2100 3732 sumus
2140 3687 2284 3733 ster-

705 3793 836 3833 cora
865 3794 877 3831 :
907 3785 964 3831 et
995 3777 1169 3846 major
1191 3775 1336 3829 facta
1361 3782 1449 3830 est
1473 3773 1738 3843 iniquitas
1766 3780 1956 3827 nostra
1985 3787 2151 3842 super
2182 3772 2287 3826 ini-

705 3866 974 3937 quitatem
1015 3864 1402 3920 Sodomorum.
1447 3863 1659 3918 Idcirco
1708 3863 1805 3917 ﬁlii
1844 3862 1956 3917 diei
2012 3870 2070 3916 et
2122 3862 2284 3926 lucis,

704 3959 834 4014 facti
863 3974 1054 4014 sumus
1087 3956 1182 4011 ﬁlii
1208 3956 1386 4012 noctis
1414 3965 1471 4012 et
1501 3955 1853 4010 tenebrarum
1881 3956 1924 4009 ⁷.
1958 3953 2170 4009 Idcirco
2189 3952 2288 4008 ﬁlii

707 4065 886 4136 regni,
927 4065 983 4119 in
1027 4063 1169 4118 ﬁlios
1197 4063 1464 4133 gehennte
1501 4061 1801 4116 evasimus.
1849 4060 2148 4128 Propterea
2190 4056 2288 4112 ﬁlii

707 4157 947 4221 Excelsi,
988 4156 1135 4211 sicut
1180 4156 1434 4210 homines
1471 4153 1760 4215 morimur,
1794 4161 1853 4208 et
1877 4152 2022 4206 sicut
2050 4166 2196 4205 unus
2221 4167 2288 4205 ex

707 4247 1057 4319 principibus
1083 4245 1334 4300 cadimus
1373 4245 1416 4297 ⁸.
1456 4245 1755 4313 Propterea
1788 4241 1976 4295 traditi
2009 4256 2203 4296 sumus
2233 4240 2289 4294 in

710 4354 907 4394 manus
939 4339 1182 4393 hostium
1214 4337 1530 4406 iniquorum
1561 4334 1851 4406 (saavorum
1878 4332 2091 4388 scilicet
2119 4348 2183 4388 ac
2213 4332 2293 4388 [ε-

709 4429 926 4483 rocium
955 4428 1288 4497 daemonum)
1318 4427 1545 4497 regique
1580 4426 1787 4496 injusto
1809 4434 1866 4480 et
1894 4424 2289 4480 scelestissimo

2375 1959 2470 2011 καὶ
2500 1958 2665 2027 ἡμεῖς
2701 1959 2874 2028 ἐσμεν
2931 1958 3118 2028 ὁδηγοὶ
3154 1957 3368 2025 τυφλοὶ,
3397 1957 3490 2010 τον
3542 1959 3767 2012 κόνωπα
3806 1958 3978 2013 διυλί-

2375 2050 2580 2115 ζοντες,
2609 2051 2701 2104 καὶ
2729 2051 2830 2120 τὴν
2861 2051 3114 2122 κάμηλον
3152 2051 3590 2117 καταπίνοντες;
3627 2051 3698 2103 Ἦ
3739 2053 3862 2121 οὐχὶ
3884 2054 3981 2105 καὶ

2375 2143 2536 2212 ἡμεῖς
2561 2143 2938 2214 καθαρίζομεν
2965 2144 3024 2196 τὸ
3056 2142 3258 2210 ἔξωθεν
3295 2143 3393 2198 τοῦ
3430 2143 3696 2215 ποτηρίου
3746 2145 3846 2196 καὶ
3879 2143 3978 2214 τῆς

2377 2235 2695 2305 παροψίδος·
2751 2234 2812 2288 τὸ
2865 2235 2920 2288 δὲ
2968 2232 3170 2288 ἔσωθεν
3197 2233 3356 2306 ἡμῶν
3389 2234 3552 2307 γέμει
3589 2235 3850 2307 ἁρπαγῆς
3884 2237 3980 2288 καὶ

2376 2330 2689 2394 πλεονεξίας
2736 2329 2850 2403 [Fr.
2891 2333 2986 2387 καὶ
3025 2331 3416 2404 ἀκαθαρσίαςΓ
3455 2331 3657 2400 μᾶλλον
3705 2332 3764 2385 δὲ
3799 2335 3982 2403 ἀκρα-

2379 2422 2498 2485 σίας
2523 2438 2538 2485 ;
2569 2424 2638 2476 ‘H
2667 2423 2789 2494 οὐχὶ
2819 2425 2914 2477 καὶ
2937 2427 3104 2496 ἡμεῖς
3135 2424 3589 2496 ἁποδεκειτοῦμεν
3629 2426 3692 2478 τὸ
3724 2427 3981 2494 πήγανον

2377 2515 2474 2568 καὶ
2502 2515 2562 2568 τὸ
2591 2515 2878 2586 ἡδύοσμον,
2907 2517 3002 2569 καὶ
3029 2517 3139 2569 πᾶν
3162 2517 3416 2586 λάχανονο
3448 2519 3542 2571 καὶ
3567 2517 3968 2587 παρερχόμεθα

2383 2606 2484 2674 τὴν
2536 2605 2718 2675 κρίσιν
2773 2607 2870 2660 καὶ
2899 2606 2995 2674 τὴν
3030 2609 3252 2677 ἀγάπην
3282 2607 3375 2662 τοῦ
3405 2608 3578 2675 Θεοῦ;
3608 2610 3682 2661 Ἦ
3711 2609 3836 2678 οὐχὶ
3883 2610 3982 2662 καὶ

2380 2697 2544 2765 ἡμεῖς
2578 2697 2749 2766 ἐσμεν
2777 2697 2853 2760 ὡς
2886 2698 2956 2752 τὰ
2987 2703 3230 2770 μνημεῖα
3273 2701 3342 2754 τὰ
3379 2700 3568 2771 ἄδηλα,
3625 2700 3828 2765 ἔξωθεν
3876 2701 3980 2770 μὲν

2381 2790 2696 2859 φαινόμενοι
2730 2793 2844 2852 τοῖς
2880 2790 3195 2861 ἀνθρώποις
3238 2793 3458 2854 δίκαιοι,
3497 2791 3702 2845 ἔσωθεν
3734 2792 3796 2844 δὲ
3821 2793 3980 2855 ὄντες

2387 2879 2573 2948 μεστοὶ
2602 2879 2946 2948 ὑποκρίσεως
2977 2877 3075 2932 καὶ
3107 2881 3340 2949 ἀνομίας
3385 2881 3479 2935 καὶ
3512 2883 3690 2950 πάσης
3722 2883 3979 2952 ἀκαθαρ-

2385 2971 2530 3030 σίαςξ
2573 2971 2642 3022 Ἦ
2683 2971 2806 3040 οὐχὶ
2849 2971 2943 3024 καὶ
2992 2972 3154 3042 ἡμεῖς
3197 2971 3590 3042 οἰκοδομοῦμεν
3613 2975 3742 3036 τοὺς
3768 2973 3982 3042 τάφους

2381 3061 2490 3114 τῶν
2531 3063 2864 3132 Μαρτύρων,
2922 3063 3019 3116 καὶ
3070 3061 3387 3133 κοσμοῦμεν
3441 3064 3511 3116 τὰ
3570 3066 3816 3134 μνημεῖα
3873 3065 3984 3115 τῶν

2395 3153 2756 3217 Ἀποστόλων,
2804 3152 2898 3228 καὶ
2929 3153 3095 3222 ἐσμὲν
3149 3155 3324 3223 ὅμοιοι
3365 3153 3474 3206 τῶν
3525 3155 3985 3208 ἀποκτεινάντων

2385 3245 2621 3310 αὐτούς
2673 3245 2758 3306 τίς
2813 3240 2907 3298 οῦν
2944 3244 3006 3296 οὐ
3043 3243 3266 3297 κλαύσει
3310 3245 3456 3313 ἡμᾶς
3489 3239 3664 3308 οὕτως
3695 3245 3984 3315 διακειμέο

2385 3353 2535 3397 νους.
2563 3335 2656 3398 Τίς
2687 3335 2748 3386 οὐ
2786 3333 3048 3406 θρηνήσει
3101 3335 3203 3404 τὴν
3234 3335 3574 3406 τηλικαύτην
3605 3337 3765 3405 ἡμῶν
3817 3338 3987 3408 αίχμ-

2384 3427 2658 3490 αλωσίανς
2701 3427 2799 3480 Διά
2827 3425 2986 3479 τοῦτο
3021 3426 3126 3479 υἱοὶ
3153 3426 3287 3480 Θεοῦ
3320 3421 3589 3498 οῖ’τίμιοι,
3613 3428 3986 3500 ἐλογίσθημεν

2385 3517 2459 3580 ὡς
2497 3519 2694 3584 ἀγγεῖα
2727 3516 3047 3586 ὀστράκινα.
3087 3515 3186 3568 Διὰ
3214 3514 3373 3568 τοῦτο
3407 3515 3714 3586 ἡμαυρώθη
3749 3517 3814 3568 τὺ
3847 3535 3984 3588 χρυ-

2389 3610 2521 3661 σίον·
2552 3608 2821 3679 ἠλλοιώθη
2850 3608 2912 3663 τὸ
2942 3607 3205 3679 ἀργύριον
3245 3607 3308 3661 τδ
3339 3607 3565 3676 ἀγαθόν.
3603 3607 3702 3660 Διὰ
3737 3607 3905 3662 τοῦτο
3933 3610 3984 3662 οῖ

2387 3699 2700 3769 Ναζωραῖοι
2740 3699 2902 3765 Σιὼν,
2937 3701 2989 3752 oi
3018 3701 3158 3772 ὑπὲρ
3201 3700 3355 3772 χιόνα
3384 3699 3722 3770 λάμψαντες,
3751 3701 3985 3769 γεγόνα-

2391 3811 2494 3865 μεν
2549 3794 2626 3857 ὼς
2660 3793 2936 3858 Αἰθίοπες
2965 3794 3016 3847 oi
3045 3794 3184 3865 ὑπὲρ
3215 3792 3357 3863 γάλα
3389 3791 3802 3857 λευκανθέντες,
3836 3793 3979 3864 ὑπὲρ

2394 3885 2560 3956 μέλαν
2587 3885 2967 3956 ὲζοφώθησαν.
2996 3885 3095 3939 Διά
3124 3886 3284 3939 τοῦτο
3305 3885 3601 3940 ὲσκότασεν
3634 3886 3780 3957 ὑπὲρ
3815 3888 3984 3940 ἀσσόο

2389 3976 2488 4046 λην
2542 3975 2602 4028 τὸ
2651 3973 2790 4040 εἶδος
2839 3977 3016 4046 ἡμῶν.
3068 3978 3134 4031 0i
3177 3977 3557 4047 τιθηνούμενοι
3604 3979 3698 4031 ἐπὶ
3738 3978 3984 4042 κόκκων,

2391 4067 2828 4138 περιεὸαλόμεθα
2858 4067 3113 4140 κοπρίας·
3155 4068 3250 4122 καὶ
3294 4068 3640 4139 ὲμεγαλύνθη
3686 4069 3722 4140 ἡ
3779 4071 3987 4141 ἀνομία

2391 4157 2570 4229 ἡμῶν,
2604 4158 2746 4229 ὑπὲρ
2779 4159 3021 4229 ἀνομιῶν
3053 4160 3325 4230 Σοδόμων.
3355 4159 3454 4213 Διά
3483 4160 3640 4214 τοῦτο
3665 4163 3715 4214 oi
3749 4161 3862 4214 υἱοὶ
3885 4163 3989 4232 τῆς

2390 4247 2606 4316 ἡμέρας
2648 4248 2741 4301 καὶ
2785 4247 2880 4300 τοῦ
2909 4249 3106 4316 φωτὸς,
3148 4249 3256 4302 υἱοὶ
3306 4249 3615 4321 γεγόναμεν
3661 4251 3858 4314 νυκτὸς
3889 4251 3992 4305 καὶ

2396 4341 2652 4402 σκότους.
2681 4339 2782 4392 Διὰ
2804 4339 2964 4393 τοῦτο
2991 4341 3097 4394 υἱοὶ
3126 4340 3226 4410 τής
3271 4339 3568 4410 βασιλείας,
3601 4343 3709 4395 υίοὶ
3750 4341 3992 4411 γεέννης

2397 4429 2730 4500 γεγόναμεν.
2762 4431 2863 4484 Διά
2881 4430 3041 4484 τοῦτο
3059 4431 3110 4484 oi
3142 4431 3248 4484 uici.
3294 4431 3569 4501 Ὑψίστου,
3600 4433 3678 4496 ὡς
3704 4433 3990 4500 ἄνθρωποι

714 4536 858 4590 ultra
904 4549 1123 4590 omnem
1178 4542 1381 4587 terram
1427 4533 1672 4602 (illorum
1718 4531 1980 4585 nimirum
2034 4530 2282 4600 principi]

2403 4523 2840 4593 ἀποθνήσκομεν,
2873 4523 2966 4575 καὶ⁸
2992 4522 3083 4595 ὼς.
3117 4517 3200 4585 εἷς
3232 4521 3341 4576 τῶν
3371 4522 3648 4595 ἀρχόντων
3687 4524 3990 4600 πίπεομεν.

710 4628 838 4698 quia
860 4627 1212 4698 peccavimus
1231 4643 1296 4681 ac
1322 4625 1509 4695 inique
1533 4625 1772 4694 egimus,
1795 4621 2054 4678 violando
2076 4623 2282 4677 Domini

2399 4614 2498 4666 Διά
2539 4613 2696 4666 τοῦτο
2749 4613 3128 4684 παρεδόθημεν
3161 4613 3244 4677 είς
3279 4615 3469 4684 χεῖρας
3499 4612 3708 4685 ἐχθρῶν
3736 4613 3992 4684 ἀνόμων,

714 4721 812 4775 Dei
861 4719 1034 4773 nostri
1081 4717 1340 4772 mandata
1367 4718 1411 4782 ’,
1443 4725 1499 4770 et
1537 4715 1915 4771 conculcando
1942 4714 2141 4768 Filium
2174 4714 2293 4779 Dei,

716 4827 782 4866 ac
808 4825 1156 4867 communem
1191 4808 1446 4863 ducendo
1487 4808 1808 4879 sanguinem
1858 4805 2173 4860 testamenti
2229 4805 2290 4858 ¹⁰.

717 4905 823 4961 Sed
851 4921 916 4960 nc
940 4903 1236 4959 tradideris
1254 4918 1353 4956 nos
1375 4901 1429 4955 in
1452 4899 1614 4954 ﬁnem
1643 4907 1870 4968 propter
1887 4912 2089 4950 nomen
2115 4904 2292 4960 tuum,

717 4997 968 5060 Domine,
1022 5011 1091 5050 ne
1141 4994 1379 5062 dissipes
1428 4999 1819 5046 testamentum
1875 4996 2066 5050 tuum;
2114 5003 2293 5056 neque

717 5097 931 5142 avertas
967 5083 1403 5141 misericordiam
1430 5092 1576 5136 tuam
1605 5097 1634 5136 a
1663 5080 1842 5143 nobis,
1873 5088 2095 5149 propter
2130 5080 2296 5135 mise-

2401 4703 2512 4755 τῶν
2553 4701 2762 4772 ἀγρίων
2802 4701 2946 4770 λέγω
2985 4702 3275 4773 δαιμόνων,
3305 4703 3399 4755 καὶ
3431 4700 3642 4773 βασιλεῖ
3676 4703 3851 4772 ἀδίκῳ
3892 4709 3994 4758 καὶ

2402 4794 2774 4865 πονηρωτάτῳ
2805 4793 2958 4863 παρά
3002 4795 3185 4847 πᾶσαν
3220 4793 3322 4864 τὴν
3362 4796 3486 4864 γῆν,
3518 4793 3720 4865 δηλαδὴ
3747 4795 3831 4864 τῷ
3860 4795 3996 4848 τοῦ-

2398 4904 2506 4940 των
2538 4887 2780 4956 ἄρχοντι,
2807 4885 2890 4938 ὅτι
2915 4885 3234 4956 ἡμάρτομεν
3270 4887 3364 4940 καὶ
3393 4886 3772 4957 ἡνομὴσαμεν,
3803 4903 3994 4957 παρα-

2399 4977 2594 5040 ὕάντες
2649 4977 2747 5039 τὰς
2829 4977 3048 5040 ἐντολὰς
3091 4976 3300 5046 Κυρίου
3390 4976 3483 5030 τοῦ
3557 4975 3693 5030 Θεοῦ
3783 4977 3950 5048 ἡμῶν
3977 5017 3997 5044 ,

2404 5071 2499 5124 και
2523 5069 3006 5139 καταπατήσαντες
3027 5069 3118 5121 τὸν
3147 5068 3274 5121 Υίδν
3301 5067 3394 5122 τοῦ
3433 5068 3568 5122 Θεοῦ
3598 5069 3694 5122 καὶ
3736 5069 3801 5122 τὺ
3846 5065 3997 5142 αἷμα

718 5179 962 5233 rationes
992 5187 1115 5233 tuas
1145 5176 1209 5242 ¹¹,
1252 5175 1412 5230 Pater
1453 5183 1660 5237 noster,
1703 5173 1796 5242 qui
1823 5187 1882 5226 es
1925 5172 1980 5224 in
2023 5170 2206 5235 cmlis;
2245 5185 2274 5224 e

2406 5165 2504 5233 τῆς
2531 5161 2793 5231 διαθήκης
2845 5161 3023 5214 κοινὸν
3084 5162 3448 5231 ἡγησάμενοι.
3495 5161 3654 5215 Ἀ)λά
3700 5161 3776 5232 μὴ
3806 5179 3998 5233 παρα-

715 5278 943 5339 propter
972 5269 1184 5323 viscera
1210 5265 1476 5336 unigeniti
1508 5264 1630 5318 Filii
1656 5265 1774 5331 tuif,
1817 5273 2155 5332 propterque
2194 5261 2299 5314 mi-

718 5355 1079 5415 scricordiam
1107 5359 1348 5428 Spiritus
1373 5357 1570 5411 sancti.
1610 5355 1690 5409 Ne
1720 5354 2020 5408 memineris
2046 5354 2301 5422 iniquita-

2405 5257 2531 5326 δόης
2567 5255 2680 5326 ιιπν.
2730 5253 3007 5325 παραδῴς]
3059 5256 3210 5324 ἡμᾶς
3259 5256 3340 5318 εις
3369 5254 3524 5317 τέλος
3577 5253 3667 5306 διά
3707 5256 3771 5307 τὸ
3818 5255 3999 5326 ὄνομά

2411 5366 2529 5414 σου,
2566 5348 2759 5419 Κύριε,
2791 5348 2886 5401 καὶ
2925 5347 3000 5416 μὴ
3044 5345 3403 5418 διασκεδάσης
3447 5345 3544 5416 τὴν
3571 5344 3840 5416 διαθήκην
3873 5364 3994 5400 σου·

719 5460 831 5506 tum
865 5459 1172 5506 nostrarum
1201 5452 1582 5516 antiquarunt;
1623 5449 1718 5502 sed
1760 5449 1860 5500 cito
1895 5447 2182 5516 anticipant
2211 5461 2282 5498 no.

2413 5444 2509 5496 καὶ
2545 5442 2619 5512 μὴ
2672 5443 2991 5512 ἀποοτήσῃς
3030 5439 3090 5492 τὸ
3124 5438 3272 5501 ἔλεός
3305 5456 3399 5492 σου
3428 5438 3520 5508 ἀφ’
3545 5439 3830 5509 ἡμῶν,διά
3866 5442 3998 5502 τοὺς

719 5544 1091 5598 misericordia!
1142 5551 1269 5604 tum,
1323 5545 1446 5612 quia
1503 5555 1759 5611 pauperes
1817 5539 1943 5608 {acti
1994 5553 2177 5590 sumus
2227 5538 2307 5590 ni-

2415 5533 2731 5603 οικτιρμούς
2761 5550 2878 5593 σου,
2913 5532 3096 5600 Πάτερ
3125 5529 3282 5600 ἡμῶν
3309 5531 3338 5582 ὁ
3369 5531 3426 5583 ὲν
3456 5532 3567 5592 τοῖς
3593 5529 3866 5600 οὐρανοῖςο
3893 5531 3996 5583 καὶ

795 5763 816 5794 ³
849 5761 982 5816 Luc.
1010 5778 1084 5821 XI,
1122 5761 1208 5814 46.
1285 5759 1304 5789 ⁸
1335 5759 1522 5814 Matth.
1557 5776 1628 5818 ιι,
1659 5758 1710 5810 Si.
1751 5759 1772 5788 ⁵
1807 5755 1994 5810 Malth.
2025 5771 2172 5818 χχιιι,
2201 5755 2234 5808 3
2265 5755 2282 5807 Ξ

2400 5738 2529 5806 Luc.
2561 5769 2632 5816 in,
2665 5751 2752 5817 59,
2781 5749 2865 5804 5‘2.
2943 5749 2964 5778 ⁸
2989 5749 3190 5804 Thren.
3217 5768 3254 5816 ι,
3287 5749 3349 5816 8;
3385 5750 3525 5816 tv,I,
3555 5751 3611 5805 2.
3687 5751 3710 5782 '
3747 5751 3767 5806 I
3802 5749 3992 5807 Thess

721 5852 778 5899 ν,
809 5832 861 5887 5.
937 5832 957 5862 ‘
993 5833 1129 5886 l'sal.
1172 5847 1327 5895 Lxxx,
1357 5831 1407 5883 7.
1486 5829 1505 5860 ⁹
1538 5829 1670 5882 Dan.
1722 5844 1798 5891 ιιι,
1829 5827 1890 5880 5|
1924 5843 2075 5894 seqq.

2159 5828 2198 5858 '°
2237 5825 2399 5880 llebr.
2435 5840 2487 5890 ιι,
2520 5825 2610 5877 ‘28.

2691 5825 2728 5852 “
2764 5823 2898 5874 Dan.
2929 5835 3004 5885 tu,
3030 5821 3118 5886 δι,
3154 5823 3241 5876 55.
