4208 6436
272 408 385 473 945

1545 399 1774 462 LIBER
1812 393 2219 460 ASCETICUS

3437 414 3543 480 986

270 525 361 579 διὰ
386 525 448 579 τδ
471 525 615 589 ἔλεος
634 523 726 578 τοῦ
760 525 911 593 ἁγιου
944 540 1035 577 σου
1065 524 1413 590 Πνευματος.
1442 519 1537 587 Μὴ
1563 516 1843 588 μνησθῇς

1952 532 2049 570 mis
2072 517 2132 567 η.
2146 516 2353 587 Adjuva
2368 518 2622 580 nos,Deus
2640 519 2886 576 Saluator
2905 521 3069 594 387
3087 531 3280 590 noster,
3298 535 3350 580 et
3365 530 3544 599 propi-

267 613 440 683 ἡμῶν
471 614 732 685 ἀνομιῶν
756 614 1031 683 ἀρχαίων
1076 611 1241 668 ἀλλὰ
1283 611 1438 680 ταχὺ
1484 611 1860 678 προκαταλα-

270 704 542 759 ϐέτωσαν
571 704 728 774 ἡμᾶς
759 708 816 758 οἱ
852 704 1142 773 οἰκτιρμοί
1187 719 1326 768 σου,
1358 703 1446 756 ὅτι
1478 702 1859 770 ἐπτωχεύσα-

266 812 385 864 μεν
408 797 664 866 σφόδρα.
721 796 1042 862 Βοήθησον
1094 795 1242 865 ἡμῖν
1296 798 1329 849 ό
1379 795 1522 859 Θεὸς
1570 798 1602 848 ὀ
1655 793 1857 861 Σωτὴρ

267 886 711 955 ἡμῶν.”Ε⁹νεκε-ν
751 886 861 956 τῆς
887 888 1075 957 δόξης
1100 886 1212 942 τοῦ
1247 887 1540 954 ὀνόματός
1567 902 1706 948 σου,
1740 886 1855 939 Κύ-

260 993 375 1042 ριε,
396 976 585 1043 ῥῦσαι
600 977 778 1047 ἡμᾶς,
798 978 896 1031 καὶ
921 978 1196 1045 ἱλάσθητί
1218 977 1345 1043 ταῖς
1368 977 1674 1047 ἁμαρτίαις
1690 975 1858 1046 ἡμῶν

264 1066 481 1122 ἕνεκεν
524 1068 633 1121 τοῦ
686 1069 979 1138 ὀνόματός
1025 1085 1164 1135 σου,
1200 1069 1395 1140 Κύριε,
1458 1068 1718 1140 μνησθεὶς
1755 1067 1855 1136 τῆς

264 1157 524 1227 ἀπαρχῆς
554 1158 714 1228 ἡμῶν
739 1158 806 1228 ῆν
830 1158 889 1225 ἐξ
913 1157 1075 1229 ἡμῶν
1110 1157 1198 1211 διὰ
1235 1157 1645 1228 φιλανθρωπίαν
1672 1155 1853 1209 λαϐὼν

262 1249 294 1302 ὁ
332 1250 632 1319 μονογενής
675 1264 767 1302 σου
798 1250 946 1313 rm,
977 1249 1119 1320 ὑπὲρ
1154 1249 1314 1319 ἡμῶν
1347 1249 1457 1319 ἔχει
1491 1249 1549 1301 ὲν
1578 1248 1850 1317 οὐρανοῖς,

263 1338 356 1391 ἵνα
396 1341 529 1410 ἡμῖν
564 1339 790 1411 βεϐαίαν
822 1341 922 1412 τὴν
954 1342 1148 1395 ἐλπίδα
1182 1342 1279 1412 τῆς
1315 1342 1590 1411 σωτηρίας
1618 1341 1849 1411 χαρίση-

262 1447 377 1484 cur
409 1432 504 1485 καὶ
542 1433 616 1505 μὴ
657 1433 749 1487 διὰ
794 1434 894 1505 τὴν
935 1435 1247 1503 ἀπόγνωσιν
1280 1434 1499 1504 χείρους
1540 1433 1850 1503 γενώμεθα.

262 1523 356 1583 διὰ
402 1525 462 1578 τὸ
489 1524 671 1597 τίμιον
705 1526 871 1580 αὑτοῦ
924 1522 1087 1597 αἷμα,
1127 1527 1156 1579 ὃ
1206 1527 1348 1597 ὑπὲρ
1389 1527 1488 1597 τῆς
1518 1526 1610 1579 τοῦ
1641 1527 1848 1596 κόσμου

262 1607 413 1680 ζωῆς
461 1612 695 1684 ἐξέχεεν·
743 1614 833 1669 διὰ
880 1617 1004 1678 τοὺς
1056 1618 1244 1684 ἁγίους
1273 1615 1439 1669 αὐτοῦ
1492 1616 1849 1680 Ἀποστόλους

259 1702 362 1755 καὶ
391 1705 714 1779 Μάρτυρας,
744 1707 793 1761 οἳ
841 1709 984 1779 ὑπὲρ
1008 1708 1103 1763 τοῦ
1128 1708 1389 1779 ὀνόματος
1426 1709 1593 1764 αὑτοῦ
1622 1709 1681 1762 τὸ
1719 1709 1849 1762 ίδιον

262 1790 406 1867 αἷμα
435 1798 671 1868 ὲξέχεον·
717 1801 806 1855 διὰ
842 1802 970 1863 τοὺς
1018 1802 1206 1870 ἁγίους
1234 1803 1526 1872 Προφήτας
1555 1802 1648 1856 καὶ
1673 1801 1845 1854 Πατέ-

263 1904 367 1957 ρας
388 1892 484 1942 καὶ
516 1892 894 1963 Πατριάρχας,
951 1893 1150 1957 οἵτινες
1177 1893 1518 1963 ἠγωνίσαντο
1545 1893 1845 1965 εὐαρεστῆ-

262 1994 357 2032 σαι
396 1980 473 2050 τῷ
501 1982 642 2052 ἁγίῳ
685 2000 779 2036 σου
820 1984 1067 2053 ὀνόματι.
1116 1984 1208 2054 Μὴ
1242 1984 1478 2057 παρίδῃς
1524 1983 1624 2053 τὴν
1662 1984 1845 2053 δέησιν

256 2069 443 2140 ἡμῶν.
480 2072 672 2143 Κύριε,
710 2072 1326 2148 μηδὲέὲγκαταλμιίπῃς
1352 2074 1499 2144 ἡμᾶς
1538 2076 1617 2137 εἰς
1668 2073 1841 2137 τέλος.

259 2161 339 2213 υύ
362 2162 470 2232 γὰρ
488 2162 581 2216 ἐπὶ
603 2168 720 2227 ταῖς
742 2164 1111 2229 δικαιοσύναις
1129 2166 1286 2236 ἡμῶν
1309 2164 1631 2229 πεποιθότες
1653 2164 1840 2235 ἐσμὲν,

257 2252 378 2306 ἀλλ’
409 2255 501 2308 ἐπὶ
535 2256 676 2309 ἐλέει
702 2256 781 2326 τῷ
811 2256 1010 2329 σῷκδι⁹
1039 2250 1101 2311 οὗ
1154 2258 1218 2311 τὸ
1273 2259 1431 2326 γένος
1482 2258 1639 2330 ἡμῶν
1688 2275 1845 2330 περι·

260 2348 413 2416 ποιῇ.
460 2346 802 2420 Ἰκετεύομεν
850 2349 946 2404 καὶ
985 2348 1413 2421 παρακαλοῦμεν
1446 2349 1546 2422 τὴν
1577 2350 1679 2422 σὴν
1706 2351 1841 2419 ἁγα-

260 2430 485 2504 Θότητα,
515 2438 601 2492 ἵνα
630 2438 705 2511 μὴ
734 2441 963 2511 γένηται
987 2443 1067 2504 είς
1100 2444 1275 2512 κρῖμα
1296 2443 1429 2514 ἡμῖν
1456 2442 1518 2496 τὸ
1549 2443 1839 2515 οἰκονομη-

260 2521 353 2576 θὲν
394 2528 527 2596 ἡμῖν
570 2529 675 2583 ὑπὸ
699 2531 795 2585 τοῦ
835 2524 1175 2602 Μονογενοῦς
1207 2550 1301 2586 σου
1329 2532 1461 2588 Υίοῦ
1493 2534 1630 2605 πρὸς
1665 2552 1840 2605 σωτη-

261 2613 388 2684 ρίαν
428 2620 747 2690 μυστὴριον·
788 2623 883 2676 καὶ
928 2623 1004 2695 μὴ
1040 2623 1359 2696 exceptam
1402 2626 1548 2695 ἡμᾶς
1593 2626 1701 2678 ἀπὸ
1739 2624 1837 2679 τοῦ

260 2706 557 2774 προσώπου
590 2728 704 2766 σου.
756 2713 847 2785 Μὴ
895 2714 1123 2787 βδελύξῃ
1151 2715 1308 2785 ἡμῶν
1356 2717 1457 2787 τὴν
1488 2717 1834 2790 ἁναξιότητα·

257 2796 381 2850 ἀλλ’
425 2800 647 2871 ἐλέησον
682 2804 829 2874 ἡμᾶς
876 2807 1019 2862 κατὰ
1066 2808 1126 2862 τὸ
1178 2811 1324 2880 μέγα
1380 2827 1472 2863 σου
1528 2810 1696 2877 ἕλεος,
1743 2812 1838 2865 καὶ

257 2892 405 2946 κατὰ
453 2896 516 2948 τὸ
574 2898 775 2963 πλῆθος
817 2900 925 2955 τῶν
958 2903 1263 2972 οίκτιρμῶν
1306 2920 1421 2969 σου,
1456 2905 1751 2973 παράγαγε
1770 2904 1838 2959 τὰ

256 2982 632 3055 ἁμαρτήματα
657 2987 767 3059 [Ἐν.
797 2988 1036 3061 alterque
1063 2991 1135 3045 Μ.
1166 2992 1516 3065 ἀνομήματα]
1545 2993 1726 3063 ἡμῶν,
1753 2993 1837 3048 ἵνα

258 3073 642 3146 ἁκατακρίτως
690 3081 1080 3151 προσελθόντες
1128 3084 1465 3139 κατενώπιον
1523 3084 1620 3155 τῆς
1673 3085 1834 3153 ἁγίας

1962 608 2067 659 tius
2096 615 2205 661 esto
2229 606 2456 678 peccatis
2478 611 2670 662 nostris
2700 620 2913 682 propter
2940 628 3130 667 nomen
3162 620 3311 670 tuum
3335 615 3399 682 ¹³,
3426 617 3536 672 Do-

1961 697 2131 761 mine,
2176 714 2388 753 memor
2421 708 2625 755 nostrae
2658 701 3028 768 delibationis,
3064 720 3229 775 quam
3271 721 3340 761 ex
3374 708 3537 773 nobis

1960 804 2063 858 per
2092 805 2357 845 summam
2385 792 2781 863 benignitatem
2809 803 2866 848 et
2898 795 3249 851 clementiam
3286 799 3538 868 unigeni-

1959 886 2047 935 tus
2074 880 2242 935 Filius
2270 889 2398 935 tuus
2431 891 2733 953 acceptam,
2772 884 2825 938 in
2852 886 3007 940 caelis
3038 902 3140 956 pro
3162 888 3321 943 nobis
3345 889 3531 956 habet,

1956 972 2025 1026 ad
2048 982 2256 1027 certam
2287 973 2412 1027 inde
2447 975 2604 1028 nobis
2638 992 2789 1046 spem
2816 976 3010 1032 salutis
3040 981 3401 1047 praestandam
3433 998 3448 1035 :
3477 994 3536 1037 et

1956 1079 2045 1125 ne,
2074 1064 2285 1134 abjecta
2326 1064 2520 1119 salutis
2561 1081 2675 1135 spe.
2703 1068 2920 1137 pejores
2944 1068 3274 1137 evadamus;
3307 1081 3535 1143 propter

1955 1156 2075 1226 ejus
2102 1157 2423 1227 sanguinem
2448 1173 2610 1227 quem
2632 1159 2829 1214 effudit
2850 1176 2951 1230 pro
2973 1162 3167 1218 mundi
3197 1164 3312 1219 vita
3345 1183 3359 1218 :
3405 1182 3533 1236 pro-

1955 1255 2079 1316 pter
2105 1248 2224 1317 ejus
2251 1259 2469 1304 sanctos
2489 1251 2767 1319 apostolos
2788 1258 2846 1306 et
2873 1263 3159 1325 martyres,
3173 1256 3269 1325 qui
3292 1270 3394 1326 pro
3413 1258 3532 1327 ejus

1954 1339 2176 1393 nomine
2216 1340 2498 1409 proprium
2536 1342 2859 1411 sanguinem
2906 1341 3269 1399 effuderunt:
3302 1355 3531 1416 propter

1954 1440 2174 1488 sanctos
2200 1434 2497 1503 prophetas
2526 1445 2583 1489 et
2611 1434 2802 1489 Patres
2831 1444 2890 1492 et
2923 1436 3287 1506 patriarchas,
3312 1439 3430 1509 qui,
3468 1448 3533 1494 ut

1952 1523 2161 1578 nomini
2188 1533 2377 1579 sancto
2403 1533 2497 1579 tuo
2522 1525 2824 1595 placerent,
2842 1541 3061 1582 omnem
3084 1543 3308 1598 operam
3331 1544 3530 1599 posue-

1951 1621 2099 1668 runt.
2145 1613 2225 1668 Ne
2261 1613 2582 1684 despexeris
2619 1615 2925 1671 oralionem
2963 1624 3229 1680 nostram,
3273 1616 3525 1682 Domine,

1948 1717 2128 1772 neque
2170 1703 2521 1773 derelinquas
2557 1720 2659 1759 nos
2688 1706 2744 1759 in
2778 1706 3020 1761 ﬁnem“.
3045 1706 3235 1777 Neque
3273 1707 3424 1765 enim
3470 1709 3528 1764 in

1943 1793 2176 1864 justitiis
2211 1794 2420 1850 nostris
2449 1794 2707 1850 ﬁduciam
2749 1796 3037 1864 habemus,
3076 1797 3174 1852 sed
3216 1798 3272 1853 in
3303 1800 3526 1856 miseri-

1948 1885 2136 1939 cordia
2181 1893 2295 1949 tua,
2334 1901 2400 1940 ex
2441 1883 2551 1955 qua
2585 1885 2827 1940 humano
2863 1886 3053 1956 generi
3087 1902 3280 1943 curam
3312 1890 3528 1959 impen-

1945 1977 2033 2033 dis
2063 1977 2126 2031 ".
2166 1976 2453 2047 Supplices
2497 1993 2753 2049 rogamus
2785 1984 2843 2033 et
2882 1978 3242 2035 obsecramus
3276 1980 3526 2053 benigni-

1946 2078 2113 2125 tatem
2168 2077 2341 2132 tuam,
2379 2085 2451 2124 ne
2499 2069 2647 2139 quod
2693 2070 3014 2140 unigenitus
3060 2072 3232 2127 Filius
3284 2079 3413 2129 tuus
3462 2075 3522 2131 in

1945 2161 2181 2217 salutem
2227 2160 2391 2215 nobis
2430 2158 2842 2230 dispensatione
2888 2163 3209 2233 mysterium
3238 2166 3427 2235 gessit,
3462 2167 3522 2221 in

1939 2251 2209 2324 judicium
2242 2259 2513 2314 vertatur,
2548 2258 2605 2305 et
2635 2267 2705 2306 ne
2736 2252 2996 2324 projicias
3028 2268 3129 2309 nos
3163 2271 3196 2309 a
3235 2254 3377 2312 facie
3406 2267 3520 2312 tua.

1940 2347 2021 2402 Ne
2061 2345 2315 2417 indignos
2349 2359 2452 2400 nos
2497 2342 2857 2410 abomineris,
2900 2345 2998 2401 sed
3041 2348 3307 2405 miserere
3342 2352 3528 2407 nostri

1941 2437 2246 2494 secundum
2280 2452 2532 2507 magnam
2566 2436 3002 2492 misericordiam
3032 2448 3203 2506 tuam,
3230 2450 3289 2496 et
3317 2456 3518 2498 secun-

1941 2528 2071 2583 dum
2118 2526 2527 2584 multitudinem
2568 2526 2983 2583 miserationum
3020 2538 3240 2585 tuarum
3284 2533 3531 2591 transfer,

1940 2629 2166 2691 peccata
2200 2627 2391 2674 nostra
2429 2619 2495 2685 '°,
2518 2627 2580 2673 ut
2610 2619 2910 2674 indemnati
2948 2637 3012 2677 ac
3034 2623 3241 2693 judicio
3271 2625 3435 2681 soluti
3461 2627 3520 2685 in

1940 2719 2296 2782 conSpectum
2331 2719 2535 2767 sanctae
2576 2710 2764 2782 gloriae
2808 2720 2913 2768 tua:
2956 2714 3261 2781 venientes,
3301 2730 3511 2772 merea-

1940 2820 2065 2860 mur
2094 2803 2363 2875 unigeniti
2408 2802 2534 2857 Filii
2573 2802 2653 2857 tui
2689 2804 2918 2858 numine
2952 2807 3203 2877 protegi;
3242 2823 3424 2878 neque
3460 2819 3518 2865 ut

1939 2901 2085 2957 servi
2128 2914 2388 2969 nequam,
2438 2913 2547 2967 qua
2596 2897 2904 2966 premimur
2945 2910 3300 2970 peccatorum
3349 2902 3514 2967 mole,

1936 2991 2237 3048 efﬁciamur
2255 2987 2718 3060 reprobi.Qua:so,
2738 2989 2870 3044 here
2889 2991 3239 3061 omnipotens
3262 2991 3515 3057 Domine,

1936 3083 2135 3141 exaudi
2175 3083 2484 3138 orationem
2543 3090 2811 3147 nostram,
2857 3082 2985 3151 quia
3020 3092 3173 3137 extra
3211 3093 3263 3138 te
3300 3086 3517 3141 nullum

257 3182 367 3231 σου,
398 3168 576 3239 δόξης,
603 3171 922 3244 ἁξιωθῶμεν
968 3177 1064 3245 τῆς
1118 3177 1326 3245 σκέπης
1376 3176 1469 3231 τοῦ
1511 3178 1829 3248 μονογενοῦς

1938 3177 2107 3231 alium
2151 3174 2407 3229 novimus
2455 3172 2520 3225 ⁸⁷.
2568 3171 2781 3226 Nomen
2824 3179 2979 3225 tuum
3033 3172 3403 3231 invocamus:
3455 3183 3516 3231 tu

256 3273 355 3309 σου
390 3258 544 3326 Υίοῦ,
570 3263 662 3316 καὶ
696 3264 772 3333 μὴ
795 3266 869 3335 ὡς
897 3266 1073 3320 δοῦλοι
1101 3268 1331 3339 πονηροὶ
1358 3271 1476 3333 ταῖς
1506 3270 1827 3341 ἁμαρτίαις,

255 3347 577 3421 ἁτυοδόκιμοι
606 3351 716 3424 [Fr.
747 3355 922 3410 δοῦλοι
948 3359 1243 3429 ἁμαρτίας,
1275 3361 1621 3434 ἁποδόκιμοι]
1662 3362 1832 3431 γενώ-

257 3439 418 3508 μεθα.
451 3442 580 3507 Ναὶ,
616 3446 865 3501 Δέσποτα
897 3451 1272 3522 παντοδύναμε
1300 3451 1493 3523 Κύριε,
1512 3453 1828 3507 εἰσάκουσον

251 3531 352 3597 τῆς
395 3532 634 3605 δεήσεως
662 3538 838 3607 ἡμῶν,
874 3542 955 3594 ὅτι
981 3542 1140 3607 ἐκτὸς
1167 3543 1261 3598 σοῦ
1282 3545 1439 3598 ἄλλον
1458 3545 1557 3599 οὐκ
1583 3546 1825 3616 οἴδαμεν.

250 3621 327 3674 Τὸ
357 3624 529 3695 ὄνομά
562 3644 654 3681 σου
679 3628 1036 3701 ὀνομάζομενυ
1084 3633 1149 3687 σὺ
1195 3635 1303 3705 γὰρ
1334 3630 1386 3688 εἴ
1424 3638 1452 3689 ὁ
1491 3637 1729 3707 ἐνεργῶν
1760 3639 1830 3691 τὰ

250 3713 433 3767 πάντα
467 3718 523 3769 ὲν
564 3721 721 3783 πᾶσι,
762 3723 859 3775 καὶ
893 3723 992 3794 τὴν
1040 3725 1191 3796 παρὰ
1235 3726 1331 3781 σοῦ
1386 3729 1585 3791 πάντες
1634 3730 1829 3799 ἐπιζη-

247 3805 453 3875 τοῦμεν
477 3807 755 3880 βοήθειαν.
804 3813 1129 3886 Ἐπίϐλεψον
1179 3813 1273 3872 οὖν
1329 3821 1393 3874 ὲκ
1439 3820 1534 3874 τοῦ
1573 3821 1826 3891 οὐρανοῦ,

249 3896 447 3966 Κύριε.
489 3900 584 3953 καὶ
629 3902 704 3955 ἴδε
761 3905 825 3957 ὲκ
862 3905 956 3958 τοῦ
989 3908 1139 3962 οἴκου
1180 3909 1278 3978 τῆς
1317 3910 1476 3979 ἁγίας
1516 3910 1675 3981 δόξης
1709 3930 1825 3969 σου.

246 3984 363 4038 Ποῦ
394 3986 539 4041 ἐστιν
571 3990 600 4043 ὁ
629 3991 789 4063 ζῆλός
816 4012 908 4050 σου
945 3997 1042 4051 καὶ
1082 4000 1115 4068 ή
1147 3998 1299 4070 ἰσχύς
1328 4017 1447 4068 σου;
1482 4002 1592 4056 Ποῦ
1625 4004 1741 4057 ἐστι
1767 4005 1830 4059 τὸ

242 4260 377 4331 τὴρ,
411 4262 492 4316 ὅτι
538 4264 791 4337 Ἀϐραὰμ
821 4269 922 4323 οὐκ
949 4270 1093 4336 ἔγνω
1140 4273 1310 4342 ἡμᾶς,
1341 4275 1436 4327 καὶ
1482 4276 1699 4348 Ἰσραὴλ
1727 4278 1828 4331 οὐκ

1939 3268 2144 3339 quippe
2188 3280 2251 3320 es
2290 3264 2386 3334 qui
2427 3261 2612 3318 omnia
2664 3262 2717 3316 in
2768 3262 3027 3317 omnibus
3067 3265 3314 3333 operaris
3358 3268 3419 3329 ι’,
3448 3282 3515 3321 ac

1937 3368 2091 3415 tuum
2122 3372 2314 3413 omnes
2358 3353 2621 3410 auxilium
2660 3354 2977 3423 quaerimus.
3019 3354 3214 3424 Aspice
3245 3357 3412 3427 igitur
3444 3358 3513 3413 de

1936 3453 2096 3516 caelo,
2118 3449 2366 3512 Domine,
2401 3457 2457 3501 et
2483 3446 2609 3500 vide
2648 3445 2715 3499 de
2754 3445 3067 3500 habitacula
3098 3457 3299 3504 sanctae
3325 3450 3513 3519 gloria:

1936 3556 2061 3602 tuae.
2100 3542 2204 3599 Ubi
2243 3547 2328 3595 est
2366 3537 2645 3593 :cmulatio
2692 3548 2783 3591 tua
2832 3544 2889 3591 et
2930 3536 3196 3594 fortitudo
3232 3547 3326 3595 tua
3342 3539 3374 3613 ?_
3405 3540 3511 3598 Ubi

1935 3645 2019 3692 est
2069 3632 2366 3699 multitudo
2406 3628 2801 3684 misericordia:
2848 3638 2952 3682 tuae
2990 3636 3047 3684 et
3098 3630 3511 3687 miserationum

1936 3737 2177 3790 tuarum,
2224 3723 2390 3794 quod'
2412 3720 2721 3777 sustinuisti
2765 3735 2865 3774 nos
2907 3721 3122 3774 ruinam
3155 3706 3384 3778 iacere?
3429 3724 3511 3779 Tu

1933 3820 2082 3877 enim
2108 3834 2168 3873 es
2199 3818 2362 3872 Pater
2395 3821 2604 3876 noster,
2634 3812 2762 3881 quia
2793 3812 3067 3867 Abraham
3105 3830 3216 3868 non
3251 3818 3513 3886 cognovit

1935 3928 2057 3977 nos,
2074 3921 2127 3966 et
2143 3908 2307 3965 Israel
2330 3922 2432 3961 nos
2452 3920 2561 3959 non
2584 3904 2835 3974 agnovit:
2859 3905 2953 3959 sed
2976 3912 3053 3964 tu.
3075 3906 3329 3971 Domine,
3350 3909 3512 3965 Pater

1933 4012 2144 4067 noster,
2176 4000 2348 4054 libera
2391 4012 2511 4061 nos,
2548 4010 2713 4065 super
2736 4009 2875 4065 quos
2898 3995 3169 4065 nimirum.
3191 4013 3219 4054 a
3236 3999 3511 4070 principio

1934 4108 2133 4149 nomen
2163 4098 2411 4146 sanctum
2444 4097 2635 4151 tuum,
2656 4095 2712 4141 et
2748 4086 3019 4158 unigeniti
3049 4088 3170 4142 Filii
3197 4096 3275 4144 tui
3304 4092 3509 4146 sancti-

1805 4216 1831 4230 -
1935 4200 2043 4257 que
2076 4182 2317 4254 Spiritus
2353 4188 2457 4234 est.
2495 4178 2607 4233 Cur
2639 4194 2827 4233 errare
2870 4195 2972 4233 nos
2998 4179 3177 4234 fecisti
3212 4197 3242 4234 a
3269 4183 3356 4236 via
3394 4192 3516 4247 tua,

1934 4275 2203 4332 Domine?
2258 4291 2323 4329 ne
2390 4270 2655 4339 corripias
2705 4285 2805 4325 nos
2858 4270 2915 4325 in
2965 4272 3117 4343 virga
3172 4273 3511 4343 judiciorum

243 4352 468 4420 ἐπέγνω
508 4356 674 4424 ἡμᾶς·
704 4356 841 4410 ἁλλὰ
893 4360 980 4423 σὺ,
1029 4361 1225 4432 Κύριε,
1260 4363 1632 4441 Πατὴρλήμῶν
1666 4367 1827 4438 ῥῦσαι

1938 4378 2157 4424 tuorum
2198 4368 2261 4419 ¹⁹.
2296 4366 2358 4421 Ut
2384 4366 2509 4435 quid
2536 4365 2799 4417 indurasti
2827 4365 2988 4418 corda
3020 4373 3222 4431 nostra,
3242 4383 3322 4447 ne
3361 4370 3510 4423 time-

242 4441 418 4510 ήμᾶς,
450 4442 531 4495 δτι
553 4444 647 4497 ἀπ’
678 4446 854 4518 ἀρχῆς
876 4448 937 4501 τὸ
961 4448 1132 4520 ὄνομά
1161 4467 1254 4503 σου
1288 4451 1349 4505 τὸ
1377 4452 1533 4521 ἁγιον
1562 4455 1647 4524 ἐφ’
1679 4458 1827 4527 ἡμᾶς

1938 4476 2111 4514 remus
2138 4468 2186 4511 te
2214 4458 2298 4510 ὀἳ
2330 4456 2676 4525 dereliquisti
2708 4471 2813 4510 nos
2845 4457 3084 4512 licentia:
3105 4441 3346 4514 erroris?
3373 4459 3511 4516 Con-

240 4532 392 4595 ἐστι,
426 4532 522 4586 καὶ
565 4533 659 4588 τοῦ
706 4539 1030 4607 μονογενοῦς
1081 4558 1175 4595 σου
1219 4541 1374 4607 Υίοῦ,
1415 4544 1507 4597 καὶ
1543 4545 1637 4598 τοῦ
1667 4547 1823 4617 ἁγίου

1938 4560 2089 4614 verte,
2152 4548 2391 4607 Domine,
2435 4561 2609 4599 servos
2657 4553 2774 4599 tuos
2840 4547 2908 4609 “,
2972 4557 3197 4617 propter
3258 4559 3529 4613 sanctam.

242 4641 344 4677 σου
377 4626 712 4697 Πνεῦματος.
745 4631 809 4683 Τί
838 4632 1151 4702 ἐπλάνησας
1178 4636 1345 4705 ἡμᾶς,
1376 4636 1570 4707 Κύριε,
1598 4639 1704 4693 ἀπὸ
1725 4641 1825 4711 τῆς

1938 4639 2233 4695 Ecclesiam
2273 4646 2420 4691 tuam
2465 4653 2477 4665 ’
2516 4642 2742 4704 propter
2778 4644 2999 4691 sanctos
3027 4652 3219 4692 omnes
3252 4641 3345 4709 qni
3386 4641 3509 4695 fue-

238 4716 368 4771 ὀδοῦ
399 4734 512 4775 cou'
552 4721 629 4793 μὴ
660 4724 957 4799 παιδεύσῃς
986 4729 1133 4797 ἡμᾶς
1171 4732 1237 4800 τῇ
1269 4729 1448 4802 ῥάϐδῳ
1474 4732 1583 4786 τῶν
1616 4738 1820 4805 κριμὰ-

1938 4742 2062 4785 runt
2084 4746 2112 4783 a
2144 4729 2436 4791 szcculo,ut
2465 4727 2719 4781 modicum
2758 4727 2884 4796 quid
2907 4729 3210 4783 hatreditate
3239 4734 3509 4800 possidea-

236 4825 356 4861 των
386 4827 501 4866 σου.
544 4814 605 4867 Τί
639 4813 1027 4885 ἐσκλήρυνας
1074 4820 1243 4889 ἡμῶν
1287 4824 1390 4890 τὰς
1420 4825 1684 4893 καρδίας,
1716 4829 1823 4883 τοῦ

1938 4842 2041 4877 mus
2057 4822 2241 4876 montis
2257 4820 2425 4873 sancti
2440 4819 2512 4871 tui
2522 4860 2532 4871 .
2549 4817 2715 4887 388
2730 4817 3031 4873 Adversarii
3052 4823 3216 4875 nostri
3236 4823 3515 4878 conculca-

235 4901 328 4970 μὴ
366 4903 679 4982 ξοϐεῖσθαί
715 4922 831 4971 σε;
864 4911 1262 4982 ἐγκατέλειψας
1302 4916 1447 4983 ἡμᾶς
1498 4920 1561 4986 τῇ
1602 4920 1825 4973 αὐτονο-

1938 4921 2112 4970 verunt
2168 4912 2534 4965 sanctuarium
2591 4918 2738 4962 tuum
2795 4925 2813 4962 :
2879 4910 3005 4979 [acti
3059 4929 3242 4969 sumus
3293 4919 3427 4970 sicut
3475 4935 3510 4971 a

240 4991 350 5063 μία
373 4992 474 5063 τῆς
511 4994 760 5065 πλάνης;
809 4998 1233 5068 Ἐπίστρεψον,
1270 5004 1476 5071 Κύριε,
1510 5006 1650 5074 τοὺς
1692 5008 1828 5064 δού-

1938 5005 2207 5077 principio,
2246 5018 2365 5055 cum
2409 5017 2513 5053 non
2552 5001 2904 5054 dominareris
2950 5010 3138 5071 nostri,
3180 5021 3275 5059 nec
3318 5023 3526 5067 nomen,

233 5086 394 5149 ,ιους
450 5100 588 5149 σου,
651 5085 740 5141 διὰ
810 5089 908 5159 τὴν
940 5089 1101 5157 ἁγίαν
1173 5108 1267 5145 σου
1311 5094 1677 5164 Ἐκκλησίαν·
1740 5101 1828 5155 διὰ

1938 5109 2084 5151 tuum
2112 5096 2411 5148 invocatum
2445 5102 2574 5145 esset
2599 5107 2759 5149 super
2787 5108 2882 5146 nos
2914 5093 2981 5147 “.

236 5176 456 5241 πάντας
513 5178 639 5241 τοὺς
677 5181 773 5233 ἀπ’
820 5182 1016 5246 αἰῶνος
1078 5184 1266 5252 ἁγίους
1343 5204 1458 5252 σου,
1504 5190 1589 5243 ἴνα
1626 5194 1845 5262 μικρὸν
1885 5188 2438 5260 κληρονομήσωμεν
2490 5183 2596 5238 τοῦ
2650 5185 2828 5252 ὅρους
2882 5184 2989 5238 τοῦ
3017 5186 3190 5254 ἁγίου
3241 5204 3380 5244 σου.
3443 5193 3519 5245 οι,

235 5270 593 5322 ὑπεναντίοι
647 5271 816 5340 ἡμῶν
870 5275 1300 5342 κατεπάτησαν
1335 5279 1403 5333 τὸ
1442 5280 1709 5352 ἀγίασμα
1765 5303 1916 5342 σου·
1965 5283 2285 5355 ἐγενόμεθα
2337 5278 2415 5343 ὡς
2472 5276 2538 5328 τί)
2583 5274 2685 5330 ἀπ’
2773 5275 2965 5346 ἀρχῆς
3022 5278 3122 5331 ὅτε
3162 5282 3271 5335 οὐκ
3318 5279 3508 5352 ἦρξας

233 5355 431 5426 ἡμῶν,
470 5359 615 5413 οὐδὲ
648 5360 952 5431 ἐπεκλήθη
978 5365 1046 5418 τὸ
1078 5366 1267 5437 ὄνομά
1300 5384 1414 5424 σου
1440 5372 1532 5440 ἐφ’
1560 5374 1736 5443 ἡμᾶς.

312 5452 415 5521 λη’.
452 5454 592 5509 Ἐὰν
612 5456 863 5527 ἀνοίξῃς
895 5461 1002 5515 τὸν
1036 5465 1317 5532 οίφανὸν,
1374 5469 1585 5538 τρόμος
1624 5471 1817 5541 λήψε-

1995 5470 2084 5524 58.
2111 5468 2168 5524 Si
2203 5467 2473 5537 aperueris
2505 5464 2713 5529 calum,
2749 5448 2944 5519 tremor
2978 5484 3011 5521 ιι
3043 5474 3092 5521 te
3117 5476 3316 5521 montes
3339 5474 3507 5525 carri--

236 5558 338 5596 ται
359 5543 480 5596 ἀπὸ
508 5544 623 5599 σοῦ
653 5546 781 5615 ὄρη.
823 5550 922 5604 καὶ
952 5554 1318 5620 τακήσονται
1354 5559 1434 5623 ὡς
1488 5564 1669 5628 κηρὸς
1696 5565 1816 5618 ἀπὸ

1938 5564 2051 5625 siet,
2081 5570 2127 5614 et
2154 5560 2437 5627 liquescent
2462 5560 2593 5611 sicut
2617 5573 2740 5611 cera
2766 5574 2798 5610 a
2816 5558 2951 5627 facie
2967 5559 3103 5630 ignis
3126 5575 3144 5613 :
3164 5559 3506 5633 incendetque

234 5633 569 5700 προσώπου
602 5638 707 5691 τοῦ
740 5643 965 5710 πυρός·
1000 5645 1095 5698 καί
1128 5650 1491 5704 κατακαύσει
1528 5653 1645 5720 πῦρ
1675 5655 1815 5720 τοὺς

1942 5656 2056 5726 quis
2100 5652 2464 5716 adversarios;
2509 5660 2557 5703 et
2610 5651 2938 5704 tremendum
2988 5653 3086 5705 erit
3128 5668 3312 5709 nomen
3354 5664 3502 5709 tuum

317 5771 362 5859 ξ’
385 5771 840 5859 Psal.‘1.x§vm,§
866 5853 878 5859 _
934 5784 983 5859 1'
1011 5784 1143 5839 ibid.
1174 5786 1225 5859 9Ϊ
1304 5789 1346 5819 ’δ
1377 5790 1515 5844 Psal.
1551 5809 1652 5855 uv,
1678 5794 1747 5854 2;
1788 5810 1844 5847 χι.

1961 5795 2052 5847 25.
2168 5792 2212 5823 "
2245 5792 2379 5845 Dan.
2430 5807 2503 5850 Ix,
2538 5791 2620 5844 18.
2734 5792 2777 5821 ¹⁶
2806 5791 2950 5845 Psal.
2984 5807 3035 5855 ι,
3072 5790 3241 5855 2,15.
3326 5793 3364 5824 ⁸⁷
3401 5790 3497 5843 Es-

238 5843 369 5901 ther
406 5858 516 5899 xm.
548 5844 600 5903 9.
631 5848 713 5901 Π.
796 5851 836 5883 ¹⁸
866 5853 881 5905 l
915 5852 1041 5909 Cor.
1074 5872 1166 5924 xu,
1199 5857 1251 5914 6.
1329 5859 1367 5890 ιν
1395 5843 1844 5931 ιεοξιξῇιιί,”ιδίι’⁵

1966 5843 2331 5919 ἶδίοι-οηιίκν.
2362 5843 2448 5915 2t.
2496 5843 2566 5891 I'V‘
2608 5861 2705 5915 lsa.
2745 5843 3255 5920 Llncilf’fibid.
3287 5861 3373 5929 18,
3408 5865 3493 5918 tu.
