4208 6436
708 404 812 471 947

1863 412 1924 472 S.
1964 414 2251 475 MAXIM!
2291 416 2803 479 CONFESSURIS
2856 473 2863 477 .

3882 413 3987 478 9L8

700 518 1043 572 mluersariis.
1081 515 1212 572 Cum
1239 517 1422 586 feceris
1448 517 1701 589 gloriosa,
1728 536 1759 573 a
1798 530 1847 574 te
1881 531 2083 578 montes
2111 534 2285 579 terror

2389 529 2793 593 ὑπεναντίους
2813 543 2829 560 ο
2883 524 2982 579 καὶ
3028 524 3282 595 φοϐερὸν
3304 522 3482 578 ἔσται
3525 521 3593 575 τὸ
3642 520 3838 591 ὄνομα
3868 539 3988 578 σου

700 610 968 679 corripiet.
996 608 1038 663 Α
1067 606 1258 662 strculo
1281 623 1386 661 non
1411 608 1730 676 audivimus,
1751 626 1844 665 nec
1875 614 2119 668 viderunt
2140 616 2280 670 oculi

2389 620 2508 685 τοῖς
2530 616 2941 682 ὑπεναντίοις.
2990 616 3179 669 Ὅταν
3225 613 3417 679 ποιεῖς
3461 614 3536 667 τὰ
3565 611 3814 676 ἔνδοξα,
3852 614 3986 679 τρόο

697 702 866 754 nostri
896 698 1063 753 Deum
1090 708 1284 769 prater
1317 708 1386 752 te.
1431 700 1504 755 Et
1542 717 1703 768 opera
1746 711 1860 767 tua,
1896 720 2016 775 quia
2044 707 2283 775 facturus

698 808 752 846 es
790 792 1165 846 sustinentibus
1204 792 1640 857 miscricordiam,
1689 794 1797 849 illis
1840 798 2146 865 obuiabunt,
2193 802 2286 871 qui

696 885 959 955 iustitiam
991 883 1216 952 faciunt,
1236 900 1300 937 ac
1331 885 1540 938 viarum
1567 896 1780 940 tuarum
1814 899 1969 943 erunt
2003 907 2282 946 memores.

697 976 833 1030 Ecce
864 982 921 1028 tu
961 976 1132 1029 iratus
1173 992 1248 1040 es,
1288 984 1336 1029 et
1378 991 1471 1029 nos
1516 979 1843 1046 peccavimus
1884 983 1952 1032 ⁸³.
2000 980 2283 1048 Quinimo,

695 1077 1052 1146 peccavimus
1092 1091 1214 1139 nos,
1256 1085 1315 1131 et
1356 1084 1416 1131 tu
1456 1092 1517 1132 es
1563 1078 1738 1133 iratus
1777 1097 1790 1132 :
1839 1079 2042 1136 Idcirco
2078 1085 2286 1138 erravi-

698 1184 838 1232 mus,
864 1177 912 1223 et
945 1168 1072 1238 {acti
1093 1185 1275 1223 sumus
1305 1170 1567 1223 immundi
1606 1187 1698 1224 nos
1725 1187 1943 1227 omnes:
1978 1175 2111 1228 sicut
2148 1192 2287 1245 pan-

699 1275 799 1313 nus
824 1267 1169 1315 menstruam:
1205 1262 1374 1314 omnis
1407 1260 1622 1330 justitia
1662 1273 1865 1327 nostra,
1898 1273 1952 1318 et
1989 1267 2122 1319 sicut
2158 1266 2289 1333 [alia

699 1350 1017 1417 deﬂuximus
1050 1360 1266 1421 propter
1291 1350 1490 1404 scelera
1516 1361 1737 1418 nostra;
1762 1355 1837 1408 sic
1858 1365 2041 1409 ventus
2079 1360 2288 1425 auteret

697 1453 814 1501 nos,
853 1446 902 1491 et
943 1455 1049 1492 non
1083 1450 1159 1493 est
1188 1442 1278 1510 qui
1314 1441 1513 1493 int-acet
1551 1458 1741 1496 nomen
1770 1452 1940 1508 tuum,
1968 1452 2017 1497 et
2046 1445 2135 1515 qui
2177 1461 2287 1497 me-

697 1546 817 1583 mor
836 1532 925 1597 sit,
951 1540 1009 1585 ut
1039 1531 1421 1602 apprehendat.
1451 1532 1520 1586 Et
1567 1536 1805 1589 avertisti
1858 1536 2048 1605 [aciem
2079 1546 2226 1590 tuam
2256 1555 2290 1591 a

699 1622 868 1686 nobis,
913 1630 965 1677 et
1009 1623 1278 1678 tradidisti
1326 1642 1419 1678 nos
1461 1635 1678 1696 prepter
1713 1635 1928 1697 peccata
1973 1637 2177 1682 nostra.
2223 1628 2290 1684 Et

697 1727 862 1775 nunc,
889 1711 1134 1779 Domine,
1162 1712 1328 1768 Pater
1351 1726 1531 1769 noster
1555 1733 1609 1769 cs
1644 1725 1736 1770 tu:
1764 1733 1861 1770 nos
1896 1726 2074 1771 autem
2112 1733 2291 1773 omnes

702 1801 895 1868 lutum,
943 1820 1073 1873 opus
1121 1822 1377 1860 manuum
1424 1817 1661 1861 tuarum.
1715 1809 1793 1863 Ne
1843 1811 2100 1864 irascaris
2143 1809 2291 1863 nobis

2383 726 2493 780 μος
2517 710 2781 777 ,λήψεται
2810 706 2932 761 ἀπὸ
2963 706 3083 761 σοῦ
3117 705 3247 775 ὄρη.
3290 706 3435 760 Ἀπὸ
3464 701 3573 756 τοῦ
3613 700 3844 768 αιῶνος
3876 705 3988 757 οὐκ

2383 801 2763 869 ἠκούσαμεν,
2807 798 2952 853 οὐδὲ
2991 800 3047 852 οι
3094 796 3392 866 ὀφθαλμοὶ
3435 792 3608 863 ἡμῶν
3631 794 3770 847 war
3812 794 3983 859 Θεὸν,

2384 892 2714 965 πλὴνοσοῦ.
2743 892 2853 947 Kal
2878 891 2953 945 τὰ
2976 890 3122 961 ἔργα
3144 903 3285 955 σου,
3311 888 3351 943 d
3371 887 3655 953 ποιήσεις
3676 886 3807 952 τοῖς
3834 888 3985 940 ὑπο-

2380 985 2679 1057 μένουσιν
2703 984 2880 1039 ἔλεον
2907 1000 2922 1015 ·
2959 981 3417 1049 συναντήσεται
3440 981 3553 1051 γὰρ
3588 980 3718 1046 τοῖς
3741 980 3986 1034 ποιοῦσι

2387 1077 2453 1129 τὸ
2505 1074 2761 1142 δίκαιον,
2815 1076 2911 1130 καὶ
2964 1073 3086 1129 τῶν
3131 1074 3293 1129 ὁδῶν
3338 1089 3460 1129 σου
3494 1071 3985 1142 μνησθήσονται.

2399 1166 2555 1223 Ἰδοὺ
2583 1166 2666 1221 σὺ
2693 1168 3013 1239 ὠργίσθης,
3052 1168 3150 1221 καὶ
3190 1166 3366 1236 ἡμεῖς
3406 1166 3775 1234 ἡμάρτομεν.
3837 1164 3985 1220 Μᾶλ-

2386 1259 2478 1313 λον
2526 1260 2585 1314 ὁὲ
2619 1261 2780 1331 ἡμεῖς
2825 1260 3168 1330 ἡμάρτομεν,
3232 1260 3328 1313 καὶ
3387 1260 3453 1312 σὺ
3509 1258 3836 1329 ὠργίσθης·
3889 1255 3990 1310 Διὰ

2387 1350 2565 1403 τοῦτο
2602 1349 3053 1418 ἑπλανὴθημεν,
3080 1349 3179 1402 καὶ
3223 1348 3601 1417 ἐγενήθημεν
3617 1346 3701 1413 ὡς
3728 1344 3991 1412 ἀκάθαρ-

2388 1461 2478 1497 τοι
2507 1444 2730 1509 πάντες
2756 1444 2929 1513 ἡμεῖς
2948 1460 2962 1473 ·
2989 1444 3070 1508 ὡς
3090 1442 3282 1510 ῥάκος
3316 1441 3795 1512 ἁποκαθημένης
3815 1438 3984 1494 πᾶσα

2390 1537 2429 1604 ἡ
2459 1534 2815 1602 δικαιοσύνη
2848 1534 3035 1603 ἡμὼνο
3060 1535 3157 1589 καὶ
3188 1534 3493 1604 ἐρῤὐημεν
3524 1532 3610 1599 ὡς
3660 1533 3872 1601 φύλλα
3899 1530 3990 1584 διὰ

2391 1627 2500 1692 τὰς
2548 1625 2800 1694 ἀνομίας
2851 1623 3040 1693 ἡμῶν,
3082 1624 3273 1690 οὕτως
3328 1621 3470 1697 [ἀλ.
3506 1621 3713 1693 ὅντως]
3767 1621 3989 1691 ἄνεμος

2391 1716 2547 1771 οἴσει
2579 1713 2761 1784 ἡμᾶς,
2807 1716 2905 1769 καὶ
2961 1716 3073 1768 οὐκ
3120 1715 3295 1769 ἔστιν
3341 1716 3377 1768 ό
3411 1714 3900 1782 ἐπικαλούμενος
3926 1712 3989 1766 τὸ

2394 1806 2584 1877 ὄνομα
2629 1824 2771 1874 σου,
2817 1808 2918 1861 καὶ
2975 1810 3009 1861 ό
3055 1806 3357 1876 μνησθεὶς
3384 1804 3822 1861 ἀντιλαϐέσθαι
3849 1819 3989 1859 σου.

699 1896 890 1961 ualde;
920 1906 970 1948 et
995 1913 1061 1950 ne
1075 1898 1131 1951 in
1154 1904 1386 1970 tempore
1416 1902 1715 1955 memineris
1734 1911 2066 1972 peccatorum
2087 1910 2288 1956 nostro-

2394 1901 2504 1956 Kal
2539 1900 2931 1969 ἀπέστρεψας
2985 1901 3053 1955 τὸ
3107 1899 3440 1967 πρόσωπόν
3475 1916 3594 1954 σου
3644 1899 3748 1966 ἀφ’
3794 1897 3987 1966 ἡμῶν,

698 2004 839 2042 rum.
881 1988 950 2043 Et
984 2007 1126 2045 nunc
1167 1993 1342 2062 aspice
1373 1991 1514 2061 quod
1548 2008 1642 2045 nos
1676 2009 1854 2047 omnes
1894 1991 2121 2062 populus
2163 2000 2285 2046 tuus

696 2096 880 2135 sumus
910 2097 928 2135 :
966 2084 1149 2138 civitas
1168 2083 1341 2138 sancti
1379 2085 1455 2137 tui
1481 2081 1609 2137 Sion
1634 2083 1843 2137 deserta
1865 2093 1940 2138 est
1968 2101 1987 2138 :
2022 2093 2079 2137 ut
2107 2084 2286 2137 deser-

701 2182 814 2226 tum
837 2172 980 2243 facta
1015 2186 1090 2230 est
1122 2174 1444 2230 Jerusalem.
1480 2175 1546 2230 In
1587 2175 2011 2230 maledictionem
2036 2175 2181 2245 facta
2214 2183 2289 2229 est

700 2276 885 2329 «lamus
908 2277 1077 2330 sancti
1102 2278 1289 2340 nostri,
1309 2293 1372 2330 ac
1389 2275 1587 2347 gloria,
1608 2279 1692 2331 cui
1709 2277 2087 2331 benedixerunt
2111 2291 2290 2348 patres

700 2368 888 2433 nostri,
924 2369 1034 2437 igni
1069 2384 1318 2422 succensa
1360 2376 1456 2433 est,
1497 2377 1788 2438 cunctaque
1824 2368 2026 2439 inclyta
2070 2384 2288 2421 corrue-

698 2466 846 2511 runt.
886 2457 955 2512 Et
998 2459 1053 2512 in
1089 2459 1168 2512 his
1212 2458 1452 2513 omnibus
1491 2459 1808 2523 sustinuisti,
1839 2458 2083 2523 Domine,
2115 2467 2164 2511 et
2200 2465 2287 2511 ta-

698 2551 873 2617 cuisti,
901 2567 1095 2623 nosque
1118 2549 1273 2606 valde
1305 2550 1602 2605 humiliasti
1634 2552 1701 2607 “‘.

700 2644 854 2712 άραν
907 2646 941 2696 ό
986 2640 1151 2709 οἶκος
1191 2642 1298 2697 τοῦ
1345 2643 1519 2711 ἁγίου
1561 2642 1751 2712 ἡμῶν,
1790 2643 1887 2697 καὶ
1932 2643 1971 2711 ἡ
2029 2641 2181 2707 δόξα
2243 2639 2326 2709 ἣν

2392 1991 2496 2047 καὶ
2535 1991 2890 2060 παρέδωκας
2935 1985 3113 2061 ἡμᾶς,
3152 1991 3251 2045 διὰ
3302 1992 3410 2058 τὰς
3456 1990 3751 2060 ἁμαρτίας
3800 1988 3989 2058 ἡμῶν.

2394 2086 2507 2142 Kal
2530 2087 2669 2153 νῦν,
2697 2087 2897 2156 Κύριε,
2924 2087 3127 2155 Πατὴρ
3153 2087 3323 2156 ἡμῶν
3353 2083 3414 2141 εἷ
3439 2087 3524 2140 σύ
3542 2105 3555 2118 ⁸
3575 2086 3752 2155 ἡμεῖς
3787 2084 3860 2138 δὲ
3877 2099 3989 2150 πη-

2392 2179 2525 2247 λὸς,
2548 2181 2730 2251 ἔργον
2758 2178 2880 2233 τῶν
2909 2180 3128 2250 χειρῶν
3154 2194 3275 2233 σου
3297 2178 3544 2243 πάντες.
3579 2176 3678 2244 Μὴ
3702 2175 3989 2246 ὀργισθῇς

2391 2272 2553 2343 ἡμᾶς
2595 2273 2855 2343 σφόδρα,
2895 2274 2992 2326 καὶ
3023 2272 3111 2341 μὴ
3147 2273 3218 2326 ἐν
3259 2270 3445 2339 καιρῷ
3485 2269 3777 2340 μνησθῇς
3804 2270 3990 2338 duap-

2387 2364 2532 2419 τιῶν
2551 2365 2740 2435 ἡμῶν.
2765 2365 2874 2419 Kal
2901 2363 3020 2418 νῦν
3044 2364 3384 2432 ἐπίϐλεψον
3406 2363 3495 2417 ὅτι
3521 2364 3675 2428 λαός
3695 2377 3818 2415 σου
3842 2360 3989 2414 πάν-

2387 2473 2487 2523 τες
2509 2456 2714 2526 ἡμεῖς·
2762 2453 2945 2526 πόλις
2973 2453 3080 2509 τοῦ
3110 2455 3285 2522 ἁγίου
3321 2468 3441 2506 σου
3484 2452 3743 2522 ἐγενήθη
3766 2451 3991 2520 ἕρημος

2387 2547 2539 2603 Σιών
2556 2563 2572 2579 ·
2603 2546 2685 2613 ὡς
2710 2544 2932 2615 ἕρημος
2951 2542 3210 2614 ἐγενήθη
3248 2541 3668 2612 Ἰερουσαλήμ.
3695 2545 3805 2608 Ε’ίς
3842 2557 3986 2594 κατ-

2444 2641 2760 2709 ῠλότησιιν
2821 2641 2877 2692 ol
2924 2636 3176 2706 πατέρες
3233 2634 3426 2704 ἡμῶν,
3489 2634 3748 2704 ἐγενήθη
3823 2634 3991 2702 πυρὶ·

702 2751 989 2804 navatae,
1024 2740 1123 2792 ua!
1176 2739 1373 2792 πάντα
1419 2738 1492 2793 τὰ
1539 2738 1759 2805 ἔνδοξα
1792 2738 2124 2795 συνέπεσε.
2174 2735 2285 2791 Καὶ
2328 2729 2429 2789 ἐπὶ
2455 2732 2610 2789 πᾶσι
2630 2734 2864 2800 τούτοις
2901 2732 3197 2802 ἠνέσχου,
3236 2731 3434 2799 Κύριε,
3473 2730 3575 2788 καὶ
3604 2729 3991 2802 ἑσιώπησας,

699 2835 798 2888 καὶ
825 2834 1234 2900 ἐταπείνωσας
1259 2835 1416 2905 ἡμᾶς
1445 2836 1553 2902 ἕως
1588 2836 1846 2905 σφόδία.

770 2928 1006 2985 39.Ha:c
1022 2929 1246 3000 quidem
1272 2929 1328 2984 in
1351 2929 1524 3002 ﬁgura
1571 2931 1745 2985 veteri
1783 2933 1987 3001 populo
2010 2945 2283 2997 evenere;

701 3037 853 3077 nunc
891 3030 1074 3076 autem
1107 3022 1162 3076 in
1198 3023 1362 3078 nobis
1395 3039 1527 3078 vere
1565 3023 1791 3093 impleta
1821 3033 1972 3087 sunt,
2001 3025 2288 3094 uicinisque

702 3115 897 3169 nostris
919 3114 1262 3171 dtemonibus
1284 3117 1626 3188 approbrium
1658 3117 1788 3186 facti
1823 3133 2037 3182 sumus;
2067 3116 2291 3171 subsan-

2463 2919 2563 2973 λθ’.
2609 2918 2813 2989 Συνέϐη
2868 2917 2970 2988 μὲν
2993 2916 3169 2970 ταῦτα
3214 2915 3461 2980 τυπικῶς
3499 2915 3579 2986 τῷ
3628 2916 3854 3007 ualuit?)
3896 2933 3990 2970 σου

2390 3013 2526 3083 λαῷ,
2556 3011 2654 3064 νῦν
2706 3011 2761 3064 δὲ
2806 3012 2886 3073 εἰς
2936 3010 3084 3080 ἡμᾶς
3162 3009 3432 3081 ἀληθινῶς
3477 3007 3590 3081 [οι.
3624 3008 3705 3072 ὡς
3749 3009 3990 3080 ἀληθῶς.

2392 3103 2477 3160 Sic
2523 3112 2571 3158 et
2598 3101 2729 3175 Fr.]
2770 3102 3160 3172 πεπλήρωται·
3217 3100 3316 3155 καὶ
3353 3100 3735 3170 ἐγενήθημεν
3757 3100 3994 3167 ὄνειδος

700 3208 850 3262 natio
875 3214 923 3259 et
951 3204 1131 3259 illusio
1167 3207 1246 3261 his
1303 3209 1394 3279 qui
1413 3216 1537 3262 sunt
1561 3209 1616 3262 in
1633 3209 1855 3262 circuitu
1875 3217 2055 3263 nostra
2090 3209 2158 3262 ”.
2184 3208 2288 3263 Ve-

2393 3197 2518 3262 τοῖς
2576 3195 2847 3264 γείτοσιν
2903 3191 3075 3261 ἡμῶν
3129 3192 3397 3263 δαίμοσι,
3452 3192 3859 3262 μυκτιρισμὸς
3892 3191 3993 3246 καὶ

700 3316 826 3355 rum
862 3301 1044 3370 aSpicc
1072 3301 1140 3355 de
1178 3300 1341 3365 emlo,
1370 3310 1428 3355 et
1461 3301 1609 3362 vide,
1645 3310 1702 3356 et
1736 3300 1884 3356 salva
1918 3316 2022 3355 nos
2062 3309 2287 3370 propter

700 3408 905 3448 nomen
936 3403 1186 3448 sanctum
1214 3404 1398 3458 tuum;
1429 3402 1697 3463 notasque
1728 3393 1813 3447 fac
1840 3393 2000 3448 nobis
2024 3393 2286 3447 adversa-

701 3484 913 3539 riorum
939 3494 1252 3545 nostrorum
1284 3485 1596 3549 fraudes,et
1623 3486 1691 3540 ab
1713 3500 1907 3540 eorum
1939 3500 2042 3539 nos
2069 3483 2287 3538 insidiis

700 3577 919 3633 libera:
957 3594 1060 3632 nec
1101 3568 1131 3631 a
1167 3577 1327 3632 nobis
1365 3578 1632 3632 auxilium
1672 3586 1829 3632 tuum
1870 3576 2108 3641 auferas,
2156 3575 2285 3647 quia

700 3686 810 3726 non
856 3670 990 3727 satis
1033 3669 1217 3725 idonei
1254 3685 1447 3724 sumus
1480 3678 1541 3723 ut
1577 3668 1808 3726 adversa
1840 3670 2129 3724 vincamus
2169 3686 2184 3722 :
2229 3677 2286 3721 tu

701 3772 886 3818 autem
925 3772 1124 3833 potens
1149 3778 1231 3829 es,
1264 3771 1325 3817 ut
1359 3762 1428 3817 ab
1458 3762 1715 3817 omnibus
1747 3761 2081 3817 adversariis
2108 3761 2287 3815 salvos

699 3863 931 3926 prastes
972 3871 1037 3911 ac
1077 3856 1401 3910 incolumes.
1437 3854 1629 3910 Salvos
1666 3870 1768 3908 nos
1803 3848 2193 3917 fac.'Domine,
2219 3869 2288 3907 ex

699 3949 891 4005 mundi
938 3950 1104 4022 hujus
1138 3947 1410 4005 molestiis
1453 3965 1517 4003 ae
1561 3947 1845 4019 periculis,
1882 3956 2109 4018 prapter
2139 3961 2287 4000 sum-

699 4057 847 4096 mam
877 4042 1180 4098 bonitatem
1204 4052 1376 4106 tuam,
1408 4051 1468 4097 ut
1490 4056 1629 4112 pura
1652 4039 1994 4095 conscientia
2024 4046 2286 4109 superato

700 4133 885 4187 smculi
914 4150 1159 4204 mquore,
1198 4134 1316 4190 sine
1352 4133 1585 4189 crimine
1620 4148 1684 4187 ac
1708 4132 1851 4187 labis
1881 4130 2007 4202 puri
2042 4139 2287 4186 astantes

703 4228 990 4283 tremendo
1022 4238 1118 4283 tuo
1156 4228 1440 4293 tribunali,
1466 4234 1687 4283 interna:
1724 4226 1850 4281 vita:
1880 4223 2105 4295 prremia
2150 4239 2287 4280 eon-

701 4320 858 4389 sequi
886 4334 1217 4375 mereamur.

772 4493 859 4549 40.
887 4493 983 4549 llis
1006 4493 1266 4549 omnibus
1290 4493 1458 4549 frater
1487 4492 1712 4557 auditis,
1744 4508 1808 4549 ac
1836 4492 1996 4549 valde
2022 4507 2284 4563 compun-

2394 3287 2741 3358 χλευασμὸς
2770 3284 2897 3350 τοῖς
2934 3286 3139 3351 κύκλῳ
3180 3283 3369 3352 ἡμῶν.
3415 3282 3561 3336 Ἀλλ’
3589 3282 3893 3353 ὲπὶῦλεψον
3930 3283 3993 3348 ἐξ

2392 3375 2647 3449 οὐρανοῦ,
2678 3376 2772 3427 καὶ
2808 3373 2905 3439 ἴδε,
2940 3374 3036 3426 καὶ
3065 3375 3240 3426 σῶσον
3279 3373 3429 3443 ἡμᾶς
3460 3372 3551 3425 διὰ
3578 3372 3640 3425 τὸ
3683 3373 3866 3441 ὄνομα
3898 3390 3992 3426 σου

2388 3470 2449 3522 τὸ
2500 3470 2686 3536 ἅγιονο
2742 3466 2836 3520 καὶ
2887 3464 3156 3535 γνώρισον
3209 3467 3342 3533 ἡμῖν
3379 3464 3480 3527 τὰς
3529 3463 3821 3534 μεθοδειας
3880 3464 3991 3516 τῶν

2392 3562 2729 3618 ὑπεναντίων
2752 3560 2941 3632 ἡμῶνο
2980 3559 3076 3612 καὶ
3110 3556 3274 3628 ῥῦσαι
3302 3558 3451 3627 ἡμᾶς
3485 3558 3551 3610 ἐκ
3594 3557 3705 3609 τῶν
3738 3573 3994 3627 μηχανη-

2393 3656 2581 3723 μάτων
2617 3651 2819 3715 αὐτῶν,
2853 3652 2949 3705 καὶ
2976 3651 3050 3722 μὴ
3080 3650 3400 3722 ἅποστήτῃς
3432 3649 3526 3718 ἀφ’
3568 3647 3725 3718 ἡμῶν
3755 3648 3862 3719 τὴν
3894 3647 3993 3718 σὴν

2391 3745 2667 3816 βοήθειαν,
2701 3745 2783 3797 ὅτι
2805 3745 2969 3814 ἡμεῖς
3010 3742 3111 3813 οὐχ
3151 3742 3326 3797 ἱκανοί
3357 3746 3527 3813 ἐσμεν
3563 3741 3704 3813 πρὸς
3731 3741 3798 3794 τδ
3833 3743 3994 3814 νικᾷν

2388 3838 2456 3889 τὰ
2486 3836 2912 3889 ἀντιπίπτοντα*
2942 3835 3007 3888 σὺ
3039 3834 3097 3887 δὲ
3126 3833 3353 3897 δυνατὸς
3382 3829 3434 3886 εἷ
3476 3834 3559 3896 εἰς
3586 3831 3649 3884 τὸ
3687 3831 3892 3896 σώζειν
3930 3833 3993 3885 ἐκ

2389 3929 2607 3982 πάντων
2641 3927 2750 3980 τῶν
2776 3926 3057 3983 ἐναντίων.
3114 3926 3297 3981 Σῶσον
3340 3926 3509 3997 ἡμᾶς,
3541 3924 3737 3996 Κύριε,
3782 3926 3849 3978 ὲκ
3879 3924 3992 3977 τῶν

2388 4018 2665 4090 δυσχερῶν
2702 4015 2796 4070 τοῦ
2839 4017 3050 4085 κόσμου
3077 4016 3295 4076 τούτου,
3325 4016 3471 4071 κατὰ
3498 4016 3597 4089 τὴν
3635 4016 3993 4088 χρηστότητά

2390 4129 2509 4175 σου,
2543 4111 2631 4165 ἴνα
2663 4111 2722 4162 ἐν
2766 4108 2986 4180 καθαρᾷ
3020 4108 3324 4181 συνειδήσει
3354 4110 3417 4162 τὺ
3461 4108 3701 4179 πέλαγος
3729 4108 3831 4162 τοῦ
3869 4108 3990 4179 βίου

2389 4204 2838 4275 διαπεράσαντες,
2874 4202 3158 4272 ἄμεμπτοι
3208 4203 3304 4255 καὶ
3338 4202 3591 4271 ἀκᾶραιοι
3631 4199 3712 4272 τῷ
3765 4200 3992 4274 φοϐερῷ

2391 4299 2599 4371 βήματι
2650 4315 2744 4353 σου
2799 4300 3207 4370 παραστάντες,
3257 4296 3730 4369 ἀξιωοῶμεν,τῆς
3760 4297 3988 4351 αεωνίου

2391 4394 2561 4465 ζωῆς.

2466 4486 2539 4556 μ’.
2568 4486 2757 4540 Ταῦτα
2795 4484 2973 4538 πάντα
3002 4482 3243 4546 ἀκούσας
3270 4484 3299 4536 ὁ
3330 4481 3605 4551 ’Λδελφδς,
3633 4481 3729 4535 καὶ
3775 4480 3989 4552 σφόδρα

699 4593 845 4643 ctus.
876 4584 1133 4657 lacrymis
1161 4583 1417 4639 dillluens
1433 4584 1599 4655 389
1614 4585 1691 4638 ait
1715 4584 1864 4639 seni:
1888 4584 2078 4649 Plane,
2096 4584 2277 4650 Pater,

2389 4579 2734 4645 κατανυγεὶς,
2766 4577 2902 4647 μετὰ
2934 4575 3184 4647 δακρύων
3225 4570 3346 4628 εἶπε
3393 4574 3472 4645 τῷ
3500 4574 3739 4643 γέροντι,
3771 4574 3851 4637 ὡς
3901 4575 3988 4641 Ἐξ

700 4681 763 4726 ιιι
791 4672 976 4736 video,
1001 4672 1152 4726 nulla
1184 4673 1319 4727 mihi
1344 4688 1469 4743 spes
1499 4672 1692 4727 salutis
1717 4672 1936 4728 residua
1950 4682 2052 4728 est.
2075 4671 2288 4743 Quippe

2389 4665 2464 4725 ὧν
2506 4671 2717 4742 θεωρῶ,
2755 4671 2960 4740 Πάτερ,
2991 4669 3090 4739 οὐχ
3124 4667 3512 4721 ὑπολέλειπται
3561 4683 3652 4737 μοι
3682 4666 3845 4730 ἐλπὶς
3875 4683 3985 4720 οω-

699 4764 1009 4834 iniquitatcs
1047 4780 1176 4818 mea:
1211 4780 1566 4835 supergressa:
1598 4772 1723 4819 sunt
1773 4774 1934 4836 caput
1986 4781 2161 4819 meum
2189 4767 2237 4798 “
2274 4784 2288 4819 :

2389 4763 2604 4835 τηρίας.
2629 4764 2694 4816 At
2721 4763 2831 4835 γὰρ
2860 4763 3099 4832 ἀνομίαι
3131 4779 3254 4830 μου
3291 4758 3603 4829 ὐπερῆραν
3636 4758 3753 4826 τὴν
3802 4776 3987 4828 κερα-

700 4855 936 4911 ohsecro
968 4862 1152 4911 tamen
1178 4863 1241 4909 ut
1269 4855 1443 4921 dicas,
1473 4855 1606 4926 quid
1632 4855 1907 4927 agendum
1945 4865 2127 4926 putes.
2175 4857 2287 4913 Re-

2390 4855 2511 4922 λήν
2548 4871 2708 4925 μου’
2768 4853 2905 4907 ἀλλὰ
2955 4851 3260 4924 παρακαλῶ
3320 4853 3496 4905 εἰπεῖν
3526 4867 3617 4922 μοι
3665 4851 3721 4903 τι
3747 4848 3988 4919 ῶςειλον

701 4945 929 5015 spondit
961 4961 1162 5001 senex:
1194 4947 1402 5003 Salutis
1424 4947 1827 5017 consequendi}:
1872 4948 2065 5013 moles,
2125 4964 2288 5019 supra

2391 4948 2638 5017 ποιῆσαι.
2675 4946 2781 4999 Καὶ
2818 4947 2846 4998 ὁ
2872 4945 3056 5014 Γέρων
3075 4942 3398 5015 ἀποκριθεὶς
3423 4938 3544 4995 εἷπε
3566 4958 3582 4974 ο
3613 4942 3689 4995 Τὸ
3711 4941 3985 5009 σωθῆναι,

701 5037 973 5092 humanas
997 5037 1221 5107 quidem
1253 5038 1401 5093 vires
1426 5047 1511 5092 est
1541 5056 1552 5091 :
1585 5039 1729 5108 apud
1755 5040 1924 5094 Deum
1959 5049 2143 5095 autem
2173 5055 2291 5094 om-

699 5131 792 5184 nia
820 5130 1104 5199 possibilia
1132 5138 1283 5195 sunt,
1322 5131 1401 5184 uti
1433 5131 1701 5186 Dominus
1726 5132 1842 5201 ipse
1863 5132 2083 5186 locutus
2112 5141 2197 5187 cst
2219 5133 2285 5186 ’τε

642 5246 651 5254 ·
697 5222 1134 5294 Prwoccupemus
1162 5237 1295 5294 ergo
1331 5222 1520 5293 faciem
1545 5224 1657 5294 ejus
1689 5223 1744 5277 in
1765 5222 2125 5293 confessione;
2158 5225 2291 5277 ado-

699 5332 877 5369 remus
901 5324 950 5368 et
977 5313 1313 5384 procidamus
1337 5329 1400 5367 ac
1419 5313 1683 5381 plaremus
1712 5330 1895 5367 coram
1941 5312 2168 5368 Domino
2202 5317 2293 5386 qui

701 5410 952 5480 (cennos,
985 5408 1112 5480 quia
1138 5408 1248 5478 ipse
1277 5416 1351 5460 est
1372 5406 1513 5460 Deus
1544 5416 1720 5460 noster
1751 5407 1798 5438 ³⁸
1827 5424 1839 5459 :
1886 5405 2285 5478 audiamusque

699 5517 826 5555 eum
854 5515 955 5571 per
984 5500 1176 5555 Isaiam
1201 5499 1475 5554 dicentem
1504 5516 1517 5552 :
1544 5499 1676 5554 Cum
1698 5502 2283 5572 reversusingemueris,

698 5592 877 5648 salvus
907 5595 1007 5647 eris
1031 5594 1098 5645 ’³.
1131 5592 1197 5648 Ει
1221 5594 1423 5646 iterum
1451 5608 1464 5645 :
1499 5591 1752 5662 Nunquid
1782 5609 1884 5646 non
1919 5592 2059 5647 valet
2097 5610 2285 5649 manus

772 5776 819 5807 ’³
844 5775 1053 5829 Nnhum
1082 5793 1117 5836 ι,
1152 5776 1219 5838 5;
1259 5775 1363 5830 lsa.
1401 5793 1540 5839 wa,
1576 5776 1682 5829 1-5.

704 5862 812 5911 tus,
846 5846 934 5902 26.
1012 5848 1055 5877 ’⁸
1094 5847 1230 5900 Psal.
1265 5864 1510 5905 Luxxn’.
1546 5848 1599 5902 2.
1677 5847 1721 5878 ²⁹
1753 5846 1854 5901 lsa.
1889 5863 2012 5900 xxx.
2052 5849 2132 5899 15.

2387 5041 2540 5112 παρᾶ
2573 5039 2672 5111 μὲν
2702 5037 3014 5109 ἀνθρώποις
3072 5037 3368 5089 ἀδύνατονο
3428 5033 3579 5106 παρὰ
3623 5033 3679 5087 δὲ
3726 5033 3809 5102 τῷ
3838 5032 3985 5103 Θεῷ,

2387 5134 2567 5186 πάντα
2598 5131 2821 5193 δυνατὰ,
2855 5130 2931 5194 ὡς
2960 5130 3123 5193 αὐτὸς
3173 5128 3275 5198 ἔφη
3324 5130 3351 5181 ὁ
3406 5126 3611 5198 Κύριος
3636 5143 3651 5157 ’
3709 5125 3987 5194 Προφθα-

2386 5241 2591 5295 σωμεν
2620 5220 2736 5280 οὖν
2769 5223 2834 5277 τὸ
2850 5223 3180 5292 πρόσωπον
3198 5219 3386 5274 αὐτοῦ
3400 5221 3471 5274 ἐν
3498 5218 3944 5288 ἐξομολογήσει
3963 5258 3981 5283 ,

2390 5315 2914 5386 προσκυνήσωμεν
2944 5313 3040 5365 καὶ
3085 5309 3547 5380 προσπέσωμεν,
3580 5307 3680 5362 καὶ
3705 5308 3985 5362 κλαύσω-

2388 5427 2502 5480 μεν
2523 5407 2801 5463 ἑναντίον
2841 5405 3066 5474 Κυρίου
3102 5401 3211 5457 τοῦ
3252 5400 3621 5468 ποιήσαντος
3664 5398 3848 5469 ἡμᾶς,
3894 5397 3985 5451 ὅτι

2392 5501 2576 5567 αὐτός
2626 5500 2800 5553 ἐστιν
2828 5500 2861 5552 ό
2914 5496 3061 5562 Θεὸς
3092 5493 3293 5564 ἡμῶν·
3340 5493 3431 5546 καὶ
3479 5491 3770 5562 ἀκούωμεν
3815 5489 3983 5543 αὐτοῦ

2390 5594 2643 5664 λέγοντος
2675 5593 2763 5646 διὰ
2805 5592 2905 5663 τῆς
2945 5589 3166 5643 Ἡσαΐου
3208 5586 3405 5657 ’φωνῆς
3430 5625 3444 5651 ,
3475 5585 3557 5639 ὃτί
3601 5585 3789 5639 Ὅταν
3829 5583 3983 5639 ἀπο-

1784 5778 1829 5807 ¹⁵
1862 5776 1965 5831 lsa.
2000 5793 2138 5833 LXI".
2179 5777 2230 5842 ϐ,
2266 5779 2283 5830 1

2424 5778 2470 5809 ³⁵
2500 5776 2639 5832 Psal.
2672 5791 2890 5840 Lxxvm,
2929 5775 2982 5829 Δ.
3059 5772 3107 5804 ’⁸
3140 5771 3281 5827 Psal.
3321 5784 3521 5833 xxxv",
3558 5767 3613 5823 5.
3695 5767 3739 5796 ²⁷
3772 5765 3975 5821 Matth.
