4208 6436
234 414 341 480 953

1483 418 1713 478 LIBER
1760 415 2188 481 ASCETlCUS.

3397 417 3504 480 951i

230 532 470 604 καρδίας
532 529 710 603 ημῶν,
769 532 864 586 καὶ
911 531 1152 586 διαλύειν
1213 531 1399 584 πᾶσαν
1449 530 1818 602 στραγγαλιὰν

1920 541 2086 602 atque
2114 549 2144 587 a
2175 531 2462 602 probrosis
2503 532 2794 588 allectihus
2841 529 3104 600 vitiisque
3155 529 3402 591 liberati,
3444 539 3500 584 ct

234 624 430 694 βιαίων
463 621 923 692 συναλλαγμάτων
968 622 1339 693 μνησιγακίας
1367 637 1380 650 ·
1432 622 1528 675 καὶ
1565 621 1821 676 σπεύδειν

231 715 546 786 εὐεργετεῖν
583 713 674 767 τδν
705 714 933 785 πλησίον
953 714 1013 780 ἐξ
1041 714 1171 780 ὅλης
1198 713 1398 784 ψυχῆς,
1446 712 1524 783 τῷ
1555 713 1694 780 φωτὶ
1718 713 1818 782 τῆς

230 805 492 872 γνώσεως
515 805 993 876 περιλαμπόμεθα,
1019 804 1244 858 καὶτῶν
1265 804 1454 856 παθῶν
1474 803 1575 872 τῆς
1593 802 1819 871 ἀτιμίας

229 896 694 966 ὲλευθεροὺμεθα,
724 897 818 950 καὶ
853 895 1035 964 πάσης
1071 895 1270 965 ἀρετῆς
1307 893 1684 964 πληρούμεθα,
1721 893 1816 944 καὶ

1914 621 2065 674 omni
2104 621 2308 675 virtute
2333 620 2548 690 impleri
2586 636 2650 675 ac
2674 621 2767 675 Dei
2797 622 3046 675 claritate
3077 617 3356 689 perfundi,
3376 632 3499 669 om-

1916 711 2084 780 nique
2138 711 2447 781 ignorantia
2514 712 2766 767 exsolvi?
2814 722 2979 780 atque
3035 711 3196 773 adeo,
3255 723 3378 778 qua:
3430 723 3497 761 ex

1915 798 2230 854 Christiana
2259 802 2463 870 pietate
2486 809 2618 855 sunt
2646 810 2870 857 orantes
2901 801 3282 862 cxaudiemur,
3305 799 3505 853 Deum-

1915 907 2022 960 que
2049 907 2268 962 semper
2293 895 2576 948 nobiscum
2610 894 3027 956 habebimus,ae
3057 892 3328 946 desiderio
3353 889 3502 960 quod

232 987 344 1040 ὑπὸ
365 989 464 1058 τῆς
503 990 660 1058 δόξης
686 989 778 1042 τοῦ
803 987 938 1040 Θεοῦ
983 986 1476 1058 καταλαμπὸμεθα,
1517 986 1610 1038 καὶ
1635 985 1816 1053 πάσης

1916 983 2104 1052 pietati
2131 985 2325 1048 lueret,
2357 987 2728 1055 implebimnr.

231 1081 461 1148 ἀγνοίας
487 1079 954 1150 ὲλευθερούμεθαο
999 1081 1092 1133 καὶ
1121 1079 1548 1149 προσευχόμενοι
1583 1077 1652 1131 τὰ
1679 1071 1942 1146 Χριστοῦ,
1976 1077 2394 1148 είσακουόμεθα,
2459 1078 2552 1131 καὶ
2615 1079 2705 1131 τὸν
2767 1078 2900 1130 Θεὸν
2950 1075 3068 1148 μεθ’
3104 1074 3262 1146 ἡμῶν
3293 1075 3498 1143 ἕξομεν

228 1173 324 1226 διὰ
363 1174 582 1236 παντὸς,
623 1174 717 1226 καὶ
755 1173 857 1243 τῆς
903 1173 1044 1226 κατὰ
1076 1173 1208 1226 Θεὸν
1261 1171 1557 1242 ἐπιθυμίας
1587 1163 1966 1240 πληρούμεθα.

310 1267 421 1337 μβ’.
489 1268 890 1338 Ἀγαπήσωμεν
943 1264 1038 1320 οὖν
1095 1267 1389 1334 ἀλλήλους,
1445 1270 1536 1319 καὶ
1596 1261 1821 1334 ἀγαπώ-

2000 1265 2088 1318 42.
2123 1267 2230 1320 Alii
2267 1268 2436 1338 igitur
2469 1265 2610 1320 alios
2644 1265 2960 1336 diligamus,
2998 1272 3054 1318 et
3085 1279 3114 1318 a
3144 1264 3260 1318 Deo
3307 1261 3506 1332 dilige-

233 1359 380 1431 μεθα
414 1360 519 1412 ὑπὸ
545 1359 639 1412 τοῦ
673 1358 832 1411 Θεοῦ.
868 1358 1401 1428 Μακροθυμήσωμεν
1436 1358 1521 1408 ἐπ’
1548 1355 1821 1424 ἀλλήλοις,

1927 1368 2070 1406 mur.
2097 1355 2201 1408 Alii
2229 1356 2282 1409 in
2307 1358 2447 1411 alios
2470 1357 2630 1425 longa
2662 1354 2929 1425 patientia
2959 1368 3023 1407 ac
3053 1353 3276 1407 lenitate
3305 1353 3502 1415 simus,

230 1453 331 1505 καὶ
377 1451 721 1522 μακροθυμεῖ
745 1450 838 1503 ἐπὶ
874 1452 992 1512 ταῖς
1019 1449 1314 1520 ἁμαρτίαις
1350 1447 1528 1518 ἡμῶν.
1561 1446 1653 1515 Μὴ
1682 1446 1821 1497 ἀπο-

1923 1445 2143 1515 eritque
2173 1447 2315 1502 Deus
2341 1457 2401 1502 ut
2431 1449 2714 1518 indulgeat
2752 1447 2991 1516 peccatis
3017 1444 3244 1498 nostris.
3263 1444 3343 1498 Ne
3371 1443 3502 1498 red-

229 1543 417 1612 δῶμεν
445 1541 611 1594 κακὸν
639 1541 760 1594 ἀντὶ
816 1539 1012 1603 κακοῦ,
1071 1539 1169 1592 καὶ
1211 1539 1310 1591 οὐκ
1366 1537 1821 1606 ἀπολαμϐάνομεν

1923 1537 2120 1593 damus
2144 1541 2344 1594 malum
2377 1557 2478 1610 pro
2512 1541 2679 1602 malo,
2714 1548 2770 1593 et
2800 1537 3102 1592 secundum
3133 1542 3356 1604 peccata
3398 1550 3500 1588 no-

231 1634 380 1686 κατά
410 1633 507 1696 τὰς
542 1631 814 1705 ἁμαρτίας
851 1631 1027 1701 ἡμῶν.
1051 1629 1163 1700 Τὴν
1197 1631 1306 1699 γὰρ
1337 1627 1686 1700 συγχώρησιν
1710 1625 1818 1678 τών

231 1725 702 1793 παραπτωμάτων
745 1721 924 1793 ἡμῶν,
957 1723 1015 1772 ἐν
1052 1725 1119 1791 τῇ
1173 1721 1510 1789 συγχωρήσει
1536 1718 1642 1771 τῶν
1669 1716 1820 1770 ἀδελ-

231 1815 353 1882 φῶν
388 1815 738 1886 εὑρίσκομεν.
764 1815 871 1865 Καὶ
893 1813 953 1866 τὸ
977 1814 1124 1875 ἕλεος
1151 1811 1244 1864 τοῦ
1267 1809 1423 1871 Θεοῦ,
1451 1813 1508 1863 ὲν
1540 1814 1606 1880 τῇ
1659 1809 1817 1878 ὲλεηο

235 1903 447 1975 μοσύνῃ
505 1902 600 1954 τοῦ
626 1902 855 1972 πλησίον
885 1903 1272 1969 ὲγκὲκρυπται.
1307 1899 1406 1952 Διὰ
1445 1899 1599 1952 τοῦτο
1645 1901 1673 1951 ὁ
1711 1896 1820 1950 Κύ-

229 2013 351 2067 ριος
379 1994 562 2061 ἔλεγεν
593 2011 606 2024 ·
647 1995 870 2062 Ἅφετε,
903 1993 999 2046 καί
1038 1993 1399 2060 ἀφεθήσεται
1436 1990 1594 2058 ὑμῖν.
1656 1989 1762 2042 Καὶ
1800 2028 1816 2054 ,

244 2083 386 2138 Ἐὰν
449 2083 642 2153 ἀφῆτε
697 2084 815 2149 τοῖς
860 2083 1191 2151 ἀνθρώποις
1242 2084 1313 2136 τὰ
1373 2078 1820 2148 παραπτώματα

230 2173 454 2235 αὐτῶν,
489 2174 585 2226 καί
621 2177 654 2227 ό
705 2173 905 2239 Πατὴρ
954 2174 1120 2241 ὑμῶν
1180 2177 1211 2226 ό
1264 2172 1544 2242 οὐράνιος
1595 2169 1820 2240 ἀφήσει

229 2265 381 2334 ὑμῖν
408 2265 480 2318 τὰ
517 2265 960 2333 παραπτώματα
989 2263 1176 2334 ὑμῶν.
1223 2265 1332 2318 Καὶ
1366 2264 1528 2318 πάλιν
1561 2279 1576 2294 ⁶
1615 2262 1819 2317 Mand-

224 2370 349 2420 ριοι
383 2356 437 2406 οι
475 2353 820 2422 ἐλεήμονες.
847 2355 936 2406 ὅτι
959 2353 1130 2406 αὐτοὶ
1156 2351 1607 2420 ἐλεηθήσονται.
1659 2350 1770 2404 Καὶ
1800 2390 1816 2415 ,

233 2434 311 2510 τι)
333 2440 528 2508 μέτρῳ
562 2439 840 2505 μετρεῖτε,
885 2439 1455 2507 ἀντιμετρηθήσεται
1493 2437 1654 2506 ὑμῖν.
1685 2437 1817 2490 Ἰδοὺ

234 2531 532 2599 ἐχαρίσατο
557 2533 688 2599 ἡμῖν
716 2531 744 2582 ὁ
775 2530 976 2598 Κύριος
998 2529 1198 2600 τρόπον
1236 2529 1530 2598 σωτηρίας,
1562 2529 1656 2581 καὶ
1686 2527 1820 2580 ἐδω-

235 2637 334 2674 κεν
377 2622 510 2691 ἡμῖν
538 2619 784 2684 ἐξουσίαν
817 2620 1032 2673 αίώνιον
1058 2619 1153 2672 τοῦ
1189 2619 1443 2688 γενέσθαι
1462 2618 1630 2671 τέκνα
1657 2615 1816 2670 Θεοῦο

233 2711 336 2764 καὶ
355 2712 413 2763 ὲν
445 2709 522 2781 τῷ
575 2711 836 2782 θελήματι
887 2711 1048 2782 ἡμῶν
1095 2712 1213 2763 ἐστι
1262 2709 1445 2763 λοιπὸν
1488 2711 1521 2780 ἡ
1575 2708 1818 2780 σωτηρία

235 2804 271 2872 ἡ
281 2801 417 2872 μῶν.

315 2891 424 2961 μγ’.
471 2892 660 2964 Δῶμεν
709 2888 801 2946 οὖν
824 2893 1051 2956 ἑαυτοὺς
1093 2892 1172 2963 τῷ
1195 2894 1386 2965 Κυρίῳ
1417 2893 1476 2959 ἐξ
1500 2893 1816 2964 ὁλοκλήρου,

239 2984 330 3036 ἕνα
358 2984 653 3055 ὁλόκληρον
702 2985 863 3038 αὑτὸν
912 2985 1310 3055 ἅντιλάϐωμεν.
1374 2986 1664 3056 Γενώμεθα
1705 2985 1819 3038 θεοὶ

236 3077 304 3129 δι’
359 3078 522 3129 αὐτόν
548 3093 561 3106 ·
622 3077 711 3129 διὰ
754 3078 863 3146 γὰρ
900 3076 1061 3130 τοῦτο
1109 3078 1394 3148 ἄνθρωπος
1413 3079 1626 3146 γέγονε,
1659 3077 1818 3145 φύσει

236 3167 315 3221 ὢν
369 3168 500 3231 Θεὸς
529 3168 624 3221 καὶ
667 3169 960 3236 Δεσπότης.
1025 3169 1454 3238 ’Υπακούσωμεν
1513 3167 1683 3237 αὐτῷ,
1724 3168 1817 3220 καὶ

237 3259 402 3322 αὑτὸς
432 3244 733 3328 ἀκαμάτως
757 3259 1022 3326 ἀμύνεται
1047 3259 1173 3323 τοὺς
1199 3259 1426 3328 ἐχθροὺς
1458 3257 1616 3328 ἡμῶν
1647 3275 1661 3289 ·
1690 3260 1758 3311 El
1786 3261 1817 3310 ό

235 3353 391 3416 λαός
418 3367 536 3418 μου
570 3350 799 3416 ἥκουσέ
819 3370 958 3418 μου,
991 3353 1176 3421 φησὶν,
1215 3351 1463 3417 Ἰσραὴλ
1501 3350 1628 3415 ταῖς
1657 3347 1818 3414 ὁδοῖς

235 3458 356 3509 μου
387 3443 438 3494 εί
472 3441 762 3508 ἐπορεύθη
789 3459 802 3473 ·
851 3443 919 3494 ἐν
953 3443 1032 3507 τῷ
1058 3443 1274 3511 μηδενὶ
1297 3443 1374 3496 ἂν
1404 3443 1818 3510 τοὺς-ἐχθροὺς

236 3530 440 3584 αὐτῶν
489 3533 883 3592 ἐταπείνωσα.
933 3534 1029 3585 καί
1063 3534 1159 3584 ἐπὶ
1191 3533 1332 3598 τοὺς
1361 3535 1678 3598 θλίϐων-τας
1709 3535 1817 3584 αὺ-

235 3625 383 3691 τοὺς
414 3624 714 3680 ἐπέϐαλον
742 3625 818 3678 ἂν
868 3626 982 3693 τὴν
1032 3626 1198 3694 χεῖρά
1242 3645 1378 3691 μου.
1441 3626 1653 3679 Πᾶσαν
1705 3624 1819 3690 τὴν

235 3717 458 3771 ἐλπίδα
481 3717 645 3786 ἡμῶν
787 3721 974 3771 αὑτὸν
1003 3719 1194 3786 μόνον
1229 3717 1523 3786 θήσωμεν.
1567 3719 1674 3770 Καὶ
1713 3719 1818 3769 πᾶ-

237 3827 339 3863 σαν
373 3810 470 3880 τὴν
506 3812 774 3879 μέριμναν
807 3809 965 3879 ἡμῶν
1008 3809 1092 3860 ἐπ’
1129 3809 1290 3860 αὑτὸν
1335 3809 1492 3877 μόνον
1549 3809 1809 3878 ῥίψωμεν,

237 3903 334 3955 καὶ
382 3904 444 3954 ὲκ
484 3902 662 3971 πάσης
701 3899 953 3969 θλίψεως,
1009 3901 1170 3963 αὐτὸς
1220 3901 1367 3969 ἡμᾶς
1415 3898 1674 3969 ῥύσει-αι’
1721 3901 1813 3952 καὶ

236 3995 419 4045 πάντα
459 3992 549 4044 τὸν
594 3990 726 4061 βίον,
773 3990 932 4053 αὐτὸς
971 3991 1120 4060 ἡμᾶς
1157 3989 1451 4060 διαθρέψει.
1501 3991 1684 4044 Πάντα
1717 3991 1813 4059 μὲν

235 4083 522 4155 ἄιθρωπον
554 4083 618 4134 ὲκ
649 4081 825 4150 ψυχῆς
865 4082 1239 4150 ἀγαπήσωμεν
1260 4093 1273 4106 ⁸
1306 4081 1398 4132 ἐπὶ
1430 4080 1618 4149 μηδενὶ
1641 4081 1696 4133 δὲ
1722 4082 1814 4133 ἀν⁸

237 4174 472 4244 θρώπων
496 4175 595 4242 τὴν
622 4172 811 4225 ἐλπίδα
837 4171 1091 4241 θήσωμεν
1121 4189 1135 4203 ο
1177 4173 1259 4225 ὃτι
1287 4173 1371 4240 ἐφ’
1409 4173 1532 4225 ὅσον
1566 4174 1594 4225 ὁ
1618 4173 1815 4240 Κύριος

238 4267 496 4334 συντηρεϊ
524 4264 692 4333 ἡμᾶς,
721 4263 816 4315 καὶ
838 4265 886 4315 οἱ
909 4262 1050 4330 φίλοι
1074 4263 1274 4326 πάντες
1300 4266 1446 4335 ἡμᾶς
1472 4266 1812 4336 περιέπουσι,

234 4361 334 4414 καὶ
362 4362 411 4413 oi
445 4358 629 4428 ἐχθροὶ
661 4358 863 4422 πάντες
893 4359 1028 4428 πρὸς
1053 4360 1203 4428 ἡμᾶς
1235 4359 1609 4414 ἀδυνατοῦσιν.
1645 4359 1816 4413 Ἐπὰν

234 4451 294 4504 δὲ
327 4454 358 4504 ὁ
411 4450 612 4518 Κύριος
635 4451 784 4520 ἡμᾶς
814 4449 1207 4522 ἐγκαταλείπῃ,
1253 4451 1376 4504 τότε
1429 4452 1522 4504 καὶ
1575 4453 1624 4504 οἱ
1673 4451 1814 4519 φίλοι

1925 1638 2037 1684 stra
2067 1648 2176 1686 non
2209 1634 2538 1701 recipiemus
2560 1633 2626 1687 ".
2651 1632 2981 1686 Dclictorum
3010 1629 3158 1684 enim
3187 1635 3502 1682 nostrorum

1926 1719 2346 1790 indulgentiam,
2381 1723 2435 1776 in
2464 1723 2693 1776 fratrum
2735 1719 3072 1790 indulgentia
3121 1716 3498 1780 inveniemus;

1925 1813 2087 1884 392
2128 1813 2334 1882 Deique
2368 1811 2769 1874 misericordia,
2804 1811 2859 1864 in
2892 1807 3127 1878 proximi
3155 1807 3502 1875 clcemosyna

1921 1905 2248 1960 abscondita
2277 1914 2381 1961 est.
2439 1905 2654 1960 Idcirco
2711 1902 2973 1958 Dominus
3025 1899 3246 1954 aiebat:
3285 1896 3503 1950 Dimitte

1919 2005 1968 2049 et
2002 1997 2302 2052 dimittetur
2324 1997 2464 2052 vobis
2491 1996 2555 2050 “'.
2606 1997 2676 2050 Et
2707 2013 2720 2048 :
2760 1993 2818 2047 Si
2855 1993 3160 2046 dimiseritis
3207 1987 3502 2043 horninibus

1917 2090 2108 2144 delicta
2130 2107 2331 2153 eorum,
2363 2091 2524 2143 etiam
2558 2088 2717 2142 Pater
2767 2095 2934 2140 uester
3000 2084 3220 2138 scelestis
3271 2082 3500 2134 dimittet

1918 2183 2057 2236 uobis
2094 2189 2308 2252 precata
2357 2189 2532 2236 uestra
2567 2180 2633 2232 “.
2675 2180 2742 2232 Et
2791 2193 3046 2232 rursum:
3087 2175 3239 2228 Beati
3298 2175 3496 2226 miseri-

1917 2274 2119 2336 cordes,
2155 2275 2406 2344 quoniam
2437 2273 2540 2343 ipsi
2565 2269 2978 2325 misericordiam
3015 2274 3401 2336 consequentur
3429 2265 3497 2318 '°.

1917 2365 2014 2419 Et:
2040 2364 2067 2418 1
2070 2384 2101 2417 η
2113 2381 2216 2435 qua
2239 2381 2487 2417 mensura
2515 2364 2679 2416 mensi
2703 2361 2930 2431 fueritis,
2951 2360 3256 2412 remetiatur
3272 2355 3493 2411 uobis".

1918 2460 2020 2520 En,
2057 2458 2321 2510 Dominus
2356 2456 2550 2508 salutis
2581 2455 2743 2507 nobis
2772 2453 2993 2506 modum
3036 2449 3285 2511 indulsit,
3337 2457 3501 2501 aeter-

1918 2562 2162 2616 namque
2194 2546 2354 2600 nobis
2383 2553 2714 2614 potestatem
2747 2542 2920 2604 dedit,
2954 2549 3014 2593 ut
3052 2538 3359 2594 efﬁciamur
3397 2537 3497 2592 ﬁlii

1919 2638 2012 2692 Dei
2041 2639 2086 2669 "
2114 2654 2127 2690 :
2153 2646 2318 2706 atque
2347 2636 2484 2691 adeo
2514 2645 2700 2690 nostra
2733 2634 2882 2690 salus
2909 2633 2965 2686 in
2987 2639 3179 2686 nostra
3229 2629 3496 2701 deinceps

1915 2729 2198 2785 voluntate
2226 2729 2402 2799 posita
2433 2731 2523 2782 sit.

1989 2908 2076 2963 45.
2104 2906 2278 2978 Igitur
2301 2921 2402 2961 nos
2434 2906 2532 2975 ipsi
2557 2922 2622 2960 ex
2641 2912 2755 2960 toto
2777 2903 2942 2960 corde
2971 2901 3203 2958 Domino
3227 2898 3494 2954 dedamus

1920 2989 1981 3052 ut
2012 3007 2187 3051 totum
2216 2997 2393 3066 ipsum
2428 2995 2778 3064 recipiamus.
2809 2995 2892 3048 Dii
2916 3000 3144 3062 propter
3178 2991 3357 3059 ipsum
3381 2987 3500 3043 eﬁi-

1918 3089 2132 3142 ciamur
2159 3106 2170 3139 :
2203 3086 2255 3139 id
2286 3086 2432 3138 enim
2457 3100 2635 3138 causae
2659 3093 2764 3146 est,
2786 3099 2888 3136 cur
2919 3082 3010 3150 qui
3043 3091 3238 3133 natura
3268 3079 3414 3132 Deus
3431 3091 3498 3130 ac

1845 3210 1886 3267 ο
1921 3180 2188 3232 Dominus
2216 3184 2384 3238 esset,
2425 3175 2589 3229 homo
2615 3175 2789 3229 factus
2809 3174 2900 3227 sit.
2936 3173 3091 3226 Dicto
3111 3169 3190 3224 illi
3211 3169 3500 3223 audientes

1920 3269 2109 3331 simus,
2145 3269 2368 3336 ipseque
2414 3267 2568 3320 nullo
2595 3266 2816 3336 negotio
2849 3265 3037 3318 hostes
3075 3270 3293 3316 nostros
3356 3259 3498 3314 ulci-

1919 3373 2144 3416 scetur:
2178 3360 2235 3414 Si
2265 3359 2489 3430 papulas
2519 3376 2663 3412 meus
2696 3359 2927 3410 audisset
2962 3372 3062 3418 nte,
3103 3353 3299 3422 inquit,
3326 3353 3500 3406 Israel

1917 3453 1961 3505 si
1993 3452 2044 3504 in
2075 3452 2166 3504 viis
2202 3450 2328 3504 meis
2354 3449 2676 3503 ambulasset
2706 3488 2720 3512 ,
2751 3449 2804 3500 in
2829 3445 2992 3500 nihilo
3015 3445 3236 3514 forsitan
3257 3444 3499 3496 inimicos

1918 3561 2099 3597 eorum
2122 3543 2502 3605 Immiliassent,
2534 3550 2584 3594 et
2620 3557 2779 3610 super
2809 3539 3122 3594 tribulantes
3184 3554 3271 3591 eos
3325 3539 3500 3591 misis-

1916 3653 2025 3689 sem
2061 3653 2281 3689 manum
2311 3652 2484 3689 meum
2509 3636 2575 3688 ⁸³.
2603 3633 3010 3700 Omnem-spem
3037 3638 3282 3685 nostram
3338 3629 3392 3682 in
3429 3642 3496 3681 eo

1919 3728 2034 3781 solo
2065 3743 2378 3795 ponamus,-
2410 3739 2740 3794 omnemque
2794 3722 3219 3778 sollicitudinem
3253 3733 3494 3776 nostram

1919 3817 1972 3868 in
2005 3831 2131 3869 cum
2157 3815 2532 3886 projieiamus,
2557 3822 2614 3867 et
2641 3814 2755 3882 ipse
2781 3827 2847 3866 ex
2876 3811 3026 3865 omni
3049 3810 3402 3864 tribulatione
3433 3809 3498 3862 li-

1918 3907 2137 3962 berabit
2164 3922 2294 3971 nos;
2331 3915 2610 3975 totamque
2635 3905 2802 3958 vitam
2828 3904 2943 3974 ipse
2973 3903 3234 3959 enutriet.
3265 3903 3494 3956 Omnem

1917 3998 2138 4069 quidem
2188 3997 2466 4050 hominem
2505 4011 2572 4050 ex
2628 3995 2816 4049 animo
2871 3994 3182 4064 diligamus,
3240 3993 3296 4046 in
3344 3991 3498 4046 nullo

1919 4098 2099 4143 tamen
2143 4086 2428 4141 hominum
2479 4100 2633 4156 spem
2689 4101 2960 4154 ponamus
2997 4102 3011 4138 :
3052 4083 3299 4153 quandiu
3347 4082 3496 4138 enim

1917 4179 2183 4233 Dominus
2205 4193 2304 4231 nos
2341 4183 2650 4236 conservat,
2690 4174 2887 4234 tandiu
2911 4174 3078 4228 etiam
3099 4187 3293 4228 omnes
3335 4171 3497 4229 amici

1919 4269 2113 4323 colunt
2141 4276 2198 4322 et
2222 4267 2538 4328 observant,
2562 4265 2809 4332 nullique
2829 4264 3116 4318 adversum
3149 4277 3251 4317 nos
3286 4255 3497 4318 inimici

1919 4361 2417 4434 praivalebunt.At,
2447 4361 2541 4414 ubi
2571 4375 2672 4414 nos
2686 4359 2954 4415 Dominus
2978 4358 3499 4428 dereliquerit,‘tunc

1918 4463 1974 4508 ct
1995 4453 2158 4510 amici
2189 4467 2382 4507 omnes
2414 4451 2829 4519 derelinquunt,
2859 4465 3163 4519 omnesque
3204 4449 3498 4504 adversum

236 4545 440 4607 πάντες
469 4542 940 4612 ἑγκαταλείπουσι,
993 4542 1086 4595 καὶ
1132 4543 1179 4594 oi
1231 4542 1413 4612 ἐχθροὶ
1461 4542 1659 4606 πάντες
1698 4543 1821 4596 καθ’

1925 4562 2026 4599 nos
2057 4544 2264 4598 inimici
2293 4543 2654 4597 invalescant.
2683 4542 2790 4596 Sed
2814 4550 2872 4596 et
2903 4540 2998 4610 qui
3029 4542 3083 4594 in
3109 4541 3291 4610 seipse
3320 4541 3497 4596 conli-

235 4636 398 4707 ἡμῶν
431 4633 730 4703 ἰσχύουσιν.
771 4633 931 4685 Ἀλλὰ
969 4633 1063 4685 καὶ
1107 4634 1136 4684 ὁ
1169 4635 1248 4696 είς
1303 4634 1526 4687 σεαυτὸν
1576 4635 1812 4705 θαρρῶν,

237 4726 488 4778 πεσεῖται
521 4723 721 4792 πτῶμα
747 4722 983 4789 ἐξαίσιον
1015 4739 1028 4752 ·
1061 4723 1090 4775 ὁ
1121 4723 1177 4777 δὲ
1213 4723 1545 4794 φοϐούμενος
1571 4725 1664 4778 τὸν
1703 4725 1818 4778 Κύ-

240 4832 382 4887 ριον,
414 4814 781 4884 ὑψωθήσεται.
817 4813 915 4866 Διὰ
970 4813 1128 4868 τοῦτο
1169 4815 1198 4867 ὁ
1236 4815 1399 4868 Δαδὶδ
1455 4800 1638 4885 ἔλεγεν
1664 4829 1679 4844 ⁸
1733 4819 1816 4871 οὺ

237 4905 352 4974 γὰρ
380 4904 474 4956 ἐπὶ
499 4901 580 4968 τῷ
617 4902 771 4969 τόξῳ
798 4921 911 4971 μου
949 4905 1154 4968 ἐλπιῶ,
1189 4906 1285 4958 καί
1318 4907 1356 4974 ἠ
1397 4909 1662 4976 ῥομφαία
1697 4927 1816 4978 μου

237 4997 314 5050 οὐ
368 4993 550 5048 σώσει
569 5011 662 5063 με.
700 4996 982 5061 Ἐσωσας
1009 4997 1118 5064 γὰρ
1144 4997 1300 5064 ἡμᾶς
1335 4999 1403 5052 ἐκ
1433 4999 1551 5053 τῶν
1581 5003 1819 5055 θλιϐόν-

238 5103 362 5140 των
378 5083 552 5153 ἡμᾶς,
572 5085 671 5138 καὶ
693 5085 836 5152 τοὺς
851 5087 1184 5156 μισοῦντας
1206 5088 1382 5156 ἡμᾶς,
1412 5093 1816 5160 κατῄσχυνας.

315 5174 421 5244 με.
453 5176 544 5244 Μὴ
574 5172 941 5244 ἁνασχώμεθα
967 5176 1073 5228 τῶν
1109 5176 1384 5246 λογισμῶν
1427 5179 1534 5232 τῶν
1584 5198 1817 5252 σμικρυ-

239 5267 442 5320 υόντων
484 5265 644 5336 ἡμῶν
692 5266 790 5327 τὰς
823 5267 1118 5355 ἁμαρτίας.
1150 5271 1244 5322 καὶ
1284 5271 1383 5339 τὴν
1423 5272 1613 5338 ἄφεσιν
1642 5274 1822 5328 αὐτῶν

241 5357 527 5428 γεγονέναι
580 5359 1014 5427 μαντευομένων.
1061 5361 1192 5429 Περὶ
1218 5361 1397 5414 αὐτῶν
1425 5363 1528 5434 γὰρ
1558 5366 1585 5416 ὀ
1616 5364 1818 5433 Κύριος

240 5449 673 5518 ἀσφαλιζόμενος
728 5449 893 5517 ἡμᾶς,
945 5449 1094 5517 ἔλεγε
1128 5470 1142 5484 ο
1201 5454 1532 5522 Προσέχετε
1584 5455 1818 5523 ἑαυτοῖς

242 5537 364 5595 ἀπὸ
409 5536 528 5590 τῶν
585 5536 1120 5606 ψευδοπροφητῶν,
1190 5543 1407 5610 οἵτινες
1464 5544 1817 5600 ἐλεύσονται

320 5745 364 5775 ’⁵⁷
405 5744 560 5798 Rom.
613 5761 702 5805 χιι,
741 5746 824 5799 l7.

250 5808 294 5839 ⁵³
331 5816 470 5870 l’sal.
504 5831 660 5879 LXXX,
699 5816 778 5880 ll,
826 5816 909 5869 15.
985 5817 1026 5847 ⁵³
1063 5817 1199 5870 Psal.
1238 5834 1381 5884 xuii,
1413 5821 1463 5883 7,
1493 5821 1541 5872 8.

901 5745 946 5776 ""
982 5746 1111 5798 Luc.
1147 5763 1218 5807 γι,
1247 5749 1330 5800 Η.
1408 5748 1450 5780 ⁸³
1485 5749 1670 5804 Matth.
1706 5767 1779 5816 γι,
1817 5756 1899 5815 14,
1976 5751 2019 5782 ⁵ο
2049 5750 2237 5804 Matth.
2276 5763 2326 5809 v,
2361 5749 2412 5799 'i.

1923 4635 2024 4699 dit,
2057 4634 2331 4704 stupende
2356 4649 2485 4688 casu
2513 4632 2805 4687 collidetur
2833 4648 2846 4683 :
2875 4632 2969 4699 qui
2999 4641 3182 4686 autem
3214 4631 3369 4685 timet
3395 4631 3496 4685 Do-

1925 4729 2158 4791 minum,
2191 4725 2542 4780 exaltabitur.
2591 4724 2798 4778 Idcirco
2854 4724 3019 4778 etiam
3062 4723 3244 4777 aiebat
3285 4722 3489 4776 David:

1921 4816 2041 4872 Non
2066 4816 2204 4869 enim
2233 4816 2284 4868 in
2315 4830 2442 4867 arcu
2463 4829 2575 4866 meo
2605 4813 2847 4882 sperabo,
2884 4820 2933 4866 et
2964 4811 3174 4883 gladius
3210 4827 3355 4866 meus
3388 4827 3490 4865 non

1921 4906 2148 4960 salvabit
2177 4921 2274 4958 me.
2308 4901 2541 4957 Salvasti
2566 4904 2709 4958 enin:
2749 4919 2843 4956 nos
2882 4918 2946 4955 ea:
2985 4901 3326 4972 affligentibus
3376 4917 3494 4968 nos,

1923 5008 1972 5052 et
2003 5014 2086 5050 eos
2111 4997 2200 5068 qui
2229 5011 2322 5048 nos
2350 4995 2594 5058 oderunt,
2624 4993 2903 5063 confudisti
2935 4993 3001 5045 “.

1991 5181 2081 5238 Η.
2104 5179 2181 5235 Ne
2214 5179 2265 5232 id
2291 5194 2464 5249 genus
2517 5175 2911 5247 cogitationum
2944 5174 3328 5236 sustineamus,
3374 5188 3495 5241 qua:

1926 5283 2152 5346 peccata
2197 5279 2388 5325 nostra
2443 5266 2782 5331 diminuunt,
2832 5280 3005 5334 eaque
3053 5264 3212 5319 nobis
3267 5263 3494 5317 remissa

1924 5367 2250 5424 ariolantur.
2278 5363 2482 5417 Cautos
2510 5361 2658 5415 enim
2683 5361 2750 5415 de
2779 5360 2885 5414 illis
2916 5374 3016 5413 nos
3045 5373 3165 5413 esse
3195 5359 3499 5412 admonens

1923 5456 2207 5516 Dominus,
2235 5453 2417 5506 aiebat
2446 5469 2460 5504 :
2496 5451 2763 5505 Attendite
2788 5448 2926 5502 uobis
2957 5465 2989 5501 a
3035 5446 3186 5516 falsis
3231 5448 3495 5516 prapltetis

1923 5549 2012 5618 qui
2032 5544 2244 5599 uenient
2285 5542 2353 5594 ad
2387 5558 2474 5596 vos
2499 5542 2553 5594 in
2580 5539 2895 5596 uestimentis
2923 5539 3096 5592 ouium
3119 5579 3136 5604 ,
3185 5539 3496 5591 intrinsecus

2515 5747 2558 5778 ⁸¹
2593 5743 2780 5798 Matth.
2812 5757 2906 5807 vn,
2931 5741 2986 5794 9...
3065 5741 3109 5772 "
3143 5739 3298 5795 Joan.
3328 5755 3364 5798 ι,
3405 5737 3468 5790 1‘2
