4208 6436
676 391 785 454 955

1805 393 1864 451 S.
1908 390 2190 450 ΜᾹΧΙΜΙ
2233 390 2664 454 CONFESSOR
2674 397 2742 455 IS

3833 396 3942 460 956

680 513 858 558 autem
881 514 1005 560 sunt
1036 505 1148 576 lupi
1168 520 1384 575 rapaces
1412 505 1479 558 ".
1510 503 1760 571 Quandiu
1795 506 1942 560 enim
1971 520 2125 560 mens
2151 521 2252 560 no—

2373 507 2508 575 τρὸς
2560 507 2714 578 ὑμᾶς
2751 511 2824 564 ἐν
2862 509 3159 580 ἐνδύμασι
3198 507 3506 577 πρισάτων
3531 525 3544 538 ·
3597 506 3826 570 ἔσωθεν
3849 510 3941 574 δὲ,

685 603 799 648 stra
831 603 1057 664 peccato
1085 595 1357 657 turbatur,
1396 594 1629 648 necdum
1656 596 1778 664 ejus
1806 595 2022 649 veniam
2056 609 2255 650 conse-

681 683 796 736 cuti
821 698 1044 736 sumus:
1074 683 1314 736 nondum
1338 683 1482 738 enim
1524 682 1716 752 dignos
1753 683 2092 751 pmnitentiae
2143 683 2258 736 fru-

682 785 807 828 ctus
846 773 1093 828 fecimus.
1122 775 1462 828 Pmnitentize
1487 774 1700 828 fructus
1721 784 1804 828 est
1851 775 2018 828 animi
2054 775 2258 843 imper-

683 865 924 919 turbatio
949 875 1177 934 rataque
1211 865 1370 934 393
1430 865 1794 933 tranquillitas
1829 883 1843 919 :
1889 866 2004 919 hmc
2050 877 2254 929 autem,

682 957 898 1026 peccati
928 965 1014 1009 est
1047 957 1295 1009 abolitio.
1321 955 1567 1008 Necdum
1610 966 1793 1008 autem
1835 955 2131 1024 perfectam
2191 956 2257 1008 il-

678 1047 788 1100 iam
818 1047 1368 1117 imperturbationem
1391 1061 1455 1099 ac
1487 1048 1941 1116 tranquillitatem
1988 1046 2134 1100 nacti
2162 1062 2258 1099 su-

681 1142 959 1210 mus;qui
988 1141 1151 1194 modo
1189 1139 1411 1209 quidem
1455 1141 1684 1193 achclus
1742 1141 2002 1192 molestos
2051 1140 2256 1192 sentia-

680 1248 827 1296 mus,
854 1232 1017 1286 modo
1045 1240 1229 1285 autem
1273 1248 1380 1285 non
1422 1232 1742 1285 sentiamus.
1789 1231 2042 1285 Nondum
2093 1230 2258 1300 igitur

680 1332 1035 1394 peccatorum
1053 1325 1268 1379 veniam
1291 1324 1532 1393 perfecte
1566 1323 1748 1392 adepti
1790 1338 2002 1376 sumus.
2043 1323 2178 1376 Nam
2227 1337 2258 1376 a

683 1423 911 1484 peccato
959 1417 1182 1486 quidem
1237 1415 1471 1484 originis
1511 1417 1650 1470 sacri
1686 1415 2029 1484 baptismatis
2076 1414 2261 1483 expia-

684 1507 838 1560 tione
861 1507 1080 1561 liberati
1107 1522 1300 1561 sumus
1325 1523 1339 1559 :
1381 1507 1451 1560 ab
1473 1522 1540 1560 eo
1578 1515 1760 1560 autem
1790 1506 1935 1574 quod
1962 1513 2147 1561 mustra
2177 1512 2260 1559 te-

685 1596 940 1650 meritate
979 1603 1106 1665 post
1148 1596 1418 1665 baptisma
1459 1594 1877 1659 committimus,
1932 1609 2033 1663 per
2086 1593 2264 1662 poeni-

685 1688 912 1742 tentiam
933 1688 1252 1743 liberamur.

755 1780 842 1834 45.
870 1777 1012 1862 [οπο
1055 1781 1224 1850 igitur
1250 1780 1632 1849 paenitentiam
1677 1794 1920 1849 agamus,
1948 1786 2011 1833 ut
2053 1793 2083 1832 a
2112 1775 2264 1832 vitiis

2355 595 2470 646 eici
2510 595 2689 648 λύκοι
2721 595 3004 665 ἅρπαγες.
3053 597 3170 664 Ἐφ’
3215 597 3339 649 ὅσον
3393 595 3556 666 γάρό
3605 595 3728 658 νοῦς
3781 597 3944 666 ἡμῶν

2357 685 2462 739 ὑπὸ
2501 686 2602 756 τῆς
2647 688 2922 758 ἁμαρτίας
2949 687 3203 758 ὀχλεῖται,
3237 685 3392 740 οὔπω
3413 689 3511 756 τῆς
3541 691 3942 757 συγχωρήσεως

2356 777 2530 846 αὐτῆς
2558 779 2823 849 ἐτύχομεν
2855 795 2870 810 ο
2898 779 3109 832 ούδέπω
3143 778 3252 848 γὰρ
3307 779 3552 847 καρποὺς
3596 778 3780 842 ἀξίους
3838 779 3941 846 τῆς

2360 870 2646 938 μετανοίας
2699 872 3097 939 πεποιήκαμεν.
3158 868 3382 939 Καρπὸς
3432 869 3719 937 μετανοίας
3768 870 3942 930 ἐστὶν,

2357 957 2598 1012 ἀπάθεια
2649 959 2830 1028 ψυχῆς
2858 973 2872 986 ·
2928 957 3170 1011 ἀπάθεια
3218 959 3296 1019 δὲ,
3333 957 3608 1025 ἐξάλειψις
3643 958 3919 1028 ἁμαρτίας

2360 1047 2528 1101 Οῠπω
2553 1050 2607 1102 δὲ
2635 1049 2831 1119 ἔχομεν
2861 1050 3072 1102 τελείαν
3105 1049 3396 1110 ἀπάθειαν,
3451 1048 3579 1100 ποτε⁹
3622 1047 3717 1117 μὲν
3752 1046 3944 1116 ὀχλού-

2361 1157 2514 1209 μενοι
2561 1142 2666 1194 ὑπὸ
2709 1140 2816 1192 τῶν
2850 1142 3059 1204 παθῶν,
3095 1140 3224 1192 ποτὲ
3259 1141 3314 1194 δὲ
3349 1140 3422 1210 μὴ
3459 1140 3792 1210 ὁχλούμενοι.
3829 1142 3942 1193 Οὐκ

2359 1233 2470 1301 ἄρα
2492 1234 2589 1302 τῆς
2609 1232 2716 1286 τῶν
2762 1233 3046 1303 ἁμαρτιῶν
3086 1232 3333 1298 ἀφέσεως
3389 1231 3610 1295 τελείως
3655 1232 3941 1302 ἐτύχομεν.

2359 1323 2470 1392 Τῆς
2499 1325 2598 1392 μὲν
2624 1323 2732 1392 γάρ
2764 1323 3098 1394 προγονικῆς
3151 1323 3445 1394 ἁμαρτίας,
3497 1322 3586 1376 διὰ
3643 1323 3738 1376 τοῦ
3781 1323 3945 1392 ἁγίου

2362 1411 2738 1482 βαπτίσματος
2764 1412 3210 1483 ὲλευθερὼθημεν
3239 1428 3255 1444 ⁶
3291 1413 3394 1482 τῆς
3440 1413 3498 1466 δὲ
3549 1412 3688 1480 μετά
3733 1413 3795 1467 τὸ
3848 1413 3948 1484 βά-

2361 1520 2572 1574 πτισμα
2615 1503 3004 1575 τολμηθείσης,
3064 1504 3151 1558 διά
3219 1505 3321 1576 τῆς
3380 1506 3670 1575 μετανοίας
3732 1505 3947 1560 ἐλευθε-

2362 1595 2626 1667 ρούμεθα.

2438 1773 2541 1844 με’.
2593 1775 3034 1845 Μετανοήσωμεν
3075 1768 3169 1828 οὖν
3216 1774 3475 1845 γνησίως,
3507 1776 3594 1830 ἵνα
3617 1776 3728 1830 τῶν
3761 1775 3954 1830 παθῶν

687 1885 751 1924 ac
802 1854 1317 1940 peiiiirbationibus
1363 1871 1605 1935 liberati,
1650 1881 2002 1942 peccatorum
2043 1870 2262 1926 veniam

2373 1865 2831 1938 ὲλευθερούμενοι,
2860 1868 2962 1936 τῆς
2989 1867 3114 1939 ,τῶν
3166 1867 3450 1938 ἁμαρτιῶν
3481 1869 3726 1936 ἀφέσεως
3771 1869 3952 1938 τύχω-

687 1974 1111 2030 consequamur.
1143 1963 1572 2016 Contemnamus
1619 1970 2086 2032 temporanea,ne
2132 1977 2266 2032 pro-

2373 1975 2489 2029 μεν.
2518 1958 3020 2028 Περιφρονήσωμεν
3039 1959 3146 2011 τῶν
3178 1958 3556 2029 προσκαίρων;
3617 1959 3704 2012 ἵνα
3758 1959 3834 2028 μὴ
3881 1960 3952 2012 δι’

691 2061 814 2122 pter
848 2052 936 2106 illa
972 2053 1292 2110 hominibus
1322 2062 1651 2125 pugnantes,
1685 2054 2004 2109 dilectionis
2035 2054 2267 2108 manda-

2373 2046 2507 2102 αὐτὰ
2529 2049 2640 2112 τοῖς
2695 2046 3006 2116 ἀνθρώποις
3059 2048 3381 2118 μαχόμενοι,
3433 2048 3531 2117 τὴν
3582 2047 3804 2118 ἐντολὴν
3851 2047 3954 2115 τῆς

692 2150 809 2195 ιιιηι
838 2142 1128 2208 violemus,
1159 2152 1216 2198 et
1252 2159 1282 2198 a
1317 2143 1414 2198 Dei
1445 2143 1746 2198 dilectione
1775 2143 2114 2198 excidamus.
2143 2141 2266 2213 Spi-

2373 2141 2588 2210 ἀγάπης
2609 2138 2968 2218 παραδῶμεν,
2997 2139 3214 2208 καὶτῆς
3244 2138 3339 2192 τοῦ
3368 2137 3503 2192 Θεοῦ
3530 2138 3752 2209 ἀγάπης
3781 2139 3952 2192 ἐκπέ-

692 2236 796 2288 ritu
827 2235 1172 2300 ambulemus,
1187 2245 1236 2289 et
1257 2238 1513 2291 desideria
1533 2239 1706 2291 carnis
1730 2253 1833 2290 non
1853 2236 2180 2307 perﬁciemus
2199 2237 2268 2289 “.

2373 2246 2572 2300 σωμεν.
2635 2229 2932 2298 Πνεύμίιτι
2983 2227 3419 2297 περιπατῶμεν,
3473 2229 3573 2283 καί
3629 2229 3958 2298 ἐπιθυμίαν

691 2325 1013 2396 Vigilemus,
1042 2327 1213 2382 sobrii
1249 2329 1423 2383 simus
1469 2345 1482 2381 :
1533 2343 1802 2383 sommum
1845 2326 2077 2397 pigritiae
2109 2326 2270 2380 dein-

2373 2319 2593 2388 σαρκὸς
2635 2320 2708 2373 οὐ
2758 2319 2842 2388 μὴ
2875 2319 3224 2387 τελέσομεν.
3261 2319 3725 2390 Γρηγορήσωμεν,
3773 2319 3957 2387 νήψω-

691 2433 824 2486 ceps
853 2419 1219 2473 excutiamus.
1256 2419 1486 2475 Sanctos
1531 2419 1747 2474 Domini
1792 2419 2006 2489 pugiles
2048 2418 2274 2472 :emulo-

691 2523 817 2562 mur
859 2525 872 2562 :
910 2509 1195 2564 imitemur
1243 2525 1439 2565 eorum
1473 2511 1773 2566 certamina
1806 2528 1820 2564 :
1866 2525 1931 2564 ca
1957 2524 2080 2579 qua:
2122 2517 2274 2563 retro

686 2609 840 2663 sunt,
869 2601 1303 2668 obliviscamur;
1350 2613 1408 2657 et
1443 2603 1512 2658 ad
1545 2619 1630 2668 ea,
1665 2619 1790 2672 qua:
1819 2611 1947 2658 sunt
1991 2617 2022 2654 a
2068 2600 2272 2666 fronte,

690 2706 793 2746 nos
825 2691 975 2760 ipsos
996 2693 1359 2748 extendamus
1373 2695 1441 2747 ⁸⁷.
1470 2695 1751 2748 Imitemur
1770 2708 1963 2748 eorum
1987 2692 2274 2747 assiduum

688 2798 941 2845 cursum,
960 2785 1132 2838 animi
1155 2785 1427 2840 fervorem
1456 2793 1514 2840 et
1535 2785 1897 2849 alacritatem,
1919 2783 2277 2839 continentia:

691 2875 1066 2940 tolerantiam,
1117 2877 1388 2933 castitatis
1437 2877 1879 2940 sanctimoniam,
1927 2877 2122 2932 fortem
2177 2891 2277 2945 pa-

694 2965 965 3030 tientiam,
1022 2967 1459 3038 longanimitatis
1521 2969 1928 3033 sustinentiam,
1971 2969 2279 3023 miseratio-

692 3058 782 3112 nis
845 3059 1233 3123 clementiam,
1291 3061 1736 3115 mansuetudinis
1785 3059 2277 3128 tranquillitatem,

2372 2428 2472 2481 μεν
2503 2425 2518 2440 ⁸
2556 2409 2920 2480 ἀποϐάλωμεν
2948 2408 3134 2463 λοιπὸν
3158 2409 3249 2462 τὸν
3294 2407 3464 2462 ὕπνον
3503 2409 3604 2478 τῆς
3658 2409 3955 2480 ῥᾳθυμίας.

2371 2501 2712 2570 Ζηλώσωμεν
2747 2503 2873 2564 τοὺς
2899 2499 3089 2566 ἁγίους
3135 2499 3376 2569 ἀθλητὰς
3405 2499 3500 2553 τοῦ
3529 2500 3783 2570 Σωτῆρος
3810 2515 3826 2528 ·
3868 2517 3958 2567 μι-

2373 2593 2676 2665 μησὼμεθα
2701 2591 2882 2647 αὐτῶν
2900 2592 3026 2654 τοὺς
3044 2589 3395 2658 ἀγῶνας,τῶν
3419 2590 3642 2644 ὄπισθεν
3664 2589 3961 2643 ἐπιλανθα-

2373 2686 2611 2757 νόμενοι,
2646 2687 2761 2748 τοῖς
2787 2684 2846 2737 δὲ
2897 2682 3209 2757 ἔμπροσθεν
3255 2682 3717 2752 ὲπεκτεινόμενοι.
3762 2681 3962 2751 Mitt-q-

2375 2755 2597 2848 σῶμεθα
2618 2774 2708 2829 τὸν
2747 2755 3171 2828 ἀκατάπαυστον
3213 2773 3393 2826 αὐτῶν
3418 2772 3636 2843 δρόμον,
3669 2772 3769 2842 τὴν
3807 2771 3965 2836 ζέου-

2377 2886 2477 2923 σαν
2517 2867 2846 2940 προθυμίαν,
2885 2865 2986 2935 τῆς
3016 2863 3345 2935 ἐγκρατείας
3380 2863 3480 2934 τὴν
3507 2863 3824 2935 καρτερίαν,
3858 2863 3964 2931 τῆς

2376 2960 2732 3031 σωφροσύνης
2783 2959 2875 3012 τὸν
2914 2960 3206 3027 ἀγιασμὺν,
3240 2959 3338 3029 τῆς
3387 2957 3668 3026 ὑπομονῆς
3702 2955 3801 3026 τὴν
3840 2973 3969 3023 γενο

2376 3052 2636 3120 ναιότητα
2677 3051 2778 3118 τῆς
2808 3050 3190 3122 μακροθυμίας
3216 3050 3316 3120 τὴν
3361 3050 3579 3120 ἀνοχὴν,
3607 3049 3708 3118 τῆς
3739 3059 3973 3117 συμπα-

690 3151 1063 3206 a-mulationis
1094 3152 1390 3215 fervorem,
1421 3153 1735 3208 dilectionis
1760 3153 2150 3214 sinceritatem,
2175 3153 2275 3206 hu-

2379 3142 2532 3205 θείας
2563 3141 2656 3193 τὸν
2683 3136 2887 3206 οἶκτον,
2916 3140 3016 3209 τῆς
3046 3142 3359 3211 πραΰτητος
3397 3141 3460 3194 τὸ
3504 3139 3802 3209 ἀτάραχον.
3868 3137 3968 3192 τοῦ

693 3239 944 3294 militatis
971 3243 1296 3305 celsitatem,
1327 3242 1670 3312 paupertatis
1708 3241 2138 3310 simplicitatem,
2162 3240 2275 3293 for-

2380 3233 2544 3303 ζήλου
2575 3232 2670 3302 τὴν
2697 3230 3028 3302 θερμότητα,
3071 3231 3174 3300 τῆς
3209 3232 3431 3300 ἀγάπης
3468 3228 3532 3283 τὸ
3571 3231 3968 3300 ἀνυπόκριτον,

692 3330 1011 3394 titudinem,
1057 3331 1476 3400 benignitatem,
1517 3331 1820 3385 leuitatem.
1858 3329 1934 3382 Ne
1968 3328 2153 3397 supini
2179 3342 2276 3382 vo-

694 3422 1000 3491 luptatibus
1044 3438 1146 3476 nos
1173 3422 1443 3476 dedamus
1471 3439 1483 3474 :
1515 3437 1585 3476 ne
1623 3419 2053 3490 cogitationibus
2089 3433 2154 3472 ac
2193 3416 2278 3471 af-

693 3515 935 3568 fectibus
961 3515 1377 3578 mollescamus;
1404 3529 1474 3568 ne
1499 3512 1897 3567 conscientiam
1925 3512 2234 3581 polluamus
2261 3526 2276 3563 :

697 3605 888 3660 Pacem
927 3623 1304 3675 persequamur
1337 3622 1454 3659 cum
1492 3605 1729 3658 omnibus
1764 3613 1812 3656 et
1851 3603 2279 3666 sanctimoniam,

694 3700 809 3753 sine
839 3715 942 3766 qua
988 3715 1138 3751 nemo
1173 3698 1359 3751 videbit
1395 3697 1676 3750 Dominum
1696 3697 1763 3748 ⁵⁸.
1791 3696 1871 3748 Ad
1901 3695 2036 3754 haec,
2060 3696 2278 3758 fratres,

701 3790 992 3853 mundum,
1024 3790 1328 3860 mundique
1377 3797 1650 3844 rectorem
1695 3789 1982 3858 fugiamus.
2025 3785 2280 3852 Carnem,

696 3887 755 3933 et
788 3894 853 3934 ea
884 3895 1006 3949 qua:
1034 3881 1275 3934 carnalia
1294 3888 1444 3944 sunt,
1467 3879 1866 3948 relinquamus.
1891 3878 1949 3932 In
1974 3877 2144 3933 ccelos
2159 3891 2284 3932 cur-

695 3989 818 4028 sum
852 3975 1274 4037 contendamus,
1299 3974 1392 4028 ubi
1425 3983 1615 4030 noster
1642 3989 1743 4028 nos
1764 3980 1950 4028 manet
1979 3969 2286 4039 municipa-

706 4070 871 4126 tus".
932 4069 1215 4127 Imitemur
1262 4069 1508 4123 divinum
1560 4070 1914 4138 Apostolum;
1991 4073 2274 4120 auctorem

699 4160 828 4215 vitaz
845 4160 1396 4230 comprehendamus;
1421 4161 1542 4215 vita:
1569 4160 1716 4214 fonte
1739 4159 2006 4220 fruamur;
2039 4173 2164 4212 cum
2186 4171 2287 4210 an-

700 4251 838 4320 gelis
865 4252 1070 4304 choros
1100 4250 1405 4317 ducamus;
1455 4267 1580 4305 cum
1609 4249 1958 4319 archangelis
1995 4246 2288 4302 Dominum

2376 3326 2474 3395 τῆς
2522 3322 3022 3392 ταπεινοφροσύνης
3064 3322 3125 3374 τὸ
3161 3321 3312 3390 ὕψος,
3355 3321 3458 3390 τῆς
3489 3319 3880 3389 ἀκτημοσύνης
3904 3319 3972 3371 τὺ

2377 3417 2689 3486 ἀπέριττον,
2723 3414 2823 3483 τὴν
2848 3411 3123 3482 ἀνδρείαν,
3152 3411 3251 3482 τὴν
3277 3411 3644 3482 χρηστότητα,
3668 3409 3770 3480 τὴν
3790 3409 3974 3461 ὲπιεί·

2379 3523 2554 3560 κείαν.
2603 3505 2696 3575 Μὴ
2735 3503 3096 3574 ὑπτιωθῶμεν
3123 3505 3241 3566 ταῖς
3280 3503 3494 3571 ἡδοναῖς
3519 3518 3532 3532 ·
3565 3502 3639 3572 μὴ
3667 3499 3968 3571 χαυνωθῶ-

2383 3613 2484 3666 μεν
2509 3598 2622 3658 τοῖς
2645 3594 2928 3664 λογισμοῖς
2959 3610 2970 3622 ·
3009 3593 3084 3664 μὴ
3124 3591 3466 3664 ῥυπώσωμεν
3498 3591 3594 3661 τὴν
3634 3589 3972 3659 συνείδησινα

2388 3688 2506 3754 Τὴν
2549 3686 2800 3755 εΙρήνην
2852 3681 3153 3752 διώκωμεν
3191 3683 3341 3750 μετά
3380 3681 3656 3742 πάντων,
3709 3679 3815 3732 καὶ
3862 3680 3976 3731 τὸν

2381 3780 2682 3849 ἁγιασμόν
2704 3793 2718 3807 ’
2765 3772 2838 3831 οὗ
2877 3773 3053 3843 χωρὶς
3109 3772 3310 3840 οὐδεὶς
3345 3774 3556 3841 ὄψεται
3582 3772 3690 3824 τὸν
3723 3773 3973 3840 Κπῗνριον.

2383 3870 2494 3923 Καὶ
2522 3867 2616 3920 ἐπὶ
2648 3865 2879 3930 τούτοις,
2914 3863 3176 3934 φύγωμεν
3209 3863 3298 3916 τὸν
3324 3863 3551 3933 κόσμον,
3592 3861 3838 3930 ἀδελφοὶ,
3876 3863 3979 3914 καὶ

2382 3961 2475 4014 τὸν
2526 3958 2968 4028 κοσμοκράτορα.
3018 3953 3446 4024 Καταλείψωμεν
3499 3954 3599 4025 τὴν
3633 3953 3842 4025 σάρκα,
3878 3955 3980 4008 καὶ

2383 4053 2454 4107 τά
2495 4051 2750 4123 σαρκικὰ.
2799 4050 2893 4112 Εἰς
2919 4048 3180 4121 οὐρανοὺς
3209 4047 3610 4118 ἀναδράμωμεν
3639 4064 3654 4078 ·
3683 4048 3805 4100 ἐκεῖ
3835 4046 3979 4112 ἔξω·

2391 4163 2490 4217 μεν
2518 4145 2674 4214 ἡμῶν
2701 4142 2763 4196 τὸ
2789 4142 3112 4212 πολίτευμα.
3136 4141 3240 4194 Τὸν
3261 4139 3404 4192 θεῖον
3439 4139 3763 4193 ’Δπόστολον
3801 4157 3980 4210 μιμηο

2390 4231 2652 4302 σώμεθα·
2691 4230 2782 4284 τὸν
2841 4229 3107 4300 ’Δρχηγὸν
3153 4230 3252 4297 τῆς
3305 4227 3451 4297 ζωῆς
3511 4227 3922 4296 καταλάϐωμεν
3960 4244 3976 4258 ·

705 4351 956 4394 nostrum
985 4341 1172 4395 .Iesum
1207 4340 1492 4404 Christum
1520 4339 1842 4403 laudemus;
1894 4336 1998 4406 ipsi
2027 4336 2202 4406 gloria
2234 4346 2275 4389 el

2387 4325 2487 4395 τῆς
2525 4323 2708 4394 πηγῆς
2734 4323 2834 4390 τῆς
2888 4321 3037 4392 ζωῆς
3087 4321 3507 4391 ἀπολαύσωμεν.
3557 4321 3662 4375 Σὺν
3714 4321 3980 4388 ἀγγέλοις

706 4432 1024 4501 imperium,
1066 4448 1174 4486 una
1204 4447 1329 4496 cum
1364 4433 1524 4488 Patre
1557 4438 1615 4485 et
1643 4429 1856 4499 Spiritu
1893 4435 2108 4492 sancto,
2143 4441 2275 4480 nunt

2390 4413 2737 4484 χορεύσωμεν
2766 4429 2780 4442 ο
2812 4413 2910 4466 σὺν
2951 4412 3312 4482 ἀρχαγγέλοις
3345 4412 3678 4482 ὑμνήσωμεν
3731 4411 3828 4463 τὸν
3868 4412 3980 4464 K5-

704 4533 762 4578 et
789 4539 1028 4595 semper,
1054 4535 1111 4579 et
1149 4525 1205 4578 in
1239 4526 1439 4578 smcula
1469 4524 1818 4579 saeculorum.
1845 4522 2040 4576 Amen.

2316 4515 2365 4574 υ
2394 4522 2508 4575 ριον
2534 4503 2689 4574 ἡμῶν
2731 4502 2939 4571 Ἰησοῦν
2964 4502 3200 4574 Χριστόν
3229 4519 3243 4532 α
3269 4495 3314 4569 ᾧ
3337 4504 3370 4572 ή
3395 4501 3525 4566 δόξα
3555 4504 3651 4554 καὶ
3677 4501 3742 4554 τὸ
3773 4503 3981 4572 κράτος

2389 4594 2507 4662 ἅμα
2558 4593 2636 4664 τῷ
2672 4592 2844 4664 [Ia-cpt
2879 4593 2976 4646 σὺν
3004 4591 3082 4662 τῷ
3111 4591 3252 4663 ἀγίῳ
3284 4592 3580 4663 Πνεύματι,
3613 4591 3712 4646 νῦν
3740 4595 3842 4646 καὶ
3875 4595 3980 4656 ἀεὶ,

2387 4686 2481 4740 καὶ
2513 4687 2590 4749 είς
2624 4687 2751 4749 τοὺς
2773 4684 2972 4749 αἰῶνας
3008 4685 3118 4739 τῶν
3145 4683 3379 4738 αἰώνων.
3424 4686 3618 4758 Ἀμήν.

769 4823 814 4859 ⁵⁸
859 4829 1048 4884 Matth.
1088 4845 1180 4893 vn,
1214 4829 1300 4884 l5.
1377 4829 1423 4861 ⁸⁸
1456 4825 1632 4882 Galat.
1672 4842 1723 4891 ν,
1753 4823 1837 4879 16.
1912 4824 1957 4857 ⁵⁷
1993 4822 2231 4892 Philipp.
2267 4837 2275 4875 ι

2383 4821 2468 4875 15.
2548 4821 2593 4853 ⁸⁸
2616 4820 2786 4876 Hebr.
2811 4837 2906 4887 xu,
2946 4820 3030 4876 14.
3105 4822 3152 4855 ⁵⁸
3177 4821 3418 4893 Philipp.
3446 4838 3524 4888 ιιι,
3548 4821 3645 4877 20.
3700 4835 3702 4837 ’

1201 5118 1364 5191 394
1400 5117 1492 5173 ex
1528 5115 1804 5173 puorao.

711 5219 965 5290 Ejusdem
1036 5215 1168 5290 liber
1208 5215 1477 5290 _Asccticus
1554 5211 1959 5290 (Adpietat-em
2009 5210 2286 5290 exercitus)

780 5290 993 5358 aliaque
1028 5286 1535 5356 quadringentorum
1566 5278 1808 5349 capitum
1861 5278 2196 5332 Lucubratio.

781 5380 916 5451 Legi
941 5379 1108 5451 etiam
1134 5377 1378 5451 ejusdem
1409 5374 1580 5451 sancti
1608 5370 2055 5451 Masimilibrum
2075 5369 2286 5451 Asceti-

711 5439 1064 5518 cmnffigura
1097 5439 1268 5501 habiti
1302 5445 1610 5518 interduos
1655 5442 1876 5518 dialogi,
1909 5441 2086 5493 altero
2121 5439 2294 5518 inter-

713 5510 959 5590 rogante:
1015 5520 1201 5590 altero
1241 5515 1629 5590 respondente.
1687 5510 1847 5590 _l.Jtilis
1895 5525 2025 5590 sane
2075 5510 2288 5590 cunctis

716 5579 1000 5652 tractatrs,
1027 5605 1090 5643 ac
1123 5588 1208 5641 vel
1237 5579 1468 5639 maxime
1500 5584 1587 5645 iis,
1608 5582 1810 5651 quibus
1834 5580 2074 5652 colendae
2097 5579 2289 5652 virtuti

714 5660 940 5729 ejusque
979 5650 1422 5713 ixcrcitamentis
1451 5650 1723 5708 sanctiore
1753 5650 2036 5722 proposito
2058 5650 2169 5704 vita
2194 5650 2291 5704 de-

2876 5111 2968 5163 EK
3015 5109 3152 5162 ΤΩΝ
3201 5108 3474 5163 ΦΩΤΙΟΥ.

2391 5205 2500 5262 Τοῦ
2548 5201 2735 5258 αὑτοῦ
2795 5202 3150 5271 ’Λσκητικὸς
3194 5203 3378 5267 λόγος
3405 5217 3420 5230 ο
3465 5199 3563 5253 καί
3600 5199 3782 5268 ἑτέρα
3828 5217 3977 5271 τερα.

2737 5273 2979 5342 τματειά
3006 5271 3076 5322 ἐν
3099 5268 3151 5323 υ⁹
3184 5271 3534 5337 κεφαλαίοις
3573 5275 3611 5327 '.

2473 5365 2814 5437 ’ἀνεγνώσθη
2875 5363 2968 5417 τοῦ
3014 5361 3207 5437 mutat?
3271 5361 3427 5429 ἁγίου
3490 5363 3754 5437 Μαξίμου
3823 5365 3978 5433 λόγος

2404 5433 2747 5506 Ἀσκητὶκδς,
2803 5433 2883 5498 εἰς
2937 5433 3130 5486 πεῦσιν
3179 5433 3656 5506 ἐσχηματισμένος
3703 5437 3804 5487 καὶ
3844 5437 3978 5489 and-

2394 5503 2596 5576 xptatv.
2624 5508 2732 5560 Καὶ⁵
2760 5506 3028 5576 χρήσιμος
3071 5506 3166 5576 μὲν
3189 5503 3391 5576 ἅπασίν
3424 5507 3452 5555 ὁ
3478 5503 3719 5576 λόγος.-
3743 5506 3980 5574 μάλιστα

2395 5568 2445 5628 δ”
2485 5572 2564 5640 οἷς
2598 5568 2887 5645 ἄσκησίςῆ
2919 5568 3181 5645 πολιτεία.
3231 5568 3655 5645 ’μθῶνγάρμδϋ
3684 5568 3765 5626 ὧν
3799 5577 3868 5629 ἄν
3900 5592 3978 5638 τις

2395 5641 2819 5718 οὐρανοπολίτης
2869 5641 3098 5714 γένοιτο,
3150 5642 3268 5696 ἐστὶ
3313 5641 3632 5708 διδάσκαλος
3661 5646 3761 5700 καὶ
3814 5663 3979 5716 γεωρ-

789 5818 805 5834 ⁹
831 5813 911 5871 Ad
945 5813 1282 5889 superiorem
1317 5811 1521 5870 librum
1557 5809 1891 5872 Asccticum,
1921 5816 1978 5863 et
2004 5805 2288 5875 sequentia
2325 5803 2503 5862 cauita
2531 5803 2598 5859 de
2625 5802 2912 5858 charitate.
