4208 6436
669 393 776 459 959
1831 395 1893 456 S.
1935 394 2225 456 MAXIMI
2269 393 2784 456 CONFESSORIS
3843 394 3960 457 960

1394 763 1622 851 ΤΟΥ
1695 765 1841 851 EN
1899 763 2267 849 ΛΓΙΟΙΣ
2310 761 2754 849 ΠΑΤΡΟΣ
2827 759 3160 848 ΗΜΩΝ

1658 951 2069 1089 ΑΒΒΑ
2159 947 2969 1090 ΜΑΞΙΜΟΥ

1314 1195 2116 1319 ΚΕΦΑΛΑΙΑ
2209 1201 2571 1318 ΠΕΡΙ
2665 1202 3342 1318 ΑΓΑΠΗΣ.

1103 1566 1247 1700 S.
1377 1574 1532 1698 P.
1672 1577 1832 1702 N.
1948 1572 2639 1702 ΜΑΧΙΜΙ
2747 1663 2765 1699 ε

1948 1572 2639 1702 ΜΑΧΙΜΙ
2747 1567 3541 1700 ABBATIS

1583 1827 1998 1923 CAPITA
2088 1829 2234 1918 DE
2333 1827 3056 1920 CHARITATE.

1030 2147 1398 2206 PROLOGUS
1429 2149 1519 2204 AD
1558 2149 1906 2206 ELPIDIUM.
2291 2157 2337 2214 Α
2682 2152 2692 2205 1

2291 2157 2337 2214 Α
2682 2150 3042 2206 ΠΡΟΛΟΓΟΣ
3079 2151 3260 2205 ΠΡΟΣ
3291 2148 3375 2203 ΕΛ
3385 2149 3641 2204 ῐΙῐΔῐΟΝ.

745 2241 891 2299 Ecce
930 2241 1001 2298 ad
1057 2258 1185 2298 eum
1232 2242 1461 2306 librum,
1493 2258 1658 2312 quem
1697 2242 1764 2296 ad
1801 2243 2060 2312 pietatem
2100 2259 2233 2298 exer

2452 2245 2582 2300 Ἰδοὺ
2621 2243 2758 2314 πρὸς
2777 2242 2858 2313 τῷ
2901 2242 3029 2312 περὶ
3061 2239 3383 2312 ’Δσκητικοῦ
3417 2239 3532 2308 βίου
3561 2239 3643 2311 (a)
3673 2237 3843 2309 λόγῳ,
3867 2238 3967 2292 καὶ

676 2345 916 2400 centem,
955 2335 1134 2404 deque
1185 2335 1294 2388 vita
1337 2333 1589 2404 religiose
1637 2335 1997 2400 instituenda,
2041 2335 2262 2405 scripsi,

2365 2334 2458 2388 τὸν
2479 2335 2610 2406 περὶ
2649 2334 2894 2404 ’Δγάπης
2934 2333 3093 2401 λόγον
3133 2333 3400 2403 πέπομφα
3432 2334 3497 2402 τῇ
3547 2333 3617 2402 σῇ
3657 2331 3965 2401 τιμιὸαητι,

679 2428 829 2481 hunc
863 2441 1084 2496 quoque
1134 2423 1203 2478 dc
1245 2423 1516 2479 charilate
1563 2425 1933 2495 compositum
1984 2433 2090 2481 tua:
2139 2427 2264 2481 misi

2368 2428 2545 2498 πάτερ
2591 2426 2851 2490 Ἑλπίδιε,
2883 2427 2942 2479 ἐν
2969 2425 3277 2497 ἰσαρίθμοις
3327 2424 3644 2494 κεφαλαίοις
3687 2423 3801 2476 τῶν
3841 2439 3967 2476 τεσ-

675 2516 974 2581 sanctitati,
1029 2524 1186 2586 pater
1242 2513 1447 2585 Elpidi,
1503 2513 1618 2584 pari
1661 2524 1901 2585 quatuor
1953 2515 2266 2587 Evangeliis

2370 2521 2554 2592 σάρων
2604 2518 2957 2588 Εὑαγγελίων
3013 2516 3368 2572 ἑκατοντάσιν
3391 2533 3406 2548 ο
3457 2516 3612 2570 οὐδὲν
3673 2517 3777 2586 μὲν
3834 2516 3967 2579 ῐσως

678 2633 935 2682 numero,
985 2616 1234 2672 centenis
1262 2613 1724 2684 comprehensum
1757 2614 2034 2684 capitibus
2065 2631 2079 2677 ;
2125 2613 2266 2670 forte

2368 2613 2518 2680 ἄξιον
2565 2611 2668 2682 τῆς
2711 2612 2810 2684 σῆς
2844 2609 3174 2681 προσδοκίας
3205 2627 3220 2642 ·
3257 2612 3356 2681 τῆς
3383 2608 3440 2662 δέ
3469 2626 3534 2676 γε
3570 2609 3854 2678 ἡμετέρας
3878 2608 3967 2661 δυ·

675 2728 790 2766 non
833 2709 1128 2764 admodum
1181 2706 1409 2778 dignum
1451 2713 1544 2760 tua
1589 2705 2031 2776 exspectatione;
2079 2715 2268 2760 nostra

2369 2707 2584 2776 νάμεως
2603 2705 2706 2758 οὐκ
2729 2703 2972 2757 ἔλαττον.
3000 2701 3148 2773 Πλὴν
3173 2701 3495 2770 γινωσκέτω
3525 2700 3601 2770 (b)
3631 2701 3665 2770 ἡ
3690 2700 3760 2770 σὴ
3794 2701 3967 2768 ἁγιω-

679 2813 859 2856 tamcn
916 2798 1119 2870 ingenii
1184 2797 1445 2852 facultate
1522 2811 1632 2851 non
1701 2795 1997 2851 minorem.
2060 2795 2268 2850 Verum

2372 2796 2527 2868 σύνη,
2557 2798 2639 2850 ὅτι
2666 2795 2786 2851 οὐδὲ
2807 2795 2981 2849 ταῦτα
3003 2797 3111 2848 είσὶ
3136 2795 3238 2864 τῆς
3268 2795 3409 2867 ἐμῆς
3427 2793 3674 2863 γεώργια
3702 2792 3966 2853 διανοίαςο

677 2892 816 2947 sciat
841 2893 1106 2948 sanctitas
1133 2899 1225 2945 tua
1247 2932 1262 2956 ,
1288 2904 1356 2944 ne
1388 2888 1506 2944 hate
1535 2887 1761 2958 quidem
1799 2887 1905 2943 mei
1944 2887 2151 2959 ingenii
2186 2887 2268 2943 fe-

2372 2889 2509 2944 ἀλλὰ
2550 2890 2675 2954 τοὺς
2715 2887 2826 2943 τῶν
2869 2887 3042 2957 ἁγίων
3086 2887 3348 2958 Πατέρων
3372 2884 3597 2938 διελθὼν
3621 2884 3838 2951 λόγους,
3871 2901 3970 2936 κα-

680 2994 860 3039 turam
893 2999 1015 3038 esse
1059 3000 1072 3038 :
1107 2982 1226 3046 scd,
1259 2981 1609 3050 perlustratis
1645 2988 1812 3050 atque
1862 2979 2111 3034 excussis
2145 2995 2272 3034 san-

2373 2981 2552 3036 κεῖθεν
2600 2981 2696 3036 τὸν
2746 2981 2827 3045 είς
2858 2980 2958 3052 τὴν
3009 2979 3268 3033 ὑπόθεσιν
3297 2979 3644 3034 συντείνοντα
3671 2975 3802 3030 νοῦν
3835 2977 3971 3029 ἀνα-

679 3085 896 3130 ctorum
934 3076 1156 3130 Patrum
1185 3074 1344 3129 libris
1373 3089 1437 3129 ac
1477 3073 1720 3144 scriptis,
1749 3088 1848 3128 seu
1893 3072 2268 3136 sermonibus,

2371 3076 2666 3147 λεξάμενος
2694 3092 2708 3106 ο
2737 3075 2834 3129 καὶ
2859 3078 2915 3128 ὲν
2946 3073 3148 3142 ὀλίγοις
3203 3071 3377 3126 πολλὰ
3431 3070 3973 3140 κεφαλαιωδέστερον

682 3168 923 3236 hincque
973 3176 1157 3222 mente
1209 3167 1275 3221 ad
1323 3174 1710 3237 argumentum
1761 3164 1993 3226 intenta,
2041 3177 2107 3217 ac
2145 3178 2269 3217 cum

2375 3166 2719 3236 συναγαγὼν,
2756 3167 2845 3220 ἵνα
2874 3165 3183 3220 εὐσύνοπτα
3215 3163 3483 3233 γένωνται
3520 3162 3611 3215 διὰ
3654 3165 3717 3214 τὸ
3757 3162 3968 3230 εὐμνη-

680 3256 893 3326 paucis,
928 3257 1100 3310 multa
1134 3255 1368 3312 strictim
1406 3255 1762 3325 breviterque
1810 3251 2110 3307 admodum
2155 3254 2262 3308 col-

2377 3261 2675 3330 μόνευτον·
2737 3257 3037 3312 ἀπέστειλα
3080 3259 3148 3328 τῇ
3200 3259 3267 3328 σῇ
3328 3256 3593 3325 ὁσιότητι,
3629 3252 3972 3324 παρακαλῶν

680 3345 956 3414 legissem,
983 3343 1144 3415 395
1181 3353 1242 3398 ut
1271 3345 1570 3415 legentium
1607 3343 1827 3398 facilius
1859 3350 2112 3412 paterent
2142 3357 2274 3396 ocu-

2373 3349 2734 3418 εὐγνωμόνως
2780 3346 3204 3416 ἀναγινώσκειν,
3254 3345 3351 3398 καὶ
3383 3345 3553 3414 μόνην
3581 3342 3841 3414 Θηρεύειν
3870 3343 3972 3410 τὴν

681 3439 772 3504 lis,
799 3453 865 3492 ac
894 3437 1170 3492 memoria:
1219 3437 1528 3506 promptius
1559 3443 1944 3500 occurrerent,
1991 3444 2097 3490 tum
2149 3451 2274 3490 san-

2374 3442 2432 3494 ὲν
2455 3440 2638 3503 αὐτοῖς
2671 3439 2942 3509 ὠφέλειαν
2967 3455 2981 3470 ·
3004 3438 3066 3493 τὸ
3095 3437 3152 3492 δὲ
3175 3436 3413 3500 ἀκαλλὲς
3439 3437 3541 3506 τῆς
3589 3435 3794 3500 λέξεως
3853 3433 3969 3506 [ἓν.

682 3531 857 3583 r'titati
893 3529 1128 3584 misisse.
1169 3525 1278 3605 Oro
1315 3536 1500 3581 autem
1533 3541 1598 3580 ac
1628 3525 1883 3590 obsecro,
1924 3532 1986 3579 ut
2039 3523 2272 3595 benigne
2305 3510 2344 3566 Β

2311 3510 2484 3583 Βτῶν
2506 3527 2729 3601 λέξεων]
2758 3527 3156 3600 παραϐλέπειν,
3206 3528 3301 3582 καὶ
3356 3525 3616 3597 εὔχεσθαι
3676 3525 3821 3596 ὑπὲρ
3871 3525 3973 3594 τῆς

682 3636 748 3676 ac
780 3627 1064 3691 gratanter
1105 3621 1276 3690 legas,
1324 3634 1600 3689 unamque
1643 3618 1697 3672 in
1730 3617 1811 3672 eis
1845 3617 2140 3674 utilitatem
2178 3631 2268 3671 ea-

2368 3620 2527 3691 ἡμῶν
2551 3621 2925 3692 μετριότητος,
2953 3621 3054 3692 τῆς
3076 3621 3256 3690 πάσης
3290 3619 3668 3690 πνευματικῆς
3697 3617 3974 3686 ὡφελείας

684 3721 808 3782 ptes
841 3730 852 3766 :
897 3711 1035 3767 rude
1062 3727 1196 3766 vero
1231 3726 1297 3767 ac
1331 3711 1686 3765 invenustum
1719 3708 1938 3763 dicendi
1967 3722 2142 3779 genus
2165 3723 2267 3762 ne-

2369 3715 2598 3786 ὲρήμου.
2628 3713 2938 3786 Παρακαλῶ
2987 3713 3045 3767 δὲ
3097 3713 3194 3767 καὶ
3241 3712 3421 3774 ’τοῦτο⁹
3476 3713 3572 3784 μὴΔ
3609 3713 3690 3774 είς
3743 3711 3973 3782 δχλησιν

683 3804 876 3875 gtigas,
906 3818 970 3858 ac
1001 3819 1193 3874 preces
1216 3817 1317 3873 pro
1347 3810 1534 3857 nostra
1569 3799 1973 3864 mediocritate,
1995 3816 2120 3870 quae
2154 3799 2270 3854 fru-

2371 3803 2623 3876 ἡγεῖσθαι
2639 3805 2708 3859 τὰ
2728 3821 2903 3877 γεγρα
2914 3805 3117 3876 μμὲνα.
3147 3804 3448 3873 Ἐπιταγὴν
3471 3803 3582 3874 γὰρ
3603 3803 3783 3872 πεπλή
3793 3820 3969 3874 ρωκα.

684 3897 767 3966 gis
818 3896 996 3951 omnis
1057 3895 1321 3966 spiritalis
1360 3909 1534 3952 vacua
1589 3893 1681 3959 sit,
1712 3892 1930 3948 fundas.
1971 3891 2113 3959 Quin
2164 3892 2270 3947 hoc

2367 3898 2532 3966 Λέγω
2583 3895 2639 3950 δὲ
2688 3896 2868 3961 τοῦτο,
2930 3895 3121 3968 ἐπειδὴ
3171 3898 3220 3950 οἱ
3270 3895 3452 3966 λόγοις
3491 3894 3842 3965 ἐνοχλοῦντες
3868 3895 3971 3965 (Ι),

685 3985 850 4040 etiam
883 3985 1087 4058 ﬂagito,
1119 4001 1189 4040 ne
1213 3993 1276 4040 ut
1301 3983 1688 4051 obtunderem,
1720 3983 1836 4038 haec
1867 3999 1896 4038 a
1945 3999 2034 4038 mc
2065 3982 2271 4052 scripta

2370 3985 2557 4040 πολλοί
2604 3988 2772 4057 ἐσμεν
2821 3987 3102 4058 σήμερον·
3151 3987 3202 4041 oi
3249 3988 3305 4042 δὲ
3353 3987 3538 4058 ἔργοις
3593 3989 3969 4053 παιδεύοντες,

684 4077 986 4133 existimes.
1022 4076 1137 4132 Hoc
1166 4075 1412 4147 implevi,
1434 4075 1582 4146 quod
1609 4084 1947 4145 praeceptum
1972 4082 2113 4130 erat.
2157 4074 2273 4130 Hoc

2371 4073 2406 4144 ἢ
2445 4075 2540 4128 καὶ
2592 4073 3006 4144 παιδευόμενοι,
3053 4075 3199 4129 πάνυ
3225 4075 3365 4131 εἰσὶν
3393 4077 3584 4146 ὀλίγοι.
3636 4079 3802 4132 Ἀλλὰ
3831 4079 3970 4149 μᾶλ-

689 4181 745 4225 ιιι
777 4167 978 4234 dicam,
1013 4167 1079 4222 id
1103 4183 1284 4224 causa
1311 4175 1417 4228 est,
1441 4166 1589 4237 quod
1623 4166 1783 4221 libris
1817 4181 1882 4221 ac
1925 4166 2274 4222 sermonibus

2372 4163 2463 4217 λον
2491 4164 2746 4234 ὲμπόνως
2784 4166 3075 4236 προσέχειν
3120 4167 3338 4237 ἑκάστῳ
3383 4168 3494 4220 τῶν
3527 4167 3867 4236 κεφαλαίων.
3895 4168 3971 4223 οῦ

686 4258 1078 4324 obtundentes,
1118 4276 1226 4314 non
1257 4259 1418 4330 pauci
1481 4259 1646 4314 hodie
1677 4260 1977 4325 exsistant;
2025 4267 2080 4312 at
2111 4259 2272 4328 pauci

2376 4256 2555 4310 πάντα
2587 4258 2698 4328 γὰρ
2731 4259 2920 4320 πᾶσιν,
2949 4258 3026 4320 ὡς
3051 4253 3229 4328 οἶμαι,
3284 4257 3424 4310 είσὶν
3478 4257 3726 4328 εῦληπτα
3755 4274 3775 4292 °
3830 4259 3972 4313 ἀλλὰ

687 4347 984 4404 admodum
1020 4350 1114 4420 qui
1167 4350 1431 4420 operibus
1483 4349 1587 4421 ipsi
1633 4349 1912 4414 erudiant,
1966 4357 2063 4404 aut
2107 4349 2273 4404 etiam

2376 4349 2468 4400 καὶ
2497 4347 2699 4417 πολλῆς
2723 4347 2792 4402 τὰ
2813 4347 2985 4400 πολλὰ
3023 4351 3136 4421 τοῖς
3161 4347 3378 4412 πολλοῖς
3414 4349 3645 4419 δεόμενα
3681 4350 3786 4418 τῆς
3846 4367 3970 4404 συν-

687 4438 1033 4494 crudiantur.
1069 4439 1210 4506 Quin
1242 4441 1428 4510 potius
1466 4441 1572 4496 hoc
1623 4456 1777 4505 cura,
1809 4448 1872 4495 ut
1917 4440 2150 4510 singulis
2181 4456 2274 4496 ca-

2376 4439 2697 4506 εξετάσεως,
2726 4440 2775 4492 εί
2809 4439 2906 4494 καὶ
2931 4437 3082 4493 δοκεῖ
3107 4440 3476 4512 ἁπλούστερον
3504 4441 3780 4512 εἰρῆσθαι.
3810 4443 3971 4505 Ἴσως

690 4530 900 4600 pitibus
943 4531 1137 4587 sedulo
1179 4531 1447 4587 adhibeas
1489 4531 1754 4586 animum.
1809 4531 1924 4587 Nec
1969 4531 2117 4587 enim
2159 4548 2279 4588 om-

2378 4532 2470 4586 καὶ
2503 4530 2568 4584 ἄν
2593 4547 2650 4584 τι
2681 4530 2884 4601 φανείη
2912 4532 3183 4602 χρήσιμον
3217 4535 3283 4602 τῇ
3322 4531 3470 4604 ψυχῇ
3514 4533 3574 4598 ἐξ
3613 4533 3797 4586 αὐτῶν
3836 4533 3972 4586 ἀνα-

691 4623 806 4690 nia,
842 4636 903 4680 ut
926 4625 1207 4690 existimo,
1241 4625 1502 4679 omnibus
1554 4625 1834 4680 intellectu
1885 4624 2065 4679 facilia
2097 4635 2228 4680 sunt
2261 4643 2275 4681 :

2379 4621 3096 4694 xalumo'psvov.‘Ava<pavﬂ
3107 4639 3256 4677 σεται
3284 4623 3341 4676 δὲ
3361 4623 3582 4686 πάντως
3599 4623 3735 4677 Θεοῦ
3757 4625 3967 4694 χάριτι.

691 4716 786 4770 sed
819 4717 1082 4786 pleraque
1110 4717 1383 4788 ejusmodi
1415 4724 1476 4770 ut
1511 4732 1705 4786 magna
1738 4717 1900 4787 vulgo
1932 4717 2278 4772 discussione

2378 4713 2458 4782 τῷ
2485 4711 2837 4784 ἁπεριέργοις
2865 4712 3098 4776 ἐννοίαις
3136 4714 3233 4766 καὶ
3274 4715 3412 4784 μετὰ
3461 4715 3629 4784 φόϐου
3677 4717 3820 4771 Θεοῦ
3878 4719 3974 4772 καὶ

690 4817 908 4874 egeant,
957 4809 1174 4864 etiamsi
1222 4808 1528 4879 simplicius
1558 4808 1704 4862 dicta
1739 4808 2053 4862 videantur.
2096 4808 2288 4862 Forsi-'

2381 4805 2603 4874 ἀγάπης
2629 4803 3082 4872 ἀναγινώσκοντι.
3117 4803 3208 4875 Τῷ
3259 4805 3318 4859 δὲ
3365 4805 3442 4876 μὴ
3491 4806 3763 4874 ὠφελείας
3809 4808 3971 4880 χάριν

696 4911 783 4953 tan
817 4899 967 4954 enim
989 4899 1195 4968 aliquid
1220 4897 1368 4969 quod
1393 4901 1578 4952 animo
1603 4897 1878 4954 conducat
1903 4912 1972 4952 ex
1996 4897 2078 4954 eis
2099 4913 2282 4954 emer-
2309 4881 2352 4944 C

2309 4881 2352 4944 C
2385 4895 2764 4966 πνευματικῆς
2791 4895 3192 4965 ἐντυγχάνοντι,
3224 4895 3258 4966 ἢ
3287 4895 3465 4967 τούτῳ
3491 4896 3570 4968 τῷ
3604 4896 3910 4968 πονήματι,
3938 4899 3969 4967 ἢ

763 5058 1011 5136 (αλῌερί
1033 5057 1365 5136 ἀσκητικοῦ
1385 5058 1552 5136 βίον.
1580 5061 1800 5117 Reddit.
1819 5062 2034 5136 Qbsop.
2065 5063 2129 5116 de
2155 5064 2277 5136 vita;
2372 5072 2425 5118 tu

2372 5072 2480 5119 tur.
2504 5063 2702 5120 Videas
2727 5065 2934 5136 ubique
2962 5064 3075 5119 fere
3100 5063 3154 5118 in
3183 5063 3271 5118 his
3295 5076 3526 5132 peccare
3555 5055 3659 5136 qui
3683 5064 3844 5136 extra
3871 5055 3970 5110 Ec-

601 5179 606 5184 .
691 5127 1119 5202 rxerbitioiqrnec
1161 5128 1422 5202 emendat
1461 5130 1760 5188 Gesncrus.
1811 5127 2155 5188 Exercentcm
2208 5133 2278 5187 ad
2373 5136 2554 5190 clesiae
2583 5145 2761 5190 castra
2788 5127 3109 5199 militantes,
3143 5127 3440 5202 rerumque
3466 5127 3972 5202 ecclesiasticarum

695 5200 1169 5274 pietatemulibruin
1213 5199 1448 5274 reddidi,
1480 5214 1603 5274 post
1634 5204 1934 5266 Nobilium.
1967 5219 1997 5258 a
2034 5220 2145 5274 quo
2169 5204 2280 5259 ele-
2375 5206 2562 5270 rudes,
2598 5207 3006 5264 ecclesiasticos
3048 5213 3314 5258 tractatus
3339 5199 3440 5274 aevi
3476 5201 3744 5274 cujusque
3775 5211 3969 5274 δελετε·-

693 5266 888 5346 stanter
927 5270 1068 5346 liber
1095 5272 1191 5346 ille
1224 5271 1418 5346 Latine
1464 5266 1718 5346 redditus
1755 5283 1880 5346 est,
1907 5266 2143 5346 sive,'de
2170 5276 2280 5346 vita
2378 5266 2630 5339 diuntur,
2664 5291 2840 5346 exque
2881 5275 3086 5346 Graecis
3136 5275 3360 5346 Latinos
3405 5266 3585 5327 facere
3620 5266 3868 5346 student.
3914 5267 3969 5320 In

695 5340 938 5411 religiose
955 5341 1327 5416 instituenda.
1361 5342 1602 5416 _Erudite
1634 5345 1832 5414 pieque
1867 5345 1991 5398 Bill.
2041 5345 2078 5398 Ι.
2127 5361 2140 5397 l
2185 5345 2284 5398 Sa-
2379 5347 2468 5400 his
2508 5346 2642 5400 mihi
2692 5340 2996 5416 proclivius
3027 5343 3462 5416 deprehendere,
3493 5358 3576 5416 ex
3602 5340 3836 5416 antiquo
3870 5352 3970 5390 usu

694 5408 914 5488 crarum
947 5409 1232 5488 Observat.
1263 5412 1316 5465 in
1360 5408 1707 5488 h_anc_ipsam
1745 5408 1965 5488 "vocem.
1998 5416 2279 5488 admonet,
2381 5432 2446 5488 ac
2476 5408 2890 5488 exercitatione.
2930 5408 3363 5488 Depreihendunt
3386 5410 3630 5488 _itraliis,
3661 5408 3758 5488 qui
3802 5422 3970 5476 pecu-

696 5481 880 5533 Artcm
911 5482 1215 5554 quamlibet
1237 5498 1300 5536 ac
1329 5479 1614 5554 scientia—In
1639 5485 1888 5554 qumdam
1917 5485 2184 5539 vocabula
2212 5483 2279 5537 ad
2334 5542 2338 5546 ,
2381 5487 2574 5541 liarius
2631 5487 2684 5541 in
2749 5487 2858 5541 illis
2914 5479 3117 5540 versati
3170 5492 3333 5550 sunt,
3379 5479 3798 5553 jurisconsulli,
3855 5493 3969 5530 me-

698 5566 872 5624 usuin
889 5567 1049 5624 suum
1079 5552 1159 5606 sic
1185 5552 1741 5624 accommodassc,'ut
1768 5557 1821 5608 in
1856 5555 2086 5609 alienam
2122 5555 2280 5624 plane
2381 5556 2513 5621 dici,
2548 5567 2655 5611 etc.

698 5620 1150 5693 significationem
1181 5623 1444 5692 migrasse
1473 5615 1782 5678 videantur.
1815 5625 1876 5678 In
1906 5626 1984 5678 his
2012 5615 2174 5693 igitiir
2199 5625 2282 5678 in-
2457 5615 2527 5686 (bi
2555 5627 2728 5693 Πλὴν
2752 5626 3109 5692 γινωσκέτω.
3131 5623 3502 5678 Verumtamen
3534 5621 3692 5693 legat.
3715 5633 3842 5693 pro,
3871 5615 3970 5672 No-

701 5699 973 5765 ιιῖιῖητειεσ,
1007 5692 1206 5761 inquit.
1238 5687 1328 5763 (ᾗιί
1360 5694 1573 5748 verbum
1613 5695 1764 5748 verba
1805 5687 2278 5760 reddere'smdeut,
2381 5698 2533 5760 verit,
2557 5687 2709 5752 sciat.
2746 5687 2869 5752 l'lzcc
2898 5705 3077 5750 tamen
3099 5702 3264 5765 atque
3297 5695 3379 5765 his
3407 5687 3626 5755 similia,
3649 5687 3801 5765 quod
3830 5701 3966 5743 non

704 5760 842 5836 nihil
859 5764 1004 5814 atina
1028 5760 1218 5836 agunt,
1248 5760 1410 5836 quam
1436 5773 1611 5836 utipro
1643 5765 1776 5828 luce,
1806 5782 1976 5819 meras
2007 5766 2282 5819 lectoribus
2385 5768 2638 5824 versione
2662 5768 2974 5835 emendata,
3007 5765 3152 5822 haud
3175 5760 3370 5836 procul
3403 5760 3752 5819 arcessenda.

705 5829 945 5886 tenebras
980 5829 1272 5904 offundam.
1300 5829 1552 5905 Legenda
1590 5852 1710 5906 quo:
1741 5836 1956 5891 erudite
1991 5836 2280 5907 prosequi-
