4208 6436
241 387 334 455 961

1145 376 1500 444 ΩᾹΡΙΊἭΜ
1534 381 1631 442 DE
1670 379 2101 441 CI-IARITA‘TE
2141 380 2524 442 CENTURIA
2566 382 2614 442 Ῑ.

3382 387 3488 451 96%

244 505 335 557 καὶ
356 502 501 572 ἄλλῳ
529 499 845 572 οίῳδήποτε.
887 496 1051 551 Ἀλλὰ
1082 492 1177 548 τοῦ
1202 494 1383 561 λέξεις
1413 493 1662 565 θηρεύειν
1682 491 1817 564 πρὸς

1920 498 2028 561 get.
2060 490 2295 547 Omnino
2320 500 2500 547 autem
2530 502 2775 564 emerget
2797 506 2861 548 ac
2890 491 3348 561 manifestabitur,
3374 497 3488 553 Deo

241 595 301 647 τὸ
328 595 554 657 κακίζεν
594 591 683 644 τὸν
724 588 1201 661 συγγραψάμενον,
1234 588 1323 641 ῐνα
1360 586 1584 639 σεαυτὸν
1608 584 1815 639 ἐκείνου

244 685 549 753 σοφώτερον
581 682 759 752 δῆθεν,
820 681 896 743 ὡς
929 679 1141 749 οἰησίας
1170 680 1210 742 “,
1268 678 1612 747 παραστήσῃ,
1666 674 1817 727 οὐδὲν

242 776 516 844 ὠφέλιμον
569 771 868 840 οὐδαμόθεν
916 767 1171 822 οὐδέποτε
1207 768 1639 834 ἀναφανήσεται.

1923 582 2063 637 bene
2107 586 2374 654 propitio,
2409 585 2538 638 dum
2588 586 2713 653 quis
2740 585 2889 639 nulla
2921 586 3123 639 mentis
3154 586 3488 655 curiositate,

1922 676 2017 728 sed
2045 691 2168 730 eum
2208 677 2305 730 Dei
2338 676 2531 729 timore
2579 690 2642 729 ac
2670 677 2963 731 dilectione
3001 677 3244 731 animum
3271 677 3490 732 lectioni

1922 764 2199 820 adhibeat.
2256 766 2351 820 Sin
2419 777 2600 820 autem
2665 768 2883 836 aliquis,
2934 784 3044 822 non
3103 776 3167 823 ut
3218 769 3492 823 commodi

240 866 447 936 aliquid
502 864 765 933 spiritalis
816 872 1206 930 consequatur,
1264 872 1381 913 srve
1442 858 1603 918 hanc.
1672 856 1789 909 sive
1847 854 2007 909 aliam
2075 859 2328 926 quamvis
2410 858 2847 913 lucubrationcm
2893 859 3104 928 legerit,
3156 860 3251 915 sed
3307 869 3367 915 ut
3409 860 3494 913 di-

240 960 452 1014 ctiones
481 967 719 1029 aucupet
776 956 1022 1011 auctoris
1064 951 1389 1021 suggillandi
1439 964 1622 1013 causa,
1690 957 1837 1002 utse
1897 948 2155 1002 nimirum
2209 950 2302 1005 illo
2362 952 2751 1021 sapientiorem
2815 949 3040 1022 (quippe
3089 949 3231 1004 fastu
3275 958 3494 1004 tumens

240 1053 636 1126 arrogansque)
682 1052 960 1118 exhibeat,
997 1050 1129 1104 huic
1160 1047 1300 1102 nihil
1337 1060 1575 1116 unquam
1607 1044 1718 1099 ulla
1757 1057 1823 1096 ex
1862 1056 1919 1095 re
1948 1044 2152 1113 Oppido
2176 1046 2307 1101 utile
2334 1045 2665 1099 occurrerit.

631 1210 771 1265 ΤΟΥ
810 1211 1041 1267 ΔΓΙΟΥ
1069 1207 1430 1265 ΜΑΞΙΜΟΥ.

243 1302 450 1371 Πρώτη
478 1302 803 1368 ἕκατον-τὰς
831 1301 953 1356 τῶν
991 1302 1122 1372 περὶ
1162 1301 1401 1373 ἀγάπης
1450 1299 1813 1369 “palulum

311 1440 381 1487 α’.
435 1433 648 1503 Ἀγὰπη
684 1432 784 1503 μέν
802 1432 1227 1497 ὲστιν,διάθεσις
1246 1432 1425 1503 ψυχῆς
1460 1431 1659 1502 ἀγαθὴ.
1692 1431 1815 1485 καθ’

236 1523 305 1593 ἦν
329 1522 481 1576 οὐδὲν
511 1522 621 1575 τῶν
646 1522 837 1587 ὄντων,
863 1523 964 1592 τῆς
988 1522 1082 1575 τοῦ
1102 1522 1238 1575 Θεοῦ
1259 1521 1512 1589 γνώσεως
1552 1524 1811 1593 προτιμᾷ.

251 1614 542 1667 Ἀδύνατον
563 1613 622 1666 δὲ
654 1614 735 1676 είς
764 1613 877 1678 ’ἐξιν
902 1614 1077 1666 ίλθεϊν
1095 1613 1301 1680 ταύτης
1329 1613 1428 1681 τῆς
1459 1614 1699 1682 ἀγάπης,
1729 1614 1815 1665 τὸν

238 1704 381 1775 πρός
408 1722 461 1757 τι
492 1705 601 1756 τῶν
626 1703 887 1771 ἐπιγείων
910 1703 1105 1773 ἔχοντα
1127 1702 1513 1769 προσπὰθειαν.

2434 1198 2685 1255 SANCTI
2720 1199 3000 1266 MAXIM],

2188 1295 2266 1348 De
2295 1295 2553 1349 cliaritate
2580 1301 2799 1345 centena
2830 1292 3003 1362 prima
3036 1292 3230 1361 capita.

1991 1446 2042 1499 l.
2073 1445 2346 1509 Charitas,
2378 1447 2521 1501 bona
2547 1455 2632 1501 est
2658 1444 2863 1500 mentis
2892 1444 3133 1507 affectio,
3161 1459 3270 1514 qua
3295 1444 3494 1500 divinae

1922 1537 2220 1606 cognitioni
2259 1538 2395 1589 nihil
2444 1536 2749 1605 anteponit.
2804 1535 2934 1613 Ejus
2982 1543 3162 1589 autem
3211 1534 3495 1590 charitatis

1923 1626 2169 1681 habitum
2211 1643 2374 1680 nemo
2408 1643 2650 1696 unquam
2679 1627 2894 1695 assequi
2925 1626 3118 1695 possit,
3141 1625 3235 1694 qui
3263 1627 3496 1680 terrenis

1921 1718 2049 1771 ullis
2079 1719 2246 1770 rebus
2277 1718 2461 1771 animo
2491 1718 2780 1772 devinctus
2812 1717 2904 1770 sit.

308 1794 377 1866 β’.
431 1796 680 1866 ’Λγάπην
718 1795 817 1865 μὲν
844 1795 1022 1848 τίκτει
1055 1795 1327 1849 ἀπάθεια’
1366 1794 1639 1847 ἀπάθειαν
1670 1794 1748 1856 δὲ,
1782 1794 1815 1863 ἡ

1988 1805 2042 1857 2.
2077 1804 2413 1859 Charitatem
2441 1806 2585 1874 parit
2618 1804 3076 1874 imperturbatio;
3123 1803 3493 1873 imperturba-

237 1886 320 1949 είς
349 1885 483 1939 Θεὸν
509 1885 665 1949 ἐλπίς
688 1903 703 1915 ⁸
743 1886 841 1957 τὴν
879 1887 936 1940 δὲ
962 1885 1170 1951 ἐλπίδα,
1205 1885 1449 1957 ὑπομονὴ
1482 1884 1577 1938 καὶ
1611 1902 1819 1956 μακρο-

238 1978 411 2049 θυμία
467 1977 577 2049 (c)°
636 1978 841 2043 ταύτας
895 1979 970 2044 δὲ,
1018 1983 1054 2050 ἡ
1115 1978 1441 2049 περιεκτικὴ
1482 1977 1816 2048 ἐγκράτειαο

237 2070 571 2142 ἐγκράτειαν
600 2070 681 2134 δὲ,
728 2072 757 2124 ό
790 2070 886 2124 τοῦ
929 2069 1067 2125 Θεοῦ
1112 2070 1314 2140 φόϐος·
1358 2071 1449 2123 τὸν
1474 2070 1529 2125 δὲ
1566 2070 1751 2140 φόϐον,
1783 2071 1819 2139 ἡ

236 2165 321 2227 εἰς
344 2164 436 2217 τὸν
463 2162 673 2235 Κύριον
701 2164 908 2229 πίστις.

308 2350 381 2413 γ’.
432 2345 494 2398 '0
523 2344 796 2400 πιστεύων
822 2344 902 2415 τῷ
933 2347 1148 2415 Κυρίῳ,
1176 2345 1418 2413 φοϐεῖται
1444 2343 1543 2414 τὴν
1573 2342 1813 2397 κόλασινο

236 2438 268 2491 ὸ
295 2437 352 2491 δὲ
381 2436 719 2509 φοϐούμενος
747 2439 847 2510 τὴν
885 2439 1129 2501 κόλασιν,
1157 2437 1550 2510 ἐγκρατεύεται
1573 2439 1683 2492 ἀπὸ
1707 2437 1817 2491 τῶν

238 2530 431 2584 παθῶν
452 2548 468 2564 ο
493 2532 523 2585 ό
552 2531 610 2585 δὲ
633 2532 1099 2603 ἐγκρατευόμενος
1120 2532 1229 2584 ἀπὸ
1254 2532 1360 2583 τῶν
1385 2530 1595 2595 παθῶν,
1613 2530 1819 2601 ὑπομέ-

238 2641 320 2677 νει
341 2626 413 2679 τὰ
446 2623 705 2695 θλιϐερά·
738 2625 766 2676 ὁ
793 2623 852 2677 δὲ
883 2624 1173 2694 ὑπομένων
1202 2623 1267 2676 τὰ
1301 2623 1547 2695 θλιϐερὰ,
1579 2622 1691 2688 ἕξει
1737 2625 1818 2685 είς

235 2716 375 2771 Θεὸν
422 2716 615 2771 ἐλπίδα
640 2732 654 2747 ·
688 2717 723 2787 ἡ
763 2715 821 2770 δὲ
864 2718 946 2779 είς
979 2717 1113 2769 Θεὸν
1152 2716 1328 2780 ἐλπὶς,
1371 2717 1595 2787 χωρίζει
1637 2716 1818 2785 πάσης

240 2810 439 2881 γηῒνης
475 2809 852 2883 προσπαθεεας
877 2810 971 2861 τὸν
990 2809 1149 2864 νοῦνο
1174 2809 1377 2879 ταύτης
1407 2809 1465 2863 δὲ
1495 2811 1524 2862 ὀ
1554 2809 1679 2873 νοῦς
1708 2828 1817 2880 χω-

242 2901 475 2971 ρισθεὶς,
506 2898 618 2965 ἕξει
644 2899 742 2971 τὴν
764 2901 847 2963 είς
869 2898 1002 2952 Θεὸν
1038 2898 1283 2969 ἀγάπην.

309 3074 375 3128 δ’.
426 3073 484 3127 ’0
506 3071 736 3141 ἀγαπῶν
756 3070 849 3124 τὸν
869 3068 1001 3122 Θεὸν
1028 3069 1122 3140 (2),
1148 3086 1364 3121 παντων
1389 3070 1495 3121 τῶν
1527 3071 1617 3121 ὑπ’
1648 3070 1814 3123 αὐτοῦ

1921 1896 2132 1951 tionem
2173 1895 2457 1964 sedatique
2499 1894 2669 1949 animi
2708 1892 3186 1962 tranquillitatem,
3218 1908 3343 1962 spes
3375 1908 3498 1962 qua:

1920 1986 1979 2040 in
2016 1988 2186 2041 Deum
2214 1994 2296 2040 est
2324 2003 2336 2039 :
2366 1995 2624 2039 ueterum
2664 1998 2840 2053 spem,
2873 1982 3137 2053 patientia
3160 1990 3215 2037 et
3246 1981 3497 2051 longani-

1920 2080 2082 2135 mitas
2108 2097 2121 2132 :
2155 2079 2251 2132 has
2279 2093 2429 2139 vero,
2457 2078 2614 2147 cujus
2640 2076 2711 2130 sit
2736 2075 2901 2138 tueri,
2926 2074 3300 2139 continentia;
3330 2089 3498 2143 porro

1919 2172 2333 2233 continentiam,
2365 2169 2461 2223 Dei
2499 2169 2662 2222 timor
2692 2184 2706 2221 :
2738 2166 3013 2230 timorem,
3060 2182 3184 2237 quae
3211 2167 3269 2223 in
3316 2164 3500 2220 Domi-

1916 2279 2050 2318 num
2092 2270 2198 2327 est,
2236 2261 2393 2316 ﬁdes.

1985 2356 2038 2409 ὅ.
2071 2355 2178 2420 Qui
2222 2354 2455 2408 Domino
2498 2352 2696 2415 credit,
2735 2367 2951 2422 poenam
2991 2350 3360 2421 pertimescit;
3403 2348 3497 2419 qui

1917 2454 2102 2500 autem
2138 2444 2481 2515 pertimescit
2531 2458 2771 2512 poenam,
2820 2458 2879 2497 se
2927 2458 2956 2497 a
2990 2443 3140 2496 vitiis
3186 2440 3431 2495 continet
3482 2457 3498 2494 :

1917 2540 2012 2608 qui
2052 2553 2186 2593 vero
2219 2554 2278 2592 se
2303 2554 2333 2591 a
2367 2537 2518 2591 vitiis
2545 2536 2811 2599 continet,
2840 2537 3116 2604 patienter
3139 2548 3411 2588 aerumnas
3437 2545 3503 2585 ac

1918 2629 2059 2682 mala
2114 2628 2333 2691 suﬂ'erl;
2399 2627 2444 2679 is
2484 2642 2651 2695 porro
2707 2624 2802 2693 qui
2857 2624 2971 2677 lizec
3024 2624 3295 2692 patienter
3340 2621 3505 2692 396

1917 2721 2129 2786 suﬂ‘ert,
2164 2735 2315 2789 spem
2349 2718 2403 2771 in
2432 2718 2601 2772 Deum
2633 2716 2925 2771 habiturus
2952 2724 3036 2769 est
3088 2731 3101 2767 :
3149 2730 3278 2783 Spes
3318 2722 3501 2767 autem

1918 2812 1973 2865 in
2001 2813 2197 2874 Deum,
2224 2824 2254 2862 a
2292 2816 2509 2862 terrena
2547 2807 2697 2860 omni
2745 2806 2971 2859 libidine
3008 2814 3226 2874 separat
3258 2822 3271 2857 :
3306 2804 3375 2857 ab
3417 2803 3505 2858 his

1920 2903 2160 2971 denique
2192 2907 2483 2970 separatus
2511 2898 2747 2962 animus,
2778 2896 3097 2952 charitatem
3128 2895 3504 2949 nansciscetur

1918 3010 2037 3064 qua:
2067 2993 2132 3046 ad
2162 2991 2333 3044 Deum
2361 2996 2462 3043 est.

1988 3085 2039 3138 4.
2071 3084 2172 3148 Qui
2200 3083 2371 3135 Deum
2395 3078 2594 3147 diligit,
2621 3075 2837 3131 cunctis
2868 3076 2936 3131 ab
2970 3092 3037 3129 eo
3067 3076 3325 3139 conditis,
3354 3074 3506 3131 illius

239 3164 547 3233 γεγονότων
590 3162 838 3233 προτιμᾷ
874 3160 972 3232 τὴν
1002 3161 1204 3229 γνῶσιν
1227 3160 1418 3222 αὑτοῦ,
1455 3162 1549 3213 καὶ
1578 3161 1817 3215 ἀδιαλεί-

1923 3174 2294 3243 cognitionem
2324 3186 2386 3224 ac
2432 3169 2714 3222 scientiam
2764 3168 3082 3236 anteponit;
3127 3168 3288 3237 eique
3334 3167 3505 3222 animi

241 3273 394 3319 πτως
419 3256 511 3310 διὰ
532 3255 627 3309 τοῦ
662 3254 851 3316 πόθου,
884 3253 1056 3323 ταύτῃ
1084 3256 1506 3324 προσκαρτερεῖ.

313 3347 377 3403 ε’.
416 3349 483 3401 Εἰ
524 3348 702 3402 πάντα
748 3346 821 3399 τὰ
860 3345 990 3399 ὅντα
1036 3345 1122 3397 διὰ
1166 3344 1261 3397 τοῦ
1291 3344 1427 3396 Θεοῦ
1459 3344 1555 3397 καὶ
1597 3344 1684 3396 διὰ
1727 3346 1819 3398 τὸν

240 3442 377 3495 Θεὸν
406 3440 617 3511 γέγονε’
632 3441 897 3511 κρείττων
920 3437 1013 3490 δὲό
1035 3436 1166 3501 Θεὸς
1196 3436 1303 3489 τῶν
1332 3436 1401 3488 δι’
1422 3434 1585 3489 αὐτοῦ
1601 3436 1820 3504 γεγονό-

241 3549 371 3587 των’
384 3536 414 3587 ό
427 3530 858 3602 καταλιμπάνων
873 3527 967 3582 τὸν
978 3528 1080 3581 Θεὸ
1091 3546 1111 3579 ν
1126 3527 1215 3581 τὸν
1230 3529 1439 3596 ἀσυγκρ
1450 3528 1571 3588 ίτως
1586 3526 1823 3597 κρείττο-

241 3644 333 3685 να.
372 3626 467 3678 καὶ
490 3625 604 3687 τοῖς
631 3622 873 3694 χείροσιν
896 3618 1374 3691 ἱνασχολούμενος,
1402 3617 1672 3670 δείκνυσιν
1696 3617 1822 3670 ἑαυ-

242 3718 336 3770 τὸν
370 3715 721 3787 προτιμῶντα
752 3711 845 3765 τοῦ
877 3709 1034 3778 Θεοῦ,
1067 3710 1137 3764 τὰ
1167 3711 1233 3764 δι’
1264 3709 1430 3762 αὑτοῦ
1465 3709 1750 3777 γεγονότα.

315 3906 395 3966 ς’.
444 3899 505 3951 '0
544 3898 610 3968 τῇ
659 3898 741 3959 είς
780 3894 914 3948 Θεὸν
964 3892 1152 3962 ἀγάπῃ
1199 3891 1289 3944 τὸν
1326 3890 1449 3945 νοῦν
1488 3890 1624 3962 ἔχων
1655 3904 1825 3961 προσ-

250 3990 554 4062 ηλωμένον,
602 3985 824 4039 πάντων
869 3982 976 4035 τῶν
1022 3982 1338 4051 ὁρωμένων,
1377 3980 1473 4033 καὶ
1523 3979 1688 4033 αὐτοῦ
1728 3977 1822 4032 τοῦ

244 4080 524 4150 σώματος,
556 4079 633 4141 ὡς
652 4075 935 4147 ἀλλοτρίου
967 4074 1314 4143 καταφρονεῖ.

319 4175 387 4237 ζ’.
430 4173 494 4226 El
536 4169 803 4243 κρείττων
844 4166 940 4221 τοῦ
1000 4166 1251 4236 σώματος
1297 4166 1332 4235 ἡ
1384 4164 1530 4234 ψυχή
1556 4164 1670 4235 (5)·
1728 4164 1824 4217 καὶ

244 4265 518 4336 κρείττων
562 4260 657 4314 τοῦ
700 4260 908 4330 κόσμου
951 4258 1301 4327 ἀσυγκρίτως
1356 4257 1386 4308 ό
1431 4257 1624 4318 κτίσας
1665 4257 1825 4309 αὑτὸν

244 4358 383 4419 Θεός
401 4372 415 4386 °
448 4358 478 4409 ὁ
503 4354 788 4424 προτιμῶν
810 4351 911 4421 τῆς
936 4348 1118 4421 ψυχῆς
1148 4349 1209 4401 τὸ
1234 4347 1416 4417 σῶμα,
1437 4348 1529 4400 καὶ⁵
1554 4346 1649 4399 τοῦ
1688 4346 1823 4400 Θεοῦ

244 4450 342 4502 τὸν
374 4445 481 4500 ὑπὸ
503 4443 668 4498 αὑτοῦ
696 4438 984 4498 κτισθέντα
1012 4439 1238 4509 κόσμον,
1261 4438 1417 4491 οὐδὲν
1467 4437 1579 4491 τῶν
1618 4436 1826 4491 είδωλο-

246 4538 597 4609 λατρούντων
616 4535 945 4602 διενήνοχεν.
1152 4606 1157 4610 ι

324 4628 399 4697 η’.
450 4625 507 4679 '0
554 4624 645 4677 τὸν
682 4622 807 4676 νοῦν
848 4620 947 4689 τῆς
990 4620 1069 4682 είς
1114 4618 1245 4671 Θεὸν
1276 4617 1497 4687 ἀγάπης
1528 4618 1621 4672 καὶ
1652 4635 1824 4688 προσ-

248 4720 469 4791 εδρείας
508 4711 1013 4786 ἀποχωρίσας,’καί
1055 4728 1163 4763 τινι
1196 4710 1305 4762 τῶν
1349 4708 1625 4779 αἰσθητῶν
1655 4728 1826 4780 προσ-

248 4810 539 4881 δεδεμένον
570 4807 731 4877 ἔχων,
760 4800 914 4867 οὗτός
943 4804 1059 4855 ἐστι
1081 4804 1106 4854 ὁ
1132 4800 1413 4872 προτιμῶν
1442 4801 1538 4869 τῆς
1568 4799 1746 4869 ψυχῆς
1769 4802 1829 4853 τὸ

254 4903 443 4972 σῶμα,
484 4900 579 4953 καί
622 4896 715 4952 τοῦ
748 4897 1034 4957 κτίσαντος
1078 4892 1235 4951 Θεοῦ.
1270 4893 1336 4945 τὰ
1361 4893 1451 4945 ὑπ’
1480 4892 1642 4945 αὐτοῦ
1677 4910 1833 4961 γεγο-

253 4996 409 5049 νότα.

329 5089 345 5107 ⁹
365 5085 513 5140 Idem
546 5078 766 5134 videtur
795 5092 862 5131 ac
887 5074 1197 5146 οίηματίας.

330 5176 404 5249 (ι’)
464 5168 769 5239 ’Υπομονὴ
812 5164 1358 5249 auinam-00.224110.
1406 5163 1594 5249 fiungit
1640 5172 1840 5237 passim

258 5234 561 5303 blaxiiiius,
609 5234 669 5296 ut
701 5234 829 5293 sunt
861 5236 1048 5308 aﬂines
1089 5237 1357 5308 virtutes,
1404 5234 1658 5304 idemque
1704 5256 1841 5308 pene

258 5319 440 5373 amba:
464 5328 627 5367 voces
654 5309 987 5381 signiﬁcant.
1006 5305 1172 5381 Ωιιοᾲ
1218 5305 1437 5381 passim
1461 5305 1842 5366 reddunt'Ob-

262 5405 385 5455 sop.
415 5394 469 5437 et
494 5384 658 5455 Gesn.
687 5376 796 5444 hvic,
825 5387 879 5431 et
908 5394 962 5429 n.
992 5376 1061 5455 4t!
1089 5393 1100 5427 :
1128 5377 1186 5426 τὸ
1213 5377 1842 5455 ὑπομονῇ.-ριν-δρυενιιη-

262 5445 365 5519 εὶιὶ,
401 5471 507 5507 non
542 5454 674 5505 satis
697 5467 763 5504 ex
788 5445 1065 5519 communi
1095 5461 1193 5519 usu
1219 5446 1447 5519 est,__et_si
1478 5447 1665 5519 Matth.
1700 5466 1841 5514 Πιγ,

262 5514 405 5583 iliutl
436 5542 448 5576 :
474 5528 500 5575 ὁ
532 5522 829 5588 ὑπομείνας
864 5521 938 5579 εἰς
966 5516 1136 5588 τέξιος,
1174 5516 1286 5583 ipse
1320 5514 1469 5588 Vulg.
1506 5518 1717 5581 reddat,
1747 5522 1847 5584 Qui

263 5584 676 5667 perseveraverit
716 5607 881 5667 usque
921 5589 974 5667 in
1017 5585 1213 5667 ﬁnem;
1255 5584 1408 5667 reddi
1451 5595 1842 5667 :C‘tplc‘ptib‘sil}

265 5658 361 5737 'qui
388 5664 714 5720 sustinuerit,
742 5658 1050 5737 patientiam
1078 5658 1319 5716 tenuerit,
1346 5667 1450 5709 etc.
1483 5658 1634 5721 Quod
1668 5662 1849 5737 sequi-

271 5729 383 5799 iur,
417 5740 446 5800 ἡ
486 5750 588 5802 περ
615 5729 806 5799 εκτικὴ
857 5729 1182 5802 ὲγκρῄτεια,⁵
1222 5741 1623 5802 quain_\'occin
1678 5732 1845 5792 alter,

268 5796 530 5875 acquisita
557 5796 875 5858 continentia
899 5796 1105 5866 reddit,
1136 5796 1295 5864 alter,
1321 5796 1663 5854 universalis:
1691 5800 1847 5871 longe

1926 3264 2202 3318 desiderio
2231 3278 2294 3315 ac
2321 3275 2507 3313 amore
2537 3260 2875 3312 incessanter
2905 3259 3194 3312 incumbit.

1998 3359 2048 3411 5.
2078 3357 2214 3410 Cum
2241 3354 2424 3407 omnia
2455 3368 2576 3420 qua!
2609 3360 2758 3415 sunt,
2788 3351 2899 3403 Deo
2932 3360 3155 3403 auctore
3184 3366 3247 3405 ac
3276 3359 3508 3421 propter

1926 3452 2098 3505 Deum
2141 3446 2361 3501 condita
2398 3445 2540 3507 sint;
2591 3445 2771 3511 sitque
2803 3442 2969 3503 Deus,
2994 3442 3065 3498 iis
3111 3456 3235 3511 quae
3267 3442 3386 3510 ipso
3410 3459 3509 3497 au-

1927 3553 2078 3597 ctore
2114 3539 2333 3595 condita
2367 3544 2516 3599 sunt,
2574 3535 2732 3604 longe
2769 3534 3148 3603 praestantior;
3192 3533 3287 3601 qui
3334 3533 3509 3590 Deum

1928 3635 2064 3687 citra
2104 3644 2323 3683 omnem
2354 3624 2821 3694 comparationem
2858 3624 3140 3677 meliorem
3168 3624 3505 3693 relinquens,

1929 3722 2301 3779 deterioribus
2352 3725 2657 3789 addicitur;
2718 3725 2948 3778 minoris
2997 3740 3057 3777 se
3115 3725 3287 3777 Deum
3327 3722 3509 3779 facere

1928 3816 2192 3879 ostendit,
2227 3832 2389 3885 quam
2421 3832 2543 3886 quin
2577 3817 2670 3869 illo
2704 3826 2929 3869 auctore
2962 3814 3181 3869 condita
3214 3822 3365 3869 sunt.

1999 3909 2050 3962 6.
2087 3907 2189 3973 Qui
2219 3907 2471 3961 charitati
2511 3907 2565 3959 in
2599 3908 2768 3960 Deum
2796 3921 2893 3959 cor
2928 3905 3146 3959 allixum
3178 3904 3362 3969 habet,
3386 3920 3509 3974 qua:

1930 4002 1986 4056 in
2031 4012 2311 4069 aspectum
2364 3998 2567 4052 cadunt
2607 3998 2815 4061 omnia,
2878 3998 3167 4067 ipsumque
3209 3996 3347 4051 adeo
3386 4013 3507 4051 cor-

1929 4103 2052 4158 pus,
2087 4085 2392 4142 contemnit
2425 4094 2680 4153 tanquam
2717 4085 2978 4138 alienum.

2000 4180 2051 4231 7.
2089 4177 2225 4232 Cum
2276 4178 2456 4231 anima
2488 4193 2718 4247 corpore
2758 4177 2953 4230 melior
2982 4174 3087 4239 sit;
3133 4175 3387 4245 Deosque
3430 4174 3509 4229 ci-

1931 4281 2016 4326 tra
2050 4286 2267 4325 omnem
2308 4270 2775 4339 comparationem
2810 4268 3151 4336 prmstantior
3182 4268 3251 4320 sit
3278 4266 3504 4331 mundo,

1931 4378 2095 4433 quem
2126 4361 2413 4417 condidit:
2446 4365 2538 4430 qui
2579 4374 2778 4428 corpus
2823 4359 3035 4418 animae,
3078 4359 3298 4427 Deoque
3344 4375 3506 4412 mun-

1932 4453 2062 4507 dum
2098 4453 2167 4507 ab
2209 4453 2327 4521 ipso
2373 4451 2673 4513 conditum,
2720 4449 3024 4517 anteponit,
3074 4448 3139 4510 is,
3184 4447 3253 4501 ab
3294 4447 3362 4501 iis
3411 4449 3507 4517 qui

1853 4516 1899 4572 υ
1929 4543 2090 4598 idolis
2124 4516 2331 4597 cuIt-um
2369 4541 2653 4604 adhibent,
2683 4516 2869 4593 ditl'ert
2897 4539 3055 4592 nihil.

2005 4637 2056 4691 8.
2088 4635 2191 4701 Qui
2222 4644 2458 4689 mentem
2494 4650 2521 4687 a
2565 4634 2835 4687 eharitate
2880 4631 2935 4684 in
2967 4632 3157 4692 Deum,
3186 4630 3411 4701 jugique
3452 4632 3509 4685 in

1934 4746 2060 4784 eum
2095 4727 2276 4781 studio
2308 4726 2659 4787 abstraxerit,
2708 4742 2770 4778 ac
2805 4734 3149 4778 terrenorum
3202 4724 3363 4777 alicui
3409 4724 3510 4777 dco

1936 4824 2174 4876 vinctam
2213 4819 2490 4881 habuerit,
2520 4818 2605 4870 hic
2632 4834 2833 4885 corpus
2863 4816 3079 4879 anima},
3107 4831 3170 4869 ac
3193 4832 3313 4885 qua:
3337 4832 3368 4871 a
3401 4817 3511 4871 Deo

1940 4913 2159 4968 condita
2197 4918 2347 4968 sunt,
2378 4908 2647 4963 conditori
2681 4908 2790 4962 Deo
2822 4908 3125 4977 anu-ponit.

1941 5177 2047 5230 alio
2078 5182 2307 5243 spectat.
2356 5170 2638 5240 Signiﬁcat
2688 5172 2775 5224 illa
2810 5172 3029 5240 quidem
3066 5171 3198 5243 alias
3226 5171 3515 5239 quamdam

1941 5242 2373 5313 complexionem
2431 5258 2493 5295 ac
2548 5242 3047 5313 universalitateni;
3103 5242 3192 5294 hic
3243 5256 3372 5293 vero
3421 5245 3514 5310 τῆς

1942 5311 2263 5383 ἐγκρατείας
2298 5313 2570 5380 pmpriam
2624 5312 2887 5365 rationein
2911 5311 3178 5383 designat,
3214 5326 3320 5379 qua
3370 5314 3517 5367 velut

1942 5382 2280 5449 cuiiStriiigat
2317 5392 2605 5449 teneatque
2641 5398 2702 5433 ac
2733 5383 3011 5434 contineat
3055 5382 3317 5441 animum,
3354 5397 3419 5433 ne
3461 5397 3519 5434 sc

1944 5458 2258 5525 passionum
2293 5469 2469 5521 pugna
2514 5452 2711 5525 abduci
2757 5452 2900 5525 sinat
2927 5467 2988 5504 ac
3022 5452 3161 5504 trahi
3200 5452 3250 5502 in
3287 5471 3331 5501 it.
3355 5466 3520 5525 nscii-

1950 5519 2069 5579 smn
2101 5542 2111 5575 :
2146 5523 2246 5575 hoc
2291 5519 2435 5574 enim
2472 5522 2761 5574 continens
2794 5522 2981 5575 dilfert
3011 5536 3038 5574 a
3076 5530 3432 5588 temperante,
3466 5519 3521 5572 in

1952 5612 2059 5663 quo
2085 5595 2191 5662 jam
2238 5594 2411 5645 sedati
2458 5593 2565 5663 sint
2592 5592 2857 5663 allectus,
2892 5600 2951 5643 ut
2984 5592 3100 5643 sine
3134 5607 3311 5658 pugna
3346 5590 3526 5663 conti-

1952 5659 2097 5726 neat,
2127 5672 2181 5715 et
2211 5663 2365 5729 quasi
2406 5678 2469 5713 ex
2517 5662 2703 5713 habitu
2743 5663 3015 5729 perfecto;
3053 5661 3374 5729 περιςκτικὴ
3422 5659 3525 5713 ita-

1954 5751 2081 5806 quc,
2107 5749 2228 5802 qua:
2260 5732 2327 5786 sit
2352 5730 2505 5801 quasi
2536 5732 2783 5802 περιοχὴ,
2817 5731 3117 5792 pi'wsidium
3141 5739 3188 5782 et
3216 5730 3455 5783 munitio.
