  <div class='ocr_page' id='page_1' title='image "/cluster/home/n/w/nwhite01/storage/ocr_20150623/90/nnc1.0046980113/489.png"; bbox 0 0 4208 6436; ppageno 0'>
   <div class='ocr_carea' id='block_1_1' title="bbox 698 403 805 468">
    <p class='ocr_par' dir='ltr' id='par_1_1' title="bbox 698 403 805 468">
     <span class='ocr_line' id='line_1_1' title="bbox 698 403 805 468; baseline 0.009 -2"><span class='ocrx_word' id='word_1_1' title='bbox 698 403 805 468; x_wconf 83' lang='lat'><strong>963</strong></span> 
     </span>
    </p>
   </div>
   <div class='ocr_carea' id='block_1_2' title="bbox 1880 382 2818 449">
    <p class='ocr_par' dir='ltr' id='par_1_2' title="bbox 1880 382 2818 449">
     <span class='ocr_line' id='line_1_2' title="bbox 1880 382 2818 449; baseline -0.004 0"><span class='ocrx_word' id='word_1_2' title='bbox 1880 391 1938 449; x_wconf 90' lang='lat' dir='ltr'><strong>S.</strong></span> <span class='ocrx_word' id='word_1_3' title='bbox 1981 385 2269 448; x_wconf 80' lang='lat' dir='ltr'><strong>MAXIMI</strong></span> <span class='ocrx_word' id='word_1_4' title='bbox 2308 382 2818 447; x_wconf 79' lang='lat' dir='ltr'><strong>CONFESSORIS</strong></span> 
     </span>
    </p>
   </div>
   <div class='ocr_carea' id='block_1_3' title="bbox 3863 380 3977 447">
    <p class='ocr_par' dir='ltr' id='par_1_3' title="bbox 3863 380 3977 447">
     <span class='ocr_line' id='line_1_3' title="bbox 3863 380 3977 447; baseline 0.018 -2"><span class='ocrx_word' id='word_1_5' title='bbox 3863 380 3977 447; x_wconf 67' lang='grc' dir='ltr'>θοι</span> 
     </span>
    </p>
   </div>
   <div class='ocr_carea' id='block_1_4' title="bbox 772 491 2302 571">
    <p class='ocr_par' dir='ltr' id='par_1_4' title="bbox 772 498 2282 571">
     <span class='ocr_line' id='line_1_4' title="bbox 772 498 2282 571; baseline -0.013 -2"><span class='ocrx_word' id='word_1_6' title='bbox 772 514 826 569; x_wconf 84' lang='lat'><strong>9.</strong></span> <span class='ocrx_word' id='word_1_7' title='bbox 862 510 1001 567; x_wconf 85' lang='lat' dir='ltr'><strong>Cum</strong></span> <span class='ocrx_word' id='word_1_8' title='bbox 1045 508 1214 565; x_wconf 85' lang='lat' dir='ltr'><strong>animi</strong></span> <span class='ocrx_word' id='word_1_9' title='bbox 1240 507 1372 571; x_wconf 83' lang='lat' dir='ltr'><strong>vita,</strong></span> <span class='ocrx_word' id='word_1_10' title='bbox 1397 503 1640 561; x_wconf 81' lang='lat' dir='ltr'><strong>scientiae</strong></span> <span class='ocrx_word' id='word_1_11' title='bbox 1687 499 1984 556; x_wconf 75' lang='lat' dir='ltr'><strong>illustratio</strong></span> <span class='ocrx_word' id='word_1_12' title='bbox 2007 498 2100 559; x_wconf 90' lang='lat' dir='ltr'><strong>sit,</strong></span> <span class='ocrx_word' id='word_1_13' title='bbox 2133 511 2282 552; x_wconf 89' lang='lat' dir='ltr'><strong>eam-</strong></span> 
     </span>
    </p>
   </div>
   <div class='ocr_carea' id='block_1_5' title="bbox 2401 491 3973 571">
    <p class='ocr_par' dir='ltr' id='par_1_5' title="bbox 2462 491 3973 568">
     <span class='ocr_line' id='line_1_5' title="bbox 2462 491 3973 568; baseline -0.002 -16"><span class='ocrx_word' id='word_1_14' title='bbox 2462 495 2525 552; x_wconf 88' lang='lat'><strong>0&#39;.</strong></span> <span class='ocrx_word' id='word_1_15' title='bbox 2568 498 2634 551; x_wconf 79' lang='lat' dir='ltr'><strong>El</strong></span> <span class='ocrx_word' id='word_1_16' title='bbox 2677 499 2711 568; x_wconf 82' lang='grc' dir='ltr'><strong>ή</strong></span> <span class='ocrx_word' id='word_1_17' title='bbox 2747 496 2865 567; x_wconf 74' lang='grc' dir='ltr'>ζωὴ</span> <span class='ocrx_word' id='word_1_18' title='bbox 2897 492 2991 550; x_wconf 79' lang='grc' dir='ltr'><strong>τοῦ</strong></span> <span class='ocrx_word' id='word_1_19' title='bbox 3031 493 3124 548; x_wconf 84' lang='grc' dir='ltr'><strong>νοῦ</strong></span> <span class='ocrx_word' id='word_1_20' title='bbox 3152 495 3181 547; x_wconf 92' lang='lat'><strong>6</strong></span> <span class='ocrx_word' id='word_1_21' title='bbox 3212 492 3492 565; x_wconf 70' lang='grc' dir='ltr'>φωτισμός</span> <span class='ocrx_word' id='word_1_22' title='bbox 3531 494 3647 547; x_wconf 75' lang='grc' dir='ltr'>ἐστι</span> <span class='ocrx_word' id='word_1_23' title='bbox 3688 491 3789 564; x_wconf 79' lang='grc' dir='ltr'>τῆς</span> <span class='ocrx_word' id='word_1_24' title='bbox 3830 496 3973 562; x_wconf 76' lang='grc' dir='ltr'><strong>γνῶ·</strong></span> 
     </span>
    </p>
   </div>
   <div class='ocr_carea' id='block_1_6' title="bbox 704 584 2288 676">
    <p class='ocr_par' dir='ltr' id='par_1_6' title="bbox 704 584 2288 676">
     <span class='ocr_line' id='line_1_6' title="bbox 704 584 2288 676; baseline -0.012 -15"><span class='ocrx_word' id='word_1_25' title='bbox 704 620 813 675; x_wconf 88' lang='lat' dir='ltr'><strong>que</strong></span> <span class='ocrx_word' id='word_1_26' title='bbox 840 603 1025 676; x_wconf 82' lang='lat' dir='ltr'><strong>pariat</strong></span> <span class='ocrx_word' id='word_1_27' title='bbox 1053 618 1174 672; x_wconf 65' lang='lat' dir='ltr'><strong>quae</strong></span> <span class='ocrx_word' id='word_1_28' title='bbox 1210 598 1265 654; x_wconf 90' lang='lat' dir='ltr'><strong>in</strong></span> <span class='ocrx_word' id='word_1_29' title='bbox 1299 599 1473 653; x_wconf 88' lang='lat' dir='ltr'><strong>Deum</strong></span> <span class='ocrx_word' id='word_1_30' title='bbox 1507 602 1594 650; x_wconf 90' lang='lat' dir='ltr'><strong>est</strong></span> <span class='ocrx_word' id='word_1_31' title='bbox 1617 592 1891 657; x_wconf 88' lang='lat' dir='ltr'><strong>charitas;</strong></span> <span class='ocrx_word' id='word_1_32' title='bbox 1936 587 2200 660; x_wconf 64' lang='lat' dir='ltr'><strong>praeclare</strong></span> <span class='ocrx_word' id='word_1_33' title='bbox 2231 584 2288 642; x_wconf 87' lang='lat' dir='ltr'><strong>id</strong></span> 
     </span>
    </p>
   </div>
   <div class='ocr_carea' id='block_1_7' title="bbox 705 682 2002 761">
    <p class='ocr_par' dir='ltr' id='par_1_7' title="bbox 705 682 2002 761">
     <span class='ocr_line' id='line_1_7' title="bbox 705 682 2002 761; baseline -0.015 -7"><span class='ocrx_word' id='word_1_34' title='bbox 705 698 939 761; x_wconf 89' lang='lat' dir='ltr'><strong>dictum,</strong></span> <span class='ocrx_word' id='word_1_35' title='bbox 971 694 1158 750; x_wconf 87' lang='lat' dir='ltr'><strong>divina</strong></span> <span class='ocrx_word' id='word_1_36' title='bbox 1191 690 1459 746; x_wconf 89' lang='lat' dir='ltr'><strong>charitate</strong></span> <span class='ocrx_word' id='word_1_37' title='bbox 1493 686 1630 742; x_wconf 84' lang='lat' dir='ltr'><strong>nihil</strong></span> <span class='ocrx_word' id='word_1_38' title='bbox 1658 699 1779 741; x_wconf 89' lang='lat' dir='ltr'><strong>esse</strong></span> <span class='ocrx_word' id='word_1_39' title='bbox 1808 682 2002 752; x_wconf 78' lang='lat' dir='ltr'><strong>majus.</strong></span> 
     </span>
    </p>
   </div>
   <div class='ocr_carea' id='block_1_8' title="bbox 784 772 2291 844">
    <p class='ocr_par' dir='ltr' id='par_1_8' title="bbox 784 772 2291 844">
     <span class='ocr_line' id='line_1_8' title="bbox 784 772 2291 844; baseline -0.014 0"><span class='ocrx_word' id='word_1_40' title='bbox 784 789 871 844; x_wconf 86' lang='grc'><strong>10.</strong></span> <span class='ocrx_word' id='word_1_41' title='bbox 898 788 1035 842; x_wconf 89' lang='lat' dir='ltr'><strong>Cum</strong></span> <span class='ocrx_word' id='word_1_42' title='bbox 1062 799 1251 839; x_wconf 88' lang='lat' dir='ltr'><strong>amore</strong></span> <span class='ocrx_word' id='word_1_43' title='bbox 1284 780 1571 837; x_wconf 86' lang='lat' dir='ltr'><strong>charitatis</strong></span> <span class='ocrx_word' id='word_1_44' title='bbox 1599 777 1815 831; x_wconf 90' lang='lat' dir='ltr'><strong>animus</strong></span> <span class='ocrx_word' id='word_1_45' title='bbox 1862 773 1930 828; x_wconf 83' lang='lat' dir='ltr'><strong>ad</strong></span> <span class='ocrx_word' id='word_1_46' title='bbox 1974 772 2146 826; x_wconf 89' lang='lat' dir='ltr'><strong>Deum</strong></span> <span class='ocrx_word' id='word_1_47' title='bbox 2194 785 2291 824; x_wconf 77' lang='lat' dir='ltr'><strong>ex-</strong></span> 
     </span>
    </p>
   </div>
   <div class='ocr_carea' id='block_1_9' title="bbox 708 865 2290 943">
    <p class='ocr_par' dir='ltr' id='par_1_9' title="bbox 708 865 2290 943">
     <span class='ocr_line' id='line_1_9' title="bbox 708 865 2290 943; baseline -0.016 -5"><span class='ocrx_word' id='word_1_48' title='bbox 708 881 954 940; x_wconf 84' lang='lat' dir='ltr'><strong>cesserit,</strong></span> <span class='ocrx_word' id='word_1_49' title='bbox 998 886 1130 931; x_wconf 88' lang='lat' dir='ltr'><strong>tunc</strong></span> <span class='ocrx_word' id='word_1_50' title='bbox 1163 889 1341 943; x_wconf 83' lang='lat' dir='ltr'><strong>neque</strong></span> <span class='ocrx_word' id='word_1_51' title='bbox 1390 888 1470 932; x_wconf 89' lang='lat' dir='ltr'><strong>se,</strong></span> <span class='ocrx_word' id='word_1_52' title='bbox 1500 881 1679 937; x_wconf 90' lang='lat' dir='ltr'><strong>neque</strong></span> <span class='ocrx_word' id='word_1_53' title='bbox 1725 865 1891 920; x_wconf 86' lang='lat' dir='ltr'><strong>ullam</strong></span> <span class='ocrx_word' id='word_1_54' title='bbox 1937 875 2164 932; x_wconf 82' lang='lat' dir='ltr'><strong>prorsus</strong></span> <span class='ocrx_word' id='word_1_55' title='bbox 2204 873 2290 914; x_wconf 89' lang='lat' dir='ltr'><strong>re-</strong></span> 
     </span>
    </p>
   </div>
   <div class='ocr_carea' id='block_1_10' title="bbox 714 954 2291 1040">
    <p class='ocr_par' dir='ltr' id='par_1_10' title="bbox 714 954 2291 1040">
     <span class='ocr_line' id='line_1_10' title="bbox 714 954 2291 1040; baseline -0.013 -13"><span class='ocrx_word' id='word_1_56' title='bbox 714 988 836 1027; x_wconf 90' lang='lat' dir='ltr'><strong>rum</strong></span> <span class='ocrx_word' id='word_1_57' title='bbox 869 968 1160 1040; x_wconf 89' lang='lat' dir='ltr'><strong>persentit.</strong></span> <span class='ocrx_word' id='word_1_58' title='bbox 1192 965 1385 1020; x_wconf 85' lang='lat' dir='ltr'><strong>Divina</strong></span> <span class='ocrx_word' id='word_1_59' title='bbox 1415 960 1562 1014; x_wconf 89' lang='lat' dir='ltr'><strong>enim</strong></span> <span class='ocrx_word' id='word_1_60' title='bbox 1594 973 1659 1012; x_wconf 90' lang='lat' dir='ltr'><strong>ae</strong></span> <span class='ocrx_word' id='word_1_61' title='bbox 1689 956 1904 1010; x_wconf 88' lang='lat' dir='ltr'><strong>inﬁnita</strong></span> <span class='ocrx_word' id='word_1_62' title='bbox 1933 954 2291 1009; x_wconf 84' lang='lat' dir='ltr'><strong>enllustratus</strong></span> 
     </span>
    </p>
   </div>
   <div class='ocr_carea' id='block_1_11' title="bbox 630 1047 2286 1126">
    <p class='ocr_par' dir='ltr' id='par_1_11' title="bbox 630 1047 2286 1126">
     <span class='ocr_line' id='line_1_11' title="bbox 630 1047 2286 1126; baseline -0.014 -5"><span class='ocrx_word' id='word_1_63' title='bbox 630 1082 647 1100; x_wconf 59' lang='grc' dir='ltr'><strong>λι</strong></span> <span class='ocrx_word' id='word_1_64' title='bbox 712 1068 857 1126; x_wconf 88' lang='lat' dir='ltr'><strong>luce,</strong></span> <span class='ocrx_word' id='word_1_65' title='bbox 887 1076 1079 1116; x_wconf 89' lang='lat' dir='ltr'><strong>earum</strong></span> <span class='ocrx_word' id='word_1_66' title='bbox 1107 1073 1289 1114; x_wconf 90' lang='lat' dir='ltr'><strong>rerum</strong></span> <span class='ocrx_word' id='word_1_67' title='bbox 1320 1070 1440 1125; x_wconf 76' lang='lat' dir='ltr'><strong>qua:</strong></span> <span class='ocrx_word' id='word_1_68' title='bbox 1472 1053 1586 1107; x_wconf 87' lang='lat' dir='ltr'><strong>Deo</strong></span> <span class='ocrx_word' id='word_1_69' title='bbox 1623 1058 1850 1105; x_wconf 89' lang='lat' dir='ltr'><strong>auctore</strong></span> <span class='ocrx_word' id='word_1_70' title='bbox 1876 1047 2097 1102; x_wconf 89' lang='lat' dir='ltr'><strong>condita</strong></span> <span class='ocrx_word' id='word_1_71' title='bbox 2137 1053 2286 1108; x_wconf 90' lang='lat' dir='ltr'><strong>sunt,</strong></span> 
     </span>
    </p>
   </div>
   <div class='ocr_carea' id='block_1_12' title="bbox 710 1139 2289 1219">
    <p class='ocr_par' dir='ltr' id='par_1_12' title="bbox 710 1139 2289 1219">
     <span class='ocr_line' id='line_1_12' title="bbox 710 1139 2289 1219; baseline -0.015 -7"><span class='ocrx_word' id='word_1_72' title='bbox 710 1156 865 1212; x_wconf 91' lang='lat' dir='ltr'><strong>nullo</strong></span> <span class='ocrx_word' id='word_1_73' title='bbox 895 1169 1060 1208; x_wconf 85' lang='lat' dir='ltr'><strong>sensu</strong></span> <span class='ocrx_word' id='word_1_74' title='bbox 1096 1149 1368 1219; x_wconf 83' lang='lat' dir='ltr'><strong>tangitur;</strong></span> <span class='ocrx_word' id='word_1_75' title='bbox 1415 1143 1562 1200; x_wconf 86' lang='lat' dir='ltr'><strong>haud</strong></span> <span class='ocrx_word' id='word_1_76' title='bbox 1584 1157 1744 1198; x_wconf 86' lang='lat' dir='ltr'><strong>secus</strong></span> <span class='ocrx_word' id='word_1_77' title='bbox 1771 1156 1835 1194; x_wconf 91' lang='lat' dir='ltr'><strong>ac</strong></span> <span class='ocrx_word' id='word_1_78' title='bbox 1860 1155 1918 1194; x_wconf 89' lang='lat' dir='ltr'><strong>se</strong></span> <span class='ocrx_word' id='word_1_79' title='bbox 1940 1139 2136 1193; x_wconf 87' lang='lat' dir='ltr'><strong>oculus</strong></span> <span class='ocrx_word' id='word_1_80' title='bbox 2158 1151 2289 1190; x_wconf 87' lang='lat' dir='ltr'><strong>sen-</strong></span> 
     </span>
    </p>
   </div>
   <div class='ocr_carea' id='block_1_13' title="bbox 710 1230 2073 1316">
    <p class='ocr_par' dir='ltr' id='par_1_13' title="bbox 710 1230 2073 1316">
     <span class='ocr_line' id='line_1_13' title="bbox 710 1230 2073 1316; baseline -0.015 -11"><span class='ocrx_word' id='word_1_81' title='bbox 710 1248 870 1305; x_wconf 79' lang='lat' dir='ltr'><strong>sibus</strong></span> <span class='ocrx_word' id='word_1_82' title='bbox 897 1247 1147 1316; x_wconf 72' lang='lat' dir='ltr'><strong>obiectus</strong></span> <span class='ocrx_word' id='word_1_83' title='bbox 1169 1240 1236 1296; x_wconf 87' lang='lat' dir='ltr'><strong>ad</strong></span> <span class='ocrx_word' id='word_1_84' title='bbox 1266 1239 1452 1295; x_wconf 85' lang='lat' dir='ltr'><strong>stellas</strong></span> <span class='ocrx_word' id='word_1_85' title='bbox 1481 1237 1669 1300; x_wconf 80' lang='lat' dir='ltr'><strong>habet,</strong></span> <span class='ocrx_word' id='word_1_86' title='bbox 1701 1241 1894 1290; x_wconf 75' lang='lat' dir='ltr'><strong>exortu</strong></span> <span class='ocrx_word' id='word_1_87' title='bbox 1922 1230 2073 1287; x_wconf 90' lang='lat' dir='ltr'><strong>solis.</strong></span> 
     </span>
    </p>
   </div>
   <div class='ocr_carea' id='block_1_14' title="bbox 785 1420 2294 1495">
    <p class='ocr_par' dir='ltr' id='par_1_14' title="bbox 785 1420 2294 1495">
     <span class='ocr_line' id='line_1_14' title="bbox 785 1420 2294 1495; baseline -0.015 -3"><span class='ocrx_word' id='word_1_88' title='bbox 785 1438 870 1494; x_wconf 83' lang='grc'><strong>11.</strong></span> <span class='ocrx_word' id='word_1_89' title='bbox 906 1435 1044 1491; x_wconf 88' lang='lat' dir='ltr'><strong>Cum</strong></span> <span class='ocrx_word' id='word_1_90' title='bbox 1084 1446 1278 1487; x_wconf 88' lang='lat' dir='ltr'><strong>omnes</strong></span> <span class='ocrx_word' id='word_1_91' title='bbox 1307 1429 1542 1484; x_wconf 80' lang='lat' dir='ltr'><strong>virtutes</strong></span> <span class='ocrx_word' id='word_1_92' title='bbox 1569 1440 1728 1495; x_wconf 83' lang='lat' dir='ltr'><strong>Opem</strong></span> <span class='ocrx_word' id='word_1_93' title='bbox 1779 1422 1963 1478; x_wconf 88' lang='lat' dir='ltr'><strong>animo</strong></span> <span class='ocrx_word' id='word_1_94' title='bbox 2001 1420 2182 1475; x_wconf 79' lang='lat' dir='ltr'><strong>ierant</strong></span> <span class='ocrx_word' id='word_1_95' title='bbox 2231 1424 2294 1472; x_wconf 91' lang='lat' dir='ltr'><strong>ut</strong></span> 
     </span>
    </p>
   </div>
   <div class='ocr_carea' id='block_1_15' title="bbox 713 1506 2289 1584">
    <p class='ocr_par' dir='ltr' id='par_1_15' title="bbox 713 1506 2289 1584">
     <span class='ocr_line' id='line_1_15' title="bbox 713 1506 2289 1584; baseline -0.016 1"><span class='ocrx_word' id='word_1_96' title='bbox 713 1529 783 1584; x_wconf 89' lang='lat' dir='ltr'><strong>ad</strong></span> <span class='ocrx_word' id='word_1_97' title='bbox 822 1527 1072 1584; x_wconf 91' lang='lat' dir='ltr'><strong>divinum</strong></span> <span class='ocrx_word' id='word_1_98' title='bbox 1104 1534 1345 1578; x_wconf 90' lang='lat' dir='ltr'><strong>amorem</strong></span> <span class='ocrx_word' id='word_1_99' title='bbox 1374 1518 1653 1580; x_wconf 88' lang='lat' dir='ltr'><strong>enitatur;</strong></span> <span class='ocrx_word' id='word_1_100' title='bbox 1700 1514 1942 1568; x_wconf 90' lang='lat' dir='ltr'><strong>omnium</strong></span> <span class='ocrx_word' id='word_1_101' title='bbox 1976 1509 2208 1565; x_wconf 81' lang='lat' dir='ltr'><strong>maxime</strong></span> <span class='ocrx_word' id='word_1_102' title='bbox 2234 1506 2289 1561; x_wconf 91' lang='lat' dir='ltr'><strong>id</strong></span> 
     </span>
    </p>
   </div>
   <div class='ocr_carea' id='block_1_16' title="bbox 714 1598 2291 1692">
    <p class='ocr_par' dir='ltr' id='par_1_16' title="bbox 714 1598 2291 1692">
     <span class='ocr_line' id='line_1_16' title="bbox 714 1598 2291 1692; baseline -0.016 -16"><span class='ocrx_word' id='word_1_103' title='bbox 714 1626 940 1692; x_wconf 64' lang='lat' dir='ltr'><strong>praestat</strong></span> <span class='ocrx_word' id='word_1_104' title='bbox 963 1630 1098 1686; x_wconf 90' lang='lat' dir='ltr'><strong>pura</strong></span> <span class='ocrx_word' id='word_1_105' title='bbox 1148 1611 1346 1665; x_wconf 82' lang='lat' dir='ltr'><strong>oratio.</strong></span> <span class='ocrx_word' id='word_1_106' title='bbox 1401 1609 1506 1662; x_wconf 88' lang='lat' dir='ltr'><strong>Per</strong></span> <span class='ocrx_word' id='word_1_107' title='bbox 1532 1618 1651 1659; x_wconf 89' lang='lat' dir='ltr'><strong>eam</strong></span> <span class='ocrx_word' id='word_1_108' title='bbox 1695 1602 1841 1656; x_wconf 88' lang='lat' dir='ltr'><strong>enim</strong></span> <span class='ocrx_word' id='word_1_109' title='bbox 1879 1599 2027 1654; x_wconf 83' lang='lat' dir='ltr'><strong>velut</strong></span> <span class='ocrx_word' id='word_1_110' title='bbox 2078 1598 2291 1650; x_wconf 88' lang='lat' dir='ltr'><strong>alarum</strong></span> 
     </span>
    </p>
   </div>
   <div class='ocr_carea' id='block_1_17' title="bbox 718 1686 2288 1780">
    <p class='ocr_par' dir='ltr' id='par_1_17' title="bbox 718 1686 2288 1780">
     <span class='ocr_line' id='line_1_17' title="bbox 718 1686 2288 1780; baseline -0.018 -15"><span class='ocrx_word' id='word_1_111' title='bbox 718 1708 949 1780; x_wconf 86' lang='lat' dir='ltr'><strong>remigio</strong></span> <span class='ocrx_word' id='word_1_112' title='bbox 1001 1707 1058 1761; x_wconf 91' lang='lat' dir='ltr'><strong>in</strong></span> <span class='ocrx_word' id='word_1_113' title='bbox 1116 1704 1289 1758; x_wconf 88' lang='lat' dir='ltr'><strong>Deum</strong></span> <span class='ocrx_word' id='word_1_114' title='bbox 1335 1697 1653 1758; x_wconf 78' lang='lat' dir='ltr'><strong>subvectus,</strong></span> <span class='ocrx_word' id='word_1_115' title='bbox 1706 1689 1923 1747; x_wconf 85' lang='lat' dir='ltr'><strong>cunctis</strong></span> <span class='ocrx_word' id='word_1_116' title='bbox 1980 1686 2149 1742; x_wconf 84' lang='lat' dir='ltr'><strong>rebus</strong></span> <span class='ocrx_word' id='word_1_117' title='bbox 2191 1699 2288 1739; x_wconf 83' lang='lat' dir='ltr'><strong>ex-</strong></span> 
     </span>
    </p>
   </div>
   <div class='ocr_carea' id='block_1_18' title="bbox 718 1801 889 1858">
    <p class='ocr_par' dir='ltr' id='par_1_18' title="bbox 718 1801 889 1858">
     <span class='ocr_line' id='line_1_18' title="bbox 718 1801 889 1858; baseline -0.029 0"><span class='ocrx_word' id='word_1_118' title='bbox 718 1801 889 1858; x_wconf 87' lang='lat' dir='ltr'><strong>cedit.</strong></span> 
     </span>
    </p>
   </div>
   <div class='ocr_carea' id='block_1_19' title="bbox 792 1864 2299 1955">
    <p class='ocr_par' dir='ltr' id='par_1_19' title="bbox 792 1864 2299 1955">
     <span class='ocr_line' id='line_1_19' title="bbox 792 1864 2299 1955; baseline -0.019 -8"><span class='ocrx_word' id='word_1_119' title='bbox 792 1891 880 1946; x_wconf 74' lang='grc'>12.</span> <span class='ocrx_word' id='word_1_120' title='bbox 920 1886 1025 1945; x_wconf 89' lang='lat' dir='ltr'><strong>Ubi</strong></span> <span class='ocrx_word' id='word_1_121' title='bbox 1064 1900 1163 1955; x_wconf 89' lang='lat' dir='ltr'><strong>per</strong></span> <span class='ocrx_word' id='word_1_122' title='bbox 1192 1881 1515 1938; x_wconf 63' lang='lat' dir='ltr'><strong>hilaritatem</strong></span> <span class='ocrx_word' id='word_1_123' title='bbox 1564 1874 1763 1931; x_wconf 67' lang='lat' dir='ltr'><strong>divina:</strong></span> <span class='ocrx_word' id='word_1_124' title='bbox 1788 1871 2030 1928; x_wconf 61' lang='lat' dir='ltr'><strong>scientiae</strong></span> <span class='ocrx_word' id='word_1_125' title='bbox 2076 1864 2299 1937; x_wconf 81' lang='lat' dir='ltr'><strong>fulgori-</strong></span> 
     </span>
    </p>
   </div>
   <div class='ocr_carea' id='block_1_20' title="bbox 716 1956 2300 2050">
    <p class='ocr_par' dir='ltr' id='par_1_20' title="bbox 716 1956 2300 2050">
     <span class='ocr_line' id='line_1_20' title="bbox 716 1956 2300 2050; baseline -0.018 -10"><span class='ocrx_word' id='word_1_126' title='bbox 716 1983 828 2040; x_wconf 70' lang='lat' dir='ltr'><strong>bus</strong></span> <span class='ocrx_word' id='word_1_127' title='bbox 851 1988 1040 2050; x_wconf 90' lang='lat' dir='ltr'><strong>raptus</strong></span> <span class='ocrx_word' id='word_1_128' title='bbox 1073 1975 1290 2030; x_wconf 87' lang='lat' dir='ltr'><strong>animus</strong></span> <span class='ocrx_word' id='word_1_129' title='bbox 1317 1972 1505 2033; x_wconf 77' lang='lat' dir='ltr'><strong>fuerit,</strong></span> <span class='ocrx_word' id='word_1_130' title='bbox 1536 1967 1811 2036; x_wconf 89' lang='lat' dir='ltr'><strong>rebusque</strong></span> <span class='ocrx_word' id='word_1_131' title='bbox 1843 1960 2116 2021; x_wconf 76' lang='lat' dir='ltr'><strong>excedens</strong></span> <span class='ocrx_word' id='word_1_132' title='bbox 2153 1956 2300 2013; x_wconf 91' lang='lat' dir='ltr'><strong>divi-</strong></span> 
     </span>
    </p>
   </div>
   <div class='ocr_carea' id='block_1_21' title="bbox 719 2046 2303 2131">
    <p class='ocr_par' dir='ltr' id='par_1_21' title="bbox 719 2046 2303 2131">
     <span class='ocr_line' id='line_1_21' title="bbox 719 2046 2303 2131; baseline -0.017 -3"><span class='ocrx_word' id='word_1_133' title='bbox 719 2086 847 2128; x_wconf 86' lang='lat' dir='ltr'><strong>nam</strong></span> <span class='ocrx_word' id='word_1_134' title='bbox 888 2046 1213 2122; x_wconf 73' lang='lat' dir='ltr'><strong>infinitatem</strong></span> <span class='ocrx_word' id='word_1_135' title='bbox 1250 2057 1608 2131; x_wconf 86' lang='lat' dir='ltr'><strong>persenserit,</strong></span> <span class='ocrx_word' id='word_1_136' title='bbox 1652 2063 1784 2109; x_wconf 88' lang='lat' dir='ltr'><strong>tunc</strong></span> <span class='ocrx_word' id='word_1_137' title='bbox 1831 2052 1886 2106; x_wconf 86' lang='lat' dir='ltr'><strong>in</strong></span> <span class='ocrx_word' id='word_1_138' title='bbox 1936 2049 2105 2104; x_wconf 82' lang='lat' dir='ltr'><strong>divini</strong></span> <span class='ocrx_word' id='word_1_139' title='bbox 2154 2046 2303 2101; x_wconf 75' lang='lat' dir='ltr'><strong>Isaia:</strong></span> 
     </span>
    </p>
   </div>
   <div class='ocr_carea' id='block_1_22' title="bbox 720 2142 2303 2230">
    <p class='ocr_par' dir='ltr' id='par_1_22' title="bbox 720 2142 2303 2230">
     <span class='ocr_line' id='line_1_22' title="bbox 720 2142 2303 2230; baseline -0.018 -11"><span class='ocrx_word' id='word_1_140' title='bbox 720 2176 933 2219; x_wconf 89' lang='lat' dir='ltr'><strong>morem</strong></span> <span class='ocrx_word' id='word_1_141' title='bbox 963 2172 1075 2230; x_wconf 73' lang='lat' dir='ltr'><strong>pm</strong></span> <span class='ocrx_word' id='word_1_142' title='bbox 1104 2165 1331 2224; x_wconf 89' lang='lat' dir='ltr'><strong>stupore</strong></span> <span class='ocrx_word' id='word_1_143' title='bbox 1360 2151 1415 2206; x_wconf 91' lang='lat' dir='ltr'><strong>in</strong></span> <span class='ocrx_word' id='word_1_144' title='bbox 1449 2164 1560 2205; x_wconf 74' lang='lat' dir='ltr'><strong>suae</strong></span> <span class='ocrx_word' id='word_1_145' title='bbox 1594 2142 1921 2201; x_wconf 86' lang='lat' dir='ltr'><strong>humilitatis</strong></span> <span class='ocrx_word' id='word_1_146' title='bbox 1954 2154 2176 2196; x_wconf 89' lang='lat' dir='ltr'><strong>sensum</strong></span> <span class='ocrx_word' id='word_1_147' title='bbox 2207 2152 2303 2192; x_wconf 90' lang='lat' dir='ltr'><strong>ve-</strong></span> 
     </span>
    </p>
   </div>
   <div class='ocr_carea' id='block_1_23' title="bbox 721 2229 2304 2320">
    <p class='ocr_par' dir='ltr' id='par_1_23' title="bbox 721 2229 2304 2320">
     <span class='ocr_line' id='line_1_23' title="bbox 721 2229 2304 2320; baseline -0.017 -12"><span class='ocrx_word' id='word_1_148' title='bbox 721 2255 902 2315; x_wconf 90' lang='lat' dir='ltr'><strong>niens,</strong></span> <span class='ocrx_word' id='word_1_149' title='bbox 956 2229 1239 2320; x_wconf 70' lang='lat' dir='ltr'><strong>prephetae</strong></span> <span class='ocrx_word' id='word_1_150' title='bbox 1269 2243 1440 2299; x_wconf 89' lang='lat' dir='ltr'><strong>verba</strong></span> <span class='ocrx_word' id='word_1_151' title='bbox 1489 2239 1689 2295; x_wconf 78' lang='lat' dir='ltr'><strong>affectu</strong></span> <span class='ocrx_word' id='word_1_152' title='bbox 1735 2235 2029 2305; x_wconf 86' lang='lat' dir='ltr'><strong>loquitur:</strong></span> <span class='ocrx_word' id='word_1_153' title='bbox 2074 2229 2119 2286; x_wconf 92' lang='lat'><em>0</em></span> <span class='ocrx_word' id='word_1_154' title='bbox 2145 2230 2304 2285; x_wconf 79' lang='lat' dir='ltr'><strong>miser</strong></span> 
     </span>
    </p>
   </div>
   <div class='ocr_carea' id='block_1_24' title="bbox 721 2325 2303 2416">
    <p class='ocr_par' dir='ltr' id='par_1_24' title="bbox 721 2325 2303 2416">
     <span class='ocr_line' id='line_1_24' title="bbox 721 2325 2303 2416; baseline -0.017 -16"><span class='ocrx_word' id='word_1_155' title='bbox 721 2362 837 2416; x_wconf 77' lang='lat' dir='ltr'><strong>ego,</strong></span> <span class='ocrx_word' id='word_1_156' title='bbox 883 2342 1019 2415; x_wconf 81' lang='lat' dir='ltr'><strong>quod</strong></span> <span class='ocrx_word' id='word_1_157' title='bbox 1052 2348 1390 2409; x_wconf 79' lang='lat' dir='ltr'><strong>compunctus</strong></span> <span class='ocrx_word' id='word_1_158' title='bbox 1423 2332 1580 2388; x_wconf 86' lang='lat' dir='ltr'><strong>sum!</strong></span> <span class='ocrx_word' id='word_1_159' title='bbox 1629 2330 1790 2402; x_wconf 77' lang='lat'><strong>397</strong></span> <span class='ocrx_word' id='word_1_160' title='bbox 1821 2325 1960 2397; x_wconf 82' lang='lat' dir='ltr'><strong>quod</strong></span> <span class='ocrx_word' id='word_1_161' title='bbox 1993 2326 2146 2379; x_wconf 82' lang='lat' dir='ltr'><strong>homo</strong></span> <span class='ocrx_word' id='word_1_162' title='bbox 2183 2338 2303 2375; x_wconf 84' lang='lat' dir='ltr'><strong>cum</strong></span> 
     </span>
    </p>
   </div>
   <div class='ocr_carea' id='block_1_25' title="bbox 722 2411 2301 2498">
    <p class='ocr_par' dir='ltr' id='par_1_25' title="bbox 722 2411 2301 2498">
     <span class='ocr_line' id='line_1_25' title="bbox 722 2411 2301 2498; baseline -0.018 -8"><span class='ocrx_word' id='word_1_163' title='bbox 722 2411 844 2498; x_wconf 76' lang='lat' dir='ltr'><strong>sim,</strong></span> <span class='ocrx_word' id='word_1_164' title='bbox 873 2411 921 2486; x_wconf 76' lang='lat' dir='ltr'><strong>et</strong></span> <span class='ocrx_word' id='word_1_165' title='bbox 950 2429 1220 2486; x_wconf 80' lang='lat' dir='ltr'><strong>immunda</strong></span> <span class='ocrx_word' id='word_1_166' title='bbox 1262 2425 1403 2479; x_wconf 92' lang='lat' dir='ltr'><strong>labia</strong></span> <span class='ocrx_word' id='word_1_167' title='bbox 1432 2422 1673 2481; x_wconf 84' lang='lat' dir='ltr'><strong>habeam,</strong></span> <span class='ocrx_word' id='word_1_168' title='bbox 1702 2420 1758 2472; x_wconf 85' lang='lat' dir='ltr'><strong>in</strong></span> <span class='ocrx_word' id='word_1_169' title='bbox 1801 2416 1968 2471; x_wconf 80' lang='lat' dir='ltr'><strong>medio</strong></span> <span class='ocrx_word' id='word_1_170' title='bbox 1996 2411 2175 2485; x_wconf 78' lang='lat' dir='ltr'><strong>pepuli</strong></span> <span class='ocrx_word' id='word_1_171' title='bbox 2196 2411 2301 2463; x_wconf 87' lang='lat' dir='ltr'><strong>im-</strong></span> 
     </span>
    </p>
   </div>
   <div class='ocr_carea' id='block_1_26' title="bbox 726 2501 2304 2584">
    <p class='ocr_par' dir='ltr' id='par_1_26' title="bbox 726 2501 2304 2584">
     <span class='ocr_line' id='line_1_26' title="bbox 726 2501 2304 2584; baseline -0.015 -6"><span class='ocrx_word' id='word_1_172' title='bbox 726 2524 922 2579; x_wconf 81' lang='lat' dir='ltr'><strong>munda</strong></span> <span class='ocrx_word' id='word_1_173' title='bbox 955 2520 1098 2575; x_wconf 86' lang='lat' dir='ltr'><strong>labia</strong></span> <span class='ocrx_word' id='word_1_174' title='bbox 1131 2517 1389 2578; x_wconf 77' lang='lat' dir='ltr'><strong>habentis,</strong></span> <span class='ocrx_word' id='word_1_175' title='bbox 1436 2529 1530 2584; x_wconf 87' lang='lat' dir='ltr'><strong>ego</strong></span> <span class='ocrx_word' id='word_1_176' title='bbox 1576 2512 1783 2576; x_wconf 76' lang='lat' dir='ltr'><strong>habito;</strong></span> <span class='ocrx_word' id='word_1_177' title='bbox 1817 2516 1867 2563; x_wconf 86' lang='lat' dir='ltr'><strong>et</strong></span> <span class='ocrx_word' id='word_1_178' title='bbox 1918 2520 2094 2578; x_wconf 85' lang='lat' dir='ltr'><strong>regem</strong></span> <span class='ocrx_word' id='word_1_179' title='bbox 2125 2501 2304 2558; x_wconf 80' lang='lat' dir='ltr'><strong>Domi-</strong></span> 
     </span>
    </p>
   </div>
   <div class='ocr_carea' id='block_1_27' title="bbox 725 2604 1667 2670">
    <p class='ocr_par' dir='ltr' id='par_1_27' title="bbox 725 2604 1667 2670">
     <span class='ocr_line' id='line_1_27' title="bbox 725 2604 1667 2670; baseline -0.014 0"><span class='ocrx_word' id='word_1_180' title='bbox 725 2631 855 2670; x_wconf 79' lang='lat' dir='ltr'><strong>num</strong></span> <span class='ocrx_word' id='word_1_181' title='bbox 880 2611 1111 2668; x_wconf 82' lang='lat' dir='ltr'><strong>Sabaoth</strong></span> <span class='ocrx_word' id='word_1_182' title='bbox 1138 2609 1242 2664; x_wconf 79' lang='lat' dir='ltr'><strong>vidi</strong></span> <span class='ocrx_word' id='word_1_183' title='bbox 1273 2606 1435 2661; x_wconf 81' lang='lat' dir='ltr'><strong>oculis</strong></span> <span class='ocrx_word' id='word_1_184' title='bbox 1475 2605 1601 2659; x_wconf 76' lang='lat' dir='ltr'><strong>meis</strong></span> <span class='ocrx_word' id='word_1_185' title='bbox 1629 2604 1667 2656; x_wconf 85' lang='lat'><strong>&#39;.</strong></span> 
     </span>
    </p>
   </div>
   <div class='ocr_carea' id='block_1_28' title="bbox 798 2779 2304 2862">
    <p class='ocr_par' dir='ltr' id='par_1_28' title="bbox 798 2779 2304 2862">
     <span class='ocr_line' id='line_1_28' title="bbox 798 2779 2304 2862; baseline -0.014 -9"><span class='ocrx_word' id='word_1_186' title='bbox 798 2798 886 2853; x_wconf 80' lang='grc'>15.</span> <span class='ocrx_word' id='word_1_187' title='bbox 919 2794 1065 2852; x_wconf 88' lang='lat' dir='ltr'><strong>Fieri</strong></span> <span class='ocrx_word' id='word_1_188' title='bbox 1114 2806 1224 2847; x_wconf 85' lang='lat' dir='ltr'><strong>non</strong></span> <span class='ocrx_word' id='word_1_189' title='bbox 1273 2797 1475 2862; x_wconf 87' lang='lat' dir='ltr'><strong>potest,</strong></span> <span class='ocrx_word' id='word_1_190' title='bbox 1510 2797 1573 2843; x_wconf 87' lang='lat' dir='ltr'><strong>ut</strong></span> <span class='ocrx_word' id='word_1_191' title='bbox 1621 2785 1717 2857; x_wconf 88' lang='lat' dir='ltr'><strong>qui</strong></span> <span class='ocrx_word' id='word_1_192' title='bbox 1752 2785 1924 2840; x_wconf 89' lang='lat' dir='ltr'><strong>Deum</strong></span> <span class='ocrx_word' id='word_1_193' title='bbox 1964 2779 2163 2851; x_wconf 77' lang='lat' dir='ltr'><strong>diligit,</strong></span> <span class='ocrx_word' id='word_1_194' title='bbox 2191 2793 2304 2834; x_wconf 92' lang='lat' dir='ltr'><strong>non</strong></span> 
     </span>
    </p>
   </div>
   <div class='ocr_carea' id='block_1_29' title="bbox 726 2869 2308 2959">
    <p class='ocr_par' dir='ltr' id='par_1_29' title="bbox 726 2869 2308 2959">
     <span class='ocr_line' id='line_1_29' title="bbox 726 2869 2308 2959; baseline -0.016 -12"><span class='ocrx_word' id='word_1_195' title='bbox 726 2891 895 2949; x_wconf 87' lang='lat' dir='ltr'><strong>etiam</strong></span> <span class='ocrx_word' id='word_1_196' title='bbox 924 2885 1233 2959; x_wconf 77' lang='lat' dir='ltr'><strong>proximum</strong></span> <span class='ocrx_word' id='word_1_197' title='bbox 1265 2883 1410 2937; x_wconf 91' lang='lat' dir='ltr'><strong>sicut</strong></span> <span class='ocrx_word' id='word_1_198' title='bbox 1435 2880 1679 2950; x_wconf 80' lang='lat' dir='ltr'><strong>seipsqu</strong></span> <span class='ocrx_word' id='word_1_199' title='bbox 1710 2875 1933 2947; x_wconf 81' lang='lat' dir='ltr'><strong>diligat;</strong></span> <span class='ocrx_word' id='word_1_200' title='bbox 1982 2870 2201 2927; x_wconf 81' lang='lat' dir='ltr'><strong>tametsi</strong></span> <span class='ocrx_word' id='word_1_201' title='bbox 2241 2869 2308 2924; x_wconf 88' lang='lat' dir='ltr'><strong>il-</strong></span> 
     </span>
    </p>
   </div>
   <div class='ocr_carea' id='block_1_30' title="bbox 729 2965 2304 3044">
    <p class='ocr_par' dir='ltr' id='par_1_30' title="bbox 729 2965 2304 3044">
     <span class='ocr_line' id='line_1_30' title="bbox 729 2965 2304 3044; baseline -0.016 -4"><span class='ocrx_word' id='word_1_202' title='bbox 729 2987 909 3040; x_wconf 90' lang='lat' dir='ltr'><strong>lorum</strong></span> <span class='ocrx_word' id='word_1_203' title='bbox 939 2981 1168 3036; x_wconf 70' lang='lat' dir='ltr'><strong>allectus</strong></span> <span class='ocrx_word' id='word_1_204' title='bbox 1200 2985 1257 3032; x_wconf 86' lang='lat' dir='ltr'><strong>et</strong></span> <span class='ocrx_word' id='word_1_205' title='bbox 1283 2976 1440 3042; x_wconf 89' lang='lat' dir='ltr'><strong>vitia,</strong></span> <span class='ocrx_word' id='word_1_206' title='bbox 1477 2974 1573 3044; x_wconf 89' lang='lat' dir='ltr'><strong>qui</strong></span> <span class='ocrx_word' id='word_1_207' title='bbox 1614 2970 1859 3026; x_wconf 88' lang='lat' dir='ltr'><strong>nondum</strong></span> <span class='ocrx_word' id='word_1_208' title='bbox 1894 2965 2112 3037; x_wconf 79' lang='lat' dir='ltr'><strong>purgati</strong></span> <span class='ocrx_word' id='word_1_209' title='bbox 2155 2970 2304 3029; x_wconf 88' lang='lat' dir='ltr'><strong>sunt,</strong></span> 
     </span>
    </p>
   </div>
   <div class='ocr_carea' id='block_1_31' title="bbox 728 3053 2311 3147">
    <p class='ocr_par' dir='ltr' id='par_1_31' title="bbox 728 3053 2311 3147">
     <span class='ocr_line' id='line_1_31' title="bbox 728 3053 2311 3147; baseline -0.016 -14"><span class='ocrx_word' id='word_1_210' title='bbox 728 3090 872 3147; x_wconf 65' lang='lat' dir='ltr'><strong>aegre</strong></span> <span class='ocrx_word' id='word_1_211' title='bbox 903 3073 1047 3127; x_wconf 83' lang='lat' dir='ltr'><strong>ferat</strong></span> <span class='ocrx_word' id='word_1_212' title='bbox 1077 3089 1090 3125; x_wconf 93' lang='lat'><strong>:</strong></span> <span class='ocrx_word' id='word_1_213' title='bbox 1129 3070 1339 3127; x_wconf 86' lang='lat' dir='ltr'><strong>idcirco</strong></span> <span class='ocrx_word' id='word_1_214' title='bbox 1374 3067 1540 3122; x_wconf 83' lang='lat' dir='ltr'><strong>etiam</strong></span> <span class='ocrx_word' id='word_1_215' title='bbox 1571 3064 1703 3120; x_wconf 90' lang='lat' dir='ltr'><strong>dum</strong></span> <span class='ocrx_word' id='word_1_216' title='bbox 1735 3076 1830 3117; x_wconf 87' lang='lat' dir='ltr'><strong>cos</strong></span> <span class='ocrx_word' id='word_1_217' title='bbox 1862 3056 2110 3115; x_wconf 90' lang='lat' dir='ltr'><strong>converti</strong></span> <span class='ocrx_word' id='word_1_218' title='bbox 2153 3063 2211 3110; x_wconf 92' lang='lat' dir='ltr'><strong>et</strong></span> <span class='ocrx_word' id='word_1_219' title='bbox 2236 3053 2311 3108; x_wconf 64' lang='lat' dir='ltr'><strong>ad.</strong></span> 
     </span>
    </p>
   </div>
   <div class='ocr_carea' id='block_1_32' title="bbox 2391 582 3972 659">
    <p class='ocr_par' dir='ltr' id='par_1_32' title="bbox 2391 582 3972 659">
     <span class='ocr_line' id='line_1_32' title="bbox 2391 582 3972 659; baseline 0.003 -17"><span class='ocrx_word' id='word_1_220' title='bbox 2391 603 2561 650; x_wconf 73' lang='grc' dir='ltr'>σεωςσ</span> <span class='ocrx_word' id='word_1_221' title='bbox 2595 587 2786 641; x_wconf 85' lang='grc' dir='ltr'>τοῦτον</span> <span class='ocrx_word' id='word_1_222' title='bbox 2821 586 2879 640; x_wconf 78' lang='grc' dir='ltr'>δὲ</span> <span class='ocrx_word' id='word_1_223' title='bbox 2914 587 2949 657; x_wconf 79' lang='grc' dir='ltr'>ἡ</span> <span class='ocrx_word' id='word_1_224' title='bbox 3000 587 3080 648; x_wconf 85' lang='grc' dir='ltr'><strong>είς</strong></span> <span class='ocrx_word' id='word_1_225' title='bbox 3114 584 3249 638; x_wconf 79' lang='grc' dir='ltr'>Θεὸν</span> <span class='ocrx_word' id='word_1_226' title='bbox 3284 583 3473 653; x_wconf 80' lang='grc' dir='ltr'><strong>ἀγάπη</strong></span> <span class='ocrx_word' id='word_1_227' title='bbox 3522 583 3699 659; x_wconf 73' lang='grc' dir='ltr'>τίκτει</span> <span class='ocrx_word' id='word_1_228' title='bbox 3720 600 3733 614; x_wconf 89' lang='grc'><strong>·</strong></span> <span class='ocrx_word' id='word_1_229' title='bbox 3762 582 3972 650; x_wconf 69' lang='grc' dir='ltr'>καλῶς.</span> 
     </span>
    </p>
   </div>
   <div class='ocr_carea' id='block_1_33' title="bbox 2389 673 3643 747">
    <p class='ocr_par' dir='ltr' id='par_1_33' title="bbox 2389 673 3643 747">
     <span class='ocr_line' id='line_1_33' title="bbox 2389 673 3643 747; baseline -0.006 -13"><span class='ocrx_word' id='word_1_230' title='bbox 2389 678 2556 734; x_wconf 83' lang='grc' dir='ltr'>Οὐδὲν</span> <span class='ocrx_word' id='word_1_231' title='bbox 2580 676 2677 747; x_wconf 75' lang='grc' dir='ltr'>τῆς</span> <span class='ocrx_word' id='word_1_232' title='bbox 2704 677 2857 740; x_wconf 84' lang='grc' dir='ltr'>θείας</span> <span class='ocrx_word' id='word_1_233' title='bbox 2879 675 3122 744; x_wconf 79' lang='grc' dir='ltr'><strong>ἀγάπης,</strong></span> <span class='ocrx_word' id='word_1_234' title='bbox 3161 674 3399 745; x_wconf 69' lang='grc' dir='ltr'>εἴρηται,</span> <span class='ocrx_word' id='word_1_235' title='bbox 3434 673 3643 744; x_wconf 73' lang='grc' dir='ltr'>μεῖζον.</span> 
     </span>
    </p>
   </div>
   <div class='ocr_carea' id='block_1_34' title="bbox 2463 761 3973 837">
    <p class='ocr_par' dir='ltr' id='par_1_34' title="bbox 2463 761 3973 837">
     <span class='ocr_line' id='line_1_34' title="bbox 2463 761 3973 837; baseline -0.004 -16"><span class='ocrx_word' id='word_1_236' title='bbox 2463 774 2514 822; x_wconf 83' lang='grc' dir='ltr'>ι’.</span> <span class='ocrx_word' id='word_1_237' title='bbox 2557 768 2730 820; x_wconf 82' lang='grc' dir='ltr'><strong>Ὅταν</strong></span> <span class='ocrx_word' id='word_1_238' title='bbox 2773 766 2853 835; x_wconf 78' lang='grc' dir='ltr'>τῷ</span> <span class='ocrx_word' id='word_1_239' title='bbox 2886 767 3049 837; x_wconf 73' lang='grc' dir='ltr'>ἔρωτι</span> <span class='ocrx_word' id='word_1_240' title='bbox 3080 764 3179 833; x_wconf 83' lang='grc' dir='ltr'>τῆς</span> <span class='ocrx_word' id='word_1_241' title='bbox 3208 765 3432 834; x_wconf 82' lang='grc' dir='ltr'><strong>ἀγάπης</strong></span> <span class='ocrx_word' id='word_1_242' title='bbox 3462 763 3600 833; x_wconf 75' lang='grc' dir='ltr'>πρὸς</span> <span class='ocrx_word' id='word_1_243' title='bbox 3632 763 3765 817; x_wconf 84' lang='grc' dir='ltr'>Θεὸν</span> <span class='ocrx_word' id='word_1_244' title='bbox 3790 765 3821 815; x_wconf 97' lang='lat'><strong>6</strong></span> <span class='ocrx_word' id='word_1_245' title='bbox 3845 761 3973 827; x_wconf 86' lang='grc' dir='ltr'>νοῦς</span> 
     </span>
    </p>
   </div>
   <div class='ocr_carea' id='block_1_35' title="bbox 2393 855 3975 933">
    <p class='ocr_par' dir='ltr' id='par_1_35' title="bbox 2393 855 3975 933">
     <span class='ocr_line' id='line_1_35' title="bbox 2393 855 3975 933; baseline -0.006 -15"><span class='ocrx_word' id='word_1_246' title='bbox 2393 863 2629 933; x_wconf 78' lang='grc' dir='ltr'>ὲκδημῇ,</span> <span class='ocrx_word' id='word_1_247' title='bbox 2650 861 2774 914; x_wconf 83' lang='grc' dir='ltr'>τότε</span> <span class='ocrx_word' id='word_1_248' title='bbox 2804 860 2927 914; x_wconf 79' lang='grc' dir='ltr'>οὗτε</span> <span class='ocrx_word' id='word_1_249' title='bbox 2961 857 3154 913; x_wconf 74' lang='grc' dir='ltr'>ἑαυτοῦ</span> <span class='ocrx_word' id='word_1_250' title='bbox 3188 855 3310 910; x_wconf 77' lang='grc' dir='ltr'>οὔτε</span> <span class='ocrx_word' id='word_1_251' title='bbox 3334 856 3475 919; x_wconf 82' lang='grc' dir='ltr'>τινὸς</span> <span class='ocrx_word' id='word_1_252' title='bbox 3506 856 3614 910; x_wconf 78' lang='grc' dir='ltr'>τῶν</span> <span class='ocrx_word' id='word_1_253' title='bbox 3641 856 3816 910; x_wconf 74' lang='grc' dir='ltr'>ὄντων</span> <span class='ocrx_word' id='word_1_254' title='bbox 3837 872 3975 910; x_wconf 74' lang='lat' dir='ltr'><strong>mv-</strong></span> 
     </span>
    </p>
   </div>
   <div class='ocr_carea' id='block_1_36' title="bbox 2389 946 3977 1017">
    <p class='ocr_par' dir='ltr' id='par_1_36' title="bbox 2389 946 3977 1017">
     <span class='ocr_line' id='line_1_36' title="bbox 2389 946 3977 1017; baseline -0.007 -8"><span class='ocrx_word' id='word_1_255' title='bbox 2389 957 2597 1009; x_wconf 83' lang='grc' dir='ltr'>τάπασι</span> <span class='ocrx_word' id='word_1_256' title='bbox 2618 954 3032 1007; x_wconf 66' lang='grc' dir='ltr'>ἐπαισθάνεται.</span> <span class='ocrx_word' id='word_1_257' title='bbox 3080 948 3217 1002; x_wconf 87' lang='grc' dir='ltr'>Ὑπὸ</span> <span class='ocrx_word' id='word_1_258' title='bbox 3239 952 3350 1017; x_wconf 82' lang='grc' dir='ltr'><strong>γάρ</strong></span> <span class='ocrx_word' id='word_1_259' title='bbox 3385 946 3480 1001; x_wconf 83' lang='grc' dir='ltr'><strong>τοῦ</strong></span> <span class='ocrx_word' id='word_1_260' title='bbox 3515 947 3663 1000; x_wconf 97' lang='grc' dir='ltr'>θείου</span> <span class='ocrx_word' id='word_1_261' title='bbox 3689 948 3784 999; x_wconf 76' lang='grc' dir='ltr'>καὶ</span> <span class='ocrx_word' id='word_1_262' title='bbox 3815 946 3977 1001; x_wconf 80' lang='grc' dir='ltr'>ἀπεί-</span> 
     </span>
    </p>
   </div>
   <div class='ocr_carea' id='block_1_37' title="bbox 2391 1038 3977 1118">
    <p class='ocr_par' dir='ltr' id='par_1_37' title="bbox 2391 1038 3977 1118">
     <span class='ocr_line' id='line_1_37' title="bbox 2391 1038 3977 1118; baseline -0.008 -18"><span class='ocrx_word' id='word_1_263' title='bbox 2391 1064 2487 1118; x_wconf 78' lang='grc' dir='ltr'><strong>ρου</strong></span> <span class='ocrx_word' id='word_1_264' title='bbox 2524 1044 2698 1114; x_wconf 75' lang='grc' dir='ltr'>φωτὸς</span> <span class='ocrx_word' id='word_1_265' title='bbox 2727 1042 3241 1113; x_wconf 76' lang='grc' dir='ltr'><strong>καταλαμπόμενος,</strong></span> <span class='ocrx_word' id='word_1_266' title='bbox 3274 1039 3594 1109; x_wconf 80' lang='grc' dir='ltr'>ἀναισθητεί</span> <span class='ocrx_word' id='word_1_267' title='bbox 3619 1038 3760 1110; x_wconf 84' lang='grc' dir='ltr'>πρὸς</span> <span class='ocrx_word' id='word_1_268' title='bbox 3790 1038 3977 1090; x_wconf 84' lang='grc' dir='ltr'>πάντα</span> 
     </span>
    </p>
   </div>
   <div class='ocr_carea' id='block_1_38' title="bbox 2389 1126 3977 1202">
    <p class='ocr_par' dir='ltr' id='par_1_38' title="bbox 2389 1126 3977 1202">
     <span class='ocr_line' id='line_1_38' title="bbox 2389 1126 3977 1202; baseline -0.008 -12"><span class='ocrx_word' id='word_1_269' title='bbox 2389 1137 2460 1190; x_wconf 80' lang='grc' dir='ltr'><strong>τά</strong></span> <span class='ocrx_word' id='word_1_270' title='bbox 2499 1137 2590 1189; x_wconf 76' lang='grc' dir='ltr'><strong>ὑπ’</strong></span> <span class='ocrx_word' id='word_1_271' title='bbox 2630 1133 2795 1189; x_wconf 79' lang='grc' dir='ltr'>αὐτοῦ</span> <span class='ocrx_word' id='word_1_272' title='bbox 2845 1133 3142 1202; x_wconf 80' lang='grc' dir='ltr'><strong>γεγονότα·</strong></span> <span class='ocrx_word' id='word_1_273' title='bbox 3191 1130 3446 1199; x_wconf 83' lang='grc' dir='ltr'>καθάπερ</span> <span class='ocrx_word' id='word_1_274' title='bbox 3505 1127 3601 1182; x_wconf 85' lang='grc' dir='ltr'>καὶ</span> <span class='ocrx_word' id='word_1_275' title='bbox 3640 1131 3669 1182; x_wconf 92' lang='lat'><strong>6</strong></span> <span class='ocrx_word' id='word_1_276' title='bbox 3713 1126 3977 1197; x_wconf 72' lang='grc' dir='ltr'>αἰσθητὸς</span> 
     </span>
    </p>
   </div>
   <div class='ocr_carea' id='block_1_39' title="bbox 2389 1218 3975 1298">
    <p class='ocr_par' dir='ltr' id='par_1_39' title="bbox 2389 1218 3975 1298">
     <span class='ocr_line' id='line_1_39' title="bbox 2389 1218 3975 1298; baseline -0.007 -18"><span class='ocrx_word' id='word_1_277' title='bbox 2389 1226 2667 1297; x_wconf 73' lang='grc' dir='ltr'>ὀφθαλμὸς</span> <span class='ocrx_word' id='word_1_278' title='bbox 2701 1225 2836 1298; x_wconf 87' lang='grc' dir='ltr'>πρὸς</span> <span class='ocrx_word' id='word_1_279' title='bbox 2862 1224 2991 1287; x_wconf 84' lang='grc' dir='ltr'>τοὺς</span> <span class='ocrx_word' id='word_1_280' title='bbox 3032 1225 3290 1294; x_wconf 82' lang='grc' dir='ltr'><strong>ἀστέρας,</strong></span> <span class='ocrx_word' id='word_1_281' title='bbox 3313 1220 3409 1275; x_wconf 87' lang='grc' dir='ltr'><strong>τοῦ</strong></span> <span class='ocrx_word' id='word_1_282' title='bbox 3448 1220 3602 1291; x_wconf 77' lang='grc' dir='ltr'>ἡλίου</span> <span class='ocrx_word' id='word_1_283' title='bbox 3648 1218 3975 1273; x_wconf 78' lang='grc' dir='ltr'>ἀνατέλλον-</span> 
     </span>
    </p>
   </div>
   <div class='ocr_carea' id='block_1_40' title="bbox 2389 1340 2502 1384">
    <p class='ocr_par' dir='ltr' id='par_1_40' title="bbox 2389 1340 2502 1384">
     <span class='ocr_line' id='line_1_40' title="bbox 2389 1340 2502 1384; baseline 0 -8"><span class='ocrx_word' id='word_1_284' title='bbox 2389 1340 2502 1384; x_wconf 82' lang='grc' dir='ltr'>τος.</span> 
     </span>
    </p>
   </div>
   <div class='ocr_carea' id='block_1_41' title="bbox 2465 1401 3978 1482">
    <p class='ocr_par' dir='ltr' id='par_1_41' title="bbox 2465 1401 3978 1482">
     <span class='ocr_line' id='line_1_41' title="bbox 2465 1401 3978 1482; baseline -0.011 -13"><span class='ocrx_word' id='word_1_285' title='bbox 2465 1422 2555 1469; x_wconf 90' lang='grc' dir='ltr'>ια’.</span> <span class='ocrx_word' id='word_1_286' title='bbox 2600 1416 2781 1468; x_wconf 75' lang='grc' dir='ltr'>Ιιᾶσαι</span> <span class='ocrx_word' id='word_1_287' title='bbox 2821 1411 2921 1482; x_wconf 72' lang='grc' dir='ltr'>μὶν</span> <span class='ocrx_word' id='word_1_288' title='bbox 2956 1409 3013 1464; x_wconf 82' lang='lat' dir='ltr'><strong>al</strong></span> <span class='ocrx_word' id='word_1_289' title='bbox 3041 1409 3237 1480; x_wconf 74' lang='grc' dir='ltr'>ἀρεταὶ</span> <span class='ocrx_word' id='word_1_290' title='bbox 3276 1404 3601 1477; x_wconf 79' lang='grc' dir='ltr'><strong>συνεργοῦσι</strong></span> <span class='ocrx_word' id='word_1_291' title='bbox 3624 1402 3703 1473; x_wconf 83' lang='grc' dir='ltr'>τῷ</span> <span class='ocrx_word' id='word_1_292' title='bbox 3730 1401 3808 1472; x_wconf 84' lang='grc' dir='ltr'>νῷ</span> <span class='ocrx_word' id='word_1_293' title='bbox 3837 1401 3978 1471; x_wconf 85' lang='grc' dir='ltr'>πρὸς</span> 
     </span>
    </p>
   </div>
   <div class='ocr_carea' id='block_1_42' title="bbox 2391 1497 3976 1576">
    <p class='ocr_par' dir='ltr' id='par_1_42' title="bbox 2391 1497 3976 1576">
     <span class='ocr_line' id='line_1_42' title="bbox 2391 1497 3976 1576; baseline -0.011 -15"><span class='ocrx_word' id='word_1_294' title='bbox 2391 1509 2481 1562; x_wconf 88' lang='grc' dir='ltr'><strong>τὸν</strong></span> <span class='ocrx_word' id='word_1_295' title='bbox 2512 1507 2653 1560; x_wconf 81' lang='grc' dir='ltr'>θεῖον</span> <span class='ocrx_word' id='word_1_296' title='bbox 2682 1504 2880 1576; x_wconf 80' lang='grc' dir='ltr'>ἔρωτα,</span> <span class='ocrx_word' id='word_1_297' title='bbox 2906 1502 3069 1554; x_wconf 83' lang='grc' dir='ltr'>πλέον</span> <span class='ocrx_word' id='word_1_298' title='bbox 3093 1501 3151 1555; x_wconf 74' lang='grc' dir='ltr'>δὲ</span> <span class='ocrx_word' id='word_1_299' title='bbox 3175 1500 3396 1554; x_wconf 88' lang='grc' dir='ltr'>πάντων</span> <span class='ocrx_word' id='word_1_300' title='bbox 3420 1501 3453 1569; x_wconf 77' lang='grc' dir='ltr'>ἡ</span> <span class='ocrx_word' id='word_1_301' title='bbox 3474 1497 3692 1567; x_wconf 77' lang='grc' dir='ltr'>καθαρά</span> <span class='ocrx_word' id='word_1_302' title='bbox 3728 1510 3976 1566; x_wconf 82' lang='grc' dir='ltr'>προσευ-</span> 
     </span>
    </p>
   </div>
   <div class='ocr_carea' id='block_1_43' title="bbox 2391 1584 3977 1671">
    <p class='ocr_par' dir='ltr' id='par_1_43' title="bbox 2391 1584 3977 1671">
     <span class='ocr_line' id='line_1_43' title="bbox 2391 1584 3977 1671; baseline -0.01 -18"><span class='ocrx_word' id='word_1_303' title='bbox 2391 1601 2486 1671; x_wconf 82' lang='grc' dir='ltr'>χή.</span> <span class='ocrx_word' id='word_1_304' title='bbox 2515 1598 2613 1651; x_wconf 87' lang='grc' dir='ltr'>Διά</span> <span class='ocrx_word' id='word_1_305' title='bbox 2633 1597 2837 1665; x_wconf 76' lang='grc' dir='ltr'>ταύτης</span> <span class='ocrx_word' id='word_1_306' title='bbox 2861 1596 2969 1665; x_wconf 85' lang='grc' dir='ltr'><strong>γάρ</strong></span> <span class='ocrx_word' id='word_1_307' title='bbox 2996 1592 3133 1665; x_wconf 87' lang='grc' dir='ltr'>πρὸς</span> <span class='ocrx_word' id='word_1_308' title='bbox 3160 1591 3251 1645; x_wconf 86' lang='grc' dir='ltr'><strong>τὸν</strong></span> <span class='ocrx_word' id='word_1_309' title='bbox 3283 1590 3417 1644; x_wconf 82' lang='grc' dir='ltr'>Θεὸν</span> <span class='ocrx_word' id='word_1_310' title='bbox 3445 1588 3649 1662; x_wconf 77' lang='grc' dir='ltr'>πτεροῦ</span> <span class='ocrx_word' id='word_1_311' title='bbox 3659 1604 3848 1660; x_wconf 81' lang='grc' dir='ltr'>μενος,</span> <span class='ocrx_word' id='word_1_312' title='bbox 3866 1584 3977 1651; x_wconf 74' lang='grc' dir='ltr'><strong>ἔξω</strong></span> 
     </span>
    </p>
   </div>
   <div class='ocr_carea' id='block_1_44' title="bbox 2394 1686 3208 1761">
    <p class='ocr_par' dir='ltr' id='par_1_44' title="bbox 2394 1686 3208 1761">
     <span class='ocr_line' id='line_1_44' title="bbox 2394 1686 3208 1761; baseline -0.009 -16"><span class='ocrx_word' id='word_1_313' title='bbox 2394 1692 2601 1761; x_wconf 75' lang='grc' dir='ltr'>γίνεται</span> <span class='ocrx_word' id='word_1_314' title='bbox 2631 1689 2849 1743; x_wconf 78' lang='grc' dir='ltr'>πάντων</span> <span class='ocrx_word' id='word_1_315' title='bbox 2875 1687 2985 1740; x_wconf 83' lang='grc' dir='ltr'><strong>τῶν</strong></span> <span class='ocrx_word' id='word_1_316' title='bbox 3021 1686 3208 1739; x_wconf 73' lang='grc' dir='ltr'>ὄντων.</span> 
     </span>
    </p>
   </div>
   <div class='ocr_carea' id='block_1_45' title="bbox 2472 1854 3980 1944">
    <p class='ocr_par' dir='ltr' id='par_1_45' title="bbox 2472 1854 3980 1944">
     <span class='ocr_line' id='line_1_45' title="bbox 2472 1854 3980 1944; baseline -0.013 -18"><span class='ocrx_word' id='word_1_317' title='bbox 2472 1870 2561 1944; x_wconf 77' lang='grc' dir='ltr'>ιβ’.</span> <span class='ocrx_word' id='word_1_318' title='bbox 2591 1871 2758 1923; x_wconf 87' lang='grc' dir='ltr'>Ὅταν</span> <span class='ocrx_word' id='word_1_319' title='bbox 2785 1865 2872 1920; x_wconf 79' lang='grc' dir='ltr'><strong>διὰ</strong></span> <span class='ocrx_word' id='word_1_320' title='bbox 2891 1864 2994 1935; x_wconf 81' lang='grc' dir='ltr'>τῆς</span> <span class='ocrx_word' id='word_1_321' title='bbox 3022 1862 3245 1933; x_wconf 81' lang='grc' dir='ltr'>ἀγάπης</span> <span class='ocrx_word' id='word_1_322' title='bbox 3268 1861 3373 1915; x_wconf 85' lang='grc' dir='ltr'>ὑπὸ</span> <span class='ocrx_word' id='word_1_323' title='bbox 3403 1858 3501 1931; x_wconf 77' lang='grc' dir='ltr'>τῆς</span> <span class='ocrx_word' id='word_1_324' title='bbox 3541 1857 3691 1920; x_wconf 86' lang='grc' dir='ltr'>θείας</span> <span class='ocrx_word' id='word_1_325' title='bbox 3720 1854 3980 1925; x_wconf 76' lang='grc' dir='ltr'>γνιῖισεως</span> 
     </span>
    </p>
   </div>
   <div class='ocr_carea' id='block_1_46' title="bbox 2397 1945 3980 2031">
    <p class='ocr_par' dir='ltr' id='par_1_46' title="bbox 2397 1945 3980 2031">
     <span class='ocr_line' id='line_1_46' title="bbox 2397 1945 3980 2031; baseline -0.014 -11"><span class='ocrx_word' id='word_1_326' title='bbox 2397 1967 2426 2020; x_wconf 91' lang='lat'><strong>6</strong></span> <span class='ocrx_word' id='word_1_327' title='bbox 2450 1964 2573 2025; x_wconf 87' lang='grc' dir='ltr'>νοῦς</span> <span class='ocrx_word' id='word_1_328' title='bbox 2610 1961 2858 2031; x_wconf 78' lang='grc' dir='ltr'>ἁρπαγῇ,</span> <span class='ocrx_word' id='word_1_329' title='bbox 2897 1956 2993 2011; x_wconf 77' lang='grc' dir='ltr'>καὶ</span> <span class='ocrx_word' id='word_1_330' title='bbox 3033 1953 3139 2020; x_wconf 72' lang='grc' dir='ltr'><strong>ἔξω</strong></span> <span class='ocrx_word' id='word_1_331' title='bbox 3176 1953 3468 2023; x_wconf 84' lang='grc' dir='ltr'>γενόμενος</span> <span class='ocrx_word' id='word_1_332' title='bbox 3513 1949 3624 2002; x_wconf 82' lang='grc' dir='ltr'><strong>τῶν</strong></span> <span class='ocrx_word' id='word_1_333' title='bbox 3674 1948 3849 2002; x_wconf 71' lang='grc' dir='ltr'>ὅντων</span> <span class='ocrx_word' id='word_1_334' title='bbox 3877 1945 3980 2014; x_wconf 78' lang='grc' dir='ltr'>τῆς</span> 
     </span>
    </p>
   </div>
   <div class='ocr_carea' id='block_1_47' title="bbox 2400 2037 3981 2119">
    <p class='ocr_par' dir='ltr' id='par_1_47' title="bbox 2400 2037 3981 2119">
     <span class='ocr_line' id='line_1_47' title="bbox 2400 2037 3981 2119; baseline -0.013 -10"><span class='ocrx_word' id='word_1_335' title='bbox 2400 2056 2552 2118; x_wconf 82' lang='grc' dir='ltr'>θείας</span> <span class='ocrx_word' id='word_1_336' title='bbox 2596 2049 2991 2119; x_wconf 74' lang='grc' dir='ltr'><strong>ἐπαισθάνηται</strong></span> <span class='ocrx_word' id='word_1_337' title='bbox 3033 2044 3312 2118; x_wconf 80' lang='grc' dir='ltr'>ἀπειρίας,</span> <span class='ocrx_word' id='word_1_338' title='bbox 3345 2042 3466 2095; x_wconf 81' lang='grc' dir='ltr'>τότε</span> <span class='ocrx_word' id='word_1_339' title='bbox 3516 2039 3659 2093; x_wconf 86' lang='grc' dir='ltr'><strong>κατά</strong></span> <span class='ocrx_word' id='word_1_340' title='bbox 3707 2039 3800 2090; x_wconf 86' lang='grc' dir='ltr'><strong>τὸν</strong></span> <span class='ocrx_word' id='word_1_341' title='bbox 3836 2037 3981 2089; x_wconf 82' lang='grc' dir='ltr'>θεῖον</span> 
     </span>
    </p>
   </div>
   <div class='ocr_carea' id='block_1_48' title="bbox 2410 2127 3981 2209">
    <p class='ocr_par' dir='ltr' id='par_1_48' title="bbox 2410 2127 3981 2209">
     <span class='ocr_line' id='line_1_48' title="bbox 2410 2127 3981 2209; baseline 0.004 -8"><span class='ocrx_word' id='word_1_342' title='bbox 2410 2147 2643 2201; x_wconf 75' lang='grc' dir='ltr'>Ἡσαΐαν</span> <span class='ocrx_word' id='word_1_343' title='bbox 2681 2143 2788 2197; x_wconf 77' lang='grc' dir='ltr'>ὑπὸ</span> <span class='ocrx_word' id='word_1_344' title='bbox 2828 2137 3148 2209; x_wconf 72' lang='grc' dir='ltr'>ἐκπλήξεως</span> <span class='ocrx_word' id='word_1_345' title='bbox 3174 2137 3254 2198; x_wconf 78' lang='grc' dir='ltr'><strong>εις</strong></span> <span class='ocrx_word' id='word_1_346' title='bbox 3289 2131 3641 2201; x_wconf 77' lang='grc' dir='ltr'>συναίσθησιν</span> <span class='ocrx_word' id='word_1_347' title='bbox 3671 2127 3843 2182; x_wconf 69' lang='grc' dir='ltr'>ἐλθὼν</span> <span class='ocrx_word' id='word_1_348' title='bbox 3879 2128 3981 2197; x_wconf 71' lang='grc' dir='ltr'><strong>τῆς</strong></span> 
     </span>
    </p>
   </div>
   <div class='ocr_carea' id='block_1_49' title="bbox 2401 2217 3982 2299">
    <p class='ocr_par' dir='ltr' id='par_1_49' title="bbox 2401 2217 3982 2299">
     <span class='ocr_line' id='line_1_49' title="bbox 2401 2217 3982 2299; baseline -0.014 -6"><span class='ocrx_word' id='word_1_349' title='bbox 2401 2237 2593 2293; x_wconf 77' lang='grc' dir='ltr'>ἑαυτοῦ</span> <span class='ocrx_word' id='word_1_350' title='bbox 2621 2230 3006 2294; x_wconf 82' lang='grc' dir='ltr'>ταπεινώσεως</span> <span class='ocrx_word' id='word_1_351' title='bbox 3033 2271 3048 2295; x_wconf 90' lang='grc'><strong>,</strong></span> <span class='ocrx_word' id='word_1_352' title='bbox 3084 2227 3225 2299; x_wconf 83' lang='grc' dir='ltr'>μετὰ</span> <span class='ocrx_word' id='word_1_353' title='bbox 3258 2225 3547 2287; x_wconf 81' lang='grc' dir='ltr'>διαθέσεως</span> <span class='ocrx_word' id='word_1_354' title='bbox 3578 2221 3728 2290; x_wconf 80' lang='grc' dir='ltr'>λέγει</span> <span class='ocrx_word' id='word_1_355' title='bbox 3766 2219 3838 2273; x_wconf 83' lang='grc' dir='ltr'><strong>τά</strong></span> <span class='ocrx_word' id='word_1_356' title='bbox 3885 2217 3982 2271; x_wconf 78' lang='grc' dir='ltr'><strong>τοῦ</strong></span> 
     </span>
    </p>
   </div>
   <div class='ocr_carea' id='block_1_50' title="bbox 2400 2308 3980 2403">
    <p class='ocr_par' dir='ltr' id='par_1_50' title="bbox 2400 2308 3980 2403">
     <span class='ocr_line' id='line_1_50' title="bbox 2400 2308 3980 2403; baseline -0.014 -19"><span class='ocrx_word' id='word_1_357' title='bbox 2400 2329 2684 2403; x_wconf 55' lang='grc' dir='ltr'>προφήτου</span> <span class='ocrx_word' id='word_1_358' title='bbox 2719 2325 2973 2397; x_wconf 71' lang='grc' dir='ltr'>ῥήματαο</span> <span class='ocrx_word' id='word_1_359' title='bbox 3008 2321 3077 2375; x_wconf 83' lang='grc' dir='ltr'><strong><em>Ὦ</em></strong></span> <span class='ocrx_word' id='word_1_360' title='bbox 3122 2316 3311 2382; x_wconf 77' lang='grc' dir='ltr'>τάλας</span> <span class='ocrx_word' id='word_1_361' title='bbox 3332 2314 3465 2384; x_wconf 71' lang='grc' dir='ltr'><strong>ἐγὼ.</strong></span> <span class='ocrx_word' id='word_1_362' title='bbox 3494 2312 3585 2366; x_wconf 87' lang='grc' dir='ltr'>ὅτι</span> <span class='ocrx_word' id='word_1_363' title='bbox 3614 2308 3980 2378; x_wconf 72' lang='grc' dir='ltr'>κάων-ἐνυγ-</span> 
     </span>
    </p>
   </div>
   <div class='ocr_carea' id='block_1_51' title="bbox 2396 2400 3982 2496">
    <p class='ocr_par' dir='ltr' id='par_1_51' title="bbox 2396 2400 3982 2496">
     <span class='ocr_line' id='line_1_51' title="bbox 2396 2400 3982 2496; baseline -0.018 -17"><span class='ocrx_word' id='word_1_364' title='bbox 2396 2400 2503 2496; x_wconf 75' lang='grc' dir='ltr'><strong>μαι</strong></span> <span class='ocrx_word' id='word_1_365' title='bbox 2520 2439 2533 2454; x_wconf 87' lang='grc'><strong>·</strong></span> <span class='ocrx_word' id='word_1_366' title='bbox 2559 2421 2646 2475; x_wconf 82' lang='grc' dir='ltr'>ὅτι</span> <span class='ocrx_word' id='word_1_367' title='bbox 2671 2419 2982 2486; x_wconf 82' lang='grc' dir='ltr'>ἅνθρωπος</span> <span class='ocrx_word' id='word_1_368' title='bbox 3008 2412 3114 2474; x_wconf 76' lang='grc' dir='ltr'><strong>ὢν,</strong></span> <span class='ocrx_word' id='word_1_369' title='bbox 3143 2409 3241 2464; x_wconf 77' lang='grc' dir='ltr'><strong>καί</strong></span> <span class='ocrx_word' id='word_1_370' title='bbox 3263 2408 3569 2475; x_wconf 74' lang='grc' dir='ltr'>ἀκάθαρτα</span> <span class='ocrx_word' id='word_1_371' title='bbox 3587 2403 3762 2473; x_wconf 81' lang='grc' dir='ltr'>χείλη</span> <span class='ocrx_word' id='word_1_372' title='bbox 3798 2400 3982 2469; x_wconf 71' lang='grc' dir='ltr'>ἔχων,</span> 
     </span>
    </p>
   </div>
   <div class='ocr_carea' id='block_1_52' title="bbox 2400 2492 3967 2585">
    <p class='ocr_par' dir='ltr' id='par_1_52' title="bbox 2400 2492 3967 2585">
     <span class='ocr_line' id='line_1_52' title="bbox 2400 2492 3967 2585; baseline -0.018 -13"><span class='ocrx_word' id='word_1_373' title='bbox 2400 2492 2471 2571; x_wconf 56' lang='grc' dir='ltr'><em>ἓν</em></span> <span class='ocrx_word' id='word_1_374' title='bbox 2497 2514 2667 2585; x_wconf 80' lang='grc' dir='ltr'>μέσῳ</span> <span class='ocrx_word' id='word_1_375' title='bbox 2701 2506 2856 2565; x_wconf 83' lang='grc' dir='ltr'>λαοῦ</span> <span class='ocrx_word' id='word_1_376' title='bbox 2888 2505 3196 2570; x_wconf 79' lang='grc' dir='ltr'>ἀκάθαρτα</span> <span class='ocrx_word' id='word_1_377' title='bbox 3228 2499 3401 2569; x_wconf 74' lang='grc' dir='ltr'>χείλη</span> <span class='ocrx_word' id='word_1_378' title='bbox 3429 2497 3680 2566; x_wconf 76' lang='grc' dir='ltr'>ἔχοντος</span> <span class='ocrx_word' id='word_1_379' title='bbox 3706 2492 3824 2562; x_wconf 78' lang='grc' dir='ltr'><strong>ἐγὼ</strong></span> <span class='ocrx_word' id='word_1_380' title='bbox 3853 2507 3967 2545; x_wconf 82' lang='grc' dir='ltr'><strong>κατ</strong></span> 
     </span>
    </p>
   </div>
   <div class='ocr_carea' id='block_1_53' title="bbox 2403 2581 3984 2669">
    <p class='ocr_par' dir='ltr' id='par_1_53' title="bbox 2403 2581 3984 2669">
     <span class='ocr_line' id='line_1_53' title="bbox 2403 2581 3984 2669; baseline -0.017 -7"><span class='ocrx_word' id='word_1_381' title='bbox 2403 2581 2568 2669; x_wconf 62' lang='lat' dir='ltr'><strong>and),</strong></span> <span class='ocrx_word' id='word_1_382' title='bbox 2589 2602 2690 2658; x_wconf 77' lang='grc' dir='ltr'>καὶ</span> <span class='ocrx_word' id='word_1_383' title='bbox 2724 2601 2830 2655; x_wconf 78' lang='grc' dir='ltr'>τὸν</span> <span class='ocrx_word' id='word_1_384' title='bbox 2872 2593 3138 2665; x_wconf 75' lang='grc' dir='ltr'>βασιλέα</span> <span class='ocrx_word' id='word_1_385' title='bbox 3159 2593 3376 2662; x_wconf 75' lang='grc' dir='ltr'>Κύριον</span> <span class='ocrx_word' id='word_1_386' title='bbox 3402 2587 3644 2645; x_wconf 80' lang='grc' dir='ltr'>σαϐαὼθ</span> <span class='ocrx_word' id='word_1_387' title='bbox 3672 2582 3841 2640; x_wconf 78' lang='grc' dir='ltr'>εἶδον</span> <span class='ocrx_word' id='word_1_388' title='bbox 3861 2581 3984 2648; x_wconf 78' lang='grc' dir='ltr'>τοῖς</span> 
     </span>
    </p>
   </div>
   <div class='ocr_carea' id='block_1_54' title="bbox 2404 2694 2897 2771">
    <p class='ocr_par' dir='ltr' id='par_1_54' title="bbox 2404 2694 2897 2771">
     <span class='ocr_line' id='line_1_54' title="bbox 2404 2694 2897 2771; baseline -0.024 -14"><span class='ocrx_word' id='word_1_389' title='bbox 2404 2694 2736 2771; x_wconf 70' lang='grc' dir='ltr'>ὀφθαλμοῖς</span> <span class='ocrx_word' id='word_1_390' title='bbox 2755 2710 2897 2763; x_wconf 82' lang='grc' dir='ltr'>μου.</span> 
     </span>
    </p>
   </div>
   <div class='ocr_carea' id='block_1_55' title="bbox 2479 2766 3990 2858">
    <p class='ocr_par' dir='ltr' id='par_1_55' title="bbox 2479 2766 3990 2858">
     <span class='ocr_line' id='line_1_55' title="bbox 2479 2766 3990 2858; baseline -0.019 -13"><span class='ocrx_word' id='word_1_391' title='bbox 2479 2796 2569 2858; x_wconf 89' lang='grc' dir='ltr'><strong>ιγ’.</strong></span> <span class='ocrx_word' id='word_1_392' title='bbox 2622 2788 2680 2841; x_wconf 87' lang='lat'><strong>&#39;0</strong></span> <span class='ocrx_word' id='word_1_393' title='bbox 2724 2781 2953 2853; x_wconf 82' lang='grc' dir='ltr'>ἀγαπῶν</span> <span class='ocrx_word' id='word_1_394' title='bbox 2984 2778 3077 2831; x_wconf 90' lang='grc' dir='ltr'><strong>τὸν</strong></span> <span class='ocrx_word' id='word_1_395' title='bbox 3112 2775 3246 2829; x_wconf 82' lang='grc' dir='ltr'>Θεὸν</span> <span class='ocrx_word' id='word_1_396' title='bbox 3267 2773 3366 2841; x_wconf 76' lang='grc'><strong>(4),</strong></span> <span class='ocrx_word' id='word_1_397' title='bbox 3403 2769 3465 2825; x_wconf 78' lang='grc' dir='ltr'>οὐ</span> <span class='ocrx_word' id='word_1_398' title='bbox 3502 2769 3727 2824; x_wconf 83' lang='grc' dir='ltr'>δύναται</span> <span class='ocrx_word' id='word_1_399' title='bbox 3766 2767 3844 2838; x_wconf 78' lang='grc' dir='ltr'>μὴ</span> <span class='ocrx_word' id='word_1_400' title='bbox 3894 2766 3990 2820; x_wconf 78' lang='grc' dir='ltr'>καὶ</span> 
     </span>
    </p>
   </div>
   <div class='ocr_carea' id='block_1_56' title="bbox 2405 2858 3986 2947">
    <p class='ocr_par' dir='ltr' id='par_1_56' title="bbox 2405 2858 3986 2947">
     <span class='ocr_line' id='line_1_56' title="bbox 2405 2858 3986 2947; baseline -0.016 -9"><span class='ocrx_word' id='word_1_401' title='bbox 2405 2883 2584 2938; x_wconf 87' lang='grc' dir='ltr'>πάντα</span> <span class='ocrx_word' id='word_1_402' title='bbox 2616 2878 2904 2947; x_wconf 81' lang='grc' dir='ltr'>ἄνθρωπον</span> <span class='ocrx_word' id='word_1_403' title='bbox 2952 2874 3029 2934; x_wconf 86' lang='grc' dir='ltr'>ὡς</span> <span class='ocrx_word' id='word_1_404' title='bbox 3075 2867 3266 2923; x_wconf 83' lang='grc' dir='ltr'>ἑαυτὸν</span> <span class='ocrx_word' id='word_1_405' title='bbox 3294 2864 3598 2934; x_wconf 79' lang='grc' dir='ltr'>ἀγαπῆσαι,</span> <span class='ocrx_word' id='word_1_406' title='bbox 3630 2864 3679 2914; x_wconf 85' lang='grc' dir='ltr'><strong>εί</strong></span> <span class='ocrx_word' id='word_1_407' title='bbox 3716 2860 3815 2915; x_wconf 76' lang='grc' dir='ltr'>καὶ</span> <span class='ocrx_word' id='word_1_408' title='bbox 3846 2858 3986 2930; x_wconf 86' lang='grc' dir='ltr'>πρὸς</span> 
     </span>
    </p>
   </div>
   <div class='ocr_carea' id='block_1_57' title="bbox 2403 2949 3988 3042">
    <p class='ocr_par' dir='ltr' id='par_1_57' title="bbox 2403 2949 3988 3042">
     <span class='ocr_line' id='line_1_57' title="bbox 2403 2949 3988 3042; baseline -0.018 -10"><span class='ocrx_word' id='word_1_409' title='bbox 2403 2978 2474 3032; x_wconf 86' lang='grc' dir='ltr'><strong>τά</strong></span> <span class='ocrx_word' id='word_1_410' title='bbox 2499 2972 2646 3042; x_wconf 85' lang='grc' dir='ltr'>πάθη</span> <span class='ocrx_word' id='word_1_411' title='bbox 2675 2966 3018 3039; x_wconf 78' lang='grc' dir='ltr'>δυσχεραίνει</span> <span class='ocrx_word' id='word_1_412' title='bbox 3052 2962 3160 3017; x_wconf 83' lang='grc' dir='ltr'><strong>τῶν</strong></span> <span class='ocrx_word' id='word_1_413' title='bbox 3207 2961 3374 3032; x_wconf 82' lang='grc' dir='ltr'>μήπω</span> <span class='ocrx_word' id='word_1_414' title='bbox 3413 2953 3865 3026; x_wconf 79' lang='grc' dir='ltr'>κεκαθαρμένων.</span> <span class='ocrx_word' id='word_1_415' title='bbox 3894 2949 3988 3004; x_wconf 86' lang='grc' dir='ltr'>Διὸ</span> 
     </span>
    </p>
   </div>
   <div class='ocr_carea' id='block_1_58' title="bbox 2406 3043 3989 3137">
    <p class='ocr_par' dir='ltr' id='par_1_58' title="bbox 2406 3043 3989 3137">
     <span class='ocr_line' id='line_1_58' title="bbox 2406 3043 3989 3137; baseline -0.021 -10"><span class='ocrx_word' id='word_1_416' title='bbox 2406 3072 2502 3129; x_wconf 76' lang='grc' dir='ltr'>καὶ</span> <span class='ocrx_word' id='word_1_417' title='bbox 2528 3069 2629 3137; x_wconf 78' lang='grc' dir='ltr'>τὴν</span> <span class='ocrx_word' id='word_1_418' title='bbox 2659 3056 2995 3130; x_wconf 76' lang='grc' dir='ltr'>ἐπιστροφὴν</span> <span class='ocrx_word' id='word_1_419' title='bbox 3025 3053 3174 3127; x_wconf 83' lang='lat' dir='ltr'><strong>[edit.</strong></span> <span class='ocrx_word' id='word_1_420' title='bbox 3225 3045 3507 3121; x_wconf 82' lang='grc' dir='ltr'>περιστρ.]</span> <span class='ocrx_word' id='word_1_421' title='bbox 3544 3045 3725 3101; x_wconf 79' lang='grc' dir='ltr'>αὐτῶν</span> <span class='ocrx_word' id='word_1_422' title='bbox 3769 3043 3989 3114; x_wconf 76' lang='grc' dir='ltr'>βλέπων</span> 
     </span>
    </p>
   </div>
   <div class='ocr_carea' id='block_1_59' title="bbox 732 3134 2302 3256">
    <p class='ocr_par' dir='ltr' id='par_1_59' title="bbox 732 3145 2302 3234">
     <span class='ocr_line' id='line_1_59' title="bbox 732 3145 2302 3234; baseline -0.015 -11"><span class='ocrx_word' id='word_1_423' title='bbox 732 3166 1015 3223; x_wconf 82' lang='lat' dir='ltr'><strong>meliorem</strong></span> <span class='ocrx_word' id='word_1_424' title='bbox 1071 3164 1280 3234; x_wconf 79' lang='lat' dir='ltr'><strong>frugem</strong></span> <span class='ocrx_word' id='word_1_425' title='bbox 1335 3148 1519 3215; x_wconf 72' lang='lat' dir='ltr'><strong>redire</strong></span> <span class='ocrx_word' id='word_1_426' title='bbox 1570 3156 1741 3219; x_wconf 88' lang='lat' dir='ltr'><strong>videt,</strong></span> <span class='ocrx_word' id='word_1_427' title='bbox 1789 3154 2058 3207; x_wconf 88' lang='lat' dir='ltr'><strong>immenso</strong></span> <span class='ocrx_word' id='word_1_428' title='bbox 2107 3145 2302 3219; x_wconf 83' lang='lat' dir='ltr'><strong>gaudio</strong></span> 
     </span>
    </p>
   </div>
   <div class='ocr_carea' id='block_1_60' title="bbox 2401 3134 3989 3256">
    <p class='ocr_par' dir='ltr' id='par_1_60' title="bbox 2408 3134 3989 3231">
     <span class='ocr_line' id='line_1_60' title="bbox 2408 3134 3989 3231; baseline -0.021 -12"><span class='ocrx_word' id='word_1_429' title='bbox 2408 3167 2507 3223; x_wconf 73' lang='grc' dir='ltr'>καὶ</span> <span class='ocrx_word' id='word_1_430' title='bbox 2536 3134 2633 3231; x_wconf 65' lang='grc' dir='ltr'><strong>την</strong></span> <span class='ocrx_word' id='word_1_431' title='bbox 2657 3153 2963 3226; x_wconf 82' lang='grc' dir='ltr'>διόρθωσιν,</span> <span class='ocrx_word' id='word_1_432' title='bbox 2997 3145 3291 3218; x_wconf 84' lang='grc' dir='ltr'>ἀμετρήτῳ</span> <span class='ocrx_word' id='word_1_433' title='bbox 3307 3143 3402 3197; x_wconf 78' lang='grc' dir='ltr'>καὶ</span> <span class='ocrx_word' id='word_1_434' title='bbox 3428 3138 3778 3208; x_wconf 68' lang='grc' dir='ltr'>ἀνεκλαλήτῳ</span> <span class='ocrx_word' id='word_1_435' title='bbox 3806 3134 3989 3207; x_wconf 76' lang='grc' dir='ltr'>χαίρει</span> 
     </span>
    </p>
   </div>
   <div class='ocr_carea' id='block_1_61' title="bbox 733 3241 2060 3332">
    <p class='ocr_par' dir='ltr' id='par_1_61' title="bbox 733 3241 2060 3332">
     <span class='ocr_line' id='line_1_61' title="bbox 733 3241 2060 3332; baseline -0.015 -18"><span class='ocrx_word' id='word_1_436' title='bbox 733 3259 953 3332; x_wconf 83' lang='lat' dir='ltr'><strong>gaudet,</strong></span> <span class='ocrx_word' id='word_1_437' title='bbox 987 3271 1051 3310; x_wconf 89' lang='lat' dir='ltr'><strong>ac</strong></span> <span class='ocrx_word' id='word_1_438' title='bbox 1079 3254 1224 3324; x_wconf 88' lang='lat' dir='ltr'><strong>quod</strong></span> <span class='ocrx_word' id='word_1_439' title='bbox 1265 3264 1369 3306; x_wconf 87' lang='lat' dir='ltr'><strong>nec</strong></span> <span class='ocrx_word' id='word_1_440' title='bbox 1395 3248 1578 3305; x_wconf 90' lang='lat' dir='ltr'><strong>verbis</strong></span> <span class='ocrx_word' id='word_1_441' title='bbox 1606 3244 1839 3317; x_wconf 81' lang='lat' dir='ltr'><strong>exprimi</strong></span> <span class='ocrx_word' id='word_1_442' title='bbox 1864 3241 2060 3314; x_wconf 89' lang='lat' dir='ltr'><strong>possit.</strong></span> 
     </span>
    </p>
   </div>
   <div class='ocr_carea' id='block_1_62' title="bbox 805 3334 2312 3404">
    <p class='ocr_par' dir='ltr' id='par_1_62' title="bbox 805 3334 2312 3404">
     <span class='ocr_line' id='line_1_62' title="bbox 805 3334 2312 3404; baseline -0.012 0"><span class='ocrx_word' id='word_1_443' title='bbox 805 3351 892 3404; x_wconf 75' lang='lat' dir='ltr'><strong>M.</strong></span> <span class='ocrx_word' id='word_1_444' title='bbox 951 3345 1270 3402; x_wconf 87' lang='lat' dir='ltr'><strong>lmmundus</strong></span> <span class='ocrx_word' id='word_1_445' title='bbox 1301 3352 1386 3398; x_wconf 89' lang='lat' dir='ltr'><strong>est</strong></span> <span class='ocrx_word' id='word_1_446' title='bbox 1434 3341 1653 3395; x_wconf 86' lang='lat' dir='ltr'><strong>animus</strong></span> <span class='ocrx_word' id='word_1_447' title='bbox 1706 3334 2072 3399; x_wconf 88' lang='lat' dir='ltr'><strong>libidinosus;</strong></span> <span class='ocrx_word' id='word_1_448' title='bbox 2114 3344 2312 3400; x_wconf 85' lang='lat' dir='ltr'><strong>nempe</strong></span> 
     </span>
    </p>
   </div>
   <div class='ocr_carea' id='block_1_63' title="bbox 732 3421 2312 3510">
    <p class='ocr_par' dir='ltr' id='par_1_63' title="bbox 732 3421 2312 3510">
     <span class='ocr_line' id='line_1_63' title="bbox 732 3421 2312 3510; baseline -0.012 -14"><span class='ocrx_word' id='word_1_449' title='bbox 732 3441 948 3497; x_wconf 88' lang='lat' dir='ltr'><strong>vitiosis</strong></span> <span class='ocrx_word' id='word_1_450' title='bbox 996 3436 1319 3510; x_wconf 86' lang='lat' dir='ltr'><strong>cupiditatis</strong></span> <span class='ocrx_word' id='word_1_451' title='bbox 1367 3442 1532 3503; x_wconf 87' lang='lat' dir='ltr'><strong>atque</strong></span> <span class='ocrx_word' id='word_1_452' title='bbox 1579 3429 1693 3486; x_wconf 88' lang='lat' dir='ltr'><strong>odii</strong></span> <span class='ocrx_word' id='word_1_453' title='bbox 1737 3424 2162 3499; x_wconf 78' lang='lat' dir='ltr'><strong>cogitationibus</strong></span> <span class='ocrx_word' id='word_1_454' title='bbox 2195 3421 2312 3492; x_wconf 89' lang='lat' dir='ltr'><strong>ple-</strong></span> 
     </span>
    </p>
   </div>
   <div class='ocr_carea' id='block_1_64' title="bbox 735 3547 1267 3597">
    <p class='ocr_par' dir='ltr' id='par_1_64' title="bbox 735 3547 1267 3597">
     <span class='ocr_line' id='line_1_64' title="bbox 735 3547 1267 3597; baseline -0.019 -10"><span class='ocrx_word' id='word_1_455' title='bbox 735 3547 861 3588; x_wconf 88' lang='lat' dir='ltr'><strong>nus.</strong></span> <span class='ocrx_word' id='word_1_456' title='bbox 1264 3592 1267 3597; x_wconf 27' lang='grc' dir='ltr'><strong>η</strong></span> 
     </span>
    </p>
   </div>
   <div class='ocr_carea' id='block_1_65' title="bbox 808 3601 2310 3687">
    <p class='ocr_par' dir='ltr' id='par_1_65' title="bbox 808 3601 2310 3687">
     <span class='ocr_line' id='line_1_65' title="bbox 808 3601 2310 3687; baseline -0.013 -10"><span class='ocrx_word' id='word_1_457' title='bbox 808 3622 893 3677; x_wconf 81' lang='grc'>15.</span> <span class='ocrx_word' id='word_1_458' title='bbox 922 3619 1024 3687; x_wconf 83' lang='lat' dir='ltr'><strong>Qui</strong></span> <span class='ocrx_word' id='word_1_459' title='bbox 1052 3617 1187 3681; x_wconf 90' lang='lat' dir='ltr'><strong>odii,</strong></span> <span class='ocrx_word' id='word_1_460' title='bbox 1216 3625 1312 3671; x_wconf 90' lang='lat' dir='ltr'><strong>aut</strong></span> <span class='ocrx_word' id='word_1_461' title='bbox 1341 3611 1635 3669; x_wconf 87' lang='lat' dir='ltr'><strong>simultatis</strong></span> <span class='ocrx_word' id='word_1_462' title='bbox 1657 3608 1946 3680; x_wconf 76' lang='lat' dir='ltr'><strong>vestigium</strong></span> <span class='ocrx_word' id='word_1_463' title='bbox 1973 3603 2195 3676; x_wconf 85' lang='lat' dir='ltr'><strong>aliquod</strong></span> <span class='ocrx_word' id='word_1_464' title='bbox 2235 3601 2310 3658; x_wconf 90' lang='lat' dir='ltr'><strong>ob</strong></span> 
     </span>
    </p>
   </div>
   <div class='ocr_carea' id='block_1_66' title="bbox 735 3693 2312 3784">
    <p class='ocr_par' dir='ltr' id='par_1_66' title="bbox 735 3693 2312 3784">
     <span class='ocr_line' id='line_1_66' title="bbox 735 3693 2312 3784; baseline -0.013 -15"><span class='ocrx_word' id='word_1_465' title='bbox 735 3725 1124 3784; x_wconf 88' lang='lat' dir='ltr'><strong>quamcunque</strong></span> <span class='ocrx_word' id='word_1_466' title='bbox 1158 3707 1521 3763; x_wconf 73' lang='lat' dir='ltr'><strong>offensionem</strong></span> <span class='ocrx_word' id='word_1_467' title='bbox 1576 3718 1705 3775; x_wconf 81' lang='lat' dir='ltr'><strong>erga</strong></span> <span class='ocrx_word' id='word_1_468' title='bbox 1746 3701 1918 3756; x_wconf 91' lang='lat' dir='ltr'><strong>ullum</strong></span> <span class='ocrx_word' id='word_1_469' title='bbox 1952 3710 2180 3784; x_wconf 60' lang='lat' dir='ltr'><strong>prorsus</strong></span> <span class='ocrx_word' id='word_1_470' title='bbox 2213 3693 2312 3749; x_wconf 85' lang='lat' dir='ltr'><strong>ho-</strong></span> 
     </span>
    </p>
   </div>
   <div class='ocr_carea' id='block_1_67' title="bbox 738 3780 2311 3859">
    <p class='ocr_par' dir='ltr' id='par_1_67' title="bbox 738 3780 2311 3859">
     <span class='ocr_line' id='line_1_67' title="bbox 738 3780 2311 3859; baseline -0.017 -1"><span class='ocrx_word' id='word_1_471' title='bbox 738 3780 952 3859; x_wconf 81' lang='lat' dir='ltr'><strong>minum</strong></span> <span class='ocrx_word' id='word_1_472' title='bbox 990 3799 1048 3853; x_wconf 88' lang='lat' dir='ltr'><strong>in</strong></span> <span class='ocrx_word' id='word_1_473' title='bbox 1098 3796 1264 3852; x_wconf 88' lang='lat' dir='ltr'><strong>corde</strong></span> <span class='ocrx_word' id='word_1_474' title='bbox 1296 3807 1396 3849; x_wconf 90' lang='lat' dir='ltr'><strong>suo</strong></span> <span class='ocrx_word' id='word_1_475' title='bbox 1429 3791 1628 3855; x_wconf 86' lang='lat' dir='ltr'><strong>cernit,</strong></span> <span class='ocrx_word' id='word_1_476' title='bbox 1658 3804 1690 3843; x_wconf 87' lang='lat' dir='ltr'><strong>a</strong></span> <span class='ocrx_word' id='word_1_477' title='bbox 1733 3786 2005 3843; x_wconf 84' lang='lat' dir='ltr'><strong>charitate</strong></span> <span class='ocrx_word' id='word_1_478' title='bbox 2050 3782 2107 3836; x_wconf 90' lang='lat' dir='ltr'><strong>in</strong></span> <span class='ocrx_word' id='word_1_479' title='bbox 2136 3780 2311 3835; x_wconf 88' lang='lat' dir='ltr'><strong>Deum</strong></span> 
     </span>
    </p>
   </div>
   <div class='ocr_carea' id='block_1_68' title="bbox 739 3870 2329 3952">
    <p class='ocr_par' dir='ltr' id='par_1_68' title="bbox 739 3870 2329 3952">
     <span class='ocr_line' id='line_1_68' title="bbox 739 3870 2329 3952; baseline -0.015 -4"><span class='ocrx_word' id='word_1_480' title='bbox 739 3893 964 3949; x_wconf 88' lang='lat' dir='ltr'><strong>omnino</strong></span> <span class='ocrx_word' id='word_1_481' title='bbox 993 3890 1205 3945; x_wconf 87' lang='lat' dir='ltr'><strong>alienus</strong></span> <span class='ocrx_word' id='word_1_482' title='bbox 1236 3885 1475 3949; x_wconf 77' lang='lat' dir='ltr'><strong>exsistit;</strong></span> <span class='ocrx_word' id='word_1_483' title='bbox 1515 3879 1663 3952; x_wconf 88' lang='lat' dir='ltr'><strong>quod</strong></span> <span class='ocrx_word' id='word_1_484' title='bbox 1691 3893 1887 3947; x_wconf 88' lang='lat' dir='ltr'><strong>nempe</strong></span> <span class='ocrx_word' id='word_1_485' title='bbox 1932 3874 2031 3931; x_wconf 86' lang='lat' dir='ltr'><strong>Dei</strong></span> <span class='ocrx_word' id='word_1_486' title='bbox 2064 3870 2329 3937; x_wconf 62' lang='lat' dir='ltr'><strong>dilectio,~</strong></span> 
     </span>
    </p>
   </div>
   <div class='ocr_carea' id='block_1_69' title="bbox 739 3968 2314 4047">
    <p class='ocr_par' dir='ltr' id='par_1_69' title="bbox 739 3968 2314 4047">
     <span class='ocr_line' id='line_1_69' title="bbox 739 3968 2314 4047; baseline -0.015 -6"><span class='ocrx_word' id='word_1_487' title='bbox 739 4001 865 4041; x_wconf 82' lang='lat' dir='ltr'><strong>cuni</strong></span> <span class='ocrx_word' id='word_1_488' title='bbox 902 3982 1051 4047; x_wconf 87' lang='lat' dir='ltr'><strong>odio,</strong></span> <span class='ocrx_word' id='word_1_489' title='bbox 1077 3995 1172 4035; x_wconf 88' lang='lat' dir='ltr'><strong>seu</strong></span> <span class='ocrx_word' id='word_1_490' title='bbox 1212 3976 1489 4032; x_wconf 90' lang='lat' dir='ltr'><strong>simultate</strong></span> <span class='ocrx_word' id='word_1_491' title='bbox 1523 3974 1788 4028; x_wconf 86' lang='lat' dir='ltr'><strong>adversus</strong></span> <span class='ocrx_word' id='word_1_492' title='bbox 1812 3968 2091 4024; x_wconf 86' lang='lat' dir='ltr'><strong>hominem</strong></span> <span class='ocrx_word' id='word_1_493' title='bbox 2121 3976 2314 4019; x_wconf 85' lang='lat' dir='ltr'><strong>susce-</strong></span> 
     </span>
    </p>
   </div>
   <div class='ocr_carea' id='block_1_70' title="bbox 739 4067 1543 4149">
    <p class='ocr_par' dir='ltr' id='par_1_70' title="bbox 739 4067 1543 4149">
     <span class='ocr_line' id='line_1_70' title="bbox 739 4067 1543 4149; baseline -0.017 -16"><span class='ocrx_word' id='word_1_494' title='bbox 739 4087 856 4149; x_wconf 87' lang='lat' dir='ltr'><strong>pta,</strong></span> <span class='ocrx_word' id='word_1_495' title='bbox 890 4076 1170 4141; x_wconf 68' lang='lat' dir='ltr'><strong>cohaerere</strong></span> <span class='ocrx_word' id='word_1_496' title='bbox 1198 4084 1311 4124; x_wconf 88' lang='lat' dir='ltr'><strong>non</strong></span> <span class='ocrx_word' id='word_1_497' title='bbox 1350 4067 1543 4139; x_wconf 88' lang='lat' dir='ltr'><strong>possit.</strong></span> 
     </span>
    </p>
   </div>
   <div class='ocr_carea' id='block_1_71' title="bbox 813 4150 2311 4232">
    <p class='ocr_par' dir='ltr' id='par_1_71' title="bbox 813 4150 2311 4232">
     <span class='ocr_line' id='line_1_71' title="bbox 813 4150 2311 4232; baseline -0.014 -10"><span class='ocrx_word' id='word_1_498' title='bbox 813 4168 900 4222; x_wconf 76' lang='lat' dir='ltr'><strong>lli.</strong></span> <span class='ocrx_word' id='word_1_499' title='bbox 938 4165 1038 4231; x_wconf 82' lang='lat' dir='ltr'><strong>Qui</strong></span> <span class='ocrx_word' id='word_1_500' title='bbox 1070 4162 1242 4232; x_wconf 80' lang='lat' dir='ltr'><strong>diligit</strong></span> <span class='ocrx_word' id='word_1_501' title='bbox 1268 4176 1370 4224; x_wconf 84' lang='lat' dir='ltr'><strong>me,</strong></span> <span class='ocrx_word' id='word_1_502' title='bbox 1402 4157 1536 4213; x_wconf 91' lang='lat' dir='ltr'><strong>dicit</strong></span> <span class='ocrx_word' id='word_1_503' title='bbox 1580 4155 1865 4219; x_wconf 86' lang='lat' dir='ltr'><strong>Dominus,</strong></span> <span class='ocrx_word' id='word_1_504' title='bbox 1897 4150 2153 4206; x_wconf 84' lang='lat' dir='ltr'><strong>mandata</strong></span> <span class='ocrx_word' id='word_1_505' title='bbox 2192 4163 2311 4202; x_wconf 83' lang='lat' dir='ltr'><strong>mea</strong></span> 
     </span>
    </p>
   </div>
   <div class='ocr_carea' id='block_1_72' title="bbox 737 4244 2311 4317">
    <p class='ocr_par' dir='ltr' id='par_1_72' title="bbox 737 4244 2311 4317">
     <span class='ocr_line' id='line_1_72' title="bbox 737 4244 2311 4317; baseline -0.015 -3"><span class='ocrx_word' id='word_1_506' title='bbox 737 4258 965 4316; x_wconf 77' lang='lat' dir='ltr'><strong>servabit</strong></span> <span class='ocrx_word' id='word_1_507' title='bbox 985 4258 1026 4309; x_wconf 81' lang='lat'><strong>&#39;.</strong></span> <span class='ocrx_word' id='word_1_508' title='bbox 1068 4252 1177 4308; x_wconf 85' lang='lat' dir='ltr'><strong>Hoc</strong></span> <span class='ocrx_word' id='word_1_509' title='bbox 1203 4261 1277 4305; x_wconf 80' lang='lat' dir='ltr'><strong>est</strong></span> <span class='ocrx_word' id='word_1_510' title='bbox 1306 4258 1504 4313; x_wconf 85' lang='lat' dir='ltr'><strong>autem,</strong></span> <span class='ocrx_word' id='word_1_511' title='bbox 1531 4248 1729 4317; x_wconf 89' lang='lat' dir='ltr'><strong>inquit,</strong></span> <span class='ocrx_word' id='word_1_512' title='bbox 1759 4244 2071 4299; x_wconf 84' lang='lat' dir='ltr'><strong>mandatum</strong></span> <span class='ocrx_word' id='word_1_513' title='bbox 2114 4254 2311 4303; x_wconf 84' lang='lat' dir='ltr'><strong>meum,</strong></span> 
     </span>
    </p>
   </div>
   <div class='ocr_carea' id='block_1_73' title="bbox 740 4328 2312 4416">
    <p class='ocr_par' dir='ltr' id='par_1_73' title="bbox 740 4328 2312 4416">
     <span class='ocr_line' id='line_1_73' title="bbox 740 4328 2312 4416; baseline -0.013 -13"><span class='ocrx_word' id='word_1_514' title='bbox 740 4358 798 4403; x_wconf 81' lang='lat' dir='ltr'><strong>ut</strong></span> <span class='ocrx_word' id='word_1_515' title='bbox 824 4345 1055 4416; x_wconf 75' lang='lat' dir='ltr'><strong>diligatis</strong></span> <span class='ocrx_word' id='word_1_516' title='bbox 1082 4340 1360 4395; x_wconf 75' lang='lat' dir='ltr'><strong>invicem‘.</strong></span> <span class='ocrx_word' id='word_1_517' title='bbox 1394 4339 1581 4409; x_wconf 86' lang='lat' dir='ltr'><strong>Itaque</strong></span> <span class='ocrx_word' id='word_1_518' title='bbox 1603 4336 1699 4407; x_wconf 85' lang='lat' dir='ltr'><strong>qui</strong></span> <span class='ocrx_word' id='word_1_519' title='bbox 1745 4351 1855 4390; x_wconf 88' lang='lat' dir='ltr'><strong>non</strong></span> <span class='ocrx_word' id='word_1_520' title='bbox 1903 4331 2082 4403; x_wconf 85' lang='lat' dir='ltr'><strong>diligit</strong></span> <span class='ocrx_word' id='word_1_521' title='bbox 2125 4328 2312 4400; x_wconf 80' lang='lat' dir='ltr'><strong>proxi-</strong></span> 
     </span>
    </p>
   </div>
   <div class='ocr_carea' id='block_1_74' title="bbox 740 4420 2315 4506">
    <p class='ocr_par' dir='ltr' id='par_1_74' title="bbox 740 4420 2315 4506">
     <span class='ocr_line' id='line_1_74' title="bbox 740 4420 2315 4506; baseline -0.015 -8"><span class='ocrx_word' id='word_1_522' title='bbox 740 4458 915 4506; x_wconf 89' lang='lat' dir='ltr'><strong>mum,</strong></span> <span class='ocrx_word' id='word_1_523' title='bbox 962 4435 1281 4492; x_wconf 86' lang='lat' dir='ltr'><strong>mandatum</strong></span> <span class='ocrx_word' id='word_1_524' title='bbox 1310 4447 1423 4487; x_wconf 90' lang='lat' dir='ltr'><strong>non</strong></span> <span class='ocrx_word' id='word_1_525' title='bbox 1471 4437 1675 4486; x_wconf 87' lang='lat' dir='ltr'><strong>servat.</strong></span> <span class='ocrx_word' id='word_1_526' title='bbox 1718 4426 1822 4493; x_wconf 84' lang='lat' dir='ltr'><strong>Qui</strong></span> <span class='ocrx_word' id='word_1_527' title='bbox 1868 4432 2053 4480; x_wconf 89' lang='lat' dir='ltr'><strong>autem</strong></span> <span class='ocrx_word' id='word_1_528' title='bbox 2089 4420 2315 4476; x_wconf 87' lang='lat' dir='ltr'><strong>manda-</strong></span> 
     </span>
    </p>
   </div>
   <div class='ocr_carea' id='block_1_75' title="bbox 2408 3256 3991 3408">
    <p class='ocr_par' dir='ltr' id='par_1_75' title="bbox 2408 3256 3991 3408">
     <span class='ocr_line' id='line_1_75' title="bbox 2408 3256 3991 3408; baseline -0.023 -5"><span class='ocrx_word' id='word_1_529' title='bbox 2408 3256 2572 3401; x_wconf 55' lang='lat' dir='ltr'><strong>xafg:</strong></span> <span class='ocrx_word' id='word_1_530' title='bbox 2616 3337 2951 3408; x_wconf 75' lang='grc' dir='ltr'>Ἀκάθαρτος</span> <span class='ocrx_word' id='word_1_531' title='bbox 2979 3333 3096 3385; x_wconf 73' lang='grc' dir='ltr'>ἔστι</span> <span class='ocrx_word' id='word_1_532' title='bbox 3117 3329 3265 3400; x_wconf 73' lang='grc' dir='ltr'>ψυχὴ</span> <span class='ocrx_word' id='word_1_533' title='bbox 3286 3324 3538 3396; x_wconf 71' lang='grc' dir='ltr'>ἐμπαθὴς</span> <span class='ocrx_word' id='word_1_534' title='bbox 3568 3322 3644 3392; x_wconf 83' lang='lat' dir='ltr'><strong>(d)</strong></span> <span class='ocrx_word' id='word_1_535' title='bbox 3663 3337 3676 3350; x_wconf 83' lang='lat'><strong>&#39;</strong></span> <span class='ocrx_word' id='word_1_536' title='bbox 3708 3315 3991 3388; x_wconf 64' lang='grc' dir='ltr'>λογισμῖιν</span> 
     </span>
    </p>
   </div>
   <div class='ocr_carea' id='block_1_76' title="bbox 2409 3418 3515 3506">
    <p class='ocr_par' dir='ltr' id='par_1_76' title="bbox 2409 3418 3515 3506">
     <span class='ocr_line' id='line_1_76' title="bbox 2409 3418 3515 3506; baseline -0.022 -13"><span class='ocrx_word' id='word_1_537' title='bbox 2409 3433 2708 3506; x_wconf 73' lang='grc' dir='ltr'>ἐπιθυμίας</span> <span class='ocrx_word' id='word_1_538' title='bbox 2728 3429 2824 3484; x_wconf 69' lang='grc' dir='ltr'>καὶ</span> <span class='ocrx_word' id='word_1_539' title='bbox 2859 3425 3053 3498; x_wconf 83' lang='grc' dir='ltr'>μίσους</span> <span class='ocrx_word' id='word_1_540' title='bbox 3083 3418 3515 3491; x_wconf 76' lang='grc' dir='ltr'>πεπληρωμένη.</span> 
     </span>
    </p>
   </div>
   <div class='ocr_carea' id='block_1_77' title="bbox 2481 3610 3993 3695">
    <p class='ocr_par' dir='ltr' id='par_1_77' title="bbox 2481 3610 3993 3695">
     <span class='ocr_line' id='line_1_77' title="bbox 2481 3610 3993 3695; baseline -0.013 -12"><span class='ocrx_word' id='word_1_541' title='bbox 2481 3635 2562 3683; x_wconf 85' lang='grc' dir='ltr'>ιε’.</span> <span class='ocrx_word' id='word_1_542' title='bbox 2615 3627 2676 3680; x_wconf 85' lang='lat'><strong>’0</strong></span> <span class='ocrx_word' id='word_1_543' title='bbox 2701 3624 2848 3695; x_wconf 75' lang='grc' dir='ltr'>ἴχνος</span> <span class='ocrx_word' id='word_1_544' title='bbox 2878 3620 3072 3692; x_wconf 85' lang='grc' dir='ltr'>μίσους</span> <span class='ocrx_word' id='word_1_545' title='bbox 3111 3616 3327 3688; x_wconf 85' lang='grc' dir='ltr'>βλέπων</span> <span class='ocrx_word' id='word_1_546' title='bbox 3359 3616 3419 3668; x_wconf 83' lang='grc' dir='ltr'><strong>έν</strong></span> <span class='ocrx_word' id='word_1_547' title='bbox 3446 3616 3513 3685; x_wconf 80' lang='grc' dir='ltr'>τῇ</span> <span class='ocrx_word' id='word_1_548' title='bbox 3543 3610 3740 3667; x_wconf 77' lang='grc' dir='ltr'>ἑαυτοῦ</span> <span class='ocrx_word' id='word_1_549' title='bbox 3790 3610 3993 3682; x_wconf 74' lang='grc' dir='ltr'>καρδίᾳ</span> 
     </span>
    </p>
   </div>
   <div class='ocr_carea' id='block_1_78' title="bbox 2407 3704 3993 3787">
    <p class='ocr_par' dir='ltr' id='par_1_78' title="bbox 2407 3704 3993 3787">
     <span class='ocr_line' id='line_1_78' title="bbox 2407 3704 3993 3787; baseline -0.013 -12"><span class='ocrx_word' id='word_1_550' title='bbox 2407 3721 2496 3776; x_wconf 75' lang='grc' dir='ltr'>διὰ</span> <span class='ocrx_word' id='word_1_551' title='bbox 2551 3717 2869 3787; x_wconf 77' lang='grc' dir='ltr'>οἱανδήποτε</span> <span class='ocrx_word' id='word_1_552' title='bbox 2927 3714 3175 3780; x_wconf 87' lang='grc' dir='ltr'>πταῖσμα</span> <span class='ocrx_word' id='word_1_553' title='bbox 3220 3707 3360 3780; x_wconf 87' lang='grc' dir='ltr'>πρὸς</span> <span class='ocrx_word' id='word_1_554' title='bbox 3388 3705 3480 3760; x_wconf 87' lang='grc' dir='ltr'><strong>τὸν</strong></span> <span class='ocrx_word' id='word_1_555' title='bbox 3544 3704 3861 3774; x_wconf 77' lang='grc' dir='ltr'>οῖονδήποτε</span> <span class='ocrx_word' id='word_1_556' title='bbox 3898 3704 3993 3758; x_wconf 83' lang='grc' dir='ltr'>ἀν-</span> 
     </span>
    </p>
   </div>
   <div class='ocr_carea' id='block_1_79' title="bbox 2410 3795 3994 3885">
    <p class='ocr_par' dir='ltr' id='par_1_79' title="bbox 2410 3795 3994 3885">
     <span class='ocr_line' id='line_1_79' title="bbox 2410 3795 3994 3885; baseline -0.011 -19"><span class='ocrx_word' id='word_1_557' title='bbox 2410 3815 2651 3885; x_wconf 88' lang='grc' dir='ltr'>θρωπον,</span> <span class='ocrx_word' id='word_1_558' title='bbox 2702 3807 2982 3878; x_wconf 81' lang='grc' dir='ltr'>ἀλλότριος</span> <span class='ocrx_word' id='word_1_559' title='bbox 3024 3800 3287 3872; x_wconf 78' lang='grc' dir='ltr'>τυγχάνει</span> <span class='ocrx_word' id='word_1_560' title='bbox 3326 3799 3562 3870; x_wconf 82' lang='grc' dir='ltr'>πάμπαν</span> <span class='ocrx_word' id='word_1_561' title='bbox 3590 3799 3693 3868; x_wconf 84' lang='grc' dir='ltr'>τῆς</span> <span class='ocrx_word' id='word_1_562' title='bbox 3725 3798 3811 3857; x_wconf 74' lang='grc' dir='ltr'><strong>εἰς</strong></span> <span class='ocrx_word' id='word_1_563' title='bbox 3853 3795 3994 3849; x_wconf 75' lang='grc' dir='ltr'>Θεὸν</span> 
     </span>
    </p>
   </div>
   <div class='ocr_carea' id='block_1_80' title="bbox 2409 3888 3994 3975">
    <p class='ocr_par' dir='ltr' id='par_1_80' title="bbox 2409 3888 3994 3975">
     <span class='ocr_line' id='line_1_80' title="bbox 2409 3888 3994 3975; baseline -0.011 -15"><span class='ocrx_word' id='word_1_564' title='bbox 2409 3905 2628 3975; x_wconf 82' lang='grc' dir='ltr'>ἀγάπης</span> <span class='ocrx_word' id='word_1_565' title='bbox 2647 3918 2661 3931; x_wconf 76' lang='grc' dir='ltr'><strong><em>ο</em></strong></span> <span class='ocrx_word' id='word_1_566' title='bbox 2688 3900 2824 3956; x_wconf 82' lang='grc' dir='ltr'>διότι</span> <span class='ocrx_word' id='word_1_567' title='bbox 2859 3899 2893 3969; x_wconf 85' lang='grc' dir='ltr'>ἠ</span> <span class='ocrx_word' id='word_1_568' title='bbox 2928 3898 3008 3960; x_wconf 81' lang='grc' dir='ltr'><strong>είς</strong></span> <span class='ocrx_word' id='word_1_569' title='bbox 3037 3894 3172 3949; x_wconf 78' lang='grc' dir='ltr'>Θεὸν</span> <span class='ocrx_word' id='word_1_570' title='bbox 3196 3894 3414 3962; x_wconf 86' lang='grc' dir='ltr'>ἀγάπη,</span> <span class='ocrx_word' id='word_1_571' title='bbox 3453 3889 3549 3946; x_wconf 83' lang='grc' dir='ltr'><strong>τοῦ</strong></span> <span class='ocrx_word' id='word_1_572' title='bbox 3581 3890 3666 3953; x_wconf 80' lang='grc' dir='ltr'><strong>είς</strong></span> <span class='ocrx_word' id='word_1_573' title='bbox 3695 3888 3994 3961; x_wconf 62' lang='grc' dir='ltr'>ἄνθρωπον</span> 
     </span>
    </p>
   </div>
   <div class='ocr_carea' id='block_1_81' title="bbox 2413 3985 3359 4068">
    <p class='ocr_par' dir='ltr' id='par_1_81' title="bbox 2413 3985 3359 4068">
     <span class='ocr_line' id='line_1_81' title="bbox 2413 3985 3359 4068; baseline -0.013 -17"><span class='ocrx_word' id='word_1_574' title='bbox 2413 3997 2608 4068; x_wconf 89' lang='grc' dir='ltr'>μίσους</span> <span class='ocrx_word' id='word_1_575' title='bbox 2646 3989 2930 4053; x_wconf 86' lang='grc' dir='ltr'>παντελῶς</span> <span class='ocrx_word' id='word_1_576' title='bbox 2960 3988 3061 4042; x_wconf 84' lang='grc' dir='ltr'>οὐκ</span> <span class='ocrx_word' id='word_1_577' title='bbox 3086 3985 3359 4056; x_wconf 77' lang='grc' dir='ltr'>ἀνέχεται.</span> 
     </span>
    </p>
   </div>
   <div class='ocr_carea' id='block_1_82' title="bbox 2486 4160 4002 4240">
    <p class='ocr_par' dir='ltr' id='par_1_82' title="bbox 2486 4160 4002 4240">
     <span class='ocr_line' id='line_1_82' title="bbox 2486 4160 4002 4240; baseline -0.009 -14"><span class='ocrx_word' id='word_1_578' title='bbox 2486 4179 2583 4238; x_wconf 81' lang='grc' dir='ltr'>ις’.</span> <span class='ocrx_word' id='word_1_579' title='bbox 2632 4170 2695 4224; x_wconf 85' lang='lat'><strong>&#39;0</strong></span> <span class='ocrx_word' id='word_1_580' title='bbox 2721 4166 3078 4240; x_wconf 73' lang='grc' dir='ltr'>ἁγαπῶνμε,</span> <span class='ocrx_word' id='word_1_581' title='bbox 3110 4166 3274 4236; x_wconf 80' lang='grc' dir='ltr'>φησὶν</span> <span class='ocrx_word' id='word_1_582' title='bbox 3299 4166 3328 4218; x_wconf 88' lang='lat'><strong>6</strong></span> <span class='ocrx_word' id='word_1_583' title='bbox 3355 4163 3582 4234; x_wconf 79' lang='grc' dir='ltr'>Κύριος.</span> <span class='ocrx_word' id='word_1_584' title='bbox 3604 4161 3713 4226; x_wconf 82' lang='grc' dir='ltr'>τὰς</span> <span class='ocrx_word' id='word_1_585' title='bbox 3736 4160 4002 4221; x_wconf 73' lang='grc' dir='ltr'>ἐντολάς</span> 
     </span>
    </p>
   </div>
   <div class='ocr_carea' id='block_1_83' title="bbox 2406 4252 3997 4337">
    <p class='ocr_par' dir='ltr' id='par_1_83' title="bbox 2406 4252 3997 4337">
     <span class='ocr_line' id='line_1_83' title="bbox 2406 4252 3997 4337; baseline -0.01 -17"><span class='ocrx_word' id='word_1_586' title='bbox 2406 4283 2523 4337; x_wconf 83' lang='grc' dir='ltr'><strong>μου</strong></span> <span class='ocrx_word' id='word_1_587' title='bbox 2565 4262 2839 4332; x_wconf 82' lang='grc' dir='ltr'>τηρήσει·</span> <span class='ocrx_word' id='word_1_588' title='bbox 2878 4260 3029 4328; x_wconf 77' lang='grc' dir='ltr'>αὕτη</span> <span class='ocrx_word' id='word_1_589' title='bbox 3050 4258 3120 4313; x_wconf 81' lang='grc' dir='ltr'><strong>δέ</strong></span> <span class='ocrx_word' id='word_1_590' title='bbox 3148 4259 3319 4311; x_wconf 76' lang='grc' dir='ltr'>ἐστιν</span> <span class='ocrx_word' id='word_1_591' title='bbox 3355 4257 3394 4324; x_wconf 74' lang='grc' dir='ltr'><strong><em>ἡ</em></strong></span> <span class='ocrx_word' id='word_1_592' title='bbox 3424 4253 3645 4323; x_wconf 77' lang='grc' dir='ltr'>ἐντολὴ</span> <span class='ocrx_word' id='word_1_593' title='bbox 3665 4254 3706 4322; x_wconf 71' lang='grc' dir='ltr'><strong>ἡ</strong></span> <span class='ocrx_word' id='word_1_594' title='bbox 3730 4252 3873 4322; x_wconf 76' lang='grc' dir='ltr'>ἐμὴ,</span> <span class='ocrx_word' id='word_1_595' title='bbox 3897 4252 3997 4305; x_wconf 75' lang='grc' dir='ltr'><strong>ἵνα</strong></span> 
     </span>
    </p>
   </div>
   <div class='ocr_carea' id='block_1_84' title="bbox 2411 4343 3996 4427">
    <p class='ocr_par' dir='ltr' id='par_1_84' title="bbox 2411 4343 3996 4427">
     <span class='ocr_line' id='line_1_84' title="bbox 2411 4343 3996 4427; baseline -0.011 -14"><span class='ocrx_word' id='word_1_596' title='bbox 2411 4354 2690 4427; x_wconf 78' lang='grc' dir='ltr'>ἀγαπᾶτε</span> <span class='ocrx_word' id='word_1_597' title='bbox 2733 4350 3070 4417; x_wconf 81' lang='grc' dir='ltr'>ἀλλήλους.</span> <span class='ocrx_word' id='word_1_598' title='bbox 3113 4350 3172 4403; x_wconf 82' lang='lat'><strong>&#39;0</strong></span> <span class='ocrx_word' id='word_1_599' title='bbox 3206 4345 3303 4403; x_wconf 77' lang='grc' dir='ltr'>οὖν</span> <span class='ocrx_word' id='word_1_600' title='bbox 3357 4346 3432 4419; x_wconf 80' lang='grc' dir='ltr'>μὴ</span> <span class='ocrx_word' id='word_1_601' title='bbox 3474 4345 3704 4414; x_wconf 83' lang='grc' dir='ltr'>ἀγαπῶν</span> <span class='ocrx_word' id='word_1_602' title='bbox 3735 4344 3833 4398; x_wconf 81' lang='grc' dir='ltr'><strong>τὸν</strong></span> <span class='ocrx_word' id='word_1_603' title='bbox 3855 4343 3996 4414; x_wconf 80' lang='grc' dir='ltr'>πλη-</span> 
     </span>
    </p>
   </div>
   <div class='ocr_carea' id='block_1_85' title="bbox 2413 4433 3997 4518">
    <p class='ocr_par' dir='ltr' id='par_1_85' title="bbox 2413 4433 3997 4518">
     <span class='ocr_line' id='line_1_85' title="bbox 2413 4433 3997 4518; baseline -0.012 -14"><span class='ocrx_word' id='word_1_604' title='bbox 2413 4450 2551 4513; x_wconf 86' lang='grc' dir='ltr'>σίον,</span> <span class='ocrx_word' id='word_1_605' title='bbox 2587 4448 2688 4518; x_wconf 77' lang='grc' dir='ltr'><strong>τὴν</strong></span> <span class='ocrx_word' id='word_1_606' title='bbox 2736 4443 2956 4515; x_wconf 76' lang='grc' dir='ltr'>ἐντολὴν</span> <span class='ocrx_word' id='word_1_607' title='bbox 3001 4443 3065 4495; x_wconf 77' lang='grc' dir='ltr'>οὐ</span> <span class='ocrx_word' id='word_1_608' title='bbox 3113 4441 3288 4511; x_wconf 83' lang='grc' dir='ltr'>τηρεῖ.</span> <span class='ocrx_word' id='word_1_609' title='bbox 3331 4439 3391 4493; x_wconf 85' lang='lat'><strong>&#39;0</strong></span> <span class='ocrx_word' id='word_1_610' title='bbox 3417 4438 3476 4492; x_wconf 77' lang='grc' dir='ltr'>δὲ</span> <span class='ocrx_word' id='word_1_611' title='bbox 3513 4436 3613 4508; x_wconf 78' lang='grc' dir='ltr'>τὴν</span> <span class='ocrx_word' id='word_1_612' title='bbox 3642 4435 3871 4506; x_wconf 68' lang='grc' dir='ltr'>ἐντολὴν</span> <span class='ocrx_word' id='word_1_613' title='bbox 3922 4433 3997 4506; x_wconf 68' lang='grc' dir='ltr'>μὴ</span> 
     </span>
    </p>
   </div>
   <div class='ocr_carea' id='block_1_86' title="bbox 739 4513 2302 4611">
    <p class='ocr_par' dir='ltr' id='par_1_86' title="bbox 739 4513 2302 4595">
     <span class='ocr_line' id='line_1_86' title="bbox 739 4513 2302 4595; baseline -0.014 -6"><span class='ocrx_word' id='word_1_614' title='bbox 739 4546 858 4590; x_wconf 87' lang='lat' dir='ltr'><strong>tum</strong></span> <span class='ocrx_word' id='word_1_615' title='bbox 912 4546 1027 4586; x_wconf 91' lang='lat' dir='ltr'><strong>non</strong></span> <span class='ocrx_word' id='word_1_616' title='bbox 1079 4534 1284 4592; x_wconf 85' lang='lat' dir='ltr'><strong>servat,</strong></span> <span class='ocrx_word' id='word_1_617' title='bbox 1328 4525 1376 4581; x_wconf 86' lang='lat' dir='ltr'><strong>is</strong></span> <span class='ocrx_word' id='word_1_618' title='bbox 1410 4538 1591 4595; x_wconf 90' lang='lat' dir='ltr'><strong>neque</strong></span> <span class='ocrx_word' id='word_1_619' title='bbox 1626 4528 1806 4593; x_wconf 85' lang='lat' dir='ltr'><strong>potest</strong></span> <span class='ocrx_word' id='word_1_620' title='bbox 1851 4517 2080 4588; x_wconf 76' lang='lat' dir='ltr'><strong>diligere</strong></span> <span class='ocrx_word' id='word_1_621' title='bbox 2125 4513 2302 4570; x_wconf 89' lang='lat' dir='ltr'><strong>Domi-</strong></span> 
     </span>
    </p>
   </div>
   <div class='ocr_carea' id='block_1_87' title="bbox 2401 4513 3738 4611">
    <p class='ocr_par' dir='ltr' id='par_1_87' title="bbox 2415 4513 3738 4611">
     <span class='ocr_line' id='line_1_87' title="bbox 2415 4513 3738 4611; baseline -0.011 -19"><span class='ocrx_word' id='word_1_622' title='bbox 2415 4537 2621 4611; x_wconf 82' lang='grc' dir='ltr'>τηρῶν,</span> <span class='ocrx_word' id='word_1_623' title='bbox 2643 4513 2777 4589; x_wconf 65' lang='grc' dir='ltr'><strong>⁷οὐδὲ</strong></span> <span class='ocrx_word' id='word_1_624' title='bbox 2801 4533 2892 4587; x_wconf 80' lang='grc' dir='ltr'><strong>τὸν</strong></span> <span class='ocrx_word' id='word_1_625' title='bbox 2913 4513 3134 4603; x_wconf 68' lang='grc' dir='ltr'>Κύριον</span> <span class='ocrx_word' id='word_1_626' title='bbox 3171 4526 3460 4598; x_wconf 83' lang='grc' dir='ltr'>ἀγαπῆσαι</span> <span class='ocrx_word' id='word_1_627' title='bbox 3485 4525 3738 4580; x_wconf 84' lang='grc' dir='ltr'>δύναται.</span> 
     </span>
    </p>
   </div>
   <div class='ocr_carea' id='block_1_88' title="bbox 742 4641 2311 4778">
    <p class='ocr_par' dir='ltr' id='par_1_88' title="bbox 742 4641 2311 4778">
     <span class='ocr_line' id='line_1_88' title="bbox 844 4641 877 4678; baseline 0 0"><span class='ocrx_word' id='word_1_628' title='bbox 844 4641 877 4678; x_wconf 78' lang='lat' dir='ltr'><strong>ll</strong></span> 
     </span>
     <span class='ocr_line' id='line_1_89' title="bbox 742 4641 2311 4778; baseline -0.013 -6"><span class='ocrx_word' id='word_1_629' title='bbox 742 4641 897 4772; x_wconf 68' lang='lat' dir='ltr'><strong>null&#39;l.</strong></span> <span class='ocrx_word' id='word_1_630' title='bbox 932 4716 1135 4775; x_wconf 72' lang='lat' dir='ltr'><strong>Beatus</strong></span> <span class='ocrx_word' id='word_1_631' title='bbox 1160 4712 1349 4775; x_wconf 86' lang='lat' dir='ltr'><strong>homo,</strong></span> <span class='ocrx_word' id='word_1_632' title='bbox 1378 4706 1476 4778; x_wconf 87' lang='lat' dir='ltr'><strong>qui</strong></span> <span class='ocrx_word' id='word_1_633' title='bbox 1501 4718 1720 4771; x_wconf 56' lang='lat' dir='ltr'><strong>omnem</strong></span> <span class='ocrx_word' id='word_1_634' title='bbox 1752 4714 2007 4774; x_wconf 71' lang='lat' dir='ltr'><strong>peraeque</strong></span> <span class='ocrx_word' id='word_1_635' title='bbox 2030 4698 2311 4754; x_wconf 87' lang='lat' dir='ltr'><strong>hominem</strong></span> 
     </span>
    </p>
   </div>
   <div class='ocr_carea' id='block_1_89' title="bbox 735 4804 2298 4880">
    <p class='ocr_par' dir='ltr' id='par_1_89' title="bbox 735 4804 2298 4880">
     <span class='ocr_line' id='line_1_90' title="bbox 735 4804 2298 4880; baseline -0.015 -15"><span class='ocrx_word' id='word_1_636' title='bbox 735 4810 972 4880; x_wconf 78' lang='lat' dir='ltr'><strong>diligere</strong></span> <span class='ocrx_word' id='word_1_637' title='bbox 1007 4804 1153 4877; x_wconf 86' lang='lat' dir='ltr'><strong>potis</strong></span> <span class='ocrx_word' id='word_1_638' title='bbox 1183 4811 1290 4858; x_wconf 84' lang='lat' dir='ltr'><strong>est.</strong></span> <span class='ocrx_word' id='word_1_639' title='bbox 2294 4834 2298 4841; x_wconf 89' lang='lat'><strong>.</strong></span> 
     </span>
    </p>
   </div>
   <div class='ocr_carea' id='block_1_90' title="bbox 812 4879 2314 4961">
    <p class='ocr_par' dir='ltr' id='par_1_90' title="bbox 812 4879 2314 4961">
     <span class='ocr_line' id='line_1_91' title="bbox 812 4879 2314 4961; baseline -0.014 -7"><span class='ocrx_word' id='word_1_640' title='bbox 812 4879 900 4953; x_wconf 77' lang='grc'>18.</span> <span class='ocrx_word' id='word_1_641' title='bbox 945 4898 1148 4952; x_wconf 85' lang='lat' dir='ltr'><strong>Beatus</strong></span> <span class='ocrx_word' id='word_1_642' title='bbox 1179 4894 1365 4958; x_wconf 90' lang='lat' dir='ltr'><strong>homo,</strong></span> <span class='ocrx_word' id='word_1_643' title='bbox 1398 4888 1496 4961; x_wconf 89' lang='lat' dir='ltr'><strong>qui</strong></span> <span class='ocrx_word' id='word_1_644' title='bbox 1545 4886 1683 4943; x_wconf 91' lang='lat' dir='ltr'><strong>nulli</strong></span> <span class='ocrx_word' id='word_1_645' title='bbox 1714 4883 1795 4941; x_wconf 88' lang='lat' dir='ltr'><strong>rei</strong></span> <span class='ocrx_word' id='word_1_646' title='bbox 1827 4879 2177 4953; x_wconf 88' lang='lat' dir='ltr'><strong>corruptibili</strong></span> <span class='ocrx_word' id='word_1_647' title='bbox 2218 4888 2314 4936; x_wconf 87' lang='lat' dir='ltr'><strong>aut</strong></span> 
     </span>
    </p>
   </div>
   <div class='ocr_carea' id='block_1_91' title="bbox 737 4980 1742 5060">
    <p class='ocr_par' dir='ltr' id='par_1_91' title="bbox 737 4980 1742 5060">
     <span class='ocr_line' id='line_1_92' title="bbox 737 4980 1742 5060; baseline -0.015 -14"><span class='ocrx_word' id='word_1_648' title='bbox 737 5000 1111 5060; x_wconf 57' lang='lat' dir='ltr'><strong>temporanea‘.</strong></span> <span class='ocrx_word' id='word_1_649' title='bbox 1134 4984 1389 5040; x_wconf 87' lang='lat' dir='ltr'><strong>addictus</strong></span> <span class='ocrx_word' id='word_1_650' title='bbox 1419 4980 1607 5036; x_wconf 88' lang='lat' dir='ltr'><strong>animo</strong></span> <span class='ocrx_word' id='word_1_651' title='bbox 1638 4986 1742 5033; x_wconf 90' lang='lat' dir='ltr'><strong>est.</strong></span> 
     </span>
    </p>
   </div>
   <div class='ocr_carea' id='block_1_92' title="bbox 812 5064 2304 5144">
    <p class='ocr_par' dir='ltr' id='par_1_92' title="bbox 812 5064 2304 5144">
     <span class='ocr_line' id='line_1_93' title="bbox 812 5064 2304 5144; baseline -0.013 -8"><span class='ocrx_word' id='word_1_652' title='bbox 812 5083 895 5136; x_wconf 82' lang='lat' dir='ltr'><strong>l9.</strong></span> <span class='ocrx_word' id='word_1_653' title='bbox 937 5079 1136 5134; x_wconf 88' lang='lat' dir='ltr'><strong>Beatus</strong></span> <span class='ocrx_word' id='word_1_654' title='bbox 1168 5090 1344 5140; x_wconf 90' lang='lat' dir='ltr'><strong>mens,</strong></span> <span class='ocrx_word' id='word_1_655' title='bbox 1372 5088 1494 5144; x_wconf 71' lang='lat' dir='ltr'><strong>qua:</strong></span> <span class='ocrx_word' id='word_1_656' title='bbox 1525 5070 1695 5125; x_wconf 89' lang='lat' dir='ltr'><strong>rebus</strong></span> <span class='ocrx_word' id='word_1_657' title='bbox 1725 5065 1982 5123; x_wconf 89' lang='lat' dir='ltr'><strong>omnibus</strong></span> <span class='ocrx_word' id='word_1_658' title='bbox 2015 5064 2304 5137; x_wconf 84' lang='lat' dir='ltr'><strong>superatis,</strong></span> 
     </span>
    </p>
   </div>
   <div class='ocr_carea' id='block_1_93' title="bbox 740 5162 1956 5244">
    <p class='ocr_par' dir='ltr' id='par_1_93' title="bbox 740 5162 1956 5244">
     <span class='ocr_line' id='line_1_94' title="bbox 740 5162 1956 5244; baseline -0.014 -13"><span class='ocrx_word' id='word_1_659' title='bbox 740 5175 926 5231; x_wconf 83' lang='lat' dir='ltr'><strong>divina</strong></span> <span class='ocrx_word' id='word_1_660' title='bbox 949 5172 1154 5244; x_wconf 72' lang='lat' dir='ltr'><strong>iugiter</strong></span> <span class='ocrx_word' id='word_1_661' title='bbox 1197 5164 1606 5239; x_wconf 86' lang='lat' dir='ltr'><strong>pulchritudine</strong></span> <span class='ocrx_word' id='word_1_662' title='bbox 1632 5162 1956 5217; x_wconf 83' lang='lat' dir='ltr'><strong>delectatur.</strong></span> 
     </span>
    </p>
   </div>
   <div class='ocr_carea' id='block_1_94' title="bbox 807 5250 2309 5330">
    <p class='ocr_par' dir='ltr' id='par_1_94' title="bbox 807 5250 2309 5330">
     <span class='ocr_line' id='line_1_95' title="bbox 807 5250 2309 5330; baseline -0.011 -8"><span class='ocrx_word' id='word_1_663' title='bbox 807 5268 897 5322; x_wconf 65' lang='grc' dir='ltr'><strong>ευ.</strong></span> <span class='ocrx_word' id='word_1_664' title='bbox 928 5264 1032 5330; x_wconf 67' lang='lat' dir='ltr'><strong>Qui</strong></span> <span class='ocrx_word' id='word_1_665' title='bbox 1057 5262 1240 5318; x_wconf 87' lang='lat' dir='ltr'><strong>carnis</strong></span> <span class='ocrx_word' id='word_1_666' title='bbox 1279 5273 1467 5315; x_wconf 88' lang='lat' dir='ltr'><strong>curam</strong></span> <span class='ocrx_word' id='word_1_667' title='bbox 1510 5257 1569 5311; x_wconf 92' lang='lat' dir='ltr'><strong>in</strong></span> <span class='ocrx_word' id='word_1_668' title='bbox 1604 5254 1896 5311; x_wconf 86' lang='lat' dir='ltr'><strong>desideriis</strong></span> <span class='ocrx_word' id='word_1_669' title='bbox 1935 5251 2194 5316; x_wconf 67' lang='lat' dir='ltr'><strong>faciens‘,</strong></span> <span class='ocrx_word' id='word_1_670' title='bbox 2237 5250 2309 5305; x_wconf 91' lang='lat' dir='ltr'><strong>ob</strong></span> 
     </span>
    </p>
   </div>
   <div class='ocr_carea' id='block_1_95' title="bbox 739 5344 2307 5426">
    <p class='ocr_par' dir='ltr' id='par_1_95' title="bbox 739 5344 2307 5426">
     <span class='ocr_line' id='line_1_96' title="bbox 739 5344 2307 5426; baseline -0.011 -11"><span class='ocrx_word' id='word_1_671' title='bbox 739 5374 828 5415; x_wconf 82' lang='lat' dir='ltr'><strong>res</strong></span> <span class='ocrx_word' id='word_1_672' title='bbox 882 5366 1262 5426; x_wconf 83' lang='lat' dir='ltr'><strong>temporaucas</strong></span> <span class='ocrx_word' id='word_1_673' title='bbox 1311 5349 1647 5408; x_wconf 86' lang='lat' dir='ltr'><strong>simultatem</strong></span> <span class='ocrx_word' id='word_1_674' title='bbox 1695 5345 1961 5401; x_wconf 87' lang='lat' dir='ltr'><strong>adversus</strong></span> <span class='ocrx_word' id='word_1_675' title='bbox 1998 5344 2307 5416; x_wconf 59' lang='lat' dir='ltr'><strong>proximum</strong></span> 
     </span>
    </p>
   </div>
   <div class='ocr_carea' id='block_1_96' title="bbox 2486 4690 3995 4767">
    <p class='ocr_par' dir='ltr' id='par_1_96' title="bbox 2486 4690 3995 4767">
     <span class='ocr_line' id='line_1_97' title="bbox 2486 4690 3995 4767; baseline -0.009 -10"><span class='ocrx_word' id='word_1_676' title='bbox 2486 4700 2573 4767; x_wconf 77' lang='grc' dir='ltr'>ιζ’.</span> <span class='ocrx_word' id='word_1_677' title='bbox 2614 4702 2901 4766; x_wconf 80' lang='grc' dir='ltr'>Μακάριος</span> <span class='ocrx_word' id='word_1_678' title='bbox 2948 4697 3255 4766; x_wconf 76' lang='grc' dir='ltr'>ἄνθρωπος,</span> <span class='ocrx_word' id='word_1_679' title='bbox 3303 4694 3334 4747; x_wconf 88' lang='lat'><strong>6</strong></span> <span class='ocrx_word' id='word_1_680' title='bbox 3378 4691 3560 4748; x_wconf 78' lang='grc' dir='ltr'>πάντα</span> <span class='ocrx_word' id='word_1_681' title='bbox 3602 4691 3908 4761; x_wconf 74' lang='grc' dir='ltr'>ἄνθρωπον</span> <span class='ocrx_word' id='word_1_682' title='bbox 3937 4690 3995 4758; x_wconf 69' lang='grc' dir='ltr'><strong>ἐξ</strong></span> 
     </span>
    </p>
   </div>
   <div class='ocr_carea' id='block_1_97' title="bbox 2412 4784 3611 4863">
    <p class='ocr_par' dir='ltr' id='par_1_97' title="bbox 2412 4784 3611 4863">
     <span class='ocr_line' id='line_1_98' title="bbox 2412 4784 3611 4863; baseline -0.006 -17"><span class='ocrx_word' id='word_1_683' title='bbox 2412 4794 2528 4849; x_wconf 79' lang='grc' dir='ltr'>τσου</span> <span class='ocrx_word' id='word_1_684' title='bbox 2558 4793 2848 4863; x_wconf 81' lang='grc' dir='ltr'>ἀγαπῆσαι</span> <span class='ocrx_word' id='word_1_685' title='bbox 2880 4788 3130 4861; x_wconf 80' lang='grc' dir='ltr'>δυνηθείς</span> <span class='ocrx_word' id='word_1_686' title='bbox 3156 4787 3308 4860; x_wconf 72' lang='grc' dir='ltr'>[σόει.</span> <span class='ocrx_word' id='word_1_687' title='bbox 3338 4784 3611 4858; x_wconf 86' lang='grc' dir='ltr'>δύναται].</span> 
     </span>
    </p>
   </div>
   <div class='ocr_carea' id='block_1_98' title="bbox 2488 4878 3994 4958">
    <p class='ocr_par' dir='ltr' id='par_1_98' title="bbox 2488 4878 3994 4958">
     <span class='ocr_line' id='line_1_99' title="bbox 2488 4878 3994 4958; baseline -0.005 -17"><span class='ocrx_word' id='word_1_688' title='bbox 2488 4893 2577 4958; x_wconf 88' lang='grc' dir='ltr'>ιη’.</span> <span class='ocrx_word' id='word_1_689' title='bbox 2645 4885 2931 4956; x_wconf 79' lang='grc' dir='ltr'>Μακάριος</span> <span class='ocrx_word' id='word_1_690' title='bbox 2987 4880 3315 4952; x_wconf 80' lang='grc' dir='ltr'>ἄνθρωπος,</span> <span class='ocrx_word' id='word_1_691' title='bbox 3374 4881 3404 4933; x_wconf 87' lang='lat'><strong>6</strong></span> <span class='ocrx_word' id='word_1_692' title='bbox 3449 4878 3641 4952; x_wconf 82' lang='grc' dir='ltr'>μηδενὶ</span> <span class='ocrx_word' id='word_1_693' title='bbox 3696 4880 3994 4950; x_wconf 85' lang='grc' dir='ltr'>πράγματι</span> 
     </span>
    </p>
   </div>
   <div class='ocr_carea' id='block_1_99' title="bbox 2413 4971 3625 5051">
    <p class='ocr_par' dir='ltr' id='par_1_99' title="bbox 2413 4971 3625 5051">
     <span class='ocr_line' id='line_1_100' title="bbox 2413 4971 3625 5051; baseline -0.007 -17"><span class='ocrx_word' id='word_1_694' title='bbox 2413 4977 2640 5051; x_wconf 83' lang='grc' dir='ltr'>φθαρτῷ</span> <span class='ocrx_word' id='word_1_695' title='bbox 2667 4977 2701 5048; x_wconf 79' lang='grc' dir='ltr'>ἢ</span> <span class='ocrx_word' id='word_1_696' title='bbox 2733 4974 3053 5047; x_wconf 81' lang='grc' dir='ltr'>προσκαίρῳ</span> <span class='ocrx_word' id='word_1_697' title='bbox 3091 4971 3507 5043; x_wconf 82' lang='grc' dir='ltr'>προσκείμενος.</span> <span class='ocrx_word' id='word_1_698' title='bbox 3621 5028 3625 5036; x_wconf 69' lang='grc'><strong>,</strong></span> 
     </span>
    </p>
   </div>
   <div class='ocr_carea' id='block_1_100' title="bbox 2488 5062 3992 5138">
    <p class='ocr_par' dir='ltr' id='par_1_100' title="bbox 2488 5062 3992 5138">
     <span class='ocr_line' id='line_1_101' title="bbox 2488 5062 3992 5138; baseline -0.005 -14"><span class='ocrx_word' id='word_1_699' title='bbox 2488 5069 2571 5125; x_wconf 87' lang='grc' dir='ltr'>ιθ’.</span> <span class='ocrx_word' id='word_1_700' title='bbox 2610 5070 2896 5138; x_wconf 82' lang='grc' dir='ltr'>Μακάριος</span> <span class='ocrx_word' id='word_1_701' title='bbox 2920 5067 2948 5118; x_wconf 90' lang='lat'><strong>6</strong></span> <span class='ocrx_word' id='word_1_702' title='bbox 2975 5066 3120 5132; x_wconf 88' lang='grc' dir='ltr'>νοῦς,</span> <span class='ocrx_word' id='word_1_703' title='bbox 3157 5068 3188 5119; x_wconf 89' lang='lat'><strong>6</strong></span> <span class='ocrx_word' id='word_1_704' title='bbox 3215 5065 3394 5118; x_wconf 85' lang='grc' dir='ltr'>πάντα</span> <span class='ocrx_word' id='word_1_705' title='bbox 3430 5062 3501 5117; x_wconf 82' lang='grc' dir='ltr'><strong>τά</strong></span> <span class='ocrx_word' id='word_1_706' title='bbox 3544 5062 3674 5116; x_wconf 73' lang='grc' dir='ltr'>ὂντα</span> <span class='ocrx_word' id='word_1_707' title='bbox 3717 5063 3992 5136; x_wconf 80' lang='grc' dir='ltr'>περάσας,</span> 
     </span>
    </p>
   </div>
   <div class='ocr_carea' id='block_1_101' title="bbox 2414 5155 3993 5232">
    <p class='ocr_par' dir='ltr' id='par_1_101' title="bbox 2414 5155 3993 5232">
     <span class='ocr_line' id='line_1_102' title="bbox 2414 5155 3993 5232; baseline -0.004 -15"><span class='ocrx_word' id='word_1_708' title='bbox 2414 5163 2508 5218; x_wconf 74' lang='grc' dir='ltr'>καὶ</span> <span class='ocrx_word' id='word_1_709' title='bbox 2542 5164 2643 5232; x_wconf 83' lang='grc' dir='ltr'>τῆς</span> <span class='ocrx_word' id='word_1_710' title='bbox 2671 5159 2820 5223; x_wconf 88' lang='grc' dir='ltr'>θείας</span> <span class='ocrx_word' id='word_1_711' title='bbox 2851 5157 3181 5230; x_wconf 82' lang='grc' dir='ltr'>ὡραιότητος</span> <span class='ocrx_word' id='word_1_712' title='bbox 3210 5155 3573 5219; x_wconf 84' lang='grc' dir='ltr'>ἀδιαλείπτως</span> <span class='ocrx_word' id='word_1_713' title='bbox 3597 5156 3993 5227; x_wconf 75' lang='grc' dir='ltr'>κατατρυφῶν.</span> 
     </span>
    </p>
   </div>
   <div class='ocr_carea' id='block_1_102' title="bbox 2485 5247 3994 5321">
    <p class='ocr_par' dir='ltr' id='par_1_102' title="bbox 2485 5247 3994 5321">
     <span class='ocr_line' id='line_1_103' title="bbox 2485 5247 3994 5321; baseline -0.002 -15"><span class='ocrx_word' id='word_1_714' title='bbox 2485 5257 2557 5306; x_wconf 83' lang='grc' dir='ltr'>κ’.</span> <span class='ocrx_word' id='word_1_715' title='bbox 2611 5250 2670 5305; x_wconf 86' lang='lat'><strong>&#39;0</strong></span> <span class='ocrx_word' id='word_1_716' title='bbox 2703 5250 2958 5321; x_wconf 84' lang='grc' dir='ltr'>πρόνοιαν</span> <span class='ocrx_word' id='word_1_717' title='bbox 3001 5248 3100 5320; x_wconf 80' lang='grc' dir='ltr'>τῆς</span> <span class='ocrx_word' id='word_1_718' title='bbox 3136 5248 3338 5319; x_wconf 87' lang='grc' dir='ltr'>σαρκὸς</span> <span class='ocrx_word' id='word_1_719' title='bbox 3388 5250 3468 5311; x_wconf 79' lang='grc' dir='ltr'><strong>είς</strong></span> <span class='ocrx_word' id='word_1_720' title='bbox 3522 5247 3821 5318; x_wconf 71' lang='grc' dir='ltr'>ἐπιθυμίας</span> <span class='ocrx_word' id='word_1_721' title='bbox 3849 5247 3994 5321; x_wconf 70' lang='lat' dir='ltr'><strong>[Duo</strong></span> 
     </span>
    </p>
   </div>
   <div class='ocr_carea' id='block_1_103' title="bbox 2415 5339 3994 5416">
    <p class='ocr_par' dir='ltr' id='par_1_103' title="bbox 2415 5339 3994 5416">
     <span class='ocr_line' id='line_1_104' title="bbox 2415 5339 3994 5416; baseline -0.003 -17"><span class='ocrx_word' id='word_1_722' title='bbox 2415 5343 2563 5416; x_wconf 84' lang='lat' dir='ltr'><strong>Regii</strong></span> <span class='ocrx_word' id='word_1_723' title='bbox 2600 5339 2921 5413; x_wconf 75' lang='grc' dir='ltr'>ἐπιθυμίαν]</span> <span class='ocrx_word' id='word_1_724' title='bbox 2956 5340 3301 5410; x_wconf 80' lang='grc' dir='ltr'>ποιούμενος,</span> <span class='ocrx_word' id='word_1_725' title='bbox 3349 5340 3445 5393; x_wconf 75' lang='grc' dir='ltr'>καὶ</span> <span class='ocrx_word' id='word_1_726' title='bbox 3478 5339 3850 5412; x_wconf 86' lang='grc' dir='ltr'>μνησικακίαν</span> <span class='ocrx_word' id='word_1_727' title='bbox 3903 5341 3994 5396; x_wconf 79' lang='grc' dir='ltr'><strong>διὰ</strong></span> 
     </span>
    </p>
   </div>
   <div class='ocr_carea' id='block_1_104' title="bbox 809 5501 2302 5577">
    <p class='ocr_par' dir='ltr' id='par_1_104' title="bbox 809 5501 2276 5577">
     <span class='ocr_line' id='line_1_105' title="bbox 809 5501 2276 5577; baseline -0.008 -7"><span class='ocrx_word' id='word_1_728' title='bbox 809 5517 827 5548; x_wconf 88' lang='grc'>¹</span> <span class='ocrx_word' id='word_1_729' title='bbox 862 5515 968 5571; x_wconf 82' lang='lat' dir='ltr'><strong>lsa.</strong></span> <span class='ocrx_word' id='word_1_730' title='bbox 994 5527 1071 5577; x_wconf 81' lang='lat' dir='ltr'><strong>vt,</strong></span> <span class='ocrx_word' id='word_1_731' title='bbox 1102 5511 1155 5567; x_wconf 75' lang='grc' dir='ltr'>ὅ.</span> <span class='ocrx_word' id='word_1_732' title='bbox 1220 5511 1242 5542; x_wconf 79' lang='grc'><strong><em>²</em></strong></span> <span class='ocrx_word' id='word_1_733' title='bbox 1276 5510 1433 5567; x_wconf 82' lang='lat' dir='ltr'><strong>Joan.</strong></span> <span class='ocrx_word' id='word_1_734' title='bbox 1455 5523 1565 5573; x_wconf 79' lang='lat' dir='ltr'><strong>xtv,</strong></span> <span class='ocrx_word' id='word_1_735' title='bbox 1598 5505 1683 5562; x_wconf 83' lang='grc'>15.</span> <span class='ocrx_word' id='word_1_736' title='bbox 1724 5504 1745 5536; x_wconf 87' lang='grc'><strong><em>³</em></strong></span> <span class='ocrx_word' id='word_1_737' title='bbox 1774 5503 1932 5560; x_wconf 82' lang='lat' dir='ltr'><strong>Joan.</strong></span> <span class='ocrx_word' id='word_1_738' title='bbox 1971 5520 2061 5568; x_wconf 79' lang='lat' dir='ltr'><strong>xv,</strong></span> <span class='ocrx_word' id='word_1_739' title='bbox 2090 5503 2177 5559; x_wconf 74' lang='grc'>12.</span> <span class='ocrx_word' id='word_1_740' title='bbox 2252 5501 2276 5535; x_wconf 74' lang='grc'><strong><em>⁵</em></strong></span> 
     </span>
    </p>
   </div>
   <div class='ocr_carea' id='block_1_105' title="bbox 2401 5501 2731 5577">
    <p class='ocr_par' dir='ltr' id='par_1_105' title="bbox 2401 5502 2731 5567">
     <span class='ocr_line' id='line_1_106' title="bbox 2401 5502 2731 5567; baseline -0.006 -9"><span class='ocrx_word' id='word_1_741' title='bbox 2401 5518 2465 5558; x_wconf 87' lang='lat' dir='ltr'><strong>m.</strong></span> <span class='ocrx_word' id='word_1_742' title='bbox 2500 5519 2613 5567; x_wconf 81' lang='lat' dir='ltr'><strong>xm,</strong></span> <span class='ocrx_word' id='word_1_743' title='bbox 2644 5502 2731 5557; x_wconf 72' lang='lat' dir='ltr'><strong>i6.</strong></span> 
     </span>
    </p>
   </div>
   <div class='ocr_carea' id='block_1_106' title="bbox 807 5647 2303 5727">
    <p class='ocr_par' dir='ltr' id='par_1_106' title="bbox 807 5647 2303 5727">
     <span class='ocr_line' id='line_1_107' title="bbox 807 5647 2303 5727; baseline -0.008 -15"><span class='ocrx_word' id='word_1_744' title='bbox 807 5658 887 5727; x_wconf 84' lang='lat' dir='ltr'><strong>td)</strong></span> <span class='ocrx_word' id='word_1_745' title='bbox 942 5653 1117 5724; x_wconf 80' lang='grc' dir='ltr'>Ψυχὴ</span> <span class='ocrx_word' id='word_1_746' title='bbox 1175 5650 1505 5727; x_wconf 48' lang='grc' dir='ltr'><strong>ἐμπ-ᾳθήςεη</strong></span> <span class='ocrx_word' id='word_1_747' title='bbox 1531 5649 1757 5720; x_wconf 82' lang='lat' dir='ltr'><strong>Adjecta</strong></span> <span class='ocrx_word' id='word_1_748' title='bbox 1797 5647 1888 5702; x_wconf 88' lang='lat' dir='ltr'><strong>illa</strong></span> <span class='ocrx_word' id='word_1_749' title='bbox 1913 5662 2024 5727; x_wconf 66' lang='lat' dir='ltr'><strong>vox</strong></span> <span class='ocrx_word' id='word_1_750' title='bbox 2055 5662 2123 5701; x_wconf 81' lang='lat' dir='ltr'><strong>ex</strong></span> <span class='ocrx_word' id='word_1_751' title='bbox 2151 5661 2303 5727; x_wconf 39' lang='lat' dir='ltr'><strong>.mss.</strong></span> 
     </span>
    </p>
   </div>
   <div class='ocr_carea' id='block_1_107' title="bbox 770 5717 2302 5789">
    <p class='ocr_par' dir='ltr' id='par_1_107' title="bbox 770 5717 2302 5789">
     <span class='ocr_line' id='line_1_108' title="bbox 770 5717 2302 5789; baseline -0.01 -5"><span class='ocrx_word' id='word_1_752' title='bbox 770 5717 897 5784; x_wconf 71' lang='lat' dir='ltr'><strong>lane</strong></span> <span class='ocrx_word' id='word_1_753' title='bbox 923 5717 1253 5781; x_wconf 75' lang='lat' dir='ltr'><strong>necessaria.</strong></span> <span class='ocrx_word' id='word_1_754' title='bbox 1276 5717 1627 5775; x_wconf 55' lang='lat' dir='ltr'><strong>Tertullinno&#39;</strong></span> <span class='ocrx_word' id='word_1_755' title='bbox 1648 5727 1734 5773; x_wconf 90' lang='lat' dir='ltr'><strong>est</strong></span> <span class='ocrx_word' id='word_1_756' title='bbox 1783 5718 2025 5789; x_wconf 72' lang='lat' dir='ltr'><strong>passibus</strong></span> <span class='ocrx_word' id='word_1_757' title='bbox 2072 5717 2302 5789; x_wconf 79' lang='lat' dir='ltr'><strong>animus,</strong></span> 
     </span>
    </p>
   </div>
   <div class='ocr_carea' id='block_1_108' title="bbox 757 5786 2301 5866">
    <p class='ocr_par' dir='ltr' id='par_1_108' title="bbox 757 5786 2301 5866">
     <span class='ocr_line' id='line_1_109' title="bbox 757 5786 2301 5866; baseline -0.009 -12"><span class='ocrx_word' id='word_1_758' title='bbox 757 5797 796 5854; x_wconf 76' lang='grc' dir='ltr'><strong><em>Δ</em></strong></span> <span class='ocrx_word' id='word_1_759' title='bbox 823 5808 928 5864; x_wconf 81' lang='lat' dir='ltr'><strong>est,</strong></span> <span class='ocrx_word' id='word_1_760' title='bbox 963 5791 1478 5866; x_wconf 84' lang='lat' dir='ltr'><strong>perturbationibus</strong></span> <span class='ocrx_word' id='word_1_761' title='bbox 1526 5798 1690 5859; x_wconf 90' lang='lat' dir='ltr'><strong>atque</strong></span> <span class='ocrx_word' id='word_1_762' title='bbox 1734 5786 1885 5844; x_wconf 85' lang='lat' dir='ltr'><strong>vitiis</strong></span> <span class='ocrx_word' id='word_1_763' title='bbox 1937 5786 2301 5856; x_wconf 83' lang='lat' dir='ltr'><strong>mancipatus,</strong></span> 
     </span>
    </p>
   </div>
   <div class='ocr_carea' id='block_1_109' title="bbox 2411 5603 3992 5726">
    <p class='ocr_par' dir='ltr' id='par_1_109' title="bbox 2411 5603 3992 5726">
     <span class='ocr_line' id='line_1_110' title="bbox 2411 5603 3992 5726; baseline -0.006 -26"><span class='ocrx_word' id='word_1_764' title='bbox 2411 5662 2476 5726; x_wconf 78' lang='lat' dir='ltr'><strong>ac</strong></span> <span class='ocrx_word' id='word_1_765' title='bbox 2496 5643 2644 5726; x_wconf 74' lang='lat' dir='ltr'><strong>quod</strong></span> <span class='ocrx_word' id='word_1_766' title='bbox 2675 5603 2914 5726; x_wconf 51' lang='lat' dir='ltr'><strong>reddidi,</strong></span> <span class='ocrx_word' id='word_1_767' title='bbox 2965 5642 3290 5726; x_wconf 55' lang='lat' dir='ltr'><strong>libidinosus.</strong></span> <span class='ocrx_word' id='word_1_768' title='bbox 3322 5634 3992 5726; x_wconf 48' lang='lat' dir='ltr'><strong>loyquo‘tjpsaﬂclse‘cis</strong></span> 
     </span>
    </p>
   </div>
   <div class='ocr_carea' id='block_1_110' title="bbox 2410 5704 3991 5798">
    <p class='ocr_par' dir='ltr' id='par_1_110' title="bbox 2410 5704 3991 5798">
     <span class='ocr_line' id='line_1_111' title="bbox 2410 5704 3991 5798; baseline -0.005 -31"><span class='ocrx_word' id='word_1_769' title='bbox 2410 5704 2544 5770; x_wconf 76' lang='lat' dir='ltr'><strong>vitia</strong></span> <span class='ocrx_word' id='word_1_770' title='bbox 2560 5715 2845 5798; x_wconf 50' lang='lat' dir='ltr'><strong>dicuntur,</strong></span> <span class='ocrx_word' id='word_1_771' title='bbox 2880 5704 3024 5798; x_wconf 68' lang='lat' dir='ltr'><strong>apud</strong></span> <span class='ocrx_word' id='word_1_772' title='bbox 3076 5704 3409 5769; x_wconf 76' lang='lat' dir='ltr'><strong>Cassianum</strong></span> <span class='ocrx_word' id='word_1_773' title='bbox 3429 5704 3496 5768; x_wconf 69' lang='grc' dir='ltr'><strong>ρι’</strong></span> <span class='ocrx_word' id='word_1_774' title='bbox 3527 5704 3687 5777; x_wconf 69' lang='lat' dir='ltr'><strong>alios,</strong></span> <span class='ocrx_word' id='word_1_775' title='bbox 3731 5707 3873 5780; x_wconf 78' lang='grc' dir='ltr'>Περὶ</span> <span class='ocrx_word' id='word_1_776' title='bbox 3897 5704 3991 5759; x_wconf 85' lang='grc' dir='ltr'>λο-</span> 
     </span>
    </p>
   </div>
   <div class='ocr_carea' id='block_1_111' title="bbox 2410 5783 3036 5857">
    <p class='ocr_par' dir='ltr' id='par_1_111' title="bbox 2410 5783 3036 5857">
     <span class='ocr_line' id='line_1_112' title="bbox 2410 5783 3036 5857; baseline 0 -18"><span class='ocrx_word' id='word_1_777' title='bbox 2410 5785 2643 5857; x_wconf 82' lang='grc' dir='ltr'>γισμῶν,</span> <span class='ocrx_word' id='word_1_778' title='bbox 2670 5793 2756 5840; x_wconf 87' lang='lat' dir='ltr'><strong>est</strong></span> <span class='ocrx_word' id='word_1_779' title='bbox 2777 5783 2854 5839; x_wconf 90' lang='lat' dir='ltr'><strong>De</strong></span> <span class='ocrx_word' id='word_1_780' title='bbox 2877 5786 3036 5840; x_wconf 79' lang='lat' dir='ltr'><strong>vitiis.</strong></span> 
     </span>
    </p>
   </div>
  </div>
