4208 6436
255 392 353 455 965

1165 377 1523 442 CAPITUM
1565 378 1663 441 DE
1700 377 2129 441 CIIARITATE
2163 379 2551 441 CENTURIA
2592 382 2639 442 Ι.

3402 396 3512 464 966

253 505 565 576 πρόσκαιρα
612 501 745 572 προς
793 501 878 554 τὴν
926 496 1158 569 πλησίον
1192 496 1371 567 ἒχων·
1398 498 1425 551 ό
1450 496 1691 558 τοιοῦτος
1732 495 1827 547 λα-

1939 494 2059 560 alit;
2099 494 2190 548 bic
2239 495 2365 549 talis
2400 502 2669 550 creatura
2713 494 2883 565 magis
2914 495 3106 564 servit,
3139 515 3302 570 quam
3344 504 3515 564 Crea-

252 598 435 669 τρεὺει
468 598 533 664 τῇ
570 597 743 647 κτίσει
767 592 916 663 παρὰ
947 593 1038 645 τὸν
1066 589 1350 644 κτίσαντα.

322 690 432 739 κα’.
485 686 543 736 ὐ
577 685 840 752 ἀνήδονον
879 682 972 734 καὶ
1011 682 1218 735 ἀνοσονυ
1236 679 1297 732 τὸ
1332 678 1492 749 σῶμα
1534 679 1827 750 διατηρῶν,

255 774 541 830 σύνδουλόν
574 775 706 827 αὐτὸ
743 773 855 844 ἔχει
886 772 1020 843 πρὸς
1058 773 1159 842 τὴν
1188 770 1297 825 τῶν
1366 770 1694 843 κρειττόνων
1728 772 1830 823 ὑπ-

253 868 501 941 ηρεσίαν.

320 956 430 1027 κβκ
481 957 541 1008 ’0
567 955 783 1025 φεύγων
828 954 1007 1016 πάσας
1047 953 1143 1015 τὰς
1193 950 1469 1020 κοσμικὰς
1514 950 1829 1021 ἐπιθυμίας,

254 1049 439 1116 πάσης
491 1046 668 1118 λύπης
705 1046 855 1117 [edit.
888 1044 1042 1114 ὕλης,
1071 1058 1311 1113 unusque
1360 1041 1491 1113 Reg.
1522 1050 1571 1095 et
1590 1041 1704 1113 Fr.]
1736 1059 1830 1094 κο-

256 1142 461 1212 σμικῆς
490 1140 679 1193 ἑαυτὸν
706 1139 981 1209 ἀνώτερον
1008 1137 1350 1207 καθίστησιν.

329 1240 438 1301 κγ’.
491 1235 552 1286 Ὀ
580 1234 672 1284 τὸν
715 1232 848 1285 Θεὸν
893 1230 1151 1299 ἀγαπῶν,
1176 1233 1274 1283 καί⁵
1307 1231 1399 1283 τὸν
1444 1230 1672 1300 πλησίον
1706 1228 1835 1282 πάν-

253 1341 365 1386 τως
389 1326 602 1395 ἀγαπᾷ.
649 1324 706 1376 Ὀ
747 1324 804 1377 δὲ
840 1321 1106 1387 τοιοῦτος,
1135 1323 1394 1392 χρήματα
1428 1324 1615 1393 τηρεῖν
1645 1320 1705 1372 ού
1737 1321 1831 1373 δύο

254 1431 439 1479 ναται,
476 1415 590 1470 ἀλλ’
615 1416 891 1484 οἰκονομεῖ
939 1413 1283 1486 θεοπρεπῶς,
1327 1414 1545 1483 ἑκάστῳ
1573 1413 1688 1465 τῶν
1715 1413 1832 1465 δεο-

260 1507 442 1577 μένων
462 1507 739 1577 παρέχων.

328 1598 428 1650 κδ’.
481 1598 539 1650 Ὀ
557 1596 697 1651 κατὰ
723 1596 956 1667 μίμησιν
971 1592 1107 1647 Θεοῦ
1137 1592 1235 1662 τὴν
1255 1590 1626 1663 ἐλεημοσύνην
1652 1590 1839 1643 ποιού-

261 1703 446 1757 μενος,
482 1687 583 1739 οὐκ
636 1680 742 1739 οἶδε
789 1685 1056 1752 διαφορὰν
1113 1682 1353 1752 πονηροῦ
1384 1682 1476 1735 καὶ
1504 1679 1735 1749 ἀγαθοῦ,
1760 1680 1839 1732 διι-

257 1776 423 1830 καίου
452 1777 545 1830 καὶ
579 1777 767 1829 ἀδίκου
804 1777 861 1827 ὲν
892 1777 1003 1837 τοῖς
1048 1774 1142 1827 τοῦ
1200 1772 1452 1843 σώματος
1483 1769 1834 1839 ἀναγκαίοις*

1931 588 2036 642 tori
2062 588 2102 641 '.

1998 680 2088 732 21.
2139 678 2242 743 Qui
2273 692 2480 747 corpus
2520 692 2550 732 a
2586 681 2964 750 voluptatibus
2992 699 3057 737 ac
3089 686 3514 754 egritudinibus

1930 780 2114 824 servat
2146 770 2403 833 liberum,
2450 785 2718 825 conservo
2759 773 2850 826 illo
2882 784 3069 828 utetur
3109 776 3175 829 ad
3225 777 3517 849 fungeuda:

1932 862 2159 917 virtutis
2186 862 2577 917 ministerium.

2003 953 2091 1006 22.
2125 954 2227 1019 Qui
2270 954 2577 1008 mundanas
2608 968 2801 1007 omnes
2826 955 3156 1023 cupiditates
3184 960 3341 1029 fugit,
3363 960 3515 1014 oumi

1934 1062 1991 1102 se
2026 1047 2299 1100 mundana
2340 1046 2561 1100 tristitia
2600 1046 2932 1117 [al.cunctis
2957 1064 3019 1102 se
3046 1049 3302 1122 terrenis]
3345 1067 3514 1122 supe-

1935 1138 2135 1193 riorem
2178 1137 2329 1192 facit.

2003 1232 2094 1287 25.
2121 1231 2224 1297 Qui
2261 1231 2433 1284 Deum
2485 1229 2685 1300 diligit,
2716 1233 2943 1287 omnino
2991 1234 3156 1289 etiam
3206 1236 3514 1304 proximum

1936 1323 2113 1393 diligit
2141 1341 2154 1374 :
2192 1322 2285 1391 qui
2318 1329 2501 1376 autem
2546 1323 2815 1393 ejusmodi
2860 1331 2964 1387 est,
2994 1327 3256 1393 pecunias
3290 1341 3517 1381 servare

1936 1430 2046 1469 non
2086 1422 2284 1483 potest,
2322 1414 2422 1468 sed
2459 1413 2644 1469 divine
2671 1430 2765 1469 eas
2809 1414 3111 1484 dispensat,
3158 1417 3389 1487 singulis
3417 1419 3515 1488 qui

1937 1514 2135 1577 egeant
2174 1508 2442 1561 tribuens.

2006 1598 2095 1651 24.
2128 1596 2229 1663 Qui
2264 1597 2359 1652 Dei
2410 1596 2716 1651 imitatione
2750 1598 3154 1669 eleemosynam
3186 1597 3335 1663 facit,
3382 1600 3517 1654 boui

1939 1704 2003 1743 ac
2037 1690 2183 1750 mali,
2215 1688 2347 1761 justi
2378 1698 2433 1742 et
2460 1688 2730 1758 injusti,in
2761 1690 3009 1758 corporis
3048 1690 3376 1744 necessariis
3404 1691 3513 1744 dis-

1944 1783 2160 1837 crimen
2206 1796 2316 1835 non
2351 1782 2524 1843 novit,
2553 1780 2648 1835 sed
2676 1781 2890 1835 cunctis
2920 1782 3207 1851 :equaliter
3233 1798 3332 1852 pro
3356 1784 3518 1853 justzc

254 1864 397 1919 ἀλλά
420 1870 585 1919 πᾶσιν
614 1867 673 1933 ἐξ
698 1869 811 1920 [σου
840 1866 978 1920 κατά
1004 1864 1099 1935 τὴν
1126 1864 1317 1932 χρείαν
1345 1862 1591 1931 διανέμει
1614 1877 1627 1891 ·
1659 1861 1708 1912 εἰ
1741 1860 1835 1914 καὶ

1939 1873 2282 1928 necessitatis
2308 1873 2475 1943 398
2501 1873 2663 1927 modo
2691 1873 3001 1939 distribuit;
3039 1875 3255 1928 tametsi
3290 1886 3518 1944 propter

257 1960 507 2029 προτιμᾷ
534 1958 601 2011 δι’
640 1957 852 2027 ἀγαθὴν
898 1958 1222 2027 προαίρεσιν
1271 1954 1367 2010 τοῦ
1402 1955 1607 2024 φαύλου
1634 1954 1725 2008 τὸν
1752 1956 1836 2008 ὲν-

257 2051 478 2121 άρετον.

328 2148 429 2198 κε’.
474 2144 684 2213 Ὥσπερ
715 2142 743 2195 ό
780 2142 912 2204 Θεὲς
944 2140 1102 2209 φύσει
1138 2140 1213 2193 ὢν
1246 2139 1449 2207 ἀγαθὸς
1472 2139 1565 2193 καὶ
1595 2138 1832 2208 ἀπαθὴς,

257 2236 473 2299 πάντας
504 2236 607 2306 μὲν
632 2235 693 2299 ἐξ
719 2233 833 2287 ῐσυυ
856 2236 1065 2305 ἀγαπᾷ,
1089 2234 1163 2297 ὠς
1193 2234 1328 2305 ἔργα
1354 2231 1522 2285 αὐτοῦ
1543 2248 1557 2260 ·
1581 2230 1715 2285 ἀλλὰ
1743 2231 1834 2283 τὸν

260 2327 363 2396 μὲν
396 2328 653 2398 ἐνάρετον
677 2324 911 2390 δοξάζει,
938 2324 1014 2388 ὡς
1045 2328 1138 2377 καὶ
1173 2327 1238 2394 τῇ
1284 2322 1478 2394 γνώμῃ
1508 2321 1633 2395 [edit
1662 2331 1709 2375 et
1740 2320 1830 2374 Fr.

255 2418 361 2488 τὴν
417 2417 646 2484 γνῶσιν·
685 2416 822 2470 alter
875 2416 1001 2487 Reg.
1063 2416 1161 2484 τὴν
1216 2413 1484 2485 γνώμην],
1530 2413 1832 2480 οἰκειούμε-

1936 1966 2137 2020 bonam
2185 1966 2543 2028 voluntatem,
2571 1978 2697 2019 eum
2730 1964 2825 2033 qui
2856 1964 3062 2019 virtute
3101 1966 3241 2021 nitet
3284 1981 3350 2022 ac
3395 1976 3515 2021 stu-

1894 2102 1897 2103 ν
1940 2055 2128 2111 diosus
2157 2065 2261 2119 est,
2292 2055 2543 2125 improbo
2572 2055 2880 2124 anteponit.

2005 2145 2094 2200 25.
2129 2145 2601 2212 Quemadmodum
2639 2145 2800 2209 Deus,
2832 2144 2927 2213 qui
2961 2153 3160 2200 natura
3189 2144 3391 2210 bonus,
3414 2160 3518 2199 nec

1936 2238 2064 2291 ullis
2126 2236 2415 2291 affectibus
2472 2236 2746 2290 obnoxius
2797 2237 2889 2299 sit,
2941 2252 3132 2291 omnes
3187 2238 3409 2308 quidem
3461 2252 3520 2292 ut

1932 2342 2103 2395 opera
2167 2341 2263 2379 sua
2320 2339 2572 2394 peraeque
2625 2323 2839 2393 diligit;
2902 2323 2997 2378 sed
3044 2333 3224 2378 tamen
3258 2340 3384 2379 eum
3421 2323 3517 2392 qui

1934 2416 2144 2471 virtute
2190 2414 2391 2484 fulgeat
2454 2416 2634 2485 sitque
2687 2415 2987 2480 studiosus,
3039 2424 3299 2485 tanquam
3353 2416 3516 2470 etiam

257 2524 352 2560 νον
369 2509 436 2577 (e)
458 2524 472 2538 ο
502 2508 591 2559 τὸν
619 2507 675 2558 δὲ
712 2505 939 2575 φαῦλον,
991 2504 1058 2557 δι’
1095 2504 1405 2573 ἀγαθότητα
1455 2504 1611 2566 ὲλεεῖ,
1655 2503 1748 2556 καὶ
1777 2504 1834 2554 ὲν

1939 2508 2106 2563 animi
2161 2509 2442 2564 voluntate
2493 2508 2871 2563 necessarium
2919 2507 3211 2573 clarificat;
3280 2507 3520 2578 improbi

257 2594 339 2665 τῷ
371 2596 530 2649 αἰῶνι
574 2595 754 2665 τούτῳ
804 2593 1073 2648 παιδεύων
1106 2595 1458 2666 ἐπιστρέφει·
1500 2593 1644 2647 οὕτω
1681 2593 1775 2645 καὶ
1806 2594 1835 2644 ό

259 2690 329 2758 τῇ
355 2686 549 2758 γνώμῃ
588 2685 789 2753 ἀγαθὸς
835 2689 930 2741 καὶ
980 2688 1218 2759 ἀπαθὴς,
1258 2686 1467 2748 πάντας
1520 2684 1840 2755 ἀνθρώπους

261 2780 323 2845 ἐξ
352 2778 470 2832 [σου
502 2781 727 2850 ἀγαπᾷ·
762 2779 855 2833 τὸν
886 2778 985 2849 μὲν
1014 2780 1290 2849 ἐνάρετον,
1322 2778 1409 2832 διά
1448 2794 1507 2830 τε
1542 2776 1640 2847 τὴν
1679 2776 1840 2843 φύσιν

261 2870 360 2923 καὶ
398 2869 496 2940 τὴν
530 2870 740 2940 ἀγαθὴν
787 2871 1107 2941 προαίρεσιν
1130 2886 1143 2897 ·
1175 2870 1267 2921 τὸν
1305 2868 1361 2921 δὲ
1409 2868 1631 2934 φαῦλον,
1664 2868 1752 2919 διά
1781 2883 1839 2918 τε

257 2967 361 3036 τὴν
395 2961 580 3029 φύσιν,
637 2963 735 3015 καὶ
778 2963 877 3034 τὴν
915 2960 1259 3032 συμπάθειαν
1308 2959 1474 3012 ἐλεῶν
1525 2958 1599 3021 ὡς
1627 2960 1839 3027 ἄφρονα

262 3053 362 3106 καὶ
394 3055 453 3107 ὲν
485 3054 662 3133 σκότει
686 3055 1167 3124 διαπορευόμενον.

1940 2611 2120 2654 autem
2155 2616 2263 2669 prae
2294 2599 2537 2653 bonitate
2571 2599 2886 2662 miseretur,
2921 2614 2987 2653 ac
3014 2599 3287 2669 castigans
3327 2599 3381 2651 in
3416 2598 3523 2653 hoc

1941 2692 2161 2755 sacculo,
2189 2692 2464 2745 convertit
2496 2708 2508 2743 :
2552 2690 2631 2744 sic
2668 2699 2724 2745 et
2756 2691 2851 2760 qui
2884 2691 3001 2760 ipse
3045 2690 3211 2745 animi
3249 2691 3523 2746 sententia

1939 2780 2025 2833 vir
2068 2781 2295 2849 probus,
2340 2781 2602 2851 vitiisque
2631 2797 2697 2836 ac
2742 2781 3033 2836 aﬂectibus
3068 2780 3325 2852 superior
3358 2781 3530 2834 exsti-

1939 2872 2028 2933 tit,
2067 2871 2329 2925 mortales
2358 2886 2551 2925 omnes
2601 2887 2667 2927 ex
2698 2886 2859 2941 aequo
2907 2872 3113 2942 diligit;
3172 2887 3298 2927 eum
3340 2881 3527 2926 tamen

1941 2963 2033 3030 qui
2063 2961 2133 3015 sit
2178 2962 2489 3025 studiosus,
2517 2972 2629 3016 tum
2663 2972 2889 3032 propter
2924 2974 3202 3027 naturam,
3244 2975 3355 3019 tum
3394 2980 3522 3034 pro-

1940 3060 2026 3105 ter
2062 3052 2259 3106 bonam
2292 3053 2665 3119 voluntatem;
2710 3070 2837 3108 eum
2868 3064 3050 3109 autem
3077 3057 3170 3125 qui
3205 3058 3278 3111 sit
3322 3058 3526 3119 maius,

262 3153 322 3200 et
351 3156 578 3216 propter
610 3153 884 3211 naturam,
912 3155 968 3201 et
992 3161 1103 3214 quo
1170 3144 1247 3199 illi
1280 3142 1653 3199 miserationis
1715 3140 1913 3196 affectu
1949 3144 2317 3214 impenditur;
2364 3145 2512 3199 illius
2554 3147 2922 3200 miscrescens
2968 3148 3123 3215 quasi
3160 3148 3410 3211 amentis,
3466 3157 3525 3201 ct

262 3238 361 3308 qui
392 3238 639 3293 ambulet
674 3238 728 3293 in
774 3237 1034 3292 tenebris.

338 3338 454 3396 κζ’.
497 3331 572 3384 Οὐ
605 3332 764 3400 μόνον
806 3330 896 3382 διὰ
937 3326 1277 3399 μεταδόσεως
1311 3326 1611 3397 χρημάτων
1649 3326 1681 3394 ὴ
1719 3323 1832 3376 διά·

2006 3320 2096 3374 26.
2131 3321 2250 3375 Non
2295 3321 2471 3375 solum
2518 3324 2876 3392 pecuniarum
2912 3325 3234 3395 elargitione
3271 3326 3529 3394 proditur

266 3423 419 3487 θεσις
457 3424 554 3491 τῆς
589 3422 812 3489 ἀγάπης
850 3418 1198 3489 γνωρίζεται,
1230 3418 1369 3472 ἀλλά
1408 3416 1587 3486 πολλῷ
1638 3415 1838 3485 μᾶλλον

264 3513 355 3565 διά
383 3512 723 3581 μεταδόσεως
773 3509 934 3579 λόγου
966 3510 1104 3563 Θεοῦ
1152 3510 1244 3563 καὶ
1287 3508 1606 3579 σωματικῆς
1654 3506 1839 3559 διακο-

264 3602 410 3665 νίας.

342 3695 448 3760 xC’.
500 3695 561 3749 '0
588 3690 699 3759 τοῖς
727 3694 822 3747 τοῦ
868 3693 1077 3764 κόσμου
1125 3693 1413 3764 πράγμασι
1445 3691 1594 3764 [εάίι.
1626 3700 1675 3745 et
1704 3707 1841 3745 unus

266 3785 402 3859 Reg.
430 3788 539 3839 τῶν
575 3784 940 3857 πραγμάτιον]
997 3786 1239 3856 γνησίως
1280 3784 1715 3854 ἀποταξάμενος,
1749 3785 1845 3837 καὶ

264 3877 348 3947 τῷ
373 3877 600 3946 πλησίον
631 3877 719 3930 διὰ
750 3876 853 3946 τῆς
881 3877 1108 3945 ἀγάπης
1147 3876 1531 3946 άνυποκρίτως
1553 3874 1840 3939 δουλεύων,

267 3971 476 4032 παντὸς
521 3969 729 4032 πάθους
754 3969 963 4039 ταχέως
992 3954 1397 4038 ἐλευθεροῦται,
1434 3967 1530 4021 καὶ¹
1558 3968 1661 4037 τῆς
1693 3967 1845 4031 θείας

264 4064 493 4133 ἀγάπης
518 4062 610 4115 καὶ
639 4063 892 4129 γνώσεως
933 4062 1157 4131 μέτοχος
1186 4061 1527 4115 καθίσταται.

341 4162 450 4225 κη’.
505 4156 568 4207 ὐ
600 4156 701 4226 τὴν
730 4154 881 4207 θείαν
915 4153 1137 4223 ἀγάπην
1175 4155 1233 4205 ὲν
1276 4152 1453 4222 ἑαυτῷ
1476 4151 1842 4221 κτησάμενος,

261 4248 331 4301 οὐ
348 4248 517 4317 κοπιᾷ
544 4246 947 4300 κατοκολουθῶν
972 4245 1146 4296 ὀπίσω
1163 4244 1364 4313 Κυρίου
1388 4242 1482 4294 τοῦ
1506 4241 1642 4295 Θεοῦ
1657 4240 1845 4305 αὐτοῦ,

270 4338 423 4391 κατὰ
477 4338 571 4391 τὸν
617 4336 762 4389 θεῖον
795 4336 1065 4406 Ἱερεμίαν
1093 4334 1191 4403 (n'
1260 4332 1398 4386 ἀλλά
1456 4332 1635 4386 πάντα
1681 4331 1845 4385 πόνον

263 4428 576 4497 ὸνειδισμόν
610 4444 670 4481 τε
703 4428 799 4481 καὶ
832 4426 990 4496 φέρει
1030 4424 1188 4495 ὕϐριν
1223 4424 1510 4492 γενναίως,
1540 4421 1731 4494 μηδενὶ
1784 4422 1847 4475 τὸ

266 4520 493 4573 σύνολον
519 4520 688 4573 κακὸν
711 4518 1079 4586 λογιζόμενος.

342 4611 448 4665 κθ’.
490 4612 656 4664 Ὅταν
689 4609 953 4678 ὑδρισθῇς
991 4608 1144 4677 παρά
1174 4623 1341 4669 τινος,
1381 4605 1416 4675 ἢ
1453 4604 1510 4657 ἕν
1555 4622 1662 4658 τινι
1695 4604 1846 4669 ιὶξου⁴

1941 3412 2227 3467 charitatis
2278 3412 2528 3476 aﬂ'ectio;
2576 3414 2674 3467 sed
2711 3416 2883 3467 multo
2933 3415 3103 3485 magis
3148 3416 3522 3485 impartitione

1942 3503 2143 3575 divinae
2200 3503 2485 3567 doctrinm,
2537 3520 2602 3558 ac
2651 3508 2956 3575 corporalis
3003 3508 3251 3578 obsequii
3308 3509 3525 3566 exhibi—

1941 3596 2113 3650 tione.

2013 3688 2101 3741 27.
2134 3687 2236 3753 Qui
2270 3688 2452 3742 sarculi
2500 3690 2665 3743 rebus
2691 3706 2821 3744 vere
2849 3707 3027 3761 exque
3055 3688 3239 3750 animo
3264 3702 3526 3756 nuntium.

1943 3780 2247 3844 remittens,
2275 3782 2413 3834 citra
2436 3797 2651 3835 onmem
2684 3783 3087 3839 simulationem
3116 3788 3401 3846 charitatis
3426 3795 3528 3847 ob-

1944 3873 2150 3942 sequiis
2201 3875 2450 3943 proximo
2486 3891 2707 3944 operam
2753 3877 3052 3945 impendit;
3102 3882 3249 3936 omni
3302 3885 3413 3938 cito
3460 3888 3529 3940 li-

1946 3964 2169 4019 beratus
2200 3962 2399 4018 aﬂ‘ectu
2441 3975 2605 4035 atque
2652 3966 2806 4031 vitio,
2837 3968 3038 4023 divina:
3072 3972 3350 4044 particeps
3382 3976 3523 4030 dile-

1944 4056 2144 4109 ctionis
2189 4056 2540 4126 scientiaeque
2580 4059 2785 4113 evadit.

2014 4149 2106 4203 28.
2132 4147 2235 4214 Qui
2268 4147 2507 4203 divinam
2530 4150 2586 4204 in
2610 4166 2668 4204 se
2694 4161 2887 4207 nactus
2915 4163 2999 4207 est
3045 4154 3388 4222 ebaritatcm,
3414 4174 3523 4212 non

1945 4240 2179 4294 lassatur
2204 4249 2301 4293 aut
2330 4239 2537 4295 fatiscit
2569 4243 2852 4311 sequendo
2881 4254 3005 4313 post
3035 4246 3325 4301 Dominum
3352 4249 3525 4303 Deum

1946 4345 2129 4395 suum,
2160 4331 2315 4401 juxta
2340 4331 2588 4385 divinum
2636 4333 2929 4388 Jeremiam
2947 4336 2987 4399 ’⁸,
3022 4337 3118 4391 sed
3168 4353 3387 4393 ouiliem
3444 4341 3531 4398 la-

1947 4421 2160 4486 borem,
2181 4422 2650 4493 opprobriumque
2675 4432 2733 4477 et
2765 4424 3019 4495 injuriam
3048 4426 3177 4482 forti
3204 4428 3385 4483 animo
3409 4431 3527 4485 suf-

1946 4512 2072 4575 fert,
2105 4514 2239 4567 nulli
2273 4529 2503 4582 prorsus
2536 4515 2783 4585 cogitans
2814 4518 3037 4572 malum.

2016 4604 2106 4659 29.
2133 4605 2271 4659 Cum
2311 4607 2380 4660 ab
2413 4608 2597 4677 aliquo
2636 4609 2798 4664 lazsus
2835 4610 3056 4681 injuria,
3101 4615 3185 4668 vel
3243 4618 3297 4671 in
3344 4617 3526 4685 aliqua

264 4703 531 4774 δενωθῇς,
567 4702 689 4754 τότε
724 4671 959 4771 πρόσεχε
1006 4671 1114 4751 ἀπὸ
1150 4697 1258 4750 τῶν
1312 4671 1590 4768 λογισμῶν
1620 4697 1717 4767 τῆς
1754 4696 1840 4767 ὀρ-

1950 4710 2010 4749 re
2052 4702 2270 4763 spretus
2300 4694 2487 4759 fueris,
2508 4671 2635 4750 tum
2664 4697 2762 4751 tibi
2797 4671 2911 4768 ipse
2959 4671 3155 4758 ab'irte
3186 4671 3531 4774 cogitationi-

263 4795 398 4863 γῆςν
440 4795 514 4865 μή
551 4810 612 4846 σε
642 4794 741 4862 τῆς
769 4793 989 4861 ἀγάπης
1034 4789 1123 4843 διὰ
1153 4789 1252 4859 τῆς
1283 4788 1459 4859 λύπης
1489 4788 1843 4860 χωρίσαντες,

265 4890 331 4941 ὲν
362 4888 428 4957 τῇ
454 4884 608 4956 χώρᾳ
637 4883 729 4937 τοῦ
764 4882 957 4953 μίσους
989 4881 1424 4950 καταστήσωσιν.

342 4972 410 5029 λ’.
451 4974 622 5027 Ὅταν
650 4971 917 5042 ἐφ’ὒὸρει
964 4970 998 5040 ἦ
1053 4968 1249 5039 ἀτιμίᾳ
1297 4969 1560 5040 πονήσῃς,
1609 4968 1845 5037 γίνωσκε

268 5065 503 5122 σεαυτδν
552 5066 803 5137 μεγάλως
839 5062 1212 5133 ὠφεληθέντα,
1260 5060 1361 5129 τῆς
1398 5059 1702 5126 κενοδοξίας
1759 5059 1847 5114 διὰ

264 5160 369 5231 τῆς
401 5159 621 5228 ἀτιμίας
649 5154 1006 5225 οἰκονομικῶς
1045 5154 1152 5207 ἀπὸ
1188 5153 1282 5206 σοῦ
1324 5153 1701 5223 ὲκϐληθείσης.

343 5340 368 5372 ⁸
397 5339 556 5394 Rom.
587 5352 625 5402 ι,
662 5336 754 5391 25.
828 5336 850 5367 ⁸
873 5333 1076 5391 Jerem.
1102 5347 1233 5395 xvu,
1272 5328 1321 5385 6.

346 5456 421 5531 (e)_
453 5458 548 5531 ’ρς
567 5454 676 5531 aa}
706 5453 778 5521 τῇ
806 5452 1006 5531 γνώμῃ
1045 5449 1479 5531 ιςὶειιειιιοὑέων-ἔπ’.Δ
1508 5443 1763 5531 Ιιιεῃλοει
1785 5452 1845 5523 et

267 5513 425 5600 quod
454 5513 546 5600 alii
567 5513 792 5600 habent,
814 5513 826 5523 ’
846 5513 944 5592 τὴν
972 5513 1214 5600 γνώμην·
1237 5513 1672 5600 quodnveroialii
1702 5513 1846 5600 γνῷ-

273 5583 385 5664 διν,
414 5598 578 5667 paulo
611 5583 914 5667 diversum,
966 5583 1070 5645 etsi
1089 5583 1367 5667 "Istud—ad
1390 5583 1523 5665 illud
1552 5592 1840 5667 sequatur,

270 5655 384 5724 scu'
407 5655 485 5721 illi
542 5680 729 5721 comes
763 5666 865 5723 sit;
922 5675 1131 5734 nempe
1172 5656 1427 5717 scientia,
1458 5655 1684 5734 virtuti;
1720 5669 1844 5734 .qua

274 5748 514 5807 utraque
543 5737 657 5791 Deo
685 5724 1067 5807 conciliamur,
1084 5731 1247 5807 eique
1274 5724 1686 5807 necessitudine
1717 5724 1845 5807 jun-

270 5792 481 5880 gimu'r,
508 5807 654 5877 quod
677 5806 767 5861 hic
787 5803 981 5860 asserit
1004 5792 1289 5853 Maximus.
1309 5795 1442 5849 Male
1474 5795 1656 5862 itaque
1679 5792 1843 5847 ambo

1948 4786 2050 4840 bus
2077 4786 2320 4849 attende,
2367 4803 2435 4842 ne
2486 4789 2592 4843 illae
2631 4806 2697 4843 ex
2740 4793 2999 4847 mmstitia
3053 4810 3081 4848 a
3120 4796 3385 4851 cbaritate
3434 4797 3529 4851 ab-

1941 4878 2217 4948 junetum,
2257 4877 2312 4930 in
2357 4878 2466 4931 odii
2515 4881 2734 4949 regione
2774 4884 3131 4938 constituant.

2018 4968 2108 5020 ‘50.
2142 4968 2278 5021 Cum
2318 4976 2369 5021 te
2404 4967 2603 5037 injuria
2639 4979 2734 5023 aut
2777 4971 2984 5039 probro
3023 4972 3234 5041 gravari
3279 4973 3529 5043 contige-

1947 5054 2038 5121 rit,
2094 5054 2298 5124 ingenti
2354 5063 2404 5110 te
2453 5057 2741 5111 commodo
2784 5058 3038 5113 allectum
3074 5061 3316 5126 noveris,
3354 5077 3529 5130 aquo

1952 5155 2101 5201 certa
2133 5147 2346 5200 consilii
2398 5148 2606 5203 ratione
2641 5164 2736 5218 per
2770 5150 3123 5219 ignominiam
3157 5167 3222 5210 ac
3262 5152 3525 5218 dedecus,

1955 5236 2134 5292 inanis
2170 5238 2356 5308 gloriae
2393 5237 2568 5294 fastus
2613 5241 2823 5310 ejectus
2854 5241 2945 5295 sit.

1948 5445 2239 5517 interpret.
2277 5454 2334 5498 ut
2365 5462 2482 5499 eum
2518 5446 2607 5515 qui
2650 5447 2734 5500 sui
2784 5449 3132 5517 cognitionem
3179 5461 3315 5503 recte
3340 5450 3518 5507 obser-

1946 5526 2068 5576 uat;
2100 5516 2247 5582 quod
2274 5525 2360 5569 est
2394 5532 2621 5584 prorsus
2652 5516 3092 5586 ἀπροσδιόνυσον.

2149 5587 2260 5654 Τόν
2288 5586 2447 5638 θεῖον
2487 5587 2783 5651 Ἰερεμίαν.
2829 5588 2963 5641 Male
3004 5587 3170 5641 iidem
3210 5598 3521 5651 reclaman-

1946 5651 2257 5723 tib'u‘s'ipsis
2300 5655 2733 5728 Gr:ecis_editis,
2777 5657 3028 5726 aliisque,
3065 5658 3229 5728 juxta
3284 5658 3523 5713 Isaiam:

1944 5742 2069 5780 cum
2092 5734 2145 5778 et
2171 5742 2301 5780 vere
2331 5728 2483 5780 locus
2506 5726 2759 5781 Jercmize
2797 5728 2887 5781 sit.
