4208 6436
718 374 824 441 967

1891 365 1952 421 3.
1994 361 2283 423 MAXIMI
2321 357 2832 421 CONFESSORIS

3883 351 3993 416 968

784 485 874 539 51.
929 479 1404 550 Quemadmodum
1452 476 1595 548 ignis
1641 475 1910 531 memoria
1946 490 2150 545 corpus
2191 490 2301 528 non

2476 469 2578 522 λα’.
2624 469 2850 538 Ὠσπερ
2890 466 3080 538 μνήμη
3105 460 3273 534 πυρδς
3303 460 3363 516 ού
3392 459 3679 535 θερμαίνει
3711 459 3773 514 τδ
3807 460 3993 531 σῶμα,

715 574 990 637 calefacit,
1036 573 1115 627 sic
1153 586 1257 626 nec
1294 569 1430 624 ﬁdes
1480 567 1724 624 scientiae
1773 566 2198 622 illustrationem
2247 565 2305 620 in

715 667 904 722 animo
941 674 1203 735 operatur
1245 663 1291 716 si
1322 661 1581 717 Charitas
1609 660 1773 716 desit.

787 757 872 810 52.
910 757 1061 809 Sicut
1095 755 1190 808 lux
1221 752 1356 806 solis
1383 766 1580 806 sanum
1628 750 1850 805 oculum
1891 749 1961 803 ad
1997 763 2056 804 se
2097 747 2300 812 trahit;

717 847 799 900 sic
825 856 881 900 ct
924 845 1018 898 Dei
1045 843 1288 914 cognitio
1323 858 1389 896 ac
1424 841 1675 904 scientia,
1703 853 1898 909 puram
1936 846 2176 892 mentem
2207 852 2306 906 per

717 937 1042 991 charitatem
1090 935 1328 989 naturali
1374 933 1442 988 ad
1487 946 1545 986 se
1593 929 1854 985 illecebra
1895 929 2125 999 pellicit.

791 1109 958 1180 399
993 1111 1081 1164 55.
1108 1109 1260 1164 Mens
1295 1123 1429 1176 pura
1464 1117 1568 1170 est,
1593 1119 1716 1174 qua:
1748 1101 2073 1174 ignorantia:
2095 1111 2306 1158 semota

718 1203 977 1274 caligine,
1014 1203 1199 1256 divina
1220 1202 1340 1254 luce
1364 1199 1743 1253 collustratur.

791 1296 878 1349 54.
925 1295 1102 1348 Purus
1127 1294 1345 1347 animus
1378 1299 1486 1356 est,
1532 1291 1627 1361 qui
1674 1305 1704 1343 a
1739 1289 1889 1343 vitiis
1933 1289 2201 1344 liberatus
2241 1305 2307 1345 ac

719 1383 1255 1456 perturbationibus,
1297 1383 1483 1439 divina
1528 1382 1799 1438 charitatc
1851 1381 2057 1452 iugiter
2091 1381 2305 1436 exhila-

722 1484 898 1530 ratur.

791 1569 880 1623 55.
902 1568 1150 1625 Affectus
1179 1568 1516 1638 vituperium
1556 1566 1769 1620 habens
1803 1563 2172 1634 (perturbatio
2199 1561 2308 1617 sci-

719 1657 854 1712 licet
878 1666 1043 1728 atque
1071 1656 1288 1726 vitium)
1317 1664 1498 1710 motus
1531 1654 1698 1709 animi
1726 1664 1812 1708 est
1848 1653 2191 1708 innaturalis.

792 1745 882 1800 36.
921 1745 1185 1798 Ἀπάοεια
1220 1742 1797 1813 (imperturbationem
1837 1740 2106 1805 dicamus,
2149 1740 2307 1796 seda-

2408 560 2552 614 οὖτω
2591 558 2775 622 πίστις
2814 559 2945 613 ἄνευ
2974 556 3218 627 ἀγάπης,
3258 554 3360 607 οὐκ
3387 554 3606 624 ἐνεργεῖ
3638 553 3721 616 εἰς
3747 553 3853 621 τὴν
3883 551 3992 620 ψυο

2407 651 2511 721 χὴν
2532 650 2623 703 τὸν
2659 649 2760 719 τῆς
2787 648 3044 718 γνώσεως
3075 646 3378 716 φωτισμόν.

2479 740 2584 811 λβν.
2633 743 2849 812 Ὠσπερ
2881 741 2942 793 τὸ
2979 739 3093 808 φῶς
3118 737 3213 792 τοῦ
3245 737 3401 806 ἡλίου
3428 736 3521 789 τὸν
3552 733 3680 802 ὑγιῆ
3712 732 3995 803 ὀφθαλμὸν

2406 833 2487 895 είς
2509 833 2672 886 ἑαυτὸ
2699 832 2989 900 ἐφέλκεται
3007 847 3021 860 ·
3049 830 3194 883 οὓτω
3216 829 3312 882 καὶ
3335 826 3590 897 ἠγνῶσις⁹
3620 824 3718 878 τοῦ
3754 824 3894 878 Θεοῦ
3918 825 3994 895 ιε)

2404 924 2497 976 τὸν
2547 925 2788 995 καθαρὸν
2837 924 2966 977 νοῦν
3014 923 3260 991 φυσικῶς
3316 920 3407 974 διὰ
3461 922 3560 988 τῆς
3597 919 3827 988 ἀγάπης
3857 918 3993 987 πρὸς

2405 1015 2607 1084 ἑαυτὴν
2635 1018 2956 1069 ἐπισπᾶται.

2476 1104 2576 1176 λγ’.
2614 1109 2758 1171 Νοῦς
2793 1110 2909 1161 ἐστι
2945 1105 3206 1176 καθαρὸς,
3241 1105 3271 1157 ὁ
3295 1103 3520 1170 ἀγνοίας
3553 1100 3872 1174 χωρισθεὶς,
3903 1100 3995 1154 καὶ

2407 1199 2513 1252 ὑπὸ
2540 1199 2634 1252 τοῦ
2663 1199 2809 1252 θείου
2839 1198 3016 1268 φωτὸς
3041 1196 3556 1266 καταλαμπόμενος.

2475 1292 2574 1347 λδ’.
2611 1293 2776 1362 Ψυχή
2817 1293 2934 1346 ἐστι
2964 1290 3203 1362 καθαρὰ,
3241 1292 3274 1360 ἡ
3308 1289 3500 1342 παθῶν
3531 1284 3990 1356 ὲλευθερωθεῖσα,

2407 1388 2502 1441 καὶ
2531 1387 2636 1440 ὑπὸ
2678 1387 2779 1456 τῆς
2814 1383 2966 1440 θείας
3023 1384 3245 1454 ἀγάπης
3291 1380 3656 1443 ἀδιαλείπτως
3699 1383 3997 1448 εὐφραινο-

2407 1479 2546 1550 μένη
2557 1521 2570 1534 .

2475 1571 2572 1624 λε’.
2613 1567 2793 1631 Πάθος
2847 1564 2987 1638 [Duo
3035 1565 3188 1636 Regii
3245 1572 3457 1619 tantum
3497 1559 3692 1634 πάθος]
3733 1559 3858 1613 ἐστὶ
3899 1558 3997 1620 ψε-

2405 1660 2554 1723 κτὸν,
2585 1659 2801 1731 κίνησις
2831 1659 3012 1728 ψυχῆς
3047 1656 3200 1727 παρά
3236 1657 3421 1725 φύσιν.

2476 1753 2584 1818 λς’.
2639 1751 2905 1806 ’Δπάθειά
2935 1753 3087 1804 ἐστιν
3120 1748 3375 1820 εἰρηνικὴ
3416 1746 3757 1807 κατάστασις
3787 1743 3996 1813 ψυχῆς,

722 1836 873 1905 tique
899 1835 1068 1889 animi
1095 1850 1159 1890 ac
1183 1834 1477 1890 aﬁ‘ectibus
1504 1832 1664 1888 vacui
1699 1831 2177 1903 tranquillitatem)
2205 1847 2303 1886 oa-

2416 1843 2530 1900 ιιαθ’
2556 1843 2626 1915 ἠν
2653 1843 2972 1910 δυσκίνητος
3001 1841 3210 1910 γίνεται
3234 1838 3382 1910 ψυχὴ
3419 1838 3556 1908 πρὸς
3582 1835 3804 1890 κακίαν.

723 1937 880 1982 catus
932 1936 1018 1982 est
1064 1926 1232 1981 animi
1288 1937 1485 1992 status,
1536 1941 1646 1995 quo
1704 1925 1753 1979 is
1797 1939 1941 1996 :egre
1985 1923 2304 1979 allvitium

723 2028 1002 2075 movetur.
2103 2084 2106 2086 η

793 2113 882 2167 57.
912 2111 1015 2178 Qui
1046 2111 1330 2168 charitatis
1366 2110 1580 2167 fructus
1609 2111 1802 2167 sedulo
1836 2118 2169 2167 consecutus
2197 2116 2305 2176 est,

723 2207 811 2261 vel
845 2205 891 2260 si
937 2204 1226 2260 innumera
1255 2205 1584 2262 sustinenda
1616 2203 1730 2260 sint
1767 2202 1929 2268 mala,
1959 2199 2029 2257 ab
2061 2216 2126 2257 ea
2155 2215 2306 2255 nun-

717 2315 889 2370 quam
919 2299 1164 2352 animum
1197 2297 1516 2353 transferet.
1546 2294 1848 2365 Fidemque
1879 2294 2046 2350 faciat
2070 2291 2308 2362 Stepha-

725 2411 832 2450 nus
883 2394 1090 2450 Christi
1143 2392 1469 2461 discipulus,
1517 2406 1583 2446 ac
1623 2389 1676 2444 ei
1726 2388 1935 2444 similes
1977 2389 2034 2453 ⁷;
2082 2388 2309 2457 ipseque

726 2487 998 2549 Salvator,
1033 2501 1133 2555 pro
1175 2484 1285 2538 illis
1326 2483 1543 2538 Patrem
1573 2489 1833 2553 precatus
1861 2479 1954 2548 qui
1987 2478 2108 2532 neci
2134 2477 2308 2532 tradi-

725 2577 949 2639 derunt,
989 2575 1319 2643 veniamque
1347 2574 1415 2628 ab
1443 2588 1530 2632 eo.
1575 2581 1835 2641 tanquam
1868 2570 1975 2623 illis
2003 2567 2309 2640 ignorantia

726 2667 1128 2730 laborantibus,
1156 2681 1357 2736 rogans
1378 2665 1422 2718 ⁸.

798 2775 888 2829 58.
915 2773 1053 2829 Cum
1079 2771 1366 2827 charitatis
1392 2769 1465 2826 sit
1491 2768 1883 2840 longanimcm,
1915 2765 2217 2836 mitemque
2245 2780 2312 2822 ac

727 2866 1027 2936 benignum
1072 2879 1196 2919 esse
1228 2865 1272 2928 ’,
1314 2863 1409 2933 qui
1451 2864 1535 2916 ira
1576 2861 1713 2916 furit
1750 2860 1972 2931 agitque
2015 2859 2310 2926 malitiose,

729 2959 992 3015 nimirum
1021 2957 1240 3011 alienus
1273 2971 1303 3009 a
1327 2954 1598 3010 charitatc
1630 2951 1907 3008 efﬁcitur:
1936 2952 2152 3006 alienus
2179 2967 2311 3006 vero

729 3068 761 3108 a
787 3053 1078 3114 charitatc,
1108 3066 1140 3106 a
1172 3050 1286 3105 Deo
1325 3049 1541 3102 alienus
1581 3055 1687 3111 est,
1721 3060 1848 3100 cum
1890 3045 2032 3100 Deus
2075 3045 2310 3099 charitas

727 3154 796 3205 sit
831 3154 896 3206 ".

801 3258 890 3312 59.
936 3256 1112 3310 Nolite
1144 3255 1335 3316 dicere,
1371 3253 1448 3308 ait
1488 3251 1710 3306 divinus
1734 3249 2024 3314 Jeremias,
2058 3246 2312 3317 templum

649 3333 656 3341 ’
734 3348 947 3404 Domini
983 3365 1164 3403 sumus
1193 3349 1257 3401 ".
1299 3346 1379 3400 Tu
1408 3359 1628 3415 quoque
1660 3359 1732 3399 ne
1767 3343 1978 3397 dixeris
2012 3359 2026 3396 :
2061 3340 2218 3396 Nuda
2250 3355 2316 3395 ac

615 3429 620 3435 ’
734 3444 848 3498 sola
885 3441 1020 3496 fides
1050 3441 1105 3494 in
1141 3439 1440 3509 “Dominum
1485 3445 1736 3490 nostrum
1777 3435 1964 3490 Jesum
2009 3433 2312 3499 Christum,

733 3529 970 3584 salutem
1014 3525 1152 3580 mihi
1184 3533 1365 3594 potest
1399 3532 1681 3593 praestare.
1714 3522 1833 3576 Non
1866 3521 2015 3576 enim
2051 3521 2158 3576 hoc
2195 3520 2313 3576 ﬁeri

736 3625 939 3689 potest.
969 3615 1074 3671 nisi
1121 3615 1286 3670 etiam
1329 3615 1656 3670 eharitatem
1698 3614 1754 3668 in
1791 3613 1970 3683 ipsum
2009 3629 2109 3683 per
2149 3628 2316 3683 opera

734 3707 1168 3778 comparaveris.
1191 3707 1273 3762 Ad
1306 3706 1613 3776 simplicem
1641 3705 1790 3761 enim
1827 3705 1989 3760 ﬁdem
2017 3705 2164 3775 quod
2195 3705 2323 3758 atti-

737 3810 834 3857 net
866 3817 880 3854 :
932 3799 1108 3854 Etiam
1148 3800 1412 3854 da'moues
1445 3797 1686 3861 credunt,
1720 3804 1771 3850 et
1808 3796 2213 3850 contremiscunt
2252 3797 2317 3851 “.

807 3891 898 3947 ιο.
943 3890 1246 3946 Charitatis
1289 3905 1429 3960 opus
1466 3896 1572 3954 est,
1610 3887 1864 3944 beneﬁcii
1904 3888 1961 3943 in
2003 3888 2317 3958 proximum

735 3995 806 4036 ex
834 3980 1021 4036 animo
1049 3979 1362 4042 collocatio,
1403 3985 1461 4032 et
1498 3977 1886 4048 longanimitas
1923 3985 1981 4032 et
2021 3976 2317 4047 patientia;

738 4074 982 4143 itemque
1012 4081 1164 4127 recta
1190 4087 1321 4127 cum
1355 4071 1568 4124 ratione
1592 4069 1758 4124 rebus
1791 4069 1894 4122 uti.

808 4165 899 4220 41.
932 4164 1038 4231 Qui
1079 4163 1251 4218 Deum
1276 4161 1474 4231 diligit,
1516 4174 1618 4215 nec
1657 4161 1830 4214 ullum
1875 4158 2098 4213 tristitia
2125 4157 2317 4223 afﬁcit,

738 4271 844 4311 nec
863 4256 978 4325 ipse
997 4254 1289 4309 adversum
1313 4253 1551 4322 aliquem
1568 4251 1642 4305 ob
1667 4260 2021 4320 temporanea
2043 4249 2320 4305 tristitiam

737 4346 973 4403 assumit
999 4363 1014 4400 :
1049 4360 1158 4399 una
1176 4343 1445 4398 duntaxat
1471 4343 1550 4397 illi
1571 4342 1812 4396 salubris
1841 4340 2069 4396 tristitia
2086 4350 2192 4406 est,
2209 4358 2318 4411 qua

737 4449 796 4494 et
834 4436 1004 4493 afﬁcit
1045 4444 1104 4491 et
1148 4434 1421 4500 afficitur;
1471 4449 1579 4503 qua
1619 4433 1815 4488 beatus
1853 4433 2054 4488 Paulus
2097 4441 2155 4488 et
2203 4434 2319 4504 ipse

738 4530 1098 4586 eontristatus
1131 4536 1236 4591 est,
1271 4537 1328 4581 et
1354 4524 1706 4580 contristavit
1733 4523 2054 4581 Corinthios
2088 4525 2154 4578 ".

809 4617 900 4671 ιε.
945 4615 1050 4682 Qui
1091 4615 1262 4670 Deum
1301 4614 1502 4685 diligit,
1543 4614 1847 4684 angelicam
1878 4615 2004 4669 vita:
2048 4616 2316 4670 rationem

740 4710 796 4764 in
826 4718 973 4763 terra
1005 4708 1283 4772 instituit;
1310 4722 1507 4776 nempe
1531 4706 1758 4777 jejuniis
1783 4721 1849 4760 ac
1873 4706 2077 4778 vigiliis
2095 4721 2328 4772 vacans,-

741 4801 1090 4872 psallensque
1128 4808 1185 4854 et
1226 4814 1412 4863 orans,
1460 4813 1564 4853 nec
1605 4798 1714 4853 nisi
1753 4814 1876 4868 qua:
1913 4798 2058 4854 bona
2099 4798 2214 4853 sint
2248 4799 2318 4855 de

741 4890 855 4944 ullo
882 4889 1166 4943 hominum
1199 4890 1466 4960 cogitans.

810 4978 900 5034 45.
935 4977 1074 5032 Cum
1111 4978 1260 5048 quod
1289 4979 1414 5047 quis
1447 4977 1620 5047 cupit,
1657 4977 1762 5032 hoc
1794 4984 1852 5032 et
1884 4978 2100 5047 assequi
2130 4978 2322 5033 conni-
2408 4991 2411 4993 '

743 5079 932 5138 tatur;
964 5071 1145 5139 sitque
1179 5070 1326 5124 Deus
1358 5070 1518 5123 bonis
1548 5069 1808 5124 omnibus
1841 5084 1904 5123 ac
1936 5069 2322 5124 desiderabili-

743 5162 871 5227 hus,
896 5161 1034 5216 citra
1058 5175 1276 5215 omnem
1310 5161 1780 5229 comparationem
1812 5159 2008 5213 melior
2040 5158 2321 5212 desidera-

743 5252 1060 5321 biliorquc;
1103 5259 1308 5319 quanta
1355 5249 1546 5318 utique
1593 5248 1756 5302 nobis
1798 5247 2110 5302 adhibenda
2163 5246 2327 5318 5,00

745 5339 1054 5411 diligentia,
1093 5349 1148 5393 ut
1185 5339 1361 5409 ipsum
1399 5347 1594 5393 natura
1622 5338 1828 5392 bonum
1858 5351 1923 5391 ac
1958 5336 2328 5392 desiderabile

743 5431 1194 5500 consequamur?

816 5523 908 5578 44.
949 5523 1028 5579 Ne
1046 5537 1271 5578 carnem
1307 5531 1454 5576 tuam
1485 5523 1743 5593 turpibus
1771 5521 1990 5577 actibus
2012 5519 2329 5586 ftedaveris,

746 5629 890 5670 neve
926 5615 1172 5670 animum
1221 5614 1411 5686 pravis
1452 5615 1883 5685 cogitationibus
1916 5613 2329 5684 inquinaveris;

817 5750 990 5822 (Act.
1019 5768 1114 5815 vn,
1153 5754 1240 5808 59.
1316 5755 1338 5786 ⁸
1365 5755 1499 5810 Luc.
1534 5771 1680 5822 ιιιιν,
1708 5756 1794 5810 54.
1875 5755 1896 5786 ⁹
1923 5754 1942 5808 1
1965 5753 2092 5809 Cor.
2125 5767 2237 5818 xm,
2272 5752 2324 5806 4.
2403 5751 2446 5782 ⁸⁸
2480 5749 2500 5805 1
2529 5749 2685 5804 Joan.
2722 5763 2791 5811 ιν,
2827 5746 2879 5800 8.

749 5821 796 5856 ¹⁶
818 5821 862 5877 ll
892 5822 1019 5878 Cor.
1052 5839 1146 5890 vn,
1179 5824 1230 5879 8.

2478 2123 2584 2192 λζ’.
2637 2125 2698 2180 '0
2736 2123 2865 2187 τοὺς
2915 2121 3166 2192 καρποὺς
3209 2118 3312 2189 τῆς
3364 2115 3585 2186 ἀγάπης
3627 2113 3718 2168 διά
3757 2110 3999 2180 σπουδῆς

2408 2218 2773 2289 κτησάμενος,
2823 2216 2886 2270 οὐ
2948 2211 3299 2284 μετατίθεται
3349 2210 3577 2278 ταύτης,
3648 2205 3756 2260 κάν
3823 2202 4002 2274 μυρια

2409 2309 2597 2378 πάσχῃ
2626 2305 2793 2360 κακά.
2827 2303 2939 2358 Καὶ
2971 2301 3210 2356 πειθέτω
3257 2317 3317 2354 σε
3359 2300 3629 2368 Στέφανος
3659 2296 3689 2349 ὁ
3720 2292 3821 2348 τοῦ
3864 2294 4002 2364 Χρι-

2411 2398 2538 2452 στοῦ
2572 2397 2845 2468 μαθητὴς,
2886 2395 2980 2450 καὶ
3009 2395 3061 2448 oi
3101 2393 3224 2448 κατ’
3263 2392 3459 2447 αὐτόν·
3491 2389 3588 2445 καὶ
3624 2387 3792 2451 αὐτος
3822 2389 3854 2439 ὁ
3885 2387 3999 2438 Συ-

2409 2489 2515 2560 τὴρ
2546 2488 2688 2558 ὑπὲρ
2727 2487 2836 2541 τῶν
2875 2485 3150 2556 φονευτῶν
3188 2483 3291 2557 [αι.
3355 2479 3718 2552 φονευόντων]
3767 2478 4002 2548 εὐχόμε-

2409 2599 2499 2645 νος
2545 2579 2622 2650 τῷ
2671 2580 2870 2648 Πατρὶ,
2909 2578 3004 2630 καὶ
3043 2576 3376 2647 συγγνώμην
3421 2576 3547 2646 παρ’
3580 2571 3752 2626 αὑτοῦ
3785 2571 3864 2633 ὡς
3895 2570 4000 2635 ἀγ-

2420 2673 2622 2729 νοοῦσιν
2655 2674 2808 2730 αἱτού
2815 2689 2998 2743 μενος.

2480 2767 2585 2838 λη’.
2626 2766 2690 2820 Εἰ
2718 2767 2817 2836 τῆς
2844 2766 3066 2835 ἀγάπης
3085 2764 3204 2818 ἐστὶ
3233 2763 3293 2816 τὺ
3324 2760 3701 2834 μακροθυμεῖν
3737 2757 3834 2811 καὶ
3861 2772 4001 2825 χρη-

2413 2859 2724 2923 στεύεσθαι,
2774 2861 2804 2912 ὁ
2846 2857 3183 2929 θυμομαχῶν
3222 2856 3317 2910 καὶ
3346 2852 3805 2922 πονηρευόμενος,
3839 2848 4003 2902 ἀλλὸ-

2409 2969 2562 3024 τριος
2575 2951 2821 3022 δηλονότι
2839 2951 2940 3020 τῆς
2976 2950 3194 3018 ἀγάπης
3217 2947 3593 3000 καθίστασταιι
3628 2946 3658 2996 ὁ
3691 2943 3750 2995 δὲ
3778 2941 4004 3010 ἀγάπης

2411 3045 2714 3117 ἀλλότριος,
2755 3042 2849 3097 τοῦ
2913 3041 3050 3095 Θεοῦ
3090 3043 3238 3094 ἐστιν
3291 3037 3590 3108 ἀλλότριος,
3621 3036 3781 3102 εἰπερ
3812 3036 3844 3087 ὁ
3872 3031 4005 3096 Θεὺς

2413 3138 2604 3207 ἀγάπη
2636 3135 2774 3190 ἐστί.
3570 3180 3572 3182 .

2487 3227 2589 3280 λο’.
2629 3228 2728 3294 Μὴ
2798 3226 3028 3293 dante,
3079 3221 3246 3292 φησὶν
3293 3223 3324 3275 δ
3370 3220 3515 3281 θεῖος
3549 3215 3849 3288 Ἱερεμίας,
3913 3214 4005 3267 ὅτι

2413 3319 2560 3386 ναὸς
2600 3317 2822 3387 Κυρίου
2865 3316 3026 3371 ἐστέ.
3088 3299 3197 3369 κᾱι
3244 3313 3310 3366 σὺ
3343 3311 3420 3382 μὴ
3447 3313 3630 3379 εἴπης,
3656 3309 3740 3361 ὅτι
3779 3307 3844 3359 Ἥ
3873 3305 4004 3376 ψιλὴ

2417 3411 2602 3473 πίστις
2632 3411 2664 3480 ἠ
2691 3411 2771 3472 εἰς
2801 3409 2891 3462 τδν
2920 3408 3125 3474 Κύριον
3153 3405 3309 3476 ήμῶν
3343 3401 3550 3472 Ἰησοῦν
3571 3398 3810 3470 Χριστὸν
3839 3397 4005 3451 δύνα-

2414 3505 2504 3559 ταί
2541 3521 2607 3572 με
2641 3502 2834 3556 σῶσαι.
2879 3501 3187 3570 Ἀμήχανον
3202 3496 3314 3566 γάρ
3344 3495 3523 3556 τοῦτο,
3551 3491 3650 3547 ἐὰν
3674 3489 3749 3560 μὴ
3774 3491 3874 3542 καὶ
3903 3489 4006 3557 τὴν

2415 3594 2638 3663 ἀγάπην
2669 3595 2748 3656 εἰς
2771 3592 2935 3645 αὑτὸν
2967 3590 3055 3644 διὰ
3084 3587 3193 3642 τῶν
3223 3587 3405 3658 ἔργων
3440 3585 3640 3654 κτήσῃ.
3672 3580 3748 3632 Τὸ
3802 3578 3863 3632 δὲ
3911 3576 4006 3648 ψι-

2417 3684 2523 3747 λῶς
2569 3681 2873 3736 πιστεύεινυ
2937 3681 3047 3736 Καὶ
3087 3679 3158 3732 τὰ
3195 3676 3472 3746 δαιμόνια
3510 3671 3875 3726 πιστεύουσι
3907 3665 4005 3722 και

2417 3776 2738 3845 φίσσουσι.

2494 3875 2568 3938 μ’.
2611 3866 2814 3937 Ἔργον
2862 3863 3086 3933 ἀγάπης
3132 3859 3282 3912 ἐστὶν
3331 3860 3366 3930 ἡ
3421 3859 3502 3921 είς
3543 3856 3633 3909 τὸν
3674 3854 3909 3925 πλησίον
3943 3855 4008 3908 ὲκ

2418 3959 2717 4021 διαθέσεως
2748 3956 3036 4026 εὐεργεσία
3081 3955 3177 4008 καὶ
3210 3950 3567 4023 μακροθυμία
3596 3947 3694 4000 καὶ
3719 3947 4005 4016 ὑπομονή·

2421 4053 2518 4106 καὶ
2547 4051 2608 4104 τὸ
2643 4049 2784 4121 μετά
2805 4046 2971 4118 ὀρθοῦ
3000 4046 3161 4114 λόγου
3191 4041 3500 4114 χρήσασθαι
3536 4043 3650 4103 τοῖς
3683 4039 4000 4111 πράγμασι.

2495 4149 2606 4214 μα’.
2661 4143 2718 4195 ’0
2762 4137 2997 4208 ἀγαπῶν
3018 4136 3110 4189 τὸν
3134 4135 3266 4189 Θεὸν
3287 4135 3347 4188 οὐ
3375 4133 3558 4195 λυπεῖ,
3590 4130 3714 4184 οὐδὲ
3742 4131 4005 4184 λυπεῖται

2422 4236 2556 4307 πρός
2585 4251 2708 4288 τινα
2741 4233 2832 4286 διὰ
2871 4231 3184 4300 πρόσκαιρα
3204 4244 3219 4258 ο
3255 4227 3385 4293 μίαν
3406 4226 3465 4279 δὲ
3491 4224 3671 4294 λύπην
3705 4226 3808 4277 καὶ
3837 4224 4007 4276 λυπεῖ

2422 4328 2518 4382 καὶ
2555 4327 2810 4379 λυπεῖται
2857 4323 3148 4391 σωτήριον,
3177 4319 3247 4390 ἢν
3286 4321 3316 4371 ὁ
3348 4317 3618 4388 μακάριος
3666 4314 3889 4379 Παῦλος
3919 4315 4012 4368 καὶ

2423 4418 2694 4491 ἐλυπήθη,
2723 4416 2822 4471 καὶ⁸
2845 4415 3085 4483 ἐλύπησε
3119 4412 3247 4474 τοὺς
3281 4407 3622 4480 Κορινθίους.

2500 4599 2608 4671 μβσ,
2661 4597 2718 4652 '0
2752 4595 2981 4662 ἀγαπῶν
3013 4592 3104 4646 τὸν
3130 4590 3284 4652 Θεὸν,
3323 4586 3614 4657 ἀγγελικὴν
3644 4585 3760 4655 βίον
3788 4584 3887 4638 ἰπὶ
3915 4585 4011 4654 τῆς

2426 4693 2516 4762 ζῇν
2557 4689 2833 4759 νηστεύων
2875 4687 2970 4739 καὶ
3007 4681 3326 4755 ἀγρυπνῶν,
3355 4681 3576 4751 ψάλλων
3625 4679 3724 4731 καὶ
3774 4695 4013 4749 προσευ-

2423 4786 2675 4856 χόμενος,
2708 4781 2803 4835 καὶ
2826 4779 2957 4851 περὶ
2985 4777 3186 4840 παντὸς
3211 4773 3502 4846 ἀνθρώπου
3523 4773 3610 4826 ἀεὶ
3629 4770 3774 4824 καλά
3805 4769 4012 4838 λογιζό-

2499 4892 2606 4939 νος.

2427 4895 2611 5038 μεμοᾷ.
2653 4963 2716 5017 El
2743 4953 2951 5026 οὗτινός
2998 4975 3084 5019 τις
3137 4956 3416 5026 ἐπιθυμεῖ,
3471 4952 3664 5007 τούτου
3701 4953 3803 5008 καὶ
3834 4954 4014 5022 τυχεῖν

2426 5061 2755 5130 ἀγωνίζεται
2775 5076 2791 5090 ο
2825 5058 3043 5110 πάντων
3090 5053 3149 5106 δὲ
3182 5051 3290 5105 τῶν
3324 5048 3548 5119 ἀγαθῶν
3594 5048 3691 5100 καὶ
3729 5047 4009 5118 ἐπιθυμη-

2426 5153 2538 5207 τῶν
2556 5150 2907 5221 ἀγαθῶτερον
2935 5146 2997 5200 τὸ
3029 5145 3184 5199 Θεῖον
3213 5144 3307 5197 καὶ
3341 5141 3819 5212 ὲπιθυμητότερον
3843 5141 4014 5206 ἀσυγο

2427 5247 2630 5319 κρίτως
2651 5261 2666 5277 '
2699 5243 2872 5312 πόσην
2895 5240 3004 5312 ἄρα
3045 5238 3284 5308 σπουδὴν
3326 5235 3617 5304 ὀφείλομεν
3647 5231 4012 5300 ἐνδείξασθαι,

2429 5341 2513 5396 ῖνσ
2538 5338 2732 5394 τούτου
2754 5335 2848 5390 τοῦ
2868 5334 3029 5404 φύσει
3047 5330 3255 5400 ἀγαθοῦ
3277 5325 3724 5397 καὶέπιθυμητοῦ
3736 5325 4012 5395 τύχωμεν.

2506 5519 2610 5590 μδν.
2648 5517 2744 5588 Μὴ
2776 5515 3012 5587 μολύνῃς
3043 5513 3142 5584 τὴν
3166 5511 3346 5583 σάρκα
3379 5527 3474 5563 σου
3505 5510 3561 5561 ὲν
3589 5509 3849 5577 αἰσχραῖς
3879 5508 4015 5578 πρά-

2434 5611 2573 5679 ξεσι,
2614 5607 2710 5662 καὶ
2743 5606 2821 5678 μὴ
2853 5607 3049 5677 μιάνῃς
3075 5603 3174 5674 τὴν
3195 5600 3372 5672 ψυχὴν
3403 5601 3661 5672 πονηροῖς
3699 5598 4015 5668 λογισμοῖς.

2998 5747 3037 5775 “
3066 5744 3271 5800 Jercm.
3309 5757 3402 5805 vn,
3435 5743 3488 5796 l.
3603 5742 3646 5773 “
3674 5741 3792 5796 Jac.
3829 5755 3890 5806 ιι,
3928 5740 4016 5796 l9.
