4208 6436
3383 414 3487 475 970

253 396 356 461 969
1144 388 1501 460 CAPITUM
1543 402 1639 462 DE
1674 400 1809 461 (ΖΗΛ

1906 397 2104 458 ,ΤΑΤΕ
2138 399 2516 462 CENTURIA
2562 406 2609 463 Ι.

251 509 404 577 καὶὴ
445 507 632 577 εἰρήνη
687 505 777 558 τοῦ
832 505 964 558 Θεοῦ
1024 502 1390 561 ἐπελεύσεται
1446 512 1537 563 ἐπὶ
1581 512 1661 577 σὲ,
1720 512 1809 581 τὴν

1922 510 2383 580 supervenictque
2449 512 2546 566 tibi
2612 529 2711 580 pax
2765 512 2881 581 Dei,
2923 517 3247 571 charitatcm
3310 520 3484 574 addu-

245 598 471 668 ἀγάπην
494 599 752 669 φέρουσα.
1923 617 2071 655 cens.

323 695 429 759 με’.
468 689 655 753 Δῖκιςε
700 688 800 759 τὴν
850 690 1030 761 σάρκα
1060 707 1153 744 σου
1178 690 1363 761 ἀσιτίᾳ
1393 694 1487 745 καὶ
1517 694 1817 765 ἀγρυπνία,

1992 693 2079 746 45.
2110 692 2297 763 Alllige
2327 708 2548 749 carnem
2591 703 2736 749 tuam
2774 698 2954 752 inedia
2989 710 3045 753 et
3076 699 3309 771 vigiliis;
3342 704 3487 772 psal-

247 783 344 836 καὶ
381 782 640 851 σχόλασον
686 780 897 844 ἀόκνως
932 781 1223 853 ψαλμωδία
1260 784 1352 834 καὶ
1377 788 1651 856 προσευχῇ
1676 802 1687 813 ·
1727 785 1809 839 και

1922 779 2025 833 mis
2075 780 2205 833 item
2256 781 2614 836 concinendis
2654 793 2709 837 ct
2750 786 2982 839 orationi
3027 787 3296 845 indefesse
3337 806 3483 857 mea,

242 876 275 927 ό
302 870 575 943 ἁγιασμὸς
598 874 699 941 τῆς
722 873 1076 945 σωφροσύνης
1098 873 1193 928 ἐπὶ
1222 872 1282 925 σὲ
1313 873 1687 941 ἐπελεύσεται,
1720 877 1809 945 τὴν

1920 873 2378 942 supervenietquc
2426 874 2523 928 tibi
2565 877 2835 932 castitatis
2879 879 3236 937 sanctimonia
3276 892 3332 938 et
3373 885 3486 955 ipsa

242 965 468 1035 ἀγάπην
497 963 699 1034 φέρων.

316 1058 437 1123 μς·’.
490 1058 550 1111 ὐ
582 1058 681 1125 τῆς
710 1057 859 1122 θείας
902 1057 1262 1123 καταξιωθεὶς
1285 1059 1562 1130 γνώσεως,
1595 1058 1690 1111 καὶ
1723 1057 1813 1111 τὸν

239 1151 445 1217 ταύτης
477 1149 755 1219 φωτισμὸν
802 1149 889 1202 διὰ
935 1152 1036 1220 τῆς
1072 1150 1294 1222 ἀγάπης
1345 1151 1711 1221 κτησάμενος,
1750 1152 1813 1204 οὐ

244 1241 628 1311 ριπισοήσεταί
675 1250 805 1293 ποτε
840 1239 947 1292 ὑπὸ
977 1239 1073 1293 τοῦ
1101 1243 1200 1311 τῆς
1238 1239 1545 1306 κενοδοξίας
1571 1240 1817 1308 πνεύμα-

239 1347 333 1392 τος
363 1330 523 1400 [unus
564 1330 693 1400 Reg.
722 1323 1029 1401 δαίμονος]·
1065 1332 1094 1383 ὁ
1122 1331 1178 1383 δὲ
1216 1331 1417 1399 ταύτης
1454 1332 1620 1402 μήπω
1648 1348 1817 1385 κατα-

242 1424 481 1487 ξιωθεὶς,
530 1423 770 1493 εὐχερῶς
821 1423 913 1475 ὑπ’
964 1423 1135 1493 αὐτῆς
1188 1424 1546 1494 περιφέρεται
1574 1422 1723 1494 fodit.
1763 1431 1814 1476 et

236 1531 379 1566 unus
410 1513 539 1584 Reg.
573 1513 846 1585 φέρεται].
877 1514 1001 1566 Ἐὰν
1028 1510 1121 1567 οὖν
1143 1515 1171 1567 ό
1189 1513 1429 1575 τοιοῦτος
1459 1515 1516 1565 ὲν
1547 1516 1679 1566 πᾶσι
1702 1515 1814 1575 τοῖς

239 1609 334 1659 ὑπ’
366 1606 530 1659 αὐτοῦ
575 1606 976 1678 πραττομένοις
1006 1605 1144 1675 πρὸς
1180 1605 1271 1657 τὸν
1319 1604 1451 1657 Θεὸν
1507 1602 1810 1674 ἀποϐλέψῃ,

235 1698 316 1759 ὡς
346 1697 413 1749 δι’
445 1696 609 1751 αὑτὸν
656 1695 835 1750 πάντα
866 1694 1059 1759 ποιῶν,
1096 1693 1294 1767 ῥᾳδίως
1338 1695 1434 1748 σὺν
1465 1692 1585 1763 Θεῷ
1619 1693 1814 1762 ὲκφεύι-

239 1788 390 1852 ξεται
419 1789 610 1858 αὐτήν.

1918 962 2241 1018 charitatcm
2272 964 2567 1021 adducens.

1986 1055 2074 1110 46.
2102 1056 2473 1147 ριριᾶίνίηυιη
2503 1060 2786 1112 scientiam
2815 1064 3076 1131 consequi
3103 1065 3485 1136 meruit,ejus-

1915 1158 2025 1213 quc
2050 1131 2471 1229 inuatiationcm
2508 1147 2799 1203 cliarit‘atis
2831 1167 2934 1219 ope
2966 1155 3323 1222 comparavit,
3350 1131 3494 1208 nun-

1916 1244 2083 1299 quam
2113 1245 2240 1284 eum
2284 1229 2465 1285 inanis
2503 1233 2689 1303 gloria:
2727 1237 2955 1304 spiritus
2987 1239 3312 1295 dissnlllabit
3345 1261 3358 1296 :
3395 1246 3489 1313 qui

1916 1336 2048 1375 vero
2072 1337 2192 1375 eam
2226 1324 2459 1378 necdum
2491 1335 2684 1380 nactus
2711 1337 2821 1391 est,
2845 1329 2994 1384 illius
3030 1331 3188 1387 facile
3210 1349 3345 1389 aura
3375 1338 3487 1391 cir-

1916 1410 2240 1465 cumfertur.
2269 1412 2439 1482 Igitur
2472 1415 2517 1467 si
2553 1417 2651 1484 qui
2686 1417 2810 1471 talis
2848 1429 2953 1483 est,
2990 1420 3045 1473 in
3078 1423 3334 1477 omnibus
3368 1442 3489 1494 qua:

1913 1502 1983 1556 ab
2015 1518 2083 1556 eo
2119 1511 2359 1572 aguntur
2390 1504 2445 1556 in
2473 1502 2644 1557 Deum
2671 1508 2972 1575 aspexerit,
3004 1518 3065 1562 ut
3092 1508 3148 1562 in
3174 1511 3333 1581 cujus
3362 1527 3489 1580 gra-

1914 1593 2044 1647 tiam
2079 1602 2278 1648 cuncta
2305 1604 2587 1664 operetur,
2622 1598 2848 1652 inanem
2875 1598 3101 1669 gloriam
3129 1601 3243 1656 Deo
3266 1604 3489 1673 auspice

1910 1685 2070 1740 facile
2100 1686 2321 1741 vitabit.

313 1878 420 1946 μζκ
473 1879 532 1931 Ὀ
563 1878 730 1948 μήπω
767 1875 944 1947 τυχὼν
989 1876 1093 1945 τῆς
1134 1874 1286 1945 θείας
1307 1873 1562 1947 γνώσεως
1591 1874 1668 1945 (6)
1696 1875 1795 1945 τῆς

1981 1866 2072 1924 47.
2131 1868 2234 1937 Qui
2282 1872 2517 1928 necdum
2573 1873 2816 1931 divinam
2865 1878 3172 1946 scientiam,
3221 1898 3343 1952 quae
3390 1899 3491 1954 per

230 1968 325 2020 διὰ
354 1967 574 2037 ἀγάπης
618 1965 1039 2039 ἐνεργουμένης,
1074 1964 1218 2035 μέγα
1242 1966 1428 2033 φρονσῐ
1441 1962 1534 2016 ἐπὶ
1561 1964 1677 2026 τοῖς
1707 1963 1803 2015 ὑπ’

232 2059 402 2112 αὐτοῦ
430 2059 572 2112 κατὰ
598 2058 732 2111 Θεὸν
763 2058 1181 2128 πραττομένοις.
1224 2056 1283 2110 '0
1308 2054 1365 2108 δὲ
1388 2054 1594 2127 ταύτης
1623 2055 1810 2125 τυχεῖν

233 2150 617 2214 καταξιωθεὶς,
652 2150 790 2221 μετά
815 2149 1109 2213 διαθέσεως
1130 2149 1277 2217 λέγει
1303 2148 1374 2202 τὰ
1398 2149 1492 2203 τοῦ
1538 2148 1807 2219 πατριάρ-

232 2260 332 2313 χου
377 2242 630 2312 Ἀϐραὰμ
663 2244 904 2312 ῥήματα,
944 2240 1088 2311 άπερ
1132 2240 1295 2311 ἡνίκα.
1352 2239 1452 2309 τῆς
1486 2239 1637 2302 θείας
1674 2255 1808 2293 κατ’

230 2334 441 2405 ηξιώθη
464 2334 806 2403 ἐπιφανείας,
827 2328 1003 2385 εἶπενο
1037 2330 1181 2400 Ἐγὼ
1202 2333 1318 2401 ειμι
1344 2332 1419 2401 γῆ
1444 2332 1537 2385 καί
1557 2329 1806 2397 σποδός.

305 2432 423 2496 μη’.
478 2427 534 2480 Ὀ
579 2425 915 2496 φοϐούμενος
946 2424 1037 2477 τὸν
1092 2423 1321 2494 Κύριον,
1381 2422 1668 2493 συνόμιλον
1722 2423 1810 2475 ἀεὶ

230 2521 346 2589 εχει
393 2520 493 2589 τὴν
516 2516 1023 2587 ταπεινοφροσύνην
1043 2533 1057 2548 ·
1089 2516 1182 2569 καὶ
1210 2515 1297 2569 διὰ
1332 2512 1439 2568 τῶν
1486 2513 1693 2581 ταύτης
1721 2514 1809 2565 ὲν-

229 2610 596 2679 θυμημάτων,
653 2610 733 2671 είς
759 2606 857 2678 τὴν
894 2605 1043 2661 θείαν
1078 2607 1300 2674 ἀγάπην
1326 2605 1424 2658 καὶ
1451 2604 1809 2675 εὐχαριστίαν

231 2700 476 2772 ἔρχεται.
508 2700 853 2770 Μνημονεύει
878 2698 986 2768 γὰρ
1014 2699 1114 2766 τῆς
1142 2697 1287 2749 κατά
1316 2696 1408 2748 τὸν
1442 2696 1648 2765 κόσμον
1673 2711 1807 2764 προ-

228 2793 394 2861 τέρας
419 2791 715 2861 διαγωγῆς,
744 2792 837 2843 καὶ
870 2790 977 2843 τῶν
1017 2787 1278 2841 ποικίλων
1323 2785 1807 2859 παραπτωμάτων,

230 2885 329 2936 καὶ
359 2882 468 2934 τῶν
505 2883 570 2934 ἐκ
593 2882 842 2950 νεότητος
882 2877 1207 2949 συμϐάντων
1241 2876 1390 2945 αὐτῷ
1430 2873 1755 2945 πειρασμῶν
1779 2889 1792 2903 ·

229 2972 325 3021 ’καὶ
343 2969 460 3032 πῶς
478 2968 691 3022 πάντων
709 2967 929 3021 ἐκείνων
946 2966 1217 3038 ἐρρύσατο
1237 2966 1401 3020 αὐτὸν
1417 2965 1447 3017 ό
1464 2963 1688 3035 Κύριος,
1709 2964 1805 3017 καὶ

238 3064 571 3131 μετέστησεν
619 3060 727 3114 ἀπὸ
772 3060 872 3130 τῆς
912 3058 1195 3128 ὲμπαθοῦς
1227 3059 1395 3127 ζωῆς,
1430 3058 1510 3119 είς
1541 3056 1632 3109 τὸν
1664 3054 1807 3108 κατὰ

227 3151 368 3205 Θεὸν
413 3152 562 3222 βίον·
596 3151 693 3205 καὶ
727 3152 825 3204 σὺν
856 3150 933 3220 τῷ
966 3150 1137 3220 φόϐῳ,
1185 3146 1671 3219 προσλαμϐάνεται
1713 3144 1807 3198 καί¹

1908 1959 2237 2016 charitatcm
2282 1962 2498 2018 alllatur
2539 1964 2602 2031 ",
2629 1976 2826 2023 nactus
2852 1977 2956 2033 est,
2998 1972 3168 2026 altum
3214 1973 3374 2042 sapit,
3415 1975 3487 2029 ob

1894 2065 1974 2106 rea
2002 2069 2123 2121 qua;
2160 2054 2231 2109 ab
2264 2055 2358 2108 illo
2398 2056 2486 2125 pie
2514 2070 2579 2109 ac
2616 2059 2873 2128 religiose
2920 2070 3181 2130 aguntur.
3223 2064 3326 2130 Qui
3354 2083 3487 2121 vero

1910 2143 2054 2198 hanc
2085 2147 2350 2213 consequi
2393 2146 2617 2210 meruit,
2649 2150 2816 2202 verba
2852 2150 2944 2205 illa
2988 2153 3221 2208 Abrahae
3261 2158 3488 2225 patriar-

1903 2233 2047 2297 chae,
2072 2250 2197 2288 cum
2225 2235 2409 2289 divina
2441 2238 2784 2306 apparitione
2806 2240 3059 2311 dignatus
3084 2254 3189 2311 cst,
3210 2262 3278 2301 ex
3302 2249 3487 2305 animo

1910 2323 2121 2394 profert
2149 2344 2159 2378 :
2199 2326 2312 2397 Ego
2338 2344 2456 2381 sum
2485 2337 2629 2381 terra
2661 2339 2710 2382 et
2732 2332 2862 2385 cinis
2890 2332 2954 2387 ¹⁵.

1980 2414 2068 2468 48.
2108 2414 2211 2481 Qui
2244 2416 2400 2471 timet
2437 2418 2752 2484 Dominum,
2782 2420 3016 2476 modesti
3056 2425 3223 2479 animi
3263 2441 3484 2484 sensum

1909 2506 1989 2577 (id
2020 2517 2125 2571 est,
2147 2508 2535 2580 humilitatem)
2561 2525 2780 2580 semper
2813 2515 3263 2572 contubernalem
3296 2519 3484 2585 habet,

1909 2614 2116 2669 perque
2167 2600 2289 2672 ejus
2341 2602 2528 2656 animo
2573 2604 2931 2660 obversantcs
2990 2608 3370 2677 cogitationes,
3416 2612 3484 2666 ad

1908 2686 2150 2740 divinam
2198 2687 2524 2743 charitatcm
2574 2698 2630 2745 et
2673 2692 2973 2761 gratiarum
3008 2696 3278 2750 actionem
3316 2699 3483 2752 venit.

1910 2779 2160 2835 Meminit
2202 2781 2349 2834 enim
2396 2783 2597 2851 prioris
2632 2798 2743 2838 sua:
2779 2800 2845 2837 cx
2882 2786 3064 2841 saaculi
3097 2804 3197 2841 usu
3226 2791 3371 2853 vius,
3402 2790 3486 2845 di-
3552 2794 3555 2795 ⁷

1910 2884 2307 2940 versorumque
2358 2881 2695 2938 crratorum,
2746 2891 2812 2930 ac
2852 2891 3043 2931 earum
3097 2881 3484 2945 tcntationum,

1910 2975 2033 3030 qua:
2064 2975 2095 3014 a
2135 2962 2426 3031 juventute
2468 2963 2546 3019 illi
2589 2966 2911 3021 acciderunt
2954 2985 2966 3020 :
3017 2971 3292 3038 quomodo
3318 2975 3483 3026 etiam

1910 3051 2175 3107 Dominus
2210 3052 2279 3106 ab
2311 3052 2399 3107 bis
2435 3055 2692 3109 omnibus
2728 3071 2854 3109 cum
2893 3057 3230 3123 liberaverit,
3256 3071 3420 3131 atque
3453 3080 3483 3116 a

1910 3143 2021 3198 vita
2052 3144 2350 3201 libidinosa
2379 3146 2641 3217 vitiisque
2669 3147 2876 3213 dedita,
2916 3150 2985 3205 ad
3019 3167 3138 3206 eam
3181 3159 3483 3213 transtule-

231 3244 333 3313 τὴν
378 3218 618 3311 ἀγάπην,
650 3218 988 3311 εὐχαριστῶν
1015 3218 1102 3293 ἀεί
1135 3218 1271 3308 μετά
1300 3236 1805 3307 ταπεινοφροσύνης

1910 3235 2007 3300 rit,
2056 3251 2177 3304 qua:
2218 3236 2327 3305 piis
2375 3253 2439 3292 ac
2483 3238 2755 3308 religiosis
2790 3240 3040 3296 moribus
3078 3244 3327 3300 instituta
3370 3249 3481 3303 sit:

230 3333 437 3403 πολλῆς
463 3334 541 3403 τῷ
569 3332 955 3404 εὐεργέτῃ.καὶ
990 3330 1299 3401 κυϐερνήτῃ
1329 3331 1429 3400 τῆς
1456 3329 1599 3397 ζωῆς
1627 3325 1804 3399 ἡμῶν.

1915 3324 2198 3395 ipsamque
2257 3327 2582 3383 charitatcm
2632 3343 2757 3381 cum
2812 3330 3007 3385 timore
3050 3335 3302 3399 assumit,
3355 3352 3479 3390 cum

227 3442 426 3497 magna
460 3441 655 3481 sensus
700 3423 970 3479 modestia
1008 3422 1087 3495 (id
1132 3432 1236 3487 est,
1273 3422 1605 3492 humilitate)
1656 3419 1996 3477 benefactori
2068 3434 2133 3473 ac
2195 3420 2547 3490 gubernatori
2604 3422 2732 3478 vitae
2764 3433 2969 3478 nostra:
3011 3440 3230 3495 semper
3279 3428 3486 3499 gratias

286 3534 423 3574 :ens.

232 3535 423 3680 angi.
452 3610 541 3677 Μὴ
574 3607 832 3679 ρυπώσῃς
860 3607 951 3660 τὸν
1006 3605 1130 3659 νοῦν
1164 3624 1281 3670 σου,
1307 3604 1584 3675 λογισμῶν
1612 3604 1801 3674 ἀνεχό-

232 3719 395 3770 μενος
446 3700 740 3769 ἐπιθυμίας
785 3700 878 3752 καὶ
925 3697 1121 3769 θυμοῦ,
1174 3698 1260 3752 ἱνα
1308 3697 1382 3767 μὴ
1410 3698 1512 3767 τῆς
1555 3695 1805 3767 καθαρᾶς

231 3790 544 3862 προσευχῆς
586 3787 859 3857 ἐκπεσὼν,
892 3788 971 3860 τῷ
1003 3790 1101 3860 τῆς
1131 3788 1362 3861 ἀκηδίας
1402 3788 1676 3857 πνεύματι
1704 3804 1803 3839 πε-

229 3883 485 3955 ριπέσῃς.

301 3983 367 4029 ν’.
405 3976 481 4028 Τὸ
526 3972 829 4044 τηνικαῦτα
870 3975 899 4025 ὁ
945 3972 1068 4037 νοῦς
1106 3974 1206 4041 τῆς
1252 3971 1389 4041 πρὸς
1421 3970 1556 4023 Θεὸν
1598 3971 1811 4039 παρρη-

231 4066 357 4130 σίας
394 4066 673 4129 ἐκπίπτει,
716 4063 952 4134 ὁπηνίκα
994 4060 1310 4135 πονηροῖςῆ
1347 4062 1609 4134 ῥυπαροῖς
1657 4060 1805 4127 λογι-

232 4161 396 4229 σμοῖς
434 4157 717 4225 συνόμιλος
746 4157 993 4225 γένηται.

305 4255 410 4302 να⁹.
458 4249 518 4299 '0
550 4249 651 4318 μὲν
679 4249 867 4317 ἄφρων
894 4246 998 4299 ὑπὸ
1024 4245 1130 4298 τῶν
1163 4243 1355 4299 παθῶν
1398 4244 1685 4314 ἀγόμενος,
1717 4244 1805 4297 ὅτε

233 4341 338 4410 μὲν
365 4339 470 4393 ὑπὸ
501 4340 593 4393 τοῦ
613 4338 785 4409 θυμοῦ
806 4337 1121 4407 κινούμενος
1141 4337 1559 4406 ὲκταράσσεται,
1586 4335 1808 4405 φεύγειν

1978 3601 2066 3656 4‘).
2098 3600 2177 3656 Ne
2199 3600 2517 3671 cupiditatis
2554 3602 2759 3672 iraeque
2789 3590 3153 3674 cogitationes
3179 3610 3487 3678 sustinens,

1910 3692 2155 3745 animum
2213 3700 2370 3745 tuum
2434 3692 2739 3761 pollueris,
2795 3709 2865 3749 ne
2916 3695 3185 3752 orationis
3243 3701 3482 3768 puritate

1912 3784 2133 3846 amissa,
2159 3782 2212 3835 in
2240 3782 2443 3837 acedia:
2467 3783 2721 3853 spiritum
2752 3783 2989 3840 indicas.

1983 3957 2070 4011 50.
2109 3957 2264 4011 Tunc
2295 3973 2450 4012 mens
2495 3973 2717 4012 omnem
2750 3958 2819 4013 ad
2841 3960 3012 4014 Deum
3041 3960 3295 4017 ﬁduciam
3322 3964 3483 4020 amit-

1904 4047 1992 4108 tit,
2028 4063 2155 4102 cum
2202 4048 2387 4118 pravis
2425 4049 2775 4119 sordidisque
2812 4052 3243 4122 cogitationibus
3290 4071 3482 4115 assue-

1905 4139 2070 4194 verit.

1976 4233 2063 4287 51.
2096 4232 2273 4287 Homo
2293 4248 2487 4288 vecors
2512 4233 2828 4304 nulliusque
2843 4235 3040 4307 judicii
3066 4238 3161 4308 qui
3185 4238 3481 4297 affectibus

1903 4340 1967 4380 ac
2015 4325 2244 4380 libidine
2296 4335 2510 4396 agatur,
2557 4335 2672 4381 tum
2723 4328 2969 4396 quidem,
3020 4346 3145 4386 cum
3195 4332 3481 4390 iracundia

226 4429 536 4497 ἀλογίστως
584 4428 709 4489 τοὺς
744 4425 1007 4494 ἀδελφοὺς
1050 4424 1363 4491 ἐπείγεται·
1405 4424 1495 4475 ὅτε
1536 4422 1593 4475 δὲ
1643 4421 1804 4474 πάλιν

1906 4424 2213 4471 commotus
2228 4417 2615 4481 conturbatur,
2644 4417 2877 4473 fratrum
2908 4421 3116 4477 insulse
3140 4426 3477 4480 consortium

229 4518 341 4570 ὑπὸ
384 4519 483 4588 τῆς
523 4515 816 4584 ἐπιθυμίας
876 4512 1313 4583 ἐκθερμαίνεται,
1364 4511 1801 4581 μεταμελόμενος

227 4604 391 4670 αὖθις
434 4606 786 4676 προστρέχων
835 4603 1067 4672 ἀπαντᾷ.
1117 4604 1175 4653 Ὀ
1202 4601 1258 4653 δὲ
1283 4601 1563 4669 φρόνιμος,
1591 4600 1679 4651 ἐπ’
1702 4599 1804 4667 ἀμ-

228 4702 479 4771 φοτέρων
510 4698 839 4751 τούναντίον
880 4697 1041 4748 ποιεῖ.
1091 4694 1184 4745 ἐπὶ
1222 4692 1320 4763 μὲν
1351 4689 1459 4761 γὰρ
1492 4690 1584 4743 τοῦ
1604 4688 1799 4759 θυμοῦ,

226 4796 330 4855 τὰς
379 4792 555 4852 αἰτίας
594 4791 691 4860 τῆς
733 4789 977 4859 ταραχῆς
1024 4784 1285 4854 ἐκκόψας,
1354 4785 1451 4854 τῆς
1495 4784 1633 4852 πρὸς
1674 4783 1801 4842 τοὺς

224 4882 494 4951 ἀδελφοὺς
522 4879 697 4947 λύπης
729 4877 919 4932 ἑαυτὸν
945 4876 1272 4929 ἀπαλλάττει
1293 4889 1307 4903 ο
1343 4873 1437 4925 ἐπὶ
1468 4872 1525 4924 δὲ
1546 4872 1647 4940 τῆς
1676 4871 1801 4923 επι-

221 4975 458 5044 θυμίας,
480 4973 576 5040 τῆς
602 4970 796 5039 ἀλόγου
830 4968 1005 5039 ὁρμῆς
1035 4967 1130 5019 καὶ
1163 4964 1450 5033 συντυχίας
1476 4960 1807 5032 ἐγκρατεύεο

223 5081 337 5118 ται.

301 5238 401 5308 νβ’.
445 5235 533 5289 Ἐν
564 5234 643 5304 τῷ
670 5233 850 5305 καιρῷ
876 5232 983 5285 τῶν
1012 5228 1353 5300 πειρασμῶν,
1384 5228 1458 5299 μὴ
1492 5227 1802 5301 καταλίπῃς

224 5328 291 5381 τὸ
322 5324 684 5397 μοναστήριόν
716 5341 809 5376 σου
831 5338 843 5350 ·
868 5322 1003 5376 ἀλλὰ
1034 5323 1169 5393 φέρε
1203 5321 1464 5389 γενναίως
1494 5320 1561 5372 τά
1584 5319 1802 5390 κύματα

224 5419 340 5471 τῶν
385 5416 697 5485 λογισμῶν,
755 5414 849 5468 καὶ
890 5413 1124 5484 μάλιστα
1174 5411 1283 5465 τῶν
1328 5410 1428 5481 τῆς
1478 5409 1655 5480 λύπης
1710 5412 1803 5464 καὶ

224 5509 484 5580 ἀκηδίας.
512 5506 670 5561 Οὕτω
693 5507 801 5577 γὰρ
824 5504 1179 5575 οἰκονομικῶς
1199 5504 1274 5574 (g)
1302 5502 1391 5556 διὰ
1422 5502 1531 5555 τῶν
1568 5501 1799 5572 θλίψεων

306 5663 351 5696 ιδ
380 5662 556 5718 Galat.
590 5679 643 5727 v,
676 5662 730 5717 6.
807 5663 852 5693 ¹⁸
878 5661 1017 5717 Gen.
1046 5679 1160 5728 xix,
1186 5664 1275 5718 27.
1350 5708 1353 5709 ν

1905 4507 2080 4561 vitare
2125 4508 2323 4576 satagit
2370 4524 2382 4559 :
2440 4522 2678 4576 cumque
2734 4523 2929 4564 rursus
2966 4511 3266 4589 cupiditate
3318 4515 3474 4585 401

1904 4606 2190 4663 exaestuat,
2226 4609 2434 4653 mutato
2465 4616 2660 4655 rursus
2689 4602 2943 4667 consilio,
2971 4604 3189 4659 illorum
3224 4621 3283 4661 sc
3320 4608 3475 4661 coeti-

1909 4690 2011 4743 bus
2038 4704 2272 4759 propere
2304 4690 2522 4760 ingerit.
2567 4692 2659 4755 At,
2702 4695 2798 4762 qui
2843 4695 3086 4763 prudens
3127 4712 3191 4751 ac
3220 4698 3479 4754 cordatus

1906 4792 2011 4840 est.
2051 4795 2211 4834 secus
2246 4781 2301 4834 in
2332 4782 2579 4852 utrisque
2606 4799 2663 4838 se
2693 4787 2871 4855 gerit:
2909 4786 3193 4842 iracundia
3216 4789 3362 4842 enim
3392 4790 3477 4842 in-

1906 4872 2167 4935 stinctus,
2199 4872 2400 4926 excisis
2425 4873 2821 4944 indignationis
2858 4880 3061 4944 causis,
3088 4879 3237 4933 omni
3265 4896 3324 4935 se
3350 4885 3480 4951 erga

1912 4960 2110 5015 fratres
2153 4962 2472 5018 morositate
2506 4965 2779 5032 absolvit;
2816 4969 3137 5039 cupiditatis
3172 4985 3305 5024 vero
3341 4981 3479 5025 aestu

1912 5063 2126 5124 agente,
2184 5068 2212 5106 a
2262 5068 2465 5109 vesano
2516 5056 2726 5126 impetu
2776 5075 2840 5114 ac
2885 5075 3180 5131 congressu
3232 5074 3290 5113 se
3346 5068 3481 5114 tem-

1911 5153 2086 5214 perat.

1982 5234 2069 5288 52.
2111 5232 2230 5298 Quo
2260 5240 2509 5300 tempore
2547 5237 2881 5291 tentationes
2913 5238 3197 5310 ingruunt,
3225 5255 3296 5296 ne
3316 5241 3485 5296 dese-

1910 5340 1999 5379 ras
2027 5324 2424 5379 monasterium
2456 5332 2643 5390 tuum;
2675 5329 2807 5395 quin
2844 5338 3069 5384 strenue
3108 5330 3251 5386 ferto
3280 5332 3485 5386 ﬂuctus
3555 5393 3560 5397 ,

1908 5412 2338 5482 cogitationum;
2366 5415 2681 5483 praesertim
2722 5432 2855 5472 vero
2891 5415 3126 5474 tristitiae
3162 5430 3219 5475 ct
3252 5421 3482 5476 acedim.

1909 5502 1999 5559 Sic
2024 5504 2171 5557 enim
2212 5510 2363 5557 certa
2400 5502 2814 5572 dispensatione
2857 5524 2957 5578 per
3000 5510 3324 5566 amictiones
3355 5526 3477 5581 pro.

301 5796 378 5869 (9)
411 5798 572 5851 οὕτω
605 5799 710 5867 γὰρ
739 5801 1146 5869 οἰκονομικῶς.
1216 5801 1300 5856 Sic
1325 5802 1562 5871 provide,
1600 5815 1661 5853 ac
1717 5816 1809 5870 qm

1906 5799 2140 5867 reddidi,
2175 5811 2317 5857 certa
2343 5804 2749 5874 dispensatione.
2802 5803 2892 5859 Sic
2948 5821 3004 5859 η.
3032 5803 3132 5858 30:
3172 5804 3283 5875 Τῆς
3329 5816 3485 5856 nvo“

635 5893 895 5954 PATnoL.
942 5895 1054 5952 Gn.
1101 5896 1220 5956 XC.

3044 5895 3111 5954 31
