4208 6436
235 407 333 467 973

1117 386 1472 453 ΩᾹῬΙἸὌΜ
1517 394 1611 453 ῐεΕ
1649 392 2079 450 CllARi'l‘ATli
2120 392 2502 453 CEN'f‘tTlllA
2547 397 2594 455 Ῐ.

3365 398 3470 461 εηι

302 514 402 582 ξα⁹.
445 511 592 583 Ἐγὼ
620 511 686 564 δὲ
705 511 859 577 λέγω
891 509 1053 578 ὑμῖν,
1095 509 1262 576 φησὶν
1291 510 1319 560 ὁ
1365 507 1567 576 Κύριος
1587 521 1601 535 ο
1644 507 1796 573 Ἁγιιη

1965 507 2053 559 b'l.
2087 505 2197 576 Ego
2219 519 2393 560 autem
2429 508 2543 561 .lico
2565 511 2727 573 vobis,
2752 510 2886 565 dicit
2918 511 3186 566 Dominus
3212 552 3228 577 ,
3261 513 3474 588 Diligite

236 605 381 660 :tdts
411 604 551 669 τοὺς
569 601 819 671 ἐχθροὺς
847 600 1012 668 ὑμῶν
1032 616 1047 629 ο
1074 597 1279 662 καλῶς
1306 598 1526 651 ποιεῖτε
1554 596 1679 662 τοῖς
1701 612 1795 664 μι-

234 697 457 751 σοῦσιν
516 695 695 763 ὑμᾶς·
750 693 1164 760 προσεύχεσθε
1204 691 1354 758 ὑπὲρ
1388 690 1507 742 τῶν
1546 691 1799 756 ἐπηρεα-

234 788 451 849 ζόντων
485 784 659 854 ὑμᾶς.
710 786 811 837 Διά
848 783 901 836 τί
952 783 1126 835 ταῦτα
1174 782 1537 851 προσέταξεν;
1567 782 1684 834 Ἰνα
1739 796 1799 830 σε

238 881 425 949 μίσους
449 878 541 931 καὶ
575 875 749 939 λύπης
802 874 899 926 καὶ
929 874 1096 944 ὀργῆς
1126 874 1222 926 καὶ
1254 873 1618 943 μνησικακίας
1647 871 1799 923 ἐλευ-

234 968 469 1041 θερώσῃ,
525 969 617 1019 καὶ
675 964 769 1018 τοῦ
829 966 1087 1033 μεγίστου
1129 966 1406 1033 κτήματος
1454 964 1552 1033 τῆς
1589 963 1800 1024 τελείας

232 1068 450 1136 ἀγάπης
506 1061 849 1132 καταξιώσῃ·
903 1060 969 1131 ῆν
1006 1061 1287 1130 ἀμήχανον
1346 1057 1510 1127 ἔχειν,
1571 1058 1663 1109 τὸν
1727 1057 1799 1126 μὴ

233 1160 437 1220 πάντας
501 1156 817 1225 ἀνθρώπους
878 1153 939 1215 ἐξ
993 1153 1108 1205 ῐσου
1157 1151 1459 1218 ἀγαπῶντα
1524 1149 1663 1202 κατὰ
1716 1150 1802 1219 μί-

235 1268 400 1320 μησιν
433 1248 588 1308 Θεοῦ,
628 1246 721 1298 τοῦ
772 1247 984 1307 πάντας
1036 1242 1357 1314 ἀνθρώπους
1403 1243 1461 1308 ἐξ
1508 1241 1623 1293 ῐσου
1668 1242 1801 1307 ἀγα-

232 1343 474 1404 πῶντος,
520 1342 615 1392 καὶ
669 1339 915 1399 θέλοντος
950 1335 1189 1405 σωθῆναι
1234 1335 1330 1387 καὶ
1379 1335 1459 1395 εἰς
1510 1331 1801 1400 ἐπίγνωσιν

231 1434 489 1501 ἀληθείας
528 1430 720 1483 ἐλθεῖν.

306 1524 401 1593 ξβκ
446 1521 595 1590 Ἐγὼ
639 1520 707 1573 δὲ
759 1520 915 1589 ⁸ῑέγω
962 1518 1143 1585 ὑμῖν·
1176 1515 1271 1583 Μὴ
1318 1514 1673 1581 ἀντιστῆναι
1723 1512 1802 1577 τῷ

233 1614 507 1681 πονηρῷο
553 1615 690 1666 ἀλλ’
728 1612 896 1676 ὅστις
922 1627 995 1663 σε
1030 1609 1277 1676 falleret
1304 1606 1403 1658 ἐπὶ
1441 1605 1556 1671 τὴν
1596 1603 1801 1667 δεξιὰν

229 1707 507 1775 σιαγόνα,
531 1704 798 1771 στρέψον
828 1700 988 1765 αὐτῷ
1028 1700 1126 1753 καὶ
1166 1699 1279 1765 τὴν
1322 1698 1522 1757 ἀλλην
1546 1712 1560 1727 ο
1596 1694 1693 1747 καὶ
1723 1691 1801 1758 τῷ

233 1799 473 1851 θέλοντί
500 1813 597 1849 σοι
634 1794 904 1862 κριθῆναι
927 1793 1019 1845 καί
1053 1792 1160 1843 τὸν
1182 1788 1408 1859 χιτῶνά
1430 1804 1547 1840 σου
1571 1786 1797 1849 λαϐεῖν,

232 1889 379 1956 ἄφες
408 1885 567 1949 αὐτῷ
602 1893 697 1937 ιιαέ
735 1885 801 1937 τὸ
847 1883 1108 1952 ἱμάτιον·
1142 1881 1241 1932 καὶ
1293 1878 1373 1942 τῷ
1412 1876 1801 1946 ἀγγαρεύοντί

230 1997 305 2033 σε
338 1982 546 2049 μίλιον
575 1978 663 2039 ἐν,
694 1978 883 2046 ὕπαγε
912 1976 1037 2044 μετ’
1067 1972 1254 2026 αὑτοῦ
1286 1970 1541 2026 summa
1561 1969 1646 2034 τίς
1688 1970 1802 2021 Ἰνα

235 2075 328 2126 καὶ
357 2074 414 2124 σὲ
442 2073 537 2141 se;
554 2088 707 2139 γητου
734 2072 822 2120 καὶ
842 2069 1113 2135 ἀτάραχον
1144 2063 1444 2134 διαφυλάξῃ
1469 2062 1561 2115 καὶ
1577 2062 1801 2122 ἄλυπον,

234 2166 477 2217 naiasin»
532 2164 617 2215 διὰ
678 2166 766 2231 τῆς
816 2165 913 2230 σῆς
969 2157 1317 2222 ἀνεξικακίας
1371 2154 1671 2226 παιδεύσῃ,
1710 2153 1804 2206 καὶ

234 2256 577 2326 ἀμφοτέρους
603 2254 675 2317 ὡς
709 2252 910 2321 ἀγαθὸς
944 2252 1047 2304 ὑπὸ
1083 2252 1174 2305 τὸν
1232 2248 1394 2317 ζυγὸν
1424 2248 1521 2317 τῆς
1583 2247 1803 2317 ἀγάπης

236 2348 445 2415 ἀγάγη-

308 2436 406 2504 ξγ’.
446 2436 586 2504 Πρὸς
630 2436 773 2504 ειπερ
821 2432 1121 2505 πράγματα
1166 2447 1297 2484 ποτε
1349 2428 1696 2497 πεπόνθαμεν
1719 2426 1803 2496 (j),

236 2530 442 2583 τούτων
492 2530 586 2580 καὶ
632 2528 732 2590 τὰς
767 2526 1065 2595 φαντασίας
1109 2525 1372 2595 ἐμπαθεῖς
1411 2521 1802 2592 περιφέρομεν.

247 2623 309 2675 ’0
342 2618 434 2674 οὖν
460 2621 557 2680 τὰς
586 2618 849 2688 ἐμπαθεῖς
876 2617 1040 2672 νικῶν
1066 2616 1383 2685 φαντασίας,
1412 2615 1505 2666 καὶ
1529 2613 1638 2665 τῶν
1667 2629 1806 2681 πρα-

236 2712 464 2782 γμάτων
489 2704 563 2763 ὧν
584 2710 658 2763 αἱ,
684 2707 973 2778 φαντασίαι
993 2707 1206 2767 πάντως
1239 2704 1569 2775 καταφρονεί
1588 2717 1601 2730 ο
1622 2698 1807 2769 ἐπειδὴ

236 2804 330 2858 τοῦ
367 2805 502 2873 πρὸς
532 2803 601 2855 τὰ
637 2803 938 2872 πράγματα
962 2798 1198 2867 πολέμου
1223 2799 1251 2849 ὀ
1284 2796 1419 2866 πρὸς
1457 2795 1553 2856 τὰς
1590 2794 1807 2863 μνήμας

235 2896 492 2950 τοσοῦτόν
523 2897 639 2947 ἐστι
664 2891 1045 2964 χαλεπώτερος
1066 2930 1079 2955 ,
1112 2891 1236 2942 ὅσον
1262 2888 1355 2941 τοῦ
1387 2887 1505 2941 κατ’
1532 2888 1808 2956 ἐνέργειαν

236 2989 597 3060 ἁμαρτάνειν,
620 2988 680 3041 τὸ
708 2985 850 3039 κατά
873 2986 1107 3039 διάνοιαν
1133 2985 1278 3035 ἐστιν
1305 2980 1701 3049 εὐκοπώτερον.

316 3280 410 3345 ξδ’.
446 3278 567 3331 Τῶν
598 3277 786 3331 παθῶν
817 3277 884 3331 τὰ
924 3278 1022 3347 μέν
1058 3278 1175 3329 ἐστι
1212 3274 1497 3345 σωματικὰ
1532 3274 1629 3343 (7),
1657 3273 1724 3325 τὰ
1759 3273 1811 3325 δὲ

233 3372 467 3441 ψυχικά.
511 3370 620 3422 Καὶ
649 3371 715 3422 τὰ
746 3369 843 3439 μὲν
873 3369 1183 3438 σωματικὰ,
1204 3368 1268 3420 ὲκ
1296 3366 1390 3419 τοῦ
1422 3365 1672 3435 σώματος
1702 3364 1813 3435 ἔχει

238 3464 341 3527 τὰς
367 3463 655 3534 ἀφορμάς·
687 3462 755 3515 τὰ
811 3462 867 3515 δὲ
908 3460 1133 3531 ψυχικά,
1176 3462 1241 3512 ὲκ
1283 3459 1391 3513 τῶν
1424 3460 1619 3525 ἔξωθεν
1669 3475 1812 3526 πρα-

238 3557 490 3627 γμάτων.
525 3555 835 3629 ’ᾼμφότερα
852 3554 906 3607 δὲ
935 3555 1251 3625 περικόπτει
1278 3554 1467 3621 ἀγάπη
1488 3553 1581 3605 καὶ
1614 3549 1815 3619 ὲγκρά-

238 3660 364 3694 τεια
388 3659 401 3672 ο
438 3644 469 3712 ἡ
505 3642 622 3712 μὲν,
652 3641 720 3695 τὰ
752 3642 960 3712 ψυχικά
980 3658 992 3670 ·
1018 3643 1050 3711 ὴ
1076 3642 1156 3706 δὲ,
1184 3641 1254 3693 τὰ
1295 3642 1601 3710 σωματικά.

316 3733 411 3799 ξε¹.
448 3734 528 3786 Τά
562 3736 661 3803 μὲν
691 3733 801 3786 τῶν
832 3733 1041 3797 παθῶν,
1079 3733 1173 3785 τοῦ
1199 3733 1431 3804 θυμικοῦ
1454 3751 1467 3764 ·
1503 3734 1571 3787 τὰ
1621 3735 1677 3787 δὲ
1718 3734 1813 3787 τοῦ

239 3824 641 3896 ἐπιθυμητικοῦ
691 3826 888 3896 μέρους
916 3826 1015 3895 τῆς
1042 3824 1239 3894 ψυχῆς,
1290 3825 1569 3895 τυγχάνει.
1610 3826 1814 3895 ’Λμφὸ-

241 3936 383 3990 τερα
416 3919 496 3982 δὲ,
526 3918 613 3970 διὰ
640 3916 749 3969 τῶν
776 3916 1081 3986 αἰσθήσεων
1116 3919 1368 3969 κινεῖται.
1397 3916 1529 3969 Τότε
1562 3917 1617 3969 δὲ
1653 3921 1815 3969 κινεῖς

239 4030 357 4070 ται,
393 4011 480 4063 ὅτε
511 4009 727 4079 ἀγάπης
765 4011 798 4079 ἡ
827 4007 971 4078 ψυχὴ
1005 4007 1100 4060 καὶ
1125 4008 1449 4077 ἐγκρατείας
1478 4008 1632 4071 ἐκτὸς
1666 4007 1813 4077 εὑρί-

244 4121 461 4157 σῖιεται.

322 4194 431 4258 Eg’.
475 4193 961 4261 Δυσκαταγώνιστα
994 4192 1191 4262 μᾶλλον
1217 4190 1283 4244 τὰ
1307 4192 1402 4244 τοῦ
1444 4192 1677 4261 θυμικοῦ
1718 4192 1815 4261 μὲ-

244 4302 378 4354 pou;
397 4284 496 4355 τῆς
522 4284 699 4355 ψυχῆς
736 4283 881 4354 πάθη
904 4283 1003 4354 (8),
1028 4282 1179 4354 παρὰ
1208 4282 1275 4336 τὰ
1301 4282 1395 4336 τοῦ
1423 4282 1817 4353 ἐπιθυμητικοῦ

240 4377 524 4445 τυγχάνει.
549 4376 638 4429 Διὸ
674 4379 767 4429 καὶ
799 4376 981 4446 μεῖζον
1012 4376 1073 4429 τὺ
1106 4377 1397 4447 φάρμακον
1426 4375 1545 4429 κατ’
1567 4375 1753 4439 αὐτοῦ,
1785 4378 1818 4446 ἡ

240 4468 440 4538 ἐντολὴ
468 4469 566 4537 τῆς
596 4468 815 4538 ἀγάπης
844 4467 947 4521 ὑπὸ
978 4467 1071 4521 τοῦ
1102 4469 1307 4540 Κυρίου
1339 4467 1516 4538 ἐδόθη.

323 4558 419 4623 ᾆξ’.
458 4560 641 4612 Πάντα
674 4561 743 4613 τὰ
777 4560 912 4612 ἄλλα
943 4559 1111 4625 πάθη,
1234 4558 1329 4612 τοῦ
1358 4558 1593 4629 θυμικοῦ
1622 4561 1820 4630 μέρους
1856 4538 1896 4590 D

238 4653 350 4720 τῆς
380 4652 578 4721 ψυχῆς,
605 4651 638 4721 ἢ
666 4650 757 4704 τοῦ
793 4652 1192 4722 ἐπιθυμητικοῦ
1222 4652 1382 4722 μόνον
1418 4652 1754 4719 ἐφάπτεται·
1786 4652 1819 4723 ἢ

240 4744 349 4797 καὶ
379 4744 473 4796 τοῦ
502 4743 830 4811 λογιστικοῦ,
855 4744 931 4806 ὠς
967 4745 1001 4813 ή
1033 4743 1168 4815 λήθη
1217 4745 1313 4797 καὶ
1356 4746 1388 4815 ἡ
1422 4744 1612 4813 ἄγνοια
1633 4762 1646 4775 ’
1695 4748 1725 4815 ἡ
1763 4746 1819 4798 δὲ

240 4836 471 4906 ἀκηδία,
503 4836 693 4889 πασῶν
725 4834 833 4889 τῶν
856 4836 957 4905 τῆς
984 4836 1163 4907 ψυχῆς
1192 4838 1473 4907 δυνάμεων
1506 4838 1822 4907 ἐπιδραττο-

245 4930 417 4996 μένη,
458 4927 634 4979 πάντα
663 4926 849 4994 σχεδὸν
881 4926 1224 4996 ὁμοθυμαδὸν
1255 4929 1398 4980 κινεῖ
1438 4926 1503 4979 τὰ
1532 4926 1696 4997 πάθῃ.
1733 4925 1823 4978 At?)

241 5023 346 5072 καὶ
383 5018 598 5070 πάντων
634 5018 742 5071 τῶν
771 5017 945 5070 ἄλλων
987 5018 1175 5071 παθῶν
1208 5023 1325 5073 ἐστι
1362 5020 1682 5091 βαρύτατον.
1714 5022 1823 5072 Κα-

240 5110 362 5170 λῶς
390 5106 482 5161 οὖν
510 5110 538 5159 ὁ
568 5108 767 5179 Κύριος
798 5108 858 5161 τὸ
886 5110 1005 5162 κατ’
1037 5109 1205 5179 αὐτῆς
1225 5110 1512 5180 φάρμακον
1545 5112 1790 5175 δεδωκὼς
1809 5154 1822 5173 ,

261 5202 373 5252 Ἐν
406 5199 478 5268 τῇ
519 5202 793 5271 ὑπομονῇ
822 5203 1009 5273 ὑμῶν,
1033 5204 1204 5272 λέγει,
1241 5205 1554 5273 κτήσασθε
1591 5207 1697 5271 τὰς
1720 5212 1827 5274 1.5-1)-

246 5293 370 5360 χιίς
398 5296 474 5361 ὑμ
483 5293 581 5345 ὧν.

1897 600 2136 653 inimicos
2153 608 2381 665 vestros;
2405 601 2692 670 benefacite
2712 604 2797 665 iis,
2823 606 2910 673 qui
2936 605 3160 659 oderunt
3177 623 3266 661 vos
3286 625 3304 662 :
3326 618 3475 665 orate

1898 703 1995 756 pro
2020 688 2471 743 calumniantibus
2513 707 2605 743 vos
2642 691 2707 744 ²¹.
2744 692 3018 757 Quorsum
3064 695 3179 750 hzec
3220 697 3297 751 illi
3338 714 3477 767 prte-

1899 782 2096 850 cepta?
2133 782 2204 837 Ut
2232 782 2493 837 nimirum
2530 783 2600 837 ab
2623 783 2753 837 odio
2785 794 2841 837 et
2866 786 3088 840 tristitia
3117 799 3173 841 et
3210 790 3289 843 ira
3311 798 3365 845 et
3393 791 3473 845 si-

1898 873 2125 926 multate
2181 872 2388 926 liberos
2449 882 2754 941 praestaret,
2803 890 2973 943 reque
3028 880 3298 944 omnium,
3351 897 3474 949 qua:

1900 964 2089 1019 haberi
2127 974 2380 1034 possunt,
2426 967 2660 1019 maxima
2700 965 3052 1035 dignaretur;
3094 968 3334 1037 perfecta
3366 969 3474 1025 sci-

1899 1058 2028 1112 licet
2060 1058 2331 1111 cbaritate
2378 1075 2392 1111 :
2444 1072 2551 1127 qua
2594 1058 2879 1127 praaditum
2956 1074 3076 1113 esse
3134 1059 3473 1129 impossibile

1898 1159 2003 1213 est,
2043 1152 2138 1221 qui
2171 1166 2363 1205 omnes
2393 1150 2645 1205 homines
2677 1166 2741 1204 ex
2773 1166 2929 1218 aequo
2970 1167 3077 1204 non
3114 1151 3339 1221 diligat;
3376 1153 3472 1208 Dei

1901 1242 2113 1299 scilicet
2157 1242 2487 1306 imitatione,
2538 1242 2633 1312 qui
2685 1257 2939 1312 pera‘que
2988 1258 3179 1298 omnes
3222 1245 3473 1301 homines

1901 1334 2098 1403 diligit,
2139 1336 2365 1403 vultque
2409 1349 2507 1389 eos
2552 1333 2734 1388 salvos
2774 1333 2915 1397 lieri,
2952 1342 3007 1387 et
3035 1334 3101 1386 ad
3131 1337 3471 1403 agnitionem

1900 1429 2149 1482 veritatis
2182 1428 2372 1481 venire
2405 1428 2469 1480 ⁸³.

1970 1520 2055 1573 62.
2094 1520 2202 1589 Ego
2230 1530 2405 1573 autem
2446 1519 2558 1572 dico
2581 1521 2755 1574 vobis:
2779 1518 2897 1574 Non
2920 1522 3159 1574 resistere
3190 1518 3352 1581 malo,
3385 1520 3474 1573 sed

1898 1613 2093 1681 siquis
2130 1621 2179 1664 te
2223 1613 2533 1681 percusserit
2580 1614 2634 1665 in
2674 1612 2943 1665 dexteram
2990 1610 3292 1676 maxillam,
3333 1619 3479 1664 verte

1901 1703 1983 1757 illi
2007 1712 2055 1755 et
2089 1702 2334 1757 alteram.
2370 1703 2438 1756 Et
2471 1705 2536 1767 ei,
2573 1705 2661 1771 qui
2689 1704 2812 1756 velit
2848 1712 3013 1757 tecum
3030 1705 3233 1774 judicio
3256 1712 3473 1757 conten-

1902 1796 2043 1859 dere,
2076 1802 2124 1847 et
2152 1796 2383 1848 tunicam
2412 1801 2558 1847 tuam
2585 1794 2786 1858 tollere,
2822 1795 3024 1847 dimitte
3050 1795 3097 1847 ei
3124 1804 3171 1847 et
3206 1794 3432 1865 pallium
3456 1811 3474 1845 τ

1912 1892 1961 1937 et
1984 1886 2077 1955 qui
2102 1893 2150 1938 te
2181 1885 2413 1955 adegerit
2444 1884 2513 1937 ad
2541 1901 2706 1938 unum
2741 1883 3075 1949 milliarium,
3104 1884 3236 1937 vade
3267 1900 3386 1937 cum
3418 1900 3477 1936 eo

1910 1982 1961 2029 et
1988 1974 2098 2028 alia
2115 1975 2218 2028 duo
2243 1976 2309 2027 ’⁸.
2336 1974 2609 2040 Quorsum
2633 1973 2784 2026 haec?
2808 1973 2879 2028 Ut
2910 1982 2967 2027 et
2995 1980 3049 2026 te
3085 1972 3154 2026 ab
3193 1972 3343 2030 omni
3374 1972 3477 2025 ira-

1911 2068 2109 2124 cundia
2133 2077 2187 2122 et
2212 2069 2525 2122 turbatione
2557 2082 2620 2120 ac
2641 2066 2864 2120 tristitia
2884 2065 3183 2118 immunem
3205 2072 3475 2127 servaret,

1909 2170 1965 2216 et
1991 2169 2085 2215 tua
2113 2160 2405 2214 tolerantia
2445 2158 2599 2213 illum
2636 2156 2902 2219 erudiret,
2928 2154 3257 2224 ambosque,
3292 2162 3353 2209 ut
3382 2153 3478 2224 qui

1910 2255 2092 2309 bonus
2125 2253 2372 2316 exsistat,
2402 2266 2505 2306 suo
2536 2236 2848 2305 dilectionis
2874 2262 2944 2302 ac
2980 2245 3263 2300 charitatis
3287 2246 3479 2317 jugum

1912 2353 2150 2415 cogeret.

1984 2439 2071 2493 63.
2099 2436 2309 2504 Quibus
2339 2436 2504 2489 rebus
2535 2435 2863 2505 quandoque
2906 2437 3088 2491 affecti
3128 2434 3355 2497 fuimus,
3389 2432 3487 2485 ha-
3530 2462 3536 2468 -

1915 2546 2035 2585 rum
2057 2544 2278 2600 quoque
2296 2526 2620 2581 libidinosas
2640 2527 3000 2596 cogitationes
3021 2524 3480 2581 circumierimus.

1913 2624 2017 2691 Qui
2078 2623 2244 2693 igitur
2294 2620 2620 2673 libidinosas
2666 2619 2838 2671 vincit
2881 2618 3263 2683 cogitationes,
3316 2615 3483 2670 etiam

1914 2731 2025 2777 res,
2058 2728 2291 2784 quarum
2319 2721 2448 2765 sunt
2486 2710 2867 2779 cogitationes.
2905 2708 3132 2763 omnino
3159 2705 3482 2763 contemnit.

1916 2810 2091 2864 Tanto
2124 2806 2269 2861 enim
2315 2804 2554 2873 gravius,
2586 2801 2732 2870 quod
2771 2801 3037 2855 adversus
3084 2815 3270 2853 rerum
3315 2798 3487 2853 simu-

1916 2904 2083 2965 lacra,
2132 2903 2187 2956 in
2231 2897 2493 2953 memoria
2540 2895 2753 2959 relicta,
2788 2912 2951 2965 quam
2986 2894 3133 2966 quod
3174 2900 3363 2947 contra
3393 2906 3486 2944 res

1917 2997 2083 3066 ipsas,
2130 2993 2335 3047 bellum
2383 2992 2644 3061 gerimus,
2694 2999 2899 3059 quanto
2946 2986 3246 3057 proclivius
3296 2993 3383 3039 est
3425 2994 3484 3037 ut

1917 3099 2097 3143 mente
2148 3102 2209 3141 ac
2261 3084 2613 3155 cogitatione,
2660 3097 2823 3152 quam
2865 3089 2926 3134 ut
2976 3081 3094 3149 ipso
3146 3086 3272 3133 actu
3320 3086 3484 3147 atque

1837 3198 1880 3255 ο
1912 3202 2076 3260 opere
2107 3195 2414 3253 peccemus.

1984 3279 2071 3333 (54.
2111 3251 2456 3331 _Atl‘ectuutn,
2507 3268 2598 3322 alii
2649 3251 2965 3335 corporales
3016 3272 3163 3323 sunt,
3212 3262 3303 3316 alii
3363 3262 3481 3314 ani-

1914 3372 2102 3425 males.
2146 3368 2220 3420 Ac
2251 3364 2474 3433 quidem
2504 3359 2839 3427 corporales,
2877 3371 2939 3408 ex
2976 3369 3204 3423 corpore
3244 3352 3486 3406 occasio.

1913 3480 2014 3519 nes
2047 3460 2251 3514 habent
2284 3474 2297 3507 :
2332 3453 2593 3507 animales
2620 3464 2772 3511 vero,
2799 3463 2864 3502 ex
2895 3448 3003 3500 illis
3032 3463 3153 3516 quae
3184 3456 3314 3499 sunt
3351 3444 3484 3498 foris

1914 3552 2269 3626 proveniunt.
2313 3546 2585 3612 Utrosque
2640 3556 2772 3594 \cro
2834 3549 3086 3593 resecant
3133 3538 3374 3593 Charitas
3430 3546 3485 3590 ct

1916 3642 2285 3703 continentia:
2320 3640 2431 3697 illa,
2461 3636 2760 3696 animales;
2794 3634 2927 3693 haec,
2962 3634 3290 3700 corporales.

1986 3739 2074 3790 63.
2106 3735 2437 3790 Atieetuum,
2481 3727 2571 3779 alii
2612 3725 2901 3778 irascentis
2934 3722 3100 3776 animi
3133 3723 3308 3792 partis
3333 3732 3483 3783 sunt,

1917 3831 2007 3885 alii
2054 3820 2515 3894 concupiscentis.
2566 3820 2794 3886 Utrique
2844 3832 2974 3869 vero
3015 3829 3275 3868 sensuum
3318 3830 3487 3883 opera

1916 3928 2227 3976 uterentur.
2275 3916 2538 3982 Tuncque
2585 3911 2723 3965 adeo
2776 3908 2985 3961 moveri
3030 3907 3320 3976 contingit,
3362 3922 3487 3959 cum

1916 4013 2074 4085 403
2124 4010 2341 4064 animus
2381 4015 2537 4059 extra
2590 4002 2913 4055 charitatcm
2986 3997 3490 4065 continentiamque

1914 4098 2210 4155 exstiterit.

1988 4212 2075 4267 66.
2102 4208 2391 4265 lrascentis
2411 4206 2576 4260 animi
2599 4205 2772 4274 partis
2792 4203 3019 4256 allectus
3040 4200 3315 4255 diﬂicilius
3336 4199 3495 4269 longe

1919 4302 2218 4375 expugnari
2246 4308 2505 4371 possunt,
2561 4313 2724 4366 quam
2762 4293 3222 4363 concupiscentis.
3286 4291 3494 4346 Idcirco

1920 4397 2084 4451 etiam
2116 4395 2290 4463 majus
2317 4392 2581 4447 adversus
2606 4400 2725 4444 eam
2756 4386 3060 4442 remedium
3086 4400 3116 4439 a
3139 4384 3373 4439 Domino
3395 4382 3493 4436 da-

1926 4497 2037 4542 tum
2055 4494 2157 4547 est,
2183 4482 2500 4537 mandatum
2518 4480 2728 4535 scilicet
2743 4476 3032 4531 charitatis
3053 4488 3147 4528 seu
3165 4472 3493 4526 dilectionis.

1997 4578 2085 4631 67.
2124 4574 2327 4633 Cuncti
2351 4573 2444 4627 alii
2472 4570 2719 4633 allectus,
2756 4578 2850 4621 aut
2880 4567 3203 4619 irascentem
3234 4563 3496 4616 duntaxat

1929 4668 2095 4723 animi
2122 4675 2356 4736 partem.
2411 4674 2507 4717 aut
2536 4656 3346 4729 concupiscentemattingunt;
3403 4661 3497 4706 aut

1926 4761 2090 4815 etiam
2115 4757 2347 4811 rationis
2369 4755 2703 4816 facultatem,
2751 4760 2809 4805 ut
2831 4749 3033 4803 oblivio
3060 4758 3116 4803 et
3143 4743 3448 4817 ignorantia
3478 4760 3492 4796 :

1930 4849 2119 4905 acedia
2146 4862 2299 4912 vero,
2331 4860 2522 4900 omnes
2543 4843 2738 4898 anima:
2767 4842 2915 4895 vires
2944 4839 3271 4908 corripiens.
3306 4850 3497 4897 omnes

1932 4943 2047 4998 fere
2116 4940 2279 4996 simul
2349 4954 2569 5007 unoque
2634 4939 2839 5006 impetu
2883 4934 3120 4988 affectus
3167 4936 3495 4986 commovet.

1929 5037 2276 5105 Quapropter
2305 5033 2469 5087 etiam
2506 5031 2719 5085 cunctis
2746 5029 2867 5083 aliis
2897 5026 3186 5083 all‘ectibus
3219 5023 3500 5077 molestior

1934 5139 2037 5184 est.
2072 5128 2216 5182 Bene
2257 5126 2423 5197 igitur
2459 5125 2746 5188 Dominus,
2771 5121 3043 5191 assignato
3070 5117 3336 5172 adversus
3378 5130 3499 5169 eam

1936 5218 2317 5275 remediozln
2368 5218 2626 5287 patientia
2687 5226 2880 5276 vestra.
2936 5213 3135 5284 inquit,
3193 5210 3503 5281 possidentis

1939 5311 2146 5363 animas
2171 5316 2370 5360 vestras
2396 5308 2462 5360 ".

331 5412 376 5440 “
411 5411 602 5465 Matth.
632 5428 685 5476 γ,
713 5413 800 5466 44.
876 5413 921 5443 ’⁸
949 5412 969 5466 l
1005 5414 1146 5468 Tim.
1175 5430 1233 5477 ιι,
1259 5415 1311 5468 5.
1389 5415 1435 5447 ³⁵
1462 5416 1651 5472 Matth.
1680 5435 1734 5485 ν,
1768 5423 1821 5477 ’ὀξ

1897 5424 1975 5477 Η.
2049 5422 2095 5452 ’⁸
2126 5421 2261 5476 Luc.
2291 5437 2400 5486 ιιι,
2435 5422 2520 5475 l9.

332 5549 421 5620 (ί)
475 5548 825 5620 Πρὸς-’ἅπερ
870 5547 1184 5620 πράγματά
1240 5566 1384 5620 ποτε
1421 5552 1824 5617 πεπόνθαμεν.

248 5617 408 5678 Nihil
443 5619 535 5672 hic
573 5617 793 5672 dimeile
832 5617 937 5673 nisi
967 5619 1092 5686 quis
1124 5619 1283 5684 plane
1309 5619 1511 5688 hospes
1537 5622 1590 5673 in
1644 5621 1828 5674 scien-

252 5693 338 5745 tia
368 5705 584 5743 morum
609 5696 665 5741 et
694 5688 991 5742 all‘ectuum
1025 5688 1271 5757 (totaque
1313 5690 1429 5757 ipsa
1467 5690 1696 5757 Gracia)
1734 5692 1827 5754 sit,

248 5761 455 5827 quales
490 5774 545 5812 se
564 5757 769 5827 Obsop.
792 5770 846 5810 et
880 5758 1044 5812 Gesn.
1081 5758 1403 5814 ostendunt.
1431 5759 1560 5812 dum
1593 5761 1673 5815 sic
1706 5762 1831 5813 red-

252 5830 404 5884 dunt
436 5870 449 5893 ,
503 5827 647 5893 Quas
672 5845 752 5881 res
792 5830 1059 5895 quondam
1091 5828 1329 5882 dolenter
1356 5830 1686 5897 pertulimus,
1722 5841 1828 5884 etc.

1935 5553 2053 5607 Non
2083 5553 2174 5606 hic
2203 5552 2272 5606 de
2296 5552 2509 5616 dolore,
2540 5550 2632 5605 sed
2659 5550 2727 5604 de
2747 5550 2979 5605 libidine
3003 5564 3188 5602 sermo
3219 5550 3310 5602 est
3341 5546 3508 5601 Maxi-

1937 5639 2056 5687 mo;
2084 5638 2246 5690 quam
2272 5639 2339 5676 ex
2370 5638 2557 5675 rerum
2595 5637 2719 5682 usu,
2764 5620 2818 5673 in
2859 5618 3177 5690 memoriam
3227 5617 3510 5690 cogitatio-

1940 5687 2145 5761 nesque
2174 5693 2342 5746 animi
2380 5692 2618 5760 imprimi
2650 5707 2713 5744 ac
2737 5688 3136 5761 derivari,irite
3164 5687 3354 5750 tradit,
3380 5703 3508 5741 vero

1941 5758 2138 5832 bisque
2174 5763 2412 5832 propriis
2437 5758 2585 5815 nulla
2613 5762 2837 5829 ambage
2872 5758 3152 5828 exprimit.
