4208 6436
727 396 833 457 975

1895 395 1954 452 S.
1999 392 2280 452 ΜΛΧΙΜῘ
2321 391 2827 451 CONFESSORIS

3885 392 3990 452 97G

800 513 890 568 68.
930 512 1007 566 Nc
1037 526 1197 581 quem
1247 509 1477 563 fratrum
1523 509 1850 578 pulsaveris,
1883 509 2186 576 prazscrtim
2223 513 2306 563 in-

2482 507 2581 576 ξη’.
2617 507 2708 576 Μὴ
2733 506 2944 576 πλήξῃς
2975 506 3102 558 ποτέ
3133 524 3253 559 τινα
3287 507 3393 560 τῶν
3412 508 3658 575 ἁδελτξῶν
3691 509 3784 574 (ι’),
3825 526 3980 576 παρα-

730 605 986 660 consulto
1009 617 1110 656 nec
1138 602 1288 670 justa
1321 602 1455 655 satis
1483 601 1664 670 aliqua
1694 615 1894 664 causa;
1936 615 2006 654 ne
2036 600 2176 653 forte
2197 613 2307 653 non

733 696 916 748 terens
968 693 1297 756 molestiam,
1363 692 1478 760 ipse
1507 707 1564 744 se
1603 691 1961 755 subduxerit;
1993 692 2216 760 ﬁatque,
2250 699 2312 744 ut

731 800 1013 854 nunquam
1042 793 1099 837 tu
1132 785 1246 854 ipse
1278 784 1629 839 conscientia:
1658 785 2144 853 reprehensionem
2168 782 2311 836 eﬁ'u-

731 878 866 946 gias,
908 892 1030 945 qua!
1084 877 1227 930 inter
1260 875 1595 944 precandum
1632 877 1815 946 jugem
1859 876 1957 928 tibi
2020 889 2310 930 mmrorem

732 967 947 1030 aﬁ‘erat,
972 977 1319 1036 mentemque
1357 983 1387 1020 a
1429 966 1626 1020 ﬁducia
1649 967 1834 1020 divina
1873 966 2134 1020 excutiat.

804 1061 893 1115 69.
935 1060 1012 1114 Ne
1042 1059 1405 1129 suspiciones,
1425 1075 1522 1113 seu
1554 1059 1721 1114 etiam
1757 1059 2033 1127 homines.I
2074 1058 2312 1113 oﬂ‘endi-

739 1153 863 1207 cula
887 1153 984 1206 tibi
1012 1152 1277 1206 adversus
1312 1153 1527 1221 aliquos
1572 1153 1905 1220 ingerentes,
1932 1151 2208 1220 patienter
2236 1148 2315 1202 fe-

734 1262 842 1300 ras.
878 1245 982 1311 Qui
1026 1246 1173 1299 enim
1226 1245 1338 1298 ullo
1373 1243 1537 1297 modo
1557 1259 1623 1296 ex
1649 1243 1718 1296 iis
1744 1257 1868 1312 qua:
1898 1243 1984 1295 vel
2028 1243 2313 1296 voluntate

736 1338 874 1392 ﬁunt
911 1338 996 1391 vel
1046 1346 1245 1406 praeter
1293 1352 1414 1390 eam
1455 1335 1740 1395 eveniunt,
1779 1333 1958 1387 creari
1992 1332 2101 1386 sibi
2130 1333 2311 1387 οπεο-

735 1430 946 1484 sionem
970 1429 1265 1488 sustinent,
1291 1428 1432 1480 riam
1456 1427 1630 1496 pacis,
1660 1425 1725 1477 ad
1751 1425 1844 1478 Dei
1874 1424 2164 1478 scientiam
2185 1424 2317 1478 cha-

737 1521 899 1574 ritate
918 1522 1120 1574 comite
1157 1519 1304 1573 illius
1327 1527 1600 1571 amatores
1633 1517 1949 1578 ducentem,
1983 1515 2261 1568 nesciunt.

805 1693 890 1746 70.
934 1693 1178 1748 Necdum
1231 1693 1531 1762 perfectam
1584 1691 1911 1747 eharitatem
1964 1700 2160 1746 nactus
2209 1698 2312 1755 est,

733 1783 827 1852 qui
873 1801 971 1853 pro
1012 1784 1295 1836 hominum
1335 1783 1501 1836 variis
1539 1781 1847 1845 affectibus,
1895 1781 2315 1851 animorumque

2412 600 2584 667 λόγως
2611 600 2847 668 μάλιστα
2867 615 2880 626 ο
2922 599 2996 667 μή
3031 613 3159 650 ποτε
3197 599 3272 668 μὴ
3300 599 3483 668 φέρων
3509 601 3609 668 τὴν
3632 600 3834 667 ﬁliaiam,
3863 602 3994 651 ὁποι

2411 693 2636 759 χωρήσῃ
2667 707 2680 719 ·
2727 691 2823 741 καὶ
2844 691 2904 742 οὐ
2947 690 3020 758 μὴ
3065 690 3305 760 ἐκφεύξῃ
3349 692 3479 742 ποτὲ
3513 692 3605 742 τὸν
3647 693 3874 760 Eleum
3901 691 3991 742 τοῦ

2414 782 2733 844 συνειδότος,
2763 783 2851 834 ἀεί
2883 798 2964 833 σοι
3016 781 3194 850 λύπην
3236 783 3293 833 ἐν
3333 781 3413 850 τῷ
3456 782 3634 852 καιρῷ
3685 783 3784 852 τῆς
3835 801 3996 852 πφδ-

2412 875 2578 942 ευχῆς
2614 874 3005 944 προξενοῦντα,
3061 875 3157 928 καὶ
3208 874 3306 942 τῆς
3357 873 3512 937 θείας
3547 877 3866 945 παρῤηςξας
3906 893 3994 926 τν

2413 965 2540 1018 νοῦν
2564 966 2963 1019 ἀπελαύνοντα.

2484 1058 2581 1124 ξθ’.
2618 1059 2711 1130 Μὴ
2731 1058 2944 1129 ἀνάσχῃ
2972 1059 3082 1110 τῶν
3115 1057 3392 1111 σκάνδαλά
3429 1075 3511 1111 σοι
3547 1058 3838 1128 φερουσῶν
3867 1060 3996 1110 ὐπο-

2413 1152 2598 1213 νοιῶν,
2632 1152 2666 1208 ἦ
2700 1151 2794 1205 καὶ⁵
2821 1151 3147 1220 ἀνθρώπων,
3184 1151 3327 1204 κατά
3365 1168 3547 1204 τινων.
3589 1153 3656 1203 Oi
3679 1151 3793 1220 γὰρ
3819 1167 3994 1218 παρα-

2413 1242 2693 1312 δεχόμενοι
2735 1243 3010 1298 σκάνδαλα
3039 1246 3100 1297 ὲν
3128 1238 3226 1314 οἴῳ
3256 1244 3460 1314 δήποτε
3493 1244 3680 1314 τρόπῳ
3708 1244 3822 1295 τῶν
3855 1247 3994 1297 κατὰ

2416 1335 2797 1406 προαιρεσινῆ
2852 1335 3003 1406 παρά
3056 1336 3379 1407 προαίρεσιν
3424 1336 3861 1405 πμεαινόντων,
3897 1338 3996 1387 οὐκ

2417 1428 2563 1481 ἴσασι
2589 1427 2690 1496 τὴν
2719 1428 2838 1480 ὁδὸν
2886 1427 2986 1498 τῆς
3038 1429 3286 1498 εἰρήνης,
3315 1427 3415 1497 τὴν
3462 1429 3740 1500 φέρουσαν
3779 1429 3872 1481 διὰ
3897 1427 3996 1496 τῆς

2415 1519 2636 1588 ἀγάπης
2692 1521 2775 1582 εις
2841 1520 2940 1590 τὴν
2984 1520 3192 1587 γνῶσιν
3248 1520 3342 1573 τοῦ
3392 1519 3531 1573 Θεοῦ
3595 1524 3724 1582 τοὺς
3792 1520 3994 1588 ταὴς

2415 1612 2673 1680 ἐραστάς.

2488 1709 2553 1756 o'.
2586 1701 2754 1756 Οὔπω
2807 1701 2920 1772 ἔχει
2965 1702 3180 1756 τελείαν
3233 1702 3334 1771 τὴν
3393 1702 3638 1773 ἀγάπην,
3683 1705 3714 1756 ὁ
3745 1703 3829 1756 ἔτι
3881 1704 3995 1763 ταῖς

2417 1792 2662 1861 γνώμαις
2701 1792 2810 1848 τῶν
2847 1792 3148 1863 ἀνθρώπων
3192 1793 3685 1864 συνδιατιθέμενος.
3713 1791 3866 1858 Οἴου,
3911 1794 3998 1844 τὶν

735 1873 1052 1927 diversitate
1083 1874 1230 1926 varie
1264 1871 1520 1926 aﬁicitur.
1564 1873 1722 1934 Puta,
1758 1871 1853 1940 qui
1894 1871 2017 1934 hac,
2055 1871 2215 1924 illave
2244 1870 2314 1924 de

2421 1882 2518 1950 μὲν
2555 1883 2789 1950 ἀγαπῶν
2811 1923 2825 1948 ,
2853 1885 2947 1937 τὸν
2976 1884 3034 1937 δὲ
3060 1883 3256 1952 μισῶν,
3292 1883 3380 1937 διά
3409 1884 3530 1936 τόδε
3566 1883 3600 1953 ἦ
3631 1884 3750 1936 τόδε
3777 1900 3791 1911 ·
3831 1884 3867 1951 ἦ
3908 1885 3999 1934 καὶ

733 1980 917 2027 causa,
948 1965 1093 2017 hunc
1121 1964 1316 2033 diligit,
1351 1964 1503 2016 illum
1529 1963 1667 2016 odit.
1703 1962 1830 2017 Sive
1861 1962 2027 2016 etiam
2056 1961 2312 2016 eumdem

731 2058 954 2111 easdem
978 2057 1048 2109 ob
1072 2071 1266 2110 causas
1301 2055 1464 2109 modo
1498 2055 1701 2125 diligit,
1733 2053 1896 2107 modo
1923 2053 2062 2107 odit.

804 2149 892 2202 Ἠ.
937 2149 1185 2202 Pcrteeta
1223 2147 1485 2208 Charitas,
1513 2147 1797 2201 hominum
1825 2160 1992 2199 unam
2028 2152 2311 2206 naturam,

734 2255 835 2312 pro
857 2256 924 2294 eo
946 2255 1008 2293 ac
1042 2240 1119 2292 illi
1152 2240 1366 2293 diverse
1412 2239 1612 2305 animis
1641 2237 1942 2305 comparati
1968 2244 2138 2299 sunt,
2193 2249 2306 2288 non

735 2329 935 2384 scindit
962 2346 976 2393 ;
1022 2329 1116 2382 sed
1149 2328 1216 2382 ad
1243 2344 1363 2382 eam
1393 2344 1612 2398 semper
1634 2327 1960 2398 respiciens,
1993 2342 2185 2381 omnes
2211 2326 2313 2381 ho-

737 2423 914 2476 mines
934 2439 1088 2492 :eque
1115 2422 1326 2492 diligit,
1356 2421 1532 2476 honos
1551 2421 1776 2491 quidem
1815 2435 1877 2474 ac
1913 2419 2212 2484 studiosos,
2256 2429 2317 2473 ut

735 2515 977 2578 amicos;
1001 2514 1092 2583 qui
1121 2523 1303 2568 autem
1328 2513 1452 2567 mali
1481 2514 1613 2572 sint,
1653 2513 1832 2583 diligit
1867 2523 1928 2566 ut
1957 2511 2233 2575 inimicos,
2258 2512 2315 2564 iu

735 2622 833 2661 eos
866 2606 1130 2660 beneﬁcia
1152 2606 1462 2668 conferens,
1487 2620 1549 2659 ac
1569 2605 1959 2675 longanimiter
1981 2618 2168 2674 agens,
2195 2619 2313 2657 ma-

737 2702 898 2770 laque
939 2700 1007 2753 ab
1035 2700 1115 2754 eis
1144 2700 1291 2753 illata
1322 2699 1592 2768 patienter
1615 2698 1798 2751 ferens
1823 2698 2058 2750 :tnalum
2089 2711 2317 2765 prorsus

737 2809 848 2848 non
886 2800 1176 2862 reputans;
1206 2791 1337 2861 quin
1364 2790 1570 2860 potius,
1597 2799 1760 2842 etiam
1791 2804 1892 2858 pro
1924 2789 2052 2851 illis,
2078 2789 2123 2842 si
2158 2803 2317 2842 occa-

737 2885 820 2939 sio
839 2885 1140 2949 vocaverit,
1183 2885 1324 2938 mala
1358 2885 1616 2946 tolerans,
1643 2892 1700 2937 ut
1723 2891 1778 2937 et
1800 2884 1942 2945 illos,
1968 2883 2011 2936 si
2037 2883 2154 2936 ﬁeri
2183 2898 2316 2951 pos-1

737 2979 830 3042 sit,
882 2978 1087 3031 amicos
1127 2976 1349 3040 reddat;
1391 2977 1476 3031 sin
1507 2987 1714 3038 autem,
1748 2990 1902 3029 suam
1944 2975 2034 3028 illa
2068 2974 2315 3029 aﬂ‘ectio-

738 3090 862 3126 nem
900 3089 1005 3124 non
1042 3071 1269 3136 deserit,
1295 3087 1452 3140 aeque
1488 3087 1704 3138 semper
1742 3070 1796 3123 in
1825 3084 2018 3122 omnes
2065 3068 2318 3122 homines

737 3167 950 3219 fructus
978 3163 1264 3217 charitatis
1289 3163 1692 3217 demonstrans.
1725 3161 1993 3227 Quocirca
2015 3161 2180 3214 etiam
2213 3161 2321 3215 Do-
2343 3200 2385 3259 ο

740 3260 920 3312 minus
956 3257 1121 3329 ἀθά,
1149 3267 1334 3311 noster
1373 3273 1435 3310 ac
1459 3257 1599 3310 Deus
1629 3256 1788 3310 Jesus
1815 3255 2089 3321 Christus,
2115 3272 2227 3310 suae
2261 3257 2315 3310 in

739 3367 840 3404 nos
871 3350 1153 3403 eharitalis
1177 3348 1453 3418 specimen
1481 3348 1768 3410 exhibens,
1801 3363 1903 3417 pro
1932 3347 2190 3400 universo
2218 3347 2319 3400 hu-

738 3457 900 3495 mano
923 3457 1123 3511 genere
1149 3449 1398 3494 mortuus
1418 3450 1523 3504 est,
1547 3442 1872 3508 cunctisque
1896 3456 1961 3493 ex
1992 3453 2149 3508 :equo
2172 3439 2318 3492 elar-

737 3533 883 3602 gitus
928 3540 1012 3586 est
1051 3529 1477 3584 resurrectionis
1511 3545 1686 3600 spem,
1735 3529 1839 3582 etsi
1895 3531 2128 3597 quisque
2181 3529 2310 3594 sibi,

738 3624 884 3694 quod
917 3624 1116 3693 dignus
1141 3623 1312 3693 gloria
1343 3621 1744 3691 autsupplieio,
1770 3633 1965 3675 auctor
2003 3621 2242 3675 exsistit.

812 3717 898 3770 72.
946 3714 1203 3769 Nondum
1250 3713 1548 3784 perfectam
1592 3714 1916 3768 charitatem
1948 3712 2182 3782 adeptus
2211 3721 2314 3776 est,

738 3809 832 3879 qui
870 3809 1098 3879 gloriam
1141 3815 1196 3862 et
1244 3806 1626 3877 ignominiam,
1667 3806 1886 3860 divitias
1917 3815 1972 3860 et
2022 3813 2317 3875 pauperta-

741 3913 871 3965 tem,
896 3901 1232 3970 voluptatem
1253 3908 1310 3953 et
1330 3898 1607 3953 tristitiam
1631 3898 1907 3967 animique
1934 3897 2180 3951 dolorem
2207 3913 2315 3952 non

739 3993 972 4063 spernit.
1005 3991 1253 4046 Perfecta
1292 3999 1476 4044 autem
1522 3990 1766 4044 charitas
1796 3989 1999 4044 nedum
2029 3989 2148 4043 haec
2169 4004 2320 4058 sper-

739 4081 840 4142 nit,
891 4094 1078 4133 verum
1128 4079 1295 4133 etiam
1360 4086 1774 4148 temporaneam
1827 4078 2004 4147 ipsam
2048 4078 2216 4132 vitam
2255 4092 2319 4132 ac

741 4181 972 4226 mortem
997 4169 1319 4226 contemnit.

809 4263 898 4316 75.
937 4262 1101 4324 Audi,
1128 4260 1222 4330 qui
1243 4259 1542 4330 perfectam
1571 4260 1900 4314 charitatem
1918 4258 2181 4329 consequi
2206 4275 2320 4314 me-

741 4361 996 4415 ruerunt.
1047 4351 1232 4422 qualia
1269 4351 1566 4420 loquantur
1604 4368 1616 4403 :
1650 4350 1780 4415 Quis
1828 4366 1922 4404 nos
1973 4350 2241 4420 separabit
2284 4369 2316 4404 a

741 4446 1002 4499 charitate
1031 4442 1224 4499 Christi
1251 4444 1275 4496 1’
1301 4442 1570 4496 tribulatio
1596 4443 1620 4495 Ρ
1647 4459 1717 4495 an
1751 4442 1997 4511 angustia
2025 4441 2050 4494 .9
2083 4457 2152 4494 an
2193 4457 2316 4511 per-

2414 1974 2505 2027 τὺν
2542 1975 2704 2028 αὐτὸν
2736 1977 2866 2030 ποτὲ
2905 1976 3004 2046 μὶν
3025 1976 3274 2046 ἀγαπῶν,
3307 1977 3439 2030 ποτὶ
3467 1976 3523 2030 δὲ
3557 1977 3752 2046 μισῶν,
3785 1974 3881 2028 διὰ
3905 1978 3998 2035 τὰς

2415 2065 2591 2127 αὑτάς
2621 2064 2824 2128 αἰτίας.

2484 2164 2582 2210 οα’.
2623 2158 2688 2211 Ἠ
2737 2158 2918 2210 τελεία
2971 2158 3161 2227 ἀγάπη
3209 2160 3272 2210 οὐ
3318 2159 3680 2228 cavatas/i3:
3733 2159 3834 2229 τὴν
3872 2160 4000 2229 μίαν

2413 2249 2522 2304 τῶν
2555 2249 2860 2319 ἀνθρώπιον
2917 2249 3102 2319 φύσιν,
3153 2252 3272 2312 ταῖς
3317 2250 3595 2320 διαφόροις
3638 2251 3823 2303 αὐτῶν
3861 2252 3997 2319 γνώ-

2417 2356 2582 2412 μαις·
2634 2339 2752 2393 ἀλλ’
2808 2341 2890 2404 εἰς
2933 2340 3102 2404 αὐτὴν
3145 2341 3233 2394 ἀεὶ
3273 2340 3729 2411 άποὸλεπομένη,
3785 2342 3997 2403 πάντας

2413 2431 2737 2504 ἀνθρώπους
2759 2431 2819 2496 ἐξ
2855 2434 2969 2486 ἴσου
2999 2433 3193 2504 ἀγαπᾷ
3213 2451 3226 2463 ·
3259 2435 3385 2495 τοὺς
3413 2433 3511 2501 μὲν
3543 2433 3891 2496 σπουδαίους,
3925 2435 3998 2494 ὡς

2417 2525 2641 2594 φίλους·
2694 2527 2821 2588 τοὺς
2865 2525 2923 2578 δὲ
2958 2525 3216 2594 φαύλους,
3253 2525 3328 2588 ὡς
3366 2524 3595 2595 ἐχθροὺς
3638 2527 3855 2596 ἀγαπᾷ,
3903 2527 3995 2577 εὖο

2417 2613 2718 2682 εργετοῦσα
2752 2614 2846 2667 καὶ
2891 2614 3339 2685 μακροθυμοῦσα.
3389 2617 3481 2667 καὶ
3526 2616 3878 2684 ὑπομένουσα
3932 2618 3999 2666 τὰ

2415 2703 2548 2775 παρ’
2593 2703 2776 2757 αὐτῶν
2811 2706 3133 2775 ὲπαγὸμενα
3161 2724 3172 2736 ·
3223 2706 3285 2758 τὸ
3330 2707 3500 2758 κακὸν
3542 2708 3602 2758 τὺ
3640 2707 3881 2768 συνόλως
3923 2711 3998 2774 μὴ

2415 2797 2762 2866 λογιζομένη,
2815 2796 2954 2850 ἀλλά
2999 2797 3095 2850 καὶ
3147 2799 3436 2867 πάσχουσα
3479 2797 3620 2867 ὑπὲρ
3666 2797 3891 2859 αὐτῶν,
3951 2799 3999 2848 εἰ

2415 2889 2607 2959 καιρὸς
2651 2888 2948 2954 καλέσειεν,
2976 2889 3062 2942 ἵνα
3098 2890 3192 2941 καὶ
3242 2889 3440 2950 αὐτοὺς
3484 2889 3688 2959 ποιήσῃ
3732 2888 3921 2955 φίλους
3949 2890 3997 2939 εἰ

2414 2977 2525 3033 οἷόν
2557 2997 2614 3033 τε
2635 2997 2648 3011 ·
2682 2983 2731 3034 el
2760 2981 2816 3035 δὲ
2857 2983 2931 3052 μὴ
2951 3023 2965 3047 ,
2997 2982 3096 3052 τῆς
3130 2998 3194 3050 γε
3245 2981 3381 3045 ιδίας
3430 2980 3728 3042 διαθέσεως
3766 2982 3871 3033 οὐκ
3904 2983 3996 3032 ὲκ-

2417 3073 2627 3138 πίπτει,
2658 3073 2787 3136 τοὺς
2815 3077 2915 3144 τῆς
2948 3075 3172 3144 ἀγάπης
3211 3075 3458 3145 καρποὺς
3486 3075 3573 3127 ἀεὶ
3614 3075 3675 3139 ἐξ
3706 3075 3828 3128 ἴσου
3861 3077 3996 3145 πρὶς

2419 3164 2626 3226 πάντας
2670 3163 2991 3235 ἀνθρώπους
3015 3165 3424 3236 ἐνδεικνυμένη.
3454 3166 3549 3218 Διὸ
3578 3169 3673 3219 καὶ
3714 3168 3745 3220 ὸ
3793 3167 3998 3237 Κύριος

2420 3256 2577 3326 ἡμῶν
2604 3257 2700 3310 καὶ
2732 3257 2864 3319 Θεὸς
2903 3256 3111 3328 Ἰησοῦς
3134 3257 3391 3330 Χριστὸς,
3435 3259 3536 3328 τὴν
3567 3257 3736 3311 αὑτοῦ
3777 3260 4001 3327 ἀγάπην

2419 3350 2498 3410 είς
2527 3349 2673 3416 ἡμᾶς
2698 3346 3097 3418 ἐνδειξάμενος,
3125 3350 3265 3422 ὑπὲρ
3294 3350 3423 3419 ὅλης
3453 3350 3556 3419 τῆς
3576 3350 4000 3421 ἀνθρωπὸτητος

2419 3439 2638 3502 ἔπαθεν,
2676 3441 2770 3493 καὶ
2809 3443 2978 3494 πᾶσιν
3009 3442 3070 3505 ἐξ
3119 3443 3234 3496 [σου
3277 3444 3376 3512 τὴν
3409 3442 3598 3495 ἐλπίδα
3626 3443 3726 3512 τῆς
3759 3444 4001 3498 ἀναστά-

2421 3549 2558 3594 σεως
2585 3533 2880 3603 ἐχαρίσατο
2900 3550 2913 3562 ·
2950 3535 2999 3586 εἰ
3027 3534 3124 3586 καὶ
3160 3534 3390 3598 ἕκαστος
3428 3534 3640 3598 ἑαυτὸν,
3680 3535 3790 3585 εῑτε
3816 3535 3998 3605 δόξης,

2419 3625 2532 3677 εἴτε
2566 3626 2840 3687 κολάσεως
2870 3624 3192 3696 καθίστησιν
3216 3625 3387 3691 ἀξιον.

2488 3714 2585 3784 οβ’.
2629 3716 2694 3768 ’0
2737 3715 2811 3786 μὴ
2845 3717 3203 3786 καταφρονῶν
3233 3717 3391 3786 δόξης
3425 3721 3522 3774 καὶ
3554 3720 3804 3788 ἀτιμίας,
3838 3718 4000 3770 πλοί-

2420 3823 2513 3857 του
2542 3807 2634 3859 καὶ
2651 3807 2863 3870 πενίας,
2886 3808 3078 3878 ἡδονῆς
3099 3824 3156 3860 τε
3189 3808 3281 3862 καὶ
3312 3808 3508 3880 λύπης,
3538 3811 3750 3863 τελείαν
3773 3812 4002 3878 ἀγάπη-τ

2420 3895 2572 3949 οὔπω
2622 3899 2910 3968 ἐκτήσατο.
2971 3897 3035 3950 Ἦ
3085 3899 3196 3970 γὰρ
3247 3900 3427 3953 τελεία
3474 3903 3665 3971 ἀγάπη
3719 3903 3782 3954 οὐ
3842 3902 4003 3972 μόνον

2418 3987 2624 4041 τούτων
2657 3992 3010 4059 καταφρονεῖ,
3035 3991 3170 4044 ἀλλὰ
3197 3993 3290 4043 καὶ
3320 3993 3492 4062 αὐτῆς
3527 3996 3625 4063 τῆς
3654 3995 4002 4064 προσκαίρου

2427 4079 2570 4151 ζωῆς
2605 4097 2664 4132 τε
2699 4082 2791 4137 καὶ
2819 4081 2914 4135 τοῦ
2946 4082 3200 4135 θανάτου.

2489 4257 2797 4327 ογ’.”Ακουε
2816 4259 2924 4312 τῶν
2942 4260 3388 4324 καταξιωθέντων
3409 4261 3509 4331 τῆς
3527 4262 3739 4327 τελείας
3757 4264 4000 4331 ἀγάπης,

2422 4352 2550 4403 ποῖα
2577 4350 2794 4418 λέγουσι
2825 4367 2839 4381 ’
2877 4353 2972 4416 Τίς
3010 4350 3168 4420 ἡμᾶς
3201 4355 3442 4420 χωρίσει
3473 4355 3590 4408 ἀπὸ
3617 4354 3723 4421 τῆς
3760 4356 4004 4424 ἀςτὶπητ

2423 4443 2528 4497 τοῦ
2554 4443 2844 4512 Χριστοῦ;
2878 4444 3083 4511 θλίψις
3101 4461 3118 4510 ;
3150 4443 3188 4511 ἢ
3212 4447 3613 4513 στενοχωρίιι;
3645 4447 3682 4514 ἡ
3711 4447 4001 4516 διωγμόςς

739 4537 933 4588 secutio
953 4533 978 4586 Ρ
999 4551 1070 4587 an
1087 4534 1253 4603 fames
1268 4533 1293 4585 ?
1307 4550 1376 4586 an
1400 4534 1611 4587 nuditas
1627 4532 1652 4584 ?
1675 4549 1744 4586 an
1760 4530 2051 4602 periculum
2070 4532 2095 4584 ?
2109 4548 2179 4585 an
2205 4531 2318 4602 gla-

2423 4535 2462 4603 ἣ
2493 4537 2703 4604 λιμός;
2737 4535 2774 4602 ἢ
2804 4537 3146 4604 γυμνότης;
3175 4535 3212 4604 ἣ
3246 4537 3572 4602 κίνδυνος;
3624 4538 3663 4606 ἢ
3695 4539 4000 4608 etiamm:

740 4627 854 4680 dius
880 4626 906 4679 Ρ
932 4628 1065 4680 sicut
1093 4627 1343 4696 scriptum
1377 4635 1451 4678 est
1493 4641 1509 4679 :
1541 4623 1676 4690 Quia
1700 4632 1914 4696 propter
1946 4632 1994 4677 te
2027 4624 2315 4693 morti/ica-

739 4735 859 4770 mur
889 4727 997 4771 tota
1027 4719 1138 4783 die;
1187 4719 1434 4773 cestimati
1470 4735 1650 4772 sumus
1699 4719 1831 4771 sicut
1875 4733 1991 4770 oves
2025 4717 2316 4770 occisionis.

739 4809 845 4863 Sed
870 4813 923 4865 in
947 4812 1026 4865 his
1055 4811 1291 4865 omnibus
1324 4827 1658 4880 superamus,
1685 4821 1902 4881 pr0pter
1950 4827 2091 4874 eum,
2120 4811 2210 4881 qui
2235 4811 2318 4864 di-

743 4901 867 4956 lexit
911 4920 1024 4957 nos.
1059 4901 1245 4957 Certus
1273 4919 1389 4956 sum
1427 4904 1565 4956 enim
1598 4903 1722 4974 quia
1758 4918 1924 4972 neque
1957 4919 2117 4966 mors,
2154 4918 2320 4972 neque

740 4997 868 5059 vita,
895 5011 1060 5066 neque
1086 4993 1284 5066 angeli,
1306 5011 1472 5066 neque
1512 4996 1861 5065 principatus,
1888 5009 2056 5064 neque
2072 4995 2315 5058 virtutes,

741 5104 907 5158 neque
937 5090 1218 5154 instantia,
1259 5105 1426 5158 neque
1455 5089 1658 5158 futura,
1686 5103 1851 5158 neque
1871 5086 2116 5151 altitudo,
2153 5100 2319 5157 neque

740 5180 1082 5251 profundum,
1105 5197 1270 5252 neque
1302 5179 1414 5234 ulla
1449 5179 1558 5234 alia
1583 5187 1831 5232 creatura
1868 5181 2059 5249 poterit
2101 5193 2194 5233 nos
2236 5194 2320 5232 se-

811 5339 883 5408 (k)
910 5340 1008 5408 Μὴ
1042 5338 1288 5404 πλήξῃς
1324 5338 1470 5392 ποτέ
1517 5353 1651 5390 τινα
1695 5335 1816 5408 τῶν
1844 5337 2165 5408 ἀδελφῶν.
2205 5336 2302 5392 Di-

740 5406 890 5465 ctum
921 5409 972 5462 id
999 5406 1186 5478 putem
1219 5409 1270 5461 iu
1299 5409 1567 5471 seniores,
1610 5407 1705 5476 qui
1771 5406 2053 5478 subjectos
2104 5407 2304 5462 fratres

739 5475 1069 5549 quandoth
1108 5495 1207 5548 pro
1265 5493 1363 5532 sua
1417 5475 1732 5532 morositate
1780 5475 1976 5532 durius
2010 5478 2300 5549 haberent,

739 5548 842 5603 nec
905 5551 1038 5602 satis
1078 5549 1416 5602 humanitate
1482 5549 1657 5601 zelum
1714 5556 2101 5616 temperarent.
2161 5548 2302 5612 Quin

740 5623 886 5672 enim
912 5628 1158 5672 veterum
1199 5618 1355 5670 multi
1399 5635 1460 5671 ea
1493 5618 1784 5686 disciplina
1811 5618 2030 5671 modum
2051 5635 2305 5672 excesse-

742 5692 803 5742 l'll
831 5700 870 5744 t.
906 5706 1004 5742 nec
1033 5689 1524 5758 paucisdesercndi
1553 5687 1841 5741 sanctioris
1863 5687 2093 5742 instituti
2116 5699 2306 5741 aucto-

741 5774 830 5811 res
865 5759 1090 5819 l‘ueriut,
1114 5759 1260 5828 quod
1311 5759 1399 5811 hic
1443 5760 1746 5826 ὑποχωρεῖν
1803 5769 1961 5811 vocat
2020 5759 2305 5818 Maximus,

745 5829 884 5886 haud
913 5829 1138 5883 dubium
1159 5830 1244 5881 sit.
1279 5829 1341 5882 Ιῖι
1392 5839 1586 5882 etuti-ra
1644 5844 1748 5880 unu
1824 5829 2119 5881 admodum
2172 5829 2308 5880 lN‘W‘

2423 4627 2618 4693 καθὼς
2664 4625 3010 4697 γέγραπται·
3048 4627 3177 4682 Ὀτι
3223 4627 3403 4682 ἕνεκα
3435 4628 3554 4683 σοῦ
3587 4632 4003 4700 θανατούμεθα

2423 4722 2577 4788 ὅλην
2635 4720 2750 4788 τὴν
2809 4721 3068 4789 ἡμέραν·
3128 4721 3532 4791 ἐλογίσθημεν
3600 4722 3682 4788 ὡς
3736 4725 4002 4791 πρόϐατα

2424 4809 2684 4882 σφαγῆς.
2729 4812 2879 4864 Ἀλλ’
2935 4813 3006 4865 ἐν
3041 4813 3276 4878 τούτοις
3329 4816 3520 4869 πᾶσιν
3565 4815 4000 4884 ὑπερνικῶμεν.

2425 4901 2522 4954 διὰ
2564 4901 2670 4955 τοῦ
2702 4900 3136 4969 ἀγαπήσαντος
3166 4901 3342 4971 ἡμᾶς.
3377 4905 3708 4973 Πέπεισμαι
3742 4905 3884 4973 γὰρ,
3921 4906 4000 4958 ὅτι

2427 4993 2564 5046 οὔτε
2607 4991 2896 5060 θάνατος,
2945 4995 3084 5048 οὔτε
3132 4993 3284 5062 ζωὴ,
3351 4997 3490 5050 οὔτε
3535 4996 3820 5067 ἄγγελοι.
3871 5000 4004 5051 οὔτε

2423 5085 2622 5153 ἀρχαι,
2647 5084 2786 5139 οὔτε
2808 5085 3122 5156 δυνάμεις,
3149 5087 3286 5142 οὔτε
3319 5086 3636 5148 ἐνεστῶτα,
3689 5089 3838 5142 οὔτε
3863 5092 4004 5158 μέλ-

2425 5182 2634 5244 λοντα,
2667 5180 2806 5234 οὐτε
2836 5179 3074 5250 ὕψωμα,
3103 5181 3244 5236 οὔτε
3269 5182 3486 5249 βάθος,
3521 5184 3661 5236 οὐτε
3689 5200 3784 5249 τις
3811 5185 4006 5250 κτισες

2408 5335 2616 5408 Obsop.
2643 5337 2884 5409 et_Gesn.
2919 5338 3001 5393 sic
3021 5339 3171 5395 istud
3199 5341 3347 5395 male
3411 5339 3719 5409 eodemque
3773 5357 4002 5397 errore:

2410 5406 2575 5482 quem
2603 5406 2802 5482 suﬁisi,
2855 5425 2911 5462 u.
2943 5409 2998 5482 _8_
3029 5427 3041 5463 :
3073 5411 3285 5482 Καὶ-οὑ
3337 5411 3412 5482 μὴ
3453 5406 3694 5480 ἐκφεύξῃ
3740 5412 3878 5466 ποτὲ
3911 5428 3939 5464 τ
3980 5432 4004 5461 ν

2413 5479 2634 5551 ἔλεγχον
2662 5478 2754 5530 τοῦ
2788 5479 3126 5551 συνειδότοςῄ
3153 5478 3349 5550 Neque
3375 5478 3552 5551 tamen
3601 5478 3825 5551 effugias
3866 5483 3999 5550 ejus,

2413 5549 2505 5622 qui
2538 5549 2628 5602 tibi
2647 5550 2881 5622 cgnscius
2913 5557 3008 5614 est,
3038 5549 3474 5622 tribulationem;
3520 5549 3686 5606 Gesn.
3707 5549 3718 5551 ἡ
3738 5549 4000 5622 redargu-

2417 5620 2629 5692 tionem.
2664 5618 2758 5692 Sic
2775 5619 3009 5674 arduum
3038 5636 3200 5675 nosse
3252 5621 3346 5674 τοῦ
3377 5618 4004 5692 συνειδότοςηείεηίιῖιοο

2419 5689 2657 5752 tionem;
2709 5688 2890 5752 idest,
2937 5692 3308 5755 conscientiw;
3369 5701 3426 5747 et
3452 5691 3602 5761 quod
3657 5691 3753 5745 illa
3782 5688 4004 5746 *τράπ-

2417 5769 2567 5825 gnat,
2592 5768 2701 5813 etc.
