4208 6436
240 403 337 467 971

1117 389 1476 452 CAPITUM
1514 388 1611 448 DE
1649 387 2076 446 CHABITATE
2115 387 2501 447 CEN'l‘UlUA
2548 389 2593 447 Ι.
3376 394 3486 458 9'78

230 520 404 585 ἑτέρα
431 516 754 581 δυνήσεται
790 513 938 582 ἡμᾶς
975 515 1228 584 χωρίσαι
1272 514 1393 568 ἀπὸ
1436 511 1546 579 τῆς
1573 510 1807 578 ἀγάπης

1923 525 2117 577 parare
2145 530 2176 565 a
2198 515 2456 566 charitate
2490 512 2607 575 Dei,
2640 527 2755 581 qua:
2785 519 2859 565 est
2890 512 2946 566 in
2984 509 3191 567 Christo
3225 510 3352 565 Iesu
3387 514 3462 568 Do

230 609 340 660 τοῦ
368 606 534 669 Θεοῦ,
563 605 666 670 τῆς
693 607 762 658 ὲν
786 604 1015 673 Χριστῷ
1051 604 1255 671 Ἰησοῦ
1285 601 1364 669 τῷ
1392 602 1585 670 Κυρίῳ
1613 600 1802 669 ἡμῶν.

303 695 396 748 06'.
435 696 565 765 Περὶ
590 695 646 747 δὲ
687 695 785 764 τῆς
816 695 897 756 είς
927 694 1019 747 τὸν
1073 693 1304 764 πλησίον
1355 691 1594 762 ἀγάπης,
1638 691 1803 744 ἄκουε

230 787 398 840 πάλιν
419 780 507 838 οἷα
527 785 773 852 λέγουσιν
795 801 810 815 ο
849 784 1156 850 Ἀλήθειαν
1179 782 1336 852 ,λέγω
1351 780 1704 852 ἐν’Χριστῷ,
1732 783 1804 835 οὺ

227 877 551 945 ψεύδομαι,
587 876 1131 944 συμμαρτυρούσης
1181 891 1282 943 μοι
1319 873 1418 927 καί
1467 873 1578 941 τῆς
1606 889 1807 927 συνει-

227 968 469 1035 δήσεώς
512 986 632 1036 μου
679 968 750 1021 ἐν
787 968 1086 1036 Πνεύματι
1134 966 1282 1035 ἁγίῳ
1305 982 1318 995 ·
1364 965 1454 1018 ὅτι
1502 966 1668 1031 λύπη
1702 966 1807 1033 μοι

227 1063 366 1116 ἐστι
400 1061 624 1130 πολλὴ,
671 1062 770 1114 καὶ
805 1060 1188 1124 ἀδιάλειπτος
1232 1059 1418 1125 ὀδύνη
1470 1057 1545 1126 τῇ
1592 1058 1806 1125 καρδίᾳ

225 1171 371 1221 μου.
398 1154 687 1222 Ηὺχόμην
720 1154 830 1223 γὰρ
857 1153 1124 1221 ἀνάθεμα
1154 1148 1306 1206 εἶναι
1331 1151 1514 1217 αὐτὸς
1541 1150 1655 1221 ἐγὼ
1686 1150 1804 1204 ἀπὸ

227 1244 341 1298 τοῦ
367 1246 624 1314 Χριστοῦ
662 1245 813 1313 ὑπὲρ
857 1245 975 1300 τῶν
1007 1245 1288 1314 ἀδελφῶν
1334 1263 1475 1315 μου,
1505 1245 1623 1299 τῶν
1658 1261 1805 1314 avr-

226 1334 424 1405 γενῶν
448 1355 568 1405 μου
605 1337 756 1391 κατὰ
794 1335 1012 1404 σάρκα,
1052 1336 1271 1402 οἵτινές
1303 1339 1461 1391 εἰσιν
1510 1336 1802 1404 Ἰσραηλῖ-

225 1443 348 1490 ται,
388 1428 482 1480 καὶ
522 1427 593 1480 τά
648 1427 793 1498 ἐξῆς.
835 1427 1112 1489 Ὡσαύτως
1139 1428 1231 1480 καὶ
1272 1429 1300 1480 6
1334 1427 1595 1497 Μωῦσῆς,
1627 1426 1720 1480 καὶ
1752 1429 1800 1479 ol
1854 1493 1864 1504 ν

224 1519 412 1570 λοιποὶ
442 1518 587 1585 amo.
618 1517 778 1589 [unus
814 1517 941 1589 Reg.
965 1520 1061 1572 καὶ
1090 1521 1294 1583 πάντες
1323 1521 1370 1572 οί
1397 1518 1586 1590 amt].

301 1616 397 1666 os'.
433 1610 500 1662 Ὀ
537 1609 611 1680 μὴ
658 1609 1016 1680 καταφρονῶν
1050 1610 1206 1679 δόξης
1235 1611 1328 1663 καὶ
1367 1610 1557 1680 ἡδονῆς
1579 1611 1675 1682 (9),
1709 1611 1802 1663 καὶ

223 1697 333 1766 τῆς
363 1697 571 1750 τούτων
605 1699 926 1768 αὐξητικῆς,
960 1699 1053 1751 καὶ
1080 1698 1146 1752 δι’
1189 1698 1357 1761 αὑτάς
1389 1701 1798 1770 συνισταμένης,

1917 601 2059 656 mino
2091 615 2268 657 nostro
2300 605 2364 657 ".

1987 688 2073 742 74.
2114 690 2190 745 De
2230 689 2498 744 charitate
2551 698 2734 744 autem
2784 705 2913 760 erga
2957 690 3308 760 proximum,
3358 694 3488 750 audi

1914 797 2106 836 rursus
2129 782 2311 852 qualia
2343 784 2634 837 enuntiant
2675 797 2689 834 :
2730 781 3011 836 Veritatem
3035 784 3151 837 dico
3171 784 3226 836 in
3256 782 3486 848 Christo,

1911 891 2016 928 non
2050 875 2291 938 mentior,
2343 875 2694 927 testimonium
2734 874 2861 926 mihi
2890 874 3188 942 perhibente
3207 876 3322 945 ipsa
3356 892 3487 930 con-

1907 965 2126 1017 scientia
2143 979 2257 1018 mea
2284 966 2338 1019 in
2361 964 2563 1034 Spiritu
2591 972 2774 1018 sancto
2795 981 2813 1018 :
2837 964 3090 1035 quoniam
3120 967 3334 1022 tristitia
3358 969 3484 1022 mihi

1911 1072 2105 1126 magna
2135 1062 2231 1122 est,
2271 1065 2318 1109 et
2367 1058 2641 1110 continuus
2684 1055 2836 1110 dolor
2875 1055 3020 1110 cordi
3050 1071 3182 1110 meo.
3222 1056 3482 1127 Optabam

1907 1147 2048 1198 enim
2074 1161 2168 1214 ego
2207 1147 2316 1215 ipse
2341 1146 2624 1198 anathema
2655 1161 2764 1198 esse
2802 1163 2835 1198 a
2870 1143 3077 1199 Christo
3104 1162 3200 1216 pro
3229 1146 3484 1216 fratribus

1911 1237 2062 1298 meis,
2095 1237 2184 1305 qui
2210 1245 2335 1288 sunt
2388 1236 2598 1304 cognati
2645 1237 2746 1288 mei
2787 1237 3069 1289 secundum
3125 1255 3358 1300 carnem,
3397 1240 3486 1307 qui

1905 1333 2030 1378 sunt
2052 1322 2314 1378 Israelita:
2338 1325 2405 1387 ",
2446 1333 2502 1377 et
2533 1339 2656 1393 quae
2687 1332 3016 1393 sequuntur.
3056 1324 3321 1381 Similiter
3342 1342 3482 1396 quo-

1906 1432 2015 1486 que
2045 1417 2256 1492 Moyses
2277 1416 2345 1483 ",
2376 1432 2440 1471 ac
2468 1418 2643 1472 sancti
2670 1419 2889 1490 reliqui.

1975 1596 2066 1650 75.
2101 1594 2204 1661 Qui
2236 1593 2464 1664 gloriam
2481 1603 2536 1647 et
2565 1593 2923 1664 voluptatem,
2958 1610 3024 1648 ac
3074 1611 3196 1665 qua:
3237 1597 3345 1651 illis
3384 1613 3483 1651 au-

1905 1695 2151 1740 mentum
2188 1684 2427 1754 praebet,
2461 1699 2763 1754 carumque
2813 1685 2986 1755 gratia
3030 1687 3307 1752 consistit,
3341 1682 3482 1762 lava-

228 1788 618 1858 φιλαργυρξας,
651 1791 750 1852 τὰς
789 1789 882 1841 τοῦ
929 1789 1102 1858 θυμοῦ
1153 1790 1460 1860 προφάσεις
1508 1791 1797 1843 ἐκκόπτειν

1904 1776 2082 1830 ritiam
2110 1789 2219 1828 non
2253 1777 2577 1837 contemnit,
2608 1775 2654 1830 is
2684 1777 2780 1830 ira:
2815 1779 3136 1832 occasiones
3159 1778 3484 1833 exscindere

225 1881 294 1931 οὑ
323 1857 567 1932 δύναται.
606 1881 664 1932 ’0
705 1879 761 1932 δέ
801 1857 1010 1943 ταύτας
1035 1879 1111 1952 μὴ
1135 1857 1401 1946 ἐκόπτων,
1450 1880 1548 1950 τῆς
1590 1881 1797 1945 τελείας

1907 1876 2016 1916 non
2081 1861 2348 1930 potuerit.
2389 1859 2490 1926 Qui
2521 1871 2705 1916 autem
2757 1862 2856 1916 has
2901 1877 3013 1916 non
3062 1872 3332 1933 amputat,
3383 1879 3486 1920 nec

226 1968 460 2039 ἀγάπης
483 1972 665 2041 τυχεῖν
697 1972 758 2022 οὐ
789 1970 1033 2026 δύναται.

304 2063 411 2120 ος’.
451 2059 794 2122 Ταπείνωσις
817 2059 912 2111 καὶ
942 2059 1304 2126 κακοπάθεια,
1330 2062 1507 2132 πάσης
1529 2063 1801 2133 ἁμαρτίας

229 2147 580 2219 ἐλευθεροῦσι
610 2150 699 2202 τὸν
727 2149 1014 2220 ἄνθρωπον
1037 2166 1052 2182 ’
1090 2154 1124 2224 ὴ
1165 2152 1287 2222 μὲν,
1313 2152 1380 2204 τά
1406 2153 1503 2223 τῆς
1525 2155 1701 2224 ψυχῆς
1721 2172 1734 2182 ·
1765 2157 1800 2226 ἡ

227 2239 311 2302 δὲ,
344 2240 412 2292 τὰ
437 2240 530 2293 τοῦ
560 2240 808 2311 σώματος
844 2241 1256 2314 περικόπτουσα
1281 2242 1451 2314 πάθη.
1497 2245 1664 2298 Τοῦτο
1695 2245 1802 2318 γὰρ

231 2328 410 2382 ποιῶν
439 2332 532 2382 καὶ
552 2332 580 2384 6
613 2332 880 2401 μακάριος
906 2331 1160 2400 φαίνεται
1186 2333 1368 2400 Δαϐὶδ,
1390 2337 1446 2389 ἐν
1471 2332 1552 2398 οἷς
1585 2335 1800 2406 εὕχεται

230 2419 376 2488 πρὸς
401 2419 491 2472 τὸν
520 2420 672 2485 Θεὸν,
729 2421 932 2490 λέγων·
981 2423 1086 2477 ’1δέ
1123 2423 1238 2490 τὴν
1281 2427 1649 2480 ταπείνωσίν
1683 2444 1805 2495 μου

231 2507 336 2561 καί
370 2509 480 2563 τὸν
522 2513 716 2566 κόπον
738 2531 880 2582 μου,
920 2514 1018 2569 καί
1065 2513 1215 2586 ἄφες
1245 2516 1449 2584 πάσας
1485 2518 1592 2584 τὰς
1624 2519 1807 2588 ἀμαρ-

229 2599 368 2664 τίας
382 2618 522 2668 μου.

306 2690 402 2755 οξ.
436 2691 537 2746 Διά
569 2695 667 2762 μὲν
699 2696 806 2749 τῶν
838 2697 1067 2755 ἐντολῶν
1096 2703 1126 2754 6
1164 2701 1388 2773 Κύριος,
1414 2702 1646 2768 ἀπαθεῖς
1681 2705 1807 2768 τοὺς

229 2782 640 2853 ἐργαζομένους
694 2788 867 2852 αὐτὰς
905 2789 1193 2844 ἀποτελεῖ·
1253 2792 1343 2846 διὰ
1388 2791 1448 2848 δὲ
1493 2791 1602 2846 τῶν
1647 2793 1807 2848 θείων

229 2877 539 2947 δογμάτων.
573 2883 663 2936 τὸν
697 2883 978 2953 φωτισμὸν
1026 2883 1125 2954 τῆς
1149 2884 1402 2953 γνώσεως
1430 2887 1613 2953 αὐτοῖς
1648 2886 1808 2960 χαρί-

233 2967 414 3033 (stat.

305 3070 407 3133 οη’.
441 3064 625 3119 Πάντα
647 3066 717 3120 τά
739 3067 1006 3137 δόγματα,
1036 3067 1070 3138 ἢ
1111 3070 1241 3139 περὶ
1269 3070 1402 3124 Θεοῦ
1432 3072 1590 3138 εἰσιν,
1619 3073 1651 3143 ἢ
1681 3074 1810 3140 περὶ

1790 1998 1798 2008 .
1902 1953 2201 2023 perfectam
2241 1954 2565 2008 cliaritatem
2591 1955 2854 2024 consequi
2882 1955 3074 2024 possit.

1976 2041 2067 2095 76.
2107 2040 2398 2117 Humilitas
2425 2043 2718 2112 carnisque
2748 2042 3047 2107 aﬂlictatio,
3071 2043 3141 2098 ab
3175 2044 3326 2099 omni
3358 2059 3483 2114 pec-

1904 2142 2025 2189 cato
2057 2134 2333 2189 hominem
2373 2135 2613 2190 liberant
2649 2154 2659 2187 :
2698 2151 2934 2204 quarum
2980 2136 3094 2201 illa,
3125 2137 3334 2201 animi;
3365 2138 3482 2192 haec

1901 2242 2055 2291 vero,
2095 2227 2348 2296 corporis
2386 2235 2634 2296 amputat
2659 2227 2810 2282 vitia.
2854 2229 2967 2282 lloc
3010 2229 3158 2282 enim
3185 2238 3240 2284 et
3287 2230 3484 2285 beatus

1904 2314 2072 2368 David
2107 2324 2362 2385 praestare
2399 2325 2759 2380 monstratur,
2797 2332 2920 2372 cum
2953 2319 3006 2372 in
3051 2319 3168 2374 hanc
3198 2318 3366 2375 verba
3413 2319 3483 2374 ad

1904 2406 2074 2461 Deum
2111 2417 2396 2477 precatur:
2428 2408 2549 2462 Vide
2578 2409 2932 2463 humilitatem
2967 2428 3138 2465 meam
3170 2421 3219 2466 et
3252 2412 3482 2468 laborem

1906 2511 2096 2558 meum,
2117 2505 2164 2548 et
2191 2496 2392 2549 dimitte
2415 2496 2591 2548 omnia
2612 2506 2824 2565 peccata
2853 2513 2965 2550 mea
2993 2501 3059 2552 ’³.

1979 2686 2064 2738 77.
2107 2683 2375 2738 Dominus
2412 2699 2510 2752 per
2548 2683 2823 2747 mandata,
2874 2699 2970 2738 eos
3012 2685 3108 2754 qui
3152 2697 3373 2743 servant
3419 2702 3483 2746 ac

1907 2785 2228 2846 operantur,
2263 2775 2330 2830 ab
2360 2775 2651 2830 allectibus
2673 2791 2739 2830 ac
2765 2774 2926 2847 ms
2957 2776 3186 2835 libidine
3213 2779 3484 2839 immunes

1907 2869 2091 2925 reddit
2127 2886 2141 2923 :
2173 2885 2271 2939 per
2292 2869 2479 2922 divina
2505 2877 2687 2924 autem
2716 2869 2991 2941 dogmata,
3023 2871 3267 2926 scientia:
3297 2872 3380 2928 eis
3421 2873 3486 2928 il-

1909 2962 2293 3018 lustrationem
2313 2961 2528 3017 tribuit.

1980 3055 2067 3109 78.
2111 3055 2369 3124 Dogmata
2392 3054 2575 3108 omnia
2594 3070 2658 3108 ac
2689 3054 2933 3119 decreta,
2965 3065 3060 3110 aut
3087 3057 3157 3112 de
3187 3058 3298 3112 Deo
3333 3068 3484 3125 sunt,

231 3152 450 3223 ὁρατῶν
470 3156 566 3208 καὶ
593 3156 860 3228 ἀοράτων,
894 3159 1079 3234 ἢπερ).
1116 3161 1216 3232 τῆς
1247 3163 1304 3216 ἐν
1341 3163 1524 3227 αὐτοῖς
1556 3167 1810 3235 προνοίας

1913 3157 2007 3201 aut
2029 3147 2097 3202 de
2126 3148 2292 3201 rebus
2314 3147 2369 3201 in
2391 3156 2673 3217 aspectum
2691 3148 3035 3214 cadentibus,
3056 3160 3150 3203 aut
3175 3166 3297 3220 qua:
3314 3151 3486 3206 aciem

233 3244 336 3297 καὶ
359 3245 616 3315 κρίσεως.

308 3422 409 3477 οϐ’.
450 3423 515 3477 Ἦ
553 3425 649 3495 μὲν
712 3426 1049 3500 ἐλεημοσύνη
1077 3430 1211 3500 (l0),
1255 3432 1316 3486 τὸ
1359 3433 1588 3503 θυμικὸν
1644 3436 1809 3506 μέρος

231 3516 333 3584 τῆς
368 3515 546 3587 ψυχῆς
575 3517 896 3588 θεραπεύει*
943 3523 974 3592 ὴ
1018 3523 1074 3575 δέ
1109 3525 1355 3594 νηστεία,
1387 3527 1484 3596 τὴν
1534 3529 1633 3596 μὲν
1685 3531 1806 3582 ἐπι-

234 3607 440 3677 Ουμίαν
477 3610 761 3680 μαραίνει·
788 3612 821 3683 ἡ
859 3613 915 3666 δὲ
941 3616 1237 3686 προσευχὴ,
1263 3616 1353 3669 τὸν
1379 3617 1502 3671 νοῦν
1533 3619 1806 3688 καθαίρει,

235 3699 334 3750 καὶ
379 3700 514 3768 πρὸς
561 3701 659 3770 τὴν
709 3701 816 3754 τῶν
869 3703 1037 3758 ὄντων
1095 3706 1330 3777 Θεωρίαν
1372 3712 1809 3779 παρασκευάζει.

235 3787 386 3858 Πρὸς
423 3790 532 3860 γὰρ
561 3790 659 3854 τὰς
687 3792 949 3862 δυνάμεις
984 3794 1084 3865 τῆς
1113 3794 1312 3867 ψυχῆς,
1345 3798 1438 3851 καὶ
1464 3797 1563 3862 τὰς
1591 3800 1812 3864 ἐντολὰς

233 3883 264 3932 6
297 3880 506 3951 Κύριος
527 3884 663 3953 ἡμῖν
683 3885 997 3954 ἐχαρίσατο.

310 3980 387 4028 π’.
419 3973 649 4030 Μάθετε
675 3978 777 4032 ἀπ’
806 3979 971 4048 ἐμοῦ,
1004 3980 1189 4050 φησὶν,
1214 3972 1303 4034 δτί
1332 3981 1522 4051 πρᾶός
1560 3988 1674 4054 ειμι
1714 3987 1812 4040 καί

234 4068 522 4135 ταπεινὸς
544 4067 619 4136 τῇ
641 4069 874 4138 καρδίᾳ,
906 4073 1000 4125 καὶ
1031 4074 1099 4127 τὰ
1130 4074 1278 4144 ἑξῆς.
1321 4076 1383 4128 Ἢ
1415 4077 1514 4146 μὲν
1546 4080 1809 4150 πραότης,

235 4157 519 4227 ἀτάραχον
560 4158 651 4211 τὸν
693 4160 864 4229 Θυμὸν
885 4161 1236 4232 διαφυλάττει
1263 4183 1276 4197 ·
1309 4169 1340 4236 ἡ
1375 4167 1430 4219 δέ
1456 4170 1810 4234 ταπείνωσις,

235 4248 415 4318 τύφου
439 4249 533 4302 καὶ
565 4250 871 4316 κενοδοξίας
900 4254 991 4307 τὸν
1023 4255 1148 4308 νοῦν
1169 4257 1466 4330 ἐλευθεροῖ.

313 4434 426 4482 πα’.
455 4429 640 4494 Διττός
683 4432 830 4483 ἐστιν
855 4435 882 4485 6
901 4432 996 4484 τοῦ
1023 4433 1156 4486 Θεοῦ
1188 4436 1351 4503 φόϐος
1373 4454 1384 4466 ·
1418 4440 1448 4491 6
1478 4440 1576 4508 μὲν
1613 4443 1676 4495 ἐκ
1707 4443 1814 4495 τῶν

1914 3241 2197 3294 oculorum
2238 3241 2473 3311 fugiunt,
2503 3250 2598 3294 aut
2630 3240 2696 3294 de
2721 3241 3080 3310 providentiae
3110 3257 3175 3297 ac
3211 3242 3401 3313 judicii
3430 3244 3483 3298 in

1912 3332 1994 3386 eis
2021 3333 2346 3387 rationibus.

1983 3428 2070 3480 79.
2111 3428 2440 3499 Eleemoyna
2497 3429 2822 3484 irascentem
2865 3430 3031 3484 animi
3062 3441 3271 3500 partem
3297 3446 3484 3498 curat;

1909 3523 2179 3594 jejunium
2236 3524 2593 3593 cupiditatem
2654 3532 2898 3580 macerat
2945 3543 2956 3577 :
3002 3526 3180 3580 oratio
3247 3532 3486 3580 mentem

1916 3625 2131 3685 purgat,
2157 3624 2213 3670 et
2234 3616 2300 3670 ad
2323 3632 2505 3671 rerum
2533 3618 3057 3688 contemplationem
3075 3626 3366 3688 przeparat.
3381 3618 3484 3672 Pro

1916 3707 2236 3761 facultatum
2259 3710 2407 3762 enim
2439 3710 2606 3764 animi
2640 3711 2880 3777 ratione,
2904 3712 3070 3764 etiam
3101 3711 3356 3766 mandata
3384 3709 3487 3764 Do-

1921 3801 2105 3854 minus
2142 3801 2386 3854 tradidit.

1989 3988 2074 4042 80.
2115 3989 2309 4041 Discite
2343 4005 2374 4040 a
2402 4004 2500 4051 me,
2541 3987 2738 4055 inquit,
2782 3989 2906 4056 quia
2935 3989 3074 4041 mitis
3090 4004 3208 4041 sum
3240 3996 3288 4040 et
3322 3987 3491 4039 humi~

1921 4074 1983 4127 lis
2015 4074 2167 4127 corde
2189 4073 2256 4138 '°,
2297 4081 2353 4128 et
2375 4088 2496 4141 quae
2523 4083 2848 4141 sequuntur.
2892 4072 3039 4126 Mitis
3069 4072 3236 4126 animi
3273 4071 3492 4125 aﬂ'ectio

1919 4181 2015 4221 seu
2063 4147 2278 4229 lenitas,
2330 4165 2425 4220 irae
2473 4165 2786 4219 facultatem
2835 4163 3170 4218 inturbatam
3212 4162 3490 4227 custodit;

1922 4258 2200 4312 humilitas
2248 4273 2380 4311 vero
2415 4273 2445 4310 a
2493 4256 2764 4326 superbiae
2827 4255 2970 4310 fastu
3010 4271 3073 4309 ac
3130 4255 3280 4310 inani
3322 4253 3492 4326 gloria

1923 4359 2159 4404 mentem
2185 4350 2411 4403 liberam
2441 4347 2641 4402 reddit.

1992 4442 2078 4496 8|.
2110 4442 2317 4510 Duplex
2342 4449 2427 4494 est
2463 4441 2556 4494 Dei
2582 4440 2746 4493 timor
2780 4458 2792 4495 :
2833 4441 2992 4504 alter,
3019 4455 3184 4510 quem
3219 4439 3488 4496 minarum

237 4519 486 4572 ἀπειλῶν
526 4522 625 4591 τῆς
659 4521 934 4586 κολάσεως
965 4525 1096 4593 ἡμῖν
1144 4527 1542 4598 ἐντικτόμενος,
1585 4532 1654 4585 δι’
1687 4533 1744 4585 ὃν
1777 4537 1809 4603 ἠ

1920 4537 2002 4590 vis
2032 4535 2392 4602 iucussusque
2429 4533 2683 4602 supplicii
2712 4543 2891 4587 terror
2927 4533 2981 4586 in
3006 4532 3167 4587 nobis
3195 4533 3365 4602 parit;
3391 4548 3489 4603 per

238 4613 544 4683 ἐγκράτεια
574 4614 670 4666 καὶ
695 4615 728 4684 ἡ
752 4617 1017 4689 ὑπομονὴ,
1044 4619 1137 4673 καὶ
1168 4621 1201 4690 ὴ
1239 4621 1318 4682 είς
1341 4620 1475 4674 Θεὸν
1513 4625 1690 4688 ἐλπὶς,
1723 4628 1817 4679 καὶ

239 4704 277 4772 ἡ
309 4703 565 4768 ἀπάθεια,
597 4706 655 4772 ἐξ
680 4701 806 4778 ἦςὴ
856 4709 1070 4780 ἀγάπη,
1109 4710 1252 4764 κατά
1296 4711 1448 4777 τάξιν
1499 4715 1631 4784 ἡμῖν
1666 4717 1816 4785 ἐγγί-

237 4809 428 4845 νονται
447 4811 458 4822 ·
493 4797 519 4847 6
548 4793 625 4860 δὲ,
647 4797 784 4867 αὐτῇ
816 4801 882 4868 τῇ
907 4800 1096 4872 ἀγάπῃ
1127 4802 1498 4866 συνέζευκται,
1531 4806 1818 4862 εὐλάϐειαν

237 4885 313 4953 τῇ
344 4881 486 4954 ψυχῇ
528 4886 616 4938 ἀεὶ
650 4886 914 4956 ἐμποιῶν,
951 4890 1036 4942 ἵνα
1071 4891 1145 4963 μὴ
1175 4893 1262 4946 διά
1308 4893 1408 4965 τὴν
1457 4896 1556 4964 τῆς
1596 4898 1818 4970 ἀγάπης

239 4977 581 5046 παρρησίαν,
608 4980 686 5042 εἰς
717 4982 1121 5054 καταφρόνησιν
1151 4984 1284 5038 Θεοῦ
1316 4986 1463 5059 ἔλθῃ.

318 5066 427 5136 πβ’.
463 5069 567 5121 Τὸν
621 5071 720 5140 μὲν
755 5073 967 5142 πρῶτον
998 5074 1161 5143 φόϐον
1201 5075 1305 5140 ἔξω
1340 5076 1521 5147 βάλλει
1555 5081 1587 5151 ἡ
1639 5081 1820 5136 τελεία

239 5161 433 5229 ἀγάπη
485 5162 583 5231 τῆς
634 5162 813 5232 ψυχῆς
847 5165 946 5233 τῆς
999 5169 1339 5238 κεκτημένης
1382 5171 1573 5242 αὐτὴν,
1623 5177 1821 5246 μηκέτι

241 5253 348 5318 τὴν
393 5252 615 5306 κόλασιν
661 5255 1030 5326 φοϐουμένης·
1088 5259 1180 5311 τὸν
1224 5260 1280 5312 δὲ
1322 5261 1596 5334 δεύτερον,
1654 5269 1818 5340 ἑαυτῇ

241 5345 361 5413 ἔχει
411 5346 518 5410 ἀεὶ,
553 5346 630 5411 ὡς
679 5348 893 5419 εἴρηται
935 5351 1385 5422 συνεζευγμένον.
1440 5358 1547 5409 Καὶ
1597 5359 1673 5429 τῷ
1719 5361 1819 5430 μέν

241 5435 450 5508 πρώτῳ
483 5439 652 5508 φόϐῳ,
684 5439 912 5510 ἁρμόζει
939 5442 1017 5506 τὺ,
1058 5441 1141 5507 Τῷ
1166 5445 1325 5512 φόϐῳ
1365 5449 1582 5515 Κυρίου
1613 5451 1816 5506 ἐκκλί-

245 5548 334 5585 νει
384 5529 502 5596 πᾶς
538 5530 656 5585 ἀπὸ
695 5533 902 5588 κακοῦ.
955 5535 1083 5601 Καὶ,
1137 5536 1318 5605 Ἀρχὴ
1368 5540 1587 5608 σοφίας
1635 5545 1818 5613 φόϐος

316 5715 364 5747 ’⁸
381 5711 556 5786 _Rom.
593 5731 704 5778 vni,
735 5717 821 5772 35.
924 5719 965 5748 ¹⁷
996 5718 1152 5773 Rom.
1208 5735 1278 5782 Ix,
1315 5722 1363 5786 l,
1403 5723 1456 5777 5.

243 5789 288 5820 ’ί
323 5785 343 5842 ι
373 5782 531 5841 Joan.
572 5803 644 5851 tv,
676 5787 759 5842 18.
840 5789 880 5819 ³¹
910 5787 1066 5842 Prov.
1098 5807 1182 5857 xv,
1217 5791 1301 5845 ‘27.

1564 5729 1607 5760 "
1637 5729 1807 5785 Exod.
1843 5746 2003 5797 xxx",
2032 5731 2090 5785 51

1917 4642 2080 4697 quem
2107 4627 2470 4687 continentia,
2499 4624 2780 4694 patientia,
2807 4640 2932 4696 spes
2974 4626 3030 4679 in
3052 4625 3245 4689 Deum,
3287 4625 3488 4694 imper-

1918 4719 2159 4774 turbatio
2197 4717 2285 4789 (ex
2314 4733 2420 4788 qua
2459 4717 2719 4786 cliaritas)
2771 4717 3010 4786 quadam
3041 4717 3097 4771 in
3141 4715 3304 4772 nobis
3344 4716 3486 4772 serie

1918 4811 2340 4883 progignuntur;
2367 4810 2526 4872 alter,
2551 4809 2654 4879 ipsi
2690 4810 3019 4879 conjunctus
3046 4808 3321 4874 charitati,
3346 4823 3488 4863 sem-

1919 4919 2016 4974 per
2040 4903 2279 4959 animum
2318 4901 2521 4971 pietate
2563 4915 2900 4970 componens
2948 4915 3010 4955 ac
3061 4901 3392 4965 reverentia,
3419 4896 3488 4956 ne

1919 5012 2017 5070 per
2039 4995 2322 5050 charitatis
2349 4993 2600 5048 ﬁduciam
2628 4993 2683 5046 in
2715 5003 3093 5062 contemptum
3120 4994 3215 5047 Dei
3241 4995 3449 5050 veniat.

1987 5087 2074 5142 82.
2116 5087 2356 5142 Primum
2381 5087 2631 5140 timorem
2685 5085 2832 5140 foras
2864 5085 3034 5140 mittit
3079 5084 3322 5155 perfecta
3356 5084 3491 5140 cha-

1921 5183 2055 5236 ritas
2088 5181 2152 5246 ³¹,
2179 5180 2407 5249 ejusque
2430 5179 2616 5233 animo
2662 5178 2833 5248 ejicit,
2853 5177 2948 5246 qui
2980 5177 3071 5232 illa
3106 5177 3370 5247 przeditus
3393 5177 3486 5239 sit,

1921 5290 1991 5329 ne
2019 5275 2125 5345 jam
2170 5272 2360 5325 timeat
2410 5257 2625 5340 poenam
2665 5288 2677 5323 :
2713 5271 2945 5324 alterum
2971 5285 3124 5332 vero,
3155 5270 3235 5324 uti
3280 5268 3489 5323 dictum

1922 5375 2027 5430 est,
2072 5380 2289 5434 semper
2327 5363 2906 5433 liabet-conjunctum.
2947 5361 3020 5416 Ac
3056 5361 3232 5432 priori
3265 5360 3487 5431 quidem

1927 5459 2106 5513 timori
2129 5456 2383 5527 quadrat,
2407 5455 2551 5524 quod
2582 5454 2656 5509 ita
2669 5454 2872 5510 dicitur
2899 5471 2912 5507 :
2939 5454 3142 5510 Timore
3158 5453 3369 5508 Domini
3396 5452 3483 5505 de-

1924 5548 2086 5602 clinat
2121 5548 2344 5600 omnis'a
2369 5544 2511 5598 malo
2543 5546 2607 5599 ³³.
2640 5544 2705 5598 Et
2738 5561 2751 5598 :
2793 5543 3013 5598 Initium
3038 5543 3309 5609 sapientia
3337 5544 3493 5597 timor

2233 5730 2278 5762 ”
2313 5731 2450 5785 Psal.
2499 5748 2676 5795 αττ-ιιι,
2726 5729 2841 5783 155.
2976 5733 3017 5763 ³ο
3063 5727 3249 5783 Matth.
3295 5743 3366 5792 ιι,
3407 5727 3493 5784 29.
