4208 6436
211 394 311 462 98ὶ

1098 402 1439 464 CAPITUM
1479 402 1578 465 DE
1614 403 2052 493 CHARITATE
2092 403 2481 467 CENTURIA
2521 408 2548 465 1

3377 405 3486 471 982

283 516 399 581 πη’.
438 510 607 565 Ὅταν
631 512 719 565 ἀεὶ
748 512 807 566 ἐν
838 511 917 583 τῷ
944 513 1127 584 καιρῷ
1155 515 1254 585 τῆς
1288 516 1598 586 προσευχῆς
1626 514 1792 587 μηδὲν

1970 513 2059 568 88.
2094 513 2233 570 Cum
2286 515 2431 570 inter
2456 515 2748 581 orandum,
2794 516 2944 570 nulla
2995 529 3236 585 unquam
3297 532 3482 573 rerum

210 603 322 656 τῶν
351 601 448 656 τοῦ
491 604 698 675 κόσμου
746 606 1035 677 νοημάτων
1076 607 1397 679 διενοχλήσῃ
1427 606 1504 678 τῷ
1542 607 1637 678 νῷ,
1666 606 1793 660 τότε

1912 607 2079 662 iaculi
2104 608 2343 677 cogitata
2384 608 2616 663 molesta
2646 608 2978 679 ingruerint,
3016 617 3151 663 tunc
3175 619 3333 663 extra
3378 609 3484 663 im-

214 693 450 760 γίνωσκε
484 696 681 750 σαυτὸν
711 696 786 769 μὴ
832 696 939 762 ἔξω
988 693 1131 752 εῖναι
1174 698 1284 753 τῶν
1315 700 1458 770 ὅρων
1505 699 1608 769 τῆς
1653 699 1796 752 ἀπα-

1912 696 2353 762 )ετιυώιιιίοιιίε,
2389 695 2670 765 animique
2712 696 3135 766 tranquillitatis
3167 696 3375 752 sedatis
3396 698 3479 750 al-

214 788 392 852 θείας.
1427 831 1431 836 .

288 878 398 931 πθ’.
436 879 605 933 Ὅταν
636 882 669 953 ἡ
698 881 847 952 ψυχὴ
876 880 1114 954 ἄρχηται
1140 882 1240 955 τῆς
1272 882 1408 946 ιδίας
1430 882 1617 951 ὑγείας
1639 884 1797 936 ἐπαι-

216 970 535 1038 σθάνεσθαι,
565 974 688 1027 τότε
723 976 818 1028 καὶ
849 974 949 1039 τάς
999 977 1056 1029 ἐν
1088 977 1203 1039 τοῖς
1246 973 1435 1038 ὕπνοις
1469 975 1796 1045 φαντασίας,

212 1061 383 1131 ψιλὰς
414 1066 511 1118 καὶ
534 1066 846 1137 ἀταράχους
875 1067 1102 1140 ἄρχεται
1135 1068 1375 1137 βλέπειν.

290 1154 365 1221 κ’.
400 1155 611 1227 Ὠσπερ
640 1158 732 1211 τὸν
760 1158 1019 1229 αἰσθητὸν
1044 1159 1324 1230 ὀφθαλμὸν
1347 1162 1379 1232 ἠ
1428 1159 1662 1231 καλλονή
1690 1160 1800 1214 τῶν

214 1247 467 1317 ὁρατῶνο
496 1247 640 1303 οῦτω
677 1250 888 1304 καὶτὸν
912 1251 1152 1324 καθαρὸν
1190 1251 1333 1320 νοῦν,
1378 1256 1412 1325 ή
1450 1252 1650 1322 γνῶσις
1690 1254 1801 1308 τῶν

215 1342 471 1410 ἀοράτων
499 1343 636 1413 πρὸς
668 1344 869 1416 ἑαυτὴν
902 1346 1226 1401 ἐπισπᾶται.
1266 1346 1505 1419 ’Λόρατα
1532 1346 1588 1399 δὲ
1631 1346 1797 1417 λέγω,

214 1431 287 1483 τὰ
314 1431 603 1503 ἀσώματα.

290 1616 402 1679 ιταο.
443 1613 603 1683 Μέγα
638 1615 736 1684 μὲν
762 1616 823 1670 τὸ
849 1616 988 1689 πρὸς
1019 1618 1089 1673 τά
1123 1619 1425 1690 πράγματα
1449 1621 1524 1692 μὴ
1548 1621 1800 1693 πάσχεινο

218 1706 409 1777 μεῖζον
456 1708 512 1760 δὲ
570 1708 776 1780 πολλῷ,
821 1711 883 1764 τὸ
938 1711 1076 1782 πρὸς
1135 1714 1235 1775 τάς
1277 1713 1580 1783 φαντασίας
1625 1716 1804 1770 αὐτῶν

214 1797 405 1869 ἀπαθῆ
443 1800 736 1870 διαμεῖναι.
782 1803 927 1855 Διότι
974 1805 1003 1857 ὁ
1046 1803 1136 1858 διὰ
1183 1804 1291 1857 τῶν
1341 1804 1617 1877 λογισμῶν
1668 1811 1804 1878 πρὸς

214 1890 370 1959 ἡμᾶς
402 1891 510 1943 τῶν
543 1892 816 1962 δαιμόνων
852 1894 1086 1965 πόλεμος
1109 1935 1124 1959 ,
1156 1897 1250 1950 τοῦ
1283 1897 1369 1950 διά
1402 1897 1511 1951 τῶν
1546 1899 1805 1969 πραγμά-

212 2000 328 2035 των
359 1983 487 2037 πολέ
498 2001 599 2053 μου
629 1986 747 2038 ἐστὶ
774 1986 1177 2060 χαλεπώτερος.

288 2075 397 2144 1,,βῖ
457 2074 519 2131 Ὀ
560 2078 660 2141 τὰς
708 2079 913 2151 ἀρετὰς
967 2080 1342 2152 κατορθώσας,
1374 2083 1472 2137 καὶ
1514 2087 1579 2156 τῇ
1606 2084 1806 2153 γνώσει

213 2168 551 2241 πλουτήσας,
574 2171 651 2235 ὡς
678 2173 925 2242 φυσικῶς
950 2174 1137 2229 λοιπὸν
1160 2176 1230 2229 τὰ
1260 2177 1564 2249 πράγματα
1589 2178 1804 2249 διορῶν,

214 2261 399 2315 πάντα
432 2262 577 2317 κατά
604 2264 696 2318 τὸν
730 2264 890 2337 ὀρθὸν
920 2266 1080 2335 λόγον
1118 2268 1213 2320 καὶ
1240 2269 1474 2339 πράττει
1506 2270 1599 2323 καὶ
1632 2270 1809 2325 διαλέ-

213 2372 399 2421 γεται,
430 2356 491 2408 τὸ
526 2356 745 2411 σύνολον
780 2358 854 2429 μὴ
888 2359 1396 2431 παρατρεπόμενος.
1442 2361 1536 2415 Ἐκ
1574 2360 1684 2434 γάρ
1710 2361 1806 2417 τοῦ

214 2450 460 2518 εὐλόγως
494 2452 528 2523 ἢ
572 2453 904 2524 παραλόγως
936 2456 1051 2518 τοῖς
1081 2454 1373 2527 πράγμασι
1409 2456 1739 2527 χρήσασθαι,
1771 2458 1804 2529 ἢ

214 2545 531 2617 ἐνάρετοιῆ
574 2546 770 2615 φαῦλοι
811 2546 1101 2619 γινόμεθα.

292 2642 402 2706 ιιγι.
432 2638 665 2709 Σημεῖόν
684 2639 862 2711 ἄκρας
887 2640 1180 2709 ἀπαθείας,
1210 2641 1271 2694 τὸ
1301 2640 1433 2711 ψιλά
1456 2641 1523 2695 τά
1557 2642 1807 2712 νοήματα

214 2728 329 2781 τῶν
357 2730 700 2801 πραγμάτων
732 2730 819 2784 ἀεὶ
848 2731 1164 2786 ἀναϐαίνειν
1193 2733 1286 2787 ἐπὶ
1306 2732 1406 2802 τὴν
1436 2733 1688 2801 καρδίαν,
1714 2733 1810 2789 καὶ

217 2822 590 2892 ἐγρηγορότας
619 2820 713 2875 τοῦ
744 2821 1018 2893 σώματος,
1049 2824 1144 2877 καὶ
1174 2823 1319 2877 κατά
1352 2825 1479 2887 τοὺς
1514 2823 1735 2889 ὕπνους.

292 2998 396 3066 ιβ.
441 3000 539 3054 Διά
584 3001 683 3070 μὲν
722 3000 822 3070 τῆς
847 3001 1112 3071 ἐργασίας
1140 3000 1249 3054 τῶν
1278 3001 1526 3067 ἐντολῶν,
1553 3001 1622 3055 τά
1659 3002 1807 3073 πάοη

215 3092 247 3142 ὁ
280 3090 406 3154 νοῦς
435 3091 749 3145 ἀποδύεταιο
781 3091 870 3146 διὰ
897 3093 953 3146 δὲ
981 3096 1081 3164 τῆς
1123 3094 1231 3146 τῶν
1268 3093 1480 3165 ὁρατῶν
1506 3111 1801 3164 πνευματι-

1897 785 2136 841 fectibus
2159 788 2316 852 ﬁnes,
2350 787 2496 842 haud
2522 796 2572 841 te
2599 786 2960 842 constitutum
2983 803 3103 843 esse
3128 787 3370 843 noveris.

1969 877 2057 934 89.
2100 879 2205 936 Ubi
2239 880 2458 936 animus
2488 896 2602 936 sua:
2648 879 2904 935 sanitatis
2934 895 3155 935 sensum
3187 882 3479 951 percipere

1900 973 2151 1044 coeperit,
2198 983 2331 1030 tunc
2379 987 2436 1029 et
2464 991 2586 1045 quae
2637 978 2695 1031 in
2736 976 2947 1032 somnis
2982 976 3100 1031 visa
3132 978 3290 1044 ﬁunt,
3336 978 3484 1033 unda

1902 1066 2151 1137 citraque
2178 1068 2655 1137 perturbationem
2683 1070 2876 1125 videre
2908 1070 3125 1141 incipit.

1972 1157 2061 1213 90.
2100 1158 2579 1225 Quemadmodum
2630 1177 2815 1216 rerum
2843 1165 3143 1219 visibilium
3179 1165 3488 1235 pulchritu-

1903 1249 1996 1313 do,
2026 1251 2247 1306 oculum
2281 1252 2539 1307 sensibus
2567 1252 2845 1324 obiectum
2871 1270 2886 1320 ;
2919 1246 2998 1309 si'c
3021 1267 3291 1326 etpuram
3326 1274 3486 1312 men-

1904 1353 2014 1398 tem
2063 1343 2129 1397 ad
2174 1360 2233 1399 se
2287 1345 2461 1399 allicit
2532 1346 2775 1416 cognitio
2842 1361 3033 1401 rerum
3101 1349 3483 1406 invisibilium.

1901 1432 2064 1505 m7
2091 1435 2394 1491 lnvisibilia
2446 1445 2631 1492 autem
2674 1452 2834 1501 voco,
2880 1436 3125 1509 Spiritus
3158 1441 3373 1496 scilicet
3424 1458 3489 1496 ac

1903 1526 1999 1596 qui
2032 1528 2344 1598 incorporei
2371 1538 2522 1587 sunt.

1975 1618 2065 1674 9i.
2084 1619 2337 1691 Magnum
2361 1621 2585 1692 quidem
2605 1638 2789 1677 rerum
2806 1621 3034 1679 libidine
3052 1623 3276 1678 minime
3305 1622 3445 1679 afﬁci
3473 1642 3485 1678 :

1906 1719 1962 1765 at
1994 1711 2157 1783 longe
2180 1714 2379 1784 majus,
2403 1714 2484 1768 sic
2510 1730 2896 1784 perseverare,
2934 1722 2997 1770 ut
3022 1731 3092 1770 ne
3130 1732 3324 1771 earum
3361 1717 3484 1788 qui-

1906 1803 2032 1859 dem
2072 1805 2503 1875 cogitationibus
2530 1806 2803 1861 aﬁiciaris.
2836 1806 3049 1878 Quippe
3076 1809 3298 1879 gravius
3340 1809 3487 1879 quod

1909 1911 2008 1965 per
2053 1912 2147 1952 eas
2189 1897 2490 1964 daemones,
2528 1915 2693 1969 quam
2714 1899 2860 1970 quod
2885 1916 2983 1971 per
3011 1916 3100 1956 res
3126 1902 3291 1973 ipsas,
3316 1902 3369 1957 in
3388 1917 3489 1958 nos

1909 1987 2114 2041 bellum
2136 1987 2437 2044 instruunt.

1978 2080 2067 2135 92.
2096 2081 2200 2147 Qui
2229 2082 2340 2152 jam
2360 2082 2597 2137 virtutes
2644 2082 2898 2152 adeptus,
2925 2098 2992 2137 ac
3015 2082 3243 2138 scientia
3283 2084 3491 2154 politus

1908 2179 2014 2234 est,
2040 2178 2101 2224 ut
2139 2171 2232 2240 qui
2276 2171 2541 2241 deinceps
2577 2188 2666 2227 res
2700 2173 2957 2243 dispiciat
2994 2174 3075 2228 uti
3122 2183 3318 2229 natura
3343 2190 3492 2229 com-

1909 2269 2164 2331 paratum
2189 2271 2297 2327 est,
2346 2270 2547 2317 cuncta
2582 2271 2735 2318 recta
2776 2263 2993 2318 ratione
3052 2272 3166 2319 tum
3203 2265 3334 2335 agit,
3375 2275 3489 2319 tum

1910 2352 2180 2422 loquitur,
2213 2353 2369 2408 nullo
2396 2368 2626 2423 prorsus
2663 2354 2716 2408 in
2749 2355 2936 2425 aliquo
2965 2370 3162 2410 errore
3199 2355 3488 2412 abductus.

1910 2444 1988 2498 Ex
2024 2460 2092 2499 eo
2127 2445 2279 2499 enim
2311 2445 2457 2515 quod
2497 2454 2647 2499 recte
2699 2461 2766 2500 ex
2819 2445 3031 2501 ratione
3079 2462 3144 2501 ac
3182 2448 3492 2503 inconsulte

1909 2535 2078 2591 rebus
2109 2544 2356 2601 utamur,
2385 2544 2481 2590 aut
2509 2536 2745 2591 studiosi
2778 2538 3019 2592 autmali
3056 2537 3347 2594 ellicimur.

1980 2627 2068 2683 95.
2091 2626 2329 2681 Summa:
2356 2627 2873 2697 imperturbationis
2901 2630 3185 2701 animique
3206 2630 3494 2686 aﬁ'ectibus

1910 2720 2072 2775 vacui
2103 2720 2368 2774 indicium
2395 2730 2501 2784 est,
2520 2720 2667 2790 quod
2688 2721 2848 2777 nuda:
2877 2738 3096 2794 semper
3125 2738 3189 2779 ac
3214 2725 3494 2795 simplices

1912 2823 2099 2862 rerum
2154 2809 2411 2864 notiones
2459 2824 2732 2880 sensuque
2768 2810 2826 2865 in
2875 2828 2974 2867 cor
3023 2813 3344 2878 ascendant,
3379 2816 3494 2871 sive
3566 2830 3568 2832 '

1912 2900 2040 2955 dum
2073 2916 2276 2970 corpus
2302 2901 2511 2971 vigilat,
2539 2902 2655 2958 sive
2681 2903 2812 2957 dum
2839 2920 3005 2974 sopor
3036 2915 3207 2961 tenet.

1981 2992 2069 3047 94.
2104 2993 2424 3049 Ρνιεεῑωιάο
2449 2994 2725 3054 mandata,
2752 2996 2971 3051 animus
2992 2997 3253 3053 libidines
3274 3013 3343 3053 ac
3363 2998 3496 3053 vitia

1911 3089 2104 3145 exuit:
2148 3105 2332 3144 rerum
2387 3106 2519 3145 vero
2552 3090 2607 3144 in
2631 3102 2915 3161 aspectum
2949 3093 3264 3148 cadentium
3301 3110 3498 3164 specu-

218 3183 329 3253 κῆς
358 3183 614 3255 Θεωρίας,
650 3184 720 3237 τά
762 3184 989 3255 ἐμπαθῆ
1021 3186 1131 3238 τῶν
1170 3185 1513 3255 πραγμάτων
1536 3187 1801 3255 νοήματα.

1912 3182 2142 3245 latione,
2166 3183 2492 3239 libidinosas
2532 3193 2697 3253 atquc
2724 3185 2861 3240 vitio
2890 3186 3164 3241 haerentes
3189 3203 3373 3243 rerum
3399 3202 3487 3241 eo-

216 3274 322 3328 Διά
374 3275 431 3327 δὲ
488 3277 589 3345 τῆς
632 3276 741 3331 τῶν
784 3277 1031 3347 ἀοράτων
1062 3277 1311 3346 γνώσεως
1364 3277 1497 3348 (15),
1558 3278 1654 3349 τὴν
1700 3278 1808 3332 τῶν

214 3362 437 3434 ὁρατῶν
471 3362 723 3434 Θεωρίαν·
770 3364 974 3436 ταύτην
1006 3365 1084 3431 δέ,
1143 3366 1229 3420 διά
1276 3369 1375 3437 τῆς
1427 3366 1681 3435 γνώσεως
1710 3368 1808 3437 τῆς

216 3454 388 3523 ἁγίας
421 3455 672 3527 Τριάδος.

290 3552 398 3616 ty.
434 3549 645 3616 ’Ὠσπερ
680 3551 709 3602 ὁ
757 3549 909 3619 ἥλιος
958 3549 1267 3603 ἀνατέλλων
1320 3549 1412 3603 καὶ
1460 3550 1551 3603 τὸν
1607 3549 1809 3619 κόσμον

218 3640 498 3709 φωτίζων,
530 3640 771 3694 δείκνυσί
803 3658 860 3694 τε
896 3642 1088 3695 ἐαυτὸν
1114 3643 1208 3695 καὶ
1235 3643 1305 3695 τὰ
1336 3642 1609 3696 ὑπἀὐτοῦ
1644 3662 1810 3712 φωτι-

217 3733 427 3805 ζόμενα
459 3732 941 3803 πράγματαόῦτω
965 3733 1102 3787 καὶὸ
1119 3733 1218 3803 τῆς
1247 3733 1595 3806 δικαιοσύνης
1623 3737 1810 3799 Ἤλιος

214 3825 301 3897 τῷ
331 3824 559 3897 καθαρῷ
599 3824 675 3895 νῷ
716 3824 1044 3886 ἀνατέλλων,
1071 3826 1166 3878 καὶ
1204 3825 1393 3879 ἑαυτὸν
1425 3825 1685 3891 δείκνυσι,
1716 3828 1811 3880 καὶ

217 3918 444 3972 πάντων
472 3917 581 3971 τῶν
616 3917 705 3970 ὑπ’
752 3916 917 3970 αὑτοῦ
949 3917 1250 3986 γεγονότων
1294 3916 1389 3971 καὶ
1430 3917 1811 3989 γενησομένων

216 4012 351 4074 τοὺς
372 4010 585 4079 λόγους.

291 4108 411 4171 ιιςν.
444 4105 562 4157 Οὐκ
599 4104 664 4157 ἐκ
694 4102 796 4173 τῆς
819 4102 1009 4166 οὐσίας
1046 4102 1212 4157 αὐτοῦ
1252 4103 1344 4156 τὸν
1387 4102 1519 4157 Θεὸν
1547 4102 1811 4172 γινώσκο-

220 4215 351 4268 μεν,
385 4196 502 4250 ἀλλ’
531 4198 597 4249 ἐκ
634 4195 732 4265 τῆς
767 4195 1171 4265 μεγαλουργίας
1201 4193 1367 4247 αὐτοῦ
1422 4195 1519 4248 καὶ
1552 4196 1812 4266 προνοίας

216 4289 333 4343 τῶν
363 4288 551 4342 ὄντων.
611 4286 710 4341 Διά
755 4287 960 4340 τούτων
1007 4288 1115 4358 γάρ
1152 4286 1227 4350 ὡς
1257 4287 1326 4339 δι’
1354 4287 1658 4358 ἐσόπτρων,
1704 4287 1808 4358 τὴν

215 4380 454 4449 ἄπειρον
500 4376 812 4447 ἀγαθότητα
860 4378 955 4430 καὶ
1001 4376 1195 4445 σοφίαν
1230 4378 1324 4430 καὶ
1375 4375 1605 4447 δύναμιν
1641 4395 1810 4431 κατα-

220 4486 350 4524 νοου
355 4485 477 4541 μεν.

1912 3275 2232 3346 gilationes;
2263 3290 2447 3328 rerum
2481 3284 2665 3329 autem
2703 3276 3064 3331 invisibilium
3094 3278 3343 3343 scientia,
3369 3279 3484 3334 visi-

1912 3368 2107 3421 bilium
2136 3367 2572 3436 speculationem
2601 3385 2614 3421 :
2646 3367 2790 3423 hanc
2809 3368 3050 3439 denique
3098 3370 3499 3426 sanctae'l‘rini-

1912 3460 2042 3515 tatis
2070 3460 2302 3514 scientia
2339 3460 2550 3528 abjicit.

1982 3554 2071 3608 95.
2111 3552 2588 3619 Quemadmodum
2619 3554 2699 3609 sol
2732 3554 2920 3609 oriens
2947 3571 3012 3609 ac
3061 3555 3329 3610 mundum
3370 3556 3498 3610 illu-

1912 3646 2153 3708 minans,
2210 3654 2326 3699 tum
2374 3646 2493 3713 ipse
2554 3660 2633 3711 se,
2691 3655 2804 3700 tum
2834 3661 2957 3714 qua:
2993 3646 3141 3700 illius
3193 3646 3501 3717 fulgoribus

1912 3737 2333 3798 collustrantur,
2376 3733 2565 3803 prodit
2600 3750 2614 3787 :
2658 3733 2738 3788 sic
2790 3743 2847 3788 et
2878 3733 3108 3803 justitiaa
3153 3732 3244 3788 Sol
3281 3733 3501 3789 mundae

1918 3828 2089 3883 menti
2132 3826 2414 3889 exoriens,
2453 3835 2567 3880 tum
2605 3826 2882 3896 seipsum,
2933 3836 3046 3880 tum
3094 3826 3215 3896 ipso
3270 3835 3498 3881 auctore

1915 3919 2266 3975 conditorum
2300 3916 2547 3972 omnium
2574 3930 2638 3970 ac
2665 3916 3077 3972 condendorum
3122 3917 3367 3972 rationes
3405 3932 3497 3972 os-

1918 4011 2117 4066 tendit.

1986 4099 2077 4154 96.
2116 4098 2236 4154 Non
2276 4114 2344 4153 ex
2387 4098 2701 4153 substantia
2735 4114 2833 4153 sua
2868 4098 3040 4153 Deum
3091 4100 3495 4170 cognoscimus,
3550 4164 3555 4167 _

1916 4191 2012 4245 sed
2048 4206 2114 4245 ex
2160 4189 2460 4245 creationis
2503 4189 2911 4261 magniﬁcentia
2964 4207 3263 4261 rerumque
3316 4194 3502 4262 provi-

1918 4284 2128 4339 dentia.
2157 4284 2263 4338 Per
2297 4284 2413 4337 haec
2442 4283 2590 4337 enim
2647 4292 2707 4338 ut
2754 4299 2852 4353 per
2906 4284 3128 4353 specula
3157 4325 3170 4348 ,
3218 4268 3497 4340 inﬁnitam

1924 4376 2290 4446 intelligimus
2333 4375 2639 4430 bonitatem
2693 4385 2748 4431 et
2802 4376 3131 4446 sapientiam
3186 4385 3243 4431 et
3300 4388 3499 4447 poten-

1922 4468 2074 4521 tiam.

296 4562 402 4631 ιιζν.
444 4563 507 4615 '0
536 4561 778 4634 καθαρὸς
806 4560 955 4627 νοῦς,
998 4560 1032 4633 ἢ
1084 4562 1142 4615 ἐν
1186 4564 1299 4625 τοῖς
1344 4562 1521 4633 ψιλοῖς
1576 4563 1806 4634 νοήμασι

1988 4562 2076 4615 97.
2118 4560 2320 4614 Munda
2360 4575 2540 4625 mens,
2594 4559 2771 4614 autin
2824 4559 2990 4613 nudis
3015 4558 3383 4615 humanarum
3410 4575 3499 4616 re—

217 4656 334 4710 τῶν
364 4655 723 4728 ἀνθρωπίνων
754 4656 1097 4727 πραγμάτων
1154 4655 1490 4727 εὑρίσκεται,
1544 4656 1576 4726 ἢ
1632 4660 1692 4711 ἐν
1738 4660 1802 4729 τῇ

214 4747 333 4803 τῶν
358 4746 573 4818 ὁρατῶν
607 4750 814 4819 φυσικῇ
851 4748 1076 4819 θεωρίᾳ,
1120 4748 1153 4819 ἢ
1188 4751 1247 4801 ἐν
1290 4751 1357 4819 τῇ
1390 4747 1498 4802 τῶν
1536 4749 1807 4821 ἀοράτων·

216 4841 256 4905 ἢ
290 4843 348 4894 ἐν
373 4839 450 4911 τῷ
478 4839 619 4909 φωτὶ
662 4840 763 4912 τῆς
802 4840 965 4909 ἀγίας
995 4840 1244 4911 Τριάδος.

297 5021 409 5089 ιιην.
426 5018 514 5069 Ἑν
537 5019 605 5088 τῇ
628 5016 737 5071 τῶν
766 5015 978 5088 ὁρατῶν
1009 5014 1214 5087 θεωρίᾳ
1238 5015 1581 5086 γενόμενοςῤ
1611 5013 1756 5081 νοῦς,
1778 5016 1811 5089 ἢ

216 5111 354 5175 τοὺς
375 5110 640 5179 φυσικοὺς
686 5107 867 5163 αὐτῶν
913 5108 1105 5176 λόγους
1138 5108 1415 5179 ἐρευνᾷ,ἢ
1450 5109 1576 5171 τοὺς
1616 5107 1682 5163 δι’
1717 5108 1815 5161 αὐ-

218 5202 337 5257 τῶν
365 5201 819 5274 σημαινομένους,
850 5200 883 5272 ἢ
920 5201 1093 5272 αὐτὴν
1119 5202 1217 5273 τὴν
1254 5201 1436 5255 αἰτίαν
1464 5201 1635 5272 ζητεῖ.

298 5392 405 5462 ιιθι.
458 5392 549 5448 Ἔν
593 5392 652 5446 δὲ
691 5394 758 5463 τῇ
790 5391 901 5445 τῶν
950 5390 1199 5463 ἀοράτων
1237 5390 1552 5462 διατρίϐων,
1593 5390 1718 5454 τούς
1749 5408 1811 5444 τε

223 5487 496 5558 φυσικοὺς
545 5485 729 5539 αὐτῶν
773 5484 966 5554 λόγους
1009 5484 1185 5554 ζητεῖ,
1238 5483 1331 5537 καὶ
1361 5484 1459 5556 τὴν
1505 5484 1685 5537 αἰτίαν
1712 5484 1812 5555 τῆς

221 5582 498 5652 γενέσεως
540 5578 744 5645 αὐτῶν,
796 5577 890 5631 καὶ
932 5577 1000 5630 τά
1032 5577 1243 5640 τούτοις
1273 5576 1560 5631 ἀκόλουθα.
1594 5578 1703 5631 Καί
1730 5578 1813 5642 τίς

225 5672 262 5740 ὴ
303 5670 436 5742 περὶ
477 5668 676 5733 αὐτοὺς
708 5668 935 5740 πρόνοια
974 5667 1069 5722 καὶ.
1114 5667 1315 5738 κρίσις.

298 5850 371 5915 ρ’.
416 5843 504 5896 Ἐν
550 5843 607 5896 δὲ
638 5842 756 5915 Θεῷ
783 5844 1072 5915 γεννῑμενος
1098 5886 1111 5909 ,
1160 5846 1285 5909 τοὺς
1323 5846 1449 5918 περὶ
1490 5848 1587 5919 τῆς
1627 5849 1814 5916 οὐσίας

1920 4670 2042 4709 rum
2079 4653 2515 4725 cogitationibus
2559 4668 2625 4707 ac
2682 4653 3064 4722 conceptibus,
3100 4662 3197 4707 aut
3233 4653 3289 4707 in
3333 4663 3499 4708 natu-

1921 4746 2022 4800 rali
2051 4760 2237 4799 rerum
2270 4745 2575 4799 visibilium
2607 4751 2705 4798 aut
2746 4743 3106 4799 invisibilium
3155 4744 3499 4814 contempla-

1920 4839 2106 4903 tione;
2145 4844 2242 4890 aut
2268 4836 2508 4907 denique
2536 4836 2589 4889 in
2625 4842 2828 4890 sancta:
2881 4834 3171 4891 Trinitatis
3206 4834 3330 4889 luce
3374 4849 3501 4888 ver-

1919 4940 2095 4987 satur.

1992 5024 2169 5080 98.ln
2202 5037 2390 5078 rerum
2447 5018 2626 5077 oculis
2688 5021 3064 5090 subjectarum
3120 5018 3497 5091 speculatione

1918 5131 2150 5171 versans
2204 5114 2465 5179 animus,
2525 5122 2621 5167 aut
2664 5112 2943 5166 naturales
3002 5125 3193 5165 earum
3254 5110 3501 5163 rationes

1918 5214 2218 5270 scrutatur,
2250 5214 2345 5260 aut
2366 5221 2489 5276 quae
2524 5220 2622 5275 per
2649 5220 2743 5260 eas
2767 5203 3168 5273 signiﬁcantur,
3196 5212 3293 5257 aut
3318 5202 3497 5271 ipsum

1916 5316 2103 5357 earum
2133 5306 2420 5354 auctorem
2465 5298 2716 5352 rimatur.

1991 5393 2079 5449 99.
2121 5392 2323 5447 Earum
2376 5405 2509 5445 vero
2553 5405 2674 5460 qua:
2725 5390 3011 5444 oculorum
3064 5387 3244 5442 aciem
3285 5385 3501 5456 fugiunt

1922 5482 2387 5552 contemplatione
2424 5480 2656 5545 deﬁxus,
2689 5480 3230 5549 naturalesipsarum
3260 5476 3503 5546 exquirit

1916 5580 2178 5639 rationes,
2241 5589 2457 5629 necnon
2520 5572 2925 5642 procreationis
2975 5583 3218 5633 causam,
3279 5575 3337 5621 et
3376 5582 3500 5636 qua:

1916 5671 2081 5745 ωε
2108 5669 2196 5722 liis
2223 5673 2587 5721 consectanea
2615 5672 2767 5718 sunt.
2797 5662 3057 5729 Quaenam
3096 5659 3340 5728 denique
3367 5671 3495 5728 erga

1918 5764 2144 5835 spiritus
2165 5757 2509 5829 providentia
2542 5774 2604 5812 ac
2633 5757 2901 5827 judicium
2927 5754 3020 5807 sit.

1996 5850 2112 5904 NO.
2146 5850 2207 5903 At
2248 5848 2336 5901 ubi
2364 5846 2427 5899 ad
2472 5848 2639 5901 Deum
2682 5845 2937 5905 evaserit,
2984 5842 3224 5913 primum
3271 5838 3493 5910 quidem
