4208 6436
281 402 388 465 935

1140 393 1487 457 CM’ITUM
1526 398 1622 457 DE
1659 397 2089 457 CiIAlilTA'l‘E
2126 399 2508 458 CENTUlllA
2560 398 2639 459 ll.

3408 401 3517 466 986

274 515 472 567 τούτου
516 512 821 582 συμϐαίνει,
853 512 915 562 τι,
952 510 1384 580 ἀπερισπάστως
1432 507 1843 581 προσεύχεσθαι.

1953 510 2277 579 expediant;
2322 511 2469 565 unde
2518 511 2597 565 illi
2643 507 2938 578 contingit,
2976 515 3040 561 ut
3078 508 3220 562 nihil
3258 522 3390 580 vaga
3426 521 3519 566 aut

352 696 415 743 ε’.
452 690 567 743 Οὐκ
613 688 774 758 ἀρκεῖ
818 684 1097 755 πρακτικὴ
1149 684 1369 755 μέθοδος
1403 684 1480 753 (η)
1513 684 1648 754 πρὸς
1682 684 1743 737 τὸ
1770 701 1854 736 τε·

277 782 442 845 λείως
477 781 566 835 τὸν
620 779 744 833 νοῦν
793 778 985 833 παθῶν
1036 777 1469 847 ἐλευθερωθῆναι
1514 776 1651 845 (15),
1708 776 1849 829 ὥστε

278 875 579 945 δυνηθῆναι
608 874 771 927 αὑτὸν
789 872 1215 942 ἀπερισπάστως
1244 868 1663 939 προσεύχεσθαι,
1691 869 1741 919 εί
1777 868 1853 937 μὴ

280 969 380 1019 καὶ
411 967 656 1038 διάφοροι
683 965 846 1019 αὑτὸν
866 964 1196 1028 διαδέξονται
1217 961 1577 1032 πνευματικαὶ
1605 960 1849 1029 θεωρίαι.

291 1056 359 1109 Ἦ
399 1056 495 1126 μὲν
544 1058 675 1127 γὰρ,
718 1056 991 1126 ἀκρασίας
1040 1056 1134 1108 καὶ
1190 1054 1381 1123 μίσους
1424 1053 1582 1123 μόνον
1606 1052 1699 1104 τὸν
1728 1052 1854 1105 νοῦν

279 1147 576 1212 ἐλευθεροῦ
609 1150 664 1201 αί
693 1147 770 1209 δὲ,
805 1149 897 1201 καὶ
920 1147 1091 1216 λήθης
1120 1146 1214 1199 καὶ
1245 1145 1466 1212 ἀγνοίας
1487 1142 1649 1197 αὐτὸν
1675 1143 1851 1197 ἀπαλ-

278 1239 555 1293 λάττουσι“
590 1239 683 1291 καὶ
709 1237 851 1292 οὕτω
893 1239 1178 1307 δυνήσεται
1216 1237 1290 1301 ὡς
1321 1237 1403 1288 δεῖ
1430 1234 1853 1307 προσεύξασθαι.

350 1422 426 1481 ς’.
462 1416 576 1485 Τῆς
624 1416 870 1488 καθαρᾶς
905 1415 1213 1488 προσευχῆς
1242 1416 1335 1469 δύο
1379 1415 1518 1468 είσὶν
1559 1414 1854 1483 άκρόταται

280 1507 661 1570 καταστάσεις·
695 1510 729 1576 ή
775 1508 892 1578 μὲν,
955 1510 1067 1570 τοῖς
1122 1508 1445 1577 πρακτικοῖς
1471 1524 1487 1539 ο
1536 1507 1571 1576 ἡ
1623 1506 1705 1568 δὲ,
1739 1508 1854 1569 τοῖς

278 1600 635 1668 θεωρητικοῖς
677 1599 1164 1669 ἐπιωμὸαίνουσα.
1210 1600 1321 1652 Καὶ⁵
1351 1600 1385 1668 ή
1428 1598 1548 1668 μὲν,
1582 1598 1648 1650 ἐκ
1680 1598 1849 1666 φόϐου

278 1688 417 1741 θεοῦ
448 1690 540 1742 καί
582 1689 795 1752 ἐλπίδος
838 1689 1052 1758 ἀγαθῆς
1098 1692 1165 1761 τῇ
1208 1691 1354 1760 ψυχῇ
1381 1689 1675 1757 ἐγγίνεταιο
1703 1691 1738 1759 ἡ
1770 1688 1850 1756 δὲ,

280 1782 392 1833 ἀπὸ
411 1780 556 1833 θείου
587 1781 789 1852 ἔρωτος
838 1783 934 1834 καλ⁵
987 1783 1299 1853 ἀκροτάτης
1337 1781 1675 1852 καθάρσεως.
1704 1780 1852 1834 Γνωο

1950 603 2376 671 cogitationibus
2396 602 2659 656 distracta
2677 600 2913 655 orationi
2935 599 3241 654 incumbat.

2017 691 2182 763 5.09
2211 694 2263 747 5.
2323 693 2442 746 Νοη
2481 689 2681 745 suﬂicit
2743 689 2984 744 colendae
3030 688 3266 743 actionis
3325 692 3413 743 via
3458 704 3522 744 ac

1950 783 2111 845 ratio,
2136 782 2204 835 ad
2226 783 2469 836 animum
2485 782 2555 835 ab
2576 779 2866 835 aﬂ'ectibus
2882 779 3125 849 perfecte
3142 778 3516 844 liberandum,

1951 881 2015 927 ut
2044 872 2364 927 indistracte
2388 887 2452 926 ac
2478 881 2661 926 mente
2718 886 2829 924 non
2883 884 3017 939 vaga
3053 884 3247 923 vacare
3280 869 3518 923 orationi

1952 963 2155 1033 possit;
2182 962 2283 1016 nisi
2301 962 2467 1016 etiam
2488 961 2718 1015 diversa:
2731 959 3223 1029 contemplationes
3247 959 3522 1028 spiritales

1952 1056 2303 1110 accesserint.
2340 1054 2477 1108 Nam
2513 1054 2657 1108 actio
2712 1053 2937 1122 quidem
3002 1051 3071 1105 ab
3119 1051 3521 1105 incontinentia

1951 1156 2115 1215 atque
2138 1147 2266 1200 odio
2298 1153 2541 1199 mentem
2568 1144 2794 1211 liberat;
2830 1142 3322 1211 contemplationes
3362 1156 3515 1205 vero,

1950 1234 2021 1288 ab
2052 1234 2328 1288 oblivione
2356 1242 2412 1287 et
2445 1232 2752 1302 ignorantia
2783 1249 2797 1285 :
2845 1249 2873 1287 a
2897 1233 3103 1303 quibus
3130 1230 3420 1302 expeditus
3453 1246 3521 1286 ac

1950 1326 2111 1384 liber,
2133 1340 2232 1393 pro
2251 1340 2320 1378 eo
2338 1339 2404 1378 ac
2426 1323 2585 1377 decet
2618 1323 2819 1392 poterit
2848 1337 3027 1375 orare.

2022 1415 2075 1472 6.
2109 1415 2325 1470 Munda:
2376 1414 2646 1471 orationis
2674 1414 2786 1467 duo
2830 1420 2958 1467 sunt
2994 1412 3237 1482 supremi
3261 1447 3269 1454 -
3294 1420 3470 1466 status
3502 1428 3513 1460 :

1950 1521 2185 1577 quorum
2214 1506 2351 1560 alter
2371 1504 2685 1559 colentibus
2713 1502 2985 1557 actionem
3030 1500 3320 1563 convenit;
3355 1498 3515 1559 alter,

1950 1598 2038 1652 bis
2062 1597 2157 1667 qui
2184 1595 2637 1666 contemplationi
2667 1593 2911 1649 student.
2961 1592 3040 1647 Ac
3086 1592 3238 1661 prior
3268 1590 3514 1661 quidem,

1949 1707 2017 1745 ex
2042 1690 2137 1744 Dei
2167 1690 2361 1743 timore
2392 1688 2601 1743 acbona
2623 1701 2741 1756 spe,
2766 1684 2953 1739 animo
2984 1682 3231 1748 accedit;
3282 1682 3517 1737 alterum

1951 1797 2105 1846 vero,
2129 1781 2224 1836 Dei
2248 1795 2403 1835 amor
2430 1793 2751 1847 summaque
2773 1775 3074 1832 mundities
3097 1774 3261 1845 parit.
3312 1773 3518 1828 Prioris

284 1876 528 1943 ρὶσματα
556 1874 611 1926 δὲ
642 1874 736 1928 τοῦ
767 1876 865 1944 μὲν
902 1874 1119 1945 πρώτου
1171 1873 1393 1945 μέτρου,
1419 1874 1481 1927 τὸ
1508 1875 1569 1926 ἐν
1606 1874 1687 1944 τῷ
1724 1891 1843 1927 συν-

1955 1873 2100 1928 modi
2134 1872 2338 1927 indicia
2364 1878 2514 1934 sunt,
2551 1870 2784 1925 collecta
2810 1876 2993 1924 mente
3020 1883 3052 1922 a
3076 1865 3370 1921 mundanis
3396 1880 3517 1919 om-

279 1970 511 2035 αγαγεῖν
544 1968 637 2019 τὸν
690 1966 818 2020 νοῦν
865 1969 929 2021 ἐκ
974 1966 1193 2020 πάντων
1221 1967 1330 2020 τῶν
1366 1966 1459 2020 τοῦ
1489 1967 1695 2037 κόσμου
1729 1985 1855 2037 νοη-

283 2058 492 2125 μάτων,
524 2058 618 2110 καὶ
647 2057 723 2120 ὡς
758 2057 906 2127 αὐτῷ
938 2056 1106 2110 αὐτοῦ
1143 2058 1541 2127 περισταμένου
1565 2059 1660 2111 τοῦ
1691 2058 1850 2126 Θεοῦ,

277 2148 469 2218 ὥσπερ
506 2149 599 2201 καὶ
625 2148 897 2219 παρέστη,
937 2147 1210 2203 ποιεῖσθαι
1234 2148 1333 2211 τὰς
1366 2148 1678 2221 προσευχὰς
1712 2149 1850 2202 ἀπε-

281 2242 597 2309 ρισπάστως
626 2242 721 2295 καὶ
750 2241 1139 2312 ἀνενοχλήτως·
1172 2241 1265 2293 τοῦ
1300 2241 1358 2294 δέ
1401 2241 1678 2312 δευτέρου,
1704 2241 1768 2294 τδ
1794 2243 1853 2295 ἐν

277 2336 416 2404 αὐτῇ
449 2338 516 2403 τῇ
559 2336 702 2405 ὁρμῇ
750 2335 849 2405 τῆς
882 2335 1189 2405 προσευχῆς
1240 2332 1555 2403 ἀρπαγῆναι
1590 2337 1681 2388 τὸν
1726 2334 1851 2389 νοῦν

278 2424 387 2475 ὑπὸ
413 2422 507 2475 τοῦ
542 2423 687 2475 θείου
725 2423 819 2475 καὶ
849 2423 1079 2494 ἀπείρου
1122 2422 1319 2490 φωτὸς,
1354 2423 1448 2476 καὶ
1488 2424 1626 2492 μήτε
1656 2423 1849 2477 ἐαυτοῦ

281 2515 421 2584 μήτε
462 2514 607 2577 τινὸς
643 2514 804 2568 ἀλλου
831 2514 940 2569 τῶν
984 2514 1151 2567 ὄντων
1188 2515 1249 2566 τὸ
1277 2514 1493 2567 σύνολον
1523 2515 1849 2569 ἐπαισθάνε-

280 2604 428 2664 σθαι,
462 2606 512 2655 εἰ
561 2605 636 2674 μὴ
682 2605 846 2673 μόνου
874 2602 967 2656 τοῦ
1010 2601 1098 2656 διὰ
1124 2604 1222 2672 τῆς
1248 2603 1465 2674 ἀγάπης
1491 2604 1549 2655 ἐν
1577 2604 1725 2674 αὐτῷ
1752 2606 1851 2675 τὴν

278 2696 536 2764 τοιαύτην
575 2693 835 2763 ἔλλαμψιν
891 2693 1262 2765 ἐνεργοῦντος.
1319 2695 1451 2746 Τότε
1490 2694 1548 2747 δὲ
1583 2694 1678 2747 καὶ
1722 2695 1851 2763 περὶ

278 2784 405 2846 τοὺς
452 2784 582 2853 περὶ
620 2782 758 2835 Θεοῦ
810 2782 1003 2851 λόγους
1053 2781 1410 2852 κινούμενος,
1458 2783 1702 2854 καθαράς
1755 2785 1851 2837 καὶ

276 2874 482 2946 τρανάς
508 2875 603 2938 τάς
636 2875 764 2947 περὶ
794 2873 957 2928 αὐτοῦ
989 2873 1252 2944 λαμϐάνει
1291 2875 1577 2945 ἐμφάσεις.

346 2965 412 3029 ζ’.
448 2967 515 3019 Ὃ
537 2983 621 3030 τις
655 2968 864 3037 ἀγαπᾷ,
918 2965 1107 3020 τούτου
1157 2967 1251 3020 καὶ
1298 2966 1581 3036 ἀντέχεται
1608 2966 1846 3029 πάντως·

276 3060 373 3113 καὶ
418 3058 638 3112 πάντων
677 3058 784 3111 τῶν
830 3058 967 3129 πρὸς
1020 3056 1175 3110 τοῦτο
1226 3056 1625 3126 ἐμποδιζόντων
1674 3056 1845 3127 αὐτῷ,

1954 1963 2121 2018 nibus
2143 1961 2592 2034 cogitationibus,
2649 1960 2908 2029 velutquc
2950 1958 3063 2013 Deo
3118 1958 3200 2012 illi
3249 1964 3517 2026 prasente

1954 2059 2054 2131 (nti
2092 2069 2149 2115 et
2186 2075 2317 2115 vere
2346 2073 2587 2129 praesens
2632 2057 2736 2127 est)
2777 2055 3094 2111 indistracte
3142 2054 3401 2122 omnique
3430 2067 3517 2107 se-

1950 2159 2097 2205 mota
2136 2151 2529 2220 cogitationum
2564 2145 3032 2219 interpellantium
3082 2144 3267 2207 turba,
3312 2157 3512 2198 orare:

1948 2242 2272 2313 posterioris
2303 2256 2456 2300 vero.
2510 2241 2613 2296 sub
2673 2241 2794 2310 ipso
2836 2238 3104 2293 orationis
3141 2238 3350 2306 impetu
3393 2235 3514 2305 rapi

1950 2336 2192 2389 animum
2215 2334 2400 2388 divina
2427 2340 2484 2387 et
2513 2331 2723 2386 infinita
2746 2331 2891 2393 luce,
2911 2344 2976 2383 ac
3004 2342 3182 2397 neque
3205 2327 3311 2393 sui,
3337 2341 3517 2395 neque

1950 2427 2099 2480 illius
2136 2440 2361 2495 prorsus
2408 2424 2642 2477 aliarum
2699 2437 2886 2476 rerum
2937 2435 3163 2475 sensum
3207 2417 3512 2488 percipere,

1951 2528 2315 2588 praeterquam
2361 2517 2483 2586 ejus
2532 2516 2817 2580 duntaxat,
2871 2513 2964 2583 qui
3026 2529 3125 2584 per
3164 2512 3513 2578 charitatem,

1950 2612 2116 2665 talem
2149 2611 2206 2664 in
2256 2625 2325 2663 eo
2378 2608 2800 2662 illustrationem
2836 2606 3020 2660 alliatu
3071 2619 3172 2659 suo
3230 2612 3513 2673 operatur.

1950 2701 2211 2769 Tuncque
2264 2699 2402 2753 adeo
2450 2698 2617 2752 etiam
2662 2698 2807 2751 circa
2838 2696 3077 2750 rationes
3123 2709 3248 2763 quae
3296 2693 3365 2749 de
3404 2694 3516 2749 Deo

1948 2798 2099 2854 sunt,
2133 2796 2338 2852 motus,
2361 2788 2539 2842 claras
2567 2788 2637 2841 dc
2689 2787 2784 2841 illo
2829 2802 2894 2841 ac
2942 2785 3270 2856 conspicuas
3316 2783 3516 2853 accipit
3584 2806 3587 2809 ·

1947 2878 2477 2949 ηρταεεοηιαιίοηοε.

2020 2972 2073 3024 7.
2112 2970 2268 3037 Quod
2294 2970 2419 3039 quis
2441 2968 2644 3038 diligit,
2678 2967 2906 3021 omnino
2960 2967 3125 3021 etiam
3167 2964 3515 3035 amplectitur

1948 3072 2006 3118 et
2027 3062 2273 3127 colit;ac
2291 3062 2335 3115 si
2366 3061 2500 3130 quid
2527 3060 2604 3114 illi
2636 3060 3031 3128 impedimento
3066 3057 3158 3123 sit,
3181 3056 3509 3119 contemnit,

275 3154 630 3222 καταφρονεῖ,
672 3151 759 3204 ἵνα
808 3150 882 3221 μὴ
914 3148 1077 3203 αὑτοῦ
1120 3149 1390 3220 στερηθῇ,
1437 3150 1531 3202 καὶ
1576 3151 1669 3203 τὸν
1713 3150 1843 3203 Θεὸν

1952 3168 2022 3207 ne
2050 3154 2145 3208 illo
2161 3153 2364 3222 privari
2392 3154 2567 3220 ipsum
2599 3150 2918 3219 contigerit;
2948 3148 3043 3217 qui
3064 3162 3195 3217 ergo
3229 3148 3399 3200 Deum
3429 3145 3514 3199 di-

273 3243 531 3309 ἀγαπῶν,
564 3242 904 3312 ἐπιμελεῖται
960 3240 1207 3312 καθαρᾶς
1256 3242 1585 3309 προσευχῆς·
1612 3242 1706 3293 καὶ
1736 3243 1843 3295 πᾶν

1948 3243 2085 3313 ligit,
2122 3258 2271 3312 pura:
2296 3242 2532 3295 orationi
2561 3241 2900 3311 diligentiam
2950 3239 3137 3304 habet,
3181 3252 3511 3307 omnemque

273 3330 448 3392 πάθος
484 3330 619 3401 πρὸς
657 3330 812 3383 τοῦτο
862 3328 1155 3399 ἐμποδίζον
1205 3327 1387 3397 αὐτῷ,
1439 3329 1732 3382 ἀποϐάλλει
1783 3330 1844 3395 ἐξ

273 3420 471 3474 ἐαυτοῦ

342 3519 416 3583 η’.
465 3512 523 3565 '0
570 3513 668 3584 τὴν
723 3512 933 3582 μητέρα
974 3511 1082 3565 τῶν
1127 3510 1311 3564 παθῶν
1344 3510 1634 3565 ἀποϐαλὼν
1658 3511 1844 3579 φιλαυ-

269 3602 416 3668 τίαν,
473 3601 670 3656 καὶτὰ
718 3601 878 3653 λοιπά
931 3601 1172 3671 εὐχερῶς
1220 3603 1314 3655 σὺν
1356 3600 1476 3671 Θεῷ
1505 3600 1838 3655 ἀποτίθεται·

269 3689 383 3748 οἷον
416 3695 604 3765 ὀργὴν,
641 3693 839 3761 λύπην,
892 3691 1275 3761 μνησικακίαν,
1324 3690 1415 3743 καὶ
1446 3689 1517 3743 τὰ
1555 3691 1701 3761 ἐξῆςο
1734 3692 1763 3743 ὁ
1787 3690 1844 3743 δὲ

269 3788 379 3840 ὑπὸ
411 3789 503 3838 τοῦ
558 3783 773 3855 πρώτου
837 3782 1234 3853 κρατούμενος,
1284 3782 1387 3835 ὑπὸ
1424 3782 1518 3834 τοῦ
1566 3781 1838 3851 δευτέρου,

270 3877 373 3931 κᾶν
432 3876 507 3948 μὴ
565 3876 727 3944 θέλῃ,
780 3873 1163 3943 τιτρώσκεται.
1201 3873 1461 3926 Φιλαυτία
1507 3872 1566 3925 δέ
1602 3874 1750 3935 ἐστι,
1783 3871 1845 3923 τὸ

270 3970 407 4039 πρὸς
436 3967 497 4019 τὸ
542 3966 701 4037 σῶμα
730 3964 919 4028 πάθος.

341 4144 407 4197 θ’.
441 4141 539 4194 Διά
567 4141 666 4204 τάς
695 4141 855 4193 πέντε
888 4140 1089 4203 ταύτας
1120 4139 1299 4202 αἰτίας
1320 4140 1367 4191 οί
1397 4137 1673 4210 ἄνθρωποι
1700 4138 1841 4207 ἀγα-

272 4234 445 4288 πῶσιν
469 4233 753 4303 ἀλλήλους,
794 4233 902 4283 εἴτε
936 4230 1256 4293 ἐπαινετῶς,
1287 4231 1397 4283 εἴτε
1417 4230 1655 4299 ψεκτῶς.
1691 4225 1838 4295 Οἷον,

266 4326 301 4397 ἢ
336 4325 425 4379 διά
465 4326 553 4378 τὸν
591 4323 742 4388 Θεὸν,
780 4323 853 4386 ὡς
899 4324 928 4376 ὁ
977 4320 1230 4391 ἐνάρετος
1274 4321 1518 4385 πάντας,
1566 4321 1662 4374 καὶ
1707 4320 1782 4384 ὡς
1812 4322 1842 4376 ό

264 4416 359 4469 τὸν
388 4416 640 4485 ἐνάρετον
668 4413 771 4467 κᾶν
812 4415 976 4483 μήπω
1023 4412 1298 4482 ἐνάρετος·
1337 4412 1371 4483 ἢ
1420 4411 1509 4465 διά
1547 4412 1731 4482 φύσιν,
1764 4412 1841 4477 ὡς

1944 3334 2202 3387 aﬂ'ectum
2233 3350 2298 3388 ac
2319 3333 2606 3388 libidinem
2641 3343 2697 3388 et
2722 3331 3244 3395 incommodantem,
3272 3345 3303 3384 a
3332 3344 3390 3385 se
3421 3345 3512 3384 re-

1938 3426 2078 3496 jicit.

2013 3516 2065 3570 8.
2093 3516 2196 3582 Qui
2224 3516 2519 3570 aﬂ‘ectnum
2550 3515 2796 3570 omnium
2824 3530 2889 3570 ac
2919 3514 3180 3569 vitiorum
3200 3520 3507 3582 parentem,

1944 3623 2145 3662 eme-um
2174 3611 2353 3662 carnis
2382 3623 2621 3662 amorem
2662 3607 3000 3678 (φιλαυτίαν)
3026 3605 3309 3677 abjecerit,
3353 3603 3509 3662 facile

1944 3700 2109 3753 etiam
2140 3715 2262 3768 quae
2292 3708 2420 3753 sunt
2442 3700 2650 3767 reliqua
2685 3699 2839 3762 vitia,
2872 3698 2969 3753 Dei
2998 3712 3123 3767 ope,
3156 3696 3505 3755 eliminabit:

1947 3791 2082 3844 iram
2107 3790 2340 3854 scilicet,
2365 3790 2665 3852 tristitiam,
2695 3790 3024 3859 iniuriarum
3078 3787 3422 3848 memoriam,
3452 3794 3511 3841 ct

1944 3896 2065 3951 qum
2096 3889 2422 3950 sequuntur.
2463 3880 2565 3945 Qui
2601 3889 2781 3933 autem
2811 3895 2840 3932 a
2880 3879 3061 3948 priore
3093 3878 3187 3932 illo
3244 3878 3505 3944 vincitur,

1943 3988 1973 4025 a
2004 3970 2247 4027 secundo
2271 3971 2405 4025 velit
2428 3971 2567 4024 nolit
2596 3971 2934 4024 vulneratur.
2962 3970 3058 4024 Est
3079 3979 3260 4024 autem
3311 3968 3508 4037 φιλανα-

1940 4063 2050 4125 τία,
2079 4078 2187 4132 qua
2206 4062 2437 4115 libidine
2466 4077 2668 4131 corpus
2692 4061 3099 4131 prosequimur.

2010 4154 2062 4208 9.
2085 4153 2340 4223 Quinque
2364 4154 2447 4208 ba:
2466 4168 2642 4207 causa:
2687 4162 2815 4207 sunt
2844 4168 2907 4207 ac
2951 4153 3212 4216 rationes,
3258 4152 3330 4207 oh
3368 4167 3507 4221 quas

1943 4243 2198 4297 homines
2226 4241 2320 4296 alii
2353 4241 2494 4296 alios
2521 4242 2774 4311 diligunt,
2807 4241 2922 4296 sive
2945 4256 3010 4295 ea
3044 4240 3339 4296 dilectione
3382 4256 3506 4310 qua:

1941 4332 2158 4387 laudem
2185 4331 2403 4395 habeat,
2433 4331 2546 4385 sive
2575 4347 2696 4399 quae
2720 4332 2839 4385 vitii
2867 4346 3081 4395 noxam,
3107 4346 3171 4385 ac
3200 4330 3363 4400 digna
3418 4330 3506 4385 vi-

1942 4420 2158 4490 tuperio
2182 4419 2268 4473 sit.
2294 4417 2404 4472 Aut
2430 4417 2578 4472 enim
2600 4427 2827 4488 propter
2855 4418 3049 4481 Deum,
3076 4426 3137 4471 ut
3158 4417 3253 4486 qui
3296 4417 3505 4472 virtute

264 4508 313 4559 οἱ
357 4510 527 4574 γονεῖς
551 4505 619 4558 τά
648 4504 849 4567 τέκνα,
884 4503 977 4555 καὶ
1015 4502 1270 4573 ἔμπαλιψ
1307 4503 1334 4570 ἢ
1373 4502 1464 4556 διὰ
1508 4503 1831 4570 κενοδοξίαν,

1948 4510 2197 4583 praeditus
2223 4516 2328 4574 est,
2371 4523 2565 4564 omnes
2598 4508 2814 4579 diligit;
2848 4523 2911 4562 ac
2940 4508 3083 4565 sicut
3108 4508 3313 4563 virtute
3362 4523 3503 4577 prm-

264 4600 342 4661 ὼς
374 4600 400 4650 ὁ
438 4597 791 4666 δοξαζόμενος
814 4595 904 4648 τὸν
947 4595 1251 4659 δοξάζοντα·
1279 4594 1310 4665 ἣ
1341 4594 1428 4647 διὰ
1456 4594 1843 4666 φιλαργυρίαν,

262 4688 336 4748 ὡς
370 4688 397 4737 ὁ
435 4686 525 4738 τὸν
555 4684 809 4738 πλούσιον
837 4684 925 4737 διά
954 4684 1118 4752 λῆψιν
1164 4683 1195 4753 ἢ
1239 4684 1325 4735 διὰ
1352 4683 1681 4752 φιληδονίαν,
1708 4683 1782 4745 ὡς
1810 4686 1839 4736 ὁ

261 4777 362 4845 τὴν
393 4777 640 4845 γαστέρα
684 4776 1119 4846 θεραπευόμενος
1167 4776 1262 4827 καὶ
1293 4775 1361 4827 τά
1411 4775 1515 4827 ὑπὸ
1566 4777 1830 4846 γαστέρα.

263 4869 373 4919 Καὶ
405 4869 569 4938 ή-μὲν
601 4868 809 4939 πρώτη.
845 4869 1126 4937 ἐπαινετή·
1155 4870 1187 4938 ἡ
1217 4868 1274 4919 δὲ
1306 4868 1557 4939 δευτέρα,
1581 4868 1741 4938 μέση’
1774 4870 1829 4923 al

257 4956 317 5009 δὲ
358 4956 558 5022 λοιπαὶ,
588 4956 875 5026 ἐμπαθεῖς.

1938 4600 2137 4663 ditum,
2158 4599 2251 4669 qui
2285 4598 2518 4653 necdum
2549 4599 2663 4669 ipse
2688 4599 2929 4653 animum
2967 4599 3164 4654 virtuti
3189 4598 3499 4657 addixerit:

1938 4693 2022 4747 vel
2052 4700 2280 4762 propter
2312 4700 2589 4755 naturam,
2629 4692 2706 4744 uti
2753 4698 3011 4759 parentes
3055 4689 3262 4744 liberos
3285 4728 3300 4753 ,
3338 4689 3486 4745 vicis-

1935 4781 2149 4849 simque
2173 4778 2339 4851 410
2372 4797 2383 4831 :
2418 4789 2512 4833 aut
2546 4780 2724 4834 inanis
2756 4780 2941 4849 gloriae
2982 4793 3167 4844 causa,
3217 4784 3277 4831 ut
3330 4777 3377 4832 is
3405 4775 3498 4846 qni

1932 4872 2211 4936 laudatur,
2252 4888 2379 4926 eum
2406 4871 2603 4941 diligit,
2630 4872 2723 4939 qui
2750 4871 2936 4925 laudat
2961 4888 2973 4923 :
3010 4880 3106 4925 aut
3123 4876 3350 4940 propter
3370 4882 3503 4935 ava»,

1933 4960 2135 5024 ritiam,
2161 4968 2221 5014 ut
2244 4960 2337 5029 qui
2364 4960 2590 5014 divitem
2612 4960 2792 5030 diligit
2829 4968 3055 5031 propter
3081 4974 3310 5013 munera
3335 4974 3348 5010 :
3405 4970 3496 5017 aut

258 5048 499 5118 denique
530 5049 601 5104 ob
625 5048 909 5104 libidinem
958 5065 1023 5105 ac
1056 5052 1412 5122 voluptatem,
1457 5060 1519 5106 ut
1563 5054 1658 5122 qui
1699 5062 1945 5109 ventrem
1976 5071 2042 5110 ac
2102 5072 2339 5111 venerea
2393 5057 2544 5111 colit.
2580 5057 2659 5113 Ac
2713 5056 2935 5126 quidem
2993 5055 3146 5127 prior
3183 5068 3370 5119 causa,
3412 5053 3492 5108 in-

260 5148 346 5195 ter
366 5155 459 5195 eas
485 5139 735 5194 habenda
767 5150 870 5206 est,
905 5158 1027 5212 qua:
1079 5143 1283 5198 habent
1313 5144 1567 5211 laudem;
1600 5147 1795 5210 altera,
1838 5150 1982 5202 inter
2019 5148 2259 5214 medias;
2305 5150 2551 5219 reliquae,
2592 5150 2727 5205 vitio
2759 5150 2984 5205 haerent.

330 5239 383 5287 ι’.
431 5234 556 5287 Ἐάν
594 5234 745 5298 τινάς
793 5236 890 5305 μὲν
942 5239 1123 5307 μισῇς,
1173 5238 1322 5300 τινάς
1374 5238 1431 5291 δὲ
1458 5240 1578 5292 οὐδὲ
1608 5241 1826 5312 ἀγαπᾷς

252 5325 377 5379 οὐδέ
410 5328 593 5395 μισῇς
643 5326 861 5395 ἐτέρους
916 5328 972 5380 δὲ
1020 5330 1271 5400 ἀγαπᾷς,
1302 5330 1437 5382 ἀλλά
1470 5332 1819 5402 συμμέτρως.

250 5414 447 5480 ἄλλους
497 5417 557 5470 δὲ
612 5419 816 5488 σφόδρα
847 5419 1085 5490 ἀγαπᾷςο
1124 5422 1187 5475 ἐκ
1220 5422 1423 5493 ταύτης
1450 5423 1551 5492 τῆς
1575 5425 1823 5495 ἀνισότη-

2000 5243 2085 5298 l0.
2119 5243 2175 5299 Si
2216 5244 2351 5298 alios
2379 5245 2579 5310 odisti;
2631 5244 2768 5299 alios
2816 5259 2919 5298 nec
2962 5243 3166 5314 diligis,
3200 5256 3302 5296 nec
3364 5256 3493 5297 vero

1928 5334 2130 5400 odisti;
2166 5336 2304 5390 alios
2348 5346 2530 5391 autem
2577 5335 2759 5406 diligis
2806 5334 3049 5404 quidem,
3087 5333 3186 5390 sed
3227 5333 3442 5389 modice
3472 5351 3503 5390 εΔ

1928 5427 2066 5479 alios
2096 5426 2335 5495 denique
2369 5426 2751 5481 vehementius
2778 5425 2979 5495 diligis,
3010 5441 3079 5480 ex
3110 5426 3213 5480 hac
3244 5425 3489 5494 inaequa-

324 5568 1062 5657 (φ-λῖρακγτμκὴιμέθοδος.
1102 5575 1261 5629 Ratio
1308 5576 1520 5657 scilicet
1566 5577 1810 5657 colenda:

1948 5579 2165 5657 iilnilquc
2188 5596 2375 5657 vagam
2402 5581 2455 5634 in
2482 5596 2544 5657 ea
2580 5583 2967 5657 continendam
2993 5590 3255 5657 mentem.
3279 5579 3483 5654 Obsop.

249 5646 488 5723 actionis
522 5655 585 5723 ac
616 5646 842 5723 virtutis
874 5646 1126 5723 moralis;
1168 5662 1288 5714 quze
1314 5646 1568 5700 videlicet
1616 5656 1804 5702 contra
1914 5659 1968 5702 et
1999 5646 2165 5723 Gesn.
2207 5646 2403 5723 Eiﬁcaa:
2435 5653 2572 5704 ratio
2603 5662 2650 5705 et
2677 5652 2979 5723 disciplina.
3034 5652 3179 5723 Nihil
3232 5660 3393 5721 apte:
3426 5646 3489 5707 nt

248 5710 591 5784 θεωρητικὴν
624 5710 879 5764 distincta
912 5714 1010 5765 sit:
1036 5710 1201 5783 quani
1232 5725 1517 5784 ntrmnque
1546 5732 1805 5770 necessa-

248 5781 390 5833 riam
443 5778 705 5834 Maximus
760 5778 1156 5838 contendit'ad
1207 5778 1470 5840 orationis
1515 5788 1800 5856 quietem,

1912 5729 1967 5795 et
2009 5719 2077 5795 ,τὸ
2111 5721 2544 5795 ἀπερισπάστως
2577 5719 2987 5795 προσεύχεσθαι,
3018 5719 3281 5793 indefessti
3319 5731 3367 5776 et
3404 5723 3456 5776 in

1911 5788 2148 5843 desinens
2171 5788 2361 5844 orandi
2399 5788 2670 5847 sedulitas.
