4208 6436
713 431 817 495 987

1918 410 1976 469 S.
2018 403 2302 467 MAXIM!
2338 400 2848 462 CONFESSORIS

3881 392 3987 456 988

713 543 888 599 litate.
930 535 1125 608 procul
1159 541 1210 587 te
1243 548 1272 587 a
1303 528 1544 601 perfecta
1599 525 1891 587 charitatc,
1940 537 2064 592 quae
2101 532 2296 574 omnes

2433 532 2508 578 ος,
2544 514 2712 581 γνῶθι
2747 515 2829 566 ὅτι
2871 508 3090 582 μακράν
3119 502 3168 559 εἷ
3195 505 3294 575 τῆς
3332 503 3544 574 τελείας
3578 501 3826 572 ἀγάπης,
3867 501 3986 564 ἣτις

2549 606 2578 608 γ,
2822 606 2831 608 ,
2991 601 3013 608 _
3055 600 3076 608 -
3313 596 3367 608 .-
3399 598 3421 608 ..
3555 595 3567 608 .
3704 595 3729 605 -
3870 590 3940 608 η-

714 631 968 683 lmmines
992 643 1059 681 ex
1085 639 1243 694 aequo
1267 623 1430 676 docet
1459 618 1710 688 diligere,
1755 629 1877 669 esse
1904 612 2149 667 noveris.

788 809 873 862 11.
917 805 1187 859 Declinaa
1224 801 1388 863 malo,
1423 810 1472 852 et
1511 800 1596 868 fac
1627 798 1822 850 bonum
1839 796 1904 849 ³⁷.
1937 797 2016 848 Ac
2041 794 2085 848 si
2122 792 2290 847 dicat:

715 902 900 969 Pugna
927 898 1192 952 adversus
1217 895 1426 957 hostes,
1460 902 1519 947 ut
1552 890 1812 945 libidines
1841 899 2004 958 atque
2030 887 2159 940 vitia
2197 886 2297 939 mi-

716 1005 886 1042 nuas:
921 997 1034 1041 tum
1056 1000 1188 1040 vero
1212 985 1432 1038 sobrius
1460 989 1580 1035 esto
1609 996 1674 1033 ac
1703 979 1887 1049 vigila,
1928 992 1998 1030 ne
2025 977 2116 1030 illa
2173 990 2299 1029 suc—

714 1089 966 1134 erescant
989 1088 1044 1133 et
1075 1086 1398 1148 augeantur.
1432 1076 1508 1128 Ac
1531 1088 1724 1127 rursus
1751 1091 1764 1125 :
1795 1074 2004 1141 Pugna,
2033 1078 2091 1124 ut
2115 1070 2296 1122 virtu-

718 1182 800 1224 tes
836 1186 1024 1241 pares;
1048 1186 1111 1223 ac
1139 1167 1339 1222 deinde
1358 1166 1521 1235 vigila
1547 1175 1776 1236 estoquc
1808 1164 2048 1224 sobrius,
2083 1170 2145 1216 ut
2163 1177 2297 1216 con-

714 1279 925 1318 serves.
955 1263 1124 1330 quue
1158 1261 1300 1313 adeo
1326 1259 1509 1312 facere
1534 1258 1722 1320 fuerit,
1759 1267 1815 1312 et
1845 1273 2062 1312 cavere.

795 1357 880 1408 12.
910 1353 1012 1419 Qui
1040 1351 1132 1406 Dei
1168 1352 1444 1420 permissu
1467 1367 1569 1404 nos
1599 1358 1832 1412 tentant,
1860 1357 1959 1402 aut
1980 1348 2090 1401 vim
2129 1346 2301 1401 animi

721 1439 1208 1508 concupiscentem
1261 1439 1638 1502 inflammant,
1701 1447 1799 1493 aut
1846 1439 1940 1492 irae
1987 1437 2303 1492 facultatem

720 1531 1081 1593 conturbant,
1141 1540 1238 1586 aut
1285 1533 1558 1585 rationem
1613 1532 2002 1596 obtenebrant,
2053 1540 2150 1584 aut
2184 1546 2306 1584 cor-

723 1640 828 1694 pus
873 1625 1160 1680 doloribus
1225 1624 1573 1695 obcingunt,
1642 1633 1738 1680 aut
1797 1625 2087 1680 facultates
2166 1624 2306 1679 diri-

723 1716 902 1784 piunt.

799 1806 884 1858 15.
924 1807 1228 1869 Dmmones,
1259 1805 1480 1875 autipsi
1515 1820 1615 1874 per
1651 1805 1862 1873 scipsos
1915 1819 2018 1858 nos
2072 1812 2304 1868 tentant,

2398 606 2712 661 ὑποτίθεται
2763 606 2942 660 πάντα
2983 600 3273 671 ἄνθρωπον
3310 596 3369 664 ἐξ
3399 598 3517 650 ἴσου
3546 595 3835 664 ἀγαπῆσαι
3870 590 3984 664 [ἓν.

2397 698 2661 772 ἀγαπᾷν
2863 753 2868 757 .

2474 794 2560 846 ια’.
2601 796 2931 848 Ἕκκλινον
2963 789 3085 845 ἀπὸ
3116 787 3331 851 κακοῦ,
3373 783 3472 840 καὶ
3541 782 3810 848 ποίησον
3847 777 3990 846 dra.

2398 887 2524 941 oar.
2556 885 2834 948 Τουτέστι,
2863 881 3180 951 Πολέμησον
3200 878 3327 942 τοὺς
3349 873 3597 946 ἐχθροὺς,
3627 873 3716 925 ἵνα
3746 867 3992 940 μειὼσης

2396 977 2466 1030 τά
2495 978 2643 1047 πάθη
2675 977 2771 1047 (0)·
2797 975 2991 1028 ἔπειτα
3024 973 3083 1026 δὲ
3113 972 3273 1041 νῆφε,
3303 969 3392 1022 ἵνα
3426 969 3501 1038 μὴ
3532 965 3839 1035 αύξήσωσι.
3881 961 3994 1014 Καὶ

2399 1070 2580 1123 πάλιν·
2619 1068 2954 1139 Πολέμησον,
2987 1065 3074 1119 ἶνα
3100 1065 3282 1135 κτήσῃ
3310 1061 3411 1117 τὰς
3445 1057 3665 1129 ἀρετάς⁸
3727 1055 3826 1107 καὶ
3862 1068 3993 1122 μετ-

2401 1163 2591 1216 ἔπειτα
2619 1161 2756 1232 νῆφε
2779 1200 2794 1221 ,
2849 1160 2937 1212 ἴνα
2996 1156 3169 1219 αύτάς
3219 1151 3572 1223 διαφυλάξῃς.
3605 1147 3718 1201 Καὶ
3746 1144 3913 1198 τοῦτο
3932 1141 3996 1195 ἂν

2401 1253 2508 1322 εἴη,
2542 1253 2603 1304 τὸ
2634 1248 2984 1322 ἐργάζεσθαι,
3016 1249 3110 1300 καὶ
3138 1244 3452 1314 φυλάσσειν.

2477 1343 2563 1413 ιβ’.
2595 1345 2657 1396 υἱ
2706 1343 2850 1395 κατὰ
2882 1338 3230 1410 συγχώρησιν
3262 1334 3399 1389 Θεοῦ
3431 1330 3788 1401 πειράζοντες
3821 1328 3997 1396 ἡμᾶς,

2403 1436 2438 1506 ἢ
2477 1435 2540 1488 τὸ
2571 1433 2969 1504 ἐπιθυμητικὸν
3015 1433 3112 1501 τῆς
3150 1430 3331 1500 ψυχῆς
3359 1424 3842 1496 ὲκΘερμαίνουσιν,
3872 1422 3906 1490 ἢ
3939 1420 3999 1473 τὸ

2406 1527 2639 1598 θυμικὸν
2689 1522 3208 1597 ἐκτάράσσουσιν,ἢ
3249 1523 3310 1574 τὸ
3348 1518 3565 1587 λογικὸν
3611 1513 4000 1583 ἐπισκοτίζου-

2409 1639 2514 1686 σιν,
2545 1621 2578 1690 ἢ
2612 1619 2675 1673 τὸ
2721 1620 2882 1689 σῶμα
2915 1617 3128 1680 ὀδύναις
3165 1612 3606 1684 περιϐάλλουσιν,
3638 1608 3672 1678 ἢ
3709 1606 3776 1660 τά
3806 1621 4000 1674 σωμα-

2409 1711 2534 1766 τικά
2559 1707 2970 1780 διαρπάζουσιν.

2482 1811 2572 1873 ιγ’.
2606 1803 2678 1855 ‘ll
2707 1801 2776 1855 δι’
2807 1798 3016 1854 ἑαυτῶν
3057 1799 3206 1867 ἡμᾶς
3258 1795 3308 1848 οι
3345 1792 3598 1862 δαίμονες
3633 1783 4003 1854 ἐκπειράζουο

721 1909 825 1954 aut
849 1915 968 1962 eos,
1005 1900 1100 1969 qui
1136 1914 1244 1954 non
1276 1899 1508 1952 timeant
1544 1899 1837 1952 Dominum
1879 1897 2172 1950 adversum
2207 1911 2308 1950 nos

2433 1917 2516 1962 rw,
2550 1896 2584 1968 ἢ
2627 1896 2754 1958 τοὺς
2802 1894 2878 1965 μὴ
2912 1891 3281 1963 φοϐουμένους
3323 1887 3416 1939 τὸν
3447 1883 3650 1952 Κύριον
3685 1877 3814 1932 καθ’
3845 1875 4002 1945 ἡμῶν

723 2001 962 2048 armant.
986 1992 1063 2047 Ac
1091 1992 1315 2061 quidem
1356 2007 1454 2061 per
1482 1992 1714 2059 scipsos,
1763 2003 1888 2042 cum
1927 1988 2159 2047 scorsim
2203 1987 2307 2057 ipsi

728 2087 798 2140 ab
829 2087 1116 2140 hominum
1141 2083 1373 2153 sejuncti
1403 2085 1657 2139 convictu
1685 2083 1918 2153 agimus,
1950 2082 2102 2136 velut
2129 2081 2312 2135 Domi-

730 2194 862 2233 num
903 2179 956 2232 in
981 2178 1242 2232 deserto:
1279 2193 1377 2248 per
1418 2177 1674 2231 homines
1724 2191 1890 2238 vero,
1931 2189 2058 2228 cum
2115 2189 2310 2228 eorum

730 2270 1136 2325 consuetudine
1171 2271 1402 2334 utimur,
1425 2270 1504 2322 uti
1538 2269 1830 2322 Dominum
1860 2283 1958 2336 per
1983 2267 2309 2321 Pharis'eos.

733 2363 842 2417 Nos
900 2362 1206 2425 enimvero,
1251 2363 1344 2432 qui
1381 2370 1631 2415 nostrum
1689 2361 1969 2428 exemplar
2019 2359 2090 2413 ob
2123 2359 2316 2413 oculos

735 2457 1057 2520 habeamus,
1087 2459 1342 2527 utrinque
1372 2470 1470 2508 eos
1505 2452 1853 2522 repellamus.

810 2549 894 2602 M.
928 2548 1064 2603 Cum
1092 2565 1246 2603 mens
1275 2553 1330 2602 in
1362 2547 1456 2602 Dei
1478 2545 1746 2601 charitate
1769 2542 2036 2613 proficere
2063 2542 2316 2613 coeperit,

734 2650 873 2696 tunc
896 2650 952 2697 et
978 2641 1330 2710 blasphemia:
1361 2641 1572 2694 daemon
1607 2646 1822 2692 tentare
1863 2637 2104 2705 occipit;
2158 2637 2320 2690 tales-

731 2751 849 2805 que
884 2735 1127 2805 suggerit
1148 2733 1536 2803 eogitationes,
1567 2732 1763 2802 quales
1794 2731 1981 2785 nullus
2007 2730 2316 2794 hominum,

741 2830 895 2884 solus
918 2843 1052 2883 vero
1089 2841 1282 2883 carum
1330 2840 1535 2897 parens
1588 2840 1652 2879 ac
1689 2825 2021 2887 fabricator,
2067 2823 2322 2878 diabolus

744 2921 976 2975 invenit.
1002 2918 1117 2974 Hoc
1144 2928 1328 2974 autem
1367 2919 1517 2982 facit,
1545 2933 1656 2987 quo
1693 2917 1748 2970 in
1777 2918 2056 2972 hominem
2090 2917 2186 2972 Dei
2208 2918 2323 2971 cul-

743 3022 920 3067 torem
947 3012 1120 3065 livore
1149 3010 1466 3075 intabescit,
1504 3019 1566 3064 ut
1629 3008 1682 3063 in
1740 3008 2182 3077 desperationem
2230 3008 2325 3062 ad—

747 3113 925 3165 actus,
969 3113 1225 3172 tanquam
1260 3102 1364 3156 sibi
1403 3103 1519 3171 ipse
1551 3101 1768 3155 illarum
1803 3100 2195 3170 cogitationum
2230 3115 2328 3153 au-

2411 1991 2816 2061 ὲφοπλίζουσιν.
2853 1987 2963 2040 Καὶ
2997 1986 3064 2038 δι’
3102 1981 3312 2036 ἑαυτῶν
3342 1979 3462 2051 μὲν,
3493 1979 3622 2031 ὅταν
3659 1977 3723 2028 ὲκ
3756 1971 3869 2024 τῶν
3907 1970 4000 2022 ἀν-

2413 2085 2648 2156 θρώπων
2685 2081 2998 2148 ἰδιάσωμεν,
3023 2077 3212 2145 ὥσπερ
3241 2075 3333 2128 τὸν
3359 2072 3564 2142 Κύριον
3595 2069 3653 2120 ὲν
3678 2070 3748 2136 τῇ
3785 2067 3998 2133 ἐρήμῳ·

2411 2178 2500 2232 διὰ
2541 2176 2650 2230 τῶν
2689 2172 2992 2244 ἀνθρώπων
3033 2171 3120 2233 δὲ,
3162 2170 3291 2222 ὅταν
3348 2167 3489 2237 μετά
3542 2161 3656 2216 τῶν
3695 2158 4006 2224 ἀνθρώπων

2415 2269 2900 2340 συνδιατρῆωμεν,
2933 2264 3123 2335 ὥσπερ
3147 2263 3244 2315 καὶ
3272 2260 3365 2313 τὸν
3406 2258 3612 2328 Κύριον
3640 2254 3730 2308 διὰ
3760 2252 3873 2306 τῶν
3897 2251 4006 2302 Φα-

2416 2346 2660 2438 ρισαίων.
2708 2359 2848 2413 Ἀλλ’
2893 2359 3056 2428 ἡμεῖς
3093 2356 3172 2417 εἰς
3219 2353 3313 2406 τὸν
3365 2350 3535 2404 τύπον
3563 2347 3722 2420 ἡμῶν
3767 2343 4004 2400 ἀποϐλεο

2419 2457 2665 2526 πόμενοι,
2696 2447 3086 2522 ἀμφοτέρωθεν
3123 2446 3321 2508 αὐτοὺς
3363 2438 3862 2512 ἀΜκρουσώμεΘα.

2493 2546 2573 2600 ιδ’.
2610 2547 2781 2599 Ὅταν
2828 2543 3064 2615 ἄρχηται
3108 2542 3138 2594 6
3182 2537 3307 2602 νοῦς
3359 2537 3440 2599 εἰς
3505 2533 3603 2604 τὴν
3641 2533 3868 2599 ἀγάπην
3915 2527 4010 2582 τοῦ

2418 2643 2554 2698 Θεοῦ
2596 2641 2951 2712 προκόπτειν,
2994 2636 3115 2689 τότε
3171 2635 3269 2686 καὶ
3317 2635 3346 2684 6
3381 2629 3592 2700 δαίμων
3630 2629 3732 2694 τῆς
3761 2626 4012 2695 βλασφη-

2424 2737 2553 2807 μίας
2583 2735 2812 2805 ἄρχεται
2842 2727 3196 2798 ὲκπειράζειν
3226 2723 3410 2778 αὐτόν·
3438 2722 3532 2775 καὶ
3563 2718 3843 2780 τοιούτους
3866 2715 4014 2784 αὐτῷ

2421 2830 2719 2899 λογισμοὺς
2754 2822 3068 2886 ὑποϐάλλει,
3119 2820 3268 2881 οἵους
3301 2815 3608 2888 ἀνθρώπων
3657 2812 3760 2882 μὲν
3811 2811 4011 2872 οὐδεὶς,

2426 2925 2587 2996 μόνος
2615 2923 2672 2975 δὲ
2702 2923 2729 2973 6
2748 2918 2953 2972 τούτων
3003 2911 3188 2983 πατὴρ
3211 2909 3456 2971 διάϐολος
3477 2905 3818 2976 ὲφευρίσκει.
3843 2901 4017 2954 Τοῦτο

2423 3017 2479 3070 δὲ
2528 3016 2693 3077 ποιεῖ,
2731 3009 2944 3080 φθονῶν
2991 3005 3071 3076 τῷ
3118 3002 3392 3072 θεοφιλεῖ·
3448 3001 3538 3052 ἶνα
3580 3001 3659 3062 εἰς
3703 2996 4018 3063 ἀπόγνωσιν

2426 3107 2597 3163 ἐλθὼν
2647 3106 2722 3166 ὼς
2771 3100 2996 3156 τοιαῦτα
3033 3095 3357 3167 διανοηθεὶς,
3394 3091 3594 3164 μηκέτι
3641 3090 3897 3161 τολμήσῃ
3933 3088 4021 3140 διὰ

748 3206 888 3261 ctor,
940 3212 1050 3249 non
1082 3195 1320 3263 amplius
1372 3201 1634 3247 consueta
1685 3191 1880 3246 orandi
1942 3191 2204 3246 instantia
2258 3190 2324 3245 ad

2433 3205 2527 3272 τῆς
2582 3197 2847 3268 συνήθους
2908 3192 3220 3260 προσευχῆς
3281 3187 3419 3258 πρὸς
3464 3184 3628 3238 αὐτὸν
3681 3183 4020 3250 ἀναπτῆναι.

750 3290 923 3344 Deum
947 3288 1147 3342 audeat
1175 3287 1329 3341 eniti.
1355 3286 1499 3348 Nihil
1528 3294 1710 3340 tamen
1743 3284 1870 3339 inde
1900 3284 2325 3339 scelestissimus

744 3380 990 3452 proﬁcit,
1021 3388 1081 3433 ut
1114 3378 1259 3449 quod
1301 3378 1528 3432 molitur
1567 3392 1631 3432 ac
1664 3377 1850 3440 struit,
1895 3377 2002 3429 hoc
2035 3376 2327 3442 conficiat;

753 3473 888 3542 quin
915 3481 971 3525 et
1002 3471 1163 3540 longe
1202 3484 1306 3523 nos
1329 3467 1604 3522 ﬁrmiores
1629 3466 1754 3521 inde
1778 3466 1963 3521 efﬁcit.
2006 3467 2144 3520 Dum
2184 3467 2331 3520 enim

754 3579 936 3635 pugna
958 3561 1220 3623 lacessiti,
1249 3575 1483 3630 pugnam
1519 3558 1620 3628 ipsi
1651 3558 1978 3612 instruimus
1999 3573 2064 3612 ac
2087 3557 2335 3612 oblucta-

758 3671 904 3716 mur,
928 3653 1275 3724 probatiores
1322 3653 1376 3706 in
1404 3651 1500 3705 Dei
1523 3650 1795 3706 charitate
1817 3651 2113 3713 enitemus,
2154 3666 2216 3706 ac
2239 3650 2334 3720 qui

757 3747 1064 3804 sinceriore
1094 3745 1294 3801 affectu
1323 3745 1636 3815 diligamus.
1658 3743 1931 3798 Caeterum
1960 3761 1973 3795 :
2008 3742 2167 3814 41],
2205 3743 2336 3800 Cla-

760 3841 879 3894 dius
909 3840 1022 3905 eius
1039 3839 1201 3892 intret
1225 3839 1280 3892 in
1327 3854 1416 3891 cor
1444 3838 1579 3908 ejus,
1611 3846 1659 3890 et
1700 3853 1857 3890 arcus
1900 3834 2048 3890 illius
2103 3835 2340 3905 confrin-

761 3944 961 4008 gantur
991 3934 1057 3988 ³⁸.

839 4027 927 4080 15.
952 4023 1106 4080 Meus
1137 4023 1205 4078 iis
1237 4037 1296 4078 se
1318 4022 1486 4077 rebus
1524 4021 1806 4091 applicans
1829 4036 1951 4090 quae
1978 4020 2128 4076 cerni
2167 4019 2346 4076 oculis

767 4127 1026 4188 possunt,
1064 4132 1165 4187 pro
1191 4131 1258 4170 00
1293 4130 1357 4169 ac
1387 4122 1586 4168 natura
1624 4122 2001 4184 comparatum
2048 4120 2132 4166 εει
2179 4127 2347 4166 sensu

769 4212 954 4268 medio
982 4225 1071 4266 res
1098 4208 1371 4280 intelligit.
1407 4207 1486 4263 Ac
1531 4221 1712 4276 neque
1763 4220 1920 4259 mens
1973 4204 2088 4273 ipsa
2141 4205 2348 4258 malum

769 4314 879 4368 est,
898 4319 1078 4372 neque
1105 4303 1179 4357 ita
1206 4309 1266 4355 ut
1290 4308 1485 4355 natura
1503 4307 1878 4366 comparatum
1895 4305 1981 4350 est
2009 4296 2345 4367 intelligere;

770 4412 953 4464 neque
989 4410 1123 4448 vero
1148 4409 1257 4456 res,
1286 4406 1468 4460 neque
1501 4405 1715 4444 sensus.
1749 4387 1890 4442 Sunt
1915 4387 2062 4442 enim
2107 4388 2220 4442 haec
2252 4388 2351 4442 Dei

773 4500 961 4556 Opera.
997 4482 1138 4550 Quid
1165 4496 1297 4552 ergo
1334 4479 1578 4534 malum?
1600 4479 1768 4533 Planc
1810 4478 1982 4532 libido
2018 4487 2185 4547 atque
2217 4492 2352 4547 pas-

2430 3292 2594 3348 Οὐδὲν
2622 3291 2679 3343 δὲ
2736 3285 2984 3341 ἐντεῦθεν
3021 3281 3313 3351 ὠφελεῖται
3356 3281 3384 3332 6
3427 3277 3681 3347 ἀλάστωρ
3740 3274 3881 3346 πρὸς
3933 3275 4023 3327 τὸν

2433 3388 2563 3440 ἴδιον
2592 3381 2812 3436 σκοπόν·
2861 3377 3000 3432 ἀλλά
3050 3376 3145 3428 καὶ
3202 3371 3402 3443 μᾶλλον
3446 3368 3831 3440 βεϐαιοτέρους
3876 3369 4024 3437 ἡμᾶς

2434 3474 2830 3548 ἀπεργάζεται.
2875 3467 3282 3537 Πολεμούμενοι
3323 3461 3434 3530 γάρ
3464 3462 3558 3514 καὶ
3591 3458 4023 3529 ἀντιπολεμοῦνο

2435 3587 2547 3634 τες,
2577 3563 2935 3636 δοκιμώτεροι
2989 3561 3084 3614 καὶ
3115 3556 3478 3626 γνησιώτεροι
3534 3553 3617 3614 εἰς
3665 3549 3765 3617 τὴν
3804 3548 4026 3614 ἀγάπην

2437 3663 2532 3718 τοῦ
2567 3660 2704 3714 Θεοῦ
2741 3653 3132 3728 εὑρισκόμεθα.
3183 3652 3244 3707 Ἠ
3273 3647 3340 3702 δὲ
3363 3644 3634 3717 ῥομφαία
3669 3639 3862 3696 αὐτοῦ
3901 3640 4026 3692 εισ-

2439 3758 2604 3812 έλθοι
2635 3756 2722 3819 εις
2751 3750 3005 3819 καρδίαν
3026 3745 3238 3809 αὑτοῦ,
3263 3742 3361 3797 καὶ
3391 3740 3466 3794 τὰ
3487 3737 3635 3803 τόξα
3664 3733 3855 3790 αὐτοῦ
3882 3749 4028 3786 συν-

2443 3846 2689 3917 τριϐεΙη.

2521 4031 2601 4079 ιε’.
2635 4023 2694 4076 Ὀ
2743 4017 2869 4082 νοῦς
2907 4011 3213 4070 ἐπιϐάλλων
3263 4009 3378 4070 τοῖς
3413 4003 3650 4076 ὁρατοῖς,
3691 3997 3838 4052 κατά
3873 3994 4036 4065 φύσιν

2448 4121 2558 4174 νοεῖ
2576 4117 2646 4170 τά
2672 4113 2977 4184 πράγματα
3005 4107 3094 4160 διὰ
3123 4104 3295 4175 μέσης
3310 4099 3409 4167 τῆς
3435 4095 3772 4184 αἱσθήσεωςέ
3789 4089 3896 4184 κα)ἶ
3910 4087 4035 4184 οὔτε

2450 4216 2479 4267 6
2518 4210 2639 4272 νοῦς
2686 4180 2878 4268 κακὸν,
2904 4201 3027 4256 οὗτε
3068 4200 3128 4251 τὸ
3155 4196 3296 4249 κατά
3325 4191 3486 4262 φύσιν
3520 4190 3679 4240 νοεῖψ
3715 4181 3844 4237 οὔτε
3877 4180 4036 4272 δετά

2454 4302 2781 4373 πράγματα,
2812 4292 2938 4348 οὗτε
2981 4293 3016 4362 ἡ
3070 4287 3342 4357 αἴσθησις·
3391 4279 3530 4373 Θεοῦ
3573 4279 3680 4373 γάρ
3725 4277 3834 4373 εἰσ-ι
3868 4271 4037 4373 ταῦτα

2454 4363 2522 4448 τά
2564 4363 2720 4461 ἔργα.
2752 4386 2818 4439 Τί
2841 4381 2936 4437 οῦν
2977 4382 3094 4434 ἐστι
3125 4378 3185 4431 τὸ
3211 4375 3380 4429 κακόν
3405 4390 3420 4438 ;
3446 4372 3613 4442 Δῆλον
3655 4369 3737 4422 ὃτι
3772 4363 4038 4461 τδ-πάθος

2458 4483 2552 4538 τοῦ
2583 4479 2725 4535 κατά
2769 4475 2932 4547 φύσιν
2957 4473 3250 4543 νοήματος,
3279 4469 3417 4536 ὅπερ
3446 4463 3669 4517 δύναται
3703 4459 3781 4530 μὴ
3814 4453 3956 4510 εἶναι
3986 4456 4040 4506 ἐν

775 4576 859 4631 sio
902 4574 1174 4628 naturalis
1229 4579 1551 4642 conceptus,
1589 4586 1756 4640 quam
1804 4570 1942 4624 nihil
2004 4578 2172 4634 vetat,
2223 4570 2325 4625 dum

2462 4579 2530 4648 τῇ
2552 4574 2660 4628 τῶν
2691 4567 2980 4640 νοημάτων
3022 4561 3243 4634 χρήσει,
3267 4558 3363 4612 ἐὰν
3406 4556 3437 4608 6
3465 4552 3588 4615 νοῦς
3622 4551 3902 4623 γρηγορῇ.

776 4683 933 4723 mens
1005 4665 1315 4738 vigilaverit
1357 4705 1372 4729 ,
1430 4679 1461 4718 a
1541 4665 1743 4718 mentis
1803 4671 2171 4732 conccptuum
2254 4680 2356 4720 usu

776 4762 991 4816 abesse.

852 4854 940 4908 16.
966 4851 1166 4907 Libido
1188 4866 1285 4906 seu
1311 4850 1516 4921 passio,
1536 4856 1621 4904 est
1642 4846 1811 4901 animi
1838 4853 2022 4901 motus
2039 4856 2227 4902 contra
2255 4863 2356 4903 na-

850 4993 892 5026 ³⁷
924 4990 1068 5047 Psal.
1102 5003 1248 5051 xxvr,
1275 4985 1366 5040 27.
1445 4985 1489 5016 ³³
1515 4982 1657 5039 Psal.
1698 4997 1881 5047 xxxvr,
1917 4982 2004 5037 15.

849 5102 924 5172 (ο)
951 5101 1089 5156 Ἵνα
1128 5097 1393 5172 μειώσῃς
1415 5095 1486 5172 τέὶ
1513 5093 1691 5160 πάθη.
1728 5092 1866 5146 Male
1901 5091 2109 5172 Obso_p.
2141 5091 2210 5172 ad
2248 5107 2322 5146 nu

780 5165 996 5229 lucrum
1043 5170 1235 5229 trahit.
1281 5176 1338 5220 ut
1391 5165 1672 5234 affectuum
1723 5180 2003 5217 numerum
2040 5165 2360 5227 imminuas;

785 5247 1037 5313 beneque
1102 5241 1271 5295 Gesn.
1340 5235 1691 5298 emendavit,
1762 5234 2359 5313 gﬂ‘ectusuimminuas.

785 5303 992 5383 Nempe
1046 5323 1372 5383 pugnamus,
1443 5321 1587 5383 pou.
1619 5313 1684 5383 ut_
1725 5303 1834 5357 τῶν
1868 5303 2080 5383 ’παθῷν
2112 5303 2363 5374 ηυτεόειηι

786 5375 1270 5444 ειυΐεῐθειῐιιὶε,ἐειὶ,
1305 5386 1367 5432 ut
1393 5376 1460 5431 ad
1489 5375 1719 5430 rationis
1760 5375 2204 5430 mediocritatem
2240 5389 2363 5426 om-

786 5457 880 5510 nia
936 5453 1303 5507 reducamus:
1366 5448 1514 5518 quod
1571 5455 1628 5518 et
1681 5446 2056 5518 praestandum
2103 5444 2365 5518 admonet

790 5525 1080 5584 Maximus.
1134 5532 1193 5576 et
1247 5515 1401 5574 cum_
1435 5516 1879 5589 praestiterimus,
1935 5515 2241 5589 cavendum
2293 5530 2363 5568 ne

792 5593 1125 5665 negligentia
1162 5599 1352 5665 nostra
1378 5586 1586 5665 _iteru_m
1630 5597 1926 5665 crescant;_
1976 5586 2061 5665 vel
2094 5594 2154 5665 ut
2195 5595 2365 5665 partae

793 5611 935 5665 uegu
976 5611 1125 5648 entia
1162 5611 1352 5646 n05tra
1387 5611 1586 5644 Iterum
1630 5611 1914 5653 crescant;
1979 5611 2061 5640 νυι
2094 5611 2154 5640 ιιι
2198 5611 2365 5654 partes:

793 5611 972 5720 semcf
997 5663 1230 5717 virtutes
1260 5661 1424 5716 nobis
1453 5659 1735 5724 diﬂluant;
1781 5658 1929 5727 quod
1989 5656 2063 5710 ait
2102 5655 2284 5710 facere
2311 5662 2369 5708 ct

792 5750 1025 5798 cavere;
1059 5732 1388 5802 ἐργάζεσθαι
1421 5731 1514 5785 καὶ
1539 5729 1854 5802 φυλάσσειν
1883 5744 1980 5783 seu
2019 5727 2186 5781 etiam
2211 5741 2368 5794 para-

800 5823 882 5867 re,
907 5814 963 5861 et
985 5799 1145 5874 parta
1173 5816 1539 5867 conservare;
1588 5799 1736 5870 quod
1797 5807 2094 5868 utrumque
2143 5812 2208 5852 ea
2261 5811 2365 5848 vox

797 5877 1008 5949 patitur
1038 5884 1099 5930 ut
1130 5887 1483 5944 exponamus.

2538 4847 2633 4907 ις’.
2669 4834 2851 4898 Πάθος
2877 4830 2996 4885 ἐστὶ
3034 4827 3111 4900 (ρ)
3149 4827 3366 4897 κίνησις
3382 4820 3561 4892 ψυχῆς
3601 4813 3756 4886 παρά
3795 4811 4043 4884 quitrth

2527 5088 2605 5161 (p)
2633 5081 3011 5161 "dapes.qu
3029 5077 3135 5161 _Sic
3155 5075 3384 5161 Cent.“r,
3402 5087 3466 5161 ο.
3493 5072 3890 5161 ’προσ-χει
3915 5069 4048 5161 alte:

2458 5140 3066 5230 Re\gi'icodd_.'habent,
3109 5163 3224 5230 non
3263 5145 3479 5230 adjecta
3501 5140 4047 5230 νοοειιξιξκτδνὶηιιὲ

2458 5219 2571 5287 ιιεὲ
2591 5225 2888 5283 admodum
2914 5219 3250 5280 necessaria,
3285 5231 3412 5271 cum
3446 5219 3754 5287 pragsertim
3781 5221 4052 5287 sequatur

2460 5281 2848 5357 aliteroistatim
2884 5309 3008 5362 cap.
3045 5289 3312 5362 Ἀπάθειά
3351 5281 3488 5338 ἐστὶ.
3535 5281 3607 5362 Ut
3640 5283 3792 5362 enim
3835 5282 3962 5362 hac
3998 5282 4052 5362 in

2461 5351 2748 5431 virtutem,
2780 5367 2863 5420 sic
2916 5351 3052 5418 illud
3091 5361 3150 5414 in
3189 5359 3384 5431 vitium
3431 5361 3623 5431 sonat,
3665 5353 3749 5407 sic
3779 5351 4053 5431 _absol_u_t_c

2465 5422 2779 5513 prolatum;
2813 5444 2876 5504 ut
2898 5443 2955 5489 et
2984 5431 3146 5487 nobis
3181 5422 4056 5513 libido,actqpodpassimreddit

2469 5493 3010 5580 lliieronym'us:eam
3057 5498 3274 5580 vocent)
3324 5493 3672 5580 pert-urentia:
3742 5493 3910 5574 Unde
3957 5507 4056 5546 nec

2468 5565 2641 5637 Stoici
2675 5565 2732 5633 in
2759 5576 3009 5645 sapiente
3031 5573 3098 5626 τὰ
3128 5565 3274 5637 πάθη
3299 5565 3703 5646 admittebant;
3730 5565 3816 5646 sic
3854 5577 4052 5646 pempe

2469 5634 2664 5708 stricte
2715 5634 2941 5716 accepta
2984 5660 3050 5716 ea
3109 5634 3293 5716 voee';
3347 5652 3474 5693 cum
3515 5634 4056 5716 p_ietas_phri.sti_ana

2470 5704 2876 5788 nourespuat';
2910 5715 3007 5770 sed
3039 5711 3360 5788 μειωίλεντα.
3389 5716 3447 5762 et
3490 5705 3562 5788 ad
3608 5704 4054 5788 mediocritatem

2473 5773 3277 5853 rationis-redacta,quomodo
3324 5781 3436 5853 jam
3472 5775 3627 5853 fiupt
3660 5776 3928 5853 virtutes.
3964 5773 4056 5826 Hic

2474 5862 2738 5916 Maximus
2772 5857 2929 5928 quasi
2961 5846 3130 5910 udum
3163 5846 3339 5906 habet
3365 5849 3445 5913 τὸ,
3472 5847 3652 5910 Πάθος
3682 5855 3737 5899 et
3771 5846 3987 5898 Kent-2:1.
