4208 6436
284 409 389 470 989

1158 409 1512 477 CAPITUM
1549 417 1644 475 DE
1682 414 2113 475 CllARlTA'l-‘E
2152 416 2540 477 CENTUIUA
2579 417 2661 478 ΙΙ.

3433 416 3545 481 990

282 524 384 574 επὶ
412 524 591 594 φιλίαν
632 526 896 597 ἄλογον,ἢ
932 529 1022 580 ἐπὶ
1070 530 1227 597 μῖσος
1280 529 1529 599 ἄκριτον,
1570 528 1605 598 ἦ
1641 528 1846 591 τινος,ἱ

1975 534 2295 589 turam,aut
2341 529 2396 580 in
2439 543 2682 581 amorem
2735 528 2951 584 ratione
2996 536 3299 593 carentem,
3347 536 3444 583 aut
3492 530 3549 583 in

276 617 374 671 διά
411 635 463 669 τι
493 618 601 670 τῶν
636 620 928 688 αἰσθητῶν.
958 614 1085 672 Οῖον
1112 621 1204 671 ἐπὶ
1243 621 1342 689 μὲν
1371 620 1554 685 φιλίαν
1584 620 1798 686 ἄλογον,
1829 619 1862 688 ἢ

282 711 617 780 βρώμάτων,
642 713 972 781 ἢγυναικὸς,
1001 712 1033 781 ἢ
1062 713 1383 781 χρημάτων,
1410 711 1442 780 ἢ
1474 710 1634 780 δόξης
1667 726 1867 778 παρερ-

278 804 545 871 χομένης,
586 804 787 871 ἥτινος
823 803 987 855 ἄλλου
1018 803 1123 854 τῶν
1155 802 1450 871 αἰσθητῶν,
1551 802 1639 853 διὰ
1666 799 1860 852 ταῦτα.

295 892 417 946 Ἐπὶ
444 898 599 963 μῖσος
630 895 685 948 δέ
734 896 976 963 ἄκριτον
1009 891 1118 948 οἷον
1159 895 1193 965 ἡ
1227 911 1372 957 τινος
1398 894 1504 946 τῶν
1530 892 1865 963 προειρημέ-

278 1005 409 1043 νων.
440 988 511 1049 ὡς
541 990 776 1057 εἴρηται,
818 987 851 1056 ἧ
882 986 1017 1056 πρός
1049 1004 1170 1038 τινα
1202 985 1290 1037 διά
1312 984 1509 1038 ταῦτα.

1970 620 2157 674 odium
2195 623 2564 690 sinejudicm,
2604 626 2718 677 sive
2746 622 2978 691 alicujus
3028 620 3130 683 rei,
3163 619 3279 674 sive
3320 627 3547 689 propter

1968 724 2081 763 rem
2106 712 2344 779 aliquam
2375 712 2426 764 in
2455 727 2677 765 sensum
2710 711 3019 766 cadentem.
3048 711 3184 765 Puta
3219 709 3273 763 in
3300 723 3543 787 amorem

1969 804 2181 857 ratione
2210 812 2511 863 carentem,
2544 811 2640 856 aut
2670 802 2938 865 ciborum,
2960 810 3053 855 aut.
3079 801 3265 855 uxoris
3296 815 3394 854 seu
3420 815 3537 854 mu-

1964 889 2137 953 lieris,
2165 902 2260 944 aut
2284 894 2657 959 pecuniarum.
2697 901 2792 945 aut
2818 891 2974 945 ﬂuxa!
2997 893 3202 961 gloriae,
3233 899 3328 945 aut
3353 891 3542 961 cujus-

1964 989 2108 1055 piam
2149 990 2378 1043 alterius
2422 991 2767 1045 sensibilium
2797 1031 2809 1053 ,
2860 997 2955 1043 aut
3006 999 3231 1058 propter
3283 988 3420 1043 lia-c.
3476 986 3537 1040 In

278 1080 475 1133 odium
505 1097 635 1135 vero
657 1079 777 1133 sine
804 1080 1035 1149 judicio,
1074 1089 1224 1149 puta,
1254 1088 1349 1133 aut
1389 1079 1623 1150 alicujus
1668 1092 1860 1131 eorum
1901 1094 2021 1148 qua:
2050 1082 2196 1137 dicta
2225 1093 2373 1149 sunt,
2402 1086 2479 1138 uti
2508 1084 2717 1139 dictum
2739 1092 2844 1148 est,
2873 1092 2967 1137 aut
3024 1081 3078 1135 in
3140 1080 3375 1151 aliquem
3406 1096 3535 1150 pro-

278 1185 405 1241 pter
431 1173 542 1227 illa.

354 1266 443 1327 ιζ’.
490 1266 563 1317 Ἢ
603 1265 766 1319 πάλιν
820 1265 986 1318 κακία
1037 1266 1204 1327 ἐστὶν,
1249 1266 1283 1332 ἡ
1316 1261 1629 1333 ἐσφαλμένη
1678 1262 1857 1332 κρίσις

274 1354 389 1407 τῶν
420 1358 731 1425 νοημάτων,
855 1355 1216 1407 ἐπακολουθεῖ
1273 1357 1306 1424 ή
1350 1356 1698 1423 napéxprjsi;
1748 1352 1857 1405 τῶν

277 1447 647 1516 πραγμάτων.
683 1443 808 1500 Οίον
836 1448 911 1511 ὠς
943 1447 1036 1500 ἐπὶ
1060 1448 1159 1514 τῆς
1197 1446 1475 1513 γυναικὸς,
1508 1447 1541 1516 η
1570 1443 1704 1514 ὀρθὴ
1732 1442 1856 1512 κρί-

277 1556 362 1601 σις
399 1539 497 1609 τῆς
527 1540 834 1603 συνουσίας,
883 1541 912 1591 ὁ
961 1538 1164 1601 σκοπός
1195 1539 1312 1590 ἐστι
1348 1536 1450 1605 τῆς
1492 1534 1850 1596 παιδοποιίας.

287 1629 347 1680 Ὀ
379 1627 473 1683 οὖν
506 1632 585 1694 εἰς
630 1631 731 1701 τὴν
753 1631 945 1701 ἡδονὴν
976 1629 1441 1698 ὰποὸλεψάμενος,
1482 1626 1691 1697 ἐσφάλη
1725 1625 1853 1695 περὶ

2040 1264 2126 1319 17.
2164 1267 2271 1320 Aut
2293 1282 2486 1320 rursus
2523 1267 2716 1321 vitium
2744 1273 2828 1320 est
2846 1266 2957 1319 sive
2989 1265 3228 1334 pravitas
3253 1278 3319 1317 ac
3377 1262 3531 1315 mali-

1967 1356 2062 1419 tia,
2091 1357 2287 1412 falsum
2317 1359 2483 1412 animi
2534 1366 2899 1427 conceptuum
2947 1370 3339 1422 sensoruinque
3387 1354 3538 1424 judi-

1961 1444 2133 1509 cium,
2169 1446 2315 1514 quod
2342 1446 2549 1501 abusus
2589 1461 2770 1500 rerum
2830 1444 3102 1513 sequitur.
3132 1443 3292 1496 Verbi
3336 1441 3529 1511 gratia,

1962 1534 2016 1588 in
2043 1553 2234 1602 uxore,
2261 1547 2471 1592 rectum
2505 1538 2714 1606 copulae
2759 1536 3029 1606 judicium
3075 1542 3179 1597 est,
3226 1532 3531 1587 liberorum

1959 1626 2440 1695 suscipiendorum
2472 1626 2616 1681 ﬁnis.
2639 1626 2740 1693 Qui
2776 1628 2940 1697 igitur
2959 1625 3026 1679 ad
3060 1624 3394 1693 voluptatem
3429 1636 3530 1677 seu

271 1721 378 1790 τὴν
434 1722 640 1792 κρίσιν,
682 1722 745 1774 τὸ
777 1723 851 1792 μὴ
888 1721 1049 1773 καλὸν
1075 1720 1151 1784 ὼς
1178 1719 1343 1774 καλὸν
1376 1718 1743 1788 ἡγησάμενος.
1794 1717 1846 1768 'U

1964 1716 2243 1771 libidinem
2270 1718 2500 1788 aspexit,
2538 1718 2585 1771 is
2610 1718 2818 1787 judicio
2844 1715 3010 1770 falsus
3038 1724 3142 1779 est,
3169 1714 3261 1783 qui
3293 1728 3404 1767 non
3425 1712 3531 1767 bo-

272 1813 409 1879 γοῦν
434 1813 698 1877 τοιοῦτος,
726 1811 1082 1883 παραχρῆται
1111 1812 1333 1878 γυναικὶ
1350 1808 1853 1877 συνουσιαζόμενος.

275 1904 392 1957 Καὶ
416 1905 509 1956 ἐπὶ
584 1904 693 1958 τῶν
762 1904 937 1958 ἄλλων
1013 1904 1360 1974 πραγμάτων
1417 1902 1512 1954 καὶ
1567 1900 1855 1971 νοημάτων

268 1995 498 2065 ὁμοίως.

348 2090 439 2154 ιη’.
472 2084 603 2137 Ὅτε
650 2083 740 2137 τὸν
767 2085 892 2137 νοῦν
944 2102 1037 2137 σου
1089 2086 1141 2137 ol
1179 2083 1293 2155 [Fr.
1334 2085 1504 2137 Ὅταν
1554 2084 1735 2135 τοίνυν
1762 2083 1854 2135 τὸν

266 2174 397 2227 νοῦν
438 2173 512 2245 οἱ]
557 2174 809 2244 δαίμονες
848 2176 949 2244 τῆς
984 2176 1340 2246 σωφροσύνης
1369 2175 1706 2236 ἐκϐαλόντες,
1743 2174 1852 2233 τοῖς

264 2268 371 2336 τῆς
406 2268 664 2336 πορνείας
691 2269 969 2339 λογισμοῖς
1024 2266 1503 2338 περικυκλώσωσι,
1554 2266 1675 2319 τότε
1713 2266 1849 2335 μετά

261 2360 523 2431 δακρλων
563 2358 687 2426 λέγε
723 2360 857 2428 πρὸς
891 2362 980 2412 τὸν
1015 2361 1314 2429 Δεσπότην·
1359 2360 1753 2427 Ἐκὸαλόντες
1772 2378 1849 2429 με

262 2453 388 2506 νῦν
436 2454 932 2520 περιεκύκλωσὰν
970 2470 1066 2520 με,
1100 2454 1164 2506 τὸ
1204 2452 1552 2522 ἀγαλλιαμά
1582 2471 1700 2522 μου
1738 2454 1847 2506 λύ-

262 2544 492 2612 τρωσαί
521 2544 756 2612 με,άπὸ
789 2543 908 2596 τῶν
935 2544 1381 2597 κυκλωσάντων
1398 2562 1477 2613 με
1499 2561 1513 2574 ·
1549 2544 1642 2597 καὶ
1675 2544 1840 2617 σώζῃ.

341 2634 427 2689 ιθθ.
473 2636 655 2702 Βαρὺς
683 2638 711 2688 6
760 2636 861 2705 τῆς
901 2636 1157 2704 πορνείας
1204 2636 1441 2706 δαίμων,
1473 2638 1570 2688 καὶ
1602 2637 1846 2706 σφοδρῶς

261 2728 569 2786 ἐπιτίθεται
601 2730 715 2792 τοῖς
776 2728 920 2782 κατὰ
969 2729 1064 2782 τοῦ
1125 2729 1332 2793 πάθους
1398 2730 1841 2801 ἀγωνιζομένοις·

258 2819 363 2872 καὶ
396 2818 630 2890 μάλιστα
668 2820 726 2871 ἐν
755 2822 821 2890 τῇ
855 2818 1088 2890 ἀμελείᾳ
1116 2820 1216 2889 τῆς
1238 2820 1471 2890 διαίτης,
1505 2824 1598 2876 καὶ
1629 2825 1686 2875 ἐν
1720 2827 1842 2885 ταῖς

260 2911 578 2982 συντυχίαις
600 2912 708 2964 τῶν
728 2911 1023 2981 γυναικῶν.
1045 2911 1362 2982 Δεληθότως
1383 2913 1494 2982 γὰρ
1516 2915 1582 2985 τῇ
1608 2912 1842 2985 λειότητι

256 3005 363 3073 τῆς
396 3002 591 3074 ἡδονῆς
627 3004 980 3057 ὑποκλέπτων
1031 3004 1121 3055 τὸν
1171 3003 1315 3068 νοῦν,
1349 3006 1639 3074 μετέπειτα
1672 3008 1842 3075 ἐπεμ-

257 3096 439 3149 σαίνει
470 3095 558 3148 διά
587 3098 685 3166 τῆς
717 3098 936 3166 μνήμης
966 3098 1291 3167 ἡσυχάζοντι
1320 3097 1421 3167 (q),
1460 3098 1521 3149 τό
1590 3114 1650 3149 τε
1680 3100 1837 3168 σῶμα

258 3185 603 3255 ὲμπυρίζων,
636 3187 730 3239 καὶ
768 3188 1019 3250 ποικίλας
1058 3187 1272 3257 μορφὰς
1309 3187 1389 3258 τῷ
1427 3188 1501 3257 νῷ
1532 3189 1834 3259 παριστῶν.

259 3276 355 3329 Διὸ
388 3277 483 3329 καὶ
531 3276 669 3346 πρὸς
710 3277 807 3344 τὴν
859 3278 1262 3345 συγκατάθεσιν
1307 3278 1405 3347 τῆς
1433 3279 1708 3347 ἁμαρτίας
1738 3281 1836 3331 αὑο

256 3368 354 3420 τὸν
391 3369 725 3422 ἐκκαλεῖται·
759 3369 830 3433 ἃς
868 3370 962 3423 ἐὰν
993 3370 1153 3441 θέλῃς
1183 3368 1263 3440 μὴ
1285 3371 1618 3441 ἐγχρονίζειν
1649 3374 1706 3424 ἐν
1730 3372 1832 3431 σοὶ.

258 3462 518 3529 νηστείαν
548 3461 819 3515 άναλαὸοὖ
870 3462 967 3516 καὶ
1027 3463 1195 3517 κόπον
1243 3464 1337 3516 καὶ
1384 3464 1712 3532 ἀγρυπνίαν,
1742 3466 1833 3517 καὶ

254 3550 359 3619 τὴν
382 3550 554 3620 καλὴν
583 3550 812 3621 ἡσυχίαν
849 3551 987 3620 μετὰ
1015 3551 1265 3615 ἐκτενοῦς
1296 3554 1621 3623 προσευχῆς.

327 3735 398 3785 κ’.
439 3728 503 3782 Οἱ
556 3728 655 3799 τὴν
697 3726 875 3798 ψυχὴν
923 3727 1079 3797 ἡμῶν
1130 3728 1218 3781 ἀεὶ
1247 3727 1554 3798 ζητοῦντες,
1608 3730 1695 3784 διὰ
1724 3731 1832 3785 τῶν

253 3820 522 3892 ὲμπαθῶν
547 3819 821 3889 λογισμῶν
850 3819 1105 3890 ζητοῦσιν
1134 3821 1268 3891 (l6),
1302 3821 1389 3874 ἵνα
1420 3822 1590 3892 αὐτὴν
1618 3824 1698 3886 εἰς
1733 3825 1833 3893 τὴν

252 3916 399 3968 κατὰ
430 3915 691 3979 διάνοιαν,
729 3912 764 3981 ἢ
796 3912 893 3983 τὴν
936 3913 1059 3966 κατ’
1104 3913 1383 3983 ἐνέργειαν
1426 3916 1699 3985 ἁμαρτίαν
1731 3916 1832 3986 ἐμο

253 4006 514 4061 ϐάλωσιν.
541 4006 713 4059 Ὀταν
750 4000 843 4058 οὖν
894 4003 1097 4077 εὕρωσι
1137 4006 1229 4057 τὸν
1260 4004 1386 4060 νοῦν
1420 4007 1497 4077 μὴ
1535 4008 1832 4079 παραδεχό-

258 4108 442 4160 μενον,
506 4091 628 4144 τότε
683 4090 1134 4161 αίσχυνθήσονται
1201 4094 1297 4144 καὶ
1363 4095 1825 4165 ἐντραπήσονταιδ

252 4183 386 4235 ὅταν
417 4180 474 4233 δέ
504 4182 571 4251 τῇ
596 4183 941 4251 πνευματικῇ
974 4180 1180 4254 θεωρία
1200 4184 1678 4254 ἐνασχολούμενον,
1706 4188 1828 4239 τότε

252 4272 770 4342 ἀποστραφήσονται
795 4272 889 4325 καὶ
917 4273 1473 4345 καταισχυνθήσονται
1509 4277 1711 4348 σφόδρα
1740 4279 1827 4333 διά

250 4361 468 4432 τάχους.

328 4456 434 4502 κα’.
498 4450 756 4503 Διακόνου
815 4450 973 4519 λόγον
1029 4453 1215 4523 ἐπέχει
1256 4454 1352 4526 (r),
1408 4458 1438 4508 6
1507 4459 1644 4529 πρὸς
1697 4462 1824 4525 τοὺς

255 4542 438 4615 ἱεροὺς
466 4541 682 4609 ἀγῶνας
724 4541 959 4610 ἀλείφων
982 4544 1073 4596 τὸν
1098 4544 1243 4609 νοῦν,
1278 4547 1373 4599 καὶ
1396 4547 1521 4610 τοὺς
1564 4552 1828 4620 ἐμπαθεῖς

251 4633 550 4702 λογισμοὺς
587 4632 910 4686 ἀπελαύνων
954 4636 1049 4686 ἀπ’
1090 4635 1276 4688 αὐτοῦ·
1331 4639 1704 4709 πρεσϐυτέρου
1747 4643 1822 4707 δὲ,

249 4727 281 4777 6
318 4727 401 4789 είς
428 4727 527 4797 τὴν
564 4726 766 4795 γνῶσιν
805 4729 912 4781 τῶν
940 4729 1110 4781 ὄντων
1136 4728 1407 4797 φωτίζων,
1448 4734 1541 4786 καὶ
1571 4735 1668 4804 τὴν
1701 4735 1827 4805 ψευ-

326 4859 371 4895 ³⁹
400 4860 541 4917 Psal.
576 4879 682 4929 xvr,
712 4864 807 4931 ll;
840 4880 985 4930 xxxi,
1014 4866 1068 4920 7.
1143 4867 1347 4922 “Psal.
1375 4884 1452 4935 vr,
1488 4870 1573 4923 ll.

330 4999 405 5072 (q)
448 5002 820 5077 Ἐπεμϐαζνει
859 5002 963 5077 διὰ.
993 5003 1104 5071 τῆς
1132 5003 1378 5077 μνήμης
1398 5075 1409 5077 _
1428 5009 1811 5077 ἡσυχάζοντι.

251 5070 313 5127 ld
336 5070 635 5147 prtesertim
659 5073 726 5126 ad
749 5070 1073 5135 monachos,
1091 5070 1185 5143 qui
1212 5070 1658 5147 ἡσυχάζοντεξθι
1689 5081 1815 5147 ἡσυ-

250 5141 455 5214 χασταὶ
500 5153 908 5214 nuncupantur,
958 5141 1125 5214 quasi
1171 5141 1347 5198 amica
1377 5148 1677 5205 solitudine
1709 5141 1810 5203 sae-

250 5210 523 5266 cularium
588 5210 837 5266 ninnium
868 5230 931 5269 ac
975 5210 1231 5268 curarum
1294 5215 1670 5281 immunitate,
1719 5221 1812 5274 uni

250 5282 391 5359 Deo,
423 5296 487 5359 ac
508 5281 574 5335 iis
596 5284 1108 5359 qu_ze,suntsalutis,
1134 5293 1414 5359 vacantes.
1440 5287 1556 5359 Illis
1601 5304 1733 5359 ergo
1783 5308 1811 5344 a

250 5350 590 5420 neglectiore
620 5350 803 5407 ’victus
842 5354 1076 5414 ratione,
1127 5370 1193 5407 ac
1216 5350 1814 5412 muliercularum'col-

249 5421 477 5493 loquiis,
514 5436 614 5493 per
645 5424 969 5493 memoriam
1017 5424 1297 5493 obrepunt
1339 5426 1636 5491 daemones,
1682 5430 1812 5483 dum

247 5491 452 5549 sedent
470 5491 725 5562 solitarii,
754 5508 820 5547 ac
843 5509 967 5548 cum
1002 5510 1101 5562 per
1130 5491 1445 5553 solitudinis
1468 5500 1811 5553 occasionem

245 5576 313 5616 se
340 5561 749 5633 supra__levare
786 5561 1090 5633 deberent:
1141 5564 1361 5633 jamque
1407 5566 1462 5620 in
1494 5569 1814 5622 coelestibus

245 5629 666 5706 versa’rixnl‘iibil
693 5647 802 5706 ere
830 5632 1034 5706 Obsop.
1056 5629 1389 5706 Ac’deinbeps
1420 5654 1513 5706 per
1548 5642 1815 5693 memoria:

244 5700 700 5773 tranquillitatem
720 5700 1033 5773 ingreditur.
1083 5705 1161 5758 Ac
1216 5700 1511 5760 nec'Ge'sn.
1548 5708 1815 5762 Memoria!

243 5771 455 5823 incauti
473 5779 521 5823 et
546 5771 790 5825 securise'
809 5774 1065 5827 insinuat.
1100 5773 1191 5827 Sic
1240 5774 1501 5829 nimirum
1534 5778 1813 5832 Calvinia-

245 5854 359 5895 nus
405 5841 632 5908 candor,
676 5842 730 5898 ni
774 5844 947 5915 magis
983 5844 1272 5914 supinitas,
1326 5846 1515 5917 reique
1551 5850 1811 5904 ecclesia-

1856 4417 1905 4474 ι)

1958 1825 2089 1862 num
2119 1818 2373 1879 tanquam
2402 1811 2606 1864 bonum
2627 1809 3000 1865 aestimaverit.
3050 1806 3154 1873 Qui
3203 1807 3371 1877 igitur
3404 1806 3530 1861 talis

1955 1908 2064 1960 est,
2125 1899 2321 1968 copula
2365 1900 2634 1953 abutitur.
2680 1898 2947 1951 Similiter
3005 1911 3222 1966 quoque
3254 1897 3311 1950 in
3362 1896 3529 1951 rebus

1954 1988 2097 2050 aliis,
2127 1997 2290 2058 atque
2309 1990 2476 2043 animi
2501 1990 2696 2044 sensis.

2026 2078 2111 2134 l8.
2133 2080 2269 2135 Cum
2294 2082 2476 2151 itaque
2506 2083 2781 2137 dannones
2807 2089 3045 2135 mentem
3090 2090 3237 2134 tuam
3273 2094 3303 2132 a
3350 2079 3517 2133 casti-

1953 2174 2084 2226 tatis
2108 2188 2235 2229 arce
2267 2174 2558 2245 dejcctam,
2598 2173 2951 2229 scortationis
2979 2189 3043 2226 ac
3090 2172 3337 2226 libidinis
3373 2172 3523 2241 cogi-

1952 2264 2254 2319 tationibus
2280 2264 2769 2329 circumdederiut,
2786 2276 2916 2319 tunc
2941 2264 2996 2317 in
3028 2266 3297 2333 laerymas
3315 2261 3524 2315 ell'usns

1951 2357 2128 2410 dicito
2176 2355 2244 2410 ad
2280 2356 2571 2411 Dominum
2606 2376 2619 2411 :
2656 2358 2936 2425 Ejicientes
2980 2372 3062 2409 me
3114 2370 3252 2408 nunc
3294 2356 3520 2407 circum—

1948 2445 2205 2498 dederunt
2243 2464 2356 2511 me;
2392 2448 2676 2501 exsultatio
2706 2464 2821 2501 mea
2856 2463 2982 2500 elue
3009 2462 3091 2498 me
3118 2462 3149 2498 α
3183 2444 3522 2498 circumdan-

1948 2538 2083 2590 tibus
2111 2556 2191 2592 me
2220 2538 2264 2570 ”
2288 2555 2302 2603 ;
2330 2548 2385 2593 et
2412 2540 2594 2594 salvus
2627 2540 2760 2594 eris.

2018 2628 2105 2683 l9.
2130 2628 2324 2684 Gravis
2357 2637 2443 2683 est
2476 2640 2533 2684 et
2566 2631 2830 2684 molestus
2876 2628 3231 2686 scortationis
3285 2628 3518 2691 daemon,

1945 2720 2438 2790 vehementiusque
2461 2736 2559 2777 eos
2590 2722 2895 2793 impugnat,
2942 2724 3036 2792 qui
3070 2722 3335 2778 adversus
3392 2715 3519 2777 libi-

1943 2810 2129 2865 dinem
2171 2820 2450 2866 certamen
2478 2821 2842 2883 susceperunt
2870 2831 2883 2866 :
2912 2814 3079 2884 idque
3111 2815 3346 2869 maxime
3390 2830 3517 2869 cum

1942 2902 2248 2972 neglectior
2268 2904 2450 2958 victus
2480 2905 2620 2958 ratio
2653 2914 2760 2969 est,
2795 2905 2926 2959 etin
2980 2905 3275 2975 colloquiis
3322 2906 3518 2962 mulie-

1942 3008 2085 3046 rum.
2124 2993 2463 3064 lmprudenti
2515 2995 2663 3049 enim
2706 2998 3004 3067 voluptatis
3032 2999 3290 3054 illecebra
3331 2999 3515 3055 animo

1944 3083 2235 3154 obrepens,
2278 3086 2627 3155 postmodum
2657 3103 2841 3142 secum
2874 3088 3072 3157 ipsum,
3098 3090 3323 3158 otioque
3352 3103 3515 3157 agenc

1946 3184 2075 3237 tem,
2107 3191 2203 3244 per
2232 3178 2554 3232 memoriam
2576 3181 2910 3248 aggreditur,
2950 3189 3063 3234 tum
3114 3194 3319 3252 corpus
3349 3180 3514 3234 ardo-

1943 3266 2097 3317 ribus
2124 3265 2445 3331 incendens,
2480 3276 2594 3319 tum
2633 3282 2761 3321 vero
2791 3269 2959 3321 menti
3011 3269 3260 3324 diversas
3310 3268 3513 3324 fortnas

1941 3356 2268 3410 obtendens.
2294 3357 2421 3421 llas,
2444 3359 2487 3411 si
2513 3358 2565 3410 in
2600 3369 2651 3411 te
2677 3360 2881 3412 morari
2910 3360 3072 3425 nolis,
3102 3359 3372 3429 jejunium
3422 3376 3511 3415 as-

1942 3464 2097 3502 sume
2154 3458 2209 3502 et
2259 3449 2501 3503 laborem
2548 3459 2603 3503 et
2648 3450 2883 3519 vigilias,
2946 3451 3342 3522 bonestamque
3384 3468 3509 3506 cum

1939 3540 2151 3609 prolixa
2197 3538 2358 3610 512
2390 3540 2640 3595 oratione
2666 3541 2913 3594 vacantis
2954 3542 3124 3594 animi
3163 3542 3405 3612 quietem
3448 3556 3511 3597 ac

1939 3630 2310 3684 solitudinem.

2006 3730 2093 3783 20.
2113 3730 2217 3797 Qui
2247 3731 2486 3785 animam
2510 3740 2755 3787 nostram
2780 3748 3000 3805 semper
3023 3742 3295 3803 quaerunt,
3317 3751 3418 3805 per
3443 3735 3498 3791 li.

1938 3822 2219 3879 bidinosas
2239 3831 2403 3893 atque
2416 3823 2549 3877 vitio
2567 3823 2837 3878 haerentes
2851 3824 3209 3893 cogitationes
3233 3834 3506 3895 quaerunt,

1938 3926 1999 3970 ut
2025 3915 2078 3968 in
2106 3923 2389 3985 peccatum
2434 3915 2580 3985 quod
2618 3915 2671 3968 in
2697 3924 2880 3970 mente
2917 3926 3189 3979 versatur,
3227 3916 3315 3971 vel
3358 3918 3504 3987 quod

1936 4003 2057 4073 ipso
2093 4015 2217 4057 actu
2244 4014 2513 4072 patratur,
2554 4004 2871 4074 conjiciant.
2897 4004 3002 4059 Ubi
3042 4006 3211 4075 igitur
3262 4006 3505 4061 animum

1935 4096 2035 4149 lias
2059 4111 2169 4149 non
2217 4095 2599 4150 admittentem
2654 4096 2985 4164 invenerint,
3017 4106 3151 4152 tunc
3177 4096 3503 4152 erubescent

1933 4202 1997 4241 ac
2018 4187 2232 4257 pudore
2260 4188 2683 4253 sulfundentur;
2712 4188 2804 4242 ubi
2831 4198 3016 4243 autem
3046 4189 3282 4259 spiritali
3315 4205 3502 4243 vacan-

1934 4288 2041 4333 tem
2076 4278 2545 4348 contemplationi,
2567 4287 2699 4333 tunc
2735 4294 2794 4334 se
2821 4280 2876 4333 in
2898 4280 3079 4352 fugam
3109 4283 3420 4353 proripient
3446 4294 3500 4339 et

1931 4369 2338 4424 confundentur
2366 4370 2527 4425 valde
2568 4370 2829 4425 velociter
2846 4372 2912 4424 ι’.
3462 4362 3465 4365 ⁷

2002 4462 2092 4515 21.
2115 4461 2337 4515 Diaeoni
2363 4477 2652 4529 personam
2683 4463 2847 4532 gerit,
2878 4464 2972 4532 qui
2998 4463 3064 4518 ad
3085 4478 3271 4520 sacros
3298 4479 3498 4535 agones

1929 4554 2174 4609 animum
2206 4553 2441 4623 inungit,
2474 4562 2637 4622 atque
2661 4554 2728 4608 ab
2755 4569 2822 4608 eo
2859 4554 3182 4611 libidinosas
3216 4556 3497 4627 cogitatio.

1928 4663 2028 4702 nes
2050 4645 2223 4717 abigit
2255 4664 2269 4700 :
2301 4646 2610 4717 presbyteri
2650 4656 2858 4710 autem,
2887 4648 2981 4718 qui
3023 4664 3206 4703 rerum
3266 4648 3495 4705 scientia

1929 4738 2185 4804 illustrat,
2212 4752 2276 4793 ac
2300 4737 2422 4793 falsi
2446 4739 2686 4793 nominis
2714 4739 2998 4796 scientiam
3031 4742 3341 4811 proscribit.
3366 4743 3493 4813 Epi-

1919 5012 2073 5087 stica:
2104 5012 2432 5087 ignorantia,
2462 5015 2588 5070 unis
2626 5015 2735 5070 illis
2768 5016 3101 5087 indulgenda
3137 5017 3231 5086 qui
3260 5032 3363 5073 nec
3384 5018 3491 5075 Ec-

1919 5082 2140 5136 clesiam
2176 5084 2406 5137 scivere.

1993 5151 2062 5223 (r)
2086 5154 2376 5227 Διακᾴνου
2410 5153 2597 5227 λόγον
2632 5154 2854 5227 ἐπέχει.
2881 5155 3089 5227 Obsop.
3115 5156 3347 5212 Ministri
3379 5178 3492 5214 ser—

1920 5239 2124 5293 monem
2137 5224 2403 5291 sapienter
2418 5224 2659 5275 sustinet.
2679 5225 2884 5293 Inepte.
2907 5224 3076 5280 Paulo
3092 5227 3307 5286 melius.
3323 5229 3487 5285 Gesn.

1925 5292 2143 5347 Diaconi
2166 5309 2257 5345 seu
2279 5294 2515 5371 ministri
2545 5292 2805 5371 rationem
2832 5299 3071 5371 sustinet.
3111 5298 3488 5371 Πρεσδυτέρου

1924 5378 2122 5417 nomen
2147 5362 2295 5432 quod
2316 5363 2537 5417 senioris
2588 5364 2753 5417 ambo
2801 5365 3062 5429 reddunt,
3097 5362 3208 5419 non
3262 5362 3491 5426 satis'ex

1922 5447 2021 5487 usu
2036 5432 2431 5505 ecclesiastico;
2452 5449 2518 5487 ex
2538 5449 2647 5502 quo
2665 5435 2952 5505 presbyteri
2973 5436 3209 5490 reddidi.
3232 5438 3378 5493 Bene
3400 5450 3484 5495 est

1919 5502 2065 5579 quod
2134 5502 2732 5579 Maximus_unguenli_
2778 5502 3173 5579 perfectionem
3239 5511 3484 5579 episcopi

1920 5572 2089 5624 dicit:
2122 5581 2181 5625 ut
2201 5583 2255 5626 et
2279 5572 2423 5642 quod
2458 5582 2671 5642 ungunt
2693 5572 3008 5629 Graecorum
3037 5572 3486 5633 minores—sacer-

1921 5643 2099 5703 dotes,
2157 5658 2268 5696 non
2312 5643 2520 5711 proprii
2573 5642 2816 5711 ipsorum
2874 5647 3120 5699 muneris
3162 5648 3252 5708 sit,
3288 5649 3382 5703 sed
3414 5666 3483 5706 ex

1922 5712 2281 5785 concessione
2302 5727 2365 5766 ac
2395 5713 2737 5785 indulgentia
2756 5715 3141 5785 episcoporum
3170 5717 3279 5771 illis
3315 5722 3479 5773 attri-

1924 5782 2156 5854 butum;
2196 5798 2320 5854 eum
2355 5790 2538 5854 tamen
2587 5798 2683 5851 per
2704 5782 3057 5854 OcCideniem
3107 5786 3227 5854 ejus
3277 5790 3353 5843 rei
3388 5789 3476 5845 in-

1922 5851 2209 5923 dulgenda:
2229 5852 2478 5918 facultas,
2506 5853 2670 5907 unius
2696 5853 2765 5909 sit
2788 5855 3016 5911 Romani
3048 5851 3331 5913 antistitis.
