4208 6436
778 405 870 469 991

1936 407 1999 466 5.
2040 403 2325 465 ΜΑΧΙΜΙ
2361 401 2870 461 CONFESSORIS

3929 387 4031 448 95.!

783 513 932 583 scopi
963 513 1220 584 denique,
1240 515 1334 584 qui
1359 529 1515 569 sacro
1545 523 1824 584 unguento
1842 515 2087 569 scientia
2113 512 2350 568 adoran-

2451 509 2698 578 δώνυμον
2726 509 2930 576 γνῶσιν
2977 506 3358 577 ἐξαῳανίζων·
3417 501 3728 556 ἐπισκΰαῦ
3771 498 3854 560 δὲ,
3889 498 3920 548 6
3953 493 4028 561 τῷ

783 603 867 659 ιιι
894 615 1201 674 sanctaque
1238 604 1522 659 Trinitatis
1553 604 1780 675 perlicit.

857 775 940 830 22.
967 775 1316 832 lniirmantur
1335 777 1631 839 damones,
1655 777 1786 832 dum
1807 777 1904 846 qui
1927 777 1981 830 in
2011 776 2173 830 nobis
2216 775 2350 830 alle-

785 874 906 919 etus
936 875 1142 923 suntac
1162 868 1441 933 libidines,
1465 869 1714 923 mandata
1749 868 2057 939 prcstando
2088 868 2350 922 minuun-

789 962 907 1007 tur:
937 965 1172 1025 pereunt
1200 973 1351 1023 vero,
1400 973 1524 1014 cum
1558 969 1713 1028 parta
1771 960 1938 1014 animi
1979 959 2349 1028 imperturba-

785 1042 952 1107 tione,
1017 1047 1111 1102 illo
1169 1049 1545 1120 proﬂigantur,
1582 1066 1690 1104 non
1725 1051 1960 1119 amplius
2007 1050 2353 1105 invenientes

781 1135 984 1204 quibus
1013 1139 1064 1192 in
1091 1156 1160 1194 eo
1192 1141 1526 1204 residebant,
1555 1157 1619 1195 ac
1651 1141 1795 1196 bello
1825 1142 2186 1196 lacessebant.
2234 1139 2348 1196 Sit-

779 1241 885 1294 que
906 1227 956 1281 id
992 1229 1136 1296 quod
1170 1230 1241 1284 ita
1276 1230 1485 1286 dictum
1512 1242 1625 1287 est:
1649 1231 2091 1302 Inﬁrmabuntur,
2123 1241 2173 1286 et
2201 1235 2345 1302 peri-

778 1316 904 1369 bunt
941 1336 973 1372 a
1008 1321 1141 1387 [acie
1169 1330 1260 1376 tua
1290 1321 1355 1376 “.

846 1406 937 1460 25.
971 1409 1073 1463 Alii
1099 1409 1382 1466 hominum
1416 1411 1655 1466 humano
1692 1413 1888 1468 timore
1927 1429 1985 1468 se
2009 1429 2038 1468 a
2062 1414 2213 1468 vitiis
2244 1414 2344 1468 ab-

775 1493 1016 1562 stinent;
1048 1499 1163 1565 alii,
1196 1500 1376 1555 inanis
1408 1501 1614 1572 gloriae;
1637 1503 1752 1566 alii,
1774 1502 2128 1561 continentia
2155 1519 2342 1569 causa;

776 1585 868 1640 alii
910 1587 1145 1659 denique
1180 1591 1246 1645 iis
1297 1591 1621 1659 liberantur,
1661 1593 1975 1649 divinorum
2005 1593 2343 1665 iudiciorum

779 1688 984 1735 terrore
1017 1683 1286 1738 exterriti.

842 1771 930 1825 24.
964 1773 1156 1828 Cuncti
1183 1775 1396 1831 Domini
1433 1792 1736 1841 sermones,
1768 1787 2008 1847 quatuor
2043 1778 2160 1833 haec
2191 1794 2342 1834 eom-

775 1861 1124 1931 plectuntur;
1154 1865 1366 1923 scilicet
1415 1868 1691 1934 mandata,
1717 1845 1937 1926 decreta
1953 1885 2048 1924 seu
2066 1870 2340 1940 dogmata,
2375 1845 2416 1899 Β

777 1955 971 2021 minas,
1009 1959 1273 2027 promissa
1309 1978 1321 2014 :
1358 1977 1686 2031 omnemque
1717 1961 1960 2017 durioris
1995 1963 2120 2016 vitm
2175 1962 2343 2017 disci-

775 2048 979 2116 pliuam
1039 2049 1376 2107 sustinemus
1412 2052 1628 2107 illorum
1685 2067 1883 2119 causa;
1931 2061 2062 2124 puta
2112 2055 2339 2125 jcjunia,

775 2138 1005 2209 vigilias,
1048 2140 1431 2208 liumisternia,
1491 2144 1708 2198 labores
1748 2154 1805 2199 et
1866 2145 2145 2200 molestias
2198 2147 2342 2201 inter

779 2228 1225 2296 ministrandum,
1264 2215 1588 2303 injuriarum
1623 2236 2033 2305 procacitatem,
2068 2235 2339 2301 infamias,

774 2325 1068 2384 tormenta,
1109 2329 1333 2387 mortes,
1390 2330 1553 2393 atque
1602 2323 1688 2378 lIlS
1714 2323 1931 2378 similia.
1959 2324 2050 2379 Ait
2078 2325 2288 2380 etenim
2324 2342 2339 2380 :

774 2407 997 2480 Propter
1023 2412 1176 2467 verba
1228 2411 1490 2468 labiorum
1532 2423 1745 2468 tuorum
1796 2431 1889 2486 ego
1938 2417 2190 2471 custodivi
2230 2422 2342 2472 vias

770 2501 932 2557 duras
964 2503 1030 2557 δ’.

839 2595 929 2650 25.
957 2595 1323 2652 Continentize
1353 2611 1587 2662 merces,
1613 2599 1893 2670 tranquilli
1925 2601 2092 2656 animi
2121 2601 2343 2658 habitus

771 2701 833 2740 ac
875 2685 1295 2756 imperturbatio
1343 2699 1469 2745 est:
1528 2687 1655 2744 tidei
1698 2699 1903 2756 autem,
1960 2691 2208 2746 scientia.
2263 2693 2341 2748 Ac

769 2775 992 2848 quidem
1027 2778 1466 2850 imperturbatio,
1480 2781 1902 2849 discretionem;
1923 2783 2158 2840 scientia
2189 2799 2338 2853 vero,

770 2869 1095 2927 charitatem
1137 2872 1191 2927 in
1227 2874 1398 2929 Deum
1436 2875 1602 2944 parit.

835 2960 923 3015 96.
965 2960 1113 3017 Mens
1150 2962 1252 3019 rite
1291 2965 1507 3021 actione
1536 2964 1858 3037 defungens,
1894 2966 1961 3023 ad
1990 2968 2339 3039 prudentiam

770 3051 1025 3121 prolicit;
1067 3052 1298 3125 fungens
1334 3071 1463 3110 vero
1527 3057 2017 3128 contemplatione,
2048 3062 2116 3117 ad
2160 3063 2342 3118 scien-

769 3145 920 3199 tiam.
957 3144 1033 3200 Ae
1065 3145 1267 3215 prioris
1289 3146 1511 3216 quidem
1569 3147 1741 3201 munii
1769 3156 1875 3213 est,
1910 3159 1972 3206 ut
2015 3152 2082 3207 ad
2117 3152 2339 3210 virtutis

764 3246 928 3308 atque
954 3235 1067 3291 vitii
1100 3237 1509 3304 discretionem,
1538 3246 1838 3294 certantem
1867 3241 2141 3310 adducat;
2200 3247 2338 3302 alte-

766 3329 882 3383 rius
920 3345 1070 3393 vero,
1101 3338 1160 3382 ut
1197 3345 1323 3383 cum
1361 3329 1453 3399 qui
1496 3329 1644 3386 illius
1666 3332 1942 3402 particeps
1965 3334 2054 3398 sit,
2077 3336 2144 3389 ad
2172 3337 2336 3407 spiri-

765 3433 921 3479 tuum
948 3437 1352 3492 corporumque
1382 3420 1542 3494 413
1568 3422 1810 3478 rationes
1839 3427 2125 3495 provehat.
2153 3428 2339 3485 Gratia

767 3525 953 3570 autem
1007 3513 1319 3585 theologica
1349 3523 1481 3568 tunc
1513 3513 1735 3569 demum
1773 3514 2054 3587 dignatur,
2090 3534 2214 3574 cum
2253 3520 2340 3577 his

764 3624 885 3679 qin
934 3607 1079 3662 dicta
1119 3616 1266 3671 sunt,
1327 3605 1586 3661 omnibus
1650 3609 1942 3677 superatis,
1977 3621 2245 3684 unctaque
2279 3623 2340 3669 ut

764 3701 839 3757 sit
868 3699 920 3755 in
957 3699 1088 3761 Deo.
1117 3715 1238 3769 quae
1278 3701 1424 3755 circa
1459 3701 1629 3757 Deum
1661 3713 1765 3768 est,
1799 3703 2090 3769 rationem,
2139 3720 2237 3774 pro
2269 3721 2338 3761 eo

763 3809 828 3848 ac
863 3792 1116 3847 lmmamu
1152 3792 1318 3845 menti
1343 3807 1664 3848 concessum
1682 3801 1788 3860 est,
1813 3795 2190 3871 pervspiritum
2214 3812 2338 3852 con-

762 3885 1046 3943 siderabit.

829 3979 920 4034 27.
948 3979 1150 4034 Divina:
1186 3978 1458 4042 scientias,
1487 3979 1706 4049 Deoque
1741 3993 1966 4048 operam
2001 3989 2334 4046 navaturus,

762 4087 831 4127 ne
873 4070 1018 4141 ipsas
1057 4070 1176 4141 ejus
1217 4067 1461 4125 rationes
1496 4068 1758 4139 exquiras
1802 4068 2004 4141 (neque
2042 4069 2191 4123 enim
2227 4069 2336 4126 ulla

765 4177 1005 4233 unquam
1058 4161 1296 4218 humana
1344 4171 1527 4217 mente
1576 4171 1706 4217 sunt
1750 4161 2230 4232 pervestigabiles;
2282 4169 2338 4216 at

764 4273 940 4328 neque
985 4257 1150 4312 ullius
1193 4257 1440 4322 alterius,
1471 4271 1688 4322 eorum,
1714 4271 1836 4326 qua:
1872 4271 1904 4312 a
1947 4256 2059 4311 Deo
2094 4255 2335 4312 secunda

763 4349 911 4421 sunt)
949 4349 1042 4403 sed
1076 4363 1268 4404 eorum
1302 4364 1422 4418 qua:
1454 4347 1602 4402 circa
1634 4354 1792 4411 sunt,
1819 4345 2000 4416 quoad
2034 4361 2134 4416 per
2163 4346 2335 4402 facul-

762 4449 930 4496 tatem
964 4439 1209 4504 Iicuerit,
1237 4439 1474 4510 dispice;
1508 4447 1640 4508 puta
1667 4437 2020 4502 aeternitatis,
2051 4436 2335 4494 inﬁnitatis

2453 599 2595 669 ἁγίῳ
2632 601 2790 670 μύρῳ
2817 600 3044 653 τελειῶν
3086 599 3188 668 τῆς
3216 595 3475 666 γνώσεως
3512 593 3614 661 τῆς
3643 584 4028 658 προστπητξς

2450 689 2545 741 καὶ
2589 690 2751 756 ἀγίας
2778 689 3030 758 Τριάδος.

2520 777 2624 846 κβθ.
2672 776 2987 831 ’Δσίιενοῦσι
3045 776 3144 846 μὲν
3198 775 3251 827 oi
3305 773 3582 842 δαίμονες,
3628 769 3758 821 ὅταν
3791 765 3882 817 διὰ
3919 761 4026 814 τῶν

2449 867 2679 921 ἐντολῶν
2712 868 2974 937 μειιῖονται
3004 867 3073 919 τά
3105 865 3256 934 πάθη
3292 863 3363 916 τά
3393 864 3452 914 ἐν
3495 863 3646 930 ἡμῖν·
3695 855 4028 912 ἀπῦλλυνται

2447 957 2527 1023 δέ,
2553 959 2683 1013 ὅταν
2710 963 2788 1023 εἰς
2816 960 2970 1022 τέλος
3002 959 3093 1012 διά
3130 958 3230 1026 τῆς
3258 954 3527 1015 ἀπαθείας
3569 951 3668 1020 τῆς
3703 948 3888 1016 ψυχῆς
3939 944 4026 1008 ἐξ·

2448 1052 2841 1118 αφανίςωνται,
2877 1053 3079 1122 μηκέτι
3109 1050 3454 1118 εὑρίσκοντες
3499 1045 3567 1096 τὰ
3597 1043 3666 1095 δι’
3686 1035 3762 1093 ὧν
3801 1043 3862 1091 ἐν
3889 1039 4026 1105 αὖτῇ

2448 1142 2762 1212 εὑρίσκοντο
2810 1144 2903 1194 καὶ
2950 1143 3248 1211 ἐπολέμουν
3284 1139 3488 1207 αὑτήν·
3518 1135 3615 1188 καὶ
3643 1132 3804 1185 τοῦτο
3836 1132 3904 1182 ἂν
3945 1129 4027 1196 εἴη

2445 1228 2527 1292 τὸ,
2574 1230 3018 1296 Ἁσθενήσουσι,
3045 1231 3139 1284 καί
3165 1227 3536 1284 ἀπολοῦνται
3563 1223 3682 1278 ἀπὸ
3703 1221 4028 1290 προσώπου

2447 1336 2583 1374 σου.

2520 1417 2623 1478 κγ’.
2661 1410 2725 1463 Oi
2773 1411 2872 1479 μὲν
2907 1411 3016 1465 τῶν
3042 1409 3348 1483 ἀνθρώπιον
3376 1410 3465 1464 διὰ
3489 1408 3654 1478 φόὸον
3685 1403 4029 1472 ἀνθρώπινον

2445 1499 2553 1553 τῶν
2591 1499 2778 1554 παθῶν
2822 1503 3135 1572 ἀπέχονται·
3171 1504 3222 1555 οἱ
3264 1502 3343 1564 δέ,
3376 1501 3467 1554 διά
3517 1496 3842 1562 κενοδοξίαν
3881 1493 4030 1546 ἄλλοι

2445 1592 2523 1654 δὲ,
2543 1591 2610 1645 δι’
2632 1593 2982 1661 ἐγκράτειαν·
3009 1594 3189 1665 ἕτεροι
3211 1595 3288 1660 δέ,
3313 1592 3402 1646 διὰ
3429 1591 3591 1645 θείων
3614 1588 3905 1659 χριμάτων
3924 1584 4029 1636 τῶν

2447 1682 2637 1736 παθῶν
2656 1683 3090 1756 ἐλευθεροῦνται.

2521 1777 2617 1829 κδ’.
2645 1780 2854 1842 Πάντες
2875 1778 2924 1832 οἱ
2956 1777 3106 1846 λόγοι
3131 1779 3224 1832 τοῦ
3256 1777 3487 1848 Κυρίου,
3517 1775 3587 1828 τά
3620 1773 3868 1840 τέσσαρα
3896 1765 4028 1820 ταῦ-

2443 1884 2510 1920 τα
2550 1871 2885 1941 περιέχουσι·
2921 1871 3020 1935 τάς
3059 1869 3301 1935 ἐντολάς,
3335 1872 3404 1922 τά
3433 1869 3704 1936 δόγματα,
3736 1864 3839 1924 τὰς
3872 1862 4029 1913 ἀπει-

2443 1956 2562 2021 λὰς.
2590 1960 2686 2022 τὰς
2725 1961 3077 2029 ἐπαγγελίας·
3114 1960 3208 2014 καὶ
3256 1961 3436 2012 πᾶσαν
3484 1953 3915 2026 σκληραγωγίαν
3943 1950 4027 2002 διὰ

2441 2047 2615 2100 ταῦτα
2639 2049 3002 2122 ὑπομένομεν·
3033 2046 3168 2114 οἷον,
3202 2050 3480 2119 νηστείας,
3513 2046 3842 2119 ἀγρυπνίας.
3876 2059 4025 2112 χειμο

2444 2140 2649 2207 ευνίας,
2715 2143 2918 2206 κόπους
2963 2144 3058 2196 καὶ
3089 2141 3322 2213 μόχθους
3359 2143 3416 2195 ἐν
3443 2139 3766 2202 διακονίαις,
3809 2135 4024 2204 ὕϐρεις,

2443 2232 2688 2302 ἀτιμίας,
2725 2233 3108 2306 στρεϐλώσεις,
3142 2235 3434 2298 θανάτους,
3467 2233 3562 2286 καί
3592 2231 3661 2283 τὰ
3700 2231 3886 2299 ὃμοια.
3928 2227 4027 2278 Διά

2443 2324 2552 2394 γὰρ
2589 2324 2730 2391 τοὺς
2780 2326 3003 2395 λόγους
3052 2325 3169 2380 τῶν
3199 2325 3418 2396 χειλῶν
3467 2339 3620 2390 σου,
3666 2323 3835 2391 φησὶν
3863 2360 3878 2384 ,
3914 2318 4026 2387 ἐγὼ

2442 2416 2716 2484 ἐφύλαξα
2755 2417 2936 2484 ὀδοὺς
2982 2417 3281 2486 σκληράς.

2513 2603 2615 2652 κε’.
2651 2596 2858 2661 Μισθὸς
2907 2599 3010 2669 τῆς
3035 2597 3364 2667 ἐγκρατείας
3387 2637 3402 2660 ,
3455 2599 3488 2667 ὴ
3544 2594 3806 2650 ἀπάθεια·
3841 2593 3940 2661 τῆς
3969 2591 4026 2645 δὲ

2443 2684 2698 2750 πίστεως,
2730 2687 2763 2756 ὴ
2807 2685 3030 2755 γνῶσις·
3059 2688 3152 2740 καὶ
3185 2690 3218 2757 ἡ
3259 2687 3360 2757 μὲν
3400 2685 3661 2748 ἀπάθεια,
3709 2683 3888 2736 τίκτει
3925 2681 4026 2751 τὴν

2440 2773 2731 2844 διάκρισιν·
2763 2778 2796 2846 ὴ
2828 2776 2884 2829 δέ
2923 2775 3144 2846 γνῶσις,
3191 2778 3292 2849 τὴν
3339 2779 3419 2842 είς
3449 2775 3582 2832 Θεὸν
3632 2774 3854 2845 ἀγάπην
3907 2771 4021 2844 [ΡΥ.

2438 2863 2538 2934 τὴν
2569 2862 2717 2917 θείαν
2742 2864 3010 2938 ἀγάπην].

2513 2955 2625 3020 κς’.
2655 2955 2973 3029 Πρακτικὴν
3030 2957 3129 3028 μὲν
3173 2960 3202 3012 ὁ
3245 2958 3373 3021 νοῦς
3404 2955 3710 3028 κατορθῶν,
3762 2957 3845 3018 είς
3882 2952 4023 3022 φρό-

2441 3063 2597 3116 νησιν
2627 3048 2959 3118 προκόπτει·
2996 3047 3340 3120 θεωρητικὴν
3389 3048 3469 3110 δὲ.
3527 3049 3608 3111 είς
3653 3045 3874 3116 γνῶσιν.
3908 3043 4025 3113 Τῆς

2447 3137 2545 3208 μὲν
2568 3138 2676 3210 γάρ
2718 3140 2886 3203 ἐστιν,
2938 3141 3019 3203 είς
3045 3140 3318 3212 διάκρισιν
3344 3140 3546 3210 ἀρετῆς
3575 3138 3670 3192 καὶ
3692 3137 3894 3200 κακίας
3928 3138 4027 3203 φέ-

2446 3247 2560 3303 ρειν
2584 3231 2674 3283 τὸν
2700 3229 3132 3300 ἀγωνιζόμενον·
3181 3233 3282 3302 τῆς
3311 3233 3388 3297 δὲ,
3439 3233 3519 3295 είς
3545 3230 3672 3293 τοὺς
3712 3228 3843 3298 περὶ
3869 3228 4024 3280 ἀσω-

2445 3322 2632 3390 μάτων
2659 3323 2752 3375 καὶ
2783 3323 3054 3393 σωμάτων
3085 3324 3275 3393 λόγους
3310 3325 3467 3392 ἄγειν
3493 3323 3588 3377 τὸν
3619 3322 3866 3392 μέτοχον.
3907 3319 4023 3388 Τῆς

2440 3413 2496 3467 δὲ
2539 3413 2859 3486 θεολογικῆς
2906 3415 3151 3486 χάριτος,
3203 3414 3568 3488 τοτηνικαῦτα
3622 3411 4020 3478 καταξιοῦται,

2439 3505 2673 3575 ὁπηνίκα
2706 3505 2774 3559 τά
2800 3507 3177 3578 προειρημένα
3204 3507 3382 3560 πάντα
3409 3506 3498 3560 διὰ
3525 3506 3634 3560 τῶν
3663 3506 3765 3575 τῆς
3793 3505 4023 3573 ἀγάπης

2441 3597 2657 3668 πτερῶν
2683 3596 3040 3668 διαπεράσας,
3071 3599 3166 3652 καὶ
3197 3599 3254 3651 ἐν
3275 3597 3396 3669 Θεῷ
3423 3597 3733 3669 γενόμενος,
3761 3597 3854 3650 τὸν
3886 3597 4024 3665 περὶ

2440 3686 2606 3742 αὐτοῦ
2645 3689 2802 3756 λόγον
2833 3688 2924 3742 διά
2955 3688 3049 3742 τοῦ
3089 3689 3424 3759 πνεύματος,
3463 3688 3540 3753 ὡς
3569 3689 3898 3760 ἀνθρωπίνῳ
3944 3686 4022 3758 νῷ

2437 3779 2684 3846 δυνατὸν,
2714 3781 3093 3851 διασκοπὴσει.

2512 3963 2612 4027 κζ’.
2644 3967 2660 3986 ⁶
2693 3963 2979 4033 Θεολογεῖν
3011 3964 3244 4036 μέλλων,
3291 3965 3366 4035 μὴ
3404 3965 3531 4027 τοὺς
3562 3962 3684 4017 κατ’
3726 3963 3891 4016 αὐτὸν
3925 3961 4022 4033 ζη-

2439 4057 2609 4128 τήσῃς
2645 4055 2838 4124 λόγους
2900 4056 3004 4128 (οὖν
3031 4057 3106 4128 μὴ
3153 4056 3265 4126 γὰρ
3298 4055 3434 4127 εὕρῃ
3467 4055 3809 4126 ἀνθρώπινος
3843 4055 3976 4118 νοῦς
4003 4070 4018 4084 ·

2438 4149 2554 4204 ἀλλ’
2595 4149 2714 4203 οὐδὲ
2767 4149 2925 4204 ἄλλου
2973 4153 3118 4214 τινὸς
3165 4149 3274 4204 τῶν
3320 4149 3463 4220 μετά
3497 4147 3674 4221 Θεὸν),
3723 4147 3862 4202 ἀλλά
3891 4148 4021 4210 τοὺς

2439 4243 2567 4313 περὶ
2597 4243 2792 4310 αὑτὸν,
2828 4243 2904 4306 ὡς
2935 4237 3048 4296 οἷόν
3070 4260 3132 4296 τε
3157 4287 3171 4310 ,
3202 4241 3509 4296 διασκόπει.
3538 4235 3662 4295 Οἷον
3703 4242 3830 4304 τοὺς
3887 4240 4021 4310 περὶ

2437 4335 2735 4405 ἀῖδιότητος
2757 4375 2771 4396 ι
2803 4334 3062 4405 ἀπειρίας
3094 4352 3153 4388 τε
3188 4336 3282 4388 καὶ
3317 4333 3600 4403 ἀοριστίας
3623 4373 3638 4397 ,
3673 4332 4020 4401 Massa-ﬁs;

2436 4443 2496 4480 τε
2525 4427 2621 4480 καὶ
2650 4425 2844 4495 σοφίας
2890 4427 2984 4480 καὶ
3017 4426 3334 4495 δυνάμεως,
3369 4424 3768 4495 δημιουργικῆς
3811 4440 3872 4476 τε
3923 4426 4020 4476 καὶ

760 4548 824 4590 ac
888 4506 1342 4595 immensitatis;
1378 4506 1749 4601 bonitatisque
1811 4540 1868 4585 et
1934 4528 2217 4599 sapientiae
2277 4537 2334 4584 et

2441 4515 2821 4586 προνοητικῆς,
2855 4515 2948 4568 καὶ
2975 4513 3230 4585 κριτικῆς
3254 4513 3365 4567 τῶν
3398 4513 3587 4566 ὄντων.
3619 4506 3787 4575 Οὗτος
3821 4512 3936 4582 γὰρ
3963 4514 4021 4566 ἐν

761 4624 1041 4694 ιιοιοιιιίςε,
1069 4623 1275 4693 quibus
1302 4638 1391 4677 res
1419 4622 1688 4688 condidit,
1719 4621 1935 4692 illisque
1969 4622 2240 4691 providet,
2272 4637 2336 4677 ac

755 4713 962 4785 judicio
1018 4713 1174 4784 regit.
1231 4711 1330 4767 llic
1390 4712 1538 4767 enim
1601 4711 1745 4766 inter
1796 4711 2056 4766 mortales
2107 4726 2335 4788 magnus

761 4805 1046 4876 theologus
1078 4813 1181 4870 est,
1203 4803 1298 4875 qui
1337 4807 1533 4881 horum
1568 4801 1810 4858 rationes
1842 4802 2110 4872 tantisper
2138 4801 2332 4858 saltem

757 4895 1060 4953 mlinvenit.

824 4988 914 5043 28.
942 4987 1035 5042 Ille
1061 4986 1145 5040 vir
1171 4995 1366 5057 potens
1395 4994 1499 5050 est,
1530 4985 1624 5056 qui
1658 4983 1947 5040 scientiam
1974 4985 2177 5041 actioni
2195 4999 2329 5041 con-

755 5081 952 5151 iunxit.
994 5079 1129 5133 Nam
1175 5078 1347 5134 altera
1390 5078 1644 5148 quidem,
1691 5077 2048 5149 cupiditatem
2095 5086 2333 5133 macerat

2436 4606 2744 4679 ἀνθρώποις
2778 4606 2953 4678 μέγας
2989 4605 3274 4674 θεολόγος,
3327 4606 3358 4659 ό
3389 4604 3596 4659 τούτων
3639 4602 3768 4666 τοὺς
3821 4602 4018 4666 λόγους

2437 4701 2538 4758 κάν
2568 4700 2749 4766 ποσῶς
2782 4698 3135 4772 ἐξευρίσκων.

2503 4994 2609 5058 κη’.
2642 4984 2880 5048 Δυνατὸς
2907 4984 3068 5055 ἀνὴρ,
3092 4984 3122 5036 ό
3150 4985 3216 5054 τῇ
3248 4981 3445 5053 πράξει
3475 4979 3574 5049 τὴν
3592 4977 3796 5046 γνῶσιν
3825 4978 4017 5066 συζεύ-

2433 5079 2548 5145 ξας.
2584 5079 2663 5150 Τῇ
2702 5077 2801 5148 μὲν
2829 5075 2940 5147 γὰρ
2965 5115 2981 5142 ,
3026 5074 3124 5146 τὴν
3157 5073 3454 5142 ἐπιθυμίαν
3489 5069 3744 5142 μαραίνει
3782 5071 3885 5123 καὶ
3929 5072 4018 5123 τὸν

755 5173 1004 5241 iramque
1031 5172 1215 5237 sedat;
1243 5171 1413 5225 altera
1435 5184 1589 5238 vero,
1613 5180 1797 5225 mente
1819 5169 2072 5226 sublimis
2089 5170 2254 5234 volat,
2279 5181 2335 5226 et

2441 5173 2605 5243 θυμὸν
2647 5171 2885 5243 ἡμεροῐ·
2943 5171 3010 5240 τῇ
3064 5167 3158 5232 δὲ,
3210 5168 3303 5220 τὸν
3329 5166 3455 5219 νοῦν
3484 5167 3675 5234 πτεροῑ
3701 5202 3720 5225 ,
3748 5164 3851 5215 καὶ
3879 5165 4018 5232 πρὸς

755 5265 810 5320 in
842 5265 1011 5318 Deum
1041 5264 1280 5320 excedit.

824 5358 915 5413 29.
960 5357 1098 5412 Cum
1145 5357 1279 5413 dicit
1327 5357 1592 5412 Dominus
1641 5375 1653 5410 :
1710 5357 1821 5428 Ego
1869 5367 1916 5411 et
1965 5355 2126 5410 Pater
2167 5373 2332 5410 ιιιιιιιιι

753 5467 934 5505 sumus
961 5451 1025 5514 “,
1059 5451 1309 5506 eamdem
1355 5465 1476 5505 esse
1525 5450 1820 5505 essentiam
1868 5447 2158 5520 signiﬁcat.
2191 5447 2330 5504 Cum

755 5558 889 5603 vero
919 5543 1118 5598 iterum
1151 5543 1261 5598 ait:
1297 5542 1407 5614 Ego
1440 5544 1495 5597 ia
1525 5541 1706 5608 Patre,
1731 5552 1781 5597 et
1810 5541 1972 5596 Pater
1997 5542 2239 5596 innuat
2261 5541 2328 5606 “,

2432 5264 2565 5317 Θεὸν
2589 5261 2838 5332 ἐκδημεῐ.

2505 5359 2607 5410 κθ’.
2646 5356 2814 5409 ὀταν
2835 5353 2972 5424 λέγῃ
3017 5351 3249 5420 Κύριος·
3287 5350 3448 5419 Ἐγὼ,
3499 5349 3596 5404 ull
3626 5353 3660 5404 ὁ
3688 5350 3921 5417 Πατὴρ,
3951 5357 4018 5411 ἓν·

2440 5450 2630 5514 ἐσμεν·
2657 5486 2672 5504 .
2725 5445 2789 5498 τὸ
2827 5443 3025 5496 ταυτὸν
3067 5442 3169 5510 τῆς
3213 5442 3405 5498 οὐσίας
3446 5441 3724 5511 σημαίνει.
3753 5439 3932 5492 Ὅταν
3963 5439 4017 5490 δὲ

2436 5536 2599 5593 πάλιν
2627 5534 2761 5604 λέγῃ
2783 5550 2798 5564 ·
2842 5532 2989 5602 Ἐγὼ
3015 5532 3086 5585 ἐν
3115 5528 3193 5595 τῷ
3238 5531 3443 5600 "arpi,
3473 5529 3573 5584 ul
3623 5531 3658 5583 ὁ
3701 5528 3913 5599 Datim
3947 5528 4016 5580 ὰ·

789 5683 829 5730 9‘
862 5683 1001 5739 l‘sal.
1044 5699 1118 5750 ta,
1152 5685 1202 5740 ι.
1281 5685 1327 5714 ⁸⁸
1372 5683 1513 5739 Psal.
1553 5700 1659 5744 xvi.
1689 5683 1772 5738 Η.
1850 5683 1895 5715 ⁸⁸
1922 5682 2077 5739 Joan.
2117 5700 2169 5748 ι,
2200 5681 2287 5737 30.

2451 5678 2585 5734 ibid.
2621 5675 2710 5732 58.

835 5829 847 5842 ‘
883 5821 1103 5876 Eadem.
1142 5821 1252 5875 ferr
1285 5831 1428 5876 cont.
1461 5837 1498 5885 ι,
1534 5838 1582 5876 c.
1615 5822 1712 5875 ult.
