4208 6436
243 413 345 476 993

1130 400 1483 469 CAPITUM
1525 408 1623 468 DE
1662 407 2089 469 CHARTTATE
2126 409 2511 471 CENTURIA
2554 412 2634 472 ΙΙ.

3375 414 3483 475 995.

242 518 410 585 ἐμοὶ,
440 516 500 569 τὸ
537 515 838 588 ἀχώριστον
880 516 1027 586 δηλοῖ
1068 511 1174 567 τῶν
1204 516 1577 570 ὑποστάσεων.
1629 517 1690 569 Oi
1724 509 1815 568 οὖν

1924 515 2210 569 indivisam
2261 532 2616 585 personarum
2664 517 3104 588 coniunctionem
3150 519 3481 575 manifestat.

254 606 526 678 ι’ριθεῗται
567 607 889 677 χωρίζοντες
924 606 1015 659 τοῦ
1049 606 1263 676 Ιιατρὸς
1294 606 1385 657 τὸν
1422 606 1574 669 Υἱδν,
1606 608 1684 667 είς
1711 607 1819 675 ἀμ-

246 702 557 769 φίκρημνον
587 700 976 770 ἐμπίπτουσιν.
1013 696 1085 750 Ἢ
1125 697 1235 766 γὰρ
1274 698 1543 750 συναΐδιον
1572 696 1821 765 λέγοντες

244 792 321 861 τῷ
367 791 545 863 Ila-cpi.
575 792 668 844 'r‘bv
702 790 830 843 Υἱὸν
856 831 870 855 ,
905 790 1226 859 χωρίζοντες
1258 789 1316 841 δὲ
1356 790 1519 842 αὑτὸν
1549 789 1607 855 ἐξ
1634 788 1819 852 αὑτοῦ,

244 886 653 953 ἀναγκάζονται
697 885 878 953 λέγειν
915 886 988 954 μὴ
1019 884 1077 948 ἐξ
1106 885 1272 937 αὑτοῦ
1308 884 1681 953 γεγεννῆσθαι,
1729 883 1822 936 καὶ

246 979 508 1047 ἐμπεσεῖν
539 980 618 1040 είς
644 979 705 1029 τὸ
733 979 881 1047 τρεῖς
903 976 1081 1044 λέγειν
1106 977 1293 1039 Θεοὺς,
1325 976 1417 1028 καὶ
1451 979 1599 1045 τρεῖς
1622 976 1818 1046 ἀρχάς·

246 1070 279 1139 ἢ
321 1071 382 1134 ἐξ
427 1070 592 1124 αὑτοῦ
641 1069 995 1139 γεγεννῆσθαι
1042 1069 1333 1136 λέγοντες,
1373 1068 1695 1137 χωρίζοντες
1743 1068 1819 1135 δὲ,

247 1162 653 1231 ἀναγκάζονται
688 1162 868 1228 λέγειν
914 1160 988 1232 μὴ
1022 1162 1284 1214 συναῖδιον
1331 1157 1469 1213 εἶναι
1514 1160 1591 1230 τῷ
1629 1162 1819 1229 Πατρι,

247 1255 345 1307 καὶ
373 1256 595 1324 ποιῆσαι
644 1254 748 1307 ὑπὸ
792 1255 981 1325 χρόνον
1027 1253 1120 1306 τὸν
1162 1254 1270 1305 τῶν
1298 1253 1504 1323 χρόνων
1535 1253 1819 1322 δεσπότην.

247 1348 371 1416 Χρὴ
412 1343 521 1417 γὰρ
570 1348 667 1400 κα)⁸
710 1346 803 1399 τὸν
853 1347 948 1399 ἕνα
990 1345 1121 1398 Θεὸν
1166 1348 1388 1415 τηρεῖν,
1428 1345 1648 1407 καὶτὰς
1676 1348 1824 1417 τρεῖς

250 1437 580 1501 ὑποστάσεις
607 1440 889 1510 ὁμολογεῖν
908 1480 924 1505 ,
969 1439 1113 1493 κατὰ
1145 1438 1237 1490 τὸν
1280 1438 1452 1506 μέγαν
1486 1439 1525 1490 Γ
1533 1436 1785 1509 ρηγόριον
1806 1455 1819 1468 ’

250 1532 349 1583 καὶ
369 1531 607 1600 ἑκάστην
638 1532 778 1600 μετὰ
803 1530 899 1600 τῆς
931 1530 1213 1597 ἰδιότητος.
1270 1531 1380 1583 Καὶ
1410 1530 1515 1600 γὰρ
1548 1550 1566 1580 ι
1603 1530 1825 1598 διαιρεῖ-

248 1642 343 1676 ται
386 1643 404 1675 ι
443 1624 579 1693 μὲν,
613 1622 726 1678 ἀλλ’
758 1641 777 1675 ι
818 1622 1177 1694 άδιαιρέτως,
1214 1621 1355 1676 κατὰ
1402 1622 1492 1674 τὸν
1536 1620 1697 1673 αὑτὸν
1730 1620 1824 1673 καὶ

253 1715 583 1767 συνάπτεται
619 1715 741 1783 μὲν,
794 1713 1145 1783 διῃρημένως
1176 1712 1256 1778 δέ,
1282 1731 1299 1763 ι
1361 1712 1472 1766 Καὶ
1514 1711 1601 1764 διὰ
1644 1711 1819 1775 τοῦτο,

250 1804 563 1875 παράδαξος
620 1804 713 1857 καὶ
760 1804 792 1874 ή
851 1804 1112 1874 διαίρεσις
1174 1805 1267 1856 καὶ
1316 1804 1348 1873 ἠ
1406 1802 1615 1865 ἕνωσις.
1670 1801 1821 1854 Ἐπεί⁵

249 1898 303 1949 τί
344 1896 457 1966 ἔχει
484 1896 545 1949 τὸ
577 1896 881 1966 παράδοξον
908 1896 998 1965 (ε),
1047 1898 1095 1948 εί
1131 1896 1205 1958 ὼς
1239 1894 1523 1964 ἄνθρωπος
1553 1894 1823 1964 ἀνθρώπῳ

248 1988 458 2057 ἦνωταί
510 2005 571 2041 τε
626 1988 719 2041 καὶ
750 1985 1124 2059 κεχώρισται,
1169 1984 1311 2039 οὑτω
1354 1986 1448 2040 καὶ
1492 1986 1520 2038 ὀ
1577 1986 1700 2049 Υἱὸς
1746 1984 1825 2054 τῷ

249 2079 448 2150 Πατρὶ,
479 2080 571 2133 καὶ
596 2080 749 2132 οὐδὲν
772 2079 933 2132 πλέον
956 2097 972 2144 ;

319 2172 385 2224 λ’.
438 2172 497 2223 ὐ
526 2171 730 2234 τέλειος
760 2172 817 2223 ἐν
846 2170 1035 2241 ἀγάπῃ
1062 2211 1077 2235 ,
1109 2170 1201 2223 καὶ⁸
1231 2172 1310 2232 είς
1357 2170 1525 2239 ἄκρον
1551 2168 1825 2232 ἀπαθείας

247 2263 442 2327 ἐλθὼν,
474 2263 575 2315 οὑκ
606 2262 895 2315 ἐπίσταται
934 2262 1198 2333 διαφοράν
1230 2261 1362 2313 ίδίου
1393 2261 1488 2314 καὶ
1518 2261 1821 2332 ἀλλοτρίου,

243 2354 280 2424 ἢ
332 2354 470 2417 ἰδίας
510 2352 604 2407 καὶ¹
637 2353 966 2423 ἀλλοτρίας,
1025 2353 1058 2422 ἢ
1114 2350 1308 2406 πιστοῦ
1348 2352 1442 2406 καὶ
1487 2352 1746 2414 ἀπίστου,
1788 2352 1822 2422 ἢ

245 2448 442 2501 δούλου
481 2450 575 2502 καὶ
613 2447 920 2519 ἐλευθέρου,
953 2446 986 2517 ἢ
1019 2448 1156 2510 ὅλως
1184 2447 1412 2518 ἄρσενος
1445 2449 1539 2500 καὶ
1567 2447 1781 2516 θηλείας
1807 2463 1820 2477 °

248 2538 655 2606 ἁλλ’άνώτερος
680 2538 780 2607 τῆς
814 2538 922 2592 τῶν
946 2538 1139 2592 παθῶν
1166 2538 1482 2606 τυραννίδος
1513 2539 1821 2607 γενόμενος,

249 2630 351 2681 καὶ
394 2630 474 2691 είς
500 2628 598 2699 τὴν
641 2629 771 2698 μίαν
816 2628 981 2697 φύσιν
1021 2626 1137 2679 τῶν
1175 2626 1482 2697 ἀνθρώπων
1524 2627 1826 2679 ἀποϐλεπό-

256 2737 438 2789 μενος,
465 2719 674 2781 πάντας
697 2719 755 2784 ὲξ
783 2718 896 2771 ἴσου
927 2718 1141 2788 Θεωρεῖ,
1169 2720 1264 2770 καὶ
1294 2717 1431 2788 πρὸς
1458 2719 1662 2779 πάντας
1699 2718 1827 2779 ἴσως

252 2810 545 2863 διάκειται.
578 2809 692 2861 Οὑκ
724 2808 840 2861 ἐστι
866 2808 975 2877 γὰρ
1019 2811 1076 2861 ὲν
1110 2807 1260 2878 αὑτῷ
1301 2807 1503 2878 Ἕλλην
1549 2810 1644 2861 καὶ
1692 2809 1825 2860 Ἰου-

246 2904 421 2965 δαῖος,
458 2901 580 2955 οὑδὲ
614 2902 781 2964 ἄρσεν
809 2901 902 2953 καὶ
944 2900 1099 2965 θῆλυ,
1153 2900 1271 2952 οὑδὲ
1315 2900 1500 2962 δοῦλος
1550 2900 1643 2953 καὶ
1672 2899 1826 2952 ἐλεύ-

254 2996 415 3065 Θερος
444 3008 457 3022 ·
492 2992 629 3046 ἀλλά
652 2992 720 3045 τά
755 2992 933 3044 πάντα
973 2991 1062 3044 καὶ
1100 2992 1158 3043 ὲν
1194 2993 1326 3043 πᾶσι
1358 2992 1615 3062 Χριστός.

326 3083 429 3136 λα’.
490 3082 586 3134 Ἐκ
634 3081 741 3133 τῶν
784 3080 1163 3149 ὑποκειμένων
1209 3082 1267 3133 ὲν
1312 3082 1376 3150 τῇ
1424 3080 1568 3150 ψυχῇ
1616 3081 1825 3142 παθῶν,

1922 607 2110 675 Itaque
2152 607 2472 673 Tritheitaa,
2520 609 2611 676 qui
2664 609 2860 663 Filium
2909 625 2940 664 a
2984 610 3143 664 Patre
3192 624 3484 679 separant,

1922 699 2180 768 utrinque
2228 700 2281 753 in
2334 700 2697 769 praecipitium
2745 701 2968 755 cadunt.
3012 702 3120 755 Aut
3163 702 3309 756 enim
3355 703 3484 757 dum

1921 788 2120 843 Filium
2165 790 2314 844 Patri
2353 803 2684 846 comternum
2730 792 2948 855 docent,
2982 807 3044 847 ac
3083 802 3264 848 tamen
3310 795 3380 848 ab
3419 811 3485 849 eo

1922 881 2250 951 sejungunt,
2297 898 2521 936 necesse
2568 883 2773 937 habent
2819 891 2876 936 ut
2922 899 2989 936 ex
3030 899 3097 937 eo
3136 894 3322 939 natum
3363 902 3484 941 esse

1923 982 2142 1041 negent.
2170 990 2345 1043 coque
2377 975 2630 1039 evadant,
2659 984 2718 1028 ut
2748 983 2863 1028 tres
2890 975 3029 1028 Deos
3055 990 3117 1028 ac
3147 976 3248 1029 tria
3278 978 3483 1046 princi-

1923 1066 2011 1135 pia
2055 1066 2267 1132 dicant;
2319 1075 2415 1120 aut
2455 1083 2578 1120 cum
2626 1081 2690 1121 ex
2740 1068 2832 1121 illo
2878 1077 3066 1120 natum
3111 1077 3378 1133 statuant,
3422 1085 3486 1122 ae

1926 1164 2103 1210 tamen
2154 1158 2462 1226 sejungant,
2493 1173 2715 1212 necesse
2761 1168 2844 1212 est
2884 1168 2944 1212 ut
2987 1160 3172 1215 dicant
3213 1177 3320 1214 non
3364 1178 3484 1213 esse

1924 1255 2256 1300 coaeternum
2290 1248 2457 1310 Patri,
2486 1248 2827 1317 temporique
2869 1258 3171 1319 temporum
3208 1262 3483 1306 auctorem

1924 1339 2237 1410 subjiciam.
2274 1340 2509 1395 Necesse
2554 1341 2701 1395 enim
2748 1351 2864 1404 est,
2902 1351 2961 1396 ut
3002 1352 3059 1396 et
3101 1360 3269 1397 unum
3315 1347 3484 1400 Deum

1926 1441 2229 1497 teneamus,
2258 1441 2312 1486 et
2344 1442 2455 1486 tres
2487 1448 2770 1500 personas,
2798 1440 2857 1487 ut
2883 1434 3064 1503 magni
3089 1432 3338 1504 Gregorii
3367 1452 3491 1490 sei:—

1924 1526 2097 1578 tentia
2138 1533 2223 1578 est
2248 1526 2285 1589 ',
2322 1523 2705 1588 conﬁteamur,
2744 1540 3183 1595 unamquamque
3225 1543 3347 1581 cum
3393 1545 3487 1582 sua

1922 1616 2278 1686 proprietate.
2320 1634 2338 1667 ι
2377 1614 2710 1669 Dividuntur
2751 1634 2769 1666 ι
2813 1617 2990 1681 enim,
3024 1624 3085 1670 ut
3118 1619 3260 1672 idem
3298 1621 3489 1682 sentit,

1923 1707 2021 1761 sed
2066 1725 2084 1757 ι
2132 1705 2394 1770 indivise;
2435 1715 2493 1760 et
2529 1714 2951 1768 connectuntur,
2982 1707 3078 1762 sed
3119 1707 3387 1773 discrete;
3432 1720 3493 1763 ut

1923 1807 1980 1854 et
2012 1798 2275 1853 discretio
2308 1813 2450 1851 nova
2483 1799 2574 1863 sit,
2605 1806 2661 1852 et
2690 1799 2840 1852 unio.
2874 1818 2892 1849 ι
2932 1799 3150 1868 Alioqui
3181 1801 3328 1854 enim
3361 1795 3491 1869 quid

1926 1906 2131 1946 novum
2166 1898 2222 1945 et
2254 1889 2534 1944 insolitum
2554 1929 2569 1953 ,
2603 1890 2748 1958 quod
2779 1889 2859 1943 sic
2888 1890 3060 1945 Filius
3092 1893 3235 1946 Patri
3270 1892 3494 1948 uniatur

1923 1993 1980 2039 et
2009 1984 2078 2038 ab
2112 1998 2179 2037 eo
2212 1982 2523 2047 dirimatur,
2556 1982 2831 2051 quomodo
2865 1983 3029 2037 homo
3062 1984 3271 2038 homini
3307 1987 3495 2041 unitus

1922 2086 2028 2139 est,
2058 2086 2114 2130 et
2142 2076 2210 2129 ab
2236 2090 2304 2128 eo
2326 2075 2627 2140 discretus;
2658 2091 2761 2129 nec
2786 2075 2990 2145 aliquid
3018 2077 3284 2146 amplius?

1994 2167 2082 2221 30.
2116 2167 2221 2232 Qui
2257 2167 2310 2219 in
2343 2166 2609 2220 charitatc
2642 2167 2947 2235 perlectus,
2980 2183 3357 2240 summamque
3388 2172 3492 2225 im-

1922 2260 2227 2330 perturbati
2265 2259 2434 2312 animi
2471 2260 2920 2327 tranquillitatem
2961 2261 3188 2330 adeptus
3225 2272 3329 2327 est,
3365 2280 3492 2333 pro-

1924 2352 2031 2422 prii
2061 2359 2117 2405 et
2147 2351 2333 2416 alieni,
2371 2352 2487 2405 sive
2515 2353 2751 2420 propria;
2779 2360 2834 2405 et
2858 2351 3069 2416 alienze,
3098 2352 3273 2408 ﬁdelis
3298 2363 3354 2408 et
3376 2356 3496 2408 inii-

1925 2445 2064 2500 delis
2083 2484 2098 2509 ,
2125 2445 2268 2499 servi
2305 2459 2369 2498 ac
2399 2444 2586 2507 liberi,
2620 2458 2953 2512 prorsusque
2983 2445 3210 2498 masculi
3241 2462 3305 2501 ac
3334 2448 3496 2519 414

1924 2535 2143 2590 feminae
2191 2533 2489 2587 discrimen
2544 2534 2757 2587 nullum
2809 2534 2995 2598 novit;
3053 2536 3149 2588 sed
3198 2535 3492 2591 affectuum

1926 2634 2183 2695 superata
2214 2626 2519 2696 tyrannide,
2547 2626 2711 2693 inque
2747 2640 2908 2678 unam
2937 2626 3219 2679 hominum
3243 2636 3494 2682 naturam

1927 2716 2247 2786 respiciens,
2281 2732 2472 2771 omnes
2516 2711 2767 2785 peraeque
2806 2717 3135 2781 considerat,
3171 2720 3495 2790 cunctisque

1925 2808 2212 2876 aequaliter
2245 2807 2475 2861 allectus
2505 2816 2608 2860 est.
2638 2806 2937 2877 Nonenim
2971 2810 3025 2862 in
3055 2823 3123 2862 eo
3157 2817 3241 2863 est
3274 2810 3497 2865 Gracus

1926 2915 1989 2952 ac
2010 2899 2252 2961 Iudaeus,
2278 2899 2555 2953 masculus
2580 2906 2635 2952 et
2658 2898 2881 2963 femina,
2907 2915 3098 2954 servus
3122 2911 3178 2956 et
3204 2902 3370 2968 liber;
3398 2904 3495 2957 sed

1927 2992 2110 3044 omnia
2139 2990 2194 3043 in
2224 2992 2480 3045 omnibus
2508 2990 2760 3044 Christus
2781 2990 2845 3042 ⁸⁸.

1999 3085 2086 3136 51.
2123 3084 2404 3136 Daemones
2446 3097 2512 3134 ex
2560 3081 2823 3150 subjectis
2863 3081 2915 3134 in
2954 3083 3137 3136 animo
3178 3084 3491 3148 affectibus,

252 3176 628 3248 λαμϐάνουσιν
655 3177 705 3227 οί
752 3175 1005 3245 δαίμονες
1050 3175 1147 3237 τὰς
1198 3174 1455 3244 άςορμὰς
1508 3174 1604 3227 τοῦ
1661 3178 1823 3228 κινεῖν

1932 3178 2249 3230 occasiones
2280 3190 2578 3243 ansamque
2612 3176 2904 3244 arripiunt,
2935 3186 2993 3229 ut
3022 3177 3247 3231 vitiosas
3279 3195 3342 3233 ac
3373 3180 3497 3232 libi-

256 3274 317 3324 ὲν
348 3272 479 3341 ἡμῖν
508 3271 636 3332 τοὺς
671 3269 939 3338 ἐμπαθεῖς
976 3267 1289 3335 λογισμούς.
1321 3263 1457 3319 Εἶτα
1506 3266 1593 3319 διὰ
1625 3267 1829 3321 τούτων

256 3359 624 3429 πολεμοῦντες
656 3358 750 3410 τὸν
786 3356 944 3419 νοῦν,
991 3354 1334 3418 ἐκϐιάζονται
1384 3356 1546 3408 αὑτὸν
1589 3358 1668 3418 είς
1699 3373 1829 3423 συγ-

255 3455 554 3510 κατάθεσιν
611 3453 787 3506 ἐλθεῖν
844 3452 945 3521 τῆς
1003 3451 1294 3521 ἁμαρτίας.
1364 3451 1717 3520 Ἠττηθέντος
1771 3452 1828 3505 δὲ

256 3550 451 3616 αὑτοῦ,
504 3550 732 3619 ἄγουσιν
780 3551 860 3613 είς
897 3548 997 3619 τὴν
1041 3547 1181 3601 κατὰ
1240 3548 1478 3602 διάνοιαν
1529 3550 1828 3619 ἁμαρτίαν.

256 3646 373 3699 Καὶ
412 3645 618 3714 ταύτης
645 3640 1100 3710 άποτελεσθείσης
1121 3680 1137 3706 ,
1173 3641 1429 3712 φέρουσιν
1456 3642 1619 3694 αὑτὸν
1644 3642 1829 3696 λοιπὸν

258 3734 605 3803 αἰχμάλωτον
631 3734 710 3795 είς
737 3731 835 3801 τὴν
868 3731 1087 3801 πρᾶξιν.
1120 3732 1274 3784 Μετὰ
1295 3732 1351 3785 δὲ
1384 3731 1587 3801 ταύτην
1621 3731 1829 3797 λοιπὸν,

258 3828 309 3879 οἱ
343 3824 443 3894 τὴν
479 3822 657 3893 ψυχὴν
695 3821 783 3876 διὰ
807 3820 913 3875 τῶν
950 3821 1230 3891 λογισμῶν
1261 3822 1682 3891 ἐρημώσαντες,
1732 3823 1831 3876 σὺν

261 3916 451 3977 αὑτοῖς
494 3911 860 3983 ὑποχωροῦσι.
896 3912 1061 3965 Μένει
1119 3912 1176 3964 δὲ
1214 3912 1373 3981 μόνον
1422 3915 1480 3965 ἐν
1527 3911 1603 3981 τῷ
1656 3912 1729 3982 νῷ
1769 3914 1830 3965 τὸ

263 4005 487 4057 εἴδωλον
522 4004 621 4074 τῆς
665 4002 939 4073 ἁμαρτίας
966 4041 979 4065 ,
1033 4002 1162 4073 περὶ
1193 3997 1253 4056 οῦ
1305 4020 1468 4073 φησιν
1521 4006 1548 4056 ὁ
1587 4006 1789 4073 Κύριος
1813 4021 1827 4034 ·

266 4098 455 4149 Ὅταν
504 4096 667 4161 ἴδητε
699 4094 765 4147 τὸ
796 4093 1247 4163 ,ϐδέλυγμαβῆς
1267 4094 1616 4163 ἐρημώσεως
1642 4097 1833 4163 ἑστὼς

262 4187 338 4239 ἐν
367 4187 526 4251 τόπῳ
561 4186 727 4253 ἁγίῳ,
760 4189 791 4239 ὀ
828 4184 1261 4254 ἀναγινώσκων
1291 4189 1498 4240 νοείτω
1517 4205 1532 4218 ο
1557 4189 1637 4241 ὄτι
1669 4190 1835 4253 τόπος

265 4278 423 4344 ἅγιος
452 4277 546 4329 καὶ
571 4276 695 4339 ναὸς
728 4276 885 4339 Θεοῦ,
924 4277 953 4329 ὸ
982 4276 1107 4339 νοῦς
1140 4276 1376 4348 ὑπάρχει
1401 4278 1497 4331 τοῦ
1524 4280 1829 4351 ἀνθρώπου,

265 4369 324 4418 ἐν
449 4366 499 4419 οἱ
532 4365 783 4435 δαίμονες
826 4365 912 4419 διὰ
961 4366 1071 4419 τῶν
1109 4367 1370 4435 ἐμπαθῶν
1417 4369 1691 4440 λογισμῶν
1736 4374 1835 4442 τὴν

259 4456 447 4525 ψυχὴν
473 4454 877 4525 ἐρημώσαντες,
908 4454 969 4507 τὸ
993 4456 1208 4508 εἴδωλον
1231 4457 1331 4526 τῆς
1369 4458 1641 4529 ἁμαρτίας
1669 4461 1830 4532 ἔστη.

266 4563 393 4599 σαν.
423 4545 544 4598 Ὅτι
573 4546 629 4599 δὲ
654 4546 748 4599 καὶ
778 4545 1061 4616 ίστορικῶς
1082 4546 1177 4615 ἤδη
1206 4547 1378 4600 ταῦτα
1401 4550 1641 4617 γέγονεν,
1660 4553 1832 4616 οὐδεὶς

261 4637 379 4689 τῶν
416 4638 485 4690 τὰ
525 4638 854 4707 ’ῐωσήππεια
882 4638 1265 4704 άνεγνωκότων
1287 4681 1301 4705 ,
1342 4639 1417 4702 ὡς
1441 4636 1596 4709 οἶμαι
1618 4685 1631 4707 ,
1664 4646 1835 4713 ἀμφι-

266 4728 478 4781 ϐάλλει.
530 4729 675 4798 Πλὴν
722 4730 867 4792 τινές
899 4747 1029 4798 φασι
1075 4729 1169 4783 καὶ
1198 4732 1292 4784 ἐπὶ
1328 4732 1421 4786 τοῦ
1464 4734 1833 4805 Ἀντιχρίστου

256 4819 439 4874 ταῦτα
458 4818 801 4889 γενήσεσθαι.

338 4911 438 4981 λβ’.
473 4911 612 4981 Τρία
638 4910 748 4964 είσ)⁵
774 4910 843 4963 τά
871 4911 1121 4964 κινοῦντα
1145 4914 1293 4982 ἡμᾶς
1325 4915 1413 4966 ἐπὶ
1449 4914 1516 4966 τὰ
1541 4914 1719 4968 καλά·
1765 4916 1833 4969 τά

264 5002 476 5068 φυσικὰ
514 5002 805 5072 σπέρματα
827 5017 840 5030 ·
875 5000 931 5053 αἱ
960 4999 1111 5069 ἆγιαι
1154 5003 1443 5071 Δυνάμεις,
1478 5004 1571 5055 καὶ
1594 5006 1625 5073 ή
1652 5004 1829 5076 ἀγαθὴ

261 5091 609 5162 προαίρεσις.
638 5089 750 5144 Καὶ
786 5089 866 5143 τὰ
883 5088 980 5159 μὲν
1008 5089 1214 5157 φυσικὰ
1260 5091 1568 5161 σπέρματα,
1608 5093 1681 5157 ὼς
1706 5093 1832 5147 ὅταν

340 5231 390 5263 ⁸⁸
417 5229 591 5285 Galat.
630 5244 709 5293 ιιι,
738 5227 828 5282 28.
904 5228 951 5261 “
978 5230 1171 5284 Matth.
1205 5246 1348 5294 χχιιι,
1386 5230 1472 5283 15.

332 5350 374 5367 ⁹⁹
399 5345 548 5401 Orat.
586 5344 653 5400 i5
681 5352 737 5401 et
760 5345 911 5410 alibi,
936 5345 1025 5411 59,
1059 5345 1147 5400 49.

338 5458 408 5528 (ι)
446 5459 607 5512 Ἐπεί
640 5459 697 5511 τι
723 5458 847 5527 ἕχει
868 5458 1226 5526 παράδοξον.
1260 5457 1415 5524 Quod
1445 5458 1709 5515 Maximus
1739 5461 1825 5514 in—

264 5528 790 5583 conveniensaﬂ'ert
839 5529 1105 5581 adversus
1127 5528 1447 5589 Trithcitas,
1490 5530 1637 5596 quod
1678 5532 1828 5585 nulla

266 5599 447 5667 major
482 5599 611 5651 unio
642 5598 883 5665 sitjuxta
915 5597 1059 5668 illos,
1104 5598 1226 5651 Filii
1262 5614 1387 5652 cum
1414 5599 1595 5663 Patre,
1656 5616 1823 5668 quam

267 5678 357 5723 est
388 5668 480 5720 [iiii
510 5668 748 5739 hominis
768 5683 891 5721 cum
923 5667 1150 5739 homine
1183 5677 1357 5738 patre,
1392 5668 1443 5721 id
1463 5684 1591 5721 vero
1621 5667 1823 5739 Obsop.

266 5746 539 5818 assertum
586 5737 751 5817 facit,_
786 5752 849 5789 ac
891 5736 960 5818 si_
996 5736 1197 5817 doceat
1219 5740 1530 5818 Maximus.“
1555 5741 1699 5818 quod
1728 5736 1827 5794 nec

264 5812 415 5863 forte
472 5808 856 5876 grammaticus
896 5806 1253 5872 admitteret,
1303 5825 1405 5863 nec
1465 5806 1604 5864 aliu's
1642 5827 1708 5863 ex
1765 5827 1829 5864 ea

1931 3269 2153 3323 dinosas
2188 3270 2240 3321 in
2277 3267 2435 3321 nobis
2470 3267 2830 3336 cogitationes
2862 3270 3215 3324 exsuscitent.
3249 3270 3496 3340 Tumque

1930 3375 2029 3427 per
2061 3359 2181 3412 illas
2216 3360 2456 3411 animum
2496 3359 2900 3427 itnpuguantes,
2932 3360 2986 3412 in
3020 3362 3227 3429 peccati
3262 3378 3495 3416 consen-

1931 3467 2049 3505 sum
2099 3458 2317 3520 coguut.
2359 3450 2546 3517 quue
2591 3460 2880 3519 superato,
2919 3453 2971 3504 in
3023 3460 3305 3520 peccatum
3348 3455 3493 3523 quod

1931 3544 2132 3595 mentis
2207 3542 2445 3611 cogitatu
2507 3542 2705 3611 agitur,
2777 3543 3023 3596 trahunt.
3075 3542 3195 3608 Quo
3273 3544 3494 3598 demum

1931 3643 2174 3704 peracto,
2210 3634 2483 3701 captivum
2514 3634 2567 3686 in
2585 3634 2855 3687 actionem
2883 3649 2944 3686 ac
2966 3649 3104 3703 Opus
3130 3635 3332 3688 ferunt.
3370 3635 3497 3691 Pas:

1932 3726 2203 3779 actionem
2233 3740 2361 3777 vero
2386 3741 2449 3778 ac
2477 3740 2634 3793 opus,
2659 3725 2757 3794 qui
2787 3726 3044 3779 immissis
3074 3728 3499 3797 cogitationibus

1931 3819 2166 3872 animam
2210 3816 2632 3881 desolaverunt,
2672 3833 2796 3871 cum
2846 3818 2927 3871 eis
2968 3818 3261 3883 secedunt;
3315 3830 3497 3875 manet

1930 3927 2063 3967 vero
2088 3910 2141 3963 in
2172 3919 2353 3963 meme
2385 3910 2559 3962 solum
2590 3910 2749 3962 inane
2780 3910 2987 3978 peccati
3021 3910 3396 3975 simulacrum,
3428 3913 3499 3966 de

1932 4017 2041 4071 quo
2088 4001 2164 4054 ait
2210 4002 2472 4053 Dominus
2527 4017 2539 4052 :
2594 4000 2723 4053 Cum
2777 4003 3007 4054 videritis
3057 4002 3497 4056 abominationem

1932 4094 2266 4148 desolatiouis
2300 4104 2527 4146 stantem
2554 4095 2605 4146 in
2640 4093 2747 4145 loco
2773 4104 2985 4158 sancto;
3013 4096 3102 4164 qui
3134 4094 3273 4163 legit,
3301 4096 3499 4149 intelli-

1933 4194 2023 4255 gat
2046 4186 2115 4248 ¹·⁶;
2168 4200 2391 4253 nempe,
2429 4186 2608 4237 locum
2658 4194 2904 4238 sanctum
2953 4201 3014 4238 ac
3059 4186 3150 4239 Dei
3203 4188 3492 4255 templum,

1933 4292 2052 4331 esse
2079 4276 2318 4329 hominis
2344 4277 2585 4329 animum
2613 4291 2706 4328 seu
2734 4285 2992 4336 mentem,
3014 4277 3067 4328 in
3093 4293 3198 4344 qua
3224 4278 3498 4333 daemones

1933 4383 2032 4436 per
2058 4367 2380 4421 libidinosas
2402 4366 2762 4435 cogitationes
2789 4366 3029 4421 desolata
3061 4368 3259 4433 anima,
3288 4372 3497 4437 peccati

1936 4458 2139 4512 idolum
2171 4466 2500 4511 statuerunt.
2530 4456 2655 4510 ΙΙωο
2684 4472 2814 4510 vero
2844 4458 3008 4511 etiam
3038 4459 3191 4527 juxta
3224 4460 3301 4513 rei
3335 4472 3495 4529 μείω

1938 4548 2100 4602 iidem
2140 4549 2248 4618 jam
2274 4548 2554 4609 evenisse,
2589 4564 2770 4613 nemo,
2805 4550 3065 4612 arbitror,
3098 4550 3367 4619 ambiget,
3403 4553 3497 4619 qni

1934 4639 2107 4693 libros
2136 4654 2163 4692 a
2190 4639 2428 4709 Josepho
2455 4640 2797 4709 conscriptos
2821 4641 3015 4709 legerit
3042 4639 3125 4708 (t).
3155 4640 3293 4694 Sunt
3318 4651 3499 4695 tamen

1937 4734 2031 4803 qui
2063 4742 2308 4803 tempore
2340 4734 2692 4796 Antichristi,
2722 4735 2835 4788 haec
2865 4733 3055 4787 eadem
3082 4733 3267 4788 futura
3294 4734 3483 4788 dicant

2007 4917 2095 4970 52.
2123 4915 2245 4969 Tria
2275 4924 2399 4969 sunt
2430 4931 2528 4970 nos
2556 4916 2619 4968 ad
2649 4932 2711 4969 ea
2740 4932 2861 4984 qua:
2886 4917 3114 4970 honesta
3145 4924 3274 4968 sunt
3297 4930 3358 4968 ac
3385 4914 3508 4968 oili»

1936 5007 2008 5060 cii
2071 5006 2452 5075 provocantia;
2488 5007 2757 5061 naturalia
2791 5007 3001 5061 scilicet
3034 5007 3269 5067 semina,
3301 5015 3507 5059 sanctze'

1938 5096 2201 5163 Virtutes,
2245 5107 2302 5152 et
2341 5098 2486 5154 bona
2528 5098 2801 5153 voluntas.
2844 5098 2922 5151 Ac
2966 5096 3186 5167 quidem
3230 5096 3490 5150 naturalia

1924 5460 2131 5513 schola.
2175 5461 2308 5515 Nam
2341 5462 2419 5516 sic
2450 5461 2662 5516 reddit:
2696 5459 3150 5526 Quemadmodum
3181 5461 3320 5511 enim
3338 5461 3496 5512 homo

1924 5532 2121 5602 ζιριιιῐιιὶ
2156 5534 2333 5585 unitas
2379 5541 2571 5602 est,iet
2622 5542 2967 5602 segregatus,
3016 5532 3091 5583 sic
3135 5531 3294 5602 etiam
3337 5529 3502 5602 Patri

1924 5600 2110 5661 Filius,
2151 5611 2200 5654 et
2266 5601 2397 5655 nihil
2453 5601 2591 5671 plus.
2647 5598 2955 5671 S'ed'hene
3002 5608 3104 5663 est,
3141 5600 3287 5667 quod
3326 5598 3492 5653 Gesn.

1924 5671 2259 5741 emendavit.
2283 5688 2345 5725 ac
2385 5670 2465 5725 sic
2497 5672 2691 5741 putida
2731 5670 2974 5741 sustulit.

1998 5740 2082 5810 (t)
2130 5742 2296 5795 Libro
2362 5741 2432 5794 De
2480 5738 2611 5795 licito
2664 5742 2907 5796 Iudaico.
2966 5738 3104 5795 Vide
3173 5738 3369 5793 Baron.
3425 5738 3495 5792 ad

1925 5826 2015 5864 an.
2050 5812 2136 5863 68.
