  <div class='ocr_page' id='page_1' title='image "/cluster/home/n/w/nwhite01/storage/ocr_20150623/90/nnc1.0046980113/505.png"; bbox 0 0 4208 6436; ppageno 0'>
   <div class='ocr_carea' id='block_1_1' title="bbox 735 406 841 468">
    <p class='ocr_par' dir='ltr' id='par_1_1' title="bbox 735 406 841 468">
     <span class='ocr_line' id='line_1_1' title="bbox 735 406 841 468; baseline 0.009 -1"><span class='ocrx_word' id='word_1_1' title='bbox 735 406 841 468; x_wconf 78' lang='lat'><strong>995</strong></span> 
     </span>
    </p>
   </div>
   <div class='ocr_carea' id='block_1_2' title="bbox 1902 396 2857 457">
    <p class='ocr_par' dir='ltr' id='par_1_2' title="bbox 1902 396 2857 457">
     <span class='ocr_line' id='line_1_2' title="bbox 1902 396 2857 457; baseline -0.002 -1"><span class='ocrx_word' id='word_1_2' title='bbox 1902 400 1962 457; x_wconf 87' lang='lat' dir='ltr'><strong>S.</strong></span> <span class='ocrx_word' id='word_1_3' title='bbox 2006 398 2289 456; x_wconf 71' lang='lat' dir='ltr'><strong>MAXIM]</strong></span> <span class='ocrx_word' id='word_1_4' title='bbox 2333 396 2857 457; x_wconf 71' lang='lat' dir='ltr'><strong>C(‘iNFESSORiS.</strong></span> 
     </span>
    </p>
   </div>
   <div class='ocr_carea' id='block_1_3' title="bbox 3897 400 3996 462">
    <p class='ocr_par' dir='ltr' id='par_1_3' title="bbox 3897 400 3996 462">
     <span class='ocr_line' id='line_1_3' title="bbox 3897 400 3996 462; baseline 0 -3"><span class='ocrx_word' id='word_1_5' title='bbox 3897 400 3996 462; x_wconf 75' lang='lat' dir='ltr'><strong>99G</strong></span> 
     </span>
    </p>
   </div>
   <div class='ocr_carea' id='block_1_4' title="bbox 734 509 2315 582">
    <p class='ocr_par' dir='ltr' id='par_1_4' title="bbox 734 510 2315 581">
     <span class='ocr_line' id='line_1_4' title="bbox 734 510 2315 581; baseline -0.005 -10"><span class='ocrx_word' id='word_1_6' title='bbox 734 515 972 578; x_wconf 80' lang='lat' dir='ltr'><strong>semina,</strong></span> <span class='ocrx_word' id='word_1_7' title='bbox 997 524 1078 577; x_wconf 92' lang='lat' dir='ltr'><strong>ut,</strong></span> <span class='ocrx_word' id='word_1_8' title='bbox 1110 529 1234 566; x_wconf 90' lang='lat' dir='ltr'><strong>eum</strong></span> <span class='ocrx_word' id='word_1_9' title='bbox 1271 511 1321 565; x_wconf 92' lang='lat' dir='ltr'><strong>id</strong></span> <span class='ocrx_word' id='word_1_10' title='bbox 1359 511 1505 581; x_wconf 91' lang='lat' dir='ltr'><strong>quod</strong></span> <span class='ocrx_word' id='word_1_11' title='bbox 1541 511 1793 564; x_wconf 84' lang='lat' dir='ltr'><strong>volumus</strong></span> <span class='ocrx_word' id='word_1_12' title='bbox 1828 519 1888 564; x_wconf 93' lang='lat' dir='ltr'><strong>ut</strong></span> <span class='ocrx_word' id='word_1_13' title='bbox 1921 510 2123 563; x_wconf 86' lang='lat' dir='ltr'><strong>faciant</strong></span> <span class='ocrx_word' id='word_1_14' title='bbox 2156 510 2315 564; x_wconf 92' lang='lat' dir='ltr'><strong>nobis</strong></span> 
     </span>
    </p>
   </div>
   <div class='ocr_carea' id='block_1_5' title="bbox 2413 509 3995 582">
    <p class='ocr_par' dir='ltr' id='par_1_5' title="bbox 2417 509 3995 582">
     <span class='ocr_line' id='line_1_5' title="bbox 2417 509 3995 582; baseline 0.001 -20"><span class='ocrx_word' id='word_1_15' title='bbox 2417 509 2446 561; x_wconf 81' lang='grc' dir='ltr'><strong>ὃ</strong></span> <span class='ocrx_word' id='word_1_16' title='bbox 2474 509 2701 579; x_wconf 77' lang='grc' dir='ltr'><strong>θέλομεν</strong></span> <span class='ocrx_word' id='word_1_17' title='bbox 2745 512 2828 562; x_wconf 75' lang='grc' dir='ltr'>ἵνα</span> <span class='ocrx_word' id='word_1_18' title='bbox 2865 510 3093 562; x_wconf 75' lang='grc' dir='ltr'><strong>ποιῶσιν</strong></span> <span class='ocrx_word' id='word_1_19' title='bbox 3125 513 3257 580; x_wconf 77' lang='grc' dir='ltr'><strong>ἡμῖν</strong></span> <span class='ocrx_word' id='word_1_20' title='bbox 3289 511 3338 563; x_wconf 81' lang='lat' dir='ltr'><strong>oi</strong></span> <span class='ocrx_word' id='word_1_21' title='bbox 3375 509 3679 581; x_wconf 69' lang='grc' dir='ltr'>ᾰνῦρωποι,</span> <span class='ocrx_word' id='word_1_22' title='bbox 3715 514 3810 566; x_wconf 75' lang='grc' dir='ltr'><strong>καὶ</strong></span> <span class='ocrx_word' id='word_1_23' title='bbox 3840 516 3995 582; x_wconf 71' lang='grc' dir='ltr'><strong>ἡμεῖς</strong></span> 
     </span>
    </p>
   </div>
   <div class='ocr_carea' id='block_1_6' title="bbox 735 601 2313 673">
    <p class='ocr_par' dir='ltr' id='par_1_6' title="bbox 735 601 2313 673">
     <span class='ocr_line' id='line_1_6' title="bbox 735 601 2313 673; baseline -0.006 -10"><span class='ocrx_word' id='word_1_24' title='bbox 735 609 1022 664; x_wconf 75' lang='lat' dir='ltr'><strong>homines.</strong></span> <span class='ocrx_word' id='word_1_25' title='bbox 1065 622 1164 660; x_wconf 91' lang='lat' dir='ltr'><strong>nos</strong></span> <span class='ocrx_word' id='word_1_26' title='bbox 1202 619 1422 673; x_wconf 89' lang='lat' dir='ltr'><strong>quoque</strong></span> <span class='ocrx_word' id='word_1_27' title='bbox 1468 603 1579 657; x_wconf 85' lang='lat' dir='ltr'><strong>illis</strong></span> <span class='ocrx_word' id='word_1_28' title='bbox 1623 602 1878 656; x_wconf 81' lang='lat' dir='ltr'><strong>similiter</strong></span> <span class='ocrx_word' id='word_1_29' title='bbox 1918 601 2217 655; x_wconf 88' lang='lat' dir='ltr'><strong>fecerinms</strong></span> <span class='ocrx_word' id='word_1_30' title='bbox 2237 602 2313 666; x_wconf 64' lang='grc' dir='ltr'><strong>ἰτς</strong></span> 
     </span>
    </p>
   </div>
   <div class='ocr_carea' id='block_1_7' title="bbox 734 695 2317 767">
    <p class='ocr_par' dir='ltr' id='par_1_7' title="bbox 734 695 2317 767">
     <span class='ocr_line' id='line_1_7' title="bbox 734 695 2317 767; baseline -0.003 -13"><span class='ocrx_word' id='word_1_31' title='bbox 734 704 854 766; x_wconf 90' lang='lat' dir='ltr'><strong>vel,</strong></span> <span class='ocrx_word' id='word_1_32' title='bbox 897 710 956 754; x_wconf 93' lang='lat' dir='ltr'><strong>ut</strong></span> <span class='ocrx_word' id='word_1_33' title='bbox 996 716 1121 754; x_wconf 91' lang='lat' dir='ltr'><strong>eum</strong></span> <span class='ocrx_word' id='word_1_34' title='bbox 1167 699 1408 767; x_wconf 85' lang='lat' dir='ltr'><strong>aliquem</strong></span> <span class='ocrx_word' id='word_1_35' title='bbox 1452 697 1504 751; x_wconf 93' lang='lat' dir='ltr'><strong>in</strong></span> <span class='ocrx_word' id='word_1_36' title='bbox 1553 696 1804 766; x_wconf 90' lang='lat' dir='ltr'><strong>angustia</strong></span> <span class='ocrx_word' id='word_1_37' title='bbox 1849 704 1944 749; x_wconf 89' lang='lat' dir='ltr'><strong>aut</strong></span> <span class='ocrx_word' id='word_1_38' title='bbox 1988 695 2317 749; x_wconf 89' lang='lat' dir='ltr'><strong>necessitate</strong></span> 
     </span>
    </p>
   </div>
   <div class='ocr_carea' id='block_1_8' title="bbox 735 787 2314 856">
    <p class='ocr_par' dir='ltr' id='par_1_8' title="bbox 735 787 2314 856">
     <span class='ocr_line' id='line_1_8' title="bbox 735 787 2314 856; baseline -0.004 -10"><span class='ocrx_word' id='word_1_39' title='bbox 735 796 1017 855; x_wconf 90' lang='lat' dir='ltr'><strong>videntes,</strong></span> <span class='ocrx_word' id='word_1_40' title='bbox 1064 793 1245 855; x_wconf 90' lang='lat' dir='ltr'><strong>illius,</strong></span> <span class='ocrx_word' id='word_1_41' title='bbox 1288 790 1524 844; x_wconf 88' lang='lat' dir='ltr'><strong>naturali</strong></span> <span class='ocrx_word' id='word_1_42' title='bbox 1581 789 1749 842; x_wconf 86' lang='lat' dir='ltr'><strong>ductu</strong></span> <span class='ocrx_word' id='word_1_43' title='bbox 1801 796 1966 856; x_wconf 87' lang='lat' dir='ltr'><strong>atque</strong></span> <span class='ocrx_word' id='word_1_44' title='bbox 2018 787 2314 849; x_wconf 90' lang='lat' dir='ltr'><strong>instinctu,</strong></span> 
     </span>
    </p>
   </div>
   <div class='ocr_carea' id='block_1_9' title="bbox 737 881 2316 940">
    <p class='ocr_par' dir='ltr' id='par_1_9' title="bbox 737 881 2316 940">
     <span class='ocr_line' id='line_1_9' title="bbox 737 881 2316 940; baseline -0.005 0"><span class='ocrx_word' id='word_1_45' title='bbox 737 887 946 940; x_wconf 75' lang='lat' dir='ltr'><strong>miserti</strong></span> <span class='ocrx_word' id='word_1_46' title='bbox 991 885 1283 939; x_wconf 79' lang='lat' dir='ltr'><strong>fuerimus.</strong></span> <span class='ocrx_word' id='word_1_47' title='bbox 1319 884 1529 937; x_wconf 68' lang='lat' dir='ltr'><strong>Sanctae</strong></span> <span class='ocrx_word' id='word_1_48' title='bbox 1569 889 1753 936; x_wconf 86' lang='lat' dir='ltr'><strong>autem</strong></span> <span class='ocrx_word' id='word_1_49' title='bbox 1800 881 2054 940; x_wconf 88' lang='lat' dir='ltr'><strong>virtutes.</strong></span> <span class='ocrx_word' id='word_1_50' title='bbox 2088 888 2150 933; x_wconf 92' lang='lat' dir='ltr'><strong>ut</strong></span> <span class='ocrx_word' id='word_1_51' title='bbox 2190 895 2316 934; x_wconf 93' lang='lat' dir='ltr'><strong>cum</strong></span> 
     </span>
    </p>
   </div>
   <div class='ocr_carea' id='block_1_10' title="bbox 736 971 2317 1046">
    <p class='ocr_par' dir='ltr' id='par_1_10' title="bbox 736 971 2317 1046">
     <span class='ocr_line' id='line_1_10' title="bbox 736 971 2317 1046; baseline -0.004 -15"><span class='ocrx_word' id='word_1_52' title='bbox 736 980 1026 1032; x_wconf 79' lang='lat' dir='ltr'><strong>honestum</strong></span> <span class='ocrx_word' id='word_1_53' title='bbox 1061 977 1267 1046; x_wconf 83' lang='lat' dir='ltr'><strong>aliquid</strong></span> <span class='ocrx_word' id='word_1_54' title='bbox 1288 992 1351 1030; x_wconf 91' lang='lat' dir='ltr'><strong>ac</strong></span> <span class='ocrx_word' id='word_1_55' title='bbox 1380 974 1540 1028; x_wconf 83' lang='lat' dir='ltr'><strong>ofﬁcii</strong></span> <span class='ocrx_word' id='word_1_56' title='bbox 1576 974 1839 1043; x_wconf 79' lang='lat' dir='ltr'><strong>aggressi,</strong></span> <span class='ocrx_word' id='word_1_57' title='bbox 1859 972 2064 1025; x_wconf 89' lang='lat' dir='ltr'><strong>bonum</strong></span> <span class='ocrx_word' id='word_1_58' title='bbox 2099 971 2317 1040; x_wconf 87' lang='lat' dir='ltr'><strong>adjuto-</strong></span> 
     </span>
    </p>
   </div>
   <div class='ocr_carea' id='block_1_11' title="bbox 737 1065 2313 1136">
    <p class='ocr_par' dir='ltr' id='par_1_11' title="bbox 737 1065 2313 1136">
     <span class='ocr_line' id='line_1_11' title="bbox 737 1065 2313 1136; baseline -0.003 -13"><span class='ocrx_word' id='word_1_59' title='bbox 737 1073 878 1123; x_wconf 84' lang='lat' dir='ltr'><strong>rium</strong></span> <span class='ocrx_word' id='word_1_60' title='bbox 918 1071 1316 1132; x_wconf 79' lang='lat' dir='ltr'><strong>iuvenci-imus,</strong></span> <span class='ocrx_word' id='word_1_61' title='bbox 1349 1082 1546 1136; x_wconf 89' lang='lat' dir='ltr'><strong>resque</strong></span> <span class='ocrx_word' id='word_1_62' title='bbox 1578 1067 1739 1119; x_wconf 90' lang='lat' dir='ltr'><strong>nobis</strong></span> <span class='ocrx_word' id='word_1_63' title='bbox 1772 1080 2035 1134; x_wconf 82' lang='lat' dir='ltr'><strong>prospere</strong></span> <span class='ocrx_word' id='word_1_64' title='bbox 2064 1065 2313 1118; x_wconf 89' lang='lat' dir='ltr'><strong>cesserit.</strong></span> 
     </span>
    </p>
   </div>
   <div class='ocr_carea' id='block_1_12' title="bbox 735 1157 2320 1229">
    <p class='ocr_par' dir='ltr' id='par_1_12' title="bbox 735 1157 2320 1229">
     <span class='ocr_line' id='line_1_12' title="bbox 735 1157 2320 1229; baseline -0.003 -14"><span class='ocrx_word' id='word_1_65' title='bbox 735 1163 881 1219; x_wconf 79' lang='lat' dir='ltr'><strong>Bona</strong></span> <span class='ocrx_word' id='word_1_66' title='bbox 926 1163 1164 1229; x_wconf 79' lang='lat' dir='ltr'><strong>denique,</strong></span> <span class='ocrx_word' id='word_1_67' title='bbox 1215 1160 1505 1221; x_wconf 89' lang='lat' dir='ltr'><strong>voluntas,</strong></span> <span class='ocrx_word' id='word_1_68' title='bbox 1555 1167 1613 1212; x_wconf 93' lang='lat' dir='ltr'><strong>ut</strong></span> <span class='ocrx_word' id='word_1_69' title='bbox 1657 1173 1784 1212; x_wconf 91' lang='lat' dir='ltr'><strong>cum</strong></span> <span class='ocrx_word' id='word_1_70' title='bbox 1835 1157 2041 1210; x_wconf 90' lang='lat' dir='ltr'><strong>bonum</strong></span> <span class='ocrx_word' id='word_1_71' title='bbox 2093 1171 2125 1209; x_wconf 88' lang='lat' dir='ltr'><strong>a</strong></span> <span class='ocrx_word' id='word_1_72' title='bbox 2173 1157 2320 1210; x_wconf 88' lang='lat' dir='ltr'><strong>malo</strong></span> 
     </span>
    </p>
   </div>
   <div class='ocr_carea' id='block_1_13' title="bbox 733 1247 2109 1318">
    <p class='ocr_par' dir='ltr' id='par_1_13' title="bbox 733 1247 2109 1318">
     <span class='ocr_line' id='line_1_13' title="bbox 733 1247 2109 1318; baseline -0.004 -14"><span class='ocrx_word' id='word_1_73' title='bbox 733 1254 1132 1311; x_wconf 81' lang='lat' dir='ltr'><strong>discernentes,</strong></span> <span class='ocrx_word' id='word_1_74' title='bbox 1159 1249 1211 1302; x_wconf 91' lang='lat' dir='ltr'><strong>id</strong></span> <span class='ocrx_word' id='word_1_75' title='bbox 1239 1248 1384 1318; x_wconf 92' lang='lat' dir='ltr'><strong>quod</strong></span> <span class='ocrx_word' id='word_1_76' title='bbox 1413 1258 1498 1302; x_wconf 91' lang='lat' dir='ltr'><strong>est</strong></span> <span class='ocrx_word' id='word_1_77' title='bbox 1525 1248 1726 1300; x_wconf 93' lang='lat' dir='ltr'><strong>bouum</strong></span> <span class='ocrx_word' id='word_1_78' title='bbox 1755 1247 2109 1315; x_wconf 88' lang='lat' dir='ltr'><strong>elegerimus.</strong></span> 
     </span>
    </p>
   </div>
   <div class='ocr_carea' id='block_1_14' title="bbox 803 1335 2314 1405">
    <p class='ocr_par' dir='ltr' id='par_1_14' title="bbox 803 1335 2314 1405">
     <span class='ocr_line' id='line_1_14' title="bbox 803 1335 2314 1405; baseline -0.002 -13"><span class='ocrx_word' id='word_1_79' title='bbox 803 1341 891 1392; x_wconf 71' lang='lat'><strong>35.</strong></span> <span class='ocrx_word' id='word_1_80' title='bbox 923 1339 1051 1392; x_wconf 83' lang='lat' dir='ltr'><strong>&#39;l&#39;ria</strong></span> <span class='ocrx_word' id='word_1_81' title='bbox 1091 1354 1286 1392; x_wconf 88' lang='lat' dir='ltr'><strong>rursus</strong></span> <span class='ocrx_word' id='word_1_82' title='bbox 1318 1347 1448 1391; x_wconf 92' lang='lat' dir='ltr'><strong>sunt</strong></span> <span class='ocrx_word' id='word_1_83' title='bbox 1476 1353 1596 1405; x_wconf 77' lang='lat' dir='ltr'><strong>que</strong></span> <span class='ocrx_word' id='word_1_84' title='bbox 1630 1352 1732 1389; x_wconf 89' lang='lat' dir='ltr'><strong>nos</strong></span> <span class='ocrx_word' id='word_1_85' title='bbox 1765 1345 1988 1389; x_wconf 86' lang='lat' dir='ltr'><strong>movent</strong></span> <span class='ocrx_word' id='word_1_86' title='bbox 2018 1336 2086 1390; x_wconf 90' lang='lat' dir='ltr'><strong>ad</strong></span> <span class='ocrx_word' id='word_1_87' title='bbox 2125 1335 2264 1390; x_wconf 86' lang='lat' dir='ltr'><strong>mala</strong></span> <span class='ocrx_word' id='word_1_88' title='bbox 2300 1353 2314 1389; x_wconf 91' lang='lat'><strong>:</strong></span> 
     </span>
    </p>
   </div>
   <div class='ocr_carea' id='block_1_15' title="bbox 733 1432 2318 1505">
    <p class='ocr_par' dir='ltr' id='par_1_15' title="bbox 733 1432 2318 1505">
     <span class='ocr_line' id='line_1_15' title="bbox 733 1432 2318 1505; baseline -0.002 -15"><span class='ocrx_word' id='word_1_89' title='bbox 733 1452 930 1505; x_wconf 89' lang='lat' dir='ltr'><strong>nempe</strong></span> <span class='ocrx_word' id='word_1_90' title='bbox 975 1437 1205 1490; x_wconf 75' lang='lat' dir='ltr'><strong>affectus</strong></span> <span class='ocrx_word' id='word_1_91' title='bbox 1255 1450 1350 1487; x_wconf 91' lang='lat' dir='ltr'><strong>seu</strong></span> <span class='ocrx_word' id='word_1_92' title='bbox 1424 1433 1898 1502; x_wconf 88' lang='lat' dir='ltr'><strong>perturbationes,</strong></span> <span class='ocrx_word' id='word_1_93' title='bbox 1939 1432 2217 1486; x_wconf 64' lang='lat' dir='ltr'><strong>daemones</strong></span> <span class='ocrx_word' id='word_1_94' title='bbox 2261 1442 2318 1487; x_wconf 89' lang='lat' dir='ltr'><strong>et</strong></span> 
     </span>
    </p>
   </div>
   <div class='ocr_carea' id='block_1_16' title="bbox 735 1525 2316 1594">
    <p class='ocr_par' dir='ltr' id='par_1_16' title="bbox 735 1525 2316 1594">
     <span class='ocr_line' id='line_1_16' title="bbox 735 1525 2316 1594; baseline -0.004 -12"><span class='ocrx_word' id='word_1_95' title='bbox 735 1531 876 1582; x_wconf 80' lang='lat' dir='ltr'><strong>mala</strong></span> <span class='ocrx_word' id='word_1_96' title='bbox 903 1530 1174 1582; x_wconf 88' lang='lat' dir='ltr'><strong>voluntas.</strong></span> <span class='ocrx_word' id='word_1_97' title='bbox 1200 1526 1275 1580; x_wconf 83' lang='lat' dir='ltr'><strong>Ac</strong></span> <span class='ocrx_word' id='word_1_98' title='bbox 1303 1526 1524 1594; x_wconf 80' lang='lat' dir='ltr'><strong>quidem</strong></span> <span class='ocrx_word' id='word_1_99' title='bbox 1556 1525 1788 1579; x_wconf 79' lang='lat' dir='ltr'><strong>aﬁ‘ectus</strong></span> <span class='ocrx_word' id='word_1_100' title='bbox 1817 1541 1913 1578; x_wconf 90' lang='lat' dir='ltr'><strong>seu</strong></span> <span class='ocrx_word' id='word_1_101' title='bbox 1946 1525 2316 1594; x_wconf 79' lang='lat' dir='ltr'><strong>perturbatio-</strong></span> 
     </span>
    </p>
   </div>
   <div class='ocr_carea' id='block_1_17' title="bbox 734 1616 2315 1686">
    <p class='ocr_par' dir='ltr' id='par_1_17' title="bbox 734 1616 2315 1686">
     <span class='ocr_line' id='line_1_17' title="bbox 734 1616 2315 1686; baseline -0.003 -12"><span class='ocrx_word' id='word_1_102' title='bbox 734 1638 866 1683; x_wconf 87' lang='lat' dir='ltr'><strong>nes,</strong></span> <span class='ocrx_word' id='word_1_103' title='bbox 903 1630 961 1673; x_wconf 85' lang='lat' dir='ltr'><strong>ut</strong></span> <span class='ocrx_word' id='word_1_104' title='bbox 995 1634 1118 1673; x_wconf 89' lang='lat' dir='ltr'><strong>eum</strong></span> <span class='ocrx_word' id='word_1_105' title='bbox 1155 1618 1324 1672; x_wconf 88' lang='lat' dir='ltr'><strong>invita</strong></span> <span class='ocrx_word' id='word_1_106' title='bbox 1359 1618 1600 1679; x_wconf 81' lang='lat' dir='ltr'><strong>ratione,</strong></span> <span class='ocrx_word' id='word_1_107' title='bbox 1635 1616 1714 1670; x_wconf 90' lang='lat' dir='ltr'><strong>rei</strong></span> <span class='ocrx_word' id='word_1_108' title='bbox 1747 1617 1981 1686; x_wconf 82' lang='lat' dir='ltr'><strong>alicujus</strong></span> <span class='ocrx_word' id='word_1_109' title='bbox 2016 1616 2315 1684; x_wconf 88' lang='lat' dir='ltr'><strong>cupiditate</strong></span> 
     </span>
    </p>
   </div>
   <div class='ocr_carea' id='block_1_18' title="bbox 733 1706 2316 1780">
    <p class='ocr_par' dir='ltr' id='par_1_18' title="bbox 733 1706 2316 1780">
     <span class='ocr_line' id='line_1_18' title="bbox 733 1706 2316 1780; baseline -0.005 -13"><span class='ocrx_word' id='word_1_110' title='bbox 733 1713 1020 1775; x_wconf 88' lang='lat' dir='ltr'><strong>ducimur;</strong></span> <span class='ocrx_word' id='word_1_111' title='bbox 1059 1720 1189 1780; x_wconf 89' lang='lat' dir='ltr'><strong>puta</strong></span> <span class='ocrx_word' id='word_1_112' title='bbox 1221 1710 1353 1771; x_wconf 91' lang='lat' dir='ltr'><strong>cibi,</strong></span> <span class='ocrx_word' id='word_1_113' title='bbox 1382 1716 1582 1776; x_wconf 61' lang='lat' dir='ltr'><strong>prater</strong></span> <span class='ocrx_word' id='word_1_114' title='bbox 1612 1723 1773 1777; x_wconf 89' lang='lat' dir='ltr'><strong>quam</strong></span> <span class='ocrx_word' id='word_1_115' title='bbox 1809 1706 1956 1776; x_wconf 90' lang='lat' dir='ltr'><strong>quod</strong></span> <span class='ocrx_word' id='word_1_116' title='bbox 1986 1708 2072 1761; x_wconf 87' lang='lat' dir='ltr'><strong>vel</strong></span> <span class='ocrx_word' id='word_1_117' title='bbox 2109 1723 2316 1776; x_wconf 81' lang='lat' dir='ltr'><strong>oppor-</strong></span> 
     </span>
    </p>
   </div>
   <div class='ocr_carea' id='block_1_19' title="bbox 735 1798 2313 1870">
    <p class='ocr_par' dir='ltr' id='par_1_19' title="bbox 735 1798 2313 1870">
     <span class='ocr_line' id='line_1_19' title="bbox 735 1798 2313 1870; baseline -0.004 -13"><span class='ocrx_word' id='word_1_118' title='bbox 735 1815 928 1858; x_wconf 90' lang='lat' dir='ltr'><strong>tunum</strong></span> <span class='ocrx_word' id='word_1_119' title='bbox 978 1812 1224 1870; x_wconf 91' lang='lat' dir='ltr'><strong>tempus,</strong></span> <span class='ocrx_word' id='word_1_120' title='bbox 1257 1801 1340 1854; x_wconf 90' lang='lat' dir='ltr'><strong>vel</strong></span> <span class='ocrx_word' id='word_1_121' title='bbox 1382 1801 1529 1869; x_wconf 87' lang='lat' dir='ltr'><strong>justa</strong></span> <span class='ocrx_word' id='word_1_122' title='bbox 1574 1799 1878 1852; x_wconf 85' lang='lat' dir='ltr'><strong>necessitas</strong></span> <span class='ocrx_word' id='word_1_123' title='bbox 1921 1798 2187 1861; x_wconf 86' lang='lat' dir='ltr'><strong>suaserit;</strong></span> <span class='ocrx_word' id='word_1_124' title='bbox 2231 1799 2313 1851; x_wconf 92' lang='lat' dir='ltr'><strong>vel</strong></span> 
     </span>
    </p>
   </div>
   <div class='ocr_carea' id='block_1_20' title="bbox 2416 602 3996 677">
    <p class='ocr_par' dir='ltr' id='par_1_20' title="bbox 2416 602 3996 677">
     <span class='ocr_line' id='line_1_20' title="bbox 2416 602 3996 677; baseline 0.004 -25"><span class='ocrx_word' id='word_1_125' title='bbox 2416 602 2616 670; x_wconf 78' lang='grc' dir='ltr'>ὁμοίως</span> <span class='ocrx_word' id='word_1_126' title='bbox 2651 604 2895 677; x_wconf 79' lang='grc' dir='ltr'>ποιῶμεν</span> <span class='ocrx_word' id='word_1_127' title='bbox 2923 603 3105 666; x_wconf 81' lang='grc' dir='ltr'>αὐτοῖς</span> <span class='ocrx_word' id='word_1_128' title='bbox 3131 617 3145 630; x_wconf 89' lang='grc'><strong>·</strong></span> <span class='ocrx_word' id='word_1_129' title='bbox 3200 605 3232 672; x_wconf 84' lang='grc' dir='ltr'>ἢ</span> <span class='ocrx_word' id='word_1_130' title='bbox 3270 603 3347 666; x_wconf 79' lang='grc' dir='ltr'>ὡς</span> <span class='ocrx_word' id='word_1_131' title='bbox 3399 605 3529 658; x_wconf 84' lang='grc' dir='ltr'>ὅταν</span> <span class='ocrx_word' id='word_1_132' title='bbox 3563 604 3766 674; x_wconf 76' lang='grc' dir='ltr'>ἴδωμέν</span> <span class='ocrx_word' id='word_1_133' title='bbox 3787 623 3909 658; x_wconf 82' lang='grc' dir='ltr'>τινα</span> <span class='ocrx_word' id='word_1_134' title='bbox 3940 610 3996 658; x_wconf 81' lang='grc' dir='ltr'><strong>ἐν</strong></span> 
     </span>
    </p>
   </div>
   <div class='ocr_carea' id='block_1_21' title="bbox 2419 692 3994 765">
    <p class='ocr_par' dir='ltr' id='par_1_21' title="bbox 2419 692 3994 765">
     <span class='ocr_line' id='line_1_21' title="bbox 2419 692 3994 765; baseline 0.004 -23"><span class='ocrx_word' id='word_1_135' title='bbox 2419 692 2674 745; x_wconf 75' lang='grc' dir='ltr'><strong>στενώςει</strong></span> <span class='ocrx_word' id='word_1_136' title='bbox 2704 694 2736 764; x_wconf 86' lang='grc' dir='ltr'>ἢ</span> <span class='ocrx_word' id='word_1_137' title='bbox 2798 696 2857 746; x_wconf 80' lang='grc' dir='ltr'>ὲν</span> <span class='ocrx_word' id='word_1_138' title='bbox 2904 695 3117 765; x_wconf 74' lang='grc' dir='ltr'><strong>ἀνάγκῃ</strong></span> <span class='ocrx_word' id='word_1_139' title='bbox 3147 735 3161 756; x_wconf 85' lang='grc'><strong>,</strong></span> <span class='ocrx_word' id='word_1_140' title='bbox 3216 696 3310 748; x_wconf 76' lang='grc' dir='ltr'><strong>καὶ</strong></span> <span class='ocrx_word' id='word_1_141' title='bbox 3344 695 3594 764; x_wconf 78' lang='grc' dir='ltr'>φυσικῶς</span> <span class='ocrx_word' id='word_1_142' title='bbox 3632 696 3895 764; x_wconf 80' lang='grc' dir='ltr'><strong>ἐλεῶμεν.</strong></span> <span class='ocrx_word' id='word_1_143' title='bbox 3931 698 3994 749; x_wconf 78' lang='lat' dir='ltr'><strong>Ai</strong></span> 
     </span>
    </p>
   </div>
   <div class='ocr_carea' id='block_1_22' title="bbox 2414 783 3996 859">
    <p class='ocr_par' dir='ltr' id='par_1_22' title="bbox 2414 783 3996 859">
     <span class='ocr_line' id='line_1_22' title="bbox 2414 783 3996 859; baseline 0.001 -21"><span class='ocrx_word' id='word_1_144' title='bbox 2414 784 2472 838; x_wconf 75' lang='grc' dir='ltr'><strong>δὲ</strong></span> <span class='ocrx_word' id='word_1_145' title='bbox 2511 787 2660 854; x_wconf 75' lang='grc' dir='ltr'><strong>ἅγιαι</strong></span> <span class='ocrx_word' id='word_1_146' title='bbox 2698 789 3002 856; x_wconf 68' lang='grc' dir='ltr'>Δυνάμεις,</span> <span class='ocrx_word' id='word_1_147' title='bbox 3039 783 3150 842; x_wconf 76' lang='grc' dir='ltr'><strong>οἷον</strong></span> <span class='ocrx_word' id='word_1_148' title='bbox 3198 789 3327 841; x_wconf 78' lang='grc' dir='ltr'>ὅταν</span> <span class='ocrx_word' id='word_1_149' title='bbox 3359 787 3672 856; x_wconf 82' lang='grc' dir='ltr'><strong>κινούμενοι</strong></span> <span class='ocrx_word' id='word_1_150' title='bbox 3722 791 3817 841; x_wconf 75' lang='grc' dir='ltr'><strong>ἐπὶ</strong></span> <span class='ocrx_word' id='word_1_151' title='bbox 3844 790 3996 859; x_wconf 79' lang='grc' dir='ltr'><strong>καλῷ</strong></span> 
     </span>
    </p>
   </div>
   <div class='ocr_carea' id='block_1_23' title="bbox 2417 879 3998 952">
    <p class='ocr_par' dir='ltr' id='par_1_23' title="bbox 2417 879 3998 952">
     <span class='ocr_line' id='line_1_23' title="bbox 2417 879 3998 952; baseline 0.003 -22"><span class='ocrx_word' id='word_1_152' title='bbox 2417 879 2725 948; x_wconf 71' lang='grc' dir='ltr'>πράγματι,</span> <span class='ocrx_word' id='word_1_153' title='bbox 2757 880 3011 949; x_wconf 74' lang='grc' dir='ltr'>εὕρωμεν</span> <span class='ocrx_word' id='word_1_154' title='bbox 3042 881 3333 952; x_wconf 71' lang='grc' dir='ltr'><strong>συνεργίαν</strong></span> <span class='ocrx_word' id='word_1_155' title='bbox 3361 880 3596 950; x_wconf 72' lang='grc' dir='ltr'>ἀγαθὴν,</span> <span class='ocrx_word' id='word_1_156' title='bbox 3643 883 3738 934; x_wconf 80' lang='grc' dir='ltr'><strong>καὶ</strong></span> <span class='ocrx_word' id='word_1_157' title='bbox 3795 900 3998 935; x_wconf 78' lang='grc' dir='ltr'>κατευ-</span> 
     </span>
    </p>
   </div>
   <div class='ocr_carea' id='block_1_24' title="bbox 2415 970 3998 1045">
    <p class='ocr_par' dir='ltr' id='par_1_24' title="bbox 2415 970 3998 1045">
     <span class='ocr_line' id='line_1_24' title="bbox 2415 970 3998 1045; baseline 0.001 -21"><span class='ocrx_word' id='word_1_158' title='bbox 2415 970 2684 1039; x_wconf 80' lang='grc' dir='ltr'><strong>οδὼμεθα.</strong></span> <span class='ocrx_word' id='word_1_159' title='bbox 2729 972 2792 1024; x_wconf 86' lang='lat' dir='ltr'><strong>&#39;ll</strong></span> <span class='ocrx_word' id='word_1_160' title='bbox 2841 973 2896 1024; x_wconf 79' lang='grc' dir='ltr'><strong>δὲ</strong></span> <span class='ocrx_word' id='word_1_161' title='bbox 2925 972 3104 1042; x_wconf 80' lang='grc' dir='ltr'><strong>ἀγαθὴ</strong></span> <span class='ocrx_word' id='word_1_162' title='bbox 3150 973 3498 1044; x_wconf 83' lang='grc' dir='ltr'>προαίρεσις,</span> <span class='ocrx_word' id='word_1_163' title='bbox 3529 973 3606 1037; x_wconf 82' lang='grc' dir='ltr'><strong>ὡς</strong></span> <span class='ocrx_word' id='word_1_164' title='bbox 3630 974 3758 1027; x_wconf 80' lang='grc' dir='ltr'>ὅταν</span> <span class='ocrx_word' id='word_1_165' title='bbox 3786 974 3998 1045; x_wconf 77' lang='grc' dir='ltr'>διακρί-</span> 
     </span>
    </p>
   </div>
   <div class='ocr_carea' id='block_1_25' title="bbox 2417 1063 3997 1137">
    <p class='ocr_par' dir='ltr' id='par_1_25' title="bbox 2417 1063 3997 1137">
     <span class='ocr_line' id='line_1_25' title="bbox 2417 1063 3997 1137; baseline 0.003 -23"><span class='ocrx_word' id='word_1_166' title='bbox 2417 1080 2599 1124; x_wconf 82' lang='grc' dir='ltr'>νοντες</span> <span class='ocrx_word' id='word_1_167' title='bbox 2654 1064 2762 1116; x_wconf 75' lang='grc' dir='ltr'><strong>ἀπὸ</strong></span> <span class='ocrx_word' id='word_1_168' title='bbox 2815 1063 2910 1117; x_wconf 81' lang='grc' dir='ltr'><strong>τοῦ</strong></span> <span class='ocrx_word' id='word_1_169' title='bbox 2961 1065 3132 1117; x_wconf 69' lang='grc' dir='ltr'>κακοῦ</span> <span class='ocrx_word' id='word_1_170' title='bbox 3189 1067 3251 1119; x_wconf 84' lang='grc' dir='ltr'>τὸ</span> <span class='ocrx_word' id='word_1_171' title='bbox 3321 1066 3526 1131; x_wconf 78' lang='grc' dir='ltr'>καλὸν,</span> <span class='ocrx_word' id='word_1_172' title='bbox 3582 1065 3872 1137; x_wconf 74' lang='grc' dir='ltr'><strong>αἱρώμεθα</strong></span> <span class='ocrx_word' id='word_1_173' title='bbox 3938 1069 3997 1119; x_wconf 60' lang='grc' dir='ltr'><strong>τι</strong></span> 
     </span>
    </p>
   </div>
   <div class='ocr_carea' id='block_1_26' title="bbox 2416 1155 2641 1222">
    <p class='ocr_par' dir='ltr' id='par_1_26' title="bbox 2416 1155 2641 1222">
     <span class='ocr_line' id='line_1_26' title="bbox 2416 1155 2641 1222; baseline 0 -14"><span class='ocrx_word' id='word_1_174' title='bbox 2416 1155 2641 1222; x_wconf 70' lang='grc' dir='ltr'><strong>ἀγαθόν.</strong></span> 
     </span>
    </p>
   </div>
   <div class='ocr_carea' id='block_1_27' title="bbox 2485 1335 4002 1412">
    <p class='ocr_par' dir='ltr' id='par_1_27' title="bbox 2485 1335 4002 1412">
     <span class='ocr_line' id='line_1_27' title="bbox 2485 1335 4002 1412; baseline 0.004 -25"><span class='ocrx_word' id='word_1_175' title='bbox 2485 1335 2588 1403; x_wconf 65' lang='grc' dir='ltr'><strong>λγ.</strong></span> <span class='ocrx_word' id='word_1_176' title='bbox 2633 1335 2771 1405; x_wconf 85' lang='grc' dir='ltr'>Τρία</span> <span class='ocrx_word' id='word_1_177' title='bbox 2800 1336 2855 1389; x_wconf 80' lang='grc' dir='ltr'><strong>δὲ</strong></span> <span class='ocrx_word' id='word_1_178' title='bbox 2883 1337 3044 1389; x_wconf 74' lang='grc' dir='ltr'>πάλιν</span> <span class='ocrx_word' id='word_1_179' title='bbox 3089 1338 3195 1391; x_wconf 60' lang='lat' dir='ltr'><strong>sic!</strong></span> <span class='ocrx_word' id='word_1_180' title='bbox 3226 1339 3294 1392; x_wconf 83' lang='grc' dir='ltr'>τὰ</span> <span class='ocrx_word' id='word_1_181' title='bbox 3333 1339 3584 1393; x_wconf 70' lang='grc' dir='ltr'>κινοῦντα</span> <span class='ocrx_word' id='word_1_182' title='bbox 3623 1344 3770 1412; x_wconf 68' lang='grc' dir='ltr'><strong>ἡμᾶς</strong></span> <span class='ocrx_word' id='word_1_183' title='bbox 3812 1342 3905 1393; x_wconf 69' lang='grc' dir='ltr'><strong>ἐπὶ</strong></span> <span class='ocrx_word' id='word_1_184' title='bbox 3933 1342 4002 1393; x_wconf 68' lang='grc' dir='ltr'><strong>τὰ</strong></span> 
     </span>
    </p>
   </div>
   <div class='ocr_carea' id='block_1_28' title="bbox 2417 1429 3999 1504">
    <p class='ocr_par' dir='ltr' id='par_1_28' title="bbox 2417 1429 3999 1504">
     <span class='ocr_line' id='line_1_28' title="bbox 2417 1429 3999 1504; baseline 0.002 -23"><span class='ocrx_word' id='word_1_185' title='bbox 2417 1431 2566 1482; x_wconf 85' lang='grc' dir='ltr'>κακὰ</span> <span class='ocrx_word' id='word_1_186' title='bbox 2594 1443 2608 1456; x_wconf 92' lang='grc'><strong>·</strong></span> <span class='ocrx_word' id='word_1_187' title='bbox 2639 1430 2707 1482; x_wconf 75' lang='grc' dir='ltr'>τὰ</span> <span class='ocrx_word' id='word_1_188' title='bbox 2745 1429 2914 1498; x_wconf 78' lang='grc' dir='ltr'>πάθη,</span> <span class='ocrx_word' id='word_1_189' title='bbox 2952 1433 3002 1482; x_wconf 87' lang='grc' dir='ltr'><strong>οἱ</strong></span> <span class='ocrx_word' id='word_1_190' title='bbox 3047 1431 3326 1500; x_wconf 81' lang='grc' dir='ltr'>δαίμονες,</span> <span class='ocrx_word' id='word_1_191' title='bbox 3365 1435 3457 1486; x_wconf 77' lang='grc' dir='ltr'><strong>καὶ</strong></span> <span class='ocrx_word' id='word_1_192' title='bbox 3490 1437 3521 1502; x_wconf 77' lang='grc' dir='ltr'><strong>ἡ</strong></span> <span class='ocrx_word' id='word_1_193' title='bbox 3559 1437 3698 1502; x_wconf 83' lang='grc' dir='ltr'>κακὴ</span> <span class='ocrx_word' id='word_1_194' title='bbox 3734 1429 3999 1504; x_wconf 69' lang='grc' dir='ltr'>προαίρευ</span> 
     </span>
    </p>
   </div>
   <div class='ocr_carea' id='block_1_29' title="bbox 2419 1521 3999 1595">
    <p class='ocr_par' dir='ltr' id='par_1_29' title="bbox 2419 1521 3999 1595">
     <span class='ocr_line' id='line_1_29' title="bbox 2419 1521 3999 1595; baseline 0.004 -25"><span class='ocrx_word' id='word_1_195' title='bbox 2419 1537 2522 1582; x_wconf 83' lang='grc' dir='ltr'><strong>σις.</strong></span> <span class='ocrx_word' id='word_1_196' title='bbox 2559 1521 2667 1573; x_wconf 71' lang='grc' dir='ltr'><strong>Καὶ</strong></span> <span class='ocrx_word' id='word_1_197' title='bbox 2695 1521 2766 1573; x_wconf 76' lang='grc' dir='ltr'>τὰ</span> <span class='ocrx_word' id='word_1_198' title='bbox 2802 1522 2901 1590; x_wconf 82' lang='grc' dir='ltr'><strong>μὲν</strong></span> <span class='ocrx_word' id='word_1_199' title='bbox 2933 1522 3076 1592; x_wconf 74' lang='grc' dir='ltr'>πάθη</span> <span class='ocrx_word' id='word_1_200' title='bbox 3101 1563 3114 1584; x_wconf 97' lang='grc'><strong>,</strong></span> <span class='ocrx_word' id='word_1_201' title='bbox 3156 1523 3233 1586; x_wconf 81' lang='grc' dir='ltr'><strong>ὡς</strong></span> <span class='ocrx_word' id='word_1_202' title='bbox 3280 1525 3410 1577; x_wconf 74' lang='grc' dir='ltr'>ὅταν</span> <span class='ocrx_word' id='word_1_203' title='bbox 3442 1525 3804 1595; x_wconf 73' lang='grc' dir='ltr'><strong>ἐπιουμῶμεν</strong></span> <span class='ocrx_word' id='word_1_204' title='bbox 3853 1529 3999 1594; x_wconf 69' lang='grc' dir='ltr'>πρα-</span> 
     </span>
    </p>
   </div>
   <div class='ocr_carea' id='block_1_30' title="bbox 2415 1613 4003 1688">
    <p class='ocr_par' dir='ltr' id='par_1_30' title="bbox 2415 1613 4003 1688">
     <span class='ocr_line' id='line_1_30' title="bbox 2415 1613 4003 1688; baseline 0 -22"><span class='ocrx_word' id='word_1_205' title='bbox 2415 1632 2625 1683; x_wconf 83' lang='grc' dir='ltr'>γματος</span> <span class='ocrx_word' id='word_1_206' title='bbox 2667 1615 2820 1685; x_wconf 72' lang='grc' dir='ltr'>παρὰ</span> <span class='ocrx_word' id='word_1_207' title='bbox 2867 1615 3026 1684; x_wconf 70' lang='grc' dir='ltr'>λόγον</span> <span class='ocrx_word' id='word_1_208' title='bbox 3057 1632 3070 1644; x_wconf 88' lang='grc'><strong>·</strong></span> <span class='ocrx_word' id='word_1_209' title='bbox 3124 1613 3233 1669; x_wconf 72' lang='grc' dir='ltr'><strong>οἷον</strong></span> <span class='ocrx_word' id='word_1_210' title='bbox 3284 1619 3316 1687; x_wconf 83' lang='grc' dir='ltr'><strong>ἢ</strong></span> <span class='ocrx_word' id='word_1_211' title='bbox 3355 1617 3669 1687; x_wconf 78' lang='grc' dir='ltr'>βρώματος,</span> <span class='ocrx_word' id='word_1_212' title='bbox 3714 1620 3868 1688; x_wconf 73' lang='grc' dir='ltr'>παρὰ</span> <span class='ocrx_word' id='word_1_213' title='bbox 3913 1619 4003 1669; x_wconf 65' lang='grc' dir='ltr'>τὸν</span> 
     </span>
    </p>
   </div>
   <div class='ocr_carea' id='block_1_31' title="bbox 2417 1708 4001 1782">
    <p class='ocr_par' dir='ltr' id='par_1_31' title="bbox 2417 1708 4001 1782">
     <span class='ocr_line' id='line_1_31' title="bbox 2417 1708 4001 1782; baseline -0.019 6"><span class='ocrx_word' id='word_1_214' title='bbox 2417 1708 2608 1777; x_wconf 64' lang='grc' dir='ltr'><strong>καιρὸν</strong></span> <span class='ocrx_word' id='word_1_215' title='bbox 2635 1748 2648 1770; x_wconf 72' lang='grc' dir='ltr'>ι</span> <span class='ocrx_word' id='word_1_216' title='bbox 2685 1709 2718 1777; x_wconf 67' lang='grc' dir='ltr'>ἦ</span> <span class='ocrx_word' id='word_1_217' title='bbox 2749 1708 2900 1779; x_wconf 65' lang='grc' dir='ltr'><strong>¹¹τ⁵²ρὰ</strong></span> <span class='ocrx_word' id='word_1_218' title='bbox 2955 1710 3053 1778; x_wconf 63' lang='grc' dir='ltr'><strong>τὴν</strong></span> <span class='ocrx_word' id='word_1_219' title='bbox 3098 1711 3288 1778; x_wconf 77' lang='grc' dir='ltr'>χρείαν</span> <span class='ocrx_word' id='word_1_220' title='bbox 3311 1751 3325 1772; x_wconf 69' lang='grc' dir='ltr'><strong>ν</strong></span> <span class='ocrx_word' id='word_1_221' title='bbox 3373 1713 3406 1782; x_wconf 85' lang='grc' dir='ltr'>ἢ</span> <span class='ocrx_word' id='word_1_222' title='bbox 3439 1713 3696 1778; x_wconf 62' lang='grc' dir='ltr'>γυναικὸς</span> <span class='ocrx_word' id='word_1_223' title='bbox 3730 1712 3881 1780; x_wconf 67' lang='grc' dir='ltr'>παρὰ</span> <span class='ocrx_word' id='word_1_224' title='bbox 3910 1712 4001 1760; x_wconf 66' lang='grc' dir='ltr'><strong>τὶν</strong></span> 
     </span>
    </p>
   </div>
   <div class='ocr_carea' id='block_1_32' title="bbox 2419 1798 3998 1873">
    <p class='ocr_par' dir='ltr' id='par_1_32' title="bbox 2419 1798 3998 1873">
     <span class='ocr_line' id='line_1_32' title="bbox 2419 1798 3998 1873; baseline 0.001 -25"><span class='ocrx_word' id='word_1_225' title='bbox 2419 1798 2620 1852; x_wconf 71' lang='grc' dir='ltr'><strong>σκοπὸν</strong></span> <span class='ocrx_word' id='word_1_226' title='bbox 2648 1799 2748 1868; x_wconf 75' lang='grc' dir='ltr'><strong>τῆς</strong></span> <span class='ocrx_word' id='word_1_227' title='bbox 2778 1801 3143 1864; x_wconf 78' lang='grc' dir='ltr'>παιδοποιίας,</span> <span class='ocrx_word' id='word_1_228' title='bbox 3180 1803 3272 1854; x_wconf 80' lang='grc' dir='ltr'><strong>καὶ</strong></span> <span class='ocrx_word' id='word_1_229' title='bbox 3304 1801 3401 1870; x_wconf 80' lang='grc' dir='ltr'>τῆς</span> <span class='ocrx_word' id='word_1_230' title='bbox 3456 1803 3530 1873; x_wconf 81' lang='grc' dir='ltr'><strong>μὴ</strong></span> <span class='ocrx_word' id='word_1_231' title='bbox 3581 1802 3837 1871; x_wconf 79' lang='grc' dir='ltr'>νομῖμου.</span> <span class='ocrx_word' id='word_1_232' title='bbox 3891 1802 3998 1851; x_wconf 77' lang='grc' dir='ltr'><strong>Καὶ</strong></span> 
     </span>
    </p>
   </div>
   <div class='ocr_carea' id='block_1_33' title="bbox 737 1875 2315 1963">
    <p class='ocr_par' dir='ltr' id='par_1_33' title="bbox 737 1887 2314 1955">
     <span class='ocr_line' id='line_1_33' title="bbox 737 1887 2314 1955; baseline -0.001 -14"><span class='ocrx_word' id='word_1_233' title='bbox 737 1889 924 1942; x_wconf 80' lang='lat' dir='ltr'><strong>uxoris</strong></span> <span class='ocrx_word' id='word_1_234' title='bbox 955 1887 1065 1941; x_wconf 84' lang='lat' dir='ltr'><strong>alio</strong></span> <span class='ocrx_word' id='word_1_235' title='bbox 1101 1887 1206 1940; x_wconf 84' lang='lat' dir='ltr'><strong>fine&#39;</strong></span> <span class='ocrx_word' id='word_1_236' title='bbox 1238 1901 1400 1955; x_wconf 88' lang='lat' dir='ltr'><strong>quam</strong></span> <span class='ocrx_word' id='word_1_237' title='bbox 1438 1887 1773 1955; x_wconf 88' lang='lat' dir='ltr'><strong>suscipiendi</strong></span> <span class='ocrx_word' id='word_1_238' title='bbox 1812 1887 2045 1948; x_wconf 84' lang='lat' dir='ltr'><strong>liberos,</strong></span> <span class='ocrx_word' id='word_1_239' title='bbox 2077 1894 2172 1938; x_wconf 92' lang='lat' dir='ltr'><strong>aut</strong></span> <span class='ocrx_word' id='word_1_240' title='bbox 2205 1901 2314 1940; x_wconf 92' lang='lat' dir='ltr'><strong>non</strong></span> 
     </span>
    </p>
   </div>
   <div class='ocr_carea' id='block_1_34' title="bbox 2413 1875 3998 1963">
    <p class='ocr_par' dir='ltr' id='par_1_34' title="bbox 2423 1889 3998 1963">
     <span class='ocr_line' id='line_1_34' title="bbox 2423 1889 3998 1963; baseline 0.002 -23"><span class='ocrx_word' id='word_1_241' title='bbox 2423 1889 2624 1954; x_wconf 74' lang='grc' dir='ltr'>πάλιν,</span> <span class='ocrx_word' id='word_1_242' title='bbox 2668 1892 2799 1943; x_wconf 75' lang='grc' dir='ltr'>ὅταν</span> <span class='ocrx_word' id='word_1_243' title='bbox 2849 1892 3234 1963; x_wconf 74' lang='grc' dir='ltr'><strong>ὀργιζώμςθα,</strong></span> <span class='ocrx_word' id='word_1_244' title='bbox 3379 1893 3679 1962; x_wconf 80' lang='grc' dir='ltr'><strong>).υπώμεοα</strong></span> <span class='ocrx_word' id='word_1_245' title='bbox 3735 1895 3887 1963; x_wconf 73' lang='grc' dir='ltr'>παρὰ</span> <span class='ocrx_word' id='word_1_246' title='bbox 3940 1893 3998 1944; x_wconf 61' lang='grc' dir='ltr'>τὲ</span> 
     </span>
    </p>
   </div>
   <div class='ocr_carea' id='block_1_35' title="bbox 733 1979 2314 2054">
    <p class='ocr_par' dir='ltr' id='par_1_35' title="bbox 733 1979 2314 2054">
     <span class='ocr_line' id='line_1_35' title="bbox 733 1979 2314 2054; baseline -0.001 -19"><span class='ocrx_word' id='word_1_247' title='bbox 733 1982 897 2054; x_wconf 61' lang='grc'><strong>415</strong></span> <span class='ocrx_word' id='word_1_248' title='bbox 938 1983 1196 2050; x_wconf 76' lang='lat' dir='ltr'><strong>legitimze</strong></span> <span class='ocrx_word' id='word_1_249' title='bbox 1233 1981 1514 2049; x_wconf 82' lang='lat' dir='ltr'><strong>conjugis,</strong></span> <span class='ocrx_word' id='word_1_250' title='bbox 1551 1995 1614 2033; x_wconf 86' lang='lat' dir='ltr'><strong>ac</strong></span> <span class='ocrx_word' id='word_1_251' title='bbox 1657 1995 1867 2040; x_wconf 90' lang='lat' dir='ltr'><strong>rursus.</strong></span> <span class='ocrx_word' id='word_1_252' title='bbox 1919 1995 2044 2033; x_wconf 89' lang='lat' dir='ltr'><strong>cum</strong></span> <span class='ocrx_word' id='word_1_253' title='bbox 2075 1987 2182 2031; x_wconf 89' lang='lat' dir='ltr'><strong>.aut</strong></span> <span class='ocrx_word' id='word_1_254' title='bbox 2217 1979 2314 2033; x_wconf 76' lang='lat' dir='ltr'><strong>ira:</strong></span> 
     </span>
    </p>
   </div>
   <div class='ocr_carea' id='block_1_36' title="bbox 735 2072 2315 2142">
    <p class='ocr_par' dir='ltr' id='par_1_36' title="bbox 735 2072 2315 2142">
     <span class='ocr_line' id='line_1_36' title="bbox 735 2072 2315 2142; baseline -0.003 -13"><span class='ocrx_word' id='word_1_255' title='bbox 735 2086 830 2130; x_wconf 85' lang='lat' dir='ltr'><strong>aut</strong></span> <span class='ocrx_word' id='word_1_256' title='bbox 857 2077 1094 2129; x_wconf 64' lang='lat' dir='ltr'><strong>tristitia:</strong></span> <span class='ocrx_word' id='word_1_257' title='bbox 1127 2074 1518 2127; x_wconf 74' lang='lat' dir='ltr'><strong>indulserimus</strong></span> <span class='ocrx_word' id='word_1_258' title='bbox 1549 2089 1707 2127; x_wconf 82' lang='lat' dir='ltr'><strong>secus</strong></span> <span class='ocrx_word' id='word_1_259' title='bbox 1735 2089 1798 2126; x_wconf 86' lang='lat' dir='ltr'><strong>ac</strong></span> <span class='ocrx_word' id='word_1_260' title='bbox 1823 2074 2008 2137; x_wconf 89' lang='lat' dir='ltr'><strong>decet;</strong></span> <span class='ocrx_word' id='word_1_261' title='bbox 2041 2083 2193 2142; x_wconf 82' lang='lat' dir='ltr'><strong>puta,</strong></span> <span class='ocrx_word' id='word_1_262' title='bbox 2221 2072 2315 2125; x_wconf 77' lang='lat' dir='ltr'><strong>ad-</strong></span> 
     </span>
    </p>
   </div>
   <div class='ocr_carea' id='block_1_37' title="bbox 735 2164 2313 2235">
    <p class='ocr_par' dir='ltr' id='par_1_37' title="bbox 735 2164 2313 2235">
     <span class='ocr_line' id='line_1_37' title="bbox 735 2164 2313 2235; baseline -0.002 -16"><span class='ocrx_word' id='word_1_263' title='bbox 735 2183 930 2221; x_wconf 91' lang='lat' dir='ltr'><strong>versus</strong></span> <span class='ocrx_word' id='word_1_264' title='bbox 953 2182 1079 2219; x_wconf 88' lang='lat' dir='ltr'><strong>eum</strong></span> <span class='ocrx_word' id='word_1_265' title='bbox 1109 2166 1201 2235; x_wconf 86' lang='lat' dir='ltr'><strong>qui</strong></span> <span class='ocrx_word' id='word_1_266' title='bbox 1236 2166 1440 2235; x_wconf 88' lang='lat' dir='ltr'><strong>probro</strong></span> <span class='ocrx_word' id='word_1_267' title='bbox 1472 2164 1675 2226; x_wconf 83' lang='lat' dir='ltr'><strong>aﬂ&#39;ecit,</strong></span> <span class='ocrx_word' id='word_1_268' title='bbox 1701 2174 1797 2218; x_wconf 90' lang='lat' dir='ltr'><strong>aut</strong></span> <span class='ocrx_word' id='word_1_269' title='bbox 1819 2164 2077 2218; x_wconf 69' lang='lat' dir='ltr'><strong>damnum</strong></span> <span class='ocrx_word' id='word_1_270' title='bbox 2108 2164 2313 2217; x_wconf 83' lang='lat' dir='ltr'><strong>intulit.</strong></span> 
     </span>
    </p>
   </div>
   <div class='ocr_carea' id='block_1_38' title="bbox 736 2257 2319 2326">
    <p class='ocr_par' dir='ltr' id='par_1_38' title="bbox 736 2257 2319 2326">
     <span class='ocr_line' id='line_1_38' title="bbox 736 2257 2319 2326; baseline 0.001 -13"><span class='ocrx_word' id='word_1_271' title='bbox 736 2260 1019 2313; x_wconf 71' lang='lat' dir='ltr'><strong>Dzemones</strong></span> <span class='ocrx_word' id='word_1_272' title='bbox 1042 2275 1191 2320; x_wconf 85' lang='lat' dir='ltr'><strong>vero,</strong></span> <span class='ocrx_word' id='word_1_273' title='bbox 1219 2267 1276 2312; x_wconf 93' lang='lat' dir='ltr'><strong>ut</strong></span> <span class='ocrx_word' id='word_1_274' title='bbox 1300 2273 1423 2310; x_wconf 89' lang='lat' dir='ltr'><strong>cum</strong></span> <span class='ocrx_word' id='word_1_275' title='bbox 1450 2257 1610 2310; x_wconf 89' lang='lat' dir='ltr'><strong>nobis</strong></span> <span class='ocrx_word' id='word_1_276' title='bbox 1634 2257 2000 2326; x_wconf 84' lang='lat' dir='ltr'><strong>negligentius</strong></span> <span class='ocrx_word' id='word_1_277' title='bbox 2028 2259 2319 2326; x_wconf 76' lang='lat' dir='ltr'><strong>agentibus</strong></span> 
     </span>
    </p>
   </div>
   <div class='ocr_carea' id='block_1_39' title="bbox 735 2348 2318 2418">
    <p class='ocr_par' dir='ltr' id='par_1_39' title="bbox 735 2348 2318 2418">
     <span class='ocr_line' id='line_1_39' title="bbox 735 2348 2318 2418; baseline 0.002 -18"><span class='ocrx_word' id='word_1_278' title='bbox 735 2352 1079 2403; x_wconf 67' lang='lat' dir='ltr'><strong>occasionem</strong></span> <span class='ocrx_word' id='word_1_279' title='bbox 1109 2358 1409 2417; x_wconf 81' lang='lat' dir='ltr'><strong>captantes,</strong></span> <span class='ocrx_word' id='word_1_280' title='bbox 1434 2348 1733 2417; x_wconf 87' lang='lat' dir='ltr'><strong>derepente</strong></span> <span class='ocrx_word' id='word_1_281' title='bbox 1759 2363 1951 2418; x_wconf 91' lang='lat' dir='ltr'><strong>magna</strong></span> <span class='ocrx_word' id='word_1_282' title='bbox 1972 2349 2318 2403; x_wconf 80' lang='lat' dir='ltr'><strong>vehementia</strong></span> 
     </span>
    </p>
   </div>
   <div class='ocr_carea' id='block_1_40' title="bbox 736 2439 2313 2510">
    <p class='ocr_par' dir='ltr' id='par_1_40' title="bbox 736 2439 2313 2510">
     <span class='ocr_line' id='line_1_40' title="bbox 736 2439 2313 2510; baseline 0.001 -17"><span class='ocrx_word' id='word_1_283' title='bbox 736 2458 800 2494; x_wconf 89' lang='lat' dir='ltr'><strong>ac</strong></span> <span class='ocrx_word' id='word_1_284' title='bbox 834 2442 1038 2510; x_wconf 89' lang='lat' dir='ltr'><strong>impetu</strong></span> <span class='ocrx_word' id='word_1_285' title='bbox 1077 2441 1129 2493; x_wconf 93' lang='lat' dir='ltr'><strong>in</strong></span> <span class='ocrx_word' id='word_1_286' title='bbox 1165 2455 1265 2492; x_wconf 91' lang='lat' dir='ltr'><strong>nos</strong></span> <span class='ocrx_word' id='word_1_287' title='bbox 1298 2439 1631 2504; x_wconf 88' lang='lat' dir='ltr'><strong>invaserint,</strong></span> <span class='ocrx_word' id='word_1_288' title='bbox 1665 2439 1963 2501; x_wconf 90' lang='lat' dir='ltr'><strong>movendo,</strong></span> <span class='ocrx_word' id='word_1_289' title='bbox 1991 2456 2131 2508; x_wconf 90' lang='lat' dir='ltr'><strong>quos</strong></span> <span class='ocrx_word' id='word_1_290' title='bbox 2166 2441 2277 2494; x_wconf 79' lang='lat' dir='ltr'><strong>dixi</strong></span> <span class='ocrx_word' id='word_1_291' title='bbox 2298 2481 2313 2504; x_wconf 89' lang='lat'><strong>,</strong></span> 
     </span>
    </p>
   </div>
   <div class='ocr_carea' id='block_1_41' title="bbox 2420 1982 2601 2043">
    <p class='ocr_par' dir='ltr' id='par_1_41' title="bbox 2420 1982 2601 2043">
     <span class='ocr_line' id='line_1_41' title="bbox 2420 1982 2601 2043; baseline 0.006 -10"><span class='ocrx_word' id='word_1_292' title='bbox 2420 1982 2566 2043; x_wconf 73' lang='grc' dir='ltr'>εἰκός</span> <span class='ocrx_word' id='word_1_293' title='bbox 2588 1998 2601 2010; x_wconf 88' lang='grc'><strong>·</strong></span> 
     </span>
    </p>
   </div>
   <div class='ocr_carea' id='block_1_42' title="bbox 2419 2069 3998 2147">
    <p class='ocr_par' dir='ltr' id='par_1_42' title="bbox 2419 2069 3998 2147">
     <span class='ocr_line' id='line_1_42' title="bbox 2419 2069 3998 2147; baseline 0.001 -22"><span class='ocrx_word' id='word_1_294' title='bbox 2419 2074 2481 2125; x_wconf 81' lang='grc' dir='ltr'><strong>ΟΞ</strong></span> <span class='ocrx_word' id='word_1_295' title='bbox 2510 2073 2558 2124; x_wconf 66' lang='grc' dir='ltr'><strong>δὲ</strong></span> <span class='ocrx_word' id='word_1_296' title='bbox 2592 2072 2866 2141; x_wconf 65' lang='grc' dir='ltr'>δαίμονεε,</span> <span class='ocrx_word' id='word_1_297' title='bbox 2902 2069 3012 2126; x_wconf 66' lang='grc' dir='ltr'><strong>οἷον</strong></span> <span class='ocrx_word' id='word_1_298' title='bbox 3038 2078 3063 2127; x_wconf 74' lang='lat' dir='ltr'><strong>r3</strong></span> <span class='ocrx_word' id='word_1_299' title='bbox 3083 2094 3164 2125; x_wconf 53' lang='lat'><strong>.7“</strong></span> <span class='ocrx_word' id='word_1_300' title='bbox 3206 2079 3261 2126; x_wconf 71' lang='grc' dir='ltr'>ἒν</span> <span class='ocrx_word' id='word_1_301' title='bbox 3286 2079 3346 2145; x_wconf 65' lang='grc' dir='ltr'>τῇ</span> <span class='ocrx_word' id='word_1_302' title='bbox 3403 2078 3629 2147; x_wconf 57' lang='grc' dir='ltr'><strong>ἀμελείᾳ.</strong></span> <span class='ocrx_word' id='word_1_303' title='bbox 3658 2077 3837 2145; x_wconf 70' lang='grc' dir='ltr'><strong>ἡμῶν,</strong></span> <span class='ocrx_word' id='word_1_304' title='bbox 3874 2095 3998 2130; x_wconf 62' lang='grc' dir='ltr'><strong>κει-</strong></span> 
     </span>
    </p>
   </div>
   <div class='ocr_carea' id='block_1_43' title="bbox 2644 1977 3993 2054">
    <p class='ocr_par' dir='ltr' id='par_1_43' title="bbox 2644 1977 3993 2054">
     <span class='ocr_line' id='line_1_43' title="bbox 2644 1977 3993 2054; baseline 0.004 -23"><span class='ocrx_word' id='word_1_305' title='bbox 2644 1977 2775 2045; x_wconf 75' lang='grc' dir='ltr'>οἷον,</span> <span class='ocrx_word' id='word_1_306' title='bbox 2811 1985 2954 2036; x_wconf 69' lang='grc' dir='ltr'>κατὰ.</span> <span class='ocrx_word' id='word_1_307' title='bbox 2981 1986 3075 2037; x_wconf 68' lang='grc' dir='ltr'><strong>τοῦ</strong></span> <span class='ocrx_word' id='word_1_308' title='bbox 3115 1986 3498 2048; x_wconf 67' lang='grc' dir='ltr'>ἀτιιιάσαντος,</span> <span class='ocrx_word' id='word_1_309' title='bbox 3527 1986 3559 2054; x_wconf 77' lang='grc' dir='ltr'><strong>ἦ</strong></span> <span class='ocrx_word' id='word_1_310' title='bbox 3595 1985 3894 2054; x_wconf 74' lang='grc' dir='ltr'><strong>ζημιώταν·</strong></span> <span class='ocrx_word' id='word_1_311' title='bbox 3917 2003 3993 2047; x_wconf 79' lang='grc' dir='ltr'><strong>ος.</strong></span> 
     </span>
    </p>
   </div>
   <div class='ocr_carea' id='block_1_44' title="bbox 2421 2165 3998 2237">
    <p class='ocr_par' dir='ltr' id='par_1_44' title="bbox 2421 2165 3998 2237">
     <span class='ocr_line' id='line_1_44' title="bbox 2421 2165 3998 2237; baseline 0.003 -21"><span class='ocrx_word' id='word_1_312' title='bbox 2421 2165 2814 2234; x_wconf 58' lang='lat' dir='ltr'><strong>posito-mins;</strong></span> <span class='ocrx_word' id='word_1_313' title='bbox 2860 2168 3058 2219; x_wconf 54' lang='grc' dir='ltr'><strong>ἓππίῌ.</strong></span> <span class='ocrx_word' id='word_1_314' title='bbox 3101 2186 3210 2220; x_wconf 61' lang='grc' dir='ltr'><strong>ιτ..</strong></span> <span class='ocrx_word' id='word_1_315' title='bbox 3253 2172 3381 2226; x_wconf 51' lang='lat' dir='ltr'><strong>im}:</strong></span> <span class='ocrx_word' id='word_1_316' title='bbox 3432 2171 3586 2236; x_wconf 63' lang='grc' dir='ltr'><strong>ἂνξ-δι)</strong></span> <span class='ocrx_word' id='word_1_317' title='bbox 3627 2170 3760 2228; x_wconf 56' lang='lat' dir='ltr'><strong>tun“:</strong></span> <span class='ocrx_word' id='word_1_318' title='bbox 3809 2170 3998 2237; x_wconf 57' lang='grc' dir='ltr'><strong>’δή-ἦς</strong></span> 
     </span>
    </p>
   </div>
   <div class='ocr_carea' id='block_1_45' title="bbox 2421 2258 4000 2332">
    <p class='ocr_par' dir='ltr' id='par_1_45' title="bbox 2421 2258 4000 2332">
     <span class='ocr_line' id='line_1_45' title="bbox 2421 2258 4000 2332; baseline 0.004 -23"><span class='ocrx_word' id='word_1_319' title='bbox 2421 2258 2785 2327; x_wconf 72' lang='grc' dir='ltr'><strong>σφοδρότητος</strong></span> <span class='ocrx_word' id='word_1_320' title='bbox 2835 2261 3114 2322; x_wconf 50' lang='lat' dir='ltr'><strong>involvas:</strong></span> <span class='ocrx_word' id='word_1_321' title='bbox 3169 2263 3238 2314; x_wconf 69' lang='grc' dir='ltr'>τὰ</span> <span class='ocrx_word' id='word_1_322' title='bbox 3289 2264 3666 2332; x_wconf 59' lang='grc' dir='ltr'>τ.ρ.ιειρημένα</span> <span class='ocrx_word' id='word_1_323' title='bbox 3699 2262 3867 2332; x_wconf 69' lang='grc' dir='ltr'><strong>τάῦς,</strong></span> <span class='ocrx_word' id='word_1_324' title='bbox 3902 2281 4000 2315; x_wconf 58' lang='lat' dir='ltr'><strong>aut</strong></span> 
     </span>
    </p>
   </div>
   <div class='ocr_carea' id='block_1_46' title="bbox 2419 2348 3995 2422">
    <p class='ocr_par' dir='ltr' id='par_1_46' title="bbox 2419 2348 3995 2422">
     <span class='ocr_line' id='line_1_46' title="bbox 2419 2348 3995 2422; baseline 0.003 -21"><span class='ocrx_word' id='word_1_325' title='bbox 2419 2349 2489 2401; x_wconf 72' lang='grc' dir='ltr'>τὰ</span> <span class='ocrx_word' id='word_1_326' title='bbox 2511 2351 2692 2418; x_wconf 84' lang='grc' dir='ltr'><strong>ὃμοια.</strong></span> <span class='ocrx_word' id='word_1_327' title='bbox 2726 2351 2791 2402; x_wconf 81' lang='grc' dir='ltr'><strong>Ἥ</strong></span> <span class='ocrx_word' id='word_1_328' title='bbox 2818 2352 2874 2404; x_wconf 77' lang='grc' dir='ltr'><strong>δὲ</strong></span> <span class='ocrx_word' id='word_1_329' title='bbox 2898 2352 3042 2422; x_wconf 57' lang='grc' dir='ltr'><strong>κακῆ</strong></span> <span class='ocrx_word' id='word_1_330' title='bbox 3068 2372 3095 2403; x_wconf 78' lang='grc' dir='ltr'><strong>ἰ·</strong></span> <span class='ocrx_word' id='word_1_331' title='bbox 3115 2353 3405 2422; x_wconf 52' lang='grc' dir='ltr'>ροτίρετις,</span> <span class='ocrx_word' id='word_1_332' title='bbox 3437 2348 3566 2417; x_wconf 74' lang='grc' dir='ltr'>οἷον,</span> <span class='ocrx_word' id='word_1_333' title='bbox 3593 2355 3681 2406; x_wconf 72' lang='grc' dir='ltr'><strong>ὅτε</strong></span> <span class='ocrx_word' id='word_1_334' title='bbox 3717 2357 3773 2406; x_wconf 80' lang='grc' dir='ltr'><strong>ἐν</strong></span> <span class='ocrx_word' id='word_1_335' title='bbox 3795 2354 3995 2422; x_wconf 53' lang='lat' dir='ltr'><strong>prima:</strong></span> 
     </span>
    </p>
   </div>
   <div class='ocr_carea' id='block_1_47' title="bbox 2417 2441 3405 2516">
    <p class='ocr_par' dir='ltr' id='par_1_47' title="bbox 2417 2441 3405 2516">
     <span class='ocr_line' id='line_1_47' title="bbox 2417 2441 3405 2516; baseline 0.005 -22"><span class='ocrx_word' id='word_1_336' title='bbox 2417 2441 2512 2494; x_wconf 78' lang='grc' dir='ltr'>τοῦ</span> <span class='ocrx_word' id='word_1_337' title='bbox 2545 2441 2736 2506; x_wconf 80' lang='grc' dir='ltr'>καλοῦ,</span> <span class='ocrx_word' id='word_1_338' title='bbox 2771 2443 2958 2497; x_wconf 76' lang='grc' dir='ltr'>κακῶν</span> <span class='ocrx_word' id='word_1_339' title='bbox 2995 2445 3405 2516; x_wconf 78' lang='grc' dir='ltr'><strong>ἁνὸαιρώμεθα.</strong></span> 
     </span>
    </p>
   </div>
   <div class='ocr_carea' id='block_1_48' title="bbox 735 2537 3996 2611">
    <p class='ocr_par' dir='ltr' id='par_1_48' title="bbox 735 2537 3996 2611">
     <span class='ocr_line' id='line_1_48' title="bbox 735 2537 3996 2611; baseline -0 -18"><span class='ocrx_word' id='word_1_340' title='bbox 735 2540 987 2603; x_wconf 83' lang='lat' dir='ltr'><strong>aﬁ&#39;eetus,</strong></span> <span class='ocrx_word' id='word_1_341' title='bbox 1019 2548 1182 2607; x_wconf 89' lang='lat' dir='ltr'><strong>atque</strong></span> <span class='ocrx_word' id='word_1_342' title='bbox 1215 2537 1303 2591; x_wconf 86' lang='lat' dir='ltr'><strong>his</strong></span> <span class='ocrx_word' id='word_1_343' title='bbox 1336 2537 1564 2591; x_wconf 86' lang='lat' dir='ltr'><strong>similes.</strong></span> <span class='ocrx_word' id='word_1_344' title='bbox 1599 2537 1735 2590; x_wconf 75' lang='lat' dir='ltr'><strong>Mala</strong></span> <span class='ocrx_word' id='word_1_345' title='bbox 1763 2537 2002 2607; x_wconf 89' lang='lat' dir='ltr'><strong>denique</strong></span> <span class='ocrx_word' id='word_1_346' title='bbox 2033 2539 2304 2601; x_wconf 84' lang='lat' dir='ltr'><strong>voluntas,</strong></span> <span class='ocrx_word' id='word_1_347' title='bbox 2349 2547 2406 2592; x_wconf 91' lang='lat' dir='ltr'><strong>ut</strong></span> <span class='ocrx_word' id='word_1_348' title='bbox 2430 2554 2556 2593; x_wconf 92' lang='lat' dir='ltr'><strong>cum</strong></span> <span class='ocrx_word' id='word_1_349' title='bbox 2581 2540 2802 2610; x_wconf 87' lang='lat' dir='ltr'><strong>cognito</strong></span> <span class='ocrx_word' id='word_1_350' title='bbox 2822 2540 2966 2609; x_wconf 88' lang='lat' dir='ltr'><strong>quod</strong></span> <span class='ocrx_word' id='word_1_351' title='bbox 2989 2541 3284 2595; x_wconf 83' lang='lat' dir='ltr'><strong>honestum</strong></span> <span class='ocrx_word' id='word_1_352' title='bbox 3310 2543 3381 2596; x_wconf 87' lang='lat' dir='ltr'><strong>sit</strong></span> <span class='ocrx_word' id='word_1_353' title='bbox 3402 2558 3464 2596; x_wconf 86' lang='lat' dir='ltr'><strong>ac</strong></span> <span class='ocrx_word' id='word_1_354' title='bbox 3499 2542 3682 2606; x_wconf 79' lang='lat' dir='ltr'><strong>ofﬁcii,</strong></span> <span class='ocrx_word' id='word_1_355' title='bbox 3734 2557 3841 2611; x_wconf 71' lang='lat' dir='ltr'><strong>prae</strong></span> <span class='ocrx_word' id='word_1_356' title='bbox 3900 2541 3996 2594; x_wconf 77' lang='lat' dir='ltr'><strong>illo</strong></span> 
     </span>
    </p>
   </div>
   <div class='ocr_carea' id='block_1_49' title="bbox 735 2627 1442 2696">
    <p class='ocr_par' dir='ltr' id='par_1_49' title="bbox 735 2627 1442 2696">
     <span class='ocr_line' id='line_1_49' title="bbox 735 2627 1442 2696; baseline -0.007 -11"><span class='ocrx_word' id='word_1_357' title='bbox 735 2641 915 2685; x_wconf 86' lang='lat' dir='ltr'><strong>tamen</strong></span> <span class='ocrx_word' id='word_1_358' title='bbox 943 2629 1142 2682; x_wconf 87' lang='lat' dir='ltr'><strong>malum</strong></span> <span class='ocrx_word' id='word_1_359' title='bbox 1169 2627 1442 2696; x_wconf 87' lang='lat' dir='ltr'><strong>eligimus.</strong></span> 
     </span>
    </p>
   </div>
   <div class='ocr_carea' id='block_1_50' title="bbox 808 2714 2309 2784">
    <p class='ocr_par' dir='ltr' id='par_1_50' title="bbox 808 2714 2309 2784">
     <span class='ocr_line' id='line_1_50' title="bbox 808 2714 2309 2784; baseline -0.005 -10"><span class='ocrx_word' id='word_1_360' title='bbox 808 2721 896 2774; x_wconf 71' lang='grc'><strong>3-4.</strong></span> <span class='ocrx_word' id='word_1_361' title='bbox 935 2718 1246 2779; x_wconf 84' lang='lat' dir='ltr'><strong>Laborum,</strong></span> <span class='ocrx_word' id='word_1_362' title='bbox 1285 2730 1424 2784; x_wconf 93' lang='lat' dir='ltr'><strong>quos</strong></span> <span class='ocrx_word' id='word_1_363' title='bbox 1466 2715 1689 2768; x_wconf 89' lang='lat' dir='ltr'><strong>virtutis</strong></span> <span class='ocrx_word' id='word_1_364' title='bbox 1734 2729 1899 2770; x_wconf 88' lang='lat' dir='ltr'><strong>causa</strong></span> <span class='ocrx_word' id='word_1_365' title='bbox 1944 2714 2309 2784; x_wconf 89' lang='lat' dir='ltr'><strong>suscipimus,</strong></span> 
     </span>
    </p>
   </div>
   <div class='ocr_carea' id='block_1_51' title="bbox 736 2806 2310 2880">
    <p class='ocr_par' dir='ltr' id='par_1_51' title="bbox 736 2806 2310 2880">
     <span class='ocr_line' id='line_1_51' title="bbox 736 2806 2310 2880; baseline -0.001 -21"><span class='ocrx_word' id='word_1_366' title='bbox 736 2812 980 2880; x_wconf 71' lang='lat' dir='ltr'><strong>przcmia.</strong></span> <span class='ocrx_word' id='word_1_367' title='bbox 1011 2807 1392 2878; x_wconf 83' lang='lat' dir='ltr'><strong>imperturbati</strong></span> <span class='ocrx_word' id='word_1_368' title='bbox 1423 2807 1592 2860; x_wconf 88' lang='lat' dir='ltr'><strong>animi</strong></span> <span class='ocrx_word' id='word_1_369' title='bbox 1631 2806 2001 2875; x_wconf 90' lang='lat' dir='ltr'><strong>tranquillitas</strong></span> <span class='ocrx_word' id='word_1_370' title='bbox 2034 2823 2098 2860; x_wconf 90' lang='lat' dir='ltr'><strong>ac</strong></span> <span class='ocrx_word' id='word_1_371' title='bbox 2128 2807 2310 2860; x_wconf 86' lang='lat' dir='ltr'><strong>scien-</strong></span> 
     </span>
    </p>
   </div>
   <div class='ocr_carea' id='block_1_52' title="bbox 738 2897 2309 2970">
    <p class='ocr_par' dir='ltr' id='par_1_52' title="bbox 738 2897 2309 2970">
     <span class='ocr_line' id='line_1_52' title="bbox 738 2897 2309 2970; baseline -0.004 -13"><span class='ocrx_word' id='word_1_372' title='bbox 738 2905 829 2958; x_wconf 82' lang='lat' dir='ltr'><strong>tia.</strong></span> <span class='ocrx_word' id='word_1_373' title='bbox 862 2901 952 2970; x_wconf 68' lang='lat' dir='ltr'><strong>lla;</strong></span> <span class='ocrx_word' id='word_1_374' title='bbox 995 2901 1143 2954; x_wconf 86' lang='lat' dir='ltr'><strong>enim</strong></span> <span class='ocrx_word' id='word_1_375' title='bbox 1192 2908 1340 2961; x_wconf 91' lang='lat' dir='ltr'><strong>sunt.</strong></span> <span class='ocrx_word' id='word_1_376' title='bbox 1369 2914 1491 2968; x_wconf 72' lang='lat' dir='ltr'><strong>quae</strong></span> <span class='ocrx_word' id='word_1_377' title='bbox 1539 2898 1699 2952; x_wconf 91' lang='lat' dir='ltr'><strong>nobis</strong></span> <span class='ocrx_word' id='word_1_378' title='bbox 1743 2897 2040 2951; x_wconf 89' lang='lat' dir='ltr'><strong>conciliant</strong></span> <span class='ocrx_word' id='word_1_379' title='bbox 2082 2914 2309 2968; x_wconf 86' lang='lat' dir='ltr'><strong>regnum</strong></span> 
     </span>
    </p>
   </div>
   <div class='ocr_carea' id='block_1_53' title="bbox 2490 2715 3998 2793">
    <p class='ocr_par' dir='ltr' id='par_1_53' title="bbox 2490 2715 3998 2793">
     <span class='ocr_line' id='line_1_53' title="bbox 2490 2715 3998 2793; baseline 0.004 -26"><span class='ocrx_word' id='word_1_380' title='bbox 2490 2715 2582 2770; x_wconf 79' lang='grc' dir='ltr'><strong>λδ’.</strong></span> <span class='ocrx_word' id='word_1_381' title='bbox 2641 2716 2838 2770; x_wconf 75' lang='grc' dir='ltr'><strong>Μισθοὶ</strong></span> <span class='ocrx_word' id='word_1_382' title='bbox 2897 2719 3004 2770; x_wconf 81' lang='grc' dir='ltr'><strong>τῶν</strong></span> <span class='ocrx_word' id='word_1_383' title='bbox 3076 2721 3252 2772; x_wconf 69' lang='grc' dir='ltr'>πίνων</span> <span class='ocrx_word' id='word_1_384' title='bbox 3307 2721 3411 2789; x_wconf 72' lang='grc' dir='ltr'><strong>τῆς</strong></span> <span class='ocrx_word' id='word_1_385' title='bbox 3469 2723 3706 2792; x_wconf 75' lang='grc' dir='ltr'>ἀρετῆς,</span> <span class='ocrx_word' id='word_1_386' title='bbox 3758 2724 3897 2774; x_wconf 78' lang='grc' dir='ltr'>εἰσὶν</span> <span class='ocrx_word' id='word_1_387' title='bbox 3963 2723 3998 2793; x_wconf 74' lang='grc' dir='ltr'><strong>ἠ</strong></span> 
     </span>
    </p>
   </div>
   <div class='ocr_carea' id='block_1_54' title="bbox 2417 2807 3999 2883">
    <p class='ocr_par' dir='ltr' id='par_1_54' title="bbox 2417 2807 3999 2883">
     <span class='ocr_line' id='line_1_54' title="bbox 2417 2807 3999 2883; baseline 0.004 -24"><span class='ocrx_word' id='word_1_388' title='bbox 2417 2807 2652 2860; x_wconf 81' lang='grc' dir='ltr'><strong>ἀπάθεια</strong></span> <span class='ocrx_word' id='word_1_389' title='bbox 2682 2809 2774 2861; x_wconf 81' lang='grc' dir='ltr'><strong>καὶ</strong></span> <span class='ocrx_word' id='word_1_390' title='bbox 2802 2811 2834 2879; x_wconf 76' lang='grc' dir='ltr'>ὴ</span> <span class='ocrx_word' id='word_1_391' title='bbox 2863 2810 3081 2876; x_wconf 80' lang='grc' dir='ltr'><strong>γνῶσις.</strong></span> <span class='ocrx_word' id='word_1_392' title='bbox 3122 2807 3290 2866; x_wconf 80' lang='grc' dir='ltr'>Αὗται</span> <span class='ocrx_word' id='word_1_393' title='bbox 3323 2816 3431 2882; x_wconf 63' lang='grc' dir='ltr'><strong>γὰρ</strong></span> <span class='ocrx_word' id='word_1_394' title='bbox 3473 2814 3720 2883; x_wconf 80' lang='grc' dir='ltr'>πρόξε-.οι</span> <span class='ocrx_word' id='word_1_395' title='bbox 3747 2816 3999 2881; x_wconf 78' lang='grc' dir='ltr'>γίνονται</span> 
     </span>
    </p>
   </div>
   <div class='ocr_carea' id='block_1_55' title="bbox 2419 2899 3998 2976">
    <p class='ocr_par' dir='ltr' id='par_1_55' title="bbox 2419 2899 3998 2976">
     <span class='ocr_line' id='line_1_55' title="bbox 2419 2899 3998 2976; baseline 0.006 -26"><span class='ocrx_word' id='word_1_396' title='bbox 2419 2899 2696 2968; x_wconf 76' lang='grc' dir='ltr'>βασιλείας</span> <span class='ocrx_word' id='word_1_397' title='bbox 2729 2901 2974 2971; x_wconf 76' lang='grc' dir='ltr'>οὗρανῶν</span> <span class='ocrx_word' id='word_1_398' title='bbox 2999 2919 3012 2932; x_wconf 90' lang='grc'><strong>·</strong></span> <span class='ocrx_word' id='word_1_399' title='bbox 3045 2903 3121 2965; x_wconf 80' lang='grc' dir='ltr'><strong>ὡς</strong></span> <span class='ocrx_word' id='word_1_400' title='bbox 3143 2905 3234 2955; x_wconf 85' lang='grc' dir='ltr'><strong>καὶ</strong></span> <span class='ocrx_word' id='word_1_401' title='bbox 3256 2904 3326 2956; x_wconf 71' lang='grc' dir='ltr'><strong>τὰ</strong></span> <span class='ocrx_word' id='word_1_402' title='bbox 3359 2905 3502 2973; x_wconf 75' lang='grc' dir='ltr'>πάθη</span> <span class='ocrx_word' id='word_1_403' title='bbox 3533 2907 3624 2958; x_wconf 79' lang='grc' dir='ltr'><strong>καὶ</strong></span> <span class='ocrx_word' id='word_1_404' title='bbox 3654 2908 3687 2976; x_wconf 73' lang='grc' dir='ltr'>ἡ</span> <span class='ocrx_word' id='word_1_405' title='bbox 3723 2907 3998 2973; x_wconf 79' lang='grc' dir='ltr'>ἁγνωσὲα,</span> 
     </span>
    </p>
   </div>
   <div class='ocr_carea' id='block_1_56' title="bbox 735 2987 2315 3087">
    <p class='ocr_par' dir='ltr' id='par_1_56' title="bbox 735 2987 2310 3060">
     <span class='ocr_line' id='line_1_56' title="bbox 735 2987 2310 3060; baseline -0.003 -14"><span class='ocrx_word' id='word_1_406' title='bbox 735 2996 1032 3054; x_wconf 78' lang='lat' dir='ltr'><strong>emlorum;</strong></span> <span class='ocrx_word' id='word_1_407' title='bbox 1075 2989 1536 3060; x_wconf 81' lang='lat' dir='ltr'><strong>quemadmodum</strong></span> <span class='ocrx_word' id='word_1_408' title='bbox 1576 2987 1740 3042; x_wconf 84' lang='lat' dir='ltr'><strong>etiam</strong></span> <span class='ocrx_word' id='word_1_409' title='bbox 1779 2988 2010 3042; x_wconf 74' lang='lat' dir='ltr'><strong>affectus</strong></span> <span class='ocrx_word' id='word_1_410' title='bbox 2048 3003 2144 3042; x_wconf 87' lang='lat' dir='ltr'><strong>seu</strong></span> <span class='ocrx_word' id='word_1_411' title='bbox 2186 3004 2310 3058; x_wconf 88' lang='lat' dir='ltr'><strong>per-</strong></span> 
     </span>
    </p>
   </div>
   <div class='ocr_carea' id='block_1_57' title="bbox 2413 2987 4001 3087">
    <p class='ocr_par' dir='ltr' id='par_1_57' title="bbox 2423 2991 4001 3068">
     <span class='ocr_line' id='line_1_57' title="bbox 2423 2991 4001 3068; baseline 0.006 -26"><span class='ocrx_word' id='word_1_412' title='bbox 2423 2991 2694 3054; x_wconf 73' lang='grc' dir='ltr'>κολάτεως</span> <span class='ocrx_word' id='word_1_413' title='bbox 2718 2995 2957 3046; x_wconf 76' lang='grc' dir='ltr'><strong>αἰωνίου.</strong></span> <span class='ocrx_word' id='word_1_414' title='bbox 3008 2995 3067 3046; x_wconf 86' lang='grc'><strong>’0</strong></span> <span class='ocrx_word' id='word_1_415' title='bbox 3101 2991 3193 3048; x_wconf 77' lang='grc' dir='ltr'><strong>οὖν</strong></span> <span class='ocrx_word' id='word_1_416' title='bbox 3231 2996 3458 3060; x_wconf 74' lang='grc' dir='ltr'>τούτους</span> <span class='ocrx_word' id='word_1_417' title='bbox 3488 2995 3565 3066; x_wconf 82' lang='lat' dir='ltr'><strong>[in</strong></span> <span class='ocrx_word' id='word_1_418' title='bbox 3599 3015 3700 3051; x_wconf 81' lang='lat' dir='ltr'><strong>uno</strong></span> <span class='ocrx_word' id='word_1_419' title='bbox 3726 2997 3848 3068; x_wconf 80' lang='lat' dir='ltr'><strong>Reg.</strong></span> <span class='ocrx_word' id='word_1_420' title='bbox 3885 3017 4001 3052; x_wconf 80' lang='lat' dir='ltr'><strong>em.</strong></span> 
     </span>
    </p>
   </div>
   <div class='ocr_carea' id='block_1_58' title="bbox 735 3080 2309 3150">
    <p class='ocr_par' dir='ltr' id='par_1_58' title="bbox 735 3080 2309 3150">
     <span class='ocr_line' id='line_1_58' title="bbox 735 3080 2309 3150; baseline -0.004 -11"><span class='ocrx_word' id='word_1_421' title='bbox 735 3085 1099 3144; x_wconf 80' lang='lat' dir='ltr'><strong>turbationes,</strong></span> <span class='ocrx_word' id='word_1_422' title='bbox 1139 3097 1204 3136; x_wconf 90' lang='lat' dir='ltr'><strong>ac</strong></span> <span class='ocrx_word' id='word_1_423' title='bbox 1257 3081 1595 3150; x_wconf 88' lang='lat' dir='ltr'><strong>ignorantia,</strong></span> <span class='ocrx_word' id='word_1_424' title='bbox 1638 3080 1969 3149; x_wconf 88' lang='lat' dir='ltr'><strong>supplicium</strong></span> <span class='ocrx_word' id='word_1_425' title='bbox 2018 3089 2309 3134; x_wconf 72' lang='lat' dir='ltr'><strong>:eternum.</strong></span> 
     </span>
    </p>
   </div>
   <div class='ocr_carea' id='block_1_59' title="bbox 736 3172 2313 3244">
    <p class='ocr_par' dir='ltr' id='par_1_59' title="bbox 736 3172 2313 3244">
     <span class='ocr_line' id='line_1_59' title="bbox 736 3172 2313 3244; baseline -0.003 -14"><span class='ocrx_word' id='word_1_426' title='bbox 736 3177 838 3243; x_wconf 87' lang='lat' dir='ltr'><strong>Qui</strong></span> <span class='ocrx_word' id='word_1_427' title='bbox 871 3175 1036 3244; x_wconf 81' lang='lat' dir='ltr'><strong>igitur</strong></span> <span class='ocrx_word' id='word_1_428' title='bbox 1061 3175 1314 3226; x_wconf 72' lang='lat' dir='ltr'><strong>humana:</strong></span> <span class='ocrx_word' id='word_1_429' title='bbox 1343 3172 1532 3240; x_wconf 79' lang='lat' dir='ltr'><strong>gloria:</strong></span> <span class='ocrx_word' id='word_1_430' title='bbox 1560 3186 1744 3232; x_wconf 78' lang='lat' dir='ltr'><strong>causa,</strong></span> <span class='ocrx_word' id='word_1_431' title='bbox 1770 3172 1854 3224; x_wconf 85' lang='lat' dir='ltr'><strong>vel</strong></span> <span class='ocrx_word' id='word_1_432' title='bbox 1887 3172 2014 3234; x_wconf 90' lang='lat' dir='ltr'><strong>alio,</strong></span> <span class='ocrx_word' id='word_1_433' title='bbox 2037 3187 2199 3240; x_wconf 90' lang='lat' dir='ltr'><strong>quam</strong></span> <span class='ocrx_word' id='word_1_434' title='bbox 2235 3172 2313 3225; x_wconf 88' lang='lat' dir='ltr'><strong>rei</strong></span> 
     </span>
    </p>
   </div>
   <div class='ocr_carea' id='block_1_60' title="bbox 737 3262 2311 3338">
    <p class='ocr_par' dir='ltr' id='par_1_60' title="bbox 737 3262 2311 3338">
     <span class='ocr_line' id='line_1_60' title="bbox 737 3262 2311 3338; baseline -0.004 -15"><span class='ocrx_word' id='word_1_435' title='bbox 737 3269 912 3338; x_wconf 89' lang='lat' dir='ltr'><strong>ipsius</strong></span> <span class='ocrx_word' id='word_1_436' title='bbox 945 3265 1277 3326; x_wconf 86' lang='lat' dir='ltr'><strong>honestatis,</strong></span> <span class='ocrx_word' id='word_1_437' title='bbox 1310 3264 1448 3325; x_wconf 89' lang='lat' dir='ltr'><strong>fine,</strong></span> <span class='ocrx_word' id='word_1_438' title='bbox 1475 3263 1590 3316; x_wconf 65' lang='lat' dir='ltr'><strong>haec</strong></span> <span class='ocrx_word' id='word_1_439' title='bbox 1622 3262 1820 3332; x_wconf 72' lang='lat' dir='ltr'><strong>quzerit</strong></span> <span class='ocrx_word' id='word_1_440' title='bbox 1849 3279 1911 3316; x_wconf 88' lang='lat' dir='ltr'><strong>ac</strong></span> <span class='ocrx_word' id='word_1_441' title='bbox 1943 3273 2311 3327; x_wconf 81' lang='lat' dir='ltr'><strong>consectatur,</strong></span> 
     </span>
    </p>
   </div>
   <div class='ocr_carea' id='block_1_61' title="bbox 738 3354 2315 3426">
    <p class='ocr_par' dir='ltr' id='par_1_61' title="bbox 738 3354 2315 3426">
     <span class='ocr_line' id='line_1_61' title="bbox 738 3354 2315 3426; baseline -0.004 -13"><span class='ocrx_word' id='word_1_442' title='bbox 738 3360 837 3413; x_wconf 80' lang='lat' dir='ltr'><strong>abs</strong></span> <span class='ocrx_word' id='word_1_443' title='bbox 863 3359 1146 3426; x_wconf 88' lang='lat' dir='ltr'><strong>Scriptura</strong></span> <span class='ocrx_word' id='word_1_444' title='bbox 1170 3355 1324 3409; x_wconf 84' lang='lat' dir='ltr'><strong>audit</strong></span> <span class='ocrx_word' id='word_1_445' title='bbox 1347 3373 1359 3407; x_wconf 86' lang='lat'>:</span> <span class='ocrx_word' id='word_1_446' title='bbox 1384 3354 1590 3417; x_wconf 69' lang='lat' dir='ltr'><strong>Petilia,</strong></span> <span class='ocrx_word' id='word_1_447' title='bbox 1615 3363 1662 3406; x_wconf 82' lang='lat' dir='ltr'><strong>et</strong></span> <span class='ocrx_word' id='word_1_448' title='bbox 1687 3371 1790 3407; x_wconf 82' lang='lat' dir='ltr'><strong>non</strong></span> <span class='ocrx_word' id='word_1_449' title='bbox 1818 3355 2072 3424; x_wconf 76' lang='lat' dir='ltr'><strong>accipitis,</strong></span> <span class='ocrx_word' id='word_1_450' title='bbox 2095 3370 2152 3407; x_wconf 88' lang='lat' dir='ltr'><strong>eo</strong></span> <span class='ocrx_word' id='word_1_451' title='bbox 2177 3357 2315 3424; x_wconf 83' lang='lat' dir='ltr'><strong>quod</strong></span> 
     </span>
    </p>
   </div>
   <div class='ocr_carea' id='block_1_62' title="bbox 738 3447 1186 3517">
    <p class='ocr_par' dir='ltr' id='par_1_62' title="bbox 738 3447 1186 3517">
     <span class='ocr_line' id='line_1_62' title="bbox 738 3447 1186 3517; baseline -0.011 -13"><span class='ocrx_word' id='word_1_452' title='bbox 738 3449 880 3504; x_wconf 80' lang='lat' dir='ltr'><strong>male</strong></span> <span class='ocrx_word' id='word_1_453' title='bbox 907 3449 1098 3517; x_wconf 81' lang='lat' dir='ltr'><strong>petatis</strong></span> <span class='ocrx_word' id='word_1_454' title='bbox 1121 3447 1186 3499; x_wconf 76' lang='lat'><strong>&quot;&quot;.</strong></span> 
     </span>
    </p>
   </div>
   <div class='ocr_carea' id='block_1_63' title="bbox 808 3533 2310 3604">
    <p class='ocr_par' dir='ltr' id='par_1_63' title="bbox 808 3533 2310 3604">
     <span class='ocr_line' id='line_1_63' title="bbox 808 3533 2310 3604; baseline -0.002 -11"><span class='ocrx_word' id='word_1_455' title='bbox 808 3541 897 3594; x_wconf 78' lang='lat'><strong>&#39;55.</strong></span> <span class='ocrx_word' id='word_1_456' title='bbox 931 3539 1094 3591; x_wconf 72' lang='lat' dir='ltr'><strong>Multa</strong></span> <span class='ocrx_word' id='word_1_457' title='bbox 1134 3544 1285 3599; x_wconf 89' lang='lat' dir='ltr'><strong>sunt,</strong></span> <span class='ocrx_word' id='word_1_458' title='bbox 1315 3550 1528 3596; x_wconf 89' lang='lat' dir='ltr'><strong>eorum,</strong></span> <span class='ocrx_word' id='word_1_459' title='bbox 1560 3549 1681 3603; x_wconf 61' lang='lat' dir='ltr'><strong>quae</strong></span> <span class='ocrx_word' id='word_1_460' title='bbox 1719 3533 1958 3589; x_wconf 85' lang='lat' dir='ltr'><strong>humano</strong></span> <span class='ocrx_word' id='word_1_461' title='bbox 1994 3536 2177 3589; x_wconf 67' lang='lat' dir='ltr'><strong>stu-dio</strong></span> <span class='ocrx_word' id='word_1_462' title='bbox 2218 3553 2310 3604; x_wconf 85' lang='lat' dir='ltr'><strong>ge-</strong></span> 
     </span>
    </p>
   </div>
   <div class='ocr_carea' id='block_1_64' title="bbox 738 3627 2311 3697">
    <p class='ocr_par' dir='ltr' id='par_1_64' title="bbox 738 3627 2311 3697">
     <span class='ocr_line' id='line_1_64' title="bbox 738 3627 2311 3697; baseline -0.002 -11"><span class='ocrx_word' id='word_1_463' title='bbox 738 3642 956 3695; x_wconf 87' lang='lat' dir='ltr'><strong>runtur,</strong></span> <span class='ocrx_word' id='word_1_464' title='bbox 989 3640 1182 3683; x_wconf 88' lang='lat' dir='ltr'><strong>natura</strong></span> <span class='ocrx_word' id='word_1_465' title='bbox 1214 3645 1313 3682; x_wconf 88' lang='lat' dir='ltr'><strong>sua</strong></span> <span class='ocrx_word' id='word_1_466' title='bbox 1342 3629 1484 3682; x_wconf 87' lang='lat' dir='ltr'><strong>bona</strong></span> <span class='ocrx_word' id='word_1_467' title='bbox 1512 3637 1676 3696; x_wconf 87' lang='lat' dir='ltr'><strong>atque</strong></span> <span class='ocrx_word' id='word_1_468' title='bbox 1707 3627 1957 3691; x_wconf 78' lang='lat' dir='ltr'><strong>honesta,</strong></span> <span class='ocrx_word' id='word_1_469' title='bbox 1989 3645 2101 3697; x_wconf 79' lang='lat' dir='ltr'><strong>ipsa</strong></span> <span class='ocrx_word' id='word_1_470' title='bbox 2135 3645 2311 3684; x_wconf 64' lang='lat' dir='ltr'><strong>tamen</strong></span> 
     </span>
    </p>
   </div>
   <div class='ocr_carea' id='block_1_65' title="bbox 738 3720 2310 3792">
    <p class='ocr_par' dir='ltr' id='par_1_65' title="bbox 738 3720 2310 3792">
     <span class='ocr_line' id='line_1_65' title="bbox 738 3720 2310 3792; baseline -0.003 -12"><span class='ocrx_word' id='word_1_471' title='bbox 738 3740 933 3780; x_wconf 90' lang='lat' dir='ltr'><strong>rursus</strong></span> <span class='ocrx_word' id='word_1_472' title='bbox 959 3724 1141 3792; x_wconf 91' lang='lat' dir='ltr'><strong>aliqua</strong></span> <span class='ocrx_word' id='word_1_473' title='bbox 1170 3738 1237 3776; x_wconf 78' lang='lat' dir='ltr'><strong>ex</strong></span> <span class='ocrx_word' id='word_1_474' title='bbox 1266 3737 1430 3775; x_wconf 90' lang='lat' dir='ltr'><strong>causa</strong></span> <span class='ocrx_word' id='word_1_475' title='bbox 1460 3737 1570 3773; x_wconf 91' lang='lat' dir='ltr'><strong>non</strong></span> <span class='ocrx_word' id='word_1_476' title='bbox 1601 3720 1742 3774; x_wconf 88' lang='lat' dir='ltr'><strong>bona</strong></span> <span class='ocrx_word' id='word_1_477' title='bbox 1772 3736 1835 3774; x_wconf 91' lang='lat' dir='ltr'><strong>ac</strong></span> <span class='ocrx_word' id='word_1_478' title='bbox 1889 3722 2148 3786; x_wconf 86' lang='lat' dir='ltr'><strong>honesta;</strong></span> <span class='ocrx_word' id='word_1_479' title='bbox 2183 3733 2310 3792; x_wconf 88' lang='lat' dir='ltr'><strong>puta</strong></span> 
     </span>
    </p>
   </div>
   <div class='ocr_carea' id='block_1_66' title="bbox 733 3813 2312 3888">
    <p class='ocr_par' dir='ltr' id='par_1_66' title="bbox 733 3813 2312 3888">
     <span class='ocr_line' id='line_1_66' title="bbox 733 3813 2312 3888; baseline -0.001 -17"><span class='ocrx_word' id='word_1_480' title='bbox 733 3818 1002 3888; x_wconf 81' lang='lat' dir='ltr'><strong>jejunium</strong></span> <span class='ocrx_word' id='word_1_481' title='bbox 1027 3825 1082 3869; x_wconf 91' lang='lat' dir='ltr'><strong>et</strong></span> <span class='ocrx_word' id='word_1_482' title='bbox 1103 3814 1322 3885; x_wconf 74' lang='lat' dir='ltr'><strong>vigilite,</strong></span> <span class='ocrx_word' id='word_1_483' title='bbox 1345 3813 1522 3868; x_wconf 91' lang='lat' dir='ltr'><strong>oratio</strong></span> <span class='ocrx_word' id='word_1_484' title='bbox 1543 3821 1599 3866; x_wconf 90' lang='lat' dir='ltr'><strong>et</strong></span> <span class='ocrx_word' id='word_1_485' title='bbox 1623 3813 1944 3882; x_wconf 69' lang='lat' dir='ltr'><strong>psalmodia,</strong></span> <span class='ocrx_word' id='word_1_486' title='bbox 1966 3814 2312 3885; x_wconf 78' lang='lat' dir='ltr'><strong>eleemosyna</strong></span> 
     </span>
    </p>
   </div>
   <div class='ocr_carea' id='block_1_67' title="bbox 736 3906 2312 3978">
    <p class='ocr_par' dir='ltr' id='par_1_67' title="bbox 736 3906 2312 3978">
     <span class='ocr_line' id='line_1_67' title="bbox 736 3906 2312 3978; baseline -0.002 -13"><span class='ocrx_word' id='word_1_487' title='bbox 736 3918 793 3965; x_wconf 91' lang='lat' dir='ltr'><strong>et</strong></span> <span class='ocrx_word' id='word_1_488' title='bbox 817 3909 1181 3978; x_wconf 83' lang='lat' dir='ltr'><strong>hospitalitas,</strong></span> <span class='ocrx_word' id='word_1_489' title='bbox 1204 3922 1370 3976; x_wconf 89' lang='lat' dir='ltr'><strong>opera</strong></span> <span class='ocrx_word' id='word_1_490' title='bbox 1403 3915 1533 3961; x_wconf 90' lang='lat' dir='ltr'><strong>sunt</strong></span> <span class='ocrx_word' id='word_1_491' title='bbox 1560 3915 1755 3960; x_wconf 89' lang='lat' dir='ltr'><strong>natura</strong></span> <span class='ocrx_word' id='word_1_492' title='bbox 1784 3906 1924 3960; x_wconf 90' lang='lat' dir='ltr'><strong>bona</strong></span> <span class='ocrx_word' id='word_1_493' title='bbox 1954 3917 2118 3976; x_wconf 90' lang='lat' dir='ltr'><strong>atque</strong></span> <span class='ocrx_word' id='word_1_494' title='bbox 2143 3908 2312 3962; x_wconf 86' lang='lat' dir='ltr'><strong>hone-</strong></span> 
     </span>
    </p>
   </div>
   <div class='ocr_carea' id='block_1_68' title="bbox 739 3995 2312 4069">
    <p class='ocr_par' dir='ltr' id='par_1_68' title="bbox 739 3995 2312 4069">
     <span class='ocr_line' id='line_1_68' title="bbox 739 3995 2312 4069; baseline -0.003 -13"><span class='ocrx_word' id='word_1_495' title='bbox 739 4011 850 4064; x_wconf 86' lang='lat' dir='ltr'><strong>sta;</strong></span> <span class='ocrx_word' id='word_1_496' title='bbox 881 4001 997 4069; x_wconf 88' lang='lat' dir='ltr'><strong>ipsa</strong></span> <span class='ocrx_word' id='word_1_497' title='bbox 1031 4008 1210 4052; x_wconf 87' lang='lat' dir='ltr'><strong>tamen</strong></span> <span class='ocrx_word' id='word_1_498' title='bbox 1246 4013 1356 4051; x_wconf 92' lang='lat' dir='ltr'><strong>non</strong></span> <span class='ocrx_word' id='word_1_499' title='bbox 1385 3996 1620 4065; x_wconf 86' lang='lat' dir='ltr'><strong>amplius</strong></span> <span class='ocrx_word' id='word_1_500' title='bbox 1647 3995 1791 4050; x_wconf 84' lang='lat' dir='ltr'><strong>bona</strong></span> <span class='ocrx_word' id='word_1_501' title='bbox 1815 4012 1881 4051; x_wconf 88' lang='lat' dir='ltr'><strong>ac</strong></span> <span class='ocrx_word' id='word_1_502' title='bbox 1907 3995 2159 4062; x_wconf 84' lang='lat' dir='ltr'><strong>honesta,</strong></span> <span class='ocrx_word' id='word_1_503' title='bbox 2187 4012 2312 4052; x_wconf 87' lang='lat' dir='ltr'><strong>cum</strong></span> 
     </span>
    </p>
   </div>
   <div class='ocr_carea' id='block_1_69' title="bbox 738 4088 1516 4159">
    <p class='ocr_par' dir='ltr' id='par_1_69' title="bbox 738 4088 1516 4159">
     <span class='ocr_line' id='line_1_69' title="bbox 738 4088 1516 4159; baseline -0.006 -13"><span class='ocrx_word' id='word_1_504' title='bbox 738 4093 918 4146; x_wconf 92' lang='lat' dir='ltr'><strong>inanis</strong></span> <span class='ocrx_word' id='word_1_505' title='bbox 945 4089 1128 4159; x_wconf 70' lang='lat' dir='ltr'><strong>gloria:</strong></span> <span class='ocrx_word' id='word_1_506' title='bbox 1157 4088 1339 4143; x_wconf 87' lang='lat' dir='ltr'><strong>studio</strong></span> <span class='ocrx_word' id='word_1_507' title='bbox 1369 4088 1516 4142; x_wconf 85' lang='lat' dir='ltr'><strong>ﬁant.</strong></span> 
     </span>
    </p>
   </div>
   <div class='ocr_carea' id='block_1_70' title="bbox 807 4176 2309 4246">
    <p class='ocr_par' dir='ltr' id='par_1_70' title="bbox 807 4176 2309 4246">
     <span class='ocr_line' id='line_1_70' title="bbox 807 4176 2309 4246; baseline -0.002 -11"><span class='ocrx_word' id='word_1_508' title='bbox 807 4181 893 4236; x_wconf 76' lang='lat'><strong>56.</strong></span> <span class='ocrx_word' id='word_1_509' title='bbox 929 4179 1206 4241; x_wconf 89' lang='lat' dir='ltr'><strong>Omnium,</strong></span> <span class='ocrx_word' id='word_1_510' title='bbox 1239 4193 1359 4246; x_wconf 69' lang='lat' dir='ltr'><strong>qua:</strong></span> <span class='ocrx_word' id='word_1_511' title='bbox 1403 4192 1433 4230; x_wconf 90' lang='lat' dir='ltr'><strong>a</strong></span> <span class='ocrx_word' id='word_1_512' title='bbox 1472 4177 1632 4231; x_wconf 86' lang='lat' dir='ltr'><strong>nobis</strong></span> <span class='ocrx_word' id='word_1_513' title='bbox 1669 4185 1928 4246; x_wconf 80' lang='lat' dir='ltr'><strong>aguntur,</strong></span> <span class='ocrx_word' id='word_1_514' title='bbox 1961 4176 2108 4232; x_wconf 89' lang='lat' dir='ltr'><strong>Deus</strong></span> <span class='ocrx_word' id='word_1_515' title='bbox 2145 4176 2309 4232; x_wconf 89' lang='lat' dir='ltr'><strong>ﬁnem</strong></span> 
     </span>
    </p>
   </div>
   <div class='ocr_carea' id='block_1_71' title="bbox 735 4269 2306 4342">
    <p class='ocr_par' dir='ltr' id='par_1_71' title="bbox 735 4269 2306 4342">
     <span class='ocr_line' id='line_1_71' title="bbox 735 4269 2306 4342; baseline -0.002 -16"><span class='ocrx_word' id='word_1_516' title='bbox 735 4273 950 4342; x_wconf 72' lang='lat' dir='ltr'><strong>quzerit.</strong></span> <span class='ocrx_word' id='word_1_517' title='bbox 979 4271 1092 4325; x_wconf 88' lang='lat' dir='ltr'><strong>sive</strong></span> <span class='ocrx_word' id='word_1_518' title='bbox 1129 4280 1356 4340; x_wconf 88' lang='lat' dir='ltr'><strong>propter</strong></span> <span class='ocrx_word' id='word_1_519' title='bbox 1397 4269 1598 4339; x_wconf 86' lang='lat' dir='ltr'><strong>ipsum,</strong></span> <span class='ocrx_word' id='word_1_520' title='bbox 1626 4269 1742 4324; x_wconf 85' lang='lat' dir='ltr'><strong>sive</strong></span> <span class='ocrx_word' id='word_1_521' title='bbox 1782 4270 1854 4324; x_wconf 88' lang='lat' dir='ltr'><strong>ob</strong></span> <span class='ocrx_word' id='word_1_522' title='bbox 1889 4270 2050 4323; x_wconf 89' lang='lat' dir='ltr'><strong>aliam</strong></span> <span class='ocrx_word' id='word_1_523' title='bbox 2087 4285 2306 4324; x_wconf 81' lang='lat' dir='ltr'><strong>causam</strong></span> 
     </span>
    </p>
   </div>
   <div class='ocr_carea' id='block_1_72' title="bbox 735 4365 970 4434">
    <p class='ocr_par' dir='ltr' id='par_1_72' title="bbox 735 4365 970 4434">
     <span class='ocr_line' id='line_1_72' title="bbox 735 4365 970 4434; baseline -0.009 -16"><span class='ocrx_word' id='word_1_524' title='bbox 735 4365 970 4434; x_wconf 86' lang='lat' dir='ltr'><strong>agimus.</strong></span> 
     </span>
    </p>
   </div>
   <div class='ocr_carea' id='block_1_73' title="bbox 805 4450 2310 4521">
    <p class='ocr_par' dir='ltr' id='par_1_73' title="bbox 805 4450 2310 4521">
     <span class='ocr_line' id='line_1_73' title="bbox 805 4450 2310 4521; baseline -0.004 -11"><span class='ocrx_word' id='word_1_525' title='bbox 805 4456 892 4510; x_wconf 75' lang='grc'><strong>57.</strong></span> <span class='ocrx_word' id='word_1_526' title='bbox 919 4455 1054 4509; x_wconf 90' lang='lat' dir='ltr'><strong>Cum</strong></span> <span class='ocrx_word' id='word_1_527' title='bbox 1084 4454 1328 4509; x_wconf 86' lang='lat' dir='ltr'><strong>audieris</strong></span> <span class='ocrx_word' id='word_1_528' title='bbox 1357 4469 1424 4508; x_wconf 78' lang='lat' dir='ltr'><strong>ex</strong></span> <span class='ocrx_word' id='word_1_529' title='bbox 1451 4451 1736 4521; x_wconf 85' lang='lat' dir='ltr'><strong>Scriptura</strong></span> <span class='ocrx_word' id='word_1_530' title='bbox 1771 4469 1782 4504; x_wconf 94' lang='lat'>:</span> <span class='ocrx_word' id='word_1_531' title='bbox 1815 4450 2079 4516; x_wconf 82' lang='lat' dir='ltr'><strong>Quoniam</strong></span> <span class='ocrx_word' id='word_1_532' title='bbox 2111 4460 2166 4504; x_wconf 84' lang='lat' dir='ltr'><strong>tu</strong></span> <span class='ocrx_word' id='word_1_533' title='bbox 2195 4453 2310 4505; x_wconf 70' lang='lat' dir='ltr'><strong>red-</strong></span> 
     </span>
    </p>
   </div>
   <div class='ocr_carea' id='block_1_74' title="bbox 735 4541 2310 4614">
    <p class='ocr_par' dir='ltr' id='par_1_74' title="bbox 735 4541 2310 4614">
     <span class='ocr_line' id='line_1_74' title="bbox 735 4541 2310 4614; baseline -0.003 -16"><span class='ocrx_word' id='word_1_534' title='bbox 735 4547 825 4599; x_wconf 79' lang='lat' dir='ltr'><strong>des</strong></span> <span class='ocrx_word' id='word_1_535' title='bbox 855 4547 1133 4614; x_wconf 85' lang='lat' dir='ltr'><strong>unicuique</strong></span> <span class='ocrx_word' id='word_1_536' title='bbox 1161 4544 1450 4599; x_wconf 75' lang='lat' dir='ltr'><strong>secundum</strong></span> <span class='ocrx_word' id='word_1_537' title='bbox 1479 4559 1641 4613; x_wconf 85' lang='lat' dir='ltr'><strong>opera</strong></span> <span class='ocrx_word' id='word_1_538' title='bbox 1669 4559 1764 4595; x_wconf 74' lang='lat' dir='ltr'><strong>sua</strong></span> <span class='ocrx_word' id='word_1_539' title='bbox 1789 4543 1866 4607; x_wconf 76' lang='lat'><strong>“;</strong></span> <span class='ocrx_word' id='word_1_540' title='bbox 1899 4557 2028 4595; x_wconf 85' lang='lat' dir='ltr'><strong>cave</strong></span> <span class='ocrx_word' id='word_1_541' title='bbox 2063 4541 2135 4595; x_wconf 90' lang='lat' dir='ltr'><strong>ita</strong></span> <span class='ocrx_word' id='word_1_542' title='bbox 2165 4542 2310 4595; x_wconf 86' lang='lat' dir='ltr'><strong>acci-</strong></span> 
     </span>
    </p>
   </div>
   <div class='ocr_carea' id='block_1_75' title="bbox 735 4633 2309 4707">
    <p class='ocr_par' dir='ltr' id='par_1_75' title="bbox 735 4633 2309 4707">
     <span class='ocr_line' id='line_1_75' title="bbox 735 4633 2309 4707; baseline -0.003 -16"><span class='ocrx_word' id='word_1_543' title='bbox 735 4637 876 4707; x_wconf 89' lang='lat' dir='ltr'><strong>pias,</strong></span> <span class='ocrx_word' id='word_1_544' title='bbox 904 4647 964 4690; x_wconf 94' lang='lat' dir='ltr'><strong>ut</strong></span> <span class='ocrx_word' id='word_1_545' title='bbox 993 4636 1294 4690; x_wconf 86' lang='lat' dir='ltr'><strong>secundum</strong></span> <span class='ocrx_word' id='word_1_546' title='bbox 1327 4651 1412 4698; x_wconf 89' lang='lat' dir='ltr'><strong>ea,</strong></span> <span class='ocrx_word' id='word_1_547' title='bbox 1443 4649 1566 4703; x_wconf 68' lang='lat' dir='ltr'><strong>qua:</strong></span> <span class='ocrx_word' id='word_1_548' title='bbox 1597 4648 1706 4687; x_wconf 91' lang='lat' dir='ltr'><strong>non</strong></span> <span class='ocrx_word' id='word_1_549' title='bbox 1737 4643 1890 4687; x_wconf 88' lang='lat' dir='ltr'><strong>recto</strong></span> <span class='ocrx_word' id='word_1_550' title='bbox 1915 4642 2152 4703; x_wconf 81' lang='lat' dir='ltr'><strong>aguntur</strong></span> <span class='ocrx_word' id='word_1_551' title='bbox 2181 4633 2309 4699; x_wconf 88' lang='lat' dir='ltr'><strong>ﬁne,</strong></span> 
     </span>
    </p>
   </div>
   <div class='ocr_carea' id='block_1_76' title="bbox 732 4721 2310 4786">
    <p class='ocr_par' dir='ltr' id='par_1_76' title="bbox 732 4721 2310 4786">
     <span class='ocr_line' id='line_1_76' title="bbox 732 4721 2310 4786; baseline -0.005 -3"><span class='ocrx_word' id='word_1_552' title='bbox 732 4729 902 4783; x_wconf 90' lang='lat' dir='ltr'><strong>etiam</strong></span> <span class='ocrx_word' id='word_1_553' title='bbox 933 4727 976 4781; x_wconf 93' lang='lat' dir='ltr'><strong>si</strong></span> <span class='ocrx_word' id='word_1_554' title='bbox 1003 4727 1144 4780; x_wconf 90' lang='lat' dir='ltr'><strong>bona</strong></span> <span class='ocrx_word' id='word_1_555' title='bbox 1174 4725 1467 4779; x_wconf 87' lang='lat' dir='ltr'><strong>videantur</strong></span> <span class='ocrx_word' id='word_1_556' title='bbox 1495 4738 1560 4776; x_wconf 93' lang='lat' dir='ltr'><strong>ac</strong></span> <span class='ocrx_word' id='word_1_557' title='bbox 1593 4721 1845 4786; x_wconf 90' lang='lat' dir='ltr'><strong>honesta,</strong></span> <span class='ocrx_word' id='word_1_558' title='bbox 1873 4721 2017 4775; x_wconf 90' lang='lat' dir='ltr'><strong>Deus</strong></span> <span class='ocrx_word' id='word_1_559' title='bbox 2047 4721 2190 4775; x_wconf 88' lang='lat' dir='ltr'><strong>bona</strong></span> <span class='ocrx_word' id='word_1_560' title='bbox 2221 4737 2310 4776; x_wconf 90' lang='lat' dir='ltr'><strong>re-</strong></span> 
     </span>
    </p>
   </div>
   <div class='ocr_carea' id='block_1_77' title="bbox 735 4811 2303 4879">
    <p class='ocr_par' dir='ltr' id='par_1_77' title="bbox 735 4811 2303 4879">
     <span class='ocr_line' id='line_1_77' title="bbox 735 4811 2303 4879; baseline -0.004 -9"><span class='ocrx_word' id='word_1_561' title='bbox 735 4817 972 4879; x_wconf 75' lang='lat' dir='ltr'><strong>tribuat;</strong></span> <span class='ocrx_word' id='word_1_562' title='bbox 1015 4814 1109 4868; x_wconf 90' lang='lat' dir='ltr'><strong>sed</strong></span> <span class='ocrx_word' id='word_1_563' title='bbox 1150 4812 1452 4868; x_wconf 79' lang='lat' dir='ltr'><strong>secundum</strong></span> <span class='ocrx_word' id='word_1_564' title='bbox 1493 4826 1556 4865; x_wconf 90' lang='lat' dir='ltr'><strong>ea</strong></span> <span class='ocrx_word' id='word_1_565' title='bbox 1597 4811 1806 4878; x_wconf 88' lang='lat' dir='ltr'><strong>utique,</strong></span> <span class='ocrx_word' id='word_1_566' title='bbox 1833 4826 1954 4879; x_wconf 63' lang='lat' dir='ltr'><strong>qua:</strong></span> <span class='ocrx_word' id='word_1_567' title='bbox 1984 4811 2123 4864; x_wconf 89' lang='lat' dir='ltr'><strong>ﬁunt</strong></span> <span class='ocrx_word' id='word_1_568' title='bbox 2155 4819 2303 4864; x_wconf 91' lang='lat' dir='ltr'><strong>recto</strong></span> 
     </span>
    </p>
   </div>
   <div class='ocr_carea' id='block_1_78' title="bbox 735 4901 2300 4975">
    <p class='ocr_par' dir='ltr' id='par_1_78' title="bbox 735 4901 2300 4975">
     <span class='ocr_line' id='line_1_78' title="bbox 735 4901 2300 4975; baseline -0.004 -14"><span class='ocrx_word' id='word_1_569' title='bbox 735 4908 862 4961; x_wconf 88' lang='lat' dir='ltr'><strong>ﬁne.</strong></span> <span class='ocrx_word' id='word_1_570' title='bbox 908 4906 1002 4960; x_wconf 90' lang='lat' dir='ltr'><strong>Dei</strong></span> <span class='ocrx_word' id='word_1_571' title='bbox 1051 4906 1196 4959; x_wconf 90' lang='lat' dir='ltr'><strong>enim</strong></span> <span class='ocrx_word' id='word_1_572' title='bbox 1233 4903 1500 4975; x_wconf 84' lang='lat' dir='ltr'><strong>judicium</strong></span> <span class='ocrx_word' id='word_1_573' title='bbox 1548 4918 1656 4956; x_wconf 94' lang='lat' dir='ltr'><strong>non</strong></span> <span class='ocrx_word' id='word_1_574' title='bbox 1708 4901 1824 4970; x_wconf 90' lang='lat' dir='ltr'><strong>ipsa</strong></span> <span class='ocrx_word' id='word_1_575' title='bbox 1875 4901 2136 4965; x_wconf 86' lang='lat' dir='ltr'><strong>attendit,</strong></span> <span class='ocrx_word' id='word_1_576' title='bbox 2179 4917 2300 4970; x_wconf 77' lang='lat' dir='ltr'><strong>qua:</strong></span> 
     </span>
    </p>
   </div>
   <div class='ocr_carea' id='block_1_79' title="bbox 733 4995 1896 5064">
    <p class='ocr_par' dir='ltr' id='par_1_79' title="bbox 733 4995 1896 5064">
     <span class='ocr_line' id='line_1_79' title="bbox 733 4995 1896 5064; baseline -0.005 -12"><span class='ocrx_word' id='word_1_577' title='bbox 733 5001 890 5060; x_wconf 85' lang='lat' dir='ltr'><strong>ﬁunt,</strong></span> <span class='ocrx_word' id='word_1_578' title='bbox 915 4997 1009 5052; x_wconf 89' lang='lat' dir='ltr'><strong>sed</strong></span> <span class='ocrx_word' id='word_1_579' title='bbox 1042 5013 1231 5052; x_wconf 88' lang='lat' dir='ltr'><strong>eorum</strong></span> <span class='ocrx_word' id='word_1_580' title='bbox 1258 4996 1418 5050; x_wconf 87' lang='lat' dir='ltr'><strong>ﬁnem</strong></span> <span class='ocrx_word' id='word_1_581' title='bbox 1445 5011 1509 5050; x_wconf 92' lang='lat' dir='ltr'><strong>ac</strong></span> <span class='ocrx_word' id='word_1_582' title='bbox 1536 4995 1896 5064; x_wconf 90' lang='lat' dir='ltr'><strong>propositum.</strong></span> 
     </span>
    </p>
   </div>
   <div class='ocr_carea' id='block_1_80' title="bbox 803 5084 2298 5160">
    <p class='ocr_par' dir='ltr' id='par_1_80' title="bbox 803 5084 2298 5160">
     <span class='ocr_line' id='line_1_80' title="bbox 803 5084 2298 5160; baseline -0.003 -18"><span class='ocrx_word' id='word_1_583' title='bbox 803 5090 890 5143; x_wconf 82' lang='lat'><strong>38.</strong></span> <span class='ocrx_word' id='word_1_584' title='bbox 930 5089 1213 5159; x_wconf 61' lang='lat' dir='ltr'><strong>Superbia;</strong></span> <span class='ocrx_word' id='word_1_585' title='bbox 1258 5088 1500 5150; x_wconf 67' lang='lat' dir='ltr'><strong>daemon,</strong></span> <span class='ocrx_word' id='word_1_586' title='bbox 1538 5085 1744 5160; x_wconf 70' lang='lat' dir='ltr'><strong>duplici</strong></span> <span class='ocrx_word' id='word_1_587' title='bbox 1788 5084 2050 5154; x_wconf 69' lang='lat' dir='ltr'><strong>prazditus</strong></span> <span class='ocrx_word' id='word_1_588' title='bbox 2093 5084 2298 5138; x_wconf 89' lang='lat' dir='ltr'><strong>malitia</strong></span> 
     </span>
    </p>
   </div>
   <div class='ocr_carea' id='block_1_81' title="bbox 730 5173 2306 5243">
    <p class='ocr_par' dir='ltr' id='par_1_81' title="bbox 730 5173 2306 5243">
     <span class='ocr_line' id='line_1_81' title="bbox 730 5173 2306 5243; baseline -0.005 -9"><span class='ocrx_word' id='word_1_589' title='bbox 730 5192 817 5234; x_wconf 82' lang='lat' dir='ltr'><strong>est</strong></span> <span class='ocrx_word' id='word_1_590' title='bbox 847 5199 860 5233; x_wconf 90' lang='lat'><strong>:</strong></span> <span class='ocrx_word' id='word_1_591' title='bbox 888 5190 983 5233; x_wconf 91' lang='lat' dir='ltr'><strong>aut</strong></span> <span class='ocrx_word' id='word_1_592' title='bbox 1006 5180 1151 5233; x_wconf 91' lang='lat' dir='ltr'><strong>enim</strong></span> <span class='ocrx_word' id='word_1_593' title='bbox 1181 5179 1451 5232; x_wconf 87' lang='lat' dir='ltr'><strong>monacho</strong></span> <span class='ocrx_word' id='word_1_594' title='bbox 1483 5173 1676 5231; x_wconf 85' lang='lat' dir='ltr'><strong>auctor</strong></span> <span class='ocrx_word' id='word_1_595' title='bbox 1700 5185 1804 5240; x_wconf 91' lang='lat' dir='ltr'><strong>est,</strong></span> <span class='ocrx_word' id='word_1_596' title='bbox 1834 5184 1894 5229; x_wconf 92' lang='lat' dir='ltr'><strong>ut</strong></span> <span class='ocrx_word' id='word_1_597' title='bbox 1921 5175 2024 5229; x_wconf 86' lang='lat' dir='ltr'><strong>sibi</strong></span> <span class='ocrx_word' id='word_1_598' title='bbox 2055 5175 2170 5243; x_wconf 88' lang='lat' dir='ltr'><strong>ipse</strong></span> <span class='ocrx_word' id='word_1_599' title='bbox 2194 5175 2306 5227; x_wconf 88' lang='lat' dir='ltr'><strong>vir-</strong></span> 
     </span>
    </p>
   </div>
   <div class='ocr_carea' id='block_1_82' title="bbox 736 5265 2303 5340">
    <p class='ocr_par' dir='ltr' id='par_1_82' title="bbox 736 5265 2303 5340">
     <span class='ocr_line' id='line_1_82' title="bbox 736 5265 2303 5340; baseline -0.004 -15"><span class='ocrx_word' id='word_1_600' title='bbox 736 5272 872 5326; x_wconf 82' lang='lat' dir='ltr'><strong>tutis</strong></span> <span class='ocrx_word' id='word_1_601' title='bbox 897 5286 1060 5340; x_wconf 86' lang='lat' dir='ltr'><strong>opera</strong></span> <span class='ocrx_word' id='word_1_602' title='bbox 1091 5271 1350 5332; x_wconf 87' lang='lat' dir='ltr'><strong>ascribat,</strong></span> <span class='ocrx_word' id='word_1_603' title='bbox 1413 5285 1521 5322; x_wconf 89' lang='lat' dir='ltr'><strong>non</strong></span> <span class='ocrx_word' id='word_1_604' title='bbox 1557 5277 1736 5322; x_wconf 91' lang='lat' dir='ltr'><strong>autem</strong></span> <span class='ocrx_word' id='word_1_605' title='bbox 1764 5267 1895 5330; x_wconf 90' lang='lat' dir='ltr'><strong>Deo,</strong></span> <span class='ocrx_word' id='word_1_606' title='bbox 1926 5267 2020 5335; x_wconf 89' lang='lat' dir='ltr'><strong>qui</strong></span> <span class='ocrx_word' id='word_1_607' title='bbox 2050 5275 2106 5319; x_wconf 92' lang='lat' dir='ltr'><strong>et</strong></span> <span class='ocrx_word' id='word_1_608' title='bbox 2133 5265 2303 5319; x_wconf 90' lang='lat' dir='ltr'><strong>bono-</strong></span> 
     </span>
    </p>
   </div>
   <div class='ocr_carea' id='block_1_83' title="bbox 732 5357 2297 5431">
    <p class='ocr_par' dir='ltr' id='par_1_83' title="bbox 732 5357 2297 5431">
     <span class='ocr_line' id='line_1_83' title="bbox 732 5357 2297 5431; baseline -0.003 -15"><span class='ocrx_word' id='word_1_609' title='bbox 732 5377 854 5416; x_wconf 90' lang='lat' dir='ltr'><strong>rum</strong></span> <span class='ocrx_word' id='word_1_610' title='bbox 899 5361 1124 5431; x_wconf 88' lang='lat' dir='ltr'><strong>largitor</strong></span> <span class='ocrx_word' id='word_1_611' title='bbox 1161 5371 1271 5425; x_wconf 90' lang='lat' dir='ltr'><strong>est,</strong></span> <span class='ocrx_word' id='word_1_612' title='bbox 1307 5370 1360 5415; x_wconf 93' lang='lat' dir='ltr'><strong>et</strong></span> <span class='ocrx_word' id='word_1_613' title='bbox 1396 5359 1462 5414; x_wconf 92' lang='lat' dir='ltr'><strong>ad</strong></span> <span class='ocrx_word' id='word_1_614' title='bbox 1504 5358 1810 5429; x_wconf 71' lang='lat' dir='ltr'><strong>prtestauda</strong></span> <span class='ocrx_word' id='word_1_615' title='bbox 1849 5357 2066 5412; x_wconf 87' lang='lat' dir='ltr'><strong>virtutis</strong></span> <span class='ocrx_word' id='word_1_616' title='bbox 2101 5373 2297 5427; x_wconf 87' lang='lat' dir='ltr'><strong>opera,</strong></span> 
     </span>
    </p>
   </div>
   <div class='ocr_carea' id='block_1_84' title="bbox 731 5447 2299 5520">
    <p class='ocr_par' dir='ltr' id='par_1_84' title="bbox 731 5447 2299 5520">
     <span class='ocr_line' id='line_1_84' title="bbox 731 5447 2299 5520; baseline 0 -17"><span class='ocrx_word' id='word_1_617' title='bbox 731 5451 977 5520; x_wconf 85' lang='lat' dir='ltr'><strong>adjutor;</strong></span> <span class='ocrx_word' id='word_1_618' title='bbox 1026 5461 1148 5513; x_wconf 88' lang='lat' dir='ltr'><strong>aut,</strong></span> <span class='ocrx_word' id='word_1_619' title='bbox 1187 5451 1290 5505; x_wconf 89' lang='lat' dir='ltr'><strong>nisi</strong></span> <span class='ocrx_word' id='word_1_620' title='bbox 1336 5452 1607 5519; x_wconf 83' lang='lat' dir='ltr'><strong>paruerit,</strong></span> <span class='ocrx_word' id='word_1_621' title='bbox 1643 5447 2076 5518; x_wconf 88' lang='lat' dir='ltr'><strong>imperfectiores</strong></span> <span class='ocrx_word' id='word_1_622' title='bbox 2119 5449 2299 5503; x_wconf 84' lang='lat' dir='ltr'><strong>adhuc</strong></span> 
     </span>
    </p>
   </div>
   <div class='ocr_carea' id='block_1_85' title="bbox 733 5539 2296 5612">
    <p class='ocr_par' dir='ltr' id='par_1_85' title="bbox 733 5539 2296 5612">
     <span class='ocr_line' id='line_1_85' title="bbox 733 5539 2296 5612; baseline -0.001 -17"><span class='ocrx_word' id='word_1_623' title='bbox 733 5543 962 5596; x_wconf 82' lang='lat' dir='ltr'><strong>fratrum</strong></span> <span class='ocrx_word' id='word_1_624' title='bbox 1002 5543 1437 5597; x_wconf 88' lang='lat' dir='ltr'><strong>contemnendos</strong></span> <span class='ocrx_word' id='word_1_625' title='bbox 1475 5540 1738 5612; x_wconf 89' lang='lat' dir='ltr'><strong>suggerit.</strong></span> <span class='ocrx_word' id='word_1_626' title='bbox 1792 5539 2006 5609; x_wconf 89' lang='lat' dir='ltr'><strong>Ignorat</strong></span> <span class='ocrx_word' id='word_1_627' title='bbox 2038 5555 2170 5594; x_wconf 89' lang='lat' dir='ltr'><strong>vero</strong></span> <span class='ocrx_word' id='word_1_628' title='bbox 2203 5540 2296 5609; x_wconf 92' lang='lat' dir='ltr'><strong>qui</strong></span> 
     </span>
    </p>
   </div>
   <div class='ocr_carea' id='block_1_86' title="bbox 1855 5695 2236 5758">
    <p class='ocr_par' dir='ltr' id='par_1_86' title="bbox 1855 5695 2236 5758">
     <span class='ocr_line' id='line_1_86' title="bbox 1855 5695 2236 5758; baseline -0.005 -8"><span class='ocrx_word' id='word_1_629' title='bbox 1855 5696 1900 5728; x_wconf 82' lang='grc'>⁶⁹</span> <span class='ocrx_word' id='word_1_630' title='bbox 1929 5697 2088 5750; x_wconf 79' lang='lat' dir='ltr'><strong>Rom.</strong></span> <span class='ocrx_word' id='word_1_631' title='bbox 2117 5711 2172 5758; x_wconf 91' lang='lat' dir='ltr'><strong>u,</strong></span> <span class='ocrx_word' id='word_1_632' title='bbox 2205 5695 2236 5748; x_wconf 87' lang='lat'><strong>6</strong></span> 
     </span>
    </p>
   </div>
   <div class='ocr_carea' id='block_1_87' title="bbox 801 5696 1774 5764">
    <p class='ocr_par' dir='ltr' id='par_1_87' title="bbox 801 5696 1774 5764">
     <span class='ocr_line' id='line_1_87' title="bbox 801 5696 1774 5764; baseline -0.002 -13"><span class='ocrx_word' id='word_1_633' title='bbox 801 5698 846 5730; x_wconf 66' lang='grc' dir='ltr'><strong>ιτ</strong></span> <span class='ocrx_word' id='word_1_634' title='bbox 884 5699 1072 5753; x_wconf 78' lang='lat' dir='ltr'><strong>Matth.</strong></span> <span class='ocrx_word' id='word_1_635' title='bbox 1111 5716 1204 5764; x_wconf 88' lang='lat' dir='ltr'><strong>vu,</strong></span> <span class='ocrx_word' id='word_1_636' title='bbox 1243 5699 1328 5752; x_wconf 61' lang='lat'><strong>1‘2.</strong></span> <span class='ocrx_word' id='word_1_637' title='bbox 1409 5698 1451 5728; x_wconf 71' lang='grc'>⁵⁸</span> <span class='ocrx_word' id='word_1_638' title='bbox 1479 5698 1594 5752; x_wconf 86' lang='lat' dir='ltr'><strong>Jac.</strong></span> <span class='ocrx_word' id='word_1_639' title='bbox 1623 5712 1695 5761; x_wconf 77' lang='lat' dir='ltr'><strong>Iv,</strong></span> <span class='ocrx_word' id='word_1_640' title='bbox 1723 5696 1774 5750; x_wconf 80' lang='grc'><strong>5.</strong></span> 
     </span>
    </p>
   </div>
   <div class='ocr_carea' id='block_1_88' title="bbox 2421 3083 4004 3161">
    <p class='ocr_par' dir='ltr' id='par_1_88' title="bbox 2421 3083 4004 3161">
     <span class='ocr_line' id='line_1_88' title="bbox 2421 3083 4004 3161; baseline 0.005 -24"><span class='ocrx_word' id='word_1_641' title='bbox 2421 3083 2648 3155; x_wconf 77' lang='grc' dir='ltr'>ταύτας]</span> <span class='ocrx_word' id='word_1_642' title='bbox 2698 3083 2787 3137; x_wconf 77' lang='grc' dir='ltr'><strong>διὰ</strong></span> <span class='ocrx_word' id='word_1_643' title='bbox 2838 3085 2994 3148; x_wconf 69' lang='grc' dir='ltr'>δόξαν</span> <span class='ocrx_word' id='word_1_644' title='bbox 3041 3085 3345 3157; x_wconf 79' lang='grc' dir='ltr'>ἀνθρώπων</span> <span class='ocrx_word' id='word_1_645' title='bbox 3396 3089 3614 3159; x_wconf 78' lang='grc' dir='ltr'>ζητῶν,</span> <span class='ocrx_word' id='word_1_646' title='bbox 3659 3093 3751 3144; x_wconf 79' lang='grc' dir='ltr'><strong>καὶ</strong></span> <span class='ocrx_word' id='word_1_647' title='bbox 3793 3092 3868 3161; x_wconf 80' lang='grc' dir='ltr'><strong>μὴ</strong></span> <span class='ocrx_word' id='word_1_648' title='bbox 3932 3093 4004 3144; x_wconf 80' lang='grc' dir='ltr'><strong>δι’</strong></span> 
     </span>
    </p>
   </div>
   <div class='ocr_carea' id='block_1_89' title="bbox 2416 3177 4006 3253">
    <p class='ocr_par' dir='ltr' id='par_1_89' title="bbox 2416 3177 4006 3253">
     <span class='ocr_line' id='line_1_89' title="bbox 2416 3177 4006 3253; baseline 0.006 -24"><span class='ocrx_word' id='word_1_649' title='bbox 2416 3178 2548 3230; x_wconf 82' lang='grc' dir='ltr'>αὐτὸ</span> <span class='ocrx_word' id='word_1_650' title='bbox 2574 3177 2634 3228; x_wconf 81' lang='grc' dir='ltr'>τὸ</span> <span class='ocrx_word' id='word_1_651' title='bbox 2662 3177 2857 3242; x_wconf 79' lang='grc' dir='ltr'>καλὸν,</span> <span class='ocrx_word' id='word_1_652' title='bbox 2903 3179 3091 3232; x_wconf 80' lang='grc' dir='ltr'>ἀκούει</span> <span class='ocrx_word' id='word_1_653' title='bbox 3131 3181 3282 3249; x_wconf 71' lang='grc' dir='ltr'>παρὰ</span> <span class='ocrx_word' id='word_1_654' title='bbox 3309 3182 3408 3250; x_wconf 82' lang='grc' dir='ltr'><strong>τῆς</strong></span> <span class='ocrx_word' id='word_1_655' title='bbox 3439 3183 3664 3253; x_wconf 71' lang='grc' dir='ltr'>Γραφῆς</span> <span class='ocrx_word' id='word_1_656' title='bbox 3689 3199 3703 3213; x_wconf 85' lang='lat'><strong><em>°</em></strong></span> <span class='ocrx_word' id='word_1_657' title='bbox 3738 3184 4006 3247; x_wconf 63' lang='lat' dir='ltr'><strong>Alrshe.</strong></span> 
     </span>
    </p>
   </div>
   <div class='ocr_carea' id='block_1_90' title="bbox 2415 3269 3731 3339">
    <p class='ocr_par' dir='ltr' id='par_1_90' title="bbox 2415 3269 3731 3339">
     <span class='ocr_line' id='line_1_90' title="bbox 2415 3269 3731 3339; baseline 0.005 -17"><span class='ocrx_word' id='word_1_658' title='bbox 2415 3269 2512 3322; x_wconf 77' lang='grc' dir='ltr'><strong>καὶ</strong></span> <span class='ocrx_word' id='word_1_659' title='bbox 2543 3271 2616 3322; x_wconf 85' lang='grc' dir='ltr'><strong>οὺ</strong></span> <span class='ocrx_word' id='word_1_660' title='bbox 2643 3269 2975 3339; x_wconf 69' lang='grc' dir='ltr'>λαμϐάνετε</span> <span class='ocrx_word' id='word_1_661' title='bbox 2996 3313 3010 3335; x_wconf 94' lang='grc'><strong>,</strong></span> <span class='ocrx_word' id='word_1_662' title='bbox 3045 3271 3195 3325; x_wconf 81' lang='grc' dir='ltr'><strong>διότι</strong></span> <span class='ocrx_word' id='word_1_663' title='bbox 3234 3273 3429 3339; x_wconf 78' lang='grc' dir='ltr'><em>κακῶς</em></span> <span class='ocrx_word' id='word_1_664' title='bbox 3453 3272 3731 3329; x_wconf 69' lang='grc' dir='ltr'><strong>αἰτεῖσθε.</strong></span> 
     </span>
    </p>
   </div>
   <div class='ocr_carea' id='block_1_91' title="bbox 2482 3535 4007 3612">
    <p class='ocr_par' dir='ltr' id='par_1_91' title="bbox 2482 3535 4007 3612">
     <span class='ocr_line' id='line_1_91' title="bbox 2482 3535 4007 3612; baseline 0.006 -26"><span class='ocrx_word' id='word_1_665' title='bbox 2482 3535 2578 3590; x_wconf 80' lang='grc' dir='ltr'><strong>λε’.</strong></span> <span class='ocrx_word' id='word_1_666' title='bbox 2616 3536 2738 3588; x_wconf 68' lang='grc' dir='ltr'><strong>Εἰσὶ</strong></span> <span class='ocrx_word' id='word_1_667' title='bbox 2786 3535 2954 3589; x_wconf 65' lang='grc' dir='ltr'>πολλὰ</span> <span class='ocrx_word' id='word_1_668' title='bbox 2988 3555 3107 3590; x_wconf 74' lang='grc' dir='ltr'>τινα</span> <span class='ocrx_word' id='word_1_669' title='bbox 3144 3538 3299 3606; x_wconf 57' lang='grc' dir='ltr'><strong>φύσει</strong></span> <span class='ocrx_word' id='word_1_670' title='bbox 3338 3543 3478 3593; x_wconf 75' lang='grc' dir='ltr'>καλὰ</span> <span class='ocrx_word' id='word_1_671' title='bbox 3504 3540 3608 3593; x_wconf 70' lang='grc' dir='ltr'>ὑπὸ</span> <span class='ocrx_word' id='word_1_672' title='bbox 3644 3541 3750 3594; x_wconf 82' lang='grc' dir='ltr'>τῶν</span> <span class='ocrx_word' id='word_1_673' title='bbox 3777 3541 4007 3612; x_wconf 75' lang='grc' dir='ltr'><strong>ἀνθρὼ-</strong></span> 
     </span>
    </p>
   </div>
   <div class='ocr_carea' id='block_1_92' title="bbox 2417 3628 4004 3698">
    <p class='ocr_par' dir='ltr' id='par_1_92' title="bbox 2417 3628 4004 3698">
     <span class='ocr_line' id='line_1_92' title="bbox 2417 3628 4004 3698; baseline 0.005 -20"><span class='ocrx_word' id='word_1_674' title='bbox 2417 3645 2531 3679; x_wconf 64' lang='grc' dir='ltr'><strong>πων</strong></span> <span class='ocrx_word' id='word_1_675' title='bbox 2560 3628 2842 3698; x_wconf 58' lang='grc' dir='ltr'>γενόμεκα,</span> <span class='ocrx_word' id='word_1_676' title='bbox 2891 3629 3006 3682; x_wconf 73' lang='grc' dir='ltr'><strong>ἀλλ’</strong></span> <span class='ocrx_word' id='word_1_677' title='bbox 3041 3629 3098 3682; x_wconf 78' lang='grc' dir='ltr'>οὐ</span> <span class='ocrx_word' id='word_1_678' title='bbox 3133 3631 3273 3684; x_wconf 83' lang='grc' dir='ltr'>καλὰ</span> <span class='ocrx_word' id='word_1_679' title='bbox 3303 3633 3466 3684; x_wconf 72' lang='grc' dir='ltr'>πάλιν</span> <span class='ocrx_word' id='word_1_680' title='bbox 3493 3632 3583 3684; x_wconf 79' lang='grc' dir='ltr'><strong>διά</strong></span> <span class='ocrx_word' id='word_1_681' title='bbox 3619 3649 3741 3686; x_wconf 87' lang='grc' dir='ltr'>τινα</span> <span class='ocrx_word' id='word_1_682' title='bbox 3764 3635 3968 3688; x_wconf 71' lang='grc' dir='ltr'>αἰτίαν</span> <span class='ocrx_word' id='word_1_683' title='bbox 3992 3652 4004 3663; x_wconf 94' lang='grc'><strong>·</strong></span> 
     </span>
    </p>
   </div>
   <div class='ocr_carea' id='block_1_93' title="bbox 2413 3714 4016 3798">
    <p class='ocr_par' dir='ltr' id='par_1_93' title="bbox 2413 3714 4016 3798">
     <span class='ocr_line' id='line_1_93' title="bbox 2413 3714 4016 3798; baseline 0.005 -28"><span class='ocrx_word' id='word_1_684' title='bbox 2413 3714 2544 3782; x_wconf 69' lang='grc' dir='ltr'>οἷον,</span> <span class='ocrx_word' id='word_1_685' title='bbox 2593 3721 2812 3790; x_wconf 76' lang='grc' dir='ltr'>νηστεία</span> <span class='ocrx_word' id='word_1_686' title='bbox 2860 3723 2954 3773; x_wconf 78' lang='grc' dir='ltr'><strong>καὶ</strong></span> <span class='ocrx_word' id='word_1_687' title='bbox 3013 3723 3307 3791; x_wconf 77' lang='grc' dir='ltr'>ἀγρυπνία,</span> <span class='ocrx_word' id='word_1_688' title='bbox 3351 3727 3626 3796; x_wconf 74' lang='grc' dir='ltr'>προσευχὴ</span> <span class='ocrx_word' id='word_1_689' title='bbox 3670 3726 3763 3777; x_wconf 78' lang='grc' dir='ltr'><strong>καὶ</strong></span> <span class='ocrx_word' id='word_1_690' title='bbox 3809 3726 4016 3798; x_wconf 48' lang='lat' dir='ltr'><strong>(palp-</strong></span> 
     </span>
    </p>
   </div>
   <div class='ocr_carea' id='block_1_94' title="bbox 2412 3810 4012 3889">
    <p class='ocr_par' dir='ltr' id='par_1_94' title="bbox 2412 3810 4012 3889">
     <span class='ocr_line' id='line_1_94' title="bbox 2412 3810 4012 3889; baseline 0.004 -26"><span class='ocrx_word' id='word_1_691' title='bbox 2412 3810 2580 3880; x_wconf 84' lang='grc' dir='ltr'>ῳδία,</span> <span class='ocrx_word' id='word_1_692' title='bbox 2611 3811 2944 3884; x_wconf 75' lang='grc' dir='ltr'><strong>ἐλεημοσύνη</strong></span> <span class='ocrx_word' id='word_1_693' title='bbox 2978 3815 3070 3867; x_wconf 74' lang='grc' dir='ltr'><strong>καὶ</strong></span> <span class='ocrx_word' id='word_1_694' title='bbox 3106 3813 3396 3884; x_wconf 78' lang='grc' dir='ltr'>ξενοδοχία,</span> <span class='ocrx_word' id='word_1_695' title='bbox 3449 3816 3606 3884; x_wconf 74' lang='grc' dir='ltr'>φύσει</span> <span class='ocrx_word' id='word_1_696' title='bbox 3655 3816 3798 3870; x_wconf 74' lang='grc' dir='ltr'>καλὰ</span> <span class='ocrx_word' id='word_1_697' title='bbox 3857 3819 4012 3889; x_wconf 74' lang='grc' dir='ltr'>ἔργα</span> 
     </span>
    </p>
   </div>
   <div class='ocr_carea' id='block_1_95' title="bbox 2413 3906 4012 3978">
    <p class='ocr_par' dir='ltr' id='par_1_95' title="bbox 2413 3906 4012 3978">
     <span class='ocr_line' id='line_1_95' title="bbox 2413 3906 4012 3978; baseline 0.003 -21"><span class='ocrx_word' id='word_1_698' title='bbox 2413 3906 2550 3957; x_wconf 88' lang='grc' dir='ltr'>είσίν</span> <span class='ocrx_word' id='word_1_699' title='bbox 2570 3923 2584 3937; x_wconf 78' lang='grc' dir='ltr'><strong>ο</strong></span> <span class='ocrx_word' id='word_1_700' title='bbox 2643 3906 2758 3959; x_wconf 76' lang='grc' dir='ltr'><strong>ἀλλ’</strong></span> <span class='ocrx_word' id='word_1_701' title='bbox 2808 3908 2939 3960; x_wconf 84' lang='grc' dir='ltr'>ὅταν</span> <span class='ocrx_word' id='word_1_702' title='bbox 2989 3907 3075 3960; x_wconf 75' lang='grc' dir='ltr'><strong>διὰ</strong></span> <span class='ocrx_word' id='word_1_703' title='bbox 3109 3908 3415 3971; x_wconf 72' lang='grc' dir='ltr'><strong>κενοδοξίαν</strong></span> <span class='ocrx_word' id='word_1_704' title='bbox 3441 3909 3702 3978; x_wconf 77' lang='grc' dir='ltr'><strong>γίνωνται</strong></span> <span class='ocrx_word' id='word_1_705' title='bbox 3725 3947 3740 3970; x_wconf 87' lang='grc'><strong>,</strong></span> <span class='ocrx_word' id='word_1_706' title='bbox 3773 3910 3891 3962; x_wconf 73' lang='grc' dir='ltr'><strong>οὐκ</strong></span> <span class='ocrx_word' id='word_1_707' title='bbox 3924 3911 4012 3962; x_wconf 82' lang='grc' dir='ltr'><strong>ἔτι</strong></span> 
     </span>
    </p>
   </div>
   <div class='ocr_carea' id='block_1_96' title="bbox 2413 3997 2574 4052">
    <p class='ocr_par' dir='ltr' id='par_1_96' title="bbox 2413 3997 2574 4052">
     <span class='ocr_line' id='line_1_96' title="bbox 2413 3997 2574 4052; baseline -0.006 -1"><span class='ocrx_word' id='word_1_708' title='bbox 2413 3997 2574 4052; x_wconf 79' lang='grc' dir='ltr'>καλά.</span> 
     </span>
    </p>
   </div>
   <div class='ocr_carea' id='block_1_97' title="bbox 2481 4173 4017 4245">
    <p class='ocr_par' dir='ltr' id='par_1_97' title="bbox 2481 4173 4017 4245">
     <span class='ocr_line' id='line_1_97' title="bbox 2481 4173 4017 4245; baseline 0.001 -18"><span class='ocrx_word' id='word_1_709' title='bbox 2481 4174 2590 4240; x_wconf 83' lang='grc' dir='ltr'><strong>λς’.</strong></span> <span class='ocrx_word' id='word_1_710' title='bbox 2639 4175 2863 4228; x_wconf 74' lang='grc' dir='ltr'>Πάντων</span> <span class='ocrx_word' id='word_1_711' title='bbox 2909 4173 3018 4226; x_wconf 83' lang='grc' dir='ltr'><strong>τῶν</strong></span> <span class='ocrx_word' id='word_1_712' title='bbox 3070 4175 3457 4245; x_wconf 79' lang='grc' dir='ltr'>πραττομένων</span> <span class='ocrx_word' id='word_1_713' title='bbox 3513 4175 3602 4238; x_wconf 75' lang='grc' dir='ltr'><strong>ὑφ’</strong></span> <span class='ocrx_word' id='word_1_714' title='bbox 3664 4176 3832 4244; x_wconf 73' lang='grc' dir='ltr'><strong>ἡμῶν</strong></span> <span class='ocrx_word' id='word_1_715' title='bbox 3917 4180 4017 4231; x_wconf 64' lang='grc' dir='ltr'><strong>τὴν</strong></span> 
     </span>
    </p>
   </div>
   <div class='ocr_carea' id='block_1_98' title="bbox 2413 4265 4017 4338">
    <p class='ocr_par' dir='ltr' id='par_1_98' title="bbox 2413 4265 4017 4338">
     <span class='ocr_line' id='line_1_98' title="bbox 2413 4265 4017 4338; baseline 0.002 -20"><span class='ocrx_word' id='word_1_716' title='bbox 2413 4267 2616 4320; x_wconf 82' lang='grc' dir='ltr'><strong>σκοπὸν</strong></span> <span class='ocrx_word' id='word_1_717' title='bbox 2647 4267 2802 4335; x_wconf 76' lang='grc' dir='ltr'>ζητεῖ</span> <span class='ocrx_word' id='word_1_718' title='bbox 2828 4267 2857 4318; x_wconf 84' lang='grc' dir='ltr'><strong>ό</strong></span> <span class='ocrx_word' id='word_1_719' title='bbox 2881 4266 3012 4328; x_wconf 79' lang='grc' dir='ltr'>Θεός</span> <span class='ocrx_word' id='word_1_720' title='bbox 3032 4283 3046 4298; x_wconf 77' lang='grc' dir='ltr'><strong>ο</strong></span> <span class='ocrx_word' id='word_1_721' title='bbox 3075 4267 3185 4319; x_wconf 78' lang='grc' dir='ltr'>εἴτε</span> <span class='ocrx_word' id='word_1_722' title='bbox 3209 4265 3277 4318; x_wconf 78' lang='grc' dir='ltr'><strong>δι’</strong></span> <span class='ocrx_word' id='word_1_723' title='bbox 3310 4266 3471 4319; x_wconf 81' lang='grc' dir='ltr'>αὑτὸν</span> <span class='ocrx_word' id='word_1_724' title='bbox 3501 4267 3848 4338; x_wconf 78' lang='grc' dir='ltr'><strong>πράττομεν,</strong></span> <span class='ocrx_word' id='word_1_725' title='bbox 3895 4271 4017 4322; x_wconf 72' lang='grc' dir='ltr'>εἴτε</span> 
     </span>
    </p>
   </div>
   <div class='ocr_carea' id='block_1_99' title="bbox 2343 4358 2916 4430">
    <p class='ocr_par' dir='ltr' id='par_1_99' title="bbox 2343 4358 2916 4430">
     <span class='ocr_line' id='line_1_99' title="bbox 2343 4358 2916 4430; baseline -0.002 -18"><span class='ocrx_word' id='word_1_726' title='bbox 2343 4376 2384 4430; x_wconf 83' lang='grc' dir='ltr'>ι)</span> <span class='ocrx_word' id='word_1_727' title='bbox 2409 4358 2476 4411; x_wconf 79' lang='grc' dir='ltr'><strong>δι’</strong></span> <span class='ocrx_word' id='word_1_728' title='bbox 2514 4358 2680 4427; x_wconf 79' lang='grc' dir='ltr'>ἄλλην</span> <span class='ocrx_word' id='word_1_729' title='bbox 2719 4361 2916 4411; x_wconf 61' lang='grc' dir='ltr'>αίτιυιν.</span> 
     </span>
    </p>
   </div>
   <div class='ocr_carea' id='block_1_100' title="bbox 2459 4449 4019 4521">
    <p class='ocr_par' dir='ltr' id='par_1_100' title="bbox 2459 4449 4019 4521">
     <span class='ocr_line' id='line_1_100' title="bbox 2459 4449 4019 4521; baseline 0.003 -21"><span class='ocrx_word' id='word_1_730' title='bbox 2459 4451 2576 4513; x_wconf 50' lang='grc' dir='ltr'><strong>λζ’.</strong></span> <span class='ocrx_word' id='word_1_731' title='bbox 2614 4449 2726 4516; x_wconf 81' lang='lat' dir='ltr'><strong>(l7)</strong></span> <span class='ocrx_word' id='word_1_732' title='bbox 2760 4449 2929 4502; x_wconf 81' lang='grc' dir='ltr'>Ὅταν</span> <span class='ocrx_word' id='word_1_733' title='bbox 2983 4449 3227 4520; x_wconf 77' lang='grc' dir='ltr'><strong>ἀκούσῃς</strong></span> <span class='ocrx_word' id='word_1_734' title='bbox 3265 4450 3361 4519; x_wconf 83' lang='grc' dir='ltr'><strong>τῆς</strong></span> <span class='ocrx_word' id='word_1_735' title='bbox 3406 4451 3628 4520; x_wconf 72' lang='grc' dir='ltr'>Γραφῆς</span> <span class='ocrx_word' id='word_1_736' title='bbox 3680 4452 3982 4521; x_wconf 55' lang='lat' dir='ltr'><strong>lavo-.3313;</strong></span> <span class='ocrx_word' id='word_1_737' title='bbox 4006 4470 4019 4482; x_wconf 93' lang='grc'><strong>·</strong></span> 
     </span>
    </p>
   </div>
   <div class='ocr_carea' id='block_1_101' title="bbox 2410 4539 4020 4610">
    <p class='ocr_par' dir='ltr' id='par_1_101' title="bbox 2410 4539 4020 4610">
     <span class='ocr_line' id='line_1_101' title="bbox 2410 4539 4020 4610; baseline 0.004 -17"><span class='ocrx_word' id='word_1_738' title='bbox 2410 4541 2538 4593; x_wconf 82' lang='grc' dir='ltr'><strong>Ὀτι</strong></span> <span class='ocrx_word' id='word_1_739' title='bbox 2561 4539 2642 4594; x_wconf 85' lang='grc' dir='ltr'><strong>σὺ</strong></span> <span class='ocrx_word' id='word_1_740' title='bbox 2671 4540 3006 4605; x_wconf 77' lang='grc' dir='ltr'><strong>ἀποδώσεις</strong></span> <span class='ocrx_word' id='word_1_741' title='bbox 3027 4541 3262 4607; x_wconf 75' lang='grc' dir='ltr'><strong>ἑκάστῳ</strong></span> <span class='ocrx_word' id='word_1_742' title='bbox 3289 4541 3436 4594; x_wconf 81' lang='grc' dir='ltr'>κατὰ</span> <span class='ocrx_word' id='word_1_743' title='bbox 3471 4543 3545 4594; x_wconf 79' lang='grc' dir='ltr'>τὰ</span> <span class='ocrx_word' id='word_1_744' title='bbox 3571 4544 3720 4610; x_wconf 73' lang='grc' dir='ltr'>ἔργα</span> <span class='ocrx_word' id='word_1_745' title='bbox 3758 4545 3986 4599; x_wconf 75' lang='grc' dir='ltr'>αὑτοῦ</span> <span class='ocrx_word' id='word_1_746' title='bbox 4004 4563 4020 4577; x_wconf 80' lang='grc'><strong>’</strong></span> 
     </span>
    </p>
   </div>
   <div class='ocr_carea' id='block_1_102' title="bbox 2407 4630 4025 4702">
    <p class='ocr_par' dir='ltr' id='par_1_102' title="bbox 2407 4630 4025 4702">
     <span class='ocr_line' id='line_1_102' title="bbox 2407 4630 4025 4702; baseline 0.005 -20"><span class='ocrx_word' id='word_1_747' title='bbox 2407 4632 2466 4682; x_wconf 75' lang='grc' dir='ltr'><strong>οὐ</strong></span> <span class='ocrx_word' id='word_1_748' title='bbox 2511 4630 2578 4684; x_wconf 78' lang='grc' dir='ltr'><strong>τὰ.</strong></span> <span class='ocrx_word' id='word_1_749' title='bbox 2619 4633 2771 4701; x_wconf 69' lang='grc' dir='ltr'>παρὰ</span> <span class='ocrx_word' id='word_1_750' title='bbox 2803 4631 2893 4682; x_wconf 78' lang='grc' dir='ltr'>τὸν</span> <span class='ocrx_word' id='word_1_751' title='bbox 2927 4631 3088 4700; x_wconf 76' lang='grc' dir='ltr'>ὀρθὸν</span> <span class='ocrx_word' id='word_1_752' title='bbox 3120 4632 3324 4684; x_wconf 82' lang='grc' dir='ltr'>σκοπὸν</span> <span class='ocrx_word' id='word_1_753' title='bbox 3355 4632 3704 4702; x_wconf 83' lang='grc' dir='ltr'>πραττόμενα</span> <span class='ocrx_word' id='word_1_754' title='bbox 3730 4674 3746 4697; x_wconf 93' lang='grc'><strong>,</strong></span> <span class='ocrx_word' id='word_1_755' title='bbox 3804 4637 3867 4688; x_wconf 80' lang='grc' dir='ltr'><strong>εί</strong></span> <span class='ocrx_word' id='word_1_756' title='bbox 3922 4641 4025 4689; x_wconf 74' lang='grc' dir='ltr'><strong>καὶ</strong></span> 
     </span>
    </p>
   </div>
   <div class='ocr_carea' id='block_1_103' title="bbox 2406 4718 4026 4788">
    <p class='ocr_par' dir='ltr' id='par_1_103' title="bbox 2406 4718 4026 4788">
     <span class='ocr_line' id='line_1_103' title="bbox 2406 4718 4026 4788; baseline 0.006 -12"><span class='ocrx_word' id='word_1_757' title='bbox 2406 4723 2554 4776; x_wconf 85' lang='grc' dir='ltr'><strong>δοκεῖ</strong></span> <span class='ocrx_word' id='word_1_758' title='bbox 2599 4723 2740 4777; x_wconf 82' lang='grc' dir='ltr'>καλὰ</span> <span class='ocrx_word' id='word_1_759' title='bbox 2772 4718 2932 4788; x_wconf 80' lang='grc' dir='ltr'>εἶναι,</span> <span class='ocrx_word' id='word_1_760' title='bbox 2961 4726 2988 4777; x_wconf 85' lang='grc' dir='ltr'><strong>ὁ</strong></span> <span class='ocrx_word' id='word_1_761' title='bbox 3014 4725 3146 4788; x_wconf 66' lang='grc' dir='ltr'>Θεὸς</span> <span class='ocrx_word' id='word_1_762' title='bbox 3175 4725 3314 4778; x_wconf 77' lang='grc' dir='ltr'><strong>καλὰ</strong></span> <span class='ocrx_word' id='word_1_763' title='bbox 3346 4726 3706 4779; x_wconf 83' lang='grc' dir='ltr'>ἀποδίδωσιν·</span> <span class='ocrx_word' id='word_1_764' title='bbox 3747 4728 3916 4782; x_wconf 77' lang='grc' dir='ltr'><strong>ἀλλὰ</strong></span> <span class='ocrx_word' id='word_1_765' title='bbox 3951 4733 4026 4784; x_wconf 78' lang='grc' dir='ltr'>τὰ</span> 
     </span>
    </p>
   </div>
   <div class='ocr_carea' id='block_1_104' title="bbox 2411 4815 4021 4892">
    <p class='ocr_par' dir='ltr' id='par_1_104' title="bbox 2411 4815 4021 4892">
     <span class='ocr_line' id='line_1_104' title="bbox 2411 4815 4021 4892; baseline 0.004 -25"><span class='ocrx_word' id='word_1_766' title='bbox 2411 4815 2551 4868; x_wconf 75' lang='grc' dir='ltr'>κατὰ</span> <span class='ocrx_word' id='word_1_767' title='bbox 2581 4815 2667 4869; x_wconf 84' lang='grc' dir='ltr'>τὸν</span> <span class='ocrx_word' id='word_1_768' title='bbox 2714 4815 2872 4885; x_wconf 78' lang='grc' dir='ltr'>ὀρθὸν</span> <span class='ocrx_word' id='word_1_769' title='bbox 2914 4817 3175 4887; x_wconf 83' lang='grc' dir='ltr'>δηλονότι.</span> <span class='ocrx_word' id='word_1_770' title='bbox 3223 4819 3299 4871; x_wconf 83' lang='grc' dir='ltr'><strong>Οὐ</strong></span> <span class='ocrx_word' id='word_1_771' title='bbox 3337 4819 3444 4889; x_wconf 82' lang='grc' dir='ltr'><strong>γὰρ</strong></span> <span class='ocrx_word' id='word_1_772' title='bbox 3470 4821 3551 4881; x_wconf 83' lang='grc' dir='ltr'><strong>εἰς</strong></span> <span class='ocrx_word' id='word_1_773' title='bbox 3582 4818 3652 4871; x_wconf 81' lang='grc' dir='ltr'>τὰ</span> <span class='ocrx_word' id='word_1_774' title='bbox 3693 4821 4021 4892; x_wconf 79' lang='grc' dir='ltr'>γινόμενα,</span> 
     </span>
    </p>
   </div>
   <div class='ocr_carea' id='block_1_105' title="bbox 2407 4907 4024 4986">
    <p class='ocr_par' dir='ltr' id='par_1_105' title="bbox 2407 4907 4024 4986">
     <span class='ocr_line' id='line_1_105' title="bbox 2407 4907 4024 4986; baseline 0.004 -26"><span class='ocrx_word' id='word_1_775' title='bbox 2407 4907 2523 4960; x_wconf 84' lang='grc' dir='ltr'><strong>ἀλλ’</strong></span> <span class='ocrx_word' id='word_1_776' title='bbox 2551 4909 2630 4970; x_wconf 83' lang='grc' dir='ltr'><strong>εἰς</strong></span> <span class='ocrx_word' id='word_1_777' title='bbox 2669 4908 2760 4960; x_wconf 79' lang='grc' dir='ltr'><strong>τὸν</strong></span> <span class='ocrx_word' id='word_1_778' title='bbox 2787 4909 2988 4962; x_wconf 84' lang='grc' dir='ltr'><strong>σκοπὸν</strong></span> <span class='ocrx_word' id='word_1_779' title='bbox 3010 4909 3121 4962; x_wconf 84' lang='grc' dir='ltr'><strong>τῶν</strong></span> <span class='ocrx_word' id='word_1_780' title='bbox 3149 4911 3466 4979; x_wconf 80' lang='grc' dir='ltr'><strong>γινομένων,</strong></span> <span class='ocrx_word' id='word_1_781' title='bbox 3497 4912 3529 4979; x_wconf 73' lang='grc' dir='ltr'><strong>ἡ</strong></span> <span class='ocrx_word' id='word_1_782' title='bbox 3558 4909 3654 4962; x_wconf 83' lang='grc' dir='ltr'>τοῦ</span> <span class='ocrx_word' id='word_1_783' title='bbox 3694 4911 3857 4966; x_wconf 81' lang='grc' dir='ltr'><strong>Θεοῦ</strong></span> <span class='ocrx_word' id='word_1_784' title='bbox 3889 4916 4024 4986; x_wconf 76' lang='grc' dir='ltr'>κρί-</span> 
     </span>
    </p>
   </div>
   <div class='ocr_carea' id='block_1_106' title="bbox 2408 4998 2719 5067">
    <p class='ocr_par' dir='ltr' id='par_1_106' title="bbox 2408 4998 2719 5067">
     <span class='ocr_line' id='line_1_106' title="bbox 2408 4998 2719 5067; baseline 0.01 -20"><span class='ocrx_word' id='word_1_785' title='bbox 2408 5012 2492 5059; x_wconf 82' lang='grc' dir='ltr'><strong>σις</strong></span> <span class='ocrx_word' id='word_1_786' title='bbox 2528 4998 2719 5067; x_wconf 82' lang='grc' dir='ltr'><strong>ἐφορᾷ.</strong></span> 
     </span>
    </p>
   </div>
   <div class='ocr_carea' id='block_1_107' title="bbox 2475 5087 4025 5166">
    <p class='ocr_par' dir='ltr' id='par_1_107' title="bbox 2475 5087 4025 5166">
     <span class='ocr_line' id='line_1_107' title="bbox 2475 5087 4025 5166; baseline 0.005 -26"><span class='ocrx_word' id='word_1_787' title='bbox 2475 5087 2578 5158; x_wconf 83' lang='grc' dir='ltr'><strong>λη’.</strong></span> <span class='ocrx_word' id='word_1_788' title='bbox 2622 5089 2678 5140; x_wconf 87' lang='grc' dir='ltr'><strong>Ὀ</strong></span> <span class='ocrx_word' id='word_1_789' title='bbox 2702 5088 2801 5157; x_wconf 80' lang='grc' dir='ltr'><strong>τῆς</strong></span> <span class='ocrx_word' id='word_1_790' title='bbox 2829 5088 3204 5158; x_wconf 85' lang='grc' dir='ltr'>ὑπερηφανίας</span> <span class='ocrx_word' id='word_1_791' title='bbox 3233 5087 3457 5157; x_wconf 79' lang='grc' dir='ltr'>δαίμων,</span> <span class='ocrx_word' id='word_1_792' title='bbox 3487 5087 3683 5155; x_wconf 80' lang='grc' dir='ltr'>διπλῆν</span> <span class='ocrx_word' id='word_1_793' title='bbox 3727 5089 3875 5160; x_wconf 73' lang='grc' dir='ltr'><strong>ἔχει</strong></span> <span class='ocrx_word' id='word_1_794' title='bbox 3914 5095 4025 5166; x_wconf 73' lang='grc' dir='ltr'>τὴν</span> 
     </span>
    </p>
   </div>
   <div class='ocr_carea' id='block_1_108' title="bbox 2410 5179 4028 5251">
    <p class='ocr_par' dir='ltr' id='par_1_108' title="bbox 2410 5179 4028 5251">
     <span class='ocr_line' id='line_1_108' title="bbox 2410 5179 4028 5251; baseline 0.007 -22"><span class='ocrx_word' id='word_1_795' title='bbox 2410 5180 2674 5250; x_wconf 78' lang='grc' dir='ltr'>πονηρίαν</span> <span class='ocrx_word' id='word_1_796' title='bbox 2698 5197 2711 5210; x_wconf 90' lang='grc'><strong>·</strong></span> <span class='ocrx_word' id='word_1_797' title='bbox 2741 5181 2773 5250; x_wconf 77' lang='grc' dir='ltr'>ἢ</span> <span class='ocrx_word' id='word_1_798' title='bbox 2811 5181 2918 5250; x_wconf 77' lang='grc' dir='ltr'><strong>γὰρ</strong></span> <span class='ocrx_word' id='word_1_799' title='bbox 2948 5179 3124 5248; x_wconf 82' lang='grc' dir='ltr'>ἑαυτῷ</span> <span class='ocrx_word' id='word_1_800' title='bbox 3152 5179 3431 5232; x_wconf 81' lang='grc' dir='ltr'>ἀναπείθει</span> <span class='ocrx_word' id='word_1_801' title='bbox 3459 5179 3550 5232; x_wconf 77' lang='grc' dir='ltr'>τὸν</span> <span class='ocrx_word' id='word_1_802' title='bbox 3584 5183 3852 5251; x_wconf 69' lang='grc' dir='ltr'>μοναχὸν</span> <span class='ocrx_word' id='word_1_803' title='bbox 3896 5187 4028 5240; x_wconf 70' lang='grc' dir='ltr'><strong>ἑπι-</strong></span> 
     </span>
    </p>
   </div>
   <div class='ocr_carea' id='block_1_109' title="bbox 2409 5265 4026 5340">
    <p class='ocr_par' dir='ltr' id='par_1_109' title="bbox 2409 5265 4026 5340">
     <span class='ocr_line' id='line_1_109' title="bbox 2409 5265 4026 5340; baseline 0.002 -20"><span class='ocrx_word' id='word_1_804' title='bbox 2409 5269 2644 5338; x_wconf 81' lang='grc' dir='ltr'>γράφειν</span> <span class='ocrx_word' id='word_1_805' title='bbox 2669 5268 2736 5322; x_wconf 81' lang='grc' dir='ltr'>τὰ</span> <span class='ocrx_word' id='word_1_806' title='bbox 2776 5266 3192 5337; x_wconf 81' lang='grc' dir='ltr'>κατορθώματα,</span> <span class='ocrx_word' id='word_1_807' title='bbox 3221 5267 3313 5319; x_wconf 72' lang='grc' dir='ltr'><strong>καὶ</strong></span> <span class='ocrx_word' id='word_1_808' title='bbox 3338 5267 3456 5335; x_wconf 75' lang='grc' dir='ltr'>οὐχὶ</span> <span class='ocrx_word' id='word_1_809' title='bbox 3484 5265 3563 5334; x_wconf 82' lang='grc' dir='ltr'>τῷ</span> <span class='ocrx_word' id='word_1_810' title='bbox 3599 5265 3751 5335; x_wconf 81' lang='grc' dir='ltr'>Θεῷ,</span> <span class='ocrx_word' id='word_1_811' title='bbox 3789 5269 3891 5340; x_wconf 79' lang='grc' dir='ltr'>τῷ</span> <span class='ocrx_word' id='word_1_812' title='bbox 3925 5273 4026 5326; x_wconf 74' lang='grc' dir='ltr'><strong>καὶ</strong></span> 
     </span>
    </p>
   </div>
   <div class='ocr_carea' id='block_1_110' title="bbox 2407 5355 4023 5430">
    <p class='ocr_par' dir='ltr' id='par_1_110' title="bbox 2407 5355 4023 5430">
     <span class='ocr_line' id='line_1_110' title="bbox 2407 5355 4023 5430; baseline -0.018 -11"><span class='ocrx_word' id='word_1_813' title='bbox 2407 5359 2628 5430; x_wconf 82' lang='grc' dir='ltr'>χορηγῷ</span> <span class='ocrx_word' id='word_1_814' title='bbox 2678 5359 2788 5412; x_wconf 86' lang='grc' dir='ltr'>τῶν</span> <span class='ocrx_word' id='word_1_815' title='bbox 2831 5358 3013 5412; x_wconf 80' lang='grc' dir='ltr'>καλῶν</span> <span class='ocrx_word' id='word_1_816' title='bbox 3037 5398 3052 5420; x_wconf 91' lang='grc'><strong>,</strong></span> <span class='ocrx_word' id='word_1_817' title='bbox 3092 5357 3183 5411; x_wconf 78' lang='grc' dir='ltr'><strong>καὶ</strong></span> <span class='ocrx_word' id='word_1_818' title='bbox 3221 5355 3400 5428; x_wconf 80' lang='grc' dir='ltr'><strong>βοηθῷ</strong></span> <span class='ocrx_word' id='word_1_819' title='bbox 3426 5357 3560 5425; x_wconf 80' lang='grc' dir='ltr'>πρὸς</span> <span class='ocrx_word' id='word_1_820' title='bbox 3593 5357 3987 5428; x_wconf 67' lang='grc' dir='ltr'>κατόρθωσιν</span> <span class='ocrx_word' id='word_1_821' title='bbox 4010 5378 4023 5390; x_wconf 94' lang='grc'><strong>.</strong></span> 
     </span>
    </p>
   </div>
   <div class='ocr_carea' id='block_1_111' title="bbox 2404 5447 4027 5521">
    <p class='ocr_par' dir='ltr' id='par_1_111' title="bbox 2404 5447 4027 5521">
     <span class='ocr_line' id='line_1_111' title="bbox 2404 5447 4027 5521; baseline -0.002 -18"><span class='ocrx_word' id='word_1_822' title='bbox 2404 5452 2436 5521; x_wconf 73' lang='grc' dir='ltr'>ἢ</span> <span class='ocrx_word' id='word_1_823' title='bbox 2470 5450 2643 5520; x_wconf 80' lang='grc' dir='ltr'>τούτῳ</span> <span class='ocrx_word' id='word_1_824' title='bbox 2671 5449 2746 5520; x_wconf 82' lang='grc' dir='ltr'><strong>μὴ</strong></span> <span class='ocrx_word' id='word_1_825' title='bbox 2782 5451 3101 5519; x_wconf 79' lang='grc' dir='ltr'>πειθόμενον</span> <span class='ocrx_word' id='word_1_826' title='bbox 3125 5489 3138 5512; x_wconf 91' lang='grc'><strong>,</strong></span> <span class='ocrx_word' id='word_1_827' title='bbox 3169 5450 3293 5509; x_wconf 74' lang='grc' dir='ltr'><strong>τοὺς</strong></span> <span class='ocrx_word' id='word_1_828' title='bbox 3321 5448 3399 5499; x_wconf 77' lang='grc' dir='ltr'><strong>ἔτι</strong></span> <span class='ocrx_word' id='word_1_829' title='bbox 3445 5447 3874 5518; x_wconf 79' lang='grc' dir='ltr'>ἀτελεστέρους</span> <span class='ocrx_word' id='word_1_830' title='bbox 3908 5452 4027 5507; x_wconf 80' lang='grc' dir='ltr'>τῶν</span> 
     </span>
    </p>
   </div>
   <div class='ocr_carea' id='block_1_112' title="bbox 2403 5539 4027 5611">
    <p class='ocr_par' dir='ltr' id='par_1_112' title="bbox 2403 5539 4027 5611">
     <span class='ocr_line' id='line_1_112' title="bbox 2403 5539 4027 5611; baseline -0.002 -17"><span class='ocrx_word' id='word_1_831' title='bbox 2403 5541 2647 5609; x_wconf 76' lang='grc' dir='ltr'><strong>ἀδελφῶν</strong></span> <span class='ocrx_word' id='word_1_832' title='bbox 2687 5541 2800 5611; x_wconf 86' lang='lat' dir='ltr'><strong>(u)</strong></span> <span class='ocrx_word' id='word_1_833' title='bbox 2835 5540 3124 5594; x_wconf 71' lang='grc' dir='ltr'>ὑποσάλλει</span> <span class='ocrx_word' id='word_1_834' title='bbox 3168 5539 3484 5604; x_wconf 77' lang='grc' dir='ltr'>ὲξουθενεῖν.</span> <span class='ocrx_word' id='word_1_835' title='bbox 3539 5539 3772 5604; x_wconf 79' lang='grc' dir='ltr'><strong>Ἀγνοεῖ</strong></span> <span class='ocrx_word' id='word_1_836' title='bbox 3822 5542 3894 5596; x_wconf 75' lang='grc' dir='ltr'><strong>δὲ</strong></span> <span class='ocrx_word' id='word_1_837' title='bbox 3928 5549 4027 5600; x_wconf 72' lang='grc' dir='ltr'><strong>καὶ</strong></span> 
     </span>
    </p>
   </div>
   <div class='ocr_carea' id='block_1_113' title="bbox 804 5822 4017 5905">
    <p class='ocr_par' dir='ltr' id='par_1_113' title="bbox 804 5822 4017 5905">
     <span class='ocr_line' id='line_1_113' title="bbox 804 5822 4017 5905; baseline -0.001 -19"><span class='ocrx_word' id='word_1_838' title='bbox 804 5833 883 5905; x_wconf 73' lang='grc' dir='ltr'><strong>(τι)</strong></span> <span class='ocrx_word' id='word_1_839' title='bbox 919 5833 1038 5888; x_wconf 77' lang='grc' dir='ltr'><strong>Τῶν</strong></span> <span class='ocrx_word' id='word_1_840' title='bbox 1082 5835 1378 5904; x_wconf 49' lang='grc' dir='ltr'><strong>ἀδελφῶν.</strong></span> <span class='ocrx_word' id='word_1_841' title='bbox 1437 5832 1755 5902; x_wconf 68' lang='lat' dir='ltr'><strong>Simpiieior</strong></span> <span class='ocrx_word' id='word_1_842' title='bbox 1817 5831 1948 5884; x_wconf 88' lang='lat' dir='ltr'><strong>mihi</strong></span> <span class='ocrx_word' id='word_1_843' title='bbox 2006 5831 2119 5883; x_wconf 87' lang='lat' dir='ltr'><strong>visa</strong></span> <span class='ocrx_word' id='word_1_844' title='bbox 2171 5828 2286 5882; x_wconf 69' lang='lat' dir='ltr'><strong>haec</strong></span> <span class='ocrx_word' id='word_1_845' title='bbox 2326 5828 2490 5882; x_wconf 84' lang='lat' dir='ltr'><strong>lectio</strong></span> <span class='ocrx_word' id='word_1_846' title='bbox 2537 5843 2599 5882; x_wconf 83' lang='lat' dir='ltr'><strong>ac</strong></span> <span class='ocrx_word' id='word_1_847' title='bbox 2624 5827 2837 5892; x_wconf 87' lang='lat' dir='ltr'><strong>verior,</strong></span> <span class='ocrx_word' id='word_1_848' title='bbox 2896 5841 3017 5897; x_wconf 63' lang='lat' dir='ltr'><strong>quae</strong></span> <span class='ocrx_word' id='word_1_849' title='bbox 3060 5826 3173 5894; x_wconf 89' lang='lat' dir='ltr'><strong>ipsa</strong></span> <span class='ocrx_word' id='word_1_850' title='bbox 3233 5825 3394 5879; x_wconf 93' lang='lat' dir='ltr'><strong>unius</strong></span> <span class='ocrx_word' id='word_1_851' title='bbox 3435 5822 3558 5878; x_wconf 90' lang='lat' dir='ltr'><strong>cod.</strong></span> <span class='ocrx_word' id='word_1_852' title='bbox 3616 5822 3807 5896; x_wconf 74' lang='lat' dir='ltr'><strong>Regii</strong></span> <span class='ocrx_word' id='word_1_853' title='bbox 3891 5839 4017 5898; x_wconf 85' lang='lat' dir='ltr'><strong>est;</strong></span> 
     </span>
    </p>
   </div>
  </div>
