4208 6436
719 406 825 468 999

1882 388 1942 450 S.
1985 386 2271 448 MAXlMl
2310 380 2819 444 CONFESSORIS

3835 378 3970 442 1000

718 535 823 572 non
860 519 1039 589 utique
1070 514 1438 587 judicaremur
1475 523 1492 562 :
1531 507 1655 560 dum
1684 506 1993 577 judicamur
2029 514 2229 565 autem.
2256 521 2287 557 a

2404 501 2819 570 παιδευόμεθα,
2870 499 2970 552 ἵνα
3017 497 3103 567 μὴ
3161 497 3285 550 σὺν
3326 489 3404 561 τῷ
3439 496 3645 564 κόσμῳ
3690 511 3970 564 κατακρι-

717 609 943 664 Domiuo
968 607 1304 676 corripimur,
1325 617 1389 655 ue
1414 617 1533 654 cum
1562 601 1654 654 hoc
1674 598 1870 653 mundo
1892 596 2287 653 damnemur“.

791 700 880 753 42.
910 698 1045 753 Cum
1086 711 1153 750 ex
1196 692 1496 763 improviso
1534 691 1636 745 tibi
1678 689 1908 745 tentatio
1942 688 2187 752 venerit,
2217 702 2286 741 ne

721 792 873 846 illum
925 787 1300 850 accusaveris,
1348 800 1447 854 per
1488 798 1650 854 quem
1697 782 1880 847 venit,
1922 780 2018 836 sed
2068 793 2288 835 causam

721 898 903 952 quaere
946 880 1019 934 ob
1062 894 1226 950 quam
1272 878 1364 932 illa
1407 876 1639 938 venerit,
1676 874 2029 943 inveniesque
2070 887 2180 941 quo
2222 870 2289 926 ad

722 972 1004 1025 meliorem
1044 970 1257 1041 frugem
1300 964 1667 1037 componaris.
1707 963 1923 1033 Alioqui
1962 963 2139 1026 enim,
2175 962 2291 1016 sive

723 1063 847 1125 hoc,
877 1078 991 1115 Sive
1023 1062 1131 1115 alio
1160 1069 1408 1121 auctore,
1434 1056 1767 1114 ebibendum
1795 1055 1896 1109 tibi
1924 1063 2046 1109 erat
2072 1053 2290 1109 divino-

723 1171 841 1208 rum
872 1154 1200 1223 judiciorum
1230 1151 1590 1206 absinthium.

789 1249 878 1301 is.
905 1246 1179 1312 Quantum
1216 1245 1499 1314 improbus
1530 1259 1591 1296 es
1622 1258 1686 1296 ac
1719 1240 1905 1310 pravis
1931 1237 2197 1304 moribus,
2222 1251 2293 1293 ne

721 1355 921 1395 renuas
939 1353 1107 1394 carne
1129 1336 1403 1401 aﬂlictari;
1427 1343 1488 1389 ut
1505 1335 1627 1405 ejus
1646 1332 1931 1387 laboribus
1952 1330 2290 1395 humiliatus,

719 1447 926 1502 expnas
950 1428 1224 1500 superbia
1248 1427 1465 1481 fastum.

794 1538 883 1592 M.
900 1533 1288 1590 Tentationum
1303 1530 1444 1595 aliae,
1456 1528 1795 1598 voluptates;
1810 1526 1950 1586 aliae.
1966 1539 2259 1581 maerorem
2275 1541 2291 1591 ;

723 1627 863 1692 aliaa,
891 1639 1187 1696 corporum
1215 1622 1493 1678 cruciatus
1520 1618 1840 1674 hominibus
1862 1616 2163 1672 adducunt.
2188 1615 2295 1670 Pro

720 1720 1021 1775 aﬂ‘ectuum
1060 1716 1209 1772 enim
1249 1714 1433 1769 animo
1471 1712 1716 1767 haerente
1756 1722 1946 1773 causa,
1985 1707 2292 1762 animorum

721 1811 971 1867 medicus
1000 1823 1097 1879 per
1121 1822 1221 1862 sua
1245 1804 1454 1878 judicia
1482 1802 1711 1859 adhibet
1732 1809 1791 1857 et
1815 1799 2166 1855 medicinam.

793 1999 883 2054 45.
907 1996 1038 2063 Qua:
1062 1993 1374 2049 inferuntur
1395 1989 1747 2052 tentationes,
1769 1985 1891 2040 aliis
1913 1982 2137 2054 quidem
2162 1980 2300 2036 infe-

722 2097 942 2153 runtur,
967 2095 1026 2141 ut
1058 2083 1339 2155 praeterita
1374 2087 1596 2152 peccata
1624 2078 1865 2141 diluant;
1898 2074 2021 2130 aliis
2047 2088 2209 2136 vero,
2238 2081 2300 2127 ut

722 2197 845 2253 quae
873 2176 1367 2250 impraesentiarum
1409 2178 1665 2243 peccant;
1708 2170 1830 2224 aliis
1864 2167 2124 2236 denique,
2154 2173 2214 2219 ut
2243 2164 2297 2218 in

722 2274 883 2346 417
911 2276 1197 2341 posterum
1225 2261 1615 2320 committenda
1656 2260 1972 2323 inhibeant;
2015 2262 2213 2327 praeter
2234 2269 2297 2309 ea

724 2365 866 2421 mala
906 2377 1027 2434 quae
1063 2355 1404 2431 probationis
1444 2367 1607 2409 causa
1644 2350 1938 2413 eveniunt,
1965 2357 2027 2403 ut
2055 2347 2110 2402 in
2137 2346 2300 2402 beato

723 2457 883 2600 Ιοὲθ.
908 2542 1182 2599 Cordatus
1207 2538 1397 2601 homo,
1421 2535 1735 2591 divinorum
1760 2530 2096 2603 judiciorum
2126 2544 2303 2584 reme-

725 2634 877 2688 dium
905 2637 1186 2701 reputans,
1217 2641 1339 2697 quae
1369 2624 1497 2680 inde
1526 2623 1604 2677 illi
1632 2620 1857 2677 tristitia
1886 2620 2139 2688 malaque
2168 2633 2299 2673 eve-

726 2727 919 2790 niunt,
948 2736 1106 2793 aequo
1147 2721 1331 2774 animo
1373 2715 1577 2787 gratias
1616 2727 1784 2783 agens
1825 2712 2048 2776 tolerat;
2094 2709 2302 2764 nullum

726 2820 894 2874 alium
934 2817 1133 2870 horum
1174 2818 1487 2872 auctorem,
1531 2814 1898 2876 praeterquam
1940 2808 2165 2872 peccata
2203 2815 2303 2856 sua

726 2910 1067 2966 existimans.
1090 2907 1296 2962 Vecors
1331 2909 1515 2955 autem
1546 2912 1609 2951 ac
1638 2896 1936 2965 insipiens,
1964 2892 2303 2963 sapientissi-

729 3017 872 3058 mam
920 3000 1016 3056 Dei
1067 2993 1469 3067 providentiam
1516 2990 1807 3059 ignorans,
1840 2985 1973 3040 dum
2015 2992 2208 3055 peccat
2247 2994 2303 3039 ct

727 3093 1042 3163 castigatur,
1070 3095 1164 3142 aut
1203 3085 1258 3138 in
1302 3086 1507 3145 Deum,
1536 3087 1633 3133 aut
1676 3080 1735 3131 in
1777 3076 2030 3131 homines
2072 3090 2303 3131 suorum

728 3186 1000 3242 malorum
1030 3179 1201 3235 refert
1224 3188 1466 3231 causam.

798 3278 891 3332 47.
924 3274 1063 3329 Sunt
1101 3268 1349 3340 quwdam
1391 3278 1513 3335 quae
1555 3261 1856 3317 aﬂ‘ectuum
1900 3273 1964 3314 ac
2008 3257 2302 3313 libidinum

731 3378 942 3425 motum
996 3362 1311 3421 inhibeant,
1341 3371 1445 3411 nee
1483 3360 1837 3423 augmentum
1873 3350 2051 3404 facere
2090 3349 2302 3413 sinant;

731 3469 966 3528 suntque
996 3454 1101 3508 alia
1124 3466 1247 3520 qua:
1278 3446 1604 3503 imminuant
1643 3453 1807 3511 atque
1845 3440 2115 3495 deterant.
2146 3438 2302 3500 Puta,

728 3547 996 3622 jejunium
1021 3551 1078 3597 et
1098 3540 1333 3596 labor-et
1354 3535 1554 3606 vigilia:
1596 3531 1954 3602 cupiditatem
1980 3529 2169 3599 augeri
2195 3542 2303 3582 non

733 3620 952 3702 sinunt;
984 3633 1226 3691 solitudo
1248 3646 1382 3685 vero
1409 3638 1465 3683 et
1488 3623 1876 3695 contemplatio
1900 3631 1956 3676 et
1979 3622 2157 3675 oratio
2179 3620 2304 3674 Dei-

732 3750 841 3806 que
882 3745 1036 3786 amor
1082 3728 1254 3796 ipsam
1297 3722 1557 3777 minuunt
1585 3727 1749 3788 atque
1779 3714 2013 3770 elidunt.
2044 3712 2308 3768 Similiter

731 3804 954 3897 quoque
984 3822 1038 3876 in
1071 3818 1181 3883 ira;
1207 3813 1363 3870 verbi
1399 3810 1602 3882 gratia,
1633 3805 2046 3878 longanimitas,
2075 3804 2304 3874 injuria-

734 3896 860 3972 rum
884 3911 1089 3969 oblivio
1113 3917 1170 3962 et
1190 3902 1555 3962 mansuetudo
1577 3908 1726 3955 motu
1751 3898 1976 3960 sistunt,
1996 3911 2099 3950 nec
2118 3896 2307 3950 sinunt

734 4016 1062 4075 augescere;
1097 3996 1338 4050 elraritas
1360 4007 1493 4047 vero
1521 4000 1574 4045 et
1601 3990 1947 4058 eleemosyna
1972 3993 2030 4040 et
2052 3985 2305 4056 benigni-

734 4105 820 4148 tas
860 4100 1185 4157 morumque
1224 4081 1466 4138 suavitas
1504 4089 1560 4135 et
1597 4076 1933 4141 humanitas,
1959 4075 2213 4130 minuunt
2241 4089 2305 4129 ac

734 4183 1047 4241 debilitant.

804 4276 894 4329 48.
914 4271 1087 4341 Cujus
1114 4267 1331 4323 animus
1356 4277 1575 4334 semper
1596 4263 1652 4317 in
1679 4260 1850 4316 Deum
1876 4273 2176 4315 conversus
2199 4265 2303 4322 est,

740 4368 903 4437 hujus
940 4377 1161 4433 quoque
1202 4357 1476 4428 cupiditas
1516 4357 1573 4409 in
1611 4353 1858 4409 divinum
1898 4350 2307 4422 supercxcrcvit

736 4468 1019 4518 amorem;
1068 4451 1288 4518 iraque,
1324 4456 1435 4501 tota
1476 4445 1530 4499 vi
1573 4460 1669 4499 sua
1710 4444 1766 4498 in
1805 4442 2046 4497 divinam
2091 4441 2306 4497 transiit

2394 590 2606 661 θῶμεν.

2468 682 2578 754 μβ’.
2620 682 2791 736 Ὅταν
2816 698 2897 735 σοι
2929 680 3061 752 ἔλθῃ
3105 678 3164 747 ἐξ
3193 677 3606 752 ἀπροσδοκήτου
3640 676 3969 749 πειρασμὸς.

2398 773 2475 844 μὴ
2523 773 2614 827 τὸν
2658 772 2728 826 δι’
2761 765 2825 826 οὗ
2870 773 3067 827 αἰτιῶ·
3116 771 3255 827 ἀλλὰ
3287 773 3351 827 τὸ
3398 771 3486 826 διὰ
3532 770 3588 824 τί
3639 769 3833 843 ζήτει,
3876 768 3973 824 καὶ

2394 866 2671 937 εὑρίσκεις
2697 865 3004 936 διόρθωσιν.
3051 866 3222 929 Ἐπεὶ,
3253 867 3364 919 εῑτε
3402 866 3473 920 δι’
3501 864 3736 926 ἐκείνου.
3764 863 3875 917 εἴτε
3903 862 3972 915 δι’

2393 955 2588 1023 ἄλλου,
2641 958 2784 1009 πιεῖν
2838 952 2986 1026 εἶχες
3031 955 3139 1011 τῶν
3198 955 3295 1010 τοῦ
3353 954 3491 1009 Θεοῦ
3545 953 3834 1026 χριμάτων
3911 952 3974 1006 τὸ

2392 1044 2659 1116 ἁψίνθιον.

2468 1239 2581 1303 μγ’.
2642 1234 2810 1303 Ὅσον
2860 1228 2913 1287 εἷ
2969 1234 3312 1305 κακότροπος
3336 1276 3350 1300 ,
3398 1234 3458 1288 τὸ
3508 1233 3846 1288 κακοπαθεῖν
3898 1234 3976 1305 μὴ

2394 1325 2697 1380 ἀπαναίνου
2719 1366 2735 1392 ,
2775 1328 2861 1382 ἵνα
2890 1327 2957 1380 δι’
2997 1328 3167 1398 αὐτῆς
3220 1327 3580 1392 ταπεινωθεὶς
3604 1368 3621 1392 ,
3670 1328 3772 1399 τὴν
3803 1329 3969 1400 ὑπερο

2392 1419 2636 1491 ηφανίαν
2666 1419 2861 1493 ἐμέσῃ.

2469 1510 2571 1581 μηδ’.
2598 1510 2662 1564 Οἱ
2687 1511 2786 1581 μὲν
2816 1512 2926 1565 τῶν
2957 1509 3300 1581 πειρασμῶν,
3328 1507 3522 1579 ἡδονάς
3546 1525 3559 1538 ⁸
3595 1511 3646 1562 οἱ
3668 1509 3744 1573 δὲ,
3769 1509 3972 1572 λύπαςσ

2393 1604 2444 1656 οί
2472 1601 2551 1667 δὲ,
2579 1602 2773 1664 ὀδύνας
2793 1602 3113 1673 σωματικὰς
3139 1603 3251 1666 τοῖς
3271 1599 3582 1672 ἀνθρώποις
3610 1602 3974 1673 προσάγουσι.

2392 1694 2556 1750 Κατά
2590 1694 2701 1765 γάρ
2723 1694 2825 1764 τὴν
2857 1693 3188 1764 ἐγκειμένην
3216 1696 3283 1765 τῇ
3312 1694 3461 1765 ψυχῇ
3500 1692 3686 1747 αἰτίαν
3724 1693 3838 1747 τῶν
3867 1711 3977 1748 παι

2397 1785 2528 1851 θῶν,
2562 1787 2658 1840 καὶ
2685 1786 2748 1840 τὸ
2774 1786 3066 1857 φάρμακον
3094 1787 3124 1838 ὁ
3160 1785 3345 1856 ἰατρὸς
3374 1786 3482 1839 τῶν
3512 1784 3703 1857 ψυχῶν
3728 1784 3823 1840 διὰ
3863 1786 3978 1839 τῶν

2325 1853 2367 1909 Β
2396 1878 2570 1933 αὑτοῦ
2610 1853 2904 1949 κριμάτωνῄ
2925 1853 3256 1948 ἐπιτίθησιν,

2471 1978 2575 2042 με’.
2616 1972 2679 2024 Δί
2719 1970 2981 2042 ἐπιφοραὶ
3015 1970 3126 2023 τῶν
3158 1967 3518 2041 πειρασμῶν,
3546 1976 3664 2036 τοῖς
3695 1975 3799 2042 μὲν
3838 1970 3979 2042 πρὸς

2398 2062 2504 2133 ἤδη
2552 2061 2859 2131 γεγονότων
2903 2061 3317 2131 ἁμαρτημάτων
3374 2060 3652 2132 ἀναίρεσιν
3680 2078 3695 2092 ·
3736 2064 3854 2124 τοῖς
3896 2062 3976 2123 δὲ,

2399 2154 2538 2225 πρὸς
2570 2153 2668 2207 νῦν
2714 2151 3163 2223 ἐνεργουμένων·
3212 2152 3393 2217 ἀλλοις
3416 2194 3433 2220 ,
3490 2153 3628 2226 πρὸς
3674 2154 3980 2225 μελλόντων

2398 2248 2741 2320 ἐνεργεῖσθαι
2777 2245 3094 2317 ἀνακοπὴν,
3139 2247 3460 2314 ἐπάγονται.
3504 2248 3640 2318 Δίχα
3683 2248 3798 2302 τῶν
3843 2249 3982 2319 πρὸς

2397 2339 2629 2409 δοκιμὴν
2668 2336 3198 2407 ἐπισυμϐαινόντων,
3230 2337 3307 2400 ὡς
3336 2338 3428 2391 ἐπὶ
3459 2337 3553 2392 τοῦ
3591 2337 3733 2392 Ἰώό.

2476 2523 2597 2589 μς’.
2637 2517 2697 2570 '0
2725 2516 2827 2587 μὲν
2854 2516 3106 2587 ἐχέφρων
3127 2555 3143 2580 ,
3187 2517 3297 2570 τῶν
3326 2516 3489 2573 θείων
3540 2518 3835 2590 χριμάτων
3880 2520 3984 2589 τὴν

2406 2610 2649 2681 ἰατρείαν
2676 2609 3165 2680 ἀναλογιζόμενος,
3201 2610 3545 2680 εὐχαρίστως
3579 2612 3739 2683 φέρει
3766 2612 3868 2675 τὰς
3894 2611 3984 2665 διὰ

2402 2704 2612 2758 τούτων
2652 2701 3161 2775 ἐπισυμϐεαινούσας
3207 2701 3357 2773 αὐτῷ
3393 2706 3683 2775 συμφοράς
3706 2719 3723 2734 '
3773 2706 3983 2774 μηδένα

2403 2794 2565 2849 ἄλλον
2601 2794 2809 2848 τούτων
2841 2796 3015 2848 αἴτιον
3037 2834 3052 2858 ,
3082 2794 3117 2862 ἢ
3150 2793 3248 2858 τὰς
3285 2794 3485 2847 ἑαυτοῦ
3522 2794 3803 2865 ἁμαρτίας
3831 2794 3985 2865 λογι-

2404 2887 2652 2958 ζόμενος.
2698 2887 2759 2939 '0
2796 2886 2855 2940 δὲ
2882 2886 3094 2956 ἄφρων,
3134 2885 3231 2956 τὴν
3261 2883 3356 2939 τοῦ
3384 2885 3521 2941 Θεοῦ
3554 2886 3768 2954 ἀγνοῶν
3804 2904 3985 2957 σοφω·

2402 2978 2574 3049 τάτην
2603 2979 2878 3048 πρόνοιαν,
2911 2978 3244 3049 ἁμαρτάνων
3271 2978 3364 3031 καὶ⁸
3390 2965 3806 3048 παιδευόμενος,
3837 2980 3870 3050 ἦ
3892 2980 3985 3034 τὸν

2403 3068 2559 3136 Θεδν,
2594 3069 2627 3141 ἢ
2659 3070 2786 3133 τοὺς
2820 3070 3143 3142 ἀνθρώπους
3181 3072 3292 3125 τῶν
3328 3070 3525 3126 ἑαυτοῦ
3555 3071 3746 3126 κακῶν
3777 3073 3987 3136 αἰτίους

2404 3160 2706 3231 λογίζεται.
3546 3225 3551 3229 _

2481 3255 2591 3326 με’.
2639 3255 2763 3308 Είσί
2794 3272 2918 3310 τινα
2953 3254 3186 3309 ἱστῶντα
3241 3255 3310 3309 τὰ
3355 3255 3503 3327 πάθη
3542 3258 3640 3327 τῆς
3689 3256 3984 3327 κινήσεως.

2407 3346 2503 3399 καὶ
2563 3346 2638 3416 μὴ
2691 3347 2867 3399 ἐῶντα
2916 3347 3192 3417 προϐῆναι
3239 3350 3319 3410 εἰς
3368 3347 3598 3419 αὔξησιν
3630 3364 3645 3378 ·
3705 3349 3804 3401 καὶ
3847 3347 3989 3400 είσὶν

2406 3437 2570 3507 ἕτερα
2611 3436 2961 3501 ὲλαττοῦντα,
3016 3440 3110 3493 καὶ
3161 3440 3242 3503 είς
3287 3440 3516 3509 μείωσιν
3561 3440 3788 3507 ἄγοντα.
3837 3439 3987 3503 Οἷον,

2406 3531 2629 3600 νηστεία
2666 3533 2760 3585 καὶ
2793 3532 2960 3595 κόπος
3010 3534 3106 3588 καὶ
3146 3534 3443 3603 ἀγρυπνία.
3475 3535 3579 3590 οὐκ
3605 3534 3770 3588 ἐῶσιν
3799 3535 3989 3601 αὔξειν

2407 3621 2505 3690 τὴν
2530 3618 2825 3689 ἐπιθυμίαν
2844 3637 2859 3651 ·
2882 3621 3226 3694 ἀναχώρησις
3251 3623 3309 3676 δὲ
3334 3624 3429 3678 καὶ
3457 3624 3660 3695 θεωρία
3694 3626 3792 3678 καὶ
3819 3643 3991 3696 προσ-

2407 3712 2561 3782 ευχὴ,
2601 3713 2694 3765 καὶ
2722 3712 2864 3784 ἔρως
2893 3715 2973 3777 είς
3010 3713 3161 3777 Θεὸν,
3194 3715 3506 3770 ἐλαττοῦσιν
3535 3717 3703 3787 αὐτὴν
3723 3758 3739 3783 ,
3787 3720 3884 3770 καὶ
3911 3720 3991 3780 είς

2406 3804 2713 3875 ἀφανισμὸν
2762 3805 2976 3873 ἄγουσι.
3027 3807 3137 3860 Καὶ
3185 3807 3279 3862 ἐπὶ
3309 3808 3405 3862 τοῦ
3436 3808 3607 3880 θυμοῦ
3647 3809 3706 3863 δὲ
3756 3812 3985 3879 ὁμοίως.

2407 3891 2568 3961 Οἶον,
2606 3896 2959 3967 μακροθυμία
3013 3900 3107 3951 καὶ
3137 3901 3518 3971 ἀμνησικακία
3568 3901 3663 3956 καὶ
3712 3902 3985 3972 πραότης.

2411 3986 2629 4041 ἱστῶσιν
2663 3988 2845 4054 αὐτὸν,
2876 3990 2970 4042 καὶ
2990 3992 3090 4043 οὐκ
3120 3992 3282 4045 ἐῶσιν
3320 3992 3505 4059 αὔξειν
3525 4014 3541 4028 ο
3575 3995 3768 4066 ἀγάπη
3804 3996 3862 4049 δὲ
3891 3994 3991 4049 καὶ

2405 4077 2743 4149 ἐλεημοσύνη
2807 4078 2904 4133 καὶ
2954 4083 3259 4153 χρηστότης
3302 4084 3399 4139 καὶ
3440 4084 3865 4155 φιλανθρωπία,
3908 4089 3990 4150 εἰς

2409 4170 2633 4240 μείωσιν
2664 4171 2909 4238 ἄγουσιν.

2481 4261 2593 4332 μη’.
2635 4255 2858 4327 Οὖτινος
2920 4264 2949 4316 ὀ
2994 4261 3122 4327 νοῦς
3164 4263 3457 4330 διαπαντός
3507 4268 3625 4320 ἐστι
3662 4268 3804 4339 πρὸς
3827 4269 3993 4338 Θεὸν,

2407 4351 2595 4406 τούτου
2648 4356 2744 4408 καὶ
2791 4354 3120 4427 ἡέπιθυμία
3163 4356 3244 4419 είς
3293 4358 3386 4411 τὸν
3427 4358 3569 4412 θεῖον
3601 4360 3998 4434 ὑπερηύξησεν

2405 4444 2585 4515 ἔρωτα
2611 4464 2623 4477 ·
2653 4446 2749 4501 καὶ
2780 4447 2809 4499 ὁ
2844 4447 3014 4517 θυμὸς
3039 4447 3261 4512 ὁλοστὺς
3307 4451 3385 4520 (y)
3438 4454 3519 4515 είς
3547 4453 3647 4521 τὴν
3672 4453 3830 4506 θείαν
3858 4470 4001 4524 μετ-

735 4548 1084 4605 charitatem.
1113 4543 1382 4597 Diuturno
1409 4537 1557 4592 enim
1586 4536 1787 4590 divinae.
1814 4534 2124 4589 dilectionis
2151 4549 2305 4589 coma

2408 4538 2622 4610 ετράπη
2664 4540 2905 4609 ἀγάπην.
2958 4540 3037 4609 Τῇ
3095 4540 3203 4609 γὰρ
3254 4542 3448 4614 χρονίᾳ
3484 4547 3584 4614 τῆς
3612 4544 3765 4608 θείας
3789 4546 4005 4615 ἐλλάμ-

736 4639 976 4699 mereio,
1003 4644 1153 4689 totus
1174 4630 1393 4686 lucidus
1419 4627 1698 4690 redditus,
1723 4626 1939 4696 sibique
1966 4626 2081 4695 ipse
2104 4625 2307 4695 patibi-

736 4731 844 4787 lem
897 4727 981 4783 sui
1040 4734 1250 4795 partem
1307 4719 1514 4773 arctius
1568 4717 1909 4787 astringens,
1954 4716 2010 4770 in
2060 4716 2306 4770 divinum

736 4815 1144 4875 incessabilem.
1169 4812 1248 4866 uti
1278 4808 1489 4864 dictum
1512 4816 1617 4869 est,
1640 4820 1904 4868 amorem,
1929 4805 2223 4874 jugemque
2245 4818 2310 4858 ac

734 4921 1036 4981 perennem
1075 4902 1400 4957 cbaritatem
1425 4897 1729 4964 convertit;
1762 4896 1987 4951 omnino
2013 4912 2045 4950 a
2073 4897 2309 4951 terrenis

737 5003 794 5057 in
820 5001 990 5055 Deum
1024 4993 1337 5050 traducens.

808 5094 898 5148 49.
925 5088 1080 5144 Haud
1107 5101 1333 5158 prorsus
1369 5083 1465 5153 qui
1507 5096 1613 5136 nec
1649 5079 1881 5143 invidet,
1901 5094 2006 5134 nec
2034 5079 2309 5147 irascitur,

739 5199 842 5239 nec
878 5180 1094 5251 injuriae
1136 5189 1368 5239 memor,
1395 5173 1475 5227 illi
1515 5171 1610 5242 qui
1650 5170 1791 5224 laesit
1828 5169 2048 5240 injuria,
2071 5170 2315 5228 oﬂ‘ensus

660 5300 665 5303 Α
735 5284 845 5340 est,
870 5273 983 5343 jam
1022 5283 1241 5339 quoque
1281 5265 1339 5319 in
1380 5279 1507 5320 eum
1536 5262 1890 5317 dilectionem
1915 5260 2100 5317 habet.
2130 5262 2317 5320 Potest

790 5412 834 5444 ⁸¹
867 5409 887 5465 1
918 5407 1048 5463 Cor.
1080 5423 1156 5471 χι,
1180 5405 1269 5459 51.

806 5525 882 5598 (ν)
917 5525 998 5598 _'0
1049 5521 1236 5598 qugdc
1276 5519 1553 5598 ςδλορςτός2
1609 5517 1729 5598 lfon
1767 5520 1970 5598 omissa
2026 5518 2141 5598 hsce
2196 5536 2304 5598 vo_x

735 5588 974 5668 He‘s'j'ch.
997 5593 1093 5668 cui
1122 5588 1360 5668 ὖ].οστρς,
1381 5590 1498 5651 ὅλος
1522 5589 1596 5650 ὡς
1622 5588 1861 5668 ἐστι..ᾼο
1892 5589 2211 5668 liquetesse
2236 5592 2306 5668 ab

734 5658 874 5730 ὂλοςζ
912 5664 1104 5720 eadem
1138 5663 1253 5716 fere
1279 5659 1476 5724 forma,
1498 5673 1605 5727 qua
1628 5675 1656 5712 a
1688 5659 1874 5730 πολὺς.
1911 5658 2137 5730 πολλοῦ,
2182 5662 2307 5714 πολ-

735 5729 942 5799 λοστὸς.
977 5736 1073 5789 Est
1097 5748 1250 5801 ergo,
1282 5730 1376 5784 Ira
1400 5738 1564 5781 totum
1593 5729 1730 5801 quod
1761 5738 1876 5793 est;
1908 5744 1973 5782 ac
1996 5729 2143 5797 quod
2175 5731 2305 5785 red-

736 5807 874 5869 didi,
894 5806 1034 5862 omm‘
1060 5800 1254 5857 suu’ri.
1287 5801 1561 5868 Mirorque
1588 5800 1719 5869 quid
1747 5800 1950 5868 Obsnp,
1982 5801 2034 5852 in
2067 5812 2303 5854 ηιρηιρη,

2407 4629 2553 4699 ψεως
2588 4631 2882 4702 μετουσίᾳ,
2938 4631 3058 4695 ὅλος
3115 4633 3413 4704 φωτοειδὴς
3457 4634 3695 4703 γεγονὼς
3717 4677 3735 4702 ,
3792 4638 3893 4691 καὶ
3931 4637 4005 4691 τὶ

2412 4719 2714 4788 παθητικὸν
2742 4721 2907 4775 αὑτοῦ
2944 4722 3110 4792 μέρος
3138 4723 3276 4794 πρὸς
3302 4725 3497 4779 ἐαυτὸν
3530 4729 3869 4796 συσφίγξας,
3910 4732 4007 4793 εἰς

2407 4809 2590 4882 ἔρωτα
2627 4811 2790 4877 θεῖον,
2822 4811 2898 4876 ὡς
2938 4812 3174 4884 εἴρηται,
3206 4816 3605 4887 ἀκατάληκτον,
3640 4821 3735 4873 καὶ
3766 4822 4008 4891 ἀγάπην

2403 4902 2842 4970 ἀκατάπαυστον,
2873 4903 3135 4975 ἔστρεψεν
3156 4945 3173 4971 ,
3199 4906 3338 4969 ὅλως
3362 4909 3429 4961 ἐκ
3451 4907 3559 4961 τῶν
3584 4909 3850 4979 ἐπιγείων
3898 4912 4013 4966 ἐπὶ

2407 4994 2471 5046 τὸ
2498 4991 2654 5046 Θεῖον
2687 4995 3042 5064 ματαγαγὼν.

2482 5087 2590 5154 μθ’.
2619 5086 2694 5138 Ub
2721 5087 2941 5151 πάντως
2967 5088 2998 5141 ὀ
3028 5089 3105 5161 μὴ
3140 5090 3383 5160 φθονῶν,
3419 5094 3555 5164 μηδὲ
3610 5095 4015 5167 ὀργιζόμενος,

2412 5176 2551 5247 μηδέ
2583 5178 2938 5248 μνησικακῶν
2966 5178 3045 5251 τῷ
3102 5181 3429 5252 λυπήσαντι,
3475 5185 3576 5256 ήδη
3627 5187 3725 5239 καὶ
3770 5187 4018 5258 ἀγάπην

2417 5271 2530 5340 ἔχει
2575 5272 2712 5341 πρὸς
2768 5272 2951 5327 αὐτόν.
2982 5273 3216 5329 Δύναται
3246 5276 3352 5348 γὰρ
3399 5277 3495 5331 καὶ
3541 5280 3712 5350 μήπω
3737 5281 4020 5353 ἀγαπῶν,

2410 5537 2646 5610 venerit.
2686 5545 2813 5584 cum
2876 5530 3142 5610 reddidit,
3206 5531 3279 5610 Et
3316 5536 3539 5610 animus
3564 5552 3700 5610 lion
3746 5538 4024 5610 iniquus;

2409 5598 2558 5674 quod
2584 5609 2641 5674 et
2663 5610 2874 5674 mutare
2906 5599 3152 5674 Gesnero
3177 5603 3370 5674 religio
3413 5604 3534 5659 fuit.
3564 5606 3800 5672 Utrique
3829 5598 4023 5666 etiarn}

2407 5667 2699 5791 ξετχριονίᾳ,
2742 5670 2928 5727 diurna
2957 5671 3133 5734 basit.
3159 5667 3308 5743 quod
3331 5674 3403 5729 sit
3435 5667 3717 5746 typorum,
3742 5691 3844 5741 pro
3880 5682 4023 5736 diu-
