4208 6436
267 395 367 456 ιηθι

1109 380 1469 452 ΩᾹῬΙΤΗΜ
1508 391 1605 450 DE
1642 389 2073 450 CIIARITATE
2111 389 2496 450 OENTURIA
2539 391 2621 452 ΙΙ.

3337 399 3472 463 1002

253 509 401 560 κακὸν
426 505 540 558 ἀντὶ
570 502 738 559 κακοῦ
772 502 845 574 μὴ
883 499 1180 557 ἂποδοῦναι
1204 543 1218 564 ,
1253 504 1344 556 διὰ
1391 506 1488 574 τὴν
1531 504 1750 573 ἐντολήν
1775 519 1790 533 ·
1823 511 1864 564 Α
1893 519 1915 555 c

1823 511 1864 564 Α
1893 504 2040 556 enim
2066 544 2080 566 ,
2111 503 2214 557 etsi
2258 503 2501 557 nondum
2543 504 2761 573 diligat,
2789 506 2992 560 malum
3035 522 3137 577 pro
3178 511 3323 566 malo
3361 531 3468 569 nou

251 603 304 654 ιύ
344 601 544 662 πάντως
590 601 646 653 δὲ
690 599 768 650 ἔτι
811 599 904 652 καὶ
945 597 1113 650 καλὸν
1160 599 1552 653 ἀνταποδοῦναι
1598 598 1795 662 κακοῦ,

243 691 515 750 ἁϋιάστιιις.
553 689 626 741 Τὸ
668 688 778 758 γὰρ
811 689 875 739 ἐκ
921 687 1213 749 διαθέσεως
1263 687 1442 751 καλῶς
1486 690 1659 742 ποιεῖν
1687 690 1798 750 τοῖς

244 780 480 850 μισοῦσι,
553 780 721 851 μόνης
797 778 918 832 ἐστὶ⁸
992 780 1092 849 τῆς
1161 778 1536 850 πνευματικῆς
1586 777 1797 842 τελείας

235 874 460 944 ἀγάπης.

299 965 360 1018 ν’.
396 969 504 1036 Οὐχ
535 970 562 1020 ὁ
592 967 666 1037 μὴ
696 966 928 1035 ἀγαπῶν
959 983 1102 1029 τινα,
1150 965 1249 1037 ἤδη
1280 967 1496 1031 πάντως
1525 967 1619 1019 καὶ
1647 970 1800 1037 μισεῖ

225 1063 382 1114 αὐτόν
407 1079 419 1091 ⁸
467 1064 586 1115 οὐδὲ
621 1063 782 1117 πάλιν
805 1105 822 1128 ,
853 1066 881 1116 ὁ
913 1061 988 1134 μὴ
1039 1062 1245 1131 μισῶν,
1298 1062 1401 1132 ἢδη
1441 1063 1657 1125 πάντως
1703 1064 1799 1117 καὶ

226 1155 426 1222 ἀγαπᾷ.
484 1154 641 1207 Ἀλλὰ
675 1155 896 1208 δύναται
941 1154 1017 1215 ὡς
1054 1153 1217 1224 μέσος
1251 1149 1390 1208 εἶναι
1427 1153 1562 1224 πρὸς
1594 1155 1753 1206 αὐτόν
1780 1170 1794 1185 ·

218 1246 484 1309 τουτέστι,
520 1247 658 1316 μήτε
690 1248 933 1317 ἀγαπᾷν,
968 1246 1105 1316 μήτε
1144 1249 1343 1315 μισεῖν.
1376 1245 1488 1315 Τὴν
1519 1246 1627 1317 γάρ
1659 1248 1794 1314 ἀγα-

222 1337 456 1406 πητικὴν
492 1337 733 1390 διάθεσιν
755 1380 770 1402 ,
817 1339 968 1409 μόνοι
998 1341 1046 1392 οἱ
1076 1339 1134 1390 ἐν
1173 1337 1251 1407 τῷ
1300 1339 1474 1407 ἐνάτῳ
1519 1339 1800 1410 κεφαλαίῳ

215 1427 418 1497 ταύτης
472 1433 568 1500 τῆς
611 1432 964 1494 ἐκατοντάδος
1015 1431 1297 1501 εἰρημένοι
1361 1431 1518 1483 πέντε
1567 1421 1796 1502 τρόποι,

212 1519 464 1587 ἐμποιεῖν
505 1522 847 1589 πεφύκασιν,
895 1525 924 1577 ὃ
972 1541 1031 1577 τε
1083 1522 1370 1586 ἐπαινετὸς
1401 1525 1492 1576 καὶ
1533 1525 1561 1576 ὁ
1613 1522 1797 1592 μέσος,

214 1617 309 1666 καὶ
337 1619 386 1668 οἱ
427 1617 640 1685 ψεκτοί.

282 1803 386 1848 να’.
423 1797 595 1849 Ὅταν
631 1798 744 1866 ἴδῃς
794 1798 886 1851 τὸν
935 1797 1060 1852 νοῦν
1093 1815 1186 1852 σου
1237 1802 1348 1863 τοῖς
1398 1799 1602 1861 ὑλικοίς
1633 1798 1798 1868 ἡδέως
1833 1839 1875 1897 Β

209 1884 674 1956 ἐνασχολούμενον
694 1928 710 1952 ,
752 1890 847 1942 καὶ
878 1892 992 1952 τοῖς
1041 1889 1248 1945 τούτων
1277 1893 1542 1960 νοήμασιν
1571 1889 1798 1960 ἐμφιλο-

207 1978 503 2048 χωροῦντα
529 2019 544 2042 ,
593 1981 831 2049 γίνωσκε
889 1982 1117 2036 σεαυτὸν
1167 1982 1341 2036 ταῦτα
1392 1983 1593 2053 μᾶλλον
1643 1983 1679 2053 ἢ
1709 1981 1801 2034 τὸν

205 2068 342 2122 Θεὸν
369 2071 694 2139 ἀγαπῶντα.
730 2074 924 2126 Ὅπου
951 2073 1060 2143 γάρ
1079 2073 1249 2128 ἐστιν
1271 2078 1304 2127 ό
1333 2075 1639 2141 θησαυρός
1661 2091 1797 2139 σου,

208 2162 380 2234 φησὶν
414 2165 444 2216 ὁ
473 2166 696 2236 Κύριος,
735 2165 870 2220 ἐκεῖ
901 2167 999 2219 καί
1047 2166 1085 2232 ἠ
1123 2167 1335 2235 καρδία
1366 2167 1557 2220 ἔσται.

277 2253 386 2323 νβ’.
427 2256 571 2320 Νοῦς
600 2257 720 2327 Θεῷ
755 2258 1159 2327 συναπτόμενος
1184 2297 1198 2321 ,
1233 2258 1327 2310 καὶ
1358 2257 1508 2326 αὑτῴ
1548 2256 1800 2328 ἐγχρονί-

206 2342 318 2407 ζων
345 2346 438 2400 διὰ
471 2347 783 2418 προσευχῆς
824 2347 919 2400 καὶ
973 2347 1229 2416 ἀγάπης,
1265 2346 1427 2415 σοφὸς
1463 2347 1671 2414 γίνεται
1705 2347 1800 2400 καὶ

207 2437 423 2502 ἀγαθὸς
465 2439 560 2496 καὶ
595 2439 822 2503 δυνατὸς
859 2441 954 2492 καὶ
998 2441 1381 2511 φιλάνθρωπος
1412 2441 1504 2492 καὶ
1553 2441 1799 2511 ἐλεήμων

206 2532 303 2581 καὶ
338 2532 698 2601 μακροθυμος
725 2550 738 2564 ·
792 2537 886 2587 καὶ
939 2534 1128 2598 ἁπλῶς
1160 2536 1335 2586 εἰπεῖν
1355 2573 1369 2595 ,
1405 2533 1585 2586 πάντα
1617 2533 1801 2602 σχεδον

204 2623 274 2675 τά
337 2623 462 2678 θεῖα
498 2624 766 2694 ἰδιώματα
815 2628 873 2678 ἐν
931 2626 1109 2695 ἐαυτῷ
1159 2625 1468 2696 περιφέρει.
1509 2624 1712 2677 Τούτου
1745 2624 1800 2676 δέ

205 2715 520 2784 ἀναχωρῶν
577 2715 701 2786 [Fr.
735 2716 1063 2788 ἀποχωρῶν]
1085 2757 1098 2781 ,
1135 2717 1360 2770 καὶτῶν
1396 2716 1598 2769 ὑλικῶν
1629 2730 1800 2787 προσ-

204 2803 412 2874 χωρῶν
449 2846 464 2870 ,
533 2807 566 2877 ἢ
605 2807 885 2877 κτηνώδης
931 2809 1142 2874 γίνεται
1183 2806 1461 2877 φιλήδονος
1515 2807 1754 2873 γεγονώς
1782 2821 1796 2835 ·

205 2895 239 2964 ἢ
299 2896 618 2968 θηριώδης,
680 2898 770 2952 διὰ
823 2898 996 2952 ταῦτα
1068 2902 1179 2963 τοῖς
1250 2898 1572 2969 ’ἀνθρώποις
1631 2898 1797 2968 pa.er-

208 3006 398 3058 μενος.

279 3087 392 3146 νγ¹.
427 3080 646 3147 Κόσμον
675 3081 823 3150 λέγει
884 3084 917 3153 ἡ
959 3083 1150 3154 Γραφὴ
1187 3083 1254 3136 τά
1283 3082 1444 3136 ὑλικὰ
1473 3083 1799 3154 πράγματα·

1899 593 2167 656 reddere,
2217 593 2361 661 quod
2417 593 2490 646 ita
2545 605 2878 663 prmccptum
2932 599 3035 664 sit;
3087 616 3196 654 non
3246 607 3472 660 omnino

1898 692 2080 736 autem
2110 683 2291 736 adhuc
2321 683 2484 736 etiam
2527 683 2730 737 bonum
2769 701 2869 754 pro
2905 691 3046 742 malo
3087 692 3232 744 ultro
3273 707 3471 765 repen-

1899 773 2051 827 dere.
2078 773 2223 827 Bene
2260 775 2408 828 enim
2448 791 2514 829 c.\'
2554 776 2739 829 animo
2777 778 2962 832 facere
2988 781 3073 835 his
3093 785 3185 851 qui
3211 785 3470 852 oderunt,

1901 865 2154 934 perfectae
2178 867 2442 920 duntaxat
2464 867 2725 936 spiritalis
2747 870 3030 925 charitatis
3052 882 3154 928 cst.

1972 956 2060 1009 50.
2105 958 2209 1022 Qui
2254 975 2365 1011 non
2411 957 2590 1027 diligit
2631 960 2904 1028 aliquem,
2946 978 3057 1017 non
3094 965 3206 1034 jam
3250 971 3472 1024 omnino

1900 1043 2063 1097 etiam
2093 1045 2239 1110 odit;
2272 1062 2374 1099 nec
2400 1062 2432 1100 e
2455 1055 2666 1111 contra,
2693 1051 2787 1118 qui
2816 1067 2924 1105 non
2953 1052 3090 1114 odit,
3111 1056 3222 1123 jam
3247 1059 3474 1114 omnino

1897 1135 2066 1188 etiam
2094 1136 2272 1206 diligit
2297 1155 2310 1189 :
2344 1137 2436 1191 sed
2469 1145 2525 1189 ut
2551 1140 2764 1194 medius
2787 1157 2912 1211 erga
2941 1143 3094 1198 illum
3123 1161 3244 1202 esse
3268 1157 3468 1218 potest,

1905 1226 1956 1280 id
1984 1235 2097 1290 cst,
2121 1228 2203 1281 sic
2225 1227 2406 1281 animo
2434 1240 2808 1297 comparatus,
2836 1243 2896 1285 ut
2921 1249 3100 1302 neque
3125 1236 3341 1307 diligat,
3370 1257 3468 1295 nc-

1900 1333 2009 1386 que
2048 1318 2248 1372 oderit.
2274 1319 2592 1373 Dilectionis
2618 1320 2764 1374 enim
2791 1323 3077 1388 aﬂ'ectutu,
3103 1326 3180 1380 illi
3208 1330 3474 1386 duntaxat

1901 1409 2147 1479 quinque
2181 1410 2327 1463 modi
2359 1411 2413 1463 in
2446 1409 2604 1465 nobis
2635 1411 2838 1467 habent
2867 1414 3116 1484 gignere,
3147 1433 3287 1487 quos
3325 1437 3472 1477 nono

1900 1502 2078 1570 capite
2118 1502 2284 1572 418
2317 1517 2380 1555 cx
2422 1503 2509 1556 his
2547 1514 2768 1557 centum
2809 1507 3000 1572 retuli;
3039 1517 3150 1562 tum
3182 1527 3376 1582 nempe
3427 1516 3473 1570 is

1901 1595 1994 1662 qui
2021 1595 2234 1647 laudem
2260 1594 2446 1659 habet,
2471 1605 2582 1648 tum
2609 1597 2702 1665 qui
2729 1598 2940 1653 medius
2957 1610 3061 1664 est,
3085 1610 3198 1656 tum
3225 1607 3318 1674 qui
3341 1617 3473 1664 sunt

1905 1682 2175 1750 \‘Ltnpcrio
2197 1682 2342 1751 digni

1973 1774 2059 1826 5|.
2091 1772 2226 1826 Cum
2269 1775 2502 1828 terrenis
2530 1775 2696 1829 rebus
2721 1791 3020 1847 earumque
3050 1783 3471 1850 cogitationibus

1907 1874 2140 1918 mentem
2191 1873 2337 1918 tuam
2384 1865 2618 1919 libenter
2664 1867 2939 1922 immorari
2982 1871 3213 1939 videris;
3260 1875 3378 1931 lucc
3418 1887 3472 1933 te

1903 1957 2092 2025 magis,
2117 1971 2278 2026 quam
2319 1957 2489 2010 Deum
2529 1958 2777 2028 diligere,
2803 1963 3022 2018 noveris
3054 1981 3068 2017 :
3102 1963 3198 2020 Ubi
3226 1967 3366 2022 enim
3391 1976 3472 2025 est

1904 2051 2179 2103 thesaurus
2208 2057 2350 2113 tuus,
2377 2051 2454 2102 ait
2480 2049 2765 2117 Dominus,
2787 2055 2858 2108 ibi
2885 2062 2933 2107 et
2959 2072 3049 2109 cor
3074 2059 3172 2111 erit
3192 2059 3261 2113 ⁸⁸.

1969 2239 2053 2292 52.
2095 2239 2206 2293 Deo
2239 2241 2568 2311 conjunctus
2605 2243 2849 2308 animus,
2879 2245 3042 2316 eique
3080 2251 3348 2307 orationis
3385 2255 3471 2309 in-

1900 2333 2100 2386 stantia
2140 2344 2195 2386 et
2231 2333 2498 2389 charitate
2539 2335 2820 2402 assiduus,
2855 2341 3070 2409 sapiens
3111 2353 3166 2396 et
3202 2345 3382 2402 bonus
3415 2357 3473 2404 et

1902 2435 2097 2494 potens
2147 2433 2204 2478 et
2257 2426 2527 2496 benignus
2573 2437 2630 2481 et
2677 2430 2992 2486 misericors
3043 2444 3098 2488 et
3143 2437 3473 2508 longanimis

1901 2515 2133 2569 cﬂicitur
2175 2533 2187 2568 :
2233 2525 2416 2584 atque,
2442 2527 2504 2571 ut
2543 2518 2711 2572 verbo
2748 2519 2956 2586 dicam,
2995 2536 3218 2581 cunctas
3258 2527 3372 2584 fere
3415 2531 3471 2586 in

1901 2607 2081 2675 seipse
2109 2607 2323 2660 divinas
2353 2607 2668 2661 circumfert
2695 2610 2869 2665 dotes.
2903 2612 3040 2666 Dum
3071 2631 3224 2678 vero,
3242 2633 3310 2672 eo
3340 2621 3471 2674 reli-

1901 2699 2261 2760 ct.o,terrcnis
2290 2715 2348 2752 se
2380 2699 2546 2754 rebus
2577 2701 2842 2770 adjungit,
2869 2713 2964 2756 aut
2990 2707 3257 2773 pecuinus
3287 2712 3472 2766 evadit

1904 2788 2189 2856 (voluptati
2230 2789 2439 2844 scilicet
2479 2805 2544 2844 ac
2581 2791 2795 2846 libidini
2836 2793 3075 2865 deditus)
3112 2805 3206 2853 aut
3242 2801 3467 2866 ferinus,

1901 2890 2086 2928 carum
2125 2892 2287 2930 causa
2330 2879 2605 2935 hostiliter
2637 2896 2870 2951 pugnam
2907 2883 3159 2958 rixasque
3193 2890 3473 2949 instruens

1902 2982 2026 3020 cum
2057 2968 2390 3023 hominibus.

1971 3071 2056 3125 55.
2090 3072 2348 3126 Mundum
2398 3075 2684 3146 Scriptura
2751 3093 2838 3133 res
2889 3093 3136 3138 terrenas
3174 3095 3360 3154 vocat;
3408 3105 3474 3147 ac

204 3173 305 3224 καὶ
340 3176 602 3242 κοσμικοί
645 3177 786 3240 εἰσι,
833 3177 879 3228 οἱ
926 3177 1134 3239 τούτοις
1172 3176 1263 3228 τὸν
1297 3176 1420 3228 νοῦν
1452 3173 1799 3246 ἐνασχολοῦν-
1826 3181 1866 3238 C

1826 3181 1868 3238 ο
1904 3165 2162 3218 Inumlaui
2199 3174 2347 3229 sunt,
2373 3169 2465 3235 qui
2505 3169 2590 3222 his
2622 3180 2814 3225 vacant
2849 3183 3010 3242 atque
3043 3176 3227 3231 animo
3263 3179 3470 3250 impen-

203 3281 334 3328 τες,
401 3267 536 3335 πρὸς
582 3265 676 3329 οὒς
733 3269 827 3319 καὶ
897 3267 1044 3337 λέγει
1109 3267 1640 3338 ἐντρεπτικώτερον·
1701 3267 1796 3334 Μὴ

203 3355 488 3422 ἀγαπᾶτε
534 3358 640 3410 τὸν
689 3360 958 3426 κόσμον,
1009 3359 1164 3427 μηδὲ
1219 3359 1291 3414 τὰ
1332 3360 1401 3412 ἐν
1443 3359 1523 3424 τῷ
1571 3363 1793 3427 κόσμῳ.

214 3448 282 3501 Ἠ
301 3448 590 3517 ἐπιθυμία
618 3448 727 3516 τῆς
747 3450 993 3518 σαρκὸς,
1021 3452 1119 3504 καὶ
1142 3452 1422 3518 ἐπιθυμία
1444 3449 1562 3502 τῶν
1579 3451 1799 3517 ὀφθαλ-

197 3538 382 3606 μῶν,
431 3540 529 3592 καὶ
573 3541 611 3607 ἡ
659 3540 977 3600 ἀλαζονειά
1036 3542 1140 3595 τοῦ
1208 3544 1382 3609 βίου,
1447 3543 1557 3595 οὐκ
1629 3541 1800 3596 ἔστιν

203 3630 277 3682 ἐκ
323 3632 431 3684 τοῦ
467 3632 614 3684 Θεοῦ
639 3649 651 3662 ·
711 3632 847 3686 ἀλλ’
895 3634 963 3686 ἐκ
994 3633 1098 3686 τοῦ
1129 3633 1360 3703 κόσμου
1401 3633 1557 3692 ἐστὶ.
1597 3634 1692 3687 καὶ
1733 3633 1801 3686 τὰ

206 3723 371 3792 ἑξῆς.

297 3818 386 3869 νᾶ.
426 3819 668 3889 Μοναχὸς
701 3822 847 3873 ἐστιν
867 3861 879 3883 ,
911 3821 938 3871 ὁ
965 3820 1072 3872 τῶν
1101 3819 1301 3873 ὑλικῶν
1337 3818 1678 3891 πραγμάτιον
1710 3819 1801 3873 τὸν

204 3906 348 3961 νοῦν
388 3909 773 3979 άποχωρίσαςο
827 3912 920 3962 καὶ
971 3911 1039 3963 δι’
1072 3911 1401 3979 ἐγκρατείας
1433 3911 1529 3961 καὶ
1579 3910 1800 3980 ἀγάπης

205 4002 316 4052 καὶ
376 4001 693 4071 ψαλμῳδίας
742 4003 836 4055 καὶ
879 4003 1182 4072 προσευχῆς
1243 4000 1669 4072 προσκαρτερῶν
1723 3999 1800 4070 τῷ

205 4091 370 4162 Θεῷ.

288 4190 390 4238 γε’.
423 4184 804 4254 Κτηνοτρόφος
847 4183 944 4254 μέν
981 4185 1130 4237 ἐστιν
1155 4183 1365 4255 νοητὸς,
1403 4184 1432 4236 ὁ
1458 4183 1759 4255 πρακτικός
1781 4199 1796 4214 ·

202 4277 439 4345 κτηνῶν
466 4280 574 4347 γὰρ
599 4278 756 4345 λόγον
792 4280 1048 4346 ἐπέχουσι
1071 4287 1140 4330 τα
1177 4276 1348 4346 ἠθικὰ
1380 4277 1794 4349 κατορθώματα·

199 4371 300 4424 διὸ
359 4372 451 4422 καὶ
505 4371 690 4437 ἔλεγεν
748 4373 776 4423 ὁ
823 4371 1017 4424 Ἰακῶὸ
1048 4387 1061 4401 ·
1111 4370 1351 4437 Ἄνδρες
1407 4372 1800 4440 κτηνοτρόφοι

201 4461 388 4514 εἰσίν
415 4464 468 4514 οΙ
501 4461 709 4527 παῖδές
735 4477 872 4515 σου.
931 4461 1141 4531 Ποιμὴν
1169 4461 1224 4514 δέ
1255 4461 1572 4540 προϐάτιον,
1597 4464 1626 4515 ὁ
1657 4479 1798 4531 γνω-

205 4549 435 4613 στικός.
471 4551 763 4622 Προϐάτων
792 4554 900 4622 γὰρ
935 4550 1094 4619 λόγον
1123 4552 1410 4621 ἐπέχουσιν
1445 4553 1493 4605 οί
1521 4553 1792 4622 λογισμοὶ,

202 4643 318 4693 ἐπὶ
354 4644 421 4695 τά
457 4642 556 4714 ὅρη
588 4641 696 4695 τῶν
722 4642 1094 4713 θεωρημάτων
1126 4642 1232 4695 ὑπὸ
1255 4642 1351 4696 τοῦ
1387 4644 1478 4696 νοῦ
1510 4645 1795 4714 ποιμαινό-

207 4751 408 4806 μενοι.
453 4736 554 4788 Διά
605 4735 762 4788 τοῦτο
811 4737 905 4788 καὶ
935 4736 1251 4805 Βδέλυγμα
1296 4737 1421 4802 τοῖς
1454 4737 1798 4806 Αἰγυπτίοις

202 4825 349 4891 ,πᾶς
383 4827 608 4896 ποιμὴν
638 4827 976 4896 προϐάτων,
1029 4828 1198 4896 ἤγουν
1227 4830 1346 4891 ταῖς
1391 4828 1657 4892 ἐναντίαις
1707 4828 1798 4880 δυ-

202 4917 450 4987 νάμεσι.

299 5099 417 5157 νς’.
453 5093 511 5146 ’0
539 5093 641 5162 μὲν
669 5094 871 5162 φαῦλος
901 5095 1044 5159 νοῦς,
1091 5097 1412 5166 κινουμένου
1435 5097 1527 5150 τοῦ
1556 5098 1806 5170 σώματος

209 5185 320 5238 διὰ
368 5185 480 5237 τῶν
536 5185 844 5256 αἰσθήσεων
898 5188 990 5240 ἐπὶ
1047 5187 1144 5250 τὰς
1186 5188 1323 5250 ἰδίας
1370 5189 1666 5259 ἐπιθυμίας
1714 5190 1809 5243 καὶ

209 5275 829 5350 ἡδονά;,ἐξακολουθεί,
866 5279 960 5330 καὶ
991 5278 1441 5346 συγκατατίθεται
1473 5282 1590 5342 ταῖς
1618 5279 1806 5332 τούτου

213 5368 562 5436 φαντασίαις
601 5370 693 5420 καὶ
734 5372 928 5440 ὁρμαῖς
956 5389 969 5401 ·
1000 5373 1028 5423 ὁ
1065 5371 1121 5423 δὲ
1167 5372 1442 5442 ἐνάρετος,
1475 5373 1804 5444 ἐγκρατεύε-

212 5477 343 5521 ται,
382 5461 478 5511 καὶ
519 5461 737 5530 κατέχει
789 5462 978 5514 ἐαυτὸν
1015 5462 1122 5515 ἀπὸ
1159 5462 1267 5515 τῶν
1314 5463 1576 5532 ἐμπαθῶν
1602 5482 1805 5531 φαντα-

217 5549 367 5602 σιῶν
422 5553 514 5603 καὶ
554 5552 783 5622 ὁρμῶν,
833 5553 924 5606 καὶ
978 5554 1178 5623 μᾶλλον
1240 5555 1519 5623 φιλοσοφεί
1566 5555 1806 5623 βελτίους

215 5643 462 5712 ποιῆσαι
493 5642 590 5706 τὰς
623 5645 880 5706 τοιαύτας
909 5643 1075 5698 αὑτοῦ
1107 5647 1368 5715 κινήσεις.

205 5795 250 5823 κ’
294 5793 495 5849 Matth.
531 5811 602 5857 γι,
634 5796 723 5849 21.

485 5889 755 5951 ιἰιτιιοιη
791 5893 902 5951 (in.
947 5892 1064 5952 XC.

799 5797 842 5828 "
872 5796 888 5848 I
915 5796 1071 5850 Joan.
1109 5813 1166 5864 ιι,
1201 5798 1285 5852 15.
1363 5800 1408 5830 ⁸⁸
1441 5798 1577 5854 Gen.
1615 5801 1844 5866 xu'n,5.

1899 3255 2136 3319 duntur,
2171 3259 2372 3326 quibus
2418 3262 2582 3315 etiam
2627 3265 2900 3318 austerius
2945 3268 3284 3337 objurgando
3330 3273 3407 3326 ait
3453 3292 3467 3328 :

1899 3347 2074 3401 Nolite
2117 3349 2336 3418 diligere
2380 3353 2666 3415 mundum,
2705 3371 2869 3424 neque
2912 3372 2969 3408 ea
3018 3375 3135 3427 quae
3175 3361 3229 3414 iu
3275 3365 3470 3417 mundo

1898 3451 2037 3494 sunt.
2071 3440 2498 3512 Concupisceutiu
2537 3449 2740 3506 carnis,
2768 3457 2817 3500 ct
2849 3453 3261 3520 concupiscentia
3295 3457 3472 3511 oculo-

1901 3547 2037 3592 rum,
2061 3540 2107 3583 ct
2131 3534 2374 3603 superbia
2401 3536 2541 3600 vitm,
2566 3554 2667 3589 non
2697 3547 2817 3590 sunt
2839 3556 2902 3592 ca:
2923 3540 3050 3607 Dco,
3076 3545 3166 3596 sed
3190 3560 3254 3599 ea:
3279 3550 3470 3602 mundo

1899 3637 2020 3677 sunt
2047 3625 2112 3690 ⁸³,
2137 3636 2194 3679 ct
2219 3643 2340 3697 qua:
2369 3637 2692 3698 sequuntur.

1973 3799 2058 3852 fil.
2095 3798 2392 3853 Monachus
2425 3808 2544 3863 cst,
2574 3800 2666 3869 qui
2709 3811 2945 3857 mentem
2980 3818 3134 3858 suam
3169 3820 3200 3860 a
3235 3809 3472 3866 terrenis

1903 3892 2064 3945 rebus
2089 3891 2382 3956 abstraxit;
2409 3907 2470 3946 ac
2494 3892 2586 3961 qui
2615 3909 2714 3962 per
2730 3896 3123 3952 continentiam
3147 3907 3204 3954 et
3224 3900 3470 3957 dilectio-

1900 4001 2023 4037 nem
2058 3994 2113 4037 et
2145 3984 2500 4053 psalmodiam
2537 3986 2840 4057 orandique
2876 3989 3119 4044 studium
3141 4031 3156 4056 ,
3188 3992 3301 4049 Deo
3329 3998 3469 4052 assi-

1900 4077 2043 4130 duus
2067 4077 2301 4131 exsistit.
2716 4127 2719 4131 ,

1970 4168 2056 4223 55.
2091 4169 2366 4237 Spiritalis
2406 4184 2660 4237 pecorum
2706 4181 2893 4240 pastor
2929 4182 3044 4239 est,
3073 4175 3169 4245 qui
3201 4179 3470 4234 actionem

1901 4264 2032 4318 colit
2077 4283 2088 4317 :
2133 4281 2390 4333 pecorqu
2424 4266 2572 4319 enim
2612 4268 2880 4322 rationem
2924 4269 3149 4336 habent,
3181 4273 3469 4329 moralium

1901 4371 2066 4425 Opera
2096 4357 2380 4410 virtutum.
2412 4356 2623 4411 Idcirco
2651 4359 2814 4412 etiam
2843 4360 3024 4414 aiebat
3047 4361 3216 4418 Jacob
3243 4382 3256 4416 :
3282 4364 3473 4420 Pasto-

1902 4469 1984 4505 rcs
2023 4468 2264 4521 pecorum
2303 4460 2426 4504 sunt
2463 4452 2596 4504 servi
2638 4453 2713 4504 tui
2733 4452 2797 4507 “.
2827 4451 3020 4507 Ovium
3064 4465 3246 4511 autem
3286 4468 3472 4526 pastor

1901 4556 2012 4610 est,
2043 4548 2135 4616 qui
2177 4547 2360 4601 studet
2395 4547 2637 4602 scientia:
2675 4563 2738 4600 ac
2775 4550 3242 4618 contemplationi.
3274 4550 3469 4609 Ovium

1901 4642 2046 4694 enim
2079 4641 2342 4694 rationem
2371 4641 2572 4695 habent
2601 4642 2957 4710 cogitationes
2983 4643 3260 4713 animique
3288 4660 3464 4710 sensa,

1903 4750 2024 4802 qua:
2061 4734 2113 4787 in
2156 4733 2432 4787 montibus
2469 4734 2795 4802 spiritalium
2841 4737 3362 4805 contemplationum
3406 4755 3471 4795 ac

1905 4827 2189 4879 notionum
2235 4842 2264 4878 a
2313 4833 2492 4878 mente
2541 4833 2860 4893 pascuntur.
2905 4825 3200 4894 Propterea
3241 4830 3406 4884 etiam
3435 4850 3468 4884 .ι

1907 4918 2236 4972 Abominatio
2273 4925 2346 4969 est
2385 4915 2647 4986 zEgyptiis
2682 4918 2850 4970 omnis
2876 4901 3071 4989 pastor
3105 4921 3279 4974 ovium
3299 4921 3374 4988 ⁸⁵,
3417 4921 3471 4978 id

1904 5019 2008 5072 est,
2037 5007 2364 5062 adversariis
2391 5008 2771 5077 potestatibus.

1979 5096 2061 5151 .56.
2097 5098 2266 5151 Prava
2298 5113 2472 5161 meus,
2504 5097 2729 5152 incitato
2759 5113 2986 5166 corpore
3016 5115 3275 5156 sensuum
3307 5117 3474 5174 opera

1909 5189 1962 5242 in
1994 5205 2119 5242 suas
2151 5188 2482 5257 cupiditates
2511 5205 2574 5244 ac
2606 5189 2901 5255 libidines,
2930 5193 3170 5262 proclive
3201 5196 3472 5264 sequitur,

1908 5283 2244 5351 assentitque
2279 5283 2427 5337 illius
2459 5283 2886 5352 cogitationibus
2919 5293 2974 5339 et
3002 5289 3428 5356 appetitionibus
3457 5308 3470 5344 :

1909 5381 1962 5427 at
1990 5373 2079 5442 qui
2109 5373 2326 5426 virtutis
2352 5374 2528 5427 cultor
2550 5381 2654 5438 est,
2676 5374 2790 5444 ipsc
2818 5391 2875 5430 se
2901 5378 3164 5443 continet,
3187 5387 3474 5450 temperat-

1909 5481 2015 5533 que
2047 5481 2076 5518 a
2108 5465 2320 5518 vitiosis
2351 5465 2774 5535 cogitationibus
2803 5477 2861 5521 ct
2889 5470 3337 5538 appetitionibus,
3365 5488 3480 5527 ma-

1908 5557 2096 5624 gisque
2132 5557 2568 5626 philosophatur,
2595 5575 2659 5614 ac
2691 5561 2876 5617 studet
2906 5571 2967 5616 ut
2994 5563 3262 5634 ejusmodi
3298 5574 3478 5622 motus

1909 5648 2118 5700 meliori
2150 5647 2304 5716 fruge
2335 5660 2641 5720 componat.

1925 5803 1967 5832 δ”
1996 5801 2130 5855 Gcn.
2165 5818 2307 5862 XLVI,
2347 5805 2431 5859 55.
