4208 6436
751 366 885 431 ιοθιι

1915 373 1975 432 8.
2015 370 2303 433 ΜΛΧΙΜΙ
2334 369 2845 440 CONFESSORIS

3874 392 4011 455 10M

817 480 905 533 57.
937 477 1249 540 Virtutum.
1286 478 1403 533 alim
1439 493 1692 549 corporis
1729 490 1882 543 sunt;
1927 481 2077 544 alim,
2112 480 2310 536 anima:

2508 483 2606 548 νςν.
2642 488 2762 540 Τῶν
2803 490 3046 561 ἀρετῶν,
3080 495 3135 547 αί
3170 494 3269 564 μέν
3308 498 3414 552 είσι
3451 501 3764 570 σωματικαί
3791 518 3806 532 ·
3843 503 3898 556 αἱ
3928 505 4011 565 δὲ.

742 576 824 624 Ac
865 570 1113 638 corporis
1148 568 1371 638 quidem
1416 578 1575 635 sunt,
1611 571 1778 643 5.19
1817 572 1987 627 veluti
2025 573 2329 642 jejunium,

2431 575 2683 647 ψυχικαί.
2734 581 2842 634 Καὶ
2896 588 3209 653 σωματικαὶ
3258 598 3358 656 μεν
3396 590 3571 654 εἰσιν,
3620 585 3734 645 οἷον
3766 591 4012 663 νηστεία.

745 658 967 730 vigilite,
991 658 1379 720 humistcrnia,
1402 658 1755 723 ministratio,
1782 676 2041 715 manuum
2067 661 2241 725 labor,
2262 677 2316 715 nt

2430 671 2709 740 ἀγρυπνία
2729 713 2743 736 ,
2779 676 3050 745 χαμευνία
3069 716 3084 740 ,
3116 678 3368 733 διακονία
3387 722 3403 745 ,
3438 681 3758 753 ὲργὸχειρον
3785 658 3923 754 πρὸς
3950 684 4016 736 τὸ

749 765 914 820 quem
944 763 1255 819 gravemus,
1282 750 1368 804 vel
1403 758 1461 803 ut
1486 750 1609 804 aliis
1634 750 1962 815 tribuamus,
1989 763 2100 807 etc.
2124 753 2316 808 Anima

2434 762 2509 833 μὴ
2533 764 2868 836 ἐπιϐαρῆσαί
2896 785 3040 830 τινα,
3071 770 3105 841 ἢ
3138 770 3274 841 πρὸς
3307 750 3616 842 μετάδοσιν,
3644 750 3740 829 καὶ
3768 750 3842 830 τά
3857 775 4011 844 ἑξῆς.

743 853 926 898 autem
970 842 1057 912 (id
1092 850 1206 903 est,
1240 852 1548 912 spectantes
1582 842 1648 895 ad
1685 842 1950 914 animam)
1991 854 2149 909 sunt,
2183 846 2316 899 velut

2429 826 2675 931 i["uxtxai
2795 862 2935 917 είσιν
2956 903 2972 927 ,
3002 826 3112 916 oio;
3143 826 3332 936 διὶάᾆῆ
3357 907 3371 931 ,
3405 826 4014 941 μακροθυμία,

748 934 989 990 Charitas
1035 949 1132 990 seu
1175 934 1429 999 dilectio,
1472 934 1886 1003 longanimitas,
1931 938 2325 1000 mansuetudo,

742 1026 1107 1090 continentia,
1132 1027 1329 1090 oratio,
1356 1033 1465 1080 etc.
1495 1024 1776 1095 Siquidem
1805 1025 1972 1096 igitur
1993 1042 2061 1080 ex
2091 1026 2326 1097 quadam

743 1118 1093 1180 necessitate,
1123 1124 1219 1171 aut
1246 1117 1517 1186 corporali
1552 1132 1682 1171 casu
1715 1124 1880 1187 atque
1937 1126 2137 1173 eventu
2174 1118 2327 1190 (puta

741 1207 1088 1279 mgritudiue,
1115 1221 1212 1260 seu
1235 1205 1431 1276 quovis
1459 1205 1568 1260 alio
1598 1207 1718 1277 ejus
1744 1206 1983 1277 generis)
2011 1208 2322 1279 contigerit,

744 1308 806 1352 ut
845 1312 966 1363 cas,
1001 1313 1124 1366 qua!
1165 1297 1413 1366 corporis
1452 1306 1600 1360 sunt,
1635 1297 1873 1352 virtutes
1910 1309 2170 1367 praestare
2214 1315 2325 1355 non

739 1389 925 1451 liceat,
952 1385 1166 1441 veniam
1197 1386 1462 1440 habemus
1488 1401 1517 1438 a
1544 1385 1796 1450 Domino,
1822 1387 1912 1440 cui
1941 1396 2000 1441 et
2022 1402 2204 1444 causa:
2230 1406 2326 1444 cx-

742 1481 968 1551 plorata:
996 1487 1144 1533 sunt.
1175 1477 1271 1532 Sin
1303 1486 1487 1532 autem
1524 1478 1619 1542 iis,
1643 1493 1766 1547 qua:
1797 1487 1928 1533 sunt
1960 1480 2185 1544 animae,
2212 1495 2323 1536 non

740 1569 1127 1638 defungamur,
1152 1568 1360 1622 nullam
1393 1568 1636 1623 habituri
1666 1584 1859 1624 sumus
1886 1572 2319 1626 excusationem.

738 1662 860 1719 Non
887 1660 1038 1715 enim
1066 1660 1152 1714 ha:
1177 1660 1404 1729 perinde
1426 1675 1490 1714 ac
1513 1661 1830 1730 corporales
1856 1671 1985 1716 sunt
2007 1662 2320 1721 necessitati

737 1757 1022 1828 subjectae.

808 1820 896 1903 ὅθ.
938 1844 1146 1912 Quaain
1170 1844 1345 1899 Deum
1374 1851 1460 1898 est
1490 1843 1752 1904 charitas.
1778 1840 1981 1897 ﬂuxam
2002 1859 2221 1899 omnem
2252 1859 2317 1901 ac
2352 1820 2391 1874 Β

737 1937 999 1993 caducam
1022 1936 1381 2005 voluptatem,
1411 1948 1742 2003 omnemque
1764 1935 2008 1989 laborem
2032 1945 2196 2005 atque
2217 1937 2318 1991 do-

737 2033 913 2087 lorem
942 2037 1005 2084 ut
1040 2035 1376 2091 contemnat,
1405 2026 1452 2081 is
1484 2023 1580 2095 qui
1615 2024 1707 2079 illa
1740 2024 2005 2094 praeditus
2026 2034 2133 2090 est,
2161 2026 2313 2083 facit.

737 2123 779 2179 Γ
781 2122 1037 2192 idemque
1065 2119 1270 2175 faciant
1295 2116 1469 2175 sancti
1493 2131 1707 2185 omnes,
1734 2125 1885 2171 tanta
1909 2126 2133 2188 propter
2150 2117 2312 2174 Chri-

734 2223 881 2271 stum
907 2210 1175 2282 perpessi.

806 2303 897 2361 59.
931 2300 1168 2357 Attende
1201 2296 1299 2353 tibi
1348 2312 1380 2351 a
1423 2296 1692 2351 malorum
1735 2305 1984 2366 parente,
2033 2299 2313 2366 φιλαυτίας

736 2398 925 2468 (quam
947 2392 1170 2462 vocant)
1203 2400 1398 2461 estque
1422 2404 1601 2444 caicus
1622 2388 1739 2443 sine
1767 2389 1981 2467 ratione
2005 2404 2162 2444 amor
2190 2405 2315 2445 cor-

734 2489 908 2561 poris.
942 2485 1021 2541 Ex
1050 2485 1156 2539 hac
1178 2481 1327 2538 enim
1355 2481 1510 2535 velut
1567 2479 1854 2549 apparenti
1898 2480 2134 2550 quadam
2165 2481 2310 2552 sequi

734 2580 919 2651 specie
957 2576 1238 2638 oriuntur,
1285 2574 1461 2644 prima
1495 2571 1584 2626 illa
1637 2585 1700 2625 ac
1730 2572 2143 2640 generalissima
2176 2572 2314 2627 furi-

736 2670 924 2729 bunda
953 2669 1059 2725 tria
1102 2667 1265 2732 vitia;
1305 2661 1444 2736 gula:
1478 2661 1710 2724 scilicet,
1762 2662 2005 2716 avaritia:
2045 2672 2103 2718 ct
2132 2664 2313 2719 inanis

733 2762 940 2836 gloriae,
974 2772 1168 2815 causas
1203 2755 1396 2825 utique
1429 2766 1737 2821 ansamque
1766 2751 2047 2816 habentia,
2101 2769 2168 2808 ex
2218 2770 2311 2806 ne—

733 2852 971 2911 cessaria
994 2848 1243 2919 corporis
1271 2860 1404 2902 cura
1441 2863 1454 2897 :
1486 2859 1554 2899 ex
1584 2843 1787 2911 quibus
1831 2843 2099 2897 malorum
2130 2846 2313 2900 omnis

731 2957 892 3017 seges
910 2940 1277 3016 progignitur.
1309 2938 1500 3007 Opera:
1527 2934 1765 3003 pretium
1792 2932 1960 3003 igitur
1989 2935 2080 2998 sit,
2111 2935 2189 2988 uti
2221 2936 2309 2989 di-

728 3036 944 3100 cebam,
971 3043 1033 3088 ut
1054 3030 1368 3088 necessario
1399 3029 1674 3090 attendas,
1698 3028 1981 3096 multaque
2008 3029 2308 3083 sobrietate

730 3144 798 3187 ac
846 3126 1133 3197 diligentia
1185 3122 1451 3178 adversus
1505 3120 1649 3173 hanc
1680 3117 1981 3188 depugnes.
2014 3120 2127 3174 liae
2158 3121 2303 3174 enim

732 3218 966 3284 sublata,
997 3231 1119 3287 qua:
1150 3230 1216 3269 ex
1250 3213 1340 3268 illa
1371 3221 1520 3277 sunt,
1549 3209 1681 3264 vitia
1710 3208 1896 3262 omnia
1927 3225 2035 3263 una
2061 3212 2175 3266 tolli
2210 3229 2306 3266 tt;-

726 3324 882 3367 (28858
906 3317 1010 3363 (εει.

801 3399 893 3455 60.
931 3398 1122 3455 Caecus
1176 3398 1267 3452 ille
1315 3400 1567 3468 corporis
1623 3415 1798 3463 amor,
1845 3399 1895 3453 ci
1940 3396 2162 3466 Quidem
2216 3396 2309 3465 qui

734 3493 1037 3551 monachus
1056 3491 1149 3555 sit,
1179 3491 1345 3560 inque
1367 3491 1589 3545 virtutis
1610 3494 1858 3561 palaestra
1881 3499 2158 3553 exerceat,
2180 3505 2310 3556 sug-

733 3585 896 3659 gerit,
949 3596 1010 3638 ut
1051 3582 1429 3638 misericordia
1464 3585 1682 3653 corpori
1735 3584 2040 3652 indulgeat.
2078 3598 2140 3637 ac
2166 3583 2309 3637 ultra

732 3692 898 3748 quam
929 3674 1120 3729 deceat
1140 3690 1204 3727 ac
1232 3673 1524 3727 honestum
1563 3672 1655 3738 sit,
1698 3674 1765 3727 ad
1793 3674 1949 3727 cibos
1976 3674 2306 3739 conveniat;

733 3766 969 3838 quadam
1002 3764 1215 3818 scilicet
1256 3764 1406 3816 velut
1451 3764 1712 3833 aequitate
1769 3780 1835 3819 ac
1883 3764 2307 3835 gubernatione,

733 3875 847 3931 quo
875 3857 1138 3929 paulatim
1177 3856 1457 3921 inductus,
1493 3856 1549 3911 in
1576 3857 1824 3913 libidinis
1855 3859 2095 3927 vitaeque
2148 3858 2305 3912 volu-

735 3951 925 4024 ptariae
948 3949 1160 4005 foveam
1188 3948 1412 4002 incidat.
1431 3948 1689 4004 Smculari
1718 3965 1871 4015 vero,
1890 3952 2004 4020 jam
2033 3950 2162 4005 inde
2186 3966 2312 4006 sua-

732 4044 847 4110 det,
884 4050 948 4098 ut
986 4041 1169 4097 carnis
1198 4056 1386 4095 curam
1417 4040 1472 4094 in
1499 4040 1795 4095 desideriis
1829 4040 1996 4096 faciat
2021 4042 2088 4096 ⁸⁸.

801 4136 892 4192 61.
933 4134 1263 4205 Supremum
1295 4132 1565 4186 orationis
1597 4140 1800 4187 statum
1850 4133 2002 4188 hunc
2057 4149 2179 4190 esse
2223 4137 2310 4192 di-

729 4241 884 4295 cunt,
918 4241 981 4285 ut
1023 4244 1179 4282 mens
1219 4242 1384 4281 carne
1416 4236 1472 4282 et
1500 4225 1707 4280 mundo
1738 4227 2016 4282 excedens
2046 4235 2311 4298 extraque

730 4338 950 4381 omnem
987 4320 1297 4383 materiam,
1333 4334 1398 4373 ac
1440 4319 1608 4373 nullis
1638 4319 1850 4373 imbuta
1881 4335 2066 4374 rerum
2094 4320 2307 4388 formis,

730 4418 813 4474 sic
835 4416 1142 4472 orationem
1175 4420 1415 4482 peragat.
1446 4410 1605 4466 llunc
1639 4411 1807 4481 igitur
1827 4419 2034 4468 statum
2057 4414 2309 4484 quisquis

2425 967 2528 1021 της
2549 991 2565 1017 ,
2627 953 2926 1024 ἐγκράτεια
2950 998 2964 1020 ,
2994 958 3271 1029 προσευχὴ
3296 996 3311 1022 ,
3343 961 3438 1012 καὶ
3467 961 3535 1015 τά
3568 962 3716 1033 ἑξῆς.
3759 962 3888 1017 Ἐὰν
3919 959 4017 1016 οὖν

2427 1043 2491 1097 ἐκ
2524 1062 2670 1109 τινος
2704 1045 2952 1117 ἀνάγκης
2973 1089 2987 1113 ,
3035 1048 3069 1121 ἢ
3111 1052 3487 1121 περιστάσεως
3510 1058 3870 1126 σωματικῆς,
3902 1049 4015 1109 οἷον

2427 1136 2774 1207 ἀρρωστίας,
2821 1139 2855 1208 ἦ
2903 1156 3048 1203 τινος
3087 1141 3199 1197 τῶν
3230 1143 3515 1210 τοιούτων,
3545 1146 3725 1217 συμϐῇ
3761 1148 3903 1217 ἡμῖν
3936 1147 4013 1218 μὴ

2428 1228 2712 1284 ἐκτελέσαι
2762 1230 3058 1303 δυνηθῆναι
3087 1233 3189 1298 τὰς
3232 1239 3642 1307 προειρημένας
3682 1241 4013 1309 σωματικὰς

2425 1322 2659 1391 ἀρετὰς,
2692 1322 3025 1394 συγγνώμην
3065 1325 3267 1395 ἔχομεν
3317 1328 3470 1398 παρὰ.
3501 1331 3731 1401 Κυρίου,
3770 1331 3869 1384 τοῦ
3912 1331 4009 1384 καὶ

2422 1410 2521 1471 τὰς
2548 1411 2729 1474 αἰτίας
2771 1413 2975 1478 εἰδότος
2997 1429 3008 1444 ·
3047 1416 3147 1478 τὰς
3180 1414 3238 1467 δὲ
3264 1415 3503 1486 ψυχικὰς
3538 1420 3615 1489 μὴ
3649 1418 4009 1483 ἐκτελοῦντες

2421 1504 2678 1574 οὐδεμίαν
2739 1504 2934 1576 ἕξομεν
2992 1507 3313 1578 ἀπολογίαν.
3381 1512 3456 1564 Οὐ
3538 1512 3650 1584 γάρ
3708 1512 3855 1565 είσιν
3903 1511 4010 1565 ὑπὸ

2420 1600 2685 1668 ἀνάγκην.

2493 1862 2596 1937 νη¹.
2635 1866 2702 1919 Ἦ
2734 1868 2815 1930 είς
2846 1865 2979 1919 Θεδν
3006 1868 3219 1939 ἀγάπη,
3246 1869 3429 1940 πάσης
3480 1870 3677 1942 ἡδονῆς
3727 1888 4006 1945 παρερχο-

2425 1957 2614 2028 μένης,
2638 1959 2735 2011 καὶ
2759 1960 2961 2023 παντὸς
2986 1960 3152 2014 πόνου
3185 1961 3280 2014 καὶ
3308 1961 3486 2033 λύπης
3511 1962 3688 2017 πείθει
3714 1981 4004 2036 καταφρο-

2421 2050 2532 2100 νεῖν
2557 2049 2648 2102 τὸν
2679 2047 2906 2120 μέτοχον
2930 2049 3124 2118 αὐτῆς.
3157 2052 3267 2106 Καὶ
3287 2051 3628 2107 πειθέτωσάν
3659 2068 3719 2108 σε
3750 2056 3802 2109 οῖ
3850 2056 4001 2124 ἅγιοι

2421 2141 2644 2207 πάντες,
2674 2140 2914 2196 τοσαῦτα
2946 2141 3278 2207 πεπονθότες
3298 2142 3388 2197 διὰ
3409 2144 3670 2216 Χριστόν.

2489 2322 2588 2378 νθ’.
2619 2325 2862 2397 Πρόσεχε
2902 2324 3116 2397 σεαυτῷ
3136 2325 3247 2380 ἀπὸ
3273 2325 3376 2396 τῆς
3408 2324 3617 2397 μητρὸς
3638 2323 3750 2379 τῶν
3788 2324 4002 2392 κακῶν,

2419 2418 2725 2487 φιλαυτίας,
2756 2419 2879 2488 ἥτις
2899 2419 3053 2473 ἐστὶν
3081 2420 3115 2487 ἡ
3156 2418 3254 2473 τοῦ
3307 2418 3563 2487 σώματος
3600 2418 3798 2485 ἄλογος
3822 2419 3996 2487 φιλία.

2432 2511 2527 2565 Ἐκ
2551 2511 2755 2580 ταύτης
2816 2510 2925 2582 γὰρ
2964 2510 3348 2579 εὐλογοςρανῶς
3393 2510 3670 2562 τίκτονται
3700 2509 3751 2563 οί
3792 2508 4000 2578 πρῶτοι

2418 2607 2511 2659 καὶ
2549 2605 2817 2673 ἐμπαθεῖς
2850 2603 2946 2657 καὶ
2984 2600 3344 2671 γενικώτατοι
3381 2603 3528 2671 τρεῖς
3550 2602 3824 2671 ἐμμανεῖς
3852 2599 3999 2668 λογι·

2419 2698 2545 2767 σμοί
2565 2714 2578 2728 ·
2618 2699 2646 2750 ὁ
2669 2694 2766 2765 τῆς
2796 2694 3244 2767 γαστριμαργίας
3268 2693 3434 2760 λέγω,
3462 2692 3558 2746 καὶ
3586 2690 3958 2762 φιλαργυρίας
3983 2730 3998 2747 .

2417 2791 2514 2842 καὶ
2537 2787 2845 2852 κενοδοξίας
2877 2802 2891 2816 ⁸
2925 2787 3027 2849 τὰς
3058 2786 3312 2858 ἀφορμὰς
3338 2786 3403 2839 ὲκ
3427 2785 3531 2854 τῆς
3559 2784 3872 2853 ἀναγκαίας
3904 2784 3999 2837 τοῦ

2419 2883 2669 2953 σώματος
2701 2879 2861 2951 δῆθεν
2886 2877 3255 2949 λαμϐάνοντες
3278 2878 3468 2947 χρείας
3491 2891 3506 2907 ⁶
3547 2876 3605 2945 ἐξ
3625 2869 3703 2931 ὧν
3738 2877 4001 2945 γεννᾶται

2417 2981 2563 3041 ἄπας
2590 2980 2617 3030 ὁ
2647 2976 2756 3029 τῶν
2790 2973 2981 3029 κακῶν
3009 2973 3334 3041 κατάλογος.
3371 2974 3466 3025 Δεῖ
3499 2966 3615 3035 οὖν,
3638 2971 3718 3034 ὡς
3755 2972 3997 3041 εῐρηται,

2417 3071 2708 3143 προσέχειν
2733 3067 3064 3136 ἀναγκαίως,
3087 3066 3182 3120 καὶ
3211 3063 3383 3135 ταύτῃ
3414 3064 3673 3134 πολεμεῖν
3705 3063 3846 3134 μετά
3865 3060 3998 3115 πολι

2332 3171 2375 3227 C
2408 3167 2505 3236 λῆς
2538 3166 2772 3236 νήψεως.
2839 3163 3056 3232 Ταύτης
3127 3161 3236 3231 γὰρ
3283 3158 3705 3230 ἀναιρουμένης,
3736 3170 3997 3211 συναναι-

2417 3263 2635 3332 ροῦνται
2670 3259 2869 3321 πάντες
2891 3259 2938 3311 οἱ
2979 3254 3040 3321 ἐξ
3061 3256 3251 3327 αὐτῆς.

2457 3413 2545 3480 σε’.
2576 3414 2647 3465 Τὸ
2664 3413 2763 3483 τῆς
2795 3410 3083 3481 φιλαυτίας
3115 3408 3310 3471 πάθος,
3342 3406 3420 3476 τῷ
3458 3406 3557 3476 μὲν
3572 3402 3795 3475 μοναχῷ
3817 3402 3992 3457 ἐλεεῖν

2415 3507 2724 3561 ὑποτίθεται
2756 3505 2816 3558 τὸ
2846 3503 3029 3573 σῶμα,
3068 3503 3162 3555 καὶ
3187 3499 3461 3553 συνελθεῖν
3514 3496 3665 3567 παρά
3693 3498 3772 3548 -τὸ
3822 3509 3993 3565 προσ-

2410 3600 2544 3670 ῆκον
2572 3602 2654 3660 εἰς
2690 3599 2761 3650 τά
2791 3594 3058 3667 βρώματα
3082 3612 3096 3626 ο
3131 3591 3445 3660 οἰκονομίας
3492 3588 3655 3659 δῆθεν
3683 3587 3848 3658 χάριν
3894 3585 3992 3640 καὶ

2411 3692 2814 3762 κυϐερνήσεως,
2850 3688 2937 3742 ἵνα
2987 3685 3133 3740 κατά
3161 3682 3357 3755 μικρὸν
3387 3679 3860 3751 παρασυρόμενος,
3908 3676 3992 3740 είς

2408 3785 2500 3838 τὸν
2529 3783 2722 3853 βόθρον
2744 3781 2844 3852 τῆς
2874 3776 3182 3848 φιληδονίας
3208 3774 3448 3848 ἐμπέσῃ.
3486 3772 3578 3842 Τῷ
3624 3770 3683 3825 δὲ
3737 3768 3990 3840 κοσμικῷ

2409 3872 2658 3928 ἐντεῦθεν
2690 3871 2789 3943 ἤδη
2818 3870 3073 3942 πρόνοιαν
3098 3869 3169 3938 (ε)
3194 3863 3344 3936 αὐτῷ
3380 3860 3657 3918 ποιεῖσθαι
3682 3861 3764 3924 είς
3791 3859 3986 3914 ἐπιθυ-

2414 3962 2544 4031 μίαν
2575 3959 2888 4014 ὑποϐάλλει.

2484 4141 2581 4208 ξα¹.
2609 4140 2720 4211 Τὴν
2757 4140 2857 4209 τῆς
2897 4136 3206 4209 προσευχῆς
3263 4133 3572 4205 ἀκροτάτην
3624 4130 3987 4192 κατάστασιν,

2411 4236 2615 4305 ταύτην
2648 4230 2787 4286 εἶναι
2840 4231 3080 4299 λέγουσι,
3107 4228 3168 4281 τὸ
3223 4226 3329 4291 ἔξω
3385 4226 3590 4296 σαρκὸς
3629 4223 3728 4278 καὶ
3777 4223 3988 4293 κόσμου

2411 4328 2664 4398 γενέσθαι
2678 4324 2769 4379 τὸν
2783 4323 2930 4386 νοῦν,
2947 4324 3041 4377 καὶ
3058 4322 3220 4377 ἄῦλον
3243 4322 3420 4390 πάντη
3438 4319 3534 4373 καὶ
3557 4317 3798 4372 ἀνείδεον
3825 4318 3887 4369 ὲν
3916 4315 3990 4385 τῷ

2412 4415 2829 4488 προσεύχεσθαι.
2903 4413 2961 4467 ’0
2992 4407 3085 4466 οὖν
3131 4410 3337 4481 ταύτην
3394 4408 3670 4478 ἀλώὸητον
3711 4405 3991 4478 διατηρῶν

729 4511 1005 4582 integrum
1062 4508 1401 4575 illaesumque
1434 4503 1693 4571 servarit,
1718 4504 1810 4560 hic
1836 4519 1966 4561 vere
1991 4505 2309 4563 indesinen-

2414 4513 2513 4582 τὴν
2567 4510 2923 4572 κατάστασιν,
2981 4498 3139 4567 οὗτος
3189 4502 3360 4567 ὅντως
3407 4500 3774 4564 ἀδιαλείπτως
3815 4515 3988 4570 προσ-

729 4613 814 4660 ter
839 4612 963 4658 orat
990 4602 1056 4656 ⁸⁷.

799 4692 888 4748 62.
927 4687 1404 4758 Quemadmodum
1456 4700 1661 4756 corpus
1693 4688 1993 4754 emoriens,
2022 4706 2052 4744 a
2094 4693 2311 4749 cunctis

726 4786 857 4839 vitae
892 4781 1126 4852 negotiis
1156 4779 1436 4848 rebusque
1463 4778 1648 4834 saeculi
1675 4779 1868 4848 procul
1903 4780 2152 4838 abscedit
2182 4801 2196 4838 :
2233 4785 2310 4841 ita

727 4882 785 4930 et
816 4890 994 4940 mens,
1024 4871 1189 4945 420
1232 4886 1461 4927 summa:
1496 4871 1645 4926 illius
1693 4871 1963 4929 orationis
1991 4875 2143 4931 cultu
2186 4893 2309 4932 mo-

728 4968 901 5032 riens,
943 4981 976 5020 a
1007 4964 1304 5020 mundanis
1332 4962 1592 5019 omnibus
1620 4963 2053 5034 cogitationibus
2090 4984 2312 5040 separa-

799 5126 844 5160 ⁸⁸
884 5127 1043 5183 Rom.
1073 5139 1188 5190 xm,
1228 5122 1314 5177 M.
1394 5121 1440 5153 ³⁷
1473 5120 1493 5175 l
1525 5121 1719 5176 Thess.
1747 5138 1801 5187 ν,
1836 5123 1921 5177 17.

797 5269 869 5343 (2.)
910 5261 1732 5343 ‘Errsﬁoerﬁdqﬂpdromr:
1778 5262 2114 5343 Iﬂempejam
2171 5267 2298 5321 inde.

724 5331 904 5414 palam
924 5337 1006 5414 '_a_d
1029 5333 1353 5414 explendam
1374 5331 1681 5414 libidinem.
1709 5331 1975 5414 inducens
2005 5331 2075 5414 ad
2107 5352 2295 5392 curam

724 5401 941 5482 corpori
968 5401 1311 5482 habendam-3
1351 5402 1554 5482 quippe
1582 5401 1954 5482 hominesqui
2002 5407 2192 5482 vivunt
2236 5416 2299 5462 ut

723 5472 913 5544 eda-nt,
932 5496 996 5535 ac
1028 5477 1197 5549 genio
1217 5473 1557 5549 indulgeant.
1591 5472 1668 5549 De
1691 5472 2150 5549 mundaniscnim
2179 5491 2301 5531 ser-

724 5569 816 5608 mo
846 5541 951 5610 est.
980 5541 1120 5619 quos
1151 5541 1420 5600 Maximus
1452 5541 1852 5619 opponitjiris
1900 5544 2194 5619 religiosis,
2230 5554 2303 5619 et

721 5623 816 5693 qui
855 5621 939 5693 ad?
965 5612 1222 5693 virtutem
1248 5622 1562 5693 exerceant,
1612 5612 1821 5693 quibus
1848 5612 2092 5693 carnalia
2143 5617 2299 5678 vitia,

722 5682 945 5749 nonnisi
1009 5687 1194 5759 specie
1249 5683 1377 5738 boni
1425 5683 1657 5759 obtecta
1689 5682 2011 5759 ohr_epant._
2049 5686 2175 5741 llaec
2223 5689 2303 5759 sic

718 5765 891 5825 clara,
922 5752 1200 5815 contrario
1226 5770 1390 5810 sensu
1417 5752 1623 5822 Obsup.
1665 5752 1868 5825 reddit,
1908 5754 2150 5825 facitque
2182 5757 2302 5825 φιλ-

719 5823 934 5896 αυτίας.
974 5831 1097 5885 circi
1157 5825 1356 5881 (auaris
1380 5839 1647 5894 corporis,
1684 5823 1829 5892 quod
1865 5827 2034 5895 magis
2063 5823 2300 5882 eliarila-

2410 4619 2826 4761 Eugfflttlanap
2859 4686 2921 4740 τὸ
2948 4684 3112 4754 σῶμα
3140 4680 3485 4751 ἀποθνῆσκον
3507 4720 3524 4746 ,
3549 4677 3773 4735 πάντων
3824 4675 3991 4747 χωρί-

2411 4784 2562 4849 ζεται
2590 4780 2701 4834 τῶν
2721 4777 2814 4832 τοῦ
2841 4776 2958 4847 βίου
2986 4772 3336 4846 πραγμάτιον
3364 4785 3383 4804 ο
3410 4769 3553 4824 οὕτω
3583 4769 3677 4822 καὶ
3704 4769 3736 4820 ὁ
3758 4767 3890 4831 νοῦς
3934 4769 3989 4819 ὲν

2409 4875 2487 4947 τῷ
2511 4873 2698 4944 ἀκρως
2746 4867 3149 4942 προσεύχεσθαι
3193 4862 3572 4932 ἀποθνήσκων,
3602 4861 3826 4915 πάντων
3883 4877 3987 4928 χω-

2413 4969 2624 5041 ρίζεται
2670 4962 2781 5017 τῶν
2818 4959 2915 5015 τοῦ
2946 4960 3155 5028 κόσμου
3209 4954 3519 5025 νοημάτων.
3563 4953 3689 5006 Ἐὰν
3745 4950 3861 5020 γάρ
3914 4948 3987 5019 μὴ

2408 5267 2497 5328 tis,
2524 5262 2733 5332 Deique
2754 5260 2875 5332 ejus
2898 5256 3445 5332 auctoris,_exsistat.
3471 5253 3561 5310 Sic
3606 5253 3757 5332 enirn
3789 5253 3985 5332 infice-

2409 5323 2496 5389 tus
2535 5323 2701 5387 homo
2732 5349 2744 5384 :
2783 5323 2962 5395 Quare
2992 5323 3189 5384 homini
3220 5327 3488 5381 mundano
3519 5323 3843 5395 curventur-1'
3865 5327 3987 5379 εκίι-

2394 5407 2534 5476 jiril,
2568 5413 2623 5476 ut
2651 5394 2976 5476 providentia
3010 5399 3242 5470 quadam
3266 5398 3363 5476 sibi
3393 5394 3631 5476 consulat
3664 5395 3719 5447 in
3746 5394 3984 5476 cauenda

2398 5465 2841 5544 concupiscentia.
2873 5465 3032 5544 ΔΝοιι⁷
3072 5478 3181 5523 tam
3236 5465 3826 5544 absur_de_Gesn‘..etsi
3878 5483 3986 5544 nec

2398 5545 2488 5600 ille
2519 5534 2652 5598 satis
2675 5539 2935 5603 advertit,
2960 5555 3072 5609 quo
3122 5547 3333 5609 spectet
3378 5536 3512 5591 illud
3548 5537 3627 5600 είς
3656 5534 3981 5609 ζπίρυμίαν.

2398 5555 2488 5600 ille
2519 5555 2652 5598 satis
2675 5555 2935 5603 advertit,
3001 5555 3072 5595 uo
3122 5555 3333 5609 speetet
3378 5555 3512 5591 lltuu
3548 5555 3627 5600 εις
3657 5555 3981 5604 επωυμιαν.

2395 5616 2510 5670 Nec
2538 5613 2741 5667 mirum
2771 5612 2825 5664 in
2875 5555 3111 5673 magico,
3181 5624 3345 5679 quem
3381 5623 3480 5678 par
3517 5616 3602 5679 est
3655 5606 3709 5679 in
3747 5604 3983 5668 Galenu,

2397 5699 2560 5755 quam
2584 5681 2850 5755 in‘l’aulo
2890 5678 3259 5755 versatiorein‘
3304 5678 3494 5755 fuisse.
3535 5678 3828 5747 Ascriptus
3862 5679 3987 5749 ejus

2397 5748 2574 5815 locus,
2599 5752 2665 5808 ad
2693 5767 2857 5822 quem
2890 5751 3157 5806 Maximus
3190 5748 3405 5804 alludit.
