4208 6436
248 398 370 461 1005

1086 387 1439 452 (ᾺΡῙἸἪΜ
1482 390 1578 450 DE
1617 387 2052 448 CllARITATE
2093 387 2481 448 CENTUEUA
2525 389 2604 447 Π.

3352 382 3491 454 1066

236 516 318 568 τὸν
338 510 574 565 τοιοῦτον
604 511 739 583 θάνῃ
764 509 1012 570 θάνατον,
1052 505 1192 578 μετὰ
1213 506 1350 559 Θεοῦ
1377 504 1671 576 εὑρεθῆναι
1701 503 1797 554 καὶ

1913 511 2013 556 iur.
2050 502 2167 556 Nisi
2195 502 2345 556 enim
2385 504 2507 571 ejus
2554 498 2775 570 generis
2830 505 3067 554 mortem
3111 497 3335 565 obierit,
3368 512 3495 555 cum

237 605 391 674 ζῆσαι
414 604 473 656 οὐ
504 603 745 655 δύναται.

297 693 394 762 ξγ’.
431 696 641 764 Μηδείς
662 712 721 747 σε
750 695 1032 763 ἀπατήσῃ,
1068 690 1293 762 μοναχὲ,
1329 691 1416 743 ὅτι
1455 690 1535 745 ἔνι
1576 706 1637 742 σε
1696 706 1802 741 σω-

230 786 382 856 θῆναι
418 787 579 857 ἡδονῇ
612 788 704 840 καὶ
730 784 1004 855 κενοδοξία
1023 781 1361 837 δουλεύοντα.

290 962 383 1028 ξδ’.
408 964 622 1033 Ὠσπερ
638 962 698 1015 τὺ
728 961 887 1029 σῶμα
913 960 1000 1013 διὰ
1035 960 1142 1012 τῶν
1170 957 1520 1028 πραγμάτων
1553 956 1803 1025 ἁμαρτά-

215 1075 317 1119 νει,
351 1056 450 1110 καὶ
514 1055 625 1125 ἔχει
668 1055 806 1124 πρὸς
868 1050 1252 1118 παιδαγωγίαν
1312 1048 1412 1108 τὰς
1482 1046 1807 1116 σωματικὰς

217 1148 447 1217 ἀρετὰς,
478 1149 566 1198 ἵνα
591 1148 865 1216 σωφρονῇ’
899 1144 1042 1196 οὓτω
1073 1143 1167 1196 καὶ
1192 1142 1221 1193 ὁ
1239 1139 1361 1203 νοῦς
1387 1139 1475 1192 διὰ
1497 1139 1604 1191 τῶν
1626 1140 1808 1207 ἐμπα-

215 1238 327 1289 θῶν
386 1239 701 1307 νοημάτων,
745 1237 838 1289 καὶ
878 1235 990 1303 ἔχει
1032 1231 1297 1294 ὡσαύτως
1340 1230 1477 1302 πρὸς
1528 1229 1806 1297 παιδαγω-

214 1330 341 1397 γίαν
373 1330 476 1392 τὰς
496 1328 733 1398 ψυχικὰς
766 1328 987 1397 ἀρετὰς,
1020 1327 1108 1379 ἵνα
1142 1323 1402 1396 καθαρῶς
1451 1322 1543 1375 καὶ
1584 1320 1809 1383 ἀπαθῶς

213 1418 360 1490 ὁρῶν
387 1419 459 1472 τὰ
488 1418 814 1488 πράγματα,
859 1418 1134 1487 σωφρονῇ.

285 1591 383 1659 ξέ.
420 1594 631 1664 Ὠσπερ
660 1593 759 1655 τὰς
792 1591 1005 1662 ἡμέρας
1029 1590 1364 1661 διαδέχονται
1388 1589 1445 1641 αἱ
1476 1586 1692 1647 νύκτες,
1718 1583 1809 1637 καὶ

208 1685 281 1739 τὰ
309 1683 452 1754 θέρη
496 1686 544 1736 οί
604 1680 872 1752 χειμῶνες
904 1696 919 1710 ⁸
949 1678 1094 1731 οὕτω
1125 1675 1433 1740 κενοδοξίαν
1478 1674 1571 1727 καὶ
1593 1670 1807 1742 ἡδονὴν,

210 1775 390 1829 λύπαι
449 1775 547 1829 καὶ
598 1773 804 1837 ὀδύναι,
834 1770 947 1824 εἴτε
984 1772 1041 1824 ἐν
1088 1768 1168 1839 τῷ
1197 1768 1446 1839 παρόντι,
1477 1766 1587 1818 εἴτε
1630 1764 1689 1818 ἐν
1730 1763 1809 1832 τῷ

217 1868 497 1939 μέλλοντι.

286 1957 401 2026 ξς’.
441 1959 556 2012 Οὐκ
586 1958 735 2012 ἔστιν
785 1959 1181 2029 ἁμαρτήσαντα
1218 1957 1478 2025 ἐκφυγεῖν
1524 1957 1626 2027 τὴν
1682 1954 1807 2027 μὲλ-

220 2054 433 2107 λουσαν
494 2052 694 2122 κρίσιν,
742 2052 869 2106 ἄνευ
930 2050 1196 2103 ἑκουσίων
1243 2048 1476 2102 ἐνταῦθα
1519 2046 1804 2118 νπόνων,ῆ

213 2143 496 2197 ἀκουσίων
530 2142 822 2213 ἐπιφορῶν.

288 2234 391 2301 ες.
418 2234 518 2287 Διὰ
564 2235 726 2287 πέντε
782 2235 963 2296 αἰτίας
1016 2234 1151 2303 φασὶ
1182 2230 1631 2304 παραχωρεϊσθαι
1659 2233 1810 2303 ἡμᾶς

217 2329 326 2381 ὑπὸ
374 2326 513 2380 Θεοῦ
554 2324 906 2395 πολεμεῖσθαι
944 2326 1051 2379 ὑπὸ
1106 2325 1399 2394 δαιμόνων.
1429 2324 1540 2379 Καὶ
1587 2324 1809 2396 πρώτην

221 2421 321 2491 μὲν
346 2417 489 2473 εἷναί
511 2434 694 2487 φασιν,
730 2418 815 2470 ἵνα
844 2417 1239 2488 πολεμούμενοι
1260 2418 1354 2470 καὶ
1381 2418 1808 2488 ἀντιπολεμοῦν-

216 2530 332 2576 τες,
363 2514 443 2572 είς
476 2511 747 2580 διάκρισιν
780 2512 877 2579 τῆς
902 2510 1105 2580 ἀρετῆς
1138 2510 1233 2563 καὶ
1264 2512 1364 2581 τῆς
1406 2509 1608 2571 κακίας
1639 2510 1810 2563 ἔλθω-

224 2608 344 2673 μεν.
377 2604 648 2673 Δευτέραν
682 2602 760 2663 δὲ,
793 2603 880 2653 ἵνα
914 2600 1138 2671 πολέμῳ
1172 2601 1266 2654 καὶ
1310 2602 1458 2668 πόνῳ
1484 2600 1583 2667 τὴν
1610 2599 1811 2670 ἀρετὴν

222 2694 518 2765 κτώμενοι,
546 2691 773 2763 βεϐαίαν
820 2691 993 2761 αὐτὴν
1022 2690 1117 2743 καὶ
1146 2689 1546 2758 ἀμετάπτωτον
1574 2687 1807 2758 ἓξωμεν.

224 2786 432 2856 Τρίτην
476 2786 556 2845 δὲ,
590 2786 674 2839 ἵνα
722 2785 1128 2853 προκόπτοντες
1175 2783 1255 2845 εἰς
1309 2780 1407 2852 τὴν
1459 2781 1684 2852 ἀρετὴν,
1737 2781 1811 2851 μὴ

226 2878 735 2949 ὑψηλοφρονῶμεν,
796 2877 935 2930 ἀλλὰ
999 2876 1262 2946 μάθωμεν
1340 2879 1808 2945 ταπινσφρονείν.

225 2972 509 3043 Τετάρτην
572 2972 759 3033 δέ,ῖνα
805 2970 1163 3039 πειραθέντες
1210 2969 1311 3037 τῆς
1367 2967 1565 3030 κακίας
1590 2968 1688 3037 (a),
1719 2968 1810 3019 τὲο

226 3064 379 3117 λειον
420 3066 575 3134 μῖσος
603 3062 774 3132 αὐτὴν
804 3063 1149 3132 μισήσωμεν.
1187 3061 1454 3132 Πέμπτην
1487 3061 1545 3114 δὲ
1582 3061 1677 3113 ἐπὶ
1702 3060 1812 3115 πά-

230 3176 371 3222 σαις,
403 3160 492 3211 ἵνα
541 3156 772 3219 ἀπαθεῖς
817 3157 1121 3225 γενόμενοι,
1163 3156 1239 3227 μὴ
1287 3154 1681 3225 ἐπιλαθώμεθα
1705 3154 1808 3224 τῆς

226 3250 436 3313 οἰκείας
475 3248 780 3313 ἀσθενείας,
839 3249 974 3319 μήτε
1035 3247 1133 3318 τῆς
1181 3245 1275 3300 τοῦ
1325 3244 1695 3318 βοηθήσαντος
1723 3245 1809 3298 δυ-

227 3342 470 3411 νάμεως.

300 3430 403 3503 ξη’.
439 3432 651 3503 Ὠσπερ
698 3430 793 3484 τοῦ
837 3429 1131 3492 πεινῶντος
1167 3431 1195 3484 ὁ
1226 3430 1350 3493 νοῦς
1393 3430 1557 3500 ἄρτον
1606 3429 1811 3500 φαντά-

230 3523 407 3589 ζεται,
447 3523 537 3576 καί¹
564 3523 657 3576 τοῦ
685 3522 945 3591 διψῶντος
973 3522 1138 3593 ὕδωρ,
1166 3521 1309 3576 οὕτω
1339 3521 1435 3575 καὶ
1458 3522 1553 3574 τοῦ
1578 3537 1809 3592 γαστρι-

234 3619 448 3689 μάργου
487 3617 765 3678 ποικιλίας
824 3618 1139 3688 ἐδεσμάτων
1168 3630 1184 3645 ·
1210 3617 1306 3668 καλ⁸
1356 3615 1450 3670 τοῦ
1501 3614 1806 3684 φιληδόνου,

234 3708 451 3779 μορφὰς
486 3708 762 3775 γυναικῶν
786 3724 799 3737 ·
844 3709 936 3760 καὶ
962 3710 990 3761 ὁ
1022 3706 1118 3760 τοῦ
1140 3706 1419 3772 κενοδόξου
1442 3749 1454 3772 ,
1482 3708 1580 3769 τὰς
1620 3705 1679 3771 ἐξ
1718 3706 1809 3758 ἀν-

230 3800 467 3871 θρώπων
490 3800 654 3870 τιμάς
685 3816 697 3828 ·
724 3800 817 3853 καὶ
847 3798 942 3851 τοῦ
975 3796 1333 3869 φιλαργύρου,
1364 3797 1431 3849 τὰ
1465 3796 1632 3868 κέρδη
1667 3813 1680 3827 ·
1717 3797 1813 3851 καὶ

226 3894 325 3947 τοῦ
378 3893 745 3964 μνησικάκου,
778 3892 877 3964 τὴν
918 3893 1134 3961 ἄμυναν
1167 3890 1263 3944 τοῦ
1290 3890 1635 3961 λυπήσαντος
1661 3908 1675 3921 ·
1714 3890 1811 3944 καὶ

227 3987 324 4041 τοῦ
376 3986 663 4059 φθονεροῦ,
698 3990 797 4057 τὴν
830 3988 1074 4039 κάκωσιν
1122 3985 1217 4038 τοῦ
1278 3985 1671 4055 φθονουμὲνου,
1715 3984 1812 4039 καὶ

228 4076 322 4129 ἐπὶ
363 4076 473 4129 τῶν
505 4076 680 4130 ἄλλων
716 4075 905 4129 παθῶν
940 4075 1159 4145 ὁμοίως.
1197 4074 1292 4127 Ἐκ
1327 4074 1436 4144 γὰρ
1470 4073 1579 4127 τῶν
1622 4074 1811 4127 παθῶν

227 4167 557 4238 δχλούμενος
583 4168 726 4232 νοῦς,
755 4168 1023 4237 λαμϐάνει
1055 4169 1123 4222 τὰ
1142 4166 1368 4238 ἐμπαθῆ
1400 4168 1651 4239 νοήματα
1670 4206 1685 4231 ,
1713 4168 1811 4221 καὶ

227 4263 595 4334 ἐγρηγορότος
643 4262 738 4316 τοῦ
800 4262 1072 4333 σώματος,
1103 4265 1196 4315 καὶ
1252 4262 1392 4315 κατὰ
1429 4263 1557 4326 τοὺς
1584 4262 1807 4326 ὕπνους.

302 4351 400 4417 ξθ’.
427 4353 595 4406 Ὅταν
620 4352 885 4421 ἐπιθυμία
916 4352 1074 4425 αὔξῃ,
1100 4352 1199 4415 τὰς
1225 4354 1514 4422 ποιητικὰς
1542 4353 1652 4406 τῶν
1692 4355 1812 4423 ἡδο-

227 4444 336 4496 νῶν
402 4442 533 4506 ὔλας
582 4447 638 4497 ἐν
690 4446 801 4507 τοῖς
846 4442 1031 4506 ὕπνοις
1062 4448 1090 4497 ὁ
1122 4445 1244 4507 νοῦς
1293 4444 1650 4514 φαντάζεταιο
1682 4447 1811 4499 ὅταν

1914 590 2027 644 Deo
2050 591 2257 643 versari
2289 606 2354 645 ac
2379 592 2565 644 vivere
2586 605 2695 643 non
2720 599 2923 659 potest.

1983 683 2073 737 65.
2114 676 2286 737 Nemo
2322 694 2393 747 te,
2430 683 2524 753 qui
2564 684 2896 736 monachum
2942 678 3284 753 profitearis,
3332 680 3497 736 scdu-

1914 784 2022 836 cat,
2055 784 2313 844 tanquam
2338 776 2455 829 ﬁeri
2492 776 2684 845 possit,
2713 783 2773 827 ut
2815 776 3086 844 voluptati
3110 790 3175 829 ac
3205 772 3357 828 inani
3382 774 3499 844 glo-

1917 867 2011 921 riae
2044 867 2286 930 deditus,
2319 868 2551 921 salutem
2579 866 2962 936 consequaris.

1984 960 2071 1014 64.
2114 959 2587 1026 Quemadmodum
2614 975 2816 1029 corpus
2865 974 3049 1014 rerum
3093 959 3322 1015 obtentu
3371 976 3499 1030 pec-

1915 1061 2022 1117 cat,
2059 1053 2333 1122 habetque
2362 1052 2432 1107 ad
2481 1053 2828 1122 disciplinam
2855 1069 2949 1108 eas
2975 1053 3231 1116 virtutes,
3275 1069 3398 1123 qua:
3426 1051 3494 1109 ad

1915 1160 2116 1214 corpus
2145 1153 2415 1214 spectant,
2454 1152 2515 1198 ut
2550 1146 2839 1199 erudiatur
2872 1165 2883 1198 :
2922 1146 3002 1201 sic
3030 1154 3086 1200 et
3119 1160 3276 1200 mens
3305 1146 3497 1200 libidi-

1915 1253 2175 1291 nosarum
2206 1238 2429 1292 incursu
2465 1238 2881 1308 cogitationum,
2914 1238 3191 1308 habetque
3240 1238 3497 1293 similiter

1914 1331 1983 1385 ad
2013 1331 2361 1401 disciplinam
2401 1332 2598 1386 anima:
2634 1333 2891 1397 virtutes,
2922 1332 3129 1401 quibus
3172 1332 3379 1387 munde
3413 1333 3496 1386 ei-

1918 1434 2110 1496 traque
2140 1426 2427 1481 libidinem
2474 1442 2564 1481 res
2605 1436 2899 1492 contuens,
2944 1426 3130 1481 sobria
3178 1426 3332 1497 fruge
3378 1427 3495 1497 ipsa

1916 1528 2301 1588 componatur.

1985 1611 2074 1665 65.
2116 1609 2595 1676 Quemadmodum
2654 1610 2763 1666 diei
2820 1610 3071 1667 succedit
3120 1628 3271 1673 nox,
3326 1621 3496 1681 atque

1914 1704 2088 1757 aestati
2130 1702 2349 1758 hiems:
2383 1704 2466 1759 sic
2509 1703 2729 1757 inanem
2778 1704 3005 1774 gloriam
3047 1720 3112 1759 ac
3156 1706 3493 1773 voluptatem

1915 1811 2060 1865 pone
2100 1806 2411 1866 sequuntur
2438 1795 2665 1850 tristitia
2708 1803 2765 1850 et
2793 1796 2971 1860 dolor,
3003 1797 3118 1851 sive
3154 1797 3209 1849 in
3236 1794 3495 1865 praesenti

1841 1868 1886 1923 Β
1913 1886 2137 1947 saeculo,
2169 1886 2285 1941 sive
2317 1886 2373 1940 in
2398 1886 2609 1942 futuro.

1982 1974 2071 2029 66.
2116 1974 2262 2029 Fieri
2295 1990 2406 2029 non
2437 1983 2623 2045 potest
2645 1982 2703 2029 ut
2724 1976 2935 2045 peccati
2969 1991 3097 2030 reus
3132 1975 3383 2031 futurum
3408 1976 3497 2047 jua

1909 2066 2117 2122 dicium
2160 2068 2378 2131 evadat,
2433 2067 2641 2137 absque
2688 2068 2975 2121 laboribus
2999 2068 3114 2121 vita
3160 2069 3263 2122 hac
3294 2080 3492 2138 sponte

1911 2159 2227 2228 assumptis,
2264 2158 2350 2213 vel
2385 2159 2551 2213 illatis
2585 2158 2765 2221 malis,
2800 2174 2923 2229 qua:
2948 2160 3228 2230 patienter
3260 2161 3419 2215 ferat.

1980 2253 2069 2307 6'7.
2105 2251 2361 2321 Quinque
2414 2250 2655 2305 afferunt
2703 2265 2918 2315 causas,
2943 2251 3014 2304 ob
3048 2266 3186 2319 quas
3220 2266 3321 2306 nos
3350 2251 3495 2307 Deus

1910 2360 1940 2399 a
1972 2344 2315 2399 daemonibus
2342 2342 2651 2412 oppugnari
2698 2341 2866 2396 sinat.
2902 2342 2978 2396 Ac
3000 2344 3231 2411 primam
3265 2343 3493 2412 quidem

1909 2450 2031 2489 csse
2065 2436 2242 2497 aiunt,
2280 2442 2343 2487 ut
2383 2433 2516 2487 dum
2582 2448 2765 2502 pugna
2799 2433 2959 2502 petiti
3004 2448 3396 2503 repugnamus,
3431 2451 3496 2490 ac

1912 2526 2243 2589 resistimus,
2278 2524 2500 2580 virtutis
2529 2524 2760 2593 vitiique
2794 2525 3185 2580 discretionem
3213 2541 3493 2596 paremus.

1911 2616 2155 2671 Alteram
2186 2624 2391 2679 autem,
2420 2625 2480 2669 ut
2503 2625 2657 2686 parta
2686 2614 2831 2671 bello
2856 2616 3061 2671 virtute
3089 2625 3255 2687 atque
3282 2618 3492 2681 labore,

1913 2708 2125 2762 ﬁrmam
2174 2708 2319 2762 illam
2355 2708 2749 2776 immotamque
2782 2716 3087 2763 teneamus.
3126 2709 3392 2771 Tertiam,
3435 2714 3497 2764 ut

1912 2800 2134 2853 virtutis
2186 2797 2440 2868 profectu
2469 2814 2578 2852 non
2629 2800 2799 2852 altum
2846 2800 3142 2869 sapiamus,
3169 2801 3265 2854 sed
3300 2815 3498 2855 sensus

1912 2891 2239 2945 modestiam
2288 2890 2585 2945 discamus.
2632 2889 2920 2956 Quartam,
2956 2900 3016 2946 ut
3049 2892 3170 2947 vitii
3219 2892 3365 2947 facto
3402 2909 3500 2963 pc-

1915 2980 2112 3044 riculo,
2148 2980 2392 3048 perfecto
2421 2980 2600 3049 ipsum
2626 2980 2756 3034 odio
2778 2996 3197 3050 prosequamur.
3234 2982 3497 3049 Quintam

1915 3073 2152 3142 denique
2184 3088 2247 3127 ac
2278 3088 2617 3143 supremam,
2646 3082 2706 3127 ut
2733 3074 3118 3144 impcrturhati
3144 3076 3313 3129 animi
3345 3083 3497 3131 tran-

1914 3170 2241 3235 quillitatem
2272 3169 2481 3238 adepti,
2511 3169 2907 3225 imbecillitatis
2940 3172 3179 3241 propria:
3217 3188 3327 3225 non
3356 3172 3498 3226 obli-

1914 3255 2335 3316 viscamur,nec
2368 3258 2522 3326 ejus,
2556 3257 2651 3326 qui
2685 3257 2906 3328 adjutor
2939 3258 3063 3323 fuit,
3096 3262 3356 3329 potentia:
3395 3261 3498 3314 im-

1914 3361 2189 3403 memores
2219 3348 2394 3404 simus

1983 3441 2070 3496 68.
2112 3441 2586 3507 Quemadmodum
2624 3442 2860 3498 famelici
2897 3444 3136 3511 animus,
3171 3460 3368 3516 panem
3399 3462 3496 3501 cn-

1912 3533 2179 3605 gitationc
2206 3532 2486 3602 informat,
2524 3551 2590 3590 ac
2617 3535 2903 3599 sitibundi,
2931 3553 3129 3606 aquam
3155 3555 3169 3603 ;
3214 3539 3294 3592 sic
3316 3547 3372 3591 ct
3396 3555 3498 3608 gu-

1913 3626 2039 3691 losi,
2077 3626 2253 3681 varias
2276 3626 2536 3696 cupedias
2552 3636 2607 3681 et
2634 3628 2846 3695 edulia;
2880 3628 3168 3695 luxuriosi,
3201 3629 3493 3684 mulierum

1914 3714 2152 3782 formas;
2181 3716 2361 3771 inanis
2395 3716 2580 3787 gloria:
2610 3717 2822 3788 cupidi,
2858 3719 3131 3775 humanos
3166 3720 3408 3776 honores
3431 3737 3497 3775 ac

1915 3808 2142 3873 laudes;
2172 3810 2347 3874 avari,
2372 3810 2560 3875 lucra;
2590 3827 2874 3868 rancorem
2914 3812 3193 3880 habentis,
3224 3816 3345 3884 ejus
3367 3815 3494 3869 vin-

1918 3898 2117 3952 dictam
2148 3913 2178 3952 a
2207 3914 2318 3969 quo
2352 3899 2608 3969 injuriam
2633 3902 2846 3971 accepit
2870 3918 2885 3966 ;
2920 3901 3113 3967 invidi,
3141 3904 3261 3973 ejus
3287 3905 3494 3961 malum

1916 3989 1971 4042 in
2001 4004 2165 4058 quem
2193 3988 2401 4043 exarsit
2429 3988 2669 4055 invidia;
2701 3990 2957 4060 idemque
2981 3991 3037 4045 in
3071 3992 3301 4063 reliquis
3321 3994 3492 4049 vitiis.

1916 4078 2148 4135 Animus
2186 4080 2335 4135 enim
2366 4080 2474 4135 illis
2499 4090 2776 4151 gravatus,
2808 4082 3007 4153 hisque
3032 4084 3109 4138 illi
3136 4084 3496 4141 obtundenti-

1915 4170 2043 4234 bus,
2089 4169 2414 4225 libidinosas
2458 4171 2839 4240 cogitationes,
2899 4174 3014 4228 sive
3063 4190 3295 4245 corpore
3354 4175 3493 4247 vigi-

1916 4264 2087 4327 lante,
2124 4263 2239 4317 sive
2266 4264 2322 4317 in
2350 4261 2580 4326 somnis,
2608 4265 2865 4318 assumit.

1984 4353 2142 4426 42],
2168 4354 2256 4409 69.
2296 4353 2468 4408 Aucta
2493 4355 2662 4407 semel
2698 4355 3168 4425 concupiscentia,
3198 4357 3415 4412 animus
3438 4358 3492 4412 in

1916 4448 2123 4503 somnis
2156 4463 2220 4501 ea
2252 4446 2531 4509 informat,
2568 4462 2691 4515 quae
2737 4447 3075 4516 voluptatem
3114 4463 3179 4502 ac
3202 4448 3492 4503 libidinem

225 4539 284 4591 δὲ
313 4539 341 4589 ὁ
379 4538 570 4608 θυμὸς,
604 4537 674 4591 τὰ
705 4539 887 4607 φόϐων
936 4543 1193 4608 ποιητικὰ
1236 4539 1423 4607 βλέπει
1482 4540 1809 4609 πράγματα.

1919 4546 2129 4594 creant.
2161 4528 2419 4591 Auctiore
2447 4552 2577 4591 vero
2613 4538 2714 4602 ira,
2749 4554 2838 4592 res
2885 4538 3152 4593 terrificas
3177 4539 3345 4593 videt.
3377 4541 3493 4594 Au-

229 4630 467 4698 Αῠξουσι
510 4633 693 4703 μέντοι
743 4633 811 4685 τὰ
864 4633 1033 4702 πάθη,
1093 4636 1138 4685 οἱ
1190 4634 1489 4703 ἀκάθαρτοι
1534 4633 1811 4702 δαίμονες,

228 4724 500 4794 συνεργὸν
525 4725 623 4792 τὴν
674 4725 949 4795 ἡμετέραν
994 4724 1254 4793 ἀμέλειαν
1290 4724 1684 4793 λαμϐάνοντες,
1720 4726 1815 4777 καὶ

227 4814 404 4867 ταῦτα
454 4816 806 4886 ἐρεθίζοντες.
853 4816 1167 4869 Ἐλαττοῦσι
1225 4817 1281 4869 δὲ
1333 4818 1382 4869 οἱ
1445 4818 1590 4884 ἅγιοι
1649 4818 1813 4885 ἄγγεα

226 4908 350 4971 λοι,
384 4914 519 4979 πρὸς
576 4910 675 4980 τὴν
732 4910 840 4962 τῶν
873 4910 1084 4980 ἀρετῶν
1132 4913 1277 4982 ἡμᾶς
1321 4911 1597 4973 κινοῦντες
1644 4912 1813 4982 ἐργα-

227 5001 377 5056 σίαν.

303 5092 367 5147 o'.
411 5094 484 5146 Τὸ
513 5094 611 5164 μὲν
641 5095 1039 5165 ἐπιθυμητικὸν
1093 5096 1194 5166 τῆς
1240 5094 1417 5165 ψυχῆς
1474 5095 1809 5164 πυκνότερον

226 5182 632 5255 ἐρεθιζόμενον,
673 5186 784 5251 ἕξιν
828 5185 1138 5255 φιληδονίας
1187 5185 1507 5254 δυσκίνητον
1553 5188 1618 5257 τῇ
1664 5185 1809 5256 ψυχῇ

228 5277 506 5348 ἐντίθησιν
536 5295 548 5308 ’
582 5281 609 5331 ὁ
642 5278 698 5331 δὲ
731 5278 901 5349 θυμὸς
943 5279 1184 5349 συνεχῶς
1229 5277 1639 5349 ταρασσόμενος
1660 5322 1675 5345 ,
1705 5280 1813 5333 δειο

226 5372 325 5425 λον
369 5372 464 5425 καὶ
508 5372 771 5441 ἄνανδρον
837 5373 928 5425 τὸν
975 5372 1098 5424 νοῦν
1133 5369 1528 5441 ἀπεργάζεται.
1593 5372 1811 5426 Ὶῶνται

228 5466 313 5531 δέ,
333 5464 390 5517 τὺ
410 5465 529 5535 μὲν,
558 5465 790 5536 ἄσκησις
807 5464 1169 5535 ἐπιτεταμένη
1199 5462 1449 5532 νηῡτείας
1478 5465 1569 5517 καὶ
1593 5465 1811 5535 ἀγρυπ-

307 5620 385 5693 (α)
420 5622 556 5677 Ἵνα
601 5622 980 5689 πειραθέντες
1034 5621 1145 5693 τῆς
1199 5625 1430 5689 κακίας.
1497 5624 1616 5677 Non
1672 5624 1813 5678 bene

231 5692 399 5749 augbo
426 5693 741 5763 superiores
773 5694 1004 5763 interpr.
1048 5692 1109 5747 Ut
1145 5696 1341 5747 tentati
1375 5711 1391 5748 :
1422 5695 1554 5756 lino,
1580 5702 1635 5746 ut
1694 5695 1807 5747 vitii

233 5767 375 5834 fama
403 5764 653 5833 peridulo,
685 5764 796 5832 ejus
847 5764 1067 5832 experti.
1123 5764 1211 5817 Sic
1263 5765 1409 5818 enim
1464 5766 1603 5817 bene
1648 5764 1809 5818 Suid.

234 5835 413 5907 πειρῶ
438 5845 494 5890 et
523 5834 819 5903 πειρῶμαι,
847 5838 1034 5905 γενικῇ
1067 5836 1374 5905 ἀπόπειραν
1400 5835 1675 5904 ποιοῦμαι.
1720 5851 1805 5905 pc-

1914 4640 2041 4705 gent
2072 4645 2241 4700 porro
2273 4628 2501 4683 allectus
2547 4644 2610 4682 ac
2640 4629 3105 4698 perturbationes,
3148 4630 3348 4699 impuri
3379 4631 3492 4685 die-

1914 4739 2125 4786 mones,
2168 4719 2223 4775 id
2257 4722 2436 4791 ipsum
2467 4721 2616 4791 quod
2646 4723 2814 4775 vitam
2857 4723 3207 4793 negligimus,
3243 4723 3493 4777 subsidio

1913 4825 2255 4871 assumentes
2280 4830 2342 4868 ac
2377 4813 2735 4883 proritantes.
2760 4813 3015 4867 Minuunt
3032 4828 3166 4866 vero
3192 4813 3364 4866 sancti
3393 4828 3492 4865 an-

1913 4908 2019 4979 geli
2049 4906 2142 4976 qui
2175 4905 2242 4959 ad
2269 4904 2580 4974 praestanda
2613 4905 2883 4958 virtutum
2911 4919 3077 4973 opera
3119 4903 3351 4957 incitent
3372 4917 3493 4972 per-

1918 5009 2305 5067 niovcantque.

1990 5092 2075 5147 70.
2111 5090 2293 5144 Animi
2339 5088 2423 5142 vis
2446 5088 2845 5158 concupiscens
2875 5087 3006 5141 dum
3034 5087 3286 5141 crebrius
3322 5087 3468 5156 prori

1915 5195 2081 5248 tatur,
2119 5182 2368 5238 libidinis
2398 5181 2649 5236 habitum
2691 5180 2913 5235 difﬁcile
2939 5180 3199 5235 mobilem
3229 5181 3283 5234 in
3313 5181 3492 5233 anima

1915 5279 2109 5349 ponit:
2148 5277 2225 5330 ira
2247 5291 2382 5330 vero
2412 5277 2617 5346 jugiter
2648 5284 2943 5337 commota,
2992 5274 3375 5328 meticulosum
3409 5282 3497 5325 at»

1916 5387 2022 5442 quc
2065 5370 2338 5424 imbellem
2368 5370 2609 5422 animum
2643 5366 2846 5421 reddit.
2879 5368 3087 5420 Sanant
3119 5374 3298 5420 autem
3332 5375 3495 5433 atque

1920 5465 2230 5525 medentur,
2290 5460 2369 5514 illi
2427 5461 2683 5530 quidem,
2746 5461 3108 5530 jejuniorum,
3160 5458 3491 5527 vigiliarum,

1924 5621 2149 5675 rirutum
2194 5620 2349 5689 facio,
2396 5620 2659 5687 experior.
2682 5618 2795 5671 Hoc
2818 5618 2973 5689 eiiim
3015 5627 3119 5679 est,
3154 5614 3340 5689 quod
3365 5626 3495 5689 per-

1914 5693 2117 5745 fectum
2151 5686 2283 5744 illud
2315 5686 2501 5743 odium
2536 5690 2699 5759 parit,
2736 5689 2827 5740 ubi
2885 5687 3009 5755 quis
3058 5688 3209 5759 serio
3238 5686 3491 5759 resipuit,

1913 5763 2312 5829 amborumque
2341 5752 2638 5813 discrimen
2677 5760 2814 5823 (vitii
2843 5752 2914 5813 ac
2937 5758 3176 5815 virtutis)
3204 5758 3321 5826 ipso
3338 5752 3490 5825 quasi

1914 5842 2097 5903 gustu,
2124 5830 2200 5901 τῷ
2242 5833 2415 5896 πάθει,
2450 5832 2721 5905 cognovit.
