4208 6436
727 390 850 453 nm

724 593 940 656 lenitas,
967 593 1293 664 benignitas,
1327 595 1589 658 Charitas,
1614 595 2011 650 misericordia.

794 684 882 737 7|.
925 685 1226 746 Daemones,
1281 693 1375 737 aut
1427 700 1611 738 rerum
1665 684 1888 738 incursu
1920 685 2124 738 bellum
2173 700 2293 737 mo-

723 783 872 837 vent,
916 784 1009 828 aut
1038 773 1457 829 libidinosarum
1488 776 1542 829 in
1585 776 1750 830 rebus
1773 775 2188 845 cogitationum.
2221 776 2296 829 Ac

723 866 943 935 quidem
974 881 1157 919 rerum
1205 867 1450 931 incursu,
1476 883 1572 922 eos
1622 867 1714 936 qui
1753 867 1807 920 in
1837 868 2002 922 rebus
2035 883 2098 922 ac
2132 883 2298 938 nego-

726 959 817 1013 tiis
851 965 1176 1024 versantur;
1211 960 1603 1029 cogitationum
1628 975 1785 1024 vero,
1832 975 1948 1024 eos,
1978 960 2155 1029 quise
2191 960 2298 1014 illis

723 1056 916 1127 procul
945 1056 1348 1111 subduxerunt.

795 1147 884 1202 72.
923 1147 1139 1214 Quanto
1185 1143 1488 1214 proclivius
1545 1151 1630 1196 est
1685 1159 1749 1197 ac
1802 1142 2054 1206 facilius,
2116 1151 2297 1196 tecum

724 1241 910 1295 animo
951 1256 1015 1293 ac
1046 1236 1380 1308 cogitatione
1405 1250 1656 1305 peccare,
1711 1250 1874 1303 quam
1910 1234 2030 1304 ipso
2062 1245 2188 1288 actu
2221 1243 2300 1288 at-

723 1348 832 1400 que
853 1347 1051 1401 opere;
1091 1339 1243 1383 tanto
1288 1328 1510 1398 gravius
1535 1335 1619 1380 est
1655 1327 1884 1388 bellum,
1935 1325 2084 1395 quod
2109 1342 2175 1380 ex
2205 1341 2299 1378 co-

725 1423 1107 1492 gitationibus,
1134 1435 1298 1492 quam
1331 1419 1478 1489 quod
1506 1435 1571 1474 cx
1608 1419 1774 1474 rebus
1804 1417 2148 1488 negotiisque
2172 1432 2304 1471 con-

727 1515 910 1569 ﬂatur.

801 1605 887 1658 75.
930 1604 1038 1657 [les
1070 1604 1202 1672 ipsa:
1233 1611 1388 1656 extra
1424 1609 1663 1654 mentem
1711 1608 1840 1654 sunt
1883 1617 1897 1654 :
1947 1614 2132 1653 rerum
2169 1612 2304 1652 vero

728 1695 1108 1766 cogitationes,
1136 1693 1280 1747 intra
1299 1691 1627 1746 consistunt.
1657 1691 1789 1760 Ejus
1818 1692 2001 1760 itaque
2029 1689 2306 1747 facultatis

727 1795 833 1842 est.
862 1786 1001 1841 bene
1033 1785 1160 1849 illis,
1190 1799 1260 1837 an
1292 1799 1476 1847 secus,
1513 1791 1721 1836 utatur.
1747 1781 1904 1849 Quod
1931 1783 2079 1837 enim
2113 1799 2304 1839 errore

1874 394 1935 452 S.
1973 393 2255 453 MAXIM!
2297 392 2803 453 (It'tfx'l-‘ESSURIS

724 518 950 572 precum
999 513 1258 558 contenta
1289 505 1545 574 jugisquc
1576 505 1940 570 exercitatio;
1975 507 2106 560 huic
2140 519 2294 568 vero,

2419 505 2520 567 νίας
2549 506 2643 557 καὶ⁵
2676 503 2981 574 προσευχῆς
3009 521 3022 534 ⁸

3839 391 3969 454 1008

3057 504 3148 556 τὸν
3174 503 3263 566 δὲ,
3300 506 3604 574 χρηστότης
3647 503 3743 555 καὶ
3778 503 3969 570 φιλαν-

2398 595 2616 664 θρωπία
2642 595 2736 648 καὶ
2760 595 2948 663 ἀγάπη
2975 596 3069 646 καὶ
3103 594 3267 658 ἔλεος.

2465 686 2567 738 οα’.
2609 688 2675 738 Ἢ
2709 685 2798 737 διὰ
2821 685 2928 736 τῶν
2962 690 3299 753 πραγμάτων
3324 688 3371 739 οἱ
3415 687 3668 755 δαίμονες
3695 683 3971 754 taleae?»

2400 793 2500 836 σιν,
2537 778 2568 846 ἢ
2609 777 2696 829 διὰ
2735 775 2840 828 τῶν
2885 778 2942 827 ὲν
2974 778 3088 836 τοῖς
3111 776 3433 844 πράγμασιν
3472 774 3739 844 ὲμπαθῶν
3762 775 3974 842 νοημά-

2397 885 2526 924 των.
2577 870 2689 924 Καὶ
2740 869 2828 922 διὰ
2875 869 2972 938 μὲν
3017 869 3125 920 τῶν
3186 870 3552 938 πραγμάτων,
3576 870 3702 931 τοὺς
3756 870 3815 920 ἐν
3862 869 3977 930 τοῖς

2397 961 2715 1030 πράγμασιν
2729 960 2887 1022 ὄντας
2908 1001 2922 1023 ,
2952 961 3042 1014 διὰ
3096 961 3153 1013 δὲ
3206 960 3316 1013 τῶν
3365 961 3673 1032 νοημάτων,
3706 961 3835 1024 τοὺς
3869 960 3979 1013 τῶν

2400 1056 2742 1124 πραγμάτων
2768 1055 3235 1126 κεχωρισμένους.

2469 1142 2566 1211 οβ’.
2610 1141 2771 1197 Ὀσον
2835 1145 2985 1196 ἐστὶν
3033 1143 3410 1214 εὐκοπώτερον
3455 1143 3515 1196 τὸ
3556 1144 3696 1196 κατά
3733 1142 3979 1196 διάνοιαν

2399 1236 2738 1306 ἁμαρτάνειν
2765 1235 2860 1288 τοῦ
2891 1235 3010 1288 κατ’
3042 1235 3348 1305 ἐνέργειαν,
3375 1233 3628 1288 τοσοῦτόν
3652 1235 3768 1287 ἐστι
3803 1233 3977 1303 βαρύ-

2399 1344 2556 1398 τερος
2584 1325 2726 1378 ὁδιά
2782 1325 2890 1378 τῶν
2929 1325 3218 1396 νοημάτων
3263 1327 3534 1395 πόλεμος,
3582 1325 3677 1377 τοῦ
3729 1325 3820 1378 διὰ
3870 1328 3980 1376 τὼν

2403 1436 2551 1490 πραγ
2561 1417 2766 1488 μάτων.

2475 1592 2572 1660 ογ⁹.
2602 1595 2683 1647 Td
2731 1594 2830 1665 μὲν
2881 1595 3186 1665 πράγματα
3221 1594 3419 1659 ἔξωθέν
3467 1595 3572 1647 εἰσι
3617 1593 3712 1647 τοῦ
3743 1594 3840 1647 νοῦ
3864 1613 3878 1626 ·
3915 1596 3980 1648 τά

2402 1684 2459 1737 δὲ
2484 1683 2689 1738 τούτων
2722 1686 2969 1755 νοήματα
3024 1683 3133 1738 ἔσω
3167 1685 3529 1738 συνίστανται.
3576 1685 3663 1738 Ἐν
3694 1684 3849 1754 αὐτῷ
3888 1682 3984 1738 οὖν

2405 1777 2544 1840 ἔστι,
2575 1777 2639 1829 τὸ
2678 1773 2739 1830 εὖ
2791 1778 3006 1839 τούτοις
3057 1776 3386 1848 χρήσασθαι,
3421 1777 3455 1847 ἢ
3500 1777 3706 1840 κακῶς.
3734 1777 3816 1847 Τῇ
3874 1779 3986 1846 γάρ

730 1876 900 1931 animi
935 1875 1114 1931 sensis
1143 1883 1385 1938 utamur,
1419 1888 1602 1927 rerum
1627 1873 1837 1927 abusus
1865 1874 2243 1942 consequitur.

2419 1868 2720 1939 ἑσφαλμένῃ
2747 1867 2857 1922 τῶν
2891 1869 3179 1938 νοημάτων
3238 1868 3432 1938 χρήσει
3462 1866 3536 1937 (b)
3564 1868 3597 1936 ή
3629 1869 3986 1939 παραχρησις

803 2064 889 2118 74.
929 2061 1068 2116 Sunt
1094 2061 1210 2116 haec
1239 2060 1341 2114 tria
1364 2101 1378 2124 ,
1428 2059 1573 2114 unde
1603 2074 1760 2115 mens
1802 2061 2128 2118 libidinosas
2161 2061 2310 2134 cogi-

737 2155 971 2210 tationes
992 2152 1256 2219 assumit;
1285 2166 1568 2223 nempecx
1594 2168 1780 2220 sensu,
1812 2168 1879 2209 ex
1909 2155 2308 2225 complexione,

735 2263 800 2299 ex
831 2245 1118 2299 memoria.
1152 2247 1230 2298 Ac
1262 2243 1486 2314 quidem
1515 2260 1581 2299 cx
1604 2261 1790 2310 sensu,
1821 2260 1947 2300 cum
1985 2261 2074 2300 res
2101 2247 2182 2300 illi
2207 2246 2310 2300 ob-

732 2339 890 2408 jecta:
921 2336 1124 2406 quibus
1161 2334 1450 2400 aliiciinur,
1486 2336 1551 2388 ad
1600 2335 1926 2391 libidinosas
1950 2351 2068 2390 eam
2101 2337 2309 2407 cogita-

738 2429 917 2483 tiones
955 2427 1260 2498 impellunt.
1299 2425 1377 2479 Ex
1405 2425 1782 2494 complexione
1815 2435 1999 2482 autem
2047 2443 2143 2482 seu
2177 2437 2312 2482 tem-

741 2528 1085 2590 peramento,
1120 2533 1246 2573 cum
1279 2533 1376 2585 per
1409 2516 1747 2571 luxuriosam
1777 2517 1956 2572 victus
2001 2519 2270 2572 rationem
2294 2558 2309 2583 ,

740 2620 836 2665 aut
869 2608 1191 2680 operatione
1248 2605 1583 2670 daemonum,
1645 2613 1740 2658 aut
1773 2620 1872 2674 per
1929 2604 2312 2676 aegritudinem

737 2706 979 2772 aliquam
1033 2699 1278 2757 deterior
1309 2698 1451 2753 facta
1515 2712 1579 2752 ac
1632 2699 1939 2760 immutata,
1975 2697 2045 2752 ad
2087 2699 2315 2753 vitiosas

741 2794 1006 2866 ejusmodi
1042 2791 1406 2863 cogitationes
1451 2790 1673 2854 excitat,
1706 2791 1790 2844 vel
1849 2788 2072 2859 obloqui
2124 2790 2313 2844 Provi-

744 2887 946 2942 dentia:
998 2885 1164 2955 cogit.
1221 2881 1300 2937 Ex
1333 2881 1598 2944 memoria
1635 2896 1785 2947 vero,
1823 2896 1949 2936 cum
2004 2881 2095 2934 illa
2132 2895 2313 2936 rerum

743 2977 947 3047 quibus
993 2973 1176 3030 allecti
1219 2979 1315 3027 aut
1349 2971 1603 3027 delectati
1653 2987 1866 3038 sumus,
1903 2980 2206 3042 conceptus
2231 2987 2316 3028 rc-

745 3069 922 3131 l'ricat,
980 3065 1256 3135 similique
1312 3062 1520 3116 ratione
1554 3063 1622 3118 ad
1677 3063 1904 3118 vitiosas
1954 3063 2316 3134 cogitationes

748 3165 946 3213 movet.

817 3251 904 3302 75.
948 3251 1151 3304 llcrum
1187 3252 1346 3307 nobis
1372 3269 1401 3307 a
1436 3254 1547 3308 Deo
1596 3249 1649 3302 in
1685 3263 1844 3303 usum
1889 3260 2274 3302 concessarum
2298 3285 2314 3310 ν

747 3341 865 3394 aiia:
897 3340 952 3393 in
984 3342 1168 3395 animo
1192 3353 1340 3404 sunt,
1365 3341 1485 3396 ali;e
1514 3342 1568 3394 in
1603 3353 1856 3407 corpore,
1893 3336 2012 3390 alia:
2033 3335 2180 3390 circa
2204 3349 2320 3389 cor-

749 3447 870 3500 pus.
915 3431 1045 3484 l-‘uta
1094 3431 1148 3486 in
1213 3433 1440 3495 animo,
1499 3432 1620 3500 ejus
1681 3430 1856 3499 vires;
1924 3429 1978 3480 in
2043 3440 2316 3494 corpore,

747 3523 909 3594 E22
942 3539 1200 3578 sensuum
1239 3540 1439 3594 organa
1474 3539 1536 3576 ac
1596 3521 1842 3576 membra
1879 3515 2090 3587 reliqua
2120 3535 2133 3571 :
2167 3518 2316 3572 circa

751 3629 971 3682 Corpus,
1006 3615 1136 3670 cibi.
1172 3615 1567 3684 possessiones,
1612 3627 1766 3682 opes,
1793 3625 1858 3665 ac
1900 3609 1956 3664 id
1989 3623 2162 3679 genus
2189 3607 2316 3662 alia.

749 3705 905 3770 Quod
931 3705 1016 3760 his
1044 3707 1211 3776 igitur
1234 3706 1372 3760 bene
1394 3714 1488 3759 aut
1514 3704 1652 3758 male
1689 3713 1928 3765 utamur,
1964 3715 2062 3754 seu
2099 3699 2168 3753 iis
2197 3713 2322 3768 quae

751 3800 896 3851 circa
930 3800 1042 3853 lucc
1071 3798 1348 3861 accidunt,
1374 3798 1502 3850 boni
1534 3805 1629 3850 aut
1656 3795 1780 3850 mali
1815 3793 2104 3848 cﬂicimur.

824 4077 911 4130 76.
954 4074 1331 4130 Accidentium
1395 4078 1448 4129 in
1487 4075 1672 4138 rebus,
1723 4073 1828 4127 alia
1876 4073 1929 4126 in
1967 4072 2151 4126 animo
2172 4082 2320 4138 sunt,

753 4167 860 4220 alia
918 4166 972 4220 in
1007 4181 1273 4236 corpore;
1307 4168 1410 4220 alia
1446 4166 1514 4220 iis
1557 4166 1613 4219 in
1650 4164 1836 4228 rebus,
1871 4178 1993 4232 qua:
2024 4172 2154 4217 sunt
2179 4163 2324 4220 circa

756 4273 976 4326 corpus.
1031 4257 1108 4310 Ac
1151 4242 1375 4326 quidem
1413 4257 1468 4310 in
1525 4257 1730 4320 animo,
1786 4255 1959 4308 veluti
2011 4253 2242 4309 scientia
2270 4262 2326 4309 et

758 4348 1086 4416 ignorantia,
1122 4347 1329 4403 oblivio
1356 4356 1410 4402 et
1444 4345 1731 4411 memoria,
1767 4343 1992 4400 dilectio
2025 4351 2082 4398 et
2113 4342 2322 4406 odium,

767 4440 934 4491 timor
948 4440 1002 4492 εἰ
1032 4437 1281 4502 audacia,
1314 4435 1532 4492 tristitia
1553 4445 1609 4490 et
1633 4435 1915 4505 gaudium,
1941 4441 2106 4503 atque
2135 4433 2222 4490 his
2255 4434 2327 4488 si-

2409 1960 2518 2014 τῶν
2551 1959 2895 2031 πραγμάτων
2919 1958 3222 2014 ἀκολουθεῖ.

2480 2049 2570 2104 οδ’.
2596 2051 2694 2104 Διὰ
2722 2051 2832 2104 τῶν
2861 2051 3030 2122 τριῶν
3057 2051 3263 2104 τούτων
3283 2051 3552 2120 λαμϐάνει
3574 2053 3603 2103 ὸ
3630 2050 3756 2114 νοῦς
3791 2053 3860 2103 τά
3893 2053 3986 2110 ἐγ).-

2413 2143 2557 2213 παθῆ
2585 2144 2833 2213 νοήματα
2849 2160 2862 2172 ·
2885 2143 2974 2198 διὰ
2996 2143 3096 2213 τῆς
3119 2143 3445 2212 αἰσθήσεως,
3475 2143 3562 2197 διὰ
3591 2145 3689 2212 τῆς
3710 2145 3986 2213 κράσεωκ

2411 2233 2503 2286 διὰ
2533 2233 2633 2301 τῆς
2670 2233 2909 2304 μνήμης.
2947 2233 3054 2286 Καὶ
3089 2233 3177 2284 διὰ
3210 2233 3308 2301 μὲν
3340 2231 3437 2302 τῆς
3481 2232 3791 2301 αἰσθήσεως
3815 2275 3828 2295 ,
3862 2234 3988 2284 inv

2413 2317 2821 2386 προσϐάλλοντα
2849 2317 2986 2386 αὐτῇ
3020 2315 3417 2384 τὰπράγματα
3441 2316 3577 2385 πρὸς
3605 2316 3749 2386 άπερ
3778 2316 3852 2369 τά
3893 2318 3987 2369 πά-

2415 2407 2481 2478 θη
2533 2407 2882 2478 κεκτήμεθα,
2929 2410 3053 2477 κινῇ
3107 2407 3271 2460 αὑτὸν
3321 2407 3457 2478 πρὸς
3527 2409 3799 2478 ἐμπαθεῖς
3841 2409 3982 2476 λογι-

2415 2501 2605 2570 σμούς.
2630 2499 2728 2554 Διὰ
2742 2501 2797 2554 δὲ
2824 2501 2923 2571 τῆς
2953 2502 3222 2571 κράσεως,
3257 2500 3386 2553 ὅταν
3419 2500 3478 2565 ἐξ
3509 2500 3813 2554 ἀκολάστου
3854 2502 3989 2553 διαί-

2414 2609 2533 2662 της,
2565 2593 2598 2663 ἢ
2625 2592 2906 2662 ἐνεργείας
2951 2592 3303 2662 δαιμόνων,ἢ
3362 2593 3665 2662 νοσήματός
3716 2608 3867 2656 τινος
3900 2594 3988 2647 άλ-

2415 2683 2761 2755 λοιουμένηή
2793 2682 2888 2736 τοῦ
2933 2683 3188 2754 σώματος
3217 2685 3435 2754 κρᾶσις,
3469 2687 3590 2754 κινῇ
3623 2684 3788 2736 αὐτὸν
3830 2684 3992 2738 πάλιν

2416 2777 2551 2846 πρὸς
2577 2777 2844 2848 ἐμπαθεῖς
2864 2777 3181 2847 λογισμοὺς,
3207 2777 3239 2847 ἢ
3261 2777 3401 2830 κατὰ
3442 2777 3539 2845 τῆς
3575 2778 3862 2846 Προνοίας.
3895 2778 3991 2830 Διὰ

2416 2871 2472 2924 δὲ
2505 2868 2604 2938 τῆς
2637 2870 2879 2940 μνήμης,
2902 2870 3027 2922 ὅταν
3078 2869 3188 2922 τῶν
3247 2868 3589 2939 πραγμάτων
3643 2868 3783 2940 πρὸς
3851 2869 3993 2938 ἅπερ

2419 2962 2770 3031 πεπόνθαμεν
2797 2962 2866 3014 τὰ
2899 2963 3146 3031 νοήματα
3184 2963 3217 3032 ή
3261 2962 3448 3032 μνήμη
3475 2962 3747 3034 ἀναφέρῃ,
3780 2963 3878 3016 καὶ
3912 2980 3992 3016 κιο

2418 3056 2482 3124 νῇ
2514 3053 2676 3106 αὑτὸν
2705 3054 2906 3124 ὁμοίως
2941 3054 3074 3125 πρὸς
3104 3053 3369 3124 ἐμπαθεῖς
3394 3053 3709 3123 λογισμούς.

2489 3234 2582 3290 (ιε’.
2615 3236 2734 3289 Τῶν
2782 3239 2860 3300 εἰς
2927 3238 3120 3308 χρῆσιν
3163 3237 3314 3306 παρὰ
3370 3235 3506 3290 Θεοῦ
3561 3236 3827 3291 δοθέντων
3864 3239 3999 3308 ἡμῖν

2419 3331 2762 3400 πραγμάτων
2795 3371 2810 3394 ,
2846 3330 2913 3382 τὰ
2963 3330 3082 3400 μὲν,
3121 3330 3180 3380 ὲν
3218 3333 3282 3399 τῇ
3337 3329 3484 3400 ψυχῇ
3511 3370 3526 3393 ,
3567 3331 3635 3382 τὰ
3688 3331 3767 3394 δὲ,
3809 3331 3870 3382 ἐν
3921 3331 3999 3400 τῷ

2422 3420 2683 3490 σώματι,
2737 3419 2808 3471 τὰ
2859 3418 2936 3481 δὲ,
2989 3419 3119 3489 περὶ
3159 3419 3222 3470 τὸ
3265 3418 3424 3488 σῶμα
3477 3419 3814 3488 εὑρίσκεται,
3863 3416 3997 3479 οἷον.

2419 3512 2478 3564 ὲν
2531 3511 2631 3580 μὲν
2682 3514 2748 3581 τῇ
2799 3511 2967 3582 ψυχῇ,
3005 3512 3062 3564 αἱ
3117 3510 3376 3580 δυνάμεις
3436 3512 3607 3582 αὐτῆς
3645 3529 3660 3542 ·
3691 3514 3750 3565 ὲν
3807 3513 3863 3566 δὲ
3922 3513 4000 3582 τῷ

2423 3605 2654 3672 σώματι,
2695 3603 2763 3656 τὰ
2799 3603 3132 3676 αἰσθητήρια
3169 3605 3264 3656 καὶ
3291 3604 3359 3657 τά
3395 3603 3560 3657 λοιπά
3587 3605 3726 3674 μέλη
3751 3620 3764 3634 ·
3790 3607 3922 3676 περὶ
3942 3605 3998 3657 δὲ

2420 3697 2481 3749 τὸ
2529 3694 2728 3766 σῶμα,
2763 3695 3062 3767 βρώματα,
3107 3697 3386 3766 κτήματα,
3447 3697 3540 3750 καὶ
3582 3697 3650 3750 τὰ
3705 3697 3856 3767 ἑξῆς.
3927 3699 3999 3749 Τὸ

2422 3784 2516 3843 οὖν
2567 3784 2624 3842 εὖ
2682 3788 2891 3853 τούτοις
2943 3789 3316 3860 χρήσασθαιή
3373 3790 3646 3860 κακῶς,ἢ
3709 3791 3821 3852 τοῖς
3871 3792 3999 3860 περὶ

2423 3879 2594 3933 ταῦτα
2653 3878 3074 3950 συμϐεϐηκόσιν,
3109 3880 3142 3950 ἢ
3177 3881 3518 3952 ὲναρέτουςή
3549 3881 3789 3950 φαύλους
3852 3883 4000 3951 ἡμᾶς

2423 3971 2736 4041 ἀποφαίνει.

2498 4060 2604 4126 ος’.
2629 4062 2750 4114 Τῶν
2781 4063 2838 4114 ἐν
2858 4066 2970 4126 τοῖς
3007 4062 3300 4133 πράγμασι
3330 4062 3873 4132 συμϐεϐηκότων,τὰ
3905 4066 4003 4134 μέν

2425 4157 2530 4209 εἰσι
2555 4153 2662 4208 τῶν
2693 4156 2750 4207 ὲν
2787 4159 2852 4224 τῇ
2883 4154 3027 4226 ψυχῇ
3055 4194 3071 4220 ,
3099 4155 3167 4209 τά
3190 4155 3276 4220 δὲ,
3303 4155 3414 4209 τῶν
3443 4157 3501 4208 ἐν
3532 4155 3610 4226 τῷ
3643 4155 3861 4226 σώματι
3885 4197 3902 4219 .
3937 4160 4005 4210 τά

2425 4247 2505 4311 δὲ,
2537 4247 2645 4300 τῶν
2677 4248 2808 4316 περὶ
2839 4247 2899 4300 τὺ
2927 4247 3091 4318 σῶμα
3123 4248 3482 4318 πραγμάτων.
3514 4249 3625 4302 Καὶ
3673 4249 3780 4302 τῶν
3813 4249 3918 4319 μὲν
3946 4252 4004 4302 ἐν

2425 4342 2490 4412 τῇ
2518 4338 2686 4410 ψυχῇ,
2722 4333 2854 4405 οἷον,
2898 4339 3102 4409 γνῶσις
3156 4340 3250 4394 καὶ
3301 4339 3515 4409 άγνοια,
3572 4341 3711 4411 λήθη
3741 4343 3839 4396 καὶ
3869 4345 4004 4412 μνῆ.

2430 4449 2504 4503 μη
2529 4471 2543 4494 .
2576 4431 2763 4502 ἀγάπη
2799 4433 2890 4485 καὶ
2925 4434 3104 4502 μῖσος,
3133 4431 3296 4500 φόϐος
3331 4433 3427 4485 καὶ
3453 4432 3652 4504 θάρσος
3679 4473 3695 4496 ,
3730 4433 3878 4504 λύπη
3912 4437 4004 4487 καὶ

758 4529 926 4581 milia.
962 4527 1020 4581 lu
1054 4539 1286 4596 corpore
1333 4537 1538 4589 autem,
1585 4534 1717 4594 puta
1779 4525 2032 4594 voluptas
2057 4532 2113 4580 et
2145 4524 2302 4579 dolor

2429 4523 2593 4595 χαρά,
2633 4524 2728 4577 καὶ
2781 4523 2851 4576 τά
2907 4523 3036 4594 ἑξῆς
3061 4539 3075 4552 ο
3107 4524 3215 4576 τῶν
3252 4523 3309 4576 δὲ
3361 4527 3418 4577 ἐν
3464 4525 3544 4595 τῷ
3596 4525 3835 4595 σώματι,
3866 4524 4001 4587 οἷον,

757 4636 950 4675 sensus
995 4629 1050 4675 ct
1080 4619 1307 4684 orbitas,
1374 4617 1631 4672 valetudo
1667 4624 1725 4670 et
1755 4615 2056 4687 :cgritudo,
2119 4615 2232 4669 vita
2267 4626 2325 4671 et

757 4726 926 4775 mors,
977 4719 1034 4777 et
1065 4709 1286 4764 similia.
1322 4709 1481 4764 Circa
1523 4723 1726 4778 corpus
1761 4722 1914 4770 vero,
1949 4705 2119 4760 veluti
2173 4707 2322 4775 larga

2433 4616 2593 4688 ήδονὴ
2617 4616 2712 4669 καὶ
2752 4617 2938 4681 πόνος,
3003 4617 3255 4686 αἴσθησις
3273 4617 3366 4669 καὶ
3394 4618 3645 4688 πήρωσις
3669 4657 3685 4680 ,
3723 4619 3887 4685 ὑγεία
3915 4621 4004 4671 καὶ

2430 4710 2604 4774 νόσος,
2664 4708 2776 4779 ζωή
2821 4709 2914 4762 καὶ
2971 4708 3218 4770 θάνατος,
3251 4709 3345 4761 καὶ
3395 4708 3463 4761 τά
3505 4709 3750 4764 τοιαῦτα.
3783 4711 3912 4763 Τῶν
3951 4712 4012 4764 δὲ

758 4803 941 4872 proles
968 4802 1197 4872 ejusque
1238 4801 1504 4864 carentia,
1536 4800 1742 4854 divitia:
1771 4809 1826 4853 et
1863 4806 2182 4868 paupertas,
2217 4798 2308 4868 glo

2431 4803 2559 4871 περὶ
2584 4800 2644 4854 τὸ
2673 4799 2854 4870 σῶμα,
2893 4794 3023 4864 οἷον,
3061 4799 3312 4853 εὐτεκνία
3341 4801 3436 4852 καὶ
3481 4801 3727 4867 ἀτεχνία,
3774 4802 4012 4865 πλοῦτνς

759 4893 840 4946 ria
889 4901 947 4946 et
1000 4891 1321 4961 ignominia,
1387 4906 1453 4946 ac
1487 4888 1756 4961 ejusmodi
1818 4889 2048 4958 reliqua.
2099 4887 2328 4953 Horum,

757 4984 860 5038 alia
911 4983 1074 5046 bona,
1111 4982 1216 5037 alia
1253 4983 1394 5036 mala
1458 4982 1744 5036 hominum
1771 4981 1978 5050 judicio
2033 4979 2326 5044 habentur,

759 5091 882 5132 cum
937 5075 1072 5130 nihil
1132 5075 1188 5129 in
1234 5075 1315 5130 eis
1354 5074 1555 5128 malum
1613 5074 1685 5128 sit
1749 5073 1966 5142 propria
2026 5072 2202 5142 ipsius
2236 5088 2326 5126 ra-

763 5236 770 5242 -
829 5211 901 5280 (b)
940 5208 1018 5277 Τῇ
1045 5210 1394 5279 ἐσφα.ιμένῃ
1433 5209 1551 5263 τῶν
1579 5209 1893 5280 νοημάτων
1930 5207 2162 5280 χρήσει.
2207 5209 2325 5280 Usu

755 5279 873 5338 cum
907 5296 1085 5333 errore
1107 5282 1405 5350 conjuncta.
1443 5281 1594 5336 Unus
1619 5280 1822 5346 Regius
1877 5279 2096 5350 habuit»
2123 5279 2322 5350 κρίσει.

759 5352 864 5408 Sed
891 5360 1019 5405 etc.
1051 5350 1139 5413 82,
1169 5348 1260 5403 ubi
1293 5351 1484 5404 eadem
1533 5350 1804 5404 sententia
1850 5357 1956 5411 est,
2012 5348 2327 5417 habentque

795 5420 988 5499 crinde
1011 5420 1190 5499 edita,
1216 5421 1428 5499 χρήσει,
1458 5419 1792 5499 licgiicodd.
1832 5427 1888 5472 et
1952 5417 2106 5499 Dufr.
2147 5419 2326 5488 κρίσει

777 5493 998 5547 labent:
1034 5490 1136 5544 fuit
1167 5488 1325 5544 faeile
1358 5489 1682 5558 antiquariis
1717 5491 1953 5542 alterum
1979 5488 2152 5541 altero
2203 5504 2319 5544 mu-

758 5575 895 5623 tare,
915 5576 1038 5615 cum
1071 5576 1261 5614 sensus
1276 5571 1528 5614 neutrmn
1556 5559 1806 5612 videatur
1834 5573 2110 5624 respuere,
2145 5567 2200 5610 et
2225 5573 2324 5610 vo-

758 5648 849 5686 ces
879 5633 956 5685 sic
983 5646 1120 5684 sono
1142 5630 1332 5684 allincs
1365 5629 1479 5683 sint
1525 5629 1746 5698 ipsaque
1795 5626 2114 5696 scriptione.
2160 5627 2331 5698 Magis

759 5714 939 5755 tamen
963 5709 1147 5768 putem
1177 5700 1462 5768 scripsisse
1524 5697 1738 5768 κρήσει,
1797 5698 1942 5766 quod
1989 5705 2047 5750 et
2103 5697 2326 5750 retinui.

760 5772 916 5828 Unde
937 5785 1054 5839 cap.
1086 5771 1151 5824 78
1189 5787 1202 5822 :
1239 5771 1329 5840 Μή
1357 5769 1757 5840 παραχρῶτοίς
1810 5770 2070 5836 νοήμασιν
2133 5770 2329 5830 ubique

2427 4893 2522 4947 καὶ
2591 4893 2772 4954 πενία,
2827 4891 2953 4954 δόξα
3005 4893 3098 4943 καὶ
3143 4891 3367 4956 ἀδοξία,
3401 4894 3494 4947 καὶ
3537 4895 3605 4946 τά
3656 4893 3811 4964 ἑξῆς.
3871 4896 4012 4948 Τοὺ-

2426 5000 2535 5036 των
2564 4983 2652 5044 δὲ,
2688 4982 2757 5034 τὰ
2810 4982 2910 5051 μὲν
2946 4981 3107 5046 καλὰ,
3130 4983 3196 5033 τά
3249 4981 3306 5034 δὲ
3346 4981 3494 5036 κακὰ
3530 4985 3646 5046 τοῖς
3693 4984 4016 5056 ἀνθρώποις

2428 5073 2726 5143 νομίζεται,
2762 5072 2914 5125 οὐδὲν
2957 5071 3136 5126 αὐτῶν
3199 5089 3366 5126 κακον
3411 5072 3470 5126 ὃν
3509 5074 3587 5145 τῷ
3654 5074 3771 5144 ἰδίῳ
3835 5077 4015 5146 λόγῳ·

2425 5225 2766 5281 componens
2800 5225 2956 5265 usum
2993 5211 3141 5276 usui,
3170 5211 3223 5266 in
3251 5212 3418 5266 animi
3459 5211 3772 5267 rationibus
3843 5223 3902 5267 et
3957 5215 4018 5270 in

2429 5282 2633 5344 rebus;
2668 5282 2996 5351 egregieque
3019 5283 3248 5350 exponit
3273 5293 3468 5337 auctor
3499 5281 3685 5336 Schol.
3743 5299 3812 5336 ex
3855 5284 4016 5339 Dufr.

2429 5351 2551 5406 cod.
2610 5351 2666 5404 in
2740 5367 3039 5422 sacrarum,
3080 5351 3402 5421 imaginum,
3468 5352 3577 5404 τῶν
3637 5358 4022 5422 χαρακτήρων

2429 5422 2723 5494 νοήμασιν·
2758 5421 2962 5494 quibus
2995 5421 3146 5494 abuti
3162 5423 3404 5494 ostendit
3432 5422 3524 5492 qui
3556 5421 4020 5494 casimpugncnt.

2430 5491 2891 5558 Repraisentamla
2920 5491 3034 5544 hrec
3064 5491 3271 5545 scholia
3296 5499 3419 5560 post
3445 5491 3705 5561 quartum
3749 5491 4026 5548 centena-

2431 5561 2600 5621 rium,
2625 5576 2747 5627 quze
2771 5561 3000 5614 alterius
3032 5562 3217 5629 potius
3250 5562 3531 5623 videntur,
3559 5577 3724 5630 quam
3775 5563 4022 5625 Maximi,

2433 5647 2496 5680 ac
2520 5631 2639 5709 ejus
2664 5631 2756 5698 qui
2785 5641 2904 5699 post
2933 5631 3394 5685 lconoclastarum
3421 5643 3604 5686 natam
3658 5631 3914 5688 haeresim
3939 5637 4027 5688 vi-

2435 5710 2596 5752 ΧΟΓΙΙ..
