4208 6436
264 397 397 459 ιοῡς)

1111 392 1465 459 (ἶλῬΙΤίῖλΙ
1511 397 1604 457 DE
1645 389 2071 451 (Ili.\lllT.\TE
2108 388 2491 447 CENTUillA
2538 389 2612 447 ΙΙ.

3366 383 3503 445 1010

262 511 416 579 παρὰ
444 510 497 562 δὲ
525 512 620 576 τὴν
649 513 859 582 χρῆσιν,
884 512 992 564 εἴτε
1034 512 1186 565 κακὰ
1226 513 1449 581 κυρίως,
1486 512 1593 562 εἴτε
1656 504 1833 573 ἀγαθὰ
1868 508 1906 558 Α

1868 508 1906 558 Α
1941 499 2118 563 tione;
2158 498 2252 551 sed
2298 514 2467 565 pcncs
2528 512 2682 549 usum
2741 510 2866 549 vere
2901 503 2995 546 aut
3031 494 3189 554 mala,
3229 502 3324 545 aut
3359 492 3498 545 bona

262 601 594 671 εὑρίσκεται.

336 695 431 759 οξ.
463 699 615 770 Καλὴ
663 703 695 769 ἡ
750 701 948 768 γνῶσις
995 704 1063 772 τῇ
1127 699 1328 767 φύσει’
1389 698 1589 768 ὁμοίως
1643 697 1697 747 6‘:
1742 698 1835 747 ml.

263 788 426 857 ὑγεία
451 808 462 819 ο
490 791 625 844 ἀλλά
659 794 919 847 τάναντία
939 776 1066 856 τοίἶς
1086 794 1312 856 πολλοὺς
1336 795 1478 863 ἥπερ
1500 792 1671 844 ταῦτα
1694 790 1836 855 ὢνη-

266 897 380 933 σεν.
422 881 546 943 Τοῖς
600 885 704 955 γὰρ
744 884 966 953 φαύλοις
1034 887 1133 938 οὐκ
1195 886 1274 949 είς
1345 884 1579 951 καλὸνὴ
1630 881 1838 948 γνῶσις

267 971 576 1041 συμϐαίνει,
607 977 655 1027 εί
690 978 782 1029 καὶ
808 980 873 1047 τῇ
912 977 1090 1047 φύσει,
1120 977 1196 1040 ὡς
1222 978 1437 1048 εἴρηται
1457 1016 1472 1041 ,
1505 976 1622 1028 ἐστὶ
1656 974 1793 1043 καλή
1821 990 1833 1003 -

262 1064 465 1129 ὁμοίως
485 1065 537 1118 δὲ
557 1066 674 1119 οὐδὲ
693 1068 867 1136 ὑγεία,
894 1070 1013 1123 οὐδὲ
1036 1070 1283 1132 πλοῦτος,
1307 1069 1426 1121 οὐδὲ
1444 1067 1604 1137 χαρά.
1632 1067 1705 1119 Οὐ
1731 1065 1836 1135 γὰρ

269 1156 655 1225 συμφερόντως
676 1159 885 1222 τούτοις
917 1159 1233 1229 κέχρηνται.
1262 1161 1408 1230 Ἀρα
1444 1154 1538 1212 οὖν
1572 1157 1833 1211 τάναντία

267 1246 479 1307 τούτοις
510 1249 797 1320 συμφέρει.
836 1251 1045 1303 Οὐκοῦν
1077 1251 1197 1304 οὐδὲ
1232 1252 1417 1304 ἐκεῖνα
1453 1250 1600 1304 κακά
1622 1250 1697 1320 τῷ
1726 1249 1838 1317 ἰδίῳ

267 1337 412 1406 λύγῳ
442 1340 720 1408 τυγχάνει,
753 1343 800 1393 εί
830 1343 922 1396 καὶ
951 1342 1098 1396 δοκεῖ
1123 1343 1268 1396 κακά
1298 1340 1459 1396 εἶναι.

342 1508 442 1580 οη⁹.
470 1513 559 1581 Μὴ
587 1514 861 1584 παραχρῶ
896 1516 1009 1576 τοῖς
1042 1514 1307 1584 νοήμασιν
1335 1512 1468 1584 (19),
1507 1514 1595 1566 ἵνα
1647 1513 1721 1581 μὴ
1781 1511 1840 1575 ἐξ

271 1603 520 1673 ἀνάγκης
575 1605 811 1668 καὶτοῖς
859 1592 1150 1675 πράγμασι
1196 1606 1547 1675 παραχρήσῃ.
1581 1605 1703 1658 Ἐὰν
1733 1604 1839 1674 γὰρ

271 1694 463 1760 μήτις
531 1694 747 1765 πρῶτον
807 1694 947 1749 κατά
1002 1694 1241 1749 διάνοιαν
1294 1695 1726 1766 ἀμαρτάνῃ,οὺκ
1772 1694 1840 1748 ἂν

270 1782 496 1853 ἁμάρτῃ
528 1783 659 1837 ποτὲ
688 1786 809 1838 κατ’
836 1784 1139 1856 ἐνέργειαν.

1938 590 2370 657 comperiantur.

2010 681 2096 732 '77.
2142 680 2286 733 Bona
2348 688 2432 733 est
2479 687 2671 730 natura
2732 677 3001 742 scientia;
3063 675 3321 729 similiter
3375 689 3507 727 vero

1938 772 2103 825 etiam
2162 773 2367 825 sanitas
2408 788 2420 823 :
2459 771 2647 824 multis
2709 778 2887 823 tamen
2940 770 3113 839 magis
3178 766 3509 837 profuerunt

1941 864 2139 916 horum
2180 864 2476 917 contraria.
2530 862 2682 916 Malis
2714 863 2860 913 enim
2898 876 2961 915 ac
2991 860 3279 932 improbis,
3306 873 3417 913 non
3453 857 3507 911 in

1942 955 2147 1008 bonum
2174 953 2321 1009 cedit
2355 954 2613 1018 scientia;
2646 952 2863 1007 tametsi
2901 952 3013 1017 illa,
3060 961 3121 1005 ut
3143 952 3350 1005 dictum
3401 955 3506 1011 est,

1940 1056 2135 1101 natura
2167 1047 2240 1101 sit
2272 1046 2445 1111 bona;
2481 1047 2705 1115 parique
2743 1046 2953 1100 ratione
2978 1057 3082 1099 nec
3108 1043 3385 1105 valetudo,
3408 1056 3510 1095 nec

1942 1138 2167 1199 divitiae,
2196 1152 2377 1207 neque
2423 1138 2698 1207 gaudium.
2736 1137 2854 1192 Non
2905 1137 3054 1191 enim
3108 1135 3197 1189 his
3258 1142 3509 1193 utuntur,

1946 1238 2005 1283 ut
2038 1231 2145 1284 illis
2178 1239 2262 1284 est
2295 1230 2449 1285 utile.
2498 1230 2668 1299 Igitur
2698 1227 3016 1285 conducunt
3056 1229 3252 1281 horum
3289 1233 3508 1280 contra-

1945 1321 2043 1373 ria.
2082 1321 2224 1389 Ergo
2250 1336 2353 1374 nec
2387 1321 2477 1373 illa
2511 1322 2651 1374 mala
2685 1329 2813 1373 sunt
2877 1320 3096 1389 propria
3143 1320 3389 1388 ipsorum
3428 1332 3511 1370 ra-

1943 1414 2113 1475 tione,
2144 1414 2246 1467 etsi
2278 1414 2537 1467 videntur
2569 1428 2689 1467 esse
2723 1413 2882 1467 mala.

2016 1505 2102 1557 78.
2141 1504 2282 1559 Cave
2321 1504 2567 1558 abutaris
2615 1501 3046 1574 cogitationibus
3079 1500 3357 1569 animique
3387 1514 3513 1553 sen-

1942 1597 2022 1651 sis
2050 1638 2064 1658 ,
2128 1612 2197 1652 ne
2258 1606 2315 1653 et
2343 1597 2509 1651 rebus
2565 1597 2876 1653 necessario
2909 1594 3173 1650 abutaris.
3216 1593 3328 1648 Nisi
3362 1593 3510 1645 enim

1941 1689 2068 1757 quis
2092 1690 2247 1757 prius
2281 1699 2462 1745 mente
2495 1698 2704 1760 peccet,
2740 1704 3021 1759 nunquam
3048 1688 3167 1759 ipso
3197 1694 3321 1743 actu
3346 1694 3511 1755 atque

1943 1794 2109 1847 opere
2141 1780 2467 1847 peccaverit.

341 1876 438 1931 οϐ’.
463 1876 639 1930 Είκὼν
686 1877 780 1931 τοῦ
823 1878 1009 1949 χοϊκοῦ
1070 1881 1127 1933 al
1172 1877 1385 1946 γενικαὶ
1424 1878 1611 1932 κακίαι
1669 1877 1840 1949 ὑπάρ-
1872 1842 1914 1897 Β

1872 1842 1914 1897 Β
1981 1842 2099 1924 -79.
2141 1842 2369 1926 :Ferreni
2410 1874 2587 1942 imago
2638 1881 2768 1927 sunt
2802 1873 3077 1943 generalia
3122 1873 3289 1927 vitia:
3325 1870 3509 1927 stulti-

267 1988 459 2039 χουσιν
487 1988 501 2002 °
547 1969 681 2037 οἷον,
731 1974 1030 2045 ἀφροσύνη,
1064 1972 1255 2036 δειλία,
1312 1971 1596 2036 ἀκολασία,
1635 1971 1836 2025 ἀδικία.

275 2063 460 2119 Είκὼν
490 2064 545 2119 δὲ
567 2066 661 2119 τοῦ
686 2066 1030 2136 ἐπουρανίου,
1071 2067 1126 2118 al
1168 2066 1382 2133 γενικαὶ
1424 2066 1613 2134 ἀρεταὶ
1642 2104 1656 2127 ,
1689 2059 1800 2115 οἷον
1823 2103 1838 2129 ,

269 2157 559 2225 φρόνησις.
625 2159 866 2230 ἀνδρεία,
899 2159 1246 2230 σωφροσύνη,
1277 2158 1615 2227 δικαιοσύνη.
1654 2155 1840 2209 Ἀλλά

268 2248 467 2315 καθὼς
487 2250 859 2318 ἐφορέσιιμεν
876 2251 992 2318 τὴν
1012 2253 1214 2305 εἰκόνα
1243 2250 1351 2304 τοῦ
1385 2249 1593 2318 χοϊκοῦ
1620 2288 1634 2313 ,
1667 2246 1839 2316 φορέ-

269 2355 476 2408 σωμεν
499 2341 594 2395 καί
636 2341 753 2409 τὴν
777 2343 983 2396 εἰκόνα
1014 2342 1118 2396 τοῦ
1151 2341 1538 2410 ἐπουρανίου.

345 2431 418 2484 π’.
461 2434 520 2485 Ei
549 2432 722 2496 θέλεις
752 2434 935 2504 εὑρεῖν
969 2435 1067 2505 τὴν
1098 2434 1215 2487 ὁδὸν
1263 2433 1359 2504 τὴν
1407 2434 1723 2500 ἀπάγουσαν
1761 2434 1839 2495 είς

266 2526 369 2593 τὴν
402 2525 563 2596 ζωὴν,
599 2528 657 2578 ὲν
689 2529 756 2597 τῇ
780 2525 883 2596 ὁδῷ
903 2526 1071 2597 αὐτὴν
1120 2527 1292 2595 ζήτει,
1324 2528 1486 2581 κάκεῖ
1519 2526 1690 2595 αὐτὴν
1743 2526 1836 2576 εὑ-

271 2621 502 2689 ρίσκεις,
536 2623 600 2689 τῇ
627 2620 854 2691 είπούσῃ
885 2636 900 2651 ο
945 2619 1086 2689 Ἐγώ
1108 2622 1223 2690 ειμι
1250 2620 1288 2687 ἡ
1330 2618 1487 2683 ὁδὸς,
1522 2619 1619 2671 καί
1651 2620 1687 2685 ἡ
1708 2615 1820 2681 (wh

268 2709 429 2774 καὶὴ
468 2710 735 2773 ἀλήθεια.
769 2711 915 2780 Πλὴν
953 2711 1161 2781 σφόδρα
1212 2710 1468 2780 ὲμπόνως
1508 2709 1682 2779 ζήτει,
1705 2707 1839 2761 διότι

269 2801 467 2868 ὀλίγοι
506 2803 666 2856 εἰσὶν
712 2806 765 2855 οἱ
815 2803 1203 2870 εὑρίσκοντες
1239 2802 1469 2869 αὐτήν·
1502 2802 1597 2854 καὶ
1651 2803 1841 2870 μήπως

268 2892 383 2943 τῶν
445 2890 639 2960 ὀλίγων
695 2891 1064 2961 ἀπολειφθεὶς,
1122 2893 1259 2962 μετά
1318 2892 1426 2946 τῶν
1498 2891 1709 2944 πολλῶν
1756 2894 1842 2945 εὑ-

279 2980 514 3053 ρεθήσῃ.

347 3081 455 3125 πα’.
475 3073 573 3127 Διά
601 3074 666 3127 τὰ
680 3075 837 3128 πέντε
860 3075 1029 3128 ταῦτα
1060 3078 1091 3146 ἡ
1116 3076 1258 3146 ψυχὴ
1280 3076 1385 3129 ἀπὸ
1411 3077 1692 3146 ἁμαρτιῶν
1712 3078 1841 3129 ἀνα-

275 3165 540 3219 κόπτεται
576 3182 588 3193 ·

1946 1960 2040 2024 tia,
2070 1960 2304 2029 ignavia,
2366 1961 2808 2031 intemperantia,
2851 1964 3137 2034 injustitia.
3194 1962 3376 2033 imago
3409 1978 3504 2018 au-

1945 2062 2049 2106 tem
2092 2055 2351 2116 cmlestis,
2406 2055 2723 2123 prudentia,
2782 2056 3068 2121 fortitudo,
3120 2054 3508 2125 temperantia,

1941 2144 2150 2213 iustitia
2196 2162 2208 2197 :
2252 2146 2441 2199 Verum
2465 2150 2600 2200 sicut
2633 2150 2956 2217 portavimus
2986 2148 3270 2218 imaginem
3294 2148 3509 2211 terreni,

1944 2247 2206 2304 portemus
2237 2246 2284 2290 et
2313 2239 2596 2309 imaginem
2633 2240 2849 2293 caalestis
2873 2241 2992 2272 5"“

2007 2436 2093 2489 80.
2135 2436 2191 2490 Si
2241 2437 2325 2492 vis
2360 2438 2609 2493 invenire
2662 2438 2830 2502 viam,
2882 2452 3004 2507 qme
3036 2436 3188 2493 ducit
3221 2435 3289 2492 ad
3323 2437 3511 2500 vitam,

1943 2542 2063 2581 eam
2091 2528 2144 2580 in
2180 2527 2266 2581 via
2301 2542 2506 2596 quaare,
2545 2526 2733 2596 ibique
2764 2542 2885 2580 eam
2919 2527 3196 2591 invenies;
3224 2540 3421 2595 nempe
3459 2526 3511 2579 in

1943 2618 2051 2679 via,
2085 2633 2205 2686 quae
2254 2618 2349 2682 ait,
2389 2617 2500 2687 Ego
2549 2635 2666 2673 sum
2719 2620 2836 2680 via,
2874 2626 2922 2672 et
2956 2619 3062 2671 vita
3117 2624 3167 2669 et
3218 2617 3411 2671 veritas
3446 2616 3513 2669 ".

1944 2706 2135 2773 Quaere
2194 2722 2325 2762 vero
2354 2717 2599 2772 strenue,
2653 2707 3039 2776 indefessoque
3081 2706 3266 2761 labore
3299 2715 3357 2761 et
3402 2706 3514 2761 acri

1946 2799 2232 2864 industria,
2291 2814 2359 2853 eo
2415 2799 2559 2869 quod
2598 2799 2751 2870 pauci
2806 2807 2946 2863 sunt,
3000 2799 3091 2867 qui
3147 2799 3417 2852 inveniunt
3446 2795 3515 2850 il-

1948 2890 2054 2943 lum
2088 2891 2161 2955 “;
2202 2905 2270 2944 ne
2318 2889 2459 2943 forte
2510 2905 2810 2958 paucorum
2854 2888 3070 2943 illorum
3105 2888 3362 2942 exclusus
3405 2902 3511 2940 nu-

1947 2998 2117 3045 mero,
2150 2999 2273 3037 eum
2311 2983 2497 3037 multis
2528 2982 2847 3036 inveniaris.

2019 3074 2106 3128 8|.
2147 3074 2403 3144 Quinque
2438 3076 2541 3129 ista
2573 3083 2723 3137 sunt,
2752 3074 2825 3127 ob
2856 3090 2977 3142 qua:
3006 3073 3224 3127 animus
3257 3088 3287 3127 a
3320 3087 3514 3142 pecca-

625 3166 656 3237 ἢ
687 3166 777 3219 διὰ
806 3167 898 3220 τὸν
918 3166 1079 3234 φόϐον
1108 3166 1214 3219 τῶν
1235 3166 1553 3237 ἀνθρώπων,
1588 3168 1620 3236 ἦ
1644 3166 1730 3219 διὰ
1752 3168 1841 3219 τὸν
1870 3187 1912 3244 c
1948 3166 2017 3219 tis
2056 3166 2287 3221 absterrt

1870 3187 1912 3244 ο
1948 3166 2017 3219 tis
2056 3166 2426 3231 absterretur;
2461 3175 2556 3221 aut
2620 3180 2817 3235 nempe
2883 3165 3123 3219 humano
3177 3164 3393 3228 timore,
3423 3171 3518 3216 aut

272 3256 440 3322 φὸϐςν
467 3258 563 3325 τῆς
592 3259 842 3329 κρίσεως,
878 3259 910 3328 ἣ
942 3258 1027 3311 διὰ
1048 3258 1143 3328 τὴν
1180 3259 1479 3328 μέλλουσαν
1514 3257 1837 3327 μισθαποδο⁴

1934 3256 2127 3333 judicii
2173 3267 2357 3321 metu,
2410 3266 2505 3313 aut
2531 3273 2627 3328 spe
2676 3258 2877 3312 futura:
2927 3256 3220 3320 mercedis,
3266 3265 3361 3310 aut
3421 3255 3512 3309 lici

276 3347 419 3412 σὲαν,
448 3348 479 3417 ἢ
513 3348 599 3401 διὰ
619 3349 717 3419 τὴν
746 3350 967 3419 ἀγάπην
988 3349 1083 3402 τοῦ
1114 3349 1274 3412 Θεοῦ,
1330 3350 1363 3420 ἢ
1406 3350 1713 3404 τελευταῖον
1752 3350 1839 3403 διὰ

277 3437 582 3506 συνείδησιν
605 3439 931 3492 τὲπτουσαν.

350 3527 457 3597 πβ’,
493 3531 650 3592 Τινές
685 3549 867 3599 φασιν,
900 3533 984 3585 ὅτι
1019 3533 1117 3584 οὑκ
1149 3531 1215 3584 ἂν
1238 3527 1306 3601 ἦν
1328 3531 1389 3584 τὸ
1420 3533 1589 3585 κακὸν
1628 3535 1687 3585 ἐν
1729 3536 1840 3596 τοῖς

272 3614 447 3684 ιῖσιν,
478 3622 524 3672 εί
563 3624 691 3691 μήτι
713 3622 757 3674 δ’
789 3622 852 3675 ἂν
883 3623 1044 3692 ἑτέρα
1072 3639 1157 3685 τις
1185 3617 1252 3693 ἦν
1284 3621 1534 3693 δύναμις,
1568 3626 1600 3693 ἡ
1652 3624 1842 3678 ἀνθέλ-

276 3728 447 3764 musa
477 3712 621 3780 ἡμᾶς
652 3714 738 3765 ἐπ’
768 3714 918 3767 αὑτό.
953 3714 1103 3781 Αὕτη
1152 3714 1209 3768 δέ
1247 3716 1395 3769 ἐστιν
1434 3715 1586 3769 οὐδὲν
1635 3718 1841 3787 ἕτερον,

277 3801 313 3869 ἦ
355 3802 526 3870 ἡτῶν
583 3804 721 3858 κατὰ
777 3805 939 3874 φύσιν
997 3807 1091 3860 τοῦ
1137 3806 1228 3860 νοῦ
1262 3808 1557 3879 ἐνεργειῶν
1590 3809 1842 3880 ἀμέλεια.

277 3893 482 3963 Διόπερ
507 3894 554 3947 οἱ
580 3895 783 3949 τούτων
813 3898 912 3966 τὴν
933 3899 1253 3969 ἐπιμέλειαν
1280 3900 1611 3969 ποιούμενοι,
1652 3901 1720 3956 τὰ
1750 3903 1847 3972 μὲν

280 3983 449 4049 καλὰ,
516 3985 607 4038 ἀεὶ
657 3987 869 4041 ποιοῦσι
900 4006 911 4018 ·
948 3989 1018 4042 τὰ
1040 3990 1097 4044 δὲ
1134 3991 1277 4044 κακά
1312 3990 1573 4064 [ΡηὊρα
1626 3994 1677 4046 τί
1733 3998 1848 4049 ἐστι

278 4076 492 4147 κακία],
528 4077 798 4134 οὐδέποτε.
851 4080 915 4134 El
946 4076 1038 4134 οὖν
1068 4081 1243 4145 Θέλεις
1272 4085 1369 4137 κα)⁸
1394 4086 1480 4149 σὺ,
1508 4085 1728 4140 ἄπωσαι
1753 4088 1849 4158 τὴν

277 4168 565 4236 ἀμέλειαν,
597 4171 689 4223 καὶ
716 4173 1134 4238 συναπελαύνεις
1160 4175 1260 4245 τὴν
1288 4176 1487 4229 κακίαν
1509 4193 1522 4205 ·
1555 4178 1675 4246 ἥτις
1706 4181 1852 4232 ἐστιν

277 4263 312 4328 ἡ
350 4262 658 4333 ὲσφαλμένη
692 4265 886 4333 χρῆσις
918 4265 1025 4318 τῶν
1055 4268 1339 4335 νοημάτων
1360 4306 1375 4330 ,
1496 4270 1854 4324 ἐπακολουθεῖ

277 4353 312 4421 ἡ
351 4352 696 4423 παράχρησις
718 4354 826 4408 τῶν
854 4357 1216 4427 πραγμάτων.

356 4440 462 4509 πγ’.
495 4444 646 4497 Κατά
675 4444 835 4513 φύσιν
866 4446 981 4500 ἐστὶ
1006 4447 1096 4501 τοῦ
1127 4450 1185 4501 ἐν
1212 4450 1346 4518 ἡμῖν
1379 4451 1597 4519 λογικοῦ
1630 4454 1850 4524 μέρους,

1941 3349 2231 3413 cliaritate,
2254 3359 2348 3403 aut
2375 3358 2655 3419 postremo
2683 3350 2858 3420 ipsius
2890 3349 3240 3405 conscientia:
3264 3347 3514 3403 verbere.

2010 3532 2172 3605 5.23
2209 3534 2298 3589 82.
2338 3535 2480 3591 Sunt
2506 3537 2601 3607 qui
2651 3538 2857 3603 dicant,
2898 3553 3007 3592 non
3061 3537 3179 3593 fore
3227 3538 3429 3591 malum
3464 3537 3517 3590 in

1946 3623 2131 3689 rebus,
2164 3626 2272 3679 nisi
2295 3636 2443 3681 esset
2483 3628 2587 3682 alia
2618 3628 2866 3698 qumdam
2914 3630 2998 3684 vis
3038 3630 3319 3686 contrario
3360 3629 3515 3698 quasi

1948 3716 2186 3786 impulsu
2220 3718 2273 3772 in
2308 3717 2442 3772 illud
2477 3720 2721 3775 trahens.
2742 3720 2867 3776 llaec
2898 3736 3032 3776 vero
3065 3721 3203 3775 nihil
3234 3720 3381 3774 aliud
3408 3732 3514 3782 est,

1949 3823 2113 3878 quam
2163 3810 2497 3865 naturalium
2547 3811 2719 3866 animi
2758 3812 2959 3867 virium
3016 3812 3517 3882 Operationumquc

1949 3899 2270 3969 neglectus;
2314 3916 2486 3970 quare
2527 3904 2621 3972 qui
2656 3904 2849 3957 harum
2884 3917 3073 3959 curam
3107 3912 3324 3974 gerunt,
3378 3903 3517 3957 bona

1950 4006 2167 4061 semper
2197 4003 2384 4062 agunt,
2409 3994 2552 4049 mala
2584 4010 2735 4059 vero,
2762 4011 3060 4065 nunquam.
3091 3996 3263 4066 Igitur
3292 4006 3349 4049 tu
3379 4011 3518 4064 quo-

1949 4101 2058 4155 que
2109 4086 2154 4140 si
2202 4088 2305 4151 vis,
2350 4088 2493 4157 pelle
2543 4088 2950 4157 negligentiam,
2985 4102 3204 4157 unaque
3233 4086 3426 4141 vitium
3458 4101 3521 4141 ac

1953 4176 2216 4231 malitiam
2266 4178 2561 4247 expulisti;
2598 4178 2844 4232 fallacem
2886 4177 3098 4232 scilicet
3130 4175 3298 4230 animi
3351 4176 3520 4229 ratio-

1956 4283 2084 4321 num
2118 4284 2297 4332 nsum,
2344 4269 2430 4321 cui
2476 4268 2659 4323 statim
2706 4283 2888 4322 eomes
2924 4277 3009 4321 est
3041 4268 3156 4337 ipse
3198 4266 3405 4321 abusus
3437 4280 3523 4320 re-

1957 4373 2100 4411 l'lllll.

2026 4450 2112 4503 85.
2162 4450 2203 4503 E
2233 4457 2427 4503 natura
2481 4459 2584 4513 est,
2619 4450 2738 4519 ejus
2790 4449 2841 4502 in
2872 4449 3031 4503 nobis
3056 4448 3248 4519 partis,
3280 4462 3404 4518 qua:
3436 4464 3522 4502 ra-

278 4534 345 4586 τό
376 4550 435 4587 τε
464 4535 800 4604 ὑποταγῆναι
858 4538 934 4608 τῷ
982 4538 1111 4610 θείῳ
1168 4541 1311 4611 λόγῳ
1340 4584 1355 4608 ,
1415 4545 1507 4596 καὶ
1556 4545 1612 4597 τὸ
1667 4545 1855 4617 ἄρχειν
1889 4530 1929 4583 θ

1889 4530 1929 4583 ι)
1960 4542 2109 4595 tione
2137 4542 2331 4604 utitur,
2363 4552 2442 4605 ut,
2474 4550 2529 4594 et
2554 4541 2755 4595 divina:
2803 4540 3069 4596 subdatur
3096 4540 3317 4604 rationi,
3364 4547 3421 4593 et
3446 4540 3521 4593 illi

281 4624 380 4679 τοῦ
414 4626 472 4678 ὲν
498 4628 631 4697 ἡμῖν
689 4628 883 4696 ἀλόγου
942 4630 1164 4702 μέρους.
1198 4633 1348 4705 Αὕτη
1404 4630 1499 4688 οὖν
1532 4636 1563 4705 ἡ
1615 4636 1767 4700 τάξις
1797 4640 1853 4689 ὲν

285 4715 425 4771 πᾶσι
483 4716 851 4787 φυλαχθήτω,
913 4721 1007 4772 καὶ
1078 4720 1206 4773 οὗτε
1236 4722 1297 4776 τὸ
1366 4724 1535 4777 κακὸν
1588 4726 1736 4778 ἔσται
1799 4728 1857 4779 ὲν

283 4808 401 4869 τοῖς
460 4802 629 4872 οὖσιν,
693 4808 817 4862 οὔτε
875 4810 937 4862 τὸ
983 4811 1071 4865 ἐπ’
1126 4813 1257 4866 αὐτὸ
1316 4813 1574 4871 ἀνθέλκον
1622 4817 1852 4889 εὑρεθή-

291 4912 467 4949 σεται.

502 4987 564 5038 Ol
617 4988 716 5058 μὲν
765 4989 874 5042 τῶν
933 4989 1231 5062 λογισμῶν,
1287 4995 1449 5048 ἁπλοῖ
1491 4998 1650 5062 εἰσιν,
1700 5000 1749 5051 οἱ
1803 5000 1858 5052 δὲ

289 5078 559 5134 σύνθετοι.
595 5081 701 5134 Καὶ
722 5082 884 5135 ἁπλοῖ
909 5081 1008 5151 μέν
1029 5084 1186 5148 εἰσιν,
1222 5086 1271 5137 οἱ
1302 5085 1534 5151 ἀπαθεῖς
1567 5105 1580 5118 ο
1617 5088 1860 5144 σύνθετοι

288 5168 371 5234 δὲ,
406 5169 454 5221 ol
481 5171 768 5239 ἐμπαθεῖς,
800 5173 877 5237 ὡς
909 5174 972 5226 ὲκ
997 5174 1201 5238 πάθους
1232 5177 1325 5230 καὶ
1352 5178 1621 5247 νοήματος
1646 5181 1864 5249 συγκεί-

292 5275 467 5328 μενοι.
504 5260 721 5314 Τούτων
754 5261 929 5327 οὑτως
970 5264 1227 5333 ἐχόντων,
1266 5265 1493 5331 πολλοὺς
1539 5269 1648 5322 τῶν
1675 5272 1863 5326 ἁπλῶν

290 5353 440 5405 ἔστιν
497 5353 622 5406 ἰδεῖν
656 5356 951 5424 ἑπομένους
981 5358 1090 5419 τοῖς
1114 5355 1409 5424 συνθέτοις,
1436 5360 1560 5414 ὅταν
1588 5359 1860 5431 ἄρξωνται

292 5447 562 5502 κινεῖσθαι
592 5449 728 5519 πρὸς
773 5450 835 5503 τὸ
874 5451 1017 5506 κατὰ
1049 5451 1294 5518 διάνοιαν
1321 5453 1675 5525 ἁμαρτάνειν.
1712 5452 1857 5524 Οἷον,

290 5536 373 5600 ἀς
431 5539 524 5590 ἐπὶ
575 5539 669 5592 τοῦ
700 5541 923 5611 χρυσίου
964 5556 979 5572 '
1021 5542 1185 5613 ἀνέϐη
1217 5543 1307 5595 ἐπὶ
1336 5543 1435 5615 τὴν
1471 5546 1690 5617 μνήμην
1719 5550 1861 5612 τινος

290 5628 553 5698 λογισμὸς
608 5631 735 5701 περὶ
784 5632 1007 5702 χρυσίου
1064 5632 1357 5702 ὲμπαθής·
1388 5637 1480 5690 καὶ
1536 5636 1763 5708 ὥρμησε
1794 5644 1858 5710 τῇ

1954 4635 2095 4703 parti
2129 4632 2382 4702 imperet,
2407 4648 2527 4701 quze
2552 4631 2607 4685 in
2642 4631 2802 4686 nobis
2825 4630 3056 4685 rationis
3082 4644 3277 4699 expers
3297 4639 3399 4684 est.
3426 4629 3523 4683 llic

1955 4726 2121 4795 igitur
2156 4726 2293 4779 ordo
2349 4725 2401 4778 in
2429 4724 2687 4779 omnibus
2726 4733 2929 4786 teneat,
2968 4736 3033 4777 ac
3083 4737 3261 4791 neque
3320 4722 3521 4775 malum

1955 4816 2062 4870 erit
2092 4816 2146 4870 in
2194 4816 2380 4877 rebus,
2436 4829 2538 4869 nec
2572 4818 2832 4868 occurret
2880 4811 3089 4882 aliquid
3117 4811 3265 4881 quod
3291 4811 3359 4865 ad
3387 4811 3523 4866 illud

1959 4907 2250 4962 adversum
2290 4905 2490 4959 trahat.

2033 5010 2120 5064 8-1.
2162 5009 2342 5064 Animi
2385 5009 2625 5063 rationes
2660 5023 2723 5063 ac
2759 5006 3140 5077 cogitationes,
3173 5005 3292 5059 alia:
3317 5004 3528 5074 simpli-

1961 5115 2050 5155 ces
2081 5109 2226 5161 sunt,
2252 5100 2372 5153 alia)
2392 5100 2726 5168 compositae.
2746 5099 2823 5153 Ac
2842 5097 3119 5166 simplices
3133 5096 3356 5165 quidem
3378 5104 3525 5159 sunt,

1962 5189 2306 5244 illibidinosac
2331 5198 2388 5244 et
2411 5189 2529 5243 sine
2560 5188 2808 5257 passione
2833 5202 2848 5240 :
2874 5185 3190 5255 composita:
3214 5201 3368 5249 vero,
3398 5186 3528 5239 libi-

1964 5281 2168 5335 dinosa:
2191 5295 2256 5335 ac
2293 5280 2535 5349 passioni
2569 5280 2896 5349 conjunctae,
2934 5287 3190 5349 tanquam
3209 5293 3275 5333 ex
3301 5278 3531 5332 libidine

1966 5384 2061 5422 seu
2086 5368 2358 5436 passione,
2395 5367 2705 5434 mentisque
2732 5373 3001 5433 conceptu
3038 5364 3370 5434 compositae.
3405 5363 3531 5419 Hec

1967 5475 2090 5513 cum
2118 5460 2191 5513 ita
2227 5473 2286 5514 se
2324 5459 2580 5519 habeant,
2625 5456 2815 5511 videre
2846 5465 2933 5511 est
2966 5457 3166 5511 multas
3197 5455 3531 5524 simplicium

1966 5550 2357 5620 cogitationum
2386 5548 2538 5617 sequi
2575 5547 2923 5617 compositas,
2965 5562 3090 5602 cum
3120 5545 3324 5601 moveri
3350 5560 3533 5615 cmpe-

1968 5644 2078 5697 rint
2112 5642 2165 5697 in
2198 5650 2506 5713 peccatum,
2534 5640 2679 5710 quod
2711 5641 2860 5695 intus
2892 5640 3074 5695 animo
3106 5639 3337 5709 geritur.
3370 5639 3533 5692 Velut

368 5809 489 5849 "-"
522 5810 688 5866 lCor.
725 5828 811 5878 xv,
844 5814 929 5867 49.
1008 5816 1050 5845 ⁶⁰
1090 5813 1246 5869 Joan.
1282 5830 1331 5868 Iv
1365 5854 1379 5879 ,
1417 5816 1469 5871 6.
1548 5817 1587 5848 ⁶¹
1625 5815 1815 5870 Matth.
1850 5835 1942 5885 vn,
1986 5819 2066 5870 ll.
