4208 6436
682 412 821 479 1015

1842 414 1885 475 S
1945 413 2235 476 MAXIMI
2274 412 2791 476 CONFESSORIS

3825 413 3969 481 1016

681 531 917 599 divitiae,
938 530 1140 603 gloria,
1167 541 1227 588 et
1251 529 1451 588 similia
1483 546 1497 584 :
1530 528 1616 584 vel
1638 528 1787 600 quod
1817 528 1993 584 tristia
2023 528 2272 585 inferan-

2382 530 2535 592 κνίας
2562 530 2659 584 καὶ
2689 529 2991 601 χρημάτων
3029 528 3126 584 καὶ
3158 528 3340 598 δόξης,
3381 526 3610 582 καὶτῶν
3650 527 3886 599 όμοίωψ
3933 530 3969 600 ἦ

683 639 797 691 tur,
852 632 987 696 puta
1010 623 1227 679 orbatio
1250 622 1580 689 liberorum,
1601 636 1770 692 opum
1791 620 2090 692 gloriaeque
2109 620 2278 675 amis-

680 714 768 769 sio
802 732 816 769 :
849 724 947 771 aut
969 715 1210 785 denique
1239 730 1339 786 per
1368 730 1433 770 ea
1461 731 1585 786 quae
1613 728 1816 785 corpus
1840 714 2184 776 excruciant,
2217 720 2278 767 ut

680 815 815 862 sunt
859 807 1036 862 morbi
1083 816 1141 862 et
1180 815 1479 873 tormenta,
1517 816 1683 876 atque
1718 804 1805 861 his
1834 805 2060 861 similia.
2094 805 2277 875 Atque

678 894 751 949 ad
773 895 990 965 priores
1012 896 1263 966 quidem,
1285 896 1366 952 ait
1390 896 1655 952 Dominus
1679 913 1694 949 :
1721 893 1780 952 Si
1803 898 1922 967 quis
1946 913 2052 950 non
2080 912 2278 950 remm-

679 990 781 1042 tiat
830 988 1070 1045 omnibus
1118 1007 1237 1061 quae
1282 991 1542 1063 possidet,
1595 1007 1701 1044 non
1752 998 1918 1061 potest
1964 1005 2110 1044 metu
2167 1005 2279 1045 me

679 1079 975 1150 discipulus
1014 1083 1082 1138 ".
1116 1082 1198 1138 Ad
1240 1098 1338 1138 eos
1381 1093 1567 1139 autem
1607 1083 1700 1153 qui
1750 1082 1980 1139 secundi
2023 1095 2088 1137 ac
2126 1083 2275 1139 tertii

681 1164 896 1226 ordinis
932 1180 1112 1227 sunt:
1140 1172 1207 1227 In
1250 1173 1510 1243 patientia
1558 1183 1732 1229 vestra
1771 1173 2030 1244 possidete
2067 1175 2277 1230 animus

680 1267 885 1317 uestras
914 1262 981 1315 “.

754 1353 846 1408 92.
887 1352 1140 1420 Quatuor
1171 1353 1326 1417 btec.
1377 1355 1627 1426 corporis
1680 1356 2117 1429 complexionem
2177 1372 2276 1412 seu

685 1452 1187 1514 temperamentum
1227 1446 1523 1504 immutare
1570 1447 1749 1511 aiunt,
1791 1463 1969 1517 caque
2014 1449 2275 1506 immuta-

686 1535 840 1592 tione
877 1537 1243 1610 cogitationes
1282 1538 1490 1604 animo,
1535 1540 1621 1593 vel
1655 1536 2002 1601 libidinosas,
2039 1540 2127 1593 vel
2164 1555 2274 1595 non

683 1626 1047 1691 libidinosas,
1118 1630 1471 1693 ministrare;
1523 1632 1783 1688 videlicet
1848 1632 2106 1702 angelos,
2162 1632 2276 1687 dae-

685 1732 900 1784 mones,
942 1718 1097 1775 aeris
1136 1721 1618 1791 temperationem,
1662 1730 1720 1777 et
1758 1722 1937 1777 victus
1976 1721 2271 1777 rationem.

681 1808 764 1870 Ac
792 1809 1019 1881 quidem
1042 1812 1270 1883 angelos
1310 1813 1468 1869 aiunt
1508 1829 1764 1870 sermone
1792 1816 2119 1879 immutare;
2160 1813 2273 1869 da:-

2379 621 2466 676 διὰ
2486 621 2590 689 τῆς
2608 623 2718 674 τῶν
2742 622 3000 694 λυπηρῶν
3023 622 3289 691 ἐπιφορᾶς
3316 620 3431 690 (20)
3455 637 3471 651 ’
3499 616 3633 685 οἷον,
3658 623 3973 691 στερήσεως

2378 712 2608 777 τέκνων,
2642 716 2742 768 καὶ
2767 713 3067 783 χρημάτων
3100 713 3191 766 καὶ
3216 711 3378 780 δόξης
3404 727 3419 741 ·
3457 712 3491 781 ἢ
3522 711 3611 765 διὰ
3632 712 3744 765 τῶν
3776 712 3975 775 ὀδύνας

2380 802 2752 872 ἐμποιούντων
2780 802 2857 871 τῷ
2897 803 3142 871 σώματι·
3170 796 3302 857 οἷον.
3330 802 3655 872 νοσημάτων
3680 802 3777 855 καὶ
3801 801 3971 871 βασά-

2379 911 2508 960 νων,
2541 893 2636 948 καὶ
2657 894 2765 947 τῶν
2787 893 2935 963 ἑξῆς.
2970 893 3081 947 Καὶ
3111 892 3248 961 πρὸς
3271 892 3371 963 μὲν
3394 892 3522 955 τοὺς
3546 892 3795 962 πρώτους
3819 893 3973 958 λέγει

2379 987 2410 1039 ό
2442 985 2647 1057 Κύριος
2668 1002 2682 1016 ’
2704 986 2775 1040 El
2811 1003 2901 1052 τις
2921 986 3032 1039 οὐκ
3062 983 3473 1039 ἀποτάσσεται
3507 982 3660 1039 πᾶσι
3699 984 3826 1048 τοῖς
3859 988 3974 1038 ὐπ-

2378 1076 2676 1147 ἁρχουσιν
2698 1076 2879 1143 αὐτῷ.
2907 1078 2982 1130 οὐ
3022 1076 3277 1131 δύναταί
3313 1092 3435 1145 μου
3482 1071 3636 1132 εἶναι
3668 1075 3971 1144 μαθητής.

2381 1171 2525 1242 Πρὸς
2556 1171 2612 1225 δι
2642 1172 2771 1235 τοὺς
2794 1170 3083 1240 δευτέρους
3105 1170 3200 1223 καὶ
3222 1169 3441 1239 τρίτους
3460 1186 3474 1200 ·
3520 1168 3618 1221 Ἐν
3638 1165 3709 1235 τῇ
3737 1170 3968 1236 inopo-

2378 1259 2457 1330 νῇ
2486 1260 2658 1331 ὑμῶν
2677 1261 2989 1330 κτήσασθε
3021 1262 3128 1328 τὰς
3160 1260 3368 1330 ψυχὰς
3398 1258 3585 1328 ὑμῶν.

2449 1352 2557 1420 1.,βῆ
2585 1353 2667 1407 Τὰ
2697 1354 2940 1423 τέσσαρα
2969 1353 3145 1409 ταῦτά
3165 1370 3337 1424 φασιν
3367 1352 3659 1408 ἀλλοιῶσαι
3691 1352 3793 1424 τὴν
3825 1355 3937 1423 xei

2380 1461 2466 1499 σιν
2489 1444 2584 1498 τοῦ
2619 1444 2894 1515 σώματος,
2918 1446 3240 1500 καὶ-διδόναι
3264 1446 3345 1516 τῷ
3386 1446 3464 1516 νῷ
3492 1446 3812 1516 λογισμοὺς,
3853 1446 3967 1498 εἴτε

2378 1536 2647 1606 ἐμπαθεῖς
2674 1536 2742 1589 δι’
2784 1539 2975 1608 αὐτῆς,
3026 1538 3135 1591 εἴτε
3168 1538 3433 1602 ἀπαθεῖςο
3461 1533 3594 1602 οἷον,
3630 1538 3761 1601 τοὺς
3798 1537 3971 1605 ἀγγέ-

2378 1632 2525 1696 λους,
2555 1632 2682 1694 τοὺς
2721 1629 3006 1701 δαίμονας,
3053 1632 3181 1695 τοὺς
3216 1630 3408 1699 ἀέρας,
3463 1631 3563 1701 τὴν
3598 1631 3837 1686 δίαιταν.
3867 1630 3975 1681 Καὶ

2377 1724 2505 1786 τοὺς
2537 1721 2639 1793 μὲν
2691 1721 2956 1791 ἀγγέλους
3003 1721 3150 1793 λόγῳ
3181 1723 3349 1793 φασὶν
3392 1722 3718 1776 ἀλλοιῶσαι·
3756 1722 3887 1783 τοὺς
3917 1719 3975 1773 δὶ

2377 1813 2666 1886 δαίμονας,
2703 1814 2771 1868 δι’
2804 1814 3021 1884 ἐπαφῆς
3046 1829 3062 1843 °
3094 1814 3225 1876 τοὺς
3272 1812 3331 1867 δὲ
3364 1813 3558 1883 ἀέρας,
3588 1815 3708 1875 ταῖς
3739 1812 3976 1881 μεταϐο-

683 1913 883 1956 mones
928 1882 1147 1967 autem,
1193 1911 1404 1959 attactu
1454 1918 1553 1959 seu
1603 1903 2072 1971 contrectatione;
2125 1904 2274 1959 aeris

2382 1882 2532 1969 λαῐς⁹
2558 1904 2658 1976 τὴν
2686 1904 2744 1960 δὲ
2775 1882 3007 1971 δίαιταν,
3037 1907 3158 1969 ταῖς
3183 1904 3294 1959 τῶν
3323 1882 3629 1976 βρωμάτων
3655 1904 3751 1958 καὶ
3793 1903 3974 1973 πομά-

685 1992 1171 2061 temperationem,
1201 2010 1309 2066 qua
1348 1996 1485 2051 alias
1526 1996 1772 2066 aliasque
1815 1996 1967 2052 subit
2006 1996 2274 2053 mutatio-

2382 2014 2490 2051 των
2518 1997 2792 2065 ποιότησι,
2829 1997 2925 2049 καί
2944 1995 3273 2067 πλεονασμῷ
3295 1998 3392 2050 καὶ
3432 1994 3727 2050 ἐλαττώσει
3750 2012 3764 2024 ·
3798 1994 3975 2065 παρὲξ

684 2092 787 2136 nes
818 2096 834 2139 ;
872 2079 1055 2139 victus
1091 2083 1387 2149 rationem,
1427 2100 1681 2141 escarum
1720 2100 1786 2142 ac
1828 2094 2059 2155 potuum
2090 2086 2275 2157 quali-

2382 2086 2491 2141 τῶν
2518 2086 2607 2140 διὰ
2636 2087 2859 2156 μνήμης
2889 2086 2983 2140 καὶ
3017 2087 3188 2158 ἀκοῆς
3211 2088 3306 2140 καί
3351 2086 3595 2157 ὁράσεως
3635 2085 3975 2154 συμϐαινου-

685 2170 917 2237 tatibus,
942 2189 1250 2245 eorumque
1280 2175 1618 2236 abundantia
1643 2192 1709 2233 ac
1734 2176 2047 2248 parcitate;
2076 2186 2278 2247 praeter

2386 2179 2496 2232 σῶν
2527 2179 2665 2251 αὐτῇ
2697 2177 3060 2241 ἀλλοιώσεων,
3084 2177 3552 2248 πρωτοπαθούσης
3573 2177 3673 2246 τῆς
3704 2176 3887 2245 ψυχῆς
3909 2177 3974 2228 ὲκ

686 2261 811 2317 illas
861 2263 1305 2333 immutationes,
1357 2283 1481 2339 qua:
1524 2284 1591 2325 ex
1646 2270 1948 2335 memoria,
1996 2270 2274 2341 rebusque

2382 2269 2488 2325 τῶν
2511 2269 2932 2340 συμπιπτόντων
2967 2270 3104 2340 αὐτῇ
3137 2269 3398 2340 λυπηρῶν
3430 2269 3462 2338 ἦ
3491 2267 3826 2338 χαροποιῶν.
3866 2268 3976 2321 Καὶ

682 2351 822 2407 visis
872 2361 1040 2424 atque
1087 2357 1297 2415 auditis
1347 2359 1424 2415 illi
1479 2360 1739 2415 accidunt
1782 2378 1796 2414 :
1834 2361 1913 2416 ita
1957 2362 2170 2418 scilicet
2213 2371 2276 2418 ut

2382 2363 2448 2417 lx
2472 2361 2675 2417 τούτων
2708 2363 2806 2432 μὲν
2835 2363 3122 2431 πάσχουσα
3150 2365 3182 2432 ἡ
3214 2360 3384 2432 ψυχὴ,
3417 2361 3622 2414 ἀλλοιοῖ
3644 2360 3744 2430 τὴν
3774 2360 3973 2428 κρᾶσιν

684 2442 844 2519 prior
876 2446 1098 2502 animus
1125 2448 1417 2515 adiciatur,
1446 2466 1515 2508 ex
1557 2451 1646 2516 iis,
1675 2467 1798 2522 qua:
1837 2453 1915 2508 illi
1960 2452 2137 2508 tristia
2176 2453 2274 2510 lte-

2382 2454 2477 2509 τοῦ
2512 2446 2791 2524 σώματος·
2846 2456 2910 2507 ὲκ
2964 2455 3022 2508 δὲ
3078 2454 3185 2508 τῶν
3222 2453 3634 2524 προειρημένων
3694 2456 3727 2522 ἠ
3775 2453 3973 2522 κρᾶσις

689 2542 813 2588 tave
843 2536 1133 2591 eveniunt.
1167 2539 1347 2609 Atque
1383 2557 1451 2596 ex
1496 2542 1585 2598 bis
1621 2543 1846 2613 quidem
1890 2544 2123 2599 allectus
2156 2546 2278 2600 ani-

2382 2546 2769 2618 ἁλλοιουμένη,
2798 2548 3030 2617 παρέχει
3060 2546 3138 2618 τῷ
3164 2548 3240 2618 νῷ
3264 2548 3576 2617 λογισμούς.

685 2643 831 2692 mus,
858 2632 1108 2701 corporis
1144 2643 1637 2705 temperamentum
1665 2639 1951 2706 immutat;
1981 2641 2272 2713 ipsumque
2308 2657 2378 2698 ex
2408 2643 2535 2710 illis,
2564 2660 2689 2715 qua).
2748 2644 2896 2701 dicta
2926 2655 3078 2711 sunt,
3138 2645 3375 2700 subinde
3406 2646 3788 2709 innnutalum,
3826 2640 3976 2711 cogi-

686 2717 929 2775 tationes
950 2720 1136 2777 animo
1162 2724 1442 2779 ministrat
1469 2741 1533 2780 ac
1565 2727 1792 2795 praebet.

759 2810 849 2864 95.
891 2811 1036 2868 Mors
1067 2813 1290 2883 quidem
1331 2830 1462 2871 vere
1495 2832 1563 2872 ac
1601 2819 1848 2887 proprie.
1886 2821 2161 2889 separatio
2193 2827 2282 2875 est

685 2914 717 2955 tt
746 2898 861 2955 Deo
896 2917 910 2953 :
942 2902 1139 2957 mortis
1176 2912 1363 2959 autem
1414 2905 1697 2972 stimulus,
1737 2919 2025 2977 peccatum
2049 2911 2133 2977 ";
2168 2925 2281 2980 quo

685 2991 935 3048 Adamus
965 3006 1244 3065 suscepto,
1274 2997 1438 3052 simul
1468 3014 1497 3052 a
1528 2999 1679 3069 ligno
1711 3001 1855 3064 vitae,
1882 3013 1937 3056 et
1961 3019 1992 3056 a
2025 3004 2281 3073 paradiso

688 3096 746 3142 ct
786 3087 898 3145 Deo
943 3092 1184 3148 extorris
1232 3093 1412 3150 factus
1460 3105 1580 3161 est;
1639 3100 2063 3170 necessarioque
2113 3103 2279 3155 etiam

2446 2821 2556 2886 ἥγ’.
2586 2817 2828 2881 Θάνατος
2873 2819 2973 2889 μέν
3025 2820 3143 2873 ὲστι
3189 2820 3397 2890 κυρίως
3433 2821 3461 2873 ό
3487 2818 3583 2873 τοῦ
3625 2821 3764 2874 Θεοῦ
3803 2837 3972 2894 χωρν

2380 2909 2548 2979 σμόςο
2586 2910 2811 2980 κέντρον
2838 2911 2895 2964 δὲ
2932 2910 3185 2971 θανάτου,
3228 2913 3260 2983 ἡ
3302 2913 3585 2983 ἁμαρτία·
3627 2913 3655 2966 ὃ
3678 2912 3977 2983 δεξάμενος

2375 3003 2405 3054 ό
2446 3002 2638 3071 Ἀδὰμ,
2667 3002 2803 3071 ὁμοῦ
2840 3002 2933 3055 τοῦ
2960 3003 3061 3073 τῆς
3084 3004 3232 3074 ζωῆς
3258 3004 3438 3068 ξύλου,
3468 3004 3675 3077 καὶτοῦ
3704 3008 3975 3077 παραδεί-

2380 3108 2473 3145 σου
2498 3093 2593 3145 καὶ
2622 3093 2717 3146 τοῦ
2748 3093 2885 3147 Θεοῦ
2928 3094 3210 3164 saeptam;
3247 3097 3439 3163 γέγονε
3463 3115 3477 3127 ·
3512 3092 3556 3164 ᾧ
3595 3098 3977 3169 ἐπηκολούθηο

687 3192 840 3235 mors
879 3183 1129 3253 corporis
1160 3195 1460 3242 consecuta
1498 3196 1606 3242 est.
1636 3188 1776 3244 Vere
1818 3201 2001 3244 autem
2033 3192 2144 3246 vita
2167 3200 2272 3256 cst,

2382 3198 2474 3234 σεν
2510 3176 2570 3247 ἐξ
2602 3182 2850 3253 ἀνάγκης
2891 3185 2986 3236 καὶ
3015 3187 3043 3236 ὀ
3079 3184 3176 3239 τοῦ
3228 3184 3482 3255 σώματος
3540 3187 3796 3251 θάνατος.
3848 3190 3974 3260 lori;

688 3274 782 3345 qui
819 3276 897 3330 ait
929 3293 943 3330 :
974 3276 1087 3348 Ego
1112 3295 1230 3332 sum
1269 3278 1436 3350 426
1472 3281 1581 3335 vita
1606 3282 1674 3335 ⁷⁸.
1715 3281 1818 3336 llic
1847 3283 2111 3347 moriens,
2145 3300 2272 3340 eunt

2382 3274 2433 3326 δὲ
2458 3275 2662 3345 κυρίως
2722 3274 2870 3327 ἐστὶν
2892 3278 2920 3329 ὁ
2949 3275 3148 3330 εἰπών’
3183 3276 3331 3347 Ἐγώ
3348 3280 3464 3346 ειμι
3485 3280 3523 3346 ἡ
3555 3278 3687 3344 ζωή.
3716 3275 3890 3343 Οὗτος
3917 3283 3975 3333 ἐν

687 3368 782 3438 qui
814 3378 933 3424 erat
960 3379 1214 3425 mortuus
1240 3371 1306 3425 ad
1338 3372 1505 3426 vitam
1537 3388 1730 3427 rursus
1759 3376 2059 3430 revocavit.

758 3544 849 3599 οι.
890 3544 1064 3611 Quem
1097 3562 1411 3602 sermonem
1441 3549 1866 3616 conscribinms,
1907 3558 1991 3605 τοι
2033 3567 2101 3607 eo
2141 3569 2277 3608 con-

688 3636 990 3693 scribimus
1018 3645 1076 3693 ut
1103 3638 1225 3709 ejus
1255 3639 1692 3708 meminerimus,
1726 3643 1811 3696 vel
1842 3654 1902 3697 ut
1924 3645 2277 3700 conuuodum

690 3728 1035 3798 referamus;
1070 3730 1158 3786 vel
1206 3732 1374 3787 etiam
1430 3740 1665 3803 utraque
1707 3749 1774 3789 ex
1828 3750 1993 3790 causa
2037 3754 2051 3789 :
2089 3738 2175 3792 vel
2220 3747 2282 3793 ut

691 3821 954 3878 damnum
1002 3822 1337 3892 quibusdam
1386 3824 1713 3889 inferamus,
1754 3827 1840 3882 vel
1892 3830 2281 3888 ostentationis

693 3930 883 3981 causa,
916 3915 1001 3970 vel
1030 3916 1161 3986 quia
1194 3916 1550 3972 conscribere
1581 3919 1848 3988 cogimur.

762 4001 854 4057 95.
896 4001 1077 4058 Locus
1109 4019 1345 4073 pascuae,
1376 4003 1557 4058 virtus
1588 4014 1673 4059 est
1709 4006 1763 4059 in
1806 4006 2025 4063 actione
2063 4009 2279 4079 posita;

693 4108 836 4165 aqua
864 4109 997 4151 vero
1022 4095 1340 4157 refectiouis
1365 4096 1435 4161 τί,
1466 4111 1648 4149 rerum
1673 4097 1921 4155 scientia.

764 4185 856 4240 96.
896 4184 1101 4240 Umbra
1152 4186 1349 4243 mortis
1401 4197 1507 4253 est,
1546 4187 1785 4242 lmmana
1833 4189 1966 4243 vita.
2015 4188 2282 4262 Quisquis

696 4275 866 4347 igitur
896 4290 1022 4331 cum
1053 4276 1167 4332 Deo
1202 4285 1479 4344 versatur,
1517 4295 1581 4335 ac
1625 4296 1813 4335 secum
1855 4281 2027 4337 Deum
2059 4298 2285 4339 versan-

701 4374 810 4419 tem
853 4365 1050 4430 babet,
1101 4367 1194 4422 hic
1236 4367 1451 4437 liquido
1495 4369 1681 4425 dicere
1733 4380 1911 4440 potest
1953 4373 2139 4428 :Nam
2188 4377 2284 4430 etsi

697 4456 1041 4512 ambulauero
1091 4459 1147 4513 in
1197 4460 1368 4514 medio
1417 4462 1617 4517 umbra:
1672 4464 1891 4528 mortis,
1943 4480 2047 4517 non
2095 4466 2283 4521 timebo

700 4546 871 4611 mala,
897 4549 1149 4618 quoniam
1177 4558 1233 4603 tu
1262 4565 1462 4605 mecum
1492 4567 1544 4604 cs
1564 4553 1630 4605 ".

771 4651 860 4707 97.
903 4652 1046 4707 Pura
1084 4668 1261 4718 mens,
1290 4665 1469 4709 rectas
1513 4670 1600 4710 res
1641 4657 1832 4711 videt:
1871 4660 2279 4731 exercitamque

700 4744 881 4800 oratio
926 4759 992 4801 ac
1034 4746 1307 4801 sermonis
1348 4746 1451 4813 vis,
1490 4762 1613 4816 qua:
1646 4760 1775 4804 sunt
1812 4750 1948 4817 visa,
1987 4752 2093 4806 sub
2124 4769 2291 4824 aspe-p

702 4845 854 4891 ctum
883 4837 1042 4907 ponit
1073 4852 1088 4891 :
1118 4838 1234 4893 haec
1254 4853 1406 4903 vero,
1441 4839 1592 4894 auris
1623 4841 1770 4896 clara
1797 4844 2047 4914 suscipit.
2072 4847 2161 4911 At,
2187 4847 2281 4916 qui

703 4929 883 4984 tibus
932 4928 1053 4991 istis
1092 4938 1266 4997 caret,
1310 4929 1587 4986 dicentem
1634 4933 1911 5003 improbat
1962 4950 2026 4990 ac
2066 4935 2144 4992 illi
2181 4937 2281 4993 de-

704 5023 893 5079 lt'thit.

778 5098 868 5155 98.
896 5097 1034 5158 Cum
1062 5103 1176 5159 Deo
1204 5111 1309 5168 est,
1331 5102 1426 5172 qui
1449 5109 1696 5171 sanctam
1723 5100 2048 5159 Trinitatem
2074 5114 2284 5171 cognoe

704 5194 837 5259 scit,
881 5196 1111 5268 ejusque
1156 5196 1439 5267 opiﬁcium
1488 5205 1547 5252 et
1594 5195 2032 5267 providentiam;
2074 5193 2283 5266 quique

772 5346 817 5381 "
851 5353 989 5413 Luc.
1016 5340 1125 5424 xiv,
1161 5358 1253 5421 σε,
1328 5358 1677 5425 ιιιιιωιι,
1714 5356 1799 5413 19.
1876 5354 2361 5424 “lCor.xv,56.
2438 5357 2486 5390 το
2508 5357 2672 5414 Joan.
2697 5373 2808 5423 xlv,
2837 5356 2890 5413 6.

779 5495 859 5570 (9)
899 5494 1005 5550 Ἐν
1027 5493 1107 5561 τῷ
1133 5497 1367 5570 θανάτῳ
1393 5498 1736 5566 γενόμενος.
1775 5496 1832 5570 l_n
1885 5505 2074 5570 inerte
2104 5512 2287 5553 versa-

708 5566 1046 5636 tus,'morte
1096 5567 1468 5636 perfunctus;
1526 5583 1591 5622 ac
1654 5567 1802 5636 quod
1862 5566 2117 5636 reddidi,
2170 5582 2292 5620 mo-

713 5645 882 5691 nens.
942 5635 1131 5705 lnepta
1174 5636 1378 5706 Obsop.
1436 5635 1874 5701 circumlocutio,
1965 5635 2027 5690 In
2112 5638 2295 5692 mortis

712 5707 913 5766 positus
938 5708 1217 5779 angustiis,
1249 5723 1361 5778 quo
1406 5724 1509 5761 nec
1555 5724 1686 5763 vere
1734 5718 1988 5761 mortuus
2022 5707 2296 5778 signiﬁce-

713 5786 867 5917 ιιιιδι)
900 5844 1016 5905 Τόν
1032 5848 1311 5917 εἰρηκότα
1332 5847 1546 5908 κακίζει
1597 5848 1759 5904 Gesn.
1792 5848 1845 5903 in
1872 5846 2296 5919 margJ'ideMur

2376 3362 2457 3431 τῷ
2490 3362 2708 3433 θανάτῳ
2733 3364 3025 3434 γενόμενος
3051 3366 3150 3436 (g),
3180 3366 3273 3420 τὸν
3315 3368 3664 3438 νεκρωθέντα
3695 3370 3861 3423 πάλιν
3893 3370 3974 3434 είς

2375 3455 2475 3525 τὴν
2509 3454 2656 3526 ζωὴν
2695 3457 3059 3525 ἐπανήγαγεν.

2450 3545 2551 3611 ιπδν.
2595 3546 2654 3599 '0
2687 3545 2844 3615 λόγος
2885 3547 3361 3619 συγγραφόμενος,
3393 3548 3426 3619 ἢ
3471 3548 3607 3618 πρὸς
3638 3547 3737 3618 τὴν
3773 3547 3974 3602 ἑαυτοῦ

2378 3637 2689 3707 ὑπόμνησιν
2738 3639 3133 3709 συγγράφεται,
3187 3638 3220 3710 ἦ
3273 3639 3413 3708 πρὸς
3457 3639 3747 3708 ὠφέλειαν,
3808 3640 3843 3711 ἢ
3878 3640 3975 3693 καὶ

2379 3730 2568 3798 ἄμφω,
2599 3730 2632 3800 ἢ
2667 3730 2804 3801 πρὸς
2844 3730 3048 3801 ϐλάϐην
3077 3731 3260 3797 τινῶν,
3296 3730 3491 3804 ἢπρδς
3528 3731 3812 3798 ἐπίδειξιν,
3853 3733 3888 3804 ἢ
3915 3732 3975 3801 ἐξ

2379 3822 2653 3891 ἀνάγκης.

2424 4008 2553 4070 ιε’.
2589 4002 2764 4066 Τόπος
2792 4004 2909 4056 ἐστὶ
2950 4003 3120 4075 χλόης
3186 4004 3219 4073 ὴ
3276 4004 3558 4077 πρακτικὴ
3592 4006 3797 4078 ἀρετή·
3829 4007 3977 4081 ὕδωρ

2381 4091 2768 4156 ἀναπαύσεως.
2804 4094 2837 4165 ἡ
2860 4093 3066 4161 γνῶσις
3092 4094 3203 4147 τῶν
3228 4096 3555 4162 γεγονότων.

2452 4183 2569 4253 ιις’.
2601 4183 2739 4239 Σκιὰ
2760 4183 2994 4238 θανάτου
3021 4187 3170 4238 ἐστὶν
3199 4187 3231 4257 ἠ
3263 4185 3580 4257 ἀνθρωπίνη
3614 4187 3752 4257 ζωή.
3777 4187 3871 4241 Ἐἴ
3891 4205 3975 4253 τις

2381 4275 2475 4332 οῦν
2501 4278 2618 4332 ἐστι
2654 4278 2795 4350 μετὰ
2819 4276 2914 4331 τοῦ
2935 4277 3092 4343 Θεοῦ,
3123 4280 3217 4332 καὶ
3238 4280 3267 4332 ό
3293 4277 3428 4342 Θεὸς
3463 4280 3583 4349 μετ’
3606 4278 3773 4332 αὑτοῦ
3798 4281 3975 4347 ἐστιν,

2381 4363 2541 4435 οὗτος
2569 4370 2792 4425 δύναται
2843 4372 3017 4424 εἰπεῖν
3039 4370 3287 4440 ἐναργῶς
3315 4370 3398 4436 τὸ,
3461 4373 3597 4426 Ἐὰν
3619 4372 3731 4440 γὰρ
3754 4386 3977 4441 πορευ-

2384 4462 2467 4519 θῶ
2498 4462 2753 4534 ἐνμέσῳ
2780 4461 2961 4531 σκιᾶς
2992 4463 3273 4530 θανάτου,
3298 4465 3370 4520 οὐ
3410 4464 3839 4536 φοϐηθήσομαι
3872 4484 3977 4520 κα-

2222 4599 2227 4605 .
2315 4567 2359 4626 υ
2387 4555 2484 4621 κὰ,
2513 4555 2601 4609 ὅτι
2637 4556 2719 4610 σὺ
2743 4557 2872 4625 μετ’
2905 4556 3053 4625 ἐμοῦ
3082 4552 3153 4611 εἴ.

2455 4646 2558 4715 ιιζο.
2593 4648 2736 4711 Νοῦς
2766 4648 2863 4717 μὲν
2884 4647 3124 4714 καθαρὸς
3150 4646 3288 4719 ὀρθὰ
3337 4647 3525 4719 βλέπει
3548 4648 3618 4702 τὰ
3645 4649 3973 4720 πράγματα·

2383 4738 2543 4808 λόγος
2572 4739 2630 4793 δὲ
2658 4740 3130 4812 γεγυμνασμένος,
3163 4743 3254 4795 ὑπ’
3274 4741 3397 4811 ὄψιν
3433 4741 3556 4810 ἄγει
3583 4741 3653 4795 τὰ
3681 4741 3974 4812 ὁραθέντεν

2383 4835 2521 4903 ἀκοὴ
2552 4835 2610 4888 δὲ
2644 4835 2871 4906 λαμπρὰ
2926 4834 3248 4906 ὑποδέχεται
3283 4834 3443 4889 αὐτά.
3487 4835 3546 4888 Ὀ
3574 4834 3633 4888 δὲ
3663 4834 3774 4888 τῶν
3804 4833 3979 4907 τριῶν

2389 4927 2775 4998 ὲστερημίνος,
2806 4926 2898 4980 τὸν
2926 4927 3186 4998 εἰρηκότα
3213 4926 3431 4991 κακίζει
3465 4924 3566 4998 (Io).

2460 5108 2568 5174 ι,η’.
2593 5105 2750 5159 Μετὰ
2781 5103 2874 5158 τοῦ
2926 5104 3062 5159 Θεοῦ
3111 5106 3260 5160 ἐστιν
3291 5107 3320 5159 ὁ
3363 5105 3462 5177 τὴν
3490 5104 3652 5173 ἁγίαν
3686 5101 3981 5172 γινώσκων

2393 5194 2623 5267 Τριάδα,
2656 5194 2751 5248 καὶ
2799 5193 2897 5267 τὴν
2926 5194 3291 5267 δημιουργίαν
3338 5195 3530 5266 αὐτῆς,
3568 5198 3663 5247 καὶ
3689 5192 3790 5264 τὴν
3843 5192 3980 5263 πρό⁴

2993 5358 3038 5390 ⁷³
3070 5356 3216 5412 Psal.
3248 5371 3379 5421 mi,
3412 5356 3467 5410 2.
3562 5355 3608 5388 ⁷⁸
3642 5351 3781 5408 ibid.
3808 5352 3869 5408 4.

2396 5496 2506 5571 lucc
2537 5495 2802 5571 obscura;
2833 5511 2900 5552 ac
2915 5493 3408 5571 certe_obscuravit
3435 5489 3815 5571 Obsop._ttta_la
3857 5505 3981 5571 ver?

2400 5568 2578 5630 sione,
2617 5581 2743 5621 cum
2770 5567 2887 5636 ipsa
2936 5565 3285 5635 intelligenti,
3349 5571 3407 5619 et
3460 5571 3521 5617 ut
3571 5559 3811 5623 reddidi,
3868 5560 3984 5613 sint

2400 5636 2743 5709 elara.lnrse
2774 5638 2957 5707 itaque
3016 5636 3525 5709 Maximusjerum
3578 5639 3842 5709 expertus
3895 5637 3981 5709 est

2402 5722 2561 5760 suum
2594 5708 2829 5771 axioma,
2858 5700 2919 5760 τὸ
2949 5704 3269 5769 κακίζεσθαι
3291 5704 3604 5768 dicentem;
3647 5700 3977 5770 reprehendi

2402 5777 2613 5831 scilicet
2641 5778 2712 5831 ab
2735 5777 2824 5842 iis,
2856 5777 3060 5846 quibus
3087 5776 3271 5831 desint
3310 5775 3389 5830 illi
3426 5778 3886 5833 commemorata.
3919 5779 3982 5824 ut

2403 5864 2530 5904 cum
2563 5850 2697 5903 satis
2717 5848 2932 5919 assequi
2960 5847 3194 5920 possint.
