  <div class='ocr_page' id='page_1' title='image "/cluster/home/n/w/nwhite01/storage/ocr_20150623/90/nnc1.0046980113/516.png"; bbox 0 0 4208 6436; ppageno 0'>
   <div class='ocr_carea' id='block_1_1' title="bbox 288 409 419 473">
    <p class='ocr_par' dir='ltr' id='par_1_1' title="bbox 288 409 419 473">
     <span class='ocr_line' id='line_1_1' title="bbox 288 409 419 473; baseline 0.023 -3"><span class='ocrx_word' id='word_1_1' title='bbox 288 409 419 473; x_wconf 74' lang='lat'><strong>1017</strong></span> 
     </span>
    </p>
   </div>
   <div class='ocr_carea' id='block_1_2' title="bbox 1144 406 2678 474">
    <p class='ocr_par' dir='ltr' id='par_1_2' title="bbox 1144 406 2678 474">
     <span class='ocr_line' id='line_1_2' title="bbox 1144 406 2678 474; baseline 0.003 -6"><span class='ocrx_word' id='word_1_2' title='bbox 1144 406 1493 472; x_wconf 53' lang='lat' dir='ltr'><strong>CAPITUM</strong></span> <span class='ocrx_word' id='word_1_3' title='bbox 1531 410 1627 472; x_wconf 89' lang='lat' dir='ltr'><strong>DE</strong></span> <span class='ocrx_word' id='word_1_4' title='bbox 1664 412 2095 472; x_wconf 64' lang='lat' dir='ltr'><strong>CllARITATE</strong></span> <span class='ocrx_word' id='word_1_5' title='bbox 2133 411 2520 473; x_wconf 77' lang='lat' dir='ltr'><strong>CENTURIA</strong></span> <span class='ocrx_word' id='word_1_6' title='bbox 2560 413 2678 474; x_wconf 86' lang='lat' dir='ltr'><strong>III.</strong></span> 
     </span>
    </p>
   </div>
   <div class='ocr_carea' id='block_1_3' title="bbox 3390 417 3526 480">
    <p class='ocr_par' dir='ltr' id='par_1_3' title="bbox 3390 417 3526 480">
     <span class='ocr_line' id='line_1_3' title="bbox 3390 417 3526 480; baseline 0.022 -3"><span class='ocrx_word' id='word_1_7' title='bbox 3390 417 3526 480; x_wconf 82' lang='lat'><strong>1018</strong></span> 
     </span>
    </p>
   </div>
   <div class='ocr_carea' id='block_1_4' title="bbox 288 524 1847 616">
    <p class='ocr_par' dir='ltr' id='par_1_4' title="bbox 288 544 1847 616">
     <span class='ocr_line' id='line_1_4' title="bbox 288 544 1847 616; baseline -0.002 -18"><span class='ocrx_word' id='word_1_8' title='bbox 288 562 431 598; x_wconf 71' lang='grc' dir='ltr'>σοιαν</span> <span class='ocrx_word' id='word_1_9' title='bbox 455 562 467 575; x_wconf 89' lang='grc'><strong>·</strong></span> <span class='ocrx_word' id='word_1_10' title='bbox 506 546 598 600; x_wconf 73' lang='grc' dir='ltr'><strong>καὶ</strong></span> <span class='ocrx_word' id='word_1_11' title='bbox 617 547 675 600; x_wconf 75' lang='grc' dir='ltr'>τὸ</span> <span class='ocrx_word' id='word_1_12' title='bbox 699 546 935 616; x_wconf 73' lang='grc' dir='ltr'>παθητὸν</span> <span class='ocrx_word' id='word_1_13' title='bbox 967 545 1135 616; x_wconf 76' lang='grc' dir='ltr'>μέρος</span> <span class='ocrx_word' id='word_1_14' title='bbox 1178 546 1276 616; x_wconf 74' lang='grc' dir='ltr'><strong>τῆς</strong></span> <span class='ocrx_word' id='word_1_15' title='bbox 1310 546 1489 615; x_wconf 69' lang='grc' dir='ltr'>ψυχῆς</span> <span class='ocrx_word' id='word_1_16' title='bbox 1524 544 1731 605; x_wconf 81' lang='grc' dir='ltr'>ἀπαθὲς</span> <span class='ocrx_word' id='word_1_17' title='bbox 1769 560 1847 596; x_wconf 85' lang='grc' dir='ltr'>κε-</span> 
     </span>
    </p>
   </div>
   <div class='ocr_carea' id='block_1_5' title="bbox 1876 524 3543 616">
    <p class='ocr_par' dir='ltr' id='par_1_5' title="bbox 1891 524 3543 594">
     <span class='ocr_line' id='line_1_5' title="bbox 1891 524 3543 594; baseline 0.007 -18"><span class='ocrx_word' id='word_1_18' title='bbox 1891 532 1931 586; x_wconf 77' lang='grc' dir='ltr'><strong>Α</strong></span> <span class='ocrx_word' id='word_1_19' title='bbox 1963 524 2242 593; x_wconf 91' lang='lat' dir='ltr'><strong>patibilem</strong></span> <span class='ocrx_word' id='word_1_20' title='bbox 2286 524 2454 578; x_wconf 86' lang='lat' dir='ltr'><strong>animi</strong></span> <span class='ocrx_word' id='word_1_21' title='bbox 2492 534 2704 594; x_wconf 89' lang='lat' dir='ltr'><strong>partem</strong></span> <span class='ocrx_word' id='word_1_22' title='bbox 2752 524 3043 581; x_wconf 74' lang='lat' dir='ltr'><strong>aﬂ‘cctibus</strong></span> <span class='ocrx_word' id='word_1_23' title='bbox 3086 541 3313 581; x_wconf 81' lang='lat' dir='ltr'><strong>vacuam</strong></span> <span class='ocrx_word' id='word_1_24' title='bbox 3349 542 3543 587; x_wconf 86' lang='lat' dir='ltr'><strong>nactus</strong></span> 
     </span>
    </p>
   </div>
   <div class='ocr_carea' id='block_1_6' title="bbox 284 638 579 706">
    <p class='ocr_par' dir='ltr' id='par_1_6' title="bbox 284 638 579 706">
     <span class='ocr_line' id='line_1_6' title="bbox 284 638 579 706; baseline 0.014 -20"><span class='ocrx_word' id='word_1_25' title='bbox 284 642 389 704; x_wconf 82' lang='grc' dir='ltr'><strong>κτη</strong></span> <span class='ocrx_word' id='word_1_26' title='bbox 400 638 579 706; x_wconf 79' lang='grc' dir='ltr'>μένος.</span> 
     </span>
    </p>
   </div>
   <div class='ocr_carea' id='block_1_7' title="bbox 352 724 1860 796">
    <p class='ocr_par' dir='ltr' id='par_1_7' title="bbox 352 724 1860 796">
     <span class='ocr_line' id='line_1_7' title="bbox 352 724 1860 796; baseline -0.002 -19"><span class='ocrx_word' id='word_1_27' title='bbox 352 726 457 791; x_wconf 64' lang='grc' dir='ltr'><strong>ῐ-ιθ’.</strong></span> <span class='ocrx_word' id='word_1_28' title='bbox 490 726 601 795; x_wconf 78' lang='grc' dir='ltr'><strong>Τὴν</strong></span> <span class='ocrx_word' id='word_1_29' title='bbox 640 726 832 795; x_wconf 78' lang='grc' dir='ltr'>ῥάὒδον</span> <span class='ocrx_word' id='word_1_30' title='bbox 870 726 1154 795; x_wconf 87' lang='grc' dir='ltr'>σημαίνειν</span> <span class='ocrx_word' id='word_1_31' title='bbox 1193 728 1327 794; x_wconf 63' lang='grc' dir='ltr'>φασδ.</span> <span class='ocrx_word' id='word_1_32' title='bbox 1384 726 1726 796; x_wconf 72' lang='grc' dir='ltr'>τῆν’κρίσιν</span> <span class='ocrx_word' id='word_1_33' title='bbox 1764 724 1860 793; x_wconf 78' lang='grc' dir='ltr'>τὴν</span> 
     </span>
    </p>
   </div>
   <div class='ocr_carea' id='block_1_8' title="bbox 281 811 1861 889">
    <p class='ocr_par' dir='ltr' id='par_1_8' title="bbox 281 811 1861 889">
     <span class='ocr_line' id='line_1_8' title="bbox 281 811 1861 889; baseline -0.001 -21"><span class='ocrx_word' id='word_1_34' title='bbox 281 818 376 869; x_wconf 85' lang='grc' dir='ltr'><strong>τοῦ</strong></span> <span class='ocrx_word' id='word_1_35' title='bbox 397 816 565 869; x_wconf 73' lang='grc' dir='ltr'>θεοῦο</span> <span class='ocrx_word' id='word_1_36' title='bbox 593 819 693 885; x_wconf 74' lang='grc' dir='ltr'><strong>τὴν</strong></span> <span class='ocrx_word' id='word_1_37' title='bbox 731 818 784 870; x_wconf 81' lang='grc' dir='ltr'>δὲ</span> <span class='ocrx_word' id='word_1_38' title='bbox 819 816 1142 888; x_wconf 79' lang='grc' dir='ltr'><strong>βακτηρίαν,</strong></span> <span class='ocrx_word' id='word_1_39' title='bbox 1187 822 1284 886; x_wconf 76' lang='grc' dir='ltr'><strong>τὴν</strong></span> <span class='ocrx_word' id='word_1_40' title='bbox 1315 820 1590 889; x_wconf 75' lang='grc' dir='ltr'>πρόνοιαν.</span> <span class='ocrx_word' id='word_1_41' title='bbox 1628 816 1733 868; x_wconf 87' lang='grc' dir='ltr'>Τοῦ</span> <span class='ocrx_word' id='word_1_42' title='bbox 1767 811 1861 867; x_wconf 78' lang='grc' dir='ltr'><strong>οὖν</strong></span> 
     </span>
    </p>
   </div>
   <div class='ocr_carea' id='block_1_9' title="bbox 280 907 1856 979">
    <p class='ocr_par' dir='ltr' id='par_1_9' title="bbox 280 907 1856 979">
     <span class='ocr_line' id='line_1_9' title="bbox 280 907 1856 979; baseline -0.003 -18"><span class='ocrx_word' id='word_1_43' title='bbox 280 914 379 978; x_wconf 76' lang='grc' dir='ltr'>τῆς</span> <span class='ocrx_word' id='word_1_44' title='bbox 425 909 629 961; x_wconf 78' lang='grc' dir='ltr'>τούτων</span> <span class='ocrx_word' id='word_1_45' title='bbox 682 908 937 976; x_wconf 81' lang='grc' dir='ltr'>γνώσεως</span> <span class='ocrx_word' id='word_1_46' title='bbox 970 908 1358 979; x_wconf 75' lang='grc' dir='ltr'><strong>μετειληφότος</strong></span> <span class='ocrx_word' id='word_1_47' title='bbox 1407 910 1522 961; x_wconf 78' lang='grc' dir='ltr'>ἐστὶ</span> <span class='ocrx_word' id='word_1_48' title='bbox 1553 908 1612 960; x_wconf 74' lang='grc' dir='ltr'>τὸ</span> <span class='ocrx_word' id='word_1_49' title='bbox 1642 907 1818 974; x_wconf 83' lang='grc' dir='ltr'>λέγειν</span> <span class='ocrx_word' id='word_1_50' title='bbox 1844 924 1856 936; x_wconf 87' lang='grc'><strong>·</strong></span> 
     </span>
    </p>
   </div>
   <div class='ocr_carea' id='block_1_10' title="bbox 290 997 1860 1069">
    <p class='ocr_par' dir='ltr' id='par_1_10' title="bbox 290 997 1860 1069">
     <span class='ocr_line' id='line_1_10' title="bbox 290 997 1860 1069; baseline -0.003 -14"><span class='ocrx_word' id='word_1_51' title='bbox 290 999 585 1068; x_wconf 76' lang='grc' dir='ltr'>Ἠρἁὃος</span> <span class='ocrx_word' id='word_1_52' title='bbox 615 1014 731 1052; x_wconf 84' lang='grc' dir='ltr'><strong>σου</strong></span> <span class='ocrx_word' id='word_1_53' title='bbox 755 999 853 1052; x_wconf 78' lang='grc' dir='ltr'>καὶ</span> <span class='ocrx_word' id='word_1_54' title='bbox 880 999 916 1066; x_wconf 75' lang='grc' dir='ltr'>ή</span> <span class='ocrx_word' id='word_1_55' title='bbox 939 1001 1241 1069; x_wconf 72' lang='grc' dir='ltr'>,βακτηρία</span> <span class='ocrx_word' id='word_1_56' title='bbox 1259 1018 1397 1062; x_wconf 86' lang='grc' dir='ltr'>σου,</span> <span class='ocrx_word' id='word_1_57' title='bbox 1422 997 1599 1055; x_wconf 81' lang='grc' dir='ltr'>αὗταί</span> <span class='ocrx_word' id='word_1_58' title='bbox 1614 1017 1691 1068; x_wconf 80' lang='grc' dir='ltr'><strong>με</strong></span> <span class='ocrx_word' id='word_1_59' title='bbox 1714 1013 1860 1066; x_wconf 79' lang='grc' dir='ltr'>παρ-</span> 
     </span>
    </p>
   </div>
   <div class='ocr_carea' id='block_1_11' title="bbox 277 1093 605 1149">
    <p class='ocr_par' dir='ltr' id='par_1_11' title="bbox 277 1093 605 1149">
     <span class='ocr_line' id='line_1_11' title="bbox 277 1093 605 1149; baseline 0.006 -2"><span class='ocrx_word' id='word_1_60' title='bbox 277 1093 605 1149; x_wconf 63' lang='grc' dir='ltr'>εκάλεσαν.</span> 
     </span>
    </p>
   </div>
   <div class='ocr_carea' id='block_1_12' title="bbox 352 1184 1861 1256">
    <p class='ocr_par' dir='ltr' id='par_1_12' title="bbox 352 1184 1861 1256">
     <span class='ocr_line' id='line_1_12' title="bbox 352 1184 1861 1256; baseline -0.003 -17"><span class='ocrx_word' id='word_1_61' title='bbox 352 1185 417 1255; x_wconf 88' lang='grc' dir='ltr'><strong>ρ’.</strong></span> <span class='ocrx_word' id='word_1_62' title='bbox 446 1186 581 1241; x_wconf 84' lang='grc' dir='ltr'>Ὅτε</span> <span class='ocrx_word' id='word_1_63' title='bbox 615 1189 642 1240; x_wconf 78' lang='grc' dir='ltr'><strong><em>ὁ</em></strong></span> <span class='ocrx_word' id='word_1_64' title='bbox 665 1186 785 1249; x_wconf 86' lang='grc' dir='ltr'>νοῦς</span> <span class='ocrx_word' id='word_1_65' title='bbox 812 1186 1000 1238; x_wconf 83' lang='grc' dir='ltr'>παθῶν</span> <span class='ocrx_word' id='word_1_66' title='bbox 1030 1185 1315 1256; x_wconf 80' lang='grc' dir='ltr'>γυμνωθῇ,</span> <span class='ocrx_word' id='word_1_67' title='bbox 1341 1187 1433 1238; x_wconf 78' lang='grc' dir='ltr'><strong>καὶ</strong></span> <span class='ocrx_word' id='word_1_68' title='bbox 1463 1189 1529 1256; x_wconf 80' lang='grc' dir='ltr'>τῇ</span> <span class='ocrx_word' id='word_1_69' title='bbox 1560 1186 1665 1237; x_wconf 82' lang='grc' dir='ltr'><strong>τῶν</strong></span> <span class='ocrx_word' id='word_1_70' title='bbox 1692 1184 1861 1235; x_wconf 78' lang='grc' dir='ltr'>ὄντων</span> 
     </span>
    </p>
   </div>
   <div class='ocr_carea' id='block_1_13' title="bbox 274 1274 1861 1348">
    <p class='ocr_par' dir='ltr' id='par_1_13' title="bbox 274 1274 1861 1348">
     <span class='ocr_line' id='line_1_13' title="bbox 274 1274 1861 1348; baseline -0.003 -19"><span class='ocrx_word' id='word_1_71' title='bbox 274 1276 709 1347; x_wconf 82' lang='grc' dir='ltr'>καταλάμπηται</span> <span class='ocrx_word' id='word_1_72' title='bbox 736 1278 961 1348; x_wconf 68' lang='grc' dir='ltr'>θεωρία,</span> <span class='ocrx_word' id='word_1_73' title='bbox 996 1278 1121 1330; x_wconf 81' lang='grc' dir='ltr'>τότε</span> <span class='ocrx_word' id='word_1_74' title='bbox 1148 1277 1370 1332; x_wconf 87' lang='grc' dir='ltr'>δύναται</span> <span class='ocrx_word' id='word_1_75' title='bbox 1408 1278 1502 1331; x_wconf 76' lang='grc' dir='ltr'><strong>καὶ</strong></span> <span class='ocrx_word' id='word_1_76' title='bbox 1534 1278 1591 1329; x_wconf 80' lang='grc' dir='ltr'><strong>ἐν</strong></span> <span class='ocrx_word' id='word_1_77' title='bbox 1621 1274 1738 1345; x_wconf 78' lang='grc' dir='ltr'><strong>Θεῷ</strong></span> <span class='ocrx_word' id='word_1_78' title='bbox 1768 1290 1861 1341; x_wconf 82' lang='grc' dir='ltr'>γε·</span> 
     </span>
    </p>
   </div>
   <div class='ocr_carea' id='block_1_14' title="bbox 272 1368 1266 1441">
    <p class='ocr_par' dir='ltr' id='par_1_14' title="bbox 272 1368 1266 1441">
     <span class='ocr_line' id='line_1_14' title="bbox 272 1368 1266 1441; baseline 0.001 -21"><span class='ocrx_word' id='word_1_79' title='bbox 272 1369 484 1435; x_wconf 76' lang='grc' dir='ltr'>νέσθαι,</span> <span class='ocrx_word' id='word_1_80' title='bbox 512 1371 604 1424; x_wconf 80' lang='grc' dir='ltr'>καὶ</span> <span class='ocrx_word' id='word_1_81' title='bbox 628 1369 703 1433; x_wconf 81' lang='grc' dir='ltr'>ὡς</span> <span class='ocrx_word' id='word_1_82' title='bbox 734 1370 817 1423; x_wconf 80' lang='grc' dir='ltr'><strong>δεὶ⁹</strong></span> <span class='ocrx_word' id='word_1_83' title='bbox 850 1368 1266 1441; x_wconf 79' lang='grc' dir='ltr'><strong>προσεύχεσθαι.</strong></span> 
     </span>
    </p>
   </div>
   <div class='ocr_carea' id='block_1_15' title="bbox 841 1570 1276 1626">
    <p class='ocr_par' dir='ltr' id='par_1_15' title="bbox 841 1570 1276 1626">
     <span class='ocr_line' id='line_1_15' title="bbox 841 1570 1276 1626; baseline -0.009 0"><span class='ocrx_word' id='word_1_84' title='bbox 841 1572 982 1626; x_wconf 85' lang='grc' dir='ltr'><strong>ΤΟΥ</strong></span> <span class='ocrx_word' id='word_1_85' title='bbox 1027 1570 1276 1625; x_wconf 78' lang='grc' dir='ltr'><strong>ΑΥΤΟΥ</strong></span> 
     </span>
    </p>
   </div>
   <div class='ocr_carea' id='block_1_16' title="bbox 587 1661 1542 1734">
    <p class='ocr_par' dir='ltr' id='par_1_16' title="bbox 587 1661 1542 1734">
     <span class='ocr_line' id='line_1_16' title="bbox 587 1661 1542 1734; baseline 0 -17"><span class='ocrx_word' id='word_1_86' title='bbox 587 1664 725 1732; x_wconf 75' lang='grc' dir='ltr'>Περὶ</span> <span class='ocrx_word' id='word_1_87' title='bbox 745 1663 973 1734; x_wconf 73' lang='grc' dir='ltr'>ἀγάπης</span> <span class='ocrx_word' id='word_1_88' title='bbox 1006 1663 1171 1731; x_wconf 81' lang='grc' dir='ltr'><strong>τρίτη</strong></span> <span class='ocrx_word' id='word_1_89' title='bbox 1198 1661 1542 1725; x_wconf 79' lang='grc' dir='ltr'>ἑκατοντάς.</span> 
     </span>
    </p>
   </div>
   <div class='ocr_carea' id='block_1_17' title="bbox 352 1751 3436 1827">
    <p class='ocr_par' dir='ltr' id='par_1_17' title="bbox 352 1751 3436 1827">
     <span class='ocr_line' id='line_1_17' title="bbox 352 1751 3436 1827; baseline -0.004 -14"><span class='ocrx_word' id='word_1_90' title='bbox 352 1766 421 1813; x_wconf 89' lang='grc' dir='ltr'>α’.</span> <span class='ocrx_word' id='word_1_91' title='bbox 470 1758 536 1811; x_wconf 85' lang='grc' dir='ltr'><strong>Ἦ</strong></span> <span class='ocrx_word' id='word_1_92' title='bbox 566 1758 664 1827; x_wconf 83' lang='grc' dir='ltr'>μὲν</span> <span class='ocrx_word' id='word_1_93' title='bbox 695 1756 918 1824; x_wconf 71' lang='grc' dir='ltr'>εὔλογος</span> <span class='ocrx_word' id='word_1_94' title='bbox 948 1754 1057 1808; x_wconf 86' lang='grc' dir='ltr'><strong>τῶν</strong></span> <span class='ocrx_word' id='word_1_95' title='bbox 1081 1754 1369 1825; x_wconf 84' lang='grc' dir='ltr'><strong>νοημάτων</strong></span> <span class='ocrx_word' id='word_1_96' title='bbox 1400 1754 1496 1807; x_wconf 75' lang='grc' dir='ltr'>καὶ</span> <span class='ocrx_word' id='word_1_97' title='bbox 1543 1751 1651 1807; x_wconf 86' lang='grc' dir='ltr'>τῶν</span> <span class='ocrx_word' id='word_1_98' title='bbox 1676 1769 1854 1823; x_wconf 82' lang='grc' dir='ltr'>πραγ-</span> <span class='ocrx_word' id='word_1_99' title='bbox 1882 1759 1930 1822; x_wconf 81' lang='grc' dir='ltr'><strong>Β</strong></span> <span class='ocrx_word' id='word_1_100' title='bbox 2029 1751 2081 1780; x_wconf 70' lang='grc'><strong><em>³⁸</em></strong></span> <span class='ocrx_word' id='word_1_101' title='bbox 2118 1751 2466 1827; x_wconf 63' lang='grc' dir='ltr'><strong>υυ¹¹ντ¹ξξ¹⁵¹¹³</strong></span> <span class='ocrx_word' id='word_1_102' title='bbox 2512 1751 2585 1827; x_wconf 10' lang='lat'><strong>“7</strong></span> <span class='ocrx_word' id='word_1_103' title='bbox 2608 1751 2857 1827; x_wconf 12' lang='grc' dir='ltr'><strong>ᾃ¹⁶¹ᾼ⁶⁸¹ί¹ξζ</strong></span> 
     </span>
    </p>
   </div>
   <div class='ocr_carea' id='block_1_18' title="bbox 1174 1813 1847 1914">
    <p class='ocr_par' dir='ltr' id='par_1_18' title="bbox 1174 1813 1847 1914">
     <span class='ocr_line' id='line_1_18' title="bbox 1174 1813 1847 1914; baseline -0.003 -15"><span class='ocrx_word' id='word_1_104' title='bbox 1174 1813 1271 1899; x_wconf 67' lang='grc' dir='ltr'>καὶ</span> <span class='ocrx_word' id='word_1_105' title='bbox 1314 1845 1536 1914; x_wconf 81' lang='grc' dir='ltr'><strong>ἀγάπης</strong></span> <span class='ocrx_word' id='word_1_106' title='bbox 1579 1846 1671 1899; x_wconf 74' lang='grc' dir='ltr'><strong>καὶ</strong></span> 
     </span>
    </p>
   </div>
   <div class='ocr_carea' id='block_1_19' title="bbox 1876 1813 3529 1914">
    <p class='ocr_par' dir='ltr' id='par_1_19' title="bbox 1886 1813 3529 1887">
     <span class='ocr_line' id='line_1_19' title="bbox 1886 1813 3529 1887; baseline -0.009 -14"><span class='ocrx_word' id='word_1_107' title='bbox 1886 1813 1926 1822; x_wconf 60' lang='grc'><strong>⁷</strong></span> <span class='ocrx_word' id='word_1_108' title='bbox 1956 1832 2062 1887; x_wconf 90' lang='lat' dir='ltr'><strong>que</strong></span> <span class='ocrx_word' id='word_1_109' title='bbox 2098 1831 2161 1870; x_wconf 89' lang='lat' dir='ltr'><strong>ac</strong></span> <span class='ocrx_word' id='word_1_110' title='bbox 2187 1813 2530 1883; x_wconf 74' lang='lat' dir='ltr'><strong>negotiorum</strong></span> <span class='ocrx_word' id='word_1_111' title='bbox 2562 1824 2714 1872; x_wconf 89' lang='lat' dir='ltr'><strong>usus,</strong></span> <span class='ocrx_word' id='word_1_112' title='bbox 2756 1813 3171 1877; x_wconf 73' lang='lat' dir='ltr'><strong>temperantiam</strong></span> <span class='ocrx_word' id='word_1_113' title='bbox 3210 1822 3273 1860; x_wconf 84' lang='lat' dir='ltr'><strong>ac</strong></span> <span class='ocrx_word' id='word_1_114' title='bbox 3305 1813 3529 1859; x_wconf 80' lang='lat' dir='ltr'><strong>castita-</strong></span> 
     </span>
    </p>
   </div>
   <div class='ocr_carea' id='block_1_20' title="bbox 278 1846 1125 1921">
    <p class='ocr_par' dir='ltr' id='par_1_20' title="bbox 278 1846 1125 1921">
     <span class='ocr_line' id='line_1_20' title="bbox 278 1846 1125 1921; baseline -0.006 -17"><span class='ocrx_word' id='word_1_115' title='bbox 278 1853 469 1921; x_wconf 75' lang='grc' dir='ltr'>μάτων</span> <span class='ocrx_word' id='word_1_116' title='bbox 506 1850 720 1921; x_wconf 79' lang='grc' dir='ltr'>χρῆσις,</span> <span class='ocrx_word' id='word_1_117' title='bbox 771 1846 1125 1919; x_wconf 76' lang='grc' dir='ltr'>σωφροσύνης</span> 
     </span>
    </p>
   </div>
   <div class='ocr_carea' id='block_1_21' title="bbox 276 1936 1854 2010">
    <p class='ocr_par' dir='ltr' id='par_1_21' title="bbox 276 1936 1854 2010">
     <span class='ocr_line' id='line_1_21' title="bbox 276 1936 1854 2010; baseline -0.004 -15"><span class='ocrx_word' id='word_1_118' title='bbox 276 1943 419 2005; x_wconf 83' lang='grc' dir='ltr'>σεὼς</span> <span class='ocrx_word' id='word_1_119' title='bbox 465 1945 583 1995; x_wconf 79' lang='grc' dir='ltr'>ἐστι</span> <span class='ocrx_word' id='word_1_120' title='bbox 632 1941 928 2010; x_wconf 78' lang='grc' dir='ltr'>ποιητικήο</span> <span class='ocrx_word' id='word_1_121' title='bbox 974 1941 1008 2010; x_wconf 78' lang='grc' dir='ltr'><strong>η</strong></span> <span class='ocrx_word' id='word_1_122' title='bbox 1047 1938 1104 1991; x_wconf 85' lang='grc' dir='ltr'>δὲ</span> <span class='ocrx_word' id='word_1_123' title='bbox 1162 1940 1394 2005; x_wconf 83' lang='grc' dir='ltr'>ἄλογος,</span> <span class='ocrx_word' id='word_1_124' title='bbox 1430 1936 1727 2001; x_wconf 80' lang='grc' dir='ltr'><strong>ἀκολασίας</strong></span> <span class='ocrx_word' id='word_1_125' title='bbox 1760 1940 1854 1991; x_wconf 80' lang='grc' dir='ltr'><strong>καὶ</strong></span> 
     </span>
    </p>
   </div>
   <div class='ocr_carea' id='block_1_22' title="bbox 278 2032 884 2104">
    <p class='ocr_par' dir='ltr' id='par_1_22' title="bbox 278 2032 884 2104">
     <span class='ocr_line' id='line_1_22' title="bbox 278 2032 884 2104; baseline -0.005 -18"><span class='ocrx_word' id='word_1_126' title='bbox 278 2034 470 2104; x_wconf 77' lang='grc' dir='ltr'>μίσους</span> <span class='ocrx_word' id='word_1_127' title='bbox 503 2034 598 2087; x_wconf 80' lang='grc' dir='ltr'>καὶ</span> <span class='ocrx_word' id='word_1_128' title='bbox 626 2032 884 2101; x_wconf 80' lang='grc' dir='ltr'><strong>ἀγνοίας.⁸</strong></span> 
     </span>
    </p>
   </div>
   <div class='ocr_carea' id='block_1_23' title="bbox 352 2206 1853 2285">
    <p class='ocr_par' dir='ltr' id='par_1_23' title="bbox 352 2206 1853 2285">
     <span class='ocr_line' id='line_1_23' title="bbox 352 2206 1853 2285; baseline -0.007 -16"><span class='ocrx_word' id='word_1_129' title='bbox 352 2216 416 2285; x_wconf 86' lang='grc' dir='ltr'><strong>β’.</strong></span> <span class='ocrx_word' id='word_1_130' title='bbox 454 2216 811 2284; x_wconf 81' lang='grc' dir='ltr'>ἨτοΙμασας</span> <span class='ocrx_word' id='word_1_131' title='bbox 840 2210 1100 2266; x_wconf 77' lang='grc' dir='ltr'><strong>ἐνώπιόν</strong></span> <span class='ocrx_word' id='word_1_132' title='bbox 1138 2227 1259 2280; x_wconf 82' lang='grc' dir='ltr'><strong>μου</strong></span> <span class='ocrx_word' id='word_1_133' title='bbox 1313 2206 1623 2276; x_wconf 74' lang='grc' dir='ltr'>τράπεζαν,</span> <span class='ocrx_word' id='word_1_134' title='bbox 1656 2206 1750 2259; x_wconf 74' lang='grc' dir='ltr'>καὶ</span> <span class='ocrx_word' id='word_1_135' title='bbox 1787 2206 1853 2259; x_wconf 78' lang='grc' dir='ltr'>τὰ</span> 
     </span>
    </p>
   </div>
   <div class='ocr_carea' id='block_1_24' title="bbox 272 2296 1852 2373">
    <p class='ocr_par' dir='ltr' id='par_1_24' title="bbox 272 2296 1852 2373">
     <span class='ocr_line' id='line_1_24' title="bbox 272 2296 1852 2373; baseline -0.004 -17"><span class='ocrx_word' id='word_1_136' title='bbox 272 2305 423 2373; x_wconf 77' lang='grc' dir='ltr'>ἑξῆς.</span> <span class='ocrx_word' id='word_1_137' title='bbox 471 2304 534 2355; x_wconf 81' lang='lat' dir='ltr'><strong>&#39;li</strong></span> <span class='ocrx_word' id='word_1_138' title='bbox 560 2302 807 2372; x_wconf 78' lang='grc' dir='ltr'>τράπεζα</span> <span class='ocrx_word' id='word_1_139' title='bbox 837 2300 1069 2354; x_wconf 79' lang='grc' dir='ltr'>ἐνταῦθα</span> <span class='ocrx_word' id='word_1_140' title='bbox 1100 2300 1355 2371; x_wconf 84' lang='grc' dir='ltr'><strong>σημαίνει</strong></span> <span class='ocrx_word' id='word_1_141' title='bbox 1406 2299 1506 2367; x_wconf 85' lang='grc' dir='ltr'><strong>τὴν</strong></span> <span class='ocrx_word' id='word_1_142' title='bbox 1543 2296 1852 2368; x_wconf 80' lang='grc' dir='ltr'>πρακτικὴν</span> 
     </span>
    </p>
   </div>
   <div class='ocr_carea' id='block_1_25' title="bbox 271 2390 1851 2469">
    <p class='ocr_par' dir='ltr' id='par_1_25' title="bbox 271 2390 1851 2469">
     <span class='ocr_line' id='line_1_25' title="bbox 271 2390 1851 2469; baseline -0.002 -23"><span class='ocrx_word' id='word_1_143' title='bbox 271 2398 502 2469; x_wconf 74' lang='grc' dir='ltr'>ἀρετήν.</span> <span class='ocrx_word' id='word_1_144' title='bbox 548 2396 693 2467; x_wconf 78' lang='grc' dir='ltr'>Αὕτη</span> <span class='ocrx_word' id='word_1_145' title='bbox 740 2397 847 2465; x_wconf 81' lang='grc' dir='ltr'>γὰρ</span> <span class='ocrx_word' id='word_1_146' title='bbox 877 2395 936 2460; x_wconf 78' lang='grc' dir='ltr'><strong>ἐξ</strong></span> <span class='ocrx_word' id='word_1_147' title='bbox 975 2393 1223 2456; x_wconf 77' lang='grc' dir='ltr'>ἐναντίας</span> <span class='ocrx_word' id='word_1_148' title='bbox 1256 2392 1363 2446; x_wconf 85' lang='grc' dir='ltr'>τῶν</span> <span class='ocrx_word' id='word_1_149' title='bbox 1392 2390 1679 2445; x_wconf 75' lang='grc' dir='ltr'>θλιϐόντων</span> <span class='ocrx_word' id='word_1_150' title='bbox 1705 2392 1851 2460; x_wconf 79' lang='grc' dir='ltr'>ἡμᾶς</span> 
     </span>
    </p>
   </div>
   <div class='ocr_carea' id='block_1_26' title="bbox 275 2482 1849 2557">
    <p class='ocr_par' dir='ltr' id='par_1_26' title="bbox 275 2482 1849 2557">
     <span class='ocr_line' id='line_1_26' title="bbox 275 2482 1849 2557; baseline -0.004 -18"><span class='ocrx_word' id='word_1_151' title='bbox 275 2488 431 2556; x_wconf 73' lang='grc' dir='ltr'>παρὰ</span> <span class='ocrx_word' id='word_1_152' title='bbox 461 2486 696 2557; x_wconf 79' lang='grc' dir='ltr'>Χριστοῦ</span> <span class='ocrx_word' id='word_1_153' title='bbox 728 2485 1056 2557; x_wconf 75' lang='grc' dir='ltr'>ἡτοιμάσθη.</span> <span class='ocrx_word' id='word_1_154' title='bbox 1114 2485 1186 2537; x_wconf 89' lang='grc' dir='ltr'>Τὸ</span> <span class='ocrx_word' id='word_1_155' title='bbox 1216 2484 1273 2537; x_wconf 80' lang='grc' dir='ltr'>δὲ</span> <span class='ocrx_word' id='word_1_156' title='bbox 1298 2483 1476 2536; x_wconf 83' lang='grc' dir='ltr'>ἔλαιον</span> <span class='ocrx_word' id='word_1_157' title='bbox 1501 2483 1561 2535; x_wconf 74' lang='grc' dir='ltr'>τὸ</span> <span class='ocrx_word' id='word_1_158' title='bbox 1605 2482 1849 2533; x_wconf 80' lang='grc' dir='ltr'>λιπαῖνον</span> 
     </span>
    </p>
   </div>
   <div class='ocr_carea' id='block_1_27' title="bbox 271 2574 1850 2648">
    <p class='ocr_par' dir='ltr' id='par_1_27' title="bbox 271 2574 1850 2648">
     <span class='ocr_line' id='line_1_27' title="bbox 271 2574 1850 2648; baseline -0.004 -19"><span class='ocrx_word' id='word_1_159' title='bbox 271 2581 366 2630; x_wconf 69' lang='grc' dir='ltr'><strong>τὸν</strong></span> <span class='ocrx_word' id='word_1_160' title='bbox 395 2578 541 2640; x_wconf 82' lang='grc' dir='ltr'>νοῦν,</span> <span class='ocrx_word' id='word_1_161' title='bbox 568 2578 665 2647; x_wconf 69' lang='grc' dir='ltr'><strong>τὴν</strong></span> <span class='ocrx_word' id='word_1_162' title='bbox 694 2578 928 2648; x_wconf 81' lang='grc' dir='ltr'>θεωρίαν</span> <span class='ocrx_word' id='word_1_163' title='bbox 946 2577 1055 2629; x_wconf 84' lang='grc' dir='ltr'>τῶν</span> <span class='ocrx_word' id='word_1_164' title='bbox 1080 2576 1397 2644; x_wconf 82' lang='grc' dir='ltr'>γεγονότων.</span> <span class='ocrx_word' id='word_1_165' title='bbox 1426 2575 1499 2626; x_wconf 81' lang='grc' dir='ltr'><strong>Τὸ</strong></span> <span class='ocrx_word' id='word_1_166' title='bbox 1520 2574 1574 2625; x_wconf 78' lang='grc' dir='ltr'>δὲ</span> <span class='ocrx_word' id='word_1_167' title='bbox 1596 2578 1850 2641; x_wconf 77' lang='grc' dir='ltr'>ποτήριον</span> 
     </span>
    </p>
   </div>
   <div class='ocr_carea' id='block_1_28' title="bbox 271 2665 1851 2739">
    <p class='ocr_par' dir='ltr' id='par_1_28' title="bbox 271 2665 1851 2739">
     <span class='ocr_line' id='line_1_28' title="bbox 271 2665 1851 2739; baseline -0.003 -19"><span class='ocrx_word' id='word_1_168' title='bbox 271 2668 369 2721; x_wconf 81' lang='grc' dir='ltr'><strong>τοῦ</strong></span> <span class='ocrx_word' id='word_1_169' title='bbox 397 2668 531 2721; x_wconf 84' lang='grc' dir='ltr'>Θεοῦ</span> <span class='ocrx_word' id='word_1_170' title='bbox 571 2668 679 2739; x_wconf 88' lang='lat' dir='ltr'><strong>(i),</strong></span> <span class='ocrx_word' id='word_1_171' title='bbox 713 2670 814 2737; x_wconf 85' lang='grc' dir='ltr'>τὴν</span> <span class='ocrx_word' id='word_1_172' title='bbox 842 2669 1045 2736; x_wconf 85' lang='grc' dir='ltr'>γνῶσιν</span> <span class='ocrx_word' id='word_1_173' title='bbox 1072 2668 1171 2737; x_wconf 83' lang='grc' dir='ltr'>τὴν</span> <span class='ocrx_word' id='word_1_174' title='bbox 1211 2665 1305 2719; x_wconf 87' lang='grc' dir='ltr'><strong>τοῦ</strong></span> <span class='ocrx_word' id='word_1_175' title='bbox 1336 2666 1493 2717; x_wconf 84' lang='grc' dir='ltr'>Θεοῦ.</span> <span class='ocrx_word' id='word_1_176' title='bbox 1526 2666 1598 2717; x_wconf 85' lang='grc' dir='ltr'>Τὸ</span> <span class='ocrx_word' id='word_1_177' title='bbox 1617 2665 1671 2716; x_wconf 87' lang='grc' dir='ltr'><strong>δὲ</strong></span> <span class='ocrx_word' id='word_1_178' title='bbox 1706 2666 1851 2726; x_wconf 78' lang='grc' dir='ltr'>ἔλεος</span> 
     </span>
    </p>
   </div>
   <div class='ocr_carea' id='block_1_29' title="bbox 272 2752 1850 2827">
    <p class='ocr_par' dir='ltr' id='par_1_29' title="bbox 272 2752 1850 2827">
     <span class='ocr_line' id='line_1_29' title="bbox 272 2752 1850 2827; baseline -0.004 -14"><span class='ocrx_word' id='word_1_179' title='bbox 272 2760 465 2824; x_wconf 76' lang='grc' dir='ltr'>αὐτοῦ,</span> <span class='ocrx_word' id='word_1_180' title='bbox 490 2762 579 2812; x_wconf 70' lang='grc' dir='ltr'><strong>τὸν</strong></span> <span class='ocrx_word' id='word_1_181' title='bbox 601 2760 772 2827; x_wconf 73' lang='grc' dir='ltr'>Λόγον</span> <span class='ocrx_word' id='word_1_182' title='bbox 800 2759 966 2813; x_wconf 82' lang='grc' dir='ltr'>αὑτοῦ</span> <span class='ocrx_word' id='word_1_183' title='bbox 988 2760 1082 2810; x_wconf 71' lang='grc' dir='ltr'>καὶ</span> <span class='ocrx_word' id='word_1_184' title='bbox 1112 2757 1264 2810; x_wconf 85' lang='grc' dir='ltr'>Θεόν.</span> <span class='ocrx_word' id='word_1_185' title='bbox 1297 2752 1466 2819; x_wconf 72' lang='grc' dir='ltr'>Οὗτος</span> <span class='ocrx_word' id='word_1_186' title='bbox 1495 2757 1604 2825; x_wconf 77' lang='grc' dir='ltr'>γὰρ</span> <span class='ocrx_word' id='word_1_187' title='bbox 1637 2756 1726 2808; x_wconf 83' lang='grc' dir='ltr'>διὰ</span> <span class='ocrx_word' id='word_1_188' title='bbox 1750 2754 1850 2822; x_wconf 73' lang='grc' dir='ltr'><strong>τῆς</strong></span> 
     </span>
    </p>
   </div>
   <div class='ocr_carea' id='block_1_30' title="bbox 269 2846 1847 2921">
    <p class='ocr_par' dir='ltr' id='par_1_30' title="bbox 269 2846 1847 2921">
     <span class='ocr_line' id='line_1_30' title="bbox 269 2846 1847 2921; baseline -0.004 -17"><span class='ocrx_word' id='word_1_189' title='bbox 269 2852 742 2921; x_wconf 75' lang='grc' dir='ltr'>ἐνανθρωπήσεως</span> <span class='ocrx_word' id='word_1_190' title='bbox 767 2850 931 2904; x_wconf 80' lang='grc' dir='ltr'>αὐτοῦ</span> <span class='ocrx_word' id='word_1_191' title='bbox 954 2848 1278 2903; x_wconf 83' lang='grc' dir='ltr'>καταδιώκει</span> <span class='ocrx_word' id='word_1_192' title='bbox 1302 2849 1483 2911; x_wconf 86' lang='grc' dir='ltr'>πάσας</span> <span class='ocrx_word' id='word_1_193' title='bbox 1498 2848 1596 2909; x_wconf 78' lang='grc' dir='ltr'>τὰς</span> <span class='ocrx_word' id='word_1_194' title='bbox 1615 2846 1847 2917; x_wconf 70' lang='grc' dir='ltr'>ἡμέρας,</span> 
     </span>
    </p>
   </div>
   <div class='ocr_carea' id='block_1_31' title="bbox 269 2939 1849 3012">
    <p class='ocr_par' dir='ltr' id='par_1_31' title="bbox 269 2939 1849 3012">
     <span class='ocr_line' id='line_1_31' title="bbox 269 2939 1849 3012; baseline -0.004 -16"><span class='ocrx_word' id='word_1_195' title='bbox 269 2945 378 3006; x_wconf 81' lang='grc' dir='ltr'>ἓως</span> <span class='ocrx_word' id='word_1_196' title='bbox 414 2939 474 2995; x_wconf 72' lang='grc' dir='ltr'>οὗ</span> <span class='ocrx_word' id='word_1_197' title='bbox 503 2944 711 3004; x_wconf 71' lang='grc' dir='ltr'>πάντας</span> <span class='ocrx_word' id='word_1_198' title='bbox 742 2942 1025 3012; x_wconf 75' lang='grc' dir='ltr'>καταλάϐῃ</span> <span class='ocrx_word' id='word_1_199' title='bbox 1044 2942 1170 3003; x_wconf 77' lang='grc' dir='ltr'>τοὺς</span> <span class='ocrx_word' id='word_1_200' title='bbox 1202 2940 1635 3009; x_wconf 76' lang='grc' dir='ltr'>σωθησομένους,</span> <span class='ocrx_word' id='word_1_201' title='bbox 1663 2939 1849 3009; x_wconf 79' lang='grc' dir='ltr'>ὥσπερ</span> 
     </span>
    </p>
   </div>
   <div class='ocr_carea' id='block_1_32' title="bbox 267 3026 1847 3104">
    <p class='ocr_par' dir='ltr' id='par_1_32' title="bbox 267 3026 1847 3104">
     <span class='ocr_line' id='line_1_32' title="bbox 267 3026 1847 3104; baseline -0.002 -17"><span class='ocrx_word' id='word_1_202' title='bbox 267 3035 362 3088; x_wconf 74' lang='grc' dir='ltr'><strong>τὸν</strong></span> <span class='ocrx_word' id='word_1_203' title='bbox 396 3035 621 3088; x_wconf 73' lang='grc' dir='ltr'>Παῦλον.</span> <span class='ocrx_word' id='word_1_204' title='bbox 643 3036 699 3086; x_wconf 86' lang='grc' dir='ltr'>Ὀ</span> <span class='ocrx_word' id='word_1_205' title='bbox 729 3036 784 3087; x_wconf 77' lang='grc' dir='ltr'><strong>δὲ</strong></span> <span class='ocrx_word' id='word_1_206' title='bbox 810 3031 980 3096; x_wconf 80' lang='grc' dir='ltr'>οἶκος,</span> <span class='ocrx_word' id='word_1_207' title='bbox 1008 3035 1106 3103; x_wconf 78' lang='grc' dir='ltr'>τὴν</span> <span class='ocrx_word' id='word_1_208' title='bbox 1130 3032 1427 3102; x_wconf 83' lang='grc' dir='ltr'>βασιλείαν,</span> <span class='ocrx_word' id='word_1_209' title='bbox 1461 3026 1572 3104; x_wconf 82' lang='grc' dir='ltr'>ὲνῇ</span> <span class='ocrx_word' id='word_1_210' title='bbox 1603 3030 1847 3084; x_wconf 84' lang='grc' dir='ltr'>ἀποκαθ-</span> 
     </span>
    </p>
   </div>
   <div class='ocr_carea' id='block_1_33' title="bbox 271 3123 1848 3195">
    <p class='ocr_par' dir='ltr' id='par_1_33' title="bbox 271 3123 1848 3195">
     <span class='ocr_line' id='line_1_33' title="bbox 271 3123 1848 3195; baseline -0.003 -16"><span class='ocrx_word' id='word_1_211' title='bbox 271 3129 519 3179; x_wconf 89' lang='grc' dir='ltr'>ίστανται</span> <span class='ocrx_word' id='word_1_212' title='bbox 558 3128 760 3190; x_wconf 79' lang='grc' dir='ltr'>πάντες</span> <span class='ocrx_word' id='word_1_213' title='bbox 820 3129 868 3180; x_wconf 87' lang='grc' dir='ltr'><strong>οί</strong></span> <span class='ocrx_word' id='word_1_214' title='bbox 894 3128 1061 3195; x_wconf 78' lang='grc' dir='ltr'>ᾰγιοι.</span> <span class='ocrx_word' id='word_1_215' title='bbox 1097 3126 1163 3177; x_wconf 79' lang='grc' dir='ltr'><em>Ἢ</em></span> <span class='ocrx_word' id='word_1_216' title='bbox 1192 3125 1248 3177; x_wconf 81' lang='grc' dir='ltr'>δὲ</span> <span class='ocrx_word' id='word_1_217' title='bbox 1287 3123 1563 3194; x_wconf 80' lang='grc' dir='ltr'>μακρότης</span> <span class='ocrx_word' id='word_1_218' title='bbox 1588 3124 1695 3176; x_wconf 80' lang='grc' dir='ltr'>τῶν</span> <span class='ocrx_word' id='word_1_219' title='bbox 1716 3126 1848 3194; x_wconf 77' lang='grc' dir='ltr'>ἠμε-</span> 
     </span>
    </p>
   </div>
   <div class='ocr_carea' id='block_1_34' title="bbox 272 3219 974 3291">
    <p class='ocr_par' dir='ltr' id='par_1_34' title="bbox 272 3219 974 3291">
     <span class='ocr_line' id='line_1_34' title="bbox 272 3219 974 3291; baseline 0 -21"><span class='ocrx_word' id='word_1_220' title='bbox 272 3219 404 3290; x_wconf 65' lang='grc' dir='ltr'>ρῶν,</span> <span class='ocrx_word' id='word_1_221' title='bbox 435 3221 535 3291; x_wconf 82' lang='grc' dir='ltr'>τὴν</span> <span class='ocrx_word' id='word_1_222' title='bbox 572 3220 785 3273; x_wconf 76' lang='grc' dir='ltr'>αἰώνιον</span> <span class='ocrx_word' id='word_1_223' title='bbox 808 3221 974 3288; x_wconf 70' lang='grc' dir='ltr'>ζωήν.</span> 
     </span>
    </p>
   </div>
   <div class='ocr_carea' id='block_1_35' title="bbox 339 3308 1845 3382">
    <p class='ocr_par' dir='ltr' id='par_1_35' title="bbox 339 3308 1845 3382">
     <span class='ocr_line' id='line_1_35' title="bbox 339 3308 1845 3382; baseline -0.001 -18"><span class='ocrx_word' id='word_1_224' title='bbox 339 3313 408 3378; x_wconf 87' lang='grc' dir='ltr'>γ’.</span> <span class='ocrx_word' id='word_1_225' title='bbox 447 3313 603 3366; x_wconf 82' lang='grc' dir='ltr'>Κατὰ</span> <span class='ocrx_word' id='word_1_226' title='bbox 648 3314 995 3382; x_wconf 73' lang='grc' dir='ltr'>παρὰχρησιν</span> <span class='ocrx_word' id='word_1_227' title='bbox 1047 3312 1103 3364; x_wconf 90' lang='grc' dir='ltr'><strong>αί</strong></span> <span class='ocrx_word' id='word_1_228' title='bbox 1146 3310 1337 3363; x_wconf 81' lang='grc' dir='ltr'>κακίαι</span> <span class='ocrx_word' id='word_1_229' title='bbox 1379 3310 1488 3361; x_wconf 85' lang='grc' dir='ltr'>τῶν</span> <span class='ocrx_word' id='word_1_230' title='bbox 1538 3310 1635 3378; x_wconf 82' lang='grc' dir='ltr'>τῆς</span> <span class='ocrx_word' id='word_1_231' title='bbox 1669 3308 1845 3379; x_wconf 76' lang='grc' dir='ltr'>ψυχῆς</span> 
     </span>
    </p>
   </div>
   <div class='ocr_carea' id='block_1_36' title="bbox 263 3398 1844 3474">
    <p class='ocr_par' dir='ltr' id='par_1_36' title="bbox 263 3398 1844 3474">
     <span class='ocr_line' id='line_1_36' title="bbox 263 3398 1844 3474; baseline -0.003 -17"><span class='ocrx_word' id='word_1_232' title='bbox 263 3403 551 3474; x_wconf 80' lang='grc' dir='ltr'>δυνάμεων</span> <span class='ocrx_word' id='word_1_233' title='bbox 581 3407 709 3474; x_wconf 74' lang='grc' dir='ltr'>ἡμῖν</span> <span class='ocrx_word' id='word_1_234' title='bbox 736 3404 1222 3473; x_wconf 70' lang='grc' dir='ltr'>ὲπισυμϐαίνουσιν</span> <span class='ocrx_word' id='word_1_235' title='bbox 1243 3418 1255 3431; x_wconf 80' lang='grc'><strong><em>⁸</em></strong></span> <span class='ocrx_word' id='word_1_236' title='bbox 1288 3398 1421 3465; x_wconf 75' lang='grc' dir='ltr'>οἷον,</span> <span class='ocrx_word' id='word_1_237' title='bbox 1448 3405 1547 3473; x_wconf 79' lang='grc' dir='ltr'>τῆς</span> <span class='ocrx_word' id='word_1_238' title='bbox 1577 3419 1635 3453; x_wconf 91' lang='grc' dir='ltr'><strong>τε</strong></span> <span class='ocrx_word' id='word_1_239' title='bbox 1658 3402 1844 3454; x_wconf 76' lang='grc' dir='ltr'>ἐπιθυ-</span> 
     </span>
    </p>
   </div>
   <div class='ocr_carea' id='block_1_37' title="bbox 269 3494 1837 3567">
    <p class='ocr_par' dir='ltr' id='par_1_37' title="bbox 269 3494 1837 3567">
     <span class='ocr_line' id='line_1_37' title="bbox 269 3494 1837 3567; baseline -0.001 -18"><span class='ocrx_word' id='word_1_240' title='bbox 269 3497 528 3567; x_wconf 85' lang='grc' dir='ltr'>μητικῆς,</span> <span class='ocrx_word' id='word_1_241' title='bbox 555 3498 649 3550; x_wconf 77' lang='grc' dir='ltr'><strong>καὶ</strong></span> <span class='ocrx_word' id='word_1_242' title='bbox 692 3497 791 3566; x_wconf 82' lang='grc' dir='ltr'>τῆς</span> <span class='ocrx_word' id='word_1_243' title='bbox 841 3496 1178 3566; x_wconf 76' lang='grc' dir='ltr'>θυμοειδοῦς,</span> <span class='ocrx_word' id='word_1_244' title='bbox 1230 3496 1449 3564; x_wconf 75' lang='grc' dir='ltr'>καὶτῆς</span> <span class='ocrx_word' id='word_1_245' title='bbox 1507 3494 1837 3563; x_wconf 78' lang='grc' dir='ltr'>λογιστικῆς.</span> 
     </span>
    </p>
   </div>
   <div class='ocr_carea' id='block_1_38' title="bbox 263 3584 1837 3657">
    <p class='ocr_par' dir='ltr' id='par_1_38' title="bbox 263 3584 1837 3657">
     <span class='ocr_line' id='line_1_38' title="bbox 263 3584 1837 3657; baseline -0.002 -19"><span class='ocrx_word' id='word_1_246' title='bbox 263 3586 379 3638; x_wconf 77' lang='grc' dir='ltr'><strong>Καὶ</strong></span> <span class='ocrx_word' id='word_1_247' title='bbox 398 3586 496 3657; x_wconf 86' lang='grc' dir='ltr'>τῆς</span> <span class='ocrx_word' id='word_1_248' title='bbox 528 3585 626 3656; x_wconf 83' lang='grc' dir='ltr'><strong>μὲν</strong></span> <span class='ocrx_word' id='word_1_249' title='bbox 649 3586 961 3656; x_wconf 76' lang='grc' dir='ltr'>λογιπικῆς</span> <span class='ocrx_word' id='word_1_250' title='bbox 988 3585 1271 3655; x_wconf 73' lang='grc' dir='ltr'>δυνάμεως</span> <span class='ocrx_word' id='word_1_251' title='bbox 1296 3584 1639 3656; x_wconf 66' lang='grc' dir='ltr'>παραχρησίς</span> <span class='ocrx_word' id='word_1_252' title='bbox 1671 3585 1837 3646; x_wconf 82' lang='grc' dir='ltr'>ἐστιν,</span> 
     </span>
    </p>
   </div>
   <div class='ocr_carea' id='block_1_39' title="bbox 261 3676 1843 3749">
    <p class='ocr_par' dir='ltr' id='par_1_39' title="bbox 261 3676 1843 3749">
     <span class='ocr_line' id='line_1_39' title="bbox 261 3676 1843 3749; baseline -0.003 -17"><span class='ocrx_word' id='word_1_253' title='bbox 261 3679 511 3746; x_wconf 85' lang='grc' dir='ltr'>ἀγνωσία</span> <span class='ocrx_word' id='word_1_254' title='bbox 543 3681 636 3731; x_wconf 72' lang='grc' dir='ltr'><strong>καὶ</strong></span> <span class='ocrx_word' id='word_1_255' title='bbox 669 3678 950 3749; x_wconf 82' lang='grc' dir='ltr'>ἀφροσύνη</span> <span class='ocrx_word' id='word_1_256' title='bbox 976 3694 989 3707; x_wconf 93' lang='grc'><strong>·</strong></span> <span class='ocrx_word' id='word_1_257' title='bbox 1031 3677 1130 3747; x_wconf 82' lang='grc' dir='ltr'><strong>τῆς</strong></span> <span class='ocrx_word' id='word_1_258' title='bbox 1159 3678 1216 3730; x_wconf 81' lang='grc' dir='ltr'>δὲ</span> <span class='ocrx_word' id='word_1_259' title='bbox 1246 3676 1560 3745; x_wconf 77' lang='grc' dir='ltr'>θυμοειδοῦς</span> <span class='ocrx_word' id='word_1_260' title='bbox 1601 3676 1691 3728; x_wconf 73' lang='grc' dir='ltr'>καὶ</span> <span class='ocrx_word' id='word_1_261' title='bbox 1724 3678 1843 3727; x_wconf 78' lang='grc' dir='ltr'>ἐπι-</span> 
     </span>
    </p>
   </div>
   <div class='ocr_carea' id='block_1_40' title="bbox 264 3769 1837 3842">
    <p class='ocr_par' dir='ltr' id='par_1_40' title="bbox 264 3769 1837 3842">
     <span class='ocr_line' id='line_1_40' title="bbox 264 3769 1837 3842; baseline -0.001 -21"><span class='ocrx_word' id='word_1_262' title='bbox 264 3771 596 3842; x_wconf 76' lang='grc' dir='ltr'>θυμητικῆς,</span> <span class='ocrx_word' id='word_1_263' title='bbox 627 3773 781 3841; x_wconf 87' lang='grc' dir='ltr'>μῖσος</span> <span class='ocrx_word' id='word_1_264' title='bbox 829 3771 924 3825; x_wconf 76' lang='grc' dir='ltr'><strong>καὶ</strong></span> <span class='ocrx_word' id='word_1_265' title='bbox 972 3770 1255 3824; x_wconf 83' lang='grc' dir='ltr'>ἀκολασία.</span> <span class='ocrx_word' id='word_1_266' title='bbox 1292 3770 1497 3840; x_wconf 77' lang='grc' dir='ltr'>Χρῆτις</span> <span class='ocrx_word' id='word_1_267' title='bbox 1528 3769 1583 3821; x_wconf 84' lang='grc' dir='ltr'>δὲ</span> <span class='ocrx_word' id='word_1_268' title='bbox 1614 3770 1837 3833; x_wconf 77' lang='grc' dir='ltr'>τούτων,</span> 
     </span>
    </p>
   </div>
   <div class='ocr_carea' id='block_1_41' title="bbox 262 3862 1840 3934">
    <p class='ocr_par' dir='ltr' id='par_1_41' title="bbox 262 3862 1840 3934">
     <span class='ocr_line' id='line_1_41' title="bbox 262 3862 1840 3934; baseline 0 -19"><span class='ocrx_word' id='word_1_269' title='bbox 262 3863 465 3931; x_wconf 82' lang='grc' dir='ltr'>γνῶσις</span> <span class='ocrx_word' id='word_1_270' title='bbox 489 3865 583 3917; x_wconf 77' lang='grc' dir='ltr'><strong>καὶ</strong></span> <span class='ocrx_word' id='word_1_271' title='bbox 616 3864 879 3934; x_wconf 72' lang='grc' dir='ltr'>φρόνησις</span> <span class='ocrx_word' id='word_1_272' title='bbox 899 3904 912 3925; x_wconf 89' lang='grc'><strong>,</strong></span> <span class='ocrx_word' id='word_1_273' title='bbox 948 3863 1137 3933; x_wconf 80' lang='grc' dir='ltr'>ἀγάπη</span> <span class='ocrx_word' id='word_1_274' title='bbox 1169 3880 1229 3915; x_wconf 84' lang='grc' dir='ltr'><strong>τε</strong></span> <span class='ocrx_word' id='word_1_275' title='bbox 1256 3864 1351 3916; x_wconf 74' lang='grc' dir='ltr'><strong>καὶ</strong></span> <span class='ocrx_word' id='word_1_276' title='bbox 1379 3862 1719 3931; x_wconf 74' lang='grc' dir='ltr'>σωφροσύνη.</span> <span class='ocrx_word' id='word_1_277' title='bbox 1780 3863 1840 3915; x_wconf 82' lang='lat' dir='ltr'><strong>Ei</strong></span> 
     </span>
    </p>
   </div>
   <div class='ocr_carea' id='block_1_42' title="bbox 259 3955 1836 4022">
    <p class='ocr_par' dir='ltr' id='par_1_42' title="bbox 259 3955 1836 4022">
     <span class='ocr_line' id='line_1_42' title="bbox 259 3955 1836 4022; baseline 0 -16"><span class='ocrx_word' id='word_1_278' title='bbox 259 3955 321 4007; x_wconf 79' lang='grc' dir='ltr'><strong>δὲ</strong></span> <span class='ocrx_word' id='word_1_279' title='bbox 354 3955 535 4019; x_wconf 83' lang='grc' dir='ltr'>τοῦτο,</span> <span class='ocrx_word' id='word_1_280' title='bbox 564 3957 713 4009; x_wconf 78' lang='grc' dir='ltr'>οὐδὲν</span> <span class='ocrx_word' id='word_1_281' title='bbox 739 3956 849 4009; x_wconf 84' lang='grc' dir='ltr'>τῶν</span> <span class='ocrx_word' id='word_1_282' title='bbox 874 3956 978 4010; x_wconf 80' lang='grc' dir='ltr'><strong>ὑπὸ</strong></span> <span class='ocrx_word' id='word_1_283' title='bbox 1006 3955 1139 4009; x_wconf 89' lang='grc' dir='ltr'>Θεοῦ</span> <span class='ocrx_word' id='word_1_284' title='bbox 1197 3955 1522 4009; x_wconf 83' lang='grc' dir='ltr'>κτισθέντων</span> <span class='ocrx_word' id='word_1_285' title='bbox 1552 3956 1645 4008; x_wconf 75' lang='grc' dir='ltr'><strong>καὶ</strong></span> <span class='ocrx_word' id='word_1_286' title='bbox 1676 3971 1836 4022; x_wconf 86' lang='grc' dir='ltr'>γεγο-</span> 
     </span>
    </p>
   </div>
   <div class='ocr_carea' id='block_1_43' title="bbox 258 4048 806 4101">
    <p class='ocr_par' dir='ltr' id='par_1_43' title="bbox 258 4048 806 4101">
     <span class='ocr_line' id='line_1_43' title="bbox 258 4048 806 4101; baseline 0.002 -2"><span class='ocrx_word' id='word_1_287' title='bbox 258 4048 431 4100; x_wconf 72' lang='grc' dir='ltr'>νότων</span> <span class='ocrx_word' id='word_1_288' title='bbox 468 4048 585 4101; x_wconf 77' lang='grc' dir='ltr'>ἐστὶ</span> <span class='ocrx_word' id='word_1_289' title='bbox 616 4048 806 4101; x_wconf 88' lang='grc' dir='ltr'>κακόν.</span> 
     </span>
    </p>
   </div>
   <div class='ocr_carea' id='block_1_44' title="bbox 332 4138 1833 4210">
    <p class='ocr_par' dir='ltr' id='par_1_44' title="bbox 332 4138 1833 4210">
     <span class='ocr_line' id='line_1_44' title="bbox 332 4138 1833 4210; baseline -0.001 -17"><span class='ocrx_word' id='word_1_290' title='bbox 332 4140 395 4193; x_wconf 82' lang='grc' dir='ltr'>δ’.</span> <span class='ocrx_word' id='word_1_291' title='bbox 425 4142 499 4194; x_wconf 82' lang='grc' dir='ltr'><strong>οὐ</strong></span> <span class='ocrx_word' id='word_1_292' title='bbox 527 4141 596 4193; x_wconf 85' lang='grc' dir='ltr'>τὰ</span> <span class='ocrx_word' id='word_1_293' title='bbox 639 4139 899 4210; x_wconf 82' lang='grc' dir='ltr'>βρώματα</span> <span class='ocrx_word' id='word_1_294' title='bbox 947 4140 1114 4202; x_wconf 68' lang='grc' dir='ltr'>κακὲ,</span> <span class='ocrx_word' id='word_1_295' title='bbox 1166 4138 1279 4191; x_wconf 82' lang='grc' dir='ltr'>ἀλλ’</span> <span class='ocrx_word' id='word_1_296' title='bbox 1322 4140 1356 4210; x_wconf 79' lang='grc' dir='ltr'>ἡ</span> <span class='ocrx_word' id='word_1_297' title='bbox 1390 4139 1833 4210; x_wconf 74' lang='grc' dir='ltr'>γαστριμαργία·</span> 
     </span>
    </p>
   </div>
   <div class='ocr_carea' id='block_1_45' title="bbox 256 4231 1832 4304">
    <p class='ocr_par' dir='ltr' id='par_1_45' title="bbox 256 4231 1832 4304">
     <span class='ocr_line' id='line_1_45' title="bbox 256 4231 1832 4304; baseline 0 -18"><span class='ocrx_word' id='word_1_298' title='bbox 256 4234 382 4287; x_wconf 73' lang='grc' dir='ltr'>οὐδὲ</span> <span class='ocrx_word' id='word_1_299' title='bbox 404 4235 437 4304; x_wconf 78' lang='grc' dir='ltr'>ἡ</span> <span class='ocrx_word' id='word_1_300' title='bbox 470 4233 802 4297; x_wconf 81' lang='grc' dir='ltr'>παιδοποιία,</span> <span class='ocrx_word' id='word_1_301' title='bbox 825 4233 938 4286; x_wconf 86' lang='grc' dir='ltr'>ἀλλ’</span> <span class='ocrx_word' id='word_1_302' title='bbox 965 4235 998 4302; x_wconf 84' lang='grc' dir='ltr'>ἡ</span> <span class='ocrx_word' id='word_1_303' title='bbox 1035 4231 1258 4301; x_wconf 89' lang='grc' dir='ltr'>πορνεία</span> <span class='ocrx_word' id='word_1_304' title='bbox 1281 4246 1293 4259; x_wconf 90' lang='grc'><strong>·</strong></span> <span class='ocrx_word' id='word_1_305' title='bbox 1315 4232 1436 4284; x_wconf 80' lang='grc' dir='ltr'>οὐδὲ</span> <span class='ocrx_word' id='word_1_306' title='bbox 1464 4232 1534 4284; x_wconf 81' lang='grc' dir='ltr'>τὰ</span> <span class='ocrx_word' id='word_1_307' title='bbox 1557 4235 1832 4302; x_wconf 83' lang='grc' dir='ltr'>χρήματα,</span> 
     </span>
    </p>
   </div>
   <div class='ocr_carea' id='block_1_46' title="bbox 256 4324 1829 4397">
    <p class='ocr_par' dir='ltr' id='par_1_46' title="bbox 256 4324 1829 4397">
     <span class='ocr_line' id='line_1_46' title="bbox 256 4324 1829 4397; baseline 0.002 -19"><span class='ocrx_word' id='word_1_308' title='bbox 256 4327 377 4379; x_wconf 75' lang='grc' dir='ltr'>ἀλλ’</span> <span class='ocrx_word' id='word_1_309' title='bbox 406 4328 439 4397; x_wconf 78' lang='grc' dir='ltr'><strong>ἡ</strong></span> <span class='ocrx_word' id='word_1_310' title='bbox 474 4326 804 4397; x_wconf 79' lang='grc' dir='ltr'>φιλαργυρία</span> <span class='ocrx_word' id='word_1_311' title='bbox 828 4341 840 4354; x_wconf 93' lang='grc'><strong>·</strong></span> <span class='ocrx_word' id='word_1_312' title='bbox 874 4325 993 4378; x_wconf 77' lang='grc' dir='ltr'>οὐδὲ</span> <span class='ocrx_word' id='word_1_313' title='bbox 1029 4327 1063 4395; x_wconf 82' lang='grc' dir='ltr'>ὴ</span> <span class='ocrx_word' id='word_1_314' title='bbox 1094 4324 1240 4389; x_wconf 78' lang='grc' dir='ltr'>δόξα,</span> <span class='ocrx_word' id='word_1_315' title='bbox 1301 4325 1416 4379; x_wconf 86' lang='grc' dir='ltr'>ἀλλ’</span> <span class='ocrx_word' id='word_1_316' title='bbox 1467 4328 1499 4396; x_wconf 80' lang='grc' dir='ltr'>ἡ</span> <span class='ocrx_word' id='word_1_317' title='bbox 1537 4326 1829 4390; x_wconf 77' lang='grc' dir='ltr'>κενοδοξία.</span> 
     </span>
    </p>
   </div>
   <div class='ocr_carea' id='block_1_47' title="bbox 1966 629 2070 673">
    <p class='ocr_par' dir='ltr' id='par_1_47' title="bbox 1966 629 2070 673">
     <span class='ocr_line' id='line_1_47' title="bbox 1966 629 2070 673; baseline -0.01 -1"><span class='ocrx_word' id='word_1_318' title='bbox 1966 629 2070 673; x_wconf 85' lang='lat' dir='ltr'><strong>est.</strong></span> 
     </span>
    </p>
   </div>
   <div class='ocr_carea' id='block_1_48' title="bbox 2040 710 3541 782">
    <p class='ocr_par' dir='ltr' id='par_1_48' title="bbox 2040 710 3541 782">
     <span class='ocr_line' id='line_1_48' title="bbox 2040 710 3541 782; baseline 0 -17"><span class='ocrx_word' id='word_1_319' title='bbox 2040 712 2125 766; x_wconf 84' lang='lat'><strong>99.</strong></span> <span class='ocrx_word' id='word_1_320' title='bbox 2161 713 2378 782; x_wconf 79' lang='lat' dir='ltr'><strong>Virgam</strong></span> <span class='ocrx_word' id='word_1_321' title='bbox 2404 711 2561 764; x_wconf 88' lang='lat' dir='ltr'><strong>aiunt</strong></span> <span class='ocrx_word' id='word_1_322' title='bbox 2586 710 2891 778; x_wconf 81' lang='lat' dir='ltr'><strong>signiﬁcare</strong></span> <span class='ocrx_word' id='word_1_323' title='bbox 2915 712 3009 766; x_wconf 88' lang='lat' dir='ltr'><strong>Dei</strong></span> <span class='ocrx_word' id='word_1_324' title='bbox 3035 711 3304 781; x_wconf 85' lang='lat' dir='ltr'><strong>judicium</strong></span> <span class='ocrx_word' id='word_1_325' title='bbox 3336 729 3348 766; x_wconf 89' lang='lat'><strong>:</strong></span> <span class='ocrx_word' id='word_1_326' title='bbox 3375 712 3541 766; x_wconf 86' lang='lat' dir='ltr'><strong>bacu-</strong></span> 
     </span>
    </p>
   </div>
   <div class='ocr_carea' id='block_1_49' title="bbox 1967 802 3536 873">
    <p class='ocr_par' dir='ltr' id='par_1_49' title="bbox 1967 802 3536 873">
     <span class='ocr_line' id='line_1_49' title="bbox 1967 802 3536 873; baseline -0.001 -14"><span class='ocrx_word' id='word_1_327' title='bbox 1967 806 2080 859; x_wconf 91' lang='lat' dir='ltr'><strong>lum</strong></span> <span class='ocrx_word' id='word_1_328' title='bbox 2127 820 2290 866; x_wconf 86' lang='lat' dir='ltr'><strong>vero,</strong></span> <span class='ocrx_word' id='word_1_329' title='bbox 2348 802 2776 871; x_wconf 85' lang='lat' dir='ltr'><strong>providentiam.</strong></span> <span class='ocrx_word' id='word_1_330' title='bbox 2822 803 2952 871; x_wconf 86' lang='lat' dir='ltr'><strong>Ejus</strong></span> <span class='ocrx_word' id='word_1_331' title='bbox 3000 818 3151 872; x_wconf 83' lang='lat' dir='ltr'><strong>ergo,</strong></span> <span class='ocrx_word' id='word_1_332' title='bbox 3191 805 3283 873; x_wconf 87' lang='lat' dir='ltr'><strong>qui</strong></span> <span class='ocrx_word' id='word_1_333' title='bbox 3341 805 3536 858; x_wconf 90' lang='lat' dir='ltr'><strong>horum</strong></span> 
     </span>
    </p>
   </div>
   <div class='ocr_carea' id='block_1_50' title="bbox 1968 893 3536 966">
    <p class='ocr_par' dir='ltr' id='par_1_50' title="bbox 1968 893 3536 966">
     <span class='ocr_line' id='line_1_50' title="bbox 1968 893 3536 966; baseline -0.001 -17"><span class='ocrx_word' id='word_1_334' title='bbox 1968 898 2215 966; x_wconf 84' lang='lat' dir='ltr'><strong>percepit</strong></span> <span class='ocrx_word' id='word_1_335' title='bbox 2242 896 2548 957; x_wconf 84' lang='lat' dir='ltr'><strong>scientiam,</strong></span> <span class='ocrx_word' id='word_1_336' title='bbox 2574 904 2660 949; x_wconf 88' lang='lat' dir='ltr'><strong>est</strong></span> <span class='ocrx_word' id='word_1_337' title='bbox 2690 902 2750 947; x_wconf 94' lang='lat' dir='ltr'><strong>ut</strong></span> <span class='ocrx_word' id='word_1_338' title='bbox 2776 894 2923 947; x_wconf 87' lang='lat' dir='ltr'><strong>dicat</strong></span> <span class='ocrx_word' id='word_1_339' title='bbox 2951 912 2962 945; x_wconf 90' lang='lat'>:</span> <span class='ocrx_word' id='word_1_340' title='bbox 2990 893 3145 963; x_wconf 83' lang='lat' dir='ltr'><strong>Virga</strong></span> <span class='ocrx_word' id='word_1_341' title='bbox 3175 905 3265 948; x_wconf 86' lang='lat' dir='ltr'><strong>tua</strong></span> <span class='ocrx_word' id='word_1_342' title='bbox 3292 903 3341 948; x_wconf 82' lang='lat' dir='ltr'><strong>et</strong></span> <span class='ocrx_word' id='word_1_343' title='bbox 3373 894 3536 948; x_wconf 78' lang='lat' dir='ltr'><strong>bacu-</strong></span> 
     </span>
    </p>
   </div>
   <div class='ocr_carea' id='block_1_51' title="bbox 1965 982 3006 1056">
    <p class='ocr_par' dir='ltr' id='par_1_51' title="bbox 1965 982 3006 1056">
     <span class='ocr_line' id='line_1_51' title="bbox 1965 982 3006 1056; baseline -0.008 -14"><span class='ocrx_word' id='word_1_344' title='bbox 1965 988 2045 1042; x_wconf 74' lang='grc' dir='ltr'><strong>ιω</strong></span> <span class='ocrx_word' id='word_1_345' title='bbox 2074 996 2215 1051; x_wconf 79' lang='lat' dir='ltr'><strong>tuus,</strong></span> <span class='ocrx_word' id='word_1_346' title='bbox 2238 988 2354 1056; x_wconf 82' lang='lat' dir='ltr'><strong>ipsa</strong></span> <span class='ocrx_word' id='word_1_347' title='bbox 2381 1001 2462 1039; x_wconf 81' lang='lat' dir='ltr'><strong>me</strong></span> <span class='ocrx_word' id='word_1_348' title='bbox 2490 983 2761 1038; x_wconf 80' lang='lat' dir='ltr'><strong>consolata</strong></span> <span class='ocrx_word' id='word_1_349' title='bbox 2785 991 2908 1037; x_wconf 78' lang='lat' dir='ltr'><strong>sunt</strong></span> <span class='ocrx_word' id='word_1_350' title='bbox 2937 982 3006 1034; x_wconf 84' lang='grc'><strong>⁷³.</strong></span> 
     </span>
    </p>
   </div>
   <div class='ocr_carea' id='block_1_52' title="bbox 2038 1172 3531 1239">
    <p class='ocr_par' dir='ltr' id='par_1_52' title="bbox 2038 1172 3531 1239">
     <span class='ocr_line' id='line_1_52' title="bbox 2038 1172 3531 1239; baseline -0.004 -9"><span class='ocrx_word' id='word_1_351' title='bbox 2038 1176 2154 1229; x_wconf 52' lang='grc'><strong>104).</strong></span> <span class='ocrx_word' id='word_1_352' title='bbox 2199 1176 2301 1230; x_wconf 87' lang='lat' dir='ltr'><strong>Ubi</strong></span> <span class='ocrx_word' id='word_1_353' title='bbox 2345 1191 2499 1228; x_wconf 79' lang='lat' dir='ltr'><strong>mens</strong></span> <span class='ocrx_word' id='word_1_354' title='bbox 2542 1173 2744 1227; x_wconf 88' lang='lat' dir='ltr'><strong>nudata</strong></span> <span class='ocrx_word' id='word_1_355' title='bbox 2774 1172 3085 1237; x_wconf 81' lang='lat' dir='ltr'><strong>aﬂ&#39;ectibus,</strong></span> <span class='ocrx_word' id='word_1_356' title='bbox 3120 1188 3304 1226; x_wconf 89' lang='lat' dir='ltr'><strong>rerum</strong></span> <span class='ocrx_word' id='word_1_357' title='bbox 3341 1187 3531 1239; x_wconf 86' lang='lat' dir='ltr'><strong>specu-</strong></span> 
     </span>
    </p>
   </div>
   <div class='ocr_carea' id='block_1_53' title="bbox 1960 1262 3534 1328">
    <p class='ocr_par' dir='ltr' id='par_1_53' title="bbox 1960 1262 3534 1328">
     <span class='ocr_line' id='line_1_53' title="bbox 1960 1262 3534 1328; baseline -0.004 -7"><span class='ocrx_word' id='word_1_358' title='bbox 1960 1264 2643 1328; x_wconf 87' lang='lat' dir='ltr'><strong>latione-collustrabitur,</strong></span> <span class='ocrx_word' id='word_1_359' title='bbox 2669 1271 2784 1317; x_wconf 92' lang='lat' dir='ltr'><strong>tum</strong></span> <span class='ocrx_word' id='word_1_360' title='bbox 2820 1278 2943 1317; x_wconf 92' lang='lat' dir='ltr'><strong>cum</strong></span> <span class='ocrx_word' id='word_1_361' title='bbox 2967 1264 3078 1317; x_wconf 85' lang='lat' dir='ltr'><strong>Deo</strong></span> <span class='ocrx_word' id='word_1_362' title='bbox 3108 1262 3337 1328; x_wconf 90' lang='lat' dir='ltr'><strong>versari,</strong></span> <span class='ocrx_word' id='word_1_363' title='bbox 3368 1269 3444 1325; x_wconf 92' lang='lat' dir='ltr'><strong>et,</strong></span> <span class='ocrx_word' id='word_1_364' title='bbox 3474 1268 3534 1316; x_wconf 92' lang='lat' dir='ltr'><strong>ut</strong></span> 
     </span>
    </p>
   </div>
   <div class='ocr_carea' id='block_1_54' title="bbox 1960 1356 2656 1428">
    <p class='ocr_par' dir='ltr' id='par_1_54' title="bbox 1960 1356 2656 1428">
     <span class='ocr_line' id='line_1_54' title="bbox 1960 1356 2656 1428; baseline -0.003 -17"><span class='ocrx_word' id='word_1_365' title='bbox 1960 1367 2198 1428; x_wconf 86' lang='lat' dir='ltr'><strong>oportet,</strong></span> <span class='ocrx_word' id='word_1_366' title='bbox 2236 1374 2394 1412; x_wconf 89' lang='lat' dir='ltr'><strong>orare</strong></span> <span class='ocrx_word' id='word_1_367' title='bbox 2434 1356 2656 1427; x_wconf 90' lang='lat' dir='ltr'><strong>poterit.</strong></span> 
     </span>
    </p>
   </div>
   <div class='ocr_carea' id='block_1_55' title="bbox 2570 1535 2895 1591">
    <p class='ocr_par' dir='ltr' id='par_1_55' title="bbox 2570 1535 2895 1591">
     <span class='ocr_line' id='line_1_55' title="bbox 2570 1535 2895 1591; baseline -0.009 0"><span class='ocrx_word' id='word_1_368' title='bbox 2570 1535 2895 1591; x_wconf 73' lang='lat' dir='ltr'><strong>EIUSDEM</strong></span> 
     </span>
    </p>
   </div>
   <div class='ocr_carea' id='block_1_56' title="bbox 2196 1628 3221 1695">
    <p class='ocr_par' dir='ltr' id='par_1_56' title="bbox 2196 1628 3221 1695">
     <span class='ocr_line' id='line_1_56' title="bbox 2196 1628 3221 1695; baseline -0.007 -9"><span class='ocrx_word' id='word_1_369' title='bbox 2196 1632 2272 1686; x_wconf 86' lang='lat' dir='ltr'><strong>De</strong></span> <span class='ocrx_word' id='word_1_370' title='bbox 2302 1631 2563 1685; x_wconf 70' lang='lat' dir='ltr'><strong>chariton</strong></span> <span class='ocrx_word' id='word_1_371' title='bbox 2594 1629 2746 1681; x_wconf 79' lang='lat' dir='ltr'><strong>tertio</strong></span> <span class='ocrx_word' id='word_1_372' title='bbox 2779 1636 2996 1679; x_wconf 84' lang='lat' dir='ltr'><strong>centena</strong></span> <span class='ocrx_word' id='word_1_373' title='bbox 3025 1628 3221 1695; x_wconf 85' lang='lat' dir='ltr'><strong>capita.</strong></span> 
     </span>
    </p>
   </div>
   <div class='ocr_carea' id='block_1_57' title="bbox 2029 1716 3525 1785">
    <p class='ocr_par' dir='ltr' id='par_1_57' title="bbox 2029 1716 3525 1785">
     <span class='ocr_line' id='line_1_57' title="bbox 2029 1716 3525 1785; baseline -0.009 -5"><span class='ocrx_word' id='word_1_374' title='bbox 2029 1726 2081 1780; x_wconf 76' lang='grc'>1.</span> <span class='ocrx_word' id='word_1_375' title='bbox 2118 1722 2466 1779; x_wconf 84' lang='lat' dir='ltr'><strong>Conveniens</strong></span> <span class='ocrx_word' id='word_1_376' title='bbox 2512 1735 2576 1774; x_wconf 86' lang='lat' dir='ltr'><strong>ex</strong></span> <span class='ocrx_word' id='word_1_377' title='bbox 2621 1719 2835 1773; x_wconf 90' lang='lat' dir='ltr'><strong>ratione</strong></span> <span class='ocrx_word' id='word_1_378' title='bbox 2876 1716 3268 1785; x_wconf 77' lang='lat' dir='ltr'><strong>cogitationum</strong></span> <span class='ocrx_word' id='word_1_379' title='bbox 3309 1729 3525 1769; x_wconf 54' lang='lat' dir='ltr'><strong>rerum-</strong></span> 
     </span>
    </p>
   </div>
   <div class='ocr_carea' id='block_1_58' title="bbox 1957 1897 3525 1973">
    <p class='ocr_par' dir='ltr' id='par_1_58' title="bbox 1957 1897 3525 1973">
     <span class='ocr_line' id='line_1_58' title="bbox 1957 1897 3525 1973; baseline -0.009 -10"><span class='ocrx_word' id='word_1_380' title='bbox 1957 1918 2099 1973; x_wconf 86' lang='lat' dir='ltr'><strong>tem,</strong></span> <span class='ocrx_word' id='word_1_381' title='bbox 2152 1905 2474 1961; x_wconf 89' lang='lat' dir='ltr'><strong>charitatcm</strong></span> <span class='ocrx_word' id='word_1_382' title='bbox 2525 1911 2583 1956; x_wconf 90' lang='lat' dir='ltr'><strong>et</strong></span> <span class='ocrx_word' id='word_1_383' title='bbox 2628 1900 2913 1954; x_wconf 83' lang='lat' dir='ltr'><strong>scientiam</strong></span> <span class='ocrx_word' id='word_1_384' title='bbox 2968 1899 3158 1966; x_wconf 87' lang='lat' dir='ltr'><strong>parit:</strong></span> <span class='ocrx_word' id='word_1_385' title='bbox 3197 1897 3291 1965; x_wconf 89' lang='lat' dir='ltr'><strong>qui</strong></span> <span class='ocrx_word' id='word_1_386' title='bbox 3338 1905 3525 1950; x_wconf 87' lang='lat' dir='ltr'><strong>autem</strong></span> 
     </span>
    </p>
   </div>
   <div class='ocr_carea' id='block_1_59' title="bbox 1952 1990 3525 2059">
    <p class='ocr_par' dir='ltr' id='par_1_59' title="bbox 1952 1990 3525 2059">
     <span class='ocr_line' id='line_1_59' title="bbox 1952 1990 3525 2059; baseline -0.004 -8"><span class='ocrx_word' id='word_1_387' title='bbox 1952 1998 2212 2052; x_wconf 84' lang='lat' dir='ltr'><strong>abhorret</strong></span> <span class='ocrx_word' id='word_1_388' title='bbox 2259 2011 2289 2048; x_wconf 88' lang='lat' dir='ltr'><strong>a</strong></span> <span class='ocrx_word' id='word_1_389' title='bbox 2331 1993 2564 2058; x_wconf 86' lang='lat' dir='ltr'><strong>ratione,</strong></span> <span class='ocrx_word' id='word_1_390' title='bbox 2600 1990 3100 2059; x_wconf 88' lang='lat' dir='ltr'><strong>intemperantiam,</strong></span> <span class='ocrx_word' id='word_1_391' title='bbox 3141 1990 3438 2059; x_wconf 89' lang='lat' dir='ltr'><strong>odiumque</strong></span> <span class='ocrx_word' id='word_1_392' title='bbox 3468 1997 3525 2045; x_wconf 82' lang='lat' dir='ltr'><strong>et</strong></span> 
     </span>
    </p>
   </div>
   <div class='ocr_carea' id='block_1_60' title="bbox 1952 2090 2336 2162">
    <p class='ocr_par' dir='ltr' id='par_1_60' title="bbox 1952 2090 2336 2162">
     <span class='ocr_line' id='line_1_60' title="bbox 1952 2090 2336 2162; baseline -0.013 -17"><span class='ocrx_word' id='word_1_393' title='bbox 1952 2090 2336 2162; x_wconf 83' lang='lat' dir='ltr'><strong>ignorantiam.</strong></span> 
     </span>
    </p>
   </div>
   <div class='ocr_carea' id='block_1_61' title="bbox 2020 2172 3521 2245">
    <p class='ocr_par' dir='ltr' id='par_1_61' title="bbox 2020 2172 3521 2245">
     <span class='ocr_line' id='line_1_61' title="bbox 2020 2172 3521 2245; baseline -0.005 -10"><span class='ocrx_word' id='word_1_394' title='bbox 2020 2182 2074 2235; x_wconf 72' lang='grc'><strong>2.</strong></span> <span class='ocrx_word' id='word_1_395' title='bbox 2137 2179 2350 2234; x_wconf 84' lang='lat' dir='ltr'><strong>Parasti</strong></span> <span class='ocrx_word' id='word_1_396' title='bbox 2406 2178 2461 2230; x_wconf 84' lang='lat' dir='ltr'><strong>in</strong></span> <span class='ocrx_word' id='word_1_397' title='bbox 2522 2184 2795 2245; x_wconf 78' lang='lat' dir='ltr'><strong>conspectu</strong></span> <span class='ocrx_word' id='word_1_398' title='bbox 2851 2189 2963 2226; x_wconf 84' lang='lat' dir='ltr'><strong>meo</strong></span> <span class='ocrx_word' id='word_1_399' title='bbox 3020 2188 3257 2225; x_wconf 77' lang='lat' dir='ltr'><strong>mensam</strong></span> <span class='ocrx_word' id='word_1_400' title='bbox 3291 2172 3360 2235; x_wconf 72' lang='grc'><strong>⁸⁷⁸,</strong></span> <span class='ocrx_word' id='word_1_401' title='bbox 3412 2181 3521 2229; x_wconf 86' lang='lat' dir='ltr'><strong>etc.</strong></span> 
     </span>
    </p>
   </div>
   <div class='ocr_carea' id='block_1_62' title="bbox 1952 2264 3517 2335">
    <p class='ocr_par' dir='ltr' id='par_1_62' title="bbox 1952 2264 3517 2335">
     <span class='ocr_line' id='line_1_62' title="bbox 1952 2264 3517 2335; baseline -0.005 -9"><span class='ocrx_word' id='word_1_402' title='bbox 1952 2272 2137 2326; x_wconf 82' lang='lat' dir='ltr'><strong>Mensa</strong></span> <span class='ocrx_word' id='word_1_403' title='bbox 2172 2271 2263 2324; x_wconf 90' lang='lat' dir='ltr'><strong>hic</strong></span> <span class='ocrx_word' id='word_1_404' title='bbox 2288 2271 2548 2323; x_wconf 80' lang='lat' dir='ltr'><strong>virtutem</strong></span> <span class='ocrx_word' id='word_1_405' title='bbox 2582 2266 2874 2335; x_wconf 80' lang='lat' dir='ltr'><strong>signiﬁcat,</strong></span> <span class='ocrx_word' id='word_1_406' title='bbox 2901 2279 3021 2332; x_wconf 71' lang='lat' dir='ltr'><strong>qua:</strong></span> <span class='ocrx_word' id='word_1_407' title='bbox 3047 2264 3261 2317; x_wconf 83' lang='lat' dir='ltr'><strong>actione</strong></span> <span class='ocrx_word' id='word_1_408' title='bbox 3286 2265 3517 2332; x_wconf 83' lang='lat' dir='ltr'><strong>geritur.</strong></span> 
     </span>
    </p>
   </div>
   <div class='ocr_carea' id='block_1_63' title="bbox 1952 2354 3520 2427">
    <p class='ocr_par' dir='ltr' id='par_1_63' title="bbox 1952 2354 3520 2427">
     <span class='ocr_line' id='line_1_63' title="bbox 1952 2354 3520 2427; baseline -0.004 -10"><span class='ocrx_word' id='word_1_409' title='bbox 1952 2363 2076 2418; x_wconf 71' lang='lat' dir='ltr'><strong>Ilzcc</strong></span> <span class='ocrx_word' id='word_1_410' title='bbox 2107 2364 2255 2418; x_wconf 91' lang='lat' dir='ltr'><strong>enim</strong></span> <span class='ocrx_word' id='word_1_411' title='bbox 2290 2379 2321 2417; x_wconf 93' lang='lat' dir='ltr'><strong>a</strong></span> <span class='ocrx_word' id='word_1_412' title='bbox 2352 2361 2573 2416; x_wconf 87' lang='lat' dir='ltr'><strong>Christo</strong></span> <span class='ocrx_word' id='word_1_413' title='bbox 2604 2366 2791 2427; x_wconf 89' lang='lat' dir='ltr'><strong>parata</strong></span> <span class='ocrx_word' id='word_1_414' title='bbox 2823 2366 2926 2421; x_wconf 90' lang='lat' dir='ltr'><strong>est,</strong></span> <span class='ocrx_word' id='word_1_415' title='bbox 2954 2372 3022 2410; x_wconf 83' lang='lat' dir='ltr'><strong>ex</strong></span> <span class='ocrx_word' id='word_1_416' title='bbox 3059 2354 3293 2411; x_wconf 90' lang='lat' dir='ltr'><strong>adverso</strong></span> <span class='ocrx_word' id='word_1_417' title='bbox 3325 2370 3520 2410; x_wconf 88' lang='lat' dir='ltr'><strong>eorum</strong></span> 
     </span>
    </p>
   </div>
   <div class='ocr_carea' id='block_1_64' title="bbox 1951 2448 3519 2527">
    <p class='ocr_par' dir='ltr' id='par_1_64' title="bbox 1951 2448 3519 2527">
     <span class='ocr_line' id='line_1_64' title="bbox 1951 2448 3519 2527; baseline -0.004 -20"><span class='ocrx_word' id='word_1_418' title='bbox 1951 2458 2045 2527; x_wconf 87' lang='lat' dir='ltr'><strong>qui</strong></span> <span class='ocrx_word' id='word_1_419' title='bbox 2095 2454 2361 2510; x_wconf 90' lang='lat' dir='ltr'><strong>tribulant</strong></span> <span class='ocrx_word' id='word_1_420' title='bbox 2404 2466 2523 2505; x_wconf 90' lang='lat' dir='ltr'><strong>nos.</strong></span> <span class='ocrx_word' id='word_1_421' title='bbox 2568 2450 2761 2505; x_wconf 91' lang='lat' dir='ltr'><strong>Oleum</strong></span> <span class='ocrx_word' id='word_1_422' title='bbox 2807 2457 2991 2503; x_wconf 89' lang='lat' dir='ltr'><strong>autem</strong></span> <span class='ocrx_word' id='word_1_423' title='bbox 3036 2456 3274 2502; x_wconf 86' lang='lat' dir='ltr'><strong>mentem</strong></span> <span class='ocrx_word' id='word_1_424' title='bbox 3316 2448 3519 2516; x_wconf 91' lang='lat' dir='ltr'><strong>impin-</strong></span> 
     </span>
    </p>
   </div>
   <div class='ocr_carea' id='block_1_65' title="bbox 1950 2542 3520 2620">
    <p class='ocr_par' dir='ltr' id='par_1_65' title="bbox 1950 2542 3520 2620">
     <span class='ocr_line' id='line_1_65' title="bbox 1950 2542 3520 2620; baseline -0.004 -18"><span class='ocrx_word' id='word_1_425' title='bbox 1950 2564 2152 2620; x_wconf 82' lang='lat' dir='ltr'><strong>guans,</strong></span> <span class='ocrx_word' id='word_1_426' title='bbox 2189 2563 2371 2601; x_wconf 90' lang='lat' dir='ltr'><strong>rerum</strong></span> <span class='ocrx_word' id='word_1_427' title='bbox 2424 2553 2729 2599; x_wconf 85' lang='lat' dir='ltr'><strong>creatarum</strong></span> <span class='ocrx_word' id='word_1_428' title='bbox 2778 2542 3231 2611; x_wconf 89' lang='lat' dir='ltr'><strong>speculationem.</strong></span> <span class='ocrx_word' id='word_1_429' title='bbox 3262 2542 3357 2595; x_wconf 90' lang='lat' dir='ltr'><strong>Dei</strong></span> <span class='ocrx_word' id='word_1_430' title='bbox 3386 2558 3520 2596; x_wconf 89' lang='lat' dir='ltr'><strong>vero</strong></span> 
     </span>
    </p>
   </div>
   <div class='ocr_carea' id='block_1_66' title="bbox 1951 2631 3519 2707">
    <p class='ocr_par' dir='ltr' id='par_1_66' title="bbox 1951 2631 3519 2707">
     <span class='ocr_line' id='line_1_66' title="bbox 1951 2631 3519 2707; baseline -0.005 -14"><span class='ocrx_word' id='word_1_431' title='bbox 1951 2640 2112 2703; x_wconf 75' lang='lat' dir='ltr'><strong>calix,</strong></span> <span class='ocrx_word' id='word_1_432' title='bbox 2148 2639 2239 2691; x_wconf 78' lang='lat' dir='ltr'><strong>Dei</strong></span> <span class='ocrx_word' id='word_1_433' title='bbox 2274 2636 2643 2707; x_wconf 66' lang='lat' dir='ltr'><strong>cognitionem</strong></span> <span class='ocrx_word' id='word_1_434' title='bbox 2681 2649 2743 2687; x_wconf 91' lang='lat' dir='ltr'><strong>ac</strong></span> <span class='ocrx_word' id='word_1_435' title='bbox 2777 2632 3082 2686; x_wconf 88' lang='lat' dir='ltr'><strong>scientiam.</strong></span> <span class='ocrx_word' id='word_1_436' title='bbox 3122 2631 3250 2701; x_wconf 84' lang='lat' dir='ltr'><strong>Ejus</strong></span> <span class='ocrx_word' id='word_1_437' title='bbox 3281 2631 3519 2701; x_wconf 82' lang='lat' dir='ltr'><strong>denique</strong></span> 
     </span>
    </p>
   </div>
   <div class='ocr_carea' id='block_1_67' title="bbox 1941 2722 3517 2797">
    <p class='ocr_par' dir='ltr' id='par_1_67' title="bbox 1941 2722 3517 2797">
     <span class='ocr_line' id='line_1_67' title="bbox 1941 2722 3517 2797; baseline -0.008 -12"><span class='ocrx_word' id='word_1_438' title='bbox 1941 2729 2349 2790; x_wconf 77' lang='lat' dir='ltr'><strong>misericordia,</strong></span> <span class='ocrx_word' id='word_1_439' title='bbox 2382 2728 2555 2797; x_wconf 86' lang='lat' dir='ltr'><strong>ipsius</strong></span> <span class='ocrx_word' id='word_1_440' title='bbox 2579 2724 2819 2780; x_wconf 85' lang='lat' dir='ltr'><strong>Verbum</strong></span> <span class='ocrx_word' id='word_1_441' title='bbox 2847 2738 2910 2777; x_wconf 89' lang='lat' dir='ltr'><strong>ac</strong></span> <span class='ocrx_word' id='word_1_442' title='bbox 2932 2723 3121 2776; x_wconf 88' lang='lat' dir='ltr'><strong>Deum.</strong></span> <span class='ocrx_word' id='word_1_443' title='bbox 3151 2723 3331 2791; x_wconf 83' lang='lat' dir='ltr'><strong>Ipsum</strong></span> <span class='ocrx_word' id='word_1_444' title='bbox 3357 2722 3517 2793; x_wconf 65' lang='grc'><strong>427</strong></span> 
     </span>
    </p>
   </div>
   <div class='ocr_carea' id='block_1_68' title="bbox 1949 2813 3521 2891">
    <p class='ocr_par' dir='ltr' id='par_1_68' title="bbox 1949 2813 3521 2891">
     <span class='ocr_line' id='line_1_68' title="bbox 1949 2813 3521 2891; baseline -0.006 -14"><span class='ocrx_word' id='word_1_445' title='bbox 1949 2823 2097 2877; x_wconf 91' lang='lat' dir='ltr'><strong>enim</strong></span> <span class='ocrx_word' id='word_1_446' title='bbox 2141 2837 2246 2891; x_wconf 88' lang='lat' dir='ltr'><strong>qua</strong></span> <span class='ocrx_word' id='word_1_447' title='bbox 2292 2819 2572 2874; x_wconf 84' lang='lat' dir='ltr'><strong>hominem</strong></span> <span class='ocrx_word' id='word_1_448' title='bbox 2624 2816 2822 2877; x_wconf 89' lang='lat' dir='ltr'><strong>induit,</strong></span> <span class='ocrx_word' id='word_1_449' title='bbox 2864 2815 3213 2883; x_wconf 83' lang='lat' dir='ltr'><strong>persequitur</strong></span> <span class='ocrx_word' id='word_1_450' title='bbox 3261 2813 3521 2867; x_wconf 90' lang='lat' dir='ltr'><strong>omnibus</strong></span> 
     </span>
    </p>
   </div>
   <div class='ocr_carea' id='block_1_69' title="bbox 1948 2905 3516 2975">
    <p class='ocr_par' dir='ltr' id='par_1_69' title="bbox 1948 2905 3516 2975">
     <span class='ocr_line' id='line_1_69' title="bbox 1948 2905 3516 2975; baseline -0.007 -7"><span class='ocrx_word' id='word_1_451' title='bbox 1948 2914 2178 2975; x_wconf 88' lang='lat' dir='ltr'><strong>diebus,</strong></span> <span class='ocrx_word' id='word_1_452' title='bbox 2223 2910 2401 2965; x_wconf 88' lang='lat' dir='ltr'><strong>donec</strong></span> <span class='ocrx_word' id='word_1_453' title='bbox 2445 2924 2636 2963; x_wconf 90' lang='lat' dir='ltr'><strong>omnes</strong></span> <span class='ocrx_word' id='word_1_454' title='bbox 2684 2906 2973 2960; x_wconf 79' lang='lat' dir='ltr'><strong>salvandos</strong></span> <span class='ocrx_word' id='word_1_455' title='bbox 3014 2905 3516 2975; x_wconf 85' lang='lat' dir='ltr'><strong>comprehenderit,</strong></span> 
     </span>
    </p>
   </div>
   <div class='ocr_carea' id='block_1_70' title="bbox 1952 2996 3517 3071">
    <p class='ocr_par' dir='ltr' id='par_1_70' title="bbox 1952 2996 3517 3071">
     <span class='ocr_line' id='line_1_70' title="bbox 1952 2996 3517 3071; baseline -0.005 -13"><span class='ocrx_word' id='word_1_456' title='bbox 1952 3005 2031 3058; x_wconf 89' lang='lat' dir='ltr'><strong>uti</strong></span> <span class='ocrx_word' id='word_1_457' title='bbox 2054 3004 2306 3059; x_wconf 88' lang='lat' dir='ltr'><strong>Paulum.</strong></span> <span class='ocrx_word' id='word_1_458' title='bbox 2340 3002 2564 3065; x_wconf 90' lang='lat' dir='ltr'><strong>Domus,</strong></span> <span class='ocrx_word' id='word_1_459' title='bbox 2599 3015 2825 3071; x_wconf 83' lang='lat' dir='ltr'><strong>regnum</strong></span> <span class='ocrx_word' id='word_1_460' title='bbox 2848 3008 2932 3053; x_wconf 89' lang='lat' dir='ltr'><strong>est</strong></span> <span class='ocrx_word' id='word_1_461' title='bbox 2957 2998 3010 3053; x_wconf 90' lang='lat' dir='ltr'><strong>in</strong></span> <span class='ocrx_word' id='word_1_462' title='bbox 3042 2998 3187 3067; x_wconf 89' lang='lat' dir='ltr'><strong>quod</strong></span> <span class='ocrx_word' id='word_1_463' title='bbox 3222 2996 3517 3051; x_wconf 86' lang='lat' dir='ltr'><strong>reducendi</strong></span> 
     </span>
    </p>
   </div>
   <div class='ocr_carea' id='block_1_71' title="bbox 1876 3091 3511 3163">
    <p class='ocr_par' dir='ltr' id='par_1_71' title="bbox 1876 3091 3511 3163">
     <span class='ocr_line' id='line_1_71' title="bbox 1876 3091 3511 3163; baseline -0.005 -13"><span class='ocrx_word' id='word_1_464' title='bbox 1876 3101 1917 3158; x_wconf 72' lang='lat'><strong>(1</strong></span> <span class='ocrx_word' id='word_1_465' title='bbox 1951 3105 2079 3152; x_wconf 87' lang='lat' dir='ltr'><strong>sunt</strong></span> <span class='ocrx_word' id='word_1_466' title='bbox 2103 3110 2296 3149; x_wconf 91' lang='lat' dir='ltr'><strong>omnes</strong></span> <span class='ocrx_word' id='word_1_467' title='bbox 2322 3093 2514 3149; x_wconf 87' lang='lat' dir='ltr'><strong>sancti.</strong></span> <span class='ocrx_word' id='word_1_468' title='bbox 2556 3091 2863 3163; x_wconf 85' lang='lat' dir='ltr'><strong>Longitudo</strong></span> <span class='ocrx_word' id='word_1_469' title='bbox 2891 3091 3126 3146; x_wconf 89' lang='lat' dir='ltr'><strong>dierum.</strong></span> <span class='ocrx_word' id='word_1_470' title='bbox 3151 3091 3261 3144; x_wconf 89' lang='lat' dir='ltr'><strong>vita</strong></span> <span class='ocrx_word' id='word_1_471' title='bbox 3290 3098 3511 3144; x_wconf 66' lang='lat' dir='ltr'><strong>aeterna.</strong></span> 
     </span>
    </p>
   </div>
   <div class='ocr_carea' id='block_1_72' title="bbox 2015 3328 3511 3395">
    <p class='ocr_par' dir='ltr' id='par_1_72' title="bbox 2015 3328 3511 3395">
     <span class='ocr_line' id='line_1_72' title="bbox 2015 3328 3511 3395; baseline 0.001 -13"><span class='ocrx_word' id='word_1_472' title='bbox 2015 3331 2066 3383; x_wconf 81' lang='lat'><strong>5.</strong></span> <span class='ocrx_word' id='word_1_473' title='bbox 2108 3329 2296 3381; x_wconf 78' lang='lat' dir='ltr'><strong>Ahusu</strong></span> <span class='ocrx_word' id='word_1_474' title='bbox 2327 3328 2527 3381; x_wconf 83' lang='lat' dir='ltr'><strong>virium</strong></span> <span class='ocrx_word' id='word_1_475' title='bbox 2569 3328 2784 3395; x_wconf 65' lang='lat' dir='ltr'><strong>anima},</strong></span> <span class='ocrx_word' id='word_1_476' title='bbox 2808 3329 2939 3383; x_wconf 88' lang='lat' dir='ltr'><strong>vitia</strong></span> <span class='ocrx_word' id='word_1_477' title='bbox 2977 3329 3139 3383; x_wconf 91' lang='lat' dir='ltr'><strong>nobis</strong></span> <span class='ocrx_word' id='word_1_478' title='bbox 3172 3330 3511 3395; x_wconf 77' lang='lat' dir='ltr'><strong>inolescuut,</strong></span> 
     </span>
    </p>
   </div>
   <div class='ocr_carea' id='block_1_73' title="bbox 1945 3421 3512 3489">
    <p class='ocr_par' dir='ltr' id='par_1_73' title="bbox 1945 3421 3512 3489">
     <span class='ocr_line' id='line_1_73' title="bbox 1945 3421 3512 3489; baseline 0.001 -15"><span class='ocrx_word' id='word_1_479' title='bbox 1945 3429 2060 3474; x_wconf 87' lang='lat' dir='ltr'><strong>tum</strong></span> <span class='ocrx_word' id='word_1_480' title='bbox 2109 3422 2317 3475; x_wconf 79' lang='lat' dir='ltr'><strong>scilicet</strong></span> <span class='ocrx_word' id='word_1_481' title='bbox 2360 3421 2825 3489; x_wconf 82' lang='lat' dir='ltr'><strong>roncupiscentis,</strong></span> <span class='ocrx_word' id='word_1_482' title='bbox 2869 3430 2980 3474; x_wconf 90' lang='lat' dir='ltr'><strong>tum</strong></span> <span class='ocrx_word' id='word_1_483' title='bbox 3024 3421 3311 3475; x_wconf 85' lang='lat' dir='ltr'><strong>irascentis</strong></span> <span class='ocrx_word' id='word_1_484' title='bbox 3345 3421 3512 3475; x_wconf 66' lang='lat' dir='ltr'><strong>animi</strong></span> 
     </span>
    </p>
   </div>
   <div class='ocr_carea' id='block_1_74' title="bbox 1944 3514 3515 3583">
    <p class='ocr_par' dir='ltr' id='par_1_74' title="bbox 1944 3514 3515 3583">
     <span class='ocr_line' id='line_1_74' title="bbox 1944 3514 3515 3583; baseline 0.001 -17"><span class='ocrx_word' id='word_1_485' title='bbox 1944 3515 2045 3577; x_wconf 79' lang='lat' dir='ltr'><strong>vis,</strong></span> <span class='ocrx_word' id='word_1_486' title='bbox 2088 3524 2200 3567; x_wconf 91' lang='lat' dir='ltr'><strong>tum</strong></span> <span class='ocrx_word' id='word_1_487' title='bbox 2237 3514 2408 3583; x_wconf 90' lang='lat' dir='ltr'><strong>partis</strong></span> <span class='ocrx_word' id='word_1_488' title='bbox 2447 3515 2697 3567; x_wconf 89' lang='lat' dir='ltr'><strong>rationis.</strong></span> <span class='ocrx_word' id='word_1_489' title='bbox 2733 3514 2809 3568; x_wconf 88' lang='lat' dir='ltr'><strong>Ac</strong></span> <span class='ocrx_word' id='word_1_490' title='bbox 2834 3514 3055 3582; x_wconf 87' lang='lat' dir='ltr'><strong>quidem</strong></span> <span class='ocrx_word' id='word_1_491' title='bbox 3086 3514 3256 3583; x_wconf 90' lang='lat' dir='ltr'><strong>partis</strong></span> <span class='ocrx_word' id='word_1_492' title='bbox 3285 3514 3515 3568; x_wconf 88' lang='lat' dir='ltr'><strong>rationis</strong></span> 
     </span>
    </p>
   </div>
   <div class='ocr_carea' id='block_1_75' title="bbox 1942 3606 3512 3677">
    <p class='ocr_par' dir='ltr' id='par_1_75' title="bbox 1942 3606 3512 3677">
     <span class='ocr_line' id='line_1_75' title="bbox 1942 3606 3512 3677; baseline -0.001 -16"><span class='ocrx_word' id='word_1_493' title='bbox 1942 3609 2178 3671; x_wconf 76' lang='lat' dir='ltr'><strong>abusus,</strong></span> <span class='ocrx_word' id='word_1_494' title='bbox 2223 3607 2530 3677; x_wconf 75' lang='lat' dir='ltr'><strong>ignorantia</strong></span> <span class='ocrx_word' id='word_1_495' title='bbox 2580 3613 2663 3660; x_wconf 87' lang='lat' dir='ltr'><strong>est</strong></span> <span class='ocrx_word' id='word_1_496' title='bbox 2712 3615 2768 3660; x_wconf 88' lang='lat' dir='ltr'><strong>et</strong></span> <span class='ocrx_word' id='word_1_497' title='bbox 2791 3606 3054 3670; x_wconf 86' lang='lat' dir='ltr'><strong>stultitia;</strong></span> <span class='ocrx_word' id='word_1_498' title='bbox 3101 3606 3192 3661; x_wconf 76' lang='lat' dir='ltr'><strong>irzc</strong></span> <span class='ocrx_word' id='word_1_499' title='bbox 3228 3618 3409 3661; x_wconf 90' lang='lat' dir='ltr'><strong>autem</strong></span> <span class='ocrx_word' id='word_1_500' title='bbox 3456 3617 3512 3662; x_wconf 88' lang='lat' dir='ltr'><strong>et</strong></span> 
     </span>
    </p>
   </div>
   <div class='ocr_carea' id='block_1_76' title="bbox 1941 3696 3510 3767">
    <p class='ocr_par' dir='ltr' id='par_1_76' title="bbox 1941 3696 3510 3767">
     <span class='ocr_line' id='line_1_76' title="bbox 1941 3696 3510 3767; baseline 0 -15"><span class='ocrx_word' id='word_1_501' title='bbox 1941 3699 2277 3767; x_wconf 81' lang='lat' dir='ltr'><strong>cupiditatis,</strong></span> <span class='ocrx_word' id='word_1_502' title='bbox 2319 3697 2503 3753; x_wconf 86' lang='lat' dir='ltr'><strong>odium</strong></span> <span class='ocrx_word' id='word_1_503' title='bbox 2544 3708 2599 3750; x_wconf 90' lang='lat' dir='ltr'><strong>et</strong></span> <span class='ocrx_word' id='word_1_504' title='bbox 2642 3696 3058 3765; x_wconf 83' lang='lat' dir='ltr'><strong>intemperantia</strong></span> <span class='ocrx_word' id='word_1_505' title='bbox 3096 3714 3108 3750; x_wconf 92' lang='lat'><strong>:</strong></span> <span class='ocrx_word' id='word_1_506' title='bbox 3145 3700 3333 3750; x_wconf 86' lang='lat' dir='ltr'><strong>harum</strong></span> <span class='ocrx_word' id='word_1_507' title='bbox 3379 3714 3510 3752; x_wconf 76' lang='lat' dir='ltr'><strong>vero</strong></span> 
     </span>
    </p>
   </div>
   <div class='ocr_carea' id='block_1_77' title="bbox 1942 3785 3510 3856">
    <p class='ocr_par' dir='ltr' id='par_1_77' title="bbox 1942 3785 3510 3856">
     <span class='ocr_line' id='line_1_77' title="bbox 1942 3785 3510 3856; baseline -0.001 -15"><span class='ocrx_word' id='word_1_508' title='bbox 1942 3804 2093 3853; x_wconf 82' lang='lat' dir='ltr'><strong>usus,</strong></span> <span class='ocrx_word' id='word_1_509' title='bbox 2129 3788 2358 3840; x_wconf 79' lang='lat' dir='ltr'><strong>scientia</strong></span> <span class='ocrx_word' id='word_1_510' title='bbox 2400 3796 2455 3839; x_wconf 87' lang='lat' dir='ltr'><strong>et</strong></span> <span class='ocrx_word' id='word_1_511' title='bbox 2498 3785 2810 3854; x_wconf 84' lang='lat' dir='ltr'><strong>prudentia,</strong></span> <span class='ocrx_word' id='word_1_512' title='bbox 2847 3785 3181 3856; x_wconf 82' lang='lat' dir='ltr'><strong>dilectioquc</strong></span> <span class='ocrx_word' id='word_1_513' title='bbox 3215 3795 3271 3841; x_wconf 88' lang='lat' dir='ltr'><strong>et</strong></span> <span class='ocrx_word' id='word_1_514' title='bbox 3303 3797 3510 3856; x_wconf 80' lang='lat' dir='ltr'><strong>tempe-</strong></span> 
     </span>
    </p>
   </div>
   <div class='ocr_carea' id='block_1_78' title="bbox 1941 3876 3512 3946">
    <p class='ocr_par' dir='ltr' id='par_1_78' title="bbox 1941 3876 3512 3946">
     <span class='ocr_line' id='line_1_78' title="bbox 1941 3876 3512 3946; baseline -0.001 -12"><span class='ocrx_word' id='word_1_515' title='bbox 1941 3880 2141 3934; x_wconf 87' lang='lat' dir='ltr'><strong>rantia.</strong></span> <span class='ocrx_word' id='word_1_516' title='bbox 2187 3878 2342 3944; x_wconf 79' lang='lat' dir='ltr'><strong>Quod</strong></span> <span class='ocrx_word' id='word_1_517' title='bbox 2398 3878 2439 3931; x_wconf 87' lang='lat' dir='ltr'><strong>si</strong></span> <span class='ocrx_word' id='word_1_518' title='bbox 2484 3876 2556 3931; x_wconf 84' lang='lat' dir='ltr'><strong>ita</strong></span> <span class='ocrx_word' id='word_1_519' title='bbox 2598 3886 2700 3939; x_wconf 92' lang='lat' dir='ltr'><strong>cst,</strong></span> <span class='ocrx_word' id='word_1_520' title='bbox 2744 3877 2878 3930; x_wconf 90' lang='lat' dir='ltr'><strong>nihil</strong></span> <span class='ocrx_word' id='word_1_521' title='bbox 2915 3894 3105 3931; x_wconf 90' lang='lat' dir='ltr'><strong>eorum</strong></span> <span class='ocrx_word' id='word_1_522' title='bbox 3160 3895 3281 3946; x_wconf 84' lang='lat' dir='ltr'><strong>qua:</strong></span> <span class='ocrx_word' id='word_1_523' title='bbox 3324 3894 3352 3931; x_wconf 87' lang='lat' dir='ltr'><strong>a</strong></span> <span class='ocrx_word' id='word_1_524' title='bbox 3399 3881 3512 3933; x_wconf 83' lang='lat' dir='ltr'><strong>Deo</strong></span> 
     </span>
    </p>
   </div>
   <div class='ocr_carea' id='block_1_79' title="bbox 1938 3968 3508 4037">
    <p class='ocr_par' dir='ltr' id='par_1_79' title="bbox 1938 3968 3508 4037">
     <span class='ocr_line' id='line_1_79' title="bbox 1938 3968 3508 4037; baseline -0.002 -12"><span class='ocrx_word' id='word_1_525' title='bbox 1938 3979 2122 4025; x_wconf 87' lang='lat' dir='ltr'><strong>creata</strong></span> <span class='ocrx_word' id='word_1_526' title='bbox 2154 3978 2305 4032; x_wconf 77' lang='lat' dir='ltr'><strong>Slllll,</strong></span> <span class='ocrx_word' id='word_1_527' title='bbox 2339 3968 2565 4036; x_wconf 88' lang='lat' dir='ltr'><strong>ipsoque</strong></span> <span class='ocrx_word' id='word_1_528' title='bbox 2596 3975 2821 4020; x_wconf 71' lang='lat' dir='ltr'><strong>ﬂUClOI‘C</strong></span> <span class='ocrx_word' id='word_1_529' title='bbox 2855 3975 2915 4020; x_wconf 85' lang='grc' dir='ltr'><strong>υι</strong></span> <span class='ocrx_word' id='word_1_530' title='bbox 2945 3976 3132 4022; x_wconf 89' lang='lat' dir='ltr'><strong>essent</strong></span> <span class='ocrx_word' id='word_1_531' title='bbox 3157 3980 3508 4037; x_wconf 85' lang='lat' dir='ltr'><strong>acceperunt,</strong></span> 
     </span>
    </p>
   </div>
   <div class='ocr_carea' id='block_1_80' title="bbox 1937 4061 2265 4115">
    <p class='ocr_par' dir='ltr' id='par_1_80' title="bbox 1937 4061 2265 4115">
     <span class='ocr_line' id='line_1_80' title="bbox 1937 4061 2265 4115; baseline -0.006 -1"><span class='ocrx_word' id='word_1_532' title='bbox 1937 4061 2140 4114; x_wconf 88' lang='lat' dir='ltr'><strong>malum</strong></span> <span class='ocrx_word' id='word_1_533' title='bbox 2164 4070 2265 4115; x_wconf 88' lang='lat' dir='ltr'><strong>est.</strong></span> 
     </span>
    </p>
   </div>
   <div class='ocr_carea' id='block_1_81' title="bbox 2004 4154 3507 4229">
    <p class='ocr_par' dir='ltr' id='par_1_81' title="bbox 2004 4154 3507 4229">
     <span class='ocr_line' id='line_1_81' title="bbox 2004 4154 3507 4229; baseline 0.004 -22"><span class='ocrx_word' id='word_1_534' title='bbox 2004 4154 2059 4207; x_wconf 69' lang='grc'>4.</span> <span class='ocrx_word' id='word_1_535' title='bbox 2100 4154 2219 4208; x_wconf 84' lang='grc' dir='ltr'>Νοη</span> <span class='ocrx_word' id='word_1_536' title='bbox 2252 4156 2361 4211; x_wconf 88' lang='lat' dir='ltr'><strong>cibi</strong></span> <span class='ocrx_word' id='word_1_537' title='bbox 2403 4160 2528 4213; x_wconf 90' lang='lat' dir='ltr'><strong>mali</strong></span> <span class='ocrx_word' id='word_1_538' title='bbox 2563 4171 2710 4223; x_wconf 92' lang='lat' dir='ltr'><strong>sunt,</strong></span> <span class='ocrx_word' id='word_1_539' title='bbox 2749 4160 2841 4215; x_wconf 90' lang='lat' dir='ltr'><strong>sed</strong></span> <span class='ocrx_word' id='word_1_540' title='bbox 2875 4160 3031 4229; x_wconf 90' lang='lat' dir='ltr'><strong>gula;</strong></span> <span class='ocrx_word' id='word_1_541' title='bbox 3072 4176 3174 4214; x_wconf 91' lang='lat' dir='ltr'><strong>nec</strong></span> <span class='ocrx_word' id='word_1_542' title='bbox 3208 4161 3507 4215; x_wconf 85' lang='lat' dir='ltr'><strong>liberorum</strong></span> 
     </span>
    </p>
   </div>
   <div class='ocr_carea' id='block_1_82' title="bbox 1937 4248 3507 4320">
    <p class='ocr_par' dir='ltr' id='par_1_82' title="bbox 1937 4248 3507 4320">
     <span class='ocr_line' id='line_1_82' title="bbox 1937 4248 3507 4320; baseline 0.006 -23"><span class='ocrx_word' id='word_1_543' title='bbox 1937 4248 2272 4313; x_wconf 87' lang='lat' dir='ltr'><strong>procreatio,</strong></span> <span class='ocrx_word' id='word_1_544' title='bbox 2306 4250 2400 4304; x_wconf 91' lang='lat' dir='ltr'><strong>sed</strong></span> <span class='ocrx_word' id='word_1_545' title='bbox 2449 4254 2738 4317; x_wconf 86' lang='lat' dir='ltr'><strong>scortatio;</strong></span> <span class='ocrx_word' id='word_1_546' title='bbox 2777 4268 2877 4305; x_wconf 91' lang='lat' dir='ltr'><strong>nec</strong></span> <span class='ocrx_word' id='word_1_547' title='bbox 2933 4254 3198 4320; x_wconf 64' lang='lat' dir='ltr'><strong>pecuniae,</strong></span> <span class='ocrx_word' id='word_1_548' title='bbox 3240 4255 3332 4306; x_wconf 81' lang='lat' dir='ltr'><strong>sed</strong></span> <span class='ocrx_word' id='word_1_549' title='bbox 3380 4269 3507 4307; x_wconf 55' lang='lat' dir='ltr'><strong>arar</strong></span> 
     </span>
    </p>
   </div>
   <div class='ocr_carea' id='block_1_83' title="bbox 1936 4339 3508 4413">
    <p class='ocr_par' dir='ltr' id='par_1_83' title="bbox 1936 4339 3508 4413">
     <span class='ocr_line' id='line_1_83' title="bbox 1936 4339 3508 4413; baseline 0.006 -22"><span class='ocrx_word' id='word_1_550' title='bbox 1936 4339 2094 4405; x_wconf 88' lang='lat' dir='ltr'><strong>ritia;</strong></span> <span class='ocrx_word' id='word_1_551' title='bbox 2136 4356 2314 4410; x_wconf 88' lang='lat' dir='ltr'><strong>neque</strong></span> <span class='ocrx_word' id='word_1_552' title='bbox 2339 4342 2531 4410; x_wconf 81' lang='lat' dir='ltr'><strong>gloria,</strong></span> <span class='ocrx_word' id='word_1_553' title='bbox 2562 4344 2655 4397; x_wconf 88' lang='lat' dir='ltr'><strong>sed</strong></span> <span class='ocrx_word' id='word_1_554' title='bbox 2694 4343 2870 4398; x_wconf 89' lang='lat' dir='ltr'><strong>inanis</strong></span> <span class='ocrx_word' id='word_1_555' title='bbox 2905 4345 3095 4413; x_wconf 82' lang='lat' dir='ltr'><strong>gloria.</strong></span> <span class='ocrx_word' id='word_1_556' title='bbox 3138 4344 3291 4409; x_wconf 84' lang='lat' dir='ltr'><strong>Quod</strong></span> <span class='ocrx_word' id='word_1_557' title='bbox 3336 4346 3380 4399; x_wconf 90' lang='lat' dir='ltr'><strong>si</strong></span> <span class='ocrx_word' id='word_1_558' title='bbox 3433 4345 3508 4400; x_wconf 76' lang='lat' dir='ltr'><strong>ita</strong></span> 
     </span>
    </p>
   </div>
   <div class='ocr_carea' id='block_1_84' title="bbox 260 4410 1847 4505">
    <p class='ocr_par' dir='ltr' id='par_1_84' title="bbox 260 4410 1834 4487">
     <span class='ocr_line' id='line_1_84' title="bbox 260 4410 1834 4487; baseline 0.001 -18"><span class='ocrx_word' id='word_1_559' title='bbox 260 4418 328 4470; x_wconf 73' lang='grc' dir='ltr'><strong>ΕΞ</strong></span> <span class='ocrx_word' id='word_1_560' title='bbox 348 4416 406 4469; x_wconf 79' lang='grc' dir='ltr'>δὲ</span> <span class='ocrx_word' id='word_1_561' title='bbox 419 4415 596 4481; x_wconf 86' lang='grc' dir='ltr'>τοῦτο,</span> <span class='ocrx_word' id='word_1_562' title='bbox 621 4416 777 4469; x_wconf 83' lang='grc' dir='ltr'>οὐδὲν</span> <span class='ocrx_word' id='word_1_563' title='bbox 808 4418 864 4468; x_wconf 82' lang='grc' dir='ltr'>ὲν</span> <span class='ocrx_word' id='word_1_564' title='bbox 892 4418 1004 4479; x_wconf 84' lang='grc' dir='ltr'>τοῖς</span> <span class='ocrx_word' id='word_1_565' title='bbox 1033 4410 1150 4468; x_wconf 79' lang='grc' dir='ltr'>οὖσι</span> <span class='ocrx_word' id='word_1_566' title='bbox 1182 4416 1373 4478; x_wconf 83' lang='grc' dir='ltr'>κακὸν,</span> <span class='ocrx_word' id='word_1_567' title='bbox 1403 4418 1452 4468; x_wconf 82' lang='grc' dir='ltr'><strong>εί</strong></span> <span class='ocrx_word' id='word_1_568' title='bbox 1491 4418 1563 4487; x_wconf 86' lang='grc' dir='ltr'>μὴ</span> <span class='ocrx_word' id='word_1_569' title='bbox 1591 4418 1621 4486; x_wconf 76' lang='grc' dir='ltr'><strong>ἡ</strong></span> <span class='ocrx_word' id='word_1_570' title='bbox 1660 4418 1834 4487; x_wconf 83' lang='grc' dir='ltr'>παρά-</span> 
     </span>
    </p>
   </div>
   <div class='ocr_carea' id='block_1_85' title="bbox 1876 4410 3507 4505">
    <p class='ocr_par' dir='ltr' id='par_1_85' title="bbox 1876 4430 3507 4505">
     <span class='ocr_line' id='line_1_85' title="bbox 1876 4430 3507 4505; baseline 0.004 -22"><span class='ocrx_word' id='word_1_571' title='bbox 1876 4452 1910 4505; x_wconf 80' lang='lat' dir='ltr'><strong>D</strong></span> <span class='ocrx_word' id='word_1_572' title='bbox 1936 4438 2040 4495; x_wconf 87' lang='lat' dir='ltr'><strong>est,</strong></span> <span class='ocrx_word' id='word_1_573' title='bbox 2073 4430 2208 4483; x_wconf 91' lang='lat' dir='ltr'><strong>nihil</strong></span> <span class='ocrx_word' id='word_1_574' title='bbox 2249 4432 2303 4485; x_wconf 92' lang='lat' dir='ltr'><strong>in</strong></span> <span class='ocrx_word' id='word_1_575' title='bbox 2341 4432 2509 4487; x_wconf 90' lang='lat' dir='ltr'><strong>rebus</strong></span> <span class='ocrx_word' id='word_1_576' title='bbox 2549 4435 2749 4487; x_wconf 77' lang='lat' dir='ltr'><strong>malum</strong></span> <span class='ocrx_word' id='word_1_577' title='bbox 2789 4444 2890 4497; x_wconf 87' lang='lat' dir='ltr'><strong>est,</strong></span> <span class='ocrx_word' id='word_1_578' title='bbox 2930 4433 3031 4487; x_wconf 91' lang='lat' dir='ltr'><strong>nisi</strong></span> <span class='ocrx_word' id='word_1_579' title='bbox 3074 4434 3299 4498; x_wconf 86' lang='lat' dir='ltr'><strong>abusus,</strong></span> <span class='ocrx_word' id='word_1_580' title='bbox 3334 4450 3403 4487; x_wconf 78' lang='lat' dir='ltr'><strong>ex</strong></span> <span class='ocrx_word' id='word_1_581' title='bbox 3438 4450 3507 4489; x_wconf 89' lang='lat' dir='ltr'><strong>co</strong></span> 
     </span>
    </p>
   </div>
   <div class='ocr_carea' id='block_1_86' title="bbox 258 4504 1835 4578">
    <p class='ocr_par' dir='ltr' id='par_1_86' title="bbox 258 4504 1835 4578">
     <span class='ocr_line' id='line_1_86' title="bbox 258 4504 1835 4578; baseline -0.001 -18"><span class='ocrx_word' id='word_1_582' title='bbox 258 4524 480 4578; x_wconf 86' lang='grc' dir='ltr'>χρησις,</span> <span class='ocrx_word' id='word_1_583' title='bbox 507 4506 629 4575; x_wconf 77' lang='grc' dir='ltr'>ἥτις</span> <span class='ocrx_word' id='word_1_584' title='bbox 654 4506 939 4575; x_wconf 80' lang='grc' dir='ltr'>συμϐαίνει</span> <span class='ocrx_word' id='word_1_585' title='bbox 963 4508 1027 4559; x_wconf 79' lang='grc' dir='ltr'>ἐκ</span> <span class='ocrx_word' id='word_1_586' title='bbox 1060 4506 1159 4577; x_wconf 73' lang='grc' dir='ltr'>τῆς</span> <span class='ocrx_word' id='word_1_587' title='bbox 1180 4505 1274 4558; x_wconf 85' lang='grc' dir='ltr'><strong>τοῦ</strong></span> <span class='ocrx_word' id='word_1_588' title='bbox 1304 4504 1397 4557; x_wconf 87' lang='grc' dir='ltr'><strong>νοῦ</strong></span> <span class='ocrx_word' id='word_1_589' title='bbox 1421 4507 1679 4575; x_wconf 78' lang='grc' dir='ltr'>ἀμελείας</span> <span class='ocrx_word' id='word_1_590' title='bbox 1710 4525 1771 4559; x_wconf 87' lang='grc' dir='ltr'><strong>πε</strong></span> <span class='ocrx_word' id='word_1_591' title='bbox 1783 4511 1835 4577; x_wconf 68' lang='grc' dir='ltr'><strong>(ιι</strong></span> 
     </span>
    </p>
   </div>
   <div class='ocr_carea' id='block_1_87' title="bbox 253 4598 955 4668">
    <p class='ocr_par' dir='ltr' id='par_1_87' title="bbox 253 4598 955 4668">
     <span class='ocr_line' id='line_1_87' title="bbox 253 4598 955 4668; baseline 0.001 -18"><span class='ocrx_word' id='word_1_592' title='bbox 253 4599 357 4668; x_wconf 84' lang='grc' dir='ltr'>τὴν</span> <span class='ocrx_word' id='word_1_593' title='bbox 393 4599 632 4667; x_wconf 80' lang='grc' dir='ltr'>φυσικὴν</span> <span class='ocrx_word' id='word_1_594' title='bbox 660 4598 955 4667; x_wconf 85' lang='grc' dir='ltr'>γεωργίαν.</span> 
     </span>
    </p>
   </div>
   <div class='ocr_carea' id='block_1_88' title="bbox 328 4684 1823 4759">
    <p class='ocr_par' dir='ltr' id='par_1_88' title="bbox 328 4684 1823 4759">
     <span class='ocr_line' id='line_1_88' title="bbox 328 4684 1823 4759; baseline 0 -18"><span class='ocrx_word' id='word_1_595' title='bbox 328 4696 391 4744; x_wconf 88' lang='grc' dir='ltr'>ε’.</span> <span class='ocrx_word' id='word_1_596' title='bbox 422 4689 494 4741; x_wconf 82' lang='grc' dir='ltr'>Τὸ</span> <span class='ocrx_word' id='word_1_597' title='bbox 516 4692 572 4741; x_wconf 79' lang='grc' dir='ltr'>ὲν</span> <span class='ocrx_word' id='word_1_598' title='bbox 598 4688 815 4758; x_wconf 87' lang='grc' dir='ltr'>δαίμοσι</span> <span class='ocrx_word' id='word_1_599' title='bbox 845 4690 1015 4742; x_wconf 78' lang='grc' dir='ltr'>κακὸν</span> <span class='ocrx_word' id='word_1_600' title='bbox 1062 4688 1236 4741; x_wconf 87' lang='grc' dir='ltr'>ταῦτα</span> <span class='ocrx_word' id='word_1_601' title='bbox 1282 4684 1419 4742; x_wconf 84' lang='grc' dir='ltr'>εἷναί</span> <span class='ocrx_word' id='word_1_602' title='bbox 1469 4706 1635 4759; x_wconf 86' lang='grc' dir='ltr'>φησιν</span> <span class='ocrx_word' id='word_1_603' title='bbox 1661 4692 1689 4741; x_wconf 86' lang='grc' dir='ltr'>ὁ</span> <span class='ocrx_word' id='word_1_604' title='bbox 1724 4708 1823 4758; x_wconf 66' lang='grc' dir='ltr'>μαι</span> 
     </span>
    </p>
   </div>
   <div class='ocr_carea' id='block_1_89' title="bbox 254 4780 1827 4853">
    <p class='ocr_par' dir='ltr' id='par_1_89' title="bbox 254 4780 1827 4853">
     <span class='ocr_line' id='line_1_89' title="bbox 254 4780 1827 4853; baseline 0 -18"><span class='ocrx_word' id='word_1_605' title='bbox 254 4782 449 4851; x_wconf 72' lang='grc' dir='ltr'>κάριος</span> <span class='ocrx_word' id='word_1_606' title='bbox 489 4782 762 4844; x_wconf 82' lang='grc' dir='ltr'>Διονύσιος</span> <span class='ocrx_word' id='word_1_607' title='bbox 812 4781 901 4853; x_wconf 82' lang='lat' dir='ltr'><strong>(i)</strong></span> <span class='ocrx_word' id='word_1_608' title='bbox 929 4821 944 4846; x_wconf 93' lang='lat'><strong>,</strong></span> <span class='ocrx_word' id='word_1_609' title='bbox 984 4780 1156 4850; x_wconf 76' lang='grc' dir='ltr'>θυμὸν</span> <span class='ocrx_word' id='word_1_610' title='bbox 1201 4780 1415 4849; x_wconf 77' lang='grc' dir='ltr'>ἄλογον,</span> <span class='ocrx_word' id='word_1_611' title='bbox 1450 4781 1608 4835; x_wconf 80' lang='grc' dir='ltr'>ἄνουν</span> <span class='ocrx_word' id='word_1_612' title='bbox 1635 4782 1827 4835; x_wconf 77' lang='grc' dir='ltr'>ἐπιθυ-</span> 
     </span>
    </p>
   </div>
   <div class='ocr_carea' id='block_1_90' title="bbox 258 4871 1831 4942">
    <p class='ocr_par' dir='ltr' id='par_1_90' title="bbox 258 4871 1831 4942">
     <span class='ocr_line' id='line_1_90' title="bbox 258 4871 1831 4942; baseline 0.001 -19"><span class='ocrx_word' id='word_1_613' title='bbox 258 4872 413 4942; x_wconf 83' lang='grc' dir='ltr'>μίαν,</span> <span class='ocrx_word' id='word_1_614' title='bbox 449 4871 745 4940; x_wconf 84' lang='grc' dir='ltr'>φαντασίαν</span> <span class='ocrx_word' id='word_1_615' title='bbox 779 4871 1049 4941; x_wconf 83' lang='grc' dir='ltr'>προπετῆ.</span> <span class='ocrx_word' id='word_1_616' title='bbox 1097 4871 1314 4939; x_wconf 80' lang='grc' dir='ltr'>Ἀλογία</span> <span class='ocrx_word' id='word_1_617' title='bbox 1342 4871 1399 4925; x_wconf 84' lang='grc' dir='ltr'>δὲ</span> <span class='ocrx_word' id='word_1_618' title='bbox 1428 4872 1520 4925; x_wconf 76' lang='grc' dir='ltr'>καὶ</span> <span class='ocrx_word' id='word_1_619' title='bbox 1554 4872 1707 4926; x_wconf 80' lang='grc' dir='ltr'>ἄνοια</span> <span class='ocrx_word' id='word_1_620' title='bbox 1735 4874 1831 4925; x_wconf 71' lang='grc' dir='ltr'><strong>καὶ</strong></span> 
     </span>
    </p>
   </div>
   <div class='ocr_carea' id='block_1_91' title="bbox 184 4950 1829 5035">
    <p class='ocr_par' dir='ltr' id='par_1_91' title="bbox 184 4950 1829 5035">
     <span class='ocr_line' id='line_1_91' title="bbox 184 4950 1829 5035; baseline 0 -18"><span class='ocrx_word' id='word_1_621' title='bbox 184 4950 191 4957; x_wconf 59' lang='grc'><strong>’</strong></span> <span class='ocrx_word' id='word_1_622' title='bbox 252 4967 556 5034; x_wconf 79' lang='grc' dir='ltr'>προπέτεια</span> <span class='ocrx_word' id='word_1_623' title='bbox 584 4964 676 5017; x_wconf 69' lang='grc' dir='ltr'><strong>ἐπὶ</strong></span> <span class='ocrx_word' id='word_1_624' title='bbox 698 4964 805 5017; x_wconf 89' lang='grc' dir='ltr'><strong>τῶν</strong></span> <span class='ocrx_word' id='word_1_625' title='bbox 826 4963 1060 5032; x_wconf 85' lang='grc' dir='ltr'>λογικῶν</span> <span class='ocrx_word' id='word_1_626' title='bbox 1086 4967 1371 5035; x_wconf 74' lang='grc' dir='ltr'>στερήσεις</span> <span class='ocrx_word' id='word_1_627' title='bbox 1420 4966 1526 5018; x_wconf 79' lang='grc' dir='ltr'>είσὶ</span> <span class='ocrx_word' id='word_1_628' title='bbox 1554 4965 1710 5033; x_wconf 85' lang='grc' dir='ltr'>λόγου</span> <span class='ocrx_word' id='word_1_629' title='bbox 1736 4967 1829 5018; x_wconf 72' lang='grc' dir='ltr'><strong>καὶ</strong></span> 
     </span>
    </p>
   </div>
   <div class='ocr_carea' id='block_1_92' title="bbox 249 5050 1829 5123">
    <p class='ocr_par' dir='ltr' id='par_1_92' title="bbox 249 5050 1829 5123">
     <span class='ocr_line' id='line_1_92' title="bbox 249 5050 1829 5123; baseline 0.001 -18"><span class='ocrx_word' id='word_1_630' title='bbox 249 5050 347 5105; x_wconf 87' lang='grc' dir='ltr'><strong>νοῦ</strong></span> <span class='ocrx_word' id='word_1_631' title='bbox 378 5053 472 5105; x_wconf 80' lang='grc' dir='ltr'><strong>καὶ</strong></span> <span class='ocrx_word' id='word_1_632' title='bbox 511 5052 910 5123; x_wconf 77' lang='grc' dir='ltr'>περισκέψεως.</span> <span class='ocrx_word' id='word_1_633' title='bbox 949 5052 1015 5104; x_wconf 80' lang='lat' dir='ltr'><strong>Ai</strong></span> <span class='ocrx_word' id='word_1_634' title='bbox 1044 5052 1102 5105; x_wconf 81' lang='grc' dir='ltr'><strong>δὲ</strong></span> <span class='ocrx_word' id='word_1_635' title='bbox 1149 5054 1432 5123; x_wconf 87' lang='grc' dir='ltr'>στερήσεις</span> <span class='ocrx_word' id='word_1_636' title='bbox 1455 5098 1470 5119; x_wconf 87' lang='grc'><strong>,</strong></span> <span class='ocrx_word' id='word_1_637' title='bbox 1506 5055 1613 5108; x_wconf 83' lang='grc' dir='ltr'>τῶν</span> <span class='ocrx_word' id='word_1_638' title='bbox 1663 5054 1829 5120; x_wconf 77' lang='grc' dir='ltr'>ἕξεων</span> 
     </span>
    </p>
   </div>
   <div class='ocr_carea' id='block_1_93' title="bbox 251 5141 1825 5218">
    <p class='ocr_par' dir='ltr' id='par_1_93' title="bbox 251 5141 1825 5218">
     <span class='ocr_line' id='line_1_93' title="bbox 251 5141 1825 5218; baseline 0.004 -21"><span class='ocrx_word' id='word_1_639' title='bbox 251 5144 363 5198; x_wconf 85' lang='grc' dir='ltr'>είσι</span> <span class='ocrx_word' id='word_1_640' title='bbox 394 5145 661 5217; x_wconf 68' lang='grc' dir='ltr'>δεῦτεραι.</span> <span class='ocrx_word' id='word_1_641' title='bbox 692 5148 835 5218; x_wconf 83' lang='grc' dir='ltr'><strong>Ἀρα</strong></span> <span class='ocrx_word' id='word_1_642' title='bbox 854 5141 946 5201; x_wconf 82' lang='grc' dir='ltr'><strong>οὖν</strong></span> <span class='ocrx_word' id='word_1_643' title='bbox 970 5141 1037 5216; x_wconf 74' lang='grc' dir='ltr'>ἦν</span> <span class='ocrx_word' id='word_1_644' title='bbox 1059 5147 1147 5199; x_wconf 73' lang='grc' dir='ltr'>ὅτε</span> <span class='ocrx_word' id='word_1_645' title='bbox 1172 5148 1417 5218; x_wconf 77' lang='grc' dir='ltr'>ὑπῆργεν</span> <span class='ocrx_word' id='word_1_646' title='bbox 1442 5150 1499 5203; x_wconf 84' lang='grc' dir='ltr'>ὲν</span> <span class='ocrx_word' id='word_1_647' title='bbox 1529 5149 1710 5212; x_wconf 76' lang='grc' dir='ltr'>αὐτοῖς</span> <span class='ocrx_word' id='word_1_648' title='bbox 1738 5149 1825 5203; x_wconf 80' lang='grc' dir='ltr'><strong>λό-</strong></span> 
     </span>
    </p>
   </div>
   <div class='ocr_carea' id='block_1_94' title="bbox 332 5300 1341 5367">
    <p class='ocr_par' dir='ltr' id='par_1_94' title="bbox 332 5300 1341 5367">
     <span class='ocr_line' id='line_1_94' title="bbox 332 5300 1341 5367; baseline 0 -11"><span class='ocrx_word' id='word_1_649' title='bbox 332 5301 381 5334; x_wconf 85' lang='lat'><strong>&quot;</strong></span> <span class='ocrx_word' id='word_1_650' title='bbox 405 5300 546 5357; x_wconf 83' lang='lat' dir='ltr'><strong>Psal.</strong></span> <span class='ocrx_word' id='word_1_651' title='bbox 583 5315 711 5366; x_wconf 79' lang='lat' dir='ltr'><strong>un,</strong></span> <span class='ocrx_word' id='word_1_652' title='bbox 744 5302 798 5356; x_wconf 78' lang='grc'>4.</span> <span class='ocrx_word' id='word_1_653' title='bbox 876 5302 922 5331; x_wconf 78' lang='grc'>’⁸</span> <span class='ocrx_word' id='word_1_654' title='bbox 951 5300 1092 5358; x_wconf 80' lang='lat' dir='ltr'><strong>Psal.</strong></span> <span class='ocrx_word' id='word_1_655' title='bbox 1126 5318 1255 5367; x_wconf 78' lang='lat' dir='ltr'><strong>nn,</strong></span> <span class='ocrx_word' id='word_1_656' title='bbox 1289 5302 1341 5357; x_wconf 84' lang='lat'><strong>5.</strong></span> 
     </span>
    </p>
   </div>
   <div class='ocr_carea' id='block_1_95' title="bbox 323 5460 1822 5543">
    <p class='ocr_par' dir='ltr' id='par_1_95' title="bbox 323 5460 1822 5543">
     <span class='ocr_line' id='line_1_95' title="bbox 323 5460 1822 5543; baseline 0.005 -30"><span class='ocrx_word' id='word_1_657' title='bbox 323 5460 383 5543; x_wconf 70' lang='grc' dir='ltr'><strong>(ι)</strong></span> <span class='ocrx_word' id='word_1_658' title='bbox 416 5461 484 5514; x_wconf 86' lang='grc' dir='ltr'><strong>Τὸ</strong></span> <span class='ocrx_word' id='word_1_659' title='bbox 514 5460 582 5514; x_wconf 80' lang='grc' dir='ltr'>δὲ</span> <span class='ocrx_word' id='word_1_660' title='bbox 612 5461 896 5543; x_wconf 46' lang='lat' dir='ltr'><strong>ironiam?</strong></span> <span class='ocrx_word' id='word_1_661' title='bbox 922 5464 1028 5543; x_wconf 63' lang='grc' dir='ltr'><strong>τοῦ</strong></span> <span class='ocrx_word' id='word_1_662' title='bbox 1058 5463 1223 5543; x_wconf 71' lang='grc' dir='ltr'>Θερῦ.</span> <span class='ocrx_word' id='word_1_663' title='bbox 1252 5464 1513 5543; x_wconf 67' lang='lat' dir='ltr'><strong>sequitur</strong></span> <span class='ocrx_word' id='word_1_664' title='bbox 1556 5466 1822 5543; x_wconf 38' lang='lat' dir='ltr'><strong>magimus</strong></span> 
     </span>
    </p>
   </div>
   <div class='ocr_carea' id='block_1_96' title="bbox 247 5531 1821 5603">
    <p class='ocr_par' dir='ltr' id='par_1_96' title="bbox 247 5531 1821 5603">
     <span class='ocr_line' id='line_1_96' title="bbox 247 5531 1821 5603; baseline 0.002 -18"><span class='ocrx_word' id='word_1_665' title='bbox 247 5531 569 5590; x_wconf 88' lang='lat' dir='ltr'><strong>lectionem.</strong></span> <span class='ocrx_word' id='word_1_666' title='bbox 595 5548 758 5603; x_wconf 84' lang='lat' dir='ltr'><strong>quam</strong></span> <span class='ocrx_word' id='word_1_667' title='bbox 794 5532 986 5587; x_wconf 89' lang='lat' dir='ltr'><strong>haberi</strong></span> <span class='ocrx_word' id='word_1_668' title='bbox 1010 5536 1066 5586; x_wconf 79' lang='grc' dir='ltr'>ὲν</span> <span class='ocrx_word' id='word_1_669' title='bbox 1090 5537 1154 5603; x_wconf 84' lang='grc' dir='ltr'>τῇ</span> <span class='ocrx_word' id='word_1_670' title='bbox 1184 5531 1358 5603; x_wconf 66' lang='grc' dir='ltr'>κοινῇ,</span> <span class='ocrx_word' id='word_1_671' title='bbox 1389 5545 1582 5587; x_wconf 75' lang='lat' dir='ltr'><strong>auctor</strong></span> <span class='ocrx_word' id='word_1_672' title='bbox 1628 5535 1821 5589; x_wconf 88' lang='lat' dir='ltr'><strong>lliero-</strong></span> 
     </span>
    </p>
   </div>
   <div class='ocr_carea' id='block_1_97' title="bbox 248 5602 1817 5670">
    <p class='ocr_par' dir='ltr' id='par_1_97' title="bbox 248 5602 1817 5670">
     <span class='ocr_line' id='line_1_97' title="bbox 248 5602 1817 5670; baseline 0.002 -16"><span class='ocrx_word' id='word_1_673' title='bbox 248 5616 477 5670; x_wconf 76' lang='lat' dir='ltr'><strong>nymus;</strong></span> <span class='ocrx_word' id='word_1_674' title='bbox 502 5611 693 5669; x_wconf 85' lang='lat' dir='ltr'><strong>estque</strong></span> <span class='ocrx_word' id='word_1_675' title='bbox 726 5602 975 5657; x_wconf 85' lang='lat' dir='ltr'><strong>Psalterii</strong></span> <span class='ocrx_word' id='word_1_676' title='bbox 1004 5602 1219 5658; x_wconf 84' lang='lat' dir='ltr'><strong>Arabici</strong></span> <span class='ocrx_word' id='word_1_677' title='bbox 1259 5602 1591 5666; x_wconf 71' lang='lat' dir='ltr'><strong>etRomaui,</strong></span> <span class='ocrx_word' id='word_1_678' title='bbox 1644 5605 1817 5657; x_wconf 74' lang='lat' dir='ltr'><strong>Pocu-</strong></span> 
     </span>
    </p>
   </div>
   <div class='ocr_carea' id='block_1_98' title="bbox 252 5671 1819 5744">
    <p class='ocr_par' dir='ltr' id='par_1_98' title="bbox 252 5671 1819 5744">
     <span class='ocr_line' id='line_1_98' title="bbox 252 5671 1819 5744; baseline 0.004 -21"><span class='ocrx_word' id='word_1_679' title='bbox 252 5671 363 5723; x_wconf 83' lang='lat' dir='ltr'><strong>lum</strong></span> <span class='ocrx_word' id='word_1_680' title='bbox 392 5681 548 5744; x_wconf 72' lang='lat' dir='ltr'><strong>tuum</strong></span> <span class='ocrx_word' id='word_1_681' title='bbox 589 5672 878 5725; x_wconf 79' lang='lat' dir='ltr'><strong>inebrians.</strong></span> <span class='ocrx_word' id='word_1_682' title='bbox 927 5673 1087 5744; x_wconf 75' lang='lat' dir='ltr'><strong>Cypr.</strong></span> <span class='ocrx_word' id='word_1_683' title='bbox 1144 5677 1179 5728; x_wconf 95' lang='lat' dir='ltr'><strong>l.</strong></span> <span class='ocrx_word' id='word_1_684' title='bbox 1240 5692 1272 5727; x_wconf 92' lang='lat' dir='ltr'><strong>ll</strong></span> <span class='ocrx_word' id='word_1_685' title='bbox 1298 5716 1310 5737; x_wconf 97' lang='lat'><strong>,</strong></span> <span class='ocrx_word' id='word_1_686' title='bbox 1359 5676 1520 5742; x_wconf 82' lang='lat' dir='ltr'><strong>epist.</strong></span> <span class='ocrx_word' id='word_1_687' title='bbox 1559 5675 1591 5726; x_wconf 82' lang='grc'><strong>5</strong></span> <span class='ocrx_word' id='word_1_688' title='bbox 1627 5677 1819 5729; x_wconf 72' lang='lat' dir='ltr'><strong>:Culi.t</strong></span> 
     </span>
    </p>
   </div>
   <div class='ocr_carea' id='block_1_99' title="bbox 251 5742 1813 5825">
    <p class='ocr_par' dir='ltr' id='par_1_99' title="bbox 251 5742 1813 5825">
     <span class='ocr_line' id='line_1_99' title="bbox 251 5742 1813 5825; baseline 0.001 -34"><span class='ocrx_word' id='word_1_689' title='bbox 251 5742 671 5825; x_wconf 46' lang='lat' dir='ltr'><strong>{nn‘sin‘ebrianm</strong></span> <span class='ocrx_word' id='word_1_690' title='bbox 695 5742 1239 5825; x_wconf 43' lang='lat' dir='ltr'><strong>perquamloplimus.</strong></span> <span class='ocrx_word' id='word_1_691' title='bbox 1262 5745 1615 5825; x_wconf 55' lang='lat' dir='ltr'><strong>Sel:ol,d)ul&#39;r.</strong></span> <span class='ocrx_word' id='word_1_692' title='bbox 1643 5747 1775 5797; x_wconf 72' lang='lat' dir='ltr'><strong>(losl.</strong></span> <span class='ocrx_word' id='word_1_693' title='bbox 1804 5766 1813 5793; x_wconf 78' lang='grc' dir='ltr'><strong>τ</strong></span> 
     </span>
    </p>
   </div>
   <div class='ocr_carea' id='block_1_100' title="bbox 252 5811 1807 5886">
    <p class='ocr_par' dir='ltr' id='par_1_100' title="bbox 252 5811 1807 5886">
     <span class='ocr_line' id='line_1_100' title="bbox 252 5811 1807 5886; baseline 0.003 -21"><span class='ocrx_word' id='word_1_694' title='bbox 252 5811 365 5865; x_wconf 75' lang='grc' dir='ltr'>Καὶ</span> <span class='ocrx_word' id='word_1_695' title='bbox 391 5811 452 5863; x_wconf 76' lang='grc' dir='ltr'><strong>τὸ</strong></span> <span class='ocrx_word' id='word_1_696' title='bbox 482 5811 739 5883; x_wconf 75' lang='grc' dir='ltr'>ποτήριον</span> <span class='ocrx_word' id='word_1_697' title='bbox 772 5829 863 5865; x_wconf 70' lang='grc' dir='ltr'><strong>σου</strong></span> <span class='ocrx_word' id='word_1_698' title='bbox 891 5811 1157 5885; x_wconf 73' lang='grc' dir='ltr'>μεθύσκον</span> <span class='ocrx_word' id='word_1_699' title='bbox 1196 5833 1281 5884; x_wconf 80' lang='grc' dir='ltr'><strong>με,</strong></span> <span class='ocrx_word' id='word_1_700' title='bbox 1311 5816 1381 5876; x_wconf 66' lang='grc' dir='ltr'>ὡς</span> <span class='ocrx_word' id='word_1_701' title='bbox 1411 5813 1460 5869; x_wconf 75' lang='grc' dir='ltr'><strong>εἴ</strong></span> <span class='ocrx_word' id='word_1_702' title='bbox 1506 5817 1807 5886; x_wconf 58' lang='grc' dir='ltr'>κράτιστον.</span> 
     </span>
    </p>
   </div>
   <div class='ocr_carea' id='block_1_101' title="bbox 1934 4523 3507 4593">
    <p class='ocr_par' dir='ltr' id='par_1_101' title="bbox 1934 4523 3507 4593">
     <span class='ocr_line' id='line_1_101' title="bbox 1934 4523 3507 4593; baseline 0.004 -20"><span class='ocrx_word' id='word_1_703' title='bbox 1934 4537 2131 4589; x_wconf 90' lang='lat' dir='ltr'><strong>nempe</strong></span> <span class='ocrx_word' id='word_1_704' title='bbox 2172 4523 2516 4591; x_wconf 80' lang='lat' dir='ltr'><strong>contingens,</strong></span> <span class='ocrx_word' id='word_1_705' title='bbox 2554 4525 2698 4593; x_wconf 86' lang='lat' dir='ltr'><strong>quod</strong></span> <span class='ocrx_word' id='word_1_706' title='bbox 2737 4526 2954 4579; x_wconf 89' lang='lat' dir='ltr'><strong>animus</strong></span> <span class='ocrx_word' id='word_1_707' title='bbox 2984 4541 3047 4578; x_wconf 90' lang='lat' dir='ltr'><strong>ea</strong></span> <span class='ocrx_word' id='word_1_708' title='bbox 3086 4541 3207 4593; x_wconf 79' lang='lat' dir='ltr'><strong>qua:</strong></span> <span class='ocrx_word' id='word_1_709' title='bbox 3246 4536 3374 4579; x_wconf 90' lang='lat' dir='ltr'><strong>sunt</strong></span> <span class='ocrx_word' id='word_1_710' title='bbox 3412 4542 3507 4580; x_wconf 88' lang='lat' dir='ltr'><strong>na-</strong></span> 
     </span>
    </p>
   </div>
   <div class='ocr_carea' id='block_1_102' title="bbox 1935 4613 2557 4682">
    <p class='ocr_par' dir='ltr' id='par_1_102' title="bbox 1935 4613 2557 4682">
     <span class='ocr_line' id='line_1_102' title="bbox 1935 4613 2557 4682; baseline 0.002 -19"><span class='ocrx_word' id='word_1_711' title='bbox 1935 4620 2068 4663; x_wconf 70' lang='lat' dir='ltr'><strong>tura:</strong></span> <span class='ocrx_word' id='word_1_712' title='bbox 2102 4613 2282 4664; x_wconf 74' lang='lat' dir='ltr'><strong>colore</strong></span> <span class='ocrx_word' id='word_1_713' title='bbox 2318 4616 2557 4682; x_wconf 57' lang='lat' dir='ltr'><strong>urgiigit.</strong></span> 
     </span>
    </p>
   </div>
   <div class='ocr_carea' id='block_1_103' title="bbox 2005 4699 3504 4767">
    <p class='ocr_par' dir='ltr' id='par_1_103' title="bbox 2005 4699 3504 4767">
     <span class='ocr_line' id='line_1_103' title="bbox 2005 4699 3504 4767; baseline 0.006 -16"><span class='ocrx_word' id='word_1_714' title='bbox 2005 4700 2056 4751; x_wconf 81' lang='grc'>5.</span> <span class='ocrx_word' id='word_1_715' title='bbox 2099 4699 2293 4753; x_wconf 79' lang='lat' dir='ltr'><strong>Malum</strong></span> <span class='ocrx_word' id='word_1_716' title='bbox 2348 4701 2403 4753; x_wconf 86' lang='lat' dir='ltr'><strong>in</strong></span> <span class='ocrx_word' id='word_1_717' title='bbox 2459 4702 2797 4757; x_wconf 65' lang='lat' dir='ltr'><strong>dzcmouihus</strong></span> <span class='ocrx_word' id='word_1_718' title='bbox 2836 4704 2948 4756; x_wconf 75' lang='lat' dir='ltr'><strong>luce</strong></span> <span class='ocrx_word' id='word_1_719' title='bbox 2994 4721 3137 4767; x_wconf 83' lang='lat' dir='ltr'><strong>esse,</strong></span> <span class='ocrx_word' id='word_1_720' title='bbox 3186 4707 3261 4759; x_wconf 89' lang='lat' dir='ltr'><strong>ait</strong></span> <span class='ocrx_word' id='word_1_721' title='bbox 3311 4707 3504 4760; x_wconf 80' lang='lat' dir='ltr'><strong>beatus</strong></span> 
     </span>
    </p>
   </div>
   <div class='ocr_carea' id='block_1_104' title="bbox 1936 4789 3500 4863">
    <p class='ocr_par' dir='ltr' id='par_1_104' title="bbox 1936 4789 3500 4863">
     <span class='ocr_line' id='line_1_104' title="bbox 1936 4789 3500 4863; baseline 0.006 -21"><span class='ocrx_word' id='word_1_722' title='bbox 1936 4789 2246 4859; x_wconf 81' lang='lat' dir='ltr'><strong>Dionysius,</strong></span> <span class='ocrx_word' id='word_1_723' title='bbox 2285 4791 2417 4844; x_wconf 89' lang='lat' dir='ltr'><strong>iram</strong></span> <span class='ocrx_word' id='word_1_724' title='bbox 2448 4792 2659 4847; x_wconf 81' lang='lat' dir='ltr'><strong>scilicet</strong></span> <span class='ocrx_word' id='word_1_725' title='bbox 2686 4795 2891 4863; x_wconf 83' lang='lat' dir='ltr'><strong>absque</strong></span> <span class='ocrx_word' id='word_1_726' title='bbox 2928 4799 3157 4860; x_wconf 87' lang='lat' dir='ltr'><strong>ratione,</strong></span> <span class='ocrx_word' id='word_1_727' title='bbox 3192 4798 3500 4852; x_wconf 86' lang='lat' dir='ltr'><strong>dementem</strong></span> 
     </span>
    </p>
   </div>
   <div class='ocr_carea' id='block_1_105' title="bbox 1935 4878 3501 4954">
    <p class='ocr_par' dir='ltr' id='par_1_105' title="bbox 1935 4878 3501 4954">
     <span class='ocr_line' id='line_1_105' title="bbox 1935 4878 3501 4954; baseline 0.007 -24"><span class='ocrx_word' id='word_1_728' title='bbox 1935 4878 2239 4941; x_wconf 85' lang='lat' dir='ltr'><strong>libidinem,</strong></span> <span class='ocrx_word' id='word_1_729' title='bbox 2268 4882 2650 4949; x_wconf 78' lang='lat' dir='ltr'><strong>cogitationem</strong></span> <span class='ocrx_word' id='word_1_730' title='bbox 2680 4886 3034 4953; x_wconf 67' lang='lat' dir='ltr'><strong>praecipitem.</strong></span> <span class='ocrx_word' id='word_1_731' title='bbox 3058 4888 3243 4954; x_wconf 85' lang='lat' dir='ltr'><strong>Atqui,</strong></span> <span class='ocrx_word' id='word_1_732' title='bbox 3274 4888 3501 4947; x_wconf 78' lang='lat' dir='ltr'><strong>rationis</strong></span> 
     </span>
    </p>
   </div>
   <div class='ocr_carea' id='block_1_106' title="bbox 1936 4972 3495 5049">
    <p class='ocr_par' dir='ltr' id='par_1_106' title="bbox 1936 4972 3495 5049">
     <span class='ocr_line' id='line_1_106' title="bbox 1936 4972 3495 5049; baseline 0.009 -27"><span class='ocrx_word' id='word_1_733' title='bbox 1936 4972 2241 5038; x_wconf 86' lang='lat' dir='ltr'><strong>mentisque</strong></span> <span class='ocrx_word' id='word_1_734' title='bbox 2290 4972 2567 5035; x_wconf 87' lang='lat' dir='ltr'><strong>absentia,</strong></span> <span class='ocrx_word' id='word_1_735' title='bbox 2609 4985 2664 5028; x_wconf 90' lang='lat' dir='ltr'><strong>et</strong></span> <span class='ocrx_word' id='word_1_736' title='bbox 2714 4992 2954 5045; x_wconf 71' lang='lat' dir='ltr'><strong>pneceps</strong></span> <span class='ocrx_word' id='word_1_737' title='bbox 3002 4979 3170 5033; x_wconf 89' lang='lat' dir='ltr'><strong>animi</strong></span> <span class='ocrx_word' id='word_1_738' title='bbox 3220 4982 3495 5049; x_wconf 81' lang='lat' dir='ltr'><strong>cogitatio.</strong></span> 
     </span>
    </p>
   </div>
   <div class='ocr_carea' id='block_1_107' title="bbox 1933 5059 3499 5140">
    <p class='ocr_par' dir='ltr' id='par_1_107' title="bbox 1933 5059 3499 5140">
     <span class='ocr_line' id='line_1_107' title="bbox 1933 5059 3499 5140; baseline 0.011 -28"><span class='ocrx_word' id='word_1_739' title='bbox 1933 5059 2266 5127; x_wconf 89' lang='lat' dir='ltr'><strong>privationes</strong></span> <span class='ocrx_word' id='word_1_740' title='bbox 2292 5072 2421 5116; x_wconf 91' lang='lat' dir='ltr'><strong>sunt</strong></span> <span class='ocrx_word' id='word_1_741' title='bbox 2452 5066 2698 5128; x_wconf 90' lang='lat' dir='ltr'><strong>rationis,</strong></span> <span class='ocrx_word' id='word_1_742' title='bbox 2720 5070 3027 5138; x_wconf 85' lang='lat' dir='ltr'><strong>mentisque</strong></span> <span class='ocrx_word' id='word_1_743' title='bbox 3062 5072 3410 5140; x_wconf 79' lang='lat' dir='ltr'><strong>perspicacis,</strong></span> <span class='ocrx_word' id='word_1_744' title='bbox 3438 5090 3499 5129; x_wconf 90' lang='lat' dir='ltr'><strong>ac</strong></span> 
     </span>
    </p>
   </div>
   <div class='ocr_carea' id='block_1_108' title="bbox 1933 5153 3491 5235">
    <p class='ocr_par' dir='ltr' id='par_1_108' title="bbox 1933 5153 3491 5235">
     <span class='ocr_line' id='line_1_108' title="bbox 1933 5153 3491 5235; baseline 0.01 -29"><span class='ocrx_word' id='word_1_745' title='bbox 1933 5160 2151 5206; x_wconf 74' lang='lat' dir='ltr'><strong>attenta:</strong></span> <span class='ocrx_word' id='word_1_746' title='bbox 2183 5153 2637 5211; x_wconf 88' lang='lat' dir='ltr'><strong>consideratiuuis</strong></span> <span class='ocrx_word' id='word_1_747' title='bbox 2668 5176 2679 5210; x_wconf 90' lang='lat'>:</span> <span class='ocrx_word' id='word_1_748' title='bbox 2713 5159 3046 5227; x_wconf 83' lang='lat' dir='ltr'><strong>privationes</strong></span> <span class='ocrx_word' id='word_1_749' title='bbox 3080 5173 3285 5231; x_wconf 86' lang='lat' dir='ltr'><strong>autem,</strong></span> <span class='ocrx_word' id='word_1_750' title='bbox 3312 5175 3491 5235; x_wconf 85' lang='lat' dir='ltr'><strong>poste-</strong></span> 
     </span>
    </p>
   </div>
   <div class='ocr_carea' id='block_1_109' title="bbox 1928 5470 3494 5551">
    <p class='ocr_par' dir='ltr' id='par_1_109' title="bbox 1928 5470 3494 5551">
     <span class='ocr_line' id='line_1_109' title="bbox 1928 5470 3494 5551; baseline 0.009 -28"><span class='ocrx_word' id='word_1_751' title='bbox 1928 5470 2018 5551; x_wconf 65' lang='grc' dir='ltr'>ᾼίι</span> <span class='ocrx_word' id='word_1_752' title='bbox 2068 5471 2215 5526; x_wconf 86' lang='lat' dir='ltr'><strong>llier.</strong></span> <span class='ocrx_word' id='word_1_753' title='bbox 2272 5474 2496 5530; x_wconf 67' lang='lat' dir='ltr'><strong>llebrma</strong></span> <span class='ocrx_word' id='word_1_754' title='bbox 2518 5489 2572 5532; x_wconf 91' lang='lat' dir='ltr'><strong>et</strong></span> <span class='ocrx_word' id='word_1_755' title='bbox 2604 5478 2766 5540; x_wconf 79' lang='lat' dir='ltr'><strong>LXX.</strong></span> <span class='ocrx_word' id='word_1_756' title='bbox 2816 5494 3116 5551; x_wconf 89' lang='lat' dir='ltr'><strong>omnesque</strong></span> <span class='ocrx_word' id='word_1_757' title='bbox 3171 5482 3494 5551; x_wconf 77' lang='lat' dir='ltr'><strong>interpretes</strong></span> 
     </span>
    </p>
   </div>
   <div class='ocr_carea' id='block_1_110' title="bbox 1929 5540 3496 5619">
    <p class='ocr_par' dir='ltr' id='par_1_110' title="bbox 1929 5540 3496 5619">
     <span class='ocr_line' id='line_1_110' title="bbox 1929 5540 3496 5619; baseline 0.009 -26"><span class='ocrx_word' id='word_1_758' title='bbox 1929 5540 2132 5619; x_wconf 76' lang='lat' dir='ltr'><strong>habere</strong></span> <span class='ocrx_word' id='word_1_759' title='bbox 2164 5556 2393 5619; x_wconf 59' lang='lat' dir='ltr'><strong>_itou,_ut</strong></span> <span class='ocrx_word' id='word_1_760' title='bbox 2416 5556 2470 5619; x_wconf 84' lang='lat' dir='ltr'><strong>et</strong></span> <span class='ocrx_word' id='word_1_761' title='bbox 2500 5557 2686 5619; x_wconf 79' lang='lat' dir='ltr'><strong>nostra</strong></span> <span class='ocrx_word' id='word_1_762' title='bbox 2733 5551 2869 5619; x_wconf 82' lang='lat' dir='ltr'><strong>Vulg</strong></span> <span class='ocrx_word' id='word_1_763' title='bbox 2898 5568 2910 5603; x_wconf 90' lang='lat'>:</span> <span class='ocrx_word' id='word_1_764' title='bbox 2944 5540 3099 5605; x_wconf 61' lang='lat' dir='ltr'><strong>(Iulia;</strong></span> <span class='ocrx_word' id='word_1_765' title='bbox 3178 5540 3329 5606; x_wconf 51' lang='lat' dir='ltr'><strong>incus.</strong></span> <span class='ocrx_word' id='word_1_766' title='bbox 3380 5554 3496 5607; x_wconf 84' lang='lat' dir='ltr'><strong>ine-</strong></span> 
     </span>
    </p>
   </div>
   <div class='ocr_carea' id='block_1_111' title="bbox 1928 5610 3490 5693">
    <p class='ocr_par' dir='ltr' id='par_1_111' title="bbox 1928 5610 3490 5693">
     <span class='ocr_line' id='line_1_111' title="bbox 1928 5610 3490 5693; baseline 0.011 -32"><span class='ocrx_word' id='word_1_767' title='bbox 1928 5610 2127 5693; x_wconf 74' lang='lat' dir='ltr'><strong>brians.</strong></span> <span class='ocrx_word' id='word_1_768' title='bbox 2164 5612 2284 5667; x_wconf 89' lang='lat' dir='ltr'><strong>Uno</strong></span> <span class='ocrx_word' id='word_1_769' title='bbox 2314 5616 2483 5683; x_wconf 75' lang='lat' dir='ltr'><strong>Ilegio</strong></span> <span class='ocrx_word' id='word_1_770' title='bbox 2511 5618 2633 5693; x_wconf 75' lang='lat' dir='ltr'><strong>cod.</strong></span> <span class='ocrx_word' id='word_1_771' title='bbox 2662 5619 2819 5673; x_wconf 82' lang='lat' dir='ltr'><strong>deest</strong></span> <span class='ocrx_word' id='word_1_772' title='bbox 2839 5610 2955 5674; x_wconf 54' lang='lat' dir='ltr'><strong>vvox</strong></span> <span class='ocrx_word' id='word_1_773' title='bbox 2980 5620 3136 5685; x_wconf 83' lang='grc' dir='ltr'>Θεοῦ,</span> <span class='ocrx_word' id='word_1_774' title='bbox 3167 5621 3263 5677; x_wconf 82' lang='lat' dir='ltr'><strong>sed</strong></span> <span class='ocrx_word' id='word_1_775' title='bbox 3297 5638 3490 5693; x_wconf 81' lang='lat' dir='ltr'><strong>parum</strong></span> 
     </span>
    </p>
   </div>
   <div class='ocr_carea' id='block_1_112' title="bbox 1930 5688 3055 5758">
    <p class='ocr_par' dir='ltr' id='par_1_112' title="bbox 1930 5688 3055 5758">
     <span class='ocr_line' id='line_1_112' title="bbox 1930 5688 3055 5758; baseline 0.008 -25"><span class='ocrx_word' id='word_1_776' title='bbox 1930 5691 2267 5758; x_wconf 21' lang='lat' dir='ltr'><strong>rt-Ierthtn-u</strong></span> <span class='ocrx_word' id='word_1_777' title='bbox 2295 5703 2489 5758; x_wconf 63' lang='lat' dir='ltr'><strong>munus</strong></span> <span class='ocrx_word' id='word_1_778' title='bbox 2526 5688 2614 5740; x_wconf 89' lang='lat' dir='ltr'><strong>alii</strong></span> <span class='ocrx_word' id='word_1_779' title='bbox 2648 5700 3055 5758; x_wconf 69' lang='lat' dir='ltr'><strong>reprmsentent.</strong></span> 
     </span>
    </p>
   </div>
   <div class='ocr_carea' id='block_1_113' title="bbox 1999 5752 3176 5831">
    <p class='ocr_par' dir='ltr' id='par_1_113' title="bbox 1999 5752 3176 5831">
     <span class='ocr_line' id='line_1_113' title="bbox 1999 5752 3176 5831; baseline 0.012 -30"><span class='ocrx_word' id='word_1_780' title='bbox 1999 5754 2061 5817; x_wconf 24' lang='lat' dir='ltr'><strong>(gi)</strong></span> <span class='ocrx_word' id='word_1_781' title='bbox 2093 5752 2166 5805; x_wconf 79' lang='lat' dir='ltr'><strong>De</strong></span> <span class='ocrx_word' id='word_1_782' title='bbox 2199 5756 2383 5809; x_wconf 77' lang='lat' dir='ltr'><strong>divinis</strong></span> <span class='ocrx_word' id='word_1_783' title='bbox 2408 5752 2724 5825; x_wconf 67' lang='lat' dir='ltr'><strong>nominibus,</strong></span> <span class='ocrx_word' id='word_1_784' title='bbox 2749 5761 2940 5829; x_wconf 51' lang='lat' dir='ltr'><strong>caput,</strong></span> <span class='ocrx_word' id='word_1_785' title='bbox 2968 5775 3023 5831; x_wconf 87' lang='lat' dir='ltr'><strong>p.</strong></span> <span class='ocrx_word' id='word_1_786' title='bbox 3048 5759 3176 5815; x_wconf 72' lang='grc'><strong>212.</strong></span> 
     </span>
    </p>
   </div>
  </div>
