4208 6436
724 419 857 484 ωιτν

1884 420 1945 479 S.
1980 417 2267 478 MAXIMI
2304 415 2812 482 CONF’ESSORIS

3838 424 3989 488 1020

715 535 895 587 riores
925 541 1052 588 sunt
1089 532 1394 587 habilibus.
1439 532 1572 586 Erat
1603 545 1737 602 ergo
1771 546 1896 585 cum
1935 531 1990 584 in
2027 529 2109 582 cis
2135 536 2294 582 erant

2404 545 2493 596 γος
2525 532 2616 583 καὶ
2650 531 2774 595 νοῦς
2805 531 2902 585 καὶ
2957 531 3278 603 περίσκειιις
3309 532 3562 604 εύλαϐής.
3606 533 3667 587 El
3693 533 3749 587 δὲ
3791 535 3985 593 τοῦτο,

716 623 879 686 ratio,
914 625 1223 690 mentisque
1254 621 1612 690 perspicacia,
1653 630 1710 674 et
1745 621 1988 689 prudens
2027 627 2295 686 cautaque

717 711 1104 764 consideratio.
1153 712 1248 764 Sin
1293 721 1477 766 autem
1513 712 1588 765 ita
1627 727 1685 765 se
1729 727 1818 764 res
1856 709 2042 773 habet,
2083 725 2151 762 ne
2193 709 2296 777 ipsi

718 804 940 872 quidem
972 802 1250 855 dzemones
1286 813 1483 856 natura
1527 803 1653 856 mali
1689 813 1852 868 sunt;
1893 803 1990 856 sed
2023 818 2086 857 e\
2130 818 2298 872 pravo

719 912 818 948 usu
855 895 1187 948 naturalium
1216 897 1414 949 virium
1445 897 1572 950 mali
1603 897 1730 950 facti
1765 905 1906 952 sunt.

789 988 839 1038 ϐ.
884 986 1226 1050 All'ectuum,
1276 987 1369 1040 alii
1416 987 1738 1053 libidinem,
1793 989 1887 1043 alii
1938 989 2156 1053 odium,
2205 989 2298 1043 alii

719 1085 1018 1146 utrumque
1077 1079 1328 1148 pariunt:
1385 1085 1502 1132 tum
1555 1079 1766 1134 scilicet
1823 1081 2138 1147 libidinem,
2181 1090 2296 1136 tum

719 1169 930 1223 odium.

796 1263 846 1315 7.
889 1260 1142 1316 Edacitas
1188 1261 1552 1333 ciborumque
1596 1263 1869 1334 exquisita
1906 1265 2183 1330 lautities,
2228 1265 2297 1320 li-

723 1351 967 1405 bidinem
997 1353 1331 1422 progignunt
1358 1373 1370 1407 :
1407 1357 1635 1410 avaritia
1660 1372 1792 1410 vero
1817 1364 1875 1412 et
1897 1357 2074 1411 inanis
2101 1359 2296 1427 gloria,

723 1443 911 1496 odium
961 1443 1018 1496 in
1061 1447 1372 1514 proximum
1417 1464 1429 1498 :
1478 1458 1534 1501 at
1585 1448 1782 1501 horum
1831 1464 2031 1518 parens
2066 1450 2301 1505 carnalis

724 1549 880 1587 amor
909 1534 1208 1604 (φιλαυτία)
1243 1537 1528 1606 utriusque
1555 1549 1637 1592 est
1665 1547 1877 1594 auctor.

794 1625 846 1678 8.
886 1625 1143 1677 Φιλαυτία
1173 1627 1273 1695 (sic
1301 1627 1470 1697 dicta)
1515 1630 1841 1684 libidinosus
1877 1641 1962 1686 est
2000 1647 2065 1688 ac
2100 1632 2298 1686 rationi

725 1717 1025 1772 adversans
1071 1734 1228 1773 amor
1263 1736 1326 1774 ac
1368 1721 1540 1774 lilaido
1578 1723 1846 1790 corporis.
1888 1722 2025 1776 lluic
2062 1723 2301 1776 Charitas

723 1810 1176 1880 continentiaque
1207 1821 1586 1880 opponuntur.
1623 1813 1795 1881 igitur
1834 1814 1888 1866 in
1923 1829 2032 1882 quo
2057 1823 2140 1866 est
2177 1829 2302 1868 cor-

726 1902 877 1968 poris
909 1902 998 1955 ille
1039 1917 1216 1966 amor,
1247 1911 1460 1956 certum
1499 1913 1580 1958 est
1614 1903 1763 1958 vitiis
1798 1904 2054 1958 omnibus
2091 1914 2300 1959 scatere

724 2011 788 2048 ac
821 1994 1121 2050 affectibus.

792 2083 845 2136 9.
881 2082 1076 2146 Nemo,
1125 2082 1307 2152 inquit
1354 2085 1681 2152 Apostolus,
1729 2100 1938 2138 carnem
1985 2102 2138 2138 suam
2183 2086 2302 2139 odio

723 2175 903 2226 habuit
931 2175 1012 2239 7’;
1040 2175 1294 2245 suggillet
1321 2184 1498 2229 tamen
1524 2187 1572 2230 et
1600 2179 1655 2230 in
1685 2179 1994 2231 servitutem
2022 2178 2207 2248 redigit
2230 2179 2298 2241 ⁷⁸,

724 2267 862 2320 nihil
905 2268 1140 2337 amplius
1181 2268 1230 2322 ei
1277 2269 1550 2336 prmbens,
1595 2286 1759 2339 quam
1808 2271 1990 2325 cibum
2035 2282 2092 2326 et
2137 2272 2300 2327 indu-

725 2365 934 2424 menta;
961 2358 1186 2427 lnecque
1209 2358 1347 2413 adeo
1365 2368 1630 2428 quantum
1647 2360 1714 2413 ad
1737 2361 1907 2414 solam
1928 2361 2050 2418 vitae
2083 2371 2301 2416 susten-

727 2449 988 2502 tationem
1001 2448 1168 2519 428
1187 2451 1558 2504 necessarium
1577 2453 1667 2506 sit.
1696 2451 1786 2506 Sic
1807 2451 1976 2522 igitur
1997 2455 2123 2522 quis
2141 2454 2307 2507 illibi-

725 2539 922 2594 dinosc
960 2541 1221 2609 nulloque
1249 2542 1387 2595 vitio
1425 2559 1545 2596 eam
1571 2543 1776 2613 diligit;
1816 2560 1878 2598 ac
1917 2547 2066 2600 velut
2102 2546 2304 2600 divinis

725 2635 1073 2687 ancillantem
1115 2635 1214 2688 alit
1249 2643 1304 2689 et
1346 2635 1514 2698 fovet,
1553 2637 1663 2690 illis
1699 2637 1965 2693 duntaxat
2005 2641 2302 2706 concessis,

725 2725 929 2795 quibus
953 2727 1072 2796 ejus
1097 2726 1398 2796 indigentia
1429 2729 1636 2798 expleri
1667 2731 1858 2800 possit.

800 2819 882 2871 ίθ.
916 2817 1085 2883 Quem
1112 2818 1237 2887 quis
1257 2819 1456 2887 diligit,
1483 2821 1708 2874 omnino
1729 2822 1894 2876 etiam
1920 2823 2102 2878 colere
2131 2823 2307 2878 officio

725 2909 944 2978 satagit.
981 2907 1036 2962 Si
1072 2910 1198 2978 quis
1229 2927 1361 2980 ergo
1395 2912 1565 2966 Deum
1611 2913 1809 2983 diligit,
1855 2930 2082 2984 prorsus
2117 2916 2306 2981 etiam,

729 3014 852 3068 qua:
897 2999 974 3052 illi
1023 3001 1227 3069 placita
1267 3012 1394 3056 sunt
1431 3016 1691 3072 praestare
1729 3007 1914 3062 studct
1947 3025 1958 3058 :
1997 3007 2080 3061 sin
2126 3016 2306 3062 autem

730 3104 952 3143 carnem
977 3131 990 3156 ,
1035 3108 1157 3162 qua:
1207 3108 1328 3148 eam
1373 3094 1701 3150 oblcctando
1743 3096 1876 3162 sint,
1918 3098 2034 3154 haec
2074 3099 2310 3157 libenter

730 3177 882 3235 facit.

803 3285 891 3340 ll.
929 3286 1042 3340 Deo
1077 3288 1299 3358 quidem
1337 3291 1556 3360 placent
1588 3293 1830 3349 charitas
1866 3305 1922 3350 et
1952 3299 2311 3366 temperantia

731 3391 830 3430 seu
882 3379 1127 3444 castitas,
1165 3383 1558 3451 contemplatio
1609 3384 1739 3439 item
1792 3396 1850 3440 et
1900 3388 2106 3454 oratio;
2159 3391 2312 3445 carni

733 3487 885 3534 vero,
905 3473 1042 3542 .gula
1079 3483 1135 3527 et
1174 3474 1597 3544 intemperantia
1637 3493 1734 3532 seu
1772 3477 1977 3543 libido;
2011 3496 2073 3533 ac
2111 3482 2314 3549 quibus

737 3561 827 3616 illa
867 3572 1160 3633 augentur.
1196 3565 1404 3620 Idcirco
1436 3585 1449 3619 :
1484 3566 1585 3632 Qui
1619 3569 1672 3620 in
1703 3584 1864 3622 carne
1891 3583 2033 3634 sum,
2060 3571 2168 3624 Deo
2197 3572 2315 3642 pla-

733 3671 849 3707 cere
883 3673 984 3708 non
1016 3666 1234 3726 possunt
1262 3660 1328 3712 ⁷⁷.
1366 3657 1467 3723 Qui
1494 3669 1669 3713 autem
1698 3670 1819 3714 sunt
1856 3660 2068 3726 Christi,
2100 3682 2314 3720 carnem

733 3764 887 3800 suam
925 3747 1300 3816 cruci/iurant
1341 3768 1457 3804 eum
1512 3753 1648 3806 vitiis
1691 3762 1740 3806 et
1787 3757 2213 3824 concupiscentiis
2243 3757 2312 3813 ’⁸.

807 3837 892 3891 12.
935 3837 1168 3893 Animus
1213 3841 1268 3894 in
1315 3841 1485 3894 Deum
1527 3857 1777 3910 vergens,
1810 3854 2058 3914 nutuque
2101 3846 2156 3899 in
2187 3862 2315 3901 eum

737 3929 1080 3998 propensior,
1121 3946 1325 4000 corpus
1360 3948 1580 3987 servum
1611 3934 1794 3997 habet,
1833 3951 1934 3990 nec
1964 3946 2162 4004 praeter
2190 3938 2316 3993 vita:

738 4022 1046 4076 necessaria
1073 4023 1374 4092 quidquam
1401 4025 1478 4078 illi
1503 4024 1708 4094 przebct
1742 4043 1754 4080 :
1787 4026 1872 4080 sin
1899 4036 2080 4082 autem
2109 4029 2164 4083 in
2194 4046 2315 4085 car-

736 4127 860 4164 nem
906 4112 1058 4165 vitiis
1106 4117 1472 4183 mancipatur,
1524 4115 1670 4169 illius
1729 4130 1946 4186 semper
2019 4132 2205 4174 curam
2259 4121 2316 4176 in

737 4201 1029 4258 desideriis
1052 4219 1218 4273 agens
1247 4205 1314 4257 "’.

811 4297 895 4349 15.
939 4297 994 4349 Si
1041 4297 1146 4350 hoc
1175 4297 1368 4352 studes
1409 4311 1466 4354 ut
1502 4299 1898 4368 cogitationum
1940 4314 2166 4372 compos
2199 4303 2316 4358 elli-

737 4387 923 4449 ciaris,
951 4389 1182 4442 allectus
1214 4405 1348 4442 cura
1399 4405 1462 4442 ac
1502 4389 1780 4451 libidines,
1818 4390 2127 4461 horumque
2162 4393 2316 4449 facile

735 4478 930 4542 victor,
970 4479 1154 4532 animo
1203 4479 1326 4533 illas
1366 4480 1575 4548 ejicies.
1626 4481 1762 4534 Puta
1835 4479 1890 4534 in
1931 4480 2313 4550 fornicatione,

731 4572 938 4641 jejuna,
973 4571 1158 4639 vigila,
1203 4571 1413 4634 labora,
1463 4571 1746 4626 solitarius
1790 4588 1922 4642 age;
1976 4573 2030 4627 in
2069 4574 2146 4629 ira
2186 4592 2316 4632 vero

735 4678 797 4716 ac
833 4662 1080 4725 tristitia,
1125 4663 1352 4731 gloriam
1397 4671 1453 4716 et
1500 4663 1801 4726 infamiam,
1831 4679 2028 4732 resque
2067 4674 2315 4722 terrenas

733 4764 1045 4808 contemne.
1099 4753 1157 4807 ln
1218 4753 1542 4824 injuriarum
1597 4753 1860 4806 memoria
1907 4769 1970 4808 ac
2016 4755 2323 4836 simultate,

733 4863 828 4901 ora
865 4862 968 4916 pro
999 4861 1066 4901 eo
1092 4846 1187 4916 qui
1227 4845 1358 4901 fecit
1387 4846 1666 4916 injuriam,
1703 4854 1759 4902 et
1789 4845 2132 4901 liberaberis.

807 5027 889 5080 14.
929 5025 1009 5079 Ne
1081 5034 1133 5080 te
1168 5025 1626 5080 imbecillioribus
1663 5025 1947 5079 hominum
1991 5025 2311 5079 commetia-

738 5121 833 5178 ris,
871 5116 964 5170 sed
1015 5116 1189 5184 magis
1229 5117 1296 5171 ad
1342 5117 1658 5171 dilectionis
1700 5126 2031 5186 praeceptum
2077 5118 2312 5188 teipsum

736 5206 1025 5263 contende.
1075 5208 1237 5262 Prius
1281 5207 1430 5262 enim
1474 5209 1519 5262 si
1568 5208 1777 5278 egeris,
1830 5209 1885 5262 in
1929 5209 2314 5266 ostentationis

736 5299 947 5351 foveam
1009 5297 1204 5363 cades;
1259 5299 1345 5353 sin
1408 5307 1592 5352 autem
1648 5297 1920 5362 alterum,
1961 5296 2028 5351 ad
2080 5299 2315 5354 modesti

733 5403 930 5441 sensus
959 5386 1355 5442 sublimitatem
1395 5387 1690 5457 provebes.

806 5480 890 5533 15.
936 5479 992 5534 Si
1054 5479 1280 5534 omnino
1343 5479 1654 5535 dilectionis
1705 5479 1943 5551 proximi
1996 5481 2313 5538 mandatum

2399 623 2518 675 οὐδὲ
2551 625 2598 676 οἱ
2628 623 2882 693 δαίμονες
2907 624 3069 693 φύσει
3095 627 3288 680 κακοί·
3319 627 3434 682 ἀλλ’
3464 628 3529 680 ὲκ
3569 627 3986 700 παραχρήσεως

2397 713 2507 766 τῶν
2531 714 2779 783 φυσικῶν
2811 715 3093 787 δυνάμεων
3125 717 3286 772 κακοὶ
3314 719 3590 787 γεγόνασι.

2470 969 2544 1026 ς’.
2580 963 2659 1015 Τά
2686 963 2785 1034 μὲν
2822 963 2931 1017 τῶν
2951 965 3159 1028 παθῶν,
3194 967 3488 1032 ἀκολασίας
3508 983 3522 997 ·
3544 968 3612 1022 τά
3637 967 3718 1034 δὲ,
3752 966 3978 1038 μίσους·

2399 1055 2466 1108 τὰ
2496 1055 2574 1120 δὲ,
2612 1057 2704 1109 καὶ
2737 1056 3033 1120 ἀκολασίας
3059 1059 3152 1111 καὶ
3194 1058 3386 1129 μίσους
3424 1061 3530 1113 είσὶ
3558 1059 3839 1132 ποιητικά.

2470 1255 2534 1319 ζ’.
2569 1257 2883 1326 Πολυφαγία
2915 1256 3006 1310 καὶ
3031 1258 3336 1329 ήδυφαγία,
3377 1260 3672 1325 ἀκολασίας
3716 1263 3858 1315 εἰσὶν
3892 1266 3980 1316 αἶ-

2399 1365 2490 1401 τια
2519 1348 2638 1420 [Fr.
2681 1349 2909 1422 αἴτιαι]’
2945 1351 3276 1422 φιλαργυρία
3335 1354 3390 1406 δὲ
3430 1355 3523 1408 καὶ
3549 1355 3850 1422 κενοδοξία,
3884 1355 3982 1424 μί-

2401 1456 2528 1504 σους
2565 1441 2698 1512 πρὸς
2723 1441 2814 1495 τὸν
2844 1443 3086 1512 πλησίον.
3126 1445 3190 1496 Ἦ
3222 1445 3278 1496 δὲ
3303 1445 3506 1499 τούτων
3554 1447 3739 1518 μήτηρ
3783 1449 3985 1517 φιλαυ-

2399 1533 2488 1585 τία
2529 1533 2637 1584 τῶν
2671 1535 2998 1605 ἀμφοτέρων
3023 1537 3168 1588 ἐστὶν
3196 1537 3363 1591 αἰτία.

2472 1631 2542 1693 η’.
2582 1625 2841 1679 Φιλαυτία
2897 1629 3046 1679 ἐστὶν
3077 1630 3108 1696 ὴ
3137 1629 3270 1698 προς
3297 1629 3358 1681 τδ
3393 1630 3550 1698 σῶμα
3587 1631 3841 1701 ἐμπαθὴς
3886 1632 3988 1684 καὶ

2402 1715 2594 1779 ἄλογος
2636 1717 2816 1784 φιλία’
2956 1719 3256 1772 ἀντίκειται
3296 1722 3484 1789 ἀγάπη
3517 1723 3607 1772 καὶ
3655 1724 3980 1790 ἐγκράτεια.

2415 1808 2472 1861 Ὀ
2503 1807 2641 1878 ἔχων
2696 1811 2791 1882 τὴν
2843 1811 3155 1880 φιλαυτίαν,
3203 1812 3360 1884 δῆλον
3409 1815 3490 1865 ὅτι
3541 1813 3655 1883 ἔχει
3702 1815 3883 1868 πάντα
3915 1818 3987 1869 τά

2403 1901 2574 1972 πάθη.

2475 2081 2535 2137 θ’.
2571 2081 2800 2148 Οὐδεὶς,
2834 2084 2997 2152 φησὶν
3031 2085 3370 2149 Ἀπόστολος,
3402 2086 3516 2154 τὴν
3539 2089 3760 2144 ἑαυτοῦ
3781 2091 3986 2158 σάρκα

2401 2173 2696 2242 ἐμίσησεν
2716 2189 2728 2201 ’
2754 2174 2893 2226 ἀλλ’
2920 2173 3224 2234 ὐποπιάζει
3248 2176 3527 2242 δηλονότι
3558 2180 3653 2232 καί
3676 2179 3986 2248 δουλαγω-

2403 2264 2512 2332 τεῖ,
2550 2264 2718 2333 μηδὲν
2750 2263 2910 2316 πλέον
2941 2265 3075 2334 αὐτῇ
3131 2267 3411 2335 παρέχων,
3453 2268 3591 2338 πλὴν
3636 2270 3723 2322 διὰ
3774 2272 3987 2342 τροφῆς

2403 2358 2496 2407 καὶ
2527 2357 2934 2424 σκεπασμάτων
2962 2371 2974 2384 °
3006 2359 3100 2408 καὶ
3130 2355 3334 2410 τούτων
3367 2359 3563 2428 μόνων,
3612 2360 3722 2413 τῶν
3757 2362 3896 2430 πρὸς
3924 2361 3989 2414 τὸ

2404 2447 2504 2518 ζῇν
2527 2448 2859 2514 ἀναγκαίων.
2883 2446 3069 2509 (ﬁrm;
3094 2445 3186 2500 οὖν
3211 2448 3434 2512 ἀπαθῶς
3457 2466 3542 2512 τις
3575 2451 3766 2521 ἀγαπᾷ
3790 2453 3981 2522 αύτήν·

2404 2538 2499 2591 καὶ
2545 2538 2618 2600 ὡς
2671 2538 2937 2608 ὑπηρέτιν
2983 2539 3090 2590 τῶν
3147 2538 3305 2590 θείων
3360 2540 3614 2609 ἐκτρέφει
3656 2541 3851 2612 αὐτὴν,
3890 2544 3986 2595 καὶ

2407 2629 2603 2684 θάλπει
2638 2633 2748 2693 τοῖς
2780 2633 2876 2700 τὴν
2919 2630 3127 2683 ἔνδειαν
3161 2631 3330 2700 αὐτῆς
3360 2631 3743 2702 ἀποπληροῦσι
3773 2633 3982 2702 μόνοις.

2482 2811 2532 2858 ι’.
2565 2805 2664 2858 Ὃν
2695 2821 2778 2867 τις
2808 2805 3016 2874 ἀγαπᾷ,
3047 2805 3234 2858 τοῦτον
3263 2805 3478 2869 πάντως
3511 2806 3604 2860 καὶ
3632 2807 3856 2860 σπεύδει
3892 2807 3984 2861 θε-

2412 2898 2690 2969 ραπεύειν.
2730 2899 2790 2950 ΕΞ
2821 2894 2914 2952 οὖν
2935 2898 3024 2952 τὸν
3049 2899 3180 2951 Θεόν
3202 2917 3286 2962 τις
3313 2899 3524 2971 ἀγαπᾷ,
3555 2899 3775 2964 πάντως
3797 2901 3893 2954 καὶ
3918 2901 3987 2955 τὰ

2409 2991 2614 3061 ἀρεστὰ
2647 2992 2794 3061 αύτῷ
2846 2991 3064 3044 σπεύδει
3110 2994 3285 3045 ποιεῖν
3309 3007 3324 3022 ⁸
3362 2994 3410 3045 εἰ
3437 2992 3492 3045 δὲ
3523 2992 3622 3064 τὴν
3663 2993 3869 3063 σάρκα,
3917 2993 3985 3047 τὰ

2407 3083 2614 3152 ταύτην
2635 3084 2901 3155 τέρποντα
2932 3083 3190 3138 ἐκτελεῖν.

2485 3269 2574 3315 ια’,
2613 3261 2703 3332 Τῷ
2733 3263 2832 3332 μὲν
2863 3262 2982 3331 Θεῷ
3006 3262 3229 3333 ἀρέσκει
3258 3262 3446 3333 ἀγάπη
3499 3263 3590 3317 καὶ
3634 3265 3987 3335 σωφροσύνη,

2414 3353 2508 3406 καὶ
2547 3352 2746 3422 θεωρία
2769 3352 2864 3406 καὶ
2893 3353 3165 3422 προσευχὴ
3188 3369 3202 3382 ·
3241 3355 3305 3423 τῇ
3330 3353 3386 3404 δὲ
3415 3353 3598 3423 σαρκὶ,
3635 3371 3990 3425 γαστριμαρο

2414 3444 2510 3511 γία
2557 3444 2649 3497 καὶ
2701 3443 2982 3507 ἀκολασία,
3037 3444 3132 3497 καὶ
3192 3443 3260 3496 τὰ
3309 3444 3514 3497 τούτων
3567 3445 3863 3515 αύξητικά.
3894 3447 3991 3498 Διά

2413 3536 2590 3599 τοῦτο,
2615 3539 2680 3589 Οἱ
2709 3536 2779 3588 ἐν
2800 3537 2977 3603 σαρκί
3006 3537 3324 3601 ὄντες-,Θεῷ
3347 3536 3560 3605 ἀρέσαι
3585 3540 3656 3592 οὐ
3673 3537 3990 3591 δύνανται.

2418 3630 2485 3680 Oi
2527 3627 2596 3680 δὲ
2620 3627 2725 3682 τοῦ
2762 3627 3045 3696 Χριστοῦ,
3073 3627 3188 3694 τὴν
3219 3627 3418 3695 σάρκα
3440 3628 3842 3698 ἐσταύρωσαν
3868 3629 3996 3685 σὺν

2414 3720 2539 3786 τοῖς
2567 3721 2879 3790 παθήμασι
2906 3720 3004 3774 καὶ
3031 3720 3159 3786 ταῖς
3186 3720 3540 3790 ἐπιθυμίαις.

2491 3813 2579 3882 ιβ’.
2626 3812 2684 3864 '0
2707 3813 2830 3875 νοῦς
2859 3813 2954 3866 ὲάν
2991 3813 3090 3882 μὲν
3116 3811 3280 3883 νεύσῃ
3307 3813 3444 3883 πρὸς
3485 3812 3639 3876 Θεὸν,
3669 3813 3784 3883 ἔχει.
3806 3811 3997 3868 δοῦλον

2415 3907 2476 3961 τὸ
2497 3907 2676 3976 σῶμα,
2705 3905 2799 3959 καὶ⁷
2825 3905 2986 3959 πλέον
3010 3905 3162 3958 οὐδὲν
3195 3905 3344 3974 αύτῷ
3372 3904 3603 3976 παρέχει
3633 3906 3742 3959 τῶν
3769 3908 3915 3978 πρὸς
3935 3906 3997 3960 τδ

2417 3995 2516 4068 ζῇν
2541 3997 2856 4065 ἀναγκαίων
2877 4013 2890 4028 ’
2925 3996 3022 4049 ὲάν
3053 3996 3111 4050 δὲ
3141 3994 3308 4068 νεύσῃ
3336 3994 3470 4066 πρδς
3501 3995 3600 4066 τὴν
3636 3997 3840 4067 σάρκα,
3869 3997 3995 4051 δου-

2417 4089 2604 4142 λοῦται
2634 4091 2746 4152 τοῖς
2807 4087 3030 4152 πάθεσι,
3062 4088 3320 4159 πρόνοιαν
3369 4087 3542 4158 αὐτῆς
3572 4087 3661 4142 ἀεὶ
3689 4089 3770 4150 εἰς
3798 4087 3997 4142 ἐπιθυ-

2421 4183 2549 4254 μίας
2579 4182 2919 4250 ποιούμενος.

2492 4278 2580 4338 ιγ’.
2605 4273 2668 4325 Εί
2699 4270 2874 4334 θέλεις
2900 4269 3009 4323 τῶν
3056 4267 3337 4339 λογισμῶν
3375 4267 3771 4339 περιγίνεσθαι,
3806 4270 4001 4340 ἐπιμε-

2416 4363 2510 4417 λοῦ
2536 4363 2644 4416 τῶν
2679 4361 2889 4426 παθῶν,
2919 4362 3013 4414 καὶ
3045 4360 3286 4433 εὐχερῶς
3315 4361 3511 4425 αὐτοὺς
3543 4362 3606 4414 ἐκ
3635 4361 3732 4414 τοῦ
3755 4361 3857 4415 νοῦ
3891 4365 4000 4416 ἀπδ

2417 4455 2622 4508 τούτων
2645 4454 2948 4519 ἐξελαύνεις
2977 4451 3099 4524 [ιθν.
3122 4454 3186 4506 ὲκ
3205 4452 3300 4506 τοῦ
3323 4451 3416 4506 νοῦ
3449 4452 3816 4522 ἀπελαύνειςῙ.
3850 4449 3996 4517 Οἷον,

2349 4530 2394 4588 ο
2422 4548 2513 4600 ἐπὶ
2539 4548 2637 4617 μὲν
2660 4547 2758 4611 τῆς
2803 4546 3076 4612 πορνείας,
3107 4545 3354 4614 νήστευε,
3383 4543 3670 4610 ἀγρύπνει,
3705 4546 3999 4606 κοπίασον.

2426 4638 2646 4692 ίδίασον.
2687 4637 2809 4689 Ἐπὶ
2834 4637 2892 4689 δὲ
2922 4637 3022 4704 τῆς
3050 4636 3220 4708 ὀργῆς
3247 4637 3341 4689 καὶ
3371 4635 3468 4702 τῆς
3488 4635 3681 4704 λύπης,
3717 4639 4000 4709 καταφρό-

2421 4747 2500 4783 νει
2529 4729 2688 4799 δόξης
2715 4729 2808 4781 καὶ
2841 4728 3064 4798 ἀτιμίας
3109 4727 3203 4780 καὶ
3231 4726 3338 4780 τῶν
3367 4725 3565 4780 ὑλικῶν
3589 4730 3938 4796 πραγμάτων
3961 4734 3997 4784 ⁸.

2433 4821 2556 4874 Ἐπὶ
2583 4821 2640 4874 δὲ
2673 4820 2772 4891 τῆς
2801 4818 3186 4890 μνησικακίας,
3212 4817 3512 4892 προσεύχου
3538 4818 3676 4889 ὑπὲρ
3705 4818 3800 4872 τοῦ
3822 4821 4000 4893 λυπή-

2421 4931 2634 4980 σαντος,
2666 4913 2760 4966 καὶ
2785 4911 3124 4983 ἀπαλλάττῃ.

2492 5027 2572 5081 ιδ’.
2603 5027 2696 5098 Μὴ
2723 5026 2832 5080 τῶν
2860 5025 3162 5097 ἀνθρώπων
3203 5027 3311 5089 τοῖς
3348 5024 3754 5094 ἀσθενεστέροις
3800 5023 4000 5078 ἑαυτὸν

2421 5117 2786 5190 παραμέτρει,
2843 5116 2976 5170 ἀλλά
3027 5119 3093 5188 τῇ
3144 5116 3326 5186 ἐντολῇ
3375 5116 3474 5185 τῆς
3520 5115 3740 5184 ἀγάπης
3791 5116 3998 5184 μᾶλλον

2423 5209 2770 5281 παράτεινον.
2803 5207 2930 5271 Τοῖς
2968 5206 3067 5276 μὲν
3101 5205 3210 5277 γὰρ
3233 5204 3625 5274 παραμετρῶν,
3651 5209 3730 5267 εἰς
3775 5205 3874 5257 τὸν
3906 5204 3996 5274 βό-

2423 5300 2548 5370 θρον
2585 5301 2682 5371 τῆς
2704 5302 2933 5371 οἰήσεως
2967 5299 3293 5370 ἐμπίπτειςυ
3327 5300 3390 5366 τῇ
3424 5296 3480 5350 δὲ
3510 5297 3882 5366 παρατείνων,
3918 5299 3995 5360 εἰς

2421 5391 2484 5444 τὸ
2507 5389 2642 5460 ὕψος
2674 5392 2772 5458 τῆς
2797 5387 3299 5458 ταπεινοφροσύνης
3325 5387 3669 5459 προκόπτεις.

2495 5487 2574 5535 ιε’.
2607 5483 2669 5534 Εἰ
2701 5481 2838 5544 ὅλως
2855 5481 2955 5552 τῆς
2974 5479 3109 5550 πρὸς
3142 5481 3236 5533 τὸν
3267 5479 3492 5550 πλησίον
3525 5479 3747 5550 ἀγάπης
3775 5478 3879 5549 τὴν
3910 5482 3995 5533 ἑν-

802 5635 850 5667 "
876 5633 1080 5704 Ephes.
1111 5651 1167 5699 ν,
1194 5633 1285 5688 29.
1363 5633 1409 5664 ⁷⁸
1437 5632 1456 5687 l
1485 5632 1614 5689 Cor.
1646 5649 1721 5700 Ix,
1751 5633 1841 5688 27.
1920 5634 1963 5664 ⁷⁷
1997 5635 2156 5689 Rom.
2189 5651 2302 5702 vni,

2460 5635 2505 5668 "
2527 5633 2702 5690 Galat.
2727 5651 2780 5700 ν,
2807 5634 2898 5688 24.
2974 5634 3019 5666 τ’
3051 5635 3209 5690 Rom.
3239 5650 3354 5699 xm,
3384 5633 3470 5688 14.

801 5778 816 5795 ⁸
854 5774 943 5846 Fr.
969 5774 1283 5846 Σημείιιισην
1311 5774 1426 5838 πῶς
1453 5774 1557 5845 χρὴ
1585 5772 1965 5844 περιγενέσθαι
1998 5774 2202 5829 παθῶν.
2244 5775 2310 5827 ’Λε

2404 5775 2537 5829 νωθι
2568 5775 2625 5831 τὸ
2643 5776 2888 5831 εἰκοστόν
2909 5791 2922 5804 °
2950 5773 3198 5841 Observa,
3225 5773 3481 5846 quomodo
3500 5772 3603 5827 sint
3633 5773 3992 5841 expugnanda

731 5848 880 5901 vitia.
915 5845 1045 5916 Legi:
1085 5860 1129 5898 τ.
1160 5845 1246 5899 eo.
