4208 6436
233 396 364 461 1021

1093 395 1451 463 CAPITUM
1491 402 1588 461 DE
1627 398 2059 459 CHARITATE
2098 398 2487 460 CENTURIA
2527 400 2646 461 III.

3368 405 3503 466 1022

231 508 394 577 τολὴν
427 507 732 576 φυλάττεις,
772 509 908 580 ὕπερ
940 509 1090 571 τίνος
1119 507 1194 574 (lt)
1218 509 1322 577 τῆς
1366 510 1501 580 πρὸς
1526 509 1689 561 αὑτὸν
1727 506 1824 560 λύ-

1929 508 2195 572 custodis,
2224 525 2324 563 cur
2353 509 2550 563 offensi
2583 509 2636 562 in
2661 525 2784 563 eum
2821 511 2987 565 animi
3021 512 3372 565 acerbitatem
3407 528 3497 580 pa~

229 616 342 668 πης
385 599 485 669 τὴν
519 601 747 670 πικρίαν
775 599 1065 664 ἐντίκτεις,
1099 599 1132 669 ἢ
1164 599 1325 669 δῆλον
1371 602 1454 653 ὅτι
1497 600 1699 668 ταύτης
1751 599 1822 651 τά

233 688 548 758 πρόσκαιρα
578 687 865 759 προτιμῶν
891 689 987 742 καὶ
1018 688 1199 742 αὐτῶν
1231 687 1702 758 ἀντιποιούμενος,
1729 687 1822 740 τὸν

229 779 462 844 ἀδελφὸν
500 779 765 850 πολεμεῖς
797 798 812 845 ;

309 877 404 936 ις’.
433 871 507 924 Ού
541 871 631 924 διὰ
659 872 758 942 τὴν
785 872 979 943 χρείαν
1012 870 1268 926 τοσοῦτον
1296 871 1359 924 τὸ
1403 870 1624 940 χρυσίον
1647 871 1822 938 ζηλωο

228 963 323 1015 τὸν
353 965 468 1026 τοῖς
494 963 809 1034 ἀνθρώποις
851 964 1098 1033 γέγονεν,
1132 963 1260 1017 ὅσον
1300 963 1363 1016 τὸ
1399 961 1466 1016 δι’
1501 960 1668 1015 αὑτοῦ
1697 963 1823 1023 τοὺς

231 1053 462 1115 πολλοὺς
497 1054 598 1116 τὰς
635 1053 832 1124 ἡδονάς
861 1053 1208 1124 θεραπεύειν.
1785 1121 1794 1132 .

309 1145 397 1208 ιζ’.
445 1143 585 1216 Τρία
640 1145 750 1198 εἰσὶ
778 1144 847 1198 τὰ
887 1144 1040 1198 αἴτια
1075 1145 1176 1215 τῆς
1215 1143 1326 1198 τῶν
1359 1143 1664 1215 χρημάτων
1691 1141 1824 1208 ἀγά-

231 1250 346 1303 πης
379 1235 513 1299 (21),
560 1235 864 1307 φιληδονία,
909 1235 1188 1300 κενοδοξία
1233 1236 1330 1290 καὶ
1366 1236 1617 1291 ἀπιστία.
1651 1234 1826 1289 Χαλεο

233 1327 459 1395 πωπτέρα
486 1326 544 1379 δὲ
573 1327 683 1380 τῶν
710 1326 806 1381 δύο
836 1330 867 1398 ἠ
903 1328 1133 1381 ἀπιστία
1155 1325 1517 1401 καθέστηκεν.

314 1499 405 1570 ιη’.
457 1503 514 1553 ’0
547 1503 648 1571 μὲν
682 1503 966 1574 φιλήδονος
1012 1505 1206 1576 ἀγαπᾷ
1251 1503 1557 1574 ἀργύριον,
1613 1503 1701 1556 ῖνα
1755 1503 1825 1555 δι’

234 1592 406 1644 αὐτοῦ
430 1590 682 1666 τρυφήση
704 1611 716 1625 ·
743 1597 770 1648 6
819 1596 876 1650 δέ
905 1595 1207 1660 κενόδοξος,
1263 1597 1351 1651 ῐνα
1377 1588 1450 1649 δι⁶
1478 1593 1642 1648 αὑτοῦ
1672 1594 1826 1661 δοξα-

238 1683 343 1754 σθῇ
367 1702 379 1713 ·
411 1688 439 1738 6
470 1685 528 1738 δὲ
574 1688 824 1753 ἄπιστος,
859 1689 947 1742 ἵνα
981 1688 1166 1761 κρύψῃ
1220 1689 1316 1742 καὶ
1371 1688 1582 1759 φυλάξῃ
1608 1729 1624 1748 .
1667 1687 1826 1756 λιμὸν

238 1776 600 1847 φοδοῦμενος.
640 1779 672 1850 ῆ
730 1779 909 1851 γῆρας
938 1780 971 1848 ἢ
1025 1780 1240 1851 νόσονῆ
1277 1780 1540 1846 ξενιτείαν
1567 1795 1580 1808 ·
1609 1781 1704 1834 καὶ
1737 1779 1826 1831 ἐπ’

1923 599 2034 653 ris?
2071 599 2210 653 Num
2246 602 2404 669 plane
2429 601 2577 669 quod
2611 603 2977 670 tcmporaneis
3006 603 3172 656 rebus
3201 616 3321 654 eam
3350 611 3504 670 post-

1920 688 2147 753 habms,
2181 705 2245 743 ac
2279 691 2424 759 ipsas
2456 691 2624 758 colas,
2659 691 2818 746 fratri
2853 691 3100 746 infensus
3132 690 3408 754 exsistis?_

1995 865 2082 918 16.
2123 864 2242 919 Νοιι
2298 873 2407 918 tam
2448 865 2606 934 justas
2653 866 3001 922 necessitatis
3057 882 3255 933 causa,
3305 881 3504 923 aurum

1923 956 2241 1012 hominibus
2289 957 2656 1026 expetendum
2706 960 2886 1014 visum
2948 967 3068 1024 est,
3129 974 3294 1028 quam
3353 959 3502 1030 quod

1921 1049 2121 1117 vulgo:
2149 1048 2459 1118 voluptates
2489 1063 2554 1103 ac
2572 1049 2857 1104 libidinem
2891 1050 2986 1105 illo
3015 1049 3257 1106 foveant.

1996 1140 2082 1192 l7.
2125 1139 2347 1208 Triplex
2393 1155 2558 1195 causa
2598 1147 2685 1194 est
2733 1155 2798 1194 ac
2843 1142 2984 1195 ratio
3029 1139 3297 1212 diligendi
3334 1155 3504 1210 pecu-

1923 1229 2074 1293 nias;
2119 1229 2463 1299 voluptatum
2502 1245 2678 1294 amor,
2723 1230 2903 1285 inanis
2939 1231 3110 1300 gloria
3149 1237 3211 1286 et
3250 1228 3503 1285 diflidenu

1925 1320 2024 1376 tia.
2080 1320 2322 1391 Utraque
2377 1330 2564 1377 autem
2619 1323 2776 1393 pejor
2820 1337 2885 1378 ac
2934 1321 3175 1377 deterior
3225 1329 3310 1378 est
3365 1320 3506 1376 ditii-

1926 1412 2136 1467 dentia.

1999 1503 2086 1558 l8.
2128 1504 2178 1559 Is
2207 1504 2428 1574 quidem
2465 1505 2560 1574 qui
2587 1505 2858 1575 voluptati
2899 1505 3122 1560 deditus
3155 1513 3261 1571 est,
3297 1505 3508 1562 idcirco

1925 1595 2190 1665 pecunias
2230 1595 2429 1666 diligit,
2473 1603 2533 1649 ut
2578 1611 2678 1665 per
2714 1610 2810 1650 eas
2851 1595 3068 1649 deliciis
3104 1595 3317 1650 diﬁluat
3355 1611 3370 1650 :
3407 1594 3506 1666 qui

1925 1697 2111 1742 autem
2147 1687 2326 1740 inanis
2360 1687 2547 1757 gloriae
2588 1686 2822 1756 cupidus
2855 1685 3020 1758 5.29
3057 1693 3162 1753 est,
3193 1692 3253 1739 ut
3284 1699 3384 1755 per
3413 1700 3509 1742 eas

1929 1778 2102 1849 gloria
2125 1779 2370 1848 fulgeat:
2403 1787 2477 1838 at,
2505 1778 2598 1847 qni
2632 1777 2932 1832 diﬂidentia
2963 1778 3175 1832 laborat
3202 1793 3300 1832 seu
3322 1779 3507 1832 incre-

237 1866 391 1936 αὐτῷ
415 1867 616 1936 μᾶλλον
645 1869 876 1936 ἐλπίζει,
913 1871 944 1942 ἢ
981 1873 1073 1924 ἐπὶ
1102 1871 1179 1943 τῷ
1219 1873 1340 1942 Θεῷ
1372 1873 1450 1943 τῷ
1499 1873 1681 1942 πάσης
1709 1872 1827 1925 κτί-

1931 1870 2094 1924 dulus
2115 1878 2221 1933 est,
2249 1877 2309 1922 ut
2336 1869 2578 1924 occultet
2603 1883 2666 1922 ac
2691 1875 2893 1934 servet,
2926 1868 3124 1923 famem
3153 1869 3372 1930 timens,
3411 1876 3510 1923 aut

240 1971 386 2016 σεως
435 1955 776 2030 δημιουργῷ,
811 1961 902 2014 καὶ
940 1963 1236 2031 προνοητῇ,
1285 1960 1390 2024 ἕως
1435 1959 1542 2014 τῶν
1586 1959 1829 2031 ἐσχάτων

239 2047 340 2100 καὶ
379 2049 724 2118 μικρατάτων
757 2049 932 2114 ζώων.

273 2335 280 2347 ·
316 2315 406 2369 ιϐ’.
443 2316 723 2388 Τέσσαρές
758 2316 896 2370 εἰσιν
925 2319 975 2371 οἱ
1035 2317 1485 2389 περιποιούμενοι
1537 2319 1826 2388 χρήματα·

238 2407 289 2459 οἱ
323 2407 714 2476 προειρημένοι
763 2411 934 2479 τρεῖς,
971 2406 1066 2460 καὶ
1097 2409 1124 2461 6
1154 2407 1519 2478 οἰκονομικός.
1567 2407 1743 2470 Μόνος
1771 2408 1828 2460 δὲ

238 2491 399 2562 οὗτος
420 2497 664 2569 δηλονότι
691 2499 869 2570 ὀρθῶς
906 2503 1294 2571 περιποιεῖται,
1342 2500 1428 2553 ἵνα
1473 2501 1689 2571 ἑκάστῳ
1729 2500 1829 2568 τὴν

238 2593 431 2665 χρείαν
456 2595 710 2664 παρέχων
742 2594 816 2664 μὴ
844 2594 1094 2668 διαλείπῃ
1122 2595 1272 2648 ποτέ.

313 2878 384 2926 κ’.
417 2872 626 2935 Πάντες
670 2873 719 2924 οῖ
750 2871 1015 2940 ἐμπαθεῖς
1055 2872 1305 2941 λογισμοὶ
1333 2873 1366 2944 ἢ
1400 2871 1461 2926 τδ
1498 2872 1828 2943 ἐπιθυμητιο

238 2964 337 3016 κδν
362 2965 463 3032 τῆς
487 2962 666 3032 ψυχῆς
711 2961 1050 3033 ἐρεθίζουσιν
1070 3003 1084 3026 ,
1120 2963 1152 3033 ἢ
1186 2963 1246 3016 τὸ
1273 2963 1506 3034 θυμικὸν
1552 2964 1825 3034 ἐκταράσ-

239 3070 446 3118 σουσιν,
477 3053 508 3122 ἢ
540 3053 600 3106 τὸ
620 3053 930 3121 λογιστικὸν
953 3051 1358 3116 ἐιπισκοτίζουσι
1383 3070 1396 3084 ⁸
1423 3055 1517 3106 καὶ
1547 3055 1610 3106 ἐκ
1639 3054 1827 3106 τούτου

242 3141 533 3213 συμϐαίνει
552 3143 646 3195 τὸν
680 3142 804 3195 νοῦν
833 3141 1208 3212 ὀφθαλμιάσαι
1235 3145 1370 3216 πρὸς
1398 3145 1495 3216 τὴν
1525 3162 1827 3214 πνευματι-

239 3235 345 3307 κὴν
373 3234 627 3306 θεωρίαν,
655 3236 750 3287 καὶ
777 3235 875 3306 τὴν
915 3236 1008 3304 τῆς
1033 3239 1345 3307 προσευχῆς
1371 3237 1657 3307 ἐκδημίαν.
1717 3238 1826 3289 Καὶ

237 3327 434 3380 τούτου
464 3327 626 3397 χάριν
651 3327 859 3396 ὀφείλει
881 3329 910 3380 6
943 3329 1200 3397 μοναχὸς,
1233 3329 1328 3382 καὶ
1361 3329 1597 3399 μάλιστα
1630 3331 1657 3381 ὁ
1699 3332 1827 3400 ἡσυ-

239 3417 452 3490 χάζων,
513 3419 756 3486 ἀκριϐῶς
805 3421 916 3482 τοῖς
944 3420 1225 3489 λογισμοῖς
1259 3420 1566 3490 προσέχειν,
1609 3422 1827 3484 καὶτὰς

239 3509 449 3563 τούτων
477 3510 654 3573 αἰτίας
682 3511 776 3563 καὶ
803 3511 1006 3576 γνῶναι
1037 3511 1132 3562 καὶ
1165 3511 1477 3564 ἐκκόπτειν.
1528 3511 1826 3564 Γινώσκειν

237 3602 300 3656 δὲ
329 3601 502 3665 οὕτως
521 3620 534 3632 ·
569 3597 703 3664 οἷον,
731 3603 1036 3674 ἐρεθίζουσι
1073 3602 1136 3654 τὸ
1180 3602 1576 3673 ἐπιθυμητικὸν
1601 3605 1699 3672 τῆς
1729 3605 1828 3672 nlu-

243 3695 349 3766 χῆς
374 3695 432 3747 αἱ
467 3693 736 3764 ἐμπαθεῖς
767 3694 979 3762 μνῆμαι
1029 3693 1138 3746 τῶν
1169 3694 1478 3762 γυναικῶν·
1532 3695 1738 3747 τούτων
1771 3696 1826 3748 δὲ

241 3784 418 3847 αἰτία,
450 3785 485 3854 ὴ
509 3783 624 3836 τῶν
653 3783 961 3855 βρωμάτων
990 3785 1086 3838 καὶ
1124 3785 1388 3854 πομάτων
1420 3786 1682 3856 ἀκρασία,
1735 3789 1827 3840 καὶ

240 3880 276 3949 ἡ
316 3875 497 3930 αὐτῶν
519 3877 632 3929 τῶν
654 3876 935 3944 γυναικῶν
971 3874 1152 3947 πυκνὴ
1178 3877 1271 3929 καὶ
1309 3876 1503 3945 ἄλογος
1542 3879 1824 3948 συντυχία.

243 3967 577 4038 Περικόπτει
607 3966 666 4020 δὲ
716 3967 920 4030 ταύτας
951 3969 1115 4022 πεῖνα
1139 3968 1233 4020 καὶ
1264 3967 1394 4037 δίψα
1423 3968 1516 4020 καὶ
1549 3971 1830 4039 ἀγρυπνία

243 4061 342 4113 καὶ
363 4059 733 4132 ἀναχώρησις.
765 4059 870 4112 Τὸν
893 4059 951 4113 δὲ
981 4059 1154 4129 θυμὸν
1186 4059 1350 4113 πάλιν
1399 4061 1829 4131 ἐκταράσσουσιν

243 4155 303 4207 αῖ
329 4152 601 4224 ἐμπαθεῖς
634 4153 845 4223 μνῆμαι
877 4152 988 4206 τῶν
1015 4152 1408 4224 λυπησάντων·
1436 4153 1584 4207 αίτία
1610 4154 1667 4208 δέ
1705 4153 1831 4208 τού-

1931 1969 2292 2026 senectutem,
2332 1970 2429 2016 aut
2467 1961 2750 2024 morbum,
2797 1969 2894 2014 aut
2935 1959 3230 2016 incolatum
3278 1978 3290 2011 :
3335 1960 3508 2032 magis

1931 2053 1985 2108 in
2022 2053 2124 2123 eis,
2158 2067 2322 2121 quam
2371 2052 2428 2106 in
2475 2053 2608 2115 Deo,
2647 2066 2833 2105 rerum
2871 2051 3118 2104 omnium
3162 2058 3407 2117 auctore,
3443 2065 3508 2105 ac

1929 2148 2025 2213 qui
2058 2142 2274 2198 cunctis
2297 2142 2605 2212 provideat,
2641 2125 2709 2195 ad
2745 2155 3018 2197 eXtremas
3051 2157 3226 2211 usque
3254 2143 3502 2199 minutis-

1930 2237 2208 2306 simasque
2231 2235 2557 2300 animantes,
2584 2249 2738 2304 spem
2762 2250 2996 2305 ponens.

2001 2329 2089 2382 l9.
2130 2327 2378 2393 Quatuor
2425 2335 2553 2381 sunt
2599 2327 2883 2381 hominum
2924 2341 3157 2395 genera,
3197 2325 3294 2395 qui
3337 2340 3508 2394 pecu--

1927 2422 2038 2477 niis
2081 2421 2332 2488 student;
2369 2423 2472 2476 tria
2518 2424 2630 2491 jam
2684 2423 2986 2485 nominata,
3027 2433 3083 2478 et
3127 2426 3282 2495 cujus
3325 2439 3510 2495 partes

1929 2514 2286 2583 dispensandi
2339 2512 2480 2577 sint,
2531 2513 2619 2566 vel
2671 2513 2876 2582 publici
2919 2514 3002 2568 vel
3054 2515 3252 2581 privati
3301 2515 3505 2569 aerarii.

1931 2605 2092 2661 Solus
2138 2616 2321 2659 autem
2370 2605 2461 2658 hic
2519 2613 2667 2659 recte
2706 2605 2774 2659 iis
2807 2620 2996 2659 curam
3044 2605 3231 2669 habet,
3265 2613 3327 2659 ut
3365 2621 3508 2683 nun-

1930 2713 2092 2768 quam
2117 2696 2282 2758 desit,
2306 2712 2418 2768 quo
2440 2697 2603 2767 justae
2632 2699 2898 2767 cujusque
2921 2697 3234 2752 necessitati
3260 2697 3510 2753 sufﬁcere.

1939 2792 2131 2862 possit.

1999 2882 2088 2936 '20.
2132 2881 2352 2936 Vitiosa:
2399 2895 2592 2937 omnes
2641 2897 2704 2936 ac
2756 2881 3066 2938 libidinosae
3111 2881 3508 2954 cogitationes,

1931 2983 2028 3028 ant
2075 2974 2560 3044 concupiscentem
2612 2973 2779 3028 animi
2826 2982 3036 3043 partem
3085 2975 3380 3044 proritant,
3416 2984 3512 3030 aut

1932 3063 2260 3116 irascentem
2295 3063 2649 3126 conturbant,
2685 3069 2780 3117 aut
2817 3063 3086 3117 rationem
3119 3063 3506 3116 obtenebrant.

1934 3152 2179 3222 Hincque
2225 3152 2496 3222 contingit
2541 3152 2799 3207 caecutire
2845 3160 3084 3206 mentem
3127 3153 3272 3221 quod
3315 3152 3513 3206 attinet

1929 3244 1996 3298 ad
2028 3244 2328 3312 spiritalem
2366 3244 2916 3312 contemplationem,
2949 3253 3004 3298 et
3047 3253 3108 3297 ut
3151 3251 3416 3312 evagetur
3456 3241 3511 3296 in

1927 3337 2197 3390 oratione.
2237 3334 2449 3389 ideirco
2482 3335 2646 3388 etiam
2677 3351 2858 3404 operte
2888 3335 3125 3404 pretium
3183 3342 3265 3388 est
3302 3342 3359 3386 ut
3391 3348 3512 3385 mo-

1927 3427 2160 3490 nachus,
2192 3425 2426 3479 maxime
2455 3441 2588 3479 vero
2618 3425 2711 3494 qui
2739 3425 3018 3480 solitarius
3047 3432 3192 3494 agat,
3219 3424 3514 3494 diligenter

1928 3517 2355 3586 cogitationibus
2402 3517 2644 3570 animum
2687 3516 2955 3577 attendat,
2987 3530 3288 3583 earumque
3320 3529 3515 3570 causas

1928 3621 2043 3665 tum
2093 3609 2343 3673 noverit,
2395 3618 2510 3662 tum
2561 3609 2862 3663 exscindat.
2914 3608 3138 3662 Noverit
3178 3617 3359 3662 autem
3406 3608 3512 3661 hoc

1930 3703 2045 3756 fere
2098 3701 2297 3762 modo,
2351 3701 2504 3754 verbi
2557 3701 2753 3771 gratia,
2804 3691 3284 3770 concupiscentem
3343 3699 3512 3753 animi

1930 3802 2140 3864 partem
2173 3792 2444 3862 proritant
2465 3792 2773 3847 libidinosae
2803 3793 3094 3847 mulierum
3125 3792 3368 3862 repetita:
3403 3807 3508 3846 me-

1931 3884 2138 3938 morim.
2189 3883 2394 3937 Harum
2449 3891 2632 3938 autem
2682 3900 2881 3947 causa,
2934 3883 3182 3937 ciborum
3238 3893 3512 3952 potusque

1932 3976 2357 4045 intemperantia
2387 3984 2494 4040 est,
2538 3978 2892 4046 ipsarumque
2934 3975 3228 4030 mulierum
3263 3976 3515 4030 crebrius

1930 4075 2194 4137 extraque
2238 4069 2509 4122 rationem
2553 4068 2794 4136 expetita
2843 4067 3135 4136 colloquia.
3170 4065 3514 4120 Exscindunt

1930 4173 2064 4212 vero
2107 4158 2244 4222 haec,
2277 4156 2451 4212 fames
2479 4167 2536 4212 et
2566 4158 2686 4213 sitis
2711 4169 2767 4213 et
2795 4159 3016 4228 vigilize,
3042 4163 3100 4213 et
3131 4171 3384 4212 secessus
3415 4171 3513 4214 seu

242 4260 380 4308 των,
411 4242 694 4314 φιληδονία
722 4245 818 4298 καὶ
850 4242 1124 4308 κενοδοξία
1155 4244 1252 4298 καὶ
1292 4245 1561 4312 φιλοῦλία.
1591 4245 1691 4299 Διὰ
1722 4246 1828 4316 γάρ

1933 4248 2252 4304 solitudinis
2276 4257 2492 4317 captata
2523 4248 2762 4304 silentia.
2797 4250 2897 4304 Irae
2928 4249 3038 4303 vim
3071 4263 3262 4302 rursus
3293 4257 3518 4302 contur-

239 4334 422 4390 ταῦτα
451 4337 480 4388 6
511 4335 769 4405 ἐμπαθὴς
809 4334 1084 4397 λυπεῖται,
1129 4335 1162 4403 ἢ
1215 4335 1293 4398 ὡς
1345 4334 1654 4406 στερηθεὶς,
1686 4336 1719 4404 ἢ
1755 4336 1828 4400 ὡς

1935 4340 2088 4403 bant,
2127 4354 2250 4394 cum
2283 4339 2484 4393 affectu
2524 4342 2831 4410 conjuncta:
2868 4354 3060 4394 eorum
3106 4338 3514 4393 recordationes

249 4427 329 4498 μὴ
359 4423 652 4495 ἐπιτυχών.
674 4425 1003 4496 Περικόπτει
1035 4425 1091 4477 δὲ
1112 4424 1312 4488 ταύτας
1359 4425 1621 4496 ἡτούτων
1653 4426 1828 4480 αὐτῶν

1936 4431 2030 4502 qui
2062 4431 2319 4499 injuriam
2355 4429 2558 4486 fecere.
2592 4432 2796 4486 Harum
2825 4439 3008 4486 autem
3038 4445 3222 4492 causa,
3263 4431 3509 4486 volnnta~

245 4516 653 4587 καταφρόνησις
708 4517 804 4571 καὶ
851 4515 1238 4581 ἐξουδὲνωσις,
1287 4517 1374 4570 διὰ
1419 4517 1520 4589 τὴν
1559 4519 1637 4581 είς
1695 4518 1826 4572 Θεὸν

1936 4530 2051 4575 tum
2095 4520 2288 4584 libido,
2327 4520 2614 4589 inanisque
2648 4521 2820 4590 gloria
2859 4536 2922 4574 ac
2956 4528 3302 4574 terrenorum
3340 4534 3507 4572 amor.

243 4605 496 4674 ἀγάπην.

1937 4612 2062 4665 Haec
2102 4611 2249 4665 enim
2295 4618 2444 4674 sunt,
2481 4626 2715 4679 quorum
2758 4624 2922 4663 causa
2973 4624 3210 4664 mmrorc
3258 4609 3510 4673 atlicitur,

245 4699 346 4768 qui
378 4699 666 4754 affectibus
699 4699 933 4764 laborat,
966 4700 1052 4753 vel
1083 4699 1239 4769 quasi
1268 4699 1534 4764 amiserit,
1597 4703 1680 4755 vel
1747 4704 1894 4772 quod
1935 4705 2158 4758 minimc
2199 4718 2424 4772 compos
2462 4702 2636 4756 factus
2670 4703 2760 4757 sit.
2806 4703 2929 4757 Haac
2960 4716 3089 4756 vero
3119 4708 3364 4769 amputat
3413 4702 3485 4755 bo

248 4807 376 4846 rum
411 4791 654 4860 ipsorum
695 4798 1045 4859 contemptus
1087 4806 1149 4845 ac
1191 4791 1493 4860 despectio,
1519 4808 1626 4861 qua
1662 4795 1830 4847 Deum
1872 4797 2142 4852 eharitate
2179 4795 2476 4865 diligimus.

322 4890 425 4936 κα’.
459 4882 724 4936 Γινώσκει
758 4885 786 4936 ὁ
808 4883 939 4947 Θεὸς
965 4885 1176 4949 ἑαυτὸν,
1217 4887 1476 4952 γινώσκει
1512 4887 1605 4940 καὶ
1634 4890 1699 4940 τὰ
1739 4888 1830 4940 ὑπ’

247 4973 417 5028 αύτοῦ
444 4973 727 5042 γεγονότα.
783 4972 1118 5027 Γινώσκουσι
1169 4974 1226 5027 δέ
1254 4975 1350 5027 καὶ
1375 4977 1432 5026 αἱ
1467 4975 1616 5042 ἅγιαι
1666 4978 1832 5030 Δυνά-

252 5083 380 5136 μεις
413 5065 506 5120 τὸν
535 5065 669 5118 Θεόν
690 5080 704 5093 ·
729 5063 1059 5133 γινώσκουσι
1085 5065 1143 5117 δέ
1173 5066 1268 5118 καὶ
1288 5066 1354 5118 τὰ
1374 5066 1479 5118 ὑπὸ
1511 5065 1644 5117 Θεοῦ
1673 5083 1830 5134 γεγο-

248 5160 400 5212 νίτα.
441 5157 579 5209 Ἀλλ’
613 5157 710 5226 ούχ
748 5156 824 5220 ὡς
864 5159 892 5210 6
921 5157 1053 5219 Θεὸς
1087 5155 1347 5224 γινώσκει
1394 5157 1585 5209 ἑαυτὸν
1641 5158 1735 5210 καὶ
1767 5160 1834 5212 τὰ

251 5249 348 5301 ὑπ’
375 5247 541 5302 αὐτοῦ
573 5247 859 5316 γεγονότα,
891 5247 1034 5301 οὕτω
1060 5249 1156 5300 καὶ
1185 5251 1239 5302 αἱ
1269 5249 1422 5317 ἅγιαι
1454 5250 1722 5319 Δυνάμεις
1747 5251 1831 5303 ti»;

252 5339 393 5392 Θεὸν
414 5341 508 5392 καὶ
545 5339 613 5392 τὰ
651 5339 742 5391 ὑπ’
764 5338 931 5392 αὐτοῦ
959 5340 1246 5406 γεγονότα.

331 5456 401 5524 Ui)
441 5455 619 5522 ’Υπὲρ
648 5457 829 5519 τίνος.
866 5455 945 5509 Ah
970 5455 1092 5515 hac,
1125 5470 1235 5508 non
1264 5454 1470 5508 infelici
1495 5455 1586 5507 illo
1612 5455 1834 5522 quidem

253 5529 597 5594 conjectura,
625 5527 737 5593 ipsa
766 5536 945 5578 tamen
1004 5525 1145 5578 haud
1197 5525 1426 5587 (liilicili,
1455 5527 1539 5579 vel
1574 5527 1616 5577 si
1673 5527 1833 5579 cadd.

255 5597 544 5656 deessent,
579 5597 772 5664 incipit
806 5597 1018 5659 “illius,
1045 5594 1406 5662 quorumdam
1461 5595 1674 5648 Maximi
1750 5615 1839 5647 ca-

256 5666 435 5735 pilum
467 5665 534 5718 de
565 5667 831 5719 charitatc
879 5665 1355 5724 emendationem.
1418 5675 1565 5718 tanta
1632 5666 1838 5718 scilicet

254 5737 434 5804 Angia
467 5746 668 5804 spreta,
701 5747 960 5804 quantam
996 5736 1377 5804 superioribus
1410 5735 1604 5804 partim
1655 5745 1836 5786 a'slt't'n

259 5807 428 5870 di,ac
459 5808 614 5874 quasi
638 5806 829 5876 digito,
861 5805 1140 5860 nonnullis
1207 5806 1271 5860 ad
1319 5806 1596 5874 specimen
1659 5807 1836 5858 allatir.

2002 4891 2092 4944 2|.
2127 4890 2272 4944 Deus
2302 4905 2358 4942 se
2395 4889 2508 4957 ipse
2540 4884 2852 4954 cognoscit;
2889 4881 3168 4950 cognoscit
3202 4881 3367 4934 etiam
3395 4893 3512 4946 qua'

1937 4981 2006 5033 ab
2037 4981 2154 5049 ipso
2190 4979 2407 5032 condita
2438 4986 2586 5030 sunt.
2626 4976 2729 5030 Sed
2761 4983 2817 5028 et
2849 4983 3050 5028 sanctae
3075 4971 3318 5025 Virtutes
3346 4969 3513 5022 Deum

1940 5077 2298 5140 cognoscunt;
2318 5069 2451 5137 quin
2477 5068 2641 5121 etiam
2663 5073 3024 5133 cognoscunt,
3044 5077 3164 5130 qua:
3191 5076 3222 5114 a
3247 5061 3358 5114 Deo
3385 5073 3515 5111 con-

1943 5163 2055 5215 dita
2083 5168 2228 5214 sunt.
2267 5159 2329 5212 At
2359 5175 2469 5211 non
2501 5159 2637 5211 sicut
2673 5158 2814 5209 Deus
2835 5173 2893 5208 se
2915 5159 3092 5223 ipsum
3116 5149 3418 5220 cognoscit,
3450 5163 3514 5202 ac

1939 5267 2060 5320 quae
2091 5251 2158 5304 ab
2186 5251 2304 5318 ipso
2331 5249 2549 5302 condita
2572 5257 2720 5308 sunt,
2751 5247 2830 5298 sic
2862 5245 3024 5298 etiam
3044 5248 3246 5296 sancta:
3273 5241 3517 5294 Virtutes

1939 5343 2107 5397 Deum
2122 5351 2482 5412 cognoscunt,
2501 5356 2561 5393 ac
2577 5354 2695 5408 qua:
2726 5338 2837 5391 Deo
2859 5346 3086 5389 auctore
3115 5332 3336 5388 condita
3364 5339 3510 5387 sunt.

1937 5473 2001 5511 ac
2032 5457 2264 5515 suﬂixis,
2299 5455 2620 5508 monstravi.
2685 5453 2797 5506 Nec
2841 5447 3310 5524 insequentibus
3353 5445 3514 5524 longe

1936 5527 2050 5581 fere
2086 5527 2347 5591 majorem
2412 5526 2496 5577 vir
2541 5524 2737 5594 doctus
2788 5520 3012 5575 adhibet
3065 5518 3427 5594 diligentiam,
3453 5523 3516 5594 ut

1936 5598 2079 5665 quod
2109 5585 2187 5648 illi
2220 5595 2274 5647 in
2308 5595 2542 5649 Maximo
2593 5593 2832 5665 positum
2861 5603 3094 5665 opem,
3143 5585 3288 5665 haud
3327 5585 3512 5655 magni

1936 5657 2024 5728 sit,
2048 5682 2358 5744 quanquam
2386 5674 2442 5720 et
2502 5657 2616 5733 ipse
2669 5657 3106 5716 eruditissimum
3154 5657 3334 5710 virum
3385 5667 3513 5710 eum

1935 5745 2194 5808 agnoscnt.
