4208 6436
711 397 845 460 1021

709 601 986 666 essentia;
1020 616 1141 669 qua:
1195 607 1378 654 autem
1428 601 1546 671 ipso
1592 602 1756 674 £30
1796 614 2020 660 auctore
2062 609 2284 664 condita

709 699 858 750 suat,
889 705 952 742 ex
984 706 1078 743 sua
1121 691 1430 759 sapientia;
1473 707 1572 760 per
1597 709 1780 761 quam,
1815 703 1870 748 et
1904 695 1956 748 in
1982 713 2090 765 qua
2127 713 2284 753 crea-

713 780 790 832 vit
834 781 1034 833 omnia.
1073 779 1285 835 Sancta:
1331 791 1512 835 autem
1549 783 1813 848 Virtutes,
1851 786 2019 840 Deum
2060 791 2282 856 quidem

713 869 1130 938 participatione
1158 880 1518 940 cognoscunt,
1543 874 1637 941 qui
1674 875 1845 943 major
1873 875 1944 930 sit
1973 877 2120 930 onmi
2155 890 2282 948 par-

713 959 1062 1028 ticipatione;
1101 977 1188 1015 res
1230 971 1415 1017 autem
1455 965 1524 1018 ab
1554 980 1620 1018 eo
1657 967 1931 1030 conditas,
1963 969 2194 1038 legendo
2222 987 2286 1026 ac

710 1051 1071 1120 percipiendo
1098 1069 1219 1122 qua:
1249 1054 1304 1107 in
1332 1055 1414 1108 eis
1441 1056 1680 1110 rationes
1710 1073 1774 1111 ac
1809 1074 1968 1112 sensa
1995 1069 2142 1114 sunt.

778 1140 867 1194 25.
903 1141 1066 1196 Extra
1099 1151 1335 1197 mentem
1380 1155 1508 1198 sunt
1549 1163 1635 1201 res
1669 1157 1898 1213 creaue;
1925 1166 2116 1205 earum
2153 1168 2285 1207 vero

712 1230 857 1284 intra
894 1247 952 1285 se
999 1233 1232 1288 assumit
1278 1239 1818 1306 contemplationem.
1863 1241 2016 1296 llaud
2060 1259 2190 1296 vero
2227 1261 2285 1298 se

713 1341 801 1379 res
844 1327 916 1379 ita
959 1328 1125 1382 habet
1175 1329 1229 1382 in
1274 1331 1406 1393 Deo,
1439 1333 1530 1398 qui
1576 1334 1966 1401 sempiternus,
2015 1337 2282 1401 inﬁnitus,

712 1415 1036 1482 immensus,
1077 1426 1190 1472 tum
1243 1421 1407 1474 rebus
1466 1422 1656 1475 tribuit
1707 1435 1766 1478 ut
1814 1436 2014 1490 essent,
2062 1437 2175 1481 tum
2226 1436 2286 1482 ut

712 1511 850 1563 bene
881 1511 1148 1578 beateque
1181 1525 1246 1565 ac
1277 1511 1330 1564 in
1364 1523 1687 1581 perpetuum
1720 1525 1924 1570 essent.

777 1601 867 1654 ει.
906 1601 1139 1656 ltationc
1179 1604 1491 1673 mentisque
1522 1607 1881 1676 inteiligcnlia
1910 1618 2070 1664 utens
2095 1626 2283 1665 essen-

711 1689 784 1742 tia
815 1705 910 1744 seu
939 1699 1155 1757 natura,
1183 1692 1280 1747 Dei
1306 1695 1476 1748 sancti
1503 1695 1776 1765 particeps
1801 1707 1884 1750 est
1911 1698 2052 1767 (ejus
2075 1701 2288 1756 scilicet

711 1782 973 1836 bonitatis
995 1794 1052 1838 et
1072 1785 1374 1854 sapientia)
1399 1801 1466 1839 eo
1488 1786 1635 1854 quod
1659 1798 1764 1851 est,
1786 1799 1843 1841 et
1863 1789 2010 1858 quod
2037 1800 2098 1844 ut
2128 1791 2284 1846 beata

711 1871 782 1921 sit
824 1869 1016 1925 idonea
1053 1880 1192 1938 est;
1222 1889 1329 1942 qua
1376 1874 1505 1928 item
1560 1877 1729 1944 gratia
1787 1877 1840 1930 in
1887 1880 2286 1949 sempiternum

709 1981 830 2018 esse
876 1975 1075 2035 potest.
1123 1966 1233 2022 llac
1278 1969 1462 2038 itaque
1509 1973 1722 2025 ratione
1763 1972 1931 2026 Deum
1980 1979 2282 2044 cognoscit.

713 2059 822 2111 lies
851 2070 1033 2114 autem
1081 2061 1152 2115 ab
1196 2075 1264 2115 eo
1307 2063 1574 2129 conditas,
1607 2079 1749 2129 eam,
1774 2081 1894 2133 quae
1922 2065 1974 2119 in
2006 2066 2116 2120 illis
2149 2069 2286 2121 arti-

715 2151 901 2205 liciose
943 2154 1168 2208 elucens
1217 2155 1619 2220 consideratur,
1665 2157 1741 2210 uti
1787 2157 1996 2211 dictum
2043 2167 2161 2223 est,
2212 2160 2288 2214 le-

711 2240 888 2305 gendo
933 2257 995 2294 ac
1040 2244 1394 2312 percipiendo
1431 2245 1788 2312 sapientiam;
1825 2261 1946 2314 quae
1988 2246 2103 2314 ipsa
2141 2248 2286 2301 nuda

708 2337 794 2382 est
841 2346 904 2384 ac
947 2331 1200 2401 simplex,
1237 2350 1344 2386 non
1391 2350 1520 2388 vere
1563 2344 1621 2388 ut
1660 2337 1883 2389 exsistat
1924 2335 2285 2392 substantiam

713 2421 940 2487 habens,
969 2424 1061 2477 scd
1097 2425 1150 2478 in
1183 2435 1364 2479 mente
1393 2427 1720 2480 consistens.

781 2516 868 2567 25.
904 2517 1149 2579 Quatuor
1177 2516 1390 2572 divinas
1418 2518 1595 2581 dotes,
1625 2520 1828 2588 quibus
1864 2536 1952 2574 res
1983 2521 2285 2586 contineat,

712 2603 1001 2674 foveatque
1031 2622 1094 2660 ac
1124 2608 1428 2662 incolumes
1459 2618 1700 2677 praestet,
1726 2625 1824 2678 per
1850 2627 2118 2666 summam
2145 2613 2290 2667 Deus

713 2694 1047 2759 bonitatem,
1094 2699 1546 2759 communicavit,
1597 2699 1954 2769 producendo
1997 2703 2288 2758 essentiam

713 2796 808 2832 seu
839 2791 1087 2836 naturam
1119 2793 1360 2837 utentem
1396 2785 1607 2839 ratione
1635 2795 1690 2842 et
1719 2787 2111 2856 intelligentem
2144 2810 2156 2842 :
2188 2789 2292 2844 hoc

714 2883 910 2936 nempe
943 2870 1088 2936 quod
1115 2881 1344 2924 estesse
1375 2880 1431 2926 et
1462 2889 1679 2942 semper
1701 2891 1842 2938 esse,
1882 2877 2290 2948 bonitatemque

709 2966 766 3010 et
799 2960 1142 3028 sapientiam.
1173 2959 1418 3026 Quorum
1451 2962 1581 3026 duo,
1615 2966 1866 3018 essentia:
1894 2967 2116 3031 tribuit;
2155 2969 2292 3022 duo-

711 3064 817 3116 que
850 3051 1078 3118 reliqua,
1110 3052 1408 3106 voluntatis
1438 3055 1729 3123 aptitudini
1759 3072 1823 3109 ac
1859 3057 2074 3111 arbitrii
2113 3059 2292 3125 (honi-

714 3147 879 3194 tatcm
906 3142 1117 3195 scilicet
1141 3151 1192 3196 cl
1217 3144 1567 3216 sapientiam)
1595 3147 1818 3216 utquod
1847 3149 1961 3216 ipse
1988 3163 2084 3216 per
2106 3165 2292 3203 essen-

1864 403 1923 460 S.
1968 401 2018 459 Μ
2029 401 2068 457 Λ
2080 396 2250 457 XlMI
2291 397 2798 456 CUNFESSOIHS

775 511 866 561 22.
905 508 1048 562 Deus
1091 509 1206 578 ipsc
1253 509 1517 578 seipsum,
1553 525 1618 564 ex
1661 511 1817 564 beata
1862 527 1960 566 sua
2001 511 2286 580 cognoscit
2314 515 2356 568 Α

3818 396 3957 458 102i.

2455 510 2560 579 xfs'.
2598 512 2656 563 '0
2686 512 2786 578 μὲν
2827 511 2960 572 Θεὸς
3008 511 3198 565 έσυτὺν
3231 511 3512 579 γινώσκει,
3546 512 3611 563 ὲκ
3639 513 3738 580 τῆς
3774 529 3960 580 puriu-

2389 603 2507 672 ρίας
2560 604 2745 667 οὐσίας
2776 602 2977 658 αὐτοῦ’
3027 604 3096 657 τά
3143 604 3200 656 δὲ
3249 605 3340 657 ὑπ’
3375 605 3541 658 αὐτοῦ
3570 605 3851 673 γεγονότα.
3893 605 3960 656 ὲκ

2383 695 2483 762 τῆς
2517 697 2706 763 σοφίας
2729 694 2894 751 αὐτοῦ
2917 712 2930 728 ·
2977 696 3044 748 δι’
3068 691 3136 768 ἦς
3169 697 3266 749 xui
3299 699 3357 749 ὲν
3456 697 3525 750 τὰ
3556 697 3736 751 πάντα
3769 695 3960 764 ἐποίηι-

2385 803 2494 839 σεν.
2515 787 2579 838 Αἱ
2606 787 2660 839 δὲ
2680 787 2834 855 ἆγιαι
2851 788 3117 858 Δυνάμεις
3158 789 3250 840 τον
3274 790 3371 858 μὲν
3403 789 3537 841 Θεὸν
3566 792 3766 858 μετοχῇ
3793 789 3959 856 γινώα-

2386 889 2626 935 σκουσιν,
2661 876 2802 944 ὑπὲρ
2841 877 3075 946 μετοχὴν
3105 877 3234 929 δντα
3256 893 3268 906 ·
3301 879 3369 930 τά
3403 878 3459 930 δὲ
3491 878 3582 930 ὑπ’
3605 877 3771 930 αὐτοῦ
3801 895 3963 946 γεγο-

2385 966 2531 1032 νότα,
2567 966 2832 1038 ἀναλήψει
2863 967 2974 1020 τῶν
3012 970 3069 1020 ὲν
3097 969 3280 1032 αὐτοῖς
3314 967 3705 1039 θεωρημάτων.

2457 1143 2561 1213 κγ’.
2595 1144 2739 1209 Ἐξω
2767 1147 2867 1215 μὲν
2899 1145 2992 1198 τοῦ
3046 1145 3136 1199 νοῦ
3169 1147 3274 1198 εισι
3303 1146 3370 1199 τὰ
3399 1147 3660 1213 γεγονότα
3681 1162 3695 1175 ·
3728 1144 3878 1197 ἔνδον
3903 1145 3961 1196 8‘:

2385 1237 2484 1305 τὴν
2521 1237 2700 1290 αὐτῶν
2733 1237 2970 1308 θεωρίαν
2999 1237 3390 1308 ἀναλαμϐάνει.
3425 1239 3538 1308 Οὐχ
3583 1237 3758 1300 οὕτως
3779 1237 3835 1289 δὲ
3870 1238 3963 1288 ἐπὶ

2385 1330 2522 1381 Θεοῦ
2555 1331 2649 1383 τοῦ
2695 1331 2866 1384 ἀϊδίου
2906 1333 3000 1384 xui
3045 1333 3273 1400 ἀπεὶρον
3323 1332 3418 1384 xui.
3467 1332 3741 1399 ἀορίστου,
3773 1331 3869 1382 καὶ
3903 1330 3964 1378 τὸ

2386 1415 2524 1471 εἶναι
2557 1418 2650 1471 καὶ
2679 1415 2736 1472 εὖ
2765 1415 2903 1473 εἶναι
2932 1420 3025 1473 καὶ
3064 1421 3149 1472 ἀεὶ
3186 1415 3324 1473 εἶναι
3357 1423 3467 1482 τοῖς
3499 1417 3618 1472 οὖσι
3653 1418 3960 1488 χαρισαμέο

2385 1523 2496 1560 νου.

2457 1599 2556 1654 κδ’.
2582 1598 2718 1653 Θεοῦ
2750 1601 2968 1670 μετέχει
2994 1599 3270 1668 τοῦἀγὶου
3301 1601 3334 1670 ὴ
3363 1599 3645 1668 λογιστικὴ
3668 1601 3764 1651 καὶ
3799 1597 3965 1665 vesp]:

2385 1691 2566 1755 οὐσία,
2612 1692 2763 1762 αὑτῷ
2798 1709 2854 1744 τε
2909 1691 2986 1762 τῷ
3014 1689 3174 1755 εἶναι,
3227 1693 3324 1745 xui
3361 1694 3429 1761 τῇ
3477 1690 3612 1762 πρὸς
3641 1689 3704 1740 τὸ
3732 1684 3792 1740 εὖ
3823 1684 3964 1740 εἶναι

2386 1782 2784 1854 ἐπιτηδειότητι
2805 1799 2818 1813 ·
2841 1781 3175 1853 ἀγαθότητός
3202 1783 3263 1835 τέ
3298 1799 3464 1853 φημι,
3494 1783 3586 1834 καὶ
3617 1780 3807 1847 σοφὶας
3830 1794 3844 1805 ·
3873 1780 3966 1830 καὶ

2318 1869 2359 1924 Β
2387 1877 2452 1944 τῇ
2480 1875 2616 1944 πρὸς
2645 1876 2705 1928 τὸ
2723 1875 2812 1930 ἀεὶ
2831 1871 2968 1930 εἶναι
2999 1877 3208 1946 χάριτι.
3241 1876 3430 1945 Ταύτῃ
3456 1873 3549 1929 οὖν
3578 1875 3669 1928 τὸν
3711 1874 3849 1927 Θεὸν
3891 1891 3966 1939 γι-

2388 1963 2606 2020 νώσκει.
2649 1969 2730 2020 Τὰ
2766 1967 2822 2020 δὲ
2855 1969 2946 2020 ὑπ’
2973 1966 3142 2020 αὑτοῦ
3169 1969 3451 2036 γεγονότα,
3479 1971 3545 2036 τῇ
3575 1965 3864 2034 amata...
3891 1965 3966 2026 ὡς

2388 2057 2622 2128 εἴρηται,
2653 2061 2752 2130 τῆς
2781 2063 2840 2112 ὲν
2865 2063 2978 2123 τοῖς
3014 2061 3262 2128 γεγονόσι
3295 2061 3677 2132 θεωρουμένης
3707 2058 3965 2128 Triari;

2391 2153 2579 2219 σοφίας
2609 2151 2756 2220 (ἩΓ
2797 2152 2919 2221 ἣτις
2972 2152 3089 2204 ἐστὶ
3142 2152 3275 2224 ψιλὴ
3314 2154 3398 2224 (ι)
3450 2154 3546 2206 καὶ
3591 2153 3963 2212 ἀνυπόστατος

2389 2242 2446 2293 ὲν
2467 2241 2543 2310 τῷ
2579 2241 2654 2312 νῷ
2684 2242 3071 2312 συνισταμένη.

2461 2496 2560 2552 κε’.
2612 2499 2870 2569 Τέσσαρα
2931 2501 3039 2552 τῶν
3093 2498 3253 2552 θείων
3309 2500 3634 2570 ἰδιωμάτων,
3667 2501 3968 2552 συνεκτινὲι

2391 2593 2484 2644 xui
2511 2592 2853 2662 φρουρητικά
2885 2593 2979 2644 xui
3000 2592 3335 2646 διασωστικά
3357 2593 3464 2644 τῶν
3493 2593 3683 2652 ὄντων,
3705 2593 3771 2644 δι’
3795 2594 3968 2661 ἄκραν

2391 2683 2702 2752 ἀγαθὸτητα
2739 2684 3145 2753 ἐκοινοποξησεν
3178 2687 3206 2737 ὁ
3235 2685 3388 2748 θεὸς,
3423 2685 3768 2754 παραγαγὼν

2392 2768 2530 2825 εἶναι
2559 2774 2657 2843 τὴν
2702 2773 2925 2842 λογικὴν
2960 2774 3055 2826 καὶ
3107 2772 3301 2842 νοεράν
3335 2775 3552 2826 οὐσίαν·
3587 2777 3648 2826 τὸ
3685 2777 3766 2835 ὃν,
3799 2777 3856 2826 τ).
3879 2777 3961 2826 ἀεὶ

2391 2866 2473 2924 ὃν,
2509 2865 2606 2934 τὴν
2635 2866 2950 2933 ἀγαθότητα
2997 2865 3091 2916 καὶ
3119 2866 3333 2933 σοφίαν.
3377 2865 3595 2918 Τούτων
3625 2867 3692 2917 τὰ
3747 2867 3846 2935 μὲν
3876 2865 3966 2918 δύο

2391 2959 2458 3026 τῇ
2486 2956 2642 3022 obuia.
2672 2955 2949 3024 παρέσχε·
3003 2956 3068 3007 τὰ
3097 2955 3152 3008 δὲ
3183 2955 3296 3018 δύο,
3339 2961 3405 3026 τῇ
3461 2961 3715 3026 γνωμικῇ
3774 2961 3963 3025 ἐπιτη-

3809 2687 3886 2746 εξς
3909 2685 3966 2735 τι.

2391 3047 2624 3115 δειότητι
2647 3063 2659 3076 ·
2692 3046 2793 3116 τὴν
2817 3047 3128 3115 ἀγαθότητα
3154 3049 3246 3098 xui.
3288 3047 3387 3116 τὴν
3421 3047 3613 3114 σοιρίαν
3641 3065 3653 3076 ο
3693 3049 3782 3100 ἵνα
3827 3050 3965 3116 ᾶπερ

2394 3139 2538 3190 ὲςῖίν
2569 3138 2728 3198 αὐτος
2761 3140 2881 3190 κατ’
2905 3138 3112 3199 οὐσίαν,
3137 3140 3355 3208 γίνηται
3384 3141 3416 3208 ἡ
3441 3140 3620 3202 κτίσις
3646 3139 3788 3192 κατὰ
3838 3157 3963 3209 μετ-

712 3234 840 3284 tiam
899 3245 1014 3298 est,
1069 3235 1122 3288 id
1177 3245 1428 3291 creatura
1479 3238 1632 3303 illius
1683 3241 2015 3294 commercio
2065 3241 2280 3295 evadat.

2392 3230 2596 3281 ουτῖειν.
2621 3229 2720 3281 Διά
2751 3229 2954 3298 ταύτην
2983 3227 3229 3299 [Calecas
3254 3229 3472 3300 ταῦτα],
3500 3231 3593 3281 xui
3624 3231 3746 3282 κατ’
3782 3232 3966 3282 εἰκόνα

711 3324 948 3393 I-ljusque
993 3341 1184 3391 causa,
1234 3328 1374 3382 facta
1419 3302 1623 3382 dicitur
1660 3331 1724 3384 ad
1765 3333 1854 3385 Dei
1903 3333 2192 3401 imaginem
2229 3345 2280 3388 et

710 3415 1125 3470 similitudinem
1151 3421 1218 3470 "°.
1252 3419 1328 3472 Ac
1356 3419 1575 3488 quidem
1618 3420 1684 3474 ad
1725 3420 2036 3488 inmgincm,
2071 3429 2130 3473 ut
2164 3439 2283 3490 qua:

711 3507 801 3568 sit,
833 3508 952 3576 ejus
983 3509 1075 3576 qui
1117 3516 1232 3573 est;
1279 3526 1342 3564 ac
1385 3528 1506 3579 quae
1551 3529 1768 3579 semper
1799 3514 1887 3572 sit,
1917 3514 2034 3578 ejus
2071 3513 2162 3580 qui
2201 3525 2284 3566 est

711 3613 954 3666 semper;
995 3617 1310 3669 quanquam
1362 3619 1470 3656 non
1513 3603 1581 3656 ah
1607 3614 1813 3657 :etcrno
1841 3614 1895 3657 et
1932 3605 2048 3657 sine
2079 3605 2286 3672 princi-

712 3688 822 3756 pio,
859 3690 910 3741 in
950 3701 1221 3744 :etcrnum
1271 3701 1475 3757 tamen,
1505 3704 1560 3746 et
1609 3704 1667 3748 ut
1699 3695 1748 3748 ci
1791 3694 1936 3762 quod
1982 3709 2066 3749 est
2105 3696 2288 3748 nullus

714 3778 838 3831 linis
887 3781 1164 3836 succedat.
1211 3782 1291 3836 Ad
1347 3784 1764 3840 similitudinem
1819 3802 1982 3851 vero,
2029 3796 2285 3854 tanquam

714 3873 910 3936 bonus,
945 3876 1061 3944 ejus
1095 3877 1186 3944 qui
1230 3877 1409 3933 bonus
1449 3887 1553 3942 est,
1585 3887 1641 3933 et
1681 3888 1738 3932 ut
1767 3880 2006 3948 sapiens,
2043 3881 2160 3948 ejus
2194 3879 2286 3948 qui

2393 3319 2486 3371 xui
2525 3319 2784 3388 ὁμοίωσιν
2820 3319 2955 3371 Θεοῦ
3007 3319 3225 3386 λέγεται
3277 3319 3629 3388 γεγενῆσθαι.
3685 3322 3799 3372 Καὶ
3852 3323 3968 3373 κατ’

2391 3411 2573 3463 εἰκόνα
2603 3410 2724 3480 μὲν,
2749 3411 2824 3474 ὡς
2856 3411 2936 3474 ὃν,
2967 3411 3118 3472 ὕντος
3142 3427 3154 3440 ·
3195 3413 3288 3464 xui.
3334 3411 3409 3475 ὡς
3447 3412 3534 3464 ἀεὶ
3559 3411 3639 3475 ὃν,
3681 3413 3767 3464 ἀεὶ
3797 3413 3969 3476 ὄντος·

2391 3505 2439 3555 εξ
2470 3505 2564 3556 καὶ
2596 3503 2671 3573 μὴ
2704 3504 2973 3574 ἀνάρχως,
3022 3504 3136 3556 ἀλλ’
3175 3505 3543 3574 ἀτελευτήτως
3567 3519 3582 3532 ο

2397 3615 2479 3649 σιν
2503 3597 2580 3659 δὲ,
2620 3599 2694 3659 ὼς
2751 3596 2978 3660 ἀγαθὸς,
3014 3596 3222 3662 ἀγαθοῦ
3246 3615 3257 3626 ι
3291 3597 3385 3648 καὶ
3435 3597 3510 3658 ὡς
3545 3597 3728 3664 σοφὸς,
3765 3596 3969 3664 σοφοῦ·

2394 3690 2487 3740 τοῦ
2522 3689 2664 3741 κατὰ
2695 3689 2876 3757 φύσιν,
2908 3689 2936 3740 ὁ
2964 3690 3104 3740 κατά
3131 3689 3309 3758 χάριν.
3342 3690 3449 3739 Καὶ
3470 3691 3588 3740 κατ’
3613 3689 3801 3741 εἰκόνα
3847 3691 3969 3758 μὲν,

3633 3505 3755 3556 καθ’
3776 3507 3976 3573 ὁμοίω-

2397 3785 2544 3834 πᾶσα
2569 3783 2727 3850 φύσις
2759 3782 2949 3851 λογική
2981 3782 3098 3834 ἐστι
3127 3781 3221 3833 τοῦ
3247 3781 3382 3833 Θεοῦ
3404 3799 3416 3812 '
3455 3782 3576 3834 καθ’
3600 3783 3866 3850 ὁμοίωσιν
3893 3782 3970 3845 δὲ,

2400 3877 2550 3945 μόνοι
2578 3878 2626 3928 οἱ
2654 3876 2850 3942 ἁγαθοὶ
2878 3877 2970 3928 καὶ
3001 3877 3174 3944 cogat.

711 3969 932 4036 sapiens
959 3978 1078 4035 est;
1113 3973 1250 4041 ejus,
1282 3973 1372 4041 qui
1412 3989 1508 4040 per
1541 3982 1815 4035 naturam,
1839 3973 1884 4026 is
1917 3972 2010 4040 qui
2041 3987 2140 4040 per
2168 3969 2395 4040 gratiam
2432 3986 2493 4020 ae
2527 3969 2713 4021 divino
2745 3984 2994 4021 munere.
3050 3968 3228 4037 Atque
3277 3967 3370 4043 ad.
3410 3967 3504 4021 Dei
3571 3967 3796 4036 quidem
3834 3969 3971 4022 ima--

711 4060 894 4128 ginem
939 4070 1022 4116 est
1057 4063 1236 4119 omnis
1277 4073 1473 4119 natura
1512 4073 1672 4118 utens
1744 4064 1954 4118 ratione
1986 4082 1998 4116 :

709 4151 1002 4206 exsistunt.

779 4243 869 4297 26.
906 4245 1094 4300 Omnis
1117 4245 1421 4300 substantia
1450 4247 1658 4302 ratione
1685 4256 1846 4302 utens
1867 4263 1932 4301 ac
1955 4247 2287 4317 intelligens,

714 4337 766 4387 in
821 4333 960 4389 duos
1010 4336 1184 4391 divisa
1237 4338 1461 4393 ordines
1507 4349 1625 4404 est;
1675 4339 1732 4393 in
1782 4349 2034 4394 naturam
2083 4340 2292 4394 scilicet

711 4423 1008 4492 angelicam
1046 4435 1102 4479 et
1134 4425 1448 4480 humanam.
1484 4428 1801 4496 Rursusque
1833 4429 2076 4496 angelica
2109 4429 2290 4483 omnis

713 4525 926 4578 natura,
965 4517 1016 4570 in
1060 4517 1198 4572 duas
1238 4520 1577 4574 universales
1613 4521 1925 4574 voluntates
1971 4529 2288 4590 turmasque

711 4605 887 4659 divisa
911 4614 1015 4669 est,
1045 4615 1158 4660 tum
1190 4608 1402 4662 scilicet
1434 4617 1650 4662 sanctas
1670 4608 1826 4679 531
1859 4617 1972 4662 tum
1997 4609 2285 4672 scelestas;

711 4695 816 4748 hoc
858 4705 962 4760 est,
1001 4697 1056 4750 in
1101 4712 1320 4753 sanctas
1369 4698 1741 4754 Fortitudines
1781 4709 1836 4754 et
1882 4699 2128 4768 impuros
2176 4699 2287 4753 daa-

713 4804 920 4842 moncs.
951 4789 1142 4844 Omnis
1171 4790 1300 4843 item
1337 4792 1572 4845 humana
1603 4800 1821 4856 natura,
1841 4792 1895 4844 in
1922 4791 2059 4845 duas
2081 4792 2279 4844 solum-

713 4879 876 4934 modo
919 4880 1094 4935 divisa
1130 4892 1214 4937 est
1250 4883 1588 4938 universales
1622 4884 1931 4940 voluntates
1967 4898 2032 4938 ac
2071 4892 2289 4938 sentcn-

713 4971 844 5036 tias;
877 4971 997 5042 pias
1025 4973 1238 5028 scilicet
1267 4985 1325 5029 et
1350 4975 1565 5045 impias.

786 5133 830 5165 '°
866 5131 1003 5188 Gen.
1041 5147 1080 5198 ι,
1111 5131 1202 5187 26.

783 5269 846 5337 (l)
887 5269 1046 5333 Ἦτις
1075 5266 1391 5334 ἐστιψιλή.
1417 5266 1624 5336 Nempe
1650 5281 1750 5334 pro
1770 5265 2130 5321 fundamento
2155 5273 2284 5319 sunt

712 5341 844 5409 ipsa:
888 5347 1174 5415 creaturae,
1211 5348 1268 5392 ut
1321 5338 1787 5415 divittan1__ipsal_n
1829 5337 2183 5415 sapientiam.
2220 5350 2285 5388 ac

714 5405 957 5463 rationes
983 5408 1036 5460 in
1062 5408 1174 5462 Deo
1205 5416 1523 5462 connotant.
1555 5405 1647 5460 Sic
1675 5407 1820 5460 enim
1849 5405 2050 5460 dicitur
2071 5405 2285 5472 sapien—

714 5481 847 5533 tiam
875 5478 1137 5533 elfudissc
1161 5493 1328 5555 super
1343 5479 1531 5555 munia
1545 5492 1710 5547 opera
1741 5491 1839 5531 sua
1860 5493 1874 5539 ;
1895 5493 1998 5544 qua
2026 5475 2283 5555 nimirum

713 5551 902 5602 divina
925 5564 1024 5602 sua
1049 5557 1167 5601 arte
1195 5543 1266 5602 ita
1315 5543 1599 5610 condidit;
1639 5557 1696 5601 ut
1725 5543 1918 5600 earum
1963 5543 2281 5600 considera—

716 5619 864 5673 tione
883 5627 939 5671 et
967 5618 1348 5686 intelligentia,
1391 5626 1600 5672 natoue
1635 5617 2002 5686 intelligentes
2034 5616 2162 5684 ipsa:
2199 5629 2283 5666 .sa-

719 5690 978 5756 )nientiam
1008 5690 1061 5742 in
1092 5698 1274 5742 mente
1296 5688 1704 5751 consistentem,
1756 5687 2073 5756 ignorantim
2113 5700 2285 5753 oppo-

716 5760 898 5823 sitam,
932 5759 1217 5828 acquirant
1242 5776 1256 5824 ;
1282 5759 1435 5834 quasi
1459 5759 1581 5834 Deo
1595 5775 1691 5827 per
1715 5755 2248 5834 creatorasum-cute
2269 5796 2281 5813 ,

717 5845 838 5886 cum
885 5830 998 5899 ipse
1017 5826 1090 5884 ab
1116 5830 1223 5884 illis
1250 5829 1386 5883 nihil
1413 5826 1664 5898 accipiat,
1709 5827 1801 5881 sed
1829 5827 1881 5878 in
1900 5826 2164 5894 sapientia
2191 5841 2286 5878 sua

2071 4062 2138 4117 ad
2210 4061 2627 4116 similitudinem
2668 4076 2819 4126 vero,
2862 4061 2897 4114 ii
2944 4060 3211 4116 duntaxat
3259 4061 3353 4129 qui
3402 4060 3532 4114 boni
3581 4069 3638 4114 et
3689 4061 3974 4130 sapientes

2471 4251 2580 4308 κε’.
2605 4243 2763 4296 Πᾶσα
2796 4241 2829 4309 ἠ
2873 4238 3065 4309 λογικὴ
3097 4237 3190 4290 xui
3216 4237 3376 4306 νοερά
3415 4235 3573 4288 οὐσία
3603 4237 3864 4306 διῄρηται
3895 4242 3970 4301 εἰς

2395 4339 2517 4392 δύοο
2555 4334 2853 4398 τουτέστιν,
2890 4331 3100 4401 εἰςτὴν
3150 4328 3446 4398 ἀγγελικὴν
3491 4329 3587 4380 xui
3615 4329 3717 4396 τὴν
3756 4329 3970 4400 ἀνθρω-

2397 4430 2558 4499 πίνην
2588 4426 2770 4496 φύσιν.
2802 4423 2909 4476 Kui
2938 4424 3087 4475 πᾶσα
3137 4423 3171 4492 ἡ
3228 4417 3494 4490 ἀγγελικὴ
3526 4419 3689 4488 φύσις
3719 4419 3973 4491 διῄρηται

2397 4523 2558 4576 πάλιν
2583 4524 2660 4583 εἰς
2686 4519 2780 4572 δύο
2811 4516 3104 4578 καθολικάς
3133 4515 3356 4585 γνώμας
3385 4532 3444 4567 τε
3481 4516 3576 4567 xui.
3609 4515 3817 4581 ἀγέλας
3854 4519 3972 4585 (mi.

2396 4617 2554 4684 ἁγιάς
2588 4631 2646 4666 τε
2666 4612 2759 4665 xui
2790 4612 3003 4676 ἐναγεῖς
3026 4625 3037 4635 '
3066 4608 3362 4672 τουτέστιν,
3399 4608 3480 4669 εἰς
3510 4607 3669 4674 ἁγίας
3698 4609 3971 4676 Δυνάμεις

2393 4705 2490 4760 xui.
2527 4703 2872 4772 ἀκαθάρτους
2906 4699 3186 4768 δαίμονας.
3224 4697 3337 4750 Kui
3370 4699 3521 4751 πᾶσα
3563 4699 3596 4767 ἡ
3649 4697 3972 4767 ἀνθρωπίνη

2393 4796 2648 4866 διῄρηται
2675 4793 2754 4854 εἰς
2783 4791 3007 4860 γνώμας
3041 4789 3202 4859 μόνον
3249 4788 3542 4852 καθολικάς
3577 4788 3692 4854 δύο,
3723 4790 3971 4854 εὐσεϐεῖς

2393 4891 2537 4958 λέγω
2567 4887 2659 4941 xui
2687 4883 2924 4946 ἀσεϐεῖς.

2388 5270 2445 5317 et
2481 5273 2635 5324 arte;
2701 5260 2781 5325 (in
2839 5259 3064 5313 decreto
3105 5271 3219 5310 sua:
3269 5251 3591 5325 voluntatis)
3634 5271 3782 5311 unus
3833 5259 3970 5328 ipse,

2390 5333 2572 5386 omnia
2598 5346 2722 5398 quae
2741 5338 2871 5383 sunt
2903 5329 3018 5381 ullo
3043 5328 3223 5398 modo,
3252 5333 3564 5398 cognoscat.

2463 5401 2558 5471 (m)
2619 5393 2731 5462 Ἐἰς
2752 5397 3215 5471 δύοᾼκαθολικὰς
3242 5393 3479 5471 γνῶμας
3511 5393 3700 5471 τεκαὶ
3723 5395 3968 5471 ἀγέλαις.

2390 5464 2548 5537 Quod
2569 5479 2688 5523 erat
2737 5466 3355 5537 ἀγγελικαςηιηωιιιυιη
3389 5465 3622 5537 agnovit
3643 5464 3844 5529 Gesn.,
3880 5468 3970 5520 sed

2390 5535 2686 5596 emendare
2714 5535 2822 5592 non
2852 5537 3050 5606 potuit.
3069 5535 3241 5590 Nobis
3269 5536 3526 5589 restituto
3555 5543 3707 5606 textu
3727 5551 3864 5588 mss.
3894 5538 3972 5588 ni-

2392 5611 2467 5664 hil
2484 5613 2591 5681 jatn
2615 5609 2832 5681 diliicilc
2851 5604 3114 5681 Occurrit.
3144 5606 3505 5681 Neenecesse
3532 5604 3790 5681 pluribus
3815 5621 3972 5658 vexa-

2393 5674 2650 5749 refquod
2684 5677 2888 5746 Obsop.
2927 5677 3122 5751 illeque
3149 5675 3542 5751 reddide_rnnt._
3585 5674 3821 5751 PaL-stet
3866 5690 3970 5751 una

2393 5743 2615 5820 spongia
2671 5743 2867 5820 cuneta
2910 5743 3118 5813 delere,
3145 5761 3309 5816 quam
3345 5744 3579 5815 singulis
3607 5743 3971 5816 suggillandis

2397 5819 2612 5890 tempus
2630 5819 2806 5874 otiose
2842 5826 3040 5872 terere.
