4208 6436
278 367 428 434 1025

1109 376 1463 439 (ΣέιΡίΤὶῑλί
1509 378 1603 437 DE
1644 370 2071 435 CIIARITATE
2108 372 2492 431 CENTURIA
2535 372 2648 433 ΙΙΙ.

3387 372 3522 443 ῙΟΞΞΘ

352 494 451 557 κζ’.
488 496 548 545 Ὀ
590 494 683 563 μὲν
729 494 856 557 Θεὸς
891 500 968 557 ὼς
1000 490 1375 561 αὑτυῢπαρξις
1437 487 1511 540 ὣν
1550 488 1643 539 καὶ
1687 485 1846 539 αὐτος
1876 491 1922 546 Α

1876 491 1922 546 Α
2021 485 2109 538 27.
2146 485 2289 537 Deus
2315 485 2535 552 quidem
2564 484 2657 551 qui
2694 486 2808 553 ipsa
2839 500 2937 555 per
2968 501 3026 541 se
3046 487 3312 542 exsistens
3340 504 3522 545 essen-

278 586 550 654 αγαοὸτης
577 585 670 637 καὶ
693 585 985 653 αὑτοσοφία
1019 600 1032 614 ο
1068 582 1266 652 μᾶλλον
1300 580 1357 632 δὲ
1383 577 1741 647 ἀληθέστερον
1771 576 1841 628 εί-

280 677 421 737 πεῖν,
453 675 545 727 καὶ
578 674 717 742 ὑπὲρ
747 672 916 725 ταῦτα
943 675 1141 738 πάντα,
1181 670 1333 724 οὐδὲν
1374 668 1487 738 ἔχει
1520 669 1580 720 τὸ
1634 667 1852 720 σύνολον

279 764 545 817 ἐναντίον.
584 764 663 815 Τὰ
690 763 745 815 δὲ
784 763 1078 831 κτίτματα,
1123 762 1197 822 ὼς
1240 761 1419 812 πάντα
1481 757 1579 827 μὲν
1637 755 1852 825 μεθέξει

281 857 375 907 καὶ
421 858 603 924 χάριτι
655 855 753 925 τὴν
793 852 1027 925 ὓπαρξιν
1073 852 1265 922 ἔχοντα
1296 867 1310 881 ⁸
1358 850 1428 903 τὰ
1459 850 1512 902 δὲ
1540 848 1731 917 λογικὰ
1761 847 1854 898 καὶ

280 946 464 1015 νοερὰ,
494 948 587 999 καὶ
615 946 713 1017 τὴν
733 946 1065 1015 ἁγαὺότητος
1090 945 1186 997 καὶ⁹
1220 943 1407 1013 σοφίας
1426 939 1850 1010 ἐπιτηδειότητα,

282 1038 396 1106 ἔχει
431 1038 671 1090 ἐναντίον
695 1055 706 1067 ’
750 1042 815 1107 τῇ
854 1037 951 1107 μὲν
976 1035 1229 1105 ὑπάρξει,
1260 1036 1319 1087 τὸ
1355 1034 1431 1103 μὴ
1461 1032 1724 1102 ὑπάρχειν
1747 1047 1759 1059 ·
1788 1032 1852 1100 τῇ

280 1129 336 1179 δὲ
367 1129 466 1197 τῆς
499 1128 836 1200 ἁγαοὸτητος
870 1130 962 1180 καὶ
994 1128 1182 1195 σοφίας
1219 1124 1631 1194 ἐπιτηδειότητι,
1666 1122 1857 1174 κακίαν

283 1221 375 1270 καὶ
402 1221 693 1287 ἀγνωσίαν.
733 1220 838 1273 Καὶ
872 1220 932 1271 τὸ
971 1219 1069 1289 μὲν
1100 1219 1369 1287 ὑπάρχειν
1394 1214 1536 1284 ἀεὶῆ
1576 1215 1648 1284 μὴ
1684 1213 1860 1281 ὑπάρα-

282 1330 397 1380 χειν
431 1311 601 1364 ταῦτα
634 1311 746 1383 [ΡΥ.
778 1313 844 1364 τὰ
878 1312 1071 1378 λογικὰ
1103 1311 1199 1362 καὶ
1226 1306 1430 1380 νοερὰῖ,
1462 1308 1517 1358 ἐν
1547 1310 1610 1376 τῇ
1642 1304 1858 1374 ἐξουσίᾳ

280 1403 378 1454 τοῦ
413 1405 773 1472 πεποιηκότος
801 1405 915 1455 ἐστί
936 1419 948 1431 ·
971 1404 1030 1456 τὸ
1048 1402 1105 1455 δὲ
1135 1402 1381 1471 μετέχειν
1404 1400 1502 1468 τῆς
1528 1398 1859 1465 ἀγαϐότητος

288 1491 455 1545 αὑτοῦ
496 1495 589 1545 καὶ
629 1495 720 1563 τῆς
750 1493 941 1561 σοφίας
976 1493 1010 1562 ἢ
1037 1492 1110 1563 μὴ
1146 1492 1411 1562 μετέχειν,
1434 1493 1490 1543 ἐν
1511 1493 1575 1561 τῇ
1610 1490 1861 1558 βουλήσει

283 1583 393 1635 τῶν
414 1582 645 1652 λογικῶν
668 1583 924 1654 ὑπάρχει.

357 1870 461 1933 κη’.
494 1862 558 1915 Οἱ
602 1862 697 1931 μὲν
731 1861 988 1931 ’Έλληνες
1024 1861 1102 1928 (η)
1156 1859 1215 1922 ἐξ
1248 1859 1417 1910 ἀϊδίου
1451 1855 1695 1923 λέγοντες
1743 1873 1861 1908 συν-

287 1954 552 2024 υπάρχειν
582 1952 658 2020 τῷ
697 1951 814 2021 Θεῷ
842 1951 940 2020 τὴν
965 1950 1073 2001 τῶν
1109 1949 1276 2000 ὄντων
1305 1947 1509 2007 οὐσίαν,
1530 1946 1627 2007 τὰς
1648 1945 1704 1999 δὲ
1734 1944 1863 2015 περὶ

285 2046 455 2114 αὐτὴν
503 2044 794 2113 ποιότητας
840 2043 999 2111 μόνον
1027 2040 1087 2105 ἐξ
1111 2039 1276 2092 αὑτοῦ
1305 2039 1591 2109 ἐσχηκέναι
1621 2055 1635 2070 °
1671 2041 1737 2109 τῇ
1766 2038 1865 2108 μὲν

285 2137 467 2207 οὐσίᾳ,
504 2136 655 2188 οὐδὲν
684 2135 930 2202 λέγουσιν
957 2131 1197 2186 ἐναντίον
1224 2147 1236 2160 ·
1273 2132 1332 2183 ὲν
1362 2132 1418 2184 δὲ
1455 2132 1574 2193 ταῖς
1616 2130 1864 2198 ποιότησι

287 2228 501 2297 μόναις,
535 2224 635 2295 τὴν
689 2224 1002 2276 ἐναντίωσιν
1041 2216 1200 2275 εἶναι.
1245 2222 1435 2289 Ἡμεῖς
1477 2220 1534 2272 δὲ
1577 2219 1742 2289 μόνην
1782 2218 1866 2271 λέ-

285 2333 455 2385 γομεν
486 2318 583 2385 τὴν
613 2315 765 2369 θείαν
788 2315 974 2368 οὐσίαν
1033 2314 1106 2385 μὴ
1158 2313 1302 2382 ἔχειν
1359 2329 1410 2364 τι
1467 2309 1725 2369 ἐναντίον,
1790 2309 1865 2373 ὡς

287 2404 459 2457 ἀΐδιόν
495 2419 553 2455 τε
587 2399 753 2456 οὖσαν
786 2402 877 2454 καὶ
904 2401 1153 2470 ἄπειρον,
1179 2401 1272 2453 καὶ
1294 2398 1589 2467 ἀϊδιότητος
1610 2396 1865 2467 ἀλλήλαις

287 2497 619 2566 χαριστικήν
653 2512 666 2526 ’
699 2498 766 2565 τῇ
799 2495 855 2547 δὲ
885 2495 991 2548 τῶν
1017 2495 1185 2546 ὄντων
1214 2492 1388 2561 οὐσίᾳ,
1413 2488 1552 2543 εἶναι
1584 2491 1679 2560 μὲν
1702 2492 1761 2542 τὸ
1791 2490 1866 2560 μὴ

283 2589 347 2643 ὃν
365 2590 622 2642 ἐναντίων
650 2588 744 2641 καὶ
771 2590 827 2640 ὲν
849 2590 913 2658 τῇ
944 2586 1160 2658 ἐξουσίᾳ
1182 2584 1275 2639 τοῦ
1301 2584 1505 2655 κυρίως
1526 2585 1674 2646 ὄντος
1696 2584 1868 2652 ὑπάρ-

288 2701 427 2752 χειν,
456 2684 520 2736 τὸ
549 2685 634 2735 ἀεὶ
674 2677 814 2734 εἶναι
845 2679 1012 2749 αὐτὴν
1066 2680 1098 2748 ἢ
1142 2680 1217 2749 μὴ
1269 2674 1426 2742 εἶναι,
1471 2676 1864 2747 ἀμεταμέλητα

291 2772 350 2823 δὲ
382 2766 518 2823 εἶναι
558 2772 623 2822 τὰ
680 2770 995 2840 χαρίσματα
1030 2766 1213 2818 αὑτοῦ.
1260 2766 1368 2817 Καὶ
1417 2765 1503 2817 διὰ
1556 2762 1735 2825 τοῦτο,
1778 2763 1869 2815 καὶ

293 2865 443 2915 εστιν
493 2862 599 2926 ἀεὶ,
641 2865 732 2914 καὶ
786 2859 937 2912 ἔσται
982 2860 1050 2928 τῇ
1108 2857 1583 2925 παντοκρατορικῇ
1644 2853 1867 2923 δυνάμει

292 2952 754 3025 διακρατουμένη,
811 2953 860 3005 εἰ
915 2951 1009 3003 καὶ
1053 2950 1166 3020 ἔχει
1217 2949 1275 3002 τό
1311 2947 1385 3020 μὴ
1416 2947 1473 2999 ὃν
1506 2947 1764 3007 ἐναντίον,
1795 2946 1869 3008 ὡς

294 3046 535 3116 εἴρηται,
565 3046 639 3107 ὡς
675 3047 737 3097 ὲκ
770 3044 844 3114 μὴ
890 3043 1040 3105 ὄντος
1073 3043 1153 3103 εἰς
1204 3040 1265 3093 τὸ
1312 3036 1451 3092 εἶναι
1504 3037 1867 3108 παραχοείσα,

1954 578 2027 630 tia
2049 587 2103 631 et
2131 576 2348 630 bonitas
2379 584 2435 631 et
2469 577 2735 644 sapientia
2769 579 2875 642 sit;
2905 580 3036 647 quin
3066 589 3123 634 ct
3157 580 3243 634 his
3273 583 3530 637 omnibus

1955 667 2040 736 (ut
2069 667 2255 721 verius
2284 668 2497 735 loquar)
2540 682 2791 734 superior
2828 672 3081 735 exsistat;
3119 673 3256 724 nihil
3303 688 3531 741 prorsus

1956 759 2121 813 habet
2149 759 2511 813 contrarium.
2532 758 2726 813 Creata
2752 776 2901 821 vero,
2937 773 2997 815 ut
3019 764 3163 832 quod
3194 767 3379 821 omnia
3405 783 3531 837 par-

1958 851 2271 919 ticipatione
2306 866 2483 919 exque
2527 852 2699 919 gratia
2729 852 2985 915 habeam,
3017 856 3161 923 quod
3204 867 3332 911 sunt
3360 860 3412 912 in
3443 876 3531 914 re-

1958 959 2076 995 rum
2120 952 2346 1007 natura;
2379 948 2585 997 utentia
2614 960 2831 1013 quoque
2862 946 3074 1000 ratione
3116 962 3180 1001 ac
3217 950 3527 1021 intelligen-

1959 1034 2055 1094 tia,
2087 1032 2232 1100 quod
2267 1033 2525 1088 bonitatis
2549 1050 2611 1088 ac
2647 1037 2931 1104 sapientia:
2957 1040 3302 1106 capessenda:
3334 1042 3529 1098 idonea

1957 1125 2242 1187 exsistant,
2279 1126 2612 1180 contrarium
2655 1127 2887 1192 habent;
2917 1131 3248 1185 exsistentiaa
3283 1133 3526 1200 quidem,

1959 1230 2071 1267 non
2113 1215 2519 1280 cxsistentiam;
2570 1217 2916 1284 capessendae
2969 1235 3098 1273 vero
3155 1222 3420 1278 bonitatis
3467 1241 3531 1281 ac

1961 1306 2239 1374 sapientiai
2280 1306 2595 1374 aptitudini,
2642 1307 2764 1360 vitii
2816 1309 3141 1376 pravitatem
3174 1322 3229 1366 et
3276 1316 3533 1384 ignoran-

1963 1396 2113 1448 tiam.
2149 1396 2223 1449 Ac
2251 1397 2470 1465 quidem
2501 1406 2560 1452 ut
2597 1397 2711 1452 haec
2743 1414 2959 1467 semper
2985 1401 3249 1457 exsistant
3289 1416 3384 1459 aut
3420 1424 3528 1462 non

1962 1489 2245 1550 exsistant,
2278 1490 2398 1558 ejus
2433 1490 2526 1558 qui
2554 1490 2802 1543 condidit
2844 1491 3059 1545 arbitrii
3092 1502 3178 1546 est
3216 1502 3272 1547 et
3296 1504 3534 1563 potesta-

1966 1576 2033 1629 tis
2063 1594 2075 1629 :
2103 1588 2162 1631 ut
2196 1588 2380 1631 autem
2418 1578 2562 1631 illius
2593 1578 2854 1632 bonitatis
2875 1589 2930 1632 et
2953 1581 3232 1647 sapientia:
3265 1597 3532 1639 commer-

1964 1671 2049 1724 cio
2080 1671 2354 1740 gaudeant
2377 1670 2461 1723 vel
2495 1685 2606 1723 non
2641 1670 2932 1739 gaudeant,
2968 1671 3025 1723 in
3068 1671 3185 1739 ipsa
3224 1675 3531 1732 animorum

1967 1764 2245 1816 voluntate
2275 1761 2545 1815 consistit.

2034 1854 2123 1907 ‘28.
2152 1854 2347 1919 Grmci,
2392 1854 2487 1923 qui
2530 1870 2714 1908 rerum
2759 1858 3051 1913 essentiam
3078 1876 3141 1915 ac
3173 1862 3533 1918 substantiam

1965 1942 2033 1996 ab
2066 1954 2273 1997 aeterno
2311 1943 2474 1997 simul
2521 1958 2643 1997 cuin
2677 1946 2790 1999 Deo
2829 1947 3101 2002 exstitisse
3137 1950 3342 2017 dicant,
3366 1953 3536 2007 solas-

1964 2051 2071 2106 que
2128 2035 2196 2089 ab
2224 2052 2291 2089 eo
2315 2037 2591 2105 accepisse
2626 2039 2916 2105 qualitates
2950 2056 3071 2109 quae
3109 2057 3227 2096 eam
3257 2044 3533 2111 amiciant,

1963 2126 2213 2180 essentiic
2242 2125 2463 2194 quidem
2507 2140 2570 2178 ac
2616 2126 2953 2191 substantia,
3004 2130 3194 2184 dicunt
3237 2133 3370 2186 nihil
3415 2149 3533 2191 esse

1963 2217 2330 2280 contrarium;
2354 2232 2680 2285 omnemque
2701 2218 2838 2273 adeo
2862 2222 3306 2278 contrarietatem
3332 2225 3385 2280 in
3407 2227 3535 2281 solis

1963 2308 2319 2376 qualitatibus
2356 2324 2497 2362 esse.
2546 2308 2655 2363 Nos
2699 2318 2881 2364 autem
2918 2328 3083 2367 unam
3125 2314 3366 2371 divinam
3407 2318 3539 2372 sub-

1963 2401 2240 2463 stantiam,
2278 2400 2515 2455 dicimus
2558 2402 2707 2455 omni
2749 2403 3025 2458 contrario
3070 2421 3288 2473 carere;
3335 2409 3538 2479 quippe

1965 2501 2225 2547 internum
2257 2501 2310 2545 et
2345 2492 2633 2557 inﬁnitam,
2666 2494 2878 2562 hocque
2918 2495 3097 2564 ipsum
3143 2499 3372 2568 reliquis
3402 2518 3540 2572 pne-

1967 2591 2223 2646 stantcin,
2271 2592 2329 2635 ut
2376 2598 2591 2652 semper
2635 2594 2690 2637 et
2736 2585 2864 2653 ipsa:
2909 2601 3262 2654 permaneant
3303 2609 3316 2645 :
3353 2608 3537 2649 rerum

1967 2688 2099 2727 vero
2132 2670 2451 2728 substantiae
2499 2674 2549 2727 id
2599 2676 2936 2729 contrarium
2966 2693 3087 2732 esse
3131 2684 3537 2749 contendimus,

1969 2762 2114 2832 quod
2158 2773 2241 2816 est
2278 2780 2387 2815 non
2433 2778 2554 2816 esse
2597 2778 2660 2816 ac
2702 2763 2964 2830 nihilum;
3014 2767 3176 2835 inque
3218 2768 3366 2823 illius
3392 2771 3541 2839 quod

1968 2872 2095 2910 vere
2126 2870 2190 2910 ac
2221 2856 2442 2925 proprie
2478 2865 2562 2910 est
2594 2856 2828 2924 positum
2862 2868 3150 2927 potestate,
3184 2871 3242 2915 ut
3276 2862 3366 2917 illa
3401 2878 3544 2918 sem-

1971 2965 2068 3018 per
2099 2948 2343 3011 exsistat,
2378 2956 2472 3001 aut
2514 2964 2621 3001 non
2654 2950 2896 3002 exsistat.
2931 2950 3169 3006 Tametsi
3212 2954 3332 3022 ejus
3372 2953 3544 3008 dono-

1972 3058 2094 3096 rum
2126 3041 2271 3095 baud
2319 3040 2493 3109 ipsum
2527 3040 2886 3108 poeniteat“.
2937 3043 3123 3113 anue
3173 3046 3381 3101 ratione
3422 3062 3542 3102 esse

294 3137 391 3188 καὶ
421 3137 479 3187 ἐν
510 3137 575 3205 τῇ
608 3133 858 3205 βουλήσει
894 3131 1057 3185 αὑτοῦ
1085 3130 1283 3200 ἔχουσα
1323 3129 1381 3182 τὸ
1435 3124 1576 3182 εἶναι
1625 3130 1791 3199 αὐτὴν
1835 3128 1869 3198 ἢ
1900 3157 1942 3211 C

1900 3157 1942 3211 ο
1973 3149 2093 3189 eam
2124 3148 2336 3202 semper
2360 3148 2423 3186 ac
2452 3132 2566 3186 fore
2597 3133 2842 3186 omnium
2871 3138 3272 3192 conservatrice
3302 3138 3544 3207 potentia

300 3228 376 3297 μὴ
395 3223 552 3282 εἷναι.

1978 3227 2044 3280 ad
2081 3224 2481 3295 perennitatem
2517 3238 2637 3278 eam
2669 3226 3008 3290 continente,
3042 3229 3255 3283 tametsi
3290 3244 3399 3283 non
3427 3245 3545 3284 esse

298 3327 464 3388 atque
490 3318 722 3372 nihilum
753 3315 1087 3371 contrarium
1115 3314 1298 3377 habet,
1333 3312 1413 3367 uti
1443 3312 1648 3367 dictum
1673 3322 1775 3377 est,
1811 3326 1870 3372 ut
1906 3334 2026 3388 quae
2056 3333 2121 3371 ex
2163 3316 2335 3369 nihilo
2378 3323 2439 3369 ut
2485 3324 2649 3380 esset,
2720 3317 3005 3384 producta,
3044 3318 3099 3371 in
3165 3334 3271 3374 una
3311 3320 3431 3390 ejus
3455 3335 3549 3374 vo.

298 3411 511 3467 luntate
543 3411 646 3464 hoc
673 3408 818 3479 quod
845 3417 929 3462 est
952 3423 1075 3462 eam
1104 3422 1222 3461 esse
1263 3406 1348 3459 vel
1385 3421 1493 3458 non
1518 3421 1659 3469 esse,
1691 3406 1875 3461 habet.

374 3506 475 3560 κο’.
517 3505 729 3575 Ὠσπερ
760 3503 818 3555 τὺ
847 3502 1013 3555 κακὸν
1050 3500 1307 3570 στέρησίς
1341 3502 1488 3552 ἐστιν
1516 3499 1743 3569 ἀγαθοῦ,
1778 3504 1874 3553 καὶ

304 3602 341 3669 ἡ
378 3597 621 3667 ἀγνωσία
651 3594 901 3665 στέρησίς
931 3594 1046 3645 ἐστι
1082 3591 1333 3660 γνώσεως
1356 3606 1371 3620 ·
1411 3590 1554 3643 οὕτω
1583 3592 1677 3644 καὶ
1713 3592 1773 3645 τὸ
1798 3592 1871 3663 μὴ

300 3695 366 3747 ὃν
409 3688 657 3761 στέρησίς
686 3691 800 3742 ἐστι
824 3686 917 3740 τοῦ
947 3685 1096 3747 ὄντος
1125 3702 1140 3717 ο
1174 3684 1235 3736 οὑ
1267 3683 1360 3736 τοῦ
1385 3683 1588 3754 κυρίως
1618 3684 1673 3737 δὲ
1701 3684 1872 3746 ὄντοςο

304 3785 406 3837 οὐκ
460 3784 571 3853 ἔχει
614 3782 722 3852 γὰρ
754 3779 990 3834 ἐναντίον
1024 3795 1039 3810 ο
1075 3776 1210 3831 ἀλλὰ
1235 3775 1333 3829 τοῦ
1364 3776 1502 3829 κατὰ
1543 3774 1757 3847 μέθεξιν
1779 3774 1874 3829 τοῦ

305 3875 511 3943 κυρίως
545 3873 717 3934 ὄντος.
761 3871 872 3925 Καὶ
916 3873 969 3924 αἱ
1003 3870 1100 3941 μὲν
1125 3869 1231 3922 τῶν
1280 3869 1560 3941 προτέρων
1591 3869 1878 3938 στερήσεις

303 3970 372 4037 τῇ
401 3965 590 4034 γνώμῃ
619 3962 725 4015 τῶν
747 3961 1045 4030 γεγονότων
1070 3959 1292 4011 ἕπονται
1317 3973 1331 3986 ·
1361 3957 1393 4026 ἡ
1415 3956 1471 4009 δὲ
1492 3954 1583 4008 τοῦ
1620 3955 1875 4025 δευτέρου

306 4062 367 4112 ὲν
404 4060 469 4127 τῇ
503 4056 753 4125 βουλήσει
786 4052 879 4106 τοῦ
906 4051 1267 4122 πεποιηκότος
1294 4050 1598 4120 ὑπάρχεται
1622 4063 1636 4079 ο
1670 4047 1763 4101 τοῦ
1791 4048 1879 4102 ἀεὶ

306 4151 375 4203 δι’
405 4149 717 4218 ἀγαθὸτητα
752 4144 1075 4217 βουλομένου
1126 4141 1266 4196 εἷναι
1310 4141 1379 4194 τὰ
1443 4140 1592 4206 ὄντα,
1641 4140 1738 4194 καὶ
1791 4140 1879 4194 ἀεὶ

310 4242 402 4295 ὑπ’
431 4240 593 4295 αὑτοῦ
630 4236 1052 4310 εὑεργετείσθαι.

385 4500 449 4555 λ’.
492 4499 674 4554 Πάντα
705 4496 774 4550 τὰ.
795 4494 1075 4565 γεγονότα,
1128 4492 1197 4546 τὰ
1248 4491 1346 4562 μέν
1396 4493 1504 4545 είσι
1543 4490 1737 4560 λογικὰ
1787 4491 1874 4545 καὶ

315 4591 501 4662 νοερὰ,
538 4589 768 4644 καὶτῶν
790 4587 1053 4641 ἔιαντίων
1082 4585 1304 4639 δεκτικά
1335 4601 1349 4617 ⁶
1389 4579 1520 4646 οἷον,
1554 4584 1753 4656 ἀρετῆς
1791 4585 1885 4637 καὶ

317 4684 538 4748 κακίας,
570 4683 663 4736 καὶ
692 4679 945 4749 γνώσεως
992 4678 1088 4732 καὶ
1125 4676 1397 4745 ἀγνωσίας
1423 4690 1436 4704 ⁸
1473 4675 1541 4727 τὰ
1568 4675 1623 4728 δὲ
1660 4675 1887 4746 σώματα

316 4775 569 4846 διάφορα,
600 4773 665 4826 ὲκ
691 4771 801 4825 τῶν
833 4769 1090 4824 ἐναντίων
1110 4766 1437 4822 συνεστῶτα’
1472 4767 1736 4830 τουτέστι,
1762 4771 1885 4838 γῆς,

394 4910 438 4942 ⁸¹
468 4909 627 4963 Rom.
658 4922 732 4970 χι,
763 4906 852 4961 29.

406 5026 483 5093 (η)
527 5027 592 5079 οι
619 5025 732 5093 μὲν
773 5023 1083 5088 Ἕλληνες.
1127 5018 1894 5093 Aristotelemmaximesug-

321 5088 481 5173 gillat
518 5105 575 5152 et
600 5088 1031 5173 Peripateticos;
1090 5098 1320 5145 cunctos
1370 5089 1612 5173 denique
1651 5088 1894 5170 philoso-

324 5160 485 5243 phos,
521 5166 614 5236 qui
644 5160 925 5243 materiam
944 5163 1056 5243 Deo
1085 5176 1321 5241 coazvam
1350 5167 1666 5243 ponerent,“
1694 5160 1893 5243 ipsam-

322 5230 433 5311 que
474 5230 795 5311 necessario
844 5233 1234 5311 exsistentcm;
1294 5231 1347 5283 in
1404 5246 1543 5311 quos
1609 5230 1889 5311 plirj'sost.

326 5300 434 5364 non
460 5322 571 5361 uno
594 5306 714 5359 loco
744 5304 963 5373 egregie
998 5302 1263 5373 disputat,
1319 5300 1623 5373 ac__reliqui
1682 5300 1887 5373 Patres.

326 5381 605 5445 Mirorque
630 5368 906 5443 quomodo
925 5372 1006 5427 sic
1034 5368 1213 5445 avide,
1248 5370 1342 5439 qui
1371 5368 1680 5445 Christiane.
1734 5368 1890 5421 iusti-

330 5450 432 5504 tuti
456 5441 668 5506 su-mus',
694 5457 975 5511 unumque
1006 5441 1321 5511 noverimus
1346 5441 1406 5491 τὸ
1428 5442 1629 5509 κυρίως
1653 5441 1733 5500 ὅν,
1769 5454 1895 5511 eum

328 5519 543 5574 scilicet
577 5514 670 5583 qui
700 5508 1072 5583 Mosilocutus
1095 5520 1199 5575 est,
1226 5508 1325 5583 Quj
1352 5517 1426 5583 est
1466 5508 1602 5583 misit
1634 5508 1899 5583 mtuum-i-

328 5577 645 5644 stotelicuin
702 5581 850 5636 istud
892 5581 1234 5642 haurianius,
1286 5578 1603 5632 Substanti’w
1642 5577 1771 5630 nihil
1824 5586 1896 5629 cst

330 5656 683 5719 contrarium,
729 5662 919 5707 etnon
961 5653 1133 5721 magis
1186 5664 1311 5705 cum
1358 5649 1589 5721 Maximo
1639 5648 1895 5721 dicimus,

330 5744 455 5784 esse
478 5726 556 5780 illi
588 5724 927 5779 contrarium
962 5718 1073 5775 non
1090 5735 1211 5785 esse
1240 5734 1303 5773 ac
1321 5719 1573 5781 nihilum,
1611 5718 1754 5787 quod
1788 5733 1895 5769 una

330 5794 591 5856 excludat
617 5793 802 5849 divina
829 5792 1102 5856 voluntas,
1127 5791 1304 5860 ipsum
1328 5804 1516 5843 revera
1541 5792 1725 5843 comes
1747 5788 1895 5840 omni

1909 4381 1955 4437 ι)

2053 3498 2139 3551 29.
2187 3496 2339 3550 Sicut
2372 3496 2575 3549 malum
2613 3496 2739 3551 boni
2776 3497 3009 3567 privatio
3041 3510 3160 3564 est,
3191 3509 3246 3554 et
3295 3503 3549 3572 ignoran-

1984 3588 2054 3642 tia
2106 3586 2339 3656 privatio
2385 3586 2665 3641 scientiae:
2708 3590 2788 3643 sic
2828 3606 3045 3659 quoque
3090 3608 3197 3647 non
3241 3609 3339 3650 ens
3385 3607 3549 3668 atque

1982 3676 2235 3739 nihilum,
2266 3677 2503 3757 privatio
2529 3678 2673 3732 entis
2701 3687 2803 3741 est,
2836 3695 2931 3733 seu
2960 3681 3078 3751 ejus
3106 3683 3250 3751 quod
3278 3695 3394 3751 est;
3440 3705 3549 3743 non

1982 3778 2166 3823 autem
2189 3770 2306 3838 ejus
2328 3770 2474 3838 quod
2498 3779 2580 3824 est
2607 3786 2733 3825 vere
2751 3781 2806 3825 et
2829 3774 3046 3842 proprie
3068 3774 3143 3844 (id
3166 3777 3311 3831 enim
3339 3780 3549 3835 nullum

1982 3861 2320 3914 contrarium
2370 3860 2580 3930 habet),
2605 3861 2701 3915 sed
2750 3863 2896 3931 quod
2942 3864 3090 3919 illius
3137 3867 3550 3937 participatione

1981 3958 2084 4012 est,
2110 3950 2256 4020 quod
2298 3967 2425 4005 vere
2466 3967 2530 4005 ac
2561 3952 2779 4022 proprie
2820 3962 2921 4008 est.
2953 3955 3030 4010 Ac
3058 3958 3301 4025 priorum
3330 3962 3550 4030 quidem

1982 4043 2338 4113 privationes,
2392 4043 2553 4114 432
2598 4054 2903 4099 creatorum
2944 4049 3278 4105 voluntatem
3308 4067 3553 4123 sequun-

1985 4145 2103 4201 tur;
2133 4135 2456 4205 posterioris
2495 4151 2626 4189 vero
2651 4137 2905 4204 privatio,
2940 4138 2995 4191 in
3023 4140 3141 4209 ejus
3177 4143 3272 4210 qui
3308 4145 3554 4199 condidit

1982 4228 2262 4282 voluntate
2292 4228 2528 4296 positum
2564 4238 2681 4293 est;
2721 4229 2815 4297 qui
2847 4244 2911 4283 ea
2957 4245 3064 4299 qua
3106 4232 3274 4299 pollet
3311 4233 3553 4291 bonitate

1981 4333 2070 4373 res
2100 4332 2315 4387 semper
2347 4332 2469 4371 esse
2499 4317 2635 4383 vult,
2673 4328 2729 4373 et
2758 4319 2903 4390 quod
2934 4321 3053 4390 ejus
3081 4330 3164 4375 est
3196 4324 3459 4393 muneris,
3487 4326 3555 4381 ab

1983 4425 2050 4465 eo
2075 4424 2289 4478 semper
2318 4410 2616 4478 suscipere.

2056 4500 2143 4554 30.
2175 4498 2496 4553 Creatorum
2529 4500 2848 4562 universim,
2875 4501 2978 4562 alia
3008 4512 3136 4558 sunt
3166 4504 3375 4560 ratione
3399 4515 3557 4561 uten-

1984 4584 2058 4639 tia
2084 4593 2138 4639 ct
2167 4584 2542 4655 intelligentia,
2572 4588 3086 4659 contrariorunique
3140 4593 3392 4661 capacia;
3423 4606 3555 4664 puta

1985 4677 2207 4730 virtutis
2236 4685 2289 4730 et
2320 4677 2457 4740 vitii,
2492 4678 2842 4747 scientiaeque
2875 4688 2930 4734 et
2959 4680 3308 4751 ignorantiae;
3340 4685 3447 4739 alia
3474 4688 3558 4741 di-

1992 4783 2143 4822 versa
2168 4783 2416 4823 corpora.
2436 4784 2501 4822 ex
2521 4769 2809 4823 contrariis
2829 4772 3146 4839 constituta,
3169 4782 3309 4829 terra
3325 4776 3556 4842 scilicet,

1996 5018 2140 5094 quod
2173 5027 2275 5079 est,
2317 5017 2723 5094 uno_dunta\at
2780 5017 2871 5094 illo
2913 5029 3159 5094 excepto,
3212 5021 3289 5074 uti
3343 5026 3547 5094 excipit

1995 5089 2277 5150 Maximus,
2311 5087 2455 5156 quod
2485 5097 2569 5141 est
2600 5088 2799 5156 κυρίως
2841 5089 2893 5142 in
2917 5087 3073 5158 cujus
3106 5096 3415 5147 necessario
3463 5087 3545 5151 cs-

1994 5161 2298 5231 sentiacst,
2345 5159 2490 5226 quod
2517 5167 2622 5231 est,
2657 5158 2783 5225 quia
2815 5174 2982 5231 unum
3036 5176 3066 5213 a
3099 5176 3157 5213 se
3190 5176 3399 5231 erisque
3457 5181 3553 5219 ue-

1992 5228 2289 5302 ei-ssariiiiii
2316 5239 2429 5291 est;
2455 5228 2659 5302 reliqua
2691 5228 3013 5302 qnod_suut,
3041 5232 3160 5302 ejus
3201 5228 3401 5302 habent
3431 5251 3556 5302 par-

1995 5299 2330 5367 ticipatione,
2371 5308 2427 5350 et
2462 5299 2613 5365 quasi
2650 5298 2895 5367 precario
2938 5316 2949 5350 :
2998 5298 3142 5367 ηυοά
3180 5300 3363 5356 dicere
3395 5298 3559 5358 ill-axi-

1995 5366 2143 5422 muin
2179 5383 2285 5421 non
2324 5370 2458 5421 satis
2476 5368 2715 5420 advertit
2739 5366 2905 5421 Gesn.
2943 5366 3070 5421 dum
3115 5373 3432 5425 movendam
3460 5390 3559 5427 vo-

1999 5452 2116 5510 cem
2163 5438 2497 5510 X‘prtdtﬂail,
2531 5445 2625 5490 aut
2654 5437 2960 5510 addendam
2997 5449 3278 5510 negantem
3320 5444 3563 5510 particu-

1998 5509 2104 5561 lam
2128 5510 2206 5569 οὐ,
2234 5511 2286 5562 iu
2314 5509 2555 5575 iilisejus
2582 5508 2788 5569 verbis,
2816 5509 2951 5559 ἀλλὰ
2976 5509 3068 5560 τοῦ
3134 5511 3272 5561 κατὰ
3321 5508 3561 5577 μέθεξιν

1996 5579 2088 5629 τοῦ
2118 5580 2320 5647 κυρίως
2359 5579 2528 5638 ὄντος,
2584 5578 2729 5647 quod
2776 5578 2937 5631 etiam
2976 5580 3077 5633 rite
3111 5578 3386 5636 sulIixerat
3439 5582 3560 5637 Bill.

1996 5650 2197 5722 Obsop.
2246 5648 2385 5722 nihil
2407 5649 2563 5722 bene,
2599 5648 2699 5700 Sed
2721 5649 2831 5716 ejus
2864 5650 2951 5717 qui
2972 5649 3253 5702 secundum
3278 5653 3568 5722 participa-

1998 5721 2186 5772 tionem
2220 5718 2553 5776 m'ruliaritvr
2591 5727 2685 5771 est.
