4208 6436
710 394 840 461 1027

1877 390 1937 452 S.
1980 385 2265 448 ΜΛΧΙΜΙ
2305 383 2816 447 CONFESSORIS

3839 393 3980 455 1098

701 525 852 575 aere,
883 509 1010 582 igne
1047 519 1105 564 et
1131 523 1289 577 aqua.
1322 505 1501 574 Atque
1539 503 1645 557 alia
1685 501 1909 572 quidem
1941 499 2169 554 omnino
2210 500 2295 552 in-

2400 503 2582 570 άέρος,
2637 501 2831 573 πυρὸς.
2867 500 3055 565 ὓδατος
3083 521 3096 533 ·
3135 502 3228 556 καὶ
3263 502 3331 555 τὰ
3390 503 3491 573 μέν
3551 495 3668 557 εἰσι
3711 504 3974 573 ἀσώματα

699 617 966 673 corporea
997 610 1127 656 sunt
1164 597 1514 667 materimque
1542 596 1806 664 expertia,
1841 593 2056 647 tametsi
2089 593 2288 646 horum

702 696 887 766 aliqua
931 693 1042 747 sint
1069 690 1398 761 corporibus
1432 687 1758 757 conjuncta;
1789 684 1896 737 alia
1930 683 2109 738 solum
2153 697 2289 736 con-

703 789 896 845 stituta
922 801 990 840 ex
1017 784 1248 840 materia
1271 793 1328 839 et
1350 786 1544 838 forma.

773 880 862 934 5L
889 877 1066 933 Omne
1099 892 1301 947 corpus
1336 883 1528 929 natura
1559 869 1842 930 immobile
1877 876 1962 924 est
1991 884 2006 922 :
2038 876 2293 923 movetur

702 981 890 1027 autem
918 971 988 1026 ab
1013 971 1217 1028 anima.
1246 969 1442 1037 partim
1479 974 1668 1018 utente
1693 963 1926 1026 ratione,
1954 961 2153 1031 partim
2181 975 2294 1015 non

704 1073 918 1128 utente,
942 1063 1143 1134 partim
1168 1060 1332 1116 etiam
1358 1072 1468 1111 non
1496 1055 1789 1110 sentiente.

774 1155 864 1209 δί.
919 1153 1258 1208 Facultatum
1309 1150 1535 1212 animm,
1585 1147 1691 1200 alia
1734 1144 2058 1200 nutrimenti
2109 1153 2195 1198 est
2239 1151 2297 1196 et

702 1247 1003 1319 augmenti,
1049 1245 1154 1300 alia
1195 1242 1473 1315 cogitandi
1502 1249 1558 1295 et
1592 1237 1906 1310 appetendi,
1941 1237 2048 1291 alia
2078 1235 2297 1291 utendas

707 1339 936 1394 rationis
984 1345 1042 1392 et
1089 1335 1454 1405 intelligendi.
1491 1335 1567 1388 Ac
1603 1331 1767 1402 primi
1813 1330 2036 1400 quidem
2079 1329 2298 1401 generis

704 1435 883 1487 solum
917 1431 1214 1500 participes
1253 1437 1381 1483 sunt
1429 1426 1633 1496 stirpes
1682 1433 1740 1478 et
1783 1423 2016 1490 plantae;
2069 1420 2297 1476 secundi

705 1532 989 1592 put-terea,
1026 1522 1198 1574 bruta:
1241 1518 1582 1580 animantes;
1621 1515 1765 1567 tertii
1794 1528 1919 1566 cum
1955 1511 2174 1565 duobus
2206 1526 2297 1565 rc-

706 1616 893 1684 liquis,
927 1613 1200 1666 homines.
1231 1610 1310 1664 Ac
1333 1610 1547 1680 priores
1574 1604 1798 1676 quidem
1823 1604 1946 1660 dua:
1986 1603 2296 1669 facultates,

706 1702 1050 1774 corruptioni
1091 1700 1340 1756 obnoxiae
1366 1707 1514 1765 sunt,
1542 1697 1705 1754 tertia
1731 1711 1859 1752 vero
1886 1697 1956 1752 ab
1985 1712 2048 1752 ea
2094 1697 2297 1751 immu-

707 1796 792 1850 nis
817 1796 1082 1866 probatur
1104 1809 1167 1848 ac
1198 1793 1545 1847 immortalis.

2397 595 2574 663 πάντη
2633 595 2725 648 καὶ
2773 593 2929 657 ἀῦλα,
2985 598 3033 647 εί
3083 597 3176 648 καί
3219 613 3339 650 τινα
3389 596 3592 648 τούτων
3622 596 3984 660 συνέζευκται

2398 684 2616 756 σώμασι
2655 707 2670 722 ο
2703 685 2770 739 τὰ
2799 686 2856 739 δέ
2892 685 2950 750 ἐξ
2981 685 3113 759 ὕλης
3148 689 3240 741 καὶ
3284 689 3458 752 εἴδους
3499 689 3660 760 μόνον
3711 689 3824 761 ἔχει
3884 692 3983 762 τὴν

2401 780 2683 835 σύστασιν.

2471 873 2570 926 λα’.
2605 875 2789 928 Πάντα
2822 875 2888 928 τὰ
2919 878 3170 945 σώματα,
3204 874 3348 928 κατά
3375 875 3537 943 φύσιν
3557 873 3703 928 ἐστὶν
3727 873 3981 943 ἀκίνητα·

2401 971 2634 1022 κινεῖται
2667 968 2725 1022 δέ
2753 968 2858 1022 ὑπὸ
2889 969 2989 1038 τῆς
3017 969 3196 1039 ψυχῆς
3223 985 3236 1001 ο
3266 970 3334 1021 τὰ
3362 969 3481 1040 μὲν,
3513 968 3735 1038 λογικῆς
3761 983 3777 998 ·
3810 968 3881 1020 τά
3901 967 3983 1031 δὲ,

2402 1059 2595 1127 ἀλόγου
2617 1076 2631 1090 ο
2659 1061 2725 1114 τά
2752 1061 2832 1125 δέ,
2862 1059 3212 1130 ἀναισθήτου.

2471 1151 2572 1223 λβ⁹.
2599 1153 2722 1206 Τῶν
2754 1153 3000 1224 ψυχικῶν
3027 1153 3315 1224 δυνάμεων
3349 1155 3382 1222 ἡ
3420 1154 3518 1223 μέν
3567 1155 3684 1205 ἐστι
3715 1151 3987 1224 θρεπτικὴ

2403 1245 2498 1299 καὶ
2529 1243 2797 1317 αὐξητικὴ
2827 1263 2839 1276 ·
2874 1249 2906 1316 ἡ
2940 1245 2996 1298 δὲ
3030 1245 3368 1316 φανταστικὴ
3398 1245 3494 1298 καὶ
3515 1246 3792 1316 ὁρμητική
3825 1262 3840 1278 ο
3864 1247 3898 1314 ἡ
3929 1244 3986 1296 δὲ

2403 1335 2685 1408 λογιστικὴ
2723 1337 2820 1390 καὶ
2851 1338 3098 1409 νοητική.
3145 1338 3253 1389 Καὶ
3277 1337 3377 1406 τῆς
3412 1336 3510 1406 μὲν
3545 1335 3767 1406 πρώτης
3814 1336 3987 1405 μόνης

2407 1426 2693 1498 μετέχουσι
2737 1428 2805 1480 τά
2851 1428 2995 1492 φυτά
3023 1444 3037 1458 ·
3087 1428 3186 1498 τῆς
3229 1427 3284 1480 δὲ
3330 1428 3587 1499 δευτέρας
3630 1428 3765 1497 πρὶς
3811 1427 3986 1496 ταύτῃ

2403 1523 2472 1575 τά
2503 1522 2674 1591 ἄλογα
2706 1522 2820 1587 ζῶα
2855 1541 2868 1553 ο
2905 1523 3003 1592 τῆς
3027 1509 3083 1576 δέ
3129 1523 3318 1594 τρίτης
3348 1524 3484 1594 πρὸς
3543 1527 3662 1586 ταῖς
3705 1524 3878 1586 δυσὶν,
3937 1527 3984 1576 οξ

2405 1611 2703 1682 ἄνθρωποι.
2763 1613 2872 1665 Καὶ
2909 1615 2966 1665 αί
3027 1617 3126 1682 μὲν
3170 1613 3265 1666 δύο
3306 1614 3586 1684 δυνάμεις,
3635 1613 3916 1685 φθαρταί·
3952 1633 3985 1681 r,

2403 1703 2460 1754 δέ
2493 1703 2675 1776 τρίτη.
2725 1704 3000 1773 ἄφθαρτος
3030 1708 3124 1759 καὶ
3151 1705 3418 1767 ἀθάνατος
3438 1704 3842 1760 ἀποδείκνυται.

775 1861 865 1942 55.
913 1887 1128 1942 Sancta:
1155 1880 1403 1941 Virtutes
1435 1893 1548 1938 tum
1597 1883 1719 1938 alia:
1752 1883 1906 1945 alias,
1939 1889 2056 1936 tum
2101 1880 2295 1935 huma-

2469 1861 2571 1929 λγ.
2607 1863 2892 1936 Ἀλλήλαις
2944 1864 3321 1936 μεταδιδοῦσαι
3373 1863 3656 1932 φωτισμοῦ
3715 1865 3772 1917 αί
3830 1864 3989 1932 ἆγιαι

711 1997 836 2035 nam
884 1990 1134 2036 naturam
1169 1978 1563 2040 illuminantes,
1617 1984 1713 2030 aut
1760 1990 1858 2030 sua
1904 1973 2298 2044 impartiuntur

708 2075 932 2137 virtute,
957 2080 1053 2126 aut
1072 2087 1180 2141 qua
1209 2070 1418 2140 pollent
1448 2068 1695 2122 scientia.
1722 2069 1800 2121 Ac
1819 2066 2023 2120 virtute
2050 2064 2295 2134 quidem,

710 2165 860 2219 velut
895 2163 1097 2218 divina:
1125 2162 1289 2217 simili
1321 2160 1585 2224 bonitate,
1615 2174 1725 2229 qua
1771 2167 1886 2212 tum
1922 2157 2146 2227 seipsas,
2181 2164 2298 2209 tum

708 2255 830 2308 alite
858 2255 1012 2318 alias,
1045 2269 1110 2309 ac
1145 2252 1434 2308 inferiores
1460 2251 1833 2314 demerentur,
1863 2249 2151 2304 efficiendo
2177 2248 2298 2302 dei-

709 2349 913 2402 l'ormes
940 2363 954 2399 :
984 2345 1212 2401 scicntia
1240 2359 1389 2409 vero,
1417 2351 1512 2398 aut
1536 2343 1604 2398 de
1630 2343 1743 2397 Deo
1765 2341 2055 2397 sublimius
2090 2340 2299 2410 aliquid

709 2439 1050 2511 detegendo;
1078 2439 1152 2493 Tu
1175 2438 1342 2504 enim,
1372 2437 1571 2508 inquit,
1602 2435 1904 2491 Altissimus
1931 2436 1986 2490 in
2015 2443 2294 2500 wternum,

708 2531 934 2585 Domine
959 2530 1041 2596 “;
1073 2539 1170 2585 aut
1213 2529 1282 2586 de
1311 2528 1640 2600 corporibus
1675 2527 2039 2600 profundius,
2089 2534 2184 2580 aut
2229 2525 2299 2580 de

711 2623 1051 2693 incorporeis
1094 2623 1403 2692 animisque
1450 2621 1677 2687 certius,
1718 2629 1814 2675 aut
1844 2619 1914 2676 de
1952 2619 2298 2691 providentia

709 2714 934 2778 clarius,
969 2723 1063 2769 aut
1098 2711 1396 2785 dejudicio
1427 2713 1692 2784 apertius.

783 2807 873 2862 54.
913 2806 1110 2862 Mentis
1161 2806 1452 2876 impuritas
1497 2821 1561 2860 ea
1610 2813 1695 2860 est
1741 2805 1921 2876 primo
1963 2806 2106 2872 loco,
2151 2806 2300 2878 quod

709 2899 902 2953 falsam
935 2897 1304 2968 cognitionem
1353 2897 1552 2953 habeat
1580 2915 1592 2950 ε
1625 2904 1738 2950 tum
1784 2912 1936 2962 vero,
1981 2898 2128 2967 quod
2173 2899 2300 2952 uni-

707 2987 1005 3042 versalium
1047 2985 1254 3055 aliquid
1285 2984 1494 3040 nesciat
1538 2984 1707 3056 (quod
1739 2985 1949 3040 scilicet
1992 2987 2058 3040 ad
2105 2987 2300 3042 huma-

709 3095 836 3134 nam
879 3086 1118 3133 mentem
1155 3078 1372 3141 attinet,
1420 3077 1596 3148 angeli
1627 3077 1775 3131 enim
1821 3078 2060 3148 partium
2089 3088 2193 3140 est.
2236 3094 2301 3134 ac

710 3167 1005 3233 facultatis,
1043 3176 1105 3221 ut
1155 3182 1225 3222 ne
1263 3167 1624 3238 Singularium
1677 3168 1899 3236 quidem
1937 3169 2146 3239 aliquid
2197 3185 2298 3224 ne-

709 3257 868 3326 sciat)
897 3275 910 3310 :
946 3256 1110 3312 tertio
1138 3264 1342 3320 autem,
1377 3256 1523 3325 quod
1551 3257 1686 3311 vitio
1717 3257 1989 3313 haerentes
2019 3276 2080 3313 ac
2110 3261 2296 3315 libidi-

709 3349 933 3403 dinosas
977 3347 1334 3418 cogitationes
1381 3347 1580 3402 habeat
1609 3365 1621 3400 :
1651 3357 1847 3416 quarto
1877 3349 2120 3415 demum,
2153 3353 2298 3421 quod

711 3449 935 3509 peccato
967 3452 1296 3492 consensqu
1333 3439 1594 3507 praebeat.

782 3529 870 3584 55.
908 3530 1118 3584 Animae
1148 3529 1436 3599 impuritas
1464 3538 1567 3597 est,
1600 3546 1710 3584 non
1753 3531 1832 3586 sic
1861 3534 2098 3602 operari,
2133 3543 2192 3589 ut
2221 3535 2299 3590 illi

709 3637 778 3674 ex
808 3630 1005 3676 natura
1032 3632 1406 3691 comparatum
1435 3631 1538 3676 est.
1576 3623 1702 3677 lndc
1733 3625 1879 3678 enim
1919 3625 1972 3678 in
2002 3627 2186 3681 animo
2215 3633 2298 3700 gi-

709 3723 954 3785 gnuntur
996 3714 1308 3769 libidinosae
1347 3715 1709 3786 cogitationes
1757 3733 1820 3772 ac
1862 3718 2091 3774 vitiosae.
2145 3720 2301 3778 Tunc

708 3807 857 3862 enim
893 3815 954 3860 ut
983 3815 1193 3862 natura:
1230 3815 1663 3863 consentaneum
1716 3819 1801 3865 est
1827 3819 2107 3881 Operatur,
2137 3813 2299 3887 5.33

709 3915 834 3956 cum
862 3899 1117 3970 patibiles
1178 3901 1300 3970 ejus
1342 3900 1629 3957 facultates
1671 3903 1773 3973 (ira
1815 3905 2026 3959 scilicet
2053 3917 2108 3961 et
2141 3909 2298 3978 cupi-

709 3992 873 4062 ditas)
906 3991 1129 4044 incursu
1169 4005 1375 4056 rerum,
1406 3991 1571 4060 inque
1601 3992 1710 4047 illis
1749 3995 2026 4050 rationum
2060 4006 2118 4052 et
2151 3999 2301 4070 cogi-

711 4084 1000 4146 tationum,
1031 4081 1337 4137 manserint
1357 4095 1386 4134 a
1410 4082 1637 4138 libidine
1660 4100 1724 4138 ac
1750 4086 2167 4154 perturbatione
2192 4090 2298 4144 im-

712 4190 928 4229 ntunes.

781 4263 869 4317 56.
919 4264 1180 4334 Corporis
1211 4264 1500 4335 impuritas
1528 4275 1633 4332 est,
1671 4275 1960 4336 peceatum
1993 4269 2143 4340 quod
2181 4271 2299 4342 ipso

707 4366 833 4410 actu
862 4365 1027 4426 atque
1055 4372 1221 4425 opere
1253 4367 1520 4426 patratur.

779 4449 868 4502 57.
917 4451 1168 4516 Quietem
1203 4450 1382 4521 diligit
1427 4467 1489 4505 ac
1534 4452 1923 4522 solitudinem,
1967 4456 2062 4526 qui
2111 4457 2296 4512 saeculi

2399 1955 2672 2024 Δυνάμεις
2701 1971 2714 1984 ·
2749 1956 2844 2009 καὶ
2871 1959 2938 2027 τῇ
2979 1955 3298 2028 ἀνθρωπίνῃ
3341 1959 3519 2025 φύσει,
3569 1957 3603 2025 ἢ
3646 1957 3746 2024 τῆς
3806 1955 3987 2007 αὐτῶν

2398 2047 2601 2119 ἀρετῆς
2621 2049 3024 2119 μεταδιδόασιν,
3059 2050 3092 2120 ἢ
3131 2051 3234 2120 τῆς
3264 2051 3322 2102 ἐν
3349 2051 3538 2113 αὑταῖς
3567 2047 3842 2117 γνώσεως.
3878 2047 3991 2100 Καὶ

2399 2139 2604 2209 ἀρετῆς
2659 2141 2780 2210 μὲν,
2823 2134 2936 2194 οἷον
2984 2140 3320 2212 θεομιμήτου
3363 2141 3719 2210 ἀγαθότητος,
3763 2139 3889 2192 καθ’
3922 2140 3990 2208 ἣν

2399 2231 2497 2286 καὶ
2531 2232 2751 2298 ἑαυτὰς,
2805 2233 2900 2286 καὶ
2952 2232 3210 2303 ἀλλήλας.
3267 2233 3364 2285 καὶ
3417 2232 3518 2295 τὰς
3579 2232 3988 2300 ὑποϐεὸηκυὶας

2399 2325 2769 2397 εὐεργετοῦσι,
2799 2326 3052 2388 θεοειδεῖς
3083 2325 3448 2396 ἐργαζόμεναι
3477 2342 3491 2354 ·
3523 2326 3782 2394 γνώσεως
3817 2325 3895 2387 δὲ,
3951 2325 3986 2394 ἦ

2399 2419 2527 2490 περὶ
2555 2417 2692 2472 Θεοῦ
2713 2435 2763 2472 τι
2794 2418 3127 2490 ὑψηλότερον
3155 2436 3168 2450 ’
3210 2419 3295 2474 Σὺ
3317 2423 3447 2492 γὰρ,
3470 2423 3655 2489 φησὶν,
3685 2420 3991 2488 ’Υψιστσς

2397 2513 2487 2576 εἰς
2521 2511 2628 2564 τὸν
2659 2507 2866 2574 αἰῶνα,
2912 2511 3092 2578 Κύριε
3125 2525 3138 2537 ³
3178 2511 3212 2581 ἢ
3249 2511 3379 2581 περὶ
3415 2510 3705 2578 σωμάτων,
3754 2510 3990 2579 βαθύτε-

2403 2619 2494 2672 ρον
2523 2601 2594 2672 ’ἢ
2632 2603 2763 2672 περὶ
2793 2601 3128 2674 ἀσωμάτων,
3157 2601 3549 2674 ἀκριϐέστερον
3577 2619 3592 2634 °
3620 2604 3652 2672 ἦ
3689 2603 3820 2674 περὶ
3853 2621 3990 2673 προ-

2400 2695 2569 2758 νοίας,
2605 2693 2930 2766 τρανότερον
2960 2708 2974 2722 ·
3001 2693 3034 2764 ἢ
3061 2692 3192 2764 περὶ
3219 2693 3480 2764 κρίσεως,
3521 2693 3877 2763 σαφέστερον.

2469 2797 2563 2853 λδ’.
2594 2798 2732 2862 Νοός
2766 2799 2882 2852 ἐστι
2906 2798 3241 2870 ἀκαθαρσία,
3298 2799 3517 2870 πρῶτον
3549 2799 3666 2870 μὲν,
3697 2800 3757 2854 τὸ
3786 2801 3994 2870 γνῶσιν

2401 2888 2549 2958 ἔχειν
2573 2887 2748 2958 ψευδῆ
2773 2903 2786 2917 ⁶
2812 2887 3068 2959 δεύτερον
3092 2889 3170 2952 δὲ,
3205 2889 3268 2941 τὸ
3293 2892 3510 2956 ἀγνοεῖν
3531 2909 3586 2943 τι
3608 2891 3716 2943 τῶν
3732 2891 3992 2946 subditur

2400 2979 2476 3043 ὡς
2515 2979 2654 3049 πρὸς
2697 2978 3040 3050 ἀνθρώπινον
3069 2980 3194 3032 νοῦν
3226 2980 3370 3048 λέγω
3392 2998 3406 3012 ⁸
3449 2981 3682 3051 ἀγγέλου
3730 2983 3842 3053 γάρ
3874 2987 3995 3039 ἐστι

2399 3072 2459 3126 τὸ
2516 3073 2680 3142 μηδὲν
2723 3072 2834 3124 τῶν
2888 3072 2982 3125 ἐπὶ
3029 3073 3229 3144 μέρους
3287 3077 3540 3142 ἀγνοεῖν·
3604 3074 3789 3143 τρίτον
3817 3076 3897 3139 δὲ,
3932 3077 3996 3130 τὸ

2400 3164 2670 3234 ἐμπαθεῖς
2727 3166 2870 3235 ἔχειν
2899 3165 3194 3237 λογισμούς
3221 3166 3356 3239 (25)·
3386 3166 3641 3238 τέταρτον
3671 3169 3751 3234 δὲ,
3781 3169 3841 3222 τὸ
3866 3185 3997 3237 συγ-

2405 3256 2789 3310 κατατίθεσθαι
2810 3261 2876 3329 τῇ
2899 3259 3166 3330 ἁμαρτίᾳ..

2477 3520 2574 3571 λε’.
2607 3519 2802 3589 Ψυχῆς
2838 3521 2986 3574 ἐστιν
3023 3521 3358 3592 ἀκαθαρσία,
3386 3522 3446 3575 τὸ
3473 3521 3544 3594 μὴ
3572 3524 3819 3592 ἐνεργεῖν
3850 3525 3998 3578 κατὰ

2403 3611 2564 3681 φύσιν
2588 3612 2720 3684 (24).
2756 3614 2850 3666 Ἐκ
2871 3613 3061 3666 τούτου
3095 3613 3200 3685 γὰρ
3227 3616 3503 3668 τίκτονται
3527 3615 3604 3686 τῷ
3627 3617 3705 3686 νῷ
3729 3621 3778 3670 oi
3808 3620 3996 3687 ἐμπαι-

2402 3706 2514 3769 Osi;
2544 3706 2811 3778 λογισμοί.
2841 3707 2973 3761 Τότε
3007 3709 3116 3780 γὰρ
3149 3709 3290 3763 κατά
3327 3709 3487 3779 φύσιν
3512 3713 3746 3781 ἐνεργεῖ,
3778 3711 3912 3765 ὅταν
3939 3714 3995 3764 αἱ

2401 3797 2704 3868 παθητικαὶ
2726 3799 2897 3870 αὐτῆς
2921 3801 3178 3871 δυνάμεις
3210 3819 3224 3834 ο
3259 3805 3287 3856 6
3313 3801 3484 3875 ουμδς
3511 3803 3654 3874 λέγω
3679 3805 3777 3858 καὶ
3808 3807 3840 3876 ἡ
3867 3807 3993 3857 ἐπι-

2401 3891 2600 3963 θυμία,
2637 3893 2696 3946 ἐν
2730 3895 2796 3964 τῇ
2818 3891 2926 3946 τῶν
2975 3897 3319 3966 πραγμάτων
3371 3897 3467 3950 καὶ
3521 3897 3630 3952 τῶν
3688 3899 3747 3951 ἐν
3805 3899 3994 3962 αὐτοῖς

2399 3986 2689 4059 νοημάτων
2726 3985 2988 4058 προϐολῇ,
3027 3987 3258 4053 ἀπαθεῖς
3286 3989 3625 4062 διαμείνωσι.

2472 4266 2582 4330 λς’.
2631 4265 2893 4338 Σώματός
2935 4267 3086 4319 ἐστιν
3131 4264 3458 4339 ἀκαθαρσία,
3495 4267 3528 4321 ἡ
3555 4267 3677 4320 κατ’
3701 4267 3997 4337 ἐνέργειαν

2401 4360 2664 4432 ἁμαρτία.

2470 4452 2568 4516 λζ’.
2613 4452 2826 4522 Ἀγαπᾷ
2874 4449 3104 4534 ἡσυχίαν
3143 4453 3171 4505 6
3218 4451 3293 4523 μὴ
3335 4451 3561 4522 πάσχων
3607 4451 3746 4523 πρὸς
3787 4453 3859 4506 τὰ
3897 4453 3997 4506 τοῦ

704 4543 876 4598 rebus
900 4558 1007 4596 non
1045 4542 1281 4596 afﬁcitur
1309 4560 1320 4596 :
1357 4559 1656 4614 omnesque
1693 4546 1945 4603 homines
1975 4549 2172 4620 diligit,
2199 4552 2294 4620 qui

2401 4543 2608 4613 κόσμου
2641 4559 2653 4573 ·
2723 4544 2818 4596 καὶ
2868 4545 3056 4614 ἀγαπᾷ
3104 4544 3312 4607 πάντας
3367 4544 3706 4615 ἀνθρώπους
3735 4547 3767 4598 6
3822 4547 3999 4616 μηδὲν

708 4637 916 4690 nullam
949 4635 1126 4705 diligit
1155 4636 1517 4689 humanarum
1550 4653 1732 4692 rerum
1764 4657 1776 4691 :
1811 4640 2020 4710 Deique
2045 4657 2108 4696 ac
2145 4641 2294 4696 divi-

708 4741 906 4782 norum
937 4725 1106 4796 pollet
1139 4727 1390 4792 scientia,
1424 4727 1517 4798 qui
1564 4728 1621 4782 in
1666 4729 1818 4784 nullo
1851 4732 2171 4798 offenditur,
2206 4733 2295 4788 vel

709 4826 934 4890 propter
977 4818 1197 4884 delicta,
1237 4819 1324 4874 vel
1370 4829 1598 4892 propter
1647 4823 2007 4894 cogitationes
2055 4842 2178 4896 qua:
2228 4843 2294 4884 ex

707 4911 1024 4981 suspicione
1053 4919 1376 4968 nascuntur.

778 5002 868 5058 58.
917 5001 1169 5073 Magnum
1215 5003 1438 5074 quidem
1487 5011 1594 5068 est,
1644 5002 1795 5058 nulla
1851 5005 2017 5060 rebus
2064 5005 2295 5063 libidine

708 5093 885 5160 allici;
912 5103 968 5148 at
1002 5095 1162 5165 longe
1189 5093 1295 5150 hoc
1327 5097 1523 5166 majus,
1557 5110 1750 5150 earum
1793 5095 1960 5150 etiam
2004 5099 2297 5169 cogitatio-

708 5185 894 5250 nibus,
921 5200 952 5239 a
981 5185 1214 5240 libidine
1246 5186 1546 5241 immunem
1578 5185 2149 5259 imperturbatumque
2183 5205 2297 5244 ma-

710 5295 868 5336 nere.

776 5374 867 5430 59.
898 5373 1149 5431 Charitas
1174 5384 1232 5430 et
1256 5373 1620 5439 continentia,
1654 5373 1902 5429 animum
1929 5375 2297 5446 imperturba-
2343 5379 2362 5414 ³

709 5477 824 5523 tum
853 5483 981 5538 erga
1016 5481 1104 5522 res
1137 5481 1432 5537 rerumque
1462 5466 1824 5536 cogitationes
1852 5467 2192 5523 custodiunt.

775 5645 867 5702 40.
903 5645 1032 5700 Pius
1071 5646 1287 5701 animus
1318 5660 1383 5700 ac
1416 5643 1724 5714 religiosus,
1763 5660 1872 5700 non
1909 5645 2174 5703 adversus
2209 5665 2296 5705 res

779 5833 826 5867 σι
859 5829 999 5887 Psal.
1031 5844 1135 5896 XCI,
1167 5828 1219 5882 9.

2400 4633 2631 4703 ἀγαπῶν
2671 4633 3010 4704 ἀνθρώπινον
3037 4651 3052 4667 ο
3089 4637 3186 4688 καὶ
3219 4636 3419 4703 γνῶσιν
3448 4635 3559 4704 ἔχει
3589 4635 3725 4688 Θεοῦ
3761 4637 3859 4689 καὶ
3887 4637 3999 4690 τῶν

2402 4726 2583 4791 θείων,
2627 4727 2656 4779 6
2695 4727 2773 4798 μὴ
2810 4726 3298 4798 σκανδαλιζόμενος
3333 4727 3410 4791 εἷς
3433 4746 3576 4792 τινα,
3612 4729 3721 4782 εἴτε
3756 4729 3852 4783 διὰ
3887 4749 3996 4785 πα·-

2406 4817 2768 4888 ραπτώματα,
2795 4818 2904 4873 εἴτε
2935 4818 3024 4872 διά
3054 4818 3347 4888 λογισμοὺς
3379 4821 3438 4886 ἐξ
3466 4820 3745 4884 ὑπονοίας.

2472 4986 2575 5058 λη’.
2603 4987 2763 5056 Μέγα
2797 4987 2894 5056 μὲν
2914 4987 2975 5041 τὸ
2998 4987 3074 5058 μὴ
3102 4987 3332 5058 πάσχειν
3376 4988 3513 5060 πρὸς
3548 4989 3617 5042 τά
3659 4990 3999 5062 πράγματα·

2407 5077 2594 5148 μεῖζον
2628 5078 2686 5132 δὲ
2715 5078 2909 5132 τούτου
2932 5078 3136 5150 πολλῷ,
3170 5079 3230 5133 τὸ
3256 5079 3392 5152 πρὸς
3417 5077 3486 5133 τά
3511 5080 3719 5134 τούτων
3740 5085 4000 5153 νοήματα

2405 5168 2591 5239 ἀπαθῆ
2612 5168 2906 5239 διαμεῖναι.

2469 5369 2567 5424 λο’.
2611 5367 2826 5440 Ἀγάπη
2851 5368 2945 5423 καὶ
2964 5369 3260 5440 ἐγκράτεια
3313 5368 3498 5440 ἀπαθῆ
3525 5369 3617 5422 τὸν
3643 5369 3774 5424 νοῦν
3807 5372 4005 5443 διατη-

2399 5462 2551 5534 ροῦσι
2570 5461 2708 5534 πρός
2732 5479 2791 5515 τε
2817 5462 2885 5516 τὰ
2903 5461 3225 5533 πράγματα,
3256 5464 3347 5517 καὶ
3374 5462 3509 5534 πρὸς
3537 5462 3605 5515 τά
3633 5463 3847 5516 τούτων
3875 5466 4005 5535 νοή-

2399 5573 2566 5625 ματα.

2471 5645 2543 5718 μ’.
2577 5646 2650 5699 Οὺ
2687 5645 2822 5716 πρὸς
2848 5643 2915 5698 τὰ
2952 5645 3257 5716 πράγματα
3284 5647 3312 5698 6
3347 5644 3466 5708 νοῦς
3495 5645 3728 5716 πολεμεῖ
3760 5647 3857 5701 τοῦ
3888 5647 4007 5705 θεο-
