4208 6436
269 415 400 479 1029

1104 392 1456 457 CAPITUM
1491 388 1587 448 DE
1627 378 2058 444 CIIARITATE
2093 376 2478 437 CENTURIA
2520 376 2633 436 ΙΙΙ.

3382 376 3517 445 1030

266 525 477 596 φιλοῦς,
508 523 629 576 οὐδὲ
659 519 794 592 πρὸς
817 517 883 571 τὰ
906 515 1114 569 τούτων
1145 510 1394 578 νοήματα
1419 520 1431 534 ·
1464 499 1600 596 ἀλλὰ
1622 497 1757 596 πρὸς
1781 494 1850 596 τὰ

1948 499 2172 559 pugnat,
2208 498 2302 542 aut
2334 504 2518 542 rerum
2549 487 2911 559 cogitationes
2948 504 2961 540 :
3007 488 3101 542 sed
3135 489 3401 546 adversus
3433 497 3515 547 af-

267 585 532 686 πάθη
576 585 959 680 τοῖξνοήμασι
1004 597 1424 668 συνεζευγμένα.
1449 588 1593 686 Οίον,
1617 590 1678 686 οὐ
1711 585 1843 657 πρὸς

264 710 365 777 τὴν
396 684 628 775 γυναῖκα
689 702 937 771 πολεμεῖ,
993 695 1111 750 οὐδὲ
1172 691 1308 761 πρὸς
1362 687 1455 739 τὸν
1504 684 1843 777 λυπήᾼσαντα,

1944 582 2120 635 fectus
2145 596 2209 634 ac
2245 581 2524 642 libidines,
2556 595 2678 648 quae
2708 581 2816 634 illis
2845 582 3149 651 conjuncta:
3184 590 3331 637 sunt.
3360 584 3517 648 Puta,

1945 689 2053 727 non
2081 690 2204 727 cum
2239 673 2467 727 muliere
2498 679 2723 741 pugnat,
2755 672 2841 726 vel
2872 688 2995 725 cum
3028 688 3096 727 eo
3118 674 3215 742 qui
3256 674 3387 728 fecit
3433 675 3519 729 in-

266 760 388 852 οόδὲ
408 760 554 867 ,πρὸς
580 796 679 857 τὰς
700 760 907 846 τούτων
927 785 1223 857 φαντασίας
1248 799 1262 813 ι
1294 778 1429 834 ἀλλά
1450 775 1583 846 πρὸς
1605 774 1671 827 τά
1698 770 1845 839 πάθη

1941 762 2161 831 juriam,
2193 777 2295 814 nec
2333 777 2459 814 eum
2492 776 2683 814 eorum
2718 760 3142 817 obversantibus
3162 765 3346 817 animo
3371 766 3521 835 cogi-

266 889 337 941 τὰ
368 889 489 949 ταῖς
519 882 841 955 φαντασίαις
872 873 1291 944 συνεζευγμένα.

346 1041 455 1136 μαί.
512 1064 695 1123 Ἀπας
738 1061 766 1112 ό
821 1056 1055 1136 πόλεμος
1106 1050 1201 1104 τοῦ
1254 1042 1490 1117 μοναχοῦ
1537 1039 1672 1136 πρὸς

267 1127 531 1227 δαίμονας
556 1194 571 1219 ,
618 1154 708 1206 ἵνα
743 1150 813 1204 τὰ
840 1134 987 1216 πάθη
1011 1144 1118 1197 τῶν
1153 1139 1440 1209 νοημάτων
1462 1134 1691 1227 χωρίσῃ.
1724 1127 1850 1181 ’Λλ-

269 1222 377 1311 λως
422 1248 531 1317 γὰρ
579 1242 805 1304 ἀπαθῶς
837 1239 906 1293 τά
936 1237 1239 1307 πράγματα
1270 1229 1488 1302 βλέπειν
1509 1226 1569 1280 οὐ
1604 1222 1845 1277 δύναται.

349 1422 456 1491 μβ⁹.
479 1421 640 1473 ’Δλλο
672 1416 788 1471 ἐστὶ
811 1416 1065 1487 πρᾶγμα,
1097 1409 1191 1464 καὶ
1220 1408 1346 1462 ἀλλο
1372 1405 1568 1475 νόημα,
1608 1401 1700 1456 καὶ
1725 1400 1850 1455 ἄλλο

274 1514 468 1577 πάϋος.
533 1513 643 1566 Καὶ
691 1510 925 1580 πρᾶγμα
968 1505 1066 1575 μέν
1109 1504 1300 1563 ἐστιν,
1337 1496 1469 1561 οἷον,
1502 1496 1659 1565 ἀνὴρ,
1690 1493 1847 1561 γυνὴ,

273 1607 495 1678 χρυσὸς,
524 1604 617 1657 καὶ
649 1603 717 1656 τὰ
750 1601 894 1671 ἑξῆς.
928 1599 1124 1668 Νόημα
1162 1595 1218 1648 δὲ
1243 1635 1260 1659 ,
1309 1590 1440 1655 οἷον,
1484 1590 1671 1659 μνήμη
1721 1584 1850 1654 ψιλή

272 1713 415 1758 τινος
439 1694 548 1747 τῶν
567 1690 1005 1764 προειρημένων.
1030 1685 1206 1749 Πάθος
1222 1685 1298 1751 δὲ,
1321 1679 1451 1748 οἷον,
1471 1680 1620 1751 φιλία
1636 1678 1849 1764 ἄλογος,

275 1786 312 1856 ἦ
354 1788 510 1855 μῖσος
558 1763 779 1854 ἄκριτόν
821 1798 964 1843 τινος
986 1780 1094 1833 τῶν
1126 1775 1559 1848 προειρημένων.
1591 1769 1731 1841 Πρὸς
1761 1763 1852 1822 οὖν

274 1877 340 1930 τὸ
368 1875 541 1939 πάθος
568 1877 686 1929 ἐστὶ.
710 1873 805 1929 τοῦ
836 1871 1073 1944 μοναχοῦ
1108 1873 1142 1942 ἡ
1178 1870 1346 1941 μάχη.

354 2151 464 2226 μγ’.
515 2149 714 2222 Νόημά
738 2151 854 2202 ἐστι
884 2144 1147 2219 ἐμπαθὲς,
1172 2142 1429 2212 λογισμὸς
1461 2137 1712 2199 σύνθετος
1743 2134 1849 2226 ἀπδ

230 2267 257 2285 σ
277 2224 489 2307 πάθους
522 2242 619 2296 καὶ
651 2235 961 2312 νοήματοςί
978 2235 1319 2307 Χωρίσωμεν
1334 2232 1403 2285 τὸ
1432 2229 1601 2290 πάθος
1625 2226 1733 2280 ἀπὸ
1756 2224 1849 2276 τοῦ

277 2340 571 2409 νοήματος,
597 2334 693 2389 καὶ
738 2330 1003 2401 ἀπομένει
1049 2329 1077 2380 ό
1102 2323 1362 2395 λογισμὸς
1407 2320 1579 2392 ψιλός.
1609 2315 1852 2409 Χωρίζοο

281 2406 468 2501 μεν-δὲ
498 2427 566 2481 δι’
594 2425 815 2495 ἀγάπης
846 2418 1220 2492 πνευματικῆς
1253 2414 1346 2468 καὶ
1378 2410 1726 2483 ἐγκρατείας,
1758 2406 1851 2459 ὲάν

279 2522 545 2591 θέλωμεν.

358 2693 460 2762 μδ’.
516 2692 582 2744 Δί
637 2687 735 2759 μὲν
788 2683 999 2755 ἀρεταὶ,
1040 2680 1152 2735 τῶν
1187 2678 1375 2733 παθῶν
1409 2674 1498 2728 τὸν
1536 2674 1659 2727 νοῦν
1692 2671 1854 2743 χωρία

280 2784 465 2847 ζουσιν
494 2797 509 2811 ·
546 2782 599 2832 αί
633 2778 691 2829 δὲ
726 2772 1096 2844 πνευματικαὶ
1123 2768 1363 2840 θεωρίαι,
1395 2766 1502 2819 τῶν
1531 2764 1700 2833 ψιλῶν
1729 2780 1855 2832 νοηο

285 2876 472 2944 μάτων
502 2889 517 2901 ·
548 2872 582 2941 ἡ
621 2869 679 2922 δὲ
724 2864 940 2937 καθαρὰ
989 2861 1265 2935 προσευχὴ
1318 2858 1466 2927 αὑτῷ
1507 2855 1668 2909 αὑτὸν
1714 2870 1857 2924 παρ-

284 2963 498 3029 ίστησιν
529 2957 608 3028 τῷ
633 2955 773 3026 Θεῷ.

359 3059 463 3123 με’.
490 3051 556 3105 Αἱ
581 3050 679 3120 μὲν
700 3046 914 3121 ἀρεταὶ,
939 3044 1027 3098 διὰ
1044 3043 1145 3115 τὴν
1173 3041 1373 3110 γνῶσιν
1400 3038 1510 3092 τῶν
1538 3034 1856 3105 γεγονότωνο

1947 854 2168 907 tatibus.
2217 853 2313 906 sed
2359 867 2481 906 cum
2530 850 2842 916 atl‘ectibus,
2886 866 3026 921 quos
3070 854 3147 907 illi
3198 858 3523 927 conjunctos

1947 945 2153 998 habent

2016 1037 2105 1089 41.
2141 1034 2274 1088 Belli
2319 1044 2429 1089 tota
2459 1036 2544 1088 vis
2584 1035 2851 1090 adversus
2900 1035 3177 1090 daemones
3222 1036 3277 1091 in
3312 1053 3380 1092 eo
3418 1038 3521 1094 sita

1946 1137 2031 1182 est
2059 1127 2345 1190 monache,
2378 1135 2439 1180 ut
2478 1126 2707 1180 allectus
2731 1143 2793 1181 ac
2822 1128 3082 1181 libidines
3111 1143 3141 1183 a
3167 1130 3367 1183 mentis
3394 1144 3526 1184 con-

1948 1218 2199 1287 ceptibus
2225 1225 2458 1287 separet.
2486 1216 2633 1270 Alias
2663 1217 2810 1270 enim
2842 1232 2932 1271 res
2964 1218 3168 1287 absque
3203 1219 3433 1276 libidine
3460 1235 3527 1279 ac

1948 1307 2362 1378 perturbatione
2396 1306 2584 1361 videre
2619 1322 2727 1359 non
2768 1315 2967 1375 potest.

2018 1398 2107 1452 42.
2150 1398 2309 1452 Aliud
2356 1406 2442 1451 est
2469 1411 2596 1457 'res,
2631 1398 2781 1451 aliud
2826 1398 2995 1452 animi
3030 1407 3346 1469 conceptus,
3373 1399 3524 1455 aliud

1950 1491 2179 1545 affectus
2217 1506 2313 1544 seu
2357 1490 2547 1544 libido.
2577 1490 2655 1543 Ac
2682 1491 2904 1559 quidem
2946 1506 3033 1545 res
3074 1500 3177 1554 est,
3207 1492 3375 1546 veluti
3414 1493 3523 1558 vir,

1950 1583 2171 1643 femina,
2210 1597 2428 1644 aurum,
2453 1598 2517 1636 ac
2546 1582 2776 1652 reliqua.
2811 1581 2999 1652 Animi.
3022 1594 3339 1651 conceptus,
3368 1592 3523 1655 puta,

1950 1674 2253 1745 cujuspiam
2291 1689 2480 1727 eorum
2508 1689 2630 1743 quae
2665 1674 2810 1729 dicta
2837 1681 2983 1738 sunt,
3016 1675 3162 1728 nuda
3187 1676 3526 1746 simplexque

1951 1767 2235 1821 memoria.
2286 1765 2529 1820 Allectus
2577 1775 2760 1821 autem
2807 1782 2903 1821 seu
2951 1767 3145 1833 libido,
3180 1769 3333 1822 velut
3372 1784 3529 1824 amor

1881 1830 1925 1890 Β
1952 1858 2165 1911 alienus
2191 1871 2223 1910 a
2256 1856 2486 1916 ratione,
2514 1856 2601 1909 vel
2629 1856 2818 1909 odium
2841 1857 3049 1926 judicio
3074 1830 3303 1913 rationis
3332 1874 3528 1913 carens

1948 1948 2178 2019 alicujus
2224 1947 2516 2001 dictorum.
2566 1947 2831 2002 Monacho
2883 1948 3050 2018 igitur
3081 1948 3345 2004 adversus
3389 1949 3525 2004 affe-

1949 2050 2097 2095 ctum
2123 2055 2185 2094 ac
2210 2039 2494 2093 libidinem
2525 2038 2791 2095 incumbit
2817 2040 3190 2109 pugnandum.

2016 2132 2105 2184 45.
2144 2120 2348 2184 Vitiosa
2394 2127 2797 2197 libidinosaque
2830 2131 3031 2185 mentis
3074 2132 3386 2203 conceptio,
3429 2147 3526 2188 eo-

1950 2220 2140 2290 gitatio
2161 2226 2245 2274 est
2277 2218 2577 2288 composita
2602 2234 2670 2273 ex
2693 2220 2920 2275 libidine
2964 2236 3061 2275 seu
3103 2222 3324 2286 atl‘ectu,
3368 2239 3526 2280 men-

1954 2312 2131 2380 tisque
2157 2312 2246 2365 illa
2270 2311 2647 2380 conceptione.
2680 2310 3008 2382 Separemns
3040 2329 3170 2383 ergo
3199 2315 3268 2370 ab
3306 2331 3369 2369 ea
3396 2316 3526 2372 libi-

1952 2404 2134 2457 dinem
2164 2419 2259 2457 seu
2285 2402 2561 2467 allectum,
2590 2404 2805 2472 eritque
2840 2404 2986 2458 nuda
3023 2420 3088 2459 ac
3119 2405 3349 2474 simplex
3376 2404 3525 2477 cegi-

1955 2494 2105 2547 talio.
2157 2493 2543 2562 Separabimus
2584 2503 2802 2557 autem,
2847 2496 2978 2549 dum
3018 2497 3394 2562 voluerimus,
3429 2515 3527 2569 per

1952 2584 2303 2639 dilectionem
2327 2585 2627 2653 spiritalem
2653 2594 2707 2641 et
2731 2587 3146 2641 continentiam.

2023 2675 2112 2727 44.
2146 2674 2410 2737 Virtutes,
2441 2675 2511 2727 ab
2556 2675 2845 2730 affectibus
2890 2686 3052 2746 atque
3097 2679 3247 2735 vitiis
3289 2688 3527 2735 mentem

1955 2777 2212 2834 separant
2239 2783 2252 2819 :
2277 2766 2553 2836 spiritales
2574 2776 2755 2821 autem
2776 2770 3284 2839 contemplationes,
3311 2788 3341 2826 a
3367 2774 3529 2829 nudis

1958 2856 2092 2925 ipsis
2133 2858 2488 2926 cont-eptibus
2524 2874 2587 2913 ac
2625 2860 3087 2928 cogitationibus:
3116 2877 3253 2931 pura
3292 2863 3530 2936 denique

1960 2948 2157 3011 oratio,
2187 2948 2290 3017 ipsi
2318 2950 2429 3002 Deo
2457 2963 2575 3002 eam
2604 2949 2845 3005 adhibet.

2031 3038 2195 3110 434
2249 3040 2336 3093 45.
2374 3040 2648 3101 Virtutes,
2708 3048 2936 3109 propter
2984 3056 3167 3095 rerum
3221 3052 3529 3099 creatarum

282 3147 321 3217 ἠ
371 3145 429 3197 δὲ
472 3141 695 3213 γνῶσις,
739 3139 827 3193 διὰ
865 3137 958 3192 τὸν
999 3135 1337 3205 γινώσκοντα
1366 3148 1378 3162 ο
1412 3134 1441 3184 ὁ
1471 3130 1526 3183 δὲ
1548 3127 1852 3198 γινώσκων,

1962 3130 2243 3185 scientiam
2283 3138 2438 3193 sunt;
2488 3130 2741 3188 scientia,
2781 3138 3004 3200 propter
3033 3148 3158 3186 eum
3191 3133 3285 3202 qui
3325 3134 3429 3189 scit
3468 3152 3530 3189 ac

282 3236 377 3290 διὰ
404 3236 498 3288 τὸν
536 3231 830 3302 ἀγνώστως
864 3228 1287 3299 γινωσκόμενον,
1335 3226 1428 3278 καὶ¹
1473 3222 1613 3291 ὑπὲρ
1660 3219 1857 3288 γνῶσιν

1962 3221 2242 3291 cognoscit
2282 3239 2295 3273 :
2338 3237 2674 3290 cognoscens
2718 3232 2900 3277 autem
2945 3239 3009 3278 ac
3053 3224 3263 3287 sciens,
3309 3238 3532 3295 propter

284 3327 643 3397 γινώσκοντα.

366 3595 483 3660 μςθ.
540 3586 653 3656 οὐχ
705 3585 782 3647 ὡς
819 3578 1216 3656 προσδεόμενός
1247 3591 1389 3637 τινος
1431 3574 1459 3626 ὁ
1506 3569 1861 3642 ὑπερπλήρης

286 3680 442 3743 Θεὸς,
478 3678 802 3748 παρήγαγεν
839 3674 919 3736 είς
949 3671 1010 3747 τό
1044 3666 1274 3725 εἶναιτὰ
1296 3665 1558 3736 γεγονότα
1591 3680 1603 3694 '
1638 3661 1751 3716 ἀλλ’
1777 3662 1862 3714 ἵνα

287 3771 434 3827 αὐτὰ
469 3769 568 3839 μὲν
603 3765 768 3823 αὐτοῦ
793 3765 1069 3832 ἀναλόγως
1114 3761 1410 3832 μετέχοντα
1439 3754 1710 3826 ἀπολαύῃ,
1748 3752 1859 3825 [Fr.

288 3860 606 3932 ἀπολαύσῃ]
654 3857 818 3920 αὐτὸς
848 3856 907 3909 δὲ
934 3852 1212 3924 εὐφρανθῇ
1243 3851 1338 3902 ἐπὶ
1358 3850 1471 3911 τοῖς
1492 3847 1674 3917 ἔργοις
1694 3841 1860 3897 αὐτοῦ

288 3957 435 4029 ὁρῶν
474 3954 614 4010 αὐτά
648 3950 1069 4021 εὐφραινόμενα,
1101 3946 1197 4000 καὶ
1235 3945 1325 3998 τὸν
1353 3942 1645 4013 ἀκόρεστον
1672 3936 1866 4007 ἀκορέ-

292 4065 439 4111 στως
470 4043 545 4117 (ο)
580 4045 668 4098 ἀεὶ
704 4039 1092 4113 κορεννύμενα.

369 4141 477 4210 μετ’.
506 4135 737 4197 Πολλοὺς
768 4132 880 4202 ἔχει
905 4132 934 4183 ό
966 4129 1169 4200 κόσμος
1195 4128 1440 4196 πτωχοὺς
1467 4126 1544 4197 τῷ
1573 4130 1863 4196 πνεύματι,

290 4232 434 4287 ἀλλὰ
488 4228 641 4299 παρά
671 4226 734 4279 τὺ
769 4223 1066 4295 προσῆκον.
1106 4221 1216 4274 Kal.
1247 4219 1476 4282 πολλοὺς
1512 4219 1864 4287 πενθοῦντας,

292 4321 436 4378 ἀλλὰ
480 4320 568 4373 διὰ
621 4316 825 4388 ζημίας
871 4313 1192 4384 χρημάτων,
1233 4310 1266 4381 ἢ
1318 4310 1589 4374 ἀποσολάς
1637 4311 1862 4365 τέκνων.

294 4412 412 4466 Καὶ
437 4409 665 4471 πολλοὺς
698 4400 915 4477 πραεῖς,
942 4402 1078 4456 ἀλλά
1114 4402 1251 4471 πρὸς
1279 4400 1347 4454 τά
1374 4401 1664 4471 ἀκάθαρτα
1690 4402 1859 4474 πάθη.

1960 3329 2084 3367 eum
2110 3313 2203 3382 qui
2226 3313 2405 3383 ignota
2434 3313 2641 3367 ratione
2662 3314 2835 3368 scitur
2854 3330 2919 3367 ac
2936 3319 3304 3383 cognoscitur,
3324 3318 3534 3386 scitque

1961 3421 2026 3460 ac
2056 3404 2333 3475 cognoscit
2365 3420 2526 3473 supra
2551 3419 2769 3460 omnem
2812 3406 3056 3462 scientiae
3098 3423 3162 3462 ac
3206 3410 3537 3479 cognitionis

1962 3496 2087 3549 mod
2097 3512 2210 3548 um.

2032 3587 2120 3641 46.
2154 3586 2273 3640 Non
2302 3586 2455 3640 velut
2501 3586 2683 3655 aliquo
2723 3587 2994 3657 indigens,
3023 3589 3116 3658 qui
3162 3606 3326 3659 supra
3371 3608 3535 3660 quam

1960 3678 2158 3747 plenus
2190 3687 2292 3743 est,
2332 3678 2491 3739 Deus,
2527 3694 2619 3733 res
2666 3680 2925 3747 produxit
2970 3690 3030 3734 ut
3074 3692 3291 3750 essent;
3338 3685 3430 3737 sed
3479 3694 3538 3738 nt

1964 3770 2094 3838 ipsae
2127 3784 2227 3839 pro
2271 3784 2365 3822 sua
2411 3785 2641 3838 qumque
2689 3771 2921 3835 ratione,
2954 3771 3353 3839 participando,
3393 3773 3540 3827 illius

1963 3860 2279 3914 fruerentur
2312 3860 2582 3924 bonitate;
2616 3860 2999 3930 laetareturque
3040 3862 3156 3930 ipse
3193 3863 3247 3915 in
3278 3864 3541 3931 operibus

1964 3951 2078 4007 suis
2128 3950 2319 4003 videns
2359 3965 2423 4003 ea
2467 3948 2660 4015 laetari,
2710 3960 2766 4004 et
2815 3949 3111 4004 insatiabili
3154 3950 3539 4005 insatiabiliter

1964 4057 2182 4112 semper
2221 4041 2429 4095 satiari.

2035 4134 2124 4188 47.
2168 4132 2364 4186 Multos
2409 4132 2648 4185 mundus
2689 4147 2958 4202 pauperes
2985 4133 3181 4201 spiritu
3214 4132 3399 4197 habet,
3444 4132 3538 4187 sed

1965 4231 2156 4278 contra
2191 4237 2353 4292 quam
2378 4222 2551 4276 decet.
2581 4222 2778 4277 Multos
2804 4238 3023 4291 quoque
3050 4223 3318 4292 lugentes,
3346 4222 3439 4276 sed
3470 4222 3542 4275 ob

1967 4316 2325 4386 pecuniarum
2364 4315 2655 4384 jacturam,
2698 4315 2783 4367 vel
2818 4313 3171 4368 amissionem
3218 4313 3539 4368 liberorum.

1968 4407 2163 4460 Multos
2190 4406 2319 4459 item
2350 4404 2529 4468 mites,
2548 4403 2648 4457 sed
2683 4403 2946 4458 adversus
2977 4404 3286 4457 immundos
3312 4403 3541 4457 allectus

296 4505 411 4559 Kal.
436 4501 661 4563 πολλοὺς
693 4497 989 4556 πεινῶντας
1018 4492 1114 4547 καὶ¹
1152 4492 1437 4561 διψῶντας,
1476 4493 1611 4547 ἀλλὰ
1653 4494 1713 4545 τὸ
1765 4496 1860 4566 ἀρ-

1971 4512 2036 4551 ac
2079 4494 2353 4549 libidines.
2383 4493 2558 4547 Etiam
2590 4494 2790 4546 multos
2831 4494 3141 4547 esurientes
3183 4503 3239 4546 et
3269 4494 3538 4549 sitientes.

296 4592 494 4657 πᾲζειν
514 4590 583 4643 τὰ
613 4588 886 4657 ἀλλότρια,
916 4582 1011 4638 ml.
1043 4581 1348 4652 κερδαίνειν
1372 4580 1430 4644 ἐξ
1480 4582 1711 4644 ἀδικίας.
1758 4584 1866 4637 Καὶ

298 4684 533 4745 πολλοὺς
580 4681 899 4751 ἐλεήμονας,
953 4674 1088 4728 ἀλλὰ
1124 4674 1258 4744 πρὸς
1284 4673 1344 4725 τὸ
1374 4673 1531 4742 σῶμα
1555 4675 1643 4728 καὶ
1677 4676 1743 4729 τά
1769 4676 1861 4728 τοῦ

296 4776 571 4847 σώματος.
605 4772 713 4826 Καὶ
747 4767 1021 4839 καθαροὺς
1061 4768 1129 4837 τῇ
1171 4763 1384 4835 καρδίᾳ,
1420 4763 1556 4817 ἀλλὰ
1591 4765 1679 4819 διὰ
1707 4782 1864 4819 κενο-

293 4866 499 4932 δοξῑαν.
538 4865 650 4920 Kal.
674 4860 1072 4933 εἰρηνοποιοὺς,
1104 4856 1241 4910 ἀλλὰ
1273 4856 1371 4923 τὴν
1400 4855 1577 4925 ψυχὴν
1600 4859 1665 4927 τῇ
1698 4858 1863 4928 σαρκὶ

295 4957 729 5018 ὑποτάσσοντας.
758 4951 869 5005 Καὶ
895 4949 1124 5011 πολλοὺς
1172 4946 1582 5017 δεδιωγμένους,
1626 4940 1740 5001 ἀλλ’
1791 4948 1864 5012 ὡς

295 5046 591 5109 ἀτάκτους.
624 5045 735 5099 Kal
768 5041 995 5103 πολλοὺς
1028 5038 1472 5107 ὀνειδιζομένους,
1503 5038 1618 5093 ἀλλ’
1662 5042 1749 5094 ἐπ’
1787 5044 1870 5095 ai-

298 5141 489 5212 σγροῖς
514 5137 897 5210 ἁμαρτήμασι⁸
929 5133 1043 5188 ἀλλ’
1067 5132 1266 5186 ἐκεῖνοι
1286 5130 1434 5200 μόνοι
1455 5133 1713 5205 μακάριοι
1731 5133 1868 5207 (25),

377 5295 583 5372 (0)7Kai
605 5293 711 5348 τὸν
731 5292 1064 5372 ἀκόρεστον
1085 5288 1443 5372 ἀκορέοςζῳς.
1465 5287 1557 5372 Sic
1577 5290 1875 5371 emendare

298 5360 496 5428 docuit
516 5380 661 5420 unus
692 5362 815 5417 cod.
838 5362 975 5431 Reg.
1026 5374 1089 5431 ac
1118 5360 1376 5431 quimihi
1411 5360 1708 5431 multorum
1758 5361 1877 5415 vice

298 5452 409 5505 est,
430 5436 586 5493 Dufr.
624 5433 875 5505 codtpro
906 5428 1013 5484 τῶν
1061 5429 1392 5505 ἀκορέ-στων,
1419 5428 1715 5505 quoderat
1762 5431 1878 5505 edi-

303 5498 408 5567 tis:
428 5509 563 5563 Male
584 5518 718 5558 vero
742 5498 948 5571 Obsop.
978 5509 1035 5554 et
1054 5498 1421 5571 Gesn.'ac_tive
1457 5498 1713 5571 reddunt,
1739 5501 1879 5571 alter

301 5582 472 5638 etiam
505 5572 841 5634 soloecismo,
880 5568 1056 5623 ferum
1095 5568 1500 5629 insatiabilium,
1539 5569 1679 5622 alter
1714 5570 1877 5638 paulo

305 5648 579 5707 Latinius,
613 5643 763 5696 rebus
788 5639 1172 5695 insatiabilibus
1271 5654 1378 5692 non
1424 5640 1570 5692 enim
1600 5640 1752 5708 quasi
1809 5640 1876 5694 de

307 5720 477 5775 rebus
495 5713 825 5770 satiantibus
848 5726 911 5765 ea
944 5725 1048 5764 vox
1094 5708 1315 5772 dicitur,
1361 5709 1454 5763 sed
1497 5709 1565 5762 de
1604 5710 1873 5778 personis,

308 5806 434 5862 qua
465 5784 653 5843 satiari
680 5798 790 5838 non
820 5787 1071 5851 possunt.
1114 5780 1347 5834 Phavor.
1383 5780 1697 5850 Ἀκόρεστος
1719 5780 1874 5847 λέγε-

1930 5626 1931 5629 η
1975 5572 2123 5624 nulla
2165 5572 2388 5624 satietas
2415 5571 2559 5624 cadit
2611 5572 2693 5623 sui
2732 5570 3012 5631 fruitione,
3080 5571 3158 5623 uti
3203 5586 3302 5621 iet-.-

1972 4603 2164 4644 verum
2195 4598 2255 4641 ut
2287 4585 2467 4641 aliena
2503 4585 2737 4654 rapiant,
2768 4601 2831 4639 ac
2860 4586 3057 4655 injusta
3096 4587 3245 4640 lucra
3274 4600 3541 4654 quaerant.

1974 4682 2079 4737 Sed
2113 4687 2169 4735 et
2214 4670 2414 4733 multos
2455 4677 2860 4742 misericordes,
2889 4693 3075 4731 verum
3108 4694 3234 4745 erga
3261 4693 3462 4745 corpus
3491 4686 3541 4730 et

1972 4790 2035 4830 ea
2064 4788 2186 4843 quae
2229 4771 2295 4826 ad
2338 4786 2539 4839 corpus
2570 4779 2833 4840 spectant.
2871 4770 3066 4824 Multos
3111 4770 3314 4823 mundo
3357 4770 3543 4832 corde,

1970 4880 2164 4919 verum
2212 4863 2390 4916 inanis
2431 4862 2615 4931 gloriae
2647 4876 2829 4915 causa.
2880 4861 3076 4915 Multos
3118 4862 3404 4931 paciﬁcos.
3448 4861 3544 4915 sed

1972 4956 2065 5027 qui
2091 4954 2243 5009 carni
2288 4955 2529 5007 animum
2573 4952 2886 5023 subjiciant.
2934 4953 3131 5008 Multos
3164 4954 3256 5023 qui
3286 4969 3545 5021 persecu-

1973 5048 2177 5103 tionem
2205 5045 2502 5114 patiantnr,
2535 5045 2630 5099 sed
2669 5055 2922 5115 tanquam
2954 5046 3285 5113 immorigeri
3314 5054 3370 5099 et
3394 5045 3538 5098 inor~

1975 5135 2165 5191 dinati.
2212 5135 2409 5189 Multos
2447 5136 2539 5204 qui
2581 5137 2780 5205 probra
2828 5137 3134 5189 sustineant
3178 5152 3240 5188 ac
3281 5136 3539 5197 convitia,

1973 5310 2063 5344 ται
2092 5304 2119 5345 ο
2157 5292 2229 5360 μὴ
2260 5292 2419 5359 κόρον
2444 5290 2731 5360 λαμϐάνων
2750 5291 2890 5351 τινός
2909 5308 2922 5321 ·
2943 5287 3071 5344 οἷον.
3096 5292 3392 5356 ἀκόρεστος
3419 5309 3519 5359 γρττ
3543 5326 3549 5331 -

1980 5363 2183 5431 μάτων,
2220 5362 2512 5431 ἀκόρεστος
2578 5360 2928 5431 ἡδονῆςηκαὶ
2986 5364 3297 5430 ἀκόρεστος.
3354 5363 3380 5410 ό
3423 5363 3550 5428 περὶ

1974 5430 2179 5500 τροφὴν
2203 5430 2497 5498 ἄπληστος.
2528 5430 2616 5483 Ait
2638 5446 2767 5499 ergo
2802 5430 3086 5489 Maximus.
3120 5432 3550 5484 satim-iinsnlia-

1974 5502 2149 5554 biliter
2211 5500 2525 5558 insatiabili.
2566 5500 2618 5553 id
2677 5508 2781 5561 est,
2816 5502 2935 5567 ipso
2967 5503 3110 5554 lien:
3155 5500 3206 5551 in
3226 5516 3389 5568 quem
3425 5518 3547 5554 verr.

3371 5589 3420 5623 in
3453 5588 3547 5624 t‘uS

1974 5642 2065 5708 qui
2117 5642 2235 5707 ejus
2286 5641 2499 5693 fruendi
2559 5642 2859 5709 participes
2926 5652 3072 5697 sunt,
3119 5641 3251 5706 quin
3294 5655 3545 5707 semper,

1973 5727 2036 5763 ac
2073 5721 2276 5778 quanta
2318 5711 2598 5765 :eternitas
2645 5722 2749 5773 est,
2791 5712 2948 5763 beato
2999 5716 3101 5763 tam:
3161 5714 3250 5764 illo
3302 5714 3405 5762 ι’.·υι
3456 5726 3545 5764 ’νεξ-

1972 5782 2092 5833 lim.
