4208 6436
717 324 839 387 1031

1865 333 1923 391 S.
1969 331 2255 390 ΜΛΧΙΜῙ
2296 330 2806 393 CONFESSORIS

3829 335 3970 400 1032

707 435 802 488 sed
843 435 915 490 ob
957 437 1160 508 turpia,
1195 454 1316 508 qua:
1362 445 1598 508 patrant.
1631 439 1832 494 Verum
1873 442 1908 494 ii
1947 441 2284 496 solummodo

2393 445 2442 496 οί
2482 442 2572 498 διὰ
2600 444 2838 516 Χριστὸν
2867 444 2960 499 καὶ
2984 443 3125 500 κατὰ
3149 446 3386 517 Χριστὸν
3409 445 3584 501 ταῦτα
3621 447 3713 500 καὶ
3745 449 3966 501 ποιοῦν-

679 526 876 590 -beati,
912 529 1006 597 qui
1051 538 1272 598 propter
1311 528 1591 583 Christum
1625 546 1688 584 ac
1729 530 2039 585 Christiana
2084 532 2285 601 pietate

707 621 825 675 hinc
870 630 924 674 et
966 621 1171 675 faciunt
1214 627 1272 674 et
1305 622 1608 691 patiuntur.
1641 621 1912 687 Quorsum
1945 624 2113 676 vero?
2147 621 2288 688 Quo-

709 715 856 766 niam
897 715 1132 782 ipsorum
1181 722 1258 766 est
1293 729 1509 784 regnum
1555 715 1826 778 caelorum,
1873 723 1950 777 et,
2003 715 2140 780 Quia
2185 717 2287 785 ipsi

708 805 872 858 Deum
904 806 1147 859 videbunt
1179 803 1248 870 ⁸³,
1281 814 1386 860 etc.
1413 806 1620 874 Itaque,
1647 820 1754 860 non
1781 806 1910 875 quia
1936 806 2051 861 haec
2082 807 2289 862 faciunt

709 909 772 947 ac
806 894 1108 962 patiuntur,
1153 903 1278 948 sunt
1310 894 1450 948 beati
1491 895 1636 963 (cum
1666 903 1722 949 et
1757 895 1794 948 ii
1835 911 1976 966 quos
2009 897 2283 962 dicebam,

712 985 949 1054 idipsum
997 986 1252 1055 faciant),
1287 984 1383 1040 sed
1431 984 1578 1054 quod
1625 993 1849 1054 propter
1889 986 2171 1042 Christum
2224 1001 2289 1042 ac

710 1074 1018 1130 Christiana
1048 1077 1267 1145 pietate,
1300 1075 1415 1130 hate
1438 1086 1494 1131 et
1521 1075 1729 1130 faciunt
1753 1085 1810 1131 et
1834 1077 2139 1146 patiuntur.

782 1168 872 1220 48.
919 1167 976 1220 In
1007 1167 1264 1221 omnibus
1305 1183 1427 1236 qua:
1455 1183 1484 1220 a
1519 1168 1677 1221 nobis
1719 1178 1975 1238 aguntur,
2009 1169 2134 1225 ﬁnis
2176 1172 2288 1226 Deo

712 1257 1056 1325 exquiritur,
1117 1264 1176 1310 ut
1222 1261 1418 1326 smpius
1472 1259 1679 1311 dictum
1725 1269 1843 1324 est;
1891 1261 2008 1314 sive
2062 1273 2288 1331 propter

713 1349 913 1415 ipsum,
945 1348 1059 1402 sive
1097 1346 1320 1401 alterius
1351 1348 1672 1418 cujusquam
1708 1351 1880 1420 gratia
1924 1366 2166 1421 agamus.
2210 1352 2288 1406 Ne

713 1439 880 1508 igitur
907 1457 1030 1493 eum
1079 1440 1205 1492 boni
1239 1440 1447 1507 aliquid
1481 1457 1642 1509 agere
1679 1443 1734 1496 in
1779 1444 2022 1496 animum
2055 1443 2288 1498 induxe-

714 1530 906 1597 rimus,
936 1531 1234 1584 humanum
1275 1530 1515 1586 favorem
1542 1547 1606 1586 ac
1639 1548 1828 1587 auram
1853 1545 2156 1604 captemus,
2193 1537 2289 1592 sed

713 1622 884 1675 Deum
925 1623 1085 1676 nobis
1124 1625 1284 1676 linem
1315 1638 1715 1692 proponamus;
1750 1635 1808 1680 ut
1836 1627 1889 1682 in
1921 1643 2045 1682 eum
2075 1643 2290 1699 semper

711 1713 1058 1781 aspicientes,
1101 1724 1326 1783 propter
1374 1713 1554 1782 ipsum
1602 1717 1786 1770 omnia
1835 1732 2079 1787 agamus,
2129 1734 2198 1772 ne
2234 1729 2289 1773 et

714 1804 956 1857 laborem
981 1796 1369 1869 sustineamus,
1397 1815 1452 1861 et
1475 1807 1783 1862 mercedem
1811 1809 2144 1864 amittamus.

784 1896 872 1949 49.
900 1897 1086 1950 Nudas
1115 1898 1259 1966 ipsas
1291 1898 1651 1952 humanarum
1699 1915 1883 1954 rerum
1931 1916 1996 1956 ac
2037 1905 2286 1973 negotio-

715 2001 836 2039 rum
884 1989 1262 2058 cogitationcs,
1310 2005 1606 2060 rerumque
1649 1992 1896 2046 omnium
1941 1994 2286 2050 conditarum

712 2076 1195 2143 eonsiderationes,
1227 2081 1402 2150 abjice
1430 2083 1615 2137 animo
1641 2098 1766 2138 eum
1794 2086 2052 2154 precibus
2077 2089 2184 2142 erit
2207 2089 2288 2142 in-

711 2171 1114 2238 eumbendum;
1145 2189 1212 2228 ne
1239 2173 1380 2229 forte
1405 2177 1651 2244 cogitans
1679 2193 1800 2246 quae
1825 2178 2099 2234 deteriora
2135 2193 2284 2246 sunt,

709 2263 827 2330 ejus
853 2265 945 2332 qui
991 2265 1154 2318 rebus
1180 2265 1438 2320 onmibus
1477 2267 1616 2322 citra
1662 2282 1881 2323 omnem
1924 2274 2287 2342 comparatio-

713 2370 836 2409 nem
877 2365 1112 2424 pr:cstat,
1137 2358 1406 2426 jacturam
1432 2360 1648 2415 feceris.

777 2446 939 2516 435
990 2447 1075 2502 50.
1110 2448 1166 2502 Si
1199 2465 1329 2504 vere
1360 2465 1425 2504 ex
1454 2451 1638 2505 animo
1679 2452 1850 2506 Deum
1897 2454 2282 2520 dilexerimus,

711 2536 997 2605 ipsiusmet
1021 2539 1310 2595 charitatis
1333 2543 1384 2595 vi
1429 2542 1689 2598 libidines
1723 2553 1888 2613 atque
1928 2546 2158 2602 affectus
2191 2550 2287 2604 dc-

711 2630 994 2696 pellenms.
1027 2632 1119 2684 Dei
1154 2640 1336 2685 autem
1371 2632 1611 2688 Charitas
1641 2635 1697 2687 in
1741 2650 1808 2688 eo
1848 2647 1953 2700 est,
2003 2647 2061 2691 ut
2106 2638 2283 2707 ipsum

713 2723 935 2781 ιιηιιιιιο.
970 2731 1027 2776 et
1072 2737 1310 2778 animam
1351 2737 1499 2778 carni
1537 2725 1922 2794 praferamus;
1967 2745 2028 2782 ca
2078 2731 2286 2786 scilicet

711 2814 919 2865 ratione
950 2814 1094 2880 quod
1127 2815 1324 2882 spretis
1354 2815 1704 2870 saecularibus
1728 2818 1980 2888 negotiis,
2005 2821 2053 2874 ei
2080 2822 2285 2891 jugiter

710 2919 806 2972 per
838 2904 1231 2958 continentiam
1281 2916 1337 2961 et
1385 2908 1704 2962 charitatem
1758 2918 1815 2962 ct
1859 2911 2184 2978 orationem,
2229 2921 2285 2968 et

710 2995 948 3064 psalmos
968 2995 1332 3056 concinendo.
1357 3012 1420 3050 ac
1445 2996 1675 3066 reliqua,
1709 3013 1983 3054 vacemus.

778 3085 866 3137 5i.
916 3085 1018 3140 Ubi
1070 3084 1166 3139 diu
1218 3087 1561 3157 multumque
1612 3089 1726 3142 Deo
1771 3102 2059 3157 vacantes,
2112 3095 2282 3163 partis

2386 553 2478 601 τες
2527 536 2624 591 καὶ
2672 538 2996 606 πάσχοντες.
3051 540 3243 598 Διατί;
3297 542 3419 594 Ὅτι
3458 539 3659 593 αὐτῶν
3696 541 3870 593 ἐστιν
3929 545 3968 608 ὴ

2384 625 2674 689 ,βασιλεία
2716 625 2837 680 τῶν
2898 628 3194 694 οὐρανῶνο
3263 628 3382 692 καὶ,
3430 627 3609 682 Αὐτοὶ
3657 628 3763 682 τὸν
3819 631 3969 683 Θεὸν

2389 715 2666 784 ὄψονται,
2700 718 2798 772 καὶ
2826 717 2893 771 τὰ
2921 717 3070 788 ἑξῆς.
3106 719 3290 783 Ὥστε,
3319 718 3418 788 οὐχ
3438 719 3523 772 ὅτι
3555 718 3771 774 ποιοῦσι
3796 720 3971 774 ταῦτα

2388 807 2484 860 καὶ
2517 807 2812 878 πάσχουσι,
2853 809 2962 862 εἰσὶ
2994 810 3300 881 μακάριοι·
3338 809 3434 862 καὶ
3471 809 3581 878 γάρ
3612 810 3661 862 oi
3700 826 3970 880 προειρη-

2393 899 2544 969 μένοι
2587 899 2648 953 τὸ
2689 901 2824 955 αὐτὸ
2858 901 3106 955 ποιοῦσιν
3131 919 3147 934 ·
3194 901 3310 955 ἀλλ’
3337 903 3420 956 ὅτι
3451 902 3542 956 διά
3595 902 3835 973 Χριστὸν
3875 903 3970 954 καὶ

2389 991 2532 1045 κατά
2564 993 2800 1064 Χριστὸν
2820 994 2994 1049 ταῦτα
3037 997 3131 1050 καὶ
3165 995 3382 1050 ποιοῦσι
3410 995 3508 1050 καὶ
3529 997 3822 1067 πάσχουσι.

2465 1159 2576 1222 μη’.
2630 1149 2719 1204 Ἑν
2759 1154 2894 1205 πᾶσι
2935 1155 3048 1216 τοῖς
3103 1153 3192 1220 ὑφ’
3244 1152 3404 1222 ήμῶν
3465 1153 3886 1223 πραττομένοις,
3941 1153 3968 1203 ό

2392 1243 2592 1306 σκοπὸς
2619 1242 2860 1313 ζητεῖται
2887 1242 3036 1312 παρά
3052 1242 3167 1312 Θεῷ
3188 1242 3321 1311 (26),
3343 1242 3419 1306 ὡς
3449 1242 3706 1303 πολλάκις
3730 1242 3967 1311 εἴρηται·

2391 1336 2502 1388 εἴτε
2564 1337 2632 1390 δι’
2684 1335 2871 1397 αὑτὸν,
2927 1338 3035 1388 εἴτε
3074 1335 3142 1388 δι’
3189 1335 3316 1390 άλλο
3340 1352 3393 1387 τι
3424 1335 3760 1404 πράττομεν.
3801 1335 3970 1384 Ὅταν

2389 1423 2484 1480 οὖν
2527 1444 2583 1479 τι
2631 1427 2875 1495 Οέλωμεν
2928 1424 3135 1496 πρᾶξαι
3169 1425 3398 1493 ἀγαθὸν,
3435 1424 3510 1494 μὴ
3553 1425 3652 1492 τὴν
3713 1423 3970 1491 ἀνορωπ-

2392 1517 2680 1588 ἀρέσκειαν
2703 1557 2716 1580 ,
2746 1517 2884 1569 ἀλλὰ
2918 1518 3007 1569 τὸν
3039 1515 3170 1568 Θεὸν
3221 1515 3441 1586 σχῶμεν
3464 1514 3663 1566 σκοπόν
3693 1530 3708 1544 ’
3751 1514 3837 1565 ἵνα
3893 1516 3971 1575 εἰς

2391 1612 2554 1664 αὑτὸν
2581 1610 2668 1663 ἀεὶ
2696 1609 3150 1677 ἀποϐλεπόμενοι,
3174 1607 3242 1660 δι’
3263 1607 3430 1660 αὐτὸν
3449 1607 3626 1658 πάντα
3645 1605 3946 1674 πράξωμεν

2393 1704 2480 1756 ἵνα
2511 1702 2586 1773 μὴ
2614 1702 2705 1754 καὶ
2736 1701 2827 1754 τὸν
2853 1701 3018 1752 τόπον
3047 1699 3426 1770 ὑπομένωμεν,
3486 1699 3579 1751 καὶ
3630 1699 3746 1752 τδν’
3779 1698 3971 1767 μισθὸν

2321 1802 2360 1855 Β
2390 1795 2763 1865 ἀπολέσωμεν.

2465 1889 2572 1958 μθ’.
2609 1889 2719 1940 Καὶ
2750 1887 2816 1940 τὰ
2865 1885 2996 1956 ψιλά
3053 1885 3166 1937 τῶν
3222 1882 3579 1954 ἀνθρωπίνων
3624 1881 3971 1952 πραγμάτων

2391 1981 2660 2049 νοήματα,
2682 1979 2779 2032 καὶ
2807 1979 2875 2030 τά
2898 1979 3113 2031 πάντων
3139 1977 3250 2029 τῶν
3281 1975 3584 2044 γεγονότων
3610 1974 3970 2044 θεωρήματα,

2389 2070 2630 2125 ἀπόϐαλε
2669 2069 2764 2125 τοῦ
2813 2071 2932 2134 νοὸς
2960 2071 3020 2123 ὲν
3047 2070 3124 2139 τῷ
3163 2069 3343 2140 καιρῷ
3364 2070 3465 2140 τῆς
3493 2067 3807 2138 προσευχῆς
3832 2081 3849 2096 ο
3885 2067 3973 2118 ἴνα

2393 2163 2467 2232 μὴ
2487 2162 2554 2216 τὰ
2598 2163 2796 2232 ἥττονα
2836 2160 3262 2230 φανταζόμενος,
3294 2159 3389 2214 τοῦ
3423 2161 3641 2214 πάντων
3659 2159 3773 2212 τῶν
3798 2159 3969 2212 ὄντων

2389 2254 2736 2323 ἀσυγκρίτως
2771 2253 3077 2324 κρείττονος
3111 2252 3374 2322 ὲκπέσῃς.

2457 2449 2519 2495 ν’.
2565 2441 2690 2493 Ἐὰν
2716 2438 2805 2491 τὸν
2829 2437 2962 2489 Θεὸν
2995 2433 3231 2504 γνησίως
3261 2433 3660 2509 ἀγαπήσωμ-εν,
3689 2432 3757 2486 δι’
3795 2433 3969 2502 αὐτῆς

2387 2534 2484 2601 τῆς
2507 2531 2726 2599 ἀγάπης
2754 2528 2821 2581 τὰ
2850 2527 2997 2595 πάθη
3031 2524 3429 2593 ἀποϐάλλομεν.
3483 2525 3546 2576 Ἥ
3588 2524 3644 2576 δὲ
3678 2526 3759 2586 είς
3804 2525 3968 2577 αὐτόν

2387 2625 2572 2692 ἀγάπη
2606 2622 2744 2684 ἐστὶ,
2773 2620 2837 2672 τὸ
2865 2619 3136 2690 προτιμᾷν
3167 2617 3328 2670 αὐτὸν
3353 2615 3448 2669 τοῦ
3477 2616 3705 2685 κόσμου,
3742 2619 3838 2670 καὶ
3867 2618 3966 2687 τὴν

2386 2714 2562 2785 ψυχὴν
2589 2712 2691 2783 τῆς
2722 2711 2926 2781 σαρκός
2947 2727 2961 2740 ·
3009 2711 3068 2762 ὲν
3104 2707 3182 2795 τῷ
3212 2707 3322 2760 τῶν
3353 2705 3632 2775 κοσμικῶν
3667 2706 3768 2775 μὲν
3793 2724 3961 2759 κατα-

2387 2809 2604 2878 φρονεῖν
2636 2803 2999 2874 πραγμάτων,
3035 2800 3182 2870 αὐτῷ
3219 2799 3275 2852 δὲ
3305 2798 3589 2869 σχολάζειν
3624 2797 3714 2852 διὰ
3739 2798 3965 2863 παντὸς,

2385 2900 2473 2952 διά
2519 2915 2580 2950 τε
2616 2895 2942 2966 ἐγκρατείας
2991 2893 3086 2946 καὶ
3130 2892 3351 2961 ἀγάπης
3382 2891 3477 2944 καὶ
3519 2891 3834 2961 προσευχῆς
3869 2889 3966 2944 καὶ

2383 2989 2720 3060 ψαλμῳδίας,
2752 2986 2979 3040 καὶτῶν
3011 2984 3159 3055 ἑξῆς.
3275 3055 3278 3060 ,

2455 3088 2556 3138 ναν.
2601 3083 2725 3135 Ἐὰν
2758 3080 3109 3150 σχολάζοντες
3136 3076 3216 3147 τῷ
3248 3077 3369 3147 Θεῷ
3403 3076 3581 3147 χρόνῳ
3630 3074 3835 3147 πολλῷ,
3872 3075 3965 3129 τοῦ

707 3177 902 3230 anima:
952 3176 1242 3232 aﬂ'ectibus
1285 3179 1538 3233 obnoxia:
1584 3195 1771 3233 curam
1817 3184 2121 3251 egerimus,
2171 3199 2280 3239 non

2386 3175 2688 3246 παθητικοῦ
2718 3174 2916 3244 μέρους
2950 3176 3051 3242 τῆς
3087 3170 3269 3242 ψυχῆς
3303 3169 3712 3240 ἐπιμελώμεθα.
3744 3169 3849 3222 οὐκ
3885 3169 3966 3222 ἔτι

707 3268 938 3336 amplius
994 3268 1060 3321 ad
1107 3268 1498 3338 cogitationum
1564 3270 1801 3324 insultus
1853 3273 2217 3343 impingemus
2264 3295 2278 3330 :

707 3361 838 3426 quin
872 3368 928 3413 et
956 3360 1214 3415 solertius
1248 3374 1440 3414 earum
1473 3361 1730 3431 dispeetis
1761 3378 1823 3416 ac
1853 3366 2052 3419 excisis
2077 3369 2278 3432 causis,

708 3450 1137 3518 perspicaciores
1161 3449 1456 3505 evademus
1475 3492 1489 3517 ,
1519 3463 1580 3506 ut
1602 3454 1713 3522 jam
1746 3453 1801 3507 in
1829 3455 1987 3509 nobis
2017 3456 2151 3511 illud
2183 3460 2283 3512 im-

708 3541 921 3609 pleatur
965 3560 978 3594 :
1021 3543 1090 3596 Et
1124 3543 1357 3613 despexit
1397 3544 1579 3598 oculus
1608 3561 1754 3599 meus
1787 3548 1843 3599 in
1883 3549 2106 3602 inimicis
2132 3553 2280 3617 meis,

707 3641 754 3684 et
783 3634 836 3684 in
861 3634 1245 3705 insurgentibus
1278 3637 1334 3690 in
1364 3652 1447 3691 me
1478 3635 1894 3708 malignantibus
1928 3641 2105 3694 audiet
2137 3646 2284 3699 auris

709 3741 822 3778 mra
849 3727 915 3780 ’“.

777 3925 862 3976 52.
893 3923 1030 3978 Cum
1075 3934 1314 3980 mentem
1345 3934 1496 3980 tuam
1527 3927 1614 3997 pie
1644 3943 1708 3982 ac
1754 3930 1895 3999 iuste
1928 3936 2156 4003 versari,
2189 3953 2282 3994 co-

705 4016 927 4083 gitando
952 4031 1017 4070 ca
1057 4032 1179 4086 quae
1223 4024 1352 4071 sunt
1385 4019 1596 4084 mundi,
1625 4020 1850 4087 videris,
1876 4024 2042 4078 etiam
2079 4041 2281 4099 corpus

707 4117 860 4160 tuum
891 4123 1088 4176 purum
1135 4115 1191 4162 et
1223 4122 1252 4161 a
1285 4117 1508 4178 peccato
1556 4109 1799 4167 immune
1847 4114 1986 4170 scito
2019 4133 2278 4186 perseve-

703 4206 950 4252 raturum
999 4213 1013 4250 :
1061 4212 1186 4252 eum
1230 4208 1414 4252 autem
1463 4199 1754 4269 cogitando
1800 4205 2040 4272 peccatis
2083 4223 2279 4266 vacare

706 4287 925 4352 videris,
953 4303 1055 4342 nec
1091 4289 1416 4352 inhibueris,
1445 4289 1585 4344 scito
1611 4291 1728 4347 fore
1758 4301 1818 4346 ut
1847 4302 1904 4348 et
1934 4311 2134 4366 corpus
2165 4315 2277 4357 non

701 4379 797 4432 diu
829 4387 1043 4432 maneat
1069 4379 1202 4448 quin
1233 4380 1289 4433 in
1318 4394 1382 4432 ea
1415 4379 1649 4434 labatur.

769 4561 856 4614 55.
889 4558 1359 4626 Quemadmodum
1393 4573 1610 4629 corpus,
1651 4562 1914 4616 mundum
1951 4580 2038 4620 res
2070 4565 2268 4635 habet;

701 4654 773 4707 ita
803 4663 859 4707 et
890 4653 1126 4714 animus,
1160 4650 1424 4704 mundum
1458 4651 1623 4705 habet
1669 4653 2024 4723 cogitationes
2071 4673 2133 4712 ae
2181 4675 2268 4714 re-

699 4759 1001 4796 rumsensa
1029 4760 1041 4794 :
1072 4758 1134 4796 ac
1163 4742 1304 4795 sicut
1337 4756 1536 4810 corpus
1566 4750 1839 4796 scortatur
1869 4759 1994 4798 eum
2027 4747 2273 4802 mulieris

696 4851 946 4904 corpore,
973 4835 1051 4889 sic
1079 4844 1134 4888 et
1161 4834 1376 4888 animus
1396 4847 1519 4887 eum
1545 4835 1791 4889 mulieris
1813 4837 2044 4907 cogitata
2074 4838 2268 4906 forma,

699 4939 798 4992 per
853 4922 938 4975 sui
1001 4922 1247 4991 corporis
1309 4923 1599 4989 cogitatam
1655 4923 1884 4977 formam
1947 4925 2267 4982 fornicatur.

698 5015 871 5068 Mente
906 5013 1052 5066 enim
1102 5022 1158 5065 et
1191 5013 1511 5082 cogitando,
1569 5013 1818 5082 corporis
1871 5015 1956 5068 sui
1999 5016 2260 5084 formam,

589 5132 596 5138 -
695 5121 820 5158 cum
869 5105 1113 5158 mulieris
1163 5105 1335 5157 forma
1387 5105 1536 5159 videt
1585 5105 1952 5160 commisceri.
2004 5107 2265 5164 Similiter

694 5213 857 5266 etiam
888 5210 1094 5264 inimici
1123 5210 1349 5263 formam
1379 5210 1577 5262 mentis
1598 5209 1924 5280 cogitatione
1950 5213 2260 5279 ulciscitur;

694 5323 757 5362 ac
782 5305 1009 5376 perinde
1043 5306 1095 5358 in
1137 5305 1364 5373 reliquis
1406 5303 1664 5374 peccatis.
1713 5303 1842 5368 Quae
1885 5306 2030 5359 enim
2067 5293 2266 5374 corpus

696 5399 751 5452 in
782 5406 928 5461 actu,
957 5397 1183 5466 ipsoque
1215 5410 1380 5463 opere
1410 5395 1465 5447 in
1504 5409 1687 5447 rerum
1723 5396 1927 5448 mundo
1970 5396 2117 5459 facit,
2151 5397 2268 5451 haec

693 5497 750 5545 et
801 5488 1015 5543 animus
1065 5487 1118 5541 in
1172 5501 1272 5540 suo
1315 5485 1585 5539 rationum
1621 5483 1826 5537 mundo
1877 5501 1939 5539 ac
1985 5487 2268 5557 cogitatio-

696 5593 768 5630 ιλιι
777 5592 846 5628 m.

765 5764 812 5797 ⁸³
837 5764 1023 5819 Matth.
1053 5783 1104 5828 ν,
1139 5766 1345 5833 5scqq.
1424 5762 1468 5791 ⁸”
1507 5759 1646 5812 l'sal.
1687 5775 1786 5821 xm,
1827 5761 1906 5813 12.

2385 3273 2521 3343 πρὸς
2578 3273 2676 3334 τὰς
2713 3271 2824 3324 τῶν
2879 3268 3154 3338 λογισμῶν
3212 3265 3517 3334 προσϐολὰς
3576 3263 3964 3331 ὲξοκείλομεν’

2383 3364 2517 3417 ἀλλά
2544 3364 2639 3416 καὶ
2665 3362 3059 3433 ἀκριϐέστερον
3089 3358 3185 3420 τάς
3205 3357 3412 3410 τούτων
3443 3353 3619 3418 αἰτίας
3637 3353 3965 3407 κατανοοῦν-

2380 3474 2472 3519 τες
2501 3456 2594 3509 καὶ
2623 3451 3466 3522 ἐκκόπτοντες,διορατικώτεροι
3487 3447 3752 3518 γινόμεθα
3772 3462 3788 3475 ⁸
3822 3447 3962 3500 ὥστε

2381 3545 2738 3617 πληρωθῆναι
2766 3545 2845 3607 εἰς
2873 3545 3019 3613 ἡμᾶς
3047 3541 3110 3594 τὸ
3129 3580 3146 3607 ,
3178 3541 3289 3595 Καὶ
3335 3538 3573 3594 ἐπεῖδεν
3601 3541 3634 3592 d
3651 3539 3964 3606 ὀφθαλμός

2375 3657 2495 3708 μου
2515 3639 2584 3692 ὲν
2613 3637 2736 3702 τοῖς
2755 3636 2988 3705 ἐχθροῖς
3017 3652 3138 3705 μου
3160 3647 3177 3664 ⁶
3235 3634 3336 3688 καὶ
3360 3633 3432 3686 ἐν
3467 3631 3592 3698 τοῖς
3634 3631 3951 3684 enarrata.

2376 3731 2583 3800 μένοις
2628 3729 2722 3784 ἐπ’
2770 3727 2872 3798 ἐμὲ
2927 3726 3450 3797 πονηρευομένοις,
3512 3724 3844 3778 ἀκούσεται
3897 3722 3961 3774 τὸ

2379 3820 2492 3890 οὖς
2527 3840 2668 3894 μου.
3833 3904 3836 3905 ν

2447 3916 2548 3986 νβ’.
2612 3915 2781 3966 Ὀταν
2831 3911 3038 3982 βλέπῃς
3098 3909 3192 3964 τὸν
3235 3909 3360 3963 νοῦν
3417 3925 3510 3962 σου
3581 3905 3827 3968 εὐσεϐῶς
3868 3905 3961 3958 καὶ

2377 4007 2602 4068 δικαίως
2631 4003 3108 4075 ἀναστρεφόμενον
3123 4003 3182 4055 ὲν
3205 4003 3318 4064 τοῖς
3343 3999 3439 4053 τοῦ
3469 3999 3679 4068 κόσμου
3695 3999 3959 4069 νοήμασι,

2377 4100 2610 4168 γίνωσκε
2644 4097 2738 4151 καὶ
2764 4097 2828 4148 τὸ
2856 4095 3016 4165 σῶμά
3056 4111 3151 4147 σου
3180 4091 3418 4163 καθαρὸν
3440 4091 3534 4144 καὶ
3565 4091 3960 4160 ἀναμάρτητον

2376 4190 2652 4260 διαμένειν
2676 4205 2690 4218 ·
2735 4189 2864 4242 ὅταν
2898 4187 2954 4240 δὲ
2986 4186 3076 4240 τὸν
3103 4185 3228 4238 νοῦν
3271 4184 3473 4255 βλέπῃς
3525 4182 3668 4234 κατά
3714 4182 3960 4235 διάνοιαν

2375 4285 2672 4358 ἁμαρτίαις
2704 4283 3053 4355 σχολάζοντα,
3094 4281 3187 4335 καὶ
3243 4281 3316 4351 μὴ
3355 4280 3687 4350 ἀνακόπτῃς,
3717 4278 3955 4344 γίνωσκε

2379 4383 2473 4432 καὶ
2509 4379 2570 4432 τὸ
2599 4377 2759 4446 σῶμά
2784 4393 2880 4428 σου
2925 4373 3001 4445 μὴ
3039 4372 3449 4443 πολυχρονίζειν
3485 4368 3581 4424 τοῦ
3615 4371 3732 4430 τοῖς
3770 4368 3956 4428 αὐτοῖς

2305 4499 2346 4553 D
2377 4489 2574 4541 περιπε
2584 4471 2713 4522 σεῖν.

2447 4570 2547 4631 νγ’.
2585 4562 2799 4629 ’Ὠσπερ
2835 4559 2896 4611 τὸ
2936 4557 3095 4626 σῶμα
3123 4555 3231 4625 ἔχει
3263 4553 3466 4622 κόσμον
3509 4549 3580 4604 τά
3622 4551 3951 4620 πράγματα,

2372 4657 2514 4711 οὕτω
2542 4657 2634 4708 καὶ
2663 4655 2692 4706 ὁ
2716 4653 2838 4716 νοῦς
2858 4652 2971 4722 ἔχει
3002 4651 3204 4719 κόσμον
3237 4647 3308 4699 τά
3331 4648 3576 4716 νοήματα
3596 4661 3610 4674 ·
3645 4645 3741 4696 καὶ
3762 4644 3916 4696 ὥσπε
3926 4660 3956 4711 ρ

2371 4749 2432 4802 τὸ
2467 4749 2624 4816 σῶμα
2659 4744 2981 4816 πορνεύεται
3020 4740 3159 4811 μετά
3183 4737 3277 4791 τοῦ
3319 4736 3566 4806 σώματος
3606 4737 3708 4804 τῆς
3755 4752 3952 4802 γυναι-

2375 4841 2489 4903 κὸς,
2523 4837 2665 4891 οὕτω
2690 4835 2785 4888 καὶ
2815 4835 2843 4886 ὁ
2891 4832 3015 4896 νοῦς
3063 4829 3319 4900 πορνεύει
3361 4828 3497 4898 μετά
3539 4825 3633 4878 τοῦ
3675 4827 3952 4895 νοήματος

2373 4934 2470 5003 τῆς
2505 4929 2782 4999 γυναικὸς,
2811 4926 2901 4980 διά
2930 4925 3025 4994 τῆς
3055 4922 3355 4992 φαντασίας
3379 4917 3473 4972 τοῦ
3506 4918 3635 4970 ἰδίου
3671 4917 3947 4987 σώματος.

2373 5025 2484 5095 Τὴν
2505 5023 2612 5095 γὰρ
2657 5019 2867 5090 μορφὴν
2905 5017 3000 5070 τοῦ
3057 5015 3187 5070 ἰδίου
3224 5013 3474 5083 σώματος
3515 5009 3701 5078 βλέπει
3754 5026 3950 5078 μιγνυο

2376 5118 2542 5188 μένην
2573 5114 2709 5185 μετά
2729 5113 2826 5183 τῆς
2861 5111 3073 5181 μορφῆς
3100 5107 3204 5178 τῆς
3223 5103 3479 5174 γυναικὸς
3503 5102 3644 5156 κατὰ
3683 5101 3947 5156 διάνοιαν.

2381 5208 2655 5270 Ὡσαύτως
2689 5206 2784 5259 καὶ
2812 5203 2908 5273 τὴν
2936 5201 3148 5272 μορφὴν
3184 5197 3281 5251 τοῦ
3309 5195 3651 5265 λυπήσαντος
3675 5191 3948 5262 ἀμύνεται

2372 5301 2514 5356 κατά
2537 5299 2796 5359 διάνοιαν,
2825 5295 2914 5349 διὰ
2950 5293 3048 5363 τῆς
3100 5288 3316 5361 μορφῆς
3361 5285 3456 5339 τοῦ
3505 5284 3637 5336 ἰδίου
3672 5282 3943 5352 σώματος.

2364 5391 2474 5444 Καὶ
2501 5391 2591 5441 ἐπὶ
2606 5388 2713 5440 τῶν
2752 5385 2924 5439 ἄλλων
2954 5382 3367 5452 ἁμαρτημάτων
3393 5377 3612 5447 ὁμοίιος.
3637 5376 3785 5426 "Ait:
3795 5390 3826 5443 ρ
3845 5373 3949 5440 γάρ

2369 5480 2597 5550 πράττει
2642 5477 2703 5528 τὸ
2753 5476 2911 5545 σῶμα
2971 5473 3090 5527 κατ’
3134 5471 3412 5541 ἐνέργειαν
3459 5469 3538 5530 είς
3590 5465 3684 5519 τὸν
3748 5465 3950 5532 κόσμον

2367 5571 2730 5642 πραγμάτων,
2763 5568 2932 5621 ταῦτα
2963 5566 3191 5637 πράττει
3218 5566 3310 5617 καὶ
3334 5565 3361 5615 ὁ
3386 5558 3506 5624 νοῦς
3535 5561 3613 5623 εἰς
3631 5558 3725 5612 τὸν
3748 5559 3951 5626 κόσμον

2368 5667 2476 5717 τῶν
2511 5663 2798 5732 νοημάτων
2817 5703 2831 5714 .
