4208 6436
265 413 391 476 103Ἱ

1120 402 1463 464 CAPITUM
1497 403 1594 462 DE
1632 403 2058 462 CHARITATE
2092 403 2475 462 CENTURIA
2519 404 2630 462 III.

3352 416 3485 476 1038

253 521 347 574 Διδ
377 519 604 582 πολλοὶς
666 520 813 572 ἐστιν
871 517 1052 587 εὑρεῖν
1107 516 1216 569 τῶν
1256 516 1559 586 ἀνθρώπων
1612 516 1816 583 γνῶσιν
1848 521 1885 575 Α

1848 521 1885 575 Α
1922 533 2105 570 rerum
2147 518 2434 572 sensilium
2494 519 2815 588 cogitationi
2861 520 3058 574 similis
3117 525 3353 578 exsistit.
3402 529 3485 582 ld—

254 611 476 679 Εχοντας
531 609 749 679 πολλὴν,
807 610 900 662 xui.
948 611 1004 661 ἐν
1056 611 1166 672 τοῖς
1225 609 1327 676 τῆς
1380 609 1582 678 σαρκὸς
1626 608 1820 661 πάθεσι

253 702 413 770 δίκην
469 702 666 771 χοίρων
717 702 774 753 ὲν
837 699 1083 770 βορϐόρῳ
1141 699 1608 768 κυλινδουμένους.
1677 699 1818 768 Πρὸς

252 791 439 857 ὀλίγον
491 791 599 861 γὰρ
652 791 708 857 ἐξ
757 790 1073 860 ἐπιμελείας
1125 788 1511 858 καθαρθέντες,
1566 791 1661 843 xui.
1720 792 1819 858 τῆς

252 880 507 948 γνώσεως
536 881 902 951 ἐπιτυχόντες,
930 881 1155 952 ὕστερον
1179 881 1567 951 ἀμελήσαντες,
1601 880 1816 951 ὡμοιώ-

253 972 430 1043 θησαν
474 971 550 1042 τῷ
595 972 803 1026 Σαούλ’
859 971 915 1035 ὃς
973 971 1247 1042 βασιλείας
1301 972 1679 1039 καταξιωθείς,
1725 972 1819 1024 xui.

251 1061 490 1125 ἀναξίως
552 1062 1029 1133 πολιτευσάμενος,
1087 1060 1203 1132 μετ’
1260 1061 1428 1133 ὀργῆς
1475 1062 1713 1132 φοὸερᾶς
1760 1063 1818 1128 ἐξ

254 1157 428 1227 αὐτῆς
460 1156 767 1226 ἀπεϐλήθη.

323 1335 420 1402 εξ.
458 1337 666 1405 Ὠσπερ
690 1337 719 1387 ό
750 1336 902 1405 ψιλὸς
936 1336 1043 1388 τῶν
1083 1336 1439 1407 ἀνθρωπίνων
1481 1339 1851 1407 πραγμάτων.

249 1425 514 1494 λογισμὸς
545 1427 678 1493 (50),
706 1427 804 1479 οὐκ
831 1427 1132 1494 ἀναγκάζει
1163 1426 1254 1479 τὸν
1301 1427 1425 1479 νοῦν
1459 1430 1818 1497 καταφρονεῖν

249 1518 364 1569 τῶν
386 1518 564 1569 θείων·
598 1516 771 1581 οὕτως
793 1519 912 1570 οὐδὲ
935 1517 1062 1588 ψιλὴ
1085 1518 1285 1586 γνῶσις
1308 1519 1416 1571 τῶν
1437 1518 1614 1580 θείων,
1642 1519 1817 1572 πείθει

251 1609 334 1669 εἰς
385 1607 537 1669 τέλος
588 1609 944 1677 καταφρονεῖν
987 1607 1094 1659 τῶν
1141 1608 1530 1678 ἀνθρωπίνωνο
1582 1609 1713 1663 διότι
1760 1612 1818 1663 ὲν

255 1699 436 1760 σκιαῖς
469 1698 562 1750 νῦν
598 1699 831 1768 ὑπάρχει
878 1699 971 1751 καὶ
1005 1701 1290 1769 εἰκασμοῖς
1330 1701 1362 1770 ἡ
1412 1700 1657 1772 ἀλήθεια.
1708 1701 1818 1755 Καὶ

251 1789 346 1842 διὰ
373 1789 530 1842 τοῦτο
568 1791 738 1844 δεῖται
789 1791 881 1844 τοῦ
932 1791 1200 1861 μακαρίου
1258 1793 1457 1856 πάθους
1506 1794 1604 1862 τῆς
1657 1795 1817 1861 ἁγίας

250 1879 501 1948 ἀγάπης,
528 1881 626 1949 τῆς
663 1881 1065 1951 συνδεσμούσης
1089 1881 1179 1933 τὸν
1214 1880 1338 1934 νοῦν
1367 1882 1479 1945 τοῖς
1515 1898 1814 1950 πνευματι-

251 1973 370 2032 κοῖς
437 1967 775 2042 θεωρήμασι,
847 1973 940 2023 καὶ
1005 1971 1299 2042 πειθούσης
1369 1975 1642 2044 προτιμᾷν
1707 1972 1815 2026 τῶν

251 2064 473 2130 ὑλικῶν,
503 2065 571 2118 τά
593 2065 729 2118 ama
752 2083 764 2095 '
801 2067 893 2119 καί
923 2065 1030 2119 τῶν
1073 2065 1345 2124 αἰσθητῶν
1415 2065 1483 2119 τὰ
1522 2066 1687 2136 νοητά
1724 2067 1817 2120 καὶ

249 2161 391 2215 θεῖα.

320 2252 421 2322 ξη⁹.
467 2253 541 2306 Οὐ
580 2254 795 2318 πάντως
840 2257 868 2308 ὁ
906 2257 974 2309 τά
1011 2255 1154 2324 πάθη
1186 2255 1443 2324 ἐκκόψας,
1491 2254 1585 2307 xui.
1627 2253 1814 2322 ψιλοὺς

248 2345 378 2404 τοὺς
398 2343 692 2412 λογισμοὺς
739 2345 1134 2415 ἐργασάμενος,
1170 2344 1271 2415 ήδη
1321 2344 1457 2397 αὺτὰ
1500 2343 1594 2395 xui.
1623 2344 1712 2397 ἐπὶ
1743 2343 1813 2395 τὰ

249 2434 370 2487 θεῖα
410 2435 633 2506 ἔτρεψεν
659 2449 675 2462 ⁸
724 2437 858 2488 ἀλλὰ
895 2438 1137 2499 δύναται,
1172 2437 1306 2506 μήτε
1341 2435 1476 2505 πρὸς
1503 2435 1569 2488 τὰ
1600 2434 1812 2505 ἀνθρώ-

247 2542 382 2579 πινα
415 2527 661 2596 πάσχειν,
720 2528 854 2596 μήτε
902 2527 1036 2597 πρὸς
1085 2527 1154 2579 τὰ
1202 2525 1352 2579 θεῖα·
1408 2526 1542 2594 ὅπερ
1578 2526 1811 2595 ἐπισυμ-

246 2615 423 2668 6αίνει
448 2618 538 2668 ἐπὶ
567 2618 672 2669 τῶν
703 2617 1017 2686 πρακτικῶν
1049 2617 1230 2687 μόνον,
1253 2617 1344 2670 xui.
1365 2618 1528 2687 μήπω
1546 2615 1812 2683 ’γνώσεως

246 2707 693 2772 καταξιωθέντων
723 2708 871 2778 (5l)°
932 2708 980 2760 οἳ
1022 2708 1170 2777 φόϐῳ
1219 2707 1511 2772 κολάσεως,
1551 2708 1583 2776 ἢ
1637 2708 1811 2761 ἑλπίδι

248 2793 529 2864 βασιλείας
555 2796 662 2849 τῶν
698 2796 884 2850 παθῶν
910 2798 1223 2866 ἀπέχονται.

319 2966 378 3031 ξθ
403 3007 417 3020 .
449 2968 550 3021 Διὰ
577 2971 833 3036 πίστεως
872 2969 1332 3038 περιπατοῦμεν,
1364 2969 1434 3022 οὐ
1461 2968 1557 3022 διὰ
1578 2968 1806 3031 εῖόους·

245 3059 344 3110 xui.
365 3061 421 3109 ὲν
447 3059 728 3127 ἐσόπτροις
743 3060 839 3129 τὴν
856 3059 1055 3127 γνῶσιν
1075 3058 1268 3127 ἔχομεν
1290 3058 1364 3128 (ιι)
1386 3057 1478 3110 xui.
1502 3057 1805 3127 αἰνίγμασι.

1924 606 2071 659 circo
2108 621 2217 659 non
2283 621 2487 674 paucos
2534 607 2819 672 invenias,
2872 608 2966 677 qui
2999 609 3204 679 ingenti
3259 614 3486 670 scicntia

1924 697 2161 766 prmditi,
2224 713 2384 753 suum
2417 714 2570 753 more
2598 699 2652 753 in
2679 716 2857 766 coeno,
2909 701 2964 754 in
2994 704 3174 758 carnis
3201 704 3486 763 affectibus

1923 803 1986 841 ac
2041 790 2367 844 libidinibus
2406 791 2803 846 volutentur“.
2863 793 3151 864 Tantisper
3185 798 3355 862 enim,
3398 814 3484 864 ea,

1923 893 2086 947 quam
2151 879 2558 946 adhibuerunt,
2619 880 2900 950 diligentia
2957 885 3170 954 purgati
3229 888 3485 956 nactique

1923 969 2226 1024 scientiam.
2259 971 2606 1038 postmodum
2643 972 3064 1042 negligentiores
3091 975 3294 1041 ell‘ecti,
3336 976 3484 1032 Sauli

1927 1059 2132 1114 similes
2164 1059 2514 1115 exstiterunt.
2540 1062 2591 1116 Is
2632 1077 2869 1132 namque
2902 1079 3070 1134 regno
3102 1066 3327 1133 potitus,
3379 1083 3485 1124 nec

1923 1151 2017 1204 illo
2044 1160 2103 1203 ut
2127 1152 2352 1222 dignum
2386 1152 2552 1224 E38
2580 1162 2700 1208 erat
2728 1170 2791 1209 ac
2819 1171 2906 1210 res
2944 1157 3203 1226 poscebat
3245 1161 3480 1216 admini—

1921 1246 2114 1301 strato,
2151 1238 2485 1295 formidabili
2517 1242 2612 1296 irae
2631 1244 2899 1313 exemplo,
2926 1261 2992 1299 eo
3026 1245 3272 1317 dejectus
3305 1259 3410 1305 est.

1990 1329 2078 1384 67.
2113 1331 2580 1397 Quemadmodum
2625 1334 2854 1404 simplex
2887 1336 3139 1406 nudaque
3169 1354 3349 1393 rerum
3381 1341 3484 1395 hu-

1920 1434 2203 1482 manarum
2249 1421 2528 1492 cogitatio,
2560 1438 2669 1477 non
2702 1423 2847 1493 cogit
2880 1424 3120 1478 animum
3154 1442 3242 1481 res
3270 1428 3483 1484 divinas

1919 1512 2254 1580 contemptui
2289 1512 2514 1576 habere,
2548 1515 2628 1569 sic
2651 1531 2752 1571 nec
2786 1517 3017 1587 simplex
3047 1520 3363 1576 divinarum
3389 1541 3481 1579 co-

1917 1599 2088 1668 gnitio
2115 1600 2180 1654 ad
2206 1601 2572 1657 humanarum
2599 1621 2823 1673 prorsus
2846 1616 3216 1677 contemptum
3260 1615 3427 1684 adigit
3465 1633 3479 1668 :

1918 1691 2062 1760 quod
2102 1707 2298 1760 nempe
2333 1693 2557 1758 veritas,
2591 1695 2856 1752 hactenus
2890 1699 3050 1755 nobis
3085 1703 3140 1756 in
3176 1705 3384 1760 umbris
3419 1722 3484 1762 ac

1918 1781 2551 1837 simulacris-consistat.
2602 1785 2848 1856 llincque
2883 1789 3020 1844 adeo
3059 1800 3179 1856 est,
3214 1805 3273 1847 ut
3321 1796 3482 1851 beato

1920 1871 2206 1926 charitatis
2235 1874 2430 1927 alfcctu
2471 1890 2536 1928 ac
2560 1877 2813 1944 passione
2855 1880 3197 1948 spiritalibus
3232 1896 3483 1940 contem-

1915 1961 2253 2030 plationibus
2290 1978 2353 2016 ac
2383 1965 2560 2020 sensis
2592 1975 2829 2021 mentem
2863 1969 3166 2036 addicente,
3208 1975 3478 2046 indigeat;

1916 2068 2141 2121 qumque
2182 2057 2448 2120 terrenis,
2489 2071 2552 2111 ea
2575 2073 2695 2126 quae
2736 2070 2929 2117 vacant
2961 2066 3222 2130 materia,
3267 2070 3482 2123 sensili-

1917 2142 2154 2212 busque,
2185 2143 2455 2213 spiritalia
2495 2160 2560 2199 ac
2583 2147 2769 2202 divina
2797 2151 3069 2206 anteferre
3101 2154 3346 2210 suadeat.

1985 2232 2070 2288 68.
2103 2235 2221 2288 Non
2258 2236 2480 2291 omnino
2504 2238 2598 2306 qui
2638 2239 2868 2295 affectus
2900 2257 2964 2297 ac
2988 2243 3248 2301 libidines
3286 2263 3480 2318 ampu-

1916 2327 2069 2391 tavit,
2113 2328 2395 2397 animique
2445 2329 2685 2384 rationes
2743 2332 3020 2402 simplices
3064 2337 3320 2403 reddidit,
3364 2342 3476 2411 jam

1915 2435 2132 2489 quoque
2152 2419 2383 2474 affectus
2404 2420 2472 2474 ad
2503 2420 2687 2476 divina
2718 2426 3019 2479 convertit:
3060 2428 3156 2482 sed
3199 2430 3316 2484 fieri
3374 2447 3476 2501 ρο-

1916 2516 2038 2574 test,
2066 2517 2126 2562 ut
2166 2525 2342 2580 neque
2377 2511 2761 2576 humanarum,
2791 2530 2893 2568 nec
2921 2515 3231 2573 divinarum
3289 2537 3474 2576 rerum

1913 2613 2077 2652 sensu
2104 2597 2401 2665 afficiatur;
2441 2600 2519 2654 uti
2549 2601 2604 2653 in
2632 2602 2740 2656 illis
2769 2605 3014 2672 proclive
3043 2617 3148 2672 est,
3175 2611 3264 2679 qui
3295 2613 3469 2667 actio-

1910 2702 2035 2742 nem
2081 2688 2288 2754 colunt,
2333 2704 2396 2744 ac
2449 2689 2684 2745 necdum
2744 2693 2968 2749 scientia
3006 2696 3197 2752 donari
3249 2717 3464 2758 merue-

1913 2785 2061 2843 runt,
2088 2779 2180 2848 qui
2208 2794 2401 2848 nempe
2430 2781 2682 2849 supplicii
2716 2791 2866 2836 metu
2891 2794 2984 2840 aut
3014 2783 3165 2858 regni
3195 2802 3475 2860 exspecta-

1913 2867 2083 2932 tione,
2123 2869 2192 2922 ab
2217 2868 2506 2925 alfectibus
2538 2882 2700 2941 atque
2727 2873 2874 2929 vitiis
2902 2891 3020 2931 sese
3046 2878 3342 2936 abstinent.

1980 2958 2068 3012 69.
2127 2959 2230 3012 Per
2261 2959 2420 3027 ﬁdem
2457 2958 2814 3028 ambulamus,
2859 2982 2963 3025 non
3009 2984 3101 3037 per
3149 2973 3369 3040 speciem
3390 2975 3468 3040 ἐς

1910 3050 2282 3120 babemusque
2307 3052 2591 3108 scientiam
2627 3055 2682 3109 in
2705 3058 2945 3125 speculis
2977 3074 3040 3114 ac
3066 3061 3469 3132 aenigmatibus.

249 3151 363 3202 Καὶ
387 3150 474 3202 διὰ
501 3151 672 3213 τοῦτο,
709 3151 907 3220 πολλῆς
948 3149 1180 3220 δεόμεθα
1209 3149 1308 3218 τῆς
1338 3152 1394 3201 ἐν
1435 3149 1617 3211 αὐτοῖς
1645 3149 1808 3217 άσχο-
1838 3175 1880 3231 C

1838 3175 1880 3231 Ο
1911 3141 2118 3196 Idcirco
2142 3143 2305 3196 etiam
2339 3144 2564 3198 multam
2595 3146 2677 3200 eis
2703 3163 2927 3217 operam
2958 3153 3223 3207 navemus
3246 3170 3471 3212 necesse

249 3239 391 3307 λίας,
438 3242 524 3293 ἵνα
560 3243 623 3310 τῇ
654 3241 844 3311 χρονίᾳ
879 3241 1084 3293 τούτων
1120 3241 1320 3311 μελέτῃ
1369 3241 1463 3293 xui.
1503 3239 1808 3308 ἀδολεσχίᾳ,

246 3332 358 3397 ῑξιν
394 3334 838 3388 δυσαπόσπαστον
868 3334 976 3387 τῶν
1002 3333 1373 3403 θεωρημάτων
1403 3332 1740 3403 ποιήσωμεν.

314 3505 380 3563 o'.
428 3507 552 3560 Ἐὰν
579 3507 714 3577 πρὸς
743 3507 918 3574 ὀλίγον
940 3506 1050 3558 τῶν
1076 3505 1264 3558 παθῶν
1291 3503 1388 3566 τάς
1430 3502 1606 3565 αἰτίας
1647 3502 1807 3555 ὲκκό-

243 3599 449 3670 ψαντες
473 3599 582 3660 τοῖς
603 3599 986 3666 πνευματικοῖς
1002 3593 1449 3666 ἐνασχοληθῶμεν
1470 3593 1805 3663 θεωρήμασι,

247 3690 326 3760 μὴ
360 3691 417 3742 ἐν
441 3689 622 3751 αὐτοῖς
641 3689 696 3742 δὲ
728 3689 811 3742 ἀεὶ
827 3687 1215 3758 διατρίψωμεν,
1249 3685 1383 3738 αὐτὸ
1410 3683 1567 3736 τοῦτο
1598 3683 1808 3753 ἔχοντες

244 3784 428 3854 ἔργον,
466 3783 704 3854 εὐχερῶς
731 3782 891 3836 πάλιν
913 3783 1001 3834 ἐπὶ
1033 3780 1102 3834 τὰ
1129 3780 1228 3848 τῆς
1260 3778 1459 3847 σαρκὸς
1482 3777 1629 3845 πάθη
1652 3794 1807 3847 περι-

242 3871 562 3941 τρεπόμεθα
593 3873 704 3941 (52)
724 3887 737 3901 ⁸
777 3871 943 3941 μηδὲν
971 3871 1099 3924 ἄλλο
1128 3868 1336 3921 ἐκεῖθεν
1361 3867 1805 3937 καρπωσάμενοι,

243 3962 276 4032 ή
320 3961 483 4033 ψιλὴν
534 3963 735 4030 γνῶσιν
776 3963 912 4033 μετά
954 3964 1219 4033 οἰήσεως·
1274 3954 1342 4031 ἦς
1383 3961 1444 4013 τὸ
1470 3960 1639 4022 τέλος,
1685 3961 1720 4030 ἦ
1746 3977 1803 4012 τε

243 4052 418 4121 αὐτῆς
451 4053 589 4106 κατὰ
621 4054 814 4123 μικρὸν
862 4054 959 4122 τῆς
1011 4051 1258 4120 γνώσεως
1306 4051 1590 4114 σκότωσις,
1645 4051 1807 4118 καὶὴ

244 4143 514 4212 παντελὴς
544 4143 638 4196 τοῦ
670 4143 760 4196 νοῦ
790 4144 882 4196 ἐπὶ
915 4144 981 4197 τά
1010 4143 1168 4196 ὑλικά
1193 4143 1456 4212 ἐκτροπή.

1915 3239 2018 3295 est,
2047 3239 2107 3284 ut
2135 3232 2295 3301 longa
2335 3247 2525 3288 eorum
2551 3235 2910 3293 meditatione
2945 3248 3000 3294 et
3039 3250 3247 3298 attenta
3288 3247 3471 3302 consi-

1913 3322 2218 3385 deratione,
2258 3322 2474 3378 firmum
2498 3327 2739 3396 satisque
2780 3339 3024 3386 tenacem
3061 3336 3472 3405 contemplatio-

1917 3427 2046 3465 num
2074 3412 2320 3467 habitum
2340 3415 2740 3475 nanciscsmur.

1990 3501 2072 3555 70.
2103 3502 2155 3557 Si
2185 3503 2251 3557 ad
2285 3506 2560 3560 modicum
2587 3509 2816 3565 excissis
2840 3511 3474 3575 aﬂecttmmlibidinum-

1916 3608 2020 3662 que
2048 3593 2245 3658 causis,
2279 3596 2622 3663 spiritalibus
2656 3608 2896 3654 mentem
2922 3606 3475 3674 contemplationibus

1914 3683 2314 3749 addixerimus,
2347 3701 2448 3740 nec
2482 3687 2538 3740 in
2582 3687 2664 3741 eis
2711 3703 2930 3760 semper
2958 3696 3152 3749 morati
3185 3695 3471 3762 fuerimus,

1912 3775 1970 3828 in
2004 3774 2108 3829 hoc
2129 3775 2305 3843 ipsum
2335 3776 2732 3844 incumbentes,
2763 3782 2952 3851 reique
2991 3785 3043 3839 id
3083 3788 3472 3857 caputhaben-

1917 3872 2018 3929 tes,
2045 3865 2204 3920 facile
2239 3867 2437 3921 iterum
2466 3869 2533 3922 ad
2575 3873 2823 3926 carnales
2859 3874 3085 3932 affectus
3109 3879 3474 3950 libidinesque

1911 3965 2330 4024 convertemur;
2359 3960 2570 4014 nullum
2594 3961 2722 4018 inde
2743 3967 3090 4020 commodum
3107 3979 3472 4038 reportantes,

1913 4049 2019 4103 nisi
2077 4049 2420 4105 solummodo
2465 4052 2667 4106 nudam
2700 4069 2764 4108 ac
2809 4055 3112 4125 simplicem
3165 4061 3470 4127 scientiam,

1915 4158 2038 4197 cum
2069 4146 2237 4200 animi
2267 4147 2474 4202 scilicet
2503 4149 2608 4203 sibi
2653 4150 2922 4219 placentis
2964 4153 3198 4210 elatione
3240 4159 3471 4228 conjun-

241 4242 420 4299 ctam;
450 4237 606 4304 cujus
631 4235 676 4290 is
705 4234 850 4300 linis,
879 4243 1084 4289 utcum
1131 4233 1247 4303 ipsa
1290 4231 1551 4302 paulatim
1585 4233 1812 4286 scientia
1845 4233 2200 4303 obnubescat,
2255 4245 2368 4292 tum
2421 4255 2576 4295 mens
2644 4241 2710 4295 ad
2777 4252 2996 4298 terrena
3041 4247 3260 4314 penitus
3289 4249 3470 4305 desci-

257 4333 382 4378 scat.

257 4343 266 4353 ·
343 4341 382 4378 ι.

242 4341 416 4471 bula}.
457 4416 633 4477 Πάθος
663 4417 882 4486 ἀγάπης
906 4416 1124 4486 ψεκτὸν,
1159 4419 1270 4480 τοῖς
1293 4419 1493 4481 ὑλικοῖς
1519 4417 1806 4487 πράγμασι.

240 4507 339 4559 τὸν
377 4506 500 4560 νοῦν
533 4506 843 4574 ἐνασχολεΡ
898 4507 1068 4569 πάθος
1109 4508 1329 4576 ἀγάπης
1371 4509 1672 4568 ἐπαινετὸν,
1713 4505 1805 4558 xui.

1987 4416 2071 4469 71.
2113 4417 2430 4472 Dilectionis
2461 4419 2793 4488 vituperium
2826 4422 3115 4492 labemque
3152 4426 3358 4483 habens
3386 4430 3469 4484 af-

1913 4504 2107 4571 fectus,
2127 4508 2361 4562 terrenis
2380 4509 2546 4563 rebus
2565 4511 2806 4565 animum
2829 4513 3032 4568 addicit
3059 4533 3071 4568 :
3107 4516 3320 4571 laudem
3337 4535 3467 4577 vero

242 4599 360 4659 τοῖς
398 4597 561 4659 θείοις
590 4598 753 4651 αὑτὸν
785 4598 1088 4666 συνδεσμεῖ.
1144 4597 1311 4651 Είωθε
1351 4599 1458 4669 γὰρ
1507 4601 1534 4651 ὁ
1579 4598 1700 4660 νοῦς
1747 4600 1803 4649 ὲν
1837 4627 1880 4680 D

1837 4627 1880 4680 ο
1910 4598 2136 4663 habens,
2165 4600 2329 4654 etiam
2355 4600 2557 4655 divinis
2580 4603 2842 4658 devincit.
2868 4605 2959 4660 Sic
2985 4608 3131 4662 enim
3176 4611 3343 4664 menti
3384 4612 3466 4665 in-

241 4681 325 4750 οἷς
355 4689 588 4758 χρονίζει
632 4690 933 4759 πράγμασι,
973 4689 1029 4740 ὲν
1062 4690 1241 4752 αὐτοῖς
1271 4693 1364 4742 xui.
1410 4688 1802 4742 πλατύνεσθαι’

242 4779 303 4830 ὲν
334 4773 414 4840 οἷς
439 4778 493 4832 δὲ
529 4779 877 4840 πλατύνεται,
929 4780 985 4830 ιν
1031 4779 1211 4841 αὐτοῖς
1242 4780 1337 4831 καὶ
1381 4780 1478 4848 τὴν
1514 4776 1809 4847 ἐπιθυμίαν

242 4867 343 4921 καὶ
391 4869 485 4938 τὴν
535 4870 761 4941 ,ἀγάπην
807 4870 1020 4940 τρέψαι,
1081 4869 1186 4922 εἴτε
1257 4871 1312 4920 ἐν
1351 4875 1459 4932 τοῖς
1507 4869 1667 4930 θείοις
1719 4869 1811 4918 xui.

244 4958 470 5022 οἰκείοις
531 4961 623 5012 xui.
685 4964 909 5028 νοητοῖς,
983 4963 1088 5012 εῐτε
1157 4962 1210 5012 ὲν
1268 4964 1380 5022 τοῖς
1438 4961 1534 5030 τῆς
1613 4962 1811 5030 σαρκὸς

243 5049 538 5121 πράγμασί
564 5068 623 5102 τε
659 5051 750 5104 xui.
784 5050 996 5103 πάθεσι.

321 5211 366 5244 ⁸⁵
393 5212 438 5267 ll
465 5214 609 5268 Petr.
641 5228 699 5276 ιι,
732 5212 820 5265 22.
897 5213 940 5243 ”
971 5211 1013 5265 ll
1035 5211 1156 5266 Cor.
1189 5230 1240 5274 v,
1268 5213 1297 5264 7

321 5369 401 5442 (ιι)
431 5370 532 5423 Ἑν
560 5367 873 5442 ἐσόπτροις
926 5366 1060 5442 τὴν-
1095 5366 1347 5442 γνῶσιν-
1377 5367 1613 5442 ἔχομεν.
1649 5370 1802 5442 ﬁgat

240 5433 525 5500 mendose,
555 5437 650 5506 τὴν
675 5435 1061 5508 ἀρετήνηᾳιιοςί
1097 5433 1271 5508 ipsum
1334 5433 1596 5492 habuerat
1645 5433 1796 5491 Dufr.

241 5511 390 5570 cod.,
419 5509 514 5563 sed
539 5505 656 5560 erat
684 5505 738 5558 in
753 5520 819 5558 eo
850 5505 1215 5560 emendatum.
1249 5507 1587 5562 Decoxerunt
1621 5519 1796 5563 tamen

239 5583 446 5648 Obsop.
504 5574 754 5648 etr_Ge_sn.
821 5573 1336 5648 Locusui’auliest,
1400 5593 1509 5648 quo
1575 5577 1799 5648 respicit

241 5644 527 5710 Maximus,
561 5646 581 5698 l
639 5645 764 5715 Cor.
795 5659 882 5696 xm
926 5661 938 5695 :
976 5644 1249 5713 Βλέπομεν
1278 5646 1398 5715 ἄρτι
1419 5644 1499 5698 δι’
1533 5647 1796 5715 ἐσόπτρου

250 5718 622 5785 ἐναίνίγματι.
659 5713 853 5785 Videre
877 5721 1077 5775 autem,
1110 5729 1218 5785 non
1246 5714 1478 5780 virtutis,
1508 5716 1599 5771 sed
1625 5713 1800 5770 scien-

216 5800 329 5852 tltte
362 5782 641 5857 estatqu
689 5782 833 5860 fidei,
899 5798 1012 5856 seu.
1049 5784 1372 5853 cognitionis
1426 5802 1438 5837 :
1496 5785 1792 5856 ἀδολεσχίᾳ,

1909 4690 2122 4755 olitum,
2157 4699 2215 4745 ut
2236 4692 2438 4760 quibus
2461 4693 2512 4747 in
2544 4694 2709 4748 rebus
2737 4705 3000 4761 moratur,
3032 4699 3086 4752 in
3119 4699 3224 4755 illis
3243 4710 3299 4756 et
3331 4703 3467 4757 dila-

1911 4786 2084 4844 tetur;
2136 4780 2190 4833 in
2221 4780 2420 4848 quibus
2447 4791 2629 4836 autem
2663 4783 2944 4849 dilatatur,
2987 4789 3052 4842 ad
3081 4790 3196 4845 haec
3225 4799 3280 4845 et
3307 4794 3464 4863 cupi-

1908 4870 2132 4924 ditatem
2160 4871 2618 4942 dilectionemque
2648 4885 2945 4941 convertat,
2980 4880 3094 4935 sive
3127 4881 3311 4937 divina
3339 4899 3465 4953 pro-

1909 4962 2132 5030 priaque
2160 4971 2213 5015 et
2237 4963 2525 5032 Spiritalia,
2578 4966 2690 5019 sive
2724 4968 2958 5021 carnalia
2990 4986 3186 5042 resque
3227 4983 3281 5027 et
3324 4974 3459 5031 aﬂ'e-

1909 5060 2028 5104 ctus
2063 5067 2157 5106 seu
2189 5053 2338 5107 vitia.

1939 5371 2043 5446 trod
2100 5373 2752 5446 evasiexsiumutandum
2805 5381 3024 5446 coniicit
3052 5382 3214 5437 Gesn.
3264 5389 3459 5443 merito

1943 5441 2053 5493 illio
2085 5441 2354 5522 displicet:
2381 5441 2629 5522 ‘Acsane
2654 5463 2758 5501 vox
2795 5458 2878 5522 est
2907 5441 2981 5522 in”
3018 5450 3314 5522 Scripturis
3343 5441 3456 5512 fre;

1896 5525 2090 5582 quens,
2125 5525 2224 5582 pro
2256 5512 2500 5582 diligenti
2531 5531 2708 5582 exque
2727 5519 2910 5572 animo
2933 5512 3236 5576 divinar'um
3271 5539 3455 5582 rerum

1895 5580 2332 5652 consideratione
2360 5580 2450 5636 “ac
2507 5580 2862 5642 meditatione
2885 5591 2996 5652 ;sic
3025 5592 3168 5646 Isaac
3192 5602 3309 5646 erat
3336 5580 3460 5649 ἀδοζ

1894 5649 2098 5719 λετχῶν
2123 5650 2177 5703 in
2217 5668 2345 5719 agro
2375 5667 2495 5706 eum
2533 5655 2777 5711 Rebecca
2815 5659 2862 5711 ei
2891 5649 3104 5713 obviam
3134 5661 3274 5716 facta
3308 5673 3392 5718 est
3439 5683 3454 5719 :

1893 5718 1969 5770 sic
2020 5720 2161 5786 apud
2217 5718 2468 5799 navigem
2489 5726 2712 5790 passim,
2739 5729 3039 5799 ὲνδιλιχεωι
3063 5747 3185 5795 vox,
3208 5733 3356 5787 nulla
3383 5718 3454 5790 co

1891 5803 2052 5842 sensu
2080 5798 2254 5845 exstat
2277 5791 2328 5844 in
2345 5791 2645 5861 Scriptura.
