4208 6436
290 394 422 461 1011

1121 386 1465 449 CAPITUM
1506 384 1602 445 DE
1636 379 2068 444 CHARITATE
2105 377 2495 438 CENTURIA
2536 376 2644 435 III.

3389 367 3525 431 10ιέ

356 504 454 567 03.".
486 502 586 555 Διά
612 500 783 557 ταῦτά
830 516 912 563 τις
961 499 1191 568 πάσχων
1235 497 1497 565 ὑπομένει
1522 512 1536 526 ·
1572 495 1605 565 ἢ
1636 494 1725 547 διὰ
1752 493 1849 560 τὴν
1876 496 1927 552 Α

1876 496 1927 552 Α
2020 491 2099 543 Π.
2132 489 2228 544 liis
2252 502 2321 542 ex
2339 487 2541 551 causis,
2565 501 2686 555 qua:
2710 483 2968 540 accidunt
3005 484 3166 548 mala,
3200 482 3401 550 aliquis
3429 500 3520 537 su—

286 593 505 660 ἀγάπην
540 591 632 644 τοῦ
660 588 817 652 Θεοῦ,
848 589 882 659 ἢ
910 588 998 641 διὰ
1048 588 1145 654 τὴν
1176 585 1368 638 ἐλπίδα
1399 586 1496 652 τῆς
1525 581 1853 651 μισθαποδο-

288 688 433 748 σίας,
469 685 502 753 ἣ
524 682 612 735 διὰ
634 682 726 735 τὸν
752 681 917 750 φόϐον
942 679 1041 748 τῆς
1075 676 1371 737 κολάσεως,
1402 673 1435 743 ἢ
1466 672 1553 724 διά
1579 674 1671 723 τὸν
1695 670 1856 738 φόϐον

285 774 400 826 τῶν
429 770 755 842 ἀνθρώπων,
786 770 820 839 ἢ
850 767 941 821 διά
969 768 1066 835 τὴν
1110 764 1295 834 φύσιν,
1322 762 1356 831 ἢ
1399 760 1486 813 διά
1514 761 1612 830 τὴν
1639 760 1852 828 ἡδονὴν,

288 866 322 935 ἢ
352 865 442 918 διά
472 863 678 934 κέρδος,
704 862 736 932 ἦ
772 861 861 914 διὰ
884 855 1265 925 κενοδοξίαν,ἢ
1293 852 1379 907 διά
1414 852 1679 920 ἀνάγκην.

362 1051 461 1113 οη’.
495 1042 659 1096 ’Λλλο
705 1041 824 1095 ἐστὶ
872 1039 1146 1109 λογισμῶν
1179 1037 1581 1107 ἀπαλλαγῆναι,
1609 1034 1703 1086 καὶ
1728 1034 1858 1087 ἄλλο

289 1134 483 1187 παθῶν
525 1131 982 1204 ἐλευθερωθῆναι.
1033 1132 1145 1183 Καὶ
1176 1128 1439 1188 πολλάκις
1466 1144 1549 1189 τις
1581 1125 1858 1196 λογισμῶν

288 1226 702 1281 ἀπαλλάττεται
723 1224 796 1294 μὴ
819 1223 1102 1294 παρόντων
1125 1222 1234 1276 τῶν
1257 1220 1598 1292 πραγμάτων
1610 1218 1856 1280 ἐκείνων,

289 1318 430 1386 πρὸς
460 1318 599 1386 άπερ
629 1315 697 1367 τά
721 1314 868 1383 πάθη
897 1315 1192 1383 κέκτηται·
1229 1296 1530 1383 κρύπτεται
1544 1310 1600 1363 δὲ
1619 1310 1689 1362 τά
1714 1309 1859 1378 πάθη

288 1406 352 1456 ὲν
382 1407 445 1473 τῇ
477 1404 645 1473 ψυχῇ,
677 1403 769 1456 καὶ
792 1403 1195 1471 ἀναφαινόντων
1216 1400 1322 1454 τῶν
1341 1400 1678 1471 πραγμάτων
1706 1400 1860 1466 ὲλέγ-

290 1512 497 1564 χονται.
534 1496 656 1564 Χρὴ
681 1491 779 1548 οὖν
819 1497 1008 1565 τηρεῖν
1056 1493 1146 1546 τὸν
1174 1492 1299 1546 νοῦν
1341 1494 1432 1545 ἐπὶ
1463 1492 1571 1545 τῶν
1604 1489 1862 1560 πραγμάο

290 1606 421 1652 των,
450 1589 542 1641 καὶ
574 1586 777 1656 γνῶναι
816 1587 952 1656 πρὸς
977 1587 1130 1639 ποῖον
1158 1584 1270 1654 ἔχει
1296 1584 1356 1637 τὸ
1386 1582 1575 1646 πάθος.

1956 581 2131 635 stinet
2165 595 2179 632 :
2217 589 2314 634 aut
2344 583 2572 648 propter
2614 576 2712 631 Dei
2756 576 3076 632 charitatem
3102 618 3116 641 ,
3153 582 3248 628 aut
3301 584 3522 643 propter

1955 683 2108 737 spem
2136 666 2534 730 retributionis,
2561 671 2656 719 aut
2680 664 2935 733 supplicii
2977 672 3124 717 metu
3147 702 3162 726 ,
3200 670 3296 715 aut
3330 662 3524 715 timore.

1958 759 2221 821 humano,
2244 766 2340 812 aut
2366 764 2595 827 propter
2631 763 2884 810 naturam
2910 770 2974 808 ac
2993 754 3251 818 indolem,
3280 761 3376 807 aut
3399 765 3526 821 pro~

1958 858 2082 919 pter
2109 849 2470 919 voluptatem,
2491 856 2587 904 aut
2614 847 2779 911 lucri,
2801 854 2896 900 aut
2921 845 3101 898 inanis
3117 845 3302 899 oloria:
3335 859 3519 906 causa,

1957 951 2052 996 aut
2087 944 2215 1013 quia
2244 944 2547 998 necessitas
2585 952 2765 1012 cogat.

2026 1034 2114 1088 78.
2149 1033 2313 1089 Aliud
2347 1041 2434 1088 est
2482 1049 2512 1087 a
2547 1032 2973 1106 cogitationibus
2999 1028 3244 1091 liberari,
3281 1028 3427 1083 aliud
3453 1029 3522 1081 ab

1959 1124 2248 1180 all‘cctibus
2277 1140 2343 1180 ac
2376 1124 2528 1180 vitiis
2575 1124 2877 1178 immunem
2918 1121 3166 1192 praestari
3202 1138 3217 1175 :
3255 1136 3361 1175 nec
3398 1135 3524 1173 raro

1959 1216 2229 1285 contingit
2280 1224 2341 1269 ut
2378 1216 2505 1285 quis
2535 1230 2565 1267 a
2610 1213 3038 1285 cogitationibus
3082 1213 3379 1267 liberetur.
3424 1226 3525 1279 per

1959 1321 2152 1361 earum
2186 1321 2371 1361 rerum
2398 1305 2702 1360 absentiam
2733 1305 2803 1359 ad
2825 1319 2964 1375 quas
2996 1303 3287 1357 libidinose
3320 1302 3519 1356 allicit»

1962 1396 2142 1462 batur,
2165 1413 2290 1452 cum
2320 1405 2501 1451 tamen
2518 1396 2749 1452 allectus
2770 1411 2836 1451 ac
2862 1395 3120 1451 libidines
3136 1393 3192 1448 in
3215 1394 3396 1447 animo
3425 1393 3524 1447 dc-

1960 1489 2235 1553 litescant,
2270 1488 2549 1557 rebusque
2574 1488 2983 1559 emergentibus
3001 1503 3066 1542 ac
3086 1501 3271 1543 coram
3294 1485 3525 1555 objectis

1961 1594 2020 1634 se
2075 1578 2333 1648 prodant.
2362 1576 2753 1633 Observandus
2777 1593 2912 1649 ergo
2950 1577 3169 1633 animus
3223 1577 3279 1629 in
3337 1592 3523 1629 rerum

1962 1668 2271 1738 praesentia,
2293 1683 2359 1722 ac
2378 1667 2676 1722 videndum
2696 1669 2752 1722 in
2776 1683 2939 1738 quam
2969 1667 3188 1723 tandem
3226 1666 3426 1721 affectu
3458 1680 3526 1719 ac

1964 1759 2192 1814 libidine
2215 1759 2443 1814 feratur.

363 1851 459 1905 σθ’.
501 1851 657 1915 Φίλος
675 1851 879 1915 ἐκεῖνός
910 1854 1027 1904 ἐστι
1054 1852 1293 1920 γνήσιος,
1319 1851 1347 1902 ὁ
1375 1849 1471 1911 τάς
1503 1849 1566 1900 ἐκ
1597 1847 1857 1917 περισσά·
1890 1824 1934 1879 Β

1890 1824 1934 1879 Β
2032 1850 2117 1905 79.
2181 1849 2355 1904 Verus
2401 1851 2492 1904 ille
2525 1848 2737 1904 amicus
2786 1856 2891 1910 est,
2922 1848 3016 1917 qui
3068 1848 3299 1902 adverso
3340 1862 3523 1901 rerum

294 1959 435 2005 σεως
470 1942 677 2010 θλίψεις
706 1944 800 1996 καὶ
830 1943 1074 2010 ἀνάγκας
1119 1942 1213 1993 καὶ
1257 1941 1544 2010 συμφοράς
1587 1942 1645 1991 ὲν
1676 1937 1857 2009 καιρῷ

291 2033 606 2104 πειρασμοῦ
634 2033 1021 2101 συνυποφὲοων
1044 2032 1122 2103 τῷ
1142 2031 1370 2103 πλησίον
1385 2033 1460 2095 ὡς
1488 2032 1643 2097 ἰδίας,
1664 2030 1859 2103 ἀθορύο

291 2124 404 2185 ὄως
436 2124 529 2175 καὶ
557 2124 861 2194 ἀταράχως.

364 2299 437 2355 π’.
472 2301 561 2370 Μὴ
587 2300 863 2373 ἀτιμάσῃς
894 2303 994 2371 τὴν
1042 2303 1367 2373 συνείδησιν,
1399 2304 1598 2373 ἄριστά
1639 2322 1718 2357 σοι
1771 2306 1859 2358 ἀεὶ

292 2390 794 2459 συμϐουλεύουσαν.
828 2391 1066 2461 Γνώμην.
1088 2393 1196 2463 γάρ
1240 2393 1390 2446 θείαν
1435 2396 1529 2446 καὶ
1556 2395 1860 2465 ἀγγελικὴν

291 2497 377 2533 σοι
413 2482 759 2535 ὑποτίθεται·
798 2485 891 2536 καὶ
921 2484 1028 2536 τῶν
1056 2484 1316 2555 κρυπτῶν
1349 2486 1451 2555 τῆς
1483 2487 1712 2557 καρδίας
1763 2504 1859 2555 μο-

287 2570 584 2640 λυσμάτων
610 2573 906 2644 ἐλευθεροῖ,
942 2575 1035 2626 καὶ
1080 2576 1393 2647 παρρησίαν
1429 2578 1563 2648 πρὸς
1592 2578 1684 2629 τὸν
1725 2578 1859 2631 Θεὸν

288 2664 350 2715 ἑν
376 2665 441 2734 τῇ
476 2663 639 2734 ἐξόδῳ
665 2683 745 2717 σοι
776 2666 1083 2735 χαρίζεται.

364 2762 477 2807 παθ.
517 2757 578 2807 Ei
610 2756 786 2820 θέλεις
812 2758 1063 2824 γενέσθαι
1102 2758 1430 2830 ἐπιγνώμων
1482 2762 1559 2832 (y)
1615 2764 1708 2816 καὶ
1764 2764 1861 2834 μέ-

288 2861 443 2914 τριος
474 2845 606 2916 (54),
639 2848 734 2899 κα)⁸
777 2847 855 2911 τῷ
883 2848 1046 2900 πάθει
1076 2849 1171 2918 τῆς
1198 2852 1427 2920 οἰήσεως
1462 2851 1536 2922 μὴ
1566 2853 1857 2921 δουλεύειν,

289 2936 382 2988 ἀεὶ
440 2935 594 3006 ζήτει
649 2939 709 2989 ἑν
758 2941 871 3000 τοῖς
905 2935 1043 3004 οὖσι,
1082 2940 1133 2991 τί
1184 2942 1299 2993 ἐστι
1350 2942 1726 3013 κρυπτόμενον
1759 2946 1858 3016 τὴν

291 3028 392 3080 σὺν
423 3027 628 3094 γνῶσιν
661 3026 772 3100 [Ρτ.
812 3030 880 3099 τῇ
915 3032 980 3100 σῇ
1017 3029 1260 3102 γνώσει].
1283 3033 1390 3085 Καὶ
1418 3034 1686 3102 εὑρίσκων
1711 3036 1861 3106 πάμ-

291 3116 467 3217 πολλα
505 3117 600 3170 καὶ
627 3117 859 3188 διάφορα
907 3120 1202 3189 πράγματα
1246 3120 1578 3176 λανθάνοντά
1618 3140 1698 3188 σε,
1729 3124 1859 3178 θαυο
1885 3158 1928 3217 c

292 3208 492 3278 μάσεις
520 3226 579 3260 τε
609 3209 700 3261 ἐπὶ
732 3213 796 3278 τῇ
824 3213 888 3279 σῇ
918 3211 1182 3280 ἀγνωσία,
1210 3214 1302 3265 καὶ
1332 3214 1607 3277 συστελεῖς
1643 3216 1702 3268 τὸ
1728 3216 1859 3286 φρό-

288 3314 476 3366 νημα·
535 3300 629 3351 καὶ
684 3300 909 3353 σεαυτὸν
943 3302 1222 3369 ἐπιγνοὺς,
1260 3306 1512 3374 συνήσεις
1565 3307 1737 3360 πολλά
1767 3309 1861 3360 καί⁸

292 3389 510 3457 μεγάλα
530 3390 625 3442 καὶ
657 3390 947 3460 θαυμαστά
978 3394 1301 3463 πράγματα.
1346 3396 1500 3449 Ἐπεὶ
1530 3396 1591 3449 τὸ
1619 3397 1861 3468 νομίζειν

289 3480 514 3545 εἰδέναι,
547 3482 645 3534 οὐκ
677 3484 741 3553 ἑᾷ
774 3484 1107 3553 προκόπτειν
1141 3488 1222 3549 εἰς
1250 3486 1311 3538 τὸ
1347 3487 1571 3542 εἰδέναι.

364 3569 479 3639 πβ⁹.
512 3564 680 3635 Οὗτος
711 3574 955 3643 ἀκριϐῶς
995 3574 1136 3628 θέλει
1166 3577 1428 3646 σωθῆναι,
1461 3580 1488 3630 ὁ
1528 3582 1642 3643 τοῖς
1684 3582 1859 3653 ίατρι-

290 3664 410 3726 κοῖς
445 3666 759 3734 φαρμάκοις
816 3666 889 3736 μὴ
921 3666 1336 3739 ἀνθιστάμενος.
1385 3665 1554 3725 Λῦται
1607 3673 1663 3727 δέ
1715 3676 1855 3728 εἰσιν

287 3755 477 3809 ὀδύναι
529 3758 625 3810 καὶ
662 3758 830 3811 λύπαι
881 3758 971 3811 διά
1018 3760 1280 3815 ποικίλων
1313 3763 1593 3835 ἐπιφορῶν
1649 3767 1855 3837 ἐπαγό-

293 3865 475 3918 μεναι.
492 3850 550 3901 ’0
572 3850 626 3902 δὲ
655 3851 1068 3920 ἀνθιστάμενος,
1087 3853 1187 3905 οὐκ
1211 3849 1319 3906 οἵδε
1342 3855 1394 3906 τί
1413 3855 1644 3909 ἐνταῦθα
1675 3874 1859 3929 πραγο

293 3937 609 4007 ματεύεται,
661 3940 782 3993 οὐδὲ
824 3941 876 3994 τί
937 3942 1187 3996 ἐντεῦθεν
1235 3944 1578 4016 ὠνησόμενος
1623 3948 1858 4003 ἀπελεύ-

292 4045 471 4082 σεται.

364 4121 479 4189 πγ’.
521 4123 809 4191 Κενοδοξία
841 4125 935 4178 καὶ
968 4126 1303 4198 φιλαργυρία
1333 4129 1580 4201 ἀλλήλων
1602 4132 1710 4186 εἰσὶ
1739 4151 1859 4203 γεν-

289 4216 535 4283 νητικαί.
590 4217 653 4269 Oi
704 4216 805 4285 μὲν
858 4217 967 4288 γὰρ
1016 4219 1442 4287 κενώοξοῦντες,
1495 4222 1856 4278 πλουτοῦσιν·

288 4306 341 4357 οἱ
370 4306 428 4359 δὲ
456 4306 837 4372 πλουτοῦντες,
882 4309 1285 4374 κενοὼξοῦσιψ
1319 4313 1436 4366 ἀλλ’
1461 4314 1539 4379 ὡς
1569 4317 1854 4386 κοσμικοί·

288 4397 419 4450 ἐπεὶ
468 4400 498 4451 ὁ
554 4399 785 4469 μοναχὸς
834 4402 1102 4472 ἀκτήμων
1163 4401 1259 4469 ὢν,
1315 4406 1516 4475 μᾶλλον
1568 4409 1854 4476 κενοδοξεῖ.

1961 1957 2087 1995 casu
2120 1941 2343 1995 obortas
2363 1955 2635 1993 aerumnas
2660 1947 2718 1993 et
2733 1940 3091 1994 necessitates
3110 1947 3166 1991 et
3193 1937 3526 1992 calamitates

1961 2046 2026 2086 ac
2054 2030 2260 2094 clades,
2297 2038 2542 2100 tempore
2578 2031 2917 2094 tentationis,
2940 2030 3095 2099 quasi
3123 2029 3392 2099 proprias,
3416 2042 3524 2081 una

1961 2137 2085 2176 cum
2136 2123 2384 2191 proximo
2437 2122 2832 2191 imperturbate
2877 2121 3173 2191 sedatoque
3216 2120 3401 2176 animo
3435 2135 3527 2175 su-

1960 2214 2127 2269 stinet
2145 2251 2161 2267 .

2031 2304 2117 2359 80.
2150 2305 2232 2359 Ne
2254 2304 2646 2359 conscientiam
2668 2345 2681 2368 ,
2718 2306 2923 2375 Optima
2948 2303 3040 2359 tibi
3076 2320 3293 2373 semper
3322 2319 3523 2358 consu—

1961 2397 2163 2452 lentem
2191 2397 2484 2466 spreveris.
2520 2397 2773 2451 Divinum
2807 2398 2955 2450 enim
2990 2405 3047 2449 ct
3090 2396 3396 2464 angelicum
3425 2394 3525 2447 tibi

1959 2485 2250 2541 consilium
2297 2500 2365 2540 ac
2410 2485 2746 2539 voluntatem
2801 2483 3064 2554 suggerit,
3100 2481 3409 2551 liberatquc
3454 2484 3524 2536 ab

1958 2579 2195 2633 occultis
2230 2577 2399 2632 animi
2429 2578 2707 2641 sordibus,
2735 2592 2797 2631 ac
2842 2576 2897 2631 in
2936 2577 3086 2631 exitu
3134 2574 3391 2630 ﬁduciam
3428 2575 3527 2632 tibi

1959 2669 2027 2723 ad
2054 2670 2228 2723 Deum
2253 2668 2555 2738 praestabit.

2027 2759 2115 2814 8|.
2147 2759 2205 2814 Si
2247 2759 2491 2831 prudens
2517 2759 2770 2829 cognitor
2799 2772 2863 2813 ac
2905 2757 3188 2812 modestus
3230 2755 3369 2811 cﬂici
3420 2756 3526 2819 vis,

1958 2868 2062 2908 nec
2077 2852 2359 2923 iactantiae
2391 2851 2681 2920 inanisque
2710 2850 2883 2905 fastus
2919 2849 3054 2904 vitio
3087 2850 3318 2912 servire,
3344 2864 3527 2918 quaere

1959 2956 2176 3010 semper
2212 2940 2265 2994 in
2293 2941 2462 2995 rebus
2485 2939 2617 3010 quid
2650 2939 2938 2994 scientiam
2965 2947 3110 2993 tuam
3144 2939 3332 2995 lateat.
3363 2939 3530 2994 Cum-

1958 3046 2066 3099 que
2100 3030 2338 3099 plurima
2383 3040 2546 3100 atque
2592 3029 2813 3085 diversa
2848 3039 2900 3084 te
2950 3030 3121 3084 latere
3168 3029 3526 3099 compereris,

1960 3122 2252 3176 miraberis
2272 3136 2377 3191 pro
2393 3134 2459 3176 ea
2482 3136 2592 3191 qua
2612 3121 2828 3176 laboras
2852 3122 3179 3193 ignorantia.
3201 3138 3531 3194 sensumque

1962 3221 2019 3267 et
2073 3213 2287 3267 animos
2339 3214 2709 3283 comprimes;
2743 3221 2904 3283 teque
2961 3214 3139 3283 ipsum
3190 3230 3527 3285 agnoscens.

1964 3305 2134 3359 multa
2163 3320 2467 3375 magnaque
2488 3320 2553 3359 ac
2580 3304 2899 3359 admiranda
2922 3306 3217 3376 intelliges.
3237 3306 3392 3373 Quod
3407 3308 3531 3378 quis

1960 3396 2107 3450 cnim
2133 3411 2191 3450 se
2219 3397 2359 3450 scire
2380 3396 2679 3462 existimat,
2707 3397 2866 3452 deest
2893 3396 2973 3452 illi
3006 3412 3117 3467 quo
3143 3399 3214 3454 ad
3242 3400 3529 3456 scientiam

1960 3486 2233 3556 prolicere
2262 3486 2446 3541 liceat.

2032 3580 2119 3633 8‘2.
2146 3579 2242 3633 Ille
2267 3578 2414 3633 serio
2457 3578 2691 3633 salutem
2721 3580 2985 3649 consequi
3014 3581 3188 3650 cupit,
3213 3582 3308 3652 qui
3358 3582 3533 3637 medi-

1961 3668 2234 3723 cinalibus
2286 3668 2551 3724 remediis
2603 3684 2714 3723 non
2760 3669 2991 3723 resistit.
3041 3669 3184 3725 Sunt
3225 3686 3359 3725 vero
3393 3671 3527 3737 lucc,

1959 3760 2199 3821 dolores.
2225 3775 2484 3815 mrumna:
2505 3775 2570 3814 ac
2591 3761 2754 3824 mala,
2787 3760 2958 3814 variis
2982 3761 3205 3815 casibus
3228 3777 3529 3834 rerumque

1962 3850 2278 3906 turbinibus
2300 3849 2460 3924 “1
2496 3850 2761 3906 iunuissa.
2795 3851 2900 3917 Qui
2939 3859 3123 3905 autem
3169 3852 3409 3919 resistit,
3437 3870 3535 3907 ne-

1960 3944 2065 3998 scit
2089 3943 2353 4013 quidnam
2384 3942 2476 3998 hic
2493 3943 2699 4013 negotii
2734 3953 2948 4014 agatur,
2984 3945 3187 4014 quidve
3222 3946 3363 4001 lucri
3396 3961 3531 4002 con-

1959 4041 2182 4088 secutus
2202 4032 2459 4088 humanis
2492 4033 2827 4103 migraturus
2853 4034 2945 4088 sit.

2026 4120 2115 4175 85.
2141 4119 2326 4175 Inanis
2346 4120 2519 4191 gloria
2542 4128 2601 4174 ct
2632 4121 2883 4187 avaritia,
2909 4124 3083 4178 altera
3118 4123 3275 4178 alteri
3308 4138 3528 4195 parens.

1958 4210 2061 4278 Qui
2087 4212 2233 4267 enim
2264 4211 2417 4265 inani
2445 4212 2620 4282 gloria
2657 4213 2930 4278 laborant,
2967 4214 3243 4270 ditescere
3268 4215 3528 4279 student,

1957 4300 2321 4371 laborantque
2372 4301 2523 4356 inani
2570 4301 2764 4371 gloria,
2816 4303 2913 4372 qui
2961 4305 3187 4359 student
3221 4304 3529 4371 ditescere,

1957 4391 2103 4462 quod
2136 4407 2334 4462 nempe
2355 4391 2422 4446 ad
2449 4393 2736 4447 saeculares
2754 4395 2953 4449 attinet
2984 4414 2995 4447 :
3028 4397 3332 4451 monachus
3358 4397 3531 4461 enim,

303 4490 596 4561 ’Δργύριον
629 4491 687 4545 δὲ
721 4492 878 4561 ἔχων,
911 4492 1143 4564 κρύπτει
1172 4496 1327 4557 αὐτὸ.
1359 4499 1747 4572 αἰσχυνόμενος
1777 4504 1855 4566 ὡς
1886 4495 1930 4553 1)
1956 4500 1965 4533 ⁴

1886 4495 1930 4553 ι)
1956 4496 2083 4536 cum
2112 4481 2251 4535 nihil
2279 4481 2335 4536 in
2364 4496 2532 4536 censu
2560 4482 2726 4536 habet
2748 4498 2811 4537 ac
2840 4499 3050 4553 pauper
3074 4492 3178 4548 est,
3218 4492 3330 4539 tum
3363 4487 3534 4556 magis

290 4580 564 4635 ἀνοίκειον
593 4584 826 4654 πρᾶγμα
857 4584 952 4639 τοῦ
982 4587 1263 4658 σχήματος
1304 4588 1467 4660 ἔχων.

366 4828 472 4883 ηδ’.
511 4828 625 4899 Τῆς
672 4830 768 4884 τοῦ
818 4832 1053 4901 μοναχοῦ
1102 4833 1412 4899 κενοδοξίας
1465 4835 1616 4902 ἴδιον,
1668 4838 1730 4891 τὸ
1773 4841 1861 4893 ἐπ’

288 4918 464 4989 ἀρετῇ
498 4919 816 4987 κενοδοξεῖν,
842 4923 935 4976 καὶ
968 4925 1080 4987 τοῖς
1112 4925 1287 4997 ταύτῃ
1336 4927 1692 4982 ἀκολουθοῦσι
1712 4945 1727 4961 ο
1760 4931 1861 4999 τῆς

288 5008 350 5062 δὲ
380 5009 754 5080 ὑπερηφανίας
806 5013 970 5068 αὑτοῦ
1024 5015 1172 5081 ἴδιον,
1205 5016 1265 5069 τὸ
1293 5017 1387 5070 ἐπὶ
1441 5019 1859 5092 κατορθώμασιν

1962 4570 2109 4624 inani
2137 4572 2309 4640 gloria
2346 4579 2537 4625 tumet.
2569 4572 2662 4625 Sin
2686 4581 2867 4628 autem
2900 4574 3066 4628 habet
3107 4576 3391 4643 pecunias,
3440 4592 3535 4630 cas

1959 4660 2263 4726 abscondit,
2288 4662 2640 4723 erubescens,
2674 4671 2734 4716 ut
2754 4678 2917 4732 quem
2947 4664 3151 4733 pudeat
3174 4665 3399 4732 habere,
3431 4683 3532 4723 ceu

1960 4765 2075 4805 rem
2110 4767 2230 4821 qua:
2268 4752 2582 4807 institutum
2614 4753 2763 4808 illius
2789 4754 3071 4809 dedeceat.

2028 4842 2113 4896 8i.
2147 4841 2326 4896 inanis
2351 4843 2537 4913 gloria:
2583 4844 2837 4898 monachi
2873 4847 3154 4916 proprium
3191 4857 3295 4914 est,
3340 4856 3402 4903 ut
3427 4849 3538 4903 vir-

1957 4935 2091 4990 tutis
2116 4935 2337 4989 nomine
2363 4950 2422 4990 se
2446 4936 2539 4989 illa
2570 4937 2786 5001 ell‘erat,
2828 4953 3131 5009 eorumque
3161 4956 3283 5009 qua:
3312 4956 3379 4995 ex
3418 4942 3530 4995 vir-

1956 5025 2090 5081 tutis
2139 5028 2349 5084 ratione
2401 5037 2530 5083 sunt
2561 5046 2573 5081 :
2605 5031 2726 5101 ejus
2769 5048 2900 5087 vero
2937 5036 3227 5105 proprium
3263 5037 3533 5107 superbia:

292 5160 461 5241 unus.
480 5162 558 5201 att
588 5147 872 5241 {ultimus}
904 5150 1077 5241 ὀρθῶς
1099 5156 1486 5241 περιποιεῖται,
1522 5173 1704 5210 earum
1729 5168 1866 5212 recte

1854 5176 1866 5211 ι
1970 5162 2125 5241 quasi
2151 5164 2449 5241 mrariivel
2484 5167 2684 5236 privati
2718 5169 2810 5241 vel
2845 5170 3053 5241 publici
3098 5180 3363 5241 quaestor;
3409 5175 3516 5228 ine-

292 5218 558 5298 rationent
594 5218 764 5298 habet,
801 5229 857 5298 ut
906 5218 1009 5298 non
1041 5218 1186 5298 desit
1222 5222 1509 5298 aliquando
1548 5243 1648 5296 quo
1677 5230 1863 5298 cuique

293 5287 594 5362 necessaria
618 5288 879 5362 tribuat:
913 5291 1004 5344 ubi
1034 5291 1235 5362 Obsop.
1263 5287 1320 5347 et
1357 5293 1524 5349 Gesn.
1560 5287 1675 5350 non
1697 5287 1860 5359 bene.

291 5355 972 5435 curamfamilicuobiens;
994 5361 1138 5429 quod
1154 5355 1304 5417 esset
1328 5364 1660 5435 privatarum
1684 5355 1858 5422 solum

292 5427 655 5547 pecuniarum
712 5427 1062 5512 distributor,
1127 5448 1237 5486 non
1294 5427 1672 5502 publicarum;
1731 5454 1857 5491 cum

338 5509 463 5547 111118
486 5512 721 5547 maxune
751 5508 999 5547 ιηιρτςιι-
1034 5508 1094 5547 Ill
1130 5504 1377 5547 necnnim
1405 5513 1699 5547 Sllnnnlnnl
1749 5524 1857 5547 mm

338 5501 463 5575 ujus
484 5501 721 5575 maxime
750 5501 966 5575 intersit
985 5540 999 5562 ,
1034 5508 1102 5575 ut_
1130 5501 1377 5575 pecunia:
1405 5513 1720 5573 suppetant,
1749 5524 1860 5574 quo

291 5572 352 5616 et
384 5563 626 5645 divinius
648 5567 852 5645 bonum
886 5570 993 5645 illis
1022 5563 1415 5645 vel_servandis
1448 5563 1860 5645 v'e'lgerogandis

294 5638 640 5701 propositum
685 5638 847 5691 habet
878 5657 890 5692 :
933 5639 1041 5703 hic,
1077 5640 1212 5694 nihil
1253 5642 1336 5695 eis
1366 5643 1610 5712 exposita
1647 5638 1771 5709 vos,
1804 5658 1861 5702 at

295 5714 449 5785 certe
486 5719 597 5759 non
626 5714 779 5785 estra
812 5712 1321 5785 mentemauctoris
1352 5711 1741 5785 deterta,iNon~
1763 5733 1857 5785 po-

296 5779 393 5827 test
425 5777 797 5832 aconomicum
837 5795 1011 5845 aqere.
1049 5779 1304 5837 Arcarius
1347 5782 1530 5838 dictus
1566 5777 1862 5854 ejusmodi.

1968 5240 2118 5313 ptes.
2141 5244 2292 5315 certe
2344 5236 2471 5289 huic
2509 5238 2754 5315 muneri,
2783 5241 2829 5293 si
2850 5236 3396 5312 ’libenter'accipiat,
3425 5258 3527 5298 nec

1968 5305 2075 5355 nisi
2105 5305 2311 5358 invitus
2351 5321 2414 5361 ac
2453 5305 2630 5360 tristis
2658 5308 2886 5363 tribuat.

2039 5372 2112 5442 (9)
2148 5376 2215 5426 El
2245 5374 2443 5451 0ég18lq
2459 5376 2748 5451 Τςξνδξςνθαι⁸
2762 5379 3124 5449 ἐπιγνώμων.
3152 5382 3422 5451 Cognitor,
3453 5384 3536 5435 in-

1964 5450 2190 5524 spector,
2231 5445 2330 5524 qui
2378 5446 2447 5524 ad
2488 5445 2990 5524 iudicandunrseti
3020 5445 3401 5524 arbigtraitdum
3433 5453 3535 5505 ali-

1965 5514 2096 5578 quid
2131 5514 2338 5569 accitus
2374 5516 2465 5578 sit,
2492 5514 2651 5570 utait
2678 5518 2813 5571 Bud.
2855 5520 3095 5575 adducto
3133 5522 3359 5576 Luciani
3386 5521 3529 5575 loco.

2015 5583 2141 5659 tia_m
2166 5583 2398 5659 llcsych.
2420 5587 2779 5659 imyvo'ipow,
2820 5590 3080 5659 ἐπόπτης.
3121 5592 3383 5645 Praeclara
3418 5591 3533 5645 hmo

1966 5652 2197 5731 maximi
2246 5652 2455 5731 seiendi
2479 5652 2692 5731 regula,
2735 5659 2877 5731 quod
2916 5652 3153 5731 tcipsunt
3185 5660 3528 5717 nescientem

1966 5721 2127 5777 scias.
2153 5723 2272 5778 Non
2305 5725 2446 5779 male
2470 5721 2634 5781 Gesn.
2669 5721 2901 5800 sapit-us.
