4208 6436
266 378 399 446 1015

1114 372 1462 436 CAPITUM
1499 373 1598 433 DE
1632 368 2061 432 CHARITATE
2097 351 2484 429 CENTURIA
2524 370 2633 427 ιιι.

3367 365 3495 429 19ιῦ

258 495 486 551 δυνατὸν
513 494 684 556 ἄλλως
710 494 923 564 στῆσαι,
958 492 1009 544 εἰ
1052 492 1125 562 μὴ
1167 509 1220 544 τι
1250 491 1478 561 κρύψεις
1521 488 1704 542 αὐτόν.
1756 486 1818 539 Εἰ
1849 487 1893 542 Δ

1849 487 1893 542 Α
1922 484 1975 536 in
2002 493 2051 540 te
2081 486 2232 550 boni,
2287 487 2443 555 cujus
2475 486 2570 538 tibi
2605 501 2763 539 causa
2800 485 3038 551 invidet;
3088 501 3187 541 nec
3215 486 3368 541 aliter
3406 488 3495 541 ﬁat

258 587 315 639 δὲ
349 586 577 646 πολλοὺς
616 585 712 654 μὲν
740 583 957 651 ὠφελεῖ,
1000 583 1209 635 ἐκεῖνον
1233 583 1291 635 δὲ
1317 582 1499 646 λυπεῖ,
1532 582 1687 633 ποίου
1722 578 1821 648 μὲ-

262 694 392 747 ρους
419 676 839 746 περιφρονήσεις
859 693 874 739 ;
891 675 1213 741 Ἀναγκαῖον
1240 668 1334 725 οὖν
1360 672 1458 741 τῆς
1478 670 1584 724 τῶν
1614 668 1825 722 πολλῶν

1931 583 1990 628 ut
2018 576 2137 644 ejus
2170 576 2333 629 sistas
2363 576 2614 633 livorem,
2644 576 2774 643 quin
2808 577 3011 645 aliquid
3053 592 3179 630 eum
3206 577 3494 632 celaveris.

1930 663 2026 719 Sin
2048 675 2231 719 autem
2268 665 2400 717 illud
2435 665 2708 736 ejusmodi
2739 666 2829 727 sit,
2859 667 3005 735 quod
3038 667 3240 722 multos
3271 665 3495 737 quidem

264 764 518 831 γενέσθαι
549 763 846 832 ὠφελείας,
895 763 1149 816 κάκείνου
1189 760 1246 815 δὲ
1294 760 1695 829 κατά’δύναμιν
1750 759 1825 827 μὴ
1923 811 1926 823 1

1923 755 2099 825 juvet,
2131 756 2211 809 illi
2250 764 2429 810 autem
2458 756 2666 812 doloris
2709 764 2945 825 segetem
2990 758 3283 821 ministret,
3314 765 3494 811 utram

266 856 487 925 ἀμελεῖν
510 872 523 884 ·
598 856 734 925 μηδὲ
762 859 831 926 τῇ
864 854 959 908 τοῦ
985 852 1189 916 πάθους
1218 851 1452 923 πονηρίᾳ
1470 849 1821 919 ,συναπαχοῆ-

267 964 359 999 ναι
380 965 392 977 ·
425 947 499 1009 ὼς
528 948 647 1016 οὐχὶ
671 946 749 1015 τῷ
784 946 966 1009 πάθει,
997 945 1134 998 ἀλλὰ
1158 944 1236 1015 τῷ
1262 944 1522 1014 πάσχοντι
1544 942 1825 1013 ἀμυνόμε-

268 1057 360 1091 νον
385 1055 399 1066 °
442 1037 575 1091 ἀλλά
603 1041 668 1108 τῇ
707 1037 1173 1109 ταπεινοφροσύνῃ
1199 1036 1450 1107 ἡγεῖσθαι
1481 1035 1642 1089 αὐτὸν
1669 1034 1833 1103 ὑπερ·

271 1130 467 1199 έχοντα
495 1130 741 1193 σεαυτοῦ,
777 1130 866 1183 καὶ
922 1131 979 1182 ὲν
1022 1129 1185 1182 παντὶ
1213 1127 1388 1199 καιρῷ
1420 1127 1512 1181 καὶ
1549 1128 1698 1195 τόπῳ
1737 1126 1831 1178 καὶ

273 1222 580 1290 πράγματι,
613 1223 884 1293 προτιμᾷν
913 1222 1097 1275 αὐτόν.
1128 1222 1231 1274 Τὸν
1254 1219 1311 1274 δὲ
1338 1219 1426 1272 σδν
1455 1218 1647 1287 φθόνον
1674 1216 1833 1270 δύναι-

275 1327 368 1363 σαι
399 1314 612 1381 στῆσαι,
639 1313 732 1365 ὲάν
758 1316 815 1365 ἐν
840 1306 920 1374 οἷς
945 1311 1125 1382 χαίρει
1150 1314 1177 1363 ὁ
1203 1310 1308 1363 ὑπὸ
1336 1312 1426 1364 σοῦ
1447 1308 1832 1379 φθονούμενος,

277 1401 609 1469 συγχαίρης·
655 1404 748 1455 καὶ
776 1404 836 1455 ὲν
870 1396 951 1465 οἷς
980 1402 1251 1463 λυπεῖται,
1284 1402 1380 1454 καὶ
1408 1400 1575 1461 αὐτὸς
1608 1400 1671 1453 σὺ
1704 1396 1833 1452 συλο

273 1488 449 1558 λυπῇ·
515 1490 733 1559 πληρῶν
784 1491 847 1543 τὺ
897 1492 993 1543 τοῦ
1059 1491 1410 1553 Ἀποστόλου,
1463 1490 1545 1553 τὸ,
1599 1492 1837 1558 Xaipew

269 1579 421 1647 μετὰ
453 1580 800 1647 χαιρόντων,
835 1580 932 1632 καὶ
960 1581 1193 1634 κλαίειν
1216 1582 1365 1649 μετὰ
1396 1583 1726 1634 κλαιόντων
1758 1619 1772 1634 .

351 1841 456 1911 1.,βῖ
498 1843 555 1894 '0
582 1841 705 1906 νοῦς
735 1843 893 1913 ἡμῶν
924 1844 1091 1915 μέσος
1118 1844 1266 1916 [ch.
1294 1847 1343 1910 l,
1383 1847 1568 1919 μέσον]
1605 1848 1722 1900 ἐστὶ
1748 1848 1842 1901 δύο
1873 1838 1916 1897 Β

281 1929 467 1991 τινῶν,
499 1931 728 1984 ἑκάστου
773 1930 843 1984 τά
877 1932 985 1984 ῐδια
1032 1932 1412 2003 ἐνεργοῦντος
1454 1934 1546 1986 τοῦ
1596 1934 1711 2003 μὲν,
1742 1933 1841 2002 τὴν

280 2020 513 2089 ἀρετήν·
575 2020 668 2074 τοῦ
694 2022 770 2083 δὲ,
809 2023 907 2092 τὴν
938 2024 1164 2077 κακίαν⁸
1227 2025 1469 2078 τουτέστι
1493 2026 1722 2093 ἀγγέλου
1753 2028 1844 2079 καὶ

280 2109 559 2177 δαίμονος.
603 2110 879 2176 Ἐξουσίαν
909 2113 965 2166 δὲ
995 2113 1109 2183 ἔχει
1142 2116 1170 2168 ό
1199 2115 1342 2181 νοῦς,
1388 2116 1482 2171 καὶ
1519 2116 1747 2171 δύναμιν
1803 2105 1848 2183 ᾧ

282 2199 429 2253 θέλει
454 2202 562 2254 εἴτε
588 2201 838 2269 ἕπεσθαι,
869 2205 978 2258 εἴτε
1008 2207 1342 2277 ἀντιστῆναι.

354 2374 460 2444 ια’.
513 2378 579 2429 At
619 2377 717 2447 μὲν
763 2379 913 2448 ἅγιαι
945 2383 1212 2451 Δυνάμεις
1266 2378 1657 2455 προτρὶπονται
1707 2386 1852 2456 ἡμᾶς

283 2466 381 2518 ἐπὶ
410 2464 478 2519 τά
505 2466 645 2521 καλά
669 2485 682 2500 ο
739 2468 807 2522 τά
842 2471 898 2523 δὲ
941 2471 1144 2540 φυσικά
1170 2472 1459 2542 σπέρματα
1490 2475 1584 2527 καὶ¹
1613 2476 1647 2545 ὴ
1675 2473 1853 2544 ἀγαθὴ

285 2556 626 2625 προαίρεσις,
683 2557 967 2628 βοηθοῦσιν
1007 2563 1138 2632 ἡμῖν
1163 2578 1177 2593 ο
1235 2562 1334 2625 τὰς
1362 2563 1417 2616 δὲ
1449 2563 1559 2619 τῶν
1586 2565 1855 2636 δαιμόνων

285 2646 621 2715 προσϐολάς,
679 2649 745 2700 τά
777 2649 921 2721 πάθη
954 2653 1045 2705 καὶ
1076 2654 1109 2723 ἡ
1138 2653 1347 2724 πονηρά
1381 2657 1697 2727 προαίρεσις
1730 2674 1855 2712 συν-

286 2754 496 2793 ιστωσι.

360 2832 459 2898 ἤδη
515 2835 618 2888 Τὸν
665 2836 904 2909 καθαρὸν
953 2835 1107 2899 νοῦν,
1166 2839 1294 2892 ποτὲ
1323 2839 1440 2909 μὲν,
1485 2839 1646 2903 αὐτὸς
1673 2842 1701 2893 ό
1730 2839 1861 2903 Θεδς

287 2924 440 2995 αὐτῷ
466 2928 757 2981 ἐπιϐαίνων
784 2930 1047 2984 διδάσκει·
1083 2931 1210 2985 ποτὲ
1233 2931 1308 2996 δὲ,
1334 2932 1389 2983 αἱ
1415 2932 1566 2999 ἅγιαι
1595 2933 1859 3004 Δυνάμεις

286 3018 360 3070 τά
402 3019 541 3073 καλὰ
590 3021 963 3075 ὑποτίθενται*
1033 3024 1159 3078 ποτὲ
1199 3024 1288 3089 δὲ,
1334 3026 1367 3095 ἡ
1400 3024 1556 3093 φύσις
1584 3026 1692 3078 τῶν
1722 3043 1863 3098 πρα-

289 3109 519 3177 γμάτων
547 3111 919 3185 θεωρουμένη.

362 3291 465 3353 κε’.
523 3288 641 3360 Χρὴ
674 3288 765 3342 τὸν
793 3292 1194 3357 καταξιωθέντα
1223 3294 1475 3361 γνώσεως
1500 3294 1625 3347 νοῦν
1644 3335 1657 3358 ,
1706 3295 1774 3348 τά
1801 3311 1859 3346 τε

289 3376 541 3445 νοήματα
571 3381 756 3449 τηρεῖν
783 3381 967 3451 ἀπαθῆ
997 3383 1104 3435 τῶν
1125 3385 1484 3455 πραγμάτων·
1523 3385 1613 3438 καὶ
1640 3386 1708 3437 τὰ
1730 3385 1861 3437 θεω-

294 3470 532 3537 ρήματα,
555 3470 792 3541 ἀσφαλῆο
822 3474 914 3526 καὶ
944 3474 1040 3545 τὴν
1065 3475 1164 3543 τῆς
1190 3478 1499 3548 προσευχῆς
1525 3480 1863 3532 κατάστασιν

291 3558 583 3612 ἀθόλωτον.
650 3562 723 3614 Οὐ
770 3562 988 3617 δύναται
1034 3566 1090 3619 δὲ
1140 3566 1311 3620 ταῦτα
1343 3568 1429 3620 ἀεὶ
1454 3570 1640 3639 τηρεῖν
1669 3570 1733 3622 ἐκ
1755 3569 1863 3622 τῶν

291 3650 398 3718 τῆς
429 3652 627 3720 σαρκὸς
653 3653 953 3708 ἀναδόσεων
974 3698 988 3720 ,
1043 3657 1130 3711 διὰ
1162 3658 1262 3726 τῆς
1306 3659 1413 3713 τῶν
1444 3661 1714 3732 δαιμόνων
1744 3664 1864 3716 ἑπι-

296 3738 496 3808 ϐουλῆς
528 3743 937 3816 καπνιξόμενος.

375 3935 488 3998 ιιςι.
540 3935 613 3987 Οὐ
644 3936 709 3988 δι’
729 3938 825 3990 ὅσα
854 3938 1186 4011 λυπούμεθα,
1217 3942 1303 3995 διὰ
1329 3943 1501 3998 ταῦτα
1532 3946 1624 3999 καὶ
1654 3947 1869 4022 ὀργιζὸο

306 4022 469 4092 μεθα.
532 4025 820 4090 Πλεονάζει
869 4030 976 4099 γὰρ
1036 4031 1103 4083 τὰ
1154 4030 1251 4100 τὴν
1294 4032 1473 4103 λύπην
1517 4036 1867 4105 ἐμποιοῦντα,

304 4113 458 4182 παρά
488 4113 587 4184 τὴν
615 4117 803 4188 ὀργήν.
862 4114 1008 4185 Οἷον,
1060 4122 1296 4193 ἐκλάσθη
1327 4124 1443 4177 τόδε
1475 4125 1572 4195 (α)·
1623 4126 1873 4179 ἀπώλετο

301 4203 425 4255 τόδε
445 4222 457 4233 ·
504 4205 768 4261 ἀπέθανεν
797 4208 825 4260 ό
852 4209 1017 4263 δεῖνα.
1050 4212 1148 4264 Διά
1173 4212 1277 4282 γάρ
1304 4213 1372 4266 τὰ
1397 4214 1639 4277 τοιαῦτα,
1673 4217 1872 4270 λυπού-

309 4295 455 4363 μεθα
500 4296 690 4365 μόνον’
752 4300 838 4352 διά
876 4299 931 4353 δὲ
976 4303 1045 4354 τά
1082 4302 1264 4366 λοιπά,
1318 4304 1410 4357 καὶ
1440 4305 1753 4376 λυπούμεθα
1782 4311 1877 4363 καὶ

308 4386 659 4457 ὀργιζόμεθα,
689 4390 1027 4461 ἀφιλοσόφους
1054 4394 1400 4464 διακείμενοι.

386 4578 487 4644 ιιζσ.
521 4579 814 4650 Δεχὸμενος
838 4584 865 4633 ὁ
891 4582 1014 4645 νοῦς
1037 4582 1105 4636 τά
1126 4580 1234 4635 τῶν
1256 4586 1591 4655 πραγμάτων
1611 4588 1872 4657 νοήματα,

310 4674 447 4739 πρὸς
503 4671 730 4724 ἕκαστον
785 4674 963 4744 νόημα
1020 4675 1591 4745 μετασχηματίζεσθαι
1644 4680 1874 4749 πέφυκε.

310 4761 544 4832 Θεωρῶν
569 4763 623 4814 δὲ
654 4762 823 4816 ταῦτα
851 4767 1234 4835 πνευματικῶς
1256 4810 1271 4832 ,
1321 4768 1456 4838 πρὸς
1485 4768 1711 4823 ἕκαστον
1742 4771 1875 4824 θεώ-

315 4872 471 4925 ρημα
520 4856 775 4920 ποικίλως
830 4860 1327 4929 μεταμορφοῦσθαι.
1370 4859 1457 4913 Ἑν
1486 4863 1542 4927 δὲ
1584 4862 1698 4933 Θεῷ
1723 4865 1879 4931 γενό-

317 4963 519 5016 μενος,
568 4948 811 5018 ἄμορφος
858 4951 1031 5021 πάντη
1086 4950 1177 5005 καὶ
1217 4953 1622 5023 ἀσχημάτιστος
1648 4956 1875 5023 γίνεται.

315 5039 425 5091 Τὸν
469 5040 577 5109 γάρ
634 5042 877 5114 μονοειδῆ
927 5043 1181 5115 θεωρῶν,
1241 5045 1515 5117 μονοειδὴς
1549 5049 1757 5115 γίνεται
1788 5052 1881 5103 καὶ

315 5128 441 5192 ὃλος
467 5130 774 5201 φωτοειδής.

394 5289 439 5321 ⁹⁷
464 5289 623 5343 Rom.
661 5308 754 5354 xu,
783 5293 871 5347 15.

397 5427 473 5552 Sa)
525 5425 827 5495 Ἑκλάσθη
866 5429 1015 5482 τόδε.
1049 5430 1169 5485 Non
1212 5431 1345 5484 satis
1384 5429 1527 5484 felici
1567 5440 1882 5499 conjectura

397 5501 448 5552 l.
492 5496 719 5552 perinde
762 5498 969 5552 ὲκλάπη
1002 5500 1106 5552 legi
1147 5516 1305 5552 nosse
1344 5500 1693 5552 existimavit.
1735 5501 1882 5552 quod

322 5496 448 5555 Bill.
492 5496 719 5566 perinde
762 5498 969 5567 ὲκλάπη
1002 5500 1106 5569 legi
1147 5516 1305 5569 posse
1344 5496 1693 5563 existimavit,
1735 5501 1882 5568 quod

322 5584 466 5639 puro
499 5577 751 5639 typorum
794 5568 993 5622 mendo
1028 5568 1390 5637 ειιιιίὲκλάθη.
1422 5569 1536 5624 Nec
1566 5579 1672 5623 tam
1712 5569 1879 5624 Gesn.

321 5638 733 5709 emendaverat,
765 5653 926 5709 quam
949 5641 1141 5709 legisse
1171 5641 1494 5705 Obsnpmum
1533 5640 1876 5693 adverterat:

329 5717 563 5776 uterque
605 5708 773 5771 enim,
820 5707 1067 5762 Fructum
1126 5719 1202 5763 est
1256 5709 1457 5778 aliquid
1496 5726 1513 5762 :
1561 5725 1685 5763 cum
1737 5708 1884 5763 furto

329 5779 598 5844 ablatum,
645 5779 820 5847 ipsum
852 5793 987 5849 pene
1023 5780 1091 5834 sil
1123 5779 1265 5849 quod
1307 5780 1603 5846 amissum;
1643 5795 1739 5833 nec
1785 5779 1852 5835 de

1929 858 2141 917 partem
2166 849 2523 902 eontemncs?
2556 848 2723 916 Igitur
2744 862 2965 902 necesse
2989 856 3093 912 est,
3119 858 3234 903 uta
3252 849 3494 919 plurium

1930 939 2189 1009 vulgique
2216 939 2449 993 utilitate
2475 945 2606 997 stes,
2640 953 2741 992 nec
2765 946 2969 1000 tamen,
2999 946 3201 1006 quanta
3245 938 3493 1000 facultas,

1932 1030 2086 1085 illum
2118 1030 2381 1099 negligas,
2416 1044 2584 1083 necve
2614 1039 2663 1082 te
2690 1030 2806 1082 vitii
2829 1031 3097 1099 pravitate
3122 1030 3328 1099 pariter
3354 1031 3498 1084 trahi

1932 1122 2101 1185 sinas,
2141 1120 2314 1189 utqui
2341 1135 2455 1177 non
2482 1118 2694 1182 morbo,
2724 1121 2820 1174 sed
2847 1136 2913 1174 eo
2934 1121 3200 1180 laboranti
3228 1135 3389 1190 opem
3419 1120 3500 1175 fe-

1934 1226 2061 1265 ras:
2096 1211 2192 1265 sed
2241 1225 2437 1265 sensus
2479 1211 2763 1274 modestia,
2800 1226 2926 1264 eum
2971 1227 3186 1280 semper
3216 1213 3313 1267 tibi
3337 1228 3501 1282 supc-

1933 1302 2135 1355 riorem
2156 1299 2458 1362 existimes,
2488 1299 2746 1367 omnique
2783 1308 3027 1369 tempore
3059 1311 3115 1354 et
3147 1302 3268 1355 loco
3310 1316 3375 1356 ac
3400 1317 3499 1355 ne.-

1934 1392 2081 1463 gotio
2123 1392 2329 1461 primas
2363 1390 2440 1443 illi
2481 1391 2661 1444 cedas.
2699 1390 2868 1444 Tuam
2914 1408 3047 1445 vero
3079 1391 3194 1461 ipse
3236 1392 3499 1447 invidiam

1936 1482 2126 1536 sedare
2154 1489 2330 1549 potes,
2385 1479 2431 1534 si
2460 1480 2661 1549 quibus
2708 1481 2931 1550 gaudet,
2986 1483 3041 1534 in
3085 1498 3248 1548 quem
3297 1482 3501 1538 invidia

1937 1571 2253 1635 concitaris,
2290 1572 2496 1641 pariter
2540 1572 2799 1641 gaudeas,
2833 1586 2895 1624 ac
2919 1572 3123 1639 quibus
3162 1572 3332 1636 dolet,
3386 1576 3504 1644 ipse

1937 1663 2102 1717 etiam
2125 1662 2329 1731 pariter
2356 1662 2564 1725 doleas,
2600 1661 2832 1729 impleas
2872 1662 3003 1716 illud
3030 1664 3275 1733 Apostoli
3305 1685 3317 1718 ;
3359 1665 3503 1720 Cau-

1942 1755 2061 1806 dere
2090 1769 2208 1807 cum
2247 1752 2615 1822 gaudentibus,
2655 1760 2705 1804 ct
2736 1755 2862 1821 ﬂere
2891 1770 3009 1806 cum
3038 1754 3281 1823 ﬂentibus
3301 1756 3367 1808 ’⁷.

2007 1842 2092 1895 9‘2.
2122 1842 2272 1896 Mens
2315 1850 2501 1895 nostra
2530 1841 2762 1895 duorum
2799 1843 3164 1911 quorumdam
3189 1846 3368 1901 media
3396 1863 3501 1911 cSt,

1943 1949 2178 2003 quorum
2219 1942 2447 2003 uterque
2476 1946 2756 2003 operatur,
2792 1950 2913 2002 qua}
2935 1934 3040 1989 sibi
3071 1938 3292 2006 propria
3315 1939 3502 2001 babct;

1944 2025 2102 2085 alter,
2135 2006 2430 2088 virtutem;
2468 2026 2629 2086 alter,
2673 2024 2897 2089 vitium;
2933 2025 3077 2080 inter
3098 2026 3313 2084 scilicet
3346 2045 3509 2101 ange-

1944 2117 2058 2170 lum
2084 2124 2245 2184 atque
2277 2116 2603 2170 daemonem.
2638 2114 2836 2175 Libera
2875 2132 3005 2171 vero
3040 2118 3117 2172 illi
3139 2118 3369 2175 facultas
3402 2131 3506 2187 est,

1950 2216 2110 2276 atque
2135 2214 2397 2276 potestas,
2431 2217 2613 2261 utrum
2643 2209 2775 2261 velit
2801 2209 2977 2278 sequi,
3012 2218 3107 2264 aut
3136 2211 3224 2265 cui
3257 2212 3510 2269 resisterc

1950 2300 2123 2353 malit.

2017 2388 2178 2459 M3
2202 2388 2290 2443 95.
2328 2388 2540 2443 Sanctae
2574 2388 2837 2451 Virtutes,
2866 2404 2966 2443 nos
2998 2388 3064 2444 ad
3101 2406 3164 2445 ea
3193 2402 3509 2461 provocant,

1953 2494 2074 2547 qua:
2099 2479 2328 2533 honesta
2351 2494 2414 2533 ac
2439 2477 2601 2532 ofﬁcii
2626 2487 2756 2533 sunt
2785 2497 2797 2532 :
2837 2481 3109 2535 naturalia
3144 2497 3276 2537 vero
3307 2486 3515 2540 semina

1956 2583 2019 2621 ac
2050 2568 2195 2621 bona
2234 2568 2510 2634 voluntas,
2549 2585 2653 2639 ope
2701 2570 2896 2641 juvant
2933 2589 2945 2623 :
2985 2570 3293 2626 daemonum
3334 2582 3517 2630 autem

1958 2659 2232 2725 incursus,
2263 2658 2493 2714 allectus
2523 2675 2585 2713 ac
2605 2661 2736 2714 vitia
2768 2661 3019 2732 malaque
3052 2664 3303 2718 voluntas
3332 2678 3520 2720 corrc-

1958 2749 2172 2805 borant.

2030 2843 2117 2897 94.
2178 2844 2376 2899 Puram
2429 2855 2689 2912 mentem,
2734 2848 3065 2918 quandoque
3109 2850 3329 2920 quidem
3377 2849 3523 2904 Deus

1963 2935 2077 3002 ipse
2110 2935 2185 2989 illi
2217 2936 2503 3004 immeans,
2536 2939 2727 3006 docet;
2773 2940 3102 3011 quandoque
3149 2958 3280 2997 vero
3323 2949 3525 2998 sanctae

1963 3027 2227 3091 Virtutes,
2261 3044 2382 3096 qua:
2409 3037 2538 3083 sunt
2568 3029 2800 3085 honesta
2830 3039 3166 3102 suggerunt:
3195 3032 3523 3102 quandoque

1964 3119 2080 3188 ipsa
2124 3135 2307 3174 rerum
2354 3121 2564 3177 indoles
2601 3124 2919 3194 diligentius
2955 3124 3139 3179 animo
3186 3125 3430 3196 inspecta
3461 3141 3527 3181 ac

1961 3212 2323 3267 considerata.

2032 3300 2120 3353 95.
2174 3299 2332 3363 Eum,
2390 3301 2485 3369 qui
2548 3301 2791 3356 scientize
2854 3318 3080 3373 compos
3134 3304 3365 3360 eﬂ‘ectus
3417 3312 3525 3367 est,

1962 3405 2187 3445 necesse
2219 3400 2324 3455 est,
2356 3401 2471 3445 tum
2510 3408 2692 3447 rerum
2738 3404 3038 3463 conceptus
3076 3411 3298 3451 servare
3333 3411 3364 3450 a
3402 3394 3529 3449 libi-

1965 3481 2093 3535 dine
2137 3498 2339 3551 puros;
2400 3492 2512 3537 tum
2566 3500 2762 3538 sensus
2813 3485 3109 3554 spiritales,
3158 3495 3305 3542 tutos
3349 3505 3362 3540 :
3415 3496 3527 3541 tum

1966 3572 2205 3641 denique
2230 3574 2582 3642 tranquillum
2609 3576 2875 3630 orationis
2907 3585 3129 3631 statum.
3166 3576 3319 3633 Haud
3348 3588 3529 3632 tamen

1970 3664 2083 3719 ﬁeri
2108 3671 2287 3733 potest
2313 3674 2373 3718 ut
2401 3666 2516 3719 hinc
2544 3682 2760 3737 semper
2794 3684 2905 3738 pra:
2941 3670 3121 3723 carnis
3151 3669 3532 3740 eruptionibus

1970 3766 2185 3819 servet;
2221 3756 2370 3810 fumo
2400 3758 2609 3812 scilicet
2636 3774 2733 3827 per
2763 3758 2987 3814 insidias
3008 3759 3314 3815 dzemonum
3350 3760 3400 3814 ci
3431 3761 3531 3814 ob-

1967 3850 2241 3905 turbante.

2042 3942 2129 3996 96.
2162 3942 2278 3995 Non
2320 3940 2577 3994 omnibus
2612 3940 2817 4008 quibus
2856 3939 3124 4002 dolemus,
3150 3940 3237 3995 bis
3262 3951 3317 3996 et
3344 3942 3534 3996 irasci-

1972 4047 2114 4085 mur.
2156 4031 2316 4084 Plura
2347 4029 2494 4083 enim
2537 4038 2666 4083 sunt
2695 4044 2818 4098 quae
2864 4029 3141 4083 tristitiam
3178 4028 3537 4098 doloremque

1977 4124 2153 4182 cient,
2184 4137 2348 4191 quam
2376 4136 2497 4189 qum
2522 4121 2656 4174 iram
2698 4121 2856 4183 Puta,
2891 4136 2984 4174 vas
3014 4119 3245 4174 fractum
3268 4129 3351 4174 est
3372 4137 3385 4181 ;
3410 4136 3531 4190 per-

1981 4217 2064 4280 iit,
2094 4231 2189 4269 scu
2232 4216 2491 4268 amissum
2533 4222 2649 4278 est;
2697 4214 2787 4267 hic
2830 4213 3052 4282 quidam
3086 4212 3233 4267 diem
3262 4213 3417 4267 obiit.
3456 4210 3539 4266 0b

1976 4311 2093 4364 lianc
2116 4308 2262 4362 enim
2288 4314 2343 4361 et
2378 4305 2598 4367 similia,
2628 4304 2878 4358 dolemus
2899 4312 3143 4369 tantum;
3171 4304 3242 4357 ob
3263 4304 3368 4357 alia
3387 4319 3538 4365 vero,

1980 4403 2229 4457 dolemus
2250 4399 2410 4454 simul
2434 4407 2491 4451 et
2515 4397 2803 4451 irascimur
2826 4412 2922 4451 seu
2955 4396 3322 4465 indignamur,
3346 4395 3543 4451 animis

1910 4504 1952 4558 ι)
1980 4508 2088 4547 non
2124 4491 2258 4544 satis
2292 4505 2358 4542 ex
2380 4486 2601 4541 virtutis
2642 4486 2854 4539 ratione
2882 4485 3223 4556 compositis.

2052 4585 2139 4638 97.
2197 4581 2426 4635 Animus
2481 4576 2663 4631 rerum
2707 4586 3009 4646 conceptus
3062 4576 3389 4646 suscipiens,
3444 4591 3544 4646 pro

1985 4674 2410 4743 uniuscujusque
2440 4671 2649 4724 ratione
2682 4668 2788 4723 alio
2821 4669 3037 4738 alioque
3073 4667 3240 4722 modo
3265 4670 3546 4737 componi-

1985 4781 2090 4824 tur.
2122 4768 2256 4821 Dum
2290 4774 2471 4818 autem
2501 4762 2821 4833 spiritaliter
2843 4761 3177 4825 considerat,
3211 4760 3277 4815 ad
3302 4761 3546 4831 singulos

1984 4858 2262 4931 spiritales
2303 4871 2498 4909 sensus
2550 4854 2699 4909 varie
2743 4853 3187 4907 transformatur.
3232 4854 3300 4907 At
3340 4853 3395 4907 in
3436 4853 3546 4906 Deo

1985 4966 2229 5011 versans,
2259 4949 2441 5002 omnis
2466 4948 2654 5001 formae
2685 4955 2849 5016 atque
2887 4945 3070 5015 ﬁgura:
3097 4961 3323 5015 prorsus
3353 4960 3548 5015 expers

1984 5045 2237 5103 efficitur.
2283 5041 2414 5112 Ejus
2452 5040 2600 5095 enim
2649 5039 2744 5109 qui
2781 5038 3069 5093 uniformis
3111 5046 3194 5093 est
3236 5038 3548 5093 considera-

1989 5140 2159 5200 tione,
2194 5132 2483 5191 uniformis
2510 5133 2626 5201 ipsc
2652 5140 2909 5199 totusque
2935 5130 3151 5186 lucidus
3182 5130 3458 5186 redditur.

1990 5431 2200 5507 buerit_
2226 5429 2490 5507 Maximus
2529 5422 2775 5507 ejusbem
2824 5439 2965 5507 pene
3005 5422 3221 5507 generis
3271 5423 3548 5507 geminare

1990 5501 2258 5570 exempla,
2285 5499 2490 5552 omisso
2522 5498 2670 5570 quod
2705 5498 2786 5552 sic
2827 5492 2884 5570 in
2911 5499 3168 5564 promptu
3206 5500 3308 5545 est.
3341 5492 3552 5570 Quotus

1987 5572 2135 5647 enim
2154 5560 2398 5647 quisque
2427 5560 2662 5647 estfqui
2692 5582 2802 5621 non
2834 5560 3159 5647 fractovasc
3199 5577 3327 5647 gaslt
3356 5560 3552 5647 aliquo

1988 5630 2194 5700 doleat,
2210 5630 2435 5761 peri‘nlde
2458 5630 2525 5693 ac
2543 5630 2726 5707 aliquo
2747 5634 2979 5692 amisso?
3000 5634 3076 5687 lla
3093 5630 3329 5700 denique
3355 5642 3551 5697 reprae-

1990 5719 2209 5761 sentant
2234 5724 2319 5761 cm
2342 5732 2356 5761 ι
2384 5750 2393 5761 .

1990 5728 2047 5767 SC
2056 5728 2086 5765 ll
2095 5721 2182 5765 tan
2192 5719 2209 5763 ι
2234 5719 2334 5764 (Od
2342 5719 2372 5761 tl
2384 5750 2393 5762 .
