4208 6436
750 401 768 462 l
780 400 884 465 047

1977 410 2035 469 S.
2079 407 2366 468 MAXIMI
2404 409 2915 474 CONFESSORIS

3863 409 4007 474 1043

814 511 906 569 98.
957 515 1152 574 Anima
1190 513 1432 583 perieeta
1475 523 1581 580 est,
1620 516 1781 587 cujus
1823 533 1951 586 pars
1995 516 2242 586 patibilis
2269 519 2320 572 vi

2493 524 2605 592 ι,ηό
2658 523 2818 592 Ψυχή
2867 523 2984 575 ἐστι
3026 521 3243 589 τελεία,
3303 518 3371 594 ἧς
3403 520 3742 593 ήςπαθητικὴ
3772 520 4009 588 δύναμις

747 613 866 660 tota
887 605 1067 675 vergit
1094 604 1146 657 in
1175 605 1368 659 Deum.

813 697 900 751 99.
930 696 1078 749 Mens
1099 694 1339 763 perfecta
1363 705 1468 761 est,
1495 711 1618 766 qua:
1645 711 1746 766 per
1781 711 1969 751 veram
2013 697 2199 759 ﬁdem.
2237 698 2320 768 ip-

742 801 865 840 sum
883 785 1238 840 excedentem
1277 801 1496 840 omnem
1521 786 1808 841 scientiam
1843 788 2006 840 modo
2030 787 2316 842 scientiam

740 891 961 930 omnem
991 876 1314 941 excedente,
1348 892 1513 946 supra
1543 891 1765 932 omnem
1798 879 2044 934 scientia:
2081 879 2308 932 modum

740 968 1021 1037 cognovit,
1064 968 1298 1038 ejusque
1349 983 1601 1037 operum,
1648 971 1908 1024 universa
1951 970 2317 1040 contemplata

741 1069 856 1134 est,
888 1059 1056 1130 inque
1089 1061 1171 1115 eis
1209 1059 1578 1115 Providentia:
1611 1076 1675 1116 ac
1710 1061 1904 1134 judicii
1947 1063 2315 1118 universalem

645 1224 648 1228 _
684 1171 686 1174 ·
738 1124 1025 1205 εοίἐηιίιιιιι
1065 1151 1350 1223 (quantum
1397 1151 1610 1207 scilicet
1642 1124 1962 1208 concessum
1995 1152 2315 1208 hominibus

738 1241 845 1312 est)
876 1245 1112 1312 accepit.
1682 1259 1685 1262 ·

808 1332 930 1386 100.
984 1332 1226 1402 Tempus
1255 1333 1518 1389 trilariam
1552 1333 1847 1398 dividitur;
1885 1347 1950 1386 ac
1986 1331 2210 1402 quidem
2249 1331 2314 1385 ﬁ-

734 1423 853 1485 des,
881 1423 1058 1476 tribus
1093 1426 1213 1493 ejus
1235 1426 1484 1492 partibus
1517 1423 1932 1479 coextenditur:
1959 1439 2084 1492 spes
2103 1431 2311 1486 autem,

735 1512 834 1566 uni
859 1513 1163 1568 duntaxat:
1197 1515 1460 1577 eharitas,
1501 1514 1736 1570 duabus.
1788 1517 1864 1570 Ae
1901 1515 2126 1586 quidem
2175 1513 2312 1569 ﬁdes

734 1614 899 1674 atque
945 1619 1094 1674 spes,
1136 1605 1202 1660 ad
1247 1616 1454 1661 certam
1497 1622 1672 1676 usque
1719 1607 2036 1676 periodum;
2073 1606 2313 1661 eharitas

733 1712 868 1751 vero
913 1697 969 1751 in
1015 1697 1225 1752 inﬁnita
1271 1697 1469 1752 saecula
1512 1699 1563 1752 ei
1611 1698 1786 1762 unita,
1820 1697 1915 1767 qui
1955 1713 2124 1766 super
2147 1713 2310 1768 quam

733 1785 985 1842 inﬁnitus
1007 1795 1112 1852 est,
1141 1804 1469 1858 semperque
1507 1788 1623 1858 ipsa
1659 1787 1840 1858 seipsa
1882 1788 2096 1842 auctior
2121 1802 2313 1856 perse-

734 1887 903 1933 verat.
939 1879 1016 1933 Ac
1036 1879 1162 1934 ideo
1183 1898 1200 1931 ς
1240 1879 1492 1958 Omnibus
1515 1881 1690 1950 major
1725 1890 1801 1934 est
1828 1880 2060 1934 rharitas
2097 1877 2166 1930 "'.

1255 2093 1420 2165 444
1450 2093 1772 2150 EIUSDEM

985 2183 1186 2250 Qu'ater
1210 2196 1428 2240 centena
1463 2188 1640 2256 capita
1676 2189 1740 2240 de
1779 2190 2060 2244 charitate.

805 2277 858 2332 1.
887 2277 1076 2332 Primo
1106 2278 1414 2332 admiratur
1455 2279 1672 2333 animus
1713 2279 1956 2334 divinam
1995 2297 2096 2352 per
2124 2283 2308 2337 omnia

736 2374 1063 2429 inﬁnitatem
1131 2375 1397 2444 cogitans,
1466 2373 1712 2444 illudque
1772 2373 2186 2444 impcrmeabile
2245 2388 2309 2428 ac

736 2467 926 2521 multis
954 2467 1274 2521 nominibus
1286 2467 1589 2536 expetitum
1613 2467 1838 2536 pelagus
1863 2473 2142 2535 reputans.
2167 2465 2307 2518 Tum

735 2567 940 2628 stupet,
973 2557 1252 2628 quomodo
1296 2573 1364 2612 ex
1394 2557 1588 2621 nihilo,
1620 2573 1806 2611 rerum
1836 2566 1896 2611 ut
1935 2565 2141 2619 essent,
2179 2572 2308 2626 pro-

735 2649 955 2703 duxerit
997 2659 1271 2703 naturam.
1302 2647 1774 2714 Quemadmodum
1804 2664 1936 2703 vero
1981 2647 2312 2719 magnitudi-

737 2741 825 2796 nis
863 2741 982 2810 ejus
1023 2756 1133 2794 non
1175 2749 1262 2795 est
1297 2739 1422 2794 ﬁnis
1453 2741 1521 2804 ”,
1551 2740 1632 2794 sic
1662 2755 1840 2809 neque
1881 2740 2000 2810 ejus
2029 2739 2311 2809 sapientiae

735 2833 986 2888 inventio
1017 2833 1236 2887 exsistit
1257 2837 1270 2864 ‘
1283 2874 1295 2886 .

801 2924 856 2979 2.
889 2925 1176 2991 Quomodo
1201 2926 1348 2978 enim
1386 2939 1496 2978 non
1535 2933 1772 2994 stupcat,
1817 2924 2142 2978 immensum
2176 2923 2309 2978 illud

733 3035 1063 3090 omnemque
1106 3017 1381 3073 excedens
1428 3026 1731 3086 stuporem,
1771 3015 2036 3070 bonitatis
2087 3017 2312 3084 pelagus

733 3109 1126 3166 considerans?
1173 3108 1283 3160 Aut
1328 3106 1604 3176 quomodo
1655 3121 1766 3159 non
1821 3114 2004 3159 mente
2059 3105 2308 3171 excedat,

733 3217 920 3256 secum
956 3201 1072 3270 ipse
1097 3198 1372 3268 cogitans,
1399 3213 1506 3267 qua
1541 3196 1754 3250 ratione
1795 3211 1859 3250 ac
1885 3196 2030 3249 unde
2063 3205 2183 3250 orta
2217 3197 2308 3260 sit,

735 3294 1019 3349 rationalis
1054 3292 1477 3362 intelligensque
1512 3289 1843 3353 substantia,
1887 3304 2104 3343 necnon
2169 3304 2308 3356 qua-

2421 609 2673 664 νένευκεν
2704 610 2964 675 ὀλοτελῶς
2998 610 3132 681 πρὸς
3157 610 3308 664 Θεόν.

2490 697 2594 765 ἥθ’.
2648 699 2792 762 Νοῦς
2835 701 2951 753 ἐστι
3003 700 3239 764 τέλειος,
3289 701 3319 752 6
3364 699 3451 754 διὰ
3475 699 3708 762 πίστεως
3740 698 4005 769 ἀληθοῦς,

2419 787 2510 842 τὸν
2534 789 2633 842 ὑπε
2645 790 2952 858 ράγνωστον
2978 789 3414 862 ὑπεραγνώστως
3445 789 3874 861 ὑπερεγνωκὼς⁸
3907 789 4006 841 καὶ

2419 879 2527 933 τῶν
2553 879 2716 933 αὐτοῦ
2744 882 3264 952 δημιουργημάτων,
3290 881 3360 936 τὰ
3387 882 3616 935 καθόλου
3640 881 4001 950 θεασάμενος·

2418 971 2514 1024 καὶ
2544 970 2642 1040 τῆς
2669 973 2728 1025 tv
2753 973 2937 1036 αὐτοῖς
2970 973 3235 1044 Προνοίας
3267 973 3360 1025 καὶ
3390 973 3661 1043 κρίσεως,
3715 971 3813 1041 τὴν
3839 987 4003 1040 περι-·

2417 1062 2686 1134 ληπτικὴν
2711 1063 2914 1132 γνῶσιν
2943 1065 3094 1134 παρά
3122 1063 3257 1119 Θεοῦ
3282 1064 3520 1135 εἰληφώς
3545 1079 3560 1095 ⁸
3594 1063 3668 1126 ὡς
3697 1065 3756 1117 tv
3783 1061 4002 1134 ἀνθρώ-

2419 1173 2542 1221 ποις
2567 1156 2623 1209 δέ
2655 1173 2818 1228 φημι.

2488 1340 2555 1402 ρ’.
2609 1331 2823 1404 Τριχῶς
2851 1334 3103 1403 τέμνεται
3131 1336 3159 1388 6
3185 1335 3377 1406 χρόνος
3400 1349 3413 1365 ·
3470 1336 3564 1387 καὶ
3591 1336 3625 1404 ἠ
3658 1331 3760 1402 μὲν
3789 1331 3999 1396 πίστις,

2413 1425 2528 1486 τοῖς
2568 1423 2720 1493 τρισὶ
2762 1424 3260 1494 συμπαρατείνεται
3304 1425 3555 1494 τμήμασι
3581 1437 3595 1453 ·
3653 1425 3685 1491 ἡ
3716 1422 3773 1475 δὲ
3817 1421 3998 1484 ἐλπὶς,

2413 1512 2491 1583 τῷ
2539 1515 2654 1567 ἑνί·
2715 1516 2747 1586 ή
2789 1514 2846 1567 δὲ
2883 1515 3095 1586 ἀγάπη.
3139 1517 3251 1578 τοῖς
3277 1515 3420 1568 δυσί.
3484 1515 3592 1568 Καὶ
3621 1516 3654 1584 ἡ
3683 1515 3783 1584 μὲν
3814 1512 4001 1573 πίστις

2413 1607 2515 1660 καὶ*
2537 1607 2689 1671 ἐλπὶς
2719 1608 2878 1678 μέχρι
2903 1607 3067 1672 τινός⁶
3094 1609 3126 1678 ἡ
3151 1607 3210 1660 δὲ
3238 1607 3446 1677 ἀγάπη,
3480 1607 3560 1671 είς
3584 1607 3849 1677 ἀπείρους
3865 1603 4000 1659 αίῶ-

2413 1715 2511 1761 νας
2566 1697 2643 1768 τῷ
2693 1699 3047 1769 ὑπεραπείρῳ
3077 1699 3472 1769 ὑπερηνωμένη
3499 1740 3513 1761 ,
3567 1697 3662 1751 καὶ
3707 1698 3796 1750 ἀεὶ
3826 1697 3998 1764 ὑπερ-

2413 1790 2652 1853 αύξουσα
2679 1789 2943 1860 διαμένει.
3000 1789 3110 1842 Καὶ
3139 1789 3228 1842 διά
3254 1787 3412 1841 τοῦτο
3436 1828 3452 1853 ,
3503 1784 3728 1848 Μειζων
3753 1785 3999 1838 πάντων

2339 1863 2381 1918 Β
2410 1879 2448 1946 ἡ
2468 1876 2691 1946 ἀγάπη.

3001 2103 3133 2154 ΤΟΥ
3185 2104 3230 2155 Α
3244 2100 3418 2154 ΥΤΟΥ

2478 2193 2620 2261 Περὶ
2654 2193 2900 2261 ἀγάπης
2934 2193 3182 2261 τετάρτη
3212 2194 3552 2262 κεφαλαίων
3576 2190 3926 2258 ἑκατοντὰς.

2478 2291 2544 2339 α’.
2581 2284 2803 2355 Πρῶτον
2838 2285 2935 2355 μὲν
2968 2283 3239 2354 θαυμάζει
3267 2286 3296 2338 6
3326 2285 3449 2346 νοῦς
3474 2284 3573 2354 τὴν
3603 2284 3756 2337 θείαν
3785 2283 3998 2336 ἐννοού-

2412 2393 2569 2448 μενος
2599 2375 2740 2428 κατὰ
2766 2376 2944 2428 πάντα
2969 2376 3242 2444 ἀπειρίαν,
3274 2375 3368 2428 καὶ
3397 2375 3460 2427 τὸ
3487 2374 3788 2427 ἀνέκϐατον
3817 2375 3998 2426 ἐκεῖνο

2409 2471 2504 2523 καὶ
2533 2468 2908 2539 πολυπόθητον
2936 2468 3192 2536 πέλαγος.
3230 2469 3492 2538 Δεύτερον
3515 2467 3571 2519 δὲ
3600 2465 3996 2536 ἐκπλήττεται,

2411 2559 2528 2623 πῶς
2553 2561 2616 2612 tx
2645 2559 2739 2612 τοῦ
2767 2560 2992 2630 μηδενὸς
3026 2561 3126 2630 τὴν
3158 2560 3267 2611 τῶν
3287 2560 3453 2612 ὄντων
3483 2561 3562 2621 εἰς
3595 2559 3655 2611 τὸ
3679 2554 3820 2612 εῖναι
3850 2573 4002 2628 παρ-

2411 2653 2615 2722 ήγαγεν
2646 2650 2899 2722 ὕπαρξιν.
2945 2650 3082 2704 Ἀλλ’
3139 2649 3328 2719 ὥσπερ
3365 2651 3463 2720 τῆς
3504 2649 3882 2720 μεγαλοσύνης
3902 2649 4003 2702 αὺ-

2413 2743 2506 2797 τοῦ
2535 2743 2633 2796 οὐκ
2663 2742 2777 2794 ἔστι
2801 2742 2996 2813 πέρας,
3027 2741 3199 2804 οὕτως
3227 2741 3346 2794 οὐδὲ
3369 2741 3466 2810 τῆς
3492 2740 3809 2811 φρονήσεως
3832 2737 4000 2792 αὐτοῦ

2412 2834 2559 2887 ἐστιν
2592 2833 2829 2903 εὕρεσις.

2484 2927 2548 2997 β’.
2606 2925 2731 2989 Πῶς
2766 2928 2875 2995 γὰρ
2930 2926 2990 2979 οὐ
3025 2925 3290 2995 θαυμάζει
3317 2925 3379 2978 τὸ
3405 2923 3637 2977 ἄπλετον
3661 2924 3838 2976 ἐκεῖνο
3864 2921 4005 2976 θεω-

2414 3021 2546 3091 ρῶν,
2600 3022 2694 3075 καὶ
2744 3021 2884 3088 ὑπὲρ
2911 3018 3174 3090 ἔκπληξιν
3221 3017 3320 3087 τῆς
3349 3015 3684 3086 ἀγαθότητος
3710 3013 3952 3079 πέλαγος
3983 3029 4001 3076 ;

2412 3114 2481 3165 Ἥ
2517 3113 2633 3175 πῶς
2667 3113 2766 3166 οὐκ
2791 3111 3088 3176 ἐξίσταται,
3143 3109 3512 3180 ἐννοούμενος,
3566 3105 3686 3169 πῶς
3711 3105 3809 3158 καὶ
3832 3104 4003 3158 πόθεν

2411 3205 2445 3276 ἦ
2474 3221 2531 3258 τε
2557 3203 2749 3274 λογικὴ
2780 3203 2874 3255 καὶ
2898 3201 3057 3272 νοερὰ
3084 3200 3307 3270 γέγονεν
3329 3199 3504 3262 οὐσία,
3536 3197 3632 3250 καὶ
3657 3197 3727 3249 τά
3751 3195 4002 3264 τέσσαρα

2416 3297 2654 3365 στοιχεῖα
2673 3336 2688 3358 ,
2725 3293 2784 3360 ἐξ
2813 3287 2888 3348 ὧν
2917 3294 2986 3347 τὰ
3013 3292 3260 3361 σώματα,
3294 3290 3560 3361 μηδεμιᾶς
3588 3287 3721 3356 ὕλης
3747 3287 3847 3355 τῆς
3873 3283 4001 3337 τού-

737 3397 863 3439 tnor
891 3385 1187 3444 elementa.
1220 3401 1288 3437 ex
1321 3382 1526 3452 quibus
1567 3390 1695 3436 sunt
1724 3395 1979 3450 corpora,
2006 3395 2131 3434 eum
2164 3379 2314 3433 nulla

2414 3357 2999 3454 tmvnnpoi'mapﬁécrjg
3044 3357 3528 3450 γενέσεωςξΠοία
3570 3394 3630 3430 τε
3687 3378 3720 3445 ἡ
3761 3377 4001 3442 δύναμις

734 3475 961 3530 materia
1008 3476 1310 3546 praeiverit,
1355 3473 1499 3527 unde
1546 3472 1660 3526 haec
1706 3471 1986 3526 orirentur
2018 3480 2314 3540 essentque

735 3569 1111 3639 procreanda?
1161 3566 1358 3633 Qumve
1397 3566 1487 3620 illa
1526 3565 1772 3635 potentia
1819 3563 1873 3616 in
1915 3573 2098 3618 actum
2139 3570 2308 3626 mota,

735 3661 852 3714 haec
883 3659 935 3711 in
961 3673 1146 3713 rerum
1192 3666 1447 3711 naturam
1487 3654 1780 3724 produxit?
1819 3653 2017 3708 Verum
2057 3652 2230 3708 Grzeci
2259 3650 2313 3704 id

735 3767 848 3806 non
872 3749 1196 3813 admittunt,
1223 3747 1316 3818 qui
1343 3745 1776 3814 omnipotentem
1808 3742 2132 3806 bonitatem,
2164 3742 2313 3811 ejus-

735 3858 842 3912 que
865 3841 974 3896 vim
998 3839 1300 3902 efﬁcacem,
1336 3850 1664 3905 omnemque
1705 3849 1927 3890 sensum
1954 3832 2313 3889 excedentem

735 3933 1058 4006 sapientiam
1087 3939 1143 3986 et
1168 3928 1476 3993 scientiam,
1503 3925 1729 3980 minime
1755 3924 2030 3980 noverint.

805 4025 858 4080 5.
911 4025 1055 4078 Deus
1107 4023 1224 4091 ipse
1273 4021 1342 4075 ab
1389 4029 1594 4074 artemo
1633 4017 1924 4081 conditor,
1983 4032 2107 4071 cum
2154 4016 2310 4080 libet,

735 4118 918 4174 Verbo
945 4115 1051 4171 sibi
1074 4112 1529 4170 consubstantiali
1556 4127 1620 4166 ac
1643 4110 1850 4180 Spiritu
1883 4112 2025 4180 (qua:
2044 4110 2163 4179 ejus
2186 4109 2312 4163 inﬁ-

737 4209 850 4262 nita
880 4207 1098 4261 bonitas
1130 4205 1272 4273 est!)
1307 4219 1395 4258 res
1422 4203 1610 4257 condit
1639 4217 1703 4256 ac
1737 4201 1888 4256 facit.
1932 4201 2120 4270 Neque
2157 4200 2315 4255 dixe-

736 4301 814 4355 ris
841 4318 854 4355 :
885 4299 1002 4365 Qua
1024 4313 1174 4353 nunc
1217 4301 1429 4351 ratione
1453 4295 1737 4360 Condidit,
1767 4294 1863 4364 qui
1898 4308 2116 4362 semper
2137 4292 2318 4347 bonus

735 4393 922 4448 esset?
960 4391 1094 4446 Nam
1137 4399 1194 4444 et
1240 4405 1341 4460 ego
1389 4387 1751 4458 respondebo,
1794 4384 2022 4440 inﬁnita:
2064 4383 2317 4439 essentize

740 4483 1272 4555 impcrscrutabilem
1303 4480 1649 4552 sapientiam,
1683 4478 1786 4534 sub
1816 4476 2100 4532 scientiam
2123 4475 2316 4528 huma-

737 4594 865 4633 nam
896 4594 1006 4630 non
1047 4576 1267 4631 cadere.

807 4670 862 4723 4.
915 4667 999 4722 Ab
1049 4674 1256 4721 aeterno
1317 4665 1375 4719 in
1426 4664 1546 4734 ipso
1603 4661 2071 4734 praeexsistentem
2124 4675 2310 4714 rerum
2345 4702 2388 4758 Β

734 4762 1044 4826 scientiam,
1076 4770 1214 4823 tum,
1239 4773 1366 4812 cum
1404 4757 1632 4826 placuit,
1656 4753 1914 4808 conditor
1936 4752 2176 4807 essentia
2203 4751 2306 4806 do-

733 4853 888 4908 navit
914 4861 1078 4922 atque
1111 4849 1390 4920 produxit.
1430 4845 1744 4902 Absurdum
1775 4844 1924 4898 enim
1965 4851 2051 4898 est
2084 4843 2136 4897 in
2172 4843 2304 4907 Deo,

733 4943 830 5014 qui
883 4943 954 4998 sit
1005 4942 1372 5010 omnipotens,
1415 4939 1689 5003 dubitare,
1748 4952 1818 4990 an
1869 4936 2045 5005 possit
2097 4933 2305 5004 aliquid

733 5035 970 5092 esSentia
996 5033 1204 5088 donare
1236 5047 1300 5086 ac
1326 5031 1652 5102 producere,
1676 5044 1801 5084 eum
1819 5026 2069 5082 libuerit.

802 5150 860 5204 5.
883 5149 1252 5215 Quamobrem
1281 5147 1437 5201 ‘Deus
1469 5159 1560 5198 res
1591 5141 1941 5205 Condiderit,
1977 5155 2194 5210 quaere;
2219 5147 2306 5194 est

731 5241 878 5296 enim
911 5255 1000 5294 res
1031 5239 1300 5310 ejusmodi
1339 5252 1460 5308 quae
1503 5235 1630 5290 sciri
1676 5240 1862 5304 queat.
1894 5230 2179 5298 Quomodo
2209 5245 2306 5287 au-

733 5347 841 5388 tem
884 5348 948 5387 ac
990 5346 1155 5400 quam
1196 5330 1268 5384 ob
1320 5343 1541 5383 causam
1585 5325 1824 5389 noviter,
1869 5323 1982 5378 noli
2020 5337 2302 5393 quarere;

2414 3476 2619 3545 ἐκείνη,
2652 3475 2686 3545 ἡ
2711 3477 2790 3537 είς
2816 3473 3097 3544 ἐνέργειαν
3122 3470 3428 3539 κινηθεῖσα,
3458 3467 3630 3522 ταῦτα
3659 3467 3743 3528 είς
3770 3464 3834 3518 τὸ
3856 3458 4000 3517 εἶναι

2416 3569 2738 3638 παρήγαγεν
2762 3583 2776 3631 ;
2822 3565 2984 3619 Ἀλλά
3010 3563 3168 3618 τοῦτο
3197 3562 3468 3632 Ἐλλήνων
3497 3559 3683 3622 παῖδες
3716 3559 3780 3610 οὐ
3811 3572 3996 3628 παρα-

2412 3661 2656 3730 δέχονται
2675 3697 2694 3722 ,
2753 3656 3074 3726 ἀγνοοῦντες
3103 3656 3198 3728 τὴν
3226 3653 3633 3722 παντοδύναμον
3656 3649 3998 3719 ἀγαθότητα,

2414 3751 2507 3802 καὶ
2550 3746 2647 3818 τὴν
2685 3747 3010 3817 δραστήριον
3042 3745 3210 3815 αὐτῆς
3243 3742 3338 3797 καὶ
3365 3742 3505 3813 ὑπὲρ
3530 3739 3653 3795 νοῦν
3676 3739 3877 3809 σοφίαν
3906 3739 4000 3791 καὶ

2415 3860 2632 3911 γνωσιν.

2485 4026 2556 4087 γ’.
2607 4017 2695 4084 Ἐξ
2742 4015 2910 4069 ἀϊδίου
2958 4010 3284 4082 δημιουργὸς
3330 4007 3590 4079 ὑπάρχων
3628 4006 3658 4057 6
3695 4003 3856 4068 Θεδς,
3910 4004 4000 4056 ὅτε

2419 4111 2668 4182 βούλεται
2712 4108 3036 4178 δημιουργεῖ
3079 4104 3239 4173 Λόγῳ
3282 4100 3550 4172 ὁμοουσίῳ
3593 4099 3686 4150 καὶ
3707 4097 3999 4166 Πνεῦματι

2414 4205 2481 4258 δι’
2502 4205 2727 4272 ἀπειρον
2753 4197 3086 4268 ἀγαθότητα.
3123 4196 3233 4249 Καὶ
3265 4194 3340 4265 μὴ
3366 4193 3556 4263 εἴπῃς,
3605 4189 3726 4242 Τίνι
3752 4187 3832 4258 τῷ
3857 4187 4002 4257 λόγῳ

2414 4295 2509 4350 νῦν
2539 4292 2968 4366 ἐδημιούργησεν
2996 4288 3082 4342 ἀεὶ
3100 4284 3300 4355 ἀγαθὸς
3321 4283 3578 4355 ὑπάρχων
3601 4279 3813 4347 ςἙπεὶ,
3841 4275 4002 4346 κάγώ

2416 4404 2499 4440 σοι
2549 4386 2720 4455 λέγω,
2775 4385 2856 4436 ὅτι
2906 4383 2940 4452 ἡ
2989 4382 3087 4451 τῆς
3110 4377 3337 4448 ἀπείρου
3376 4373 3562 4436 οὐσίας
3590 4369 4001 4441 ἀνεξιχνίαστος

2417 4479 2600 4546 σοφία,
2637 4479 2704 4548 τῇ
2730 4472 3046 4544 ἀνθρωπίνῃ
3072 4470 3171 4540 οὺχ
3197 4467 3492 4522 ὑποπίπτει
3513 4461 3729 4533 γνώσει.

2485 4657 2545 4712 δ’.
2591 4655 2702 4725 Τὴν
2732 4654 2789 4720 ἐξ
2823 4649 2991 4706 ἀϊδίου
3025 4650 3083 4702 tv
3111 4646 3260 4716 αὐτῷ
3279 4647 3307 4698 6
3327 4639 3668 4713 Δημιουργδς
3694 4636 3807 4690 τῶν
3830 4637 4001 4690 ὄντων

2417 4748 2874 4820 προϋπάρχουσαν
2917 4741 3135 4810 γνῶσιν,
3186 4739 3274 4791 ὅτε
3309 4734 3590 4804 ἐϐουλήθη,
3638 4729 3876 4783 οὖσίωσε
3910 4727 4001 4781 καὶ

2413 4839 2766 4911 προεϐάλετο.
2817 4837 3052 4888 ’Δτοπον
3077 4831 3187 4902 γάρ
3218 4833 3364 4884 ἐστιν
3390 4827 3482 4880 ἐπὶ
3507 4822 3640 4877 θεοῦ
3668 4821 3766 4874 τοῦ
3794 4834 3996 4873 παντο-

2412 4910 2648 5002 δυνάμου
2679 4928 2950 4992 διστάσαι,
3006 4925 3055 4977 εί
3081 4921 3304 4978 δύναταί
3335 4937 3388 4972 τι
3417 4915 3699 4977 οὖσιῶσαι,
3753 4913 3842 4966 ὅτε
3874 4910 3998 4981 βού-

2411 5025 2584 5079 λεται.

2481 5143 2541 5188 ε’.
2577 5132 2655 5187 Δι’
2676 5132 2744 5203 ἢν
2776 5131 2876 5202 μὲν
2909 5127 3088 5184 αἰτίαν
3119 5129 3147 5181 6
3173 5126 3303 5188 Θεὸς
3331 5118 3750 5193 ἐδημιούργησε,
3797 5116 3951 5189 ζήτει
3973 5135 3990 5151 ·

2400 5229 2517 5282 ἐστὶ
2542 5228 2650 5299 γὰρ
2678 5227 2901 5296 γνῶσις.
2951 5225 3024 5278 Τὸ
3051 5223 3108 5276 δὲ
3139 5221 3279 5284 πῶς,
3312 5218 3406 5273 καὶ
3433 5215 3519 5270 διὰ
3545 5213 3598 5266 τί
3627 5213 3989 5284 προσφάτως.

2405 5319 2480 5390 μὴ
2525 5317 2712 5388 ζήτειο
2769 5318 2870 5370 οὐκ
2915 5315 3030 5369 ἐστι
3073 5313 3181 5384 γὰρ
3231 5310 3310 5382 τῷ
3362 5308 3437 5379 σῷ
3476 5304 3862 5359 ὑποπίπτουσα
3891 5301 3986 5371 νῷ,

733 5443 912 5496 neque
943 5396 1089 5482 enim
1128 5424 1274 5480 istud
1311 5423 1416 5478 tale
1458 5431 1566 5486 est,
1605 5419 1754 5490 quod
1798 5419 1855 5473 in
1885 5426 2125 5473 mentem
2153 5425 2305 5470 tuam

2413 5412 2546 5464 Διότι
2580 5412 2688 5464 τῶν
2719 5410 2899 5473 θείων,
2935 5407 3004 5462 τὰ
3035 5407 3133 5477 μὲν
3159 5403 3368 5476 ληπτὰ,
3421 5400 3490 5452 τά
3513 5397 3592 5461 6t,
3626 5396 3849 5465 ἄληπτα
3882 5396 3992 5456 τοῖς

730 5520 914 5576 cadat.
955 5520 1277 5573 Divinornm
1324 5516 1494 5577 enim,
1539 5513 1643 5567 alia
1687 5510 2015 5566 mortalibus
2053 5521 2306 5578 compre-

734 5612 902 5669 hendi
947 5619 1194 5683 possunt,
1221 5610 1324 5665 alia
1361 5607 1441 5662 eis
1479 5604 1936 5675 incomprehensa
1981 5601 2294 5656 exsistunt:

802 5794 850 5827 "
879 5792 899 5849 1
924 5792 1049 5850 Cor.
1080 5808 1193 5854 xm,
1230 5791 1290 5845 l3
1390 5790 1436 5820 θ’
1471 5789 1610 5843 Psal.
1647 5803 1819 5850 cxuv,
1846 5787 1898 5839 5.

2403 5503 2732 5574 ἀνθρώποις.
2789 5501 3008 5570 Θεωρία
3038 5499 3145 5569 γὰρ
3171 5496 3562 5567 ἀχαλίνωτος,
3595 5487 3754 5558 τάχα
3784 5488 3864 5542 ἂν
3892 5487 3986 5541 καὶ

2407 5595 2557 5648 κατὰ
2589 5592 2868 5664 κρημνῶν
2895 5592 3128 5658 ὤσειεν,
3159 5590 3234 5654 ὡς
3259 5589 3360 5659 ἔφη
3387 5602 3472 5650 τις
3499 5583 3611 5637 τῶν
3632 5580 3828 5650 ἁγίων.

2037 5779 2246 5836 Barucb
2303 5794 2384 5845 ιιι,
2419 5777 2511 5832 l8.
