4208 6436
246 425 266 485 l
281 427 388 491 049

1102 420 1448 482 CAPITUM
1488 419 1585 480 DE
1623 415 2050 478 ClIARITA'I‘E
2088 416 2469 476 CENTURIA
2515 420 2611 479 IV.

3357 422 3493 489 1050

250 538 632 608 Contemplatio
680 538 825 593 enim
869 552 975 590 non
1023 535 1247 590 coercita
1300 550 1363 586 ac
1407 531 1638 595 liberior,
1674 529 1810 599 forte
1847 529 2005 580 etiam
2045 528 2098 580 in
2144 544 2373 597 prter-ops
2444 538 2591 600 agat,
2629 538 2689 583 ut
2763 539 2847 587 est
2887 532 3063 590 sancti
3101 533 3389 605 cujusdam
3416 537 3487 608 (ὁ)

251 632 551 688 sententia.

320 723 397 788 ς’.
464 721 619 784 Τινὲς
674 736 806 790 φασι
858 718 1224 789 συνυπάρχειν
1276 714 1336 779 ἐξ
1381 713 1549 767 ἀϊδίου
1591 711 1670 782 τῷ
1711 709 1829 777 Θεῷ
1857 716 1901 771 Α

1857 716 1901 771 Α
1997 710 2160 782 “5
2191 711 2244 764 ϐ.
2289 711 2428 767 Sunt
2457 713 2553 783 qui
2591 712 2779 768 dicant
2813 729 2902 769 res
2944 725 3158 771 creatas
3188 716 3258 770 ab
3287 726 3494 772 aeterno

240 816 314 868 τὰ
360 814 839 884 δημιουργήματα,
886 812 1023 881 ὅπερ
1066 810 1367 879 ἀμήχανον.
1416 805 1548 868 Πῶς
1590 804 1699 874 γὰρ
1747 802 1823 873 τῷ

247 905 423 972 πάντη
454 902 691 973 ἀπείρῳ,
745 902 814 954 τά
845 901 984 954 κατά
1016 899 1191 952 πάντα
1221 895 1642 966 πεπερασμένα,
1698 909 1822 945 συν-

246 995 513 1064 υπάρχειν
544 994 758 1046 δύναται
791 993 851 1056 ἐξ
873 992 1076 1055 ἀϊδίους
1131 990 1164 1061 ή
1196 988 1314 1050 πῶς
1344 988 1547 1058 κυρίως
1571 986 1822 1056 δημιουρ·

245 1090 506 1158 γήματα,
564 1087 613 1139 εί
668 1086 911 1139 συναῖδια
952 1084 1029 1154 τῷ
1074 1079 1439 1152 Δημιουργῷ;
1484 1077 1623 1132 Ἀλλ’
1669 1072 1821 1141 οὗτος

244 1175 276 1227 ὀ
331 1176 484 1243 λόγος
531 1174 652 1228 τῶν·
687 1175 953 1244 Ἑλλήνων
1000 1172 1179 1225 ἐστίν·
1237 1172 1432 1232 οἵτινες
1476 1167 1673 1221 οὐσιῶν
1722 1169 1820 1239 μὲν

243 1266 494 1336 οὐδαμῶς
518 1304 534 1329 ,
594 1265 895 1333 ποιοτήτων
933 1263 991 1316 δὲ
1034 1261 1191 1333 μόνον
1219 1258 1547 1331 δημιουργὸν
1576 1259 1665 1311 τὸν
1688 1257 1820 1309 Θεὸν

242 1356 577 1424 εἰσάγουσιν.
625 1353 815 1426 Ἡμεῖς
850 1353 907 1406 δὲ
956 1352 1047 1405 τὸν
1091 1351 1493 1419 παντοδύναμον
1521 1349 1821 1418 ἐγνωκότες

241 1446 407 1511 Θεὸν,
458 1448 521 1499 οὐ
549 1447 867 1515 ποιοτήτων,
920 1442 1033 1497 ἀλλ’
1054 1442 1251 1495 οὐσιῶν
1280 1439 1690 1510 πεποιωμένων,
1721 1439 1818 1509 δη-

172 1572 177 1575 -
245 1541 506 1612 μιουργδν
538 1538 701 1593 αὐτδν
728 1533 869 1591 εῐναί
900 1554 1100 1608 φαμεν.
1136 1538 1199 1590 Et
1228 1535 1285 1588 δὲ
1314 1534 1490 1599 τοῦτο,
1523 1534 1622 1588 οὐκ
1652 1533 1711 1599 ἐξ
1734 1532 1819 1585 ἀῖο

239 1633 356 1686 δίου
391 1632 745 1701 συνύπαρκτα
771 1630 847 1699 τῷ
872 1628 991 1699 Θεῷ
1017 1628 1085 1683 τὰ
1112 1628 1594 1699 δημιουργήματα.

314 1912 381 1978 ζ’.
434 1912 595 1967 Κατᾶ
640 1932 692 1968 τι
742 1912 841 1985 μὲν
866 1910 1112 1981 ’γνωστὸν
1159 1910 1221 1963 τὸ
1255 1909 1409 1963 Θετον
1442 1910 1538 1963 καὶ
1564 1911 1632 1963 τὰ
1658 1909 1809 1963 θεῖα·

237 2005 384 2059 κατά
424 2022 477 2058 τι
515 2006 593 2072 δὲ,
633 2005 932 2074 ἄγνωστον.
994 2004 1102 2058 Καὶ
1130 2003 1369 2072 γνωστὸν
1395 2002 1511 2073 μὲν,
1546 2005 1658 2066 τοῖς
1685 2002 1814 2075 περὶ

236 2100 372 2152 αὐτὸ
401 2097 581 2170 θεωρή
590 2105 772 2169 μασιν·
810 2098 1087 2167 ἄγνωστον
1107 2093 1185 2161 δὲ,
1217 2096 1329 2159 τοῖς
1356 2095 1474 2148 κατ’
1496 2092 1648 2148 αὐτό.

306 2285 379 2357 η’.
430 2286 521 2357 Μὴ
555 2284 695 2350 ἔξεις
736 2284 831 2337 καὶ
855 2281 1296 2352 ἑπιτηδειότητας
1327 2280 1568 2352 ζητήσῃς
1597 2278 1689 2332 ἐπὶ
1714 2279 1813 2351 τῆς

233 2378 413 2445 ἁπλῆς
464 2377 555 2430 καὶ
604 2376 831 2446 ἀπείρου
876 2375 1061 2439 οὐσίας
1091 2374 1192 2444 τῆς
1221 2375 1382 2442 ἁγίας
1408 2373 1671 2444 Τριάδος,
1726 2374 1813 2427 ἵνα

236 2470 315 2538 μή
369 2468 620 2520 σύνθετον
668 2466 834 2537 αὐτὴν
884 2467 1151 2536 ποιήσῃς,
1206 2464 1394 2534 ῶσπερ
1420 2464 1488 2517 τὰ
1519 2467 1809 2535 κτίσματα’

231 2561 370 2630 ὅπερ
400 2562 597 2614 ἄτοπον
625 2560 719 2611 καὶ
748 2558 1004 2628 ἀθέμιτον
1032 2559 1123 2611 ἐπὶ
1152 2556 1286 2610 Θεοῦ
1320 2558 1591 2627 ἐννοῆσαι.

306 2651 371 2704 θ’.
428 2650 580 2719 Μόνη
616 2649 762 2717 ἁπλῆ
811 2649 903 2701 καὶ
936 2648 1213 2718 μονοειδής
1266 2648 1360 2701 καὶ
1388 2648 1579 2711 ἄποιος
1601 2649 1668 2718 (c)
1719 2649 1812 2703 καὶ

232 2741 509 2811 εἰρηναῖος
566 2741 663 2793 καὶ
711 2740 1108 2804 ἀστασίαστος,
1164 2741 1196 2809 ή
1250 2740 1475 2809 ἄπειρος
1513 2740 1669 2793 οὐσία
1718 2740 1811 2793 καὶ

233 2833 644 2903 παντοδύναμος
698 2833 791 2884 καὶ
823 2831 1188 2902 δημιουργικὴ
1218 2832 1325 2884 τῶν
1354 2832 1512 2893 ὅλων,
1569 2833 1724 2884 Πᾶσα
1752 2833 1808 2884 δὲ

234 2924 270 2993 ή
302 2924 479 2986 κτίσις
503 2962 518 2984 ,
577 2921 829 2979 σύνθετος
855 2921 1087 2991 ὑπάρχει
1118 2921 1175 2985 ἐξ
1200 2920 1386 2983 οὐσίας
1416 2922 1507 2975 καὶ
1535 2922 1809 2992 συμϐεϐη-

231 3013 391 3075 κότος
414 3028 426 3041 ·
484 3012 577 3065 καὶ
606 3010 824 3081 ἐπιδεὴς
853 3010 939 3063 ἀεὶ
968 3013 1066 3082 τῆς
1090 3011 1241 3075 θείας
1270 3012 1545 3081 προνοίας,
1580 3011 1656 3075 ὡς
1683 3028 1809 3082 τρο-

228 3100 343 3170 πῆς
374 3101 473 3154 οὐκ
502 3100 783 3171 ἐλευθέρα.

306 3198 357 3245 t'.
412 3194 568 3246 Πᾶσα
615 3197 647 3264 ή
696 3195 855 3265 νοερά
888 3194 1042 3248 οὐσία
1066 3234 1081 3258 ,
1142 3193 1235 3247 καὶ
1263 3192 1585 3264 αἰσθητικὴ,
1618 3192 1808 3246 ἐλαϐεν

227 3280 487 3351 δυνάμεις
535 3283 687 3353 παρά
730 3283 864 3337 Θεοῦ
917 3286 999 3347 είς
1037 3283 1098 3337 τδ
1120 3279 1260 3336 εἶναι
1290 3282 1633 3353 παραχθετσα
1661 3283 1806 3335 ἀντι.

227 3373 498 3442 ληπτικάς
526 3374 634 3428 τῶν
662 3376 847 3429 ὄντων·
884 3376 917 3445 ή
950 3377 1048 3446 μὲν
1078 3373 1242 3444 νοερά
1294 3374 1394 3438 τὰς
1426 3376 1655 3446 νοήσεις·
1692 3375 1803 3445 ήδὲ
1829 3395 1871 3453 C

231 3465 543 3537 αἰσθητικὴ,
579 3467 678 3531 τὰς
710 3468 1012 3531 αἰσθήσεις.

301 3631 393 3688 ια’.
436 3633 496 3685 '0
526 3633 622 3703 μὲν
649 3634 780 3698 Θεὸς
804 3672 818 3697 ,
877 3637 1165 3704 μετέχεται
1198 3636 1357 3704 μόνον
1381 3649 1395 3663 ⁸
1454 3634 1488 3704 ή
1519 3632 1577 3687 δὲ
1606 3633 1801 3698 κτίσις,

227 3723 326 3777 καὶ
377 3725 591 3794 μετέχει
652 3726 745 3777 καὶ
787 3725 1129 3793 μεταδίδωσι.
1190 3726 1297 3777 Καὶ
1336 3725 1554 3793 μετέχει
1586 3724 1682 3793 μὲν
1708 3721 1801 3776 τοῦ

972 3726 1129 3780 ἷδωσι.
1190 3726 1297 3777 Καὶ
1336 3725 1554 3793 μετέχει
1586 3724 1682 3793 μὲν
1708 3721 1801 3776 τοῦ
1898 3713 2033 3767 nihil
2102 3730 2263 3783 quam
2320 3716 2561 3784 impertit
2622 3733 2634 3768 :

226 3814 368 3868 εἶναι
388 3855 404 3879 ,
459 3816 551 3877 καὶ
580 3814 673 3868 τοῦ
701 3812 761 3868 εὖ
787 3811 958 3869 εἶναι’
997 3815 1316 3885 μεταδίδωσι
1338 3816 1417 3880 δὲ,
1447 3814 1541 3868 τοῦ
1574 3810 1632 3867 εὖ
1664 3810 1802 3868 εἶναι

228 3907 413 3977 μόνον’
440 3906 553 3960 ἀλλ’
575 3907 776 3978 ἑτέρως
802 3909 898 3978 μὲν
921 3909 955 3979 ή
982 3909 1287 3971 σωματικὴ,
1312 3906 1512 3977 ἑτέρως
1536 3907 1593 3960 δὲ
1614 3909 1646 3978 ή
1671 3907 1807 3961 ἀσώ-

227 4018 401 4073 ματος
425 4002 604 4056 οὐσία.

301 4180 390 4251 ιβ’.
436 4180 500 4235 Ἦ
550 4183 648 4252 μὲν
699 4182 987 4253 ἀσώματος
1041 4182 1215 4246 οὐσία,
1280 4181 1375 4235 καὶ
1418 4181 1650 4250 λέγουσα
1704 4184 1798 4237 καὶ

223 4272 542 4341 πράττουσα
570 4274 664 4327 καὶ
693 4273 1041 4345 θεωρουμένη
1068 4273 1169 4343 (d),
1203 4273 1297 4327 τοῦ
1326 4268 1383 4327 εὖ
1415 4270 1553 4327 εἶναι
1587 4276 1799 4345 μεταδί-

222 4362 408 4417 δωσιν·
445 4366 478 4433 ή
508 4363 567 4417 δὲ
599 4365 905 4436 σωματικὴ,
938 4365 1286 4438 θεωρουμένη
1316 4366 1497 4436 μόνον.

309 4550 495 4618 'Cant.
530 4577 609 4627 ιιι,
635 4561 721 4615 20.

1924 803 2038 857 Deo
2092 804 2446 867 eoexsistere,
2486 804 2634 873 quod
2685 814 2771 861 est
2812 806 3167 875 impossibile.
3207 808 3494 875 Quomodo

1922 895 2068 949 enim
2126 897 2297 963 possit
2346 895 2485 956 fieri,
2528 905 2590 950 ut
2635 914 2756 967 quae
2801 898 2981 951 modis
3030 901 3289 954 omnibus
3339 901 3490 955 finita

1922 994 2069 1047 sunt,
2088 985 2156 1037 ab
2184 997 2390 1039 :eterno
2417 986 2492 1041 illi
2512 989 2863 1051 coexsistant,
2892 989 2985 1057 qui
3026 1004 3125 1057 per
3151 991 3330 1043 omnia
3370 991 3493 1043 infi-

1921 1074 2073 1127 nitus
2114 1076 2232 1128 est?
2270 1086 2363 1128 aut
2386 1077 2661 1144 quomodo
2686 1086 2955 1133 creatura:
2979 1094 3107 1133 vere
3148 1095 3212 1133 ac
3246 1082 3487 1150 proprie.

1921 1179 2042 1231 qua:
2078 1164 2327 1218 Creatori
2372 1175 2532 1234 atque
2572 1168 2779 1220 auctori
2828 1178 3112 1222 coarternaa
3142 1170 3406 1222 exsistam
3435 1172 3493 1222 ἰ

1922 1257 2121 1312 Verum
2147 1257 2399 1311 doctrina
2433 1259 2546 1313 lucc
2571 1257 2886 1313 Graecorum
2910 1269 3013 1323 est,
3043 1260 3135 1330 qui
3176 1261 3346 1314 Deum
3382 1277 3489 1315 non

1919 1350 2143 1418 quidem
2169 1349 2628 1412 substantiarum,
2655 1349 2749 1403 sed
2791 1350 3135 1404 solummodo
3163 1352 3489 1419 qualitatum

1919 1440 2263 1495 conditorem
2289 1456 2408 1497 esse
2440 1441 2675 1495 tradant.
2708 1442 2817 1496 Nos
2842 1457 2973 1496 vero
2998 1442 3091 1511 qui
3120 1442 3287 1495 Deum
3314 1443 3491 1495 omni-

1918 1540 2197 1600 potentem
2226 1531 2567 1595 noverimus,
2596 1547 2706 1585 non
2727 1533 3072 1601 qualitatum,
3109 1533 3204 1586 sed
3231 1534 3488 1588 substan-

1917 1623 2118 1677 tiarum
2174 1625 2283 1678 illis
2327 1623 2696 1689 imbutarum,
2742 1624 2923 1694 ipsum
2973 1625 3316 1679 conditorem
3366 1640 3487 1680 esse

1916 1711 2169 1767 dicimus.
2201 1713 2356 1779 Quod
2396 1714 2440 1767 si
2475 1714 2549 1768 ita
2593 1724 2697 1778 est,
2744 1730 2866 1784 qua;
2895 1724 3023 1769 sunt
3062 1724 3245 1769 creata
3274 1732 3386 1770 non
3414 1716 3485 1771 ab

1914 1815 2140 1869 aeterno,
2169 1806 2281 1861 Deo
2299 1806 2664 1860 coexsistunt.

1986 1902 2036 1955 7.
2068 1900 2272 1955 Partim
2298 1901 2443 1956 Deus
2462 1902 2714 1972 cognosci
2741 1909 2922 1971 potest
2946 1917 3010 1957 ac
3037 1901 3254 1969 divina;
3282 1902 3483 1973 partim

1912 1992 2075 2046 nobis
2133 1992 2350 2061 ignotus
2403 2002 2507 2047 est.
2571 1992 2648 2047 Ac
2698 1993 2920 2062 quidem
2970 1994 3225 2064 cognosci
3278 2002 3479 2063 potest,

1911 2092 2178 2152 quantum
2213 2082 2279 2136 ad
2321 2098 2407 2146 ea,
2431 2097 2552 2150 qua:
2579 2091 2709 2136 sunt
2743 2083 2888 2136 circa
2932 2082 3111 2151 ipsum
3140 2082 3481 2138 theoremata

1911 2182 1968 2229 et
1988 2189 2175 2238 sensa;
2213 2171 2359 2240 quod
2398 2185 2532 2224 vero
2566 2171 2681 2240 ipse
2705 2170 2939 2235 exsistit,
2972 2170 3193 2240 ignotus
3215 2179 3320 2225 est.

1982 2260 2032 2316 8.
2078 2260 2201 2315 Noli
2236 2261 2291 2313 in
2331 2258 2565 2327 simplici
2604 2273 2667 2312 ac
2706 2258 2918 2312 infinita
2957 2269 3157 2313 sancta
3192 2259 3482 2314 Trinitatis

1910 2352 2216 2408 substantia
2244 2351 2468 2405 habitus
2489 2358 2545 2405 et
2581 2348 2893 2403 ltabilitates
2928 2364 3198 2418 quaerere,
3228 2364 3298 2404 ne
3326 2363 3479 2403 com-

1910 2444 2143 2513 positam
2166 2458 2285 2497 eam
2318 2442 2541 2505 feceris,
2567 2442 2800 2511 perinde
2840 2456 2905 2495 ac
2934 2451 3119 2496 creata
3145 2458 3162 2495 :
3194 2441 3342 2511 quod
3378 2440 3479 2495 ab-

1910 2535 2137 2590 surdum
2164 2541 2219 2587 et
2240 2532 2393 2587 nefas
2432 2533 2487 2587 in
2519 2534 2631 2587 Deo
2658 2531 2919 2601 cogitare.

1978 2625 2031 2679 9.
2066 2624 2191 2679 Sola
2235 2625 2466 2693 simplex
2507 2635 2563 2678 et
2607 2625 2921 2689 uniformis,
2970 2624 3230 2693 nullaque
3270 2623 3478 2677 imbuta

1908 2714 2265 2784 qualitate,et
2291 2725 2481 2784 pacata
2510 2722 2566 2769 et
2604 2716 2920 2785 tranquilla,
2954 2714 3167 2768 infinita
3202 2723 3261 2768 et
3294 2713 3475 2769 omni-

1907 2815 2122 2874 potens,
2142 2807 2496 2873 omniumque
2513 2805 2759 2859 ell‘ectrix
2790 2804 3047 2859 essentia.
3078 2803 3268 2860 Omnis
3296 2813 3475 2860 autem

1908 2904 2159 2949 creatura
2189 2896 2491 2964 composita
2527 2905 2702 2950 estex
2746 2897 3053 2950 substantia
3098 2903 3153 2950 et
3194 2896 3476 2951 accidente

1906 2996 2138 3053 egetque
2166 2986 2349 3039 divina
2393 2985 2766 3051 Providentia,
2806 2996 2866 3041 ut
2896 3002 3017 3057 qua:
3054 2986 3279 3041 minime
3301 2982 3477 3043 libera

1908 3077 2031 3131 sita
2055 3078 2378 3132 mutatione.

1978 3168 2062 3222 £0.
2115 3168 2307 3224 Omnis
2366 3169 2679 3239 intelligens
2730 3170 3082 3239 sentiensque
3134 3161 3534 3235 substantia,"

1904 3259 2052 3313 vires
2087 3275 2117 3313 a
2146 3260 2256 3313 Deo
2293 3260 2636 3329 percipiendi
2657 3259 2888 3327 accepit,
2924 3258 2977 3312 in
3007 3273 3191 3313 rerum
3220 3266 3474 3312 naturam

1904 3348 2174 3415 producta
2217 3365 2231 3401 :
2281 3350 2440 3418 cujus
2486 3348 2711 3417 quidem
2762 3349 3000 3417 partium
3062 3356 3122 3402 ut
3186 3348 3472 3417 intelligat,

1904 3440 2050 3493 vires
2087 3440 2457 3512 intelligendi;
2493 3441 2653 3511 cujus
2682 3455 2816 3495 vero
2843 3449 2901 3495 ut
2925 3440 3147 3505 sentiat,
3171 3440 3318 3494 vires
3353 3454 3474 3493 sen-

1903 3531 2095 3583 tiendi.

1974 3623 2059 3676 lt.
2118 3623 2263 3678 Deus
2313 3622 2535 3694 quidem
2593 3622 2745 3677 solus
2793 3622 3000 3677 nullius
3055 3622 3135 3676 rei
3177 3619 3471 3690 particeps,

2701 3726 2755 3769 at
2832 3721 3125 3778 creatura,
3202 3721 3258 3767 et
3341 3728 3470 3782 par-

1901 3804 2071 3872 ticeps
2101 3813 2186 3858 est
2208 3813 2266 3859 et
2311 3806 2598 3875 impertit:
2623 3806 2897 3875 particeps
2938 3804 2993 3858 in
3024 3805 3148 3868 hoc,
3180 3812 3241 3857 ut
3282 3803 3373 3865 sit.
3418 3811 3475 3857 et

1906 3894 2045 3949 bene
2077 3896 2178 3961 sit;
2224 3897 2469 3966 impertit
2507 3905 2689 3951 autem
2721 3897 2897 3951 solum
2941 3895 3081 3950 bene
3121 3910 3240 3950 esse
3271 3912 3284 3947 :
3314 3894 3475 3949 aliter

1907 3994 2086 4040 tamen
2118 3988 2424 4043 substantia
2449 4003 2736 4058 corporea,
2777 3988 2938 4042 aliter
2983 4001 3117 4041 vero
3151 3986 3473 4055 incorporea

1906 4083 1961 4129 et
1992 4077 2275 4145 spiritalis.

1983 4167 2069 4221 12.
2107 4170 2431 4238 lncorporea
2479 4169 2703 4238 quidem
2743 4175 2800 4223 et
2844 4166 3109 4236 spiritalis
3147 4166 3473 4235 substantia,

1905 4273 2020 4319 tum
2074 4263 2372 4331 loquendo,
2436 4272 2549 4315 tum
2604 4260 2836 4331 agendo,
2888 4268 3113 4327 tumque
3168 4260 3334 4313 etiam
3385 4260 3472 4314 sui

1902 4357 2362 4419 consideratione,
2394 4364 2455 4409 ut
2485 4356 2557 4410 sit
2594 4355 2734 4409 bene
2769 4353 3013 4422 impertit
3043 4370 3057 4405 :
3096 4368 3160 4407 ac
3188 4368 3471 4423 corporea,

1905 4446 1989 4502 sui
2016 4445 2283 4499 duntaxat
2304 4454 2601 4513 conspectu
2627 4452 2682 4497 et
2706 4440 3167 4496 consideratione.

301 4694 585 4775 (laci-eg..-
603 4691 755 4747 Orat.
778 4691 1278 4775 lit-diemnatalem,
1304 4691 1416 4773 et2
1444 4691 1513 4775 μη
1563 4692 1791 4775 Posqha.
1827 4698 1873 4757 υ
1898 4709 2279 4775 semperesse,
2314 4693 2879 4775 qtm_haben_ius_sine
2909 4696 3090 4758 nobis,
3126 4709 3153 4746 ιι
3187 4694 3301 4775 Deo
3324 4710 3338 4758 ;
3360 4696 3473 4775 isci-

306 4762 375 4835 (οἱ
417 4762 525 4835 Kai
550 4764 777 4826 ἄποιος.
822 4762 937 4835 Hoc
975 4763 1240 4835 nimirum
1281 4762 1555 4835 singulare
1595 4763 1796 4835 divina:

223 4832 571 4893 substantia,
606 4839 668 4885 ut
706 4839 817 4884 tota
857 4832 1163 4885 substantia
1201 4832 1293 4897 sit,
1340 4832 1488 4885 nulla
1528 4834 1795 4900 qualitate

224 4906 461 4968 imbuta,
507 4903 652 4972 quod
694 4902 893 4955 creatis
920 4902 1177 4972 omnibus
1208 4901 1282 4955 ita
1313 4902 1590 4972 convenit,
1633 4911 1693 4956 ut
1726 4904 1795 4957 ab

220 4990 293 5029 ea
314 4970 540 5029 absolvi
558 4972 873 5027 conditione
898 4987 1008 5024 non
1034 4971 1267 5040 possint.
1298 4971 1418 5025 Non
1455 4970 1594 5025 bene
1620 4987 1797 5028 novus

227 5058 429 5098 vocum
463 5058 625 5097 eusor
652 5051 816 5111 atque
860 5041 1093 5111 interpr.
1134 5040 1337 5111 Obsop.
1382 5040 1450 5094 Et
1488 5058 1592 5094 non
1630 5043 1793 5110 facta,

224 5113 395 5192 Gesn.
417 5120 478 5192 _et
511 5110 761 5192 aequalis,
786 5110 1096 5192 quodnm'ihi
1130 5110 1390 5191 licentius
1408 5126 1509 5192 pro
1533 5113 1686 5192 vocis
1712 5112 1798 5192 io-

230 5180 735 5246 solentia;etiamsi
762 5180 872 5233 vim
916 5180 1114 5235 Graecae
1140 5181 1293 5234 vocis
1329 5180 1563 5235 reddere
1601 5182 1797 5236 voluit.

227 5252 387 5318 Quod
402 5252 620 5306 demum
636 5251 690 5304 in
711 5249 954 5321 ﬁnercap.
974 5258 1079 5321 est,
1093 5249 1167 5311 ὼς
1183 5251 1390 5319 τροπῆς
1405 5252 1502 5302 οὐκ
1522 5252 1800 5321 ἐλευθέρα,

232 5338 358 5391 quae
394 5337 523 5376 vera
553 5322 696 5391 ratio
726 5320 927 5391 divinae
954 5320 1025 5391 in
1066 5334 1285 5391 omnem
1324 5320 1796 5391 creaturampro-

230 5388 513 5461 videmiae,
536 5390 682 5459 quod
707 5406 817 5444 non
846 5388 918 5443 sit
938 5389 1212 5461 immunis
1232 5404 1261 5443 a
1288 5390 1614 5444 mutatione.
1636 5388 1804 5461 Lepi-

232 5461 339 5515 dus
390 5458 600 5515 scilicet
642 5461 871 5529 interpr.
926 5459 1128 5528 Obsop.
1174 5469 1430 5529 tanquam
1472 5476 1575 5513 non
1627 5458 1802 5517 liberte

234 5531 605 5584 conversionis.
639 5528 683 5583 Ο
717 5531 938 5597 stupor!

310 5600 387 5680 (tt)
437 5600 559 5680 Kal.
595 5597 985 5680 θιςιιιιξουμένηε
1036 5597 1229 5653 Sermo
1272 5608 1356 5654 est
1386 5598 1475 5680 .de
1505 5600 1773 5680 Aereaturi

236 5668 649 5739 conferentibus
678 5668 744 5723 ad
773 5668 941 5739 vitam
970 5669 1111 5723 bene
1136 5684 1313 5739 exque
1348 5668 1792 5739 virtute_compo~

240 5738 497 5809 tuendam,
545 5738 692 5809 quod
751 5738 957 5807 ubique
1002 5734 1239 5793 Maximo
1274 5748 1358 5793 est
1388 5739 1469 5809 ab
1521 5736 1580 5792 εὐ
1634 5734 1795 5802 εἶναι,

239 5808 388 5880 quod
435 5824 600 5863 unum
650 5820 898 5863 nostrum
940 5817 1045 5871 est,
1095 5809 1333 5864 medium
1382 5808 1527 5864 inter
1561 5824 1703 5873 esse,
1745 5820 1797 5865 et

1902 4772 2064 4833 teque
2091 4764 2381 4833 distinguit
2420 4764 2487 4817 de
2521 4764 2751 4831 spiritali
2776 4774 2832 4819 et
2864 4766 3187 4834 incorporea
3218 4765 3473 4820 substan-

1903 4834 1998 4897 tia,
2024 4844 2081 4887 et
2107 4834 2175 4886 de
2207 4834 2476 4902 corporali
2504 4850 2517 4896 ;
2544 4834 2689 4901 quod
2726 4836 2813 4888 illa
2851 4834 3067 4889 confert
3092 4849 3345 4889 sermone
3375 4852 3472 4890 seu

1902 4904 2180 4958 locutione
2208 4904 2443 4971 vitaeque
2479 4904 2750 4971 exemplo,
2794 4914 2854 4958 ut
2881 4906 2937 4959 in
2967 4905 3172 4973 angelis
3203 4910 3259 4957 et
3297 4904 3472 4959 homi-

1902 4974 2085 5034 nibus,
2132 4981 2402 5042 quatenus
2436 4983 2492 5026 et
2541 4974 2642 5043 ipsi
2685 4989 2935 5027 sermone
2974 4974 3195 5035 docent,
3236 4974 3473 5043 vitaeque

1903 5042 2395 5113 exemplaredunt;
2428 5042 2642 5097 confert
2674 5046 2863 5107 etiam,
2891 5044 3020 5113 quia
3052 5050 3234 5113 potest
3263 5042 3396 5111 ipsa,
3417 5046 3471 5099 in

1900 5129 1959 5167 se
1990 5112 2348 5175 considerari,
2382 5119 2441 5165 ut
2476 5113 2569 5165 Dei
2609 5114 2819 5168 scilicet
2850 5112 3006 5183 opus,
3038 5112 3100 5168 in
3117 5126 3228 5182 quo
3261 5116 3472 5169 eluceat

1900 5184 2168 5253 sapientia
2228 5183 2583 5250 potentiaque
2627 5184 2853 5235 artificis
2899 5202 2911 5236 :
2970 5200 3081 5252 quo
3135 5197 3245 5236 uno
3286 5184 3471 5247 modo,

1899 5252 2150 5307 conferre
2221 5252 2298 5305 ait
2370 5253 2732 5323 substantiam
2814 5255 3177 5323 corporalem.
3249 5254 3469 5323 Resque

1900 5324 2104 5384 notior,
2142 5338 2305 5390 quam
2336 5332 2397 5377 ut
2423 5322 2602 5376 notari
2638 5322 2846 5390 aliquid
2882 5340 3112 5377 necesse
3149 5322 3335 5387 fuerit,
3365 5322 3470 5378 nisi

1900 5401 2121 5461 cogeret
2153 5392 2354 5461 Obsop.
2392 5401 2582 5461 stupor
2601 5400 2766 5460 atque
2802 5392 2967 5447 Gesn.
3004 5395 3207 5461 quibus
3239 5394 3473 5461 θεωρου-

1903 5460 2037 5531 μένη
2066 5470 2150 5514 est
2173 5460 2556 5530 contemplans,
2594 5468 2643 5513 et
2668 5460 3075 5525 contemplando
3103 5478 3121 5515 :
3151 5464 3308 5529 quasi
3342 5460 3474 5516 eon-

1911 5531 2189 5599 templatio
2224 5532 2339 5599 ipsa
2379 5532 2556 5585 active
2604 5530 2675 5583 sit
2717 5532 3054 5600 perficiendo
3092 5532 3253 5595 alios,
3291 5532 3471 5599 sitque

1907 5602 2128 5723 Bromia
2156 5601 2475 5654 substantia:
2507 5602 2835 5668 corporalis;
2861 5611 2916 5655 et
2950 5602 3037 5653 Illa
3064 5618 3170 5654 una
3202 5603 3271 5655 ad
3302 5603 3469 5654 vitam

1943 5687 2046 5723 ene
2089 5670 2542 5723 componendam.
2584 5669 2699 5723 haec
2753 5671 2910 5723 nobis
2942 5672 3209 5723 conferat.
3240 5686 3367 5723 cum
3416 5679 3467 5723 et

1943 5687 2046 5723 ene
2089 5670 2542 5737 componendam,
2584 5669 2699 5723 haec
2753 5671 2910 5723 nobis
2942 5672 3209 5729 conferat.
3240 5686 3367 5725 cum
3416 5679 3467 5724 et

1906 5753 2055 5809 muta
2081 5740 2171 5803 sit,
2207 5740 2416 5805 ἄλογος.
2448 5755 2550 5794 nec
2583 5739 2817 5809 actionis
2842 5740 2908 5793 ad
2939 5742 3247 5809 exemplum
3278 5754 3469 5809 capax.

1904 5807 1949 5865 0
1973 5810 2097 5865 novi
2128 5810 2336 5865 scilicet
2359 5808 2647 5865 commotis
2662 5808 2729 5865 de
2751 5810 2965 5866 Calvini
2989 5807 3124 5867 hara
3155 5807 3458 5883 theologos,
