4208 6436
729 364 858 432 1051

725 565 928 618 stantia
977 579 1188 631 semper
1225 564 1474 628 exsistat,
1517 577 1612 618 aut
1654 579 1760 616 non
1799 563 2044 627 exsistat,
2088 563 2141 616 in
2174 562 2293 630 ejus

727 656 969 724 positum
997 655 1274 710 voluntate
1320 663 1399 708 est
1449 657 1540 725 qui
1587 655 1769 709 omnia
1805 655 1946 708 bona
1986 652 2231 708 condidit
2276 669 2291 705 :

730 753 793 798 ut
854 754 1038 798 autem
1094 744 1212 799 hac
1275 747 1440 800 animi
1497 747 1780 815 proposito
1835 745 1977 799 bona
2029 745 2139 798 sint
2202 752 2296 796 aut

728 838 889 900 mala,
915 853 1107 890 eorum
1137 854 1259 908 qua:
1294 847 1419 892 sunt
1439 838 1660 892 condita
1690 838 1986 892 voluntatis
2014 848 2117 890 est.

796 922 960 994 446
995 925 1081 978 14.
1118 924 1238 977 Non
1264 923 1408 979 circa
1438 924 1730 978 essentiam
1761 939 1971 986 eorum,
2014 938 2136 991 quae
2167 937 2296 976 con-

727 1014 843 1068 dita
877 1024 1025 1078 sunt,
1059 1015 1259 1068 malum
1287 1014 1689 1077 consideratur,
1713 1013 1806 1068 sed
1845 1014 1990 1067 circa
2014 1022 2295 1068 errantem

727 1116 784 1162 et
806 1108 1176 1162 inconsultum
1207 1116 1434 1162 motum.

801 1199 887 1252 l5.
933 1197 1163 1253 Animus
1200 1206 1332 1253 tunc
1359 1216 1426 1253 ex
1454 1199 1665 1254 ratione
1701 1207 1974 1263 movetur,
2012 1216 2135 1254 cum
2179 1202 2298 1270 ejus

727 1305 854 1360 pars
880 1291 1279 1360 concupiscens
1325 1290 1660 1344 continentia
1704 1290 1862 1354 nitet,
1912 1307 2144 1360 parsque
2188 1292 2296 1347 ira-

729 1394 892 1434 sccns
922 1380 1106 1434 odium
1131 1389 1396 1442 aversata,
1420 1379 1700 1433 dilectioni
1723 1380 1904 1433 studet
1932 1398 1944 1432 :
1982 1395 2046 1434 ac
2075 1381 2296 1434 demum

730 1472 961 1524 rationis
1021 1470 1272 1532 facultas,
1331 1472 1523 1525 orandi
1575 1470 1896 1526 assiduitate
1951 1486 2016 1524 ac
2066 1471 2297 1540 spiritali

729 1561 1215 1630 contemplatione,
1274 1561 1416 1630 apud
1488 1561 1660 1614 Deum
1720 1577 1968 1625 versans,
2034 1559 2111 1614 illi
2169 1576 2301 1615 con~

730 1652 955 1707 suescit.

798 1745 879 1798 16.
913 1743 1156 1798 Necdum
1191 1743 1481 1812 perfectam
1507 1753 1699 1798 nactus
1721 1751 1803 1797 est
1831 1743 2172 1808 charitatcm,
2198 1761 2299 1799 nec

732 1830 933 1888 divina:
957 1834 1324 1890 Providentia:
1351 1835 1512 1887 altam
1550 1844 1836 1889 assecutus
1870 1834 2176 1898 scientiam,
2205 1837 2298 1905 qui

735 1925 788 1978 in
842 1933 1085 1995 tempore
1132 1926 1469 1988 tentationis,
1525 1925 1577 1978 in
1634 1926 1792 1980 malis
1842 1943 1963 1996 qua!
2015 1928 2297 1992 eveniunt,

733 2032 842 2071 non
882 2017 1212 2086 longanimis
1250 2033 1313 2072 ac
1350 2017 1577 2087 prolixa:
1602 2016 1879 2088 patientiae
1917 2019 2167 2086 exsistit;
2205 2023 2300 2075 sed

733 2123 764 2161 a
787 2108 1017 2178 spiritali
1044 2107 1271 2162 fratrum
1302 2109 1598 2164 dilectione
1632 2111 1872 2181 seipsum
1897 2111 2190 2165 abscindit.

807 2201 892 2254 l7.
938 2200 1144 2260 Divinaa
1182 2199 1546 2255 Providentiae
1587 2199 1711 2254 finis
1747 2209 1854 2265 est,
1896 2210 1955 2255 ut
1988 2217 2053 2255 ex
2097 2201 2302 2256 malitia

735 2299 900 2361 atque
923 2291 1058 2346 vitio
1080 2292 1135 2346 in
1158 2292 1308 2346 varia
1333 2292 1553 2354 scissos,
1575 2307 1673 2362 per
1695 2302 1898 2346 rectam
1922 2293 2082 2347 fidem
2113 2309 2176 2348 ac
2193 2295 2302 2364 spi-

733 2381 949 2436 ritalem
997 2381 1350 2438 dilectionem
1409 2383 1637 2438 unitatis
1683 2383 1904 2438 vinculo
1938 2387 2297 2457 constringat.

733 2473 859 2528 llaec
879 2473 1022 2528 enim
1047 2489 1207 2528 causa
1244 2483 1330 2528 est
1364 2490 1464 2528 cur
1495 2473 1744 2528 Salvator
1774 2484 1949 2530 morte
1982 2476 2200 2532 functus
2233 2479 2303 2534 sit

733 2578 797 2619 ac
821 2579 1011 2634 passus
1043 2582 1056 2618 :
1094 2564 1157 2620 Ut
1180 2565 1275 2620 Dei
1299 2565 1459 2634 ﬁlios,
1494 2568 1584 2637 qui
1618 2567 1837 2637 dispersi
1871 2575 2043 2633 erant,
2079 2569 2300 2640 congre-

733 2666 882 2726 gnrct
905 2659 957 2709 in
991 2673 1151 2710 unum
1179 2659 1218 2710 ⁸.
1252 2657 1355 2724 Qui
1382 2672 1512 2728 ergo
1546 2660 1774 2714 molesta
1795 2675 1908 2714 non
1941 2661 2175 2716 sustinet
2198 2677 2301 2717 nec

735 2746 930 2802 tolerat
955 2747 1153 2813 tristia,
1192 2763 1292 2802 nec
1333 2749 1386 2802 in
1423 2749 1491 2804 iis
1537 2765 1656 2818 qua:
1685 2750 1927 2804 laborem
1966 2751 2168 2807 habent
2203 2769 2299 2823 pa-

732 2837 981 2892 tientiam
1017 2849 1220 2904 servat,
1255 2851 1407 2894 extra
1445 2840 1685 2895 divinam
1723 2841 2041 2897 charitatcm
2082 2858 2146 2900 ac
2173 2845 2302 2900 Pro—

731 2927 989 2986 videntia:
1015 2930 1177 2986 finem
1207 2932 1469 2986 ambulat.

805 3021 892 3077 18.
917 3021 1054 3078 Cum
1082 3024 1313 3078 Charitas
1347 3025 1684 3095 longanimis,
1719 3027 2044 3098 benignaque
2084 3045 2146 3082 ac
2176 3046 2302 3083 sua-

1853 364 1910 422 S.
1955 359 2238 421 ΜᾹΧΙΜΙ
2279 356 2788 420 CONFESSORIS

799 474 882 526 15.
917 473 987 528 Ut
1018 473 1236 544 quidem
1276 472 1486 525 ratione
1529 480 1688 526 utens
1725 488 1788 527 ac
1815 474 2124 542 intelligens
2161 469 2291 524 sub—
2320 473 2361 525 Α

3847 360 3990 424 1ῢῖιὲ

2467 477 2553 534 ιγ’.
2593 471 2666 523 Τὸ
2697 474 2795 540 μὲν
2826 475 2910 526 ἀεὶ
2938 471 3075 527 εἶναι
3097 514 3110 538 ,
3165 474 3198 542 ἢ
3235 474 3308 544 μὴ
3337 472 3475 526 εἶναι
3509 472 3600 544 τὴν
3627 474 3855 542 λογικὴν
3886 475 3990 526 καὶ

2395 563 2584 632 νοεράν
2627 564 2856 628 οὑσίαν,
2919 565 2976 616 ἐν
3020 567 3085 634 τῇ
3137 565 3389 633 βουλήσει
3419 567 3536 617 ἐστὶ
3582 565 3676 616 τοῦ
3703 563 3774 616 τά
3800 566 3987 616 πάντα

2395 653 2534 706 καλά
2556 653 3072 726 δημιουργήσαντος·
3108 656 3170 708 τὸ
3192 657 3248 708 δὲ
3275 656 3454 723 ἀγαθά
3480 655 3649 708 ταῦτα
3673 653 3810 708 εἶναι
3840 657 3990 708 κατά

2396 746 2715 818 προαίρεσιν
2743 748 2776 818 ἢ
2809 748 3006 817 φαῦλα,
3061 751 3120 802 ἐν
3144 750 3219 820 τῷ
3243 748 3509 820 θελήματι
3535 749 3642 801 τῶν
3676 749 3986 816 γεγονότων

2398 838 2653 907 ὑπάρχει.

2470 930 2546 982 ιδ’.
2607 930 2680 982 Οὑ
2716 930 2846 1000 περὶ
2875 932 2974 999 τὴν
3002 931 3192 983 οὑσίαν
3223 930 3330 983 τῶν
3357 927 3678 998 γεγονότων,
3714 931 3776 982 τὸ
3807 929 3985 983 κακὸν

2397 1018 2685 1089 θεωρεῖται
2711 1038 2724 1050 ο
2761 1021 2896 1075 ἀλλά
2925 1021 3054 1074 πεοὶ
3080 1019 3178 1092 τὴν
3204 1021 3545 1092 ἐσφαλμένην
3577 1021 3671 1074 καὶ
3693 1021 3984 1088 ἀλόγιστον

2398 1111 2634 1182 κίνησιν.

2471 1211 2552 1257 ιε’.
2615 1206 2865 1274 Εὑλὸγως
2897 1210 3126 1262 κινεῖται
3157 1210 3190 1280 ἠ
3222 1206 3406 1278 ψυχὴ,
3463 1208 3590 1260 ὅταν
3628 1206 3688 1258 τὸ
3719 1205 3820 1275 μὲν
3851 1206 3977 1257 ἐπι-

2400 1295 2701 1364 θυμητικὸν
2728 1298 2897 1366 αὑτῆς
2929 1301 2994 1369 τῇ
3027 1298 3324 1370 ἐγκρατείᾳ
3348 1297 3674 1350 πεποίωται·
3708 1296 3769 1350 τὸ
3795 1297 3856 1348 δὲ
3881 1295 3980 1348 θυ-

2404 1383 2581 1454 μικὸν,
2636 1386 2737 1455 τῆς
2759 1388 2978 1454 ἀγάπης
3005 1389 3310 1458 ἀντέχεται,
3357 1389 3417 1441 τὸ
3443 1391 3598 1457 μῖσος
3627 1388 3978 1457 ἀποστρεφό-

2403 1492 2563 1545 μενον
2585 1491 2599 1505 '
2653 1478 2714 1528 τὸ
2738 1478 2794 1529 δὲ
2823 1477 3128 1545 λογιστικὸν
3146 1518 3162 1542 ,
3209 1479 3346 1549 πρὸς
3373 1479 3464 1531 τὸν
3490 1478 3624 1531 Θεὸν
3653 1478 3854 1545 διάγει,
3890 1477 3984 1530 διὰ

2401 1568 2707 1639 προσευχῆς
2741 1570 2837 1622 καὶ
2865 1570 3098 1641 θεωρίας
3124 1572 3521 1642 πνευματικῆς.

2476 1749 2569 1807 ις’.
2630 1742 2795 1796 Οὑπω
2837 1743 2952 1812 ἔχει
2992 1745 3203 1798 τελείαν
3229 1745 3447 1814 ἀγάπην
3473 1783 3488 1805 ,
3542 1745 3663 1798 οὑδὲ
3695 1744 3793 1812 τῆς
3827 1742 3983 1806 θείας

2405 1835 2667 1905 Προνοίας
2714 1835 2852 1888 κατά
2897 1833 3058 1902 βάθος
3089 1835 3188 1904 τήν
3214 1835 3413 1903 γνῶσιν
3437 1874 3452 1896 ,
3505 1835 3534 1887 ό
3573 1835 3630 1886 ἐν
3656 1833 3837 1903 καιρῷ
3862 1850 3984 1885 πει-

2403 1924 2614 1997 ρασμοῦ
2652 1926 2727 1995 μὴ
2760 1925 3125 1995 μακροθυμῶν
3165 1927 3254 1978 ἐπὶ
3277 1929 3390 1988 τοῖς
3412 1926 3771 1995 συμὸαίνουσι
3797 1925 3980 1991 λυπη-

2405 2020 2518 2088 ροῖς
2543 2032 2557 2047 ⁸
2615 2017 2728 2070 ἀλλ’
2750 2017 3075 2070 ἀποκόπτων
3106 2017 3296 2070 ἑαυτὸν
3327 2017 3425 2086 τῆς
3453 2014 3985 2085 τῶν·πνευματικῶν

2399 2110 2645 2178 ἀδελφῶν
2670 2110 2912 2179 ἀγάπης.

2474 2202 2558 2266 ιζ’.
2597 2202 2804 2264 Σκοπὸς
2837 2201 2937 2271 τῆς
2966 2200 3117 2264 θείας
3144 2200 3436 2270 Προνοίας,
3483 2203 3565 2263 τό,
3593 2200 3718 2262 τοὺς
3751 2199 3857 2251 ὑπὸ
3879 2199 3982 2267 τῆ-

2402 2291 2602 2354 κακίας
2650 2291 2911 2365 ποικίλως
2949 2290 3357 2360 διεσχισμένους
3379 2329 3394 2353 ,
3448 2287 3536 2341 διά
3564 2288 3664 2358 τῆς
3687 2288 3857 2359 ὀρθῆς
3888 2288 3982 2339 πί-

2404 2399 2571 2444 στεως
2625 2382 2717 2434 καὶ
2772 2382 3147 2451 πνευματικῆς
3187 2381 3405 2451 ἀγάπης
3442 2381 3728 2456 ἐνοποιεῖν.
3806 2379 3985 2446 Εἴπερ

2400 2474 2486 2529 διά
2529 2474 2686 2527 τοῦτο
2729 2473 2996 2526 πέπονθεν
3041 2476 3070 2528 ὁ
3113 2473 3303 2544 Σωτὴρ
3329 2512 3342 2535 ,
3400 2473 3524 2526 Ἵνα
3559 2471 3631 2524 τὰ
3659 2471 3842 2523 τέκνα
3875 2470 3984 2523 τοῦ

2404 2564 2549 2620 Θεοῦ
2578 2565 2650 2618 τὰ
2676 2563 3198 2633 διεσκορπισμένα,
3225 2561 3534 2630 συναγάγῃ
3562 2561 3648 2626 είς
3673 2560 3764 2613 ἓν.
3804 2559 3864 2612 '0
3889 2555 3985 2612 σῦν

2405 2658 2479 2728 μὴ
2506 2657 2711 2724 στέγων
2742 2655 2808 2709 τά
2835 2656 3066 2726 ὀχληρά,
3104 2654 3237 2724 μηδέ
3267 2654 3445 2725 φέρων
3473 2655 3541 2706 τά
3565 2653 3808 2722 λυπηρά,
3848 2651 3985 2722 μηδὲ

2403 2749 2687 2819 ὑπομένων
2736 2745 2805 2799 τά
2849 2746 3103 2811 ἐπίπονα,
3157 2743 3312 2808 ἐκτὸς
3342 2742 3440 2810 τῆς
3469 2741 3619 2804 θείας
3644 2741 3864 2810 ἀγάπης
3888 2740 3986 2792 καὶ

2401 2838 2494 2893 τοῦ
2527 2837 2729 2892 σκοποῦ
2755 2839 2852 2908 τῆς
2881 2837 3139 2908 Προνοίας
3159 2837 3478 2906 περιπατεῖς

2475 3027 2562 3091 ιη’.
2617 3020 2679 3072 Εἰ
2727 3019 2765 3086 ἡ
2803 3015 3009 3086 ἀγάπη
3042 3012 3414 3084 μακροθυμεῖ
3447 3011 3542 3065 καί
3568 3011 3986 3081 χρηστεύεται,

732 3113 808 3166 vis
837 3115 906 3166 sit
944 3113 985 3177 δ,
1015 3115 1108 3183 qui
1137 3130 1306 3185 parvo
1339 3131 1402 3170 ae
1443 3117 1654 3187 dejecto
1693 3119 1879 3172 animo
1923 3128 2006 3174 est
2047 3121 2100 3173 in
2143 3121 2298 3177 malis
2329 3120 2370 3178 C

2329 3120 2370 3178 ο
2404 3113 2431 3164 ὁ
2479 3109 2814 3180 όλιγοψυχῶν
2867 3109 2958 3159 ἐπὶ
3001 3110 3114 3169 τοῖς
3157 3106 3511 3175 συμϐαίνουσι
3541 3104 3841 3174 λυπηροῖς,
3891 3103 3989 3156 καὶ

737 3219 860 3273 quae
888 3206 1168 3270 accidunt,
1201 3223 1432 3277 eamque
1457 3208 1528 3262 ob
1569 3225 1682 3263 rem
1721 3211 1954 3281 maligne
1986 3213 2097 3282 agit
2124 3213 2178 3266 in
2208 3229 2304 3269 eos

735 3296 830 3365 qui
859 3296 1064 3365 aliquid
1091 3298 1370 3362 Ite-serunt,
1395 3315 1459 3353 ac
1478 3315 1537 3354 se
1563 3316 1593 3354 ιι
1619 3301 1906 3367 charitate,
1928 3319 2048 3372 qua:
2071 3312 2155 3356 est
2177 3319 2303 3374 erga

737 3385 1238 3454 illos,_abseindit;
1295 3390 1569 3460 quomodo
1616 3407 1647 3445 a
1693 3391 1891 3447 divina:
1944 3393 2306 3450 Providentia:

737 3477 846 3532 line
872 3495 977 3532 non
1009 3479 1246 3534 excidit?

810 3570 898 3625 l9.
936 3571 1167 3626 Attende
1195 3571 1315 3636 tibi,
1352 3588 1413 3628 ac
1442 3588 1593 3636 cave,
1631 3590 1698 3628 ne
1727 3575 1868 3630 forte
1903 3576 2048 3645 quod
2083 3584 2135 3630 te
2168 3577 2300 3630 diri-

738 3657 840 3712 mit
865 3674 895 3711 a
925 3658 1090 3712 fratre
1124 3659 1347 3724 malum,
1379 3676 1489 3716 non
1518 3663 1572 3715 in
1609 3662 1722 3726 illo,
1752 3664 1845 3720 sed
1881 3664 1935 3718 in
1969 3674 2022 3720 te
2058 3666 2306 3721 invenia-

739 3757 858 3815 tur;
900 3766 962 3804 ac
995 3751 1154 3805 stude
1200 3752 1308 3806 cito
1354 3752 1430 3806 illi
1475 3755 1840 3819 reconciliari,
1872 3771 1940 3810 ne
1979 3771 2009 3810 a
2051 3757 2308 3812 mandato

739 3842 960 3896 cxcidas
984 3843 1289 3908 charitatis.

809 3931 899 3985 9.0.
934 3932 1077 3987 Cave
1125 3943 1460 4003 prmeeptum
1512 3935 1794 3990 charitatis
1839 3937 2128 4006 despicias,
2167 3956 2308 4008 quo-

737 4023 886 4075 niam
929 4039 1029 4092 per
1075 4025 1252 4092 ipsum
1305 4025 1399 4079 Dei
1448 4025 1592 4081 filius
1635 4027 1795 4082 eris:
1846 4029 2072 4100 ejusque
2121 4031 2308 4086 violati

741 4129 892 4177 reus,
920 4114 1063 4169 filius
1091 4115 1353 4185 gehennae
1388 4117 1707 4173 invenieris.

806 4206 896 4260 2i.
947 4205 1070 4260 llzec
1112 4205 1226 4261 fere
1263 4216 1392 4262 sunt
1419 4224 1542 4278 quae
1570 4208 1640 4262 ab
1679 4209 1982 4264 amicorum
2012 4209 2308 4267 dilectione

741 4296 1090 4366 disjungunt;
1125 4297 1372 4352 invidere
1409 4307 1506 4353 aut
1538 4299 1810 4354 sustinere
1839 4301 2122 4367 invidiam,
2149 4302 2306 4356 dam-

743 4401 871 4440 num
903 4385 1080 4441 facere
1113 4395 1208 4440 aut
1237 4387 1367 4457 pati,
1401 4388 1602 4456 probro
1634 4389 1836 4445 habere
1871 4401 1964 4445 aut
1996 4391 2218 4458 haberi;
2244 4409 2307 4448 ac

2405 3204 2493 3258 διὰ
2517 3203 2674 3256 τοῦτο
2699 3201 3128 3271 πονηρευόμενος
3153 3199 3244 3251 ἐπὶ
3268 3200 3380 3259 τοῖς
3406 3197 3682 3266 λυπήσασι
3702 3235 3716 3257 ,
3765 3196 3862 3247 καὶ
3886 3195 3989 3263 τῆς

2407 3296 2542 3366 προς
2589 3294 2783 3355 αὑτοὺς
2828 3291 3048 3359 ἀγάπης
3088 3288 3280 3343 ἑαυτὸν
3314 3287 3638 3340 ἀποκόπτων
3661 3327 3677 3351 ,
3738 3286 3856 3348 πῶς
3889 3282 3988 3336 τοῦ

2407 3385 2609 3438 σκοποῦ
2641 3383 2743 3452 τῆς
2771 3382 2920 3444 θείας
2953 3379 3212 3449 Προνοίας
3240 3379 3340 3431 οὑκ
3365 3378 3643 3431 ἐκπίπτει.

2477 3558 2564 3613 ιϐ’.
2626 3557 2867 3626 Πρόσεχε
2923 3556 3164 3625 σεαυτῷ,
3221 3557 3428 3626 μήποτε
3477 3555 3510 3620 ἡ
3562 3553 3876 3624 χωρίζουσά
3930 3569 3996 3604 σε

2406 3650 2467 3701 ἐκ
2495 3647 2588 3700 τοῦ
2617 3648 2845 3716 ἀδελφοῦ
2876 3648 3064 3710 κακία,
3100 3648 3197 3698 οὑκ
3231 3649 3288 3698 ἐν
3315 3645 3392 3715 τῷ
3418 3644 3650 3712 ἀδελφῷ·
3681 3643 3800 3697 ἀλλ’
3824 3645 3886 3696 ἐν
3910 3645 3997 3697 σοὶ

2407 3742 2728 3813 εὑρίσκηται
2748 3758 2760 3770 ο
2819 3742 2912 3794 καὶ
2939 3742 3170 3794 σπεῦσον
3196 3739 3343 3810 αὑτῷ
3370 3739 3744 3807 διαλλαγῆναι,
3783 3738 3875 3790 ἵνα
3908 3737 3985 3807 μὴ

2406 3835 2505 3904 τῆς
2533 3833 2753 3902 ἐντολῆς
2780 3834 2883 3904 τῆς
2909 3834 3128 3901 ἀγάπης
3154 3830 3412 3902 ἐκπέσῃς.

2479 3931 2551 3980 κ’.
2611 3924 2702 3994 Μὴ
2744 3925 3157 3993 καταφρονήσῃς
3208 3923 3307 3992 τῆς
3347 3921 3562 3989 ἐντολῆς
3611 3920 3708 3986 τῆς
3744 3921 3995 3989 ἀγάπης.

2405 4018 2488 4072 ὅτι
2539 4018 2606 4071 δι’
2641 4017 2810 4086 αὐτῆς
2865 4017 2979 4080 υἱός
3003 4015 3138 4070 Θεοῦ
3167 4014 3294 4086 ἔσῃ·
3360 4016 3426 4085 ἦν
3454 4013 3833 4084 παραϐαίνων,
3879 4013 3998 4076 uio;

2407 4111 2633 4180 γεέννης
2662 4111 2929 4181 εὑρεθήσῃ
2946 4151 2964 4170 ,

2477 4209 2583 4257 κα⁹.
2645 4203 2727 4254 Τά
2777 4200 3078 4270 χωρίζοντα
3123 4199 3224 4269 τῆς
3263 4196 3372 4252 τῶν
3397 4198 3565 4266 φίλων
3593 4197 3842 4267 ἀγάπης,
3891 4199 3998 4251 εῖσὶ

2406 4292 2580 4346 ταῦτα
2659 4291 2720 4344 τὸ
2745 4292 2978 4360 φθονεῖν,
3027 4289 3419 4361 ἢφθόνεῖσθαι·
3453 4289 3515 4341 τὸ
3540 4287 3797 4358 ζημιοῦν,
3831 4290 3867 4359 ἢ
3901 4291 3996 4358 ζη-

2413 4383 2699 4455 μιοῦσθαι·
2762 4382 2822 4434 τὸ
2875 4382 3200 4453 ἀτιμάζειν,
3256 4383 3289 4452 ἦ
3340 4379 3738 4450 ἀτιμάζεσθαι,
3804 4383 3900 4433 καὶ
3952 4385 3998 4434 οἱ

741 4492 875 4546 quas
935 4478 1273 4547 suspieiosus
1331 4479 1546 4534 animus
1613 4482 1856 4537 rationes
1904 4483 2169 4537 obtrudit.
2230 4484 2308 4538 Ne
2341 4463 2384 4516 ι)

2341 4463 2384 4516 D
2413 4477 2472 4542 ἐξ
2507 4476 2760 4540 ὑπονοίας
2793 4476 3059 4544 λογισμοί.
3093 4475 3320 4542 Μήποτε
3350 4469 3441 4526 οὖν
3470 4474 3699 4542 ἐδρασάς
3729 4491 3786 4527 τι
3819 4474 4000 4526 τοιοῦ-

739 4567 878 4622 forte
909 4568 1075 4638 igitur
1099 4568 1305 4637 aliquid
1337 4569 1605 4640 ejusmodi
1645 4571 1847 4640 egeris,
1886 4573 1969 4626 vel
1999 4589 2190 4641 passus
2214 4574 2310 4637 sis,

737 4675 970 4728 eamque
1002 4659 1076 4714 ob
1101 4675 1216 4714 rem
1241 4659 1309 4714 ab
1333 4659 1496 4714 amici
1534 4660 1833 4716 dilectione
1864 4662 2201 4729 abjungeris.

809 4753 898 4806 29..
925 4752 1140 4808 Accidit
1160 4751 1280 4815 tibi,
1307 4751 1474 4806 fratre
1502 4760 1747 4815 auctore,
1773 4752 2039 4806 nonnulla
2063 4753 2310 4819 tentatio,

739 4853 1148 4913 conceptusque
1177 4841 1335 4897 dolor
1366 4843 1422 4896 in
1459 4842 1647 4897 odium
1686 4842 1922 4913 impulit.
1960 4843 2102 4898 Cave
2132 4860 2201 4898 ne
2244 4845 2314 4899 ab

739 4937 869 4992 odio
892 4937 1152 4999 vincaris,
1193 4934 1288 4991 sed
1312 4935 1474 4990 vince
1505 4935 1691 4989 odium
1721 4935 1773 4989 in
1801 4935 2088 4991 charitatc.
2125 4938 2195 4993 Ut
2217 4953 2314 4993 au-

742 5037 854 5084 tem
878 5029 1087 5092 vincas,
1133 5027 1208 5081 ita
1249 5027 1470 5082 demum
1513 5026 1626 5089 ﬁet,
1671 5027 1714 5081 si
1752 5041 1884 5081 vere
1912 5043 1980 5081 ex
2022 5028 2203 5082 animo
2243 5029 2312 5083 ad

742 5118 913 5174 Deum
942 5133 1042 5188 pro
1074 5133 1141 5173 eo
1175 5117 1440 5182 oraveris,
1489 5117 1650 5188 M7
1693 5119 1922 5188 ejusque
1961 5117 2076 5186 ipse
2121 5099 2313 5172 defen-

742 5212 952 5266 sionem
981 5209 1323 5278 s’usceperis;
1357 5224 1420 5262 ac
1463 5219 1578 5262 tum
1618 5207 1710 5263 illa
1742 5224 1869 5263 eum
1905 5208 2158 5271 delinias,
2197 5219 2313 5263 tum

744 5304 975 5372 teipsum
1026 5302 1345 5356 tentationis
1373 5310 1658 5356 auctorem
1687 5300 1997 5362 arbitreris,
2025 5300 2188 5369 longa
2221 5315 2317 5370 pa-

738 5395 934 5450 tientia
1003 5395 1204 5458 ferens,
1267 5394 1443 5449 donec
1501 5394 1678 5449 nubes
1738 5393 1841 5447 ista
1909 5393 2314 5461 obscurumque

746 5487 1054 5546 transierit.

819 5608 842 5641 ³
879 5608 1037 5664 Joan.
1066 5608 1255 5671 x1,52.
1334 5606 1355 5638 ⁸
1382 5607 1400 5661 1
1432 5606 1559 5662 Cor.
1605 5622 1718 5670 xm,
1758 5607 1810 5661 4.

2412 4585 2504 4622 τον
2532 4569 2564 4639 ἢ
2597 4567 2889 4628 πέπονθας,
2927 4568 3021 4619 καὶ
3050 4565 3139 4618 διὰ
3163 4565 3321 4618 τοῦτο
3345 4565 3446 4635 τῆς
3471 4563 3564 4619 τοῦ
3591 4565 3746 4634 φίλου
3776 4566 4001 4636 ἀγάπης

2414 4658 2622 4732 χωρίζῃ
2651 4659 2811 4729 [unus
2835 4658 2958 4728 Reg.
2989 4657 3356 4730 ἀποχωρίξῃι.

2485 4751 2588 4819 κβ’.
2650 4749 2856 4818 Συνέϐη
2907 4766 2991 4800 σοι
3038 4748 3345 4820 πειρασμὸς
3376 4748 3440 4800 ὲκ
3467 4745 3561 4799 τοῦ
3595 4746 3830 4814 ἀδελφοῦ
3855 4787 3872 4809 ,
3910 4747 4001 4799 καὶ

2415 4843 2448 4911 ή
2469 4841 2616 4911 λύπη
2646 4841 2724 4903 είς
2751 4841 2904 4910 μῖσός
2936 4855 2994 4891 σε
3021 4839 3218 4909 ἤγαγε.
3255 4838 3343 4907 Μὴ
3376 4836 3512 4891 νικῶ
3539 4837 3639 4890 ὑπὸ
3659 4837 3755 4890 τοῦ
3783 4836 3997 4906 μίσους,

2416 4933 2551 4987 ἀλλά
2580 4931 2706 4986 νίκα
2737 4933 2794 4985 ἐν
2824 4934 2889 5002 τῇ
2917 4930 3104 5002 ἀγάπῃ
3133 4930 3193 4984 τὸ
3225 4932 3403 5001 μῖσος.
3437 4929 3701 4998 Νικήσεις
3721 4927 3780 4980 δὲ
3811 4927 4000 4996 τρόπῳ

2416 5025 2638 5096 τοιούτῳ
2659 5041 2671 5055 ·
2728 5024 3166 5096 προσευχόμενος
3207 5022 3348 5092 ὑπὲρ
3389 5019 3553 5075 αὑτοῦ
3588 5019 3830 5090 γνησίως
3863 5019 3999 5088 πρὸς

2416 5118 2506 5172 τὸν
2531 5117 2664 5170 Θεόν
2681 5133 2696 5146 ·
2745 5116 2847 5186 τήν
2873 5131 2933 5167 τε
2966 5113 3260 5181 ἀπολογίαν
3283 5112 3448 5165 αὑτοῦ
3475 5111 3766 5180 δεχόμενος
3788 5127 3801 5138 ·
3839 5110 3874 5180 ῆ
3906 5110 3996 5162 καὶ

2417 5211 2577 5273 αὐτὸς
2611 5209 2698 5262 διὰ
2724 5209 2928 5272 ταύτης
2954 5207 3117 5260 αὑτὸν
3141 5203 3481 5276 θεραπεύων,
3533 5203 3628 5257 καὶ
3657 5203 3889 5255 σεαυτὸν
3910 5203 3996 5255 αῖς

2421 5317 2536 5355 τιον
2580 5298 2676 5353 τοῦ
2716 5297 3025 5369 πειρασμοῦ
3051 5295 3401 5366 λογιζόμενος
3426 5335 3442 5361 ,
3501 5295 3594 5347 καὶ
3624 5294 3997 5364 μακροθυμῶν

2429 5393 2623 5464 μέχρις
2651 5385 2712 5445 οῦ
2745 5390 2992 5461 παρέλθῃ
3021 5389 3082 5442 τὸ
3109 5391 3286 5459 νέφος.

748 5726 843 5790 qui
876 5725 956 5780 sic
991 5725 1162 5779 sacris
1201 5722 1553 5794 profanisque
1593 5723 1936 5792 sapientibus
1985 5721 2225 5776 inaudita
2260 5736 2319 5774 ac
2361 5733 2461 5774 nec
2483 5717 2668 5787 stipite
2699 5715 2882 5784 iligna,
2919 5707 3136 5764 Maximi
3200 5704 3528 5762 confessoris
3592 5698 3995 5770 nomineUsuIi

751 5796 962 5854 scilicet
993 5795 1232 5851 nominis
1261 5794 1524 5864 theologi)
1555 5795 1837 5864 ingeranti
