4208 6436
265 363 403 428 1053

1120 372 1474 443 ΕΑῬΙΤΗΜ
1512 382 1610 442 DE
1647 384 2075 452 CHARITATE
2113 395 2498 459 CENTURIA
2537 401 2634 462 IV.

3377 403 3506 468 1054

329 486 436 578 κγ’.
472 481 832 583 Μακρὸθυμός
892 488 1072 583 εστιν,
1105 486 1134 540 6
1181 496 1250 547 τό
1289 495 1440 558 τέλος
1487 497 1820 567 ἐκδεχόμενοι

1872 508 1916 564 Α
2013 509 2100 564 25.
2153 511 2504 580 Longanimis
2560 513 2892 583 prolixaeque
2939 511 3216 582 patientiae
3257 519 3364 578 est,
3415 515 3509 582 qui

255 568 354 658 τοῦ
381 572 710 640 πειρασμοῦ,
737 575 833 628 καὶ
857 575 918 629 τὸ
939 577 1206 648 καύχημα
1234 581 1336 652 τῆς
1365 585 1663 656 καρτερίας
1697 586 1838 658 λαμ-

263 657 294 708 6
304 660 466 712 ἀνων.

332 753 430 808 κδ’.
479 755 659 823 Ἀνὴρ
703 762 1090 829 μακρόθυμος
1113 803 1128 827 ,
1158 765 1356 831 πολὺς
1382 766 1460 833 ἐν,
1501 769 1791 836 φρονήσει
1819 787 1832 804 ο

260 847 343 896 ὅτι
375 845 554 898 πάντα
604 846 672 900 τά
721 849 1086 918 συμϐαίνοντα
1116 855 1210 908 ἐπὶ
1246 856 1308 908 τὸ
1356 858 1506 923 τέλος
1550 861 1831 934 ἀναιρέρει·

259 936 482 987 κάκεῖνο
528 937 860 1005 περιμένων,
891 941 1142 1012 ἀνέχεται
1195 944 1305 998 τῶν
1337 946 1619 1018 λυπηρῶν.
1666 949 1736 1002 Τὸ
1767 948 1833 1001 δὲ

260 1025 437 1091 τέλος
463 1026 616 1089 ἐστὶ,
649 1028 761 1096 (Qui)
793 1030 1049 1098 αἰώνιος.
1081 1035 1222 1087 κατά
1267 1036 1360 1088 τὸν
1402 1037 1542 1090 θεῖον
1579 1039 1834 1092 ’Λπόστο-

257 1113 544 1186 itemAqu
575 1118 642 1171 δέ
664 1120 836 1172 ἐστιν
861 1122 897 1187 ἡ
925 1122 1158 1189 αἰώνιος
1189 1124 1328 1195 ζωὴ,
1352 1128 1454 1184 ἵνα
1490 1129 1833 1196 γινώσκωσι

256 1223 332 1259 σε
363 1208 468 1260 τὸν
491 1209 683 1277 μόνον
710 1211 1002 1278 ἀληθινὸν
1041 1215 1210 1281 Θεὸν,
1235 1218 1330 1271 καί
1363 1219 1436 1272 ὃν
1467 1219 1832 1290 ἀπέστειλας

269 1299 516 1364 Ἰησοῦν
543 1302 822 1368 Χριστόν,

327 1395 426 1440 κε’.
464 1389 554 1459 Μὴ
607 1390 827 1455 εὔκολος
879 1393 1106 1449 ﬁcio-ini.
1161 1399 1398 1470 ἀποϐολῇ
1454 1404 1829 1472 πνευματικῆς

253 1479 498 1547 ἀγάπης,
531 1480 662 1534 διότι
696 1482 828 1552 ἄλλη
886 1486 1156 1557 σωτηρίας
1189 1489 1307 1552 ὁδός
1327 1491 1423 1560 οὐχ
1451 1491 1831 1546 ὑπολέλειπται

253 1573 370 1633 τοῖς
395 1571 490 1623 ἀνθ
499 1571 720 1642 ρώπως.

328 1670 440 1727 κςθ.
467 1664 558 1734 Μὴ
581 1664 671 1717 τὸν
698 1665 823 1735 χθὲς
857 1670 1225 1738 πνευματικὸν
1256 1671 1483 1740 ἀδελφὸν
1522 1673 1616 1725 καὶ
1643 1673 1830 1744 ἐνάρεο

250 1772 347 1808 τον
376 1756 507 1825 (56),
529 1757 616 1809 διὰ
645 1757 703 1810 τὸ
730 1760 786 1809 ἐν
813 1759 893 1810 σοὶ
926 1758 991 1827 σή
1003 1777 1066 1829 με
1078 1777 1164 1830 ρον
1211 1760 1270 1825 ἐξ
1314 1763 1578 1833 ἐπηρείας
1609 1765 1704 1817 τοῦ
1733 1783 1826 1818 πο-

1937 603 2258 657 tcntationis
2277 603 2620 672 praestolatur
2638 603 2822 669 tinem,
2843 619 2907 658 ac
2927 604 3266 658 sustinentia:
3281 603 3508 674 gloriam

1936 695 2125 748 refert.

2004 788 2091 842 24.
2133 786 2222 840 Vir
2257 787 2595 858 fonganimis,
2631 787 2824 842 multus
2853 789 2906 841 in
2943 787 3220 858 prudentia
3251 787 3272 819 '
3303 803 3318 852 ;
3355 785 3504 856 quod

1934 881 2146 935 scilicet
2174 880 2357 934 omnia
2388 897 2509 950 qua:
2551 880 2628 935 illi
2660 879 2940 943 eveniunt,
2989 880 3044 932 in
3092 878 3255 932 ﬁnem
3301 878 3500 943 refert;

1934 967 2192 1037 illiusque
2231 971 2659 1038 exspectatione,
2684 983 2956 1022 aerumnas
2999 969 3249 1037 malaque
3285 967 3498 1022 suffert.

1933 1055 2078 1110 Finis
2107 1068 2303 1119 autem,
2335 1066 2410 1111 est
2435 1061 2538 1112 vita
2567 1067 2784 1123 (eterna,
2823 1063 2882 1111 ut
2913 1058 3082 1110 sentit
3111 1057 3333 1111 divinus
3361 1057 3503 1126 Apo-

1933 1149 2107 1204 stolus
2134 1151 2172 1202 '.
2213 1150 2338 1204 Ha'c
2363 1159 2436 1203 est
2459 1158 2634 1203 autem
2653 1152 2759 1203 vita
2792 1156 3012 1210 (eterna.
3036 1160 3091 1201 ut
3115 1156 3430 1217 cognoscant
3453 1158 3502 1202 te

1931 1242 2104 1296 solum
2157 1243 2324 1297 Deum
2369 1258 2570 1307 verum,
2613 1250 2662 1294 et
2705 1259 2855 1311 quem
2895 1242 3083 1295 misisti
3120 1240 3301 1294 Iesum
3347 1239 3499 1294 Clari-

1935 1345 2075 1390 stum
2101 1339 2145 1390 ".

2001 1429 2090 1482 25.
2117 1428 2260 1482 Cave
2287 1427 2548 1497 spiritalis
2580 1425 2889 1480 dilectionis
2920 1425 3187 1494 iacturam
3227 1421 3386 1476 facile
3416 1420 3498 1474 fe—

1931 1520 2077 1574 ceris
2108 1537 2122 1584 ;
2152 1520 2354 1588 quippe
2389 1535 2511 1573 eum
2543 1527 2742 1587 praeter
2773 1516 2939 1576 illam,
2968 1513 3115 1569 nulla
3147 1514 3250 1568 alia
3287 1513 3497 1582 reliqua

1931 1611 2003 1663 sit
2031 1610 2348 1664 hominibus
2371 1626 2495 1678 spes
2519 1609 2731 1662 salutis.

1999 1700 2085 1754 26.
2123 1700 2354 1763 Videsis,
2409 1715 2477 1752 ne
2522 1699 2747 1752 fratrem
2788 1697 2910 1750 heri
2953 1695 3258 1765 spiritalem
3297 1708 3361 1747 ac
3386 1693 3498 1746 vir-

1932 1802 2046 1848 tute
2075 1793 2292 1855 fultum,
2321 1792 2393 1846 ob
2415 1790 2601 1845 odium
2633 1791 2730 1844 tibi
2760 1788 2922 1843 hodie
2952 1787 3278 1857 nequissimi
3303 1783 3495 1839 fraude

255 1863 326 1949 νη
337 1845 430 1915 ροῦ
455 1846 804 1914 ἐγγινόμενον
835 1850 1012 1917 μῖσος,
1034 1852 1184 1918 κρῖνε
1213 1850 1414 1918 φαῦλον
1437 1853 1528 1905 καὶ
1553 1854 1785 1922 πονηρόν
1809 1873 1820 1884 ·

1933 1830 2046 1848 ...ιν
2075 1830 2292 1855 ..........,
2321 1830 2393 1846 νυ
2415 1830 2601 1845 πω...
2633 1830 2730 1844 ...η
2762 1830 2922 1843 ...μην
2953 1830 3278 1857 .....,....,-....-
3305 1830 3494 1839 ..ηπ

1870 1830 1902 1888 Β
1928 1903 1990 1942 ac
2022 1887 2142 1941 labe
2178 1885 2501 1947 immissum,
2537 1883 2734 1936 malum
2768 1881 2980 1950 judices
3011 1886 3066 1932 et
3105 1892 3329 1948 pravum
3357 1892 3372 1929 :
3398 1876 3495 1931 sed

254 1925 394 1988 ἆ),λά
438 1935 528 1988 διὰ
559 1934 658 2004 τῆς
713 1937 1172 2007 μακροθυμούσης
1221 1939 1442 2009 ἀγάπης
1487 1942 1553 1993 τὰ
1607 1941 1828 2011 χθεσινά

254 2026 398 2079 καλά
429 2025 792 2096 λογιζόμενος,
817 2029 878 2080 τὸ
910 2030 1149 2099 σήμερον
1180 2033 1334 2100 μῖσος
1360 2031 1459 2100 τῆς
1489 2033 1667 2104 ψυχῆς
1690 2034 1828 2087 ἀπό-

252 2119 405 2174 εαλε.

323 2210 428 2274 κζ’.
469 2211 559 2282 Μὴ
590 2211 650 2264 ὃν
679 2211 896 2283 ἐπῄνεις
932 2218 1054 2284 χθὲς
1083 2217 1154 2277 ὡς
1177 2213 1365 2281 καλὸν,
1397 2216 1492 2268 καὶ
1522 2217 1824 2289 ἐνεκωμία-

253 2301 346 2364 ζες
377 2301 454 2364 ὡς
502 2303 778 2371 ἐνάρετον,
813 2304 1050 2372 σήμερον
1097 2303 1171 2366 ὡς
1205 2303 1409 2372 φαῦλον
1462 2305 1556 2357 καὶ
1590 2307 1824 2376 πονηρὸν

254 2391 652 2462 κακολογήσῃς,
674 2395 760 2446 διὰ
791 2395 891 2464 τὴν
920 2395 1018 2462 σὴν
1041 2395 1346 2466 ἑξάγάπης
1373 2398 1452 2458 είς
1480 2399 1636 2467 μῖσος
1667 2415 1825 2466 μετα-

251 2482 414 2553 εολὴν
443 2482 536 2536 τὸν
563 2484 659 2537 τοῦ
691 2485 921 2556 ἀδελφοῦ
945 2485 1111 2555 ψόγον
1132 2526 1147 2549 ,
1172 2487 1465 2556 ἀπολογίαν
1497 2488 1589 2540 τοῦ
1638 2490 1696 2540 ὲν
1741 2490 1822 2541 σοὶ

251 2575 492 2647 πονηροῦ
550 2578 740 2648 μίσους
775 2579 1096 2650 ποιούμενος
1118 2595 1131 2608 ·
1161 2582 1298 2635 ἀλλά
1347 2585 1460 2644 τοῖς
1510 2583 1692 2646 αὐτοῖς
1729 2585 1821 2652 ἐγ-

246 2669 482 2738 κωμίοις
509 2671 807 2740 ἐπίμεινον,
841 2671 942 2725 κᾶν
973 2671 1054 2724 ἔτι
1086 2673 1188 2725 ὑπὸ
1220 2673 1315 2741 τῆς
1337 2673 1515 2743 λύπης
1542 2675 1814 2743 κεκράτη·

248 2778 361 2824 σαι,
401 2761 494 2814 καὶ
548 2763 627 2826 είς
679 2763 778 2833 τήν
831 2763 1105 2834 σωτηρίαν
1159 2763 1380 2834 ἀγάπην
1432 2765 1674 2835 εὐχερῶς
1715 2767 1815 2818 ἑπ-

243 2853 474 2926 ανέρχῃ.

317 2955 424 3017 κη’.
455 2947 545 3020 Μὴ
595 2949 686 3002 τὸν
737 2949 940 3020 συνήθη
987 2950 1082 3002 τοῦ
1132 2949 1364 3018 ἀδελφοῦ
1406 2949 1627 3003 ἔπαινον
1659 2950 1771 3020 (37)
1797 2992 1811 3014 ,

239 3040 333 3096 διὰ
359 3041 456 3112 τὴν
485 3041 564 3094 ἔτι
589 3045 647 3094 ὲν
695 3042 779 3095 σοὶ
827 3043 962 3112 πρὶς
1002 3043 1164 3096 αὐτὸν
1193 3043 1543 3113 ὑπάρχουσαν
1573 3059 1815 3111 κεκρυμ-

1927 1976 2110 2044 potius
2135 1973 2418 2026 eharitatis
2452 1970 2734 2041 patientia,
2775 1969 3027 2022 hesterna
3062 1967 3212 2019 illius
3232 1966 3374 2019 bona
3406 1977 3496 2019 re-

1927 2077 2144 2136 putans,
2179 2063 2432 2117 hodierni
2466 2061 2576 2116 odii
2603 2061 2755 2114 virus
2781 2073 2848 2113 ex
2880 2058 3064 2112 animo
3093 2057 3288 2111 abiice.
3501 2057 3504 2060 ’

1995 2245 2086 2298 27.
2121 2243 2221 2305 Nc,
2263 2257 2425 2312 quem
2452 2240 2573 2295 heri
2602 2255 2713 2309 pra:
2742 2250 2956 2291 morum
2991 2235 3278 2289 honestate
3306 2231 3493 2286 lauda-

1923 2338 2040 2400 bas,
2067 2352 2128 2390 ac
2151 2335 2372 2389 virtutis
2396 2333 2616 2387 nomine
2634 2328 2988 2400 praedicabas,
3015 2327 3178 2381 hodie
3201 2335 3264 2380 ut
3287 2326 3488 2379 malum

1922 2437 2258 2494 pravumque
2290 2421 2591 2490 vituperes,
2618 2415 2765 2487 quod
2803 2415 3154 2490 dilectionem
3179 2423 3327 2467 tuam
3362 2413 3490 2466 odio

1919 2514 2248 2579 mutaveris;
2295 2526 2491 2581 nempe
2544 2511 2780 2580 improbi
2823 2509 2901 2564 tui
2951 2507 3064 2561 odii
3113 2505 3488 2560 defensionem

1919 2623 2188 2678 qurerens,
2235 2604 2381 2674 quod
2423 2604 2645 2658 fratrem
2688 2601 3040 2657 criminaris:
3073 2599 3167 2653 sed
3199 2611 3489 2668 persevera

1919 2701 1973 2755 in
2010 2700 2204 2754 iisdem
2239 2697 2518 2760 laudibus,
2561 2696 2774 2751 tametsi
2810 2693 2990 2748 adhuc
3024 2707 3169 2762 aegro
3210 2690 3393 2744 animo
3414 2690 3489 2744 sis

1917 2793 2235 2860 dolensque,
2267 2790 2534 2859 facileque
2571 2789 2637 2844 ad
2677 2789 2953 2843 salubrem
2984 2786 3334 2842 dilectionem
3370 2785 3489 2838 ani-

1916 2883 2181 2953 mmquior
2215 2882 2390 2936 factus
2423 2880 2738 2935 reverteris.

1983 2975 2072 3029 9.8.
2101 2973 2244 3028 Cave
2285 2989 2355 3026 ne
2389 2971 2603 3026 laudem
2634 2986 2739 3040 qua
2785 2969 3006 3024 fratrem
3051 2966 3310 3036 prosequi
3352 2979 3486 3019 eon-

1915 3081 2193 3128 suevcras,
2229 3066 2300 3118 ob
2335 3065 2580 3118 dolorem
2611 3063 2789 3116 adlme
2823 3062 2875 3114 in
2909 3061 3074 3115 corde
3105 3061 3386 3120 latentem,
3426 3057 3482 3109 in

245 3135 416 3206 μένην
447 3134 644 3205 λύπην,
683 3135 740 3186 ἐν
780 3138 846 3206 τῇ
890 3135 997 3186 τῶν
1052 3133 1252 3188 λοιπῶν
1283 3134 1526 3204 ἀδελφῶν
1558 3135 1811 3206 συντυχίᾳ

1870 3163 1880 3217 :
1913 3156 2144 3210 fratrum
2176 3155 2515 3224 reliquorum
2557 3161 2700 3206 (ξωιιι
2748 3164 3152 3219 congressuque
3181 3147 3478 3206 adulteres,

239 3229 503 3299 νοθεύσῃς
541 3244 554 3257 ”
589 3227 1068 3298 συμπαραμίσγων
1122 3230 1234 3290 τοῖς
1297 3227 1472 3294 λόγοις
1511 3226 1809 3297 λεληθότως

235 3322 330 3374 τὸν
350 3322 515 3390 ψόγον
537 3337 551 3351 ⁸
591 3321 724 3374 ἀλλά
755 3321 977 3390 καθαρῷ
1027 3319 1105 3389 τῷ
1139 3319 1343 3389 ἐπαίνῳ
1369 3322 1425 3371 ἐν
1448 3323 1515 3390 τῇ
1553 3321 1810 3392 συντυχία

235 3415 463 3485 χρῆσαι,
492 3414 588 3467 καὶ
626 3414 860 3481 γνησίως
886 3411 1027 3482 ὑπὲρ
1056 3410 1242 3474 αὑτοῦ,
1271 3411 1346 3472 ὡς
1380 3411 1599 3476 σαυτοῦ,
1637 3429 1807 3485 προσ-

235 3507 399 3576 εύχου
443 3522 458 3536 ο
493 3506 586 3558 καὶ
645 3505 755 3600 τούᾖ
799 3503 1041 3574 ὀλεθρίου
1096 3503 1286 3574 μίσους
1347 3503 1580 3573 τάχιστα
1634 3505 1809 3559 ἀπαλ·

234 3602 429 3675 λάττῃ.
739 3602 744 3606 ’

305 3696 408 3751 κο’.
440 3696 529 3766 Μὴ
564 3680 734 3767 ἐἴπῃς
755 3711 768 3725 ο
801 3694 876 3746 Οὐ
911 3692 1052 3762 μισῶ
1074 3691 1164 3745 τὸν
1187 3692 1434 3761 ἀδελφὸν,
1461 3692 1558 3763 τὴν
1589 3694 1809 3764 μνήμην

232 3790 400 3845 αὖτοῦ
429 3788 920 3859 ἀποστρεφόμενος.
965 3785 1123 3839 Ἀλλὰ
1162 3787 1390 3840 ἄκουσον
1430 3787 1700 3850 Μωῦσέως
1724 3787 1810 3839 λέ-

231 3901 420 3953 γοντος
440 3901 454 3914 ⁸
483 3881 578 3948 Μὴ
605 3879 883 3950 μισήσῃς
905 3868 1011 3932 τὸν
1039 3877 1308 3946 ἀδελφόν
1333 3895 1448 3932 σου
1473 3878 1548 3946 τῇ
1573 3879 1806 3945 διανοίᾳ

229 3992 351 4032 σου
371 3994 384 4006 ·
419 3971 646 4043 ἐλεγμῷ
673 3971 935 4042 ἐλέγξεις
990 3972 1095 4024 τὸν
1146 3970 1410 4039 ἀδελφόν
1436 3987 1552 4025 σου
1583 3972 1682 4025 καί
1733 3975 1804 4026 οὐ

228 4068 418 4136 λήψῃ
446 4067 518 4120 δι’
551 4066 738 4118 αὐτὸν
774 4064 1075 4132 ἁμαρτίαν.

303 4162 366 4213 λ’.
410 4157 535 4210 Ἐὰν
592 4156 814 4223 ἁδελφὸς
865 4155 1028 4223 τυχὸν
1095 4153 1487 4225 πειραζόμενος
1545 4155 1802 4226 ὲπιμείνῃ

226 4250 548 4318 κακολογῶν
581 4267 668 4312 σε,
706 4246 841 4300 ἀλλὰ
881 4245 943 4298 σύ
985 4263 1048 4312 γε
1085 4245 1160 4315 μὴ
1209 4244 1492 4317 ἐξενεχθῇς
1538 4246 1637 4316 τῆς
1667 4249 1804 4314 ἀγα..

228 4340 471 4411 πητικῆς
505 4339 920 4401 καταστάσεως,
954 4335 1048 4388 τοῦ
1080 4335 1241 4388 αὑτοῦ
1273 4334 1510 4406 πονηροῦ
1550 4336 1802 4406 δαίμονος

226 4431 575 4500 ἀνεχόμενος,
604 4425 946 4495 ἐνοχλοῦντος
981 4427 1120 4479 κατά
1164 4425 1424 4479 διάνοιαν.
1462 4428 1578 4480 Οὐκ
1619 4428 1798 4491 ἐξενε-

227 4523 407 4594 χθήσῃ
443 4521 497 4572 δὲ
523 4519 727 4587 ταύτης
745 4559 759 4582 ,
786 4517 878 4568 ἐὰν
909 4517 1313 4588 λοιδορούμενος
1345 4516 1675 4588 εύλογήσῃς·
1703 4519 1798 4571 ἐὰν

225 4612 737 4681 ἐπιϐουλευόμενος,
770 4610 1051 4680 εύνοήσῃς.
1091 4607 1236 4679 Λύτη
1292 4610 1440 4662 ἐστὶν
1480 4610 1512 4679 ἡ
1553 4611 1670 4672 ὁδὸς
1702 4612 1801 4680 τῆς

226 4706 372 4761 κατὰ
405 4703 633 4775 Χριστὸν
665 4701 984 4769 φιλοσοφίας
1018 4717 1032 4733 ·
1066 4702 1159 4754 καὶ
1189 4703 1216 4753 ὁ
1241 4701 1316 4773 μὴ
1343 4700 1546 4772 ταύτην
1578 4703 1776 4755 ὁδεύων

223 4802 288 4852 ού
316 4795 690 4860 συναυλίξεται
716 4792 886 4864 αύτῷ.

297 4971 400 5026 λα’.
431 4968 525 5041 Μὴ
573 4969 650 5032 ὡς
704 4967 1024 5031 εὐνοοῦντας
1055 4967 1295 5036 λογίζου,
1321 4971 1446 5034 τοὺς
1491 4970 1678 5038 λόγους
1719 4989 1801 5025 σοι

223 5057 492 5132 φέροντας
521 5058 695 5129 λύπην
721 5058 779 5110 ὲν
811 5057 894 5110 σοὶ
940 5056 1033 5110 καὶ
1087 5060 1242 5126 μῖσος
1277 5057 1366 5110 τὸν
1415 5059 1548 5130 πρὸς
1577 5060 1800 5129 assae?”

223 5148 627 5222 ἐργαζομένους
674 5146 806 5216 (38),
848 5147 952 5199 κᾶν
981 5147 1263 5214 ἀληθεύειν
1289 5147 1518 5202 δοκῶσιν
1541 5166 1554 5179 ⁸
1583 5149 1695 5203 ἀλλ’
1725 5151 1799 5214 ὡς

224 5235 590 5298 θανατοῦντας
623 5234 776 5303 ὄφεις
802 5237 926 5296 τοὺς
974 5235 1246 5298 τοιούτους
1288 5237 1631 5307 ἀποστρέφου
1657 5256 1670 5270 ο
1714 5241 1798 5293 ἵνα

223 5328 510 5390 κάκείνους
539 5325 632 5379 τοῦ
660 5326 973 5392 κακολογεῖν
999 5328 1299 5399 ἀνακόψης,
1322 5331 1413 5382 καὶ
1443 5330 1540 5400 τὴν
1571 5332 1789 5385 σεαυτοῦ

221 5418 402 5489 ψυχὴν
425 5417 688 5488 πονηρίας
716 5415 1054 5488 ἀπαλλάξῃς-

292 5592 392 5663 λβ’.
428 5592 522 5665 Μὴ
548 5593 725 5661 λόγοις
748 5592 803 5646 δί
844 5593 1183 5663 αἰνιγμάτων
1213 5594 1303 5650 τὸν
1331 5596 1554 5668 ἀδελφὸν
1603 5600 1790 5666 κεντή-

1913 3246 2049 3299 clam
2091 3245 2235 3297 inter
2274 3242 2629 3296 fabulandum
2665 3238 3260 3308 eommisecndo,quod
3295 3236 3370 3290 illi
3399 3236 3480 3288 vi-

1913 3337 2126 3406 tuperio
2170 3336 2327 3390 cedat
2372 3353 2384 3387 :
2427 3334 2520 3388 sed
2563 3334 2733 3402 magis
2771 3347 2895 3385 eum
2940 3346 3121 3384 sermo
3160 3328 3472 3382 miscendus

1909 3428 2033 3484 erit.
2071 3441 2261 3494 puram
2294 3423 2494 3477 adhibe.
2533 3423 2769 3484 laudem,
2807 3435 3043 3489 vereque
3067 3435 3132 3472 ex
3162 3418 3344 3470 animo
3373 3433 3472 3486 pro

1879 3514 2026 3570 /i|lo.
2057 3530 2119 3566 ac
2153 3528 2252 3582 pro
2278 3513 2473 3580 teipso,
2500 3527 2631 3575 ora;
2669 3509 2870 3578 ﬁetque
2907 3517 2966 3561 ut
3004 3507 3154 3572 brevi
3183 3506 3479 3560 admodum

1910 3605 2140 3658 exitiosa
2169 3603 2280 3656 odii
2309 3603 2429 3656 labe
2463 3601 2735 3655 libereris.

1977 3697 2067 3750 ‘29.
2124 3696 2199 3749 Ne
2259 3695 2409 3757 dicas
2458 3701 2506 3746 te
2553 3709 2660 3746 non
2707 3691 2889 3745 edisse
2934 3691 3178 3751 fratrem,
3224 3689 3318 3758 qui
3364 3690 3481 3758 ejus

1909 3788 2231 3854 memoriam
2258 3786 2548 3839 averseris.
2568 3785 2770 3838 Verum
2791 3783 2916 3836 audi
2937 3783 3138 3836 Moscm
3163 3780 3436 3836 dicentem
3463 3798 3476 3833 :

1907 3861 2023 3934 Non
2046 3880 2215 3932 oderis
2251 3879 2471 3948 fratrem
2494 3885 2643 3928 tuum
2660 3876 2711 3928 in
2738 3875 2891 3927 corde
2921 3883 3010 3927 tuo
3037 3893 3051 3928 :
3080 3871 3481 3943 reprehensione

1908 3970 2248 4039 reprehendes
2290 3970 2512 4038 fratrem
2552 3977 2721 4031 tuum,
2767 3975 2815 4019 et
2849 3983 2952 4019 non
2993 3981 3226 4019 assumes
3268 3972 3479 4034 promer

1908 4061 2057 4115 illum
2092 4072 2360 4130 peccatum
2392 4063 2432 4113 ".

1975 4151 2064 4204 50.
2096 4151 2152 4204 Si
2180 4150 2320 4204 forte
2355 4151 2654 4220 contingat,
2686 4159 2743 4202 ut
2776 4149 2945 4202 frater
2979 4148 3276 4202 tentatione
3297 4149 3478 4217 pulsa-

1909 4250 2014 4305 tus,
2034 4223 2394 4295 iletraheudo
2430 4241 2702 4294 morosior
2729 4241 2938 4294 insistat
2966 4257 2979 4304 ;
3030 4251 3083 4292 tu
3117 4248 3294 4291 tamen
3323 4255 3473 4298 eave,

1903 4347 1972 4385 ne
2027 4333 2220 4386 eodem
2250 4333 2552 4401 proposito,
2586 4333 2966 4401 interpellante
3005 4331 3336 4399 nequissimo
3370 4331 3476 4384 dm-

1903 4440 2085 4486 mone,
2124 4441 2153 4478 a
2193 4425 2476 4478 charitatis
2522 4433 2665 4478 statu
2707 4423 2991 4478 transferri
3021 4432 3072 4477 te
3108 4423 3272 4493 448
3299 4423 3474 4492 patia-

1834 4489 1872 4541 θ
1904 4516 1997 4569 ris.
2036 4515 2104 4570 Ut
2136 4522 2320 4568 autem
2366 4514 2713 4569 transfer-aris
2765 4531 3040 4583 nunquam
3085 4515 3194 4575 tiat,
3227 4517 3267 4567 si
3305 4514 3470 4565 lllttle~

1898 4606 2060 4661 dictis
2086 4606 2391 4667 lacessitus,
2423 4606 2772 4659 benedixeris
2807 4623 2818 4657 :
2853 4606 2895 4657 si
2938 4605 3152 4658 insidiis
3178 4606 3470 4673 appetitus.

1897 4697 2338 4752 benevolentiam
2381 4697 2646 4751 tenueris.
2691 4695 2814 4750 Haec
2857 4697 3181 4750 Christiania
3223 4697 3471 4766 philos-n—

1896 4790 2039 4860 phize
2068 4791 2189 4857 via;
2226 4806 2352 4860 qua,
2386 4791 2478 4859 qui
2509 4791 2801 4852 exorbitat,
2826 4791 2970 4845 haud
3006 4806 3245 4860 unquam
3266 4790 3467 4845 Christi

1897 4878 2261 4933 contubernio
2287 4894 2350 4932 ac
2374 4879 2636 4934 societate
2659 4881 2941 4948 gaudebit.
3485 4887 3488 4890 ’

1967 4969 2055 5022 51.
2092 4967 2168 5022 Nc
2193 4968 2346 5035 quasi
2371 4967 2667 5022 benevolos
2699 4971 2887 5037 tuique
2919 4968 3158 5023 cultores
3191 4969 3468 5023 existima-

1895 5058 2061 5121 veris,
2087 5057 2180 5127 qui
2211 5058 2308 5112 tibi
2342 5058 2399 5112 in
2429 5074 2616 5113 aurem
2646 5061 3318 5119 sermonesinsusurrant,
3346 5061 3465 5130 qniw

1896 5147 1999 5201 bus
2023 5147 2076 5201 in
2105 5147 2324 5202 fratrem
2366 5149 2585 5203 tristitia
2627 5159 2791 5217 atque
2830 5150 2957 5203 odio
3003 5150 3330 5209 iuremlaris,
3382 5164 3459 5204 za-

1896 5240 2054 5292 mctsi
2088 5255 2216 5293 vera
2236 5255 2460 5293 narrare
2492 5241 2808 5304 videantur;
2842 5241 2934 5295 sed
2961 5251 3215 5310 tanquam
3244 5243 3463 5311 pestife-

1897 5345 1985 5382 ros
2009 5342 2289 5399 serpentes
2324 5333 2443 5402 ejus
2489 5333 2704 5401 generis
2736 5334 2988 5386 homines
3017 5349 3265 5386 aversare
3291 5350 3303 5396 ;
3350 5345 3465 5388 tum

1895 5429 1956 5474 ut
1988 5421 2203 5475 illorum
2247 5423 2681 5477 maledicentiam
2717 5440 3048 5486 compescas.
3099 5435 3210 5478 tum
3251 5436 3308 5478 nt
3351 5426 3460 5496 ipse

1895 5512 2137 5566 animum
2180 5525 2332 5570 tuum
2364 5532 2394 5568 a
2425 5515 2667 5584 nequitia
2706 5517 2921 5571 liberes.

1965 5605 2053 5658 δὲ.
2089 5605 2166 5659 Ne
2202 5607 2453 5662 obscuris
2499 5623 2561 5663 ac
2589 5609 2863 5679 perplexis
2895 5609 3074 5664 verbis
3103 5610 3322 5664 fratrem
3359 5626 3457 5674 ,ιιι-

1859 5711 1900 5738 Δ

299 5759 319 5792 ⁵
339 5760 500 5815 Prov.
527 5776 632 5828 τιν,
659 5764 745 5820 20.
823 5766 842 5796 ⁶
868 5767 1023 5822 Itoni.
1049 5785 1120 5834 vi,
1146 5769 1233 5823 22.
1310 5770 1328 5800 "
1357 5769 1513 5824 Rom.
1541 5785 1664 5836 xvu,
1699 5770 1750 5822 ὖ.
1828 5770 1848 5802 ⁸
1876 5769 2046 5826 chit.
2078 5785 2180 5835 xu.
2238 5772 2307 5828 l7.
