4208 6436
711 385 848 452 1055

1888 387 1950 446 S.
1992 385 2278 445 ΜΑΧΙΜΙ
2315 381 2823 445 LONFESSORIS

3811 375 3953 443 1056

707 492 960 562 pugcris;
1015 506 1086 545 ne
1149 492 1242 544 illo
1297 490 1448 560 paria
1513 489 1903 560 respondente,
1965 488 2352 549 dilectionisA
2383 504 2503 558 σῃς.
2539 489 2624 540 ἵνα
2654 505 2694 556 μη

2401 504 2503 558 τῃς.
2539 489 2624 540 ἵνα
2654 487 2728 556 μὴ
2765 485 2834 539 τὰ
2860 486 3020 555 ὃμοια
3043 483 3163 553 παῤ
3202 481 3366 536 αὐτοῦ
3398 481 3831 552 ἀντιδεχόμενος,
3855 486 3962 547 τὴν

705 581 963 635 affectum
992 595 1059 634 ex
1095 580 1380 633 amborum
1417 579 1617 634 animis
1653 579 1972 650 expuleris:
2013 576 2110 632 sed
2142 577 2276 632 cha-

709 674 887 727 ritatis
930 671 1146 736 fiducia,
1191 671 1349 734 vade,
1391 686 1629 739 eumque
1671 685 1838 740 argue
1871 669 1914 733 ⁸,
1949 676 2009 722 ιιι
2046 667 2279 722 sublatis

709 780 830 834 qua:
860 764 1106 818 dolorem
1132 764 1314 817 animo
1349 762 1690 834 ingerebant,
1737 770 1789 815 te
1828 760 2036 830 pariter
2072 759 2284 828 ipsum-

710 869 818 924 que
846 854 1157 908 turbatione
1185 861 1350 921 atque
1381 853 1549 906 animi
1578 849 1900 922 argritudine
1930 849 2154 904 liberes.

781 944 870 998 3'5.
902 942 1062 998 Omni
1092 943 1374 1012 diligentia
1415 951 1660 996 scrutare
1691 939 2083 995 conscientiam
2111 947 2281 1002 tuam,

711 1049 783 1089 ne
812 1035 953 1088 forte
979 1043 1069 1087 tua
1103 1034 1263 1101 culpa
1301 1033 1470 1086 frater
1510 1047 1617 1086 non
1650 1030 2036 1085 reconciliatus
2064 1029 2286 1082 absces-

716 1127 889 1189 serit;
947 1141 1010 1178 ac
1051 1140 1121 1177 ne
1168 1124 1300 1178 falsa
1353 1123 1511 1192 quasi
1567 1121 1952 1190 supputatione
1995 1119 2286 1173 fallendam

716 1233 835 1270 eam
870 1217 1170 1286 putaveris,
1194 1231 1313 1285 qua-
1339 1215 1554 1270 noverit
1577 1213 1789 1266 occulta
1820 1221 1934 1275 tua,
1968 1219 2288 1265 accusatura

718 1323 828 1376 quo
870 1317 1114 1376 tempore
1158 1307 1298 1360 vivis
1341 1304 1592 1369 exccdcs,
1629 1318 1692 1358 ac
1725 1302 2058 1357 offcndiculo
2105 1300 2292 1355 futura

721 1399 854 1451 dum
889 1397 1149 1466 precaris.

785 1489 874 1543 54.
914 1487 992 1540 Ne
1030 1487 1182 1555 pacis
1221 1494 1492 1555 tempore,
1530 1499 1724 1539 eorum
1769 1497 1892 1552 quae
1928 1481 2076 1536 dicta
2105 1488 2234 1535 sunt
2262 1495 2293 1534 a

721 1579 912 1641 fratre,
943 1593 1069 1632 cum
1113 1579 1160 1633 is
1199 1593 1344 1648 agro
1380 1579 1565 1631 animo
1603 1588 1769 1632 esset.
1818 1573 2154 1636 memineris,
2179 1573 2295 1628 sive

721 1670 816 1724 ille
844 1671 899 1724 in
932 1670 1124 1725 faciem
1162 1685 1226 1724 ac
1252 1683 1437 1723 coram
1478 1668 1674 1724 acerba
1704 1669 1922 1722 locutus
1953 1675 2060 1731 est,
2090 1666 2205 1721 sive
2227 1663 2294 1717 ad

720 1761 887 1815 alium
908 1760 1222 1824 oblocutus,
1252 1774 1319 1814 ex
1347 1774 1458 1829 quo
1487 1771 1674 1828 postea
1715 1759 1957 1812 audieris
1988 1775 2003 1812 :
2041 1773 2132 1822 ne,
2165 1757 2296 1812 dum

2377 581 2475 650 τῆς
2499 579 2713 648 ἀγάπης
2743 576 2979 630 διάθεσιν
3002 574 3062 641 ἐξ
3085 573 3410 644 ἀμφοτέρων
3461 572 3758 642 ἀπελάσεις.
3799 573 3965 625 Ἀλλὰ

2383 670 2523 744 μετά
2554 668 2865 742 παρρησίας
2893 665 3260 737 ἀγαπητικῆς,
3294 663 3494 731 ὕπαγε,
3525 665 3742 731 ἔλεγξον
3770 664 3966 729 αὐτὸν,

2383 763 2469 816 ἵνα
2497 762 2596 825 τὰς
2647 760 2825 823 αἰτίας
2844 760 2944 828 τῆς
2969 757 3147 828 λύπης
3179 757 3366 820 λύσας,
3389 755 3634 826 ταραχῆς
3663 757 3757 808 καὶ
3787 754 3966 822 λύπης

2383 854 2723 926 ἀμφοτέρους
2755 850 3091 921 ἀπαλλάξῃς.

2457 943 2562 1014 λγ’.
2607 943 2930 1015 Ἑρεύνησον
2955 941 3054 1011 τὴν
3097 940 3403 1007 συνείδησιν
3439 939 3575 1009 μετά
3609 938 3788 1006 πάσης
3812 941 3969 1006 ἀκρι-

2386 1035 2558 1100 ϐείας,
2578 1037 2784 1106 μήποτε
2813 1036 2878 1104 τῇ
2904 1036 2970 1104 σῇ
3016 1032 3163 1104 αίτίᾳ
3183 1033 3212 1084 ό
3228 1030 3452 1099 ἀδελφὸς
3471 1031 3533 1082 οὐ
3554 1029 3812 1098 διηλλάγη
3839 1046 3852 1058 ·
3872 1028 3970 1080 καὶ

2391 1129 2466 1200 μὴ
2501 1127 2861 1197 παραλογίζου
2914 1125 3119 1196 ταύτην
3152 1126 3310 1194 (e-n),
3331 1123 3398 1176 τά
3429 1121 3645 1192 κρυπτά
3674 1138 3769 1174 σου
3800 1120 3937 1188 γινὼ

2392 1237 2648 1281 σκουσαν,
2679 1220 2774 1273 καὶ
2832 1217 3247 1288 κατηγοροῦσαν
3282 1233 3374 1268 σου
3420 1215 3480 1266 ἐν
3535 1213 3612 1283 τῷ
3659 1211 3838 1281 καιρῷ
3865 1211 3966 1280 τῆς

2390 1313 2592 1378 ἐξόδου,
2617 1311 2709 1364 καὶ
2737 1313 2795 1364 εν
2825 1308 3003 1380 καιρῷ
3029 1309 3088 1360 δὲ
3139 1307 3464 1379 προσευχῆς,
3502 1303 3842 1376 πρόσκομμά
3885 1320 3970 1355 σοι

2391 1403 2704 1473 γινομένην.

2463 1492 2556 1545 λδυ.
2584 1491 2675 1562 Μὴ
2709 1490 3018 1561 μνημόνευε
3043 1491 3106 1544 ὲν
3132 1487 3213 1560 τῷ
3262 1487 3442 1558 καιρῷ
3467 1489 3568 1558 τῆς
3589 1487 3836 1556 εἰρήνης,
3861 1484 3974 1536 τῶν

2395 1579 2454 1630 ὲν
2473 1578 2551 1648 τῷ
2579 1577 2758 1648 καιρῷ
2781 1577 2882 1647 τῆς
2909 1577 3082 1647 λύπης
3110 1577 3216 1630 ὑπὸ
3243 1575 3338 1630 τοῦ
3367 1575 3594 1644 ἀδελφοῦ
3636 1574 3935 1644 λεχθέντων
3955 1591 3971 1605 ο

2397 1669 2498 1723 κάν
2524 1685 2586 1721 τε
2624 1668 2767 1722 κατὰ
2817 1667 3108 1739 πρόσωπον
3133 1667 3204 1720 τά
3253 1667 3475 1738 λυπηρά
3508 1665 3706 1738 ἐρρέθη
3727 1707 3743 1728 ,
3777 1666 3880 1720 κᾶν
3911 1681 3974 1718 τε

2397 1762 2538 1832 πρὸς
2562 1761 2718 1816 ἄλλον
2741 1760 2871 1831 περὶ
2901 1759 3019 1819 σοῦ.
3049 1758 3144 1813 καὶ
3177 1757 3316 1828 μετά
3366 1757 3540 1810 ταῦτα
3581 1757 3820 1826 ἡκούσας
3847 1773 3861 1786 ο
3888 1756 3976 1807 ἵνα

721 1853 928 1907 veteris
975 1852 1106 1906 rixa:
1149 1865 1214 1906 ac
1265 1851 1479 1921 injuria:
1523 1851 1882 1920 cogitationes
1930 1849 2194 1916 admittis,
2227 1847 2296 1902 ad
2325 1833 2368 1890 Β
2404 1852 2478 1924 μὴ
2507 1854 2616 1905 τῶν
2652 1851 2694 1904 λι

2404 1852 2478 1924 μὴ
2507 1854 2616 1905 τῶν
2652 1851 2929 1923 λογισμῶν
2975 1851 3074 1921 τῆς
3109 1850 3475 1920 μνησικακίας
3519 1848 3869 1918 ἀνεχόμενος,
3896 1852 3978 1911 είς

723 1939 1019 1993 exitiosum
1054 1937 1240 1992 fratris
1268 1937 1454 1991 odium
1491 1937 1804 1992 revertaris.

796 2029 886 2082 55.
923 2026 1044 2080 Non
1087 2035 1272 2096 potest
1308 2027 1527 2082 animus
1579 2035 1738 2081 utens
1774 2025 2008 2090 ratione,
2053 2023 2299 2094 quandiu

727 2134 916 2173 secum
958 2119 1074 2188 ipse
1097 2119 1152 2172 in
1190 2118 1468 2174 hominem
1499 2119 1597 2172 alit
1621 2118 1808 2173 odium
1837 2134 1902 2172 ac
1927 2117 2146 2187 premit,
2173 2131 2300 2170 cum

724 2210 860 2271 Deo,
884 2210 980 2278 qui
1009 2209 1163 2265 dedit
1193 2209 1532 2273 mandatum,
1554 2225 1744 2278 pacem
1770 2210 1972 2263 habere
2002 2225 2016 2259 :
2044 2206 2102 2261 Si
2128 2207 2298 2269 enim,

725 2300 927 2370 inquit,
956 2317 1061 2354 non
1097 2301 1398 2354 dimiseritis
1425 2301 1717 2354 hominibus
1753 2305 1964 2370 peccata
1986 2313 2188 2362 eorum,
2208 2313 2302 2350 nec

724 2391 894 2447 Pater
920 2399 1086 2445 vester
1105 2391 1325 2446 caelatis
1358 2392 1587 2445 dimittet
1618 2391 1760 2444 vobis
1784 2397 1996 2460 peccata
2033 2396 2205 2442 vestra
2233 2389 2298 2442 ".

730 2480 826 2536 Sin
849 2492 1033 2537 autem
1076 2482 1168 2538 ille
1206 2498 1396 2552 pacem
1427 2483 1568 2540 nolit
1603 2483 1802 2547 colere,
1841 2492 1897 2536 tu
1931 2482 2122 2536 saltem
2149 2489 2201 2536 te
2231 2480 2302 2536 ab

727 2572 857 2627 odio
889 2573 1186 2627 immunem
1226 2590 1405 2636 serva,
1425 2589 1553 2628 vere
1572 2589 1638 2628 ex
1663 2574 1846 2628 animo
1867 2587 1969 2644 pro
1991 2572 2088 2628 illo
2112 2586 2300 2637 orans,

727 2680 832 2720 nec
857 2664 1002 2736 apud
1049 2666 1220 2720 ullum
1251 2667 1300 2722 ei
1332 2667 1671 2721 obtrectans.

800 2841 888 2894 '56.
922 2840 1250 2894 Sanctorum
1289 2839 1607 2908 angelorum
1638 2837 1787 2892 nulla
1809 2836 2101 2891 verborum
2125 2834 2179 2890 vi
2205 2850 2302 2890 ex-

733 2931 1008 3002 plicabilis
1043 2946 1170 3000 pax,
1207 2930 1414 3000 duplici
1447 2930 1552 2983 hoc
1589 2929 1790 2983 affectu
1829 2928 1986 2982 firma
2019 2927 2300 2990 consistit;

2397 1945 2459 1999 τὸ
2489 1942 2734 2015 ὀλέθριον
2768 1945 2925 2012 μίσος
2950 1943 3046 1995 τοῦ
3087 1940 3318 2009 ἀδελφοῦ
3345 1939 3714 2010 ὑποστρέψης.

2467 2036 2561 2089 λε’.
2591 2035 2669 2088 Ui)
2713 2034 2937 2088 δύναται
2980 2032 3126 2104 ψυχὴ
3161 2031 3356 2103 λογικὴ
3399 2032 3536 2102 πρὸς
3568 2031 3858 2101 ἄνθρωπον
3891 2033 3978 2100 μῖ-

2401 2147 2492 2192 σος
2543 2127 2837 2198 τρέφουσα,
2866 2125 3004 2196 πρὸς
3048 2125 3140 2177 τὸν
3176 2123 3310 2177 Θεὸν
3362 2123 3711 2194 είρηνεῦσαι.
3744 2124 3837 2176 τὸν
3867 2123 3980 2173 τῶν

2399 2219 2629 2274 ἐντολῶν
2660 2219 2863 2288 δοτῆρα
2885 2236 2900 2250 ·
2949 2216 3086 2271 Ἐὰν
3117 2216 3248 2286 γάρ,
3298 2217 3468 2287 φησὶ,
3497 2215 3583 2284 μὴ
3621 2215 3819 2284 ἀφῆτε
3853 2213 3981 2278 τοῖς

2398 2313 2732 2379 ἀνθρώποις
2777 2309 2849 2364 τὰ
2879 2307 3319 2379 παραπτώματα
3364 2307 3563 2362 αὐτῶν
3584 2349 3597 2367 ,
3632 2307 3778 2361 οὐδὲ
3805 2310 3838 2360 ό
3866 2310 3984 2360 Πα-

2399 2403 2511 2472 τὴρ
2546 2401 2714 2472 ἡμῶν
2768 2405 2841 2458 οὐ
2891 2402 3171 2470 οὐράνιος
3225 2401 3450 2468 ἀφήσει
3486 2399 3629 2468 ὑμῖν
3675 2400 3749 2452 τὰ
3800 2416 3984 2464 παρη-

2401 2495 2678 2562 πτὼματα
2705 2491 2893 2563 ὑμῶν.
2931 2493 2994 2544 El
3033 2491 3090 2544 δὲ
3130 2493 3336 2553 ἐκεῖνος
3377 2491 3681 2560 εἰρηνεύειν
3708 2490 3772 2542 οὐ
3811 2489 3983 2550 θέλει,

2401 2583 2539 2638 ἀλλά
2575 2583 2639 2638 σύ
2677 2600 2741 2651 γε
2776 2582 3003 2636 σεαυτὸν
3033 2581 3142 2635 ἀπὸ
3182 2581 3371 2652 μίσους
3406 2579 3662 2650 φύλαξον,
3685 2580 3987 2650 προσευχό-

2406 2687 2562 2742 μενος
2591 2672 2738 2742 ὑπὲρ
2767 2671 2932 2726 αὑτοῦ
2973 2673 3234 2743 γνησίως,
3268 2671 3364 2726 καὶ
3402 2670 3476 2742 μὴ
3521 2669 3841 2738 κακολογῶν
3880 2669 3985 2721 αὐ-

2403 2764 2494 2818 τὸν
2527 2763 2664 2834 πρός
2699 2782 2840 2818 τινα.

2474 2855 2582 2922 λς’.
2628 2857 2692 2910 Ἦ
2729 2855 2838 2909 τῶν
2880 2855 3052 2924 ἀγίων
3122 2854 3372 2924 ἀγγέλων
3433 2855 3714 2926 ἄφραστος
3767 2854 3986 2922 εἰρήνην

2401 2946 2522 3007 ταῖς
2555 2944 2675 2998 δυσὶ
2700 2945 2922 3008 ταύταις
2950 2947 3281 3016 κεκράτηται
3309 2944 3582 2998 διαθέσεσι
3612 2960 3626 2975 ο
3664 2946 3731 3013 τῇ
3758 2959 3818 2994 τε
3847 2943 3992 3011 πρὸς

729 3040 928 3095 nempe
953 3025 1246 3088 charitate,
1277 3038 1385 3093 qua
1411 3022 1607 3077 Deum.
1634 3029 1690 3076 et
1716 3037 1823 3092 qua
1859 3021 1963 3090 ipsi
2000 3020 2140 3076 alter
2170 3019 2306 3074 altc-
2403 3035 2495 3090 τὸν
2531 3037 2684 3101 Θιεδν⁹

2403 3035 2495 3090 τὸν
2531 3037 2684 3101 Θεὸν,
2723 3039 2818 3090 καὶ
2868 3041 2938 3108 τῇ
2996 3039 3134 3109 πρὸς
3180 3037 3446 3106 ἀλλήλους
3493 3038 3701 3107 ἀγάπῃ.
3753 3035 3991 3104 Ὁῳίως

733 3127 855 3166 rum
901 3121 1334 3182 prosequuntur.
1376 3109 1645 3166 Similiter
1684 3125 1818 3164 vero
1858 3109 2023 3164 etiam
2054 3110 2302 3164 omnium
2334 3177 2372 3196 Α
2404 3127 2484 3192 δι⁹
2515 3131 2610 3183 και
2663 3148 2694 3182 ,π

2404 3127 2484 3192 δι,
2515 3131 2610 3183 καὶ
2663 3130 2881 3184 πάντων
2926 3129 3036 3184 τῶν
3083 3131 3176 3182 ἀπ’
3208 3129 3401 3192 αίῶνος
3450 3129 3639 3196 ἁγίων.
3673 3129 3988 3195 ῐίαγκάλως

733 3211 1050 3258 sanctorum
1076 3203 1172 3272 qui
1200 3217 1229 3256 a
1254 3202 1453 3257 s'eculo
1476 3201 1718 3256 fuerunt.
1738 3201 2113 3256 Pulcherrime
2137 3201 2302 3271 igitur
2331 3177 2373 3234 θ
2405 3177 2499 3274 oi;

2405 3177 2499 3274 οὖν
2525 3221 2740 3292 εἴρηται
2781 3222 2886 3275 ὑπὸ
2933 3221 3027 3274 τοῦ
3077 3220 3333 3291 Σωτῆρος
3367 3177 3544 3292 ημῶν,
3580 3221 3663 3272 ὅτι
3711 3177 3817 3274 Ἐιν
3849 3221 3992 3272 ταύ-

732 3309 798 3348 ac
821 3293 1026 3362 optime
1057 3292 1266 3348 dictum
1299 3291 1565 3348 Salvatori
1607 3301 1799 3346 nostro
1833 3300 1918 3346 est
1957 3310 1970 3345 :
2008 3292 2073 3346 In
2107 3293 2308 3347 duobus

734 3385 817 3436 Itis
851 3383 1121 3437 mandatis
1171 3391 1280 3435 tota
1312 3381 1394 3435 lea:
1419 3382 1604 3450 pendet
1667 3390 1718 3434 et
1745 3381 2010 3450 propheta:
2037 3381 2100 3433 ”.

802 3474 968 3547 449
995 3477 1082 3531 57.
1121 3475 1198 3531 Ne
1228 3475 1326 3530 tibi
1381 3473 1496 3543 ipse
1526 3474 1765 3543 placeas,
1814 3483 1871 3528 et
1904 3472 2132 3527 fratrem
2181 3473 2312 3529 odio

736 3582 845 3620 non
873 3565 1103 3620 habebis
1136 3583 1148 3618 :
1179 3581 1282 3620 nec
1305 3571 1358 3619 te
1384 3565 1500 3635 ipse
1532 3580 1596 3618 ac
1635 3578 1858 3618 carnem
1895 3578 2062 3635 prave
2089 3579 2312 3622 amave-

735 3657 836 3720 ris,
873 3656 1082 3726 Deique
1111 3670 1305 3710 amans
1342 3671 1404 3710 ac
1427 3655 1720 3726 religiosus
1737 3655 1867 3708 eris.

803 3746 894 3803 58.
950 3746 1240 3817 Siquidem
1289 3761 1414 3801 cum
1471 3746 1822 3816 spiritalibus
1874 3745 2045 3800 vitam
2108 3744 2314 3802 ducere

737 3837 924 3894 animo
977 3840 1340 3895 constitutum
1375 3849 1497 3904 est,
1555 3855 1624 3895 ex
1677 3838 1813 3910 ipsis
1841 3838 2030 3892 statim
2076 3837 2311 3902 foribus,

739 3931 849 3986 tuis
875 3929 1255 3985 voluntatibus
1293 3930 1552 3984 nuntium
1587 3930 1826 3984 remitte.
1859 3929 1979 3983 Non
2015 3929 2166 3985 enim
2207 3929 2312 3983 ali-

739 4029 826 4074 ter
863 4019 980 4074 ﬂeri
1005 4019 1232 4090 poterit,
1279 4025 1341 4074 ut
1372 4019 1458 4074 vel
1501 4034 1624 4073 cum
1655 4019 1786 4082 Deo,
1819 4018 1903 4072 vel
1929 4033 2056 4072 cum
2089 4018 2196 4073 illis
2217 4033 2313 4088 pa-

737 4125 858 4167 cem
887 4110 1112 4174 habeas,
1149 4111 1479 4180 quibuscum
1516 4110 1642 4164 vitae
1665 4109 1986 4164 societatem
2020 4109 2235 4163 inieris.

815 4199 905 4253 59.
957 4199 1058 4254 Cui
1102 4197 1402 4269 perfectam
1452 4197 1696 4254 nancisci
1749 4197 2073 4252 charitatem
2123 4198 2312 4262 licuit,

743 4305 1047 4359 omnesque
1070 4291 1197 4346 vita:
1232 4305 1346 4346 sua:
1375 4289 1617 4345 rationes
1637 4289 1706 4344 ad
1732 4305 1852 4345 eam
1879 4290 2206 4360 composuit,
2225 4289 2316 4344 hic

741 4381 934 4452 utique
981 4381 1271 4437 Dominum
1300 4381 1487 4436 Jesum
1528 4382 1584 4436 in
1619 4379 1831 4450 Spiritu
1854 4388 2046 4435 sancto
2083 4379 2220 4434 dicit
2247 4379 2312 4444 “;

741 4471 1097 4540 vicissimque
1128 4470 1427 4524 contraria.

811 4561 900 4615 40.
941 4561 1071 4626 Qua:
1109 4560 1164 4614 in
1195 4561 1366 4614 Deum
1400 4559 1644 4613 charitas
1679 4566 1782 4622 est,
1824 4556 1893 4611 ad
1924 4556 2110 4611 divina
2139 4557 2313 4612 collo-

742 4651 871 4720 quia
913 4652 1206 4705 sublimem
1239 4665 1508 4720 propense
1558 4665 1778 4719 semper
1827 4651 2070 4703 animum
2132 4650 2310 4704 levat:

742 4756 866 4810 quae
889 4753 1070 4796 autem
1103 4741 1171 4794 ad
1214 4740 1526 4812 proximum
1566 4748 1672 4804 est,
1705 4739 1846 4794 bene
1879 4753 2095 4810 semper
2124 4738 2192 4793 de
2220 4739 2322 4796 illo

744 4832 878 4888 facit
911 4833 1177 4903 cogitare.

817 4996 838 5029 ⁸
872 4994 1061 5050 Matth.
1097 5010 1246 5060 svm,
1280 4994 1366 5050 15.

820 5137 952 5205 (e-n)
981 5135 1197 5207 Kalph
1220 5135 1615 5206 παραλογίζου
1653 5137 1906 5207 ταύτην.
1957 5135 2146 5202 Quasi,
2199 5139 2314 5207 ejus

749 5209 978 5261 rationes
1017 5205 1197 5274 fallas.
1243 5205 1380 5260 Nota
1425 5207 1576 5261 vocis
1620 5205 1946 5276 significatio
1978 5222 2044 5260 ex
2075 5205 2232 5276 Budﬁ
2261 5216 2318 5261 et

749 5276 894 5337 aliis,
925 5286 1322 5346 auctorumque
1364 5276 1635 5345 frequenti
1680 5275 1808 5346 usu,
1844 5275 1898 5346 in
1926 5276 2006 5346 piis
2037 5277 2131 5346 qui
2167 5275 2319 5331 falsis

750 5345 1240 5415 supputationibus
1261 5361 1326 5400 ac
1363 5346 1690 5410 rationibus,
1732 5345 1942 5413 aliquid
1980 5345 2315 5410 subducere,

751 5424 813 5469 ut
835 5416 889 5468 in
911 5415 1290 5484 vectigalibus.
1312 5431 1374 5470 ac
1392 5415 1686 5479 similibus,
1711 5422 1982 5484 satagunt.
2008 5415 2156 5470 Nihil
2180 5415 2320 5470 bene

748 5485 953 5553 Obsop.
983 5491 1042 5538 et
1066 5483 1238 5539 ’Gc‘sn.
1270 5484 1337 5538 Et
1366 5501 1428 5538 ne
1465 5494 1769 5538 contemnas
1794 5483 1965 5538 illam.
2019 5485 2134 5538 Etsi
2167 5486 2315 5539 enim

752 5555 844 5609 hic
865 5555 1217 5610 conscientia:
1235 5565 1578 5623 contemptus
1596 5563 1700 5617 est,
1725 5563 1781 5608 at
1799 5554 2179 5622 explicandum
2193 5569 2316 5608 cum

754 5623 1008 5694 Maximo,
1033 5626 1089 5678 in
1113 5639 1352 5694 quonam
1367 5636 1462 5694 est
1485 5631 1871 5693 contemptus;
1911 5624 1964 5676 in
1991 5638 2056 5694 eo
2083 5623 2316 5694 scilicet,

755 5693 902 5761 quod
955 5697 1080 5762 quis
1132 5692 1287 5762 putet
1333 5693 1437 5747 sibi
1491 5692 1820 5756 consultum,
1871 5703 1932 5747 ut
1971 5693 2120 5757 illius
2166 5692 2320 5747 fallat

757 5761 1020 5830 rationes,
1087 5761 1243 5833 quasi
1290 5763 1374 5819 vel
1427 5761 1636 5818 nesciat
1668 5780 1789 5834 qua:
1829 5764 1967 5818 mala
2017 5764 2154 5818 fiunt
2223 5772 2318 5816 aut

2407 3329 2537 3378 ταις
2587 3311 2718 3378 ταῖς
2765 3312 2951 3366 δυσίν
2997 3311 3273 3379 ἐντολαῖς
3307 3315 3342 3367 ὀ
3377 3312 3560 3380 νόμος
3604 3311 3749 3376 ὅλος
3803 3311 3900 3364 καὶ
3933 3312 3993 3363 οι

2390 3399 2707 3473 ’.προφῆται
2734 3406 3072 3474 κρέμανται.

2482 3495 2581 3560 λζ’.
2621 3497 2712 3567 Μὴ
2769 3497 2862 3549 ldo
2899 3495 3256 3566 αὑτάρεσκος.
3290 3494 3384 3547 καὶ
3427 3495 3527 3547 οὐκ
3575 3494 3674 3564 ἔσῃ
3726 3493 3994 3562 μισάδελ-

2412 3602 2541 3657 φος’
2573 3587 2667 3640 καὶ
2700 3585 2778 3657 μὴ
2807 3585 2897 3640 Eoo
2924 3585 3199 3657 φίλαυτος,
3223 3587 3320 3638 καὶ⁵
3347 3585 3447 3658 Ean
3481 3585 3746 3653 φιλόθεος.

2481 3751 2583 3826 λη’.
2623 3754 3018 3823 Πνευματικοῖς
3043 3752 3280 3820 συζῆσαι
3302 3750 3702 3824 προῃρημένος,
3736 3751 3852 3811 τοῖς
3882 3753 3996 3811 σοῖς

2413 3849 2714 3920 θελήμασιν
2757 3847 2867 3901 ἀπὸ
2900 3847 3078 3918 θυρῶν
3113 3846 3413 3913 ἀπόταξαιο
3455 3847 3516 3898 οὺ
3565 3846 3640 3917 μὴ
3667 3847 3776 3917 γὰρ
3820 3845 3997 3917 ἑτέρῳ

2411 3941 2602 4012 τρόπῳ
2629 3937 2944 4010 είρηνεύσαι
2975 3938 3200 4012 δυνήσῃ,
3224 3936 3348 3991 οὔτε
3378 3937 3513 4008 πρὸς
3558 3937 3650 3990 τὸν
3677 3936 3839 4001 Θεὸν,
3871 3937 3996 3990 οὗτε

2415 4032 2551 4104 πρὸς
2578 4031 2704 4094 τοὺς
2734 4029 3029 4095 συζῶντας.

2481 4205 2584 4260 λθ’.
2635 4205 2696 4258 '0
2724 4204 2938 4259 τελείαν
2984 4205 3206 4276 ἀγάπην
3253 4203 3552 4273 κτήσασθαι
3599 4202 3876 4267 δυνηθεὶς,
3906 4205 3997 4256 καὶ

2414 4295 2533 4351 ὅλον
2585 4293 2676 4348 τὸν
2716 4293 2828 4364 βίον
2858 4292 3025 4347 αὑτοῦ
3046 4333 3063 4359 ,
3104 4293 3242 4364 πρὸς
3265 4293 3466 4361 ταύτην
3495 4291 3792 4362 ρυθμίσας,
3833 4288 3993 4353 οὗτος

2414 4386 2561 4455 λέγει
2599 4384 2802 4456 Κύριον
2847 4383 3054 4454 Ἰησοῦν
3087 4385 3146 4436 ὲν
3167 4383 3621 4455 Πνεύματιάγίῳ.
3658 4384 3768 4436 Καὶ
3801 4385 3870 4435 ὲκ
3902 4383 3994 4434 τοῦ

2346 4505 2390 4562 D
2419 4476 2682 4541 ὲναντίου,
2712 4476 2782 4529 τά
2807 4475 3023 4528 ἐναντία
3050 4474 3311 4544 δηλονότι.

2491 4573 2563 4637 μ’.
2614 4566 2680 4618 Ἦ
2713 4565 2814 4636 μὲν
2855 4566 2935 4629 είς
2983 4564 3116 4617 Θεὸν
3147 4564 3356 4634 ἀγάπη,
3411 4565 3491 4627 είς
3531 4563 3631 4633 τὴν
3667 4563 3823 4617 θείαν
3875 4569 3996 4634 όμιο

2419 4657 2536 4710 λίαν
2570 4658 2658 4710 ἀεὶ
2685 4655 2830 4724 φιλεῖ
2865 4654 3144 4725 πτερῶσαι
3170 4654 3261 4706 τὸν
3293 4652 3449 4709 νοῦν·
3483 4656 3516 4724 ή
3539 4655 3596 4707 δὲ
3625 4655 3705 4718 εἰς
3730 4655 3826 4708 τὸν
3859 4658 3997 4725 πλη-

2422 4749 2558 4814 σίον,
2596 4750 2686 4802 ἀεὶ
2705 4747 2848 4802 καλά
2870 4745 3178 4815 λογίζεσθαι
3205 4745 3337 4817 περὶ
3362 4744 3526 4799 αὑτοῦ
3559 4746 3996 4817 παρασκευάζει.

1446 4995 1488 5026 ³⁸
1515 4993 1706 5050 Matth.
1735 5010 1810 5062 vi,
1840 4994 1925 5050 ιι.
2002 4995 2046 5029 ⁸⁸
2073 4996 2265 5053 Matth.
2299 5013 2430 5065 xm,
2458 4997 2547 5054 ιο.
2625 4998 2667 5030 "
2696 4997 2717 5053 l
2741 4995 2868 5054 Cor.
2892 5012 2986 5062 xu,
3011 4994 3066 5050 3.

2415 5140 2568 5194 velut
2596 5135 3026 5213 praevaricatrix,
3063 5149 3186 5213 quae
3222 5132 3440 5213 noverit
3468 5131 3799 5213 possi'tnnon
3834 5147 3996 5213 accu-

2416 5225 2557 5264 sare.
2597 5200 2759 5274 'Quod
2779 5215 2918 5280 erat,
2962 5200 3020 5258 ἐν
3060 5200 3138 5274 τῷ
3179 5202 3406 5280 κρυπτῷ
3435 5200 3545 5280 τῆς,
3573 5200 3785 5263 ἐξόδου,
3833 5202 3999 5255 deco-

2419 5287 2707 5349 quumque
2733 5276 2827 5349 qui
2867 5290 3054 5349 supra,
3086 5276 3398 5349 necessario
3437 5278 3706 5349 mutatum
3749 5286 3987 5349 “unus.

2419 5340 2476 5402 εν
2511 5347 2589 5417 τῷ
2619 5340 2839 5417 ἀαιρᾦ.
2872 5340 2964 5417 -υὶ
3006 5359 3122 5417 vox_
3156 5341 3385 5417 κρυπτῴ
3428 5340 3739 5417 retinenda,
3791 5341 3992 5417 dixisse

2421 5409 2704 5472 debuisset
2740 5409 3035 5476 Maximus,
3063 5413 3160 5481 τῆς
3185 5409 3444 5481 διανοίας.
3481 5410 3580 5481 vel
3607 5409 3741 5478 quid
3788 5410 3988 5481 simile,

2423 5487 2513 5541 cui
2544 5486 2739 5540 merito
2770 5485 3044 5554 quadrare
3093 5478 3294 5554 potest.
3324 5479 3435 5545 Τῆς
3473 5478 3675 5542 ἐξόδου,
3712 5480 3907 5546 potius
3937 5481 3992 5529 τὸ

2425 5557 2616 5626 ἀδηλον
2646 5563 2730 5610 est
2744 5572 2771 5626 _:
2790 5551 3020 5626 'Inccrta
3052 5551 3232 5626 mortis
3260 5551 3389 5626 hora
3419 5557 3861 5616 atqueexcessus;
3885 5563 3987 5600 non

2425 5620 2678 5682 occultus
2705 5623 2832 5678 vitae
2861 5623 3066 5685 exitus,
3095 5620 3194 5678 sed
3225 5620 3384 5677 valde
3410 5628 3596 5685 notus,
3623 5633 3792 5688 quem
3828 5631 3988 5672 nemo

2423 5711 2537 5752 non
2564 5695 2673 5751 sibi
2703 5693 2907 5750 instare
2932 5691 3088 5748 sciat.
