4208 6436
789 384 923 451 105⁸)

1967 389 2026 447 S.
2068 384 2351 446 MAXIMI
2390 383 2894 447 CONFESSORIS

3876 387 4016 452 1060

784 499 1014 567 reliqua.
1046 494 1122 550 Ac
1147 495 1369 565 quidem
1401 495 1685 550 mulierem
1721 497 1844 565 quis
1864 507 2215 551 contemnere
2240 510 2341 566 po-
2372 502 2416 554 Δ

2372 502 2416 554 Α
2446 497 2553 549 Καὶ
2584 497 2681 570 τῇς
2710 498 2807 567 μὲν
2830 495 3105 564 γυναικὸς,
3136 496 3255 549 τότε
3276 495 3499 550 δύναταί
3527 514 3607 560 τις
3644 501 4012 572 περιφρονεῖν,

785 593 934 655 terit,
966 606 1089 645 cum
1127 600 1183 645 et
1229 599 1352 658 post
1396 591 1761 645 secessionem
1792 583 2029 660 vitaque
2083 590 2343 645 solitariae
2440 590 2447 638 ἑ

2440 588 2526 641 ὅτε
2568 587 2662 640 καὶ
2694 588 2832 656 μετά
2853 587 2949 656 τὴν
2978 586 3341 659 ἀναχώρησιν,
3363 589 3455 640 καὶ
3480 588 3538 640 τὸ
3575 588 3731 657 σῶμα
3749 590 3823 652 ὡς
3843 590 3923 642 δεῖ
3942 586 4014 643 δι’

783 692 997 752 captata
1017 682 1251 745 silentia,
1279 682 1443 735 etiam
1476 696 1695 751 corpus,
1730 690 1789 735 ut
1813 698 1911 751 par
1939 693 2042 746 est,
2077 698 2178 751 per
2208 697 2341 736 con-

789 774 1073 827 tinentiam
1106 772 1478 841 severiorique
1530 772 1824 841 disciplina
1859 783 2101 827 macerat
2129 791 2141 824 :
2176 788 2345 841 pecu-

785 865 904 918 nias
933 878 1086 925 vero,
1131 878 1255 917 cum
1291 862 1566 917 induxerit
1594 864 1835 917 animum
1879 874 1941 919 ut
1990 864 2044 917 in
2088 861 2344 918 omnibus

785 962 1077 1008 contentus
1126 953 1197 1007 sit
1254 968 1319 1007 eo
1350 953 1495 1022 quod
1531 954 1762 1009 suﬂiciat
1791 973 1804 1008 :
1838 957 2077 1023 itemque
2116 954 2343 1024 gloriam

784 1061 909 1099 cum
947 1046 1002 1099 in
1044 1045 1258 1099 occulto
1290 1044 1469 1099 libens
1498 1045 1766 1098 virtutum
1802 1059 1966 1112 opera
1998 1044 2250 1115 gesserit,
2281 1059 2345 1098 ac

785 1137 889 1190 sub
916 1137 1027 1190 Deo
1059 1135 1175 1189 solo
1225 1144 1381 1198 teste,
1433 1135 1776 1204 perindeque
1812 1135 1868 1188 in
1903 1134 2046 1189 aliis.
2103 1134 2207 1201 Qui
2241 1151 2343 1189 au~

786 1236 896 1281 tem
937 1228 1051 1281 hac
1071 1227 1393 1288 contemnit,
1428 1226 1476 1279 is
1504 1227 1779 1281 neminem
1811 1242 2051 1296 unquam
2080 1227 2208 1281 odio
2243 1226 2342 1280 ha-

786 1318 988 1373 buerit.

856 1410 943 1464 5!).
979 1410 1082 1475 Qui
1114 1410 1278 1464 rebus
1325 1409 1581 1463 nuntium
1631 1409 1876 1475 remisit,
1912 1424 2109 1477 nempe
2136 1407 2293 1462 uxori
2326 1448 2340 1472 ,

785 1503 1035 1574 pecuniis
1060 1518 1123 1556 ac
1150 1501 1391 1570 reliquis,
1423 1516 1571 1565 eum,
1591 1501 1691 1570 qui
1726 1500 1859 1554 foris
1886 1508 1990 1565 est,
2017 1500 2294 1553 hominem
2324 1540 2338 1562 ,

785 1594 1110 1648 monachum
1160 1592 1287 1646 fecit
1323 1610 1335 1645 :
1371 1592 1610 1645 nondum
1661 1609 1791 1646 vero
1825 1593 2026 1656 etiam,
2058 1606 2209 1654 eum,
2245 1590 2341 1660 qui

784 1694 868 1738 est
898 1686 1065 1739 intus.
1096 1683 1199 1749 Qui
1234 1692 1412 1736 autem
1452 1684 1663 1736 vitiosis
1701 1698 1765 1735 ac
1799 1681 2115 1735 libidinosis
2147 1681 2343 1734 horum

786 1774 1132 1845 cogitatihus,
1170 1775 1344 1843 ipsum
1379 1772 1473 1841 qui
1525 1783 1608 1827 est
1639 1773 1810 1838 intus,
1859 1774 1915 1827 id
1943 1781 2048 1837 est,
2076 1780 2338 1827 mentem.

2442 680 2765 750 ἀγκρατείας
2807 681 3092 751 μαραίνει·
3121 679 3230 733 τῶν
3256 680 3311 733 δὲ
3336 680 3653 751 χρημάτων,
3690 683 3780 734 ὅτε
3815 682 4000 738 milia

2440 771 2531 823 τὸν
2556 770 2810 842 λογισμὸν
2854 772 2911 823 ἐν
2953 770 3115 823 παντὶ
3140 773 3206 841 τῇ
3232 766 3534 841 αὐταρκείᾲ
3566 771 3848 841 σωιχῆσαι
3873 788 3886 800 ·
3908 776 4011 841 τῆς

2440 861 2496 915 δὶ
2537 862 2715 931 δόξης,
2745 862 2834 914 ὅτε
2866 861 2966 932 τὴν
3009 863 3254 932 κρυπτὴν
3324 863 3601 932 ἀγαπήσει
3640 862 3748 915 τῶν
3797 862 4014 933 ἀρετῶν

2442 953 2724 1023 ἐργασίαν,
2765 952 2859 1006 καὶ
2891 951 3009 1022 Θεῷ
3054 954 3386 1024 φαινομένην
3430 953 3600 1023 μόνῳ·
3636 955 3733 1006 καὶ
3770 954 3865 1006 ἐπὶ
3897 955 4013 1007 τῶν

2443 1043 2615 1097 ἄλλων
2653 1042 2914 1106 ὡσαύτως
2934 1059 2947 1073 ⁸
2986 1044 3015 1095 6
3046 1043 3104 1096 δὲ
3134 1044 3340 1097 τούτων
3373 1043 3737 1115 περιφρονῶν,
3764 1043 3886 1097 οὐδὲ
3926 1045 4013 1106 εἰς

2445 1137 2598 1205 μῖσός
2629 1151 2773 1198 τινος
2799 1134 3013 1206 ἔρχεταί
3053 1150 3182 1187 ποτε

2517 1432 2578 1481 ν’.
2634 1426 2692 1477 '0
2722 1424 2820 1494 μὲν
2839 1425 2951 1487 τοῖς
2973 1422 3291 1494 πράγμασιν
3338 1421 3767 1492 ἀποταξάμενος,
3796 1418 3909 1475 οἷον
3935 1425 4007 1493 τῇ

2444 1520 2663 1585 γυναικὶ
2711 1520 2807 1569 κα)⁸
2847 1519 2959 1578 τοῖς
3006 1516 3272 1585 χρήμασι,
3315 1516 3411 1567 καὶ
3449 1518 3560 1577 τοῖς
3596 1512 3743 1583 ἑξῆς,
3779 1514 3872 1567 τὸν
3899 1514 4010 1579 ἔξω

2444 1610 2726 1679 ἄνθρωπον
2756 1608 2977 1678 ἐποίησε
3020 1606 3276 1677 μοναχόν·
3308 1605 3462 1659 οὔπω
3518 1605 3576 1659 δὲ
3607 1608 3698 1659 καὶ
3741 1608 3834 1658 τὸν
3874 1604 4006 1659 ἔσω.

2457 1699 2514 1751 '0
2556 1699 2613 1751 δὲ
2659 1702 2768 1761 τοῖς
2796 1699 2999 1751 τούτων
3048 1698 3318 1767 ἑμπαθὲσι
3362 1698 3613 1767 νοήμασι,
3647 1696 3740 1748 τὸν
3773 1696 3885 1747 ἔσω
3911 1695 4010 1748 ἀν-

2447 1789 2680 1860 θρωπον,
2722 1791 2749 1842 6
2787 1791 2935 1842 ἐστιν
2960 1791 2988 1842 6
3017 1787 3162 1851 νοῦς.
3192 1789 3297 1840 Καὶ
3314 1789 3404 1840 τὸν
3442 1788 3540 1857 μὲν
3565 1786 3669 1851 ἔξω
3692 1787 4002 1856 ἄνθρωπον,

783 1866 860 1918 Ac
890 1864 1110 1933 quidem
1146 1864 1471 1918 exteriorem
1500 1864 1777 1917 hominem
1823 1864 1977 1918 facile
2002 1864 2125 1933 quis
2149 1879 2338 1918 mona-
2377 1857 2413 1909 Β

2377 1857 2413 1909 Β
2445 1857 2679 1943 εθκόλως
2707 1898 2790 1943 τις
2822 1882 2963 1933 ποιεῖ
3019 1878 3271 1948 μοναχὸν,
3309 1878 3467 1948 μόνον
3509 1877 3605 1930 ἐὰν
3636 1877 3873 1947 θελήσῃο
3902 1877 4006 1931 οὐκ

790 1956 955 2009 chum
1009 1955 1159 2018 facit,
1203 1955 1331 2008 dum
1365 1956 1540 2009 solum
1574 1955 1843 2021 voluerit;
1883 1964 1966 2009 ut'
1984 1966 2165 2010 autem
2197 1955 2327 2009 inte-

792 2044 989 2099 riorem
1021 2044 1347 2098 monachum
1378 2043 1563 2107 facias,
1590 2059 1675 2098 res
1712 2043 1883 2097 ardua
1910 2053 1994 2097 est
2012 2050 2068 2097 et
2093 2044 2149 2097 in
2174 2059 2336 2112 quam

788 2136 959 2188 multo
989 2145 1184 2188 conatu
1220 2134 1466 2188 enitaris.

857 2225 944 2278 51.
978 2223 1108 2289 Quis
1144 2238 1272 2293 ergo
1310 2224 1365 2275 in
1396 2224 1497 2278 hac
1525 2232 1681 2279 aetate
1716 2230 1822 2287 est,
1849 2224 1942 2293 qui
1970 2239 2000 2277 a
2024 2223 2338 2277 libidinosis

793 2330 857 2369 ac
886 2314 1098 2367 vitiosis
1131 2314 1553 2382 cogitationibus
1582 2330 1808 2383 prorsus
1832 2313 2097 2369 liberatus
2127 2314 2217 2377 sit,
2241 2330 2341 2383 pu-

793 2420 1017 2474 ramque
1049 2404 1194 2457 illam
1238 2420 1337 2459 nec
1380 2404 1534 2475 551
1565 2406 1762 2459 terreni
1795 2405 2092 2473 quidquam
2132 2405 2339 2459 haben-

793 2506 899 2551 tem
946 2504 1137 2550 nactus
1187 2496 1489 2549 orationem
1524 2514 1536 2549 :
1570 2497 1715 2565 quod
1768 2496 2046 2551 interioris
2087 2495 2337 2551 monachi

786 2590 1000 2661 signum
1023 2589 1275 2643 exsistit?

855 2682 943 2736 52.
977 2681 1131 2735 Multi
1158 2681 1388 2735 aﬂ'cctus
1414 2697 1475 2735 ac
1504 2681 1637 2735 vitia
1666 2684 1719 2735 in
1748 2681 1947 2735 animis
1976 2682 2180 2735 nostris
2210 2682 2332 2736 lati-

787 2781 922 2837 tant,
950 2781 1187 2843 tuncque
1228 2774 1556 2842 produntur,
1588 2789 1711 2828 cum
1737 2789 1827 2828 res
1857 2782 2153 2843 prmseutes
2174 2775 2333 2829 exsti-

789 2866 958 2920 terint
982 2881 1045 2919 ae
1073 2866 1422 2919 emerserint.

852 2960 939 3013 55.
964 2959 1150 3013 Potest
1184 2958 1325 3027 quis,
1358 2967 1493 3021 tum,
1527 2974 1649 3012 cum
1686 2974 1772 3013 res
1821 2959 2040 3024 absunt,
2085 2976 2195 3013 non
2224 2974 2340 3013 mo-

782 3050 896 3104 veri
933 3049 1220 3103 affectibus
1258 3065 1518 3104 eorumve
1554 3034 1663 3119 pati
1709 3050 2056 3116 molestiam;
2104 3068 2227 3120 qua:
2254 3060 2338 3106 est

2443 1972 2621 2041 ὀλίγος
2651 1972 2707 2025 δὲ
2731 1970 2899 2041 ἀγὼν,
2934 1972 3024 2025 τὸν
3049 1972 3155 2024 ἔσω
3188 1971 3473 2042 ἄνθρωπον
3493 1970 3714 2038 ποιῆσαι
3749 1969 4004 2038 μαναχόν.

2510 2237 2610 2285 να’.
2652 2232 2747 2295 Τίς
2782 2232 2890 2301 ἀρα
2917 2230 3061 2283 ἐστὶν
3090 2230 3148 2283 ὲν
3167 2232 3232 2299 τῇ
3261 2231 3423 2301 γενεᾷ
3445 2229 3637 2300 ταῦτῃ,
3660 2231 3689 2281 6
3720 2228 4011 2281 παντάπα·

2446 2334 2528 2370 σιν
2555 2318 2887 2385 ἀπαλλαγεὶς
2925 2317 3187 2387 ἑμπαθῶν
3214 2318 3520 2386 νοημάτων,
3566 2316 3661 2369 καὶ
3700 2316 3803 2385 τῆς
3832 2314 4009 2367 καθα,

2447 2411 2546 2480 ρᾶς
2597 2411 2690 2464 καὶ
2734 2410 2899 2463 ἀΰλου
2942 2408 3297 2472 καταξιωθεὶς
3337 2408 3684 2479 προσευχῆςζ
3710 2408 3850 2475 ὅπερ
3886 2405 4010 2458 ἐστὶ

2446 2505 2673 2572 σημεῖον
2697 2501 2790 2555 τοῦ
2820 2501 2967 2555 ἔνδον
2995 2499 3225 2571 μοναχοῦ
3252 2517 3267 2566 ;

2511 2673 2611 2743 νβ’.
2651 2675 2828 2728 Πολλά
2878 2674 3024 2744 πάθη
3069 2675 3127 2727 ὲν
3174 2675 3295 2736 ταῖς
3340 2671 3538 2742 ψυχαῖς
3592 2670 3747 2742 ήμῶν
3802 2668 4011 2740 κέκρυ-

2444 2782 2574 2819 πται
2606 2763 2715 2836 (40)
2736 2780 2750 2795 ·
2776 2766 2896 2818 τότε
2947 2764 3002 2816 δὲ
3057 2762 3386 2832 ἐλέγχονται,
3419 2763 3547 2815 ὅταν
3589 2761 3657 2813 τά
3703 2761 4008 2831 πράγματα

2443 2855 2836 2923 ἀναφαίνωντα.

2513 2953 2610 3015 νγ’.
2652 2945 2881 2999 Δύναταί
2914 2962 2996 3008 τις
3031 2945 3106 3015 μὴ
3136 2944 3408 3015 ὀχλεῖσθαι
3442 2943 3546 2997 ὑπὸ
3602 2943 3795 2997 παθῶν
3839 2944 3898 2996 ὲν
3932 2946 4006 3015 τῇ

2440 3037 2547 3089 τῶν
2575 3036 2913 3107 πραγμάτων
2934 3036 3190 3107 ἀπουσίᾳ,
3229 3038 3460 3106 μερικῆς
3488 3035 3664 3105 τυχὼν
3693 3035 3967 3098 ἀπαθείας
3988 3052 4005 3065 ·

781 3156 909 3211 pars
929 3140 1172 3209 quaedam
1205 3139 1726 3209 imperturbationis,
1760 3142 2035 3210 animique
2069 3143 2336 3211 tranquil-
2363 3180 2405 3237 ο

2363 3180 2405 3237 C
2443 3128 2539 3181 ιάν
2570 3128 2626 3181 δὲ
2658 3127 2973 3192 ἀναφανῶσι
2998 3128 3066 3181 τά
3095 3128 3415 3198 πράγματα,
3453 3127 3612 3190 εὐθὺς
3639 3127 3709 3180 τά
3736 3127 3886 3196 πάθη
3907 3127 4008 3179 τὸν

781 3233 937 3287 lions
968 3238 1144 3285 status
1207 3231 1323 3300 (τῆς
1376 3231 1660 3300 ἀπαθείας)
1708 3248 1833 3286 mox
1889 3242 2070 3287 autem
2118 3248 2183 3288 ac
2231 3218 2443 3288 illzeu‘

1269 3232 1323 3300 ἧς
1376 3231 1660 3300 ἀπαθείας)
1708 3248 1833 3286 mox
1889 3242 2070 3287 autem
2118 3248 2183 3288 ac
2231 3218 2405 3288 illzeu
2441 3219 2567 3273 νοῦν
2601 3218 2931 3290 περισπῶσι·

780 3323 1128 3384 emerserint,
1173 3323 1433 3377 continuo
1467 3323 1695 3377 allectus
1718 3339 1781 3378 ac
1806 3325 2065 3380 libidines
2093 3326 2333 3380 animum

779 3415 1109 3469 distrahunt.

848 3510 934 3563 54.
976 3509 1053 3562 Ne
1084 3517 1133 3562 te
1166 3508 1459 3577 perfectam
1490 3508 1758 3579 ejusmodi
1790 3509 2335 3578 imperturbationem

776 3609 995 3655 nactum
1018 3608 1195 3668 putes,
1235 3599 1476 3669 quandiu
1498 3615 1585 3653 res
1634 3599 1808 3655 abest.
1850 3598 1984 3654 Cum
2017 3608 2197 3654 autem
2242 3601 2335 3656 illa

777 3691 1060 3743 emerserit
1086 3730 1100 3753 ,
1147 3704 1210 3743 ac
1242 3705 1369 3759 erga
1422 3704 1536 3743 rem
1569 3691 1797 3760 ejusque
1836 3689 2096 3759 deinceps
2122 3706 2332 3745 memo-

779 3780 916 3833 riam
968 3779 1224 3832 immotus
1268 3779 1566 3843 manseris,
1604 3787 1736 3834 tunc
1768 3780 1909 3833 scias
1941 3780 2059 3849 ejus
2092 3789 2142 3833 te
2195 3779 2333 3835 ﬁnes

777 3869 1081 3938 ingressum
1111 3884 1251 3923 esse.
1283 3869 1486 3922 Verum
1509 3884 1611 3922 nec
1635 3869 1712 3924 sic
1737 3868 1957 3937 quidem
1992 3878 2333 3938 contempse-

776 3959 852 4013 ris
888 3978 899 4011 :
932 3975 1054 4013 nam
1082 3960 1225 4013 sicut
1256 3959 1432 4013 virtus
1469 3960 1564 4013 diu
1596 3974 1815 4014 morans
1841 3960 2069 4013 allectus
2093 3960 2332 4029 vitiaque

773 4050 1098 4119 exstinguit;
1150 4050 1231 4103 sic
1268 4064 1459 4103 rursus
1490 4050 1766 4119 neglecta,
1829 4049 1923 4103 illa
1951 4051 2249 4105 exsuscitat
2276 4059 2332 4105 et

772 4150 833 4195 ut
854 4141 1035 4195 denuo
1052 4143 1286 4211 vigeant,
1316 4140 1464 4196 iacit.

842 4232 929 4286 55.
982 4231 1084 4297 Qui
1126 4230 1404 4285 Christum
1432 4231 1632 4300 diligit,
1670 4231 1893 4286 omnino
1928 4231 2089 4287 etiam
2117 4248 2217 4302 pro
2245 4234 2328 4287 vi-

769 4323 857 4376 rili
882 4337 1005 4376 eum
1035 4322 1297 4375 imitatur.
1331 4320 1401 4376 Ut
1431 4323 1533 4375 sub
1556 4324 1804 4390 exemplo
1833 4324 2045 4392 loquar,
2070 4325 2187 4378 Non
2213 4341 2330 4379 ces-

770 4414 907 4467 savit
934 4412 1214 4467 beneﬁciis
1244 4413 1494 4465 homines
1524 4412 1797 4466 demereri
1837 4431 1850 4466 :
1897 4429 1960 4467 ac
1994 4429 2116 4468 cum
2148 4416 2328 4485 ingra-

2504 3507 2594 3559 v6'.
2637 3506 2729 3576 Μὴ
2759 3502 2947 3574 νόμιζε
2979 3504 3191 3559 τελείαν
3218 3504 3362 3574 ἔχειν
3386 3503 3677 3568 ἀπάθειαν,
3699 3501 3798 3556 τοῦ
3823 3506 4008 3575 πρατ-

2437 3613 2603 3665 ματος
2643 3595 2716 3666 μὴ
2771 3596 3057 3666 παρόντος.
3090 3595 3260 3649 Ὅταν
3290 3594 3346 3647 δὲ
3369 3595 3532 3664 φανῇ,
3558 3594 3652 3647 καὶ
3680 3592 3851 3663 μένεις
3877 3592 4007 3645 dxi-

2432 3703 2610 3754 νητος,
2642 3686 2778 3757 πρός
2809 3702 2868 3737 τε
2891 3684 2951 3737 τὸ
2982 3686 3234 3755 πρᾶγμα,
3264 3686 3356 3737 καὶ
3374 3685 3472 3753 τήν
3501 3682 3637 3753 μετά
3656 3682 3831 3735 ταῦτα
3864 3684 4007 3751 μνή-

2433 3796 2540 3849 μην
2597 3778 2784 3843 αὑτοῦ,
2838 3779 2957 3831 τότε
3000 3778 3169 3846 γνῶθι
3218 3779 3451 3832 ’σεαυτὸν
3482 3778 3590 3831 τῶν
3631 3780 3773 3848 ὅρων
3824 3778 4005 3848 αὐτῆς

2427 3870 2831 3939 ἑπιϐεόηκέναι.
2864 3870 3007 3941 Πλὴν
3039 3868 3173 3941 μηδὲ
3222 3868 3364 3923 οὕτω
3392 3871 3830 3944 καταφρονήσῃς,
3862 3870 4006 3923 διότι

2428 3961 2596 4031 ἀρετὴ
2633 3962 2728 4029 μὲν
2756 3959 3098 4030 χρονίζουσα,
3126 3961 3400 4032 νεκροῖτά
3437 3962 3611 4033 πάθη·
3643 3962 4003 4033 ἀμελουμένη

2427 4050 2505 4116 δὲ,
2539 4050 2703 4103 πάλιν
2730 4051 2933 4121 ἐγείρει
2965 4053 3121 4107 αὐτά.

2498 4239 2591 4286 νε’.
2645 4233 2702 4286 '0
2734 4233 2965 4301 ἀγαπῶν
3012 4232 3103 4285 τὸν
3154 4234 3386 4302 Χριστὸν
3418 4234 3554 4305 (41),
3623 4235 3850 4299 πάντως
3905 4237 4002 4290 καὶ

2430 4324 2677 4391 μιμεῖται
2707 4322 2867 4374 αὑτὸν
2904 4321 3044 4375 κατά
3083 4320 3330 4392 δύναμιν.
3365 4318 3509 4387 Οἴον,
3540 4324 3569 4375 ό
3593 4324 3833 4394 Χριστὸς
3873 4328 4004 4389 τοὺς

2427 4411 2743 4484 ἀνθρώπους
2764 4413 3063 4483 εὐεργετῶν
3086 4412 3186 4466 οὐκ
3209 4414 3483 4467 ἐπαύσατο
3502 4431 3515 4444 ⁸
3542 4415 3636 4467 καὶ
3659 4416 4001 4485 ἀχαριστούο

768 4511 855 4557 tos
898 4503 1086 4565 ferret,
1131 4518 1194 4556 ac
1244 4502 1337 4570 qui
1371 4502 1473 4570 ipsi
1520 4502 1895 4567 detraherent,
1942 4504 2327 4573 longanimiter
2357 4511 2403 4569 D

2357 4511 2403 4569 D
2430 4520 2587 4573 μενος
2628 4503 2722 4557 καὶ
2773 4503 3275 4574 βλασφημούμενος,
3327 4505 3733 4574 ὲμακροθύμει’
3772 4511 3870 4559 καὶ
3909 4525 4001 4561 τυ·-

768 4592 1035 4657 tolerabat
1062 4609 1075 4644 :
1109 4606 1342 4659 cumque
1375 4592 1677 4645 mederetur
1703 4592 1771 4645 ab
1804 4593 1884 4645 eis
1906 4608 1969 4646 ac
1999 4594 2119 4647 neci
2148 4594 2329 4649 trade-

768 4692 940 4743 retur,
976 4682 1304 4757 sustinebat,
1354 4681 1493 4735 nulli
1537 4696 1763 4750 prorsus
1816 4684 2019 4737 malum
2046 4692 2324 4752 reputans.

764 4772 902 4825 Sunt
934 4781 1114 4825 autem
1145 4772 1260 4825 haec
1283 4772 1406 4834 tria,
1434 4772 1551 4840 ejus
1572 4787 1735 4841 opera
1759 4772 2063 4836 charitatis,
2089 4790 2215 4843 quae
2238 4791 2326 4829 re-

762 4863 922 4930 Spicit
945 4862 1273 4930 proximum,
1308 4862 1423 4915 sine
1450 4862 1651 4929 quibus
1678 4864 1770 4931 qui
1800 4864 1933 4917 dicit
1962 4878 2019 4918 se
2040 4864 2321 4919 Christum

760 4952 1117 5021 diligere,aut
1136 4952 1237 5005 sibi
1266 4968 1491 5016 regnum
1528 4952 1836 5021 pollicetur,
1866 4956 1979 5023 ipse
2000 4970 2065 5013 se,
2082 4956 2313 5011 seducit:

760 5038 875 5093 Non
908 5040 1047 5091 enim
1066 5040 1155 5108 qui
1180 5039 1302 5091 dicit
1322 5040 1465 5103 mihi,
1488 5039 1721 5103 Domine,
1744 5040 1981 5106 Domine,
2010 5043 2186 5112 inquit
2214 5045 2317 5099 Do-

761 5132 962 5192 minus,
997 5131 1215 5183 intrabit
1230 5133 1285 5184 in
1319 5148 1535 5201 regnum
1568 5133 1836 5197 caelorum,
1865 5136 1955 5187 sed
1974 5138 2063 5205 qui
2081 5137 2207 5205 facit
2224 5154 2313 5190 vo-

760 5220 1016 5273 tuntatem
1056 5220 1234 5274 Patris
1266 5223 1365 5275 mei
1390 5222 1451 5274 ¹³.
1508 5222 1575 5275 Et
1609 5238 1800 5277 rursus
1826 5241 1838 5277 :
1869 5224 1971 5290 Qui
2012 5227 2181 5297 diligi!
2210 5245 2308 5294 me,

758 5308 1009 5360 marrdata
1048 5325 1159 5361 mea
1191 5311 1412 5363 servabit
1433 5312 1496 5373 ¹¹⁵,
1521 5319 1627 5364 etc.

819 5397 905 5450 56.
924 5397 1112 5451 Omnis
1127 5400 1715 5467 scopusmandotorum
1734 5402 2031 5458 Salvatoris
2046 5405 2099 5459 in
2118 5422 2185 5461 eo
2207 5416 2310 5469 est,

757 5488 816 5533 ut
842 5482 909 5535 ab
941 5483 1261 5554 intemperie
1299 5496 1463 5555 atque
1503 5488 1631 5543 odio
1674 5490 1869 5545 liberet
1902 5493 2163 5557 animum,
2200 5504 2307 5550 tra-

755 5572 954 5642 inatque
978 5566 1035 5628 in
1063 5592 1215 5630 suam
1259 5593 1322 5634 ac
1352 5581 1583 5649 proximi
1610 5583 1963 5650 cbaritatem;
2005 5602 2071 5641 ex
2110 5589 2312 5658 quibus

820 5737 865 5768 "
900 5738 1085 5795 Matth.
1112 5757 1202 5809 γιι,
1240 5744 1328 5797 21.
1408 5747 1449 5777 ¹⁸
1476 5747 1629 5802 Joan.
1667 5766 1772 5816 xlv,
1810 5754 1872 5807 15

2432 4594 2695 4664 πτόμενος
2721 4594 2811 4646 ὑπ’
2853 4594 3033 4646 αὐτῶν
3061 4596 3153 4647 καὶ
3191 4596 3566 4665 φονευόμενος,
3596 4596 3866 4665 ὑπέμενε,
3896 4615 4004 4668 μη-

2426 4684 2536 4737 δενὶ
2570 4685 2853 4737 τοσύνολον
2893 4684 2954 4737 τὸ
3001 4685 3168 4737 κακὸν
3213 4684 3579 4754 λογιζόμενος.
3620 4687 3812 4741 Ταῦτα
3843 4688 3903 4742 δὲ
3930 4689 4000 4741 τά

2425 4774 2573 4843 τρία,
2607 4774 2674 4826 τά
2710 4774 2845 4844 ἔργα
2874 4776 2979 4827 εἰσὶ
3008 4774 3104 4844 τῆς
3138 4775 3217 4838 είς
3250 4774 3341 4826 τὸν
3375 4774 3599 4844 πλησίον
3643 4777 3897 4845 ἀγάπης,
3922 4771 3997 4830 ὧν

2424 4865 2593 4933 χωρὶς
2629 4866 2657 4916 6
2683 4865 2857 4931 λέγων
2878 4866 3099 4934 ἀγαπᾷν
3126 4865 3212 4917 τὸν
3242 4864 3493 4936 Χριστὸν,
3526 4865 3557 4936 ή
3580 4866 3678 4934 τῆς
3710 4867 3998 4936 βασιλείας

2425 4953 2590 5007 αὑτοῦ
2627 4958 2828 5025 τυχεῖν,
2866 4956 3056 5009 ἑαυτὸν
3081 4956 3265 5026 ἀπατᾷ
3286 4972 3299 4986 ·
3335 4958 3415 5010 Οὐ
3450 4957 3558 5026 γὰρ
3587 4958 3841 5026 ἀλέγων
3875 4978 3994 5026 μοι,

2423 5045 2578 5113 φησὶ,
2613 5047 2808 5113 Κύριε,
2845 5048 3041 5115 Κύριε,
3070 5042 3247 5111 οὗτος
3289 5050 3693 5102 εἰσελεύσεται
3744 5053 3835 5117 εἰς
3880 5054 3998 5118 τὴν

2414 5136 2737 5199 ,βασιλείαν
2764 5136 2879 5191 τῶν
2905 5136 3192 5206 οὐρανῶν,
3228 5139 3365 5193 ἀλλ’
3393 5142 3426 5193 ό
3446 5140 3630 5193 ποιῶν
3658 5142 3726 5195 τὸ
3758 5144 3996 5213 aurum

2419 5228 2525 5281 τοῦ
2552 5230 2779 5295 Πατρός
2805 5246 2942 5297 μου.
2979 5230 3087 5283 Καὶ
3125 5230 3287 5284 πάλιν
3306 5247 3319 5263 ·
3361 5232 3424 5284 '0
3450 5230 3698 5301 ἀγαπῶν
3729 5235 3858 5303 ἐμὲ,
3890 5238 3990 5290 καί

2347 5300 2390 5354 Β
2419 5319 2524 5384 τὰς
2550 5319 2801 5385 ἐντολάς
2826 5337 2946 5388 μου
2968 5321 3237 5389 τηρήσει,
3260 5323 3351 5377 καὶ
3378 5300 3625 5394 eadem.

2489 5416 2595 5473 νς’.
2617 5410 2796 5471 "Ana;
2812 5413 2839 5462 6
2862 5411 3060 5473 σκοπὸς
3088 5411 3193 5465 τῶν
3224 5413 3447 5467 ιντολῶν
3464 5415 3558 5468 τοῦ
3592 5418 3873 5489 Σωτῆρος,
3896 5422 3989 5475 ῖνα

2419 5500 2685 5569 ἀκρασίας
2719 5502 2812 5554 καὶ
2849 5500 3041 5571 μίσους
3083 5503 3178 5557 τὸν
3221 5503 3345 5557 νοῦν
3387 5505 3749 5578 ἐλευθερώσῃ,
3782 5512 3879 5564 καὶ
3906 5513 3989 5574 εἰς

2416 5592 2514 5661 τὴν
2544 5591 2707 5646 αὑτοῦ
2739 5593 2957 5663 ἀγάπην
2996 5594 3090 5648 καὶ
3133 5594 3227 5649 τοῦ
3267 5595 3515 5667 πλησίον,
3559 5598 3745 5673 ἀγάγῃ
3769 5616 3784 5631 °
3814 5602 3874 5669 ἐξ
3907 5596 3987 5658 ὧν
