4208 6436
263 415 387 481 1065

1102 408 1448 472 CAPITUM
1490 409 1584 471 DE
1622 405 2051 469 CHARITATE
2091 405 2472 468 CENTURIA
2515 407 2609 468 ιν.

3319 411 3453 479 1068

264 525 461 596 Ἐπειδὴ
488 526 593 596 γὰρ
617 525 714 594 τῆς
746 525 824 586 είς
857 521 1021 575 αὑτὸν
1064 521 1182 574 κατ’
1240 522 1524 590 ινέργειαν
1571 521 1790 588 ἀγάπης
1821 523 1863 576 Α
1895 515 1926 568 h

1821 523 1863 576 Α
1895 515 2116 569 habere.
2139 512 2276 581 Quia
2297 516 2445 570 enim
2469 529 2499 566 a
2529 513 2796 568 charitate
2822 513 2878 570 in
2907 524 3032 570 actu
3056 520 3179 587 qua
3197 514 3253 573 in
3277 517 3452 590 ipsum

251 618 330 671 διά
368 615 464 684 τὴν
534 615 734 684 ἀργίαν
789 614 1007 682 μακράν
1060 612 1248 681 ισμεν,
1300 613 1401 680 τῆς
1445 609 1792 677 δεικνυσύσης

246 709 365 776 ημῖν
403 707 526 767 τοὺς
560 704 617 756 ἐν
644 703 774 772 ἡμῖν
801 702 976 764 θείους
1009 700 1335 770 θησαυροὺς,
1375 699 1596 760 εἰκότως
1636 697 1793 758 sub;

246 795 452 856 ἑαυτοὺς
481 792 589 844 τῶν
616 792 775 844 θείων
802 791 1090 860 νομίζομεν
1111 787 1482 860 χαρισμάτων.

312 891 371 938 o'.
412 884 477 935 Εί
503 884 530 935 ὁ
559 881 793 950 Χριστὸς
831 873 889 934 έν
914 883 1032 942 ταῖς
1083 879 1334 950 καρδίαις
1365 878 1520 948 ἡμῶν
1548 878 1793 931 κατοικεί

236 975 316 1029 διὰ
341 975 440 1039 τῆς
465 976 720 1037 πίστεως,
753 973 896 1026 κατὰ
919 974 1008 1025 τὸν
1040 971 1184 1025 θεῖον
1217 971 1562 1025 Ἀπὸστολον·
1593 971 1790 1031 πάντες

230 1067 283 1117 δὲ
311 1067 367 1118 oi‘
389 1065 652 1135 θησαυροὶ
679 1065 776 1134 τῆς
811 1062 998 1132 σοφίας
1026 1065 1120 1116 καὶ
1156 1062 1259 1131 τῆς
1286 1062 1536 1130 γνώσεως
1564 1061 1622 1111 ὲν
1644 1057 1790 1128 αὐτῷ

231 1159 365 1208 είσιν
411 1157 744 1226 ἀπόκρυφοι·
781 1156 981 1218 πάντες
1013 1155 1120 1224 ἄρα
1168 1153 1217 1206 οί
1264 1151 1530 1222 θησαυροὶ
1559 1149 1660 1219 τῆς
1703 1166 1790 1202 σο-

226 1247 352 1314 φίας
378 1246 472 1299 καὶ
510 1246 607 1315 τῆς
638 1244 892 1312 γνώσεως
923 1246 982 1296 έν
1022 1245 1142 1305 ταῖς
1167 1242 1419 1314 καρδίαις
1455 1240 1614 1309 ήμῶν
1652 1239 1790 1292 είσιν

223 1334 548 1403 ἀπόκρυφοι.
615 1331 979 1401 Φανεροῦνται
1021 1330 1076 1383 δὲ
1120 1331 1185 1401 τῇ
1253 1329 1466 1399 καρδίᾳ,
1509 1329 1647 1381 κατά
1689 1327 1788 1399 τὴν

220 1424 516 1490 ἀναλογίαν
539 1424 637 1491 τῆς
667 1421 901 1474 ἑκάστου
936 1420 1027 1472 διὰ
1056 1418 1164 1472 τῶν
1186 1417 1412 1472 ἐντολῶν
1446 1418 1784 1488 καθάρσεως.

285 1610 387 1656 ω’.
428 1595 594 1663 Οὗτός
624 1602 769 1653 ἐστιν
797 1601 824 1652 ὁ
852 1599 1120 1669 θησαυρὸς
1149 1600 1176 1651 ὁ
1199 1601 1254 1650 ὲν
1277 1597 1355 1667 τῷ
1375 1595 1527 1666 ἀγρῷ
1544 1608 1786 1665 κεκρυμο

221 1697 383 1765 μένος
403 1695 498 1759 τῆς
527 1692 750 1763 καρδίας
774 1709 889 1752 σου,
909 1690 969 1743 ὃν
983 1691 1134 1743 οὕπω
1156 1683 1308 1760 εὗρες
1340 1687 1427 1740 διὰ
1451 1685 1548 1754 τὴν
1568 1686 1783 1756 ἀργίαν.

217 1787 280 1838 El
304 1785 419 1855 γὰρ
459 1778 634 1854 εὗρες,
673 1783 781 1853 ἀρα
809 1783 875 1834 ἂν
905 1781 1189 1851 πέπρακες
1228 1780 1426 1842 πάντα,
1450 1777 1544 1830 καὶ
1573 1776 1787 1844 ἐκτήσω

1894 613 1999 669 eat.
2033 619 2097 660 ac
2128 619 2250 674 qua
2280 605 2439 660 nobis
2474 605 2716 659 ostendit
2757 605 2974 660 divinos
3007 607 3312 673 thesauros,
3347 626 3455 681 quo

1893 701 2176 764 torpemus
2217 695 2350 758 otio,
2393 695 2553 762 longe
2592 693 2717 748 facti
2766 710 2975 761 sumus,
3013 698 3208 753 merito
3232 715 3334 756 nos
3357 719 3454 756 cx-

1895 789 2113 838 traneos
2135 799 2164 838 a
2185 784 2388 839 divinis
2418 785 2579 840 donis
2602 785 2994 843 existimamus.

1961 874 2047 927 70.
2083 872 2242 938 Cum,
2274 873 2443 930 divini
2483 875 2726 945 Apostoli
2750 879 3041 942 sententia,
3081 879 3333 936 Christus
3357 896 3456 950 per

1893 964 2054 1019 ﬁdem
2110 966 2321 1020 habitet
2373 966 2429 1021 in
2481 966 2741 1022 cordibus
2784 968 2989 1022 nostris
3031 969 3112 1034 “,
3154 983 3455 1041 omnesque

1891 1057 2136 1111 thesauri
2184 1056 2465 1126 sapientia
2504 1067 2559 1113 et
2599 1058 2846 1113 scientia;
2886 1058 2996 1113 sint
3032 1059 3089 1114 in
3126 1075 3192 1115 eo
3227 1062 3456 1116 abscon.

1890 1145 1991 1199 diti
2020 1145 2097 1212 “;
2145 1146 2204 1200 ﬁt
2231 1147 2410 1216 plane,
2454 1155 2516 1202 ut
2559 1163 2750 1204 omnes
2798 1150 3039 1204 thesauri
3083 1151 3364 1221 sapientia:
3401 1162 3456 1207 ct

1891 1236 2135 1290 scientia:
2176 1236 2482 1296 absconditi
2511 1238 2622 1292 sint
2651 1238 2707 1292 in
2736 1240 2994 1295 cordibus
3029 1242 3250 1296 nostris.
3292 1243 3457 1298 Fiunt

1884 1333 2072 1382 autem
2136 1327 2288 1382 cordi
2350 1329 2662 1392 manifesti,
2711 1346 2810 1399 pro
2874 1332 3139 1401 cujusque
3199 1334 3454 1402 puritatis

1888 1430 2044 1473 certo
2070 1417 2312 1480 modulo.
2339 1435 2501 1488 quam
2519 1417 2810 1490 implendo
2841 1423 3099 1477 mandata
3125 1434 3455 1480 consecutus

1865 1523 1868 1527 ·
1888 1510 1980 1564 sit.

1958 1596 2046 1649 7i.
2085 1595 2184 1651 Hic
2217 1598 2511 1652 thesaurus
2546 1601 2601 1653 in
2631 1600 2811 1654 cordis
2842 1603 2919 1655 tui
2951 1618 3079 1672 agro
3109 1612 3193 1656 est
3220 1602 3447 1659 abscon-

1887 1684 2054 1750 ditus,
2083 1677 2244 1755 quém
2289 1702 2402 1757 pra:
2446 1687 2642 1742 inertia
2686 1689 2928 1745 nondum
2964 1691 3128 1764 456
3171 1692 3448 1748 invenisti.

1887 1774 2020 1830 Nam
2075 1776 2121 1831 si
2173 1777 2506 1844 invenisses,
2553 1791 2701 1836 certe
2746 1781 3088 1838 vendidisses
3133 1784 3347 1846 omnia,
3397 1791 3450 1838 et

210 1875 303 1929 τὸν
346 1876 519 1945 ἀγρὸν
563 1872 771 1925 τοῦτον.
808 1872 921 1923 Νῦν
951 1871 1009 1924 δὲ
1041 1871 1133 1923 τὸν
1160 1869 1328 1939 ἀγρὸν
1354 1867 1533 1936 ἀφεὶς,
1554 1866 1622 1918 τὰ
1656 1868 1784 1935 περὶ
1815 1869 1858 1928 Β

1815 1869 1858 1928 Β
1886 1878 2013 1919 eum
2054 1881 2245 1934 agrum
2290 1882 2666 1937 comparasses
2690 1868 2756 1922 ".
2788 1870 2943 1925 Nunc
2965 1882 3170 1934 autem,
3204 1889 3335 1943 agro
3367 1875 3450 1928 di-

209 1964 304 2016 τὸν
329 1964 502 2033 ἀγρὸν
533 1963 822 2032 περιέπεις
841 1977 853 1991 ·
885 1962 944 2013 ὲν
964 1953 1048 2022 οἷς
1080 1958 1238 2012 οὐδὲν
1281 1957 1408 2011 ἀλλο
1445 1955 1777 2026 εὑρίσκεται,

211 2055 369 2126 πλὴν*
387 2052 648 2107 ἀκανθῶν
675 2053 770 2105 καὶ
794 2051 1057 2122 τριϐόλων
1092 2047 1230 2118 (65).

278 2225 381 2294 οβ’.
418 2226 518 2279 Διά
567 2225 722 2278 τοῦτο
759 2223 910 2292 λέγει
946 2223 975 2277 ὁ
1014 2224 1202 2294 Σωτήρ
1230 2235 1244 2250 ⁸
1272 2220 1565 2288 Μακάριοι
1593 2222 1649 2273 οι
1678 2235 1779 2271 κα-

210 2315 374 2382 θαροί
420 2314 493 2383 τῇ
537 2315 770 2383 καρδίᾳ,
807 2315 897 2368 ὅτι
944 2314 1113 2368 αὐτοὶ
1160 2312 1266 2365 τὸν
1311 2311 1460 2366 Θεὸν
1510 2311 1777 2379 ὄψονται.

209 2407 344 2458 Τότε
373 2406 430 2458 δὲ
465 2406 681 2475 ὕψονται
706 2406 889 2471 αὑτὸν,
922 2405 1161 2465 καὶτοὺς
1190 2403 1248 2455 ἐν
1274 2402 1421 2472 αὑτῷ
1448 2403 1777 2473 θησαυροὺς,

208 2498 298 2549 ὅτε
323 2497 417 2550 διά
456 2498 794 2567 ἀγάπηςκαὶ
825 2496 1152 2564 ἐγκρατείας
1189 2495 1413 2558 ἑαυτοὺς
1433 2493 1777 2564 καθαίρουσιο

210 2589 305 2640 καὶ
343 2589 587 2657 τοσούτῳ
611 2586 794 2653 πλέον,
828 2587 937 2657 ὅσῳ
975 2585 1073 2657 τὴν
1103 2585 1372 2655 κάθαρσιν
1400 2584 1745 2638 ἐπιτείνουσι.

283 2776 387 2843 (ιγ’.
425 2776 524 2830 Διά
553 2775 713 2830 τοῦτο
757 2776 917 2830 πάλιν
939 2775 1084 2843 λέγει
1112 2791 1124 2804 ·
1148 2773 1472 2842 Πωλήσατε
1498 2771 1569 2824 τὰ
1593 2769 1781 2838 ὑπάρ-

209 2882 399 2934 χοντα
447 2865 632 2934 ὑμῶν,
676 2865 774 2919 καί
823 2864 959 2918 δότε
1008 2863 1449 2930 ἐλεημοσύνην,
1496 2862 1594 2915 καί
1652 2858 1782 2914 ίόοὑ

210 2955 411 3010 ,πάντα
435 2955 578 3025 ὑμῖν
603 2955 829 3023 καθαρὰ
854 2955 1025 3028 ἔσται
1043 2969 1054 2981 ·
1084 2953 1160 3016 ὡς
1203 2952 1398 3022 μηκέτι
1423 2953 1535 3014 τοῖς
1560 2951 1691 3022 περὶ
1720 2950 1782 3004 τὸ

213 3051 376 3120 σῶμα
411 3049 780 3119 σχολαζόντων
806 3046 1167 3119 -πράγμασιν,
1207 3045 1342 3098 ἀλλὰ
1389 3045 1493 3096 τὸν.
1513 3042 1636 3095 νοῦν
1682 3058 1781 3096 κα-

211 3139 424 3213 θαίρειν
460 3139 818 3201 σπευδόντων,
863 3139 972 3191 ἀπὸ
1018 3138 1208 3207 μίσους
1255 3136 1348 3188 καὶ
1381 3133 1649 3204 ἀκρασίας
1672 3150 1685 3164 ·
1721 3132 1781 3186 ὃν

1881 1955 2070 2021 misso,
2111 1971 2235 2026 qua
2282 1968 2410 2013 sunt
2456 1960 2602 2014 circa
2649 1961 2824 2024 illum,
2866 1961 2982 2017 haec
3023 1965 3357 2019 consectarls
3395 1972 3450 2020 et

1880 2045 2050 2112 colis;
2101 2048 2158 2101 in
2199 2048 2401 2118 quibus
2449 2060 2645 2121 praeter
2689 2050 2875 2122 spinas
2921 2062 2976 2109 et
3033 2055 3265 2110 tribulos
3311 2057 3448 2111 nihil

1887 2139 2147 2192 occurrit.

1950 2229 2036 2285 72.
2078 2229 2288 2286 Idcirco
2338 2233 2414 2287 ait
2463 2232 2715 2288 Salvator
2761 2251 2773 2287 :
2821 2234 2972 2290 Beati
3022 2238 3213 2291 mundo
3262 2241 3445 2303 corde,

1880 2318 2128 2385 quoniam
2173 2320 2274 2389 ipsi
2313 2320 2480 2374 Deum
2527 2323 2768 2376 videbunt
2809 2324 2873 2377 ".
2906 2325 3060 2380 Tunc
3097 2337 3279 2383 autem
3321 2341 3447 2383 eum

1880 2415 2008 2462 sunt.
2044 2409 2241 2475 visuri,
2287 2420 2342 2466 et
2383 2412 2692 2478 thesauros,
2736 2415 2828 2485 qui
2876 2415 2932 2470 in
2983 2416 3101 2486 ipso
3140 2428 3285 2484 sunt,
3319 2434 3445 2474 cum

1879 2514 1978 2568 per
2012 2500 2364 2556 dilectionem
2402 2512 2460 2560 et
2499 2506 2896 2562 continentiam
2935 2509 3148 2579 seipsos
3186 2511 3448 2566 emunda-

1880 2587 2097 2654 verint;
2144 2598 2408 2660 tantoque
2457 2592 2776 2663 limpidius,
2823 2606 3033 2664 quanto
3092 2599 3286 2670 majori
3347 2615 3445 2654 au.

1881 2688 2102 2748 gmento
2131 2696 2252 2736 eam
2282 2682 2578 2751 puritatem
2610 2686 3031 2743 Cumulaverint.

1951 2770 2039 2822 75.
2078 2769 2284 2826 Idcirco
2327 2772 2404 2826 ait
2449 2773 2649 2828 iterum
2690 2792 2704 2828 :
2753 2776 2964 2831 Vendite
3000 2795 3117 2849 qua:
3155 2783 3442 2852 possidetis.

1881 2868 1930 2912 et
1971 2860 2093 2914 date
2137 2861 2555 2933 eleemosynam;
2593 2874 2642 2919 et
2683 2881 2796 2920 ecce
2839 2870 3015 2923 omnia
3057 2873 3252 2927 munda
3294 2882 3446 2930 erunt

1880 2950 2019 3003 vobis
2041 2951 2118 3014 ";
2147 2960 2404 3020 tanquam
2440 2954 2700 3009 nimirum
2732 2956 2819 3022 iis,
2853 2973 2974 3026 qua:
2998 2959 3063 3014 ad
3091 2976 3292 3032 corpus
3314 2979 3445 3036 spe-

1881 3047 2050 3103 ctant,
2080 3055 2190 3094 non
2216 3043 2448 3112 amplius
2473 3045 2715 3100 animum
2745 3047 3065 3117 adhibeant,
3095 3052 3191 3107 sed
3215 3055 3285 3108 ah
3317 3057 3446 3111 odio

1880 3145 1944 3185 ac
1972 3130 2189 3186 luxuria
2227 3134 2529 3191 emundare
2559 3151 2686 3192 eum
2721 3148 2997 3210 satagaut;
3033 3157 3194 3212 quem
3231 3146 3446 3201 scilicet

209 3209 440 3301 καρδίαν
469 3230 724 3300 ὀνομάζει
751 3232 780 3283 ὁ
811 3228 1032 3298 Κύριος.
1065 3227 1248 3282 Ταῦτα
1275 3226 1383 3294 γὰρ
1401 3225 1491 3278 τὸν
1525 3224 1650 3278 νοῦν
1684 3226 1777 3290 ῥυ·
1804 3209 1844 3262 C

1804 3209 1844 3262 C
1878 3220 2140 3276 Dominus
2179 3223 2544 3292 signiﬁcatum
2594 3229 2770 3284 voluit
2809 3209 2993 3285 cordis
3030 3209 3276 3289 nomine.
3322 3236 3445 3290 [hac

206 3322 438 3387 ποῦντα,
461 3323 560 3375 οὐκ
602 3323 731 3375 ἐῶσι
774 3320 993 3390 βλέπειν
1021 3319 1112 3372 τὸν
1147 3318 1204 3370 ἐν
1234 3317 1382 3386 αὐτῷ
1423 3315 1776 3369 κατοικοῦντα

207 3413 468 3483 Χριστὸν,
494 3412 584 3466 διὰ
598 3413 699 3481 τῆς
731 3411 949 3481 χάριτος
978 3409 1082 3462 τοῦ*
1101 3408 1259 3475 ἁγίου
1282 3407 1650 3475 βαπτίσματος
1671 3407 1772 3476 (ιι).

273 3599 374 3652 06'.
424 3596 607 3658 Ὁδοὺς
638 3596 672 3665 ἡ
701 3591 890 3663 Γραφὴ
914 3589 1012 3653 τὰς
1037 3589 1234 3660 ἀρετὰς
1261 3585 1535 3656 ὀνομάζει.
1558 3585 1774 3650 Μείζων

200 3690 260 3744 δι
308 3687 510 3742 πασῶν·
541 3686 652 3740 τῶν
691 3683 922 3754 ἀρετῶν,
959 3682 992 3749 ὴ
1055 3679 1242 3749 ἀγάπη
1296 3677 1620 3748 καθέστηκε.
1677 3677 1774 3730 Διά

201 3780 365 3834 τοῦτο
389 3779 573 3847 ἔλεγεν
603 3779 632 3831 ὁ
672 3774 999 3836 ’Δπόστολος
1019 3790 1034 3804 ο
1062 3773 1190 3826 Ἔτι
1241 3771 1370 3823 καθ’
1422 3767 1769 3836 ὑπερϐολὴν

204 3868 358 3921 ὁδὸν
404 3867 547 3935 ὑμῖν
607 3865 913 3932 δείκνυμιο
953 3861 1028 3924 ὡς
1068 3860 1426 3927 καταφρονεῖν
1482 3855 1772 3909 πείθουσαν

201 3959 316 4012 τῶν
364 3955 566 4011 suum
604 3955 962 4026 πραγμάτων,
1012 3951 1106 4005 καὶ
1156 3948 1320 4018 μηδὲν
1367 3947 1475 4000 τῶν
1506 3946 1769 4015 προσκαί-

203 4068 318 4122 ρων
349 4049 624 4118 προτιμᾷν
656 4046 760 4099 τῶν
793 4044 1044 4098 αἰωνίων.

273 4121 374 4194 σε’.
423 4139 490 4192 Ἥ
527 4140 607 4201 εἰς
640 4137 771 4190 Θεὸν
825 4135 1039 4204 ἀγάπη,
1097 4131 1413 4186 ἀνθίσταται
1460 4132 1526 4199 τῇ
1577 4127 1770 4180 ἐπιθυ-

202 4231 312 4301 μίᾳ
332 4229 483 4300 (ΜΒΓ
517 4228 694 4279 πείθει
731 4228 838 4294 γὰρ
886 4224 976 4277 τὸν
1017 4223 1146 4277 νοῦν
1189 4219 1612 4292 ὲγκρατεύεσθαι
1661 4217 1767 4270 ἀπὸ

194 4320 313 4374 τῶν
344 4319 567 4390 ἡδονῶν.
607 4317 671 4370 Ἢ
709 4316 768 4370 δὲ
806 4317 884 4377 είς
909 4317 998 4367 τὸν
1049 4312 1296 4381 πλησίον,
1327 4310 1640 4364 ἀνθίσταται
1687 4308 1766 4377 τῷ

195 4411 396 4482 θυμῷ·
435 4413 580 4464 ποιεῖ
605 4410 715 4478 γὰρ
751 4407 1112 4477 καταφρονεῖν
1140 4403 1296 4473 δόξης
1328 4403 1421 4454 καὶ
1444 4401 1761 4470 χρημάτων.

1877 3310 2024 3363 enim
2058 3312 2302 3366 animum
2339 3313 2697 3384 inquinaudo,
2725 3334 2832 3373 non
2862 3320 3052 3375 sinunt
3077 3329 3136 3376 ut
3159 3321 3439 3389 Christum

1876 3411 1976 3465 per
2000 3400 2229 3468 gratiam
2257 3405 2433 3458 sancti
2467 3405 2813 3475 baptismatis
2844 3409 2898 3462 in
2930 3410 3047 3480 ipso
3077 3411 3438 3476 habitantem,

1874 3488 2117 3546 videant.

1946 3585 2030 3664 7t.
2070 3584 2314 3640 Virtutes
2335 3586 2620 3657 Scriptura
2645 3589 2762 3644 vias
2788 3592 3044 3660 appellat.
3071 3594 3238 3666 Major
3260 3604 3440 3652 autem

1873 3658 2130 3730 omnibus
2158 3676 2457 3734 virtutibus
2493 3688 2579 3735 est
2614 3658 2889 3750 charitas;
2930 3658 3288 3754 quamobrem
3329 3691 3442 3744 aie-

1874 3761 1966 3814 bat
2019 3762 2316 3831 Apostolus
2364 3783 2377 3818 :
2424 3766 2604 3821 Adhuc
2652 3769 3072 3826 excellentiorem
3118 3775 3258 3829 viam
3304 3779 3441 3833 vobis

1871 3853 2168 3907 demonstro
2215 3855 2259 3886 ³⁷
2296 3898 2310 3918 ,
2359 3857 2512 3912 velut
2554 3859 2814 3914 nimirum
2865 3878 2987 3931 qua:
3037 3881 3126 3920 res
3173 3866 3445 3926 humanas

1871 3944 2208 4013 contemptui
2252 3945 2485 4012 habere,
2529 3950 2790 4020 nullaque
2830 3962 3186 4023 temporanea
3219 3961 3440 4014 aeternis

1870 4035 2166 4100 anteferre,
2203 4037 2449 4093 suadeat.

1930 4125 2026 4179 ,75.
2060 4125 2190 4191 Quae
2213 4127 2280 4181 ad
2302 4129 2471 4182 Deum
2495 4139 2580 4184 est
2605 4131 2864 4198 cbaritas,
2886 4135 3173 4205 cupiditati
3198 4133 3430 4203 resistit,

1871 4214 2062 4267 suadet
2088 4215 2234 4269 enim
2265 4227 2569 4288 auctorque
2604 4221 2788 4276 animo
2816 4235 2920 4288 est,
2955 4233 3015 4278 ut
3043 4241 3101 4281 se
3125 4242 3158 4281 a
3187 4229 3437 4297 volupta-

1867 4307 2016 4361 tibus
2043 4308 2342 4364 contineat.
2375 4309 2506 4375 Qute
2541 4319 2722 4366 autem
2761 4313 2827 4368 ad
2869 4316 3178 4383 proximum
3207 4327 3309 4384 est,
3345 4321 3434 4374 ira:

1865 4398 2223 4464 adversatur;
2253 4401 2474 4470 quippe.
2522 4417 2632 4470 quo
2676 4413 2930 4469 auctore,
2974 4406 3202 4476 gloriam
3244 4425 3309 4464 ac
3352 4410 3436 4463 tli-

194 4503 316 4556 Καὶ
357 4501 531 4554 ταῦτά
578 4501 684 4552 εἱσι
723 4499 789 4550 τὰ
822 4497 915 4550 δύο
959 4497 1213 4567 δηνάρια,
1241 4495 1386 4565 ἆπερ
1412 4494 1440 4546 ὁ
1467 4494 1655 4562 Σωτὴρ
1681 4493 1762 4545 δέ·
1799 4528 1839 4582 D

1799 4528 1839 4582 υ
1866 4489 2026 4544 vitias
2062 4498 2497 4576 contemnamus.
2541 4493 2717 4562 Atque
2769 4497 2824 4549 hi
2876 4496 2986 4551 duo
3028 4498 3240 4554 denarii
3279 4510 3429 4560 sunt.

195 4596 349 4648 δωκε
402 4592 480 4662 τῷ
528 4592 805 4660 πανδοχεῖ,
839 4590 925 4642 ἵνα
967 4606 1060 4641 σου
1104 4587 1421 4656 ἐπιμέλειαν
1448 4586 1761 4655 ποιήσηται.

203 4688 376 4741 Ἀλλά
409 4686 484 4756 μὴ
530 4687 704 4754 φανῇς
753 4684 1021 4752 ἀγνώμων
1045 4684 1155 4742 τοῖς
1185 4678 1408 4751 λῃσταῖς
1433 4676 1774 4741 συνδυάζων,

193 4781 276 4850 μή
314 4790 447 4832 ποτε
480 4778 644 4832 πάλιν
673 4776 906 4844 πληγῆς,
941 4775 1034 4827 καὶ
1068 4773 1169 4825 οὐκ
1193 4771 1274 4823 ἔτι
1309 4770 1598 4842 ἡμιθανὴς,
1629 4767 1766 4820 ἀλλὰ

189 4867 394 4939 νεκρὸς
421 4863 708 4937 sommo

265 5127 317 5157 “
349 5126 548 5197 Ephes.
597 5144 674 5189 ιιι,
736 5126 825 5197 i7.
868 5193 887 5197 _
922 5124 966 5155 ³⁸
1000 5121 1211 5197 Coloss.
1249 5137 1308 5186 ιι,
1366 5121 1419 5175 '5.

185 5201 234 5228 ’⁷
270 5198 291 5251 ι
331 5191 458 5252 (lor.
495 5215 590 5262 ιιι,
625 5199 711 5252 52.
788 5196 832 5225 ’³
866 5193 1000 5248 Luc.
1036 5208 1090 5253 ι,
1113 5191 1201 5246 35.

267 5351 352 5423 (ιι)
408 5352 510 5424 Διά
563 5348 902 5424 τῆν’-χάριν
950 5349 1285 5424 τοῦ-ἁγίου
1326 5346 1764 5424 βαςξτίσμιιζος.

374 5420 660 5494 scripserit
675 5415 958 5494 hlaximus,
984 5415 1524 5494 llvéouatos,~n_ullus
1551 5415 1764 5480 dubito,

184 5485 261 5551 :d
279 5492 416 5549 illud
437 5485 586 5544 Pauli
602 5490 805 5557 Ephes.
824 5505 900 5550 ιιι,
916 5485 1241 5556 respexisse,
1259 5485 1483 5557 δυνάμει
1501 5502 1767 5557 κραταιω-

184 5566 361 5633 θῆναι
384 5561 470 5633 θιά
499 5559 592 5612 τοῦ
610 5555 750 5633 ilva}?
760 5575 924 5633 ματος
939 5555 1102 5633 αρτοῦ
1121 5561 1200 5633 είς
1225 5558 1313 5633 τὸν
1329 5555 1437 5610 ἔσω
1458 5555 1762 5633 ἄνθρωπον,

185 5627 524 5698 κατοικῆσαι
577 5628 666 5680 τὸν
705 5627 938 5706 Χριστὸν
977 5627 1065 5678 διὰ
1119 5630 1215 5696 τῆς
1252 5628 1487 5687 πίστεως
1534 5627 1591 5674 ὲν
1645 5627 1766 5704 ταῖς

185 5700 448 5748 καρδίαις
471 5696 648 5748 ὑμῶν·
684 5697 882 5748 autbus
912 5697 1096 5748 verbis
1131 5705 1317 5748 anertc
1347 5694 1656 5748 Apostolus.
1686 5709 1766 5745 ιιι-

181 5700 448 5826 καεδίαις
471 5697 648 5766 ὑμῶν·
684 5697 882 5778 quibus
912 5697 1317 5777 verbisapertc
1347 5697 1767 5776 Appstolus,.in-

182 5771 268 5829 ha
313 5767 596 5824 itationem
629 5766 834 5821 Christi
871 5781 926 5818 ιιι
970 5767 1232 5821 cordibus
1270 5776 1494 5830 nostris,
1528 5763 1767 5832 Spiritus

513 5860 778 5922 ΡΑτιιοι..
829 5862 919 5922 Gn
1003 5861 1125 5920 XC.

1532 5120 1576 5149 “
1600 5120 1789 5173 Matth.
1823 5136 1936 5185 xm,
1993 5120 2080 5174 M.

1868 4595 2005 4648 quos
2057 4580 2305 4635 Salvator
2340 4583 2383 4614 ⁸⁸
2423 4574 2578 4637 dedit
2631 4585 2965 4650 stabulario,
3015 4597 3071 4642 ut
3117 4588 3195 4642 tui
3243 4605 3429 4644 curam

1865 4678 2010 4739 agat.
2047 4669 2192 4725 Cave
2221 4679 2407 4725 autem
2429 4688 2520 4736 ne,
2553 4682 2604 4727 te
2638 4675 2947 4731 latronibus
2975 4677 3274 4748 adiungens
3334 4679 3424 4732 iis-

1868 4775 1974 4828 que
2002 4763 2434 4823 communicans,
2471 4765 2710 4833 ingratus
2748 4766 3006 4831 videaris,
3042 4783 3110 4822 ne
3135 4768 3297 4830 forte,
3333 4769 3433 4826 itc-

1867 4867 1988 4906 rum
2020 4853 2260 4922 acceptis
2289 4854 2479 4924 plagis,
2505 4872 2614 4910 non
2640 4858 2750 4927 jam
2781 4857 3095 4923 semivivus,
3125 4860 3218 4914 sed
3253 4859 3428 4929 reipsa

1868 4957 2120 5001 mortuus
2153 4946 2468 5005 ittveuiaris.

2195 5124 2239 5153 "
2270 5123 2458 5176 Matth.
2492 5141 2544 5188 ν,
2573 5123 2625 5176 8.
2724 5126 2766 5155 ’⁸
2789 5126 2918 5180 Luc.
2974 5143 3065 5191 xu,
3098 5127 3197 5194 33;
3231 5144 3303 5193 ιι,
3336 5131 3423 5183 41.

1867 5345 2037 5421 sancti
2079 5346 2272 5421 gratiis
2303 5345 2555 5421 ascribit.
2605 5344 2787 5421 Gratia
2824 5348 3423 5421 Aautembaptismatis,

1865 5415 1968 5469 etsi
1992 5423 2048 5468 et
2076 5413 2194 5487 ipsa
2222 5413 2461 5487 Spiritus
2491 5417 2666 5487 sancti
2700 5418 2871 5485 gratia
2903 5425 3007 5480 est,
3037 5419 3090 5472 in
3119 5413 3307 5487 paucis
3339 5413 3422 5475 ta;

1863 5499 1989 5556 men
2023 5484 2247 5556 adultis,
2275 5485 2340 5539 ad
2382 5500 2520 5554 quos
2556 5485 2669 5556 haec
2695 5484 2964 5556 spectant,
3003 5484 3292 5542 incolumis
3318 5499 3420 5547 est.

1864 5553 1958 5607 sed
1990 5555 2312 5636 magisquie
2336 5553 2415 5635 ea
2441 5553 2760 5636 pteniteutia
2797 5558 3027 5636 exsistit.
3053 5557 3175 5613 Non
3201 5561 3420 5636 ergqad

1864 5638 1983 5694 eam
2023 5623 2214 5676 debuit
2245 5623 2457 5694 Masimi
2501 5624 2748 5679 doctrina
2789 5627 2984 5680 arctari
3027 5645 3039 5678 :
3081 5639 3144 5680 ac
3183 5623 3421 5694 proclive

1863 5692 1963 5744 fuit
1991 5709 2057 5745 ex
2090 5694 2237 5746 vocis
2281 5692 2536 5747 aﬂinitate
2555 5694 2633 5748 sic
2667 5696 2918 5763 imperito
2951 5692 3264 5764 antiquaria
3305 5712 3422 5754 mu-

1865 5771 2001 5827 tare,
2037 5778 2103 5816 ex
2143 5776 2251 5831 quo
2283 5778 2437 5817 error
2469 5764 2522 5816 in
2553 5764 2685 5818 alios
2717 5764 2878 5820 codd.
2911 5765 3210 5834 productus
3238 5766 3307 5821 sit

3035 5859 3109 5918 3's
