4208 6436
754 350 884 422 1067

1921 358 1981 418 S.
2025 355 2308 417 MAXIMI
2346 356 2853 419 CONFESSORIS

3865 350 4004 415 1063

822 470 908 523 76.
946 467 1196 522 Emunda
1238 468 1482 521 aninmm
1527 475 1681 522 tuum
1715 467 1785 521 ab
1827 466 1906 520 ira
1937 475 1992 520 ct
2022 464 2322 527 simultate,

2503 473 2609 530 og’.
2652 466 2900 538 Κάοαιρε
2939 465 3031 517 τὸν
3072 464 3196 518 νοῦν
3232 479 3327 517 σου
3360 464 3470 516 ἀπὸ
3501 461 3694 534 ὀργῆς,
3729 462 3824 515 καὶ
3858 479 4002 531 μνη-

752 578 814 619 ac
854 563 1108 633 turpibus
1144 562 1594 632 cogitationibus.
1644 562 1813 630 quue
1850 560 1944 615 ubi
1978 557 2324 629 praestiteris,

754 656 1150 710 iultabitantent
1177 653 1459 709 Christum
1486 669 1647 710 nosse
1682 652 1908 723 poteris.

823 750 907 801 77.
945 745 1080 813 Quis
1117 755 1169 801 te
1209 746 1538 800 illuminavit
1581 746 1636 799 in
1673 743 1835 798 ﬁdem
1873 754 2074 798 sanctae
2102 750 2160 793 et
2198 756 2329 793 con-

750 834 1128 894 substantiali's
1181 853 1243 892 ac
1304 836 1595 892 adorandze
1659 835 1981 898 Trinitatis;
2044 842 2141 886 aut
2201 831 2327 899 quis

749 930 1178 1003 dispensationis
1228 932 1281 984 in
1332 945 1499 988 carne
1547 928 1711 983 unius
1752 943 1783 983 e
1822 935 2009 982 sancta
2057 923 2325 978 Trinitate

753 1025 1001 1080 notitiam
1049 1023 1268 1079 intulit?
1297 1022 1432 1088 Quis
1471 1035 1606 1074 vero
1645 1018 1939 1090 spirituum
1977 1032 2073 1093 seu
2112 1014 2326 1068 animo-

750 1134 873 1173 rum
910 1118 1153 1173 rationes
1191 1115 1400 1177 doeuit,
1436 1113 1519 1167 vel
1560 1127 1676 1176 eas,
1710 1108 1831 1181 quae
1870 1109 1937 1164 ad
1976 1115 2160 1162 ortum
2200 1122 2325 1175 spe-

748 1218 899 1264 ctant
963 1223 1028 1263 ac
1085 1205 1616 1268 consummationem
1652 1201 1870 1256 .mundi
1936 1200 2100 1268 hujus
2149 1196 2324 1252 oculis

752 1299 1136 1370 aspectabilis,
1184 1298 1300 1352 sive
1342 1296 1508 1351 etiam
1554 1294 1622 1348 ad
1670 1290 2132 1348 resurrectionem
2177 1305 2325 1344 mor-

753 1405 973 1446 tuorum
996 1399 1052 1445 et
1076 1389 1241 1443 vitam
1263 1397 1546 1449 aeternam,
1564 1385 1649 1441 vel
1673 1385 1739 1439 ad
1762 1383 1993 1454 gloriam
2015 1391 2072 1437 et
2095 1397 2321 1452 regnum

750 1482 1013 1536 cmlorum
1071 1478 1527 1546 tremendumque
1568 1469 1878 1547 judicium?
1921 1472 2082 1544 455
2132 1472 2323 1525 Nonne

750 1591 869 1644 qua:
912 1573 966 1627 in
1011 1582 1064 1627 te
1106 1572 1322 1630 habitat
1361 1570 1563 1626 Christi
1608 1567 1808 1638 gratia,
1849 1575 2041 1634 estque
2084 1564 2322 1617 arrhabo

748 1667 921 1721 sancti
956 1665 1225 1736 Spiritus?
1258 1662 1398 1729 Quid
1436 1662 1538 1716 hac
1581 1660 1759 1729 majus
1806 1656 2018 1729 gratia?
2051 1665 2146 1710 aut
2187 1654 2320 1725 quid

752 1757 851 1811 hac
894 1754 1243 1826 praestantius
1283 1751 1554 1822 sapientia
1587 1759 1646 1806 et
1688 1749 1948 1811 scientia,
1986 1747 2188 1818 quidve
2229 1747 2318 1808 iis,

749 1861 871 1916 quae
907 1843 1176 1915 promissa
1209 1851 1360 1908 sunt,
1396 1842 1724 1898 sublimius?
1757 1842 1850 1895 Sin
1893 1848 2076 1895 autem
2117 1840 2321 1893 inertes

748 1949 1052 2005 segnesque
1095 1948 1306 1997 sumus,
1340 1947 1442 1987 nec
1474 1947 1505 1987 a
1549 1930 2064 2001 perturbationibus
2088 1944 2155 1989 ac
2186 1928 2322 1984 alle-

749 2023 933 2078 ctibus
992 2022 1424 2092 impedientibus
1479 2031 1829 2091 mentemque
1883 2019 2321 2086 emecantibus,

751 2128 849 2167 nos
895 2113 999 2183 ipsi
1039 2112 1421 2176 emundamus,
1462 2119 1525 2165 ut
1562 2110 1645 2166 vel
1695 2111 1813 2181 ipso
1847 2111 2050 2165 clarius
2081 2111 2194 2166 sole
2226 2111 2325 2164 ho-

751 2221 870 2258 tum
905 2205 1148 2260 rationes
1175 2204 1364 2260 videre
1384 2204 1682 2274 possimus,
1717 2204 1773 2257 in
1806 2218 1908 2259 nos
1933 2204 2082 2273 ipsos
2102 2218 2324 2258 causam

749 2297 1055 2351 referamus
1082 2336 1097 2359 ,
1148 2309 1251 2348 ncc
1291 2308 1414 2363 qua:
1466 2293 1522 2347 in
1576 2292 1737 2349 nobis
1792 2292 2038 2358 habitat,
2091 2293 2323 2364 gratiam

752 2388 1102 2458 :ibncgcmus.

820 2477 906 2530 78.
932 2476 1044 2543 Qui
1078 2475 1175 2530 tibi
1222 2483 1427 2530 aeterna
1487 2475 1630 2530 bona
1674 2474 1952 2545 pollicitus
1990 2483 2094 2540 est,
2155 2476 2322 2540 Deus,

752 2567 915 2634 inque
955 2572 1048 2619 tuo
1074 2572 1295 2634 pectore
1342 2562 1581 2633 Spiritus
1635 2561 2001 2618 arrhabonem
2043 2563 2215 2626 dedit,
2254 2564 2323 2627 is,

751 2672 943 2726 magna
970 2670 1099 2711 cura
1150 2670 1215 2708 ac
1246 2654 1530 2724 diligentia
1570 2654 1696 2709 vitae
1741 2655 1984 2710 rationes
2029 2654 2127 2709 tibi
2169 2654 2325 2709 insti-

751 2747 978 2803 tuendas
1008 2745 1299 2817 pnecepit;
1340 2753 1401 2799 ut
1428 2744 1594 2801 homo
1640 2746 1868 2802 interior
1917 2747 1987 2800 ab
2039 2746 2326 2802 affectibus

750 2849 915 2911 atque
965 2837 1115 2892 vitiis
1165 2837 1449 2902 liberatus,
1496 2836 1608 2907 jam
1650 2846 1766 2892 tum
1815 2837 1978 2891 bonis
2026 2836 2135 2891 frui
2184 2837 2325 2891 inci-

754 2940 928 3000 porci.

821 3023 908 3076 79.
960 3021 1276 3075 Divinarum
1328 3034 1394 3075 ac
1441 3018 1758 3073 sublimium
1800 3018 2324 3088 contemplationum

749 3129 975 3184 compos
1026 3114 1275 3177 effectus,
1309 3126 1559 3182 magnam
1589 3110 1945 3165 charitati-ac
1975 3109 2325 3166 continentia:
2352 3144 2395 3203 ε

749 3206 1092 3275 diligentiam
1118 3203 1261 3259 habe
1287 3221 1299 3257 :
1329 3218 1440 3273 quo
1458 3217 1655 3272 nempe
1674 3209 1885 3272 partem
1916 3200 2081 3255 animi
2116 3200 2327 3256 allecti-

755 3302 855 3358 bus
874 3297 1186 3359 obnoxiam,
1224 3295 1676 3366 imperturbatam
1729 3308 1974 3358 servans,
2009 3294 2329 3349 indelicicns

755 3390 1106 3460 animijubar
1130 3389 1398 3444 obtinens.

824 3478 909 3533 80.
942 3478 1271 3533 lrasccntem
1322 3475 1490 3531 animi
1545 3484 1755 3546 partem
1796 3475 2067 3530 charitate
2128 3474 2324 3540 frena;

754 3572 980 3638 ejusque
1011 3578 1219 3639 partem
1244 3568 1723 3638 concupiscentem
1756 3566 2107 3622 continentia:
2128 3567 2330 3621 labori-

758 3661 859 3715 bus
886 3676 1138 3714 macera:
1195 3659 1303 3713 vim
1356 3666 1541 3713 autem
1602 3656 1831 3713 rationis
1875 3655 2142 3713 orationis
2178 3655 2329 3711 cultu

753 3750 1045 3804 sublimem
1062 3748 1215 3814 leva;
1244 3761 1346 3803 nec
1374 3746 1512 3802 ullas
1538 3760 1777 3817 unquam
1800 3744 1999 3800 mentis
2016 3753 2124 3800 tua:
2144 3746 2331 3801 lumen

758 3857 876 3896 tunc
890 3854 1016 3894 oras
1046 3839 1314 3894 incurret.

828 3934 917 3985 81.
955 3930 1088 3996 Qum
1144 3929 1500 3985 dilectionem
1548 3928 1790 3991 solvunt,
1838 3927 1957 3981 [nec
1996 3926 2112 3982 fere
2167 3934 2328 3993 sunt;

758 4039 976 4093 nempe,
1020 4024 1298 4077 detractus
1332 4021 1529 4086 honor,
1558 4019 1744 4074 damni
1797 4019 1932 4074 illati
1974 4019 2190 4091 injuria,
2243 4034 2333 4074 ca-

758 4111 986 4176 lumnia,
1018 4110 1132 4166 sive
1159 4108 1215 4163 in
1242 4108 1370 4173 ﬁde,
1402 4108 1517 4163 sive
1541 4108 1597 4163 in
1626 4108 1736 4163 vita
1767 4123 1833 4163 ac
1882 4107 2161 4175 moribus;
2206 4125 2333 4165 ver-

760 4206 912 4265 bera,
943 4202 1191 4264 vulnera,
1237 4209 1343 4255 etc.
1391 4201 1571 4269 Atque
1613 4198 1733 4254 haec
1764 4198 1848 4253 vel
1887 4214 2008 4269 qua:
2036 4198 2140 4269 ipsi
2197 4214 2333 4254 con-

756 4297 994 4364 tingant,
1026 4292 1113 4348 vel
1144 4307 1267 4361 qua:
1309 4285 1552 4346 aflini'um
1598 4290 1837 4361 cuipiam
1879 4306 1978 4346 seu
2032 4291 2333 4346 amicorum

759 4389 1093 4457 irrogentur.
1118 4383 1222 4451 Qui
1252 4383 1421 4455 igitur
1451 4383 1649 4438 horum
1704 4383 1939 4454 alicujus
1968 4397 2133 4438 causa
2192 4382 2333 4437 dile-

763 4476 1005 4532 ctionem
1025 4474 1274 4529 solvitac
1296 4473 1643 4535 charitatem,
1696 4473 1742 4528 is
1787 4472 2024 4528 necdum
2077 4473 2331 4543 quisnam
2366 4481 2410 4535 ι)

770 4569 896 4623 finis
925 4569 998 4624 sit
1019 4567 1404 4622 mandatorum
1436 4564 1640 4621 Christi
1666 4566 1940 4637 cognovit.

838 4658 924 4712 8‘2.
979 4656 1149 4712 Stude
1200 4665 1406 4726 quanta
1458 4654 1688 4710 facultas
1742 4656 1993 4724 quemvis
2049 4656 2333 4712 hominum

760 4749 1010 4819 diligere.
1051 4747 1146 4803 Sin
1174 4755 1357 4803 autem
1390 4745 1445 4800 id
1483 4745 1718 4801 necdum
1751 4757 2009 4816 praestare
2032 4748 2204 4813 vales,
2248 4750 2334 4804 vel

756 4850 910 4897 certe
941 4839 1219 4895 neminem
1276 4838 1480 4893 oderis.
1510 4838 1588 4894 Ac
1635 4852 1705 4892 ne
1761 4838 1867 4894 hoc
1916 4838 2140 4908 quidem
2187 4840 2336 4896 vales

765 4942 1042 5003 pnestare,
1075 4931 1181 4985 nisi
1205 4945 1328 5000 quae
1347 4939 1476 4985 sunt
1502 4929 1694 4985 mundi
1721 4931 2138 5000 contempseris.

831 5025 918 5080 85.
960 5023 1082 5078 Tibi
1110 5023 1313 5092 aliquis
1344 5021 1665 5076 maledixit?
1689 5022 1767 5076 Ne
1820 5021 1972 5076 illum
2002 5020 2207 5087 oderis,
2239 5023 2333 5077 sed

759 5118 910 5189 quod
945 5117 1003 5172 in
1035 5126 1088 5172 te
1131 5117 1394 5187 iactatum
1422 5124 1507 5170 est
1569 5114 1944 5177 maledictum,
1981 5115 2208 5185 ejusque
2257 5116 2337 5186 ja-

762 5209 947 5267 ctandi
978 5215 1282 5265 auctorem.
1318 5205 1622 5260 diabolum.
1655 5205 1747 5259 Sin
1781 5215 1963 5259 autem
2000 5206 2175 5274 ipsum
2203 5208 2334 5261 ode-

763 5303 860 5367 ris,
894 5301 991 5371 qui
1026 5299 1328 5363 maledixit,
1354 5298 1633 5353 hominem
1658 5298 1843 5362 odisti,
1871 5313 2107 5369 reusque
2130 5315 2191 5352 es
2220 5299 2330 5352 viu-

762 5391 855 5448 lati
889 5390 1175 5465 mandati:
1208 5404 1273 5445 ac
1330 5389 1475 5458 quod
1527 5388 1619 5444 ille
1678 5388 1810 5444 fecit
1864 5387 2054 5452 verbo,
2107 5397 2163 5442 tu
2205 5390 2339 5445 facis

759 5498 950 5554 opere.
977 5480 1073 5537 Sin
1098 5489 1281 5535 autem
1313 5496 1498 5536 servas
1521 5480 1861 5542 mandatum,
1886 5495 2005 5549 qua:
2026 5480 2338 5537 dilectionis

761 5580 911 5642 sunt,
942 5571 1164 5637 exhibe,
1193 5587 1256 5627 ac
1289 5573 1334 5627 si
1368 5572 1499 5643 quid
1534 5587 1632 5641 per
1667 5571 1983 5628 facultatem
2021 5571 2168 5639 licet,
2196 5572 2336 5627 ferto

763 5680 947 5735 opem,
973 5673 1035 5720 ut
1062 5679 1092 5719 a
1120 5663 1266 5720 malo
1289 5663 1512 5720 liberes.

837 5758 927 5813 st.
958 5756 1077 5811 Non
1117 5756 1234 5810 vult
1258 5754 1530 5823 Christus,
1590 5764 1649 5809 ut
1711 5754 1971 5811 adversus
2025 5758 2335 5828 quempiam

2428 557 2702 621 σικακίας,
2736 558 2831 611 καὶ
2871 556 2980 609 τῶν
3021 555 3263 626 αίσχρῶν
3290 554 3585 623 λογισμῶν.
3620 554 3729 606 Καὶ
3758 553 3885 606 τότε
3917 552 3999 605 δυ-

2425 649 2565 720 νήσῃ
2590 650 2792 718 γνῶναι
2823 649 2927 720 τὴν
2954 646 3048 702 τοῦ
3075 647 3313 718 Χριστοῦ
3341 646 3636 716 ἐνοίκησιν.

2495 741 2590 804 οζ’.
2634 723 2730 804 Τίς
2763 757 2822 794 σε
2853 742 3120 810 ἐφώτισεν
3151 742 3232 803 εἰς
3255 741 3357 810 τὴν
3382 740 3564 792 πίστιν
3587 739 3685 808 τῆς
3712 738 3881 805 ἁγίας
3905 736 4002 790 καὶ

2424 833 2708 900 ὁμοουσίου
2743 833 2835 886 καὶ
2862 835 3247 902 προσκυνητῆς
3276 831 3508 901 Τριάδος
3531 830 3680 899 (4ης
3716 829 3753 899 ἢ
3784 829 3871 889 τίς
3918 844 4001 879 σοι

2425 922 2689 993 ἐγνώρισε
2717 924 2817 994 τὴν
2844 924 3107 994 ἔνσαρκον
3127 921 3438 992 οἰκονομίαν
3460 923 3553 975 τοῦ
3577 922 3695 985 ἐνὸς
3712 922 3812 990 τῆς
3835 921 4001 987 ἁγίας

2427 1016 2676 1087 Τριάδοςς
2717 1016 2812 1080 Τίς
2863 1016 2920 1070 δέ
2949 1032 3009 1068 σε
3064 1015 3270 1082 ἐδίδαξε
3329 1016 3459 1078 τοὺς
3508 1015 3637 1085 περὶ
3684 1013 3999 1083 ἀσωμάτων

2422 1107 2637 1175 λόγους,
2669 1108 2703 1177 ἢ
2745 1110 2871 1171 τοὺς
2916 1108 3044 1177 περὶ
3096 1108 3363 1175 γενέσεως
3416 1108 3512 1160 καὶ
3560 1106 3874 1169 συντελείας
3904 1104 3997 1157 τοῦ

2423 1198 2706 1268 ὁρωμένου
2759 1198 2966 1268 κόσμου
2987 1215 3001 1228 ο
3035 1197 3069 1267 ἢ
3114 1198 3242 1268 περὶ
3289 1197 3390 1268 τῆς
3421 1200 3486 1250 ἐκ
3513 1198 3724 1267 νεκρῶν
3756 1198 3997 1251 ἀναστά-

2424 1305 2563 1351 σεως
2594 1300 2686 1343 καί
2714 1289 2934 1343 αἰωνίου
2960 1290 3130 1361 ζωῆς,
3160 1291 3194 1359 ἢ
3229 1289 3362 1360 περὶ
3389 1291 3484 1359 τῆς
3517 1289 3675 1359 δόξης
3699 1289 3802 1359 τῆς
3844 1289 3998 1359 βασι-

2423 1380 2572 1444 λείας
2604 1381 2712 1434 τῶν
2737 1382 3003 1453 οὐρανῶν,
3042 1384 3136 1437 καὶ
3164 1382 3262 1452 τῆς
3288 1381 3529 1452 φοϐερᾶς
3572 1382 3835 1453 κρίσεωςς
3860 1382 3997 1452 Οὐχὶ

2424 1472 2638 1542 ἠχάρις
2662 1473 2756 1526 τοῦ
2782 1472 3018 1543 Χριστοῦ
3049 1474 3082 1542 ή
3109 1474 3394 1527 ἐνοικοῦσα
3439 1476 3498 1525 ὲν
3525 1473 3637 1538 σοί;
3689 1474 3815 1544 ἥτις
3848 1474 3995 1526 ἐστὶν

2422 1567 2451 1616 ὀ
2477 1564 2733 1637 ἀρραϐὼν
2770 1565 2863 1619 τοῦ
2897 1566 3055 1633 ἁγίου
3082 1566 3436 1635 Πνεύματος;
3471 1566 3538 1619 Τί
3572 1566 3758 1636 μεῖζον
3785 1566 3991 1634 ταύτης

2422 1658 2521 1727 τῆς
2567 1658 2820 1728 χάριτοςς
2864 1658 2898 1727 ἢ
2949 1658 3001 1711 τί
3039 1661 3290 1729 κρεῖττον
3319 1657 3520 1727 ταύτης
3544 1658 3643 1728 τῆς
3676 1657 3873 1726 σοφίας
3903 1658 3995 1709 καὶ

2423 1750 2519 1817 τῆς
2573 1733 2864 1817 γνώσεως;
2908 1749 2942 1819 ἦ
2980 1749 3033 1802 τί
3080 1748 3187 1802 τῶν
3230 1750 3573 1817 ἐπαγγελιῶν
3623 1749 3992 1819 ὑψηλότερονς

2422 1841 2488 1893 Εἰ
2514 1840 2571 1893 δέ
2606 1842 2775 1912 ἐσμεν
2821 1842 2983 1912 ἀργοὶ
3015 1840 3109 1893 καὶ
3151 1838 3392 1910 ἀμελεῖς,
3425 1840 3516 1892 καὶ
3548 1840 3623 1909 μὴ
3655 1837 3993 1909 καθαίρομεν

2422 1931 2649 1995 ἑαυτοὺς
2680 1931 2788 1984 τῶν
2836 1926 3153 1985 κωλυόντων
3199 1931 3366 2001 ἡμᾶς,
3403 1932 3497 1984 καὶ
3541 1930 3633 1984 τὸν
3682 1930 3811 1984 νοῦν
3841 1931 3996 2002 ἡμῶν

2422 2026 2829 2096 ὲκτυφλούντων
2863 2026 3068 2089 παθῶν,
3099 2024 3241 2079 ὥστε
3262 2027 3519 2081 δύνασθαι
3546 2026 3642 2081 καὶ
3672 2026 3996 2098 τρανότερον

2424 2117 2577 2190 ἡλίου
2607 2119 2733 2182 τοὺς
2762 2118 3121 2190 περὶτούτων
3149 2117 3342 2187 λόγους
3364 2117 3516 2188 ὁρᾷν,
3554 2117 3781 2178 ἑαυτοὺς
3813 2116 3994 2168 αἰτια-

2425 2209 2670 2281 σώμεθα,
2706 2211 2803 2265 καὶ
2834 2209 2909 2281 μὴ
2932 2208 3033 2280 τὴν
3061 2210 3160 2280 τῆς
3184 2209 3407 2280 χάριτος
3437 2206 3712 2276 ἐνοίκησιν
3744 2206 3996 2279 ἀρνησὼ-

2424 2296 2584 2369 μεθα.

2493 2479 2595 2542 οη⁹.
2664 2472 2723 2526 Ὀ
2786 2471 3257 2542 ὲπαγγειλάμενός
3317 2486 3400 2523 σοι
3466 2468 3604 2532 Θεὸς
3672 2469 3743 2527 τὰ
3805 2467 3998 2522 αἰώνια

2423 2563 2625 2632 ἀγαθὰ,
2675 2563 2773 2616 καὶ
2817 2563 2910 2615 τὸν
2968 2561 3270 2634 ἀρῤαδῶνα
3323 2561 3418 2615 τοῦ
3451 2560 3769 2630 Πνεύματος
3815 2560 3876 2612 ἐν
3930 2563 3996 2630 τῇ

2423 2657 2621 2728 καρδίᾳ
2665 2654 2914 2716 δεδωκὼς
2937 2694 2953 2716 ,
3026 2654 3330 2707 ἐνετείλατό
3378 2671 3459 2708 σοι
3514 2653 3895 2724 ἐπιμελεῖσθαί
3941 2669 3999 2704 σε

2422 2745 2517 2799 τοῦ
2549 2745 2688 2815 βίου,
2727 2746 2816 2799 ἵνα
2871 2747 2900 2799 ὀ
2952 2745 3059 2798 ἔσω
3113 2744 3400 2816 ἄνθρωπος
3442 2742 3551 2798 τῶν
3600 2743 3791 2798 παθῶν
3846 2743 3999 2797 ἐλευ-

2424 2835 2705 2907 θερωθεὶς,
2731 2836 2962 2907 ἄρξηται
2990 2835 3327 2891 ἀπεντεῦϐεν
3349 2836 3448 2907 τῆς
3476 2835 3585 2890 τῶν
3611 2835 3837 2903 ἀγαθῶν
3860 2836 4001 2890 ἀπο-

2423 2927 2688 2991 λαύσεως.

2493 3021 2590 3076 σθ’.
2636 3022 2760 3075 Τῶν
2798 3022 2959 3076 θείων
2987 3023 3083 3076 καὶ
3120 3022 3342 3093 ὑψηλῶν
3391 3020 3756 3086 καταξιωθεὶς
3785 3019 4003 3090 θεωρη-

2431 3116 2616 3184 μάτων
2636 3152 2652 3178 ,
2683 3113 2892 3184 σφόδρα
2939 3113 3204 3184 ἐπιμελοῦ
3235 3113 3460 3182 ἀγάπης
3489 3113 3584 3167 καὶ
3626 3112 3957 3182 ἐγκρατείας
3992 3125 4004 3141 ’

2429 3207 2517 3258 ἵνα
2548 3204 2608 3257 τὸ
2648 3204 2953 3274 παθητικὸν
3001 3205 3276 3276 ἀτάραχον
3305 3204 3683 3272 διαφυλάττων
3707 3243 3723 3268 ,
3751 3202 4005 3257 ἀνέκλει-

2428 3315 2559 3351 πτον
2589 3295 2719 3369 ’ἐξῃς
2746 3298 2807 3349 τὺ
2832 3297 2932 3367 τῆς
2960 3296 3139 3367 ψυχῆς
3170 3296 3393 3364 φέγγος.

2500 3486 2574 3532 π’.
2612 3478 2686 3532 Τὸ
2733 3477 2964 3548 θυμικόν
3011 3478 3109 3548 τῆς
3158 3476 3373 3548 ψυχῆς,
3427 3475 3616 3545 ἀγάπῃ
3657 3473 3961 3543 χαλίνωσον
3988 3488 4003 3501 ·

2429 3571 2525 3625 καὶ
2547 3571 2609 3624 τὸ
2629 3569 3028 3639 ἐπιθυμητικὸν
3049 3568 3220 3640 αὐτῆς
3268 3566 3568 3637 ἐγκρατείᾳ
3587 3565 4004 3636 καταμάρανον·

2431 3664 2525 3717 καὶ
2556 3663 2618 3717 τὸ
2660 3662 2879 3731 λογικὸν
2907 3662 3084 3732 αὐτῆς
3124 3663 3401 3732 προσευχῇ
3455 3660 3739 3731 πτέρωσον
3764 3674 3780 3690 ο
3826 3659 3924 3712 καὶ
3949 3657 4010 3711 τὺ

2432 3756 2548 3825 φῶς
2576 3753 2670 3808 τοῦ
2700 3753 2793 3809 νοῦ
2817 3755 2920 3808 οὐκ
2948 3752 3296 3825 ἀμαυροῦται
3329 3768 3483 3806 ποτε.

2505 3934 2619 3990 πα’.
2672 3934 2754 3988 Τὰ
2780 3933 2880 4006 τὴν
2928 3934 3151 4005 ἀγάπην
3202 3933 3422 3996 λύοντα,
3459 3934 3570 3988 εἰσὶ
3615 3932 3831 3989 ταῦτα·
3868 3926 4007 3996 οἷον,

2433 4028 2645 4098 ἀτιμία,
2677 4026 2874 4098 ζημία,
2908 4027 3265 4096 συκοφαντία,
3295 4025 3328 4096 ἢ
3360 4026 3441 4089 είς
3466 4025 3670 4088 πίστιν,
3693 4027 3729 4095 ἢ
3755 4027 3840 4088 είς
3871 4024 4009 4095 βίον·

2434 4118 2634 4190 δαρμοί
2660 4161 2675 4182 ,
2725 4118 2934 4188 πληγαὶ
2961 4157 2975 4181 ,
3024 4118 3120 4172 καὶ
3154 4116 3224 4170 τὰ
3255 4118 3383 4187 ἑξῆς
3405 4134 3420 4149 °
3458 4119 3553 4172 καὶ
3580 4117 3758 4173 ταῦτα
3786 4119 3821 4191 ἢ
3861 4120 4014 4190 αὐτῷ

2437 4211 2819 4280 συμϐαίνοντα,
2852 4211 2885 4279 ἦ
2919 4227 3028 4263 τινι
3065 4209 3173 4263 τῶν
3206 4209 3371 4263 αὐτοῦ
3419 4209 3702 4279 συγγενῶν
3731 4211 3768 4282 ἢ
3817 4210 4012 4280 φίλων.

2449 4303 2507 4357 Ὅ
2531 4298 2627 4357 οὖν
2651 4302 2741 4355 διά
2771 4319 2824 4356 τι
2859 4302 3065 4355 τούτων
3097 4300 3238 4355 λύων
3263 4300 3365 4373 τὴν
3395 4301 3639 4371 ἀγάπην,
3682 4300 3843 4355 οὔπω
3870 4302 4015 4372 ἔγνω

2435 4399 2521 4461 τίς
2546 4401 2576 4452 ὁ
2602 4396 2802 4461 σκοπὸς
2834 4396 2945 4450 τῶν
2975 4395 3073 4450 τοῦ
3101 4394 3341 4467 Χριστοῦ
3367 4394 3619 4450 ἐντολῶν.

2507 4655 2620 4727 πβ’.
2672 4656 2982 4711 Σπούδασον
3031 4656 3158 4712 ὅσον
3209 4657 3433 4725 δύνασαι
3490 4659 3673 4713 πάντα
3720 4658 4018 4730 ἄνθρωπον

2438 4749 2743 4818 ἀγαπῆσαι.
2778 4749 2841 4803 Et
2886 4749 2945 4803 δὲ
2974 4747 3132 4803 τοῦτο
3163 4748 3316 4803 οὔπω
3354 4748 3582 4804 δύνασαι
3605 4791 3620 4815 ,
3657 4749 3764 4805 κᾶν
3807 4753 4019 4823 μηδένα

2441 4840 2696 4912 μισήσῃς.
2733 4841 2809 4894 Οὐ
2858 4839 3084 4895 δύνασαι
3132 4840 3189 4894 δὲ
3218 4841 3341 4895 οὐδὲ
3367 4840 3523 4895 τοῦτο
3554 4840 3821 4913 ποιῆσαι,
3861 4843 3915 4897 εἰ
3947 4844 4017 4913 μὴ

2348 4990 2351 4994 ,
2436 4935 2546 4987 τῶν
2567 4933 2662 4988 τοῦ
2696 4934 2904 5005 κόσμου
2934 4935 3279 5007 πραγμάτων
3304 4937 3749 5008 καταφρονήσῃς.

2510 5031 2621 5094 πγ’.
2668 5024 2727 5079 ὐ
2750 5025 2898 5079 δεῖνα
2927 5025 3322 5097 ἐϐλασφήμησε
3344 5042 3358 5055 ·
3405 5024 3479 5096 μὴ
3510 5026 3755 5098 μισήσῃς
3786 5026 4017 5087 ἐκεῖνον,

2439 5113 2575 5167 ἀλλὰ
2604 5113 2712 5187 τὴν
2744 5114 3117 5185 βλασφημίαν,
3150 5114 3246 5171 καὶ
3281 5114 3373 5169 τὸν
3406 5113 3803 5185 βλασφημῆσαι
3846 5132 4019 5186 παρα-

2442 5204 2792 5259 σκευάσαντα
2837 5205 3090 5276 δαίμονα.
3156 5206 3219 5260 Εἰ
3275 5206 3330 5259 δὲ
3392 5206 3484 5259 τὸν
3536 5204 4019 5277 βλασφημήσαντα

2444 5302 2644 5368 μισεῖς,
2675 5300 2961 5371 ἄνθρωπον
3011 5302 3304 5372 ἐμίσησας,
3337 5303 3431 5356 καὶ
3462 5301 3562 5370 τὴν
3606 5302 3834 5370 ἐντολὴν
3874 5320 4017 5371 παρ-

2443 5390 2575 5462 έϐης
2601 5408 2616 5423 ·
2645 5393 2739 5445 καὶ
2764 5393 2902 5463 ὅπερ
2932 5393 3141 5457 ἐκεῖνος
3172 5392 3250 5462 τῷ
3275 5393 3420 5463 λόγῳ
3451 5391 3696 5461 ἐποίησε,
3729 5395 3912 5455 ποιεῖς
3954 5394 4018 5443 σὺ

2442 5482 2521 5552 τῷ
2570 5481 2736 5553 ἔργῳ.
2791 5483 2852 5536 El
2903 5483 2961 5536 δὲ
3010 5482 3109 5554 τὴν
3161 5483 3380 5554 ἐντολὴν
3430 5482 3755 5552 φυλάττεις,
3807 5484 3881 5537 τὰ
3925 5486 4020 5555 τῆς

2443 5573 2665 5644 ἀγάπης
2690 5571 2951 5639 ἐπίδειξαι
2972 5590 2986 5605 ·
3014 5575 3109 5629 καὶ
3148 5576 3202 5628 ετ
3230 5593 3282 5628 τι
3312 5575 3560 5641 δύνασαι,
3597 5574 3898 5646 βοήθησον,
3935 5576 4019 5629 ἵνα

2442 5664 2537 5719 τοῦ
2568 5666 2740 5720 κακοῦ
2771 5667 2932 5722 αὑτὸν
2970 5668 3305 5740 ἀπαλλάξῃς.

2519 5756 2619 5813 πδ’.
2652 5760 2725 5813 Οὐ
2760 5760 2903 5814 θέλει
2942 5777 3000 5815 σε
3026 5761 3055 5814 ὁ
3087 5762 3320 5831 Χριστὸς
3370 5762 3524 5831 μῖσος
3565 5759 3713 5830 ἔχειν
3741 5759 3883 5831 πρὸς
3924 5759 4017 5812 ἆν-
