4208 6436
226 409 351 475 ωδε)

1079 403 1426 466 CAPITUM
1467 404 1566 463 DE
1603 396 2035 463 CHARITATE
2069 405 2457 467 CENTURIA
2496 408 2592 469 IV.

3321 407 3455 474 1070

220 523 452 593 θρωπον,
487 519 520 588 ἢ
550 518 727 588 λύπην
758 517 986 588 ἢόργὴν
1020 516 1054 586 ἢ
1089 514 1460 585 μνησικακίαν
1492 512 1774 567 τοσύνολον

1883 512 2168 569 hominum
2200 517 2388 570 odium
2415 517 2638 581 habeas,
2660 516 2825 589 456
2850 527 2946 572 aut
2969 517 3100 588 aegri
3132 517 3304 572 animi
3328 533 3455 572 sen-

220 610 331 665 καθ’
384 611 695 681 οἰονδήποτε
732 608 958 679 τρόπον,
1010 607 1043 675 ἢ
1092 607 1159 660 δι’
1195 605 1509 674 οἱονδήποτε
1545 605 1780 672 πρᾶγμα

217 703 568 772 πρόσκαιρον.
620 701 730 756 Καὶ
760 700 920 754 τοῦτο
967 699 1144 769 πάντη
1200 696 1366 767 βοῶσι
1421 696 1492 749 τά
1536 695 1780 764 τέσσαρα

217 794 540 863 Εὐαγγέλια.
1386 798 1388 801 ·

282 981 391 1029 πθ.
417 973 611 1028 Πολλοί
639 975 809 1044 ἐσμεν
835 973 887 1027 οί
918 971 1191 1041 λέγοντες,
1213 969 1385 1037 ὀλίγοι
1412 970 1467 1020 δὲ
1496 970 1546 1020 οἱ
1569 965 1782 1018 ποιοῦν-

211 1086 319 1132 τες.
366 1066 507 1120 Ἀλλ’
551 1063 646 1119 οῦν
687 1066 779 1118 τὸν
812 1064 972 1132 λόγον
1019 1063 1114 1116 τοῦ
1175 1060 1310 1114 Θεοῦ
1356 1060 1531 1122 οὐδεὶς
1582 1057 1779 1123 ὤφειλε

212 1159 452 1214 νοθεύειν
483 1158 570 1211 διὰ
593 1158 691 1226 τὴν
726 1155 864 1209 ἰδίαν
891 1155 1155 1225 ἀμέλειαν
1177 1168 1192 1183 ·
1232 1151 1347 1207 ἀλλ’
1373 1149 1655 1220 ὁμολογεῖν
1683 1148 1781 1218 μὲν

209 1250 308 1319 τὴν
351 1247 549 1303 ἑαυτοῦ
596 1246 902 1307 ἀσθένειαν,
955 1244 1029 1315 μὴ
1065 1240 1437 1312 ἀποκρύπτειν
1465 1239 1521 1292 δὲ
1555 1238 1654 1308 τὴν
1686 1238 1780 1290 τοῦ

210 1339 349 1393 Θεοῦ
387 1338 683 1409 ἀλήθειαν·
736 1338 824 1389 ἶνα
882 1335 956 1405 μὴ
988 1334 1231 1387 ὑπόδικοι
1277 1329 1590 1401 γενώμεθα.
1643 1326 1782 1398 μετά

208 1430 308 1500 τῆς
331 1429 441 1481 τῶν
471 1427 702 1481 ἐντολῶν
730 1427 1116 1497 παραϐάσεως,
1149 1425 1241 1477 καὶ
1262 1424 1360 1492 τῆς
1383 1420 1477 1473 τοῦ
1504 1420 1662 1488 λόγου
1686 1418 1781 1471 τοῦ

209 1520 346 1574 θεοῦ
378 1537 518 1590 παρε
527 1519 665 1588 ξηγή
675 1535 830 1581 σεως.

277 1692 403 1759 πς·’.
449 1694 663 1763 Ἀγάπη
706 1695 801 1746 καὶ
827 1691 1165 1761 ἐγκράτεια,
1220 1686 1411 1740 παθῶν
1462 1686 1561 1755 τὴν
1605 1684 1781 1753 ψυχὴν

209 1786 626 1856 ὲλευθεροῦσιν·
668 1785 976 1850 ἀνάγνωσις
1020 1781 1113 1835 καὶ
1147 1780 1348 1850 θεωρία
1372 1817 1388 1841 ,
1418 1778 1640 1845 ἀγνοίας
1691 1777 1781 1829 τὸν

1886 620 2028 669 sum,
2055 616 2149 661 aut
2178 609 2335 671 iram,
2363 610 2595 664 ullamve
2616 610 2812 679 quovis
2826 610 3052 664 omnino
3074 610 3256 673 modo,
3282 608 3369 663 vel
3390 610 3459 669 ob

1887 697 2049 751 ullam
2082 714 2311 767 prorsus
2343 716 2459 754 rem
2493 707 2927 769 temporaneam,
2986 708 3175 755 teneas
3225 700 3456 769 injuria-

1888 804 2007 842 rum
2036 790 2375 844 memoriam.
2408 791 2589 860 Atque
2630 790 2735 844 hoc
2763 790 2989 844 omnino
3006 798 3246 859 quatuor
3275 788 3451 843 Evan-

1886 881 2027 950 gelia
2061 883 2318 936 clamant.

1956 972 2045 1026 85.
2078 973 2231 1029 Multi
2275 989 2467 1029 sumus
2495 975 2588 1045 qui
2640 975 2908 1042 dicamus,
2955 974 3116 1044 pauci
3153 975 3250 1045 qui
3292 974 3459 1031 facia-

1888 1080 2031 1118 mus.
2067 1065 2239 1119 Nemo
2295 1073 2500 1130 tamen,
2547 1066 2691 1135 quod
2727 1067 2843 1137 ipse
2870 1066 3155 1137 negligens
3202 1066 3458 1133 inersque

1888 1164 1995 1218 est,
2020 1158 2116 1211 Dei
2147 1159 2379 1213 verbum
2404 1158 2570 1213 debet
2590 1159 2901 1215 adulterare
2931 1178 2945 1213 :
3006 1159 3103 1215 sed
3149 1173 3306 1213 suam
3338 1156 3461 1226 qui-

1887 1245 2011 1300 dem
2043 1248 2202 1302 l‘ateri
2230 1247 2627 1307 inﬁrmitatem.
2650 1264 2753 1303 nec
2783 1258 2967 1304 tamen
3017 1257 3309 1318 propterea
3364 1246 3458 1305 Dei

1888 1339 2068 1395 celare
2099 1340 2415 1406 veritatem;
2443 1357 2513 1395 ne
2550 1340 2787 1411 duplicis
2812 1341 3063 1395 criminis
3092 1341 3172 1395 rei
3214 1339 3461 1393 invenia-

1891 1448 2036 1495 mur,
2086 1431 2234 1500 quod
2275 1446 2382 1485 non
2436 1433 2611 1486 solum
2654 1432 2909 1486 mandata
2969 1431 3454 1501 transgrediamur,

1884 1538 2079 1581 verum
2106 1524 2269 1576 etiam
2292 1523 2389 1578 Dei
2420 1523 2650 1577 verbum
2671 1539 2733 1577 ac
2756 1524 3092 1593 Seripturam
3123 1524 3264 1579 male
3289 1524 3461 1580 inter-

1887 1623 2039 1681 ιιι-(ηρ
2049 1628 2186 1665 ιιιιιτ.

1959 1699 2046 1753 86.
2075 1700 2304 1753 Dilectio
2326 1708 2381 1753 et
2416 1701 2754 1755 continentia
2784 1702 3019 1755 animam
3054 1702 3122 1756 ab
3168 1702 3460 1758 aﬂ'ectibus

1889 1797 2053 1858 atque
2076 1789 2227 1843 vitiis
2249 1789 2486 1843 liberant
2518 1806 2531 1842 :
2566 1789 2728 1843 lectio
2748 1798 2928 1844 autem
2960 1798 3016 1845 et
3047 1792 3455 1861 contemplatio,

208 1876 337 1930 νοῦν
385 1874 818 1928 ἀπαλλάττουσιν
842 1890 857 1905 ο
892 1873 926 1941 ή
960 1871 1016 1923 δὲ
1045 1870 1142 1940 τῆς
1175 1868 1483 1937 προσευχῆς
1511 1866 1784 1918 κατάστα-

1886 1887 2123 1934 mentem
2175 1882 2244 1935 ab
2272 1880 2579 1950 ignorantia
2612 1880 2885 1946 eximunt;
2920 1890 2977 1936 at
3021 1896 3143 1935 eam
3193 1884 3461 1938 orationis

210 1982 297 2028 σις
321 1966 418 2036 (υ),
450 1964 596 2034 αύτῷ
626 1963 957 2032 παρίστησιν
987 1960 1151 2013 αὑτὸν
1181 1959 1263 2028 τῷ
1291 1957 1430 2027 Θεῷ.

280 2053 392 2120 σις’.
421 2056 591 2108 Ὅταν
620 2054 808 2107 ίδωσιν
841 2053 988 2123 ἡμᾶς
1017 2052 1067 2104 οί
1107 2050 1361 2120 δαίμονες
1387 2049 1495 2102 τῶν
1523 2046 1783 2118 πραγμά-

207 2164 318 2201 των
349 2147 444 2199 τοῦ
492 2145 698 2214 κόσμου
752 2139 1229 2211 καταφρονοῦντας
1253 2138 1365 2208 (48)
1390 2178 1406 2201 ,
1459 2138 1546 2189 ἵνα
1595 2138 1668 2205 μὴ
1716 2134 1783 2187 δι’

210 2240 355 2292 αὐτά
398 2237 524 2299 τοὺς
567 2233 890 2305 ἀνθρώπους
944 2231 1267 2301 μισήσωμεν
1298 2229 1518 2297 καὶτῆς
1562 2228 1783 2296 ἀγάπης

210 2330 557 2397 ἐκπέσωμεν,
581 2325 703 2377 τότε
737 2321 1101 2390 συκοφαντίας
1126 2319 1247 2372 καθ’
1272 2318 1430 2389 ήμῶν
1457 2316 1780 2386 ἐγείρουσιν,

210 2418 298 2470 ἵνα
329 2418 430 2484 τὴν
459 2415 636 2485 λύπην
677 2412 753 2483 μὴ
784 2412 1041 2483 φέροντες
1063 2452 1078 2475 ,
1110 2409 1236 2473 τοὺς
1270 2410 1784 2476 συκοφαντήσαντας

212 2511 559 2578 μισήσωμεν.

280 2597 399 2668 πη’.
434 2598 550 2651 Οὐκ
580 2597 697 2651 ἐστι
738 2598 902 2660 πόνος
943 2596 1121 2665 ψυχῆς
1175 2593 1476 2664 βαρύτερος
1510 2607 1783 2658 συκοφανο

206 2690 329 2752 τίας
361 2688 507 2759 (49),
542 2690 640 2742 κάν
680 2705 741 2740 τε
789 2689 869 2749 είς
903 2690 1086 2740 πίστιν
1110 2724 1126 2748 ,
1172 2685 1275 2738 κάν
1324 2701 1385 2736 τε
1425 2685 1505 2746 είς
1539 2681 1653 2752 βίον
1698 2697 1783 2742 τις

211 2782 635 2848 συκοφαντεῖται
658 2798 671 2811 ·
721 2778 817 2831 καὶ
851 2778 1029 2840 οὐδεὶς
1058 2776 1267 2845 ταύτης
1294 2776 1659 2843 καταφρονεῖν
1690 2771 1782 2823 δύ-

208 2889 390 2932 ναται,
424 2873 472 2924 εί
506 2870 579 2939 μὴ
614 2871 770 2940 μόνος
794 2871 824 2921 ό
853 2870 931 2931 είς
970 2866 1103 2919 Θεὸν
1144 2865 1587 2935 ἀποϐλεπόμενος
1638 2864 1714 2926 ὡς
1748 2864 1783 2933 ἡ

209 2964 495 3023 Σωσάννα,
541 2962 633 3016 τὸν
660 2963 821 3031 μόνον
862 2960 1164 3028 δυνάμενον
1192 2958 1283 3011 καὶ
1319 2956 1381 3021 ἐξ
1411 2954 1663 3025 ἀναγκῶν
1692 2954 1784 3025 ῥύη

210 3053 415 3107 σασθαι
444 3053 634 3121 ὥσπερ
667 3051 949 3121 κάκείνην,
991 3050 1089 3103 καὶ
1131 3050 1257 3111 τοὺς
1286 3046 1607 3117 ἀνθρώπους
1642 3045 1783 3115 πλη-

1883 1981 2056 2027 status
2083 1972 2186 2041 ipsi
2210 1972 2320 2025 Deo
2347 1971 2514 2025 sistit.

1950 2063 2037 2116 87.
2070 2061 2207 2117 Cum
2268 2078 2371 2116 nos
2421 2062 2662 2117 viderint
2712 2062 2990 2118 daemones
3040 2080 3105 2120 ea
3151 2080 3273 2135 quae
3328 2073 3459 2120 sunt

1883 2152 2074 2206 mundi
2098 2167 2383 2221 spernere,
2418 2169 2487 2208 ne
2518 2154 2738 2207 illorum
2772 2170 2935 2209 causa
2978 2156 3292 2225 quempiam
3321 2157 3456 2211 ode-

1883 2242 2057 2296 rimus
2089 2259 2152 2297 ac
2183 2243 2761 2313 charitatisjaeturam
2824 2244 3129 2299 faciamus:
3173 2253 3304 2300 tunc
3362 2262 3456 2301 ca-
3554 2254 3559 2259 '

1882 2332 2120 2388 lumnias
2146 2334 2201 2385 in
2220 2348 2319 2387 nos
2347 2334 2608 2399 excitant,
2633 2344 2715 2397 ut,
2738 2336 2868 2404 aagri
2892 2336 3060 2390 animi
3079 2336 3327 2392 dolorem
3346 2352 3458 2392 non

1883 2423 2143 2490 ferentes,
2171 2440 2361 2479 earum
2387 2424 2549 2480 nobis
2580 2433 2882 2481 structores
2904 2427 3207 2482 oderimus.

1950 2596 2036 2651 88.
2057 2597 2252 2652 Nullus
2280 2598 2475 2654 anima:
2504 2598 2721 2670 gravior
2744 2598 2920 2664 labor,
2940 2615 3106 2670 quam
3142 2600 3456 2667 calumniae,

1883 2688 1998 2742 sive
2030 2689 2146 2743 hate
2171 2688 2330 2744 ﬁdem
2364 2698 2532 2759 petat,
2583 2690 2697 2745 sive
2729 2691 2897 2745 vitam
2947 2706 3237 2761 moresque
3280 2694 3458 2763 respi-

1883 2778 2023 2844 ciat;
2061 2795 2164 2834 nec
2207 2780 2497 2849 quisquam
2542 2782 2944 2837 contemnendo
2987 2784 3077 2848 sit,
3126 2784 3233 2837 nisi
3281 2784 3457 2838 solum

1882 2871 1976 2940 qui
2013 2871 2186 2925 instar
2210 2872 2472 2927 Susanna!
2505 2872 2559 2926 in
2587 2874 2757 2928 Deum
2782 2874 3010 2944 aspiciat
3040 2876 3113 2941 ";
3152 2875 3247 2945 qui
3285 2876 3455 2941 solus,

1883 2961 2036 3016 velut
2083 2962 2252 3025 illam,
2298 2978 2329 3015 a
2382 2963 2806 3019 necessitatibus
2849 2972 3032 3034 potest
3070 2964 3338 3031 liberare;
3394 2980 3460 3020 ac

1884 3046 2027 3101 sicut
2049 3047 2103 3100 in
2124 3048 2234 3111 illa,
2267 3048 2470 3102 malum
2522 3064 2724 3105 nomen
2773 3050 3071 3122 depellere,
3122 3061 3287 3123 atque
3339 3054 3462 3111 ani-

210 3145 539 3218 ροτρορῆσαι,
570 3146 643 3208 ὡς
689 3146 783 3199 καὶ
809 3142 938 3214 περὶ
968 3141 1182 3212 ἐκείνης
1206 3156 1221 3171 ο
1255 3139 1350 3193 καὶ
1376 3138 1475 3209 τὴν
1506 3137 1686 3208 ψυχὴν
1714 3139 1781 3207 τῇ

1885 3152 2033 3191 mum
2063 3137 2179 3206 spei
2209 3137 2406 3191 solatio
2441 3137 2646 3193 levare.

210 3236 386 3289 ιλπίδι
418 3231 941 3305 παραμυθήσασθαι.

284 3328 395 3383 τπδ’.
425 3328 590 3380 Ὅσον
614 3326 751 3396 εῦχῃ
777 3328 841 3377 ὲκ
869 3327 967 3394 τῆς
1007 3324 1185 3393 ψυχῆς
1215 3321 1356 3391 ὑπὲρ
1382 3321 1479 3376 τοῦ
1514 3338 1784 3389 συκοφαν-

209 3423 513 3490 τήσαντος,
561 3416 813 3469 τοσοῦτον
866 3416 960 3468 καὶ
1006 3416 1036 3467 ό
1082 3415 1218 3477 θεὸς
1265 3414 1607 3485 πληροφορεῖ
1655 3412 1785 3475 τοὺς

212 3509 721 3571 σκανδαλισθέντας.

280 3692 357 3754 ιγ’.
396 3686 561 3739 Φύσει
602 3683 806 3753 ἀγαθὸς
847 3684 1007 3755 μόνος
1035 3685 1063 3737 ὁ
1094 3682 1228 3747 Θεός
1251 3699 1266 3714 ·
1306 3686 1400 3738 καὶ
1427 3682 1621 3755 γνώμῃ
1653 3686 1789 3753 ἁγα-

208 3777 324 3844 θὸς,
357 3779 517 3850 μόνος
546 3780 574 3831 ὁ
600 3777 955 3849 θεομίμητος.
1001 3776 1209 3840 Σκοπὸς
1232 3777 1343 3847 γὰρ
1370 3778 1517 3848 αύτῷ
1545 3779 1684 3841 ἐστι,
1708 3776 1787 3847 τῷ

209 3869 375 3939 φύσει
408 3867 596 3940 ἀγαθῷ
626 3870 752 3932 τοὺς
790 3869 1062 3938 πονηροὺς
1105 3869 1359 3938 συνάψαι,
1399 3870 1487 3922 ἵνα
1520 3869 1785 3936 γένωνται

207 3961 431 4030 ἀγαθοί.
481 3961 580 4015 Διά
620 3960 778 4014 τοῦτο
822 3961 914 4013 ὑπ’
986 3960 1166 4014 αὐτῶν
1215 3960 1623 4030 λοιδορούμενος
1691 3963 1787 4015 εύ-

207 4054 371 4123 λογῇ’
402 4055 726 4121 διωκόμενος
778 4053 1049 4123 ἀνέχεται·
1109 4052 1593 4122 βλασφημούμενος
1615 4070 1789 4124 παρα-

209 4146 410 4198 καλεῖ·
494 4144 849 4213 φονευόμενος
934 4142 1318 4214 ύπερεύχεται.
1379 4143 1563 4195 Πάντα
1622 4146 1784 4207 ποιεῖ,

207 4237 299 4290 ἵνα
324 4236 423 4289 τοῦ
456 4235 659 4288 σκοποῦ
687 4238 787 4304 τῆς
820 4235 1045 4305 ἀγάπης
1075 4234 1150 4305 μὴ
1176 4236 1411 4307 ἐκπέσῃ.

282 4407 396 4475 μα’.
423 4409 488 4460 Αἱ
520 4408 618 4478 μὲν
647 4407 858 4461 ἐντολαὶ
884 4406 976 4459 τοῦ
1007 4406 1237 4476 Κυρίου,
1269 4407 1610 4461 διδάσκουσιν
1642 4410 1786 4479 ἡμᾶς

1956 3314 2045 3369 89.
2074 3312 2346 3379 Quantum
2376 3328 2442 3368 ex
2464 3314 2647 3368 animo
2672 3328 2772 3383 pro
2805 3329 2874 3370 eo
2897 3330 3042 3381 oras,
3071 3332 3102 3372 a
3128 3332 3238 3388 quo
3265 3333 3458 3390 asper-

1887 3420 1981 3460 sus
2009 3404 2280 3459 calumnia
2305 3418 2386 3468 es,
2415 3412 2624 3459 tantum
2651 3405 2797 3459 Deus
2837 3406 2981 3475 apud
3015 3407 3138 3463 illos
3170 3407 3456 3480 abstergit,

1888 3512 2026 3567 quos
2080 3495 2173 3550 illa
2230 3495 2562 3563 oﬂ‘enderat,
2622 3498 2873 3568 laesaque
2923 3498 3081 3553 ﬁdem
3131 3501 3459 3560 innocentiae

1891 3590 2041 3644 facit.

1958 3682 2046 3737 9U.
2079 3680 2241 3736 Solus
2270 3681 2416 3736 Deus
2447 3688 2642 3735 natura
2663 3681 2843 3736 bonus
2867 3691 2952 3737 est
2985 3700 3000 3736 :
3029 3682 3312 3739 voluntate
3361 3699 3458 3738 au-

1887 3785 1998 3830 tem
2026 3776 2305 3844 animique
2336 3774 2609 3829 sententia
2645 3774 2795 3829 solus
2828 3773 3005 3829 bonus
3029 3784 3135 3841 est,
3160 3776 3255 3845 qui
3286 3776 3458 3831 Deum

1888 3867 2154 3921 imitatur.
2192 3867 2251 3921 ld
2284 3869 2431 3922 enim
2457 3867 2685 3921 omnino
2737 3867 2953 3936 satagit,
2986 3878 3047 3923 ut
3092 3869 3167 3933 ei,
3218 3868 3315 3937 qui
3358 3884 3457 3922 na-

1890 3970 2009 4016 tura
2042 3960 2218 4015 bonus
2260 3962 2351 4023 sit,
2394 3961 2568 4015 malos
2617 3963 2929 4031 conjungat,
2980 3978 3090 4032 quo
3142 3970 3198 4017 et
3249 3963 3287 4017 ii
3326 3964 3457 4018 boni

1887 4052 2270 4106 liant.ldcirco
2296 4054 2404 4106 illis
2430 4053 2883 4108 maledicentibus
2927 4053 3238 4119 benedicit;
3274 4070 3460 4124 perse—

1887 4144 2184 4213 quentibus
2262 4144 2532 4209 sustinet;
2586 4144 3114 4213 blasphemantibus,
3167 4144 3453 4211 obsecrat;

1888 4235 2262 4297 enecantibus,
2315 4243 2572 4302 precatur
2598 4236 2664 4287 ³ο.
2696 4233 2889 4289 Omnia
2919 4235 3159 4305 denique
3215 4236 3367 4303 facit,
3399 4246 3459 4292 ut

1891 4323 1957 4377 ab
1986 4336 2153 4391 sc0po
2175 4320 2486 4375 dilectionis
2517 4336 2623 4375 non
2649 4320 2884 4376 excidat.

1958 4414 2045 4468 9l.
2098 4413 2372 4481 Prazcepta
2439 4411 2721 4467 Dominica
2786 4413 2873 4467 bis
2932 4428 3054 4481 qua:
3113 4420 3243 4467 sunt
3290 4414 3458 4470 medii

206 4502 327 4563 τοῖς
388 4502 573 4570 μέσοις
622 4501 857 4570 εὐλόγως
911 4507 1221 4576 χρήσασθαι
1269 4508 1596 4577 ιιράγμασιο
1657 4512 1690 4578 ή
1725 4510 1781 4562 δὲ

1886 4504 2097 4559 ordinis
2120 4503 2322 4556 docent
2344 4503 2736 4556 convenienter
2766 4518 2833 4556 ex
2873 4503 3082 4557 ratione
3111 4503 3223 4557 uti:
3261 4519 3459 4559 conve-

206 4590 435 4659 εῦλογος
463 4591 571 4643 τῶν
600 4593 781 4662 μέσων
816 4596 1029 4666 χρῆσις,
1064 4597 1161 4667 τὴν
1200 4599 1297 4667 τῆς
1329 4599 1505 4669 ψυχῆς
1531 4600 1784 4667 καθαίρει

205 4683 585 4739 κατάστασιν
628 4686 661 4754 ή
707 4684 762 4738 δὲ
798 4686 1015 4759 καθαρά
1062 4690 1413 4752 κατάστασις,
1466 4691 1642 4745 τίκτει
1686 4695 1785 4761 τὴν

200 4775 489 4845 διάκρισιν
516 4792 529 4804 ⁸
562 4779 594 4847 ή
620 4776 678 4829 δὲ
703 4777 1002 4849 διάκρισις,
1050 4783 1224 4835 τίκτει
1267 4782 1364 4852 τὴν
1391 4783 1660 4839 ἀπάθειαν
1684 4828 1696 4852 ,
1729 4788 1787 4851 ἐξ

201 4864 275 4939 ἧς
311 4868 556 4923 τίκτεται
585 4872 615 4940 ή
644 4872 824 4925 τελεία
848 4874 1057 4945 ἀγάπη.

281 5035 394 5105 ιιβ¹.
431 5035 597 5089 Οὖπω
649 5037 763 5107 ἔχει
812 5039 910 5107 τὴν
964 5038 1233 5093 ἀπάθειαν
1260 5080 1274 5099 .
1305 5044 1333 5094 ό
1364 5043 1451 5097 διά
1512 5045 1782 5114 σύμϐατιν

204 5126 559 5196 πειρασμοῦ,
612 5127 674 5179 τὸ
726 5129 1012 5197 ἐλάττωμα
1068 5129 1159 5181 τοῦ
1203 5132 1357 5197 φίλου
1409 5135 1784 5203 παραὸλέπειν

208 5214 290 5283 μὴ
330 5213 659 5283 δυνάμενος,
694 5214 726 5285 ἢ
764 5214 823 5266 ὂν
869 5215 1049 5283 τυχὸν,
1095 5214 1128 5285 ἢ
1162 5215 1219 5268 δὲ
1269 5214 1411 5271 εἶναι
1457 5220 1665 5277 δοκοῦν.
1701 5227 1783 5279 Τά

978 5350 1021 5382 ³ο
1045 5350 1064 5404 1
1091 5349 1217 5405 Cor.
1246 5368 1316 5415 Iv,
1347 5353 1431 5406 12.

280 5464 362 5536 (ο)
390 5464 465 5536 fit
483 5463 551 5516 δὲ
579 5462 695 5536 τῆς
717 5464 1061 5536 προσευχῆς
1082 5465 1470 5533 κατάστασις.
1503 5469 1607 5523 Pro
1636 5479 1777 5526 statu

202 5549 274 5607 at:
295 5533 498 5607 indole
529 5533 768 5607 accipio;
796 5535 1098 5607 secundum
1143 5536 1288 5607 quod
1324 5537 1556 5607 Hesych.
1587 5547 1644 5592 et
1675 5541 1779 5594 Va-

205 5606 345 5657 rino
369 5604 449 5665 τὺ,
482 5600 830 5666 κατάστασις,
874 5619 1006 5659 voce
1032 5600 1459 5674 mag—redditur.
1486 5608 1601 5661 Hoc
1631 5611 1780 5664 enim

202 5676 415 5727 volunt
472 5674 604 5742 ipsa:
647 5674 915 5729 orationis
961 5673 1300 5729 definitionis
1344 5677 1676 5733 Damasceno
1729 5691 1785 5735 et

202 5744 343 5797 aliis
374 5743 628 5815 traditae;
661 5743 906 5815 Ascensio
945 5746 1130 5815 mentis
1162 5747 1217 5797 in
1258 5750 1448 5810 Deum,
1484 5748 1663 5815 petitio
1690 5751 1778 5802 de-

204 5814 450 5867 centium
489 5831 522 5866 a
569 5812 697 5878 Deo,
735 5824 843 5868 etc.
872 5812 1062 5869 Oratio
1091 5814 1273 5885 itaque
1302 5812 1494 5886 suapte
1525 5818 1705 5873 indole
1730 5830 1784 5875 et

285 5352 335 5381 ²⁹
369 5350 503 5404 Dan.
538 5366 653 5414 xm,
684 5351 709 5402 l
748 5366 899 5421 seqq.

1893 4598 2050 4651 niens
2086 4604 2268 4648 autem
2302 4608 2477 4662 exque
2504 4593 2712 4647 ratione
2741 4609 2922 4647 rerum
2950 4594 3254 4648 mediarum
3300 4612 3455 4658 usus,

1892 4689 2058 4743 animi
2091 4695 2291 4741 statum
2316 4692 2542 4755 purgat;
2570 4685 2723 4752 isque
2758 4695 3040 4753 purgatus,
3068 4685 3453 4741 discretionem

1894 4780 2066 4850 parit;
2097 4779 2375 4839 discretio,
2415 4777 2963 4846 imperturbationem
3001 4779 3278 4849 animique
3324 4782 3458 4839 εισι.

1890 4874 2167 4941 ctionibus
2196 4870 2351 4924 vacui
2402 4869 2888 4938 tranquillitatem;
2945 4885 3012 4923 ex
3067 4884 3174 4938 qua
3233 4870 3453 4925 demum

1893 4960 2131 5029 perfecta
2164 4957 2403 5011 cliaritas
2437 4956 2706 5025 procedit.

1958 5047 2116 5118 457
2160 5046 2247 5098 92.
2283 5043 2541 5099 Nondum
2586 5044 3132 5111 impcrturbationem
3153 5046 3452 5116 animique,

1891 5142 2092 5195 sedatis
2121 5136 2433 5199 affectibus,
2466 5136 2917 5204 tranquillitatem
2950 5136 3182 5205 adeptus
3228 5145 3330 5203 est,
3355 5142 3450 5208 qui

1890 5248 1955 5287 eo
1978 5229 2125 5301 quod
2149 5228 2377 5284 tentatio
2422 5227 2719 5295 duriusque
2763 5226 2965 5296 aliquid
3011 5227 3230 5294 accidit,
3291 5232 3451 5286 amici

1888 5475 2117 5529 ratione.
2168 5467 2544 5542 mentem_ips_i
2575 5467 2686 5542 D_eo
2730 5468 2893 5542 sistit.
2942 5469 3050 5524 Sic.
3095 5486 3215 5542 cap.
3255 5473 3314 5526 9i
3360 5490 3451 5526 ac—

1887 5543 1994 5611 cipi
2026 5542 2262 5600 videtur.
2302 5541 2334 5607 ἡ
2366 5538 2465 5611 τῆς
2494 5537 2671 5606 ψυχῆς
2699 5541 3045 5611 κατάστασις,
3076 5537 3237 5610 quam
3269 5557 3452 5595 rerum

1889 5609 2189 5666 mediarum
2222 5609 2554 5663 conveniens
2584 5622 2716 5661 usus
2752 5617 2808 5661 et
2833 5622 2898 5662 ex
2931 5609 3161 5673 ratione,
3194 5612 3453 5666 mundam

1889 5679 2140 5751 prmstét;
2171 5689 2231 5733 ut
2255 5680 2337 5751 sic
2355 5679 2568 5751 animtts
2585 5678 2740 5746 quasi
2768 5679 2871 5751 sibi
2889 5695 3107 5748 suaeque
3134 5681 3303 5737 indoli
3332 5683 3456 5736 red-

1891 5748 2070 5816 datur,
2108 5748 2351 5819 depulsis
2390 5749 2651 5802 vitiorum
2686 5749 2962 5804 sordibus.
