4208 6436
237 431 374 497 1073

1103 435 1446 495 CAPl'l‘UM
1486 435 1583 496 DE
1621 435 2053 496 CHARITATE
2092 436 2479 497 CENTURIA
2518 440 2614 500 IV.

303 555 372 617 ρ’.
415 547 606 601 Πολλοὶ
633 548 729 616 μὲν
760 547 925 600 πολλὰ
960 549 1091 619 περὶ
1132 548 1353 617 ἀγάπης
1382 551 1670 619 εἰρήκασιν
1695 567 1707 578 ’
1740 550 1787 602 ὲκ

1974 551 2093 607 100.
2126 552 2279 605 Multi
2314 551 2382 605 de
2416 550 2680 605 charitate
2722 551 2888 608 locuti
2916 558 3044 606 sunt
3073 568 3087 603 :
3121 551 3262 607 hanc
3306 556 3473 606 enim

234 642 420 708 μόνοις
457 640 515 692 δὲ
558 642 669 702 τοῖς
699 641 929 710 Χριστοῦ
990 640 1259 711 μαθηταῖς
1294 644 1494 711 ταύτην
1540 643 1799 711 ζητήσας,

230 733 488 802 εὑρήσεις
511 748 524 760 ·
573 733 691 784 επεὶ
723 740 817 785 καὶ
850 734 998 799 μόνοι
1043 734 1193 784 αὐτοὶ
1242 732 1386 804 εἶχον
1414 736 1510 802 τὴν
1545 734 1801 804 ἀληθινὴν

245 822 492 890 Ἀγάπην
524 824 622 888 τῆς
656 823 877 893 ἀγάπης
916 821 1264 888 διδάσκαλον,
1316 826 1442 893 περὶ
1472 820 1538 895 ἧς
1575 824 1747 891 {At-{on
1782 840 1793 852 '

243 912 391 965 Ἐὰν
418 914 538 983 ἔχω
560 916 947 984 προφητείαν,
967 914 1065 967 καὶ
1087 914 1222 967 εἰδῶ
1243 916 1625 984 τὰμυστήρισ
1656 933 1677 964 1
1695 918 1797 968 ἀν-

227 1004 427 1068 τα,καὶ
447 1004 689 1060 atdath
700 1008 776 1073 ὴν
788 1008 1031 1076 γνῶσιν,
1045 1007 1285 1075 ἀγάπην
1299 1007 1366 1060 δὲ
1375 1008 1461 1076 μὴ
1480 1008 1592 1074 ἕχιυ
1603 1051 1614 1071 ,
1625 1010 1802 1060 οὐδὲν

227 1096 595 1166 ὠφελοῦμαι.
640 1098 700 1151 'U
728 1094 824 1151 οὖν
857 1098 1199 1167 κτησάμενος
1230 1099 1328 1168 τὴν
1351 1099 1543 1168 ἀγάπη
1557 1117 1599 1161 θ,
1636 1099 1798 1150 uiti):

225 1194 322 1241 τὸν
354 1190 488 1243 Θεὸν
520 1190 824 1261 ἐκτήσατοο
877 1192 1064 1261 ἐπειδὴ
1120 1192 1148 1245 6
1196 1192 1339 1257 Θεὸς
1376 1190 1574 1261 ἀγάπη
1606 1192 1796 1245 ἐστίν.

226 1280 389 1347 Αὐτῷ
424 1282 456 1352 ή
486 1282 612 1347 δόξα
640 1284 719 1347 είς
748 1282 1123 1347 τοὺςαίὦνας.
1160 1285 1354 1355 Ἀμήν.

232 1396 414 1464 τέλος
439 1397 557 1451 τῶν
583 1398 715 1467 περὶ
744 1397 981 1467 ἀγάπης
1012 1399 1355 1466 κεφαλαίων
1374 1399 1484 1465 τῆς
1519 1400 1799 1468 τετάρτης

788 1468 1202 1535 ἐκατοντάδος.

563 1580 1051 1635 ΑΝΕηιΓΡΑφυΥ
1090 1582 1339 1635 2mm
1363 1582 1461 1650 (π).

303 1696 373 1743 α’.
416 1690 605 1760 Ἡμεῖς
649 1692 770 1745 οὐδὲ
804 1692 983 1761 λόγοις
1022 1694 1142 1747 οὐδὲ
1196 1694 1376 1763 ἔργοις
1427 1695 1792 1767 παιδεύειν,ῆ

228 1782 336 1834 κᾶν
373 1782 728 1836 παιδεύεσθαι
760 1784 1050 1853 δυνάμενοι
1074 1825 1089 1849 ,
1138 1784 1316 1852 λόγοις
1353 1787 1627 1838 παιδεύειν
1672 1793 1792 1839 ἐπι-

1902 660 2033 697 vero
2068 644 2113 698 si
2142 643 2449 712 quaesieris,
2504 642 2558 697 in
2590 643 2721 697 solis
2776 643 3025 697 invenies
3063 642 3267 697 Christi
3322 642 3477 695 ("80i-

1905 732 2065 793 μιιίἰε,
2095 732 2300 784 Namet
2347 732 2401 785 bi
2428 731 2528 784 soli
2581 748 2764 785 veram
2810 731 3134 785 charitatem
3178 730 3472 789 habebant,

1902 841 2022 885 (ιυειι
2047 825 2646 887 .1ςιςρνυιςξιοιιὶιαιοιιι;
2681 823 2747 877 de
2774 840 2877 892 qua
2921 824 3100 876 aiebat
3125 822 3413 891 Apostolu:
3462 842 3473 875 :

1902 914 1954 967 Si
1990 917 2217 969 habuero
2254 919 2580 987 prcpheticm
2611 928 2656 969 et
2702 919 2935 969 noverim
2968 918 3215 985 mysteria
3271 922 3472 970 omnia.

1899 1017 1947 1060 et
1974 1023 2180 1060 omnem
2205 1010 2501 1074 scientiam,
2529 1010 2841 1062 charitn'em
2872 1016 3046 1059 autem
3090 1024 3191 1059 non
3221 1007 3469 1065 habuere,

1900 1096 2033 1149 nihil
2063 1098 2185 1151 mihi
2214 1100 2424 1168 prodest
2448 1099 2509 1151 “.
2532 1098 2631 1163 Qui
2648 1114 2780 1168 ergo
2805 1106 2998 1153 nactus
3017 1105 3102 1149 est
3126 1096 3469 1153 charitalem.

1897 1188 2067 1241 Deum
2099 1199 2290 1246 nactus
2322 1198 2425 1251 est,
2470 1206 2536 1244 eo
2560 1190 2703 1259 quod
2730 1191 2868 1245 Deus
2901 1191 3131 1244 charitas
3157 1196 3230 1242 est
3266 1189 3330 1240 ³⁸.
3365 1188 3467 1255 ips:

1894 1277 2068 1345 gloria
2104 1280 2154 1332 in
2184 1281 2379 1333 siecula
2409 1279 2755 1334 smculorum.
2783 1280 2973 1334 Amen.

1997 1392 2138 1448 Finis
2169 1401 2359 1462 quater
2388 1404 2723 1447 ccuteuorum
2751 1394 2982 1461 capitum
3005 1392 3068 1445 de
3087 1392 3360 1445 charitate.

2178 1572 2452 1628 INCERTI
2488 1572 2833 1630 AUCTORIS
2866 1568 3179 1627 SCHOLIA.

1967 1687 2014 1737 1.
2040 1685 2150 1738 Nos
2177 1685 2269 1754 qui
2294 1701 2395 1740 nec
2442 1686 2628 1740 verbis
2672 1700 2777 1739 nec
2804 1684 3075 1754 Operibus
3124 1683 3345 1745 docere.
3375 1692 3469 1738 aut

1892 1775 2085 1829 saltem
2114 1775 2299 1830 doceri
2324 1776 2621 1839 valeamus,
2675 1775 2864 1831 verbis
2896 1790 2960 1830 ac
2984 1772 3330 1829 sermonibus
3367 1773 3469 1827 du-

228 1873 524 1943 χειροῦμεν
548 1891 562 1905 °
595 1875 689 1927 καὶ
711 1874 886 1927 ἀλλων
914 1875 1159 1942 γίνεσθαι
1194 1877 1366 1946 ἰατροὶ
1397 1877 1611 1931 ἕλκεσιν
1637 1880 1787 1933 αὐτοὶ

1894 1880 2018 1918 cere
2036 1874 2326 1928 tentamus,
2352 1875 2516 1933 atque
2545 1865 2774 1919 aliorum
2794 1864 2931 1920 cﬂioi
2962 1863 3180 1926 medici,
3208 1862 3301 1933 qui
3326 1863 3469 1917 ulce-

228 1964 509 2034 βρὺοντες.
544 1965 685 2037 Ὅρα
726 1964 783 2018 δὲ
830 1965 923 2029 τὸ,
961 1967 1043 2019 ὅτι
1095 1968 1175 2019 Οὐ
1208 1967 1401 2022 πάντα
1430 1966 1553 2032 τοῖς
1580 1968 1800 2032 ,ϐουλο-

219 2060 425 2125 μένοις
460 2057 619 2111 εἰσιν
649 2060 939 2123 εὔληπτα,
979 2056 1094 2111 κᾶν
1133 2058 1309 2113 τοῦτο
1354 2058 1524 2127 δοκῇ.
1567 2062 1675 2113 Καὶ
1713 2060 1799 2123 τίς

223 2150 290 2203 οὐ
314 2151 652 2220 θαυμάσεται
675 2152 799 2214 τοὺς
826 2152 919 2204 καὶ
945 2155 1209 2219 γυναῖκας
1231 2152 1495 2221 χλιδώσας
1517 2155 1615 2207 καὶ
1630 2155 1796 2222 νήπια

222 2242 402 2296 ταῦτα
461 2242 734 2296 διδάσκειν
790 2243 1299 2313 ἐπαγγελλομένους
1362 2244 1502 2313 μετὰ
1562 2243 1793 2315 σοϐαροῦ

220 2334 319 2387 τοῦ
350 2336 695 2405 φρονήματος
728 2352 742 2399 ;

298 2425 364 2495 β’.
398 2426 591 2492 Δέγων
616 2428 644 2480 6
692 2425 1048 2490 ’Δπόστολοςο
1099 2428 1167 2481 El
1210 2427 1278 2482 δέ
1314 2444 1404 2493 τις
1454 2428 1657 2497 ἀγαπᾷ
1687 2430 1795 2483 τὸν

221 2514 376 2568 Θεὸν
400 2554 415 2576 ,
465 2510 642 2581 οὗτος
709 2514 1005 2583 ἔγνωσται
1060 2516 1161 2570 ὑπ’
1207 2516 1394 2570 αὑτοῦ
1420 2532 1433 2546 °
1475 2516 1610 2586 δῆτα
1657 2519 1793 2586 ἀγα-

218 2605 443 2669 πῶντας
496 2608 641 2676 ἡμᾶς
688 2607 780 2659 τὸν
831 2609 1036 2678 Κύριον
1087 2606 1453 2676 γινώσκεσθαι
1495 2608 1743 2678 βούλεται
1775 2627 1788 2639 ·

230 2696 336 2749 Ἐκ
364 2694 432 2748 δὲ
469 2696 574 2750 τοῦ
614 2696 1025 2765 γινώσκεσθαι.
1072 2700 1136 2753 τὸ
1183 2698 1572 2755 διδάσκεσθαι
1599 2741 1614 2764 ,
1646 2701 1792 2757 καθὰ

216 2804 389 2857 φησιν
418 2788 447 2841 6
501 2788 675 2857 μέγας
719 2790 812 2843 καὶ
859 2790 959 2860 τὴν
994 2790 1199 2860 ἀρετὴν
1243 2793 1337 2844 καὶ
1374 2794 1474 2861 τὴν
1508 2790 1789 2861 θεολογίαν

214 2880 258 2931 Γ
262 2881 542 2950 ρηγόριος.
570 2879 784 2951 Ταύτης
813 2878 965 2950 οἶμαι
996 2883 1096 2953 τῆς
1123 2880 1331 2945 ἐννοίας
1356 2883 1472 2935 ἐστὶ
1492 2923 1505 2946 ,
1549 2886 1644 2937 καὶ
1670 2884 1789 2937 τόδε

212 2971 278 3023 τὸ
305 2958 629 3038 κεφάλαιον·
676 2972 940 3046 Ἀγὰπην
963 2972 1097 3041 μὲν,
1127 2974 1311 3027 τίκτει
1329 2975 1584 3029 ἀπάθεια
1612 2993 1624 3007 ·
1663 2978 1698 3044 ἠ
1722 2977 1790 3030 δὲ

212 3062 443 3130 ἀγάπη,
482 3062 587 3116 τοῦ
616 3062 924 3133 φωτισμοῦ
965 3062 1075 3131 τῆς
1116 3063 1391 3133 γνώσεώς
1415 3066 1546 3119 ἐστι
1577 3083 1786 3136 γεννη,

210 3154 371 3222 uxr}.

215 3339 454 3410 μάλιστα
483 3382 498 3405 ,
545 3342 653 3397 τῶν
704 3340 798 3393 τοῦ
862 3343 1099 3412 μαμωνᾶ.
1151 3343 1780 3413 ὑπεραποθνησκόνιων·

209 3432 412 3484 ταυτὸν
444 3432 501 3484 δὲ
535 3434 708 3485 εἰπεῖν
750 3432 844 3485 τοῦ
892 3432 1188 3502 λεγομένου
1233 3434 1496 3504 δημοσίου
1550 3437 1644 3488 καὶ
1688 3435 1783 3488 τοῦ

210 3534 426 3588 κοσμοκ
432 3518 564 3586 ράτο
570 3536 680 3589 ρος.

284 3609 352 3660 δ’.
398 3610 458 3661 '0
486 3608 620 3672 Θεὸς
654 3608 862 3675 πάντας
884 3609 1204 3683 ἀνθρώπους
1231 3612 1375 3668 θέλει
1400 3614 1656 3684 σωθῆναι,
1689 3616 1782 3668 καὶ

208 3702 357 3771 ὑπὲρ
392 3686 610 3755 πάντων
637 3704 932 3767 ἀπέθανεν,
978 3705 1065 3758 ἵνα
1104 3707 1156 3758 ot
1187 3707 1388 3771 πάντες
1419 3707 1685 3762 σωθῶσιν.
1724 3709 1783 3761 'U

205 3790 306 3847 οὖν
326 3794 559 3862 ἀγαπῶν
584 3795 677 3849 τὸν
704 3796 855 3859 Θεὸν,
884 3797 945 3850 τὸ
976 3797 1198 3869 θελητὸν
1220 3797 1315 3853 τοῦ
1338 3801 1474 3854 Θεοῦ
1501 3801 1779 3869 φυλάττει.

204 3887 503 3941 Φυλάττων
542 3887 622 3952 δὲ,
677 3888 796 3951 πῶς
825 3889 926 3941 οὐκ
973 3890 1253 3960 ἀγαπήσει
1304 3892 1514 3954 πάντας
1552 3893 1627 3955 ὡς
1661 3894 1781 3946 ἑαυ-

206 3979 334 4045 τὸν,
371 3978 467 4031 καὶ
503 3979 721 4050 θελήσει
769 3979 981 4044 πάντας
1031 3981 1301 4051 σωθῆναι,
1334 3983 1494 4036 τοῦτο
1528 3983 1778 4050 θέλοντος

204 4071 304 4125 τοῦ
331 4070 489 4137 Θεοῦς

283 4257 346 4304 ε’.
398 4249 602 4303 Γνῶσιν
650 4248 747 4302 τοῦ
787 4249 922 4303 Θεοῦ
964 4250 1063 4319 τὴν
1095 4251 1278 4305 πίστιν
1320 4251 1504 4319 λέγει’
1561 4254 1782 4325 ἀγάπην

203 4341 291 4405 δὲ,
319 4342 421 4410 τὴν
454 4341 686 4410 τήρησιν
724 4340 833 4393 τῶν
868 4340 1096 4394 ἐντολῶν
1118 4358 1131 4369 ·
1172 4342 1237 4411 ἢν
1267 4342 1360 4395 καὶ
1391 4342 1602 4412 θέλημα
1628 4345 1785 4397 καλεῖ

204 4432 311 4485 καὶ
342 4431 689 4501 δικαιώματα
736 4431 833 4483 καὶ
881 4432 1196 4502 ἐντάλματα
1247 4434 1341 4485 καὶ
1377 4434 1780 4504 προστάγματα

204 4522 310 4576 καὶ
350 4520 512 4589 ἰρὼς·
556 4521 701 4574 κατὰ
740 4521 835 4586 τὸ,
877 4522 1030 4575 Διότι
1076 4521 1202 4591 φῶς
1239 4523 1312 4577 τὰ
1359 4525 1784 4593 προστάγματα

204 4627 357 4666 σου.
386 4611 497 4683 Τήν
525 4611 842 4684 ἔμπρακτον
870 4612 928 4665 δὲ
959 4612 1162 4680 γνῶσιν
1198 4614 1494 4684 παρίστησι
1522 4616 1583 4668 τὸ
1612 4617 1779 4685 κεφά-

206 4704 388 4756 λαιον.

290 4799 367 4859 ς’.
418 4794 578 4848 Attia.
624 4792 735 4848 τῶν
782 4794 994 4865 ἀρετῶν
1026 4796 1176 4849 ἐστιν
1212 4798 1241 4848 6
1274 4796 1428 4860 Θεός.
1463 4798 1667 4851 Τούτου
1703 4798 1780 4862 δὲ,

204 4884 339 4938 κατ’
395 4884 676 4955 ἐνέργειαν
707 4884 935 4953 γνῶσις,
986 4887 1020 4956 ή
1054 4886 1151 4940 τοῦ
1194 4889 1314 4941 κατ’
1374 4888 1633 4958 ἀλήθειαν
1683 4892 1782 4942 ὲπ-

204 4976 521 5042 εγνωκὸτος
552 4975 644 5030 τὸν
671 4975 839 5039 Θεδν,
874 4977 1010 5047 πρὸς
1038 4977 1099 5030 τὸ
1132 4979 1349 5049 πνεῦμα
1377 4979 1517 5033 κατά
1544 4980 1641 5050 τήν
1670 4980 1783 5046 ἕξιν

207 5067 527 5131 ἀλλοίωσις.

286 5159 355 5222 ζ’.
400 5155 696 5225 ’Δνάγνωθι
724 5156 787 5210 τὸ
811 5164 895 5221 ος¹
935 5160 1035 5229 τῆς
1080 5160 1251 5229 αὐτῆς
1288 5168 1352 5231 ρ’,
1402 5163 1495 5215 καὶ
1531 5164 1781 5234 εὑρήσεις

205 5249 405 5317 ὅμοιον
429 5246 627 5317 πάντη,
655 5246 808 5319 παρά
832 5248 894 5300 τὸ
924 5250 1031 5302 τῶν
1062 5250 1342 5319 ὀνομάτων
1370 5251 1651 5323 διάφορον.

285 5427 357 5491 η’.
403 5421 467 5474 El.
500 5421 791 5492 φάρμακον
836 5421 936 5490 τῆς
988 5422 1206 5492 ἀγάπης
1234 5426 1267 5494 ή
1297 5425 1483 5495 ἐντολὴ
1514 5429 1655 5481 κατὰ
1686 5431 1779 5483 τοῦ

206 5509 390 5582 θυμοῦ
435 5509 612 5581 ἐδόθη·
648 5510 863 5575 πάντως
900 5511 933 5581 ή
965 5511 1263 5581 ἐγκράτεια
1295 5513 1436 5568 κατὰ
1460 5517 1558 5586 τῆς
1589 5519 1780 5572 ἐπιθυ-

211 5598 349 5668 μίας
371 5597 695 5671 δεδώρηται.
735 5598 1031 5666 ’Δνάγνωθι
1063 5600 1124 5652 τὸ
1163 5599 1257 5653 σθ’.

1901 1955 2055 2009 ribus
2113 1957 2215 2026 ipsi
2264 1966 2589 2012 scateamus.
2618 1956 2857 2013 Observa
2909 1971 3041 2010 vero
3092 1954 3225 2008 illud
3281 1973 3294 2008 :
3350 1953 3467 2008 Non

1899 2050 2074 2101 omnia
2097 2050 2178 2115 his
2210 2047 2299 2117 qui
2319 2048 2498 2114 velint,
2520 2050 2639 2119 capi
2671 2048 2826 2118 facile
2868 2057 3082 2117 possunt
3112 2062 3173 2100 ac
3218 2043 3463 2115 intelligi,

1897 2141 1992 2192 etsi
2022 2141 2100 2193 ita
2123 2140 2384 2193 videatur.
2418 2139 2620 2209 Ecquis
2682 2155 2791 2194 non
2830 2140 3065 2193 miretur
3115 2152 3230 2201 eos,
3264 2137 3359 2206 qui
3412 2144 3467 2190 et

1897 2230 2207 2286 luxuriosas
2231 2231 2585 2287 mulierculas
2609 2239 2666 2285 et
2692 2231 2947 2293 infantes,
2971 2230 3089 2283 haec
3108 2243 3166 2282 se
3183 2227 3463 2292 docturos,

1896 2332 2061 2371 sensu
2094 2319 2304 2373 tumido
2328 2334 2393 2374 ac
2424 2319 2681 2388 superbo,
2712 2319 3120 2388 proﬁteantur?

1964 2412 2017 2464 2.
2042 2410 2179 2467 Cum
2226 2411 2379 2466 dicat
2401 2411 2699 2482 Apostolus
2750 2429 2764 2466 :
2824 2410 2882 2466 Si
2911 2412 3028 2482 quis
3073 2419 3247 2466 autem
3291 2409 3464 2481 diligit

1893 2501 2083 2567 Deum,
2114 2504 2196 2557 hic
2224 2507 2464 2575 cognitus
2498 2514 2572 2559 est
2598 2505 2662 2560 ab
2694 2521 2752 2558 eo
2774 2506 2853 2570 ³⁸;
2883 2505 3143 2558 nimirum
3200 2504 3319 2557 vult
3362 2518 3462 2557 nos

1892 2592 2170 2662 diligendo
2217 2594 2510 2648 Dominum
2546 2595 2802 2665 cognosci
2840 2612 2856 2648 :
2902 2593 2984 2649 Ea:
3014 2610 3074 2648 eo
3120 2600 3297 2647 autem
3325 2592 3464 2663 quod

1891 2686 2277 2753 cognoscimur,
2320 2684 2515 2751 doceri,
2552 2685 2695 2740 sicut
2742 2684 2840 2750 ait,
2894 2692 3011 2739 tum
3057 2684 3281 2740 virtutis
3326 2700 3464 2753 pra:-

1890 2776 2114 2839 stantia,
2143 2784 2258 2830 tum
2309 2775 2468 2830 laude
2528 2776 2818 2848 theologia;
2868 2791 3097 2846 magnus
3144 2774 3459 2844 Gregorius.

1893 2863 2047 2918 Hunc
2075 2874 2210 2935 puto
2230 2881 2453 2921 sensum
2482 2867 2683 2921 habere
2709 2865 2895 2921 ethoc
2945 2864 3248 2935 capitulum
3280 2883 3291 2917 :
3322 2862 3460 2918 Cha-

1890 2956 2098 3009 ritatem
2131 2958 2340 3027 quidem
2365 2960 2507 3026 parit
2546 2958 2975 3029 imperturbatio;
3009 2958 3241 3010 Charitas
3286 2964 3461 3009 autem

1885 3048 2263 3103 illustrationis
2291 3051 2523 3105 scientia:
2548 3066 2738 3120 parens
2764 3051 2987 3103 exsistit.

284 3248 359 3314 γ’.
417 3248 591 3300 Τίνων
627 3250 723 3318 οὐχ
775 3248 1004 3303 ἅπτεται
1065 3247 1203 3319 αὕτη
1253 3248 1431 3302 ἔννοια
1459 3289 1473 3312 ,
1514 3246 1667 3319 οἶμαι
1728 3249 1783 3302 δὲ

1959 3242 2011 3295 '5.
2036 3239 2182 3306 Quos
2213 3244 2482 3298 sententia
2518 3244 2634 3298 haec
2658 3258 2768 3298 non
2794 3240 3123 3313 perstringat
3147 3258 3159 3294 :
3183 3238 3462 3308 Praecipue

1883 3348 2014 3387 vero
2040 3350 2158 3400 eos,
2196 3338 2292 3405 qui
2321 3351 2641 3390 mammona:
2678 3350 2841 3391 causa
2870 3334 3182 3389 moriuntur
3208 3350 3223 3385 :
3276 3333 3463 3401 perin-

1885 3425 2061 3494 deque
2100 3438 2187 3481 est
2234 3442 2299 3481 ac
2343 3426 2516 3491 dicas,
2565 3429 2687 3496 ejus
2733 3426 2880 3497 quod
2935 3424 3222 3495 publicum
3284 3423 3461 3493 (quasi

1885 3516 2023 3572 forte
2051 3516 2326 3589 aerarium)
2351 3527 2570 3583 vocant,
2592 3533 2649 3573 et
2669 3517 2861 3573 mundi
2886 3527 3177 3573 rectorem.

1953 3610 2006 3663 4.
2038 3609 2185 3664 Deus
2210 3624 2404 3664 omnes
2430 3610 2683 3664 homines
2705 3610 2826 3664 vult
2850 3608 3031 3664 salvos
3076 3608 3216 3673 ﬁeri,
3252 3618 3311 3663 et
3360 3623 3462 3678 pro

1884 3700 2144 3754 omnibus
2178 3707 2433 3755 mortuus
2487 3708 2592 3763 est,
2624 3708 2686 3755 ut
2748 3715 2941 3755 omnes
2987 3699 3219 3753 salutem
3263 3713 3459 3753 conse-

1884 3802 2124 3863 quantur
2155 3794 2221 3845 ³⁷.
2258 3793 2361 3859 Qui
2402 3808 2533 3864 ergo
2583 3793 2752 3847 Deum
2799 3793 2999 3861 diligit,
3022 3793 3140 3846 «hoc
3192 3791 3457 3855 custodit,

1883 3883 2033 3954 quod
2077 3899 2145 3939 ex
2173 3885 2270 3939 Dei
2298 3886 2577 3940 voluntate
2606 3885 2840 3940 exsistit.
2866 3884 2970 3951 Qui
3003 3900 3136 3940 vero
3164 3884 3459 3945 custodiat,

1884 3973 2161 4043 quomodo
2190 3988 2302 4027 non
2343 3988 2535 4027 omnes
2568 3982 2630 4027 ut
2681 3973 2924 4043 seipsum
2974 3973 3173 4043 diligit,
3232 3973 3459 4041 vultque

1884 4078 2076 4119 omnes
2108 4062 2290 4118 salvos
2333 4062 2491 4128 ﬁeri,
2544 4077 2671 4117 cum
2712 4062 2830 4118 haec
2878 4063 2974 4118 Dei
3023 4062 3277 4117 voluntas
3312 4063 3460 4119 exsi-

1885 4155 2033 4211 stat?

1956 4246 2008 4299 5.
2048 4244 2348 4300 Scientiam
2374 4244 2491 4310 Dei,
2522 4244 2685 4299 ﬁdem
2726 4255 2909 4301 vocat.
2938 4244 3274 4301 Charitatem
3302 4260 3456 4307 vero,

1886 4336 2329 4389 observationem
2368 4335 2776 4401 mandatorum,
2805 4350 2971 4406 quam
3018 4344 3076 4391 et
3114 4337 3457 4390 voluntatem

1884 4426 2141 4495 appellat,
2172 4434 2229 4479 et
2251 4425 2675 4496 justiﬁcationes
2697 4434 2754 4481 et
2795 4427 3047 4480 mandata
3084 4436 3141 4480 et
3187 4433 3458 4495 praecepta

1884 4525 1939 4568 et
1961 4516 2167 4580 lumen,
2197 4517 2351 4588 juxta
2385 4516 2517 4570 illud
2549 4534 2562 4569 :
2609 4515 2747 4581 Quia
2781 4516 2875 4571 tua:
2905 4516 3164 4571 mandata
3191 4515 3257 4571 ⁸⁸.
3289 4517 3460 4571 Porro

1890 4616 2054 4676 caput
2083 4607 2189 4663 hoc
2231 4608 2518 4664 scientiam
2552 4608 2776 4665 exhibet
2819 4625 2944 4666 cum
2982 4609 3200 4665 actione
3228 4609 3459 4679 conjun-

1891 4709 2033 4754 ctam
2058 4715 2293 4771 eamque
2315 4700 2669 4772 dirigentem.

1958 4790 2012 4843 6.
2055 4790 2311 4847 Scientiae
2344 4799 2536 4847 auctor
2582 4793 2729 4847 Deus
2759 4801 2863 4847 est.
2890 4792 3022 4864 Ejus
3052 4802 3235 4849 autem
3258 4792 3313 4845 in
3332 4801 3453 4847 actu

1889 4883 2139 4946 scientia,
2168 4884 2288 4955 ejus
2313 4893 2398 4939 est
2426 4886 2521 4955 qui
2548 4885 2718 4939 Deum
2746 4885 2869 4951 scit,
2893 4886 2947 4939 in
2985 4885 3239 4957 spiritum
3263 4883 3457 4941 habitu

1888 4974 2214 5028 immutatio.

1955 5148 2003 5200 7.
2038 5146 2180 5218 Lege
2228 5158 2393 5218 caput
2443 5152 2905 5221 septuagesimum
2952 5161 3164 5207 sextum
3207 5152 3452 5221 ejusdem

1884 5238 2207 5299 centenarii,
2262 5239 2619 5309 inveniesque
2668 5256 2897 5311 prorsus
2945 5242 3146 5306 simile,
3171 5242 3279 5298 nisi
3303 5244 3451 5313 quod

1889 5333 1994 5386 alia
2017 5332 2238 5387 nomina
2266 5335 2443 5403 posita
2467 5343 2613 5388 sunt.

1958 5422 2123 5494 459
2144 5422 2195 5477 8.
2225 5422 2281 5479 Si
2304 5424 2592 5479 charitatis
2630 5424 2949 5479 mandatum
2997 5425 3302 5481 remedium
3357 5426 3455 5483 ad-

1889 5531 2077 5570 versus
2108 5516 2243 5570 iram
2268 5516 2453 5571 datum
2482 5525 2598 5581 est,
2635 5518 2793 5587 plane
2818 5517 3157 5573 continentia
3187 5519 3454 5575 adversus

1888 5607 2390 5677 concupiscentiam
2415 5622 2677 5663 concessa
2700 5618 2807 5664 est.
2836 5608 2980 5680 Lege
3002 5624 3124 5680 cap.
3153 5608 3241 5665 79.

285 5705 375 5763 ³⁸1
403 5706 528 5761 Cor.
560 5723 676 5771 xm,
706 5708 760 5762 2.
836 5707 881 5740 ⁸⁸
916 5707 1114 5763 lJoan.
1149 5726 1219 5773 tv,
1256 5711 1342 5765 46.
1420 5713 1465 5743 ⁸⁸
1490 5714 1653 5768 lCor.
1686 5734 1787 5785 vni,

1954 5723 1993 5753 ’⁷
2027 5722 2041 5774 l
2081 5720 2222 5773 Tim.
2256 5735 2312 5783 ll,
2348 5720 2400 5773 4.
2477 5718 2521 5751 ³⁸
2555 5719 2657 5774 lsa.
2692 5735 2834 5784 xxvi,
2867 5720 2920 5774 9.

272 5829 351 5903 (π)
412 5829 489 5885 Ex
528 5828 823 5898 Baphaelis
860 5829 1128 5895 Dufrenii,
1184 5848 1330 5887 nunc
1360 5834 1546 5904 Regio,
1603 5838 1808 5892 codice.

3339 441 3469 502 1073.-
3550 484 3553 487 ν
