4208 6436
698 377 832 445 1075

1853 373 1915 434 S.
1956 372 2243 436 MAXIMI
2279 370 2788 434 CONFESSORIS

3828 375 3979 444 1076

762 489 816 545 9.
841 486 951 542 Nos
981 500 1114 540 vero
1136 485 1230 554 qui
1281 483 1477 536 horum
1504 480 1671 534 trium
1701 481 1847 535 servi
1878 483 2073 546 simus,
2100 497 2275 551 quan~

2451 481 2516 534 θ’.
2567 484 2628 536 ΟΞ
2659 483 2715 536 δὲ
2760 482 2869 536 τῶν
2896 484 3066 555 τριιῦν
3107 486 3307 554 δοῦλοι,
3346 489 3513 544 πόσον
3541 491 3697 562 μῖσος
3719 492 3841 542 κατ’
3868 489 3968 542 ἀλ-

697 590 814 634 tnm
842 576 933 632 alii
988 575 1042 628 in
1077 574 1215 627 alios
1240 570 1430 624 odium
1458 569 1658 624 alimus
1681 587 1696 634 ;
1719 569 1814 638 qui
1857 569 2158 623 insatiabili
2179 584 2276 623 cu-

2395 572 2558 642 ιήλων
2611 576 2903 645 τρέφομεν·
2945 579 3040 631 τοῦ
3083 580 3288 644 πάθους
3345 582 3459 635 ὅλοι
3505 583 3605 652 τῆς
3656 581 3973 651 ἀπληστίας

697 668 928 739 piditate
957 666 1054 721 toti
1091 673 1398 718 teneamur.
1437 661 1580 732 Lege
1613 677 1734 731 cap.
1757 658 1848 714 64.

768 760 854 815 10.
887 760 986 816 Ubi
1032 757 1267 820 dixerat,
1309 770 1432 824 cap.
1472 756 1560 818 Π,
1594 769 1692 824 per
1731 751 1988 806 mandata
2027 749 2095 805 ab
2138 747 2276 804 απε-

696 855 879 908 rtibus
901 867 964 905 ac
993 849 1144 903 vitiis
1173 849 1448 903 immunes
1475 857 1731 918 prwstare
1760 864 1773 898 ε
1807 845 1912 898 hoc
1945 860 2093 898 nunc
2124 842 2278 913 capi—

700 945 814 999 tulo
837 942 1061 996 modum
1081 940 1359 1006 ostendit;
1386 955 1580 1010 nempe
1598 940 1654 993 in
1677 939 1946 992 charitate
1971 947 2027 992 ct
2044 937 2277 1010 jejunio,

697 1033 1148 1104 continentiaque
1179 1041 1236 1087 et
1262 1033 1535 1086 oratione.

771 1127 859 1180 11.
889 1126 1067 1181 Etiam
1105 1127 1230 1194 quis
1277 1123 1545 1193 spiritalis
1592 1137 1656 1177 ac
1718 1121 1949 1177 scicntia
1997 1119 2280 1190 praditus,

704 1235 899 1274 rursus
930 1217 1246 1272 detrahitur
1271 1232 1336 1271 ac
1362 1216 1714 1286 degravatur.

770 1309 857 1361 12.
882 1307 994 1362 Nos
1025 1321 1158 1361 vero
1184 1306 1278 1376 qui
1310 1304 1600 1360 aﬁ'ectibus
1623 1313 1788 1370 atque
1816 1299 1965 1353 vitiis
1988 1298 2172 1353 obruti
2212 1299 2287 1353 si-

704 1415 846 1462 mus,
867 1397 1144 1469 quomodo
1169 1394 1668 1465 contemplabimur
1698 1411 1711 1446 ε
1741 1400 1836 1446 aut
1867 1390 2145 1461 quomodo
2166 1407 2288 1460 qua:

701 1492 974 1547 fuerimus
1013 1489 1388 1559 contemplati,
1414 1502 1525 1542 non
1559 1501 1660 1542 nos
1677 1489 1752 1540 "ex
1776 1493 1979 1542 sancta:
2000 1483 2288 1540 Trinitatis

702 1583 934 1643 scicntia
961 1581 1299 1637 extrudent?

776 1675 863 1729 15.
893 1674 1061 1728 Vides
1086 1671 1564 1742 contemplationis
1585 1670 1982 1724 ascensioncs?

777 1767 864 1820 14.
927 1762 1402 1832 Quemadmodum
1465 1762 1521 1814 in
1577 1760 1704 1819 ﬁde.
1754 1761 1906 1814 nulla
1952 1759 2292 1814 inﬁdelitatis

707 1855 848 1911 ratio
873 1862 996 1921 est;
1029 1853 1110 1909 sic
1135 1868 1317 1924 neque
1349 1853 1406 1907 in
1449 1850 1760 1905 rationibus
1784 1867 1906 1920 qua:
1949 1860 2078 1904 sunt
2099 1867 2163 1905 ex
2194 1868 2291 1907 na-
2325 1831 2364 1884 Β

709 1960 853 2012 tura,
889 1945 1098 2016 aliquid
1131 1946 1276 2000 inest
1299 1944 1443 2015 quod
1475 1959 1506 1996 a
1539 1942 1752 1996 ratione
1778 1941 2094 1996 abhorreat.
2139 1941 2291 2012 Opus

706 2050 890 2093 autem
920 2038 1328 2098 mandatorum,
1363 2035 1503 2087 ratio
1527 2044 1611 2088 cst
1639 2049 1702 2086 ac
1725 2048 1908 2086 sermo
1931 2033 2110 2102 rcipsa
2136 2049 2293 2089 excr-

708 2132 870 2185 citus.
898 2129 1040 2198 Lege
1071 2143 1192 2198 cap.
1213 2126 1306 2193 8.1,
1339 2135 1394 2180 et
1415 2125 1813 2194 conquiesccs;
1847 2125 2047 2180 factum
2076 2127 2290 2182 scilicet

709 2221 809 2276 tibi
833 2221 968 2276 satis
999 2219 1267 2274 invenies.

781 2315 868 2369 15.
902 2312 1200 2375 Naturalis,
1228 2311 1426 2380 inquit,
1456 2311 1853 2380 contemplatio
1881 2311 2290 2377 mandatorum,

711 2405 1044 2472 sinceraque
1063 2417 1190 2471 erga
1222 2401 1536 2470 proximum
1575 2400 1820 2464 dilectio,
1851 2416 1948 2455 eos
1979 2400 2073 2470 qui
2099 2401 2293 2455 obser-

714 2503 862 2561 vent,
889 2509 919 2548 a
942 2509 1113 2565 pravo
1134 2508 1199 2548 ac
1221 2492 1428 2547 carnali
1447 2508 1633 2547 amore
1652 2501 1707 2547 et
1725 2493 2010 2564 tyrannide
2034 2493 2291 2546 liberant.

713 2589 920 2641 lterum
946 2597 1080 2640 vero
1109 2582 1362 2646 scientia,
1410 2597 1508 2638 eos
1535 2583 1628 2652 qui
1659 2582 1942 2652 spiritales
1995 2598 2168 2652 caque
2205 2585 2293 2638 in-

710 2679 908 2732 structi
936 2683 1087 2740 sunt,
1121 2676 1190 2730 ab
1215 2675 1498 2730 oblivione
1519 2685 1576 2730 et
1607 2674 1913 2744 ignorantia
1941 2674 2134 2730 itidem
2153 2674 2294 2730 libe—

713 2781 814 2827 rat.
845 2769 1058 2838 Quibus
1083 2769 1343 2823 omnibus
1365 2768 1617 2833 docetur,
1641 2766 1879 2822 animam
1917 2767 2095 2822 tribus
2124 2767 2297 2837 parti-

713 2865 815 2917 hus
839 2876 905 2917 ac
929 2861 1284 2916 facultatibus
1312 2860 1567 2925 divisam,
1602 2859 1735 2914 dum
1784 2874 1852 2914 ex
1881 2858 2094 2913 ratione
2136 2863 2300 2912 natu;

713 2971 883 3025 raque
910 2965 1216 3019 moveatur,
1268 2967 1487 3007 omnem
1522 2964 1783 3022 przestare
1819 2952 2122 3016 virtutem,
2165 2950 2296 3006 dum

2380 665 2683 734 γενόμενοι.
2731 667 3027 734 ’Δνάγνωθι
3051 670 3112 721 τὸ
3144 671 3235 734 ξδ’.

2453 763 2506 809 ι’.
2536 756 2720 810 Εἰπὼν
2764 759 2821 811 ὲν
2871 759 2948 829 τῷ
3001 759 3097 824 οξ,
3144 763 3342 816 ὅτιδιά
3398 764 3496 834 μὲν
3542 764 3653 817 τῶν
3713 764 3969 822 ivra/Em

2383 848 2614 910 ἀπαθεῖς
2674 851 2996 919 ἐργάζεται”
3047 853 3142 906 νῦν
3191 855 3280 907 διά
3308 856 3463 908 τοῦδε
3517 855 3614 910 τοῦ
3662 857 3972 925 κεφαλαίου

2379 941 2618 994 δείκνυσι
2643 944 2778 1006 πῶς·
2805 947 2886 998 ὅτι
2911 949 2966 999 ὲν
2987 945 3179 1016 ἀγάπῃ
3197 949 3291 1002 καὶ
3319 949 3563 1020 νηστείᾳ,
3586 953 3653 1020 τῇ
3677 966 3736 1002 τε
3756 951 3974 1020 ἐγκρα-

2382 1034 2506 1102 τείᾳ
2534 1035 2626 1087 καὶ
2657 1040 2954 1107 προσευχῇ.

2456 1134 2545 1180 ια’.
2580 1128 2690 1180 Καὶ
2719 1132 3017 1196 γνωστικός
3046 1149 3130 1196 τις
3156 1134 3580 1201 ὲγκατασπᾶται
3612 1134 3796 1187 πάλιν.

2462 1297 2548 1369 ιβ’.
2595 1301 2805 1371 Ἠμείς
2853 1302 2908 1354 δὲ
2960 1311 3404 1376 συγκεχωσμένα
3438 1311 3552 1370 τοῖς
3603 1309 3825 1371 πάθεσι,
3853 1309 3972 1372 πιῖις

2389 1387 2752 1460 θεωρήσωμεν
2777 1410 2792 1458 ;
2815 1393 2848 1462 ἢ
2884 1393 3000 1456 πῶς
3024 1396 3059 1447 ἃ
3089 1394 3402 1466 θεωροῦμεν
3429 1400 3529 1451 οὐκ
3551 1398 3802 1452 ὲκὸάλὶει
3823 1400 3974 1469 ἡμᾶς

2388 1485 2488 1554 τῆς
2519 1482 2770 1548 γνώσεως
2797 1486 2895 1554 τῆς
2931 1486 3090 1554 ἀγίας
3111 1489 3370 1558 Τριάδος;

2467 1689 2558 1751 ιγ’·
2602 1683 2713 1746 Τὰς
2757 1684 3056 1748 ἀναδάσεες
3075 1685 3178 1754 τῆς
3213 1685 3447 1756 θεωρίας
3476 1685 3733 1756 βλέπειςς

2467 1773 2545 1826 ιδ’.
2581 1775 2700 1826 Ὅτι
2727 1772 2919 1843 ὥσπερ
2943 1775 3255 1839 άπιστιδίας
3285 1777 3344 1829 ὲν
3377 1779 3559 1830 πίστει
3591 1777 3750 1845 λόγος
3773 1777 3973 1840 οὐδείς·

2389 1864 2564 1928 οὓτως
2597 1867 2718 1918 οὐδὲ
2771 1869 2828 1919 ἐν
2871 1870 2982 1930 τοῖς
3007 1870 3188 1936 λόγοις
3231 1869 3376 1922 κατά
3415 1869 3578 1939 φύσιν
3636 1869 3875 1939 ὑπάρχει
3914 1870 3977 1921 τὸ

2393 1959 2722 2026 παράλογον.
2781 1961 2981 2030 Ἔργον
3040 1959 3098 2012 δὲ
3141 1961 3249 2014 τῶν
3303 1963 3556 2023 ἐντολῶν,
3611 1963 3768 2030 λόγος
3830 1963 3978 2014 ἐστὶν

2392 2049 2808 2119 ἐνεργούμενα.
2873 2051 3172 2120 ’Λνάγνωθι
3223 2054 3282 2107 τὸ
3327 2055 3412 2106 πδ⁹
3478 2055 3777 2122 κεεξάλαιον
3813 2095 3829 2119 ,
3877 2053 3977 2107 καὶ

2393 2142 2698 2213 ἀναπαύσῃ.

2469 2327 2550 2372 ιε’.
2591 2322 2653 2372 Ἢ
2699 2321 2902 2389 φυσική
2949 2337 3084 2389 φησι
3119 2319 3321 2390 θεωρία
3355 2318 3467 2372 τῶν
3496 2319 3748 2379 ἐντολῶν,
3783 2317 3819 2387 ἦ
3851 2334 3912 2370 τε
3940 2318 3976 2386 ἡ

2395 2413 2530 2481 πρὸς
2574 2413 2666 2464 τὶν
2715 2411 2948 2481 πλησίον
2979 2410 3270 2473 ἁνόθευτος
3309 2412 3522 2480 ἀγάπη,
3555 2409 3844 2478 φιλαυτίας
3881 2410 3977 2460 καὶ

2393 2504 2707 2574 τυραννίδος
2738 2503 3015 2574 ἐλευθεροῖ
3059 2505 3183 2564 τοὺς
3212 2505 3607 2570 φυλάσσοντας.
3651 2503 3713 2554 Ἦ
3751 2503 3806 2555 δὲ
3836 2501 3978 2569 γνῶ-

2398 2615 2483 2660 σις
2530 2596 2638 2648 τῶν
2662 2596 2852 2661 ὄντων,
2898 2594 3069 2665 λήθης
3118 2597 3212 2648 καὶ
3249 2594 3472 2662 ἀγνοίας
3500 2593 3832 2648 ἀπαλλάττει
3849 2593 3977 2653 τοὺς

2395 2687 2748 2758 γνωστικοπ.
2811 2688 2908 2740 Διὰ
2955 2687 3162 2740 τούτων
3210 2686 3265 2740 δὲ
3319 2686 3563 2751 πάντων,
3609 2684 3672 2737 τὸ
3715 2682 3976 2753 τριμερὲς

2395 2785 2494 2852 τῆς
2523 2779 2702 2848 ψυχῆς
2733 2778 3078 2841 ὑποτίθεται,
3132 2779 3276 2831 κατὰ
3323 2777 3481 2844 λόγον
3532 2777 3633 2844 μὲν
3677 2777 3773 2829 καὶ
3813 2773 3978 2841 φύσιν

2398 2872 2740 2940 κινούμενον,
2787 2870 2969 2924 πᾶσαν
3017 2867 3219 2939 ἀρετὴν
3267 2867 3586 2938 κατορθοῦν⁶
3630 2863 3978 2934 παράλογον
4001 2880 4013 2900 -‘

2397 2961 2454 3012 δὲ
2497 2961 2590 3012 καὶ
2617 2958 2798 3028 φύσιν,
2845 2960 3026 3012 πᾶσαν
3067 2958 3268 3012 κακίαν
3299 2956 3650 3026 ἐργάζεσθαι.
3687 2955 3977 3025 Μέμνησο,

710 3064 843 3103 vero
891 3059 1082 3103 contra
1133 3047 1409 3103 rationem
1453 3056 1513 3101 et
1557 3055 1830 3112 naturam,
1878 3061 2042 3100 omne
2101 3044 2296 3098 vitium

2399 3054 2482 3105 ὅτι
2505 3050 2573 3104 τά
2601 3050 2873 3122 ἀρχέγονα
2923 3051 3018 3105 καὶ
3047 3051 3229 3122 πάσης
3271 3050 3465 3113 κακίας
3496 3048 3816 3117 γεννητικὰ,
3846 3046 3981 3115 τρία

710 3141 926 3195 efiicere
951 3155 1016 3194 ac
1048 3139 1336 3193 malitiam.
1384 3138 1658 3193 Memento
1709 3137 1813 3191 tria
1856 3137 1972 3190 haec
2011 3135 2299 3207 originalia

2401 3142 2579 3197 ταῦτά
2627 3144 2800 3209 ἐστιν,
2841 3143 3036 3208 ἄγνοια
3059 3181 3076 3206 ,
3121 3140 3402 3210 φιλαυτία,
3438 3141 3532 3194 καὶ
3565 3138 3840 3210 τυραννίς·
3879 3136 3980 3188 καὶ

711 3249 856 3298 esse,
885 3247 1213 3301 summaque
1247 3231 1428 3286 omnis
1457 3231 1746 3301 pravitatis
1780 3229 2112 3298 malitimqnc
2148 3229 2300 3298 prin-

2401 3235 2482 3287 ὅτι
2526 3235 2870 3305 ὑπεστήσατο
2903 3233 3108 3296 ταύτας
3132 3236 3160 3286 ὁ
3186 3233 3421 3304 πονηρὸς
3466 3235 3523 3284 ὲν
3554 3232 3706 3301 ἡμῖν,
3733 3229 3810 3299 τῷ
3832 3228 3980 3282 κατά

711 3324 891 3392 οέιιίας
924 3323 1289 3393 ignorantiam
1311 3323 1541 3384 scilicet.
1571 3337 1814 3376 amorem
1835 3322 1986 3374 illum
2002 3335 2296 3389 corporum

714 3432 812 3473 seu
851 3416 1154 3480 carnalem,
1198 3430 1262 3470 ac
1311 3413 1678 3487 tyrannidem.
1729 3412 1854 3467 Hae
1897 3413 1953 3466 in
2001 3411 2162 3467 nobis
2198 3426 2298 3466 ne-

714 3507 1020 3578 quissimus
1048 3507 1140 3563 ille
1161 3506 1435 3571 condidit,
1465 3521 1564 3578 per
1599 3504 1769 3560 animi
1797 3505 1853 3559 in
1903 3504 2066 3560 nobis
2094 3504 2297 3559 virium

715 3599 969 3654 abusunL

787 3692 873 3746 16.
909 3689 1162 3746 Mandata
1212 3705 1397 3745 rerum
1442 3689 1713 3760 cogitatus
1744 3704 2012 3758 sensuque
2049 3704 2079 3742 a
2109 3687 2299 3743 libidi-

717 3783 871 3838 nosis
901 3782 1023 3838 istis
1054 3790 1111 3838 et
1145 3796 1270 3837 cum
1320 3781 1530 3836 aﬁ‘ectu‘
1573 3790 1803 3835 tenuant
1845 3780 2297 3851 cogitationibus,

717 3885 779 3931 nt
806 3877 860 3929 in
889 3890 1012 3944 cap.
1039 3874 1094 3938 ι,
1127 3874 1204 3928 ait
1242 3873 1515 3928 istiusmct
1537 3872 1861 3926 centenarii.

792 3964 878 4018 17.
909 3963 1043 4029 Quae
1084 3972 1285 4032 praeter
1339 3963 1434 4017 Dei
1489 3963 1824 4016 voluntatem
1878 3962 2013 4014 ﬁunt
2081 3961 2299 4031 (honam

721 4057 867 4111 illam
896 4064 953 4109 et
980 4053 1379 4123 beneplacitam
1407 4062 1463 4108 et
1489 4055 1787 4123 perfectam
1813 4053 1878 4123 ³⁸)
1916 4068 2040 4121 quae
2091 4053 2305 4107 scilicet

725 4149 868 4202 bona
896 4146 953 4200 in
989 4145 1300 4216 proximum
1354 4153 1580 4215 propter
1629 4145 1800 4199 Deum
1859 4144 2026 4198 animi
2086 4142 2304 4198 aﬂectio

719 4247 826 4301 est,
850 4249 1050 4306 praeter
1071 4246 1280 4291 rectum
1312 4237 1474 4290 ﬁnem
1506 4251 1568 4290 ac
1595 4237 1932 4294 destinatum
1967 4235 2123 4290 ﬁunt.
2149 4234 2306 4300 Quod

725 4343 856 4382 vero
899 4327 997 4382 Dei
1041 4327 1309 4384 voluntati
1364 4327 1705 4392 adversetur,
1752 4343 1862 4382 non
1917 4327 2062 4382 bono
2123 4329 2306 4381 animo

723 4433 854 4488 erga
889 4417 1200 4487 proximum
1229 4433 1371 4483 esse,
1401 4418 1646 4474 ostendit
1688 4417 1958 4473 Dominus
2004 4417 2060 4471 in
2124 4417 2306 4471 Evan-

2401 3325 2750 3393 παράχρησιν
2793 3323 2936 3394 λόγῳ
2961 3323 3071 3376 τῶν
3105 3325 3164 3376 ἐν
3203 3325 3338 3393 ἡμῖν
3379 3321 3662 3391 δυνάμεων
3704 3335 3980 3390 προσχρη-

2402 3430 2653 3484 σαμενος.

2477 3695 2572 3755 ις’.
2607 3688 2829 3743 Τούτων
2858 3688 2968 3742 τῶν
3020 3685 3288 3758 ἑμπαθῶν
3317 3684 3598 3756 λογισμῶν
3635 3681 3886 3752 ψιλοῦσιν
3918 3680 3980 3733 αι

2403 3781 2636 3846 ἐντολαὶ,
2679 3780 2749 3835 τὰ
2807 3779 2916 3833 τῶν
2960 3779 3306 3849 πραγμάτων
3338 3778 3608 3848 νοήματα⁶
3641 3771 3782 3827 καθά
3811 3773 3870 3824 ὲν
3898 3770 3981 3840 τῷ

2400 3875 2441 3928 δ’
2473 3875 2754 3944 κεφαλαίῳ
2776 3873 2876 3942 τῆς
2919 3872 3089 3942 αὐτῆς
3121 3877 3166 3941 ρ’
3187 3871 3341 3941 φησί.

2477 3968 2561 4031 ιζ’.
2591 3966 2673 4019 Τὰ
2703 3965 2854 4036 παρά
2881 3964 2940 4016 τὸ
2977 3964 3190 4034 θέλημα
3225 3960 3576 4031 πραττόμενα
3599 3956 3694 4011 τοῦ
3729 3953 3886 4018 Θεοῦ,
3917 3955 3984 4006 τὸ

2403 4058 2604 4127 ἀγαθὸν
2641 4057 2737 4109 καὶ
2762 4057 3055 4126 εὐάρεστον
3106 4054 3201 4106 καὶ
3227 4052 3453 4111 τέλειον,
3479 4052 3617 4120 ὅπερ
3644 4048 3792 4101 ἐστὶν
3826 4047 3862 4116 ἡ
3892 4045 3984 4099 διὰ

2402 4151 2493 4204 τὸν
2547 4147 2679 4203 Θεὸν
2718 4149 2852 4219 πρὸς
2894 4147 2984 4200 τὸν
3025 4145 3252 4216 πλησίον
3297 4143 3476 4213 ἀγαθὴ
3521 4140 3796 4201 διάθεσις,
3830 4136 3984 4206 παρά

2403 4241 2494 4294 τὸν
2528 4237 2687 4309 ὀρθόν
2728 4239 2845 4290 ἔστι
2906 4235 3108 4288 σκοπὸν
3157 4233 3437 4302 γινόμενα.
3471 4230 3595 4282 Ὅτι
3623 4228 3680 4281 δὲ
3720 4227 3878 4296 παρά
3920 4224 3986 4278 τὺ

2407 4332 2615 4400 θέλημα
2651 4328 2743 4383 τοῦ
2782 4327 2916 4380 Θεοῦ
2945 4327 3004 4380 τὸ
3034 4327 3170 4399 πρὸς
3196 4326 3288 4379 τὸν
3313 4324 3542 4395 πλησίον
3567 4320 3628 4374 οὗ
3653 4318 3837 4379 καλῶς
3865 4319 3984 4370 δια.

2408 4422 2643 4486 κεῖσθαι,
2681 4421 2953 4474 δείκνυσιν
2988 4419 3045 4470 ὲν
3083 4416 3436 4486 [εὐαγγελίοις
3479 4414 3652 4481 λέγων
3689 4414 3719 4464 ὁ
3751 4410 3982 4480 Κύριος

722 4507 902 4579 geliis,
928 4523 1052 4562 cum
1077 4509 1151 4563 ait
1181 4527 1195 4561 :
1226 4508 1500 4574 Quatenus
1528 4508 1743 4578 fecistis,
1770 4510 1855 4563 vel
1885 4526 1990 4563 non
2022 4509 2210 4579 fecistis
2234 4509 2299 4575 "°;

2419 4514 2526 4581 Ἔφ
2553 4513 2704 4564 ὅσον
2730 4507 3075 4573 ἐποιήσατε,
3106 4507 3202 4561 καὶ
3221 4508 3294 4574 ἐφ
3315 4506 3469 4558 ὅσον
3496 4505 3608 4558 οὐκ
3631 4499 3982 4577 exat-rica“,

721 4615 1056 4656 enumerans
1091 4600 1375 4656 charitatis
1420 4608 1587 4670 atque
1623 4600 1733 4654 odii
1794 4614 2013 4669 genera.
2064 4598 2308 4653 Observa

722 4705 879 4756 vero,
907 4690 1053 4762 quod
1077 4691 1173 4760 qui
1194 4699 1384 4746 contra
1422 4700 1630 4746 rectum
1673 4690 1834 4745 ﬁnem
1877 4705 1941 4744 ac
1971 4689 2305 4744 destinatum

727 4789 942 4840 (contra
967 4781 1064 4836 Dei
1093 4780 1305 4836 scilicet
1334 4781 1700 4848 mandatum),
1737 4795 1968 4834 excusso
1993 4779 2333 4834 humanita-.

726 4873 796 4928 tis
817 4887 1007 4934 sensu,
1035 4871 1307 4938 fecerunt,
1335 4888 1460 4928 cum
1477 4873 1623 4926 nihil
1660 4871 1726 4927 ad
1782 4871 2156 4926 defensionem
2202 4873 2303 4925 ha-

725 4966 941 5030 berent,
978 4981 1159 5036 neque
1182 4965 1347 5020 etiam
1380 4964 1544 5019 ﬁnem
1567 4980 1632 5018 ac
1664 4964 1994 5019 destinatum
2021 4978 2303 5032 Opponere

725 5057 986 5113 videntur
1027 5075 1041 5111 :
1077 5057 1224 5127 quod
1255 5072 1454 5126 nempe
1495 5056 1724 5119 scirent,
1775 5071 1902 5108 cum
1963 5055 2056 5125 qui
2112 5063 2304 5109 contra

727 5155 936 5205 rectum
962 5147 1056 5202 Dei
1088 5147 1253 5202 ﬁnem
1277 5162 1341 5202 ac
1360 5147 1696 5200 destinatum
1725 5146 1912 5212 faciat,
1964 5146 2178 5200 tametsi
2217 5146 2303 5199 in-

727 5255 982 5295 nnmeras
1011 5248 1254 5309 opponat
1277 5240 1540 5304 rationes,
1566 5238 1710 5295 haud
1746 5253 1985 5309 unquam
2001 5237 2305 5310 gehennam

723 5347 1039 5386 evasurum.

797 5424 886 5478 18.
927 5419 1296 5493 Ουρίἀίιοίεω
1341 5420 1489 5476 sistit
1546 5422 1642 5476 Dei
1702 5421 1944 5478 charitas
1989 5441 2002 5476 :
2068 5421 2302 5492 proximi

725 5523 912 5570 autem
945 5514 1171 5571 dilectio
1202 5513 1284 5567 ira
1329 5523 1712 5584 exasperatum
1731 5514 1974 5568 animum
2003 5514 2174 5568 sedat.

799 5606 888 5663 19.
920 5604 1026 5672 Qui
1073 5605 1373 5677 imaginum
1397 5606 1679 5670 materias,
1714 5605 1930 5662 divinas
1966 5606 2166 5678 ﬁguras
2192 5606 2313 5662 cxi-

789 5775 838 5808 ”
871 5779 1029 5838 Rom.
1059 5798 1153 5849 ιιι,
1187 5783 1240 5839 2.
1319 5785 1363 5815 “
1390 5782 1578 5838 Matth.
1610 5799 1732 5848 xxv,
1766 5785 1852 5840 ιθ.

2407 4605 2508 4673 τῆς
2534 4603 2753 4671 ἀγάπης
2779 4601 2848 4654 τά
2886 4600 3000 4671 εἴδη
3042 4601 3136 4655 καὶ
3191 4597 3284 4652 τοῦ
3333 4599 3522 4667 μίσους
3561 4591 3986 4664 ἀπαριθμούμεο

2408 4713 2518 4759 νος.
2555 4695 2694 4765 Ὅρα
2722 4693 2780 4747 δὲ
2816 4695 2896 4746 ὅτι
2928 4693 2978 4744 οί
3013 4689 3165 4760 παρά
3190 4690 3281 4742 τὸν
3310 4688 3469 4758 ὀρθὸν
3499 4686 3831 4756 ποιήσαντες
3857 4697 3982 4735 σκο-

2400 4786 2532 4850 πὸν,
2566 4785 2737 4855 ἤγουν
2766 4783 2916 4853 παρὰ
2949 4782 3047 4853 τὴν
3089 4779 3307 4850 ἐντολὴν
3351 4779 3447 4832 τοῦ
3479 4777 3637 4843 Θεοῦ,
3680 4773 3984 4830 ἀποσεισάο

2411 4895 2560 4948 μενοι
2589 4877 2649 4930 τὸ
2687 4874 3090 4945 φιλάνθρωπον,
3129 4873 3384 4943 οὐδεμίαν
3431 4871 3644 4939 ἔχοντες
3685 4867 3985 4936 ἀπολογίαν

2407 4971 2604 5034 εἰπεῖν,
2658 4967 2777 5022 οὐδὲ
2832 4967 2925 5020 τδν
2959 4967 3160 5021 σκοπὸν
3205 4963 3637 5035 προϐαλλόμενοι
3678 4961 3982 5030 φαίνονταιο

2407 5061 2628 5124 εἰδότες,
2660 5058 2736 5122 ὡς
2781 5059 2810 5112 ὁ
2859 5060 3010 5128 παρὰ
3060 5056 3153 5110 τὸν
3197 5055 3356 5127 ὀρθὸν
3390 5053 3590 5106 σκοπὸν
3622 5051 3719 5105 τοῦ
3764 5051 3904 5104 Θεοῦ
3931 5066 3984 5102 τι

2411 5151 2686 5222 πράττων,
2721 5149 2823 5204 κᾶν
2855 5149 3083 5222 μυρίους
3110 5147 3302 5217 λόγους
3345 5143 3662 5216 προόάλλοι,
3698 5143 3799 5214 τὴν
3831 5143 3986 5211 γέεν-

2412 5261 2507 5296 ναν
2529 5242 2628 5295 οὐκ
2655 5239 2998 5310 ἐκφεύξεται.

2484 5429 2572 5492 ιη’.
2617 5419 2944 5490 Ἐπιθυμίαν
2977 5419 3188 5487 ἵστησιν
3225 5419 3259 5488 ἠ
3294 5415 3388 5469 τοῦ
3425 5413 3561 5468 Θεοῦ
3593 5412 3806 5482 ἀγάπηο
3833 5411 3868 5480 ἡ
3891 5407 3979 5462 τοῦ

2413 5513 2640 5583 πλησίον
2669 5512 2747 5573 δὲ.
2781 5509 2945 5564 παύει
2977 5510 3148 5580 θυμὸν
3192 5506 3558 5580 ⁴Ιγγριιιιιμένον.

2485 5604 2570 5660 ιθ’.
2619 5606 2681 5660 Ol
2735 5602 3010 5666 είκονικάς
3061 5601 3194 5666 ὔλας
3231 5601 3356 5667 τοὺς
3392 5598 3570 5661 θείους
3625 5597 3978 5668 χαρακτῆρας
