  <div class='ocr_page' id='page_1' title='image "/cluster/home/n/w/nwhite01/storage/ocr_20150623/90/nnc1.0046980113/546.png"; bbox 0 0 4208 6436; ppageno 0'>
   <div class='ocr_carea' id='block_1_1' title="bbox 305 412 428 475">
    <p class='ocr_par' dir='ltr' id='par_1_1' title="bbox 305 412 428 475">
     <span class='ocr_line' id='line_1_1' title="bbox 305 412 428 475; baseline 0 0"><span class='ocrx_word' id='word_1_1' title='bbox 305 412 428 475; x_wconf 83' lang='grc' dir='ltr'><strong>1οΠ</strong></span> 
     </span>
    </p>
   </div>
   <div class='ocr_carea' id='block_1_2' title="bbox 1161 399 2678 483">
    <p class='ocr_par' dir='ltr' id='par_1_2' title="bbox 1161 399 2678 483">
     <span class='ocr_line' id='line_1_2' title="bbox 1161 399 2678 483; baseline 0.002 -15"><span class='ocrx_word' id='word_1_2' title='bbox 1161 409 1511 469; x_wconf 84' lang='lat' dir='ltr'><strong>CAPITUM</strong></span> <span class='ocrx_word' id='word_1_3' title='bbox 1551 399 1648 469; x_wconf 77' lang='lat' dir='ltr'><strong>DE</strong></span> <span class='ocrx_word' id='word_1_4' title='bbox 1685 408 2113 469; x_wconf 73' lang='lat' dir='ltr'><strong>CHARITATE</strong></span> <span class='ocrx_word' id='word_1_5' title='bbox 2155 412 2549 483; x_wconf 22' lang='lat' dir='ltr'><strong>CENTURIA‘</strong></span> <span class='ocrx_word' id='word_1_6' title='bbox 2583 413 2678 471; x_wconf 89' lang='lat' dir='ltr'><strong>IV.</strong></span> 
     </span>
    </p>
   </div>
   <div class='ocr_carea' id='block_1_3' title="bbox 3390 413 3524 477">
    <p class='ocr_par' dir='ltr' id='par_1_3' title="bbox 3390 413 3524 477">
     <span class='ocr_line' id='line_1_3' title="bbox 3390 413 3524 477; baseline 0 0"><span class='ocrx_word' id='word_1_7' title='bbox 3390 413 3524 477; x_wconf 76' lang='lat'><strong>1078</strong></span> 
     </span>
    </p>
   </div>
   <div class='ocr_carea' id='block_1_4' title="bbox 291 524 1863 599">
    <p class='ocr_par' dir='ltr' id='par_1_4' title="bbox 291 524 1854 599">
     <span class='ocr_line' id='line_1_4' title="bbox 291 524 1854 599; baseline -0.005 -17"><span class='ocrx_word' id='word_1_8' title='bbox 291 528 775 599; x_wconf 80' lang='grc' dir='ltr'>ὑπολαμϐάνοντες,</span> <span class='ocrx_word' id='word_1_9' title='bbox 804 524 1199 598; x_wconf 53' lang='grc' dir='ltr'>παραχρῶνται</span> <span class='ocrx_word' id='word_1_10' title='bbox 1231 529 1344 590; x_wconf 79' lang='grc' dir='ltr'>τοῖς</span> <span class='ocrx_word' id='word_1_11' title='bbox 1359 527 1467 579; x_wconf 91' lang='grc' dir='ltr'><strong>τῶν</strong></span> <span class='ocrx_word' id='word_1_12' title='bbox 1495 526 1854 595; x_wconf 72' lang='grc' dir='ltr'>χαρακτήρων</span> 
     </span>
    </p>
   </div>
   <div class='ocr_carea' id='block_1_5' title="bbox 1956 524 3524 599">
    <p class='ocr_par' dir='ltr' id='par_1_5' title="bbox 1956 524 3524 597">
     <span class='ocr_line' id='line_1_5' title="bbox 1956 524 3524 597; baseline 0.001 -20"><span class='ocrx_word' id='word_1_13' title='bbox 1956 527 2199 591; x_wconf 87' lang='lat' dir='ltr'><strong>stimant,</strong></span> <span class='ocrx_word' id='word_1_14' title='bbox 2247 527 2539 597; x_wconf 84' lang='lat' dir='ltr'><strong>ﬁgurarum</strong></span> <span class='ocrx_word' id='word_1_15' title='bbox 2606 526 2961 595; x_wconf 85' lang='lat' dir='ltr'><strong>conceptibus</strong></span> <span class='ocrx_word' id='word_1_16' title='bbox 3018 524 3337 579; x_wconf 85' lang='lat' dir='ltr'><strong>abutuntur.</strong></span> <span class='ocrx_word' id='word_1_17' title='bbox 3391 525 3524 579; x_wconf 87' lang='lat' dir='ltr'><strong>Nam</strong></span> 
     </span>
    </p>
   </div>
   <div class='ocr_carea' id='block_1_6' title="bbox 290 614 1850 689">
    <p class='ocr_par' dir='ltr' id='par_1_6' title="bbox 290 614 1850 689">
     <span class='ocr_line' id='line_1_6' title="bbox 290 614 1850 689; baseline -0.004 -17"><span class='ocrx_word' id='word_1_18' title='bbox 290 621 543 689; x_wconf 84' lang='grc' dir='ltr'>νοήμασι.</span> <span class='ocrx_word' id='word_1_19' title='bbox 592 617 698 670; x_wconf 90' lang='grc' dir='ltr'><strong>Τοῦ</strong></span> <span class='ocrx_word' id='word_1_20' title='bbox 727 619 834 687; x_wconf 84' lang='grc' dir='ltr'>γὰρ</span> <span class='ocrx_word' id='word_1_21' title='bbox 882 616 1229 687; x_wconf 88' lang='grc' dir='ltr'>χαρακτῆρος</span> <span class='ocrx_word' id='word_1_22' title='bbox 1278 618 1376 685; x_wconf 81' lang='grc' dir='ltr'><strong>τὴν</strong></span> <span class='ocrx_word' id='word_1_23' title='bbox 1420 616 1714 667; x_wconf 81' lang='grc' dir='ltr'>ὑπόστασιν</span> <span class='ocrx_word' id='word_1_24' title='bbox 1760 614 1850 681; x_wconf 88' lang='grc' dir='ltr'>δη-</span> 
     </span>
    </p>
   </div>
   <div class='ocr_carea' id='block_1_7' title="bbox 286 700 1853 780">
    <p class='ocr_par' dir='ltr' id='par_1_7' title="bbox 286 700 1853 780">
     <span class='ocr_line' id='line_1_7' title="bbox 286 700 1853 780; baseline -0.005 -15"><span class='ocrx_word' id='word_1_25' title='bbox 286 711 527 774; x_wconf 85' lang='grc' dir='ltr'>λοῦντος·</span> <span class='ocrx_word' id='word_1_26' title='bbox 565 711 719 765; x_wconf 75' lang='grc' dir='ltr'>αὐτοὶ</span> <span class='ocrx_word' id='word_1_27' title='bbox 766 710 866 780; x_wconf 81' lang='grc' dir='ltr'>τὴν</span> <span class='ocrx_word' id='word_1_28' title='bbox 920 709 1126 774; x_wconf 82' lang='grc' dir='ltr'>οὐσίαν,</span> <span class='ocrx_word' id='word_1_29' title='bbox 1159 710 1274 779; x_wconf 76' lang='grc' dir='ltr'>ἤτοι</span> <span class='ocrx_word' id='word_1_30' title='bbox 1317 708 1416 777; x_wconf 86' lang='grc' dir='ltr'>τὴν</span> <span class='ocrx_word' id='word_1_31' title='bbox 1457 706 1618 777; x_wconf 86' lang='grc' dir='ltr'>ῦλην,</span> <span class='ocrx_word' id='word_1_32' title='bbox 1661 708 1719 758; x_wconf 78' lang='grc' dir='ltr'><strong>ἐν</strong></span> <span class='ocrx_word' id='word_1_33' title='bbox 1826 707 1853 758; x_wconf 93' lang='lat'><strong>6</strong></span> 
     </span>
    </p>
   </div>
   <div class='ocr_carea' id='block_1_8' title="bbox 286 797 1851 874">
    <p class='ocr_par' dir='ltr' id='par_1_8' title="bbox 286 797 1851 874">
     <span class='ocr_line' id='line_1_8' title="bbox 286 797 1851 874; baseline -0.006 -18"><span class='ocrx_word' id='word_1_34' title='bbox 286 804 577 874; x_wconf 79' lang='grc' dir='ltr'>χαρακτὴρ</span> <span class='ocrx_word' id='word_1_35' title='bbox 606 803 1012 873; x_wconf 87' lang='grc' dir='ltr'>προσκυνεῖται,</span> <span class='ocrx_word' id='word_1_36' title='bbox 1044 800 1367 870; x_wconf 79' lang='grc' dir='ltr'>χαρακτῆρα</span> <span class='ocrx_word' id='word_1_37' title='bbox 1400 798 1683 851; x_wconf 81' lang='grc' dir='ltr'>ὑπέλαϐον.</span> <span class='ocrx_word' id='word_1_38' title='bbox 1726 797 1851 848; x_wconf 80' lang='grc' dir='ltr'><strong>Ἐν-</strong></span> 
     </span>
    </p>
   </div>
   <div class='ocr_carea' id='block_1_9' title="bbox 289 889 1853 965">
    <p class='ocr_par' dir='ltr' id='par_1_9' title="bbox 289 889 1853 965">
     <span class='ocr_line' id='line_1_9' title="bbox 289 889 1853 965; baseline -0.007 -16"><span class='ocrx_word' id='word_1_39' title='bbox 289 897 474 949; x_wconf 84' lang='grc' dir='ltr'>Θεντοι</span> <span class='ocrx_word' id='word_1_40' title='bbox 503 895 595 947; x_wconf 77' lang='grc' dir='ltr'><strong>καὶ</strong></span> <span class='ocrx_word' id='word_1_41' title='bbox 626 893 1117 965; x_wconf 82' lang='grc' dir='ltr'>παραχρησάμενοι</span> <span class='ocrx_word' id='word_1_42' title='bbox 1148 892 1223 961; x_wconf 84' lang='grc' dir='ltr'>τῷ</span> <span class='ocrx_word' id='word_1_43' title='bbox 1248 893 1500 961; x_wconf 82' lang='grc' dir='ltr'>νοήματι,</span> <span class='ocrx_word' id='word_1_44' title='bbox 1526 890 1583 956; x_wconf 76' lang='grc' dir='ltr'>ἐξ</span> <span class='ocrx_word' id='word_1_45' title='bbox 1612 889 1853 956; x_wconf 84' lang='grc' dir='ltr'>ἀνάγκης</span> 
     </span>
    </p>
   </div>
   <div class='ocr_carea' id='block_1_10' title="bbox 282 978 1853 1056">
    <p class='ocr_par' dir='ltr' id='par_1_10' title="bbox 282 978 1853 1056">
     <span class='ocr_line' id='line_1_10' title="bbox 282 978 1853 1056; baseline -0.008 -15"><span class='ocrx_word' id='word_1_46' title='bbox 282 988 382 1041; x_wconf 66' lang='grc' dir='ltr'><strong>καὶ</strong></span> <span class='ocrx_word' id='word_1_47' title='bbox 411 986 490 1056; x_wconf 86' lang='grc' dir='ltr'>τῷ</span> <span class='ocrx_word' id='word_1_48' title='bbox 518 986 801 1056; x_wconf 82' lang='grc' dir='ltr'><strong>πράγματι</strong></span> <span class='ocrx_word' id='word_1_49' title='bbox 829 986 1263 1054; x_wconf 76' lang='grc' dir='ltr'>παρεχρήσαντο·</span> <span class='ocrx_word' id='word_1_50' title='bbox 1296 982 1371 1043; x_wconf 82' lang='grc' dir='ltr'>ὡς</span> <span class='ocrx_word' id='word_1_51' title='bbox 1405 981 1535 1050; x_wconf 78' lang='grc' dir='ltr'>ὓλην</span> <span class='ocrx_word' id='word_1_52' title='bbox 1571 979 1731 1048; x_wconf 72' lang='grc' dir='ltr'>ψιλὴν</span> <span class='ocrx_word' id='word_1_53' title='bbox 1761 978 1853 1029; x_wconf 76' lang='grc' dir='ltr'><strong>καὶ</strong></span> 
     </span>
    </p>
   </div>
   <div class='ocr_carea' id='block_1_11' title="bbox 280 1069 1853 1149">
    <p class='ocr_par' dir='ltr' id='par_1_11' title="bbox 280 1069 1853 1149">
     <span class='ocr_line' id='line_1_11' title="bbox 280 1069 1853 1149; baseline -0.008 -17"><span class='ocrx_word' id='word_1_54' title='bbox 280 1079 479 1149; x_wconf 76' lang='grc' dir='ltr'>κωφὴν</span> <span class='ocrx_word' id='word_1_55' title='bbox 505 1080 633 1141; x_wconf 79' lang='grc' dir='ltr'>τοὺς</span> <span class='ocrx_word' id='word_1_56' title='bbox 678 1078 858 1147; x_wconf 72' lang='grc' dir='ltr'>ἱεροὺς</span> <span class='ocrx_word' id='word_1_57' title='bbox 903 1075 1259 1145; x_wconf 81' lang='grc' dir='ltr'>χαρακτῆρας</span> <span class='ocrx_word' id='word_1_58' title='bbox 1302 1072 1532 1133; x_wconf 81' lang='grc' dir='ltr'>ἀναιδῶς</span> <span class='ocrx_word' id='word_1_59' title='bbox 1578 1069 1853 1123; x_wconf 75' lang='grc' dir='ltr'>κατακαύο</span> 
     </span>
    </p>
   </div>
   <div class='ocr_carea' id='block_1_12' title="bbox 283 1186 501 1233">
    <p class='ocr_par' dir='ltr' id='par_1_12' title="bbox 283 1186 501 1233">
     <span class='ocr_line' id='line_1_12' title="bbox 283 1186 501 1233; baseline 0 -11"><span class='ocrx_word' id='word_1_60' title='bbox 283 1186 501 1233; x_wconf 87' lang='grc' dir='ltr'>σαντες.</span> 
     </span>
    </p>
   </div>
   <div class='ocr_carea' id='block_1_13' title="bbox 355 1250 1851 1326">
    <p class='ocr_par' dir='ltr' id='par_1_13' title="bbox 355 1250 1851 1326">
     <span class='ocr_line' id='line_1_13' title="bbox 355 1250 1851 1326; baseline -0.007 -13"><span class='ocrx_word' id='word_1_61' title='bbox 355 1266 426 1313; x_wconf 84' lang='grc' dir='ltr'>κ’.</span> <span class='ocrx_word' id='word_1_62' title='bbox 458 1260 631 1312; x_wconf 80' lang='grc' dir='ltr'>Βλέπε</span> <span class='ocrx_word' id='word_1_63' title='bbox 668 1258 730 1310; x_wconf 80' lang='grc' dir='ltr'><strong>τὸ</strong></span> <span class='ocrx_word' id='word_1_64' title='bbox 773 1257 1030 1326; x_wconf 80' lang='grc' dir='ltr'>διάφορον</span> <span class='ocrx_word' id='word_1_65' title='bbox 1056 1256 1155 1324; x_wconf 86' lang='grc' dir='ltr'><strong>τῆς</strong></span> <span class='ocrx_word' id='word_1_66' title='bbox 1189 1250 1365 1324; x_wconf 81' lang='grc' dir='ltr'>λύπης</span> <span class='ocrx_word' id='word_1_67' title='bbox 1393 1255 1487 1307; x_wconf 78' lang='grc' dir='ltr'>καὶ</span> <span class='ocrx_word' id='word_1_68' title='bbox 1515 1254 1611 1322; x_wconf 88' lang='grc' dir='ltr'><strong>τῆς</strong></span> <span class='ocrx_word' id='word_1_69' title='bbox 1639 1252 1851 1319; x_wconf 85' lang='grc' dir='ltr'><strong>ὀδύνης·</strong></span> 
     </span>
    </p>
   </div>
   <div class='ocr_carea' id='block_1_14' title="bbox 280 1342 1850 1419">
    <p class='ocr_par' dir='ltr' id='par_1_14' title="bbox 280 1342 1850 1419">
     <span class='ocr_line' id='line_1_14' title="bbox 280 1342 1850 1419; baseline -0.004 -17"><span class='ocrx_word' id='word_1_70' title='bbox 280 1349 382 1403; x_wconf 77' lang='grc' dir='ltr'>καὶ</span> <span class='ocrx_word' id='word_1_71' title='bbox 420 1351 504 1402; x_wconf 84' lang='grc' dir='ltr'><strong>ὅτι</strong></span> <span class='ocrx_word' id='word_1_72' title='bbox 534 1346 1075 1419; x_wconf 82' lang='grc' dir='ltr'>παρακολουθήματά</span> <span class='ocrx_word' id='word_1_73' title='bbox 1110 1347 1265 1399; x_wconf 84' lang='grc' dir='ltr'>εἰσιν·</span> <span class='ocrx_word' id='word_1_74' title='bbox 1297 1346 1331 1416; x_wconf 81' lang='grc' dir='ltr'>ἠ</span> <span class='ocrx_word' id='word_1_75' title='bbox 1355 1344 1471 1414; x_wconf 82' lang='grc' dir='ltr'>μὲν,</span> <span class='ocrx_word' id='word_1_76' title='bbox 1513 1344 1613 1413; x_wconf 91' lang='grc' dir='ltr'><strong>τῆς</strong></span> <span class='ocrx_word' id='word_1_77' title='bbox 1644 1342 1850 1413; x_wconf 81' lang='grc' dir='ltr'><strong>ἡδονῆς·</strong></span> 
     </span>
    </p>
   </div>
   <div class='ocr_carea' id='block_1_15' title="bbox 276 1439 933 1510">
    <p class='ocr_par' dir='ltr' id='par_1_15' title="bbox 276 1439 933 1510">
     <span class='ocr_line' id='line_1_15' title="bbox 276 1439 933 1510; baseline 0 -17"><span class='ocrx_word' id='word_1_78' title='bbox 276 1443 313 1510; x_wconf 77' lang='grc' dir='ltr'>ἡ</span> <span class='ocrx_word' id='word_1_79' title='bbox 348 1441 430 1504; x_wconf 80' lang='grc' dir='ltr'>δὲ,</span> <span class='ocrx_word' id='word_1_80' title='bbox 469 1442 568 1509; x_wconf 85' lang='grc' dir='ltr'><strong>τῆς</strong></span> <span class='ocrx_word' id='word_1_81' title='bbox 607 1439 933 1505; x_wconf 81' lang='grc' dir='ltr'>κενοδοξίας.</span> 
     </span>
    </p>
   </div>
   <div class='ocr_carea' id='block_1_16' title="bbox 356 1526 1855 1602">
    <p class='ocr_par' dir='ltr' id='par_1_16' title="bbox 356 1526 1855 1602">
     <span class='ocr_line' id='line_1_16' title="bbox 356 1526 1855 1602; baseline -0.004 -17"><span class='ocrx_word' id='word_1_82' title='bbox 356 1539 466 1587; x_wconf 87' lang='grc' dir='ltr'>κα’.</span> <span class='ocrx_word' id='word_1_83' title='bbox 496 1534 683 1599; x_wconf 83' lang='grc' dir='ltr'>Πάσης</span> <span class='ocrx_word' id='word_1_84' title='bbox 724 1533 871 1602; x_wconf 80' lang='grc' dir='ltr'>ἡμᾶς</span> <span class='ocrx_word' id='word_1_85' title='bbox 903 1529 1193 1597; x_wconf 74' lang='grc' dir='ltr'>ἀπολογίας</span> <span class='ocrx_word' id='word_1_86' title='bbox 1241 1527 1512 1582; x_wconf 88' lang='grc' dir='ltr'>ἀποπαύει</span> <span class='ocrx_word' id='word_1_87' title='bbox 1541 1526 1637 1581; x_wconf 88' lang='grc' dir='ltr'><strong>τοῦ</strong></span> <span class='ocrx_word' id='word_1_88' title='bbox 1667 1527 1855 1580; x_wconf 89' lang='grc' dir='ltr'>ἀποτι-</span> 
     </span>
    </p>
   </div>
   <div class='ocr_carea' id='block_1_17' title="bbox 279 1616 1854 1692">
    <p class='ocr_par' dir='ltr' id='par_1_17' title="bbox 279 1616 1854 1692">
     <span class='ocr_line' id='line_1_17' title="bbox 279 1616 1854 1692; baseline -0.004 -17"><span class='ocrx_word' id='word_1_89' title='bbox 279 1623 439 1677; x_wconf 84' lang='grc' dir='ltr'>θέναι</span> <span class='ocrx_word' id='word_1_90' title='bbox 461 1623 528 1676; x_wconf 87' lang='grc' dir='ltr'><strong>τά</strong></span> <span class='ocrx_word' id='word_1_91' title='bbox 555 1624 832 1692; x_wconf 78' lang='grc' dir='ltr'>χρήματα,</span> <span class='ocrx_word' id='word_1_92' title='bbox 856 1621 922 1673; x_wconf 88' lang='grc' dir='ltr'><strong>τά</strong></span> <span class='ocrx_word' id='word_1_93' title='bbox 953 1619 1185 1690; x_wconf 77' lang='grc' dir='ltr'>καθεξῆς</span> <span class='ocrx_word' id='word_1_94' title='bbox 1210 1619 1336 1689; x_wconf 91' lang='grc' dir='ltr'>τρία</span> <span class='ocrx_word' id='word_1_95' title='bbox 1364 1616 1536 1672; x_wconf 90' lang='grc' dir='ltr'>ταῦτα</span> <span class='ocrx_word' id='word_1_96' title='bbox 1561 1617 1854 1685; x_wconf 88' lang='grc' dir='ltr'>κεφάλαια.</span> 
     </span>
    </p>
   </div>
   <div class='ocr_carea' id='block_1_18' title="bbox 357 1793 1853 1871">
    <p class='ocr_par' dir='ltr' id='par_1_18' title="bbox 357 1793 1853 1871">
     <span class='ocr_line' id='line_1_18' title="bbox 357 1793 1853 1871; baseline -0.007 -18"><span class='ocrx_word' id='word_1_97' title='bbox 357 1800 462 1871; x_wconf 81' lang='grc' dir='ltr'>κβ’.</span> <span class='ocrx_word' id='word_1_98' title='bbox 508 1800 776 1870; x_wconf 80' lang='grc' dir='ltr'>Τεχνικὴν</span> <span class='ocrx_word' id='word_1_99' title='bbox 809 1798 1018 1865; x_wconf 83' lang='grc' dir='ltr'>σοφίαν,</span> <span class='ocrx_word' id='word_1_100' title='bbox 1056 1798 1117 1850; x_wconf 79' lang='grc' dir='ltr'><strong>οὐ</strong></span> <span class='ocrx_word' id='word_1_101' title='bbox 1148 1796 1246 1866; x_wconf 80' lang='grc' dir='ltr'><strong>τὴν</strong></span> <span class='ocrx_word' id='word_1_102' title='bbox 1270 1797 1334 1849; x_wconf 81' lang='grc' dir='ltr'>ὲκ</span> <span class='ocrx_word' id='word_1_103' title='bbox 1365 1795 1651 1865; x_wconf 82' lang='grc' dir='ltr'>μαθήσεως</span> <span class='ocrx_word' id='word_1_104' title='bbox 1684 1793 1853 1859; x_wconf 84' lang='grc' dir='ltr'>λέγει,</span> 
     </span>
    </p>
   </div>
   <div class='ocr_carea' id='block_1_19' title="bbox 279 1885 1574 1960">
    <p class='ocr_par' dir='ltr' id='par_1_19' title="bbox 279 1885 1574 1960">
     <span class='ocr_line' id='line_1_19' title="bbox 279 1885 1574 1960; baseline -0.005 -16"><span class='ocrx_word' id='word_1_105' title='bbox 279 1892 427 1944; x_wconf 89' lang='grc' dir='ltr'><strong>ἀλλά</strong></span> <span class='ocrx_word' id='word_1_106' title='bbox 465 1890 564 1960; x_wconf 78' lang='grc' dir='ltr'><strong>τὴν</strong></span> <span class='ocrx_word' id='word_1_107' title='bbox 594 1890 660 1943; x_wconf 86' lang='grc' dir='ltr'>δι’</span> <span class='ocrx_word' id='word_1_108' title='bbox 690 1885 758 1959; x_wconf 83' lang='grc' dir='ltr'>ἦς</span> <span class='ocrx_word' id='word_1_109' title='bbox 783 1891 810 1941; x_wconf 97' lang='lat'><strong>6</strong></span> <span class='ocrx_word' id='word_1_110' title='bbox 836 1889 967 1951; x_wconf 82' lang='grc' dir='ltr'>Θεὸς</span> <span class='ocrx_word' id='word_1_111' title='bbox 1008 1888 1077 1939; x_wconf 90' lang='grc' dir='ltr'><strong>τά</strong></span> <span class='ocrx_word' id='word_1_112' title='bbox 1110 1887 1286 1940; x_wconf 91' lang='grc' dir='ltr'>πάντα</span> <span class='ocrx_word' id='word_1_113' title='bbox 1332 1886 1574 1955; x_wconf 76' lang='grc' dir='ltr'>ἐποίησε.</span> 
     </span>
    </p>
   </div>
   <div class='ocr_carea' id='block_1_20' title="bbox 358 1972 1857 2048">
    <p class='ocr_par' dir='ltr' id='par_1_20' title="bbox 358 1972 1857 2048">
     <span class='ocr_line' id='line_1_20' title="bbox 358 1972 1857 2048; baseline -0.005 -15"><span class='ocrx_word' id='word_1_114' title='bbox 358 1979 464 2048; x_wconf 88' lang='grc' dir='ltr'>κγ’.</span> <span class='ocrx_word' id='word_1_115' title='bbox 498 1981 622 2042; x_wconf 86' lang='grc' dir='ltr'>Τοῖς</span> <span class='ocrx_word' id='word_1_116' title='bbox 649 1980 939 2048; x_wconf 81' lang='grc' dir='ltr'>τέσσαρσιν</span> <span class='ocrx_word' id='word_1_117' title='bbox 962 1979 990 2028; x_wconf 93' lang='lat'><strong>6</strong></span> <span class='ocrx_word' id='word_1_118' title='bbox 1041 1976 1164 2039; x_wconf 91' lang='grc' dir='ltr'>νοῦς</span> <span class='ocrx_word' id='word_1_119' title='bbox 1201 1992 1300 2045; x_wconf 90' lang='grc' dir='ltr'><strong>μου</strong></span> <span class='ocrx_word' id='word_1_120' title='bbox 1330 1975 1657 2043; x_wconf 89' lang='grc' dir='ltr'>ἀκάθαρτος.</span> <span class='ocrx_word' id='word_1_121' title='bbox 1704 1972 1857 2042; x_wconf 87' lang='grc' dir='ltr'>Ἔχει</span> 
     </span>
    </p>
   </div>
   <div class='ocr_carea' id='block_1_21' title="bbox 277 2065 1858 2136">
    <p class='ocr_par' dir='ltr' id='par_1_21' title="bbox 277 2065 1858 2136">
     <span class='ocr_line' id='line_1_21' title="bbox 277 2065 1858 2136; baseline -0.005 -11"><span class='ocrx_word' id='word_1_122' title='bbox 277 2072 342 2126; x_wconf 82' lang='grc' dir='ltr'><strong>δέ</strong></span> <span class='ocrx_word' id='word_1_123' title='bbox 369 2089 425 2124; x_wconf 89' lang='grc' dir='ltr'><strong>τι</strong></span> <span class='ocrx_word' id='word_1_124' title='bbox 453 2073 546 2125; x_wconf 79' lang='grc' dir='ltr'><strong>καὶ</strong></span> <span class='ocrx_word' id='word_1_125' title='bbox 568 2070 749 2135; x_wconf 81' lang='grc' dir='ltr'>πλέον,</span> <span class='ocrx_word' id='word_1_126' title='bbox 776 2071 857 2122; x_wconf 83' lang='grc' dir='ltr'>ὅτι</span> <span class='ocrx_word' id='word_1_127' title='bbox 885 2071 979 2121; x_wconf 55' lang='grc' dir='ltr'><strong>καὶ⁵</strong></span> <span class='ocrx_word' id='word_1_128' title='bbox 1003 2069 1110 2121; x_wconf 90' lang='grc' dir='ltr'><strong>τῶν</strong></span> <span class='ocrx_word' id='word_1_129' title='bbox 1137 2067 1313 2122; x_wconf 83' lang='grc' dir='ltr'>ἀλλων</span> <span class='ocrx_word' id='word_1_130' title='bbox 1336 2066 1524 2120; x_wconf 79' lang='grc' dir='ltr'>ἑαυτὸν</span> <span class='ocrx_word' id='word_1_131' title='bbox 1554 2065 1858 2136; x_wconf 81' lang='grc' dir='ltr'>σοφώτερον</span> 
     </span>
    </p>
   </div>
   <div class='ocr_carea' id='block_1_22' title="bbox 279 2161 508 2230">
    <p class='ocr_par' dir='ltr' id='par_1_22' title="bbox 279 2161 508 2230">
     <span class='ocr_line' id='line_1_22' title="bbox 279 2161 508 2230; baseline 0 -18"><span class='ocrx_word' id='word_1_132' title='bbox 279 2161 508 2230; x_wconf 81' lang='grc' dir='ltr'>ἥγηται.</span> 
     </span>
    </p>
   </div>
   <div class='ocr_carea' id='block_1_23' title="bbox 365 2263 1857 2335">
    <p class='ocr_par' dir='ltr' id='par_1_23' title="bbox 365 2263 1857 2335">
     <span class='ocr_line' id='line_1_23' title="bbox 365 2263 1857 2335; baseline -0.005 -14"><span class='ocrx_word' id='word_1_133' title='bbox 365 2268 466 2322; x_wconf 84' lang='grc' dir='ltr'>κδ’.</span> <span class='ocrx_word' id='word_1_134' title='bbox 507 2267 772 2321; x_wconf 81' lang='grc' dir='ltr'>Οὐδέποτε</span> <span class='ocrx_word' id='word_1_135' title='bbox 804 2266 837 2335; x_wconf 81' lang='grc' dir='ltr'><strong>ἡ</strong></span> <span class='ocrx_word' id='word_1_136' title='bbox 864 2264 1008 2335; x_wconf 76' lang='grc' dir='ltr'>ψυχή</span> <span class='ocrx_word' id='word_1_137' title='bbox 1042 2281 1146 2335; x_wconf 87' lang='grc' dir='ltr'><strong>μου</strong></span> <span class='ocrx_word' id='word_1_138' title='bbox 1170 2263 1314 2318; x_wconf 91' lang='grc' dir='ltr'><strong>κατά</strong></span> <span class='ocrx_word' id='word_1_139' title='bbox 1348 2264 1507 2332; x_wconf 85' lang='grc' dir='ltr'>φύσιν</span> <span class='ocrx_word' id='word_1_140' title='bbox 1539 2264 1857 2334; x_wconf 78' lang='grc' dir='ltr'>ἐνήργησεν·</span> 
     </span>
    </p>
   </div>
   <div class='ocr_carea' id='block_1_24' title="bbox 282 2354 1861 2428">
    <p class='ocr_par' dir='ltr' id='par_1_24' title="bbox 282 2354 1861 2428">
     <span class='ocr_line' id='line_1_24' title="bbox 282 2354 1861 2428; baseline -0.003 -17"><span class='ocrx_word' id='word_1_141' title='bbox 282 2354 456 2425; x_wconf 78' lang='grc' dir='ltr'>οἶδεν,</span> <span class='ocrx_word' id='word_1_142' title='bbox 486 2360 513 2411; x_wconf 90' lang='lat'><strong>6</strong></span> <span class='ocrx_word' id='word_1_143' title='bbox 551 2357 718 2428; x_wconf 84' lang='grc' dir='ltr'>μηδὲν</span> <span class='ocrx_word' id='word_1_144' title='bbox 743 2357 973 2425; x_wconf 82' lang='grc' dir='ltr'>ἀγνοῶν·</span> <span class='ocrx_word' id='word_1_145' title='bbox 1012 2356 1106 2409; x_wconf 76' lang='grc' dir='ltr'><strong>καὶ</strong></span> <span class='ocrx_word' id='word_1_146' title='bbox 1138 2356 1394 2410; x_wconf 84' lang='grc' dir='ltr'>οὐδέποτε</span> <span class='ocrx_word' id='word_1_147' title='bbox 1424 2356 1523 2426; x_wconf 90' lang='grc' dir='ltr'><strong>τῆς</strong></span> <span class='ocrx_word' id='word_1_148' title='bbox 1561 2357 1683 2410; x_wconf 83' lang='grc' dir='ltr'>κατ’</span> <span class='ocrx_word' id='word_1_149' title='bbox 1713 2355 1861 2424; x_wconf 79' lang='grc' dir='ltr'>ἐνέρ-</span> 
     </span>
    </p>
   </div>
   <div class='ocr_carea' id='block_1_25' title="bbox 286 2447 1108 2519">
    <p class='ocr_par' dir='ltr' id='par_1_25' title="bbox 286 2447 1108 2519">
     <span class='ocr_line' id='line_1_25' title="bbox 286 2447 1108 2519; baseline -0.005 -17"><span class='ocrx_word' id='word_1_150' title='bbox 286 2466 447 2518; x_wconf 88' lang='grc' dir='ltr'>γειαν</span> <span class='ocrx_word' id='word_1_151' title='bbox 489 2447 766 2519; x_wconf 80' lang='grc' dir='ltr'>ἁμαρτίας</span> <span class='ocrx_word' id='word_1_152' title='bbox 805 2447 1108 2517; x_wconf 72' lang='grc' dir='ltr'>ἠρέμησεν.</span> 
     </span>
    </p>
   </div>
   <div class='ocr_carea' id='block_1_26' title="bbox 366 2623 1862 2696">
    <p class='ocr_par' dir='ltr' id='par_1_26' title="bbox 366 2623 1862 2696">
     <span class='ocr_line' id='line_1_26' title="bbox 366 2623 1862 2696; baseline -0.002 -17"><span class='ocrx_word' id='word_1_153' title='bbox 366 2625 465 2679; x_wconf 80' lang='grc' dir='ltr'>κε’.</span> <span class='ocrx_word' id='word_1_154' title='bbox 500 2626 665 2678; x_wconf 80' lang='grc' dir='ltr'>’Ὥστε</span> <span class='ocrx_word' id='word_1_155' title='bbox 698 2625 773 2696; x_wconf 83' lang='grc' dir='ltr'>μὴ</span> <span class='ocrx_word' id='word_1_156' title='bbox 820 2624 909 2679; x_wconf 88' lang='grc' dir='ltr'><strong>διά</strong></span> <span class='ocrx_word' id='word_1_157' title='bbox 952 2625 1044 2678; x_wconf 84' lang='grc' dir='ltr'><strong>τὸν</strong></span> <span class='ocrx_word' id='word_1_158' title='bbox 1091 2624 1324 2695; x_wconf 87' lang='grc' dir='ltr'>Χριστόν</span> <span class='ocrx_word' id='word_1_159' title='bbox 1363 2642 1416 2676; x_wconf 89' lang='grc' dir='ltr'><strong>τι</strong></span> <span class='ocrx_word' id='word_1_160' title='bbox 1464 2624 1765 2686; x_wconf 87' lang='grc' dir='ltr'>ποιοῦντες·</span> <span class='ocrx_word' id='word_1_161' title='bbox 1797 2623 1862 2676; x_wconf 86' lang='grc' dir='ltr'>δι’</span> 
     </span>
    </p>
   </div>
   <div class='ocr_carea' id='block_1_27' title="bbox 292 2700 1860 2787">
    <p class='ocr_par' dir='ltr' id='par_1_27' title="bbox 292 2700 1860 2787">
     <span class='ocr_line' id='line_1_27' title="bbox 292 2700 1860 2787; baseline -0.003 -16"><span class='ocrx_word' id='word_1_162' title='bbox 292 2719 426 2771; x_wconf 83' lang='grc' dir='ltr'>ἄλλο</span> <span class='ocrx_word' id='word_1_163' title='bbox 457 2718 516 2772; x_wconf 84' lang='grc' dir='ltr'><strong><em>δέ</em></strong></span> <span class='ocrx_word' id='word_1_164' title='bbox 556 2736 629 2782; x_wconf 93' lang='grc' dir='ltr'><strong>τι,</strong></span> <span class='ocrx_word' id='word_1_165' title='bbox 664 2719 725 2771; x_wconf 84' lang='grc' dir='ltr'><strong>οὐ</strong></span> <span class='ocrx_word' id='word_1_166' title='bbox 766 2718 1043 2787; x_wconf 86' lang='grc' dir='ltr'>δυνάμεθα</span> <span class='ocrx_word' id='word_1_167' title='bbox 1081 2716 1481 2787; x_wconf 86' lang='grc' dir='ltr'>προϐάλλεσθαι</span> <span class='ocrx_word' id='word_1_168' title='bbox 1524 2700 1860 2768; x_wconf 73' lang='grc' dir='ltr'>τὸν’σκοπόν·</span> 
     </span>
    </p>
   </div>
   <div class='ocr_carea' id='block_1_28' title="bbox 294 2806 1862 2879">
    <p class='ocr_par' dir='ltr' id='par_1_28' title="bbox 294 2806 1862 2879">
     <span class='ocr_line' id='line_1_28' title="bbox 294 2806 1862 2879; baseline -0.001 -18"><span class='ocrx_word' id='word_1_169' title='bbox 294 2810 423 2862; x_wconf 74' lang='grc' dir='ltr'>ἐπεὶ</span> <span class='ocrx_word' id='word_1_170' title='bbox 457 2808 610 2879; x_wconf 83' lang='grc' dir='ltr'>παρὰ</span> <span class='ocrx_word' id='word_1_171' title='bbox 638 2810 729 2862; x_wconf 85' lang='grc' dir='ltr'><strong>τὸν</strong></span> <span class='ocrx_word' id='word_1_172' title='bbox 755 2810 955 2861; x_wconf 73' lang='grc' dir='ltr'>σκοπὸν</span> <span class='ocrx_word' id='word_1_173' title='bbox 974 2807 1068 2862; x_wconf 86' lang='grc' dir='ltr'><strong>τοῦ</strong></span> <span class='ocrx_word' id='word_1_174' title='bbox 1098 2808 1254 2875; x_wconf 90' lang='grc' dir='ltr'>Θεοῦ,</span> <span class='ocrx_word' id='word_1_175' title='bbox 1282 2806 1375 2860; x_wconf 76' lang='grc' dir='ltr'><strong>καὶ</strong></span> <span class='ocrx_word' id='word_1_176' title='bbox 1415 2807 1556 2861; x_wconf 86' lang='grc' dir='ltr'>κατὰ</span> <span class='ocrx_word' id='word_1_177' title='bbox 1582 2809 1643 2859; x_wconf 77' lang='grc' dir='ltr'><strong>τὸ</strong></span> <span class='ocrx_word' id='word_1_178' title='bbox 1664 2810 1695 2878; x_wconf 88' lang='grc' dir='ltr'>ὴ</span> <span class='ocrx_word' id='word_1_179' title='bbox 1706 2807 1862 2877; x_wconf 88' lang='grc' dir='ltr'>μέτε-</span> 
     </span>
    </p>
   </div>
   <div class='ocr_carea' id='block_1_29' title="bbox 297 2900 789 2970">
    <p class='ocr_par' dir='ltr' id='par_1_29' title="bbox 297 2900 789 2970">
     <span class='ocr_line' id='line_1_29' title="bbox 297 2900 789 2970; baseline 0 -18"><span class='ocrx_word' id='word_1_180' title='bbox 297 2917 395 2969; x_wconf 85' lang='grc' dir='ltr'><strong>ρον</strong></span> <span class='ocrx_word' id='word_1_181' title='bbox 422 2900 789 2970; x_wconf 77' lang='grc' dir='ltr'>ἐργαζόμεθα.</span> 
     </span>
    </p>
   </div>
   <div class='ocr_carea' id='block_1_30' title="bbox 371 3005 1864 3079">
    <p class='ocr_par' dir='ltr' id='par_1_30' title="bbox 371 3005 1864 3079">
     <span class='ocr_line' id='line_1_30' title="bbox 371 3005 1864 3079; baseline 0 -18"><span class='ocrx_word' id='word_1_182' title='bbox 371 3015 483 3073; x_wconf 82' lang='grc' dir='ltr'>κς¹.</span> <span class='ocrx_word' id='word_1_183' title='bbox 516 3009 580 3061; x_wconf 83' lang='grc' dir='ltr'><strong>Εἰ</strong></span> <span class='ocrx_word' id='word_1_184' title='bbox 627 3007 759 3079; x_wconf 79' lang='grc' dir='ltr'>διψᾷ</span> <span class='ocrx_word' id='word_1_185' title='bbox 780 3025 865 3070; x_wconf 88' lang='grc' dir='ltr'><strong>τις</strong></span> <span class='ocrx_word' id='word_1_186' title='bbox 899 3008 1139 3060; x_wconf 87' lang='grc' dir='ltr'>ἀλίσκειν</span> <span class='ocrx_word' id='word_1_187' title='bbox 1169 3008 1260 3059; x_wconf 75' lang='grc' dir='ltr'>καὶ</span> <span class='ocrx_word' id='word_1_188' title='bbox 1293 3005 1564 3077; x_wconf 79' lang='grc' dir='ltr'>ἁρπάζειν</span> <span class='ocrx_word' id='word_1_189' title='bbox 1589 3008 1864 3078; x_wconf 78' lang='grc' dir='ltr'>ἀλλότρια,</span> 
     </span>
    </p>
   </div>
   <div class='ocr_carea' id='block_1_31' title="bbox 293 3097 1869 3169">
    <p class='ocr_par' dir='ltr' id='par_1_31' title="bbox 293 3097 1869 3169">
     <span class='ocr_line' id='line_1_31' title="bbox 293 3097 1869 3169; baseline 0 -18"><span class='ocrx_word' id='word_1_190' title='bbox 293 3097 327 3151; x_wconf 78' lang='grc' dir='ltr'><strong>ὃ</strong></span> <span class='ocrx_word' id='word_1_191' title='bbox 359 3100 432 3167; x_wconf 87' lang='grc' dir='ltr'>μή</span> <span class='ocrx_word' id='word_1_192' title='bbox 466 3100 585 3151; x_wconf 74' lang='grc' dir='ltr'>ἐστι</span> <span class='ocrx_word' id='word_1_193' title='bbox 616 3098 829 3169; x_wconf 87' lang='grc' dir='ltr'>θέλημα</span> <span class='ocrx_word' id='word_1_194' title='bbox 861 3098 958 3150; x_wconf 86' lang='grc' dir='ltr'><strong>τοῦ</strong></span> <span class='ocrx_word' id='word_1_195' title='bbox 1007 3098 1163 3163; x_wconf 87' lang='grc' dir='ltr'>Θεοῦ,</span> <span class='ocrx_word' id='word_1_196' title='bbox 1213 3097 1329 3160; x_wconf 89' lang='grc' dir='ltr'><strong>πῶς</strong></span> <span class='ocrx_word' id='word_1_197' title='bbox 1380 3098 1734 3168; x_wconf 87' lang='grc' dir='ltr'>προϐαλείται</span> <span class='ocrx_word' id='word_1_198' title='bbox 1778 3099 1869 3151; x_wconf 86' lang='grc' dir='ltr'>τὸν</span> 
     </span>
    </p>
   </div>
   <div class='ocr_carea' id='block_1_32' title="bbox 1954 614 3527 686">
    <p class='ocr_par' dir='ltr' id='par_1_32' title="bbox 1954 614 3527 686">
     <span class='ocr_line' id='line_1_32' title="bbox 1954 614 3527 686; baseline 0 -17"><span class='ocrx_word' id='word_1_199' title='bbox 1954 633 2077 669; x_wconf 88' lang='lat' dir='ltr'><strong>eum</strong></span> <span class='ocrx_word' id='word_1_200' title='bbox 2108 617 2279 686; x_wconf 88' lang='lat' dir='ltr'><strong>ﬁgura</strong></span> <span class='ocrx_word' id='word_1_201' title='bbox 2316 634 2409 672; x_wconf 89' lang='lat' dir='ltr'><strong>seu</strong></span> <span class='ocrx_word' id='word_1_202' title='bbox 2442 618 2725 671; x_wconf 77' lang='lat' dir='ltr'><strong>character</strong></span> <span class='ocrx_word' id='word_1_203' title='bbox 2767 631 3057 684; x_wconf 83' lang='lat' dir='ltr'><strong>personam</strong></span> <span class='ocrx_word' id='word_1_204' title='bbox 3088 615 3389 685; x_wconf 85' lang='lat' dir='ltr'><strong>signiﬁcet,</strong></span> <span class='ocrx_word' id='word_1_205' title='bbox 3425 614 3527 685; x_wconf 84' lang='lat' dir='ltr'><strong>ipsi</strong></span> 
     </span>
    </p>
   </div>
   <div class='ocr_carea' id='block_1_33' title="bbox 1953 705 3522 777">
    <p class='ocr_par' dir='ltr' id='par_1_33' title="bbox 1953 705 3522 777">
     <span class='ocr_line' id='line_1_33' title="bbox 1953 705 3522 777; baseline 0.001 -19"><span class='ocrx_word' id='word_1_206' title='bbox 1953 706 2309 760; x_wconf 88' lang='lat' dir='ltr'><strong>substantiam</strong></span> <span class='ocrx_word' id='word_1_207' title='bbox 2375 708 2465 777; x_wconf 90' lang='lat' dir='ltr'><strong>(id</strong></span> <span class='ocrx_word' id='word_1_208' title='bbox 2520 715 2639 770; x_wconf 85' lang='lat' dir='ltr'><strong>est,</strong></span> <span class='ocrx_word' id='word_1_209' title='bbox 2698 708 3022 774; x_wconf 89' lang='lat' dir='ltr'><strong>materiam)</strong></span> <span class='ocrx_word' id='word_1_210' title='bbox 3074 707 3127 759; x_wconf 86' lang='lat' dir='ltr'><strong>in</strong></span> <span class='ocrx_word' id='word_1_211' title='bbox 3185 722 3292 774; x_wconf 90' lang='lat' dir='ltr'><strong>qua</strong></span> <span class='ocrx_word' id='word_1_212' title='bbox 3350 705 3522 775; x_wconf 69' lang='lat' dir='ltr'><strong>ﬁgura</strong></span> 
     </span>
    </p>
   </div>
   <div class='ocr_carea' id='block_1_34' title="bbox 1955 797 3528 867">
    <p class='ocr_par' dir='ltr' id='par_1_34' title="bbox 1955 797 3528 867">
     <span class='ocr_line' id='line_1_34' title="bbox 1955 797 3528 867; baseline -0.001 -18"><span class='ocrx_word' id='word_1_213' title='bbox 1955 797 2233 863; x_wconf 83' lang='lat' dir='ltr'><strong>aduratur,</strong></span> <span class='ocrx_word' id='word_1_214' title='bbox 2294 797 2519 867; x_wconf 82' lang='lat' dir='ltr'><strong>ﬁguram</strong></span> <span class='ocrx_word' id='word_1_215' title='bbox 2575 798 3049 851; x_wconf 75' lang='lat' dir='ltr'><strong>existimaverunt.</strong></span> <span class='ocrx_word' id='word_1_216' title='bbox 3104 798 3350 865; x_wconf 88' lang='lat' dir='ltr'><strong>Hineque</strong></span> <span class='ocrx_word' id='word_1_217' title='bbox 3391 797 3528 848; x_wconf 80' lang='lat' dir='ltr'><strong>adeo</strong></span> 
     </span>
    </p>
   </div>
   <div class='ocr_carea' id='block_1_35' title="bbox 1954 887 3527 957">
    <p class='ocr_par' dir='ltr' id='par_1_35' title="bbox 1954 887 3527 957">
     <span class='ocr_line' id='line_1_35' title="bbox 1954 887 3527 957; baseline -0.002 -17"><span class='ocrx_word' id='word_1_218' title='bbox 1954 897 2246 956; x_wconf 87' lang='lat' dir='ltr'><strong>conceptu,</strong></span> <span class='ocrx_word' id='word_1_219' title='bbox 2296 889 2485 957; x_wconf 87' lang='lat' dir='ltr'><strong>reique</strong></span> <span class='ocrx_word' id='word_1_220' title='bbox 2554 889 2779 943; x_wconf 89' lang='lat' dir='ltr'><strong>notione</strong></span> <span class='ocrx_word' id='word_1_221' title='bbox 2831 888 3143 950; x_wconf 77' lang='lat' dir='ltr'><strong>abutentes,</strong></span> <span class='ocrx_word' id='word_1_222' title='bbox 3218 887 3527 941; x_wconf 88' lang='lat' dir='ltr'><strong>necessario</strong></span> 
     </span>
    </p>
   </div>
   <div class='ocr_carea' id='block_1_36' title="bbox 1954 977 3526 1048">
    <p class='ocr_par' dir='ltr' id='par_1_36' title="bbox 1954 977 3526 1048">
     <span class='ocr_line' id='line_1_36' title="bbox 1954 977 3526 1048; baseline -0.002 -16"><span class='ocrx_word' id='word_1_223' title='bbox 1954 978 2119 1032; x_wconf 89' lang='lat' dir='ltr'><strong>etiam</strong></span> <span class='ocrx_word' id='word_1_224' title='bbox 2152 980 2334 1048; x_wconf 90' lang='lat' dir='ltr'><strong>reipsa</strong></span> <span class='ocrx_word' id='word_1_225' title='bbox 2373 980 2530 1033; x_wconf 87' lang='lat' dir='ltr'><strong>abusi</strong></span> <span class='ocrx_word' id='word_1_226' title='bbox 2588 989 2754 1045; x_wconf 90' lang='lat' dir='ltr'><strong>sunt;</strong></span> <span class='ocrx_word' id='word_1_227' title='bbox 2789 980 2861 1033; x_wconf 89' lang='lat' dir='ltr'><strong>ita</strong></span> <span class='ocrx_word' id='word_1_228' title='bbox 2915 980 3176 1032; x_wconf 90' lang='lat' dir='ltr'><strong>nimirum</strong></span> <span class='ocrx_word' id='word_1_229' title='bbox 3234 987 3293 1031; x_wconf 93' lang='lat' dir='ltr'><strong>ut</strong></span> <span class='ocrx_word' id='word_1_230' title='bbox 3330 977 3526 1030; x_wconf 90' lang='lat' dir='ltr'><strong>nudam</strong></span> 
     </span>
    </p>
   </div>
   <div class='ocr_carea' id='block_1_37' title="bbox 1955 1069 3529 1140">
    <p class='ocr_par' dir='ltr' id='par_1_37' title="bbox 1955 1069 3529 1140">
     <span class='ocr_line' id='line_1_37' title="bbox 1955 1069 3529 1140; baseline 0 -18"><span class='ocrx_word' id='word_1_231' title='bbox 1955 1079 2271 1139; x_wconf 90' lang='lat' dir='ltr'><strong>mutamque</strong></span> <span class='ocrx_word' id='word_1_232' title='bbox 2334 1071 2621 1125; x_wconf 85' lang='lat' dir='ltr'><strong>materiam</strong></span> <span class='ocrx_word' id='word_1_233' title='bbox 2657 1086 2837 1124; x_wconf 87' lang='lat' dir='ltr'><strong>sacras</strong></span> <span class='ocrx_word' id='word_1_234' title='bbox 2890 1070 3087 1140; x_wconf 89' lang='lat' dir='ltr'><strong>ﬁguras</strong></span> <span class='ocrx_word' id='word_1_235' title='bbox 3134 1086 3197 1123; x_wconf 90' lang='lat' dir='ltr'><strong>ac</strong></span> <span class='ocrx_word' id='word_1_236' title='bbox 3264 1069 3529 1137; x_wconf 82' lang='lat' dir='ltr'><strong>imagines</strong></span> 
     </span>
    </p>
   </div>
   <div class='ocr_carea' id='block_1_38' title="bbox 1956 1163 3126 1237">
    <p class='ocr_par' dir='ltr' id='par_1_38' title="bbox 1956 1163 3126 1237">
     <span class='ocr_line' id='line_1_38' title="bbox 1956 1163 3126 1237; baseline 0.003 -20"><span class='ocrx_word' id='word_1_237' title='bbox 1956 1163 2303 1232; x_wconf 87' lang='lat' dir='ltr'><strong>impudenter</strong></span> <span class='ocrx_word' id='word_1_238' title='bbox 2334 1166 2441 1235; x_wconf 90' lang='lat' dir='ltr'><strong>igni</strong></span> <span class='ocrx_word' id='word_1_239' title='bbox 2466 1166 2762 1221; x_wconf 86' lang='lat' dir='ltr'><strong>abolendas</strong></span> <span class='ocrx_word' id='word_1_240' title='bbox 2792 1168 3126 1237; x_wconf 79' lang='lat' dir='ltr'><strong>putaverint.</strong></span> 
     </span>
    </p>
   </div>
   <div class='ocr_carea' id='block_1_39' title="bbox 2026 1256 3529 1324">
    <p class='ocr_par' dir='ltr' id='par_1_39' title="bbox 2026 1256 3529 1324">
     <span class='ocr_line' id='line_1_39' title="bbox 2026 1256 3529 1324; baseline 0.003 -17"><span class='ocrx_word' id='word_1_241' title='bbox 2026 1256 2115 1308; x_wconf 74' lang='lat'><strong>20.</strong></span> <span class='ocrx_word' id='word_1_242' title='bbox 2153 1256 2284 1310; x_wconf 83' lang='lat' dir='ltr'><strong>Vide</strong></span> <span class='ocrx_word' id='word_1_243' title='bbox 2316 1256 2613 1311; x_wconf 90' lang='lat' dir='ltr'><strong>discrimen</strong></span> <span class='ocrx_word' id='word_1_244' title='bbox 2642 1259 2785 1312; x_wconf 91' lang='lat' dir='ltr'><strong>inter</strong></span> <span class='ocrx_word' id='word_1_245' title='bbox 2817 1259 3094 1312; x_wconf 89' lang='lat' dir='ltr'><strong>tristitiam</strong></span> <span class='ocrx_word' id='word_1_246' title='bbox 3134 1268 3191 1313; x_wconf 90' lang='lat' dir='ltr'><strong>et</strong></span> <span class='ocrx_word' id='word_1_247' title='bbox 3241 1259 3485 1313; x_wconf 90' lang='lat' dir='ltr'><strong>dolorem</strong></span> <span class='ocrx_word' id='word_1_248' title='bbox 3515 1276 3529 1324; x_wconf 88' lang='lat'><strong>;</strong></span> 
     </span>
    </p>
   </div>
   <div class='ocr_carea' id='block_1_40' title="bbox 1958 1345 3533 1417">
    <p class='ocr_par' dir='ltr' id='par_1_40' title="bbox 1958 1345 3533 1417">
     <span class='ocr_line' id='line_1_40' title="bbox 1958 1345 3533 1417; baseline 0.001 -18"><span class='ocrx_word' id='word_1_249' title='bbox 1958 1345 2217 1415; x_wconf 86' lang='lat' dir='ltr'><strong>quodque</strong></span> <span class='ocrx_word' id='word_1_250' title='bbox 2244 1347 2396 1400; x_wconf 88' lang='lat' dir='ltr'><strong>velut</strong></span> <span class='ocrx_word' id='word_1_251' title='bbox 2444 1348 2795 1417; x_wconf 84' lang='lat' dir='ltr'><strong>appendices,</strong></span> <span class='ocrx_word' id='word_1_252' title='bbox 2819 1349 2989 1402; x_wconf 89' lang='lat' dir='ltr'><strong>altera</strong></span> <span class='ocrx_word' id='word_1_253' title='bbox 3023 1348 3340 1417; x_wconf 75' lang='lat' dir='ltr'><strong>voluptatis,</strong></span> <span class='ocrx_word' id='word_1_254' title='bbox 3397 1348 3533 1401; x_wconf 87' lang='lat' dir='ltr'><strong>alter</strong></span> 
     </span>
    </p>
   </div>
   <div class='ocr_carea' id='block_1_41' title="bbox 1955 1434 2511 1504">
    <p class='ocr_par' dir='ltr' id='par_1_41' title="bbox 1955 1434 2511 1504">
     <span class='ocr_line' id='line_1_41' title="bbox 1955 1434 2511 1504; baseline 0 -15"><span class='ocrx_word' id='word_1_255' title='bbox 1955 1435 2135 1489; x_wconf 89' lang='lat' dir='ltr'><strong>inanis</strong></span> <span class='ocrx_word' id='word_1_256' title='bbox 2159 1434 2346 1504; x_wconf 71' lang='lat' dir='ltr'><strong>gloria:</strong></span> <span class='ocrx_word' id='word_1_257' title='bbox 2380 1436 2511 1490; x_wconf 92' lang='lat' dir='ltr'><strong>sint.</strong></span> 
     </span>
    </p>
   </div>
   <div class='ocr_carea' id='block_1_42' title="bbox 2024 1525 3531 1597">
    <p class='ocr_par' dir='ltr' id='par_1_42' title="bbox 2024 1525 3531 1597">
     <span class='ocr_line' id='line_1_42' title="bbox 2024 1525 3531 1597; baseline 0.001 -17"><span class='ocrx_word' id='word_1_258' title='bbox 2024 1527 2113 1580; x_wconf 72' lang='lat' dir='ltr'><strong>2L</strong></span> <span class='ocrx_word' id='word_1_259' title='bbox 2157 1525 2385 1581; x_wconf 89' lang='lat' dir='ltr'><strong>Omnem</strong></span> <span class='ocrx_word' id='word_1_260' title='bbox 2422 1527 2585 1580; x_wconf 90' lang='lat' dir='ltr'><strong>nobis</strong></span> <span class='ocrx_word' id='word_1_261' title='bbox 2614 1526 2865 1580; x_wconf 88' lang='lat' dir='ltr'><strong>adimunt</strong></span> <span class='ocrx_word' id='word_1_262' title='bbox 2924 1528 3335 1581; x_wconf 76' lang='lat' dir='ltr'><strong>excusationem</strong></span> <span class='ocrx_word' id='word_1_263' title='bbox 3400 1530 3531 1597; x_wconf 81' lang='lat' dir='ltr'><strong>quia</strong></span> 
     </span>
    </p>
   </div>
   <div class='ocr_carea' id='block_1_43' title="bbox 1956 1617 3537 1686">
    <p class='ocr_par' dir='ltr' id='par_1_43' title="bbox 1956 1617 3537 1686">
     <span class='ocr_line' id='line_1_43' title="bbox 1956 1617 3537 1686; baseline 0.001 -16"><span class='ocrx_word' id='word_1_264' title='bbox 1956 1617 2218 1685; x_wconf 88' lang='lat' dir='ltr'><strong>pecunias</strong></span> <span class='ocrx_word' id='word_1_265' title='bbox 2270 1617 2617 1686; x_wconf 89' lang='lat' dir='ltr'><strong>abjiciamus,</strong></span> <span class='ocrx_word' id='word_1_266' title='bbox 2678 1633 2799 1686; x_wconf 75' lang='lat' dir='ltr'><strong>qua:</strong></span> <span class='ocrx_word' id='word_1_267' title='bbox 2881 1627 3189 1686; x_wconf 89' lang='lat' dir='ltr'><strong>sequuntur</strong></span> <span class='ocrx_word' id='word_1_268' title='bbox 3260 1619 3359 1671; x_wconf 89' lang='lat' dir='ltr'><strong>tria</strong></span> <span class='ocrx_word' id='word_1_269' title='bbox 3424 1619 3537 1671; x_wconf 75' lang='lat' dir='ltr'><strong>haec</strong></span> 
     </span>
    </p>
   </div>
   <div class='ocr_carea' id='block_1_44' title="bbox 1972 1708 2165 1776">
    <p class='ocr_par' dir='ltr' id='par_1_44' title="bbox 1972 1708 2165 1776">
     <span class='ocr_line' id='line_1_44' title="bbox 1972 1708 2165 1776; baseline 0 -16"><span class='ocrx_word' id='word_1_270' title='bbox 1972 1708 2165 1776; x_wconf 87' lang='lat' dir='ltr'><strong>capita.</strong></span> 
     </span>
    </p>
   </div>
   <div class='ocr_carea' id='block_1_45' title="bbox 2027 1797 3537 1866">
    <p class='ocr_par' dir='ltr' id='par_1_45' title="bbox 2027 1797 3537 1866">
     <span class='ocr_line' id='line_1_45' title="bbox 2027 1797 3537 1866; baseline -0.003 -15"><span class='ocrx_word' id='word_1_271' title='bbox 2027 1799 2117 1852; x_wconf 71' lang='lat'><strong>22.</strong></span> <span class='ocrx_word' id='word_1_272' title='bbox 2173 1797 2525 1852; x_wconf 79' lang='lat' dir='ltr'><strong>Artiﬁcialem</strong></span> <span class='ocrx_word' id='word_1_273' title='bbox 2559 1797 2882 1866; x_wconf 85' lang='lat' dir='ltr'><strong>sapientiam</strong></span> <span class='ocrx_word' id='word_1_274' title='bbox 2912 1806 3088 1860; x_wconf 88' lang='lat' dir='ltr'><strong>vocat,</strong></span> <span class='ocrx_word' id='word_1_275' title='bbox 3140 1813 3248 1850; x_wconf 93' lang='lat' dir='ltr'><strong>non</strong></span> <span class='ocrx_word' id='word_1_276' title='bbox 3300 1812 3419 1866; x_wconf 70' lang='lat' dir='ltr'><strong>qua:</strong></span> <span class='ocrx_word' id='word_1_277' title='bbox 3471 1812 3537 1849; x_wconf 82' lang='lat' dir='ltr'><strong>cx</strong></span> 
     </span>
    </p>
   </div>
   <div class='ocr_carea' id='block_1_46' title="bbox 1888 1855 3460 1957">
    <p class='ocr_par' dir='ltr' id='par_1_46' title="bbox 1888 1855 3460 1957">
     <span class='ocr_line' id='line_1_46' title="bbox 1888 1855 3460 1957; baseline -0.001 -14"><span class='ocrx_word' id='word_1_278' title='bbox 1888 1855 1930 1913; x_wconf 76' lang='grc' dir='ltr'><strong>Β</strong></span> <span class='ocrx_word' id='word_1_279' title='bbox 1962 1889 2247 1957; x_wconf 88' lang='lat' dir='ltr'><strong>disciplina</strong></span> <span class='ocrx_word' id='word_1_280' title='bbox 2275 1888 2530 1951; x_wconf 90' lang='lat' dir='ltr'><strong>habetur,</strong></span> <span class='ocrx_word' id='word_1_281' title='bbox 2560 1855 2655 1941; x_wconf 76' lang='lat' dir='ltr'><strong>sed</strong></span> <span class='ocrx_word' id='word_1_282' title='bbox 2683 1903 2788 1956; x_wconf 89' lang='lat' dir='ltr'><strong>qua</strong></span> <span class='ocrx_word' id='word_1_283' title='bbox 2825 1888 2966 1941; x_wconf 88' lang='lat' dir='ltr'><strong>Deus</strong></span> <span class='ocrx_word' id='word_1_284' title='bbox 2989 1855 3235 1942; x_wconf 83' lang='lat' dir='ltr'><strong>condidit</strong></span> <span class='ocrx_word' id='word_1_285' title='bbox 3260 1855 3460 1942; x_wconf 80' lang='lat' dir='ltr'><strong>omnia.</strong></span> 
     </span>
    </p>
   </div>
   <div class='ocr_carea' id='block_1_47' title="bbox 2032 1980 3533 2049">
    <p class='ocr_par' dir='ltr' id='par_1_47' title="bbox 2032 1980 3533 2049">
     <span class='ocr_line' id='line_1_47' title="bbox 2032 1980 3533 2049; baseline -0.003 -12"><span class='ocrx_word' id='word_1_286' title='bbox 2032 1984 2121 2038; x_wconf 70' lang='lat'><strong>23.</strong></span> <span class='ocrx_word' id='word_1_287' title='bbox 2154 1981 2507 2049; x_wconf 85' lang='lat' dir='ltr'><strong>Quadruplici</strong></span> <span class='ocrx_word' id='word_1_288' title='bbox 2554 1995 2617 2034; x_wconf 89' lang='lat' dir='ltr'><strong>ea</strong></span> <span class='ocrx_word' id='word_1_289' title='bbox 2671 1980 2791 2034; x_wconf 90' lang='lat' dir='ltr'><strong>labe</strong></span> <span class='ocrx_word' id='word_1_290' title='bbox 2827 1996 2981 2033; x_wconf 89' lang='lat' dir='ltr'><strong>mens</strong></span> <span class='ocrx_word' id='word_1_291' title='bbox 3026 1994 3142 2033; x_wconf 90' lang='lat' dir='ltr'><strong>mea</strong></span> <span class='ocrx_word' id='word_1_292' title='bbox 3191 1980 3404 2049; x_wconf 91' lang='lat' dir='ltr'><strong>impura</strong></span> <span class='ocrx_word' id='word_1_293' title='bbox 3432 1989 3533 2035; x_wconf 89' lang='lat' dir='ltr'><strong>est.</strong></span> 
     </span>
    </p>
   </div>
   <div class='ocr_carea' id='block_1_48' title="bbox 1964 2071 3538 2142">
    <p class='ocr_par' dir='ltr' id='par_1_48' title="bbox 1964 2071 3538 2142">
     <span class='ocr_line' id='line_1_48' title="bbox 1964 2071 3538 2142; baseline -0.003 -13"><span class='ocrx_word' id='word_1_294' title='bbox 1964 2076 2105 2142; x_wconf 86' lang='lat' dir='ltr'><strong>Quin</strong></span> <span class='ocrx_word' id='word_1_295' title='bbox 2130 2082 2186 2128; x_wconf 92' lang='lat' dir='ltr'><strong>et</strong></span> <span class='ocrx_word' id='word_1_296' title='bbox 2214 2072 2362 2127; x_wconf 88' lang='lat' dir='ltr'><strong>aliud</strong></span> <span class='ocrx_word' id='word_1_297' title='bbox 2395 2072 2527 2142; x_wconf 88' lang='lat' dir='ltr'><strong>quid</strong></span> <span class='ocrx_word' id='word_1_298' title='bbox 2549 2073 2784 2140; x_wconf 89' lang='lat' dir='ltr'><strong>amplius</strong></span> <span class='ocrx_word' id='word_1_299' title='bbox 2804 2072 2988 2130; x_wconf 83' lang='lat' dir='ltr'><strong>habet.</strong></span> <span class='ocrx_word' id='word_1_300' title='bbox 3018 2071 3165 2140; x_wconf 92' lang='lat' dir='ltr'><strong>quod</strong></span> <span class='ocrx_word' id='word_1_301' title='bbox 3215 2080 3271 2125; x_wconf 90' lang='lat' dir='ltr'><strong>et</strong></span> <span class='ocrx_word' id='word_1_302' title='bbox 3313 2072 3538 2140; x_wconf 86' lang='lat' dir='ltr'><strong>reliquis</strong></span> 
     </span>
    </p>
   </div>
   <div class='ocr_carea' id='block_1_49' title="bbox 1967 2163 3045 2237">
    <p class='ocr_par' dir='ltr' id='par_1_49' title="bbox 1967 2163 3045 2237">
     <span class='ocr_line' id='line_1_49' title="bbox 1967 2163 3045 2237; baseline -0.007 -16"><span class='ocrx_word' id='word_1_303' title='bbox 1967 2168 2231 2237; x_wconf 88' lang='lat' dir='ltr'><strong>majorem</strong></span> <span class='ocrx_word' id='word_1_304' title='bbox 2263 2164 2366 2218; x_wconf 90' lang='lat' dir='ltr'><strong>sibi</strong></span> <span class='ocrx_word' id='word_1_305' title='bbox 2395 2163 2717 2232; x_wconf 86' lang='lat' dir='ltr'><strong>sapientiam</strong></span> <span class='ocrx_word' id='word_1_306' title='bbox 2751 2163 3045 2231; x_wconf 83' lang='lat' dir='ltr'><strong>arrogavit.</strong></span> 
     </span>
    </p>
   </div>
   <div class='ocr_carea' id='block_1_50' title="bbox 2036 2272 3538 2344">
    <p class='ocr_par' dir='ltr' id='par_1_50' title="bbox 2036 2272 3538 2344">
     <span class='ocr_line' id='line_1_50' title="bbox 2036 2272 3538 2344; baseline -0.004 -14"><span class='ocrx_word' id='word_1_307' title='bbox 2036 2277 2125 2330; x_wconf 69' lang='lat'><strong>24.</strong></span> <span class='ocrx_word' id='word_1_308' title='bbox 2173 2276 2463 2344; x_wconf 89' lang='lat' dir='ltr'><strong>Nunquam</strong></span> <span class='ocrx_word' id='word_1_309' title='bbox 2511 2275 2689 2327; x_wconf 88' lang='lat' dir='ltr'><strong>anima</strong></span> <span class='ocrx_word' id='word_1_310' title='bbox 2733 2288 2851 2327; x_wconf 90' lang='lat' dir='ltr'><strong>mea</strong></span> <span class='ocrx_word' id='word_1_311' title='bbox 2898 2280 3121 2341; x_wconf 89' lang='lat' dir='ltr'><strong>operata</strong></span> <span class='ocrx_word' id='word_1_312' title='bbox 3167 2281 3285 2335; x_wconf 90' lang='lat' dir='ltr'><strong>est,</strong></span> <span class='ocrx_word' id='word_1_313' title='bbox 3347 2280 3408 2325; x_wconf 86' lang='lat' dir='ltr'><strong>ut</strong></span> <span class='ocrx_word' id='word_1_314' title='bbox 3462 2272 3538 2325; x_wconf 90' lang='lat' dir='ltr'><strong>illi</strong></span> 
     </span>
    </p>
   </div>
   <div class='ocr_carea' id='block_1_51' title="bbox 1967 2361 3540 2433">
    <p class='ocr_par' dir='ltr' id='par_1_51' title="bbox 1967 2361 3540 2433">
     <span class='ocr_line' id='line_1_51' title="bbox 1967 2361 3540 2433; baseline -0.003 -14"><span class='ocrx_word' id='word_1_315' title='bbox 1967 2383 2031 2420; x_wconf 79' lang='lat' dir='ltr'><strong>ex</strong></span> <span class='ocrx_word' id='word_1_316' title='bbox 2056 2374 2248 2419; x_wconf 89' lang='lat' dir='ltr'><strong>natura</strong></span> <span class='ocrx_word' id='word_1_317' title='bbox 2270 2373 2648 2433; x_wconf 89' lang='lat' dir='ltr'><strong>comparatum</strong></span> <span class='ocrx_word' id='word_1_318' title='bbox 2677 2372 2761 2416; x_wconf 91' lang='lat' dir='ltr'><strong>est</strong></span> <span class='ocrx_word' id='word_1_319' title='bbox 2792 2381 2805 2414; x_wconf 88' lang='lat'>:</span> <span class='ocrx_word' id='word_1_320' title='bbox 2858 2362 3141 2429; x_wconf 89' lang='lat' dir='ltr'><strong>novitque,</strong></span> <span class='ocrx_word' id='word_1_321' title='bbox 3189 2376 3349 2429; x_wconf 89' lang='lat' dir='ltr'><strong>quem</strong></span> <span class='ocrx_word' id='word_1_322' title='bbox 3391 2361 3540 2415; x_wconf 86' lang='lat' dir='ltr'><strong>nulla</strong></span> 
     </span>
    </p>
   </div>
   <div class='ocr_carea' id='block_1_52' title="bbox 1973 2448 3543 2518">
    <p class='ocr_par' dir='ltr' id='par_1_52' title="bbox 1973 2448 3543 2518">
     <span class='ocr_line' id='line_1_52' title="bbox 1973 2448 3543 2518; baseline -0.002 -12"><span class='ocrx_word' id='word_1_323' title='bbox 1973 2468 2058 2506; x_wconf 90' lang='lat' dir='ltr'><strong>res</strong></span> <span class='ocrx_word' id='word_1_324' title='bbox 2090 2453 2218 2505; x_wconf 89' lang='lat' dir='ltr'><strong>latet</strong></span> <span class='ocrx_word' id='word_1_325' title='bbox 2255 2470 2267 2503; x_wconf 91' lang='lat'>:</span> <span class='ocrx_word' id='word_1_326' title='bbox 2320 2467 2385 2504; x_wconf 91' lang='lat' dir='ltr'><strong>ac</strong></span> <span class='ocrx_word' id='word_1_327' title='bbox 2424 2451 2633 2504; x_wconf 93' lang='lat' dir='ltr'><strong>nullum</strong></span> <span class='ocrx_word' id='word_1_328' title='bbox 2664 2459 2786 2503; x_wconf 89' lang='lat' dir='ltr'><strong>actu</strong></span> <span class='ocrx_word' id='word_1_329' title='bbox 2836 2448 3105 2518; x_wconf 76' lang='lat' dir='ltr'><strong>peccandi</strong></span> <span class='ocrx_word' id='word_1_330' title='bbox 3132 2464 3369 2516; x_wconf 86' lang='lat' dir='ltr'><strong>unquam</strong></span> <span class='ocrx_word' id='word_1_331' title='bbox 3411 2448 3543 2503; x_wconf 83' lang='lat' dir='ltr'><strong>fecit</strong></span> 
     </span>
    </p>
   </div>
   <div class='ocr_carea' id='block_1_53' title="bbox 1972 2542 2170 2597">
    <p class='ocr_par' dir='ltr' id='par_1_53' title="bbox 1972 2542 2170 2597">
     <span class='ocr_line' id='line_1_53' title="bbox 1972 2542 2170 2597; baseline -0.005 0"><span class='ocrx_word' id='word_1_332' title='bbox 1972 2542 2170 2597; x_wconf 44' lang='lat' dir='ltr'><strong>ﬁncm.’</strong></span> 
     </span>
    </p>
   </div>
   <div class='ocr_carea' id='block_1_54' title="bbox 2041 2630 3541 2702">
    <p class='ocr_par' dir='ltr' id='par_1_54' title="bbox 2041 2630 3541 2702">
     <span class='ocr_line' id='line_1_54' title="bbox 2041 2630 3541 2702; baseline -0.004 -13"><span class='ocrx_word' id='word_1_333' title='bbox 2041 2636 2133 2690; x_wconf 66' lang='lat'><strong>95.</strong></span> <span class='ocrx_word' id='word_1_334' title='bbox 2164 2633 2374 2689; x_wconf 84' lang='lat' dir='ltr'><strong>Idcirco</strong></span> <span class='ocrx_word' id='word_1_335' title='bbox 2399 2648 2509 2687; x_wconf 93' lang='lat' dir='ltr'><strong>non</strong></span> <span class='ocrx_word' id='word_1_336' title='bbox 2531 2641 2756 2702; x_wconf 89' lang='lat' dir='ltr'><strong>propter</strong></span> <span class='ocrx_word' id='word_1_337' title='bbox 2779 2631 3061 2686; x_wconf 88' lang='lat' dir='ltr'><strong>Christum</strong></span> <span class='ocrx_word' id='word_1_338' title='bbox 3098 2630 3305 2699; x_wconf 89' lang='lat' dir='ltr'><strong>aliquid</strong></span> <span class='ocrx_word' id='word_1_339' title='bbox 3334 2630 3541 2684; x_wconf 82' lang='lat' dir='ltr'><strong>facien-</strong></span> 
     </span>
    </p>
   </div>
   <div class='ocr_carea' id='block_1_55' title="bbox 1974 2723 3546 2794">
    <p class='ocr_par' dir='ltr' id='par_1_55' title="bbox 1974 2723 3546 2794">
     <span class='ocr_line' id='line_1_55' title="bbox 1974 2723 3546 2794; baseline -0.003 -14"><span class='ocrx_word' id='word_1_340' title='bbox 1974 2737 2073 2789; x_wconf 87' lang='lat' dir='ltr'><strong>tes,</strong></span> <span class='ocrx_word' id='word_1_341' title='bbox 2117 2726 2213 2780; x_wconf 84' lang='lat' dir='ltr'><strong>sed</strong></span> <span class='ocrx_word' id='word_1_342' title='bbox 2244 2727 2314 2779; x_wconf 93' lang='lat' dir='ltr'><strong>ob</strong></span> <span class='ocrx_word' id='word_1_343' title='bbox 2344 2725 2553 2794; x_wconf 88' lang='lat' dir='ltr'><strong>aliquid</strong></span> <span class='ocrx_word' id='word_1_344' title='bbox 2588 2724 2758 2788; x_wconf 87' lang='lat' dir='ltr'><strong>aliud,</strong></span> <span class='ocrx_word' id='word_1_345' title='bbox 2797 2740 2907 2777; x_wconf 85' lang='lat' dir='ltr'><strong>non</strong></span> <span class='ocrx_word' id='word_1_346' title='bbox 2934 2738 3228 2792; x_wconf 89' lang='lat' dir='ltr'><strong>possumus</strong></span> <span class='ocrx_word' id='word_1_347' title='bbox 3248 2723 3411 2776; x_wconf 89' lang='lat' dir='ltr'><strong>ﬁnem</strong></span> <span class='ocrx_word' id='word_1_348' title='bbox 3447 2724 3546 2776; x_wconf 92' lang='lat' dir='ltr'><strong>ob-</strong></span> 
     </span>
    </p>
   </div>
   <div class='ocr_carea' id='block_1_56' title="bbox 1968 2815 3543 2888">
    <p class='ocr_par' dir='ltr' id='par_1_56' title="bbox 1968 2815 3543 2888">
     <span class='ocr_line' id='line_1_56' title="bbox 1968 2815 3543 2888; baseline -0.003 -17"><span class='ocrx_word' id='word_1_349' title='bbox 1968 2820 2135 2888; x_wconf 87' lang='lat' dir='ltr'><strong>jicere</strong></span> <span class='ocrx_word' id='word_1_350' title='bbox 2157 2834 2220 2872; x_wconf 92' lang='lat' dir='ltr'><strong>ac</strong></span> <span class='ocrx_word' id='word_1_351' title='bbox 2251 2818 2594 2887; x_wconf 87' lang='lat' dir='ltr'><strong>propositum</strong></span> <span class='ocrx_word' id='word_1_352' title='bbox 2633 2834 2645 2869; x_wconf 93' lang='lat'>:</span> <span class='ocrx_word' id='word_1_353' title='bbox 2678 2817 2881 2885; x_wconf 91' lang='lat' dir='ltr'><strong>quippe</strong></span> <span class='ocrx_word' id='word_1_354' title='bbox 2930 2816 3025 2885; x_wconf 91' lang='lat' dir='ltr'><strong>qui</strong></span> <span class='ocrx_word' id='word_1_355' title='bbox 3078 2826 3274 2884; x_wconf 69' lang='lat' dir='ltr'><strong>praeter</strong></span> <span class='ocrx_word' id='word_1_356' title='bbox 3314 2815 3411 2868; x_wconf 90' lang='lat' dir='ltr'><strong>Dei</strong></span> <span class='ocrx_word' id='word_1_357' title='bbox 3448 2829 3543 2867; x_wconf 86' lang='lat' dir='ltr'><strong>vo-</strong></span> 
     </span>
    </p>
   </div>
   <div class='ocr_carea' id='block_1_57' title="bbox 1974 2914 3244 2987">
    <p class='ocr_par' dir='ltr' id='par_1_57' title="bbox 1974 2914 3244 2987">
     <span class='ocr_line' id='line_1_57' title="bbox 1974 2914 3244 2987; baseline -0.006 -21"><span class='ocrx_word' id='word_1_358' title='bbox 1974 2914 2259 2987; x_wconf 89' lang='lat' dir='ltr'><strong>luntatem,</strong></span> <span class='ocrx_word' id='word_1_359' title='bbox 2298 2927 2473 2980; x_wconf 78' lang='lat' dir='ltr'><strong>exque</strong></span> <span class='ocrx_word' id='word_1_360' title='bbox 2497 2920 2683 2963; x_wconf 88' lang='lat' dir='ltr'><strong>nostra</strong></span> <span class='ocrx_word' id='word_1_361' title='bbox 2717 2924 2881 2977; x_wconf 89' lang='lat' dir='ltr'><strong>opera</strong></span> <span class='ocrx_word' id='word_1_362' title='bbox 2904 2916 3244 2978; x_wconf 67' lang='lat' dir='ltr'><strong>praestemus.</strong></span> 
     </span>
    </p>
   </div>
   <div class='ocr_carea' id='block_1_58' title="bbox 2040 3015 3546 3092">
    <p class='ocr_par' dir='ltr' id='par_1_58' title="bbox 2040 3015 3546 3092">
     <span class='ocr_line' id='line_1_58' title="bbox 2040 3015 3546 3092; baseline -0.006 -18"><span class='ocrx_word' id='word_1_363' title='bbox 2040 3021 2204 3092; x_wconf 59' lang='lat'><strong>460</strong></span> <span class='ocrx_word' id='word_1_364' title='bbox 2236 3020 2324 3073; x_wconf 71' lang='lat'><strong>26.</strong></span> <span class='ocrx_word' id='word_1_365' title='bbox 2364 3020 2419 3074; x_wconf 93' lang='lat' dir='ltr'><strong>Si</strong></span> <span class='ocrx_word' id='word_1_366' title='bbox 2472 3018 2597 3088; x_wconf 90' lang='lat' dir='ltr'><strong>quis</strong></span> <span class='ocrx_word' id='word_1_367' title='bbox 2655 3019 2771 3073; x_wconf 85' lang='lat' dir='ltr'><strong>sitit</strong></span> <span class='ocrx_word' id='word_1_368' title='bbox 2818 3028 2878 3072; x_wconf 90' lang='lat' dir='ltr'><strong>ut</strong></span> <span class='ocrx_word' id='word_1_369' title='bbox 2928 3018 3106 3072; x_wconf 88' lang='lat' dir='ltr'><strong>aliena</strong></span> <span class='ocrx_word' id='word_1_370' title='bbox 3133 3015 3344 3070; x_wconf 82' lang='lat' dir='ltr'><strong>auferat</strong></span> <span class='ocrx_word' id='word_1_371' title='bbox 3382 3023 3546 3082; x_wconf 84' lang='lat' dir='ltr'><strong>atque</strong></span> 
     </span>
    </p>
   </div>
   <div class='ocr_carea' id='block_1_59' title="bbox 1976 3106 3547 3180">
    <p class='ocr_par' dir='ltr' id='par_1_59' title="bbox 1976 3106 3547 3180">
     <span class='ocr_line' id='line_1_59' title="bbox 1976 3106 3547 3180; baseline -0.004 -16"><span class='ocrx_word' id='word_1_372' title='bbox 1976 3112 2151 3180; x_wconf 87' lang='lat' dir='ltr'><strong>rapiat</strong></span> <span class='ocrx_word' id='word_1_373' title='bbox 2202 3110 2368 3180; x_wconf 89' lang='lat' dir='ltr'><strong>(quod</strong></span> <span class='ocrx_word' id='word_1_374' title='bbox 2420 3124 2532 3163; x_wconf 92' lang='lat' dir='ltr'><strong>non</strong></span> <span class='ocrx_word' id='word_1_375' title='bbox 2582 3118 2665 3162; x_wconf 87' lang='lat' dir='ltr'><strong>est</strong></span> <span class='ocrx_word' id='word_1_376' title='bbox 2707 3109 2804 3162; x_wconf 86' lang='lat' dir='ltr'><strong>Dei</strong></span> <span class='ocrx_word' id='word_1_377' title='bbox 2850 3108 3457 3176; x_wconf 84' lang='lat' dir='ltr'><strong>voluntatis),quonam</strong></span> <span class='ocrx_word' id='word_1_378' title='bbox 3503 3106 3547 3157; x_wconf 79' lang='lat' dir='ltr'><strong>is</strong></span> 
     </span>
    </p>
   </div>
   <div class='ocr_carea' id='block_1_60' title="bbox 295 3184 1863 3270">
    <p class='ocr_par' dir='ltr' id='par_1_60' title="bbox 295 3184 1863 3259">
     <span class='ocr_line' id='line_1_60' title="bbox 295 3184 1863 3259; baseline 0 -16"><span class='ocrx_word' id='word_1_379' title='bbox 295 3190 523 3254; x_wconf 80' lang='grc' dir='ltr'>σκοπὸν,</span> <span class='ocrx_word' id='word_1_380' title='bbox 556 3184 619 3243; x_wconf 76' lang='grc' dir='ltr'>οὗ</span> <span class='ocrx_word' id='word_1_381' title='bbox 676 3190 876 3253; x_wconf 85' lang='grc' dir='ltr'>σκοπὸς</span> <span class='ocrx_word' id='word_1_382' title='bbox 934 3189 995 3242; x_wconf 81' lang='grc' dir='ltr'><strong>τὸ</strong></span> <span class='ocrx_word' id='word_1_383' title='bbox 1047 3189 1217 3242; x_wconf 80' lang='grc' dir='ltr'>ἐλεεῖν</span> <span class='ocrx_word' id='word_1_384' title='bbox 1270 3190 1418 3259; x_wconf 80' lang='grc' dir='ltr'>ἡμᾶς</span> <span class='ocrx_word' id='word_1_385' title='bbox 1480 3190 1574 3243; x_wconf 72' lang='grc' dir='ltr'><strong>καὶ</strong></span> <span class='ocrx_word' id='word_1_386' title='bbox 1603 3189 1863 3251; x_wconf 77' lang='grc' dir='ltr'>δανείζειν</span> 
     </span>
    </p>
   </div>
   <div class='ocr_carea' id='block_1_61' title="bbox 1956 3184 3548 3270">
    <p class='ocr_par' dir='ltr' id='par_1_61' title="bbox 1972 3196 3548 3270">
     <span class='ocr_line' id='line_1_61' title="bbox 1972 3196 3548 3270; baseline -0.004 -15"><span class='ocrx_word' id='word_1_387' title='bbox 1972 3201 2135 3255; x_wconf 91' lang='lat' dir='ltr'><strong>modo</strong></span> <span class='ocrx_word' id='word_1_388' title='bbox 2200 3202 2545 3270; x_wconf 87' lang='lat' dir='ltr'><strong>propositum</strong></span> <span class='ocrx_word' id='word_1_389' title='bbox 2601 3199 2874 3269; x_wconf 87' lang='lat' dir='ltr'><strong>ﬁnemque</strong></span> <span class='ocrx_word' id='word_1_390' title='bbox 2929 3199 3155 3269; x_wconf 86' lang='lat' dir='ltr'><strong>objiciet</strong></span> <span class='ocrx_word' id='word_1_391' title='bbox 3201 3199 3322 3267; x_wconf 87' lang='lat' dir='ltr'><strong>ejus</strong></span> <span class='ocrx_word' id='word_1_392' title='bbox 3392 3196 3548 3264; x_wconf 82' lang='lat' dir='ltr'><strong>cujus</strong></span> 
     </span>
    </p>
   </div>
   <div class='ocr_carea' id='block_1_62' title="bbox 295 3282 467 3349">
    <p class='ocr_par' dir='ltr' id='par_1_62' title="bbox 295 3282 467 3349">
     <span class='ocr_line' id='line_1_62' title="bbox 295 3282 467 3349; baseline 0.006 -14"><span class='ocrx_word' id='word_1_393' title='bbox 295 3282 467 3349; x_wconf 74' lang='grc' dir='ltr'>ἑστίν;</span> 
     </span>
    </p>
   </div>
   <div class='ocr_carea' id='block_1_63' title="bbox 285 3390 1871 3463">
    <p class='ocr_par' dir='ltr' id='par_1_63' title="bbox 285 3390 1871 3463">
     <span class='ocr_line' id='line_1_63' title="bbox 285 3390 1871 3463; baseline -0.002 -18"><span class='ocrx_word' id='word_1_394' title='bbox 285 3402 292 3408; x_wconf 87' lang='lat'><strong><em>‘</em></strong></span> <span class='ocrx_word' id='word_1_395' title='bbox 373 3390 477 3455; x_wconf 80' lang='grc' dir='ltr'>κζ’.</span> <span class='ocrx_word' id='word_1_396' title='bbox 512 3391 637 3444; x_wconf 76' lang='grc' dir='ltr'>Ὀτι</span> <span class='ocrx_word' id='word_1_397' title='bbox 667 3392 695 3444; x_wconf 91' lang='lat'><strong>6</strong></span> <span class='ocrx_word' id='word_1_398' title='bbox 724 3390 981 3462; x_wconf 77' lang='grc' dir='ltr'>φιλαυτία</span> <span class='ocrx_word' id='word_1_399' title='bbox 1008 3391 1295 3457; x_wconf 85' lang='grc' dir='ltr'>δουλεύων,</span> <span class='ocrx_word' id='word_1_400' title='bbox 1340 3391 1703 3463; x_wconf 83' lang='grc' dir='ltr'>βαρυκάρδιός</span> <span class='ocrx_word' id='word_1_401' title='bbox 1736 3394 1871 3456; x_wconf 76' lang='grc' dir='ltr'>ἐστι,</span> 
     </span>
    </p>
   </div>
   <div class='ocr_carea' id='block_1_64' title="bbox 303 3480 1874 3554">
    <p class='ocr_par' dir='ltr' id='par_1_64' title="bbox 303 3480 1874 3554">
     <span class='ocr_line' id='line_1_64' title="bbox 303 3480 1874 3554; baseline 0.003 -22"><span class='ocrx_word' id='word_1_402' title='bbox 303 3480 648 3549; x_wconf 81' lang='grc' dir='ltr'>ματαιότητα</span> <span class='ocrx_word' id='word_1_403' title='bbox 698 3482 790 3532; x_wconf 72' lang='grc' dir='ltr'><strong>καὶ</strong></span> <span class='ocrx_word' id='word_1_404' title='bbox 820 3481 1012 3549; x_wconf 76' lang='grc' dir='ltr'>ψεῦδος</span> <span class='ocrx_word' id='word_1_405' title='bbox 1048 3482 1279 3550; x_wconf 84' lang='grc' dir='ltr'>ἀγαπῶν</span> <span class='ocrx_word' id='word_1_406' title='bbox 1332 3483 1426 3536; x_wconf 79' lang='grc' dir='ltr'><strong>καὶ</strong></span> <span class='ocrx_word' id='word_1_407' title='bbox 1477 3482 1655 3554; x_wconf 79' lang='grc' dir='ltr'>ζητῶν</span> <span class='ocrx_word' id='word_1_408' title='bbox 1684 3500 1695 3513; x_wconf 84' lang='grc'><strong>·</strong></span> <span class='ocrx_word' id='word_1_409' title='bbox 1740 3484 1874 3552; x_wconf 83' lang='grc' dir='ltr'>ὅπερ</span> 
     </span>
    </p>
   </div>
   <div class='ocr_carea' id='block_1_65' title="bbox 300 3570 1876 3643">
    <p class='ocr_par' dir='ltr' id='par_1_65' title="bbox 300 3570 1876 3643">
     <span class='ocr_line' id='line_1_65' title="bbox 300 3570 1876 3643; baseline 0.002 -23"><span class='ocrx_word' id='word_1_410' title='bbox 300 3570 420 3621; x_wconf 70' lang='grc' dir='ltr'>ἐστὶ</span> <span class='ocrx_word' id='word_1_411' title='bbox 475 3570 535 3622; x_wconf 87' lang='grc' dir='ltr'>τὺ</span> <span class='ocrx_word' id='word_1_412' title='bbox 583 3571 845 3639; x_wconf 83' lang='grc' dir='ltr'>σαρκικὸν</span> <span class='ocrx_word' id='word_1_413' title='bbox 888 3571 1167 3640; x_wconf 80' lang='grc' dir='ltr'>φρόνημα·</span> <span class='ocrx_word' id='word_1_414' title='bbox 1203 3573 1323 3642; x_wconf 74' lang='grc' dir='ltr'>ἦτοι</span> <span class='ocrx_word' id='word_1_415' title='bbox 1355 3573 1454 3643; x_wconf 89' lang='grc' dir='ltr'><strong>τῆς</strong></span> <span class='ocrx_word' id='word_1_416' title='bbox 1494 3572 1753 3641; x_wconf 78' lang='grc' dir='ltr'>σαρκδςή</span> <span class='ocrx_word' id='word_1_417' title='bbox 1788 3573 1876 3623; x_wconf 85' lang='grc' dir='ltr'>εύ-</span> 
     </span>
    </p>
   </div>
   <div class='ocr_carea' id='block_1_66' title="bbox 304 3660 526 3714">
    <p class='ocr_par' dir='ltr' id='par_1_66' title="bbox 304 3660 526 3714">
     <span class='ocr_line' id='line_1_66' title="bbox 304 3660 526 3714; baseline 0.014 -3"><span class='ocrx_word' id='word_1_418' title='bbox 304 3660 526 3714; x_wconf 85' lang='grc' dir='ltr'>πάθεια.</span> 
     </span>
    </p>
   </div>
   <div class='ocr_carea' id='block_1_67' title="bbox 376 3768 1876 3843">
    <p class='ocr_par' dir='ltr' id='par_1_67' title="bbox 376 3768 1876 3843">
     <span class='ocr_line' id='line_1_67' title="bbox 376 3768 1876 3843; baseline 0.003 -21"><span class='ocrx_word' id='word_1_419' title='bbox 376 3768 483 3839; x_wconf 84' lang='grc' dir='ltr'>κη’.</span> <span class='ocrx_word' id='word_1_420' title='bbox 516 3769 637 3822; x_wconf 89' lang='grc' dir='ltr'><strong>Τῶν</strong></span> <span class='ocrx_word' id='word_1_421' title='bbox 664 3771 1106 3841; x_wconf 82' lang='grc' dir='ltr'>προειρημένων,</span> <span class='ocrx_word' id='word_1_422' title='bbox 1135 3772 1291 3840; x_wconf 90' lang='grc' dir='ltr'>δῆλον</span> <span class='ocrx_word' id='word_1_423' title='bbox 1332 3773 1637 3841; x_wconf 71' lang='grc' dir='ltr'>φιληδονίας</span> <span class='ocrx_word' id='word_1_424' title='bbox 1670 3775 1763 3827; x_wconf 72' lang='grc' dir='ltr'><strong>καὶ</strong></span> <span class='ocrx_word' id='word_1_425' title='bbox 1790 3792 1876 3843; x_wconf 85' lang='grc' dir='ltr'><strong>φι-</strong></span> 
     </span>
    </p>
   </div>
   <div class='ocr_carea' id='block_1_68' title="bbox 305 3858 1877 3937">
    <p class='ocr_par' dir='ltr' id='par_1_68' title="bbox 305 3858 1877 3937">
     <span class='ocr_line' id='line_1_68' title="bbox 305 3858 1877 3937; baseline 0.004 -26"><span class='ocrx_word' id='word_1_426' title='bbox 305 3858 548 3924; x_wconf 72' lang='grc' dir='ltr'>λοδοξίας</span> <span class='ocrx_word' id='word_1_427' title='bbox 577 3860 670 3913; x_wconf 82' lang='grc' dir='ltr'>καὶ</span> <span class='ocrx_word' id='word_1_428' title='bbox 702 3860 1088 3933; x_wconf 86' lang='grc' dir='ltr'>φιλαργυρίας.</span> <span class='ocrx_word' id='word_1_429' title='bbox 1128 3864 1190 3915; x_wconf 75' lang='lat' dir='ltr'><strong>Et</strong></span> <span class='ocrx_word' id='word_1_430' title='bbox 1249 3864 1306 3915; x_wconf 87' lang='grc' dir='ltr'><strong>δέ</strong></span> <span class='ocrx_word' id='word_1_431' title='bbox 1336 3881 1420 3927; x_wconf 86' lang='grc' dir='ltr'><strong>τις</strong></span> <span class='ocrx_word' id='word_1_432' title='bbox 1456 3865 1665 3928; x_wconf 82' lang='grc' dir='ltr'>τούτοις</span> <span class='ocrx_word' id='word_1_433' title='bbox 1708 3867 1877 3937; x_wconf 73' lang='grc' dir='ltr'>ἀπρὶξ</span> 
     </span>
    </p>
   </div>
   <div class='ocr_carea' id='block_1_69' title="bbox 308 3950 1877 4030">
    <p class='ocr_par' dir='ltr' id='par_1_69' title="bbox 308 3950 1877 4030">
     <span class='ocr_line' id='line_1_69' title="bbox 308 3950 1877 4030; baseline 0.007 -26"><span class='ocrx_word' id='word_1_434' title='bbox 308 3950 579 4023; x_wconf 75' lang='grc' dir='ltr'>ἐνίσχεται</span> <span class='ocrx_word' id='word_1_435' title='bbox 622 3954 698 4017; x_wconf 85' lang='grc' dir='ltr'>ὡς</span> <span class='ocrx_word' id='word_1_436' title='bbox 734 3955 864 4024; x_wconf 81' lang='grc' dir='ltr'>ἐγὼ,</span> <span class='ocrx_word' id='word_1_437' title='bbox 907 3957 1025 4021; x_wconf 89' lang='grc' dir='ltr'><strong>πῶς</strong></span> <span class='ocrx_word' id='word_1_438' title='bbox 1060 3958 1194 4012; x_wconf 88' lang='grc' dir='ltr'>Θεοῦ</span> <span class='ocrx_word' id='word_1_439' title='bbox 1240 3959 1710 4030; x_wconf 78' lang='grc' dir='ltr'>καταξιωθήσεται</span> <span class='ocrx_word' id='word_1_440' title='bbox 1738 3962 1877 4030; x_wconf 81' lang='grc' dir='ltr'><strong>γνὼ-</strong></span> 
     </span>
    </p>
   </div>
   <div class='ocr_carea' id='block_1_70' title="bbox 311 4046 1031 4119">
    <p class='ocr_par' dir='ltr' id='par_1_70' title="bbox 311 4046 1031 4119">
     <span class='ocr_line' id='line_1_70' title="bbox 311 4046 1031 4119; baseline 0.011 -24"><span class='ocrx_word' id='word_1_441' title='bbox 311 4060 470 4108; x_wconf 79' lang='grc' dir='ltr'>σεως,</span> <span class='ocrx_word' id='word_1_442' title='bbox 511 4046 742 4099; x_wconf 86' lang='grc' dir='ltr'>συνιδεῖν</span> <span class='ocrx_word' id='word_1_443' title='bbox 776 4050 875 4101; x_wconf 80' lang='grc' dir='ltr'><strong>οὐκ</strong></span> <span class='ocrx_word' id='word_1_444' title='bbox 903 4051 1031 4119; x_wconf 76' lang='grc' dir='ltr'>ἔχω.</span> 
     </span>
    </p>
   </div>
   <div class='ocr_carea' id='block_1_71' title="bbox 381 4151 1873 4229">
    <p class='ocr_par' dir='ltr' id='par_1_71' title="bbox 381 4151 1873 4229">
     <span class='ocr_line' id='line_1_71' title="bbox 381 4151 1873 4229; baseline 0.007 -26"><span class='ocrx_word' id='word_1_445' title='bbox 381 4151 483 4205; x_wconf 84' lang='grc' dir='ltr'>κθ’.</span> <span class='ocrx_word' id='word_1_446' title='bbox 521 4153 591 4204; x_wconf 84' lang='grc' dir='ltr'><strong>Ἢ</strong></span> <span class='ocrx_word' id='word_1_447' title='bbox 622 4154 728 4224; x_wconf 91' lang='grc' dir='ltr'><strong>γάρ</strong></span> <span class='ocrx_word' id='word_1_448' title='bbox 772 4154 847 4218; x_wconf 85' lang='grc' dir='ltr'>ὼς</span> <span class='ocrx_word' id='word_1_449' title='bbox 894 4156 1066 4209; x_wconf 86' lang='grc' dir='ltr'>δοῦλοι</span> <span class='ocrx_word' id='word_1_450' title='bbox 1099 4158 1131 4228; x_wconf 82' lang='grc' dir='ltr'>ἦ</span> <span class='ocrx_word' id='word_1_451' title='bbox 1167 4159 1262 4212; x_wconf 75' lang='grc' dir='ltr'><strong>καὶ</strong></span> <span class='ocrx_word' id='word_1_452' title='bbox 1312 4158 1596 4229; x_wconf 85' lang='grc' dir='ltr'>μίσθιοι,ἢ</span> <span class='ocrx_word' id='word_1_453' title='bbox 1635 4160 1709 4224; x_wconf 83' lang='grc' dir='ltr'>ὡς</span> <span class='ocrx_word' id='word_1_454' title='bbox 1755 4163 1873 4214; x_wconf 85' lang='grc' dir='ltr'>υἱοί·</span> 
     </span>
    </p>
   </div>
   <div class='ocr_carea' id='block_1_72' title="bbox 309 4241 1877 4323">
    <p class='ocr_par' dir='ltr' id='par_1_72' title="bbox 309 4241 1877 4323">
     <span class='ocr_line' id='line_1_72' title="bbox 309 4241 1877 4323; baseline 0.008 -30"><span class='ocrx_word' id='word_1_455' title='bbox 309 4241 608 4307; x_wconf 81' lang='grc' dir='ltr'>τουτέστιν,</span> <span class='ocrx_word' id='word_1_456' title='bbox 667 4244 700 4314; x_wconf 78' lang='grc' dir='ltr'><strong>ἢ</strong></span> <span class='ocrx_word' id='word_1_457' title='bbox 747 4246 823 4308; x_wconf 83' lang='grc' dir='ltr'>ὡς</span> <span class='ocrx_word' id='word_1_458' title='bbox 862 4249 1153 4318; x_wconf 78' lang='grc' dir='ltr'>πρακτικοὶ</span> <span class='ocrx_word' id='word_1_459' title='bbox 1198 4250 1377 4320; x_wconf 90' lang='grc' dir='ltr'>μόνον,</span> <span class='ocrx_word' id='word_1_460' title='bbox 1420 4250 1453 4323; x_wconf 76' lang='grc' dir='ltr'>ἢ</span> <span class='ocrx_word' id='word_1_461' title='bbox 1487 4253 1578 4305; x_wconf 76' lang='grc' dir='ltr'><strong>καὶ</strong></span> <span class='ocrx_word' id='word_1_462' title='bbox 1621 4252 1695 4316; x_wconf 86' lang='grc' dir='ltr'>ὼς</span> <span class='ocrx_word' id='word_1_463' title='bbox 1738 4254 1877 4321; x_wconf 84' lang='grc' dir='ltr'>γνώ-</span> 
     </span>
    </p>
   </div>
   <div class='ocr_carea' id='block_1_73' title="bbox 311 4332 929 4399">
    <p class='ocr_par' dir='ltr' id='par_1_73' title="bbox 311 4332 929 4399">
     <span class='ocr_line' id='line_1_73' title="bbox 311 4332 929 4399; baseline 0.01 -16"><span class='ocrx_word' id='word_1_464' title='bbox 311 4342 453 4390; x_wconf 80' lang='grc' dir='ltr'>σεως</span> <span class='ocrx_word' id='word_1_465' title='bbox 478 4332 929 4399; x_wconf 83' lang='grc' dir='ltr'>καταξιωθέντες.</span> 
     </span>
    </p>
   </div>
   <div class='ocr_carea' id='block_1_74' title="bbox 1975 3287 3304 3351">
    <p class='ocr_par' dir='ltr' id='par_1_74' title="bbox 1975 3287 3304 3351">
     <span class='ocr_line' id='line_1_74' title="bbox 1975 3287 3304 3351; baseline -0.001 -11"><span class='ocrx_word' id='word_1_466' title='bbox 1975 3289 2098 3342; x_wconf 81' lang='lat' dir='ltr'><strong>linis</strong></span> <span class='ocrx_word' id='word_1_467' title='bbox 2117 3295 2220 3351; x_wconf 90' lang='lat' dir='ltr'><strong>est,</strong></span> <span class='ocrx_word' id='word_1_468' title='bbox 2238 3300 2296 3341; x_wconf 89' lang='lat' dir='ltr'><strong>ut</strong></span> <span class='ocrx_word' id='word_1_469' title='bbox 2319 3288 2646 3342; x_wconf 87' lang='lat' dir='ltr'><strong>misereatur</strong></span> <span class='ocrx_word' id='word_1_470' title='bbox 2666 3288 2839 3341; x_wconf 91' lang='lat' dir='ltr'><strong>nostri</strong></span> <span class='ocrx_word' id='word_1_471' title='bbox 2867 3302 2929 3341; x_wconf 89' lang='lat' dir='ltr'><strong>ac</strong></span> <span class='ocrx_word' id='word_1_472' title='bbox 2955 3287 3304 3341; x_wconf 85' lang='lat' dir='ltr'><strong>commodet?</strong></span> 
     </span>
    </p>
   </div>
   <div class='ocr_carea' id='block_1_75' title="bbox 2042 3394 3546 3465">
    <p class='ocr_par' dir='ltr' id='par_1_75' title="bbox 2042 3394 3546 3465">
     <span class='ocr_line' id='line_1_75' title="bbox 2042 3394 3546 3465; baseline -0.001 -17"><span class='ocrx_word' id='word_1_473' title='bbox 2042 3396 2132 3449; x_wconf 68' lang='grc'><strong>27.</strong></span> <span class='ocrx_word' id='word_1_474' title='bbox 2156 3394 2259 3461; x_wconf 84' lang='lat' dir='ltr'><strong>Qui</strong></span> <span class='ocrx_word' id='word_1_475' title='bbox 2291 3395 2497 3449; x_wconf 89' lang='lat' dir='ltr'><strong>carnali</strong></span> <span class='ocrx_word' id='word_1_476' title='bbox 2522 3396 2693 3449; x_wconf 90' lang='lat' dir='ltr'><strong>amori</strong></span> <span class='ocrx_word' id='word_1_477' title='bbox 2717 3395 2907 3458; x_wconf 85' lang='lat' dir='ltr'><strong>servit,</strong></span> <span class='ocrx_word' id='word_1_478' title='bbox 2929 3395 3078 3465; x_wconf 84' lang='lat' dir='ltr'><strong>gravi</strong></span> <span class='ocrx_word' id='word_1_479' title='bbox 3106 3395 3271 3449; x_wconf 89' lang='lat' dir='ltr'><strong>corde</strong></span> <span class='ocrx_word' id='word_1_480' title='bbox 3300 3405 3415 3461; x_wconf 88' lang='lat' dir='ltr'><strong>est;</strong></span> <span class='ocrx_word' id='word_1_481' title='bbox 3452 3396 3546 3463; x_wconf 89' lang='lat' dir='ltr'><strong>qui</strong></span> 
     </span>
    </p>
   </div>
   <div class='ocr_carea' id='block_1_76' title="bbox 1974 3485 3544 3556">
    <p class='ocr_par' dir='ltr' id='par_1_76' title="bbox 1974 3485 3544 3556">
     <span class='ocr_line' id='line_1_76' title="bbox 1974 3485 3544 3556; baseline -0.001 -17"><span class='ocrx_word' id='word_1_482' title='bbox 1974 3502 2169 3556; x_wconf 90' lang='lat' dir='ltr'><strong>nempe</strong></span> <span class='ocrx_word' id='word_1_483' title='bbox 2208 3487 2502 3540; x_wconf 89' lang='lat' dir='ltr'><strong>vanitatem</strong></span> <span class='ocrx_word' id='word_1_484' title='bbox 2534 3493 2591 3539; x_wconf 90' lang='lat' dir='ltr'><strong>et</strong></span> <span class='ocrx_word' id='word_1_485' title='bbox 2618 3485 2965 3540; x_wconf 90' lang='lat' dir='ltr'><strong>mendacium</strong></span> <span class='ocrx_word' id='word_1_486' title='bbox 3007 3486 3199 3556; x_wconf 84' lang='lat' dir='ltr'><strong>diligat</strong></span> <span class='ocrx_word' id='word_1_487' title='bbox 3228 3501 3292 3539; x_wconf 92' lang='lat' dir='ltr'><strong>ac</strong></span> <span class='ocrx_word' id='word_1_488' title='bbox 3316 3495 3544 3555; x_wconf 68' lang='lat' dir='ltr'><strong>quierat,</strong></span> 
     </span>
    </p>
   </div>
   <div class='ocr_carea' id='block_1_77' title="bbox 1973 3576 3546 3647">
    <p class='ocr_par' dir='ltr' id='par_1_77' title="bbox 1973 3576 3546 3647">
     <span class='ocr_line' id='line_1_77' title="bbox 1973 3576 3546 3647; baseline -0.002 -16"><span class='ocrx_word' id='word_1_489' title='bbox 1973 3577 2120 3645; x_wconf 90' lang='lat' dir='ltr'><strong>quod</strong></span> <span class='ocrx_word' id='word_1_490' title='bbox 2161 3584 2245 3631; x_wconf 87' lang='lat' dir='ltr'><strong>est</strong></span> <span class='ocrx_word' id='word_1_491' title='bbox 2269 3577 2451 3630; x_wconf 89' lang='lat' dir='ltr'><strong>carnis</strong></span> <span class='ocrx_word' id='word_1_492' title='bbox 2490 3592 2687 3631; x_wconf 88' lang='lat' dir='ltr'><strong>sensus</strong></span> <span class='ocrx_word' id='word_1_493' title='bbox 2712 3592 2774 3630; x_wconf 90' lang='lat' dir='ltr'><strong>ac</strong></span> <span class='ocrx_word' id='word_1_494' title='bbox 2799 3576 3091 3646; x_wconf 90' lang='lat' dir='ltr'><strong>prudentia</strong></span> <span class='ocrx_word' id='word_1_495' title='bbox 3129 3594 3141 3629; x_wconf 89' lang='lat'><strong>:</strong></span> <span class='ocrx_word' id='word_1_496' title='bbox 3184 3578 3302 3647; x_wconf 83' lang='lat' dir='ltr'><strong>ejus</strong></span> <span class='ocrx_word' id='word_1_497' title='bbox 3342 3577 3546 3634; x_wconf 82' lang='lat' dir='ltr'><strong>scilicet</strong></span> 
     </span>
    </p>
   </div>
   <div class='ocr_carea' id='block_1_78' title="bbox 1975 3666 2822 3735">
    <p class='ocr_par' dir='ltr' id='par_1_78' title="bbox 1975 3666 2822 3735">
     <span class='ocr_line' id='line_1_78' title="bbox 1975 3666 2822 3735; baseline 0 -16"><span class='ocrx_word' id='word_1_498' title='bbox 1975 3667 2219 3721; x_wconf 76' lang='lat' dir='ltr'><strong>luxuries</strong></span> <span class='ocrx_word' id='word_1_499' title='bbox 2248 3668 2501 3735; x_wconf 86' lang='lat' dir='ltr'><strong>bonaque</strong></span> <span class='ocrx_word' id='word_1_500' title='bbox 2538 3666 2822 3719; x_wconf 87' lang='lat' dir='ltr'><strong>habitudo.</strong></span> 
     </span>
    </p>
   </div>
   <div class='ocr_carea' id='block_1_79' title="bbox 2045 3771 3547 3840">
    <p class='ocr_par' dir='ltr' id='par_1_79' title="bbox 2045 3771 3547 3840">
     <span class='ocr_line' id='line_1_79' title="bbox 2045 3771 3547 3840; baseline -0.002 -16"><span class='ocrx_word' id='word_1_501' title='bbox 2045 3772 2133 3824; x_wconf 75' lang='lat'><strong>9.8.</strong></span> <span class='ocrx_word' id='word_1_502' title='bbox 2167 3772 2296 3837; x_wconf 72' lang='lat' dir='ltr'><strong>Qua:</strong></span> <span class='ocrx_word' id='word_1_503' title='bbox 2330 3772 2475 3825; x_wconf 89' lang='lat' dir='ltr'><strong>dicta</strong></span> <span class='ocrx_word' id='word_1_504' title='bbox 2521 3781 2669 3834; x_wconf 89' lang='lat' dir='ltr'><strong>sunt,</strong></span> <span class='ocrx_word' id='word_1_505' title='bbox 2706 3787 2903 3839; x_wconf 90' lang='lat' dir='ltr'><strong>nempe</strong></span> <span class='ocrx_word' id='word_1_506' title='bbox 2938 3772 3142 3825; x_wconf 91' lang='lat' dir='ltr'><strong>amoris</strong></span> <span class='ocrx_word' id='word_1_507' title='bbox 3186 3771 3547 3840; x_wconf 82' lang='lat' dir='ltr'><strong>voluptatum,</strong></span> 
     </span>
    </p>
   </div>
   <div class='ocr_carea' id='block_1_80' title="bbox 1976 3862 3548 3932">
    <p class='ocr_par' dir='ltr' id='par_1_80' title="bbox 1976 3862 3548 3932">
     <span class='ocr_line' id='line_1_80' title="bbox 1976 3862 3548 3932; baseline 0.001 -19"><span class='ocrx_word' id='word_1_508' title='bbox 1976 3863 2160 3929; x_wconf 72' lang='lat' dir='ltr'><strong>gloria:</strong></span> <span class='ocrx_word' id='word_1_509' title='bbox 2184 3878 2245 3915; x_wconf 88' lang='lat' dir='ltr'><strong>ae</strong></span> <span class='ocrx_word' id='word_1_510' title='bbox 2275 3862 2540 3931; x_wconf 63' lang='lat' dir='ltr'><strong>pecuniae.</strong></span> <span class='ocrx_word' id='word_1_511' title='bbox 2567 3862 2623 3916; x_wconf 89' lang='lat' dir='ltr'><strong>Si</strong></span> <span class='ocrx_word' id='word_1_512' title='bbox 2662 3863 2786 3932; x_wconf 90' lang='lat' dir='ltr'><strong>quis</strong></span> <span class='ocrx_word' id='word_1_513' title='bbox 2814 3873 2996 3916; x_wconf 89' lang='lat' dir='ltr'><strong>autem</strong></span> <span class='ocrx_word' id='word_1_514' title='bbox 3046 3864 3099 3915; x_wconf 91' lang='lat' dir='ltr'><strong>in</strong></span> <span class='ocrx_word' id='word_1_515' title='bbox 3145 3864 3252 3917; x_wconf 90' lang='lat' dir='ltr'><strong>mei</strong></span> <span class='ocrx_word' id='word_1_516' title='bbox 3320 3878 3548 3924; x_wconf 83' lang='lat' dir='ltr'><strong>morem,</strong></span> 
     </span>
    </p>
   </div>
   <div class='ocr_carea' id='block_1_81' title="bbox 1980 3953 3552 4025">
    <p class='ocr_par' dir='ltr' id='par_1_81' title="bbox 1980 3953 3552 4025">
     <span class='ocr_line' id='line_1_81' title="bbox 1980 3953 3552 4025; baseline 0.003 -20"><span class='ocrx_word' id='word_1_517' title='bbox 1980 3955 2063 4007; x_wconf 88' lang='lat' dir='ltr'><strong>his</strong></span> <span class='ocrx_word' id='word_1_518' title='bbox 2095 3954 2372 4007; x_wconf 90' lang='lat' dir='ltr'><strong>mordicus</strong></span> <span class='ocrx_word' id='word_1_519' title='bbox 2398 3953 2589 4019; x_wconf 60' lang='grc' dir='ltr'>ἣξει-ει,</span> <span class='ocrx_word' id='word_1_520' title='bbox 2618 3956 2895 4024; x_wconf 92' lang='lat' dir='ltr'><strong>quomodo</strong></span> <span class='ocrx_word' id='word_1_521' title='bbox 2952 3956 3043 4009; x_wconf 91' lang='lat' dir='ltr'><strong>Dei</strong></span> <span class='ocrx_word' id='word_1_522' title='bbox 3073 3956 3299 4011; x_wconf 88' lang='lat' dir='ltr'><strong>scientia</strong></span> <span class='ocrx_word' id='word_1_523' title='bbox 3327 3955 3552 4025; x_wconf 87' lang='lat' dir='ltr'><strong>dignan-</strong></span> 
     </span>
    </p>
   </div>
   <div class='ocr_carea' id='block_1_82' title="bbox 1979 4044 2948 4116">
    <p class='ocr_par' dir='ltr' id='par_1_82' title="bbox 1979 4044 2948 4116">
     <span class='ocr_line' id='line_1_82' title="bbox 1979 4044 2948 4116; baseline 0.003 -19"><span class='ocrx_word' id='word_1_524' title='bbox 1979 4045 2083 4098; x_wconf 87' lang='lat' dir='ltr'><strong>dus</strong></span> <span class='ocrx_word' id='word_1_525' title='bbox 2104 4046 2196 4107; x_wconf 92' lang='lat' dir='ltr'><strong>sit,</strong></span> <span class='ocrx_word' id='word_1_526' title='bbox 2221 4044 2405 4099; x_wconf 83' lang='lat' dir='ltr'><strong>nullus</strong></span> <span class='ocrx_word' id='word_1_527' title='bbox 2434 4045 2739 4116; x_wconf 87' lang='lat' dir='ltr'><strong>intelligere</strong></span> <span class='ocrx_word' id='word_1_528' title='bbox 2772 4046 2948 4101; x_wconf 90' lang='lat' dir='ltr'><strong>valeo.</strong></span> 
     </span>
    </p>
   </div>
   <div class='ocr_carea' id='block_1_83' title="bbox 2043 4152 3553 4223">
    <p class='ocr_par' dir='ltr' id='par_1_83' title="bbox 2043 4152 3553 4223">
     <span class='ocr_line' id='line_1_83' title="bbox 2043 4152 3553 4223; baseline 0.001 -19"><span class='ocrx_word' id='word_1_529' title='bbox 2043 4152 2132 4205; x_wconf 66' lang='lat'><strong>&#39;29.</strong></span> <span class='ocrx_word' id='word_1_530' title='bbox 2168 4154 2272 4205; x_wconf 81' lang='lat' dir='ltr'><strong>Aut</strong></span> <span class='ocrx_word' id='word_1_531' title='bbox 2318 4153 2463 4205; x_wconf 90' lang='lat' dir='ltr'><strong>enim</strong></span> <span class='ocrx_word' id='word_1_532' title='bbox 2514 4162 2773 4223; x_wconf 90' lang='lat' dir='ltr'><strong>tanquam</strong></span> <span class='ocrx_word' id='word_1_533' title='bbox 2834 4156 2999 4217; x_wconf 88' lang='lat' dir='ltr'><strong>servi,</strong></span> <span class='ocrx_word' id='word_1_534' title='bbox 3053 4169 3150 4208; x_wconf 92' lang='lat' dir='ltr'><strong>seu</strong></span> <span class='ocrx_word' id='word_1_535' title='bbox 3195 4154 3361 4208; x_wconf 89' lang='lat' dir='ltr'><strong>etiam</strong></span> <span class='ocrx_word' id='word_1_536' title='bbox 3413 4168 3553 4206; x_wconf 81' lang='lat' dir='ltr'><strong>mer-</strong></span> 
     </span>
    </p>
   </div>
   <div class='ocr_carea' id='block_1_84' title="bbox 1979 4242 3537 4314">
    <p class='ocr_par' dir='ltr' id='par_1_84' title="bbox 1979 4242 3537 4314">
     <span class='ocr_line' id='line_1_84' title="bbox 1979 4242 3537 4314; baseline 0.002 -20"><span class='ocrx_word' id='word_1_537' title='bbox 1979 4242 2204 4305; x_wconf 81' lang='lat' dir='ltr'><strong>cenarii,</strong></span> <span class='ocrx_word' id='word_1_538' title='bbox 2239 4242 2320 4296; x_wconf 90' lang='lat' dir='ltr'><strong>vel</strong></span> <span class='ocrx_word' id='word_1_539' title='bbox 2347 4243 2542 4306; x_wconf 90' lang='lat' dir='ltr'><strong>utﬁlii,</strong></span> <span class='ocrx_word' id='word_1_540' title='bbox 2605 4245 2713 4299; x_wconf 89' lang='lat' dir='ltr'><strong>hoc</strong></span> <span class='ocrx_word' id='word_1_541' title='bbox 2739 4252 2843 4309; x_wconf 83' lang='lat' dir='ltr'><strong>est,</strong></span> <span class='ocrx_word' id='word_1_542' title='bbox 2876 4247 2961 4298; x_wconf 89' lang='lat' dir='ltr'><strong>vel</strong></span> <span class='ocrx_word' id='word_1_543' title='bbox 2990 4254 3049 4298; x_wconf 91' lang='lat' dir='ltr'><strong>ut</strong></span> <span class='ocrx_word' id='word_1_544' title='bbox 3077 4245 3171 4314; x_wconf 88' lang='lat' dir='ltr'><strong>qui</strong></span> <span class='ocrx_word' id='word_1_545' title='bbox 3215 4245 3391 4299; x_wconf 90' lang='lat' dir='ltr'><strong>solum</strong></span> <span class='ocrx_word' id='word_1_546' title='bbox 3435 4252 3537 4297; x_wconf 81' lang='lat' dir='ltr'><strong>stu</strong></span> 
     </span>
    </p>
   </div>
   <div class='ocr_carea' id='block_1_85' title="bbox 1982 4334 3553 4403">
    <p class='ocr_par' dir='ltr' id='par_1_85' title="bbox 1982 4334 3553 4403">
     <span class='ocr_line' id='line_1_85' title="bbox 1982 4334 3553 4403; baseline 0.003 -18"><span class='ocrx_word' id='word_1_547' title='bbox 1982 4334 2146 4386; x_wconf 81' lang='lat' dir='ltr'><strong>deant</strong></span> <span class='ocrx_word' id='word_1_548' title='bbox 2188 4334 2412 4396; x_wconf 85' lang='lat' dir='ltr'><strong>actioni,</strong></span> <span class='ocrx_word' id='word_1_549' title='bbox 2446 4335 2531 4387; x_wconf 88' lang='lat' dir='ltr'><strong>vel</strong></span> <span class='ocrx_word' id='word_1_550' title='bbox 2564 4335 2656 4403; x_wconf 92' lang='lat' dir='ltr'><strong>qui</strong></span> <span class='ocrx_word' id='word_1_551' title='bbox 2697 4336 2864 4390; x_wconf 89' lang='lat' dir='ltr'><strong>etiam</strong></span> <span class='ocrx_word' id='word_1_552' title='bbox 2906 4336 3150 4390; x_wconf 68' lang='lat' dir='ltr'><strong>scientiae</strong></span> <span class='ocrx_word' id='word_1_553' title='bbox 3195 4337 3399 4391; x_wconf 91' lang='lat' dir='ltr'><strong>donum</strong></span> <span class='ocrx_word' id='word_1_554' title='bbox 3446 4338 3553 4390; x_wconf 84' lang='lat' dir='ltr'><strong>sint</strong></span> 
     </span>
    </p>
   </div>
   <div class='ocr_carea' id='block_1_86' title="bbox 1979 4428 2283 4482">
    <p class='ocr_par' dir='ltr' id='par_1_86' title="bbox 1979 4428 2283 4482">
     <span class='ocr_line' id='line_1_86' title="bbox 1979 4428 2283 4482; baseline -0.007 -1"><span class='ocrx_word' id='word_1_555' title='bbox 1979 4428 2283 4482; x_wconf 81' lang='lat' dir='ltr'><strong>consecuti.</strong></span> 
     </span>
    </p>
   </div>
   <div class='ocr_carea' id='block_1_87' title="bbox 382 4507 1863 4587">
    <p class='ocr_par' dir='ltr' id='par_1_87' title="bbox 382 4507 1863 4587">
     <span class='ocr_line' id='line_1_87' title="bbox 382 4507 1863 4587; baseline 0.01 -27"><span class='ocrx_word' id='word_1_556' title='bbox 382 4507 448 4562; x_wconf 82' lang='grc' dir='ltr'>λ’.</span> <span class='ocrx_word' id='word_1_557' title='bbox 478 4508 649 4573; x_wconf 74' lang='grc' dir='ltr'>Ψιλὸς</span> <span class='ocrx_word' id='word_1_558' title='bbox 687 4510 966 4583; x_wconf 84' lang='grc' dir='ltr'>λογισμὸς,</span> <span class='ocrx_word' id='word_1_559' title='bbox 1021 4518 1049 4568; x_wconf 91' lang='lat'><strong>6</strong></span> <span class='ocrx_word' id='word_1_560' title='bbox 1085 4517 1205 4587; x_wconf 77' lang='grc' dir='ltr'>δίχα</span> <span class='ocrx_word' id='word_1_561' title='bbox 1250 4519 1486 4585; x_wconf 81' lang='grc' dir='ltr'>πάθους,</span> <span class='ocrx_word' id='word_1_562' title='bbox 1526 4524 1552 4573; x_wconf 90' lang='grc' dir='ltr'>ὀ</span> <span class='ocrx_word' id='word_1_563' title='bbox 1589 4524 1812 4585; x_wconf 60' lang='lat' dir='ltr'><strong>dim-3,-</strong></span> <span class='ocrx_word' id='word_1_564' title='bbox 1854 4544 1863 4575; x_wconf 88' lang='grc'>‹</span> 
     </span>
    </p>
   </div>
   <div class='ocr_carea' id='block_1_88' title="bbox 1956 4507 3557 4587">
    <p class='ocr_par' dir='ltr' id='par_1_88' title="bbox 2052 4516 3557 4587">
     <span class='ocr_line' id='line_1_88' title="bbox 2052 4516 3557 4587; baseline -0.001 -16"><span class='ocrx_word' id='word_1_565' title='bbox 2052 4518 2137 4571; x_wconf 87' lang='grc'>50.</span> <span class='ocrx_word' id='word_1_566' title='bbox 2174 4518 2330 4572; x_wconf 88' lang='lat' dir='ltr'><strong>Nuda</strong></span> <span class='ocrx_word' id='word_1_567' title='bbox 2357 4517 2614 4587; x_wconf 85' lang='lat' dir='ltr'><strong>cogitatio</strong></span> <span class='ocrx_word' id='word_1_568' title='bbox 2633 4525 2737 4581; x_wconf 90' lang='lat' dir='ltr'><strong>est,</strong></span> <span class='ocrx_word' id='word_1_569' title='bbox 2765 4533 2886 4586; x_wconf 65' lang='lat' dir='ltr'><strong>qua:</strong></span> <span class='ocrx_word' id='word_1_570' title='bbox 2914 4516 3171 4571; x_wconf 62' lang='lat' dir='ltr'><strong>aﬁ‘ectmn</strong></span> <span class='ocrx_word' id='word_1_571' title='bbox 3202 4519 3557 4587; x_wconf 83' lang='lat' dir='ltr'><strong>conjunctum</strong></span> 
     </span>
    </p>
   </div>
   <div class='ocr_carea' id='block_1_89' title="bbox 310 4606 1877 4690">
    <p class='ocr_par' dir='ltr' id='par_1_89' title="bbox 310 4606 1877 4690">
     <span class='ocr_line' id='line_1_89' title="bbox 310 4606 1877 4690; baseline 0.01 -33"><span class='ocrx_word' id='word_1_572' title='bbox 310 4606 420 4675; x_wconf 84' lang='grc' dir='ltr'>γὰρ</span> <span class='ocrx_word' id='word_1_573' title='bbox 456 4606 727 4679; x_wconf 78' lang='grc' dir='ltr'>ἐμπαθὴς,</span> <span class='ocrx_word' id='word_1_574' title='bbox 753 4610 955 4678; x_wconf 83' lang='grc' dir='ltr'>ἀπάγει</span> <span class='ocrx_word' id='word_1_575' title='bbox 984 4611 1139 4665; x_wconf 85' lang='grc' dir='ltr'>Θεοῦ.</span> <span class='ocrx_word' id='word_1_576' title='bbox 1166 4613 1351 4677; x_wconf 81' lang='grc' dir='ltr'>Οὕτως</span> <span class='ocrx_word' id='word_1_577' title='bbox 1376 4617 1495 4669; x_wconf 78' lang='grc' dir='ltr'>οὐδὲ</span> <span class='ocrx_word' id='word_1_578' title='bbox 1527 4620 1558 4687; x_wconf 84' lang='grc' dir='ltr'>ἡ</span> <span class='ocrx_word' id='word_1_579' title='bbox 1588 4618 1717 4690; x_wconf 72' lang='grc' dir='ltr'>ψιλὴ</span> <span class='ocrx_word' id='word_1_580' title='bbox 1738 4622 1877 4688; x_wconf 59' lang='grc' dir='ltr'>γνῷ-</span> 
     </span>
    </p>
   </div>
   <div class='ocr_carea' id='block_1_90' title="bbox 314 4699 1881 4784">
    <p class='ocr_par' dir='ltr' id='par_1_90' title="bbox 314 4699 1881 4784">
     <span class='ocr_line' id='line_1_90' title="bbox 314 4699 1881 4784; baseline 0.011 -36"><span class='ocrx_word' id='word_1_581' title='bbox 314 4714 401 4761; x_wconf 89' lang='grc' dir='ltr'><strong>σις</strong></span> <span class='ocrx_word' id='word_1_582' title='bbox 429 4699 628 4766; x_wconf 86' lang='grc' dir='ltr'>ἀπάγει</span> <span class='ocrx_word' id='word_1_583' title='bbox 672 4701 780 4754; x_wconf 90' lang='grc' dir='ltr'><strong>τῶν</strong></span> <span class='ocrx_word' id='word_1_584' title='bbox 852 4704 1227 4776; x_wconf 84' lang='grc' dir='ltr'>ἀνθρωπίνων·</span> <span class='ocrx_word' id='word_1_585' title='bbox 1273 4708 1452 4779; x_wconf 75' lang='grc' dir='ltr'>ἀλλ’ἢ</span> <span class='ocrx_word' id='word_1_586' title='bbox 1502 4712 1750 4767; x_wconf 81' lang='grc' dir='ltr'>παθοῦσα</span> <span class='ocrx_word' id='word_1_587' title='bbox 1785 4714 1881 4784; x_wconf 82' lang='grc' dir='ltr'>τὴν</span> 
     </span>
    </p>
   </div>
   <div class='ocr_carea' id='block_1_91' title="bbox 312 4789 1881 4876">
    <p class='ocr_par' dir='ltr' id='par_1_91' title="bbox 312 4789 1881 4876">
     <span class='ocr_line' id='line_1_91' title="bbox 312 4789 1881 4876; baseline 0.011 -34"><span class='ocrx_word' id='word_1_588' title='bbox 312 4789 558 4859; x_wconf 85' lang='grc' dir='ltr'>ἀγάπην·</span> <span class='ocrx_word' id='word_1_589' title='bbox 587 4792 723 4862; x_wconf 82' lang='grc' dir='ltr'>ὅπερ</span> <span class='ocrx_word' id='word_1_590' title='bbox 766 4795 914 4848; x_wconf 75' lang='grc' dir='ltr'>ἐστὶν</span> <span class='ocrx_word' id='word_1_591' title='bbox 952 4798 983 4868; x_wconf 86' lang='grc' dir='ltr'><strong>ἡ</strong></span> <span class='ocrx_word' id='word_1_592' title='bbox 1020 4799 1155 4870; x_wconf 80' lang='grc' dir='ltr'>πρὸς</span> <span class='ocrx_word' id='word_1_593' title='bbox 1202 4800 1261 4852; x_wconf 78' lang='grc' dir='ltr'>τὸ</span> <span class='ocrx_word' id='word_1_594' title='bbox 1318 4802 1535 4872; x_wconf 82' lang='grc' dir='ltr'>πνεῦμα</span> <span class='ocrx_word' id='word_1_595' title='bbox 1592 4804 1732 4857; x_wconf 84' lang='grc' dir='ltr'>κατά</span> <span class='ocrx_word' id='word_1_596' title='bbox 1784 4806 1881 4876; x_wconf 83' lang='grc' dir='ltr'><strong>τὴν</strong></span> 
     </span>
    </p>
   </div>
   <div class='ocr_carea' id='block_1_92' title="bbox 314 4876 764 4943">
    <p class='ocr_par' dir='ltr' id='par_1_92' title="bbox 314 4876 764 4943">
     <span class='ocr_line' id='line_1_92' title="bbox 314 4876 764 4943; baseline 0.013 -16"><span class='ocrx_word' id='word_1_597' title='bbox 314 4876 430 4943; x_wconf 75' lang='grc' dir='ltr'>ἕξιν</span> <span class='ocrx_word' id='word_1_598' title='bbox 460 4878 764 4942; x_wconf 85' lang='grc' dir='ltr'>ἀλλοίωσις.</span> 
     </span>
    </p>
   </div>
   <div class='ocr_carea' id='block_1_93' title="bbox 386 5047 1886 5128">
    <p class='ocr_par' dir='ltr' id='par_1_93' title="bbox 386 5047 1886 5128">
     <span class='ocr_line' id='line_1_93' title="bbox 386 5047 1886 5128; baseline 0.009 -28"><span class='ocrx_word' id='word_1_599' title='bbox 386 5047 493 5101; x_wconf 85' lang='grc' dir='ltr'>λα’.</span> <span class='ocrx_word' id='word_1_600' title='bbox 526 5049 647 5102; x_wconf 77' lang='grc' dir='ltr'>Ὀτι</span> <span class='ocrx_word' id='word_1_601' title='bbox 680 5051 729 5102; x_wconf 75' lang='lat' dir='ltr'><strong>at</strong></span> <span class='ocrx_word' id='word_1_602' title='bbox 771 5051 897 5116; x_wconf 69' lang='grc' dir='ltr'>υἱοὶ,</span> <span class='ocrx_word' id='word_1_603' title='bbox 926 5049 1125 5119; x_wconf 83' lang='grc' dir='ltr'>γνώσει</span> <span class='ocrx_word' id='word_1_604' title='bbox 1182 5054 1275 5107; x_wconf 75' lang='grc' dir='ltr'>καὶ</span> <span class='ocrx_word' id='word_1_605' title='bbox 1327 5056 1515 5128; x_wconf 80' lang='grc' dir='ltr'>ἀγάπῃ</span> <span class='ocrx_word' id='word_1_606' title='bbox 1557 5057 1664 5110; x_wconf 76' lang='grc' dir='ltr'><strong>τῶν</strong></span> <span class='ocrx_word' id='word_1_607' title='bbox 1700 5061 1886 5114; x_wconf 86' lang='grc' dir='ltr'>παθῶν</span> 
     </span>
    </p>
   </div>
   <div class='ocr_carea' id='block_1_94' title="bbox 314 5139 1887 5221">
    <p class='ocr_par' dir='ltr' id='par_1_94' title="bbox 314 5139 1887 5221">
     <span class='ocr_line' id='line_1_94' title="bbox 314 5139 1887 5221; baseline 0.007 -28"><span class='ocrx_word' id='word_1_608' title='bbox 314 5139 632 5209; x_wconf 87' lang='grc' dir='ltr'>ἀπέχουσιν·</span> <span class='ocrx_word' id='word_1_609' title='bbox 659 5142 708 5194; x_wconf 86' lang='grc' dir='ltr'>οἱ</span> <span class='ocrx_word' id='word_1_610' title='bbox 744 5142 799 5195; x_wconf 87' lang='grc' dir='ltr'>δὲ</span> <span class='ocrx_word' id='word_1_611' title='bbox 828 5142 1002 5197; x_wconf 90' lang='grc' dir='ltr'>δοῦλοι</span> <span class='ocrx_word' id='word_1_612' title='bbox 1048 5146 1141 5197; x_wconf 77' lang='grc' dir='ltr'><strong>καὶ</strong></span> <span class='ocrx_word' id='word_1_613' title='bbox 1170 5146 1393 5216; x_wconf 89' lang='grc' dir='ltr'>μίσθιοι,</span> <span class='ocrx_word' id='word_1_614' title='bbox 1423 5145 1541 5217; x_wconf 73' lang='grc' dir='ltr'>ἦτοι</span> <span class='ocrx_word' id='word_1_615' title='bbox 1569 5151 1619 5202; x_wconf 77' lang='grc' dir='ltr'>οἱ</span> <span class='ocrx_word' id='word_1_616' title='bbox 1661 5168 1887 5221; x_wconf 82' lang='grc' dir='ltr'>πρακτι-</span> 
     </span>
    </p>
   </div>
   <div class='ocr_carea' id='block_1_95' title="bbox 316 5230 1019 5301">
    <p class='ocr_par' dir='ltr' id='par_1_95' title="bbox 316 5230 1019 5301">
     <span class='ocr_line' id='line_1_95' title="bbox 316 5230 1019 5301; baseline 0.009 -20"><span class='ocrx_word' id='word_1_617' title='bbox 316 5230 425 5295; x_wconf 75' lang='grc' dir='ltr'>κοὶ,</span> <span class='ocrx_word' id='word_1_618' title='bbox 463 5230 496 5300; x_wconf 87' lang='grc' dir='ltr'>ἢ</span> <span class='ocrx_word' id='word_1_619' title='bbox 536 5230 706 5301; x_wconf 83' lang='grc' dir='ltr'>φόϐῳ,</span> <span class='ocrx_word' id='word_1_620' title='bbox 748 5234 779 5301; x_wconf 80' lang='grc' dir='ltr'>ἢ</span> <span class='ocrx_word' id='word_1_621' title='bbox 820 5233 1019 5288; x_wconf 76' lang='grc' dir='ltr'>ἑλπίδι.</span> 
     </span>
    </p>
   </div>
   <div class='ocr_carea' id='block_1_96' title="bbox 387 5319 1882 5404">
    <p class='ocr_par' dir='ltr' id='par_1_96' title="bbox 387 5319 1882 5404">
     <span class='ocr_line' id='line_1_96' title="bbox 387 5319 1882 5404; baseline 0.011 -32"><span class='ocrx_word' id='word_1_622' title='bbox 387 5319 487 5389; x_wconf 70' lang='grc' dir='ltr'>λβν.</span> <span class='ocrx_word' id='word_1_623' title='bbox 521 5322 632 5374; x_wconf 68' lang='grc' dir='ltr'><strong>Καὶ</strong></span> <span class='ocrx_word' id='word_1_624' title='bbox 663 5322 838 5377; x_wconf 87' lang='grc' dir='ltr'>ταῦτα</span> <span class='ocrx_word' id='word_1_625' title='bbox 867 5325 1121 5396; x_wconf 85' lang='grc' dir='ltr'>ἀπείργει</span> <span class='ocrx_word' id='word_1_626' title='bbox 1150 5328 1274 5391; x_wconf 84' lang='grc' dir='ltr'>τοὺς</span> <span class='ocrx_word' id='word_1_627' title='bbox 1298 5330 1531 5400; x_wconf 68' lang='grc' dir='ltr'>γράφειν</span> <span class='ocrx_word' id='word_1_628' title='bbox 1558 5334 1882 5404; x_wconf 70' lang='grc' dir='ltr'>ᾑρημένους·</span> 
     </span>
    </p>
   </div>
   <div class='ocr_carea' id='block_1_97' title="bbox 316 5412 1651 5490">
    <p class='ocr_par' dir='ltr' id='par_1_97' title="bbox 316 5412 1651 5490">
     <span class='ocr_line' id='line_1_97' title="bbox 316 5412 1651 5490; baseline 0.01 -25"><span class='ocrx_word' id='word_1_629' title='bbox 316 5412 600 5467; x_wconf 77' lang='grc' dir='ltr'>δεικνύντα</span> <span class='ocrx_word' id='word_1_630' title='bbox 626 5416 810 5485; x_wconf 81' lang='grc' dir='ltr'>σαφῶς</span> <span class='ocrx_word' id='word_1_631' title='bbox 831 5418 931 5489; x_wconf 81' lang='grc' dir='ltr'><strong>τὴν</strong></span> <span class='ocrx_word' id='word_1_632' title='bbox 966 5418 1170 5490; x_wconf 82' lang='grc' dir='ltr'>βλάϐην</span> <span class='ocrx_word' id='word_1_633' title='bbox 1213 5423 1276 5473; x_wconf 85' lang='grc' dir='ltr'>ὲκ</span> <span class='ocrx_word' id='word_1_634' title='bbox 1314 5422 1408 5475; x_wconf 91' lang='grc' dir='ltr'><strong>τοῦ</strong></span> <span class='ocrx_word' id='word_1_635' title='bbox 1447 5423 1651 5488; x_wconf 83' lang='grc' dir='ltr'>τέλους.</span> 
     </span>
    </p>
   </div>
   <div class='ocr_carea' id='block_1_98' title="bbox 390 5590 1745 5676">
    <p class='ocr_par' dir='ltr' id='par_1_98' title="bbox 390 5590 1745 5676">
     <span class='ocr_line' id='line_1_98' title="bbox 390 5590 1745 5676; baseline 0.012 -31"><span class='ocrx_word' id='word_1_636' title='bbox 390 5591 493 5661; x_wconf 84' lang='grc' dir='ltr'>λγ⁴.</span> <span class='ocrx_word' id='word_1_637' title='bbox 536 5590 704 5665; x_wconf 83' lang='grc' dir='ltr'>Οἶμαι</span> <span class='ocrx_word' id='word_1_638' title='bbox 733 5597 869 5668; x_wconf 77' lang='grc' dir='ltr'>πρὸς</span> <span class='ocrx_word' id='word_1_639' title='bbox 893 5600 1039 5669; x_wconf 82' lang='grc' dir='ltr'>ἡμᾶς</span> <span class='ocrx_word' id='word_1_640' title='bbox 1073 5600 1268 5656; x_wconf 79' lang='grc' dir='ltr'>ἐϐλεπε</span> <span class='ocrx_word' id='word_1_641' title='bbox 1298 5603 1474 5658; x_wconf 90' lang='grc' dir='ltr'>ταῦτα</span> <span class='ocrx_word' id='word_1_642' title='bbox 1500 5608 1745 5676; x_wconf 75' lang='grc' dir='ltr'>γράφων.</span> 
     </span>
    </p>
   </div>
   <div class='ocr_carea' id='block_1_99' title="bbox 394 5775 1894 5865">
    <p class='ocr_par' dir='ltr' id='par_1_99' title="bbox 394 5775 1894 5865">
     <span class='ocr_line' id='line_1_99' title="bbox 394 5775 1894 5865; baseline 0.011 -34"><span class='ocrx_word' id='word_1_643' title='bbox 394 5775 490 5833; x_wconf 74' lang='grc' dir='ltr'>λδν.</span> <span class='ocrx_word' id='word_1_644' title='bbox 516 5780 629 5834; x_wconf 80' lang='grc' dir='ltr'>οὐκ</span> <span class='ocrx_word' id='word_1_645' title='bbox 658 5782 888 5853; x_wconf 81' lang='grc' dir='ltr'>ἐνόησαν</span> <span class='ocrx_word' id='word_1_646' title='bbox 920 5785 976 5837; x_wconf 73' lang='grc' dir='ltr'>τὸ</span> <span class='ocrx_word' id='word_1_647' title='bbox 1010 5788 1072 5839; x_wconf 85' lang='grc' dir='ltr'>ὲκ</span> <span class='ocrx_word' id='word_1_648' title='bbox 1107 5789 1200 5858; x_wconf 86' lang='grc' dir='ltr'><strong>τῆς</strong></span> <span class='ocrx_word' id='word_1_649' title='bbox 1232 5789 1454 5859; x_wconf 81' lang='grc' dir='ltr'>μεθόδου</span> <span class='ocrx_word' id='word_1_650' title='bbox 1481 5792 1682 5862; x_wconf 79' lang='grc' dir='ltr'>ταύτης</span> <span class='ocrx_word' id='word_1_651' title='bbox 1708 5794 1894 5865; x_wconf 82' lang='grc' dir='ltr'>κέρδος</span> 
     </span>
    </p>
   </div>
   <div class='ocr_carea' id='block_1_100' title="bbox 1980 4608 3553 4678">
    <p class='ocr_par' dir='ltr' id='par_1_100' title="bbox 1980 4608 3553 4678">
     <span class='ocr_line' id='line_1_100' title="bbox 1980 4608 3553 4678; baseline -0.001 -17"><span class='ocrx_word' id='word_1_652' title='bbox 1980 4626 2089 4662; x_wconf 83' lang='lat' dir='ltr'><strong>non</strong></span> <span class='ocrx_word' id='word_1_653' title='bbox 2122 4609 2305 4673; x_wconf 90' lang='lat' dir='ltr'><strong>habet,</strong></span> <span class='ocrx_word' id='word_1_654' title='bbox 2332 4624 2452 4677; x_wconf 68' lang='lat' dir='ltr'><strong>qua:</strong></span> <span class='ocrx_word' id='word_1_655' title='bbox 2481 4618 2564 4663; x_wconf 89' lang='lat' dir='ltr'><strong>est</strong></span> <span class='ocrx_word' id='word_1_656' title='bbox 2595 4608 2823 4678; x_wconf 83' lang='lat' dir='ltr'><strong>simplex</strong></span> <span class='ocrx_word' id='word_1_657' title='bbox 2853 4626 2865 4661; x_wconf 93' lang='lat'>:</span> <span class='ocrx_word' id='word_1_658' title='bbox 2899 4624 3021 4677; x_wconf 67' lang='lat' dir='ltr'><strong>qua:</strong></span> <span class='ocrx_word' id='word_1_659' title='bbox 3042 4609 3185 4661; x_wconf 90' lang='lat' dir='ltr'><strong>enim</strong></span> <span class='ocrx_word' id='word_1_660' title='bbox 3210 4624 3332 4661; x_wconf 91' lang='lat' dir='ltr'><strong>eum</strong></span> <span class='ocrx_word' id='word_1_661' title='bbox 3358 4609 3553 4662; x_wconf 78' lang='lat' dir='ltr'><strong>aﬁectu</strong></span> 
     </span>
    </p>
   </div>
   <div class='ocr_carea' id='block_1_101' title="bbox 1979 4701 3554 4771">
    <p class='ocr_par' dir='ltr' id='par_1_101' title="bbox 1979 4701 3554 4771">
     <span class='ocr_line' id='line_1_101' title="bbox 1979 4701 3554 4771; baseline 0 -16"><span class='ocrx_word' id='word_1_662' title='bbox 1979 4711 2063 4755; x_wconf 82' lang='lat' dir='ltr'><strong>est</strong></span> <span class='ocrx_word' id='word_1_663' title='bbox 2111 4717 2175 4756; x_wconf 92' lang='lat' dir='ltr'><strong>ac</strong></span> <span class='ocrx_word' id='word_1_664' title='bbox 2222 4702 2539 4768; x_wconf 88' lang='lat' dir='ltr'><strong>libidinosa,</strong></span> <span class='ocrx_word' id='word_1_665' title='bbox 2566 4702 2791 4756; x_wconf 91' lang='lat' dir='ltr'><strong>abducit</strong></span> <span class='ocrx_word' id='word_1_666' title='bbox 2815 4718 2847 4756; x_wconf 92' lang='lat' dir='ltr'><strong>a</strong></span> <span class='ocrx_word' id='word_1_667' title='bbox 2878 4702 3009 4756; x_wconf 89' lang='lat' dir='ltr'><strong>Deo.</strong></span> <span class='ocrx_word' id='word_1_668' title='bbox 3035 4701 3126 4756; x_wconf 88' lang='lat' dir='ltr'><strong>Sic</strong></span> <span class='ocrx_word' id='word_1_669' title='bbox 3151 4718 3370 4771; x_wconf 89' lang='lat' dir='ltr'><strong>quoque</strong></span> <span class='ocrx_word' id='word_1_670' title='bbox 3411 4702 3554 4759; x_wconf 82' lang='lat' dir='ltr'><strong>nuda</strong></span> 
     </span>
    </p>
   </div>
   <div class='ocr_carea' id='block_1_102' title="bbox 1981 4793 3554 4861">
    <p class='ocr_par' dir='ltr' id='par_1_102' title="bbox 1981 4793 3554 4861">
     <span class='ocr_line' id='line_1_102' title="bbox 1981 4793 3554 4861; baseline 0.001 -15"><span class='ocrx_word' id='word_1_671' title='bbox 1981 4809 2043 4846; x_wconf 91' lang='lat' dir='ltr'><strong>ac</strong></span> <span class='ocrx_word' id='word_1_672' title='bbox 2067 4793 2296 4861; x_wconf 81' lang='lat' dir='ltr'><strong>simplex</strong></span> <span class='ocrx_word' id='word_1_673' title='bbox 2328 4794 2577 4856; x_wconf 89' lang='lat' dir='ltr'><strong>scientia,</strong></span> <span class='ocrx_word' id='word_1_674' title='bbox 2604 4809 2713 4847; x_wconf 90' lang='lat' dir='ltr'><strong>non</strong></span> <span class='ocrx_word' id='word_1_675' title='bbox 2756 4793 2825 4847; x_wconf 92' lang='lat' dir='ltr'><strong>ab</strong></span> <span class='ocrx_word' id='word_1_676' title='bbox 2864 4793 3118 4846; x_wconf 73' lang='lat' dir='ltr'><strong>humanis</strong></span> <span class='ocrx_word' id='word_1_677' title='bbox 3162 4793 3407 4855; x_wconf 91' lang='lat' dir='ltr'><strong>abducit,</strong></span> <span class='ocrx_word' id='word_1_678' title='bbox 3462 4793 3554 4849; x_wconf 84' lang='lat' dir='ltr'><strong>sed</strong></span> 
     </span>
    </p>
   </div>
   <div class='ocr_carea' id='block_1_103' title="bbox 1981 4885 3556 4955">
    <p class='ocr_par' dir='ltr' id='par_1_103' title="bbox 1981 4885 3556 4955">
     <span class='ocr_line' id='line_1_103' title="bbox 1981 4885 3556 4955; baseline 0.001 -18"><span class='ocrx_word' id='word_1_679' title='bbox 1981 4900 2101 4954; x_wconf 71' lang='lat' dir='ltr'><strong>qua:</strong></span> <span class='ocrx_word' id='word_1_680' title='bbox 2124 4886 2474 4941; x_wconf 89' lang='lat' dir='ltr'><strong>dilectionem</strong></span> <span class='ocrx_word' id='word_1_681' title='bbox 2507 4886 2740 4955; x_wconf 85' lang='lat' dir='ltr'><strong>patitur;</strong></span> <span class='ocrx_word' id='word_1_682' title='bbox 2790 4885 2937 4955; x_wconf 92' lang='lat' dir='ltr'><strong>quod</strong></span> <span class='ocrx_word' id='word_1_683' title='bbox 2993 4896 3078 4941; x_wconf 90' lang='lat' dir='ltr'><strong>est</strong></span> <span class='ocrx_word' id='word_1_684' title='bbox 3138 4886 3461 4939; x_wconf 63' lang='lat' dir='ltr'><strong>immutatio.</strong></span> <span class='ocrx_word' id='word_1_685' title='bbox 3500 4885 3556 4939; x_wconf 87' lang='lat' dir='ltr'><strong>in</strong></span> 
     </span>
    </p>
   </div>
   <div class='ocr_carea' id='block_1_104' title="bbox 1982 4974 2739 5045">
    <p class='ocr_par' dir='ltr' id='par_1_104' title="bbox 1982 4974 2739 5045">
     <span class='ocr_line' id='line_1_104' title="bbox 1982 4974 2739 5045; baseline -0.003 -16"><span class='ocrx_word' id='word_1_686' title='bbox 1982 4974 2236 5044; x_wconf 81' lang='lat' dir='ltr'><strong>Spiritum</strong></span> <span class='ocrx_word' id='word_1_687' title='bbox 2272 4991 2392 5045; x_wconf 72' lang='lat' dir='ltr'><strong>qua:</strong></span> <span class='ocrx_word' id='word_1_688' title='bbox 2422 4976 2609 5030; x_wconf 89' lang='lat' dir='ltr'><strong>habitu</strong></span> <span class='ocrx_word' id='word_1_689' title='bbox 2637 4984 2739 5029; x_wconf 89' lang='lat' dir='ltr'><strong>est.</strong></span> 
     </span>
    </p>
   </div>
   <div class='ocr_carea' id='block_1_105' title="bbox 2053 5064 3561 5132">
    <p class='ocr_par' dir='ltr' id='par_1_105' title="bbox 2053 5064 3561 5132">
     <span class='ocr_line' id='line_1_105' title="bbox 2053 5064 3561 5132; baseline 0.003 -13"><span class='ocrx_word' id='word_1_690' title='bbox 2053 5066 2138 5119; x_wconf 83' lang='lat'><strong>51.</strong></span> <span class='ocrx_word' id='word_1_691' title='bbox 2170 5064 2271 5132; x_wconf 85' lang='lat' dir='ltr'><strong>Qui</strong></span> <span class='ocrx_word' id='word_1_692' title='bbox 2314 5066 2411 5119; x_wconf 88' lang='lat' dir='ltr'><strong>lilii</strong></span> <span class='ocrx_word' id='word_1_693' title='bbox 2456 5076 2606 5131; x_wconf 88' lang='lat' dir='ltr'><strong>sunt,</strong></span> <span class='ocrx_word' id='word_1_694' title='bbox 2641 5067 2871 5121; x_wconf 87' lang='lat' dir='ltr'><strong>scientia</strong></span> <span class='ocrx_word' id='word_1_695' title='bbox 2903 5076 2960 5121; x_wconf 91' lang='lat' dir='ltr'><strong>et</strong></span> <span class='ocrx_word' id='word_1_696' title='bbox 2986 5067 3255 5121; x_wconf 89' lang='lat' dir='ltr'><strong>charitate</strong></span> <span class='ocrx_word' id='word_1_697' title='bbox 3287 5066 3561 5123; x_wconf 83' lang='lat' dir='ltr'><strong>scavitiis</strong></span> 
     </span>
    </p>
   </div>
   <div class='ocr_carea' id='block_1_106' title="bbox 1985 5158 3559 5229">
    <p class='ocr_par' dir='ltr' id='par_1_106' title="bbox 1985 5158 3559 5229">
     <span class='ocr_line' id='line_1_106' title="bbox 1985 5158 3559 5229; baseline 0.001 -18"><span class='ocrx_word' id='word_1_698' title='bbox 1985 5158 2303 5213; x_wconf 86' lang='lat' dir='ltr'><strong>abstinent:</strong></span> <span class='ocrx_word' id='word_1_699' title='bbox 2334 5158 2481 5213; x_wconf 88' lang='lat' dir='ltr'><strong>servi</strong></span> <span class='ocrx_word' id='word_1_700' title='bbox 2508 5168 2768 5214; x_wconf 89' lang='lat' dir='ltr'><strong>autemet</strong></span> <span class='ocrx_word' id='word_1_701' title='bbox 2823 5161 3149 5215; x_wconf 89' lang='lat' dir='ltr'><strong>mercenarii</strong></span> <span class='ocrx_word' id='word_1_702' title='bbox 3190 5160 3265 5222; x_wconf 74' lang='lat' dir='ltr'><strong>(id</strong></span> <span class='ocrx_word' id='word_1_703' title='bbox 3316 5169 3420 5227; x_wconf 89' lang='lat' dir='ltr'><strong>est,</strong></span> <span class='ocrx_word' id='word_1_704' title='bbox 3466 5161 3559 5229; x_wconf 87' lang='lat' dir='ltr'><strong>qui</strong></span> 
     </span>
    </p>
   </div>
   <div class='ocr_carea' id='block_1_107' title="bbox 1987 5247 3118 5318">
    <p class='ocr_par' dir='ltr' id='par_1_107' title="bbox 1987 5247 3118 5318">
     <span class='ocr_line' id='line_1_107' title="bbox 1987 5247 3118 5318; baseline 0.002 -19"><span class='ocrx_word' id='word_1_705' title='bbox 1987 5247 2257 5301; x_wconf 89' lang='lat' dir='ltr'><strong>actionem</strong></span> <span class='ocrx_word' id='word_1_706' title='bbox 2281 5247 2492 5307; x_wconf 88' lang='lat' dir='ltr'><strong>colunt)</strong></span> <span class='ocrx_word' id='word_1_707' title='bbox 2524 5255 2621 5301; x_wconf 90' lang='lat' dir='ltr'><strong>aut</strong></span> <span class='ocrx_word' id='word_1_708' title='bbox 2656 5248 2853 5302; x_wconf 91' lang='lat' dir='ltr'><strong>timore</strong></span> <span class='ocrx_word' id='word_1_709' title='bbox 2877 5259 2971 5302; x_wconf 91' lang='lat' dir='ltr'><strong>aut</strong></span> <span class='ocrx_word' id='word_1_710' title='bbox 3000 5265 3118 5318; x_wconf 85' lang='lat' dir='ltr'><strong>spe.</strong></span> 
     </span>
    </p>
   </div>
   <div class='ocr_carea' id='block_1_108' title="bbox 2058 5336 3563 5409">
    <p class='ocr_par' dir='ltr' id='par_1_108' title="bbox 2058 5336 3563 5409">
     <span class='ocr_line' id='line_1_108' title="bbox 2058 5336 3563 5409; baseline 0.003 -19"><span class='ocrx_word' id='word_1_711' title='bbox 2058 5336 2296 5393; x_wconf 76' lang='lat' dir='ltr'><strong>52.H:zec</strong></span> <span class='ocrx_word' id='word_1_712' title='bbox 2317 5354 2537 5407; x_wconf 89' lang='lat' dir='ltr'><strong>quoque</strong></span> <span class='ocrx_word' id='word_1_713' title='bbox 2594 5338 2895 5405; x_wconf 89' lang='lat' dir='ltr'><strong>deterrent,</strong></span> <span class='ocrx_word' id='word_1_714' title='bbox 2943 5340 3149 5409; x_wconf 91' lang='lat' dir='ltr'><strong>quibus</strong></span> <span class='ocrx_word' id='word_1_715' title='bbox 3204 5349 3267 5396; x_wconf 89' lang='lat' dir='ltr'><strong>ut</strong></span> <span class='ocrx_word' id='word_1_716' title='bbox 3317 5340 3563 5396; x_wconf 86' lang='lat' dir='ltr'><strong>scribant</strong></span> 
     </span>
    </p>
   </div>
   <div class='ocr_carea' id='block_1_109' title="bbox 1988 5429 3563 5501">
    <p class='ocr_par' dir='ltr' id='par_1_109' title="bbox 1988 5429 3563 5501">
     <span class='ocr_line' id='line_1_109' title="bbox 1988 5429 3563 5501; baseline 0.001 -18"><span class='ocrx_word' id='word_1_717' title='bbox 1988 5430 2169 5483; x_wconf 88' lang='lat' dir='ltr'><strong>animo</strong></span> <span class='ocrx_word' id='word_1_718' title='bbox 2198 5429 2557 5483; x_wconf 87' lang='lat' dir='ltr'><strong>constitutum</strong></span> <span class='ocrx_word' id='word_1_719' title='bbox 2584 5430 2655 5484; x_wconf 89' lang='lat' dir='ltr'><strong>sit</strong></span> <span class='ocrx_word' id='word_1_720' title='bbox 2686 5447 2700 5482; x_wconf 90' lang='lat'><strong>:</strong></span> <span class='ocrx_word' id='word_1_721' title='bbox 2732 5445 2853 5498; x_wconf 83' lang='lat' dir='ltr'><strong>quae</strong></span> <span class='ocrx_word' id='word_1_722' title='bbox 2881 5445 3079 5501; x_wconf 89' lang='lat' dir='ltr'><strong>nempe</strong></span> <span class='ocrx_word' id='word_1_723' title='bbox 3104 5430 3365 5486; x_wconf 87' lang='lat' dir='ltr'><strong>damnum</strong></span> <span class='ocrx_word' id='word_1_724' title='bbox 3386 5432 3563 5501; x_wconf 88' lang='lat' dir='ltr'><strong>palam</strong></span> 
     </span>
    </p>
   </div>
   <div class='ocr_carea' id='block_1_110' title="bbox 1989 5521 2516 5576">
    <p class='ocr_par' dir='ltr' id='par_1_110' title="bbox 1989 5521 2516 5576">
     <span class='ocr_line' id='line_1_110' title="bbox 1989 5521 2516 5576; baseline -0.004 0"><span class='ocrx_word' id='word_1_725' title='bbox 1989 5538 2055 5576; x_wconf 87' lang='lat' dir='ltr'><strong>ex</strong></span> <span class='ocrx_word' id='word_1_726' title='bbox 2081 5523 2187 5575; x_wconf 84' lang='lat' dir='ltr'><strong>ﬁne</strong></span> <span class='ocrx_word' id='word_1_727' title='bbox 2204 5521 2516 5575; x_wconf 89' lang='lat' dir='ltr'><strong>ostendant.</strong></span> 
     </span>
    </p>
   </div>
   <div class='ocr_carea' id='block_1_111' title="bbox 2063 5604 3565 5681">
    <p class='ocr_par' dir='ltr' id='par_1_111' title="bbox 2063 5604 3565 5681">
     <span class='ocr_line' id='line_1_111' title="bbox 2063 5604 3565 5681; baseline 0.001 -16"><span class='ocrx_word' id='word_1_728' title='bbox 2063 5604 2154 5665; x_wconf 72' lang='lat'><strong>35.</strong></span> <span class='ocrx_word' id='word_1_729' title='bbox 2188 5611 2255 5665; x_wconf 87' lang='lat' dir='ltr'><strong>Et</strong></span> <span class='ocrx_word' id='word_1_730' title='bbox 2286 5612 2401 5665; x_wconf 63' lang='lat' dir='ltr'><strong>haec</strong></span> <span class='ocrx_word' id='word_1_731' title='bbox 2428 5619 2561 5681; x_wconf 92' lang='lat' dir='ltr'><strong>puto</strong></span> <span class='ocrx_word' id='word_1_732' title='bbox 2586 5611 2715 5666; x_wconf 92' lang='lat' dir='ltr'><strong>dum</strong></span> <span class='ocrx_word' id='word_1_733' title='bbox 2758 5612 3044 5678; x_wconf 87' lang='lat' dir='ltr'><strong>scriberet,</strong></span> <span class='ocrx_word' id='word_1_734' title='bbox 3075 5612 3143 5666; x_wconf 89' lang='lat' dir='ltr'><strong>ad</strong></span> <span class='ocrx_word' id='word_1_735' title='bbox 3178 5628 3280 5668; x_wconf 89' lang='lat' dir='ltr'><strong>nos</strong></span> <span class='ocrx_word' id='word_1_736' title='bbox 3324 5614 3565 5667; x_wconf 87' lang='lat' dir='ltr'><strong>animum</strong></span> 
     </span>
    </p>
   </div>
   <div class='ocr_carea' id='block_1_112' title="bbox 1996 5701 2332 5756">
    <p class='ocr_par' dir='ltr' id='par_1_112' title="bbox 1996 5701 2332 5756">
     <span class='ocr_line' id='line_1_112' title="bbox 1996 5701 2332 5756; baseline -0.006 0"><span class='ocrx_word' id='word_1_737' title='bbox 1996 5701 2332 5756; x_wconf 86' lang='lat' dir='ltr'><strong>intendebat.</strong></span> 
     </span>
    </p>
   </div>
   <div class='ocr_carea' id='block_1_113' title="bbox 2063 5792 3568 5864">
    <p class='ocr_par' dir='ltr' id='par_1_113' title="bbox 2063 5792 3568 5864">
     <span class='ocr_line' id='line_1_113' title="bbox 2063 5792 3568 5864; baseline 0.001 -14"><span class='ocrx_word' id='word_1_738' title='bbox 2063 5795 2148 5850; x_wconf 67' lang='grc'>54.</span> <span class='ocrx_word' id='word_1_739' title='bbox 2183 5794 2303 5849; x_wconf 84' lang='grc' dir='ltr'>Νοη</span> <span class='ocrx_word' id='word_1_740' title='bbox 2340 5793 2747 5861; x_wconf 80' lang='lat' dir='ltr'><strong>intellexerunt,</strong></span> <span class='ocrx_word' id='word_1_741' title='bbox 2794 5792 2941 5864; x_wconf 91' lang='lat' dir='ltr'><strong>quod</strong></span> <span class='ocrx_word' id='word_1_742' title='bbox 2969 5809 3036 5850; x_wconf 78' lang='lat' dir='ltr'><strong>ex</strong></span> <span class='ocrx_word' id='word_1_743' title='bbox 3063 5793 3166 5851; x_wconf 91' lang='lat' dir='ltr'><strong>hac</strong></span> <span class='ocrx_word' id='word_1_744' title='bbox 3198 5794 3459 5851; x_wconf 87' lang='lat' dir='ltr'><strong>mcthodo</strong></span> <span class='ocrx_word' id='word_1_745' title='bbox 3480 5808 3568 5852; x_wconf 59' lang='lat' dir='ltr'><strong>se.</strong></span> 
     </span>
    </p>
   </div>
  </div>
