4208 6436
687 366 821 430 1079

675 564 903 628 vissent,
934 563 1280 618 commodum
1315 564 1419 618 hoc
1444 573 1837 635 reportassent,
1860 577 1921 622 ut
1953 568 2004 621 in
2030 568 2258 622 scientia

679 651 1034 722 proficerent.

747 743 836 797 35.
869 743 1113 798 Moraute
1162 741 1397 811 simplici
1431 741 1690 814 nudaque
1718 745 2077 814 cogitatione,
2107 744 2256 802 exei-

685 845 832 890 tatur
861 834 1092 890 all‘ectus
1124 851 1136 888 :
1171 835 1248 889 uti
1277 834 1443 889 etiam
1470 851 1534 890 ea
1560 852 1686 906 quae
1712 836 1936 892 all’ectui
1963 841 2258 912 conjuncta

678 941 743 981 ac
764 924 1059 980 libidinosa
1081 935 1189 991 est,
1221 937 1513 996 praestatur
1533 943 1855 984 consensus.

743 1018 829 1072 36.
857 1016 998 1083 Scis,
1018 1017 1267 1082 Domine,
1286 1019 1560 1088 quomodo
1572 1020 1788 1090 judicer
1809 1019 1995 1086 hodie,
2017 1030 2072 1076 et
2095 1037 2257 1094 quam

675 1110 746 1164 ob
786 1124 1004 1163 causam
1039 1125 1108 1164 ne
1139 1109 1489 1179 derelinquas
1517 1126 1624 1166 me.

744 1202 832 1254 57.
858 1201 977 1256 Non
1003 1211 1184 1272 potest
1217 1201 1334 1256 haec
1367 1209 1650 1272 praestare,
1677 1205 1770 1274 qui
1805 1206 1923 1262 suis
1949 1205 2065 1262 ﬁdit
2084 1208 2256 1264 ratio-

676 1291 863 1354 nibus,
895 1307 960 1345 ac
999 1307 1059 1346 se
1081 1292 1190 1362 jam
1248 1293 1734 1363 comprehendisse
1779 1295 2076 1361 existimat,
2111 1312 2254 1368 quae.

677 1391 1030 1452 posteaquam
1057 1383 1224 1438 etiam
1240 1383 1637 1453 comprehensa
1668 1393 1819 1450 sunt,
1837 1393 2032 1441 natura
2052 1386 2259 1442 incom-

677 1471 955 1541 prehcnsa
985 1479 1235 1526 manent.

745 1561 833 1616 58.
903 1562 1151 1617 Tristitia
1209 1561 1360 1633 (aegri
1418 1561 1632 1618 scilicet
1684 1563 1853 1617 animi
1899 1563 2145 1636 allectio)
2200 1576 2256 1621 et

676 1654 888 1718 odium,
924 1656 1060 1710 vitia
1082 1664 1213 1713 sunt
1233 1656 1405 1727 partis
1428 1656 1597 1710 animi
1626 1657 1872 1726 expertis
1897 1659 2146 1713 rationis.

746 1747 835 1802 '59.
873 1747 1010 1804 Vide
1031 1748 1308 1818 quomodo
1337 1747 1704 1817 decipiamur,
1737 1749 1833 1818 qui
1865 1751 2143 1804 contraria
2172 1749 2252 1806 fa-

676 1838 909 1902 ciamus,
937 1850 994 1893 et
1019 1837 1330 1893 Christiana
1362 1855 1463 1894 nos
1503 1839 1707 1910 pietate
1749 1840 1938 1894 vivere
1979 1841 2256 1896 existime-
2289 1817 2330 1872 Β

677 1945 822 1993 mus,
859 1929 1118 2000 quodque
1154 1919 1376 2001 gravius
1404 1939 1509 1992 est,
1545 1931 1657 2000 jam
1687 1947 1908 2001 quoque
1953 1931 2257 2002 spiritalem

677 2018 788 2089 pati
826 2016 1179 2072 dilectionem
1213 2017 1569 2071 arbitremur.

747 2108 836 2163 40.
875 2107 1051 2163 Habet
1075 2108 1202 2178 quis
1224 2108 1421 2162 vitium
1471 2108 1718 2164 avaritia:
1755 2125 1768 2162 :
1805 2124 1916 2163 non
1941 2108 2151 2180 indiget
2198 2118 2259 2163 ut

677 2215 777 2273 per
810 2199 1098 2253 avaritiam
1138 2198 1243 2254 sibi
1286 2199 1496 2269 aliquid
1526 2210 1768 2270 arroget,
1800 2210 1894 2255 aut
1947 2210 2009 2254 ut
2057 2201 2256 2271 injuste

676 2289 919 2358 aliquem
972 2289 1390 2353 circumveniat.
1419 2290 1550 2362 Ejus
1577 2291 1657 2346 rei
1699 2301 1893 2347 nactus
1919 2291 2253 2356 facultatem,

676 2382 861 2439 statim
885 2380 1341 2451 deprehenditur.
1371 2381 1548 2450 Atque
1576 2381 1631 2436 id
1653 2390 1844 2436 notum
1865 2390 1969 2436 est.

747 2474 836 2528 M.
873 2471 1004 2529 Vide
1044 2473 1101 2527 in
1138 2473 1343 2542 quibus
1375 2473 1793 2544 longanimitate
1841 2482 1899 2529 et
1948 2474 2002 2528 in
2053 2475 2256 2545 quibus

677 2563 1251 2636 patientia‘utendum.
1284 2564 1524 2619 Tametsi
1547 2565 1697 2619 enim
1721 2575 2020 2636 utrumque
2047 2568 2102 2621 in
2134 2576 2254 2621 ten-

675 2654 981 2712 tatiouibus
1028 2654 1267 2719 dicatur,
1320 2668 1441 2724 qum
1484 2654 1674 2709 invitis
1720 2656 2075 2726 exteriusque
2131 2672 2258 2712 eve-

675 2749 838 2804 niunt
864 2765 878 2800 :
910 2747 1057 2818 quod
1087 2756 1269 2802 tamen
1294 2747 1402 2802 illae
1425 2747 1479 2802 in
1507 2761 1792 2803 sermones
1818 2757 1984 2820 atque
2023 2749 2255 2806 verbera

674 2856 773 2897 seu
800 2842 986 2912 plagas
1017 2840 1364 2904 dividuntur,
1410 2855 1519 2896 una
1552 2856 1773 2912 quoque
1808 2841 1922 2897 haec
1947 2856 2134 2897 secum
2170 2842 2254 2896 vi-

675 2935 940 2991 dentibus
963 2933 1241 2988 dividunt.

744 3027 836 3082 42.
863 3026 969 3081 Per
998 3024 1399 3081 continentiam
1420 3037 1475 3082 et
1500 3027 1847 3092 charitatem,
1869 3025 2014 3082 bona
2044 3025 2100 3080 in
2128 3033 2253 3081 actu

676 3116 908 3174 scientia
942 3123 1258 3186 praestatur.

748 3209 839 3264 45.
880 3206 1021 3274 Quid
1051 3223 1182 3262 vero
1221 3207 1460 3264 delirant
1498 3207 1648 3260 vitiis
1699 3217 1972 3262 scatentes
2031 3207 2256 3276 quidem

678 3312 845 3370 atque
865 3299 1112 3370 superbi,
1133 3301 1515 3355 existimantes
1545 3301 1672 3371 (qua
1706 3309 1918 3355 tument
1946 3301 2259 3371 arrogantia

678 3407 744 3446 ac
770 3389 934 3460 fastu)
967 3390 1161 3444 divina
1179 3391 1408 3447 scientia
1429 3408 1485 3444 se
1518 3391 1778 3461 przeditos
1802 3391 1968 3446 esse?
1993 3391 2072 3447 Ita
2111 3392 2260 3448 enim

681 3484 759 3537 illi
789 3499 852 3536 ex
879 3483 1094 3552 ingenti
1124 3483 1292 3537 animi
1325 3484 1594 3552 pravitate
1618 3492 1674 3538 et
1707 3482 1968 3537 elatione.

749 3572 840 3626 Η.
871 3572 975 3638 Qui
1001 3581 1184 3627 autem
1209 3573 1490 3628 existimat
1523 3590 1581 3628 se
1611 3575 1721 3642 jam
1753 3573 2260 3642 comprehendisse,

680 3677 744 3717 ac
778 3662 915 3715 nihil
953 3663 1228 3732 ignorare.
1264 3665 1436 3733 liquet
1489 3679 1616 3717 eum
1651 3663 1922 3718 charitate
1971 3663 2262 3731 praeditum

679 3770 792 3810 non
816 3770 961 3810 esse.
993 3754 1096 3822 Qui
1133 3766 1317 3810 autem
1346 3771 1456 3810 non
1481 3771 1546 3810 ca
1572 3755 1837 3825 praeditus
1859 3754 1954 3821 sit,
1983 3756 2263 3826 quomodo

684 3845 741 3899 in
766 3845 996 3900 scientia
1024 3844 1318 3916 proﬁciet?

748 3937 835 3992 45.
864 3937 966 4003 Qui
990 3939 1111 3993 vitii
1157 3947 1215 3993 et
1250 3937 1572 4010 ignorantia:
1596 3936 1773 4007 spinis
1795 3953 1861 3994 ac
1882 3938 2102 3994 tribulis
2128 3954 2263 3995 con-

680 4028 808 4085 ferti
841 4030 1032 4094 simus,
1075 4030 1334 4084 virtutem
1379 4044 1445 4085 ac
1493 4029 1796 4100 spiritalem
1828 4031 2115 4087 scientiam
2161 4046 2265 4087 nos

681 4119 888 4176 habere
919 4120 1270 4175 conﬁdimus.

752 4212 840 4268 46.
868 4210 969 4268 llic
1003 4211 1302 4282 perfectius
1327 4212 1662 4268 charitatem
1693 4213 1987 4284 descripsit
2043 4231 2058 4269 :
2098 4214 2268 4271 duos-

681 4318 788 4374 que
824 4303 1099 4369 denarios,
1129 4302 1458 4358 charitatem
1507 4305 1561 4359 in
1621 4304 1792 4360 Deum
1853 4314 1909 4358 et
1951 4305 2262 4376 proximum

681 4395 895 4449 statuit.

1840 373 1899 432 S.
1943 375 2044 432 MA
2055 374 2228 434 XIMI
2265 374 2771 452 CONFESSORIS

678 475 864 544 quitur
889 474 1121 537 lucrum,
1149 472 1242 542 qui
1285 488 1340 527 se
1375 473 1514 527 scire
1544 474 1858 530 existimant
1885 495 1897 528 :
1933 493 2056 533 nam
2084 479 2128 531 si
2155 478 2263 532 sei-

2368 488 2415 538 οἱ
2468 495 2780 562 νομίζοντες
2830 500 3052 555 εἰδέναι.

3802 401 3939 466 1080

3097 503 3157 556 Εἰ
3197 503 3306 574 γὰρ
3338 505 3603 574 ἔγνωσαν.
3636 506 3940 579 ικέρδησαν

2361 584 2429 638 ἂν
2459 585 2518 638 τὸ
2547 591 2877 658 προκόπτειν
2899 596 2979 657 εἰς
3006 594 3068 650 τὸ
3099 597 3321 651 ειδέναι.

2432 764 2524 818 λε’.
2568 767 2692 820 Ὀτι
2725 769 3067 839 χρονίζοντος
3109 772 3205 826 τοῦ
3251 773 3409 842 ψιλοῦ
3450 775 3741 846 λογισμοῦ,
3771 780 3940 830 κινεῖ-

2359 871 2453 908 ται
2476 855 2535 908 τὸ
2560 857 2747 922 πάθος·
2778 860 2966 932 ὥσπερ
2996 864 3089 916 καὶ
3114 863 3208 917 τοῦ
3239 865 3539 936 ὲμπαθοῦς,
3570 867 3781 935 γίνεται
3813 885 3940 937 συγ-

2361 945 2678 1011 κατάθεσις.

2430 1037 2537 1103 λς’.
2563 1035 2743 1105 Οἶδας,
2767 1043 2961 1114 Κύριε,
2985 1044 3132 1109 ὅπως
3168 1045 3428 1116 κρίνομαι
3450 1048 3716 1120 σήμερον,
3749 1050 3844 1101 καὶ
3871 1048 3936 1101 δι’

2359 1127 2426 1197 ἣν
2460 1130 2660 1184 αἰτίαν·
2697 1133 2773 1202 μὴ
2804 1133 3176 1208 ὲγκαταλίπῃς
3201 1138 3371 1207 ἡμᾶς.

2427 1219 2525 1284 λζ’.
2555 1221 2629 1275 Οὐ
2661 1221 2883 1277 δύναται
2925 1224 3097 1279 ταῦτα
3162 1229 3408 1298 ποιῆσαι,
3473 1231 3503 1281 ὁ
3566 1232 3672 1293 τοῖς
3713 1231 3937 1294 οίκείοις

2361 1312 2657 1377 πιστεύσας
2707 1314 3012 1385 λογισμοῖς,
3049 1319 3146 1370 καὶ
3189 1318 3348 1381 δόξας
3388 1319 3489 1389 ἤδη
3521 1321 3938 1390 κατειληφέναι,

2356 1402 2426 1454 τὰ
2459 1402 2555 1455 καὶ
2595 1405 2734 1473 μετὰ
2767 1405 2828 1458 τὸ
2865 1406 3228 1478 κατειλῆφθαι
3269 1409 3636 1480 ἀκατάληπτα
3667 1411 3811 1465 κατά
3840 1411 3940 1480 φύ-

2359 1510 2443 1547 σιν
2473 1494 2810 1564 ὑπάρχοντα.

2427 1585 2528 1655 λη’.
2563 1586 2725 1659 Δύπη
2767 1589 2862 1643 καὶ
2907 1591 3080 1660 μῖσος,
3109 1591 3206 1644 τοῦ
3235 1590 3432 1661 ἀλόγου
3471 1590 3674 1662 μέρους
3701 1591 3804 1661 τῆς
3834 1590 3938 1662 ψυ-

2356 1676 2459 1746 χῆς
2493 1677 2869 1749 ἐλαττώματα.

2429 1771 2527 1826 λθ¹.
2571 1769 2743 1826 Βλέπε
2791 1774 2865 1838 ὡς
2910 1773 3274 1845 ἀπατώμεθα,
3308 1774 3570 1828 τάναντία
3631 1774 3936 1835 ποιοῦντες.

2359 1863 2455 1916 καὶ
2483 1864 2796 1934 νομίζοντες
2836 1866 2978 1919 κατὰ
3028 1867 3266 1936 Χριστὸν
3295 1865 3694 1920 πολιτεύεσθαι·
3736 1866 3798 1917 τὸ
3842 1864 3938 1934 βα-

2363 1956 2610 2027 ρύτερον,
2654 1959 2750 2012 καὶ
2793 1959 2896 2031 ἠδη
2941 1959 3137 2013 παθεῖν
3163 1958 3263 2029 τὴν
3308 1959 3689 2030 πνευματικὴν
3719 1959 3940 2025 ἀγάπην

2360 2044 2855 2115 ὑπολαμϐάνοντες.

2434 2145 2505 2208 μ’.
2544 2140 2698 2210 Ἔχει
2730 2158 2813 2204 τις
2840 2140 3010 2204 πάθος
3039 2139 3407 2207 πολεονεξίας·
3435 2139 3497 2194 οὐ
3519 2141 3691 2193 δεῖται
3709 2138 3766 2192 δὲ
3789 2138 3941 2191 πλεο-

2357 2232 2598 2295 νεκτεῖν;
2628 2231 2676 2283 εί
2705 2231 2859 2286 λάϐοι
2879 2231 3112 2303 δύναμιν
3139 2233 3502 2297 πλεονεκτεῖν,
3534 2231 3694 2296 εὐθὺς
3723 2229 3939 2298 ἐξελέγε-

2357 2337 2532 2392 χεται·
2573 2321 2668 2374 καὶ
2703 2322 2866 2375 τοῦτο
2905 2321 3084 2393 δῆλον.

2430 2503 2539 2566 μα’.
2570 2497 2713 2567 Ὅρα
2762 2495 2868 2550 ποῦ
2894 2496 2970 2566 τῷ
3008 2498 3382 2568 μακροθυμεῖν
3428 2497 3524 2551 καὶ
3557 2496 3661 2550 ποῦ
3698 2494 3778 2566 τῷ
3809 2496 3940 2549 ὑπο-

2359 2587 2542 2656 μένειν
2569 2589 2859 2658 χρηστέον.
2899 2589 3019 2642 Κᾶν
3053 2590 3163 2659 γὰρ
3203 2591 3372 2659 ἄμφω
3405 2590 3500 2641 ἐπὶ
3528 2590 3638 2643 τῶν
3666 2587 3939 2642 ἀκουσίων

2355 2677 2584 2748 λέγηται
2630 2679 2977 2749 πειρασμῶν·
3031 2681 3144 2733 ἀλλ’
3204 2682 3254 2733 οἱ
3312 2679 3566 2733 ἀκούσιοι
3616 2679 3696 2742 είς
3749 2679 3939 2746 λόγους

2355 2769 2723 2841 διαιρούμενοι
2768 2772 2862 2827 καὶ
2919 2773 3153 2844 πληγὰς,
3200 2772 3568 2841 συνδιαιροῦσι
3622 2772 3718 2827 καὶ
3767 2769 3940 2824 ταῦτα

2357 2863 2469 2923 τοῖς
2510 2859 2792 2929 βλέπουσι.

2434 3035 2542 3106 μβ’.
2580 3037 2704 3090 Ὅτι
2729 3035 2795 3089 δι’
2825 3035 3154 3106 ἐγκρατείας
3183 3038 3277 3091 καὶ
3302 3036 3546 3107 ἀγάπης,
3570 3037 3605 3107 ἡ
3629 3037 3752 3090 κατ’
3781 3031 3937 3106 ἐνέρ-

2286 3149 2329 3207 c
2362 3144 2517 3194 γειαν
2543 3127 2723 3199 ἀγαθὴ
2747 3128 2948 3196 γνῶσις
2979 3129 3273 3195 ἐγγίνεται.

2437 3216 2544 3288 μγ’.
2574 3219 2684 3272 Καὶ
2707 3219 2761 3271 τί
2792 3217 3052 3288 ληροῦσιν
3081 3220 3347 3290 ἐμπαθεῖς
3370 3237 3514 3283 τινες
3543 3218 3822 3288 ἄνθρωποι
3849 3218 3949 3269 καὶ

2362 3309 2666 3378 ὐψαύχενες
2695 3311 2897 3377 γνῶσιν
2930 3310 3073 3380 ἔχειν
3128 3311 3579 3383 ἀλαζονευόμενοι
3608 3311 3760 3364 θείαν
3787 3329 3804 3376 ;
3850 3309 3950 3373 Ἐξ

2363 3401 2666 3471 ἐμπαθείας
2689 3401 2800 3473 γάρ
2823 3401 2919 3455 καὶ
2950 3402 3254 3471 ἐπάρσεως.

2439 3585 2543 3655 μδ’.
2594 3583 2652 3636 ὐ
2700 3584 2758 3637 δὲ
2807 3583 2984 3639 δοκῶν
3039 3584 3142 3656 ἤδη
3198 3584 3589 3654 κατειληφέναι
3641 3585 3736 3638 καὶ
3776 3584 3952 3653 μηδὲν

2365 3679 2604 3746 ἀγνοεῖν,
2656 3677 2812 3744 δῆλον
2841 3678 2916 3741 ὡς
2945 3678 3169 3748 ἀγάπην
3205 3679 3307 3731 οὐκ
3360 3678 3494 3749 ἔχει.
3547 3677 3640 3750 Μὴ
3676 3677 3818 3748 ἔχων
3861 3676 3950 3743 δὲ,

2367 3770 2486 3833 πῶς
2515 3769 2783 3842 προκόψει
2811 3770 2892 3834 είς
2916 3769 3120 3839 γνῶσιν
3151 3788 3167 3838 ;

2441 3948 2544 4012 με’.
2585 3941 2852 4006 ’Δκάνθας
2901 3941 3116 4011 ἔχοντες
3153 3943 3249 3996 καὶ
3291 3941 3575 4012 τριϐόλους
3621 3941 3820 4005 κακίας
3847 3943 3954 3997 καὶ

2365 4035 2663 4102 ἀγνωσίας·
2691 4035 2895 4105 ἀρετὴν
2929 4037 3222 4106 ἐλπίζομεν
3249 4035 3394 4107 ἔχειν
3418 4037 3514 4089 καὶ
3542 4034 3746 4103 γνῶσιν
3778 4050 3952 4088 πνευ-

2368 4125 2624 4194 ματικήν.

2435 4213 2552 4284 pg’.
2589 4212 2951 4284 Τελειώτερον
2981 4207 3083 4267 ὦδε
3130 4213 3230 4284 τὴν
3281 4213 3505 4283 ἀγάπην
3541 4212 3948 4282 ὕπεξωγράφΨ

2367 4321 2447 4357 σε·
2486 4305 2581 4358 καὶ
2618 4305 2686 4357 τὰ
2741 4303 2834 4357 δύο
2881 4304 3134 4375 δηνάρια,
3165 4304 3266 4376 τὴν
3297 4307 3378 4368 είς
3421 4304 3514 4358 τὸν
3539 4304 3675 4358 Θεὸν
3709 4304 3806 4357 καὶ
3850 4304 3951 4357 τὸν

2367 4394 2594 4465 πλησίον
2635 4394 2856 4464 ἀγάπην
2890 4394 3156 4463 ὑπέφηνε.

747 4486 838 4541 47.
867 4485 926 4540 in
955 4485 1349 4542 emundatione
1376 4487 1555 4542 tribus
1578 4487 1831 4557 partibus
1851 4488 2039 4546 divisas
2069 4490 2263 4546 anima

2446 4483 2552 4552 μζ.
2589 4484 2712 4537 ’Ὀτι
2749 4484 2808 4536 ὲν
2843 4486 2909 4554 τῇ
2943 4483 3208 4555 καθάρσει
3237 4484 3336 4553 τῆς
3373 4483 3669 4555 τριμεροῦς
3705 4483 3802 4553 τῆς
3835 4485 3944 4553 ψυ-

683 4576 982 4641 facultatis,
1013 4575 1220 4632 Christi
1247 4577 1530 4632 scientiam
1551 4579 1820 4648 praestari.

751 4667 840 4722 48.
871 4666 1194 4722 Necessario
1211 4667 1304 4736 qui
1330 4667 1520 4722 mundi
1547 4683 1635 4723 res
1658 4669 1847 4724 colunt
1863 4670 2054 4741 eisque
2080 4673 2266 4727 animo

683 4757 888 4818 addicti
933 4764 1082 4822 sunt,
1121 4765 1366 4813 sanctam
1424 4757 1750 4814 charitatem
1815 4761 2108 4828 amittunt;
2159 4764 2262 4818 im-

682 4849 1060 4920 placabilcque
1089 4850 1278 4904 odium
1308 4867 1435 4921 erga
1465 4851 1824 4918 contribules,
1859 4868 2049 4908 earum
2073 4870 2260 4920 causa,

683 4941 908 4998 habent.

750 5033 838 5089 49.
865 5034 923 5088 In
957 5034 1206 5106 utrisque
1245 5042 1467 5090 sanctus
1515 5037 1820 5092 monachus
1861 5038 2136 5096 Cedonius
2172 5057 2262 5096 ca-

684 5123 948 5178 lumniam
971 5137 1166 5193 passus
1195 5131 1312 5178 est:
1343 5123 1437 5193 qui
1471 5133 1654 5179 tamen
1677 5124 1744 5179 ad
1784 5126 1956 5180 Deum
1997 5127 2263 5184 Susanna:

685 5214 964 5285 respiciat,
996 5214 1182 5270 divina
1214 5215 1610 5273 corroboratur
1634 5232 1750 5287 spe.
2091 5221 2096 5224 “

756 5303 846 5358 50.
873 5302 976 5370 Qui
997 5304 1166 5359 servit
1204 5304 1425 5360 aﬂ‘ectui
1479 5321 1542 5361 ac
1584 5306 1822 5372 libidini,
1866 5323 2042 5365 caecus
2079 5310 2264 5366 animo

684 5403 802 5452 est:
845 5394 1165 5467 habensque
1208 5396 1546 5452 obcaecatum
1581 5399 1872 5470 judicium,
1925 5402 2187 5458 virtutem
2233 5418 2261 5457 a

687 5486 828 5544 vitio
850 5487 1166 5545 discernere
1191 5504 1301 5545 non
1323 5497 1520 5561 potest.

2365 4575 2464 4645 χῆς
2497 4575 2800 4644 δυνάμεως,
2836 4575 2871 4644 ὴ
2903 4574 3104 4642 γνῶσις
3131 4575 3225 4627 τοῦ
3270 4574 3506 4644 Χριστοῦ
3540 4575 3865 4642 ἐπιγίνεται.

2438 4673 2548 4738 μη’.
2581 4666 2702 4719 Ὀτι
2735 4667 2794 4731 ἐξ
2829 4667 3076 4738 ἀνάγκης
3105 4668 3156 4720 οί
3184 4667 3250 4720 τὰ
3273 4667 3368 4721 τοῦ
3399 4667 3609 4737 κόσμου
3643 4666 3943 4737 περιέπον-

2363 4776 2451 4822 τες
2487 4758 2807 4828 πράγματα,
2864 4760 2964 4828 τῆς
3010 4759 3173 4827 ἀγίας
3209 4758 3433 4828 ἀγάπης
3475 4757 3819 4812 ἐκπίπτουσι·
3847 4759 3949 4813 καὶ

2368 4852 2524 4918 μῖσος
2555 4849 2624 4902 δι’
2672 4849 2813 4903 σθ·τά
2847 4849 2983 4921 πρὸς
3027 4851 3155 4914 τοὺς
3195 4849 3504 4920 ὁμοφύλους
3529 4848 3947 4903 ἀκατάλλακτον

2367 4943 2570 5013 ἔχουσι.

2445 5033 2551 5104 μο’.
2596 5034 2683 5086 Ἐν
2736 5033 3068 5103 ἀμφοτέροις
3115 5035 3144 5087 ὁ
3185 5032 3338 5102 ἅγιος
3393 5032 3627 5104 μοναχὸς
3683 5031 3945 5103 Κηδόνιος

2371 5128 2788 5198 σεσυκόφανται·
2837 5128 2916 5192 είς
2949 5128 3041 5180 τὸν
3092 5128 3192 5197 τῆς
3239 5128 3528 5199 Σωσάννης
3551 5127 3685 5182 Θεδν
3711 5125 3946 5181 ἀποόλέ-

2371 5237 2507 5282 πων,
2542 5222 2660 5282 ταῖς
2707 5219 2880 5282 θείαις
2907 5218 3089 5272 ἐλπίσι
3121 5219 3440 5288 ρωννύεται.

2435 5315 2498 5363 ν’.
2527 5310 2648 5362 Ὀτι
2676 5311 2704 5362 ό
2723 5308 2884 5363 πάθει
2908 5307 3351 5379 δουλεύων,πεπη
3361 5323 3532 5379 ρωται
3555 5307 3655 5378 τὴν
3677 5306 3939 5369 διάνοιαν,

2370 5401 2463 5453 καὶ
2489 5401 2690 5470 τυφλὸν
2720 5403 3034 5474 περιφέρων
3065 5401 3359 5472 διάκρισιν,
3397 5401 3460 5456 οὐ
3485 5400 3707 5456 δύναται
3728 5397 3939 5467 διακρῖ-

2369 5510 2457 5547 ναι
2489 5494 2549 5547 τὸ
2577 5496 2826 5567 κρεῖττον
2873 5494 2984 5549 ἀπὸ
3009 5491 3106 5548 τοῦ
3150 5494 3410 5566 χείρονος.
