4208 6436
701 389 840 456 1083

1873 398 1931 459 S.
1975 401 2259 460 MAXIMI
2290 401 2798 463 CONFESSORIS

3823 404 3951 472 1084

1396 585 3941 616 ____.____..___________________________

1798 731 1935 783 ΤΟΥ
1973 729 2065 784 EN
2105 732 2327 784 ΑΙἸΟΙΣ
2354 733 2624 788 ΠΑΤΡΟΣ
2653 738 2850 791 ΠΜΩΝ

1011 887 1811 1028 ΜΑΞΙΜΟΥ
1939 901 2289 1032 ΤΟΥ
2418 904 3634 1042 ΟΜΟΛΟΓΗΤΟΥ

1957 1136 2518 1226 ΚΕΦΑΛΑΙΑ
2588 1139 2673 1230 Σ¹

1345 1321 1486 1388 Περὶ
1518 1321 1827 1391 θεολογίας
1849 1321 1946 1376 καὶ
1976 1320 2087 1390 τῆς
2109 1322 2414 1393 ἔνο-ἄρκου
2437 1328 2780 1397 οἰκονομίας
2823 1328 2931 1383 τοῦ
2967 1328 3104 1384 Υιοῦ
3148 1329 3319 1386 Θεοῦ.

1168 1605 1484 1719 s.1>.
1578 1608 1719 1720 N.
1817 1609 2349 1724 MAXIMI
2437 1611 3460 1761 CONFESSORIS,

1841 1840 2202 1923 CAPITA
2271 1845 2752 1924 DUCENTA

1208 2009 1300 2072 Ad
1321 2009 1705 2091 theologiam
1737 2014 1976 2095 Deique
2005 2017 2142 2078 Filii
2171 2018 2238 2079 in
2269 2035 2457 2083 carne
2510 2021 3048 2102 dispensationem
3079 2025 3451 2105 spectantia.

1010 2303 1336 2363 CENTENA
1387 2264 1653 2369 PRIMUM
1693 2312 1966 2371 CAPITA.

769 2421 816 2474 1.
863 2418 1008 2474 Deus
1056 2436 1202 2475 unus
1244 2431 1349 2488 est,
1386 2423 1643 2495 principii
1690 2443 1907 2498 expers,
1963 2428 2276 2499 incompre-

695 2509 924 2576 hensus,
977 2519 1144 2567 totam
1192 2530 1418 2585 prorsus
1467 2519 1684 2574 essendi
1731 2521 1841 2574 vim
1871 2523 2275 2592 complectens;

696 2616 762 2656 ac
793 2603 887 2671 qui
916 2617 1158 2666 omnem,
1185 2593 1451 2675 temporis
1482 2609 1745 2679 modique
1771 2611 1993 2667 essendi
2022 2614 2279 2669 excludat

697 2692 991 2762 rationem,
1037 2696 1186 2750 velut
1233 2697 1492 2752 omnibus
1548 2700 1882 2768 inacccssus,
1914 2703 2164 2774 nullique
2197 2707 2277 2760 rei

695 2780 882 2837 nativa
926 2799 990 2838 ex
1042 2789 1523 2855 repraesentatione
1570 2791 1841 2858 cognitus.

772 2875 826 2928 2.
869 2875 1035 2942 Deus,
1080 2877 1164 2930 sui
1206 2877 1321 2946 ipse
1367 2879 1578 2933 ratione
1608 2880 1896 2950 (quantum
1941 2885 2104 2940 nobis
2138 2886 2279 2941 scire

695 2982 1017 3022 concessum
1045 2967 1149 3037 est)
1175 2983 1354 3037 neque
1387 2971 1744 3040 principium,
1791 2990 1969 3044 neque
2013 2976 2276 3045 medium,

696 3072 876 3126 neque
920 3056 1046 3111 linis
1091 3064 1176 3111 est
1219 3059 1270 3124 ‘;
1306 3074 1411 3113 nec
1443 3061 1748 3131 quidquam
1797 3081 2026 3133 prorsus
2062 3084 2276 3134 eorttm,

696 3164 819 3218 qua:
874 3149 980 3214 his,
1026 3164 1147 3218 qua:
1193 3150 1262 3203 ab
1299 3149 1392 3203 illo
1433 3153 1677 3207 secunda
1711 3165 1860 3222 sunt,
1900 3174 1996 3226 per
2026 3169 2277 3214 naturam

697 3239 878 3294 inesse
912 3240 1328 3310 intelliguntur.
1384 3243 1482 3297 Est
1537 3246 1687 3299 enim
1737 3248 2041 3304 immensus
2083 3260 2140 3307 et
2174 3254 2278 3307 im-

697 3330 920 3385 mobilis
968 3339 1024 3386 et
1077 3331 1345 3399 inﬁnitus,
1407 3342 1468 3388 ut
1525 3337 1620 3405 qui
1663 3339 1813 3392 omni
1857 3341 2161 3398 substantia
2223 3353 2279 3400 et

697 3423 946 3492 potentia
980 3430 1036 3477 et
1077 3424 1295 3478 actione
1333 3425 1565 3482 inﬁnitis
1617 3431 1868 3497 partibus
1903 3435 2160 3502 superior
2186 3437 2276 3490 sit.

766 3512 820 3566 3.
862 3512 1023 3568 Omni
1067 3515 1408 3582 substantiae,
1451 3532 1574 3586 qua:
1623 3535 1731 3573 una
1771 3536 1959 3576 secum
1985 3539 2139 3578 suam
2180 3525 2278 3579 de-

2309 2322 2357 2378 Α

2904 2318 3322 2374 ΕΚΔΤΟΝΤΑΣ
3355 2319 3435 2372 Δ’.

2452 2442 2523 2490 α’.
2571 2428 2667 2499 Εἷς
2695 2434 2850 2501 Θεὸς,
2884 2433 3140 2504 ἄναρχος,
3183 2432 3592 2504 ἀκατάληπτος,
3641 2432 3768 2503 ὃλην
3822 2433 3968 2504 ἔχων

2379 2525 2475 2579 τοῦ
2525 2521 2664 2580 εἶναι
2701 2524 2802 2596 τὴν
2854 2524 3086 2596 δύναμιν
3129 2523 3339 2577 διόλου·
3374 2521 3496 2593 τὴν,
3534 2523 3665 2576 πότε
3719 2524 3814 2576 καὶ
3846 2524 3970 2588 πῶς

2381 2615 2522 2673 εἶναι
2563 2618 2910 2673 παντάπασιν
2964 2613 3352 2685 ἀπωθούμενος
3398 2613 3642 2666 ἔννοιαν·
3676 2613 3747 2675 ὡς
3794 2615 3972 2666 πᾶσιν

2379 2712 2600 2774 ἄϐατος,
2633 2711 2724 2763 καὶ
2762 2708 2953 2780 μηδενὶ
2975 2708 3085 2760 τῶν
3115 2707 3282 2759 ὄντων
3315 2707 3379 2758 ὲκ
3409 2703 3641 2774 φυσικῆς
3673 2705 3972 2774 ἐμφάσεως

2379 2804 2609 2872 διεγνωσ
2617 2802 2796 2872 μένος.

2455 2893 2519 2965 β’.
2583 2896 2641 2947 '0
2695 2893 2848 2955 Θεὸς,
2903 2891 3005 2944 οὐκ
3043 2890 3159 2944 ἐστι
3191 2891 3258 2944 δι’
3289 2889 3506 2954 ἑαυτὸν,
3546 2891 3624 2951 ὡς
3649 2890 3794 2959 ἡμᾶς
3822 2889 3976 2942 εἰδέ-

2380 3005 2468 3041 ναι
2500 2986 2746 3040 δυνατόν·
2795 2983 2918 3036 οὔτε
2948 2983 3110 3054 ἀρχὴ,
3149 2982 3272 3035 οὗτε
3309 2982 3565 3053 μεσότης,
3615 2981 3737 3034 οὒτε
3781 2980 3970 3042 τέλος,

2379 3078 2504 3132 οὕτε
2529 3078 2665 3131 τιτὸ
2707 3075 2927 3128 σύνολον
2968 3075 3153 3144 ἓτερον
3187 3072 3295 3126 τῶν
3327 3074 3438 3135 τοῖς
3469 3071 3585 3142 μετ’
3621 3071 3781 3124 αὑτὸν
3813 3086 3978 3138 quat-

2381 3174 2492 3234 κῶς
2517 3168 2996 3240 ὲνθεωρουμένων·
3049 3166 3300 3236 ἀόριστος
3335 3164 3444 3233 γάρ
3495 3167 3612 3216 ἐστι
3645 3162 3740 3215 καὶ
3771 3161 3978 3232 ἀκίνη-

2379 3281 2468 3326 τος
2494 3263 2588 3315 καὶ
2616 3261 2863 3330 ἄπειρος,
2899 3258 2974 3321 ὡς
3005 3257 3187 3327 πάσης
3211 3255 3403 3318 οὐσίας
3439 3256 3534 3308 καὶ
3562 3254 3845 3320 δυνάμεως
3867 3256 3979 3306 καὶ

2380 3352 2661 3423 ἐνεργείας
2701 3350 3031 3420 ὑπερέκεινα
3073 3347 3315 3418 ἀπείρως
3366 3345 3466 3398 ὢν.

2451 3533 2498 3600 γ’
2507 3573 2519 3586 .
2540 3534 2695 3585 Πᾶσα
2717 3532 2774 3583 οὐ
2786 3530 2872 3583 σία
2888 3531 2976 3582 τὸν
2993 3527 3190 3594 εαυτῆς
3211 3528 3336 3596 ὅρον
3355 3527 3522 3596 ἑαυτῇ
3539 3525 3976 3592 συνεισάγουσα,

698 3603 1005 3659 ﬁnitionem
1039 3605 1282 3669 inducat,
1319 3618 1694 3676 comparatum
1723 3620 1807 3665 est
1839 3620 1900 3666 ut
1922 3614 2042 3684 ejus
2075 3626 2274 3683 motus,

2385 3625 2524 3694 ἀρχὴ
2555 3623 2802 3690 πέφυκεν
2828 3617 2986 3683 εἶναι,
3019 3619 3118 3686 τῆς
3142 3616 3624 3688 ὲπιθεωρουμένης
3643 3616 3779 3683 αὐτῇ
3822 3615 3979 3669 κατὰ

697 3693 792 3764 qui
849 3695 927 3748 illi
996 3696 1238 3764 potentia
1284 3696 1464 3752 inesse
1521 3699 1876 3770 intelligitur,
1943 3704 2276 3775 principium

696 3785 959 3840 exsistat.
987 3784 1183 3839 Omnis
1221 3796 1406 3850 autem
1459 3790 1728 3842 naturalis
1787 3791 1853 3844 ad
1903 3796 2277 3861 operationem

697 3883 898 3941 motus,
921 3875 1082 3948 462
1109 3878 1204 3947 qui
1229 3880 1504 3947 posterior
1521 3879 1745 3950 quidem
1765 3883 2094 3953 substantia,
2126 3888 2279 3957 prior

694 3985 828 4024 vero
853 3969 1171 4040 operatione
1209 3970 1564 4041 intelligatur,
1596 3973 1834 4028 medium
1857 3986 1963 4042 cst,
1991 3993 2091 4048 pro
2112 3979 2278 4034 medii

695 4063 906 4119 scilicet
956 4062 1101 4116 inter
1149 4072 1451 4132 utrumque
1504 4065 1717 4119 ratione
1777 4075 1974 4121 natura
2043 4069 2276 4126 interce-

694 4155 850 4209 tlens.
887 4153 1079 4209 Omnis
1114 4153 1354 4222 denique
1403 4155 1652 4224 operatio
1690 4171 1788 4210 sua
1836 4157 2011 4227 ipsius
2067 4161 2279 4217 ratione

695 4257 894 4301 natura
914 4245 1358 4316 circumscripta,
1397 4245 1522 4300 ﬁnis
1543 4256 1627 4302 est
1679 4249 1989 4305 essentialis
2013 4251 2134 4322 ejus
2161 4269 2278 4306 mu-

697 4348 804 4404 tus,
854 4339 952 4408 qui
992 4338 1082 4391 illa
1115 4338 1270 4407 prior
1294 4338 1507 4392 ratione
1538 4337 1749 4408 (subtili
1786 4340 2046 4395 nimirum
2080 4345 2280 4399 mentis

694 4429 958 4502 cogitatu)
992 4437 1098 4485 est.

766 4523 821 4578 4.
861 4522 982 4578 Non
1012 4531 1098 4578 est
1127 4523 1272 4578 Deus
1295 4521 1624 4587 substantia,
1670 4537 1770 4592 pro
1817 4523 1938 4594 ejus
1961 4524 2282 4582 substantiae

696 4615 936 4680 ratione,
989 4632 1113 4686 qua:
1159 4615 1489 4685 simpliciter
1525 4623 1620 4669 aut
1666 4616 1759 4668 tali
1813 4616 1982 4670 modo
2021 4618 2280 4672 substan-

695 4711 770 4763 tia
801 4709 1022 4774 dicitur,
1056 4719 1117 4763 ut
1169 4716 1225 4763 et
1278 4708 1611 4778 principium
1665 4707 1777 4762 sit:
1814 4723 1994 4778 neque
2037 4710 2278 4778 potentia

695 4817 791 4855 seu
825 4800 1054 4854 facultas
1103 4809 1209 4866 cst,
1256 4815 1357 4869 pro
1399 4800 1519 4870 ejus
1574 4800 1834 4869 potentia.-
1870 4817 1967 4855 seu
2006 4802 2280 4858 facultatis

694 4891 931 4955 ratione,
961 4905 1085 4960 quae
1113 4888 1442 4959 simpliciter
1467 4899 1562 4944 aut
1594 4889 1687 4942 tali
1719 4889 1880 4943 modo
1909 4891 2153 4959 potentia
2183 4907 2277 4944 seu

2385 3714 2614 3782 δύναμιν
2665 3713 2952 3780 κινήσεως.
2982 3709 3137 3761 Πᾶσα
3175 3707 3232 3759 δὲ
3265 3707 3470 3775 φυσικὴ
3500 3705 3636 3776 πρὸς
3675 3707 3971 3774 ἐνέργειαν

2387 3805 2620 3874 κίνησις,
2643 3801 2738 3869 τῆς
2760 3801 2856 3870 μὲν
2879 3799 3065 3862 οὐσίας
3097 3797 3556 3868 μετεπινοουμένη
3577 3813 3590 3826 ·
3613 3811 3976 3864 προεπινοου-

2390 3895 2526 3965 μένη
2564 3893 2620 3946 δὲ
2648 3893 2747 3960 τῆς
2793 3889 3095 3961 ἐνεργείας,
3142 3888 3376 3958 μεσότης
3423 3887 3591 3950 ἐστὶν,
3632 3886 3707 3948 ὡς
3758 3887 3977 3955 ἀμφοῖν

2387 3987 2526 4039 κατὰ
2578 3985 2639 4037 τὸ
2699 3983 2865 4052 μέσον
2915 3980 3161 4050 φυσικῶς
3216 3979 3618 4050 διειλημμένη·
3668 3979 3763 4031 καὶ
3816 3978 3981 4030 πᾶσα

2387 4075 2636 4146 ἐνέργεια
2684 4071 2764 4143 τῷ
2818 4072 2938 4124 κατ’
2963 4068 3134 4140 αὐτὴν
3167 4069 3310 4138 λόγῳ
3357 4067 3603 4136 φυσικῶς
3629 4082 3980 4136 περιγραφο-

2391 4167 2552 4237 μένη,
2604 4162 2758 4226 τέλος
2813 4161 2933 4214 ἐστὶ
2983 4163 3081 4232 τῆς
3116 4159 3220 4231 πρὸ
3251 4159 3423 4228 αὐτῆς
3449 4160 3569 4212 κατ’
3603 4159 3848 4210 ἐπίνοιαν
3878 4157 3981 4210 οὖ-

2391 4255 2613 4319 σιὼδους
2646 4253 2934 4325 κινήσεως.

2460 4532 2522 4584 δ’,
2577 4530 2689 4584 Οὐκ
2722 4527 2871 4580 ἔστιν
2906 4526 2936 4579 6
2976 4525 3109 4587 Θεὸς
3151 4523 3331 4589 οὐσία,
3378 4520 3520 4575 κατὰ
3564 4521 3664 4590 τὴν
3707 4519 3899 4582 ἅπλῶς
3939 4521 3974 4589 ἢ

2388 4625 2506 4686 πῶς
2538 4619 2842 4690 λεγομένην
2882 4617 3092 4679 οὐσίαν,
3149 4616 3235 4667 ἵνα
3290 4614 3386 4666 καὶ
3426 4613 3605 4682 ἀρχή·
3640 4610 3765 4663 οὔτε
3803 4611 3975 4662 δύναο

2395 4734 2486 4788 μις
2514 4713 2656 4768 κατὰ
2687 4712 2788 4782 τὴν
2818 4707 3006 4766 ἁπλῶς
3038 4707 3070 4775 ἢ
3107 4705 3223 4768 πῶς
3255 4701 3556 4772 λεγομένην
3582 4700 3836 4769 δύναμιν,
3882 4701 3973 4752 ἵνα

2391 4808 2485 4862 καὶ
2513 4805 2768 4877 μεσότης·
2817 4799 2940 4853 οὔτε
2974 4798 3245 4866 ἐνέργεια,
3275 4794 3420 4848 κατὰ
3446 4795 3544 4863 τὴν
3569 4792 3755 4855 ἁπλῶς
3783 4793 3816 4861 ἢ
3847 4792 3972 4853 πῶς

2387 4898 2688 4968 λεγομένην
2731 4891 3034 4962 ἐνέργειαν,
3068 4887 3156 4940 ἴνα
3205 4885 3300 4939 καὶ
3341 4884 3496 4946 τέλος
3541 4883 3662 4934 ἐστὶ
3697 4881 3799 4951 τῆς
3825 4883 3970 4936 κατὰ

696 4983 926 5037 facultas
947 4982 1275 5051 appellatur,
1307 4995 1370 5036 ut
1392 4992 1448 5036 et
1475 4982 1720 5036 medium
1755 4983 1828 5037 sit
1861 5000 1872 5034 :
1906 4999 2008 5037 nec
2037 4983 2276 5052 denique

2385 4991 2609 5058 δύναμιν
2659 4979 3162 5054 προεπινοουμένης
3186 4975 3475 5038 οὐσιὼδους
3511 4977 3803 5044 κινήσεωςο
3849 4973 3969 5027 ἀλλ’

695 5073 943 5144 operatio
975 5089 1070 5129 seu
1112 5074 1278 5138 actio,
1321 5088 1424 5144 pro
1463 5074 1584 5144 ejus
1613 5075 1849 5129 actionis
1889 5075 2123 5141 ratione,
2159 5091 2279 5145 quae

2385 5075 2692 5138 οὐσιοποιδς
2734 5073 2828 5126 καὶ
2871 5067 3197 5141 ὑπερούσιος
3252 5065 3516 5135 ὀντότηςο
3577 5067 3672 5118 καὶ
3728 5064 3968 5134 δυναμο-

695 5166 1023 5237 simpliciter
1066 5166 1153 5221 vel
1189 5167 1282 5220 tali
1320 5168 1486 5221 modo
1532 5168 1778 5238 operatio
1810 5183 1908 5222 seu
1954 5167 2096 5221 actio
2143 5183 2286 5220 nun-

694 5268 952 5327 cupatur,
988 5266 1050 5312 ιιι
1095 5267 1151 5312 et
1201 5257 1328 5313 linis
1369 5259 1440 5313 sit
1470 5269 1636 5329 atque
1671 5260 1938 5312 terminus
1975 5257 2288 5313 essentialis

695 5351 814 5421 ejus
848 5360 1052 5416 motus,
1081 5351 1176 5420 qui
1216 5351 1524 5405 secundum
1563 5351 1866 5420 potentiam
1899 5350 1988 5403 illa
2021 5349 2174 5419 prior
2206 5349 2289 5402 in-

699 5443 1007 5515 telligatur;
1049 5443 1143 5498 sed
1183 5452 1269 5497 est
1313 5459 1402 5498 res
1452 5443 1722 5514 ejusmodi
1760 5451 1924 5512 atque
1973 5441 2176 5496 entitas
2206 5447 2288 5510 (ut

2387 5169 2540 5231 ποιὸς
2599 5165 2694 5218 καὶ
2725 5160 3103 5233 ὑπερδύναμος
3158 5156 3386 5226 ἵδρυσις’
3437 5155 3532 5210 καὶ
3589 5154 3770 5225 πάσης
3813 5156 3966 5225 ἐνερ.

2386 5260 2542 5328 γείας
2564 5252 2832 5328 δραστικὴ
2877 5250 2973 5305 καὶ
2999 5247 3358 5317 ἀτελεύτητος
3391 5246 3523 5330 ἕξις·
3564 5247 3659 5298 καὶ
3687 5246 3967 5315 συντόμως

2385 5350 2585 5407 εἰπεῖν,
2617 5345 2801 5414 πάσης
2847 5340 3036 5403 οὐσίας
3083 5337 3179 5392 καὶ
3212 5337 3497 5407 δυνάμεως
3527 5336 3625 5388 καὶ
3656 5337 3964 5406 ἐνεργείας,

2387 5439 2564 5510 ἀρχῆς
2593 5454 2652 5490 τε
2688 5436 2783 5488 καὶ
2816 5432 3113 5504 μεσότητος
3150 5430 3249 5482 καὶ
3280 5426 3472 5490 τέλους
3508 5428 3793 5498 ποιητική.

694 5539 777 5594 sic
839 5537 991 5608 loqui
1039 5535 1225 5607 liceat)
1289 5553 1412 5606 quae
1459 5539 1532 5592 sit
1578 5537 1902 5592 substantia:
1957 5545 2172 5600 auctor,
2221 5550 2285 5589 ac
2354 5549 2518 5603 quam
2590 5545 2693 5601 pro
2741 5525 3063 5584 substantiae
3106 5539 3203 5578 seu
3250 5521 3504 5577 essentia:
3547 5520 3764 5576 ratione
3803 5521 3961 5576 altius

694 5630 972 5697 emineat;
1030 5629 1370 5699 ﬁrmitasque
1428 5629 1536 5683 vim
1571 5640 1836 5700 praestans
1873 5637 1929 5684 et
1980 5627 2302 5698 potentiam,
2343 5639 2408 5681 ac
2455 5639 2578 5696 qua:
2617 5621 2728 5678 vim
2780 5633 3000 5678 omnem
3069 5631 3134 5671 ac
3186 5614 3488 5685 potentiam
3528 5611 3965 5684 s‘uperexcedat:

767 5801 783 5819 ⁸
811 5796 942 5867 Cap.
981 5794 1015 5852 5
1043 5795 1119 5849 De
1147 5803 1297 5866 mysi.
1334 5794 1490 5850 theol.
