4208 6436
313 424 439 489 1085
1131 417 1474 481 CAPITUM
1512 417 1779 479 THEOL.
1829 418 1925 478 ΕΤ
1962 423 1975 475 ί

1892 419 1925 478 Γ
1962 419 2196 480 (ECON.
2238 420 2627 483 CENTURIA
2659 426 2709 487 Ι.
3418 424 3554 489 1086

308 535 522 592 habitus
564 532 801 602 denique
854 532 1042 585 omnis
1091 532 1430 601 operationis
1505 546 1601 585 seu
1667 530 1903 585 actionis
1973 529 2160 584 eﬂicax
2212 547 2275 586 ac
2329 533 2675 590 immortalis.
2727 537 2926 606 Atque,
2976 544 3037 589 ut
3081 550 3294 589 summa
3353 536 3551 599 dicam,

307 631 483 684 omnis
511 627 829 683 substantiae
858 639 955 679 seu
977 626 1247 691 essentia,
1272 634 1330 680 et
1374 624 1632 695 potentia
1661 633 1718 678 et
1746 620 2104 692 operationis,
2157 623 2529 693 principiique
2571 636 2629 680 et
2689 628 2857 682 medii
2913 637 2969 682 et
3030 627 3154 683 ﬁnis
3185 643 3281 681 seu
3336 628 3554 682 termini

304 738 466 775 causa
510 720 776 775 eﬂectrix.

373 821 433 864 ε’.
474 812 536 862 'H
573 812 718 882 ἀρχὴ
745 814 837 866 καὶ
866 814 898 882 ἡ
930 812 1161 881 μεσότης
1188 811 1282 863 καὶ
1313 809 1375 862 τὸ
1398 809 1570 871 τέλος,
1602 807 1710 859 τῶν
1747 806 1868 875 χρό-
1898 813 1939 865 Α

1898 813 1939 865 Α
2038 806 2092 858 5.
2129 805 2486 874 Principium,
2510 807 2752 860 medium
2774 817 2829 861 ct
2852 808 2994 871 linis,
3024 818 3165 861 notae
3186 818 3547 861 suntcorum.

300 920 375 970 νῳ
400 904 684 972 διαιρετῶν
714 906 821 956 εισι
859 903 1236 972 γνωρίσματα·
1267 902 1411 954 εἴποι
1439 901 1485 953 δ’
1533 901 1599 953 ἄν
1628 917 1713 961 τις
1742 899 1873 968 άλη-

1978 912 2100 964 qnm
2131 906 2374 965 tempore
2405 898 2630 953 dividua
2654 908 2819 964 sunt;
2851 915 2954 952 nec
2998 915 3027 952 a
3061 914 3193 953 vero
3213 899 3549 954 aberravcrit

302 988 493 1047 οεύων,
536 987 632 1039 καὶ
660 989 769 1039 τῶν
796 991 852 1040 ὲν
887 989 1043 1041 αἰῶνι
1073 987 1487 1057 συνορωμένων.
1540 987 1598 1037 ὐ
1633 985 1731 1055 μὲν
1762 985 1872 1055 γάρ

1977 986 2072 1053 qui
2097 986 2264 1049 dicat,
2289 989 2455 1042 etiam
2479 991 2673 1042 eo'rum
2718 1004 2839 1059 quae
2878 991 2930 1043 in
2958 1006 3075 1043 aevo
3107 1005 3171 1043 ac
3204 991 3400 1043 seculo
3429 1004 3550 1044 esse

296 1079 513 1146 κράνοξο
553 1079 927 1149 μετρουμένην
960 1078 1100 1148 ἔχων
1122 1078 1220 1150 τὴν
1250 1079 1485 1146 κίνησιν.
1524 1076 1745 1147 ἀριθμῷ
1774 1093 1871 1129 πε-

1976 1078 2381 1148 intelliguntur.
2439 1081 2575 1135 Nam
2617 1089 2834 1150 tempus
2874 1083 3119 1151 quidem,
3166 1086 3323 1153 cujus
3372 1090 3550 1135 motus

300 1169 652 1238 ριγράφεταιο
692 1170 721 1221 ὁ
767 1168 906 1223 αίὼν
954 1169 1013 1221 δὲ
1073 1168 1563 1240 συνεπινοουμένην
1613 1168 1754 1237 ἔχων
1802 1171 1866 1237 τῇ

1973 1181 2206 1221 numero
2260 1178 2633 1232 mensuretur,
2686 1170 2801 1224 suis
2856 1171 3109 1224 terminis
3136 1169 3546 1224 circumscribi-

297 1258 531 1329 ὑπάρξει
574 1259 672 1329 τὴν
701 1260 830 1313 πότε
861 1260 1216 1330 κατηγορίαν,
1243 1260 1440 1328 πάσχει
1465 1259 1764 1325 διάστασιν,
1791 1260 1867 1324 ὡς

1974 1272 2085 1316 tur.
2143 1261 2339 1317 Evnm
2383 1271 2565 1315 autem
2611 1277 2705 1316 seu
2732 1264 3009 1324 saeculum,
3042 1265 3197 1334 cujus
3217 1262 3547 1319 exsistcntize

294 1348 475 1419 ἀρχὴν
519 1348 615 1401 τοῦ
648 1345 788 1405 εἶναι
832 1350 1032 1404 λαϐὼν.
1072 1352 1135 1404 Εἰ
1157 1352 1215 1405 δὲ
1255 1350 1446 1419 χρόνος
1470 1352 1565 1404 καὶ
1600 1351 1736 1405 αίὼν
1765 1354 1865 1407 οὐκ

1971 1355 2459 1425 prmdicamentum
2496 1354 2716 1424 quando
2739 1370 2923 1410 comes
2958 1356 3315 1427 intelligatur,
3339 1356 3545 1409 distan-

293 1442 533 1511 άναρχα,
571 1441 754 1513 πολλῷ
787 1442 988 1513 μᾶλλον
1023 1444 1093 1497 τά
1135 1445 1195 1496 ὲν
1231 1442 1443 1507 τούτοις
1470 1447 1859 1515 περιεχόμενα.

1970 1448 2101 1502 tiam
2155 1446 2416 1511 admittit,
2450 1463 2547 1502 seu
2586 1462 2677 1501 res
2715 1448 3007 1517 ejusmodi,
3044 1463 3165 1517 quae
3210 1462 3331 1502 esse
3368 1448 3541 1501 inem—

293 1537 465 1606 perit.
496 1535 593 1591 Sin
621 1545 806 1591 autem
837 1553 907 1592 ne
931 1546 1147 1609 tempus
1175 1539 1402 1610 quidem
1420 1553 1486 1592 ac
1519 1555 1693 1593 arvum
1725 1541 1997 1611 principio
2035 1550 2255 1607 vacant,
2307 1543 2508 1612 potiori
2574 1544 2734 1614 longe
2804 1543 3013 1597 ratione
3051 1556 3152 1597 nec
3177 1557 3240 1596 ea
3293 1556 3414 1611 qum
3437 1540 3545 1595 illis

294 1625 868 1679 comprehenduntur.

294 1635 868 1693 comprehenduntur.

370 1723 447 1783 ς’.
484 1713 579 1782 Εἷς
623 1721 718 1772 καὶ
760 1720 920 1791 μόνος
949 1721 1092 1775 κατὰ
1120 1721 1280 1790 φύσιν
1309 1721 1396 1775 ἀεὶ
1424 1723 1630 1795 κυρίως
1666 1723 1811 1777 ἐστὶν
1835 1724 1863 1776 ό

2038 1724 2091 1778 6.
2161 1722 2314 1780 Unus
2352 1723 2611 1795 solusque
2658 1740 2756 1794 per
2788 1732 3040 1778 naturam
3076 1737 3293 1792 semper
3321 1738 3449 1777 vere
3479 1737 3541 1779 ac

292 1808 451 1872 θεός.
480 1810 601 1863 ὅλον
626 1811 690 1864 τδ
717 1813 921 1880 κυρίως
950 1808 1089 1866 εἶναι
1113 1813 1256 1867 κατὰ
1288 1814 1464 1867 πάντα
1503 1814 1704 1885 τρόπον
1733 1816 1863 1868 ἑαυ-

1968 1814 2189 1884 proprie
2238 1822 2324 1869 est
2359 1814 2523 1878 Deus,
2568 1816 2690 1885 ejus
2741 1814 2887 1884 quod
2913 1822 2997 1867 cst
3029 1828 3147 1867 esse
3178 1813 3285 1865 vim
3321 1828 3537 1866 omnem

292 1900 376 1971 τῷ
412 1901 756 1971 περικλείων,
782 1903 858 1964 ὡς
889 1905 982 1957 καὶ
1008 1905 1172 1957 αὐτοῦ
1187 1904 1280 1957 τοῦ
1307 1900 1444 1959 εἶναι
1466 1905 1669 1975 κυρίως
1696 1907 1865 1977 ὐπὲρ-

1968 1905 2119 1960 omni
2165 1905 2327 1959 modo
2370 1906 2425 1960 in
2461 1921 2521 1960 se
2565 1905 2903 1960 concludens
2945 1922 3007 1960 ac
3046 1904 3536 1973 comprehenderis,

293 2008 477 2096 τερος.
530 1994 592 2045 Et
621 1992 677 2046 δὲ
709 1993 885 2057 τοῦτο,
917 1995 1171 2064 οὐδαμῶς
1196 1996 1346 2049 οὐδὲν
1376 1996 1615 2066 οὐδαμοῦ
1647 1996 1722 2067 (a)
1756 1997 1865 2050 τῶν
1900 2038 1943 2096 Β

1900 2038 1943 2096 Β
1971 2005 2032 2050 ut
2070 1999 2161 2066 qui
2209 1998 2329 2067 ipso
2377 2011 2500 2052 esse
2549 2014 2678 2052 vere
2722 1998 3054 2068 proprieque
3101 1996 3358 2050 emineat.
3386 1997 3537 2062 Quos!

295 2080 443 2136 εἶναι
470 2083 778 2153 λεγομένων
820 2085 883 2137 τὸ
936 2085 1155 2137 σύνολον
1185 2086 1298 2155 ἔχει
1348 2086 1431 2150 τὸ,
1466 2088 1672 2157 κυρίως
1707 2082 1866 2139 εἶναι.

296 2173 515 2226 Οὐκοῦν
539 2174 693 2227 οὐδὲν
716 2173 865 2243 αὐτῷ
885 2175 947 2226 τὸ
977 2175 1237 2244 παράπαν
1262 2172 1323 2238 ἑξ
1352 2175 1522 2228 ἀϊδίου
1548 2176 1869 2245 συνθεωρεί-

297 2281 392 2317 ται
426 2267 548 2319 κατ’
575 2267 764 2319 οὐσίαν
792 2267 1070 2336 διάφορον⁹
1104 2268 1205 2319 οὐκ
1230 2266 1386 2328 αἰὼν,
1420 2267 1480 2319 οὐ
1512 2266 1723 2337 χρόνος,
1750 2267 1871 2327 οὐδέ

299 2374 354 2410 τι
393 2358 501 2410 τῶν
538 2358 751 2422 τούτοις
793 2358 1245 2429 ὲνδιαιτωμένων.
1278 2358 1353 2411 ου
1401 2356 1513 2428 γὰρ
1544 2357 1872 2428 συμϐαίνουο

303 2469 391 2504 σιν
442 2451 695 2523 ἀλλήλοις
743 2451 985 2516 πώποτε,
1018 2451 1081 2505 τὸ
1128 2449 1333 2522 κυρίως
1376 2445 1521 2503 εἶναι
1563 2450 1742 2505 καὶού
1771 2467 1872 2503 κυ-

303 2542 461 2614 ρίως.

376 2808 447 2874 ζ’.
495 2807 665 2879 Ἀρχὴ
691 2808 841 2860 πᾶσα
881 2806 975 2858 καὶ
1013 2804 1249 2876 μεσότης
1276 2804 1370 2858 καὶ
1412 2803 1585 2865 τέλος,
1618 2804 1700 2864 είς
1728 2801 1874 2854 άπαν

303 2902 409 2973 τὴν
440 2899 692 2969 σχετικὴν
715 2899 779 2952 δι’
815 2898 936 2951 ὅλου
968 2896 1307 2967 κατηγορίαν
1330 2894 1431 2948 οὐκ
1452 2896 1704 2964 ἤρνηται·
1741 2890 1873 2953 Θεὸς

304 2994 363 3049 δὲ
394 2993 624 3047 καθόλου
654 2992 835 3061 πάσης
861 2991 1097 3060 σχέσεως
1123 2990 1387 3060 ὑπάρχων
1413 2987 1701 3056 ἀπειράκις
1720 2983 1875 3037 ἀπεί-

309 3102 421 3155 ρως
447 3083 738 3153 ὰνώτερος,
777 3081 899 3135 οὔτε
947 3080 1091 3151 ἀρχὴ
1131 3079 1254 3131 οὔτε
1297 3079 1528 3148 μεσότης
1568 3076 1688 3129 οὐτε
1720 3076 1873 3138 τέλος

304 3174 533 3235 εἰκότως
563 3171 713 3224 ἐστίν
732 3186 746 3200 ·
775 3170 895 3223 οὐδέ
929 3186 983 3222 τι
1035 3168 1097 3221 τὸ
1133 3168 1354 3220 σύνολον
1384 3167 1591 3237 ἕτερον,
1620 3165 1749 3228 τῶν,
1794 3160 1874 3228 οἷς

307 3259 695 3329 ἑνθεωρεῖσθαι
728 3258 868 3313 κατὰ
911 3258 1012 3327 τὴν
1048 3257 1232 3327 σχέσιν
1261 3258 1295 3327 η
1320 3254 1415 3308 τοῦ
1447 3257 1595 3322 πρός
1632 3271 1687 3307 τι
1711 3253 1871 3306 δύνα-

304 3369 398 3405 ται
426 3350 748 3423 κατηγορία.

380 3654 451 3717 η’.
488 3646 675 3700 Πάντα
722 3643 789 3697 τὰ
824 3644 975 3707 ὅντα,
1009 3641 1277 3710 νοούμενα
1325 3637 1546 3707 λέγεται
1566 3651 1585 3668 ο
1636 3633 1746 3689 τῶν
1784 3632 1872 3685 ἐπ’

307 3739 456 3793 αὐτὰ
488 3736 744 3806 γνὼσεων
770 3733 1184 3794 ὲναποδείκτους
1228 3730 1423 3799 ἕχοντα
1472 3728 1574 3791 τὰς
1615 3726 1810 3797 ἀρχάς·
1845 3724 1874 3776 ό

309 3829 369 3882 δὲ
390 3828 544 3891 Θεὸς,
572 3826 633 3880 οὐ
664 3822 955 3893 νοούμενος
982 3820 1329 3891 ὀνομάζεταιο
1365 3818 1481 3872 ἀλλ’
1502 3818 1568 3870 ὲκ
1595 3817 1705 3869 τῶν
1724 3832 1875 3869 νοου-

314 3919 497 3989 μένων
556 3895 717 3987 μόνον
756 3910 898 3968 εἶναι
953 3911 1299 3966 πιστεύεται·
1346 3910 1536 3979 διόπερ
1576 3907 1728 3961 οὐδὲν
1765 3904 1876 3960 τῶν

309 4010 621 4079 νοουμένων
656 4006 810 4078 αὐτῷ
838 4005 962 4061 καθ’
992 4004 1171 4061 ὁτιοῦν
1204 4002 1633 4075 παραϐάλλεται.

386 4253 453 4306 θ’.
472 4251 537 4305 Δί
570 4250 678 4305 τῶν
705 4249 877 4302 όντων
901 4246 1148 4317 γνώσεις,
1177 4244 1613 4316 συνηρτημένους
1633 4239 1877 4311 φυσικῶς

312 4345 500 4415 εχουσι
531 4341 669 4412 πρὸς
702 4338 981 4403 ἀπόδειξιν
1002 4339 1130 4401 τοὺς
1156 4336 1389 4397 οἰκείους
1428 4334 1640 4401 λόγους,
1669 4326 1750 4393 οἷς
1779 4347 1877 4382 πε-

315 4435 598 4508 ριγραφὴν
633 4431 879 4502 φυσικῶς
909 4430 1288 4500 ὑπομένουσιν·
1318 4430 1346 4480 ὁ
1371 4427 1430 4480 δὲ
1455 4426 1610 4490 Θεὸς,
1642 4424 1732 4478 διὰ
1768 4422 1878 4475 τῶν

314 4533 375 4584 ἐν
400 4532 513 4592 τοῖς
556 4524 676 4581 οὖσι
707 4528 883 4596 λόγων
930 4521 1070 4579 εἶναι
1116 4524 1277 4595 μόνον
1316 4520 1649 4574 πιστεύεταν
1697 4518 1879 4586 πάσης

314 4619 650 4684 ἀποδείξεως
694 4616 1091 4690 βασιμώτερον,
1125 4617 1237 4679 τοῖς
1273 4613 1525 4667 εὐσεϐέσι
1550 4612 1649 4683 τὴν
1673 4612 1757 4664 ὅτι
1781 4627 1879 4663 κυ-

1971 2090 2015 2144 si
2065 2091 2139 2144 ita
2190 2097 2297 2152 est,
2349 2088 2488 2143 nihil
2544 2105 2775 2159 prorsus
2805 2098 3126 2149 esteorum,
3165 2104 3285 2156 qum
3315 2087 3540 2140 omnino

1967 2196 2088 2234 esse.
2135 2180 2412 2245 dicuntur,
2464 2181 2611 2251 quod
2640 2196 2769 2234 vcre
2818 2195 2881 2234 ac
2922 2181 3141 2249 proprie
3169 2194 3289 2233 esse
3320 2180 3536 2235 habent.

1969 2269 2113 2323 Nihil
2155 2270 2335 2337 itaque
2384 2270 2603 2338 penitus
2645 2270 2713 2323 ab
2754 2279 2983 2331 aeterno,
3032 2270 3283 2322 essentia:
3328 2269 3539 2321 ratione

1969 2358 2313 2423 distinctum,
2365 2376 2471 2415 una
2518 2375 2643 2414 cum
2687 2359 2780 2412 illo
2810 2374 2872 2413 ac
2914 2360 3063 2413 velut
3104 2360 3153 2413 ei
3201 2359 3418 2413 esscndi
3448 2374 3539 2413 co-

1971 2466 2107 2515 mes,
2154 2451 2474 2521 intelligitur
2528 2468 2542 2503 :
2582 2466 2691 2505 non
2728 2466 2903 2505 aevum
2956 2468 3052 2505 seu
3098 2450 3379 2512 szeculum,
3430 2465 3538 2504 non

1971 2556 2160 2594 eorum
2184 2540 2386 2610 aliquid
2409 2556 2532 2609 qua:
2549 2540 2603 2593 in
2625 2540 2733 2595 illis
2753 2550 3063 2595 versantur.
3082 2539 3371 2608 Nunquam
3393 2538 3539 2593 enim

1972 2630 2085 2692 ﬁat,
2122 2639 2181 2682 ut
2215 2645 2336 2683 esse
2368 2645 2495 2683 vere
2535 2637 2591 2683 et
2641 2628 2883 2698 proprie,
2928 2637 2983 2682 et
3014 2644 3121 2682 non
3165 2642 3295 2681 vere
3323 2642 3386 2681 ac
3415 2640 3543 2697 pro-

1970 2720 2088 2788 prie
2136 2735 2281 2779 esse,
2328 2720 2660 2774 conveniant
2715 2736 2778 2774 ac
2820 2728 3171 2775 concurrant.

2038 2808 2199 2879 5,63
2236 2810 2287 2862 7.
2312 2807 2535 2861 Nullum
2566 2794 2920 2878 principium,
2949 2808 3271 2876 nullumque
3302 2803 3541 2859 medium

1972 2909 2066 2954 aut
2097 2901 2239 2963 linis,
2283 2914 2502 2953 omnem
2549 2898 2771 2968 penitus
2830 2898 3235 2959 habitudinem,
3271 2912 3365 2951 seu
3406 2896 3545 2950 rela-

1972 2989 2198 3048 tionem,
2233 2988 2361 3057 quia
2391 2986 2495 3040 alia
2519 2986 2641 3041 aliis
2658 2994 3069 3055 comparentur,
3104 2985 3365 3039 excludit.
3398 2985 3544 3039 Deus

1973 3094 2108 3133 vero
2143 3079 2237 3147 qui
2287 3077 2550 3132 inﬁnities
2593 3075 2805 3131 inﬁnite
2850 3078 3000 3130 omni
3050 3077 3272 3146 penitus
3318 3076 3543 3130 habitu-

1972 3169 2086 3222 dini
2133 3185 2197 3223 ac
2232 3169 2485 3223 relationi
2534 3169 2794 3231 emineat,
2841 3168 3039 3222 merito
3070 3183 3169 3221 nec
3213 3168 3539 3236 principium

1973 3276 2152 3329 neque
2200 3261 2441 3315 medium
2496 3275 2672 3329 neque
2708 3260 2831 3314 ﬁnis
2882 3260 3091 3314 exsistit
3135 3277 3149 3313 :
3184 3274 3289 3313 nec
3320 3271 3543 3328 prorsus

1898 3364 1941 3420 ε
1973 3353 2121 3407 aliud
2173 3353 2452 3421 quidpiam
2510 3368 2722 3415 eorum,
2770 3352 2824 3404 in
2882 3351 3083 3420 quibus
3127 3350 3340 3420 parium
3391 3362 3541 3400 com-

1976 3444 2280 3512 paratione,
2328 3458 2491 3513 quam
2542 3452 2739 3499 vocant
2780 3443 2849 3497 ad
2885 3442 3107 3513 aliquid;
3162 3439 3431 3512 categoria
3464 3437 3547 3494 in.

1980 3536 2149 3604 telligi
2207 3534 2402 3604 possit.

2050 3625 2104 3679 8.
2145 3624 2253 3678 Res
2294 3638 2486 3678 omnes
2511 3632 2675 3693 atque
2707 3623 2876 3686 entia,
2908 3637 2972 3676 ea
3000 3620 3279 3684 dicuntur,
3309 3636 3431 3689 qua:
3462 3620 3545 3675 in-

1979 3716 2333 3786 telliguntur;
2364 3725 2486 3785 qua:
2516 3715 2723 3769 scilicet
2751 3730 2965 3779 eorum,
3000 3728 3122 3779 quas
3160 3711 3227 3765 de
3257 3712 3365 3766 illis
3393 3722 3541 3777 sunt,

1979 3808 2265 3861 notionum
2316 3806 2765 3861 dcmonstrabilia
2811 3804 3078 3873 principia
3109 3804 3365 3857 habeant.
3401 3802 3546 3859 Deus

1977 3908 2162 3953 autem
2205 3902 2251 3954 is
2292 3898 2517 3960 dicitur,
2565 3899 2659 3966 qui
2689 3912 2797 3951 non
2832 3897 3189 3965 intelligatur,
3242 3894 3336 3949 sed
3364 3910 3428 3949 ex
3458 3908 3544 3949 re-

1980 3988 2085 4043 bus
2123 4004 2246 4058 qua:
2279 3988 2682 4059 intelliguntur,
2721 3986 3067 4041 solummodo
3091 4001 3213 4039 esse
3251 3984 3541 4040 credatur:

1979 4079 2126 4148 quod
2182 4079 2446 4133 nimirum
2506 4094 2695 4133 earum
2742 4093 2926 4133 rerum
2969 4094 3089 4147 qua:
3142 4077 3542 4147 intelliguntur,

1982 4170 2131 4224 nulla
2168 4169 2282 4223 ullo
2330 4169 2495 4223 modo
2533 4184 2658 4223 eum
2694 4183 2762 4223 eo
2795 4176 3166 4237 comparetur.

2050 4258 2104 4311 9.
2145 4258 2346 4311 Rerum
2384 4258 2627 4312 scicntia:
2657 4273 2722 4311 ac
2756 4259 3025 4318 notiones,
3060 4270 3333 4310 connexas
3356 4263 3549 4308 natura

1981 4351 2185 4420 quibus
2215 4352 2607 4406 demonstratio
2657 4351 2995 4414 instituatur,
3028 4364 3156 4404 suas
3184 4348 3424 4402 rationes
3452 4346 3551 4400 ha—

1982 4444 2144 4509 bent,
2194 4444 2396 4513 quibus
2462 4444 2675 4498 scilicet
2739 4450 2938 4496 natura
2998 4439 3548 4495 circumcribuntur:

1982 4536 2128 4589 Deus
2175 4544 2358 4591 autem
2412 4550 2512 4604 per
2538 4535 2781 4589 rationes
2816 4548 2939 4602 qua:
2969 4539 3099 4587 sunt
3134 4534 3190 4586 in
3238 4530 3425 4592 rebus,
3458 4544 3551 4583 so-

1984 4626 2264 4681 lummodo
2307 4642 2429 4681 esse
2467 4626 2714 4680 creditur
2751 4623 2872 4678 :sic
2921 4633 3125 4682 tamen.
3174 4631 3235 4675 ut
3273 4620 3420 4674 omni
3457 4618 3552 4672 llr-

320 4708 453 4781 ρίως
490 4708 638 4760 ἔστιν
663 4706 955 4777 ὁμολογίαν
992 4705 1083 4759 καὶ
1122 4704 1306 4758 πίστιν
1329 4702 1525 4765 διδούς.
1557 4702 1745 4763 Πίστις
1772 4698 1882 4767 γάρ
1914 4716 1953 4771 ι)

1914 4716 1953 4771 ι)
1985 4718 2214 4772 miorem
2244 4715 2734 4779 demonstratione,
2757 4729 2879 4768 eam
2905 4722 3143 4768 mentem
3177 4712 3286 4781 piis
3322 4712 3551 4779 ingerat,

319 4800 460 4860 last,
499 4796 699 4865 γνῶσις
737 4796 943 4867 ἀληθὴς
976 4794 1395 4856 ἀναποδείκτους
1423 4792 1624 4861 ἔχουσα
1658 4791 1755 4852 τὰς
1781 4791 1881 4857 ἁρ-

319 4885 444 4958 χὰς,
475 4886 551 4949 ὡς
575 4884 686 4938 τῶν
715 4884 854 4955 ὑπὲρ
891 4883 1017 4939 νοῦν
1053 4885 1149 4937 καὶ
1183 4882 1341 4951 λόγον
1387 4880 1708 4951 ὑπάρχουσα
1739 4894 1882 4948 πρα-

319 4976 552 5049 γμάτων
589 4977 909 5040 ὑπόστασις.

394 5251 451 5310 ι’.
494 5256 663 5328 ’Δρχὴ
688 5256 798 5311 τῶν
827 5256 997 5313 όντων
1025 5257 1120 5311 καὶ
1154 5258 1390 5329 μεσότης
1438 5256 1532 5312 καὶ
1560 5256 1711 5322 τέλος
1740 5259 1888 5312 ἐστὶν

394 5455 474 5535 (α)
502 5452 785 5523 οὐδαμῶς
815 5454 996 5509 οὐδὲν
1026 5455 1309 5525 οὐδαμοῦ.
1353 5453 1447 5511 Sic
1486 5470 1706 5578 quoque
1752 5456 1885 5512 locis

381 5526 449 5578 iis
494 5526 774 5578 Maximus.
806 5524 1088 5578 fusiusoue
1121 5526 1176 5578 in
1204 5525 1407 5578 Ouaest.
1455 5541 1485 5578 ι
1569 5525 1885 5578 ϐτοαοτίιιιη

323 5524 461 5580 aliis
494 5526 774 5589 Maximus,
806 5524 1088 5595 fusiusque
1121 5524 1181 5581 in
1204 5525 1407 5591 Quaest.
1455 5524 1886 5595 adicregorium

324 5595 684 5675 Theologum.
714 5594 792 5648 Ac
830 5594 1051 5675 quidem
1092 5595 1137 5650 si
1185 5609 1367 5675 sermo
1403 5602 1489 5650 est
1522 5594 1591 5675 d_e
1616 5604 1888 5675 coaaterno

325 5678 569 5743 proprie,
598 5673 659 5717 ut
691 5679 793 5718 nec
817 5664 1101 5719 virtualem
1131 5666 1291 5733 quasi
1332 5664 1729 5719 successionem
1770 5668 1890 5734 ejus

325 5733 645 5787 exsistentia
688 5734 968 5789 admittat:
1002 5734 1083 5789 sic
1113 5744 1322 5789 eertum
1353 5742 1438 5788 est
1474 5734 1612 5787 nihil
1647 5736 1889 5789 potuisse

326 5750 645 5787 exsiswnua
688 5750 968 5800 admittat;
1002 5750 1083 5789 sic
1113 5750 1322 5789 certum
1353 5750 1438 5788 est
1474 5750 1612 5787 mnu
1647 5750 1889 5804 potuisse

326 5816 450 5858 esse
480 5811 807 5860 comternum
836 5804 965 5860 Deo.
1007 5803 1101 5861 Sin
1134 5812 1315 5861 autem
1344 5804 1412 5860 de
1442 5812 1716 5861 coztcrno
1743 5806 1887 5877 quod

1986 4818 2049 4861 ut
2076 4822 2199 4862 esse
2232 4822 2358 4861 eum
2385 4821 2513 4860 vere
2538 4820 2601 4860 ac
2638 4804 2859 4875 proprie
2883 4804 3112 4858 credant
3146 4817 3209 4857 ac
3250 4800 3551 4858 conﬁtean-

1987 4908 2096 4953 tur.
2124 4900 2283 4953 Fides
2306 4912 2541 4967 namque
2572 4912 2699 4950 vera
2734 4896 2978 4966 cognitio
3010 4904 3117 4960 est,
3148 4894 3552 4948 indcmonstra-

1984 4990 2112 5045 bilia
2159 4990 2370 5043 habens
2410 4988 2705 5059 principia,
2739 4997 2801 5042 ut
2828 5003 2951 5056 quae
2986 5002 3177 5041 earum
3215 5000 3395 5040 rerum
3426 4984 3556 5039 sub-

1982 5081 2179 5137 stantia
2208 5081 2454 5145 exsistat,
2476 5097 2596 5150 quaa
2622 5082 2730 5134 vim
2762 5094 2981 5133 omnem
3009 5078 3209 5133 mentis
3240 5092 3305 5132 ac
3327 5076 3556 5131 rationis

1983 5171 2277 5226 excedunt.

2055 5259 2143 5314 10.
2183 5260 2348 5325 Deus,
2390 5273 2574 5313 rerum
2615 5266 2671 5312 et
2724 5257 3055 5329 principium
3083 5266 3170 5315 est
3210 5265 3268 5314 et
3313 5255 3553 5312 medium

1985 5457 2290 5512 extrinseee
2320 5453 2609 5510 aeternitati
2642 5468 2767 5508 cum
2822 5452 3043 5507 virtuali
3077 5452 3424 5507 successione
3465 5467 3555 5505 re-

1987 5527 2271 5596 spondeat,
2291 5541 2400 5579 non
2430 5524 2586 5596 facile
2616 5524 2790 5596 evinci
2822 5531 3004 5596 potest
3038 5538 3146 5596 non
3173 5521 3417 5590 potuisse
3440 5535 3555 5596 [em

1987 5590 2223 5664 aliquam
2256 5596 2340 5649 vel
2375 5594 2638 5648 mundum
2677 5590 2856 5664 ipsum
2884 5594 2982 5664 psic
3024 5593 3093 5645 ab
3132 5603 3340 5664 atteruo
3371 5604 3402 5643 α
3445 5590 3556 5644 Deo

1988 5660 2183 5726 creari,
2210 5664 2283 5718 ita
2310 5674 2371 5718 ut
2397 5680 2612 5733 semper
2635 5660 3086 5733 ei'coexsisteret,
3118 5660 3197 5733 uti
3225 5670 3280 5714 et
3310 5660 3365 5713 in
3391 5666 3552 5711 teter-

1988 5751 2119 5788 num
2148 5734 2244 5788 Dei
2273 5749 2499 5789 munere
2516 5730 2602 5787 illi
2636 5735 2959 5796 coexsistct‘,
2993 5731 3110 5800 ipso
3141 5730 3195 5783 in
3226 5738 3551 5797 perpetuum

1988 5814 2365 5870 conservante,
2389 5804 2491 5859 etsi
2524 5804 2697 5859 libero
2728 5804 2948 5859 decreto
2980 5816 3044 5857 ac
3070 5800 3370 5857 voluntate.
