4208 6436
677 383 810 448 ωεγ

1830 387 1890 445 S.
1934 384 2214 444 ΜΑΧΙΜῙ
2255 382 2763 448 CONFESSORIS

3804 388 3958 453 1088

668 507 724 550 et
769 494 923 560 linls;
961 504 1020 549 ut
1063 510 1229 564 agens
1268 493 1499 557 scilicet,
1551 506 1662 546 non
1696 501 1755 546 ut
1795 495 2068 562 patiatur;
2101 492 2242 547 sicut

2358 495 2372 543 i
2406 493 2557 556 Θεὸς.
2604 496 2678 556 ὡς
2710 496 2972 566 ἐνεργῶν,
3006 499 3120 551 ἀλλ’
3154 500 3214 553 οὗ
3247 501 3492 570 πάσχων·
3524 500 3717 569 ὥσπερ
3747 503 3851 553 καὶ
3883 501 3958 554 τὰ

668 587 836 640 etiam
886 587 1145 654 quaelibet
1181 585 1306 649 alia,
1351 584 1554 653 quibus
1594 599 1624 636 a
1661 584 1821 637 nobis
1856 586 2081 638 nomina
2123 601 2242 637 mu-

667 685 878 734 tuatur.
913 678 1004 730 Est
1035 677 1181 729 enim
1214 675 1542 744 principium
1575 691 1637 726 ea
1691 675 1898 727 ratione
1926 691 2033 742 qua
2060 690 2243 727 rerum

669 769 924 822 conditor
957 777 1072 831 est;
1109 768 1372 828 medium,
1405 783 1510 836 qua
1546 783 1632 820 res
1658 765 1912 820 conditas
1941 765 2244 819 Providen-

673 861 744 914 tia
790 858 959 928 regit;
1010 860 1133 912 linis
1176 859 1436 928 denique,
1487 875 1595 927 qua
1641 857 2084 928 circumscriptio
2140 866 2244 912 est.

669 950 754 1004 Ex
785 951 898 1018 ipso
921 950 1090 1013 enim,
1124 949 1322 1018 inquit,
1351 958 1399 1002 et
1428 965 1521 1019 per
1553 951 1747 1019 ipsum,
1797 958 1848 1004 et
1878 951 1934 1002 in
1983 952 2096 1018 ipso
2127 957 2250 1002 sunt

670 1042 850 1094 omnia
871 1043 912 1094 '.

742 1131 831 1185 ll.
867 1131 1186 1186 Animarum
1232 1131 1506 1186 utentium
1552 1131 1790 1194 ratione,
1839 1129 1989 1184 nulla
2024 1129 2132 1184 alia
2157 1145 2247 1185 se-

667 1221 912 1275 euadunt
945 1222 1239 1276 essentiam
1277 1221 1473 1274 aninne
1520 1221 1724 1274 utentis
1764 1221 1976 1274 ratione
2012 1220 2250 1275 nobilior

670 1323 776 1366 est.
824 1315 968 1367 Deus
1004 1315 1151 1368 enim
1199 1329 1294 1368 sua
1330 1314 1576 1367 bonitate
1607 1328 1802 1367 omnes
1845 1313 2137 1367 condendo
2180 1313 2247 1368 ad

673 1419 826 1457 suam
862 1405 1173 1474 imaginem,
1215 1405 1299 1458 sui
1353 1405 1592 1458 arbitras
1619 1412 1802 1458 motus
1851 1405 1905 1456 in
1943 1420 2125 1458 rerum
2155 1420 2251 1458 ua-

676 1503 853 1548 turam
903 1497 1203 1565 producit:
1247 1497 1508 1565 quaelibet
1559 1506 1743 1550 autem
1791 1496 2091 1549 voluntatis
2123 1512 2252 1564 pro-

677 1583 856 1650 posito
877 1599 938 1636 ne
964 1585 1252 1646 arbitratu,
1282 1586 1364 1638 vel
1393 1586 1656 1638 honorem
1685 1586 1834 1654 legit,
1860 1585 1942 1638 vel
1971 1584 2246 1638 infamiam

678 1680 840 1741 atque
879 1673 1118 1728 dedecus
1162 1675 1276 1743 ipsa
1327 1691 1356 1727 a
1398 1691 1455 1728 se
1499 1686 1693 1742 sponte
1743 1676 1980 1730 asciscit.

748 1763 832 1816 l2.
874 1764 1040 1826 Deus,
1081 1764 1158 1818 uti
1185 1766 1452 1834 scriptum
1485 1775 1590 1828 est,
1623 1766 1951 1835 soljustitiae
1973 1775 2058 1820 est
2083 1767 2126 1832 ',
2155 1767 2250 1836 qui

2348 586 2480 638 ἄλλα
2507 591 2707 650 πάντα,
2743 584 2823 650 οἷς
2865 591 2996 659 παρ’
3033 593 3193 661 ἡμῶν
3220 594 3566 660 ὀνομάζεται.
3618 595 3794 662 Ἀρχὴ
3836 595 3955 659 γάρ

2350 677 2496 728 ἐστιν
2548 680 2624 742 LL;
2655 679 3007 751 δημιουργός
3043 685 3139 736 καὶ
3170 686 3429 753 μεσότης,
3479 687 3552 746 ὠς
3601 687 3950 755 προνοητήςο

2351 767 2444 845 καὶ
2494 767 2682 830 τέλος,
2718 769 2794 822 ὡς
2835 775 3177 844 περιγραφή.
3223 775 3320 838 Ἐξ
3358 776 3549 829 αἱτοῦ
3581 776 3689 845 γὰρ
3719 816 3734 836 .
3777 777 3948 843 φησὶ.

2351 860 2447 913 καὶ
2481 858 2556 911 δι’
2581 859 2790 928 αὐτοῦ,
2819 862 2920 916 καὶ
2947 866 3036 929 εις
3063 866 3254 919 αὑτὸν
3290 868 3362 918 τὰ
3397 867 3617 922 πάντα.

2431 1119 2525 1174 ια’.
2548 1121 2662 1174 Οὐκ
2692 1121 2808 1175 ἔστι
2833 1122 2979 1193 ψυχὴ
3009 1124 3202 1195 λογικὴ
3231 1128 3352 1180 κατ’
3377 1128 3565 1180 οὐσίαν
3581 1129 3764 1198 ψυχῆς
3789 1131 3948 1195 λογι-

2353 1212 2456 1281 κῆς
2488 1213 2560 1277 (ὑ)
2583 1215 2908 1285 τιμιωτέρα.
2955 1217 3143 1268 [licam
3189 1217 3298 1286 γὰρ
3347 1219 3530 1288 ψυχὴν
3582 1224 3705 1273 κατ’
3745 1223 3947 1274 εἰκόνα

2353 1304 2548 1358 ἑαυτοῦ
2581 1306 2952 1376 δημιουργῶν,
2979 1307 3056 1370 ὡς
3100 1310 3307 1375 ἀγαθὸς
3333 1313 3360 1363 ό
3401 1313 3553 1373 θεὸς,
3580 1314 3948 1382 αὖτοκένητον

2353 1397 2433 1448 εἰς
2481 1396 2544 1447 τὸ
2572 1391 2711 1448 εἶναι
2763 1399 3032 1466 παράγει·
3099 1401 3304 1472 ἑκάστη
3355 1402 3411 1455 δὲ
3451 1405 3594 1457 κατὰ
3652 1406 3946 1474 πρόθεσιν,

2351 1485 2385 1555 ἦ
2419 1486 2518 1554 τὴν
2551 1487 2718 1556 τιμὴν
2754 1488 3104 1558 ἐπιλέγεται,
3138 1491 3172 1562 ἢ
3221 1493 3320 1562 τὴν
3357 1494 3581 1564 ἀτιμξαν
3614 1496 3819 1550 ἑκοῦσα
3853 1497 3948 1550 διὰ

2353 1575 2460 1626 τῶν
2488 1576 2664 1644 ἔργων
2690 1580 2996 1648 προσίεται.

2431 1749 2520 1821 ιβ’.
2560 1752 2618 1806 Ὀ
2645 1753 2796 1817 Θεὸς,
2816 1755 2968 1823 ἥλιός
2985 1758 3101 1809 ἔστι
3114 1756 3485 1827 δικαιοσύνης,
3508 1759 3583 1822 ὡς
3601 1760 3944 1830 γέγραπται·

677 1855 893 1909 cunctis
917 1854 1240 1923 simpliciter
1278 1855 1541 1909 bonitatis
1561 1857 1744 1910 radios
1769 1858 2024 1925 explicet.
2057 1859 2249 1911 Anima

2361 1845 2526 1895 πᾶσιν
2559 1845 2750 1907 ἁπλῶς
2779 1847 2877 1908 τὰς
2915 1848 3139 1909 ἀκτῖνας
3173 1850 3504 1919 ὲπιλάμπων
3531 1851 3631 1919 τῆς
3663 1849 3945 1920 ἁγαθότη-

677 1955 884 2007 autem,
930 1946 1012 1999 vel
1060 1962 1207 2010 cera,
1246 1955 1307 1999 ut
1350 1946 1445 1999 Dei
1499 1962 1690 2000 amans
1730 1963 1796 2000 ac
1841 1947 2124 2017 religiosa;
2165 1948 2251 2001 vel

677 2033 875 2098 lutum,
919 2043 978 2087 ut
1023 2036 1257 2088 terrenis
1289 2035 1454 2087 rebus
1486 2035 1778 2101 addictior,
1823 2039 1992 2090 animi
2035 2045 2256 2091 senten-

680 2126 753 2179 tia
783 2139 846 2180 ac
888 2126 1168 2180 voluntate
1203 2125 1502 2187 utcvadat,
1546 2127 1786 2195 proclive
1818 2128 2001 2182 habet.
2043 2127 2242 2192 Quem-

679 2216 974 2270 admodum
1012 2218 1178 2287 igitur
1243 2219 1419 2272 lutum
1472 2235 1568 2288 per
1605 2229 1878 2284 naturam,
1917 2221 2049 2274 solis
2075 2222 2254 2275 calore

676 2308 1018 2372 exsiccatur;
1046 2307 1211 2379 565
1244 2324 1370 2362 cera
1424 2326 1555 2362 vero
1586 2310 1911 2362 naturaliter
1945 2312 2251 2364 emollitur:

681 2397 762 2450 sic
805 2406 862 2450 et
897 2399 1077 2451 omnis
1107 2399 1289 2450 anima
1325 2397 1560 2450 terrenis
1601 2399 1916 2468 mundoque
1953 2417 2141 2455 amore
2174 2401 2252 2453 af-

677 2487 894 2550 fectior,
922 2485 1250 2541 admonente
1278 2489 1390 2541 Deo
1415 2503 1479 2542 ac
1514 2488 1856 2557 increpante,
1899 2489 1953 2543 in
2000 2490 2099 2544 luti
2144 2505 2260 2544 mo—

678 2579 809 2632 dum
845 2581 1123 2634 voluntate
1189 2580 1439 2634 renitens
1487 2580 1813 2644 obduratur,
1850 2597 1916 2635 ac
1961 2582 2261 2637 Pharaonis

679 2690 831 2728 more
867 2689 926 2727 se
966 2674 1020 2726 in
1069 2672 1354 2730 interitum
1397 2671 1724 2741 ruinamque
1758 2673 1990 2741 impellit
2039 2673 2080 2726 ³.
2130 2672 2261 2737 Quae

680 2781 811 2818 vero
860 2765 955 2818 Dei
1001 2779 1192 2818 amans
1239 2779 1303 2818 ae
1340 2765 1596 2835 religiosa
1639 2765 1874 2822 exsistit.
1919 2779 2061 2818 cera:
2088 2765 2262 2820 instar

677 2853 979 2916 emollitur,
1035 2852 1458 2924 divinorumque
1505 2853 1710 2908 formas
1762 2864 1926 2923 atque
1965 2855 2166 2923 ﬁguras
2208 2856 2262 2910 in

681 2959 740 2998 se
791 2944 1081 3012 recipiens,
1123 2943 1218 2998 Dei
1254 2945 1625 2999 habitaculum
1656 2945 1711 2997 in
1737 2945 1934 3014 spiritu
1957 2944 2192 2998 ellicitur
2220 2945 2260 2999 ⁸.

757 3038 841 3090 lli.
883 3036 1007 3102 Qui,
1047 3037 1198 3092 velut
1235 3037 1490 3106 fulgetro.
1521 3037 1727 3092 divinis
1757 3048 2136 3092 coruscantem
2162 3055 2262 3091 no-

2353 1949 2462 1996 τος⁶
2488 1934 2519 2000 ἡ
2541 1932 2594 1984 δὲ
2616 1933 2785 2004 ψυχὴ,
2806 1935 2834 2002 ἦ
2854 1935 3020 2004 κηρὸς
3034 1936 3110 1999 ὡς
3131 1936 3398 2005 φιλόθεος,
3437 1939 3470 2008 ἢ
3507 1938 3678 2008 πηλὸς
3694 1939 3771 2002 ὡς
3789 1938 3945 2006 φιλό-

2357 2024 2477 2087 ῦ).ο;
2501 2024 2640 2076 κατὰ
2663 2025 2763 2094 τὴν
2786 2026 3011 2098 γνώμην
3040 2028 3285 2095 γίνεσθαι
3304 2031 3566 2096 πέφυκεν·
3589 2030 3782 2099 ῶσπερ
3800 2027 3896 2083 οὖν
3913 2031 3947 2082 6

2356 2116 2521 2183 πηλὸς
2543 2117 2684 2170 κατὰ
2702 2111 2863 2184 φύσιν
2885 2119 3016 2188 ἡλίῳ
3033 2119 3369 2190 ξηραίνεται·
3384 2121 3479 2174 όδὲ
3496 2139 3564 2190 κη
3575 2120 3946 2190 ρδςρυσικιῇ

2356 2208 2711 2262 ἁπαλύνεται·
2739 2208 2884 2262 οὕτω
2915 2211 3008 2263 καὶ
3038 2213 3188 2264 πᾶσα
3222 2213 3368 2282 ψυχὴ
3393 2212 3643 2280 φιλὸὓλος
3670 2213 3766 2265 καὶ
3787 2212 3940 2280 φιλόο

2355 2317 2561 2368 κοσμος
2609 2299 2715 2351 ἀπὸ
2742 2299 2878 2352 Θεοῦ
2903 2301 3327 2372 νουθετουμένη,
3364 2304 3461 2354 καὶ
3490 2302 3566 2364 ὼς
3603 2302 3774 2371 πηλὸς
3797 2301 3941 2354 κατά

2355 2389 2452 2458 τὴ)
2495 2387 2724 2458 γνώμην
2763 2389 3153 2449 ἀντι-τυποῦσα,
3189 2391 3573 2460 σκληρύνεταν
3610 2394 3705 2443 καὶ
3738 2391 3942 2461 ἑαυτὴν

2355 2481 2485 2532 ὠθεῖ
2511 2482 2655 2534 κατὰ
2685 2482 2776 2534 τὸν
2817 2482 3018 2551 Φαραὼ
3050 2487 3186 2553 πρὸς
3219 2485 3499 2536 ἀπώλειαν
3523 2503 3537 2515 ο
3574 2487 3723 2536 πᾶσα
3753 2485 3813 2536 δὲ
3846 2500 3942 2551 φι-

2357 2569 2559 2632 λόθεος,
2597 2570 2672 2633 ὼς
2705 2572 2872 2641 κηρδς
2918 2571 3276 2638 ἀπαλύνεται,
3320 2574 3414 2625 καὶ
3465 2574 3592 2635 τοῖος
3640 2574 3749 2624 τῶν
3780 2573 3942 2625 θείων

2358 2658 2562 2721 τύπους
2614 2660 2711 2711 καὶ
2751 2661 3106 2730 χαρακτῆρας
3147 2662 3522 2731 εἰσδεχομένη,
3558 2663 3773 2729 γίνεται
3803 2661 3942 2714 Θεοῦ

2362 2751 2784 2821 κατοικητήριον
2829 2751 2890 2804 ὲν
2934 2751 3230 2822 πνεύματι.

2436 3037 2525 3098 ιγ’.
2571 3031 2632 3085 '0
2670 3031 2763 3085 τὸν
2805 3033 2932 3088 νοῦν
2974 3038 3096 3099 ταῖς
3132 3036 3307 3101 θείαις
3336 3041 3730 3111 ωταπράψας
3748 3044 3942 3113 νοήσερ

685 3127 928 3181 tionibus
975 3144 1040 3181 ac
1075 3127 1251 3180 sensis
1285 3128 1528 3182 animum
1567 3126 1828 3189 reddidit,
1879 3127 2255 3195 rationemque

2365 3140 2470 3187 σιν,
2507 3123 2720 3178 καὶτὸν
2753 3126 2911 3194 λόγον
2954 3129 3145 3192 ἐθίσας
3194 3130 3362 3194 Θεέοις
3413 3133 3604 3203 ὕμνοις
3645 3136 3943 3200 ἀπαύστως

684 3233 748 3272 ac
795 3234 1101 3273 sermonem
1147 3219 1352 3274 divinis
1383 3220 1722 3274 incessanter
1767 3219 1998 3272 canticis
2033 3218 2258 3272 Creato-

685 3327 800 3364 rem
842 3311 1113 3363 hunorare
1159 3312 1489 3376 assuefecit,
1539 3324 1754 3365 necnon
1819 3310 1971 3379 puris
2013 3324 2078 3362 ac
2118 3310 2258 3363 inta-

687 3402 906 3456 minatis
931 3403 1261 3472 cogitatibus
1286 3419 1506 3458 sensum
1539 3402 1895 3466 castilicavit;
1929 3401 1995 3465 is,
2026 3402 2261 3455 naturali

687 3494 834 3547 bono
864 3488 1132 3564 imaginis,
1167 3495 1311 3564 quod
1341 3497 1621 3548 voluntate
1649 3494 1958 3562 mentisque
1987 3496 2263 3547 sententia

687 3593 922 3648 constat,
968 3585 1347 3640 similitudinis
1387 3586 1592 3639 bonum
1625 3584 1849 3654 adjecit.

759 3675 846 3728 Η.
897 3673 1089 3729 Servat
1136 3674 1262 3745 quis
1313 3675 1557 3728 animum
1603 3673 1716 3728 Deo
1779 3688 1810 3726 a
1870 3671 1992 3726 labe
2037 3688 2261 3741 purum,

687 3767 820 3821 dum
868 3776 1107 3821 mentem
1148 3767 1217 3823 de
1256 3768 1369 3822 Deo
1403 3767 1523 3821 solo
1567 3767 1796 3836 ejusque
1832 3765 2131 3819 virtutibus
2168 3781 2264 3820 co-

687 3860 864 3930 gitare
914 3859 1278 3929 compulerit;
1323 3873 1633 3914 sermonem
1681 3873 1812 3911 vero
1851 3871 1917 3911 ac
1973 3855 2264 3919 rationem,

688 3959 900 4004 rectum
927 3949 1278 4021 interpretem
1311 3960 1475 4020 atque
1504 3950 1786 4005 doctorem
1819 3950 2135 4005 earumdem
2158 3951 2267 4004 vir-

690 4049 868 4097 tutum
895 4042 1225 4107 reddiderit;
1261 4058 1324 4096 ac
1339 4041 1560 4096 demum
1582 4041 2098 4104 sensum,mundum
2121 4042 2268 4097 hunc

689 4133 864 4187 oculis
903 4135 1210 4203 subjectum
1248 4145 1303 4186 et
1358 4148 1482 4202 qua:
1523 4133 1576 4187 in
1619 4148 1688 4187 eo
1725 4141 1854 4186 sunt
1917 4132 2122 4194 omnia,
2179 4133 2268 4202 pie

691 4223 1023 4294 imaginibus
1062 4223 1359 4278 informare
1387 4223 1666 4286 docuerit;
1692 4223 1786 4292 qui
1813 4239 2007 4292 nempe
2040 4223 2266 4278 elucen-

691 4316 828 4366 tinm
892 4313 948 4367 in
998 4313 1082 4369 eis
1132 4315 1406 4368 rationum
1441 4313 1861 4384 magniﬁcentiae
1909 4313 2052 4369 lidus
2083 4314 2268 4368 animo

694 4406 1012 4476 probusque
1059 4407 1290 4460 nuntius
1331 4407 1421 4461 sit.

2361 3217 2640 3286 γεραίρειν
2665 3217 2758 3270 τὸν
2788 3219 3084 3286 κτίσαντα,
3115 3223 3210 3274 καὶ
3241 3226 3360 3286 ταῖς
3401 3226 3704 3296 ἀκηράτοις
3734 3245 3941 3297 φαντα-

2363 3306 2508 3368 σίαις
2565 3308 2908 3376 καοαγιὰσας
2961 3311 3060 3382 τὴν
3102 3314 3378 3384 αἴσθησιν·
3430 3313 3584 3381 οὗτος
3616 3319 3696 3389 τῷ
3726 3321 3945 3389 φυσικῷ

2365 3399 2483 3448 κατ’
2514 3398 2698 3449 εἰκόνα
2729 3397 2900 3468 καλῷ,
2939 3403 3244 3472 προσέθηκε
3274 3405 3336 3458 τὸ
3366 3406 3489 3460 καθ’
3517 3408 3776 3478 ὁμοίωσιν
3795 3424 3944 3478 γ’νω-

2367 3488 2522 3558 μικὺν
2548 3488 2770 3557 ἀγαθόν.

2439 3679 2521 3735 ιδ’.
2560 3682 2822 3736 Quid-ttat
2861 3701 2945 3747 τις
2972 3685 3050 3754 τῷ
3081 3686 3200 3756 Θεῷ
3232 3687 3332 3756 τὴν
3375 3690 3558 3760 ψυχὴν
3584 3691 3942 3760 unum.

2365 3773 2414 3825 si
2445 3772 2544 3843 τὴν
2577 3774 2675 3844 μὲν
2719 3775 2960 3829 διάνοιαν
3011 3779 3144 3846 περὶ
3187 3783 3349 3848 μόνου
3383 3782 3542 3846 Θεοῦ,
3573 3783 3669 3835 καὶ
3699 3782 3810 3834 τῶν
3845 3782 3944 3835 αὐ-

2365 3863 2460 3918 τοῦ
2492 3864 2704 3934 ἀρετῶν
2746 3865 3080 3920 διανοεῖσθαι
3106 3869 3374 3937 βιάσαιτο·
3403 3872 3495 3924 τὸν
3531 3872 3590 3926 δὲ
3621 3871 3803 3939 λόγον,
3845 3873 3945 3943 ὀρ-

2367 3953 2459 4005 Θδν
2490 3954 2736 4023 ἑρμηνέα
2766 3956 2860 4007 καὶ
2886 3955 3157 4027 ἐξηγητὴν
3179 3958 3290 4011 τῶν
3317 3959 3502 4014 αὐτῶν
3527 3962 3744 4032 ἀρετῶν
3768 3980 3944 4016 κατα-

2369 4046 2601 4113 στήσειε·
2636 4045 2730 4096 καὶ
2761 4046 2861 4116 τὴν
2905 4048 3162 4118 αἴσθησιν
3205 4051 3449 4116 εὐσεϐῶς
3496 4053 3586 4106 τὸν
3613 4054 3812 4124 ὁρατὸν
3848 4055 3945 4108 κό-

2369 4153 2505 4204 σμον
2539 4135 2630 4187 καὶ
2673 4136 2744 4188 τὰ
2796 4139 2854 4188 ὲν
2891 4138 3037 4208 αὑτῷ
3076 4141 3252 4195 πάντα
3294 4145 3658 4210 φαντάζεσθαι
3689 4146 3945 4210 διδάξειε.

2366 4227 2590 4293 τὴντῶν
2611 4229 2669 4280 ἐν
2693 4227 2872 4292 αὐτοῖς
2901 4227 3074 4297 λόγων
3099 4233 3493 4304 μεγαλειότητα
3525 4237 3591 4306 τῇ
3617 4235 3767 4306 ψυχῇ
3797 4236 3949 4306 διαγ-

2368 4317 2681 4386 γέλλουσαν.

769 4515 856 4568 15.
883 4513 987 4579 Qui
1013 4529 1115 4569 nos
1139 4530 1168 4568 a
1191 4514 1329 4569 dura
1356 4513 1788 4585 Opprimcntium
1818 4511 2128 4565 dminonum
2155 4525 2260 4565 ser-

2445 4513 2526 4565 ιε⁰.
2591 4513 2647 4564 ⁸0
2686 4512 2784 4582 τῆς
2843 4517 3048 4584 πικρᾶς
3095 4516 3340 4580 δουλείας
3383 4519 3492 4571 τῶν
3537 4519 3950 4588 τυραννούντων

693 4605 869 4659 vitute
910 4605 1054 4660 Deus
1105 4606 1378 4664 liberavit.
1420 4605 1770 4659 mitissimum
1824 4603 2093 4672 religiosae
2149 4601 2267 4670 pie-

697 4695 826 4750 tatis
842 4696 1034 4765 jugum
1075 4695 1330 4765 (modesti
1361 4695 1574 4750 scilicet
1609 4695 1778 4749 animi
1798 4707 2043 4754 sensum,
2075 4692 2128 4745 id
2161 4700 2267 4756 est,

697 4787 1086 4858 humilitatem)
1130 4788 1290 4844 nobis
1331 4788 1588 4853 donavit;
1626 4789 1778 4858 quia,
1820 4795 1937 4840 tum
1975 4789 2057 4839 vis
2090 4785 2269 4839 omnis

2374 4603 2643 4671 δαιμόνων
2671 4602 3044 4673 ἐλευθερώσας
3073 4607 3220 4676 ἡμᾶς
3242 4607 3396 4671 Θεὸς,
3429 4609 3810 4679 φιλάνθρωιτον
3833 4610 3951 4663 θεο-

2376 4694 2599 4756 σεϐείας
2643 4695 2776 4762 ἡμῖν
2809 4693 2973 4761 ζυγὸν
3017 4697 3350 4769 ἐδωρήσατο,
3383 4699 3481 4770 τὴν
3519 4700 3953 4772 ταπεινοφροσύ-

2376 4801 2496 4853 νην·
2528 4785 2596 4837 δι’
2635 4782 2702 4856 ἦς
2749 4787 2896 4876 πᾶσα
2929 4785 3029 4856 μὲν
3058 4788 3340 4859 διαϐολικὴ
3371 4791 3672 4862 δαμάζεται
3697 4791 3949 4862 δύναμιςο

768 4965 786 4998 ⁸
809 4963 971 5020 Rom.
996 4981 1070 5029 xl,
1101 4965 1181 5020 l5.
1259 4967 1280 4996 '
1301 4963 1530 5018 Malach.
1554 4981 1626 5027 tv,
1648 4965 1703 5020 2.
1781 4965 1801 4996 ³
1821 4964 1991 5019 Exod.
2014 4981 2109 5028 vn,
2137 4965 2221 5019 l3.

2358 4963 2542 5032 Bphcs.
2565 4981 2624 5031 ιι,
2644 4966 2733 5021 22.

766 5146 838 5222 (ἔξ)
864 5148 1000 5222 οὑξι-
1023 5148 1154 5222 ἐστι
1181 5145 1361 5222 ψυχὴ
1382 5149 1618 5222 Jortin}.
1646 5149 1808 5222 Greg.
1859 5153 2075 5218 'l‘heol.,
2114 5153 2263 5208 Orat.

698 5217 756 5293 in
778 5215 930 5293 'diem
955 5215 1223 5293 Natalem,
1250 5226 1307 5293 et
1331 5218 1369 5293 2
1393 5217 1446 5274 in
1466 5215 1698 5285 Pascha,
1723 5215 1795 5293 de
1829 5223 2023 5278 animis
2049 5215 2268 5293 separa-

696 5289 768 5363 t_is
798 5286 874 5357 (id
898 5287 1100 5363 est,_de
1123 5286 1371 5363 angelis),
1397 5304 1595 5360 anceps
1618 5298 1721 5354 est,
1754 5292 1896 5363 sitne
1927 5295 1980 5347 in
2013 5286 2126 5347 illis
2141 5309 2266 5363 gra-

696 5355 864 5436 duum
896 5355 1178 5436 distinctio
1197 5355 1274 5436 es
1292 5355 1505 5436 natura,
1531 5355 1598 5414 an
1629 5375 1696 5436 ex
1723 5362 2022 5436 voluntatis
2043 5355 2264 5436 conatu,

695 5427 991 5484 accedente
1019 5427 1113 5480 Dei
1137 5427 1333 5495 gratia.
1358 5430 1434 5482 uti
1459 5446 1548 5485 res
1568 5445 1626 5484 se
1649 5430 1703 5484 in
1724 5431 2041 5487 hominibus
2062 5433 2228 5486 habet
2252 5427 2265 5486 ὲ

697 5497 756 5554 in
797 5495 1209 5576 quibusoipsis,
1242 5501 1530 5576 compari
1582 5500 1674 5554 illa
1717 5501 2005 5576 nobilitate
2045 5503 2274 5576 rationis

697 5565 862 5642 quam
897 5565 1164 5642 {claximus
1192 5565 1548 5642 asserit,'nec
1589 5579 1792 5642 negant
1835 5571 2169 5642 pliil030phi,
2194 5573 2275 5642 sic

698 5634 856 5721 quasi
889 5634 1202 5721 fqrmaliter
1227 5643 1286 5721 et
1318 5639 1590 5721 specilice.
1621 5634 1814 5721 in'gens
1835 5634 2272 5721 quamamyidef

701 5714 794 5780 tur
841 5704 1190 5780 perfectionis
1237 5704 1462 5780 majoris
1510 5704 2168 5780 minorisque'distantia,
2213 5720 2275 5766 ut

701 5776 820 5830 alia:
852 5775 1044 5830 animae
1069 5783 1286 5830 utentes
1315 5777 1519 5836 ratione
1553 5795 1742 5849 parum
1764 5775 1806 5835 ’τι
1841 5781 2018 5836 brutis
2045 5781 2272 5837 videan-

2375 5164 2465 5228 tur
2491 5155 2735 5228 differre,
2777 5167 2890 5228 prae
2926 5168 3188 5208 sensuum
3223 5160 3532 5228 mentisque
3554 5147 3951 5228 stupore-haliae

2373 5226 2442 5280 ad
2467 5218 2802 5298 substantias
2831 5225 2974 5292 ipsas
2999 5233 3274 5298 separatas
3301 5218 3620 5298 eorumdem
3648 5218 3950 5298 subtilitate

2371 5311 2544 5368 prope
2586 5288 2892 5348 accedere:
2919 5288 3079 5368 quod:
3103 5302 3287 5368 totum
3329 5288 3577 5368 corporis
3593 5288 3950 5368 _organisquc

2373 5358 2668 5426 ascribere,
2703 5379 2812 5416 non
2857 5358 2988 5416 satis
3029 5361 3248 5416 videtur
3271 5377 3301 5416 e
3334 5358 3950 5430 philosophiaairationi-

2372 5434 2498 5498 bus,
2525 5433 2902 5501 cum-spiritus
2925 5433 3125 5486 formet
3154 5429 3371 5500 corpus,
3399 5444 3506 5501 nec
3526 5438 3635 5501 tam
3660 5429 3783 5497 ejus
3805 5432 3951 5501 com-

2370 5497 2578 5558 mereio
2604 5497 2898 5566 inliciatur,
2924 5517 3088 5571 quam
3118 5501 3186 5571 ad
3222 5497 3348 5554 sitas
3376 5498 3509 5571 illud
3544 5497 3706 5571 dotes
3735 5497 3946 5560 trahat;

2370 5583 2637 5642 quantum
2683 5573 2874 5626 saltem
2907 5567 3026 5642 per
3075 5570 3329 5625 infectam
3379 5569 3508 5623 licet
3549 5567 3845 5642 originem,
3882 5577 3948 5642 ex

2371 5633 2476 5767 qua
2501 5649 2586 5724 est
2611 5651 2670 5696 ut
2703 5633 3060 5712 mortali-jam
3103 5655 3334 5721 corpore
3366 5647 3584 5693 terrena
3624 5633 3946 5691 ihhabitatio

2409 5721 2644 5767 eprimat
2677 5727 2898 5767 sensum
2935 5711 3104 5766 multa
3139 5718 3486 5767 cogitantem.

2409 5713 2644 5783 eprimat
2677 5727 2898 5767 sensum
2935 5710 3104 5766 multa
3139 5710 3486 5782 cogitantem.
