4208 6436
273 408 291 472 1
303 411 407 475 089

1111 401 1457 462 CAPITUM
1493 398 1763 459 Τῐῖῐζίημ
1806 398 1902 458 ΕΤ
1940 395 2177 457 (ECON.
2221 398 2610 459 CENTURIA
2651 395 2703 460 Ῐ,

3388 396 3524 461 1090

266 524 379 573 πᾶν
419 517 473 570 δὲ
518 518 629 578 τοῖς
655 513 927 585 ἑλομέιοις
964 512 1140 580 αὐτὴν
1173 509 1377 579 ἀγαθὸν
1400 508 1843 577 δημιουργεῖται,
1878 520 1891 565 Α

1950 506 2220 562 diabolica
2275 509 2556 572 domatur,
2599 519 2714 562 tum
2770 501 2976 561 bonum
3031 516 3215 569 omne.
3266 505 3375 570 his.
3431 508 3526 575 qui

264 608 365 662 καὶ
395 606 826 678 ἀραδιούργητον
853 600 1300 671 διαφυλάττεται.

339 796 437 852 ις’.
468 788 524 841 Ὀ
547 789 837 850 πιστεύων,
857 785 1131 854 λφοὸεῑταν
1168 780 1622 851 ὁδὲηφοόοὐμενος
1652 796 1849 831 ταπει-

285 876 496 930 νοῦται*
514 881 542 930 6
557 879 612 929 δὲ
632 876 1072 946 ταπεινούμενος,
1096 873 1423 942 πραΰνεται,
1449 872 1548 941 τὴν
1571 870 1678 923 τῶν
1696 869 1848 941 παρά

273 969 437 1037 φύσιν
463 966 554 1020 τοῦ
581 967 755 1036 θυμοῦ
792 966 888 1019 καὶ
930 965 1029 1034 τῆς
1066 964 1363 1033 ἐπιθυμίας
1398 963 1715 1032 κινημάτων
1749 962 1843 1014 άν-

269 1061 568 1131 ενέργητον
590 1058 702 1124 ἕξιν
722 1056 923 1111 λαεώψ
947 1059 974 1109 6
996 1057 1050 1108 δὲ
1088 1055 1288 1124 πραῢς,
1313 1056 1471 1125 τηρεῖ
1487 1054 1585 1116 τὰς
1607 1053 1844 1115 ἐντολάς·

260 1152 361 1206 ὁδὲ
383 1151 568 1223 τηρῶν
600 1149 697 1213 τὰς
726 1148 965 1212 ἐντολὰς,
998 1147 1345 1216 καθαίρεται·
1376 1148 1406 1198 6
1432 1146 1492 1198 δὲ
1525 1143 1844 1213 καθαρθεὶς,

262 1243 622 1311 ἑλλάμπεται·
648 1244 676 1295 6
693 1242 750 1294 δὲ
771 1239 1120 1310 ὲλλαμφθεὶς,
1152 1240 1209 1293 ὲν
1241 1236 1319 1307 τῷ
1349 1237 1584 1307 ταμιείῳ
1610 1235 1717 1286 τῶν
1754 1252 1847 1305 μυ-

263 1334 506 1405 στηρίων
535 1332 780 1399 ἀξιοῦται
809 1332 889 1403 τῷ
920 1331 1141 1402 νυμφίῳ
1176 1330 1335 1399 Λόγῳ
1365 1326 1843 1396 συγκοιτασοῆναι.

344 1586 430 1651 ιζ’.
462 1588 671 1657 Ὠσπερ
695 1585 963 1655 γεωργὸς,
996 1585 1138 1655 ὑπὲρ
1164 1584 1260 1637 τοῦ
1298 1602 1352 1637 τι
1380 1582 1489 1636 τῶν
1516 1583 1724 1657 ἀγρίων
1748 1601 1846 1654 με·

263 1679 602 1750 ταφυτεῦσαι
626 1679 857 1749 δένδρων
881 1678 1189 1747 ἐπιτήδειον
1216 1677 1435 1731 σκοπῶν
1456 1677 1678 1747 χωρίον,
1696 1677 1845 1729 ἀνελ-

266 1773 447 1841 πίστῳ
489 1769 752 1841 θησαυρῷ
782 1769 1128 1839 περιπίπτει·
1163 1768 1310 1820 οὕτω
1339 1767 1434 1819 καὶ
1466 1771 1570 1831 πᾶς
1595 1768 1843 1837 ἀσκητὴς

266 1852 649 1930 ταπεινόφρων
694 1861 790 1914 καὶ
823 1861 1147 1925 ἄπλαστος,
1177 1860 1272 1911 καὶ
1319 1858 1463 1919 λεῖος
1503 1857 1644 1911 κατά
1667 1857 1844 1928 ψυχὴν
1877 1849 1917 1901 Β

267 1953 369 2021 τῆς
398 1950 589 2020 ὑλικῆς
617 1949 938 2020 δασύτητος,
984 1948 1129 2002 κατά
1155 1948 1248 2000 τὸν
1273 1947 1690 2019 μακαριώτατον
1736 1949 1845 1999 Ἰα-

267 2042 408 2109 κὼό,
457 2043 563 2095 ὑπὸ
606 2040 701 2095 τοῦ
742 2043 954 2113 Πατρδς
994 2039 1349 2112 ἐρωτώμενος
1399 2040 1501 2110 τῆς
1538 2041 1847 2109 ἐπιστήμης

264 2133 360 2188 τὸν
386 2135 606 2206 τρόπον·
641 2134 700 2187 Τί
744 2133 921 2187 τοῦτο
951 2133 981 2186 6
1028 2132 1177 2201 ταχὺ
1206 2127 1398 2198 εὗρες,
1442 2134 1690 2196 τέκνον;
1714 2133 1847 2183 ἀπο-

264 2222 512 2293 κρίνεται
524 2221 716 2289 λέγων’
730 2223 798 2275 Ὃ
809 2222 1115 2289 παρέδωκε
1133 2221 1346 2287 Κύριος
1362 2222 1395 2274 d
1406 2221 1552 2284 Θεὸς
1568 2220 1849 2273 ἐναντίον

258 2333 403 2383 μου.
445 2315 613 2367 Ὅταν
657 2315 766 2385 γάρ
794 2315 924 2383 ἡμῖν
960 2314 988 2365 6
1019 2312 1149 2375 Θεὸς
1181 2312 1407 2383 παραδῷ
1450 2312 1550 2383 τῆς
1588 2312 1724 2374 ἰδίας
1761 2328 1848 2365 σο-

267 2406 399 2477 φίας
427 2406 497 2459 τὰ
526 2406 666 2474 σοφά
706 2405 1044 2476 θεωρήματα
1078 2405 1327 2475 καμάτου
1357 2403 1548 2475 χωρὶς,
1587 2404 1649 2456 οὐ
1680 2420 1847 2474 προσ-

265 2500 551 2570 δοκήσασι,
600 2498 870 2570 θησαυρὸν
902 2497 1161 2567 ἐξαίφνης
1195 2496 1564 2565 πνευματικὸν
1612 2494 1845 2565 εὑρηκέ-

265 2610 357 2645 ναι
398 2592 731 2662 νομίσωμεν.
766 2592 1013 2659 Γεωργὸς
1050 2590 1158 2660 γὰρ
1206 2588 1570 2659 πνευματικός
1619 2590 1767 2639 ἐστιν
1819 2586 1849 2638 6

216 2745 220 2748 ξ
264 2683 488 2753 δόκιμος
511 2684 780 2754 ἀσκητὴς,
809 2681 906 2751 τὴν
947 2682 1080 2752 πρὸς
1123 2681 1374 2751 αἴσθησιν
1407 2678 1566 2751 [unus
1592 2678 1722 2748 Reg.
1747 2678 1849 2748 τὴν

266 2772 552 2844 αἰσθητὸν]
593 2772 700 2824 τῶν
731 2772 943 2841 ὁρατῶν
990 2772 1243 2842 θεωρίαν,
1288 2769 1365 2833 ὡς
1403 2771 1592 2840 ἄγριον
1633 2768 1849 2840 δένδρον

266 2864 405 2935 πρὸς
443 2863 541 2934 τὴν
574 2861 683 2917 τῶν
713 2862 920 2933 νοητῶν
963 2862 1146 2933 χώραν
1193 2860 1602 2931 μεταφυτεύων·
1632 2859 1723 2912 καὶ
1751 2858 1849 2929 θη-

268 2956 471 3027 σαυρὸν
514 2955 802 3023 εὑρίσκων,
836 2955 935 3024 τὴν
971 2952 1111 3007 κατὰ
1154 2953 1314 3024 χάριν
1357 2950 1459 3020 τῆς
1507 2951 1566 3002 ὲν
1595 2951 1707 3013 τοῖς
1731 2944 1849 3003 οὖσι

268 3047 463 3114 σοφίας
498 3045 824 3115 φανέρωσιν.

1952 596 2125 663 ipsam
2173 596 2461 666 elegerint,
2504 605 2812 665 praestatur,
2862 590 3208 661 missumque
3259 608 3325 648 ac
3356 593 3530 648 invio-

1949 687 2119 741 latum
2157 697 2426 742 servatur.

2024 779 2108 833 16.
2149 779 2251 844 Qui
2312 779 2507 845 credit,
2556 781 2756 835 timore
2808 783 3157 843 concutitur;
3204 777 3300 847 Qui
3342 786 3528 831 autem

1953 868 2148 924 timore
2204 872 2543 935 concutitur,
2597 872 2813 925 animos
2848 873 3005 941 ponit
3059 887 3125 929 ac
3179 869 3524 924 humiliatur.

1950 959 2100 1013 mitis
2143 958 2203 1011 fit
2235 968 2291 1012 et
2331 971 2672 1022 mansuetus,
2721 962 2958 1016 inertem
3018 976 3083 1016 ac
3123 969 3386 1018 ouantem
3443 964 3526 1018 in—

1949 1047 2281 1099 naturalium
2320 1048 2411 1102 irae
2460 1058 2517 1102 et
2548 1049 2868 1118 cupiditatis
2912 1058 3162 1107 motuum
3204 1061 3398 1109 nactus
3424 1054 3527 1109 ιιι]-

1948 1137 2125 1191 bitum
2155 1155 2168 1191 :
2198 1140 2347 1193 mitis
2371 1156 2539 1209 porro
2563 1148 2621 1194 et
2650 1151 2990 1207 mansuetus,
3024 1143 3280 1199 mandata
3306 1157 3523 1201 servat:

1946 1232 2042 1300 qui
2069 1240 2250 1285 autem
2267 1243 2451 1287 servat
2468 1234 2743 1297 mandata,
2772 1244 3063 1304 purgatur;
3090 1247 3354 1308 purgatus
3369 1253 3524 1302 vero,

1948 1323 2253 1378 illustratur
2288 1343 2301 1376 :
2338 1324 2643 1377 illustratus
2665 1324 2929 1393 denique,
2958 1325 3012 1378 in
3034 1327 3293 1395 penitiori
3325 1338 3529 1400 myste-

1949 1415 2160 1468 riorum
2197 1416 2467 1476 conclavi.
2509 1431 2633 1469 cum
2668 1417 2850 1472 Verbo
2887 1433 3091 1487 sponso
3128 1418 3275 1473 thori
3314 1430 3526 1477 secreta

1949 1513 2133 1559 tenere
2175 1516 2438 1561 meretur.

2020 1596 2104 1648 17.
2165 1596 2638 1661 Quemadmodum
2686 1599 2774 1652 vir
2833 1600 3092 1669 agricola,
3154 1600 3284 1656 dum
3329 1616 3525 1671 agrum

1944 1688 2332 1749 eonnnmlnm,
2396 1688 2449 1741 in
2514 1704 2626 1757 quo
2690 1689 2970 1745 silvestres
3029 1691 3246 1760 aliquas
3301 1693 3530 1747 arbores

1947 1776 2329 1843 transplantct,
2384 1779 2626 1846 dispicit,
2679 1781 2959 1848 insperato
2991 1779 3047 1832 in
3087 1782 3407 1836 thesaurum
3440 1782 3528 1835 in-

1945 1862 2081 1916 cidit
2116 1880 2128 1915 :
2157 1866 2235 1917 sic
2273 1881 2495 1933 quoque
2531 1867 2781 1936 quisquis
2816 1869 3107 1938 religiosus
3139 1871 3337 1934 cultor,
3359 1884 3528 1924 sensu

1947 1954 2229 2008 mmlcstus
2280 1971 2345 2007 ac
2400 1955 2627 2024 simplex
2678 1959 2972 2027 animoque
3037 1959 3179 2013 lenis
3218 1975 3248 2013 a
3305 1966 3526 2014 terrena

1947 2042 2179 2096 hirsutie
2213 2058 2277 2098 ac
2326 2042 2617 2111 pilositate,
2675 2046 2822 2098 haud
2872 2062 3032 2100 secus
3077 2062 3141 2101 ac
3172 2048 3528 2103 beatissimus

1944 2134 2133 2196 Jacoh,
2168 2133 2415 2198 exsistit;
2472 2145 2826 2202 percontante
2877 2135 3040 2209 465
3077 2149 3229 2207 patre
3277 2140 3525 2196 scientia:

1947 2223 2167 2276 modum
2208 2241 2221 2275 :
2260 2221 2395 2286 Quid
2449 2223 2543 2275 hoc
2593 2224 2730 2293 quod
2773 2235 2883 2277 tam
2935 2227 3037 2280 cito
3090 2229 3356 2294 invenisti,
3393 2228 3526 2299 ﬁli?

1947 2311 2242 2380 respondet
2290 2311 2516 2365 dicens:
2552 2310 2702 2375 Quod
2738 2313 2957 2367 tradidit
3003 2314 3258 2369 Dominus
3292 2316 3431 2372 Dm
3464 2319 3524 2372 iu

1947 2412 2220 2472 conspectu
2272 2419 2384 2455 meo
2416 2403 2459 2456 '.
2494 2403 2631 2456 Cum
2676 2404 2823 2459 enim
2868 2405 3015 2459 Deus
3071 2406 3353 2476 sapientia:
3401 2424 3516 2464 sua:

1947 2494 2351 2564 sapientissima
2423 2493 2760 2549 theoremata
2818 2495 3244 2567 (solertissimas
3313 2501 3525 2569 scilicet

1949 2586 2190 2640 rationes
2241 2602 2305 2641 ac
2362 2586 2881 2655 contemplationes)
2929 2588 3083 2641 nullo
3139 2589 3330 2646 labore
3385 2590 3525 2645 nihil

1947 2675 2397 2744 exspectantibus
2471 2675 2632 2728 nobis
2697 2673 3007 2738 tradiderit,
3061 2676 3365 2744 spiritalem
3422 2692 3525 2733 nos

1950 2766 2269 2819 thesaurum
2302 2764 2582 2819 invenisse
2627 2767 3025 2822 existimemus.
3075 2767 3347 2823 Probatus
3375 2767 3524 2822 enim

1950 2855 2315 2920 Exercitator,
2349 2857 2616 2925 spiritalis
2657 2859 2895 2927 agricola
2935 2868 3040 2924 est,
3080 2876 3264 2914 rerum
3311 2860 3527 2918 scilicet

1949 2948 2127 3003 oculis
2168 2948 2542 3018 subjeclarum
2588 2966 2697 3018 qua
2740 2965 2905 3004 sensu
2954 2952 3359 3021 percipiuntur,
3394 2967 3525 3021 spe-

1950 3040 2307 3104 culationem,
2341 3040 2486 3094 haud
2516 3056 2677 3095 secus
2703 3057 2766 3095 ac
2811 3042 3116 3096 silvestrem
3162 3043 3442 3107 arborem,
3468 3043 3524 3098 in

266 3153 454 3192 rerum
508 3137 859 3206 spiritalium,
910 3150 973 3189 ac
1010 3149 1132 3204 qua:
1180 3141 1365 3187 mente
1427 3131 1837 3200 intelliguntur,
1881 3130 2057 3183 solum
2098 3131 2524 3199 transplantans,
2578 3140 2745 3199 atque
2824 3131 3145 3186 thesaurum
3209 3132 3520 3199 offendens,

264 3246 466 3302 nempe
508 3247 632 3301 qua:
674 3247 773 3302 per
811 3232 1039 3302 gratiam
1082 3236 1184 3291 est,
1212 3226 1500 3296 sapientia:
1528 3223 1840 3279 exsistcntis
1880 3226 1933 3279 in
1984 3225 2151 3279 rebus
2201 3223 2720 3277 manifestationem.

340 3347 435 3413 ιη’.
483 3343 673 3409 Ἀφνω
711 3338 1094 3409 προσπεσοῦσα
1135 3337 1337 3404 γνῶσις
1372 3336 1531 3388 θείων
1558 3333 1847 3403 θεωρημέι-
1874 3322 1914 3375 C

264 3433 376 3486 τῶν
404 3432 483 3502 τῷ
515 3434 726 3502 άσκητῇ
766 3435 838 3501 μὴ
876 3430 1313 3501 προσδοκήσαντι
1343 3426 1429 3478 διὰ
1454 3427 1553 3495 τὴν
1578 3425 1844 3477 ταπείνω-

267 3539 375 3587 σιν,
409 3521 656 3591 κατακλᾷ
698 3521 787 3572 τὸν
825 3518 1087 3588 λογισμὸν
1115 3516 1208 3569 τοῦ
1242 3517 1377 3586 πρὸς
1412 3514 1674 3578 ἐπίδειξιν
1706 3513 1844 3583 μετὰ

267 3613 518 3682 καμάτου
566 3614 663 3664 καὶ⁵
702 3611 867 3664 πόνου
899 3610 1104 3679 ταύτην
1146 3607 1455 3678 ζητοῦντος,
1501 3606 1596 3658 καὶ
1640 3605 1714 3675 μὴ
1752 3606 1841 3657 εὑ-

267 3702 551 3774 ρίσκοντος
585 3718 596 3730 '
640 3701 733 3756 καὶ
783 3703 945 3771 γεννᾷ
984 3700 1062 3769 τῷ
1101 3699 1294 3768 ἄφρονι
1334 3696 1527 3765 φθόνον
1557 3696 1679 3763 είκῆ
1711 3695 1845 3765 πρὸς

268 3795 360 3848 τὸν
397 3796 646 3865 ἀδελφὸν,
684 3795 779 3848 καὶ
811 3793 971 3864 φόνου
1010 3792 1258 3863 μελέτην,
1296 3791 1390 3844 καὶ
1435 3787 1617 3859 ἑαυτῷ
1646 3788 1842 3857 λύπην,

265 3887 360 3942 διὰ
388 3890 450 3943 τδ
481 3890 557 3959 μὴ
582 3888 725 3959 ἔχειν
753 3887 852 3959 τὴν
881 3888 945 3940 ὲκ
974 3885 1082 3938 τῶν
1116 3883 1355 3937 ἐπαίνων
1381 3882 1667 3951 φυσίωσιν.

348 4130 435 4184 ιθ’.
486 4130 550 4183 Oi
594 4126 884 4196 ζητοῦντες
930 4126 1069 4195 μετὰ
1116 4125 1281 4177 πόνου
1320 4122 1545 4192 γνῶσιν,
1588 4121 1681 4173 καί
1715 4120 1848 4172 ἀπο-

270 4220 654 4290 τυγχάνοντες,
690 4219 723 4288 ἢ
758 4219 845 4271 διὰ
893 4217 1153 4271 ἀπιστίαν
1186 4212 1647 4283 ἀποτυγχάνουσι,
1690 4211 1722 4282 ἦ
1758 4228 1847 4262 τυο

272 4311 367 4381 χὺν
388 4310 474 4363 διά
504 4310 565 4363 τὸ
591 4310 775 4377 ἀφυῶς
802 4308 1016 4378 μέλλειν
1038 4307 1232 4369 αὐτοὺς
1283 4302 1847 4374 ἀντιφιλονεικοῦντας

273 4401 596 4472 ἐπαίρεσθαι
626 4400 693 4469 (c)
725 4398 868 4451 κατὰ
899 4398 1010 4450 τῶν
1052 4398 1448 4465 γινωσκόντων,
1510 4393 1585 4455 ὡς
1636 4394 1665 4445 6
1720 4392 1847 4454 λα⁷ς

275 4493 445 4546 πάλαι
476 4492 617 4545 κατὰ
644 4489 922 4552 Μωῡσέως
950 4505 963 4518 ·
1009 4488 1149 4559 πρὸς
1181 4486 1272 4548 οὒς
1301 4486 1328 4537 ὁ
1360 4487 1520 4554 νόμος
1556 4485 1670 4554 ἐρεῖ
1713 4483 1850 4535 δείὶνο

272 4601 405 4647 τως,
422 4584 504 4636 ὅτι
536 4579 1018 4652 παραϐιασάμενοί
1042 4596 1205 4643 τινες,
1230 4576 1503 4645 ἀνέδησαν
1526 4577 1603 4640 είς
1621 4575 1680 4627 τὸ
1702 4575 1845 4645 ὅρος,

2022 3316 2107 3367 18.
2146 3314 2283 3368 Cum
2332 3322 2579 3381 repente,
2614 3315 2751 3367 nihil
2789 3314 2893 3368 tale
2930 3329 3044 3382 pra:
3078 3313 3394 3370 humilitate
3430 3328 3520 3369 eo-

1944 3407 2139 3475 gitanti
2190 3406 2459 3459 monacho
2512 3406 2811 3475 (exercenti
2862 3406 3072 3460 scilicet
3116 3406 3185 3459 ad
3238 3406 3521 3477 pietatem)

1944 3500 2257 3552 divinorum
2291 3499 2692 3553 theoremaan
2725 3515 3123 3567 sensorumque
3164 3499 3395 3555 scientia
3432 3499 3520 3554 in-
3580 3558 3585 3562 ,

1945 3590 2163 3653 eiderit,
2180 3591 2302 3660 ejus
2320 3589 2523 3659 frangit
2543 3591 2809 3651 animum,
2834 3591 2926 3659 qui
2952 3591 3337 3645 ostentationis
3355 3606 3523 3645 causa

1945 3696 2071 3735 eum
2110 3681 2298 3734 labore
2341 3689 2397 3734 et
2426 3690 2627 3735 conatu
2663 3681 2968 3749 qumsitam,
3014 3678 3240 3736 minime
3276 3696 3397 3736 eam
3434 3679 3523 3737 of-

1947 3772 2155 3838 fendit;
2212 3780 2527 3842 temereque
2568 3773 2850 3842 insipienti
2893 3772 3154 3827 invidiam
3184 3772 3384 3828 conﬁat
3425 3772 3525 3827 ad-

1945 3880 2139 3918 versus
2190 3863 2448 3927 fratrem,
2480 3874 2535 3919 et
2586 3872 2649 3917 ut
2690 3880 2879 3919 necem
2931 3865 3008 3918 illi
3053 3865 3333 3929 moliatur,
3381 3865 3520 3920 sibi-

1946 3972 2053 4026 que
2093 3956 2207 4025 ipse
2252 3956 2423 4009 animi
2472 3957 2715 4011 dolorem
2747 3958 2997 4021 asciseat,
3040 3956 3188 4025 quod
3226 3972 3374 4022 eum,
3425 3956 3523 4027 qui

1945 4058 2012 4097 ex
2063 4042 2317 4097 laudibus
2343 4053 2449 4106 est,
2486 4045 2662 4099 fastus
2699 4044 2940 4107 deficiat,
2983 4054 3176 4099 auctor
3207 4046 3445 4101 exsistit.

2018 4134 2105 4188 19.
2144 4133 2261 4201 Qui
2315 4134 2507 4188 labore
2572 4144 2941 4205 contentaque
2984 4150 3155 4204 opera
3211 4144 3526 4204 quaerentes

1946 4225 2252 4287 scientiam,
2300 4226 2420 4293 ejus
2473 4226 2696 4279 minime
2746 4235 3032 4294 compotes
3079 4225 3256 4291 fiunt,
3301 4235 3362 4280 ut
3403 4241 3522 4280 non

1948 4315 2081 4369 fiant
2129 4323 2227 4369 aut
2257 4314 2616 4369 incredulitas
2647 4317 2700 4368 in
2729 4331 2897 4369 causa
2928 4325 3041 4378 est,
3084 4323 3180 4369 aut
3206 4315 3346 4369 forte
3372 4316 3518 4386 quod

1947 4406 2193 4459 futurum
2249 4406 2321 4459 sit
2362 4414 2425 4459 ut
2468 4421 2660 4474 parum
2707 4406 2942 4475 ingenue
2987 4405 3255 4460 adversus
3296 4415 3392 4461 eos
3422 4407 3517 4475 qui

1946 4496 2071 4550 fulti
2124 4498 2352 4551 scientia
2394 4507 2542 4558 sunt,
2593 4497 2999 4551 eontensiosius
3027 4497 3107 4551 eis
3137 4496 3515 4567 repugnando,

1947 4583 2143 4635 animis
2195 4584 2521 4646 efferantur,
2572 4582 2717 4635 haud
2764 4598 2925 4638 secus
2974 4598 3038 4638 ac
3094 4584 3226 4637 olim
3274 4583 3514 4653 populus

276 4675 372 4725 καὶ
424 4670 646 4739 ἐξῆλθεν
673 4672 701 4723 ὁ
748 4671 1074 4739 Ἀμορραῖος
1105 4670 1133 4719 6
1154 4665 1318 4719 οἰκῶν
1344 4666 1401 4716 ὲν
1438 4662 1517 4734 τῷ
1556 4663 1671 4734 ὄρει
1701 4662 1844 4715 ἐκεῖ·
1877 4681 1891 4733 ι

1946 4672 2209 4726 adversus
2257 4673 2512 4742 Moysen;
2558 4674 2611 4727 in
2639 4689 2778 4742 quos
2822 4675 2908 4728 lex
2951 4674 3147 4729 merito
3199 4674 3347 4729 dicat
3406 4675 3517 4729 vim

275 4780 390 4831 νῳ,
448 4762 541 4813 καὶ
597 4760 928 4830 ἐτίτρωσκεν
976 4756 1193 4820 αὐτούς.
1269 4754 1508 4824 ’Δνάγκη
1561 4754 1670 4824 γὰρ
1720 4754 1845 4816 τοὺς

276 4853 590 4918 δπιδείξεως
622 4854 805 4906 ἕνεκεν
837 4849 1369 4921 ὲπιμορφιζομένους
1394 4847 1492 4918 τὴν
1522 4846 1741 4919 ἀρετὴν.
1770 4844 1844 4915 μὴ

279 4947 441 5015 μόνον
469 4946 800 5017 σφάλλεσθαι
819 4943 1104 5006 δολοῦντας
1132 4943 1231 5013 τὴν
1262 4941 1565 5001 εὐσέϐειαν,
1589 4939 1725 4992 ἀλλὰ
1750 4940 1845 4992 καὶ

276 5039 383 5091 ὑπὸ
413 5040 505 5092 τοῦ
530 5040 831 5101 συνειδότος
861 5034 1279 5107 τιτρώσκεσθαι.

1952 4761 2145 4817 fecisse
2169 4764 2439 4830 quosdam
2470 4775 2530 4817 ut
2554 4764 2917 4819 escenderent
2949 4765 3004 4817 in
3033 4775 3309 4830 montem;
3332 4780 3523 4835 egres-

1950 4867 2185 4920 sumque
2225 4852 2635 4918 Amorrhamm,
2693 4856 2897 4909 montis
2941 4855 3086 4909 illius
3130 4854 3386 4919 incolam,
3425 4870 3525 4909 eos

1951 4942 2269 4997 cecidisse‘.
2297 4943 2531 5000 Necesse
2586 4947 2734 4999 enim
2778 4954 2947 5000 estut
2994 4947 3110 5016 qui,
3141 4945 3526 5001 ostentationis

1952 5049 2138 5098 causa,
2186 5034 2409 5090 virtutis
2432 5037 2638 5090 larvam
2686 5048 2991 5102 assumunt,
3041 5039 3242 5093 nedum
3284 5052 3381 5106 Spe
3423 5052 3523 5097 sua

276 5133 633 5199 frustrentur,
662 5133 794 5187 dum
824 5134 1080 5202 pietatem
1107 5129 1441 5191 adulterant,
1466 5142 1654 5181 verum
1681 5127 1871 5191 etiam.
1910 5129 2243 5183 conscientia
2300 5131 2566 5197 cadente,
2592 5133 2818 5186 vulnera
2848 5131 3137 5201 accipiant.

346 5295 367 5326 '
388 5292 524 5348 Gen.
546 5306 711 5356 xxvu,
733 5290 822 5345 20.
900 5292 920 5322 ‘
938 5290 1100 5346 Num.
1127 5307 1236 5354 11v,
1258 5289 1354 5354 40;
1386 5290 1545 5343 Deut.
1567 5305 1605 5353 ι,
1628 5289 1715 5343 41.

350 5423 418 5494 (ε)
466 5423 688 5493 Ἀφυῶς
736 5424 1105 5493 ἐπαίρεσθαι.
1144 5423 1342 5490 Quasi,
1395 5424 1589 5485 stulte,
1634 5422 1845 5494 inepte,

279 5493 440 5559 male,
468 5503 525 5549 et
550 5495 705 5563 quasi
733 5494 903 5547 invita
926 5503 1141 5557 natura,
1173 5509 1293 5562 qua:
1321 5493 1648 5548 modestiam
1670 5493 1852 5560 potius

277 5566 1117 5633 suaderet.iéntuopzpaCopévou;
1136 5564 1233 5629 τὴν
1255 5564 1478 5633 ἀρετήν,
1498 5563 1712 5633 virtutis
1732 5577 1854 5631 spc-

277 5633 417 5687 ciem
441 5632 813 5702 praeferentes.
832 5633 976 5687 Bene
995 5633 1141 5687 enim
1158 5633 1342 5687 Varin.
1370 5632 1853 5702 ἐπιμορφάζοντες,

280 5696 727 5770 σχηματίζοντες.
756 5703 866 5757 Nec
903 5704 1082 5771 placet
1120 5703 1387 5757 Thesaur.
1430 5696 1736 5770 quodeam
1778 5696 1855 5755 si!

278 5772 686 5840 guilicationem
730 5770 1137 5828 solum’tribuat
1163 5772 1333 5829 verbo
1378 5770 1856 5842 papaiqw,aliam-

1949 5435 2055 5490 que
2070 5420 2381 5492 gessegdicat
2416 5422 2570 5475 verbi
2602 5424 2882 5492 μορφάζω,
2910 5421 3055 5492 quod
3090 5421 3320 5492 Hesycb.
3348 5421 3521 5492 νεύειν

1950 5490 2273 5545 reddiderit.
2301 5493 2528 5546 Videtur
2555 5490 2686 5547 sane
2717 5490 2982 5546 remotior
3024 5492 3139 5546 haec
3177 5490 3328 5545 vocis
3377 5491 3525 5546 illius

1951 5559 2309 5629 significatio;
2334 5562 2515 5615 nativa
2538 5579 2690 5625 vero,
2716 5576 2879 5631 quam
2911 5561 3272 5631 compositum
3305 5562 3521 5631 retinet,

1949 5646 2060 5701 qua
2097 5638 2155 5701 et
2187 5630 2433 5684 crebrius
2467 5633 2697 5686 Maximo
2732 5630 3048 5701 usurpatur.
3088 5630 3263 5684 Habet
3298 5640 3354 5683 et
3380 5630 3521 5701 ipse,

1954 5716 2003 5753 c.
2036 5699 2107 5753 25
2150 5717 2164 5751 :
2214 5701 2604 5769 μορξιζόμενος
2646 5701 2847 5769 φιλίανο
2872 5699 3189 5753 ἀηιίσὶιὲανη
3228 5699 3485 5753 simulans

1956 5784 2074 5835 seu,
2108 5771 2220 5840 ejus
2254 5768 2457 5823 (mam
2494 5772 2797 5841 praferens,
2833 5780 2888 5824 ut
2923 5772 3160 5841 proximo
3188 5778 3388 5823 nocent.
