4208 6436
265 432 398 494 1093

1095 414 1437 478 CAPITUM
1474 412 1746 474 THEOL.
1787 411 1883 470 ET
1920 407 2157 471 (ECON.
2199 408 2586 467 CENTURIA
2627 408 2675 465 l.

3362 402 3499 467 1091

261 542 497 614 Χριστὸν
522 536 794 598 ἁπλοϊκῶς
819 534 855 604 ἢ
884 531 1173 601 γινόμενον
1199 531 1234 599 ἢ
1264 530 1576 598 λεγόμενον,
1610 527 1827 614 ἦ-ρπασε
1858 532 1898 583 Α
1929 538 2003 575 rm

1942 538 2072 583 rum,
2121 521 2201 573 vel
2256 517 2536 586 quidpiam
2565 516 2871 570 Christiana
2908 513 3094 568 indole
3137 513 3287 568 omni
3315 522 3503 584 procul

261 609 359 685 κάὶ
400 630 671 699 διέφθειρε
706 644 719 656 ο
772 625 1002 696 μυρίους
1034 621 1321 690 καταχέων
1348 618 1593 688 μῶμους,
1626 609 1700 668 ὧν
1729 618 1843 677 τοῖς

263 723 444 789 λόγοις
472 720 505 788 ἢ
539 720 650 780 τοῖς
680 717 872 787 ήθεσιν
905 712 1208 767 ἐπιτίθεται
1230 726 1248 743 ο
1284 709 1474 777 ὥσπερ
1500 704 1842 767 κατάσκοπος

262 816 365 883 τῆς
395 814 453 864 ἐν
474 809 693 880 Χριστῷ
727 809 835 860 τῶν
863 804 1109 873 ἀδελφῶν
1151 798 1485 872 ἐλευθερίας.

348 1062 461 1120 κς’.
502 1054 562 1106 Ὀ
600 1053 1024 1124 ὑποκρινόμενος
1052 1048 1261 1121 σιωπὴν
1299 1046 1634 1118 κακουργίας
1660 1045 1841 1116 χάριν⁷

266 1148 348 1218 τῷ
400 1146 624 1215 πλησίον
679 1144 1020 1196 τεκταίνεται
1077 1140 1229 1194 δόλον
1261 1156 1273 1169 ·
1336 1133 1399 1191 οῦ
1454 1138 1843 1207 ἀποτυγχάνων

270 1239 481 1300 ἄπεισι,
507 1238 586 1307 τῷ
628 1238 742 1306 ίδίῳ
780 1234 943 1288 πάθει
990 1232 1359 1303 προσθέμενος
1407 1229 1617 1299 όδΰνην.
1683 1230 1741 1280 '0
1787 1227 1843 1278 δὲ

274 1316 494 1380 σιωπῶν
537 1327 803 1395 ὠφελείας
841 1325 1024 1395 χάριν,
1074 1322 1278 1394 ηὔξησε
1329 1320 1550 1388 φιλίαν,
1601 1319 1696 1372 καὶ
1741 1320 1846 1371 άπ-

275 1419 552 1473 ελεύσεται
588 1418 813 1489 χαίρων,
860 1417 935 1481 ὡς
979 1412 1157 1468 λαϐὼν
1188 1412 1464 1482 φωτισμὸν
1508 1409 1846 1474 σκότουςλιι-

274 1510 481 1579 τήριον.

350 1684 451 1748 κζ’.
521 1684 580 1737 ὐ
620 1684 678 1735 ὲν
726 1680 985 1751 συνεδρίῳ
1031 1679 1206 1749 λόγων
1254 1678 1514 1746 ἀκρόασιν
1560 1673 1847 1747 προπετῶς

276 1776 618 1841 ἀνακόπτων,
657 1774 757 1827 οὐκ
807 1772 963 1825 ἔλαθε
1021 1769 1320 1841 φιλοδοξίαν
1370 1768 1539 1821 νοσῶν
1568 1785 1585 1799 ο
1642 1768 1734 1834 ὑφ’
1779 1762 1845 1837 ἧς

1942 613 2265 680 duplicitate
2291 609 2493 664 factum
2522 608 2795 661 dictumve
2824 604 3116 667 invenerit,
3147 604 3292 673 rapit
3327 605 3509 659 statim

1941 717 2007 756 ac
2031 700 2358 770 corrumpit,
2386 697 2693 753 innumeris
2715 711 3011 766 aspergens
3030 694 3377 757 criminibus,
3394 685 3511 757 eos,

1944 793 2000 845 in
2031 806 2267 860 quorum
2303 805 2590 844 sermones
2643 797 2739 841 aut
2799 802 2980 841 mores
3033 787 3350 848 invehitur,
3401 794 3517 838 tan-

1942 899 2103 952 quam
2141 883 2351 937 scilicet
2402 882 2718 950 explorator
2770 877 3043 932 libertatis
3088 877 3339 940 fratrum,
3394 891 3517 945 qua:

1943 982 2028 1027 est
2072 973 2130 1025 in
2168 971 2393 1026 Christo
2419 970 2546 1024 Jcsu
2579 973 2622 1020 '.

2010 1064 2098 1117 26.
2138 1062 2243 1127 Qui
2280 1061 2517 1129 maligno
2555 1060 2820 1127 vafroque
2860 1056 3093 1112 consilio
3126 1056 3407 1110 silentium
3439 1056 3516 1109 si-

1945 1155 2136 1213 mulat,
2190 1151 2377 1204 dolum
2428 1150 2681 1219 proximo
2732 1148 3085 1203 machinatur
3132 1166 3147 1201 :
3196 1147 3357 1219 ‘67
3400 1146 3517 1200 fru-

1943 1251 2230 1312 stratoque
2259 1252 2460 1297 conatu
2500 1242 2639 1304 abit,
2676 1241 2873 1295 morbo
2902 1242 2981 1294 illi
3015 1256 3117 1295 suo
3167 1256 3232 1295 ac
3269 1239 3518 1300 aﬂectui.

1943 1335 2132 1389 dolore
2191 1335 2470 1405 adjuncto.
2526 1333 2629 1400 Qui
2696 1344 2878 1387 autem
2946 1332 3220 1386 commodi
3288 1333 3522 1401 alicujus

1945 1426 2115 1493 gratia
2148 1425 2293 1486 silet,
2330 1426 2628 1479 amicitiam
2677 1433 2861 1494 auget,
2898 1439 2961 1477 ae
2993 1422 3215 1477 recedet
3250 1422 3515 1490 gaudens.

1945 1516 2095 1569 velut
2136 1516 2344 1569 Scilicet
2398 1515 2823 1569 illustrationem
2866 1522 3081 1579 nactus,
3120 1526 3227 1581 qua
3282 1512 3524 1568 tenebra:

1944 1604 2326 1674 dispellantur.

2015 1697 2104 1750 27.
2144 1695 2247 1762 Qui
2296 1695 2351 1749 in
2399 1694 2673 1750 communi
2721 1693 2951 1747 fratrum
3000 1692 3235 1749 concilio
3275 1692 3522 1748 auditum

1945 1801 2251 1840 sermonem
2295 1787 2499 1855 majore
2541 1785 2793 1854 procacia
2828 1784 3206 1854 interrumpit,
3238 1785 3381 1838 haud
3428 1785 3523 1839 ob-

285 1866 641 1937 άλισκόμενος
663 1904 679 1927 ,
738 1864 963 1935 μυρίους
993 1860 1355 1932 προϐάλλεται
1377 1859 1610 1931 δρόμους
1632 1857 1727 1909 καὶ
1757 1873 1849 1908 πε·
1885 1859 1925 1915 Β
1956 1890 2003 1928 ε(

1956 1890 2115 1928 scure
2150 1874 2330 1928 inanis
2365 1875 2550 1944 gloriae
2575 1876 2710 1928 vitio
2739 1890 2796 1927 se
2838 1875 3087 1928 laborare
3116 1876 3387 1941 ostendit;
3418 1892 3524 1944 qua

283 1959 570 2030 ριδρόμους
625 1956 959 2028 προτάσεων,
1010 1953 1101 2006 τὸν
1153 1950 1345 2023 εἱρμὸν
1391 1948 1500 2001 τῶν
1539 1946 1848 2017 λεγομένων

281 2051 563 2120 διαστῆσαι
596 2048 935 2119 βουλόμενος.

359 2242 464 2305 κη’.
505 2235 564 2286 ὐ
620 2231 802 2301 σοφὸς,
853 2230 949 2285 καὶ
999 2229 1267 2282 διδάσκων
1314 2226 1410 2279 καὶ
1451 2223 1851 2293 διδασκόμενος.

289 2326 426 2395 μόνα
461 2325 705 2397 βούλεται
740 2324 809 2376 τὰ
838 2320 1155 2393 ὠφελοῦντα
1199 2316 1545 2372 διδάσκεσθαι
1584 2313 1679 2366 καὶ
1709 2313 1854 2367 διδά-

288 2437 440 2472 σκειν
464 2437 477 2451 ·
514 2422 540 2474 ὁ
567 2418 621 2471 δὲ
643 2418 861 2487 δοκήσει
897 2413 1078 2481 σοφὸς,
1114 2414 1208 2466 καὶ
1245 2409 1466 2482 ἐρωτῶν
1507 2407 1602 2461 καὶ
1644 2406 1857 2479 ἐρωτώ-

290 2511 548 2581 μενος-,τὰ
578 2509 981 2583 περιεργότερα
1016 2508 1176 2578 μόνον
1207 2501 1595 2576 προϐάλλεται.

363 2687 467 2741 κθ’.
488 2680 589 2738 Ὧν
614 2685 841 2755 μετέσχε
871 2700 952 2746 τις
980 2682 1121 2735 κατά
1144 2681 1279 2734 Θεοῦ
1308 2681 1468 2752 χάριν
1496 2679 1737 2747 ἀγαθῶν,
1766 2676 1858 2730 καὶ

292 2782 473 2843 ἄλλοις
502 2778 751 2847 ἀφθόνως
782 2775 1102 2847 μεταδοῦναι
1129 2774 1411 2844 χρεώστης
1449 2772 1585 2825 ἐστί.
1630 2769 1860 2837 Δωρεὰν

292 2874 422 2946 γάρ,
450 2873 634 2941 φησὶν,
668 2868 928 2933 ἐλάϐετε,
960 2867 1185 2934 δωρεὰν
1211 2866 1365 2918 δότε.
1403 2864 1460 2917 Ὀ
1481 2864 1587 2931 γὰρ
1614 2863 1718 2915 ὑπὸ
1757 2863 1859 2931 γῆν

293 2966 554 3032 κρύπτων
584 2959 682 3029 τὴν
714 2958 941 3027 δωρεάν,
969 2956 1043 3019 ὡς
1078 2954 1313 3023 σκληρὸν
1340 2952 1611 3005 διαϐάλλει
1646 2951 1738 3002 τὸν
1772 2948 1861 3001 xti-

288 3072 430 3129 ριον,
460 3052 631 3120 φειδοῖ
658 3053 757 3121 τῆς
788 3048 985 3120 σαρκὸς
1024 3046 1120 3117 τὴν
1157 3046 1355 3115 ἀρετὴν
1382 3042 1759 3113 ὲξομνύμενος.
1802 3043 1860 3094 '0

290 3145 349 3201 δὲ
380 3144 704 3214 πιπράσκων
727 3140 942 3212 ἐχθροῖς
972 3138 1068 3207 τὴν
1113 3137 1391 3205 ἀλήθειαν,
1441 3135 1667 3204 ὕστερον
1699 3134 1860 3198 ἀλοῦς

293 3253 372 3299 ως
401 3235 690 3305 φιλόδοξος,
718 3233 793 3304 μὴ
820 3234 1000 3302 φέρων
1024 3231 1122 3301 τὴν
1144 3228 1407 3298 αἰσχύνην
1431 3226 1755 3296 ἀπάγχεται.

1955 1965 2165 2019 scilicet
2207 1976 2419 2034 captus,
2466 1967 2788 2020 innumeros
2850 1967 3282 2035 propositionum
3334 1982 3529 2023 cursus

1956 2064 2119 2125 atque
2150 2055 2426 2126 ambages,
2456 2057 2726 2111 sermonis
2750 2057 2948 2111 seriem
2974 2055 3374 2120 intercidendo,
3404 2070 3529 2125 pro-

1958 2145 2131 2213 ponit.

2026 2235 2117 2289 28.
2150 2232 2400 2301 Sapiens,
2436 2233 2550 2287 sive
2587 2232 2787 2289 doceat
2815 2235 2930 2289 sive
2965 2235 3248 2299 doceatur,
3285 2248 3351 2289 ea
3386 2233 3528 2287 dun-

1963 2334 2110 2381 taxat
2156 2325 2343 2379 doceri
2391 2326 2508 2379 vult
2538 2341 2604 2380 ac
2630 2326 2853 2392 docere,
2899 2328 3019 2397 quas
3049 2327 3204 2381 utilia
3250 2333 3395 2381 sunt.
3428 2324 3534 2391 Qui

1962 2432 2091 2472 vero
2116 2416 2299 2485 specie
2328 2426 2485 2470 tenus
2516 2417 2773 2487 larvaque
2803 2419 3102 2488 sapientem
3126 2425 3383 2481 ostentat,
3419 2418 3535 2470 sive

1960 2524 2124 2578 quem
2160 2509 2274 2577 ipse
2318 2516 2692 2578 percontetur,
2742 2510 2857 2563 sive
2905 2525 2972 2563 ex
3022 2510 3141 2579 ipso
3188 2510 3536 2579 percontanti

1963 2599 2309 2668 respondeat.
2342 2599 2644 2653 curiosiora
2681 2599 3023 2653 solummodo
3054 2599 3324 2653 obtendit.

2030 2691 2119 2745 29.
2170 2691 2303 2757 Quae
2349 2691 2473 2760 quis
2518 2691 2659 2745 bona
2697 2691 2886 2746 divino
2938 2707 3167 2747 munere
3207 2697 3540 2745 consecutus

1967 2793 2074 2847 est,
2102 2783 2225 2852 ipse
2270 2799 2489 2853 quoque
2525 2782 2675 2853 large
2724 2783 2845 2837 aliis
2891 2783 3158 2853 impartiri
3214 2783 3400 2836 debet.
3449 2781 3541 2836 Ait

1963 2875 2134 2937 enim,
2160 2874 2337 2930 Gratis
2369 2875 2659 2944 accepistis,
2693 2875 2859 2943 gratis
2890 2874 3014 2927 date
3039 2875 3102 2926 ὀ.
3139 2873 3241 2939 Qui
3269 2873 3412 2927 enim
3446 2887 3538 2926 ac-

1966 2975 2185 3034 ceptum
2218 2965 2418 3019 donum
2460 2965 2515 3019 in
2550 2974 2696 3019 terra
2722 2964 3028 3028 abscondit,
3072 2964 3196 3018 duri
3229 2979 3293 3018 ac
3334 2963 3540 3018 austeri

1972 3058 2181 3109 crimen
2218 3057 2441 3110 domino
2470 3056 2718 3125 impingit
2746 3057 2825 3117 “;
2855 3057 2950 3125 qui
2991 3056 3249 3110 nimirum
3284 3064 3347 3109 ut
3389 3055 3540 3110 carni

1966 3158 2152 3214 parcat
2179 3163 2242 3202 ac
2272 3148 2569 3217 indulgeat,
2601 3148 2863 3201 virtutum
2894 3149 3040 3201 cultu
3082 3147 3360 3201 laboribus
3391 3145 3540 3216 fungi

1893 3225 1933 3277 (ἶ
1966 3237 2231 3307 defugiat.
2284 3236 2386 3303 Qui
2440 3247 2621 3292 autem
2680 3238 2931 3292 hostibus
2982 3238 3269 3292 veritatem
3319 3235 3539 3299 vendit,

296 3335 485 3400 postea
534 3326 909 3396 deprehensus
938 3331 1099 3393 atque
1144 3320 1449 3383 convictus,
1484 3318 1636 3372 velut
1685 3317 1863 3373 inanis
1900 3324 2084 3392 gloria:
2108 3328 2361 3397 cupidus,
2434 3327 2699 3398 probrum
2736 3343 2844 3381 non
2905 3327 3107 3390 ferens,
3143 3326 3247 3381 sibi
3273 3327 3388 3395 ipse
3420 3324 3541 3379 fau-

298 3435 393 3475 ces
424 3418 701 3489 prmfocat.

372 3512 439 3564 λ’.
465 3510 605 3570 Τοὺς
632 3507 709 3559 ἔτι
727 3504 1034 3565 δειλιῶντας
1061 3502 1154 3554 τὸν
1176 3500 1313 3569 πρὸς
1338 3500 1403 3551 τὰ
1434 3498 1584 3567 πάθη
1610 3497 1866 3566 πόλεμον,

300 3604 398 3657 καὶ
427 3598 793 3670 φοϐουμένους
823 3594 921 3664 τὴν
952 3592 1061 3646 τῶν
1110 3591 1357 3661 ἀοράτων
1399 3587 1608 3660 ἐχθρῶν
1654 3587 1871 3655 ἐπιδρο-

304 3696 436 3766 μὴν,
464 3690 675 3760 σιωπᾷν
711 3687 791 3740 δεῖ
823 3704 836 3718 ο
873 3684 1136 3745 τουτέστι,
1168 3683 1258 3734 τὸν
1292 3680 1434 3749 ὑπὲρ
1457 3679 1658 3751 ἀρετῆς
1688 3678 1846 3747 άντιῤ

305 3784 527 3857 ῥητικδν
568 3782 642 3851 μὴ
698 3774 1169 3851 μεταχειρίζεσθαι
1220 3772 1421 3844 τρόπον
1452 3786 1465 3800 ·
1517 3769 1652 3822 ἀλλὰ
1697 3782 1875 3838 παρα-

304 3878 504 3948 χωρεῖν
534 3872 611 3943 τῷ
634 3870 751 3941 Θεῷ
782 3869 848 3923 δι’
903 3867 1089 3937 εὐχῆς,
1148 3864 1245 3934 τὴν
1287 3863 1426 3934 ὑπὲρ
1466 3858 1675 3915 ἑαυτῶν
1724 3857 1879 3928 μέρι-

310 3985 449 4041 μναν
482 3984 496 3998 ο
534 3965 667 4035 πρὸς
696 3962 787 4025 οὓς
820 3962 878 4014 ἐν
943 3958 1139 4026 Ἐξόδῳ
1163 3954 1380 4022 λέγεται
1409 3969 1423 3983 ⁶
1458 3952 1670 4019 Κύριος
1701 3956 1879 4005 πολε-

300 4061 485 4132 μήσει
514 4060 645 4127 περὶ
696 4056 882 4126 ὑμῶν,
930 4053 1028 4108 καὶ
1066 4050 1235 4120 ὑμεῖς
1266 4048 1614 4116 σιγήσεσθε.
1659 4047 1797 4108 Τοὺς
1821 4045 1878 4098 δὲ

307 4156 415 4225 ἤδη
448 4152 587 4224 μετά
626 4150 721 4220 τὴν
756 4147 1032 4216 ἀναίρεσιν
1072 4143 1181 4195 τῶν
1216 4140 1539 4203 διωκόντων,
1592 4139 1717 4199 τοὺς
1770 4136 1880 4189 τῶν

311 4243 521 4312 ἀρετῶν
560 4238 947 4308 ἐπιζητοῦντας
980 4232 1218 4304 τρόπους
1262 4229 1397 4301 πρὸς
1434 4226 1748 4296 εὐγνώμονα
1777 4225 1882 4295 μά-

304 4339 492 4407 θησιν,
524 4335 640 4388 δέον
665 4333 806 4402 ἔχειν
836 4329 995 4401 μόνον
1017 4323 1359 4395 ἠνεῳγμένον
1392 4322 1491 4389 τῆς
1536 4319 1773 4380 διανοίας
1824 4316 1885 4407 τὸ

306 4406 408 4489 οὺς
437 4444 451 4457 ·
496 4426 630 4493 πρὸς
662 4422 753 4486 οῦς
782 4436 966 4490 φησιν,
997 4418 1213 4471 ’Λκουε
1257 4409 1510 4479 Ἰσραήλ.
1544 4407 1633 4477 Τῷ
1665 4408 1723 4460 δὲ
1754 4406 1883 4474 σφό-

308 4521 419 4590 δρα
449 4516 534 4572 διὰ
563 4516 661 4585 τὴν
688 4513 975 4582 κάθαρσιν,
1006 4510 1102 4577 τῆς
1138 4505 1287 4567 θείας
1315 4501 1588 4571 ἐφιεμένῳ
1609 4498 1882 4567 γνώσεως,

314 4613 573 4683 ἁρμόδιος
606 4612 638 4679 ἠ
670 4605 901 4676 εὐλαϐὴς
944 4601 1227 4675 παρρησία
1255 4616 1270 4629 ο
1309 4597 1443 4665 πρὸς
1484 4594 1545 4647 ὃν
1585 4594 1883 4664 εἰρήσεται,

2037 3500 2126 3553 50.
2170 3501 2273 3567 Qui
2318 3502 2499 3556 adhuc
2546 3502 2850 3557 timidiores
2899 3510 3045 3565 sunt,
3095 3516 3259 3572 quam
3305 3510 3366 3556 ut
3412 3504 3543 3561 belli

1970 3592 2168 3645 molem
2200 3592 2462 3646 adversus
2480 3593 2924 3661 perturbationes
2946 3591 3195 3661 vitiaque
3214 3593 3541 3659 sustineant,

1972 3676 2437 3747 invisibiliumque
2478 3678 2717 3734 hostium
2757 3678 3170 3748 impressionem
3212 3679 3544 3741 formidant.

1973 3782 2150 3837 Opera:
2168 3769 2398 3837 pretium
2423 3770 2493 3823 sit
2516 3777 2578 3823 ut
2601 3769 2828 3832 sileant,
2859 3769 3076 3824 tuenda;
3100 3770 3311 3826 scilicet
3330 3773 3548 3828 virtutis

1974 3870 2179 3930 partes,
2227 3861 2558 3916 adversariis
2608 3860 3008 3930 respondendo,
3054 3876 3166 3916 non
3210 3862 3545 3932 suscipiant;

1975 3950 2070 4004 sed
2100 3950 2155 4003 in
2186 3965 2376 4019 preces
2405 3950 2588 4014 ell'usi,
2623 3951 2707 4004 sui
2740 3965 2927 4004 curam
2961 3950 3071 4005 Deo
3105 3951 3458 4020 permittant;
3480 3968 3549 4007 ex

1976 4056 2207 4110 quorum
2244 4041 2468 4094 nomine
2516 4042 2573 4094 in
2621 4040 2810 4094 Exodo
2856 4040 3058 4094 dicitur
3100 4058 3114 4095 :
3163 4041 3418 4096 Dominus
3452 4061 3551 4113 pu-

1977 4133 2156 4204 gnabit
2187 4148 2282 4201 pro
2313 4133 2474 4197 vobis,
2506 4141 2555 4185 et
2579 4149 2665 4186 vos
2687 4132 2917 4185 tacebitis
2943 4132 3005 4186 “.
3039 4132 3141 4197 Qui
3176 4141 3382 4197 autem,
3416 4135 3552 4189 sub-

1981 4222 2108 4278 latis
2158 4225 2270 4293 jam
2313 4222 2783 4292 persecutoribus,
2813 4222 3077 4277 virtutum
3107 4223 3394 4292 inquirunt
3432 4241 3553 4279 mo-

1982 4311 2101 4375 dos,
2152 4321 2370 4380 apertas
2411 4312 2676 4366 duntaxat
2719 4310 2957 4365 habeant
3002 4327 3228 4368 necesse
3269 4321 3355 4368 est
3385 4314 3554 4368 animi

1984 4418 2165 4465 aures,
2214 4411 2275 4456 ut
2320 4404 2559 4458 candore
2594 4402 2919 4466 addiscant;
2974 4405 3040 4458 ad
3085 4420 3224 4474 quos
3244 4407 3322 4461 ait
3350 4425 3364 4461 :
3394 4394 3555 4473 Audi,

1985 4491 2154 4571 Israel
2188 4492 2252 4545 ¹³.
2286 4492 2423 4545 Eum
2468 4493 2706 4562 denique
2735 4494 2829 4562 qui
2865 4498 3175 4565 purgatiore
3208 4499 3414 4561 animo,
3444 4500 3556 4553 acri

1986 4585 2183 4639 divinae
2211 4584 2454 4639 scientia:
2476 4585 2751 4639 desiderio
2784 4594 3000 4650 azstuat,
3028 4586 3115 4655 pia
3149 4587 3309 4643 decet
3337 4589 3557 4659 religio-

324 4676 561 4770 ἀίί-,ϐοᾷς
586 4676 737 4766 πρός
770 4714 880 4765 με;
915 4692 1126 4748 Οὐκοῦν
1154 4694 1260 4760 ὅτῳ
1289 4690 1386 4760 μὲν
1414 4686 1591 4755 σιωπὴ
1615 4686 1700 4739 διὰ
1722 4685 1883 4752 φόϐον
1917 4759 1955 4770 ﬁ
1989 4694 2003 4732 ε

1989 4692 2154 4747 saque
2203 4678 2477 4731 sermonis
2527 4676 2760 4742 ﬁducia;
2809 4677 2875 4731 ad
2926 4693 3088 4747 quem
3138 4678 3563 4745 dicetur:Quid

317 4759 747 4866 προστέτακται,
770 4759 1087 4859 πρόσφορος
1130 4759 1349 4852 μόνοννή
1383 4778 1517 4850 πρὸς
1551 4777 1684 4830 Θεδν
1716 4794 1885 4830 καταο
1917 4759 1961 4816 D
1986 4791 2003 4826 ι

1942 4760 2187 4826 lclamas
2237 4770 2307 4824 ad
2349 4788 2430 4823 me
2463 4770 2546 4822 "1’
2579 4769 2681 4824 Cui
2713 4785 2843 4839 ergo
2873 4786 2987 4839 prae
3018 4773 3213 4825 timore
3241 4770 3443 4825 silentii
3476 4771 3556 4825 lex

320 4860 468 4957 φυγή
499 4887 641 4954 ’ὅτῳ
670 4883 726 4935 δὲ
776 4878 996 4934 ἀκούειν
1042 4874 1497 4945 παρακελεύεται,
1547 4870 1802 4939 ἁρμόδιος
1856 4871 1889 4938 ή
1987 4879 2003 4932 ι

1987 4862 2164 4932 posita
2194 4870 2296 4925 est,
2332 4861 2384 4914 id
2425 4877 2590 4915 unum
2627 4862 2898 4931 congruit,
2935 4869 2996 4915 ut
3040 4861 3107 4915 ad
3150 4862 3321 4916 Deum
3366 4860 3561 4914 confii-

318 4979 457 5050 πρὸς
495 4975 742 5043 ὑπακοὴν
774 4972 882 5025 τῶν
922 4970 1081 5024 θείων
1113 4966 1339 5022 ἐντολῶν
1374 4962 1657 5033 ἑτοιμότης
1688 4978 1702 4991 ·
1736 4960 1814 5030 τῷ
1837 4960 1893 5013 δὲ
1988 4971 2003 5024 ί

1988 4954 2100 5024 giat
2124 4973 2137 5006 :
2163 4954 2213 5007 ei
2248 4962 2429 5006 autem
2471 4953 2565 5020 qui
2593 4953 2784 5007 audire
2826 4952 3075 5022 iubetur,
3106 4966 3288 5021 opera:
3321 4951 3562 5021 pretium

322 5065 633 5137 γνωστικῷ,
669 5064 729 5117 τὸ
775 5063 840 5116 δι’
898 5059 1108 5113 ἱκεσίαν
1165 5056 1469 5116 ἀπαύστως
1521 5054 1649 5124 βοᾷν
1712 5051 1895 5120 ἐπιτή-

319 5160 486 5221 δειον,
525 5156 663 5225 ὑπὲρ
701 5171 760 5206 τε
788 5155 886 5223 τῆς
928 5151 1036 5204 τῶν
1085 5148 1270 5203 κακῶν
1307 5146 1641 5216 ἀποτροπῆς,
1684 5144 1776 5198 καὶ
1805 5144 1898 5197 εὐ·

323 5253 611 5323 χαριστίας
641 5249 740 5317 τῆς
764 5247 872 5300 τῶν
900 5244 1120 5313 ἀγαθῶν
1159 5242 1468 5313 μετουσίας.

396 5422 498 5474 λα’.
541 5419 806 5472 Οὐδέποτε
853 5414 998 5485 ψυχὴ
1044 5411 1269 5465 δύναται
1305 5409 1441 5479 πρὸς
1490 5405 1692 5474 γνῶσιν
1733 5405 1890 5457 ἐκτα-

1990 5053 2052 5099 ιιι
2081 5043 2283 5097 divinis
2328 5043 2599 5097 mandatis
2639 5052 2924 5113 promptus
2967 5043 3249 5097 obaudiat.
3290 5042 3561 5097 Caeterum

1994 5134 2155 5189 docto
2188 5147 2250 5186 ac
2280 5133 2517 5200 spiritali
2553 5142 2738 5202 aptum
2775 5133 2825 5187 id
2859 5149 2921 5187 ac
2956 5133 3235 5195 idoneum,
3266 5143 3326 5186 ut
3354 5133 3564 5202 suppli-

1991 5225 2163 5281 cando
2180 5224 2518 5278 incessanter
2536 5225 2751 5289 clamet,
2772 5234 2886 5279 tum
2913 5227 3049 5279 mala
3070 5224 3352 5280 avertendi
3376 5239 3563 5289 causa,

1992 5326 2106 5370 tum
2133 5325 2193 5369 ut
2220 5314 2286 5368 de
2317 5315 2589 5383 perceptis
2614 5314 2771 5369 bonis
2798 5316 2999 5384 gratias
3025 5324 3165 5386 agat.

2061 5405 2332 5478 46851.
2357 5406 2643 5474 Nunquam
2677 5406 2769 5460 ﬁat
2798 5415 2857 5460 ut
2876 5407 3055 5461 anima
3080 5410 3146 5462 ad
3177 5408 3269 5461 Dei
3302 5421 3359 5461 sc
3388 5407 3570 5461 scien-

324 5514 492 5583 θῆναι
518 5510 674 5577 Θεοῦ,
709 5512 757 5562 εί
794 5509 869 5579 μὴ
903 5505 1067 5569 αὐτὸς
1096 5507 1123 5558 ό
1145 5503 1277 5566 Θεὸς
1315 5496 1721 5570 συγκαταϐάσει
1760 5514 1898 5567 χρη·
1998 5510 2003 5552 1

1998 5498 2126 5553 tiam
2172 5496 2451 5559 extendat,
2483 5496 2616 5565 quin
2649 5496 2813 5559 Deus,
2843 5514 2949 5565 qua
2982 5512 3040 5552 se
3076 5497 3152 5550 illi
3200 5494 3440 5550 demittit
3481 5495 3568 5550 in-

330 5605 569 5674 σάμενος
606 5600 809 5670 ἅψηται
851 5598 1042 5666 αὐτῆς,
1088 5594 1186 5649 καὶ
1225 5592 1479 5662 ἀναγάγῃ
1510 5588 1646 5659 πρὸς
1686 5588 1897 5644 ἑαυτόν.

335 5788 423 5844 15.

373 5719 426 5805 ν’
443 5717 615 5773 Galat.
641 5732 700 5781 ιι,
724 5717 775 5770 4.
854 5714 896 5746 ¹⁰
918 5711 1110 5785 Matth.
1134 5726 1187 5775 ι,
1212 5709 1263 5766 8.
1340 5707 1382 5739 ¹¹
1421 5703 1611 5760 Matth.
1652 5718 1777 5768 xxv,
1816 5701 1905 5757 24.

1996 5586 2311 5649 clinatione,
2344 5585 2577 5655 benigne
2618 5588 3013 5655 apprehensam
3043 5587 3108 5641 ad
3143 5602 3201 5643 se
3228 5587 3566 5641 subvexerit.

1985 5702 2026 5732 "
2069 5700 2236 5755 Exod.
2288 5716 2397 5766 xw,
2437 5700 2522 5754 14.
2614 5699 2837 5756 "Deut.
2892 5717 2963 5767 vr,
3011 5702 3062 5754 4.
3166 5701 3208 5732 ¹⁶
3257 5699 3427 5754 Exod.
3458 5714 3566 5764 xlv,
