4208 6436
247 407 378 472 1101

1081 396 1426 459 CAPITUM
1463 392 1732 453 THEUL.
1776 390 1871 449 ΕΤ
1905 388 2140 453 (ΕΟΟΝ.
2183 387 2566 447 CENTURIA
2610 385 2658 446 l.

3352 378 3488 440 “02

242 517 378 582 κῶς.
416 517 682 586 Ἂναρχος
732 517 836 584 γὰρ
900 513 1053 566 πᾶσα
1101 510 1294 582 ἀρετὴ,
1356 507 1430 578 μὴ
1479 505 1674 575 ἔχουσα
1726 501 1814 554 τὴν

1920 509 1973 555 et
2004 509 2353 569 temperance
2381 513 2490 552 non
2524 505 2826 568 eruperunt.
2861 495 3150 565 Nunquam
3189 494 3336 550 enim
3377 511 3488 550 non

243 608 435 677 χρόνον
475 607 677 675 ἑαυτῆς
716 604 1092 676 πρεσϐύτερον
1115 620 1129 634 °
1169 597 1259 654 οἷα
1314 600 1405 652 τὸν
1436 597 1569 650 Θεὸν
1617 595 1812 665 ἔχουσα

242 698 340 750 τοῦ
373 695 510 751 εἶναι
543 697 854 770 μονώτατον
885 697 1070 759 ἀῖδίως
1093 695 1422 764 γεννήτορα.

1916 598 2056 654 erat,
2083 590 2286 644 virtute
2316 588 2596 658 antiquius
2625 587 2749 651 fuit,
2782 586 2962 642 ullove
2995 586 3103 640 alio
3133 599 3326 641 eorum
3367 601 3489 655 qua:

1920 681 2064 736 dicta
2117 691 2274 746 sunt;
2313 679 2528 735 tametsi
2557 693 2621 732 ea
2665 693 2788 748 quae
2830 676 3179 747 participant,
3227 677 3342 746 ipsa
3388 692 3482 730 sua

245 793 461 848 ratione
510 803 864 864 temperance
918 807 1040 847 esse
1094 789 1382 860 coeperint.
1431 785 1620 842 Omnis
1670 781 1818 837 enim
1858 778 2034 832 virtus
2065 786 2269 832 aeterna
2300 784 2402 839 est,
2433 789 2556 864 qua:
2584 782 2897 864 tempusse
2940 770 3222 841 antiquius
3276 771 3485 825 nullum

243 889 448 943 habeat
475 904 490 940 :
527 895 588 941 ut
611 862 732 956 qua:
765 886 934 940 Deum
969 879 1466 953 singularissimum
1507 877 1628 946 ejus
1672 868 1818 942 quod
1850 876 1955 932 est,
1989 876 2273 938 parentem
2304 866 2360 920 in
2386 863 2782 934 sempiternum
2812 862 3031 916 habeat.

319 980 431 1054 μθ’.
459 983 687 1038 Πάντων
713 981 819 1036 τῶν
855 981 1027 1033 ὄντων
1059 980 1153 1032 καὶ
1184 974 1518 1047 μετεχόντων
1558 971 1651 1025 καὶ
1689 967 1816 1038 μεθ-

245 1075 446 1138 εκτῶν,
480 1073 776 1145 ἀπειράκις
816 1060 1063 1142 arsech
1091 1073 1120 1124 ὁ
1144 1070 1277 1132 Θεὸς
1315 1063 1671 1136 ὑπεξῄρηται.
1701 1060 1816 1112 Πᾶν

245 1169 361 1238 γάρ
392 1165 516 1220 εἴτι
543 1165 634 1218 τὸν
655 1163 747 1217 τοῦ
786 1158 927 1216 εἶναι
955 1162 1112 1230 λόγον
1143 1159 1259 1230 ἔχει
1301 1152 1811 1238 κατηγορούμενον,

251 1235 420 1326 ἔργον
449 1255 585 1308 Θεοῦ
610 1253 870 1323 τυγχάνει
894 1269 909 1282 ·
951 1251 1052 1304 κᾶν
1071 1249 1132 1303 τὸ
1159 1250 1259 1319 μὲν
1291 1246 1432 1301 κατὰ
1459 1244 1670 1313 γένεσιν
1714 1235 1814 1310 ἦρ-

245 1365 384 1400 κταιι
411 1347 474 1416 (j)
505 1343 600 1399 τοῦ
635 1342 776 1398 εἶναι
804 1341 1070 1415 χρονικῶς
1096 1358 1111 1372 ο
1148 1339 1210 1393 τὸ
1233 1338 1315 1399 δὲ,
1347 1335 1489 1390 κατὰ
1510 1335 1680 1404 ,χάριν
1706 1333 1817 1394 τοῖς

245 1439 531 1508 γεγονόσιν
592 1438 944 1507 ἐμπέφυκεν,
972 1427 1062 1486 οἷά
1124 1447 1210 1493 τις
1269 1429 1496 1498 δύναμις
1548 1425 1816 1493 ἔμφυτος,

245 1529 344 1578 τὴν
394 1531 455 1580 ἐν
501 1527 668 1579 πᾶσιν
712 1524 842 1577 ὅντα
889 1521 1025 1575 Θεὸν
1071 1517 1409 1590 διαπρυσίως
1455 1513 1816 1586 κηρύττουσα.

329 1709 400 1752 ν’.
428 1700 509 1752 Τὰ
534 1700 781 1753 ἀθάνατα
820 1697 1020 1760 πάντα,
1049 1694 1144 1748 καὶ
1170 1691 1310 1762 αὑτὴ
1342 1692 1374 1761 ἠ
1402 1686 1668 1743 ἀθανασία
1689 1701 1704 1715 ’
1728 1685 1823 1738 καὶ

247 1792 319 1844 τά
375 1791 554 1854 ζῶντα
609 1791 806 1853 πάντα,
861 1787 956 1840 καὶ
1008 1785 1144 1854 αὑτὴ
1176 1786 1209 1854 ἠ
1234 1783 1347 1853 ζωή
1371 1797 1387 1812 ο
1423 1780 1517 1834 καὶ
1566 1779 1637 1832 τὰ
1690 1777 1821 1844 ἅγια

1989 965 2080 1019 49.
2133 964 2279 1018 Deus
2323 963 2494 1017 rebus
2536 959 2792 1015 omnibus
2841 973 2962 1027 qua:
2994 958 3352 1028 participant,
3391 967 3487 1013 aut

1916 1057 2026 1111 vim
2053 1056 2255 1110 habent
2282 1062 2345 1109 ut
2373 1054 2791 1124 participentur,
2823 1050 3085 1105 inﬁnities
3110 1051 3323 1106 inﬁnite
3347 1052 3456 1107 emi

1913 1156 2029 1203 net.
2064 1146 2342 1218 Quidquid
2383 1145 2532 1201 enim
2563 1153 2667 1208 est,
2694 1144 2764 1199 de
2789 1159 2900 1214 quo
2932 1143 3053 1214 ejus
3079 1144 3226 1212 quod
3261 1154 3346 1198 est
3369 1160 3491 1199 esse

1913 1240 2056 1294 ratio
2076 1240 2429 1310 praedicetur,
2460 1237 2558 1292 Dei
2592 1251 2733 1306 opus
2769 1245 2883 1301 est;
2928 1236 3145 1290 tametsi
3170 1236 3325 1290 aliud
3371 1238 3486 1306 qui-

1915 1330 2040 1384 dem
2070 1338 2420 1399 temporanee
2452 1336 2576 1382 ortu
2618 1327 2852 1396 coeperit
2885 1341 3036 1392 esse,
3067 1327 3224 1382 aliud
3247 1327 3343 1383 Dei
3373 1344 3492 1382 mn-

1917 1436 2050 1475 nere
2077 1422 2279 1474 creatis
2307 1419 2534 1474 insitum
2559 1417 2653 1482 sit,
2679 1432 2780 1472 ceu
2806 1417 2889 1471 vis
2910 1418 3155 1487 quaedam
3186 1419 3255 1473 iis
3282 1420 3488 1485 innata,

1915 1528 2038 1582 quas
2088 1513 2258 1567 Deum
2320 1513 2376 1566 in
2429 1509 2686 1566 omnibus
2747 1509 3102 1565 cxsistentem
3154 1511 3299 1574 clare
3350 1527 3487 1581 pra:-

1917 1605 2080 1660 dicet.

1986 1695 2077 1750 50.
2135 1695 2472 1749 Immortalia
2518 1697 2744 1760 omnia,
2803 1710 3029 1764 ipsaque
3077 1695 3492 1761 immortalitas;

1921 1786 2269 1855 viventiaque
2296 1785 2501 1849 omnia,
2537 1787 2761 1856 ipsaque
2804 1787 3030 1852 vita;et
3068 1795 3256 1841 sancta
3288 1788 3493 1849 omnia,

249 1884 452 1945 πάντα,
481 1883 578 1934 καὶ
603 1881 744 1951 αὑτὴ
775 1882 810 1950 ἡ
843 1878 1070 1948 ἁγιότης
1092 1894 1106 1908 ·
1141 1877 1237 1929 καὶ
1266 1875 1335 1933 τὰ
1365 1873 1594 1941 ὲνάρετα
1625 1871 1820 1933 πάντα,

1924 1879 2149 1949 ipsaque
2177 1877 2474 1942 sanctitas;
2517 1878 2833 1947 virtuteque
2871 1877 3100 1947 praadita
3134 1879 3316 1933 omnia
3359 1879 3497 1950 (stu-

254 1977 353 2028 καὶ
386 1973 526 2044 αὑτὴ
551 1975 586 2044 ἡ
619 1973 789 2044 ἀρετή
822 1987 834 1999 ·
873 1972 968 2024 καὶ
998 1969 1068 2022 τὰ
1088 1966 1271 2035 ἀγαθὰ
1305 1965 1508 2028 πάντα,
1540 1962 1634 2016 καὶ
1677 1960 1817 2028 αὐτὴ

249 2069 284 2136 ἡ
325 2065 603 2135 άγαθότης
634 2081 647 2094 °
679 2065 772 2117 καὶ
803 2063 871 2118 τὰ
906 2063 1037 2117 δντα
1059 2062 1237 2114 πάντα
1261 2100 1276 2125 ,
1309 2058 1403 2111 καὶ
1443 2055 1580 2125 αὑτὴ
1609 2055 1643 2124 ἡ
1674 2052 1816 2106 ὁντό-

250 2175 374 2228 τη,,
413 2156 547 2210 Θεοῦ
598 2155 878 2228 προδήλως
936 2153 1074 2225 ἔργα
1117 2150 1474 2220 τυγχάνουσιν
1499 2165 1513 2178 ο
1544 2144 1682 2200 ἀλλὰ
1705 2184 1720 2207 ,
1751 2142 1822 2195 τά

254 2251 378 2320 μὲν,
399 2250 493 2303 τοῦ
523 2245 662 2303 εἶναι
686 2247 952 2319 χρονικῶς
984 2245 1234 2316 ὴργμὲνα
1260 2261 1272 2272 ⁸
1309 2238 1378 2313 ἦν
1408 2241 1517 2310 γάρ
1538 2253 1666 2291 ποτε
1688 2276 1704 2301 ,
1733 2236 1824 2287 ὅτε

250 2345 358 2395 οὐκ
386 2338 453 2412 ἦν
479 2359 491 2371 ·
537 2343 607 2396 τὰ
652 2341 732 2406 δὲ,
759 2340 854 2394 τοῦ
900 2333 1042 2393 εἶναι
1081 2333 1349 2408 χρονικῶς
1394 2334 1496 2386 οὐκ
1547 2327 1822 2401 ὴργμένα.

252 2435 372 2489 Οὐκ
401 2430 470 2505 ἦν
503 2434 613 2504 γάρ
648 2451 800 2497 ποτε,
831 2434 922 2486 ὅτε
955 2430 1055 2484 οὐκ
1098 2425 1169 2500 ἦν
1206 2425 1378 2497 ἀρετὴ
1425 2425 1521 2478 καὶ
1551 2419 1824 2488 άγαϐὀτης

254 2529 353 2580 καὶ
397 2527 622 2596 άγιότης
673 2527 768 2577 καὶ
817 2521 1116 2577 ἀθανασία.
1161 2518 1269 2571 Καὶ
1312 2517 1380 2570 τά
1434 2513 1534 2585 μὲν
1576 2511 1826 2583 ἡργμένα

251 2615 551 2690 χῳνικῶς,
585 2618 652 2686 τῇ
684 2616 887 2684 μετοχῇ
935 2610 1046 2664 τῶν
1087 2608 1190 2664 οὐκ
1227 2607 1518 2681 ὴρκμένων
1561 2602 1828 2676 χρονικῶς

255 2710 369 2762 εισὶ
411 2709 507 2761 καὶ
544 2706 791 2774 λέγονται
815 2703 958 2756 τοῦθ’
977 2703 1116 2772 ὅπερ
1143 2700 1238 2754 καὶ
1273 2699 1380 2752 εἰσὶ
1410 2698 1506 2750 καὶ
1555 2696 1824 2764 λέγονται.

255 2800 450 2870 Πάσης
503 2798 612 2869 γὰρ
651 2797 797 2866 ζωῆς
835 2794 931 2849 καὶ
969 2791 1290 2855 ἀθανασίας,
1327 2788 1609 2860 άγιότητός
1641 2804 1700 2840 τε
1738 2787 1830 2838 καὶ

252 2892 466 2964 ἀρετῆς
491 2931 505 2956 ,
562 2887 893 2960 δημιουργός
953 2887 1099 2938 ἐστιν
1140 2887 1169 2937 ὁ
1223 2882 1353 2946 Θεός
1387 2898 1399 2910 ·
1458 2881 1598 2951 ὑπὲρ
1643 2878 1830 2932 οὐσίαν

254 2987 369 3056 γὰρ
404 2985 622 3037 πάντων
673 2980 784 3033 τῶν
827 2995 889 3032 τε
926 2976 1229 3047 νοουμένων
1279 2976 1372 3028 καὶ
1406 2975 1714 3040 λεγομένων
1746 2970 1832 3034 ἐξ.

255 3085 486 3147 ῃρηται.

1921 1971 2120 2036 diosa),
2141 1980 2199 2026 et
2221 1971 2397 2024 virtus
2419 1970 2566 2040 ipsa;
2593 1969 2846 2040 bonaque
2867 1971 3074 2033 omnia,
3100 1979 3156 2025 et
3193 1969 3309 2040 ipsa
3336 1970 3496 2025 boni-

1923 2070 2036 2128 tas;
2066 2077 2189 2132 quae
2230 2072 2359 2117 sunt.
2399 2063 2604 2125 omnia,
2646 2063 2870 2132 ipsaque
2917 2062 3120 2117 entitas
3153 2062 3239 2133 (ut
3277 2065 3495 2134 vocant)

1922 2155 2043 2225 ejus
2069 2153 2213 2223 quod
2241 2157 2326 2209 cs't
2355 2155 2495 2208 ratio
2515 2194 2531 2218 ,
2564 2155 2659 2208 Dei
2679 2154 2864 2224 palam
2900 2164 3030 2208 sunt
3068 2168 3231 2223 Opera
3261 2171 3274 2207 :
3301 2171 3369 2209 ex
3411 2155 3498 2208 his

1926 2256 2128 2311 tamen,
2157 2247 2262 2300 alia
2304 2257 2653 2316 temporanee
2691 2257 2982 2316 coeperunt
3018 2263 3139 2302 esse
3171 2247 3312 2318 (erat
3347 2249 3496 2303 enim

1923 2339 2223 2409 aliquando
2261 2339 2483 2408 quando
2527 2355 2635 2393 non
2663 2340 2866 2409 erant),
2891 2338 2998 2392 alia
3035 2351 3100 2392 ex
3133 2338 3286 2392 nullo
3314 2353 3499 2409 caepe-

1927 2440 2056 2485 runt
2098 2439 2366 2499 tempore.
2401 2429 2689 2500 Nunquam
2719 2428 2867 2484 enim
2910 2427 3013 2482 fuit
3057 2441 3181 2482 cum
3225 2428 3402 2482 virtus
3441 2439 3499 2482 et

1927 2519 2144 2576 bonitas
2166 2529 2222 2574 et
2247 2519 2508 2575 sanctitas
2537 2527 2595 2573 et
2626 2517 3011 2571 immortalitas
3046 2530 3159 2570 non
3191 2526 3396 2571 essent.
3423 2519 3502 2572 Ac

1927 2611 2150 2682 quidem
2192 2626 2292 2676 ea,
2337 2625 2459 2679 qua:
2500 2617 2852 2678 temporanee
2891 2616 3071 2678 empta
3118 2615 3276 2671 sunt,
3302 2623 3500 2663 eorum

1927 2719 2049 2774 quae
2099 2718 2211 2757 non
2273 2712 2404 2757 sunt
2457 2710 2633 2770 empta
2677 2709 3032 2770 temperance
3085 2700 3503 2770 participatione

1926 2804 2058 2850 sunt
2106 2810 2171 2849 ac
2217 2793 2502 2856 dicuntur,
2545 2791 2622 2857 id,
2656 2790 2802 2860 quod
2843 2801 2901 2846 et
2946 2801 3075 2845 sunt
3118 2801 3175 2846 et
3219 2791 3502 2845 dicuntur.

1930 2887 2073 2941 Deus
2102 2901 2337 2956 namque
2364 2885 2544 2938 omnis
2568 2892 2624 2938 et
2648 2883 2773 2938 vitae
2799 2893 2855 2937 ct
2898 2882 3340 2948 immortalitatis,
3381 2899 3505 2938 san—

1927 2976 2244 3046 etitatisque
2277 2986 2326 3031 et
2367 2976 2590 3029 virtutis
2617 2973 2870 3027 conditor
2899 2985 2986 3028 est
3011 2991 3024 3026 :
3049 2975 3251 3044 quippe
3278 2975 3371 3045 qui
3415 2990 3507 3029 su-

1931 3085 2027 3140 pra
2068 3070 2361 3125 essentiam
2391 3068 2635 3124 omnium
2661 3082 2781 3138 qua:
2807 3065 3210 3138 intelliguntur,
3249 3077 3346 3122 aut
3384 3084 3507 3139 qua:

1937 3159 2224 3225 dicuntur,
2261 3159 2487 3215 eminet.

336 3254 440 3312 να’.
484 3255 550 3308 Ἦ
586 3240 726 3323 ’ἕκτη
762 3251 906 3305 κατὰ
927 3251 1026 3322 τὴν
1072 3250 1110 3303 Γ
1110 3249 1293 3321 ραφὴν
1337 3246 1540 3317 ἡμέρα,
1573 3245 1676 3315 τὴν
1722 3243 1831 3296 τῶν

2002 3253 2090 3306 51.
2139 3251 2302 3306 Sexta
2329 3251 2470 3316 dies,
2502 3251 2656 3320 juxta
2700 3249 3057 3320 Scripturam,
3107 3266 3300 3306 eorum
3346 3251 3505 3307 docet

259 3349 374 3404 ὑπὸ
415 3346 577 3417 φύσιν
633 3344 800 3397 όντων
854 3343 1158 3413 εἰσηγεῖται
1213 3339 1610 3410 συμπλήρωσιν
1642 3352 1656 3368 ⁸
1697 3337 1732 3404 ἠ
1775 3335 1832 3387 δὲ

260 3439 492 3509 ἑϐδόμη.
515 3439 615 3508 τῆς
645 3434 908 3507 χρονικῆς
939 3434 1204 3503 ἰδιότητος
1243 3431 1578 3501 περιγράφει
1626 3427 1724 3497 τὴν
1749 3427 1834 3478 κί-

261 3546 421 3600 νησιν
455 3545 466 3556 ’
502 3529 536 3597 η
563 3527 619 3578 δὲ
640 3525 822 3594 ὀγδόη,
851 3523 948 3592 τῆς
986 3523 1127 3592 ὑπὲρ
1156 3519 1317 3588 φύσιν
1354 3520 1450 3573 καὶ
1475 3518 1668 3588 χρόνον
1702 3517 1834 3568 ὑπο-

261 3621 418 3690 δηλοί
448 3617 831 3677 καταστάσεως
863 3615 955 3668 τὸν
980 3612 1180 3685 τρόπον

347 3794 450 3866 νβ’.
486 3796 545 3847 Ὀ
602 3794 701 3860 τὴν
750 3793 919 3862 ἕκτην
959 3791 1120 3861 μόνον
1182 3791 1323 3843 κατὰ
1361 3792 1452 3842 τὸν
1481 3790 1644 3861 νόμον
1675 3790 1838 3858 ,ἄγων

266 3894 504 3963 ἡμέραν,
559 3890 657 3959 τὴν
696 3889 827 3945 ,κατ’
855 3889 1138 3956 ἐνέργειαν
1191 3885 1546 3939 ὲκθλίὸουσαν
1590 3887 1689 3957 τὴν
1735 3886 1840 3955 ψυ-

267 3988 374 4056 χὴν
436 3983 546 4036 τῶν
618 3980 806 4034 παθῶν
885 3981 1102 4048 φεύγων
1172 3981 1521 4041 δυναστείαν.
1586 3981 1671 4034 διὰ
1741 3981 1839 4050 τῆς

266 4074 550 4142 Θαλάσσης
605 4072 825 4140 ἀφόϐως
870 4072 963 4122 ἐπὶ
1001 4071 1100 4140 τὴν
1151 4072 1358 4141 ἔρημον
1401 4071 1665 4123 διαϐαίνει
1699 4087 1712 4100 ·
1739 4072 1840 4141 τὴν

265 4165 381 4220 τῶν
433 4162 624 4216 παθῶν
662 4162 864 4232 ἀργίαν
921 4161 1086 4230 μόνην
1132 4160 1494 4225 σαϐϐατίζων.
1545 4161 1602 4213 Ὀ
1632 4162 1686 4215 δὲ
1749 4163 1840 4214 τὸν

281 4255 560 4325 Ἰορδάνην
583 4252 796 4315 διαϐὰς,
825 4255 920 4305 καὶ
952 4252 1122 4321 αὐτὴν
1149 4252 1433 4306 ἀπολιπὼν
1461 4253 1558 4323 τὴν
1592 4255 1700 4307 τῶν
1736 4273 1840 4307 πα-

267 4348 383 4400 Οῶν
423 4346 583 4416 μόνον
604 4343 880 4415 ἀργοῦσαν
906 4344 1261 4410 κατάστασιν,
1288 4339 1450 4411 ἦλθεν
1492 4346 1571 4408 εἰς
1609 4345 1708 4416 τὴν
1734 4347 1842 4399 τῶν

265 4439 484 4510 ἀρετῶν
517 4436 900 4508 κληρονομίαν.

348 4620 444 4682 νγ’.
488 4615 547 4668 '0
580 4613 677 4683 τὴν
702 4614 864 4684 ἕκτην
886 4614 1254 4682 εὐαγγελικῶς
1280 4615 1430 4683 ἄγων
1453 4617 1686 4687 ἡμέραν,
1706 4621 1838 4672 ὁποι

270 4706 490 4769 κτείνας
517 4706 777 4776 πρότερον
814 4705 882 4758 τά
911 4706 1011 4775 τῆς
1041 4707 1316 4776 ἁμαρτίας
1367 4708 1561 4778 πρῶτα
1603 4711 1839 4781 κινήμα-

265 4813 364 4860 τα,
397 4795 496 4865 τὴν
529 4795 708 4862 πάσης
727 4794 925 4855 κακίας
957 4794 1162 4865 ἔρημον
1191 4794 1279 4847 διὰ
1297 4795 1406 4848 τῶν
1435 4797 1646 4867 ἀρετῶν
1669 4818 1840 4852 κατα-

267 4886 541 4956 λαμϐάνει
585 4886 686 4954 τῆς
736 4885 1004 4948 ἀπαθείας
1066 4886 1397 4940 κατάστασιν
1428 4903 1441 4916 ·
1502 4890 1843 4956 σαῦϐατίζων

264 4977 421 5034 κατὰ
449 4975 574 5031 νοῠν
602 4978 697 5031 καὶ
727 4977 897 5044 αὐτῆς
925 4976 1087 5046 ψιλῆς
1116 4976 1215 5046 τῆς
1242 4977 1352 5029 τῶν
1393 4979 1585 5030 παοῶν
1637 4999 1842 5048 φανταο

351 5156 438 5225 (j)
500 5156 568 5208 Τὸ
625 5155 741 5223 μὲν
795 5157 944 5208 κατὰ
996 5156 1236 5224 γένεσιν
1291 5153 1520 5226 ἦρκται.
1575 5162 1695 5216 Alte
1753 5163 1842 5217 hic

269 5226 508 5281 Maximo
542 5226 787 5299 exposita
833 5227 973 5299 ratio
1014 5229 1159 5299 elutis
1204 5229 1396 5299 creati,
1442 5238 1499 5283 et
1547 5233 1840 5299 perfectio—

263 5309 410 5351 mtm
464 5311 601 5363 quas
657 5295 1040 5363 perfectiones.
1089 5297 1410 5364 simpliciter
1463 5295 1681 5353 vocant.
1731 5303 1842 5356 Ens

261 5374 544 5424 creatum,
579 5365 754 5433 ipsum
790 5373 874 5419 est
913 5366 1069 5430 cujus
1110 5367 1329 5434 proprie
1366 5369 1581 5435 genesis
1604 5379 1658 5423 et
1683 5382 1840 5426 ortus

264 5451 376 5492 seu
396 5435 706 5502 procreatio
743 5446 827 5488 est
850 5450 913 5488 ac
951 5436 1315 5503 dependentia
1343 5454 1372 5491 a
1401 5439 1511 5492 Deo
1535 5451 1780 5504 auctore,
1806 5457 1836 5495 a

265 5520 386 5574 qua
413 5504 573 5578 nulla
590 5520 680 5578 res
707 5504 976 5558 exsistens
1008 5504 1063 5578 in
1099 5519 1197 5578 sua
1221 5507 1452 5578 ratione
1486 5509 1692 5562 absolvi
1737 5527 1837 5578 po—

265 5573 420 5647 test._
446 5573 816 5647 Perfectiones
842 5589 973 5647 vero
1000 5573 1343 5647 simpliciter,
1377 5587 1506 5631 sunt
1543 5580 1672 5647 ipsze.
1699 5573 1839 5633 divi-

265 5659 363 5698 nae
389 5643 566 5706 dotes,
593 5659 731 5712 quas
757 5643 900 5697 Deus
928 5645 1115 5713 intime
1147 5645 1310 5699 rebus
1335 5643 1591 5713 prmsens,
1619 5650 1835 5712 iisdem,

266 5729 342 5786 ac
371 5713 523 5786 quasi
571 5713 813 5786 easdem,
846 5712 990 5786 quod
1039 5714 1234 5786 attinet
1275 5712 1344 5767 ad
1385 5727 1710 5786 conceptum
1755 5721 1838 5774 sic

267 5783 709 5847 abstrahentem,
740 5783 984 5852 impartit
1009 5801 1021 5832 :
1045 5799 1153 5852 quo
1199 5785 1276 5851 lit,
1306 5795 1365 5840 ut
1393 5786 1471 5841 sic
1523 5783 1615 5842 Dei
1670 5804 1837 5860 opera

1933 3343 2414 3412 complementum,
2445 3357 2567 3412 qua:
2596 3351 2725 3397 sunt
2762 3342 2866 3396 sub
2893 3351 3087 3396 natura
3114 3360 3129 3394 :
3154 3343 3384 3413 septima
3407 3359 3506 3399 au-

1935 3443 2063 3497 tem,
2091 3441 2454 3500 temporaneac
2472 3431 2634 3503 472
2656 3433 3006 3502 proprietatis
3035 3441 3240 3488 motum
3268 3434 3505 3492 circum—

1933 3524 2163 3580 scribit:
2192 3533 2382 3578 octava
2427 3522 2668 3586 demum,
2709 3523 2829 3593 ejus
2858 3531 3033 3579 status
3064 3525 3157 3594 qui
3201 3532 3396 3580 natura
3422 3537 3494 3581 at-

1934 3632 2040 3686 que
2070 3625 2313 3685 tempore
2357 3616 2606 3685 superior
2638 3625 2742 3681 est,
2779 3615 3002 3671 modum
3047 3618 3308 3674 subnotat
3344 3629 3508 3690 atque

1937 3709 2133 3762 innuit.

2007 3799 2094 3854 52.
2137 3799 2241 3865 Qui
2282 3807 2488 3853 sextam
2532 3799 2795 3854 duntaxat
2827 3799 2973 3854 diem
3017 3799 3178 3871 legali
3211 3802 3319 3857 ritu
3358 3803 3507 3874 agit.

1937 3891 2364 3960 opprimentium
2414 3897 2529 3961 ipsa
2579 3905 2639 3945 re
2686 3900 2919 3960 actuque
2966 3891 3259 3947 aﬂ'ectiium
3291 3908 3356 3948 ac
3383 3911 3509 3964 pcr-

1940 3981 2311 4036 turbationum
2353 3982 2693 4036 dominatum
2739 3982 2973 4052 fugiens,
3023 3982 3296 4054 intrepide
3346 3987 3512 4041 utaris

1942 4073 2154 4126 tramite
2183 4073 2236 4126 in
2269 4073 2548 4127 desertum
2583 4073 2805 4139 transit;
2835 4074 2929 4144 qui
2959 4075 3168 4129 scilicet
3195 4077 3388 4131 borum
3418 4095 3511 4133 so-

1939 4163 2218 4218 lummodo
2238 4163 2435 4224 otium,
2459 4178 2555 4218 seu
2575 4164 2646 4218 ab
2669 4165 2756 4219 bis
2775 4165 3157 4231 cessationem,
3186 4166 3507 4225 sabbatizct.

1941 4255 2028 4319 At,
2060 4254 2155 4324 qui
2193 4262 2452 4324 superato
2481 4253 2740 4318 Iordane,
2781 4254 2958 4324 ipsum
2991 4271 3210 4326 quoque
3259 4258 3391 4312 solis
3430 4263 3509 4313 at-

1939 4347 2174 4401 fectibus
2205 4362 2270 4400 ac
2293 4345 2800 4415 perturbationibus
2831 4347 3091 4401 otiantcm
3121 4357 3284 4418 atque
3318 4366 3511 4405 vacan-

1941 4446 2050 4491 tem
2084 4447 2288 4492 statum
2320 4437 2562 4507 reliquit,
2595 4439 2765 4507 ipsam
2809 4437 3073 4492 virtutum
3109 4441 3511 4508 possessionem

1941 4527 2098 4582 adiit.

2014 4622 2102 4676 53.
2140 4619 2243 4686 Qui
2276 4628 2402 4673 ante
2435 4618 2736 4688 peremptis
2768 4619 2958 4688 primis
2995 4623 3200 4690 peccati
3249 4626 3509 4686 motibus,

1942 4719 2148 4768 sextam
2187 4711 2333 4764 diem
2365 4710 2676 4780 evangelice
2715 4711 2845 4780 agit,
2875 4711 3022 4765 omni
3052 4715 3318 4782 pravitate
3348 4726 3512 4787 atque

1944 4802 2076 4856 vitio
2114 4809 2419 4865 vacantem,
2472 4801 2622 4855 velut
2669 4801 2968 4869 desertum,
3020 4806 3283 4860 virtutum
3336 4811 3509 4872 cultu,

1945 4893 2453 4963 imper-turbationis
2498 4893 2692 4962 arripit
2741 4902 2971 4957 statum,
3015 4896 3084 4951 ab
3131 4898 3246 4966 ipsa
3294 4916 3511 4971 quoque

1945 4985 2090 5038 nuda
2121 4985 2592 5054 perturbationum
2629 4983 3035 5056 all‘ectuumque
3061 4989 3391 5058 cogitatione
3415 5008 3508 5046 seu

1949 5165 2344 5239 intelligantur,
2370 5173 2440 5239 Δ(ιι
2480 5179 2510 5217 a
2553 5165 2684 5239 Deo,
2721 5167 3077 5239 eman‘ationc‘
3109 5169 3177 5223 ab
3212 5170 3351 5239 ipso.
3397 5175 3512 5228 sive.

1953 5207 2166 5287 virtuali
2211 5235 2264 5288 in
2305 5207 2506 5302 seipsa,
2551 5207 2830 5288 sive’reali
2877 5235 2930 5288 in
2973 5207 3194 5301 creatis,

1948 5312 2124 5380 empta
2157 5305 2443 5380 χρονικῶς,
2473 5313 2531 5356 ut
2557 5304 2640 5380 ,εὶς
2671 5303 2990 5380 formaliter,
3023 5315 3080 5380 et
3114 5309 3168 5362 in
3199 5309 3288 5363 illa
3333 5314 3512 5380 perfe—

1948 5375 2146 5426 ctionis
2172 5375 2436 5451 absoluta:
2471 5375 2700 5451 ratione,
2748 5389 2858 5429 non
2905 5375 3512 5451 intelligantur{quod

1944 5459 2071 5496 vere
2096 5442 2400 5514 secundum
2426 5452 2596 5514 totum
2623 5443 2774 5514 illum
2807 5442 3130 5514 conceptum
3157 5463 3219 5502 ac
3247 5442 3514 5506 rationem

1944 5514 2108 5565 etiam
2139 5513 2192 5565 in
2225 5514 2335 5565 Deo
2359 5513 2470 5567 sint
2498 5531 2508 5565 :
2539 5513 2593 5565 in
2621 5513 2756 5575 Deo,
2787 5514 2903 5582 ipse
2934 5513 3104 5581 Deus;
3136 5520 3188 5570 in
3221 5522 3511 5580 creaturis.

1941 5584 2063 5652 ejus
2093 5582 2356 5636 bonitatis
2384 5583 2634 5645 enectus,
2684 5583 2830 5638 unde
2874 5595 2960 5638 est
3002 5594 3061 5639 ut
3093 5594 3148 5640 ct
3191 5587 3360 5642 Deum
3409 5592 3514 5645 sub

1945 5653 2142 5734 talibus
2184 5653 2541 5722 conceptibus
2589 5661 2650 5707 ut
2699 5663 2977 5709 auctorem
3033 5655 3400 5727 intelligamus
3452 5672 3515 5716 ac

1943 5737 2307 5776 llOﬂIlllchS.
