  <div class='ocr_page' id='page_1' title='image "/cluster/home/n/w/nwhite01/storage/ocr_20150623/90/nnc1.0046980113/560.png"; bbox 0 0 4208 6436; ppageno 0'>
   <div class='ocr_carea' id='block_1_1' title="bbox 237 384 374 445">
    <p class='ocr_par' dir='ltr' id='par_1_1' title="bbox 237 384 374 445">
     <span class='ocr_line' id='line_1_1' title="bbox 237 384 374 445; baseline 0.029 -4"><span class='ocrx_word' id='word_1_1' title='bbox 237 384 374 445; x_wconf 72' lang='lat' dir='ltr'><strong>llOb</strong></span> 
     </span>
    </p>
   </div>
   <div class='ocr_carea' id='block_1_2' title="bbox 1069 380 2650 460">
    <p class='ocr_par' dir='ltr' id='par_1_2' title="bbox 1069 380 2650 460">
     <span class='ocr_line' id='line_1_2' title="bbox 1069 380 2650 460; baseline 0.01 -18"><span class='ocrx_word' id='word_1_2' title='bbox 1069 380 1417 448; x_wconf 71' lang='lat' dir='ltr'><strong>CAPI’I‘UM</strong></span> <span class='ocrx_word' id='word_1_3' title='bbox 1454 387 1723 448; x_wconf 81' lang='lat' dir='ltr'><strong>TIIEOL.</strong></span> <span class='ocrx_word' id='word_1_4' title='bbox 1765 391 1856 450; x_wconf 79' lang='grc' dir='ltr'><strong>ΕΤ</strong></span> <span class='ocrx_word' id='word_1_5' title='bbox 1895 392 2130 453; x_wconf 84' lang='lat' dir='ltr'><strong>(ECON.</strong></span> <span class='ocrx_word' id='word_1_6' title='bbox 2175 396 2563 460; x_wconf 81' lang='lat' dir='ltr'><strong>CENTURIA</strong></span> <span class='ocrx_word' id='word_1_7' title='bbox 2609 402 2650 459; x_wconf 87' lang='grc' dir='ltr'>Ι.</span> 
     </span>
    </p>
   </div>
   <div class='ocr_carea' id='block_1_3' title="bbox 3352 405 3486 468">
    <p class='ocr_par' dir='ltr' id='par_1_3' title="bbox 3352 405 3486 468">
     <span class='ocr_line' id='line_1_3' title="bbox 3352 405 3486 468; baseline 0.007 -1"><span class='ocrx_word' id='word_1_8' title='bbox 3352 405 3486 468; x_wconf 82' lang='lat'><strong>1106</strong></span> 
     </span>
    </p>
   </div>
   <div class='ocr_carea' id='block_1_4' title="bbox 225 495 1850 588">
    <p class='ocr_par' dir='ltr' id='par_1_4' title="bbox 225 495 1850 568">
     <span class='ocr_line' id='line_1_4' title="bbox 225 495 1850 568; baseline 0.006 -23"><span class='ocrx_word' id='word_1_9' title='bbox 225 495 536 565; x_wconf 79' lang='grc' dir='ltr'>γνωστικῆς</span> <span class='ocrx_word' id='word_1_10' title='bbox 577 495 809 566; x_wconf 85' lang='grc' dir='ltr'>θεωρίας</span> <span class='ocrx_word' id='word_1_11' title='bbox 842 513 855 528; x_wconf 73' lang='grc' dir='ltr'><strong>ο</strong></span> <span class='ocrx_word' id='word_1_12' title='bbox 884 496 1009 550; x_wconf 77' lang='grc' dir='ltr'>καθ’</span> <span class='ocrx_word' id='word_1_13' title='bbox 1039 497 1105 568; x_wconf 72' lang='grc' dir='ltr'><strong>ἢν</strong></span> <span class='ocrx_word' id='word_1_14' title='bbox 1150 499 1280 563; x_wconf 76' lang='grc' dir='ltr'>τοὺς</span> <span class='ocrx_word' id='word_1_15' title='bbox 1324 500 1515 568; x_wconf 86' lang='grc' dir='ltr'>λόγους</span> <span class='ocrx_word' id='word_1_16' title='bbox 1553 500 1661 553; x_wconf 79' lang='grc' dir='ltr'><strong>τῶν</strong></span> <span class='ocrx_word' id='word_1_17' title='bbox 1710 503 1800 553; x_wconf 75' lang='grc' dir='ltr'>δν-</span> <span class='ocrx_word' id='word_1_18' title='bbox 1835 516 1850 567; x_wconf 64' lang='grc' dir='ltr'><em>Α</em></span> 
     </span>
    </p>
   </div>
   <div class='ocr_carea' id='block_1_5' title="bbox 1914 495 3488 588">
    <p class='ocr_par' dir='ltr' id='par_1_5' title="bbox 1914 509 3488 588">
     <span class='ocr_line' id='line_1_5' title="bbox 1914 509 3488 588; baseline 0.009 -28"><span class='ocrx_word' id='word_1_19' title='bbox 1914 509 2387 578; x_wconf 79' lang='lat' dir='ltr'><strong>contemplationis</strong></span> <span class='ocrx_word' id='word_1_20' title='bbox 2422 517 2668 582; x_wconf 78' lang='lat' dir='ltr'><strong>requiem</strong></span> <span class='ocrx_word' id='word_1_21' title='bbox 2708 518 2989 583; x_wconf 86' lang='lat' dir='ltr'><strong>transivit;</strong></span> <span class='ocrx_word' id='word_1_22' title='bbox 3027 533 3136 588; x_wconf 89' lang='lat' dir='ltr'><strong>qua</strong></span> <span class='ocrx_word' id='word_1_23' title='bbox 3171 533 3362 574; x_wconf 88' lang='lat' dir='ltr'><strong>rerum</strong></span> <span class='ocrx_word' id='word_1_24' title='bbox 3396 535 3488 573; x_wconf 88' lang='lat' dir='ltr'><strong>ra-</strong></span> 
     </span>
    </p>
   </div>
   <div class='ocr_carea' id='block_1_6' title="bbox 226 583 1812 662">
    <p class='ocr_par' dir='ltr' id='par_1_6' title="bbox 226 583 1812 662">
     <span class='ocr_line' id='line_1_6' title="bbox 226 583 1812 662; baseline 0.007 -27"><span class='ocrx_word' id='word_1_25' title='bbox 226 599 344 636; x_wconf 86' lang='grc' dir='ltr'><strong>των</strong></span> <span class='ocrx_word' id='word_1_26' title='bbox 383 583 710 653; x_wconf 60' lang='grc' dir='ltr'>,περιλαϐὼν</span> <span class='ocrx_word' id='word_1_27' title='bbox 765 586 1125 657; x_wconf 81' lang='grc' dir='ltr'>θεοπρεπῶς,</span> <span class='ocrx_word' id='word_1_28' title='bbox 1161 589 1262 659; x_wconf 82' lang='grc' dir='ltr'>τῆς</span> <span class='ocrx_word' id='word_1_29' title='bbox 1317 591 1467 644; x_wconf 87' lang='grc' dir='ltr'><strong>κατά</strong></span> <span class='ocrx_word' id='word_1_30' title='bbox 1515 591 1641 645; x_wconf 83' lang='grc' dir='ltr'>νοῦν</span> <span class='ocrx_word' id='word_1_31' title='bbox 1681 592 1812 662; x_wconf 78' lang='grc' dir='ltr'><strong>περὶ</strong></span> 
     </span>
    </p>
   </div>
   <div class='ocr_carea' id='block_1_7' title="bbox 228 675 1102 745">
    <p class='ocr_par' dir='ltr' id='par_1_7' title="bbox 228 675 1102 745">
     <span class='ocr_line' id='line_1_7' title="bbox 228 675 1102 745; baseline 0.007 -20"><span class='ocrx_word' id='word_1_32' title='bbox 228 675 405 743; x_wconf 76' lang='grc' dir='ltr'>αὐτὴν</span> <span class='ocrx_word' id='word_1_33' title='bbox 438 675 707 745; x_wconf 87' lang='grc' dir='ltr'>κινήσεως</span> <span class='ocrx_word' id='word_1_34' title='bbox 740 677 1102 731; x_wconf 72' lang='grc' dir='ltr'><strong>ἀναπαύεται.</strong></span> 
     </span>
    </p>
   </div>
   <div class='ocr_carea' id='block_1_8' title="bbox 302 766 1807 843">
    <p class='ocr_par' dir='ltr' id='par_1_8' title="bbox 302 766 1807 843">
     <span class='ocr_line' id='line_1_8' title="bbox 302 766 1807 843; baseline 0.005 -25"><span class='ocrx_word' id='word_1_35' title='bbox 302 766 366 830; x_wconf 74' lang='grc' dir='ltr'><strong>ε,</strong></span> <span class='ocrx_word' id='word_1_36' title='bbox 407 767 466 822; x_wconf 88' lang='grc'><strong>’0</strong></span> <span class='ocrx_word' id='word_1_37' title='bbox 514 770 612 837; x_wconf 82' lang='grc' dir='ltr'>τῆς</span> <span class='ocrx_word' id='word_1_38' title='bbox 646 769 715 822; x_wconf 88' lang='grc' dir='ltr'>δι’</span> <span class='ocrx_word' id='word_1_39' title='bbox 761 771 908 839; x_wconf 75' lang='grc' dir='ltr'>ἡμᾶς</span> <span class='ocrx_word' id='word_1_40' title='bbox 943 770 1310 842; x_wconf 48' lang='lat' dir='ltr'><strong>tacita-nati};</strong></span> <span class='ocrx_word' id='word_1_41' title='bbox 1355 773 1449 826; x_wconf 79' lang='grc' dir='ltr'>τοῦ</span> <span class='ocrx_word' id='word_1_42' title='bbox 1489 774 1624 827; x_wconf 83' lang='grc' dir='ltr'>Θεοῦ</span> <span class='ocrx_word' id='word_1_43' title='bbox 1676 792 1807 843; x_wconf 84' lang='grc' dir='ltr'>μετ-</span> 
     </span>
    </p>
   </div>
   <div class='ocr_carea' id='block_1_9' title="bbox 229 856 1812 934">
    <p class='ocr_par' dir='ltr' id='par_1_9' title="bbox 229 856 1812 934">
     <span class='ocr_line' id='line_1_9' title="bbox 229 856 1812 934; baseline 0.006 -28"><span class='ocrx_word' id='word_1_44' title='bbox 229 856 484 926; x_wconf 80' lang='grc' dir='ltr'>εσχηκὼς</span> <span class='ocrx_word' id='word_1_45' title='bbox 522 858 916 923; x_wconf 82' lang='grc' dir='ltr'>ἀναπαύσεως,</span> <span class='ocrx_word' id='word_1_46' title='bbox 946 860 1039 912; x_wconf 80' lang='grc' dir='ltr'><strong>καὶ</strong></span> <span class='ocrx_word' id='word_1_47' title='bbox 1072 861 1173 930; x_wconf 82' lang='grc' dir='ltr'><strong>τῆς</strong></span> <span class='ocrx_word' id='word_1_48' title='bbox 1207 863 1370 914; x_wconf 82' lang='grc' dir='ltr'>αὑτοῦ</span> <span class='ocrx_word' id='word_1_49' title='bbox 1398 862 1464 915; x_wconf 86' lang='grc' dir='ltr'>δι’</span> <span class='ocrx_word' id='word_1_50' title='bbox 1494 865 1645 933; x_wconf 81' lang='grc' dir='ltr'>ἡμᾶς</span> <span class='ocrx_word' id='word_1_51' title='bbox 1682 863 1812 934; x_wconf 83' lang='grc' dir='ltr'>μεθ-</span> 
     </span>
    </p>
   </div>
   <div class='ocr_carea' id='block_1_10' title="bbox 227 947 1814 1022">
    <p class='ocr_par' dir='ltr' id='par_1_10' title="bbox 227 947 1814 1022">
     <span class='ocr_line' id='line_1_10' title="bbox 227 947 1814 1022; baseline 0.007 -26"><span class='ocrx_word' id='word_1_52' title='bbox 227 947 343 1010; x_wconf 77' lang='grc' dir='ltr'>έξει</span> <span class='ocrx_word' id='word_1_53' title='bbox 368 948 508 1000; x_wconf 76' lang='grc' dir='ltr'>κατὰ</span> <span class='ocrx_word' id='word_1_54' title='bbox 538 950 635 1018; x_wconf 82' lang='grc' dir='ltr'><strong>τὴν</strong></span> <span class='ocrx_word' id='word_1_55' title='bbox 675 950 874 1003; x_wconf 79' lang='grc' dir='ltr'><strong>θέωσιν</strong></span> <span class='ocrx_word' id='word_1_56' title='bbox 921 951 1246 1020; x_wconf 82' lang='grc' dir='ltr'>όγδοατικῆς</span> <span class='ocrx_word' id='word_1_57' title='bbox 1304 954 1609 1022; x_wconf 77' lang='grc' dir='ltr'><strong>ἐνεργείας,</strong></span> <span class='ocrx_word' id='word_1_58' title='bbox 1640 957 1814 1007; x_wconf 82' lang='grc' dir='ltr'>είτουν</span> 
     </span>
    </p>
   </div>
   <div class='ocr_carea' id='block_1_11' title="bbox 232 1040 1816 1116">
    <p class='ocr_par' dir='ltr' id='par_1_11' title="bbox 232 1040 1816 1116">
     <span class='ocr_line' id='line_1_11' title="bbox 232 1040 1816 1116; baseline 0.006 -26"><span class='ocrx_word' id='word_1_59' title='bbox 232 1040 505 1108; x_wconf 78' lang='grc' dir='ltr'><strong>μυστικῆς</strong></span> <span class='ocrx_word' id='word_1_60' title='bbox 533 1040 883 1103; x_wconf 79' lang='grc' dir='ltr'><strong>ἀναστάσεως</strong></span> <span class='ocrx_word' id='word_1_61' title='bbox 904 1060 916 1069; x_wconf 90' lang='grc'><strong>·</strong></span> <span class='ocrx_word' id='word_1_62' title='bbox 949 1042 1108 1110; x_wconf 81' lang='grc' dir='ltr'>ἀφεὶς</span> <span class='ocrx_word' id='word_1_63' title='bbox 1138 1042 1234 1095; x_wconf 66' lang='grc' dir='ltr'>καὶ</span> <span class='ocrx_word' id='word_1_64' title='bbox 1263 1044 1425 1106; x_wconf 83' lang='grc' dir='ltr'>αὐτὸς</span> <span class='ocrx_word' id='word_1_65' title='bbox 1461 1046 1518 1098; x_wconf 82' lang='grc' dir='ltr'><strong>ὲν</strong></span> <span class='ocrx_word' id='word_1_66' title='bbox 1550 1045 1627 1115; x_wconf 86' lang='grc' dir='ltr'>τῷ</span> <span class='ocrx_word' id='word_1_67' title='bbox 1659 1046 1816 1116; x_wconf 86' lang='grc' dir='ltr'>τάφῳ</span> 
     </span>
    </p>
   </div>
   <div class='ocr_carea' id='block_1_12' title="bbox 227 1129 1814 1206">
    <p class='ocr_par' dir='ltr' id='par_1_12' title="bbox 227 1129 1814 1206">
     <span class='ocr_line' id='line_1_12' title="bbox 227 1129 1814 1206; baseline 0.006 -26"><span class='ocrx_word' id='word_1_68' title='bbox 227 1129 463 1198; x_wconf 84' lang='grc' dir='ltr'>κείμενα</span> <span class='ocrx_word' id='word_1_69' title='bbox 497 1132 562 1185; x_wconf 73' lang='grc' dir='ltr'>τὰ</span> <span class='ocrx_word' id='word_1_70' title='bbox 592 1131 800 1193; x_wconf 78' lang='grc' dir='ltr'><strong>ὀθόνια,</strong></span> <span class='ocrx_word' id='word_1_71' title='bbox 829 1135 923 1186; x_wconf 78' lang='grc' dir='ltr'><strong>καὶ</strong></span> <span class='ocrx_word' id='word_1_72' title='bbox 978 1133 1038 1186; x_wconf 80' lang='grc' dir='ltr'><strong>τὸ</strong></span> <span class='ocrx_word' id='word_1_73' title='bbox 1078 1135 1171 1186; x_wconf 72' lang='grc' dir='ltr'><strong>ἐπὶ</strong></span> <span class='ocrx_word' id='word_1_74' title='bbox 1221 1136 1320 1203; x_wconf 83' lang='grc' dir='ltr'><strong>τῆς</strong></span> <span class='ocrx_word' id='word_1_75' title='bbox 1345 1135 1586 1206; x_wconf 78' lang='grc' dir='ltr'>κεφαλῆς</span> <span class='ocrx_word' id='word_1_76' title='bbox 1621 1138 1814 1190; x_wconf 85' lang='grc' dir='ltr'>σουδά-</span> 
     </span>
    </p>
   </div>
   <div class='ocr_carea' id='block_1_13' title="bbox 231 1223 1813 1301">
    <p class='ocr_par' dir='ltr' id='par_1_13' title="bbox 231 1223 1813 1301">
     <span class='ocr_line' id='line_1_13' title="bbox 231 1223 1813 1301; baseline 0.006 -29"><span class='ocrx_word' id='word_1_77' title='bbox 231 1239 350 1291; x_wconf 86' lang='grc' dir='ltr'>ριον</span> <span class='ocrx_word' id='word_1_78' title='bbox 376 1240 387 1251; x_wconf 92' lang='grc'>·</span> <span class='ocrx_word' id='word_1_79' title='bbox 420 1224 562 1293; x_wconf 79' lang='grc' dir='ltr'>άπερ</span> <span class='ocrx_word' id='word_1_80' title='bbox 591 1223 926 1293; x_wconf 80' lang='grc' dir='ltr'>Θεωροῦντες</span> <span class='ocrx_word' id='word_1_81' title='bbox 953 1225 1013 1280; x_wconf 75' lang='grc' dir='ltr'>εἴ</span> <span class='ocrx_word' id='word_1_82' title='bbox 1045 1243 1129 1288; x_wconf 90' lang='grc' dir='ltr'><strong>τις</strong></span> <span class='ocrx_word' id='word_1_83' title='bbox 1172 1225 1493 1296; x_wconf 79' lang='grc' dir='ltr'>Πέτρος-καὶ</span> <span class='ocrx_word' id='word_1_84' title='bbox 1538 1228 1813 1301; x_wconf 76' lang='grc' dir='ltr'><strong>Ἰωάννης,</strong></span> 
     </span>
    </p>
   </div>
   <div class='ocr_carea' id='block_1_14' title="bbox 228 1311 1294 1387">
    <p class='ocr_par' dir='ltr' id='par_1_14' title="bbox 228 1311 1294 1387">
     <span class='ocr_line' id='line_1_14' title="bbox 228 1311 1294 1387; baseline 0.006 -25"><span class='ocrx_word' id='word_1_85' title='bbox 228 1311 579 1366; x_wconf 74' lang='grc' dir='ltr'><strong>πιστεύουσιν</strong></span> <span class='ocrx_word' id='word_1_86' title='bbox 611 1314 911 1384; x_wconf 73' lang='grc' dir='ltr'>ἑγηγέρθαι</span> <span class='ocrx_word' id='word_1_87' title='bbox 950 1315 1041 1368; x_wconf 85' lang='grc' dir='ltr'><strong>τὸν</strong></span> <span class='ocrx_word' id='word_1_88' title='bbox 1067 1315 1294 1387; x_wconf 83' lang='grc' dir='ltr'><strong>Κύριον.</strong></span> 
     </span>
    </p>
   </div>
   <div class='ocr_carea' id='block_1_15' title="bbox 303 1516 1816 1594">
    <p class='ocr_par' dir='ltr' id='par_1_15' title="bbox 303 1516 1816 1594">
     <span class='ocr_line' id='line_1_15' title="bbox 303 1516 1816 1594; baseline 0.004 -24"><span class='ocrx_word' id='word_1_89' title='bbox 303 1516 407 1584; x_wconf 84' lang='grc' dir='ltr'>ξα’.</span> <span class='ocrx_word' id='word_1_90' title='bbox 429 1520 717 1590; x_wconf 75' lang='grc' dir='ltr'>Μνημείόν</span> <span class='ocrx_word' id='word_1_91' title='bbox 744 1521 895 1572; x_wconf 85' lang='grc' dir='ltr'>ἐστιν</span> <span class='ocrx_word' id='word_1_92' title='bbox 939 1519 1070 1585; x_wconf 74' lang='grc' dir='ltr'>ἴσως</span> <span class='ocrx_word' id='word_1_93' title='bbox 1097 1521 1450 1586; x_wconf 71' lang='grc' dir='ltr'>Δεσποτικδν,</span> <span class='ocrx_word' id='word_1_94' title='bbox 1486 1523 1517 1593; x_wconf 80' lang='grc' dir='ltr'>ἢ</span> <span class='ocrx_word' id='word_1_95' title='bbox 1547 1525 1578 1576; x_wconf 85' lang='grc' dir='ltr'><strong>ό</strong></span> <span class='ocrx_word' id='word_1_96' title='bbox 1599 1523 1816 1594; x_wconf 64' lang='grc' dir='ltr'>ικόσμος</span> 
     </span>
    </p>
   </div>
   <div class='ocr_carea' id='block_1_16' title="bbox 225 1605 1815 1684">
    <p class='ocr_par' dir='ltr' id='par_1_16' title="bbox 225 1605 1815 1684">
     <span class='ocr_line' id='line_1_16' title="bbox 225 1605 1815 1684; baseline 0.004 -22"><span class='ocrx_word' id='word_1_97' title='bbox 225 1605 411 1673; x_wconf 71' lang='grc' dir='ltr'>οὗτος,</span> <span class='ocrx_word' id='word_1_98' title='bbox 441 1612 474 1682; x_wconf 83' lang='grc' dir='ltr'>ἢ</span> <span class='ocrx_word' id='word_1_99' title='bbox 505 1613 538 1681; x_wconf 83' lang='grc' dir='ltr'>ἠ</span> <span class='ocrx_word' id='word_1_100' title='bbox 579 1612 813 1666; x_wconf 80' lang='grc' dir='ltr'>ἑκάστου</span> <span class='ocrx_word' id='word_1_101' title='bbox 847 1614 958 1667; x_wconf 88' lang='grc' dir='ltr'><strong>τῶν</strong></span> <span class='ocrx_word' id='word_1_102' title='bbox 993 1615 1204 1668; x_wconf 82' lang='grc' dir='ltr'><strong>πιστῶν</strong></span> <span class='ocrx_word' id='word_1_103' title='bbox 1243 1616 1440 1684; x_wconf 81' lang='grc' dir='ltr'>καρδία</span> <span class='ocrx_word' id='word_1_104' title='bbox 1466 1633 1479 1647; x_wconf 77' lang='grc' dir='ltr'><strong>ο</strong></span> <span class='ocrx_word' id='word_1_105' title='bbox 1510 1617 1578 1669; x_wconf 81' lang='grc' dir='ltr'><strong>τά</strong></span> <span class='ocrx_word' id='word_1_106' title='bbox 1607 1616 1664 1668; x_wconf 79' lang='grc' dir='ltr'>δὲ</span> <span class='ocrx_word' id='word_1_107' title='bbox 1693 1615 1815 1668; x_wconf 81' lang='grc' dir='ltr'>ὀθό-</span> 
     </span>
    </p>
   </div>
   <div class='ocr_carea' id='block_1_17' title="bbox 228 1705 1814 1782">
    <p class='ocr_par' dir='ltr' id='par_1_17' title="bbox 228 1705 1814 1782">
     <span class='ocr_line' id='line_1_17' title="bbox 228 1705 1814 1782; baseline 0.004 -28"><span class='ocrx_word' id='word_1_108' title='bbox 228 1721 343 1764; x_wconf 88' lang='grc' dir='ltr'>νια,</span> <span class='ocrx_word' id='word_1_109' title='bbox 382 1705 431 1755; x_wconf 75' lang='grc' dir='ltr'>οἱ</span> <span class='ocrx_word' id='word_1_110' title='bbox 458 1705 564 1757; x_wconf 88' lang='grc' dir='ltr'><strong>τῶν</strong></span> <span class='ocrx_word' id='word_1_111' title='bbox 595 1705 870 1774; x_wconf 79' lang='grc' dir='ltr'><strong>αἰσθητῶν</strong></span> <span class='ocrx_word' id='word_1_112' title='bbox 898 1707 1035 1774; x_wconf 85' lang='grc' dir='ltr'><strong>μετά</strong></span> <span class='ocrx_word' id='word_1_113' title='bbox 1068 1707 1178 1760; x_wconf 88' lang='grc' dir='ltr'><strong>τῶν</strong></span> <span class='ocrx_word' id='word_1_114' title='bbox 1218 1709 1336 1761; x_wconf 85' lang='grc' dir='ltr'>κατ’</span> <span class='ocrx_word' id='word_1_115' title='bbox 1359 1709 1558 1780; x_wconf 82' lang='grc' dir='ltr'>ἀρετὴν</span> <span class='ocrx_word' id='word_1_116' title='bbox 1598 1712 1814 1782; x_wconf 88' lang='grc' dir='ltr'>τρόπων</span> 
     </span>
    </p>
   </div>
   <div class='ocr_carea' id='block_1_18' title="bbox 233 1793 1812 1869">
    <p class='ocr_par' dir='ltr' id='par_1_18' title="bbox 233 1793 1812 1869">
     <span class='ocr_line' id='line_1_18' title="bbox 233 1793 1812 1869; baseline 0.006 -27"><span class='ocrx_word' id='word_1_117' title='bbox 233 1793 543 1864; x_wconf 74' lang='grc' dir='ltr'>ὑπάρχουσι</span> <span class='ocrx_word' id='word_1_118' title='bbox 575 1793 724 1861; x_wconf 82' lang='grc' dir='ltr'>λόγοι</span> <span class='ocrx_word' id='word_1_119' title='bbox 757 1811 771 1825; x_wconf 87' lang='grc'><strong>·</strong></span> <span class='ocrx_word' id='word_1_120' title='bbox 803 1796 866 1846; x_wconf 79' lang='grc' dir='ltr'><strong>τὸ</strong></span> <span class='ocrx_word' id='word_1_121' title='bbox 889 1797 948 1849; x_wconf 78' lang='grc' dir='ltr'>δὲ</span> <span class='ocrx_word' id='word_1_122' title='bbox 1011 1797 1318 1868; x_wconf 79' lang='grc' dir='ltr'><strong>σουδάριον,</strong></span> <span class='ocrx_word' id='word_1_123' title='bbox 1347 1800 1379 1869; x_wconf 80' lang='grc' dir='ltr'>ἡ</span> <span class='ocrx_word' id='word_1_124' title='bbox 1434 1800 1543 1854; x_wconf 88' lang='grc' dir='ltr'><strong>τῶν</strong></span> <span class='ocrx_word' id='word_1_125' title='bbox 1603 1800 1812 1868; x_wconf 82' lang='grc' dir='ltr'><strong>νοητῶν</strong></span> 
     </span>
    </p>
   </div>
   <div class='ocr_carea' id='block_1_19' title="bbox 230 1884 1810 1960">
    <p class='ocr_par' dir='ltr' id='par_1_19' title="bbox 230 1884 1810 1960">
     <span class='ocr_line' id='line_1_19' title="bbox 230 1884 1810 1960; baseline 0.007 -27"><span class='ocrx_word' id='word_1_126' title='bbox 230 1884 350 1935; x_wconf 76' lang='grc' dir='ltr'>ἐστι</span> <span class='ocrx_word' id='word_1_127' title='bbox 388 1884 526 1953; x_wconf 83' lang='grc' dir='ltr'><strong>μετά</strong></span> <span class='ocrx_word' id='word_1_128' title='bbox 557 1885 657 1955; x_wconf 72' lang='grc' dir='ltr'>τῆς</span> <span class='ocrx_word' id='word_1_129' title='bbox 681 1885 1039 1956; x_wconf 77' lang='grc' dir='ltr'><strong>ἐνδεχομένης</strong></span> <span class='ocrx_word' id='word_1_130' title='bbox 1068 1887 1346 1957; x_wconf 79' lang='grc' dir='ltr'>θεολογίας</span> <span class='ocrx_word' id='word_1_131' title='bbox 1366 1889 1513 1960; x_wconf 83' lang='grc' dir='ltr'>άπλῆ</span> <span class='ocrx_word' id='word_1_132' title='bbox 1538 1891 1633 1944; x_wconf 76' lang='grc' dir='ltr'>καὶ</span> <span class='ocrx_word' id='word_1_133' title='bbox 1653 1891 1810 1944; x_wconf 86' lang='grc' dir='ltr'>ἀποί-</span> 
     </span>
    </p>
   </div>
   <div class='ocr_carea' id='block_1_20' title="bbox 228 1971 1810 2051">
    <p class='ocr_par' dir='ltr' id='par_1_20' title="bbox 228 1971 1810 2051">
     <span class='ocr_line' id='line_1_20' title="bbox 228 1971 1810 2051; baseline 0.008 -28"><span class='ocrx_word' id='word_1_134' title='bbox 228 1973 385 2035; x_wconf 78' lang='grc' dir='ltr'>κιλος</span> <span class='ocrx_word' id='word_1_135' title='bbox 427 1974 650 2041; x_wconf 87' lang='grc' dir='ltr'>γνῶσις,</span> <span class='ocrx_word' id='word_1_136' title='bbox 683 1976 754 2028; x_wconf 80' lang='grc' dir='ltr'>δι’</span> <span class='ocrx_word' id='word_1_137' title='bbox 784 1971 861 2031; x_wconf 81' lang='grc' dir='ltr'><strong>ὧν</strong></span> <span class='ocrx_word' id='word_1_138' title='bbox 890 1979 1217 2049; x_wconf 77' lang='grc' dir='ltr'>ἐγνωρίζετο</span> <span class='ocrx_word' id='word_1_139' title='bbox 1258 1981 1522 2051; x_wconf 81' lang='grc' dir='ltr'>πρότερον</span> <span class='ocrx_word' id='word_1_140' title='bbox 1559 1983 1587 2032; x_wconf 85' lang='grc' dir='ltr'><em>ὁ</em></span> <span class='ocrx_word' id='word_1_141' title='bbox 1616 1981 1810 2050; x_wconf 81' lang='grc' dir='ltr'>Λόγος,</span> 
     </span>
    </p>
   </div>
   <div class='ocr_carea' id='block_1_21' title="bbox 236 2064 1813 2143">
    <p class='ocr_par' dir='ltr' id='par_1_21' title="bbox 236 2064 1813 2143">
     <span class='ocr_line' id='line_1_21' title="bbox 236 2064 1813 2143; baseline 0.006 -30"><span class='ocrx_word' id='word_1_142' title='bbox 236 2064 526 2134; x_wconf 82' lang='grc' dir='ltr'>ἁχὼρητον</span> <span class='ocrx_word' id='word_1_143' title='bbox 589 2067 722 2135; x_wconf 77' lang='grc' dir='ltr'>ἡμῖν</span> <span class='ocrx_word' id='word_1_144' title='bbox 765 2067 904 2136; x_wconf 81' lang='grc' dir='ltr'>έχων</span> <span class='ocrx_word' id='word_1_145' title='bbox 938 2069 1256 2123; x_wconf 78' lang='grc' dir='ltr'>παντάπασι</span> <span class='ocrx_word' id='word_1_146' title='bbox 1299 2070 1420 2142; x_wconf 90' lang='grc' dir='ltr'>δίχα</span> <span class='ocrx_word' id='word_1_147' title='bbox 1453 2071 1678 2135; x_wconf 85' lang='grc' dir='ltr'>τούτων,</span> <span class='ocrx_word' id='word_1_148' title='bbox 1711 2072 1813 2143; x_wconf 73' lang='grc' dir='ltr'><strong>τὴν</strong></span> 
     </span>
    </p>
   </div>
   <div class='ocr_carea' id='block_1_22' title="bbox 230 2153 940 2228">
    <p class='ocr_par' dir='ltr' id='par_1_22' title="bbox 230 2153 940 2228">
     <span class='ocr_line' id='line_1_22' title="bbox 230 2153 940 2228; baseline 0.011 -24"><span class='ocrx_word' id='word_1_149' title='bbox 230 2153 263 2204; x_wconf 82' lang='grc' dir='ltr'>ὑ</span> <span class='ocrx_word' id='word_1_150' title='bbox 275 2155 375 2223; x_wconf 70' lang='grc' dir='ltr'>πὲρ</span> <span class='ocrx_word' id='word_1_151' title='bbox 409 2154 579 2207; x_wconf 81' lang='grc' dir='ltr'>ταῦτα</span> <span class='ocrx_word' id='word_1_152' title='bbox 611 2158 940 2228; x_wconf 77' lang='grc' dir='ltr'>κατάληψιν.</span> 
     </span>
    </p>
   </div>
   <div class='ocr_carea' id='block_1_23' title="bbox 306 2243 1813 2325">
    <p class='ocr_par' dir='ltr' id='par_1_23' title="bbox 306 2243 1813 2325">
     <span class='ocr_line' id='line_1_23' title="bbox 306 2243 1813 2325; baseline 0 -17"><span class='ocrx_word' id='word_1_153' title='bbox 306 2243 404 2314; x_wconf 53' lang='grc' dir='ltr'><strong>ἒβη</strong></span> <span class='ocrx_word' id='word_1_154' title='bbox 439 2248 500 2299; x_wconf 71' lang='grc' dir='ltr'><strong>Οἱ</strong></span> <span class='ocrx_word' id='word_1_155' title='bbox 530 2247 828 2313; x_wconf 77' lang='grc' dir='ltr'>θάπτοντες</span> <span class='ocrx_word' id='word_1_156' title='bbox 864 2251 1099 2318; x_wconf 77' lang='grc' dir='ltr'>ἐντίμως</span> <span class='ocrx_word' id='word_1_157' title='bbox 1137 2254 1229 2308; x_wconf 86' lang='grc' dir='ltr'><strong>τδν</strong></span> <span class='ocrx_word' id='word_1_158' title='bbox 1267 2253 1495 2325; x_wconf 78' lang='grc' dir='ltr'><strong>Κύριον,</strong></span> <span class='ocrx_word' id='word_1_159' title='bbox 1528 2255 1624 2308; x_wconf 69' lang='grc' dir='ltr'>καὶ</span> <span class='ocrx_word' id='word_1_160' title='bbox 1666 2256 1813 2308; x_wconf 72' lang='grc' dir='ltr'>ἐνδό-</span> 
     </span>
    </p>
   </div>
   <div class='ocr_carea' id='block_1_24' title="bbox 233 2335 1812 2418">
    <p class='ocr_par' dir='ltr' id='par_1_24' title="bbox 233 2335 1812 2418">
     <span class='ocr_line' id='line_1_24' title="bbox 233 2335 1812 2418; baseline 0.009 -31"><span class='ocrx_word' id='word_1_161' title='bbox 233 2335 345 2400; x_wconf 83' lang='grc' dir='ltr'><strong>ξως</strong></span> <span class='ocrx_word' id='word_1_162' title='bbox 403 2338 714 2393; x_wconf 83' lang='grc' dir='ltr'>ἀναστάντα</span> <span class='ocrx_word' id='word_1_163' title='bbox 763 2341 1093 2396; x_wconf 75' lang='grc' dir='ltr'>θεάσονταιο</span> <span class='ocrx_word' id='word_1_164' title='bbox 1160 2347 1326 2400; x_wconf 81' lang='grc' dir='ltr'>πᾶσιν</span> <span class='ocrx_word' id='word_1_165' title='bbox 1378 2347 1506 2400; x_wconf 76' lang='grc' dir='ltr'>ὄντα</span> <span class='ocrx_word' id='word_1_166' title='bbox 1560 2350 1676 2411; x_wconf 91' lang='grc' dir='ltr'>τοῖς</span> <span class='ocrx_word' id='word_1_167' title='bbox 1738 2350 1812 2418; x_wconf 84' lang='grc' dir='ltr'>μὴ</span> 
     </span>
    </p>
   </div>
   <div class='ocr_carea' id='block_1_25' title="bbox 231 2431 1813 2507">
    <p class='ocr_par' dir='ltr' id='par_1_25' title="bbox 231 2431 1813 2507">
     <span class='ocr_line' id='line_1_25' title="bbox 231 2431 1813 2507; baseline 0.008 -27"><span class='ocrx_word' id='word_1_168' title='bbox 231 2431 500 2495; x_wconf 83' lang='grc' dir='ltr'>τοιούτοις</span> <span class='ocrx_word' id='word_1_169' title='bbox 524 2432 772 2487; x_wconf 83' lang='grc' dir='ltr'><strong>ἀθέατον.</strong></span> <span class='ocrx_word' id='word_1_170' title='bbox 810 2435 925 2488; x_wconf 80' lang='grc' dir='ltr'>Οὐκ</span> <span class='ocrx_word' id='word_1_171' title='bbox 969 2436 1048 2488; x_wconf 80' lang='grc' dir='ltr'>ἔτι</span> <span class='ocrx_word' id='word_1_172' title='bbox 1078 2437 1188 2507; x_wconf 86' lang='grc' dir='ltr'>γὰρ</span> <span class='ocrx_word' id='word_1_173' title='bbox 1226 2441 1338 2502; x_wconf 86' lang='grc' dir='ltr'>τοῖς</span> <span class='ocrx_word' id='word_1_174' title='bbox 1368 2440 1813 2494; x_wconf 75' lang='grc' dir='ltr'>ὲπιϐουλεύουσίν</span> 
     </span>
    </p>
   </div>
   <div class='ocr_carea' id='block_1_26' title="bbox 233 2523 1812 2603">
    <p class='ocr_par' dir='ltr' id='par_1_26' title="bbox 233 2523 1812 2603">
     <span class='ocr_line' id='line_1_26' title="bbox 233 2523 1812 2603; baseline 0.008 -30"><span class='ocrx_word' id='word_1_175' title='bbox 233 2523 384 2574; x_wconf 76' lang='grc' dir='ltr'>ἐστιν</span> <span class='ocrx_word' id='word_1_176' title='bbox 420 2525 645 2588; x_wconf 46' lang='lat' dir='ltr'><strong>anno;</strong></span> <span class='ocrx_word' id='word_1_177' title='bbox 671 2527 771 2579; x_wconf 87' lang='grc' dir='ltr'>οὑκ</span> <span class='ocrx_word' id='word_1_178' title='bbox 816 2527 954 2597; x_wconf 78' lang='grc' dir='ltr'>ἔχων</span> <span class='ocrx_word' id='word_1_179' title='bbox 981 2528 1092 2581; x_wconf 90' lang='grc' dir='ltr'><strong>τῶν</strong></span> <span class='ocrx_word' id='word_1_180' title='bbox 1120 2530 1281 2594; x_wconf 69' lang='grc' dir='ltr'>ἐκτὸς</span> <span class='ocrx_word' id='word_1_181' title='bbox 1313 2532 1380 2584; x_wconf 74' lang='grc' dir='ltr'>τὰ</span> <span class='ocrx_word' id='word_1_182' title='bbox 1406 2533 1812 2603; x_wconf 78' lang='grc' dir='ltr'>προκαλύμμα-</span> 
     </span>
    </p>
   </div>
   <div class='ocr_carea' id='block_1_27' title="bbox 233 2608 1815 2695">
    <p class='ocr_par' dir='ltr' id='par_1_27' title="bbox 233 2608 1815 2695">
     <span class='ocr_line' id='line_1_27' title="bbox 233 2608 1815 2695; baseline 0.01 -32"><span class='ocrx_word' id='word_1_183' title='bbox 233 2630 323 2671; x_wconf 88' lang='grc' dir='ltr'><strong>τα,</strong></span> <span class='ocrx_word' id='word_1_184' title='bbox 367 2614 436 2666; x_wconf 79' lang='grc' dir='ltr'>δι’</span> <span class='ocrx_word' id='word_1_185' title='bbox 469 2608 544 2670; x_wconf 83' lang='grc' dir='ltr'><strong>ὧν</strong></span> <span class='ocrx_word' id='word_1_186' title='bbox 575 2617 748 2671; x_wconf 73' lang='grc' dir='ltr'>ἐδόκει</span> <span class='ocrx_word' id='word_1_187' title='bbox 787 2621 957 2673; x_wconf 82' lang='grc' dir='ltr'>θέλων</span> <span class='ocrx_word' id='word_1_188' title='bbox 991 2621 1310 2676; x_wconf 79' lang='grc' dir='ltr'>ἁλίσκεσθαι</span> <span class='ocrx_word' id='word_1_189' title='bbox 1349 2627 1498 2695; x_wconf 75' lang='grc' dir='ltr'>παρὰ</span> <span class='ocrx_word' id='word_1_190' title='bbox 1529 2625 1637 2678; x_wconf 88' lang='grc' dir='ltr'><strong>τῶν</strong></span> <span class='ocrx_word' id='word_1_191' title='bbox 1691 2626 1815 2694; x_wconf 85' lang='grc' dir='ltr'>βου-</span> 
     </span>
    </p>
   </div>
   <div class='ocr_carea' id='block_1_28' title="bbox 234 2705 1814 2789">
    <p class='ocr_par' dir='ltr' id='par_1_28' title="bbox 234 2705 1814 2789">
     <span class='ocr_line' id='line_1_28' title="bbox 234 2705 1814 2789; baseline 0.009 -33"><span class='ocrx_word' id='word_1_192' title='bbox 234 2705 503 2774; x_wconf 82' lang='grc' dir='ltr'>λομένων,</span> <span class='ocrx_word' id='word_1_193' title='bbox 529 2709 623 2762; x_wconf 74' lang='grc' dir='ltr'>καὶ</span> <span class='ocrx_word' id='word_1_194' title='bbox 678 2711 907 2781; x_wconf 83' lang='grc' dir='ltr'>πάσχειν</span> <span class='ocrx_word' id='word_1_195' title='bbox 953 2713 1095 2784; x_wconf 84' lang='grc' dir='ltr'>ὑπὲρ</span> <span class='ocrx_word' id='word_1_196' title='bbox 1137 2715 1236 2785; x_wconf 83' lang='grc' dir='ltr'>τῆς</span> <span class='ocrx_word' id='word_1_197' title='bbox 1272 2716 1490 2769; x_wconf 85' lang='grc' dir='ltr'>πάντων</span> <span class='ocrx_word' id='word_1_198' title='bbox 1536 2717 1814 2789; x_wconf 82' lang='grc' dir='ltr'>σωτηρίας</span> 
     </span>
    </p>
   </div>
   <div class='ocr_carea' id='block_1_29' title="bbox 233 2799 505 2868">
    <p class='ocr_par' dir='ltr' id='par_1_29' title="bbox 233 2799 505 2868">
     <span class='ocr_line' id='line_1_29' title="bbox 233 2799 505 2868; baseline 0.018 -19"><span class='ocrx_word' id='word_1_199' title='bbox 233 2799 505 2868; x_wconf 74' lang='grc' dir='ltr'>ἠνείχετο.</span> 
     </span>
    </p>
   </div>
   <div class='ocr_carea' id='block_1_30' title="bbox 315 2886 1816 2968">
    <p class='ocr_par' dir='ltr' id='par_1_30' title="bbox 315 2886 1816 2968">
     <span class='ocr_line' id='line_1_30' title="bbox 315 2886 1816 2968; baseline 0.006 -25"><span class='ocrx_word' id='word_1_200' title='bbox 315 2886 417 2958; x_wconf 78' lang='grc' dir='ltr'>ξγ’.</span> <span class='ocrx_word' id='word_1_201' title='bbox 462 2891 520 2945; x_wconf 89' lang='lat'><strong>&#39;0</strong></span> <span class='ocrx_word' id='word_1_202' title='bbox 551 2891 777 2948; x_wconf 86' lang='grc' dir='ltr'>θάπτων</span> <span class='ocrx_word' id='word_1_203' title='bbox 802 2897 1038 2968; x_wconf 79' lang='grc' dir='ltr'>ἐντίμως</span> <span class='ocrx_word' id='word_1_204' title='bbox 1073 2898 1166 2951; x_wconf 82' lang='grc' dir='ltr'><strong>τὸν</strong></span> <span class='ocrx_word' id='word_1_205' title='bbox 1201 2897 1430 2967; x_wconf 79' lang='grc' dir='ltr'>Κύριον,</span> <span class='ocrx_word' id='word_1_206' title='bbox 1473 2900 1639 2952; x_wconf 81' lang='grc' dir='ltr'>πᾶσίν</span> <span class='ocrx_word' id='word_1_207' title='bbox 1698 2901 1816 2953; x_wconf 76' lang='grc' dir='ltr'>ἐστι</span> 
     </span>
    </p>
   </div>
   <div class='ocr_carea' id='block_1_31' title="bbox 237 2982 1816 3062">
    <p class='ocr_par' dir='ltr' id='par_1_31' title="bbox 237 2982 1816 3062">
     <span class='ocr_line' id='line_1_31' title="bbox 237 2982 1816 3062; baseline 0.009 -31"><span class='ocrx_word' id='word_1_208' title='bbox 237 2982 357 3044; x_wconf 89' lang='grc' dir='ltr'>τοῖς</span> <span class='ocrx_word' id='word_1_209' title='bbox 415 2983 682 3051; x_wconf 77' lang='grc' dir='ltr'>φιλοθέοις</span> <span class='ocrx_word' id='word_1_210' title='bbox 736 2989 1019 3057; x_wconf 73' lang='grc' dir='ltr'>αἰδέσιμος</span> <span class='ocrx_word' id='word_1_211' title='bbox 1051 3007 1066 3020; x_wconf 89' lang='grc'>·</span> <span class='ocrx_word' id='word_1_212' title='bbox 1095 2989 1367 3061; x_wconf 84' lang='grc' dir='ltr'>θριάμϐου</span> <span class='ocrx_word' id='word_1_213' title='bbox 1390 2990 1498 3062; x_wconf 85' lang='grc' dir='ltr'><strong>γάρ</strong></span> <span class='ocrx_word' id='word_1_214' title='bbox 1528 2992 1690 3045; x_wconf 79' lang='grc' dir='ltr'>αὐτδν</span> <span class='ocrx_word' id='word_1_215' title='bbox 1723 2993 1816 3045; x_wconf 81' lang='grc' dir='ltr'>καὶ</span> 
     </span>
    </p>
   </div>
   <div class='ocr_carea' id='block_1_32' title="bbox 237 3068 1817 3150">
    <p class='ocr_par' dir='ltr' id='par_1_32' title="bbox 237 3068 1817 3150">
     <span class='ocr_line' id='line_1_32' title="bbox 237 3068 1817 3150; baseline 0.009 -30"><span class='ocrx_word' id='word_1_216' title='bbox 237 3068 480 3133; x_wconf 78' lang='grc' dir='ltr'>ὀνείδους</span> <span class='ocrx_word' id='word_1_217' title='bbox 497 3072 847 3142; x_wconf 80' lang='grc' dir='ltr'>καθηκόντως</span> <span class='ocrx_word' id='word_1_218' title='bbox 868 3078 930 3148; x_wconf 65' lang='lat' dir='ltr'><strong>ep</strong></span> <span class='ocrx_word' id='word_1_219' title='bbox 939 3076 1161 3148; x_wconf 79' lang='grc' dir='ltr'>ῥύσατο,</span> <span class='ocrx_word' id='word_1_220' title='bbox 1184 3077 1532 3150; x_wconf 82' lang='grc' dir='ltr'>βλασφημίας</span> <span class='ocrx_word' id='word_1_221' title='bbox 1559 3081 1817 3138; x_wconf 71' lang='grc' dir='ltr'>ὑπόθεσιν</span> 
     </span>
    </p>
   </div>
   <div class='ocr_carea' id='block_1_33' title="bbox 239 3161 1887 3265">
    <p class='ocr_par' dir='ltr' id='par_1_33' title="bbox 239 3161 1887 3265">
     <span class='ocr_line' id='line_1_33' title="bbox 239 3161 1887 3265; baseline 0.008 -53"><span class='ocrx_word' id='word_1_222' title='bbox 239 3161 346 3213; x_wconf 80' lang='grc' dir='ltr'><strong>οὐκ</strong></span> <span class='ocrx_word' id='word_1_223' title='bbox 371 3162 530 3229; x_wconf 74' lang='grc' dir='ltr'>ἀφεὶς</span> <span class='ocrx_word' id='word_1_224' title='bbox 555 3167 667 3226; x_wconf 87' lang='grc' dir='ltr'>τοῖς</span> <span class='ocrx_word' id='word_1_225' title='bbox 689 3167 964 3230; x_wconf 88' lang='grc' dir='ltr'>ἀπίστοις,</span> <span class='ocrx_word' id='word_1_226' title='bbox 992 3168 1088 3239; x_wconf 82' lang='grc' dir='ltr'>τὴν</span> <span class='ocrx_word' id='word_1_227' title='bbox 1114 3172 1169 3221; x_wconf 82' lang='grc' dir='ltr'>ἐν</span> <span class='ocrx_word' id='word_1_228' title='bbox 1193 3169 1272 3238; x_wconf 82' lang='grc' dir='ltr'>τῷ</span> <span class='ocrx_word' id='word_1_229' title='bbox 1289 3169 1432 3241; x_wconf 76' lang='grc' dir='ltr'>ξύλῳ</span> <span class='ocrx_word' id='word_1_230' title='bbox 1451 3171 1615 3225; x_wconf 82' lang='grc' dir='ltr'>αὑτοῦ</span> <span class='ocrx_word' id='word_1_231' title='bbox 1643 3190 1816 3247; x_wconf 87' lang='grc' dir='ltr'>προσ-</span> <span class='ocrx_word' id='word_1_232' title='bbox 1844 3207 1887 3265; x_wconf 79' lang='lat' dir='ltr'><strong>C</strong></span> 
     </span>
    </p>
   </div>
   <div class='ocr_carea' id='block_1_34' title="bbox 247 3252 1819 3336">
    <p class='ocr_par' dir='ltr' id='par_1_34' title="bbox 247 3252 1819 3336">
     <span class='ocr_line' id='line_1_34' title="bbox 247 3252 1819 3336; baseline 0.008 -33"><span class='ocrx_word' id='word_1_233' title='bbox 247 3252 473 3319; x_wconf 70' lang='grc' dir='ltr'>ήλωσιν.</span> <span class='ocrx_word' id='word_1_234' title='bbox 504 3255 568 3307; x_wconf 79' lang='lat' dir='ltr'><strong>Ol</strong></span> <span class='ocrx_word' id='word_1_235' title='bbox 597 3256 656 3309; x_wconf 82' lang='grc' dir='ltr'>δὲ</span> <span class='ocrx_word' id='word_1_236' title='bbox 692 3261 992 3328; x_wconf 70' lang='grc' dir='ltr'>σφραγῖδας</span> <span class='ocrx_word' id='word_1_237' title='bbox 1048 3262 1380 3326; x_wconf 77' lang='grc' dir='ltr'>ἐπιτιθέντες</span> <span class='ocrx_word' id='word_1_238' title='bbox 1409 3263 1488 3333; x_wconf 83' lang='grc' dir='ltr'>τῷ</span> <span class='ocrx_word' id='word_1_239' title='bbox 1515 3264 1689 3336; x_wconf 82' lang='grc' dir='ltr'>τάφῳ,</span> <span class='ocrx_word' id='word_1_240' title='bbox 1723 3265 1819 3318; x_wconf 73' lang='grc' dir='ltr'>καὶ</span> 
     </span>
    </p>
   </div>
   <div class='ocr_carea' id='block_1_35' title="bbox 242 3345 1810 3427">
    <p class='ocr_par' dir='ltr' id='par_1_35' title="bbox 242 3345 1810 3427">
     <span class='ocr_line' id='line_1_35' title="bbox 242 3345 1810 3427; baseline 0.011 -32"><span class='ocrx_word' id='word_1_241' title='bbox 242 3345 584 3412; x_wconf 78' lang='grc' dir='ltr'>στρατιώτας</span> <span class='ocrx_word' id='word_1_242' title='bbox 632 3350 1126 3419; x_wconf 84' lang='grc' dir='ltr'>προκαθιστῶντες,</span> <span class='ocrx_word' id='word_1_243' title='bbox 1173 3355 1392 3424; x_wconf 72' lang='grc' dir='ltr'>μισητοὶ</span> <span class='ocrx_word' id='word_1_244' title='bbox 1425 3355 1525 3424; x_wconf 83' lang='grc' dir='ltr'>τῆς</span> <span class='ocrx_word' id='word_1_245' title='bbox 1563 3356 1810 3427; x_wconf 76' lang='grc' dir='ltr'>ἐγχειρή-</span> 
     </span>
    </p>
   </div>
   <div class='ocr_carea' id='block_1_36' title="bbox 245 3430 1821 3512">
    <p class='ocr_par' dir='ltr' id='par_1_36' title="bbox 245 3430 1821 3512">
     <span class='ocr_line' id='line_1_36' title="bbox 245 3430 1821 3512; baseline 0.009 -26"><span class='ocrx_word' id='word_1_246' title='bbox 245 3451 390 3499; x_wconf 84' lang='grc' dir='ltr'>σεως</span> <span class='ocrx_word' id='word_1_247' title='bbox 421 3451 436 3465; x_wconf 90' lang='grc'><strong>·</strong></span> <span class='ocrx_word' id='word_1_248' title='bbox 468 3438 518 3491; x_wconf 87' lang='grc' dir='ltr'><strong>οῖ</strong></span> <span class='ocrx_word' id='word_1_249' title='bbox 567 3439 660 3491; x_wconf 59' lang='grc' dir='ltr'><strong>καὶ⁵</strong></span> <span class='ocrx_word' id='word_1_250' title='bbox 702 3441 1013 3496; x_wconf 88' lang='grc' dir='ltr'>ἀναστάντα</span> <span class='ocrx_word' id='word_1_251' title='bbox 1042 3444 1135 3496; x_wconf 82' lang='grc' dir='ltr'><strong>τὸν</strong></span> <span class='ocrx_word' id='word_1_252' title='bbox 1164 3444 1359 3512; x_wconf 84' lang='grc' dir='ltr'>Λόγον,</span> <span class='ocrx_word' id='word_1_253' title='bbox 1407 3445 1482 3508; x_wconf 86' lang='grc' dir='ltr'>ὡς</span> <span class='ocrx_word' id='word_1_254' title='bbox 1543 3430 1821 3500; x_wconf 84' lang='grc' dir='ltr'>κλαπέντα</span> 
     </span>
    </p>
   </div>
   <div class='ocr_carea' id='block_1_37' title="bbox 243 3527 1822 3610">
    <p class='ocr_par' dir='ltr' id='par_1_37' title="bbox 243 3527 1822 3610">
     <span class='ocr_line' id='line_1_37' title="bbox 243 3527 1822 3610; baseline 0.009 -32"><span class='ocrx_word' id='word_1_255' title='bbox 243 3527 628 3583; x_wconf 87' lang='grc' dir='ltr'>διαϐάλλουσιν</span> <span class='ocrx_word' id='word_1_256' title='bbox 657 3547 670 3561; x_wconf 73' lang='grc' dir='ltr'>ο</span> <span class='ocrx_word' id='word_1_257' title='bbox 705 3533 979 3604; x_wconf 86' lang='grc' dir='ltr'>ἀργυρίῳ,</span> <span class='ocrx_word' id='word_1_258' title='bbox 1017 3534 1208 3608; x_wconf 84' lang='grc' dir='ltr'>ὥσπερ</span> <span class='ocrx_word' id='word_1_259' title='bbox 1234 3537 1324 3589; x_wconf 85' lang='grc' dir='ltr'>τὸν</span> <span class='ocrx_word' id='word_1_260' title='bbox 1370 3538 1521 3592; x_wconf 84' lang='grc' dir='ltr'>νόθον</span> <span class='ocrx_word' id='word_1_261' title='bbox 1571 3538 1822 3610; x_wconf 80' lang='grc' dir='ltr'>μαθητὴν</span> 
     </span>
    </p>
   </div>
   <div class='ocr_carea' id='block_1_38' title="bbox 244 3621 1823 3702">
    <p class='ocr_par' dir='ltr' id='par_1_38' title="bbox 244 3621 1823 3702">
     <span class='ocr_line' id='line_1_38' title="bbox 244 3621 1823 3702; baseline 0.008 -31"><span class='ocrx_word' id='word_1_262' title='bbox 244 3621 331 3683; x_wconf 68' lang='grc' dir='ltr'>εἰς</span> <span class='ocrx_word' id='word_1_263' title='bbox 361 3622 654 3688; x_wconf 83' lang='grc' dir='ltr'>προδοσίαν</span> <span class='ocrx_word' id='word_1_264' title='bbox 678 3641 690 3654; x_wconf 90' lang='grc'><strong>·</strong></span> <span class='ocrx_word' id='word_1_265' title='bbox 719 3625 864 3692; x_wconf 82' lang='grc' dir='ltr'>λέγω</span> <span class='ocrx_word' id='word_1_266' title='bbox 896 3627 952 3679; x_wconf 79' lang='grc' dir='ltr'>δὲ</span> <span class='ocrx_word' id='word_1_267' title='bbox 974 3626 1064 3680; x_wconf 74' lang='grc' dir='ltr'><strong>τὸν</strong></span> <span class='ocrx_word' id='word_1_268' title='bbox 1093 3629 1459 3682; x_wconf 75' lang='grc' dir='ltr'>ἐπιδεικτικὸν</span> <span class='ocrx_word' id='word_1_269' title='bbox 1499 3630 1698 3700; x_wconf 88' lang='grc' dir='ltr'>τρόπον</span> <span class='ocrx_word' id='word_1_270' title='bbox 1725 3631 1823 3702; x_wconf 84' lang='grc' dir='ltr'>τῆς</span> 
     </span>
    </p>
   </div>
   <div class='ocr_carea' id='block_1_39' title="bbox 245 3713 1821 3792">
    <p class='ocr_par' dir='ltr' id='par_1_39' title="bbox 245 3713 1821 3792">
     <span class='ocr_line' id='line_1_39' title="bbox 245 3713 1821 3792; baseline 0.008 -28"><span class='ocrx_word' id='word_1_271' title='bbox 245 3713 450 3783; x_wconf 82' lang='grc' dir='ltr'>ἀρετῆς</span> <span class='ocrx_word' id='word_1_272' title='bbox 480 3729 494 3744; x_wconf 86' lang='grc'>·</span> <span class='ocrx_word' id='word_1_273' title='bbox 522 3713 664 3767; x_wconf 79' lang='grc' dir='ltr'>οὕτω</span> <span class='ocrx_word' id='word_1_274' title='bbox 697 3717 791 3769; x_wconf 70' lang='grc' dir='ltr'><strong>καὶ</strong></span> <span class='ocrx_word' id='word_1_275' title='bbox 817 3717 944 3779; x_wconf 81' lang='grc' dir='ltr'>τοὺς</span> <span class='ocrx_word' id='word_1_276' title='bbox 987 3719 1321 3791; x_wconf 81' lang='grc' dir='ltr'>στρατιώτας</span> <span class='ocrx_word' id='word_1_277' title='bbox 1365 3722 1501 3792; x_wconf 75' lang='grc' dir='ltr'>πρὺς</span> <span class='ocrx_word' id='word_1_278' title='bbox 1547 3739 1821 3791; x_wconf 84' lang='grc' dir='ltr'>συκοφαν-</span> 
     </span>
    </p>
   </div>
   <div class='ocr_carea' id='block_1_40' title="bbox 245 3803 1822 3880">
    <p class='ocr_par' dir='ltr' id='par_1_40' title="bbox 245 3803 1822 3880">
     <span class='ocr_line' id='line_1_40' title="bbox 245 3803 1822 3880; baseline 0.006 -25"><span class='ocrx_word' id='word_1_279' title='bbox 245 3803 372 3855; x_wconf 87' lang='grc' dir='ltr'>τίαν</span> <span class='ocrx_word' id='word_1_280' title='bbox 395 3803 489 3856; x_wconf 82' lang='grc' dir='ltr'>τοῦ</span> <span class='ocrx_word' id='word_1_281' title='bbox 516 3805 843 3879; x_wconf 80' lang='grc' dir='ltr'>ἀναστάντος</span> <span class='ocrx_word' id='word_1_282' title='bbox 898 3808 1150 3879; x_wconf 80' lang='grc' dir='ltr'>Σωτῆρος</span> <span class='ocrx_word' id='word_1_283' title='bbox 1178 3810 1507 3880; x_wconf 79' lang='grc' dir='ltr'>ὠνούμενοι.</span> <span class='ocrx_word' id='word_1_284' title='bbox 1560 3811 1822 3866; x_wconf 85' lang='grc' dir='ltr'>Γινώσκει</span> 
     </span>
    </p>
   </div>
   <div class='ocr_carea' id='block_1_41' title="bbox 244 3893 1823 3970">
    <p class='ocr_par' dir='ltr' id='par_1_41' title="bbox 244 3893 1823 3970">
     <span class='ocr_line' id='line_1_41' title="bbox 244 3893 1823 3970; baseline 0.006 -21"><span class='ocrx_word' id='word_1_285' title='bbox 244 3893 361 3949; x_wconf 82' lang='grc' dir='ltr'><strong>τῶν</strong></span> <span class='ocrx_word' id='word_1_286' title='bbox 415 3894 724 3968; x_wconf 86' lang='grc' dir='ltr'>λεγομένων</span> <span class='ocrx_word' id='word_1_287' title='bbox 776 3900 876 3969; x_wconf 78' lang='grc' dir='ltr'>τὴν</span> <span class='ocrx_word' id='word_1_288' title='bbox 920 3899 1201 3970; x_wconf 74' lang='grc' dir='ltr'>ἔμφασιν,</span> <span class='ocrx_word' id='word_1_289' title='bbox 1247 3905 1275 3956; x_wconf 86' lang='grc' dir='ltr'><em>ὁ</em></span> <span class='ocrx_word' id='word_1_290' title='bbox 1322 3906 1624 3970; x_wconf 79' lang='grc' dir='ltr'>γνωστικός</span> <span class='ocrx_word' id='word_1_291' title='bbox 1654 3922 1669 3937; x_wconf 89' lang='grc'><strong>·</strong></span> <span class='ocrx_word' id='word_1_292' title='bbox 1723 3907 1823 3960; x_wconf 83' lang='grc' dir='ltr'><strong>οὐκ</strong></span> 
     </span>
    </p>
   </div>
   <div class='ocr_carea' id='block_1_42' title="bbox 248 3986 1820 4064">
    <p class='ocr_par' dir='ltr' id='par_1_42' title="bbox 248 3986 1820 4064">
     <span class='ocr_line' id='line_1_42' title="bbox 248 3986 1820 4064; baseline 0.004 -24"><span class='ocrx_word' id='word_1_293' title='bbox 248 3986 465 4054; x_wconf 84' lang='grc' dir='ltr'>ἀγνοῶν</span> <span class='ocrx_word' id='word_1_294' title='bbox 504 3988 621 4050; x_wconf 88' lang='grc' dir='ltr'><strong>πῶς</strong></span> <span class='ocrx_word' id='word_1_295' title='bbox 673 4005 733 4041; x_wconf 92' lang='grc' dir='ltr'><strong>τε</strong></span> <span class='ocrx_word' id='word_1_296' title='bbox 763 3989 857 4041; x_wconf 79' lang='grc' dir='ltr'><strong>καὶ</strong></span> <span class='ocrx_word' id='word_1_297' title='bbox 880 3990 1136 4060; x_wconf 83' lang='grc' dir='ltr'>ποσαχῶς</span> <span class='ocrx_word' id='word_1_298' title='bbox 1174 3992 1504 4061; x_wconf 84' lang='grc' dir='ltr'>σταυροῦται</span> <span class='ocrx_word' id='word_1_299' title='bbox 1536 3995 1563 4046; x_wconf 90' lang='grc' dir='ltr'><strong>ό</strong></span> <span class='ocrx_word' id='word_1_300' title='bbox 1594 3993 1820 4064; x_wconf 84' lang='grc' dir='ltr'>Κύριος,</span> 
     </span>
    </p>
   </div>
   <div class='ocr_carea' id='block_1_43' title="bbox 248 4076 1825 4155">
    <p class='ocr_par' dir='ltr' id='par_1_43' title="bbox 248 4076 1825 4155">
     <span class='ocr_line' id='line_1_43' title="bbox 248 4076 1825 4155; baseline 0.003 -25"><span class='ocrx_word' id='word_1_301' title='bbox 248 4077 350 4130; x_wconf 79' lang='grc' dir='ltr'>καὶ</span> <span class='ocrx_word' id='word_1_302' title='bbox 409 4076 673 4131; x_wconf 89' lang='grc' dir='ltr'>θάπτεται</span> <span class='ocrx_word' id='word_1_303' title='bbox 720 4081 814 4133; x_wconf 72' lang='grc' dir='ltr'>καὶ</span> <span class='ocrx_word' id='word_1_304' title='bbox 865 4080 1152 4134; x_wconf 83' lang='grc' dir='ltr'>ἀνίσταται</span> <span class='ocrx_word' id='word_1_305' title='bbox 1179 4100 1193 4114; x_wconf 88' lang='grc'><strong>·</strong></span> <span class='ocrx_word' id='word_1_306' title='bbox 1253 4084 1385 4136; x_wconf 75' lang='grc' dir='ltr'>ὡσεὶ</span> <span class='ocrx_word' id='word_1_307' title='bbox 1444 4087 1674 4155; x_wconf 81' lang='grc' dir='ltr'>νεκροὺς</span> <span class='ocrx_word' id='word_1_308' title='bbox 1725 4085 1825 4155; x_wconf 82' lang='grc' dir='ltr'>μὲν</span> 
     </span>
    </p>
   </div>
   <div class='ocr_carea' id='block_1_44' title="bbox 249 4165 1825 4244">
    <p class='ocr_par' dir='ltr' id='par_1_44' title="bbox 249 4165 1825 4244">
     <span class='ocr_line' id='line_1_44' title="bbox 249 4165 1825 4244; baseline 0.006 -27"><span class='ocrx_word' id='word_1_309' title='bbox 249 4165 423 4219; x_wconf 79' lang='grc' dir='ltr'>ποιῶν</span> <span class='ocrx_word' id='word_1_310' title='bbox 443 4168 569 4230; x_wconf 82' lang='grc' dir='ltr'>τοὺς</span> <span class='ocrx_word' id='word_1_311' title='bbox 592 4167 699 4221; x_wconf 80' lang='grc' dir='ltr'><strong>ὑπὸ</strong></span> <span class='ocrx_word' id='word_1_312' title='bbox 720 4168 990 4239; x_wconf 84' lang='grc' dir='ltr'>δαιμόνων</span> <span class='ocrx_word' id='word_1_313' title='bbox 1012 4175 1076 4240; x_wconf 82' lang='grc' dir='ltr'>τῇ</span> <span class='ocrx_word' id='word_1_314' title='bbox 1103 4172 1298 4243; x_wconf 73' lang='grc' dir='ltr'>καρδίᾳ</span> <span class='ocrx_word' id='word_1_315' title='bbox 1325 4173 1825 4244; x_wconf 87' lang='grc' dir='ltr'>παρακαθημένους</span> 
     </span>
    </p>
   </div>
   <div class='ocr_carea' id='block_1_45' title="bbox 249 4257 1823 4337">
    <p class='ocr_par' dir='ltr' id='par_1_45' title="bbox 249 4257 1823 4337">
     <span class='ocr_line' id='line_1_45' title="bbox 249 4257 1823 4337; baseline 0.006 -28"><span class='ocrx_word' id='word_1_316' title='bbox 249 4257 522 4328; x_wconf 81' lang='grc' dir='ltr'>ἐμπαθεῖς</span> <span class='ocrx_word' id='word_1_317' title='bbox 571 4259 865 4330; x_wconf 90' lang='grc' dir='ltr'>λογισμούς</span> <span class='ocrx_word' id='word_1_318' title='bbox 895 4280 908 4294; x_wconf 91' lang='grc'><strong>·</strong></span> <span class='ocrx_word' id='word_1_319' title='bbox 941 4264 1068 4326; x_wconf 85' lang='grc' dir='ltr'>τοὺς</span> <span class='ocrx_word' id='word_1_320' title='bbox 1110 4264 1591 4337; x_wconf 77' lang='grc' dir='ltr'>διαμεριζομένους</span> <span class='ocrx_word' id='word_1_321' title='bbox 1628 4267 1685 4318; x_wconf 85' lang='grc' dir='ltr'><strong>ὲν</strong></span> <span class='ocrx_word' id='word_1_322' title='bbox 1710 4269 1823 4328; x_wconf 86' lang='grc' dir='ltr'>τοῖς</span> 
     </span>
    </p>
   </div>
   <div class='ocr_carea' id='block_1_46' title="bbox 250 4351 1826 4428">
    <p class='ocr_par' dir='ltr' id='par_1_46' title="bbox 250 4351 1826 4428">
     <span class='ocr_line' id='line_1_46' title="bbox 250 4351 1826 4428; baseline 0.007 -28"><span class='ocrx_word' id='word_1_323' title='bbox 250 4351 583 4419; x_wconf 80' lang='grc' dir='ltr'>πειρασμοῖς</span> <span class='ocrx_word' id='word_1_324' title='bbox 632 4351 822 4424; x_wconf 88' lang='grc' dir='ltr'>ῶσπερ</span> <span class='ocrx_word' id='word_1_325' title='bbox 863 4354 1083 4423; x_wconf 73' lang='grc' dir='ltr'>ἱμάτια,</span> <span class='ocrx_word' id='word_1_326' title='bbox 1115 4356 1243 4420; x_wconf 79' lang='grc' dir='ltr'>τοὺς</span> <span class='ocrx_word' id='word_1_327' title='bbox 1277 4358 1512 4427; x_wconf 85' lang='grc' dir='ltr'>τρόπους</span> <span class='ocrx_word' id='word_1_328' title='bbox 1558 4357 1659 4427; x_wconf 74' lang='grc' dir='ltr'>τῆς</span> <span class='ocrx_word' id='word_1_329' title='bbox 1708 4359 1826 4428; x_wconf 73' lang='grc' dir='ltr'>ἠθι-</span> 
     </span>
    </p>
   </div>
   <div class='ocr_carea' id='block_1_47' title="bbox 248 4440 1822 4518">
    <p class='ocr_par' dir='ltr' id='par_1_47' title="bbox 248 4440 1822 4518">
     <span class='ocr_line' id='line_1_47' title="bbox 248 4440 1822 4518; baseline 0.006 -26"><span class='ocrx_word' id='word_1_330' title='bbox 248 4440 360 4508; x_wconf 77' lang='grc' dir='ltr'><strong>κῆς</strong></span> <span class='ocrx_word' id='word_1_331' title='bbox 387 4440 747 4510; x_wconf 82' lang='grc' dir='ltr'>εὐπρεπείας·</span> <span class='ocrx_word' id='word_1_332' title='bbox 781 4446 875 4497; x_wconf 75' lang='grc' dir='ltr'><strong>καὶ</strong></span> <span class='ocrx_word' id='word_1_333' title='bbox 901 4445 1247 4515; x_wconf 81' lang='grc' dir='ltr'>ὑπερϐαίνων</span> <span class='ocrx_word' id='word_1_334' title='bbox 1279 4446 1470 4518; x_wconf 83' lang='grc' dir='ltr'>ῶσπερ</span> <span class='ocrx_word' id='word_1_335' title='bbox 1520 4448 1822 4518; x_wconf 81' lang='grc' dir='ltr'>σφραγῖδας</span> 
     </span>
    </p>
   </div>
   <div class='ocr_carea' id='block_1_48' title="bbox 1917 596 3490 672">
    <p class='ocr_par' dir='ltr' id='par_1_48' title="bbox 1917 596 3490 672">
     <span class='ocr_line' id='line_1_48' title="bbox 1917 596 3490 672; baseline 0.01 -23"><span class='ocrx_word' id='word_1_336' title='bbox 1917 596 2097 651; x_wconf 77' lang='lat' dir='ltr'><strong>tiones</strong></span> <span class='ocrx_word' id='word_1_337' title='bbox 2127 599 2313 654; x_wconf 78' lang='lat' dir='ltr'><strong>divine</strong></span> <span class='ocrx_word' id='word_1_338' title='bbox 2349 604 2688 672; x_wconf 89' lang='lat' dir='ltr'><strong>complexus,</strong></span> <span class='ocrx_word' id='word_1_339' title='bbox 2719 620 2750 659; x_wconf 91' lang='lat' dir='ltr'><strong>a</strong></span> <span class='ocrx_word' id='word_1_340' title='bbox 2778 608 2978 662; x_wconf 89' lang='lat' dir='ltr'><strong>mentis</strong></span> <span class='ocrx_word' id='word_1_341' title='bbox 3006 607 3154 663; x_wconf 91' lang='lat' dir='ltr'><strong>circa</strong></span> <span class='ocrx_word' id='word_1_342' title='bbox 3183 623 3303 663; x_wconf 85' lang='lat' dir='ltr'><strong>eam</strong></span> <span class='ocrx_word' id='word_1_343' title='bbox 3336 620 3490 664; x_wconf 88' lang='lat' dir='ltr'><strong>motu</strong></span> 
     </span>
    </p>
   </div>
   <div class='ocr_carea' id='block_1_49' title="bbox 1915 687 2182 757">
    <p class='ocr_par' dir='ltr' id='par_1_49' title="bbox 1915 687 2182 757">
     <span class='ocr_line' id='line_1_49' title="bbox 1915 687 2182 757; baseline 0.015 -17"><span class='ocrx_word' id='word_1_344' title='bbox 1915 687 2182 757; x_wconf 82' lang='lat' dir='ltr'><strong>quiescit.</strong></span> 
     </span>
    </p>
   </div>
   <div class='ocr_carea' id='block_1_50' title="bbox 1986 779 3488 862">
    <p class='ocr_par' dir='ltr' id='par_1_50' title="bbox 1986 779 3488 862">
     <span class='ocr_line' id='line_1_50' title="bbox 1986 779 3488 862; baseline 0.007 -29"><span class='ocrx_word' id='word_1_345' title='bbox 1986 779 2074 834; x_wconf 84' lang='grc'><strong>60.</strong></span> <span class='ocrx_word' id='word_1_346' title='bbox 2117 781 2218 847; x_wconf 83' lang='lat' dir='ltr'><strong>Qui</strong></span> <span class='ocrx_word' id='word_1_347' title='bbox 2265 785 2512 853; x_wconf 70' lang='lat' dir='ltr'><strong>septimas</strong></span> <span class='ocrx_word' id='word_1_348' title='bbox 2555 788 2759 857; x_wconf 84' lang='lat' dir='ltr'><strong>quietis</strong></span> <span class='ocrx_word' id='word_1_349' title='bbox 2803 789 2898 844; x_wconf 87' lang='lat' dir='ltr'><strong>Dei</strong></span> <span class='ocrx_word' id='word_1_350' title='bbox 2945 790 2998 843; x_wconf 91' lang='lat' dir='ltr'><strong>in</strong></span> <span class='ocrx_word' id='word_1_351' title='bbox 3041 791 3488 862; x_wconf 64' lang='lat' dir='ltr'><strong>nostri&#39;gratiam</strong></span> 
     </span>
    </p>
   </div>
   <div class='ocr_carea' id='block_1_51' title="bbox 1916 873 3492 952">
    <p class='ocr_par' dir='ltr' id='par_1_51' title="bbox 1916 873 3492 952">
     <span class='ocr_line' id='line_1_51' title="bbox 1916 873 3492 952; baseline 0.008 -27"><span class='ocrx_word' id='word_1_352' title='bbox 1916 873 2191 944; x_wconf 84' lang='lat' dir='ltr'><strong>particeps</strong></span> <span class='ocrx_word' id='word_1_353' title='bbox 2208 874 2383 937; x_wconf 77' lang='lat' dir='ltr'><strong>factus</strong></span> <span class='ocrx_word' id='word_1_354' title='bbox 2403 885 2518 944; x_wconf 91' lang='lat' dir='ltr'><strong>est;</strong></span> <span class='ocrx_word' id='word_1_355' title='bbox 2544 882 2663 950; x_wconf 84' lang='lat' dir='ltr'><strong>ejus</strong></span> <span class='ocrx_word' id='word_1_356' title='bbox 2681 897 2902 951; x_wconf 89' lang='lat' dir='ltr'><strong>quoque</strong></span> <span class='ocrx_word' id='word_1_357' title='bbox 2928 891 3152 952; x_wconf 78' lang='lat' dir='ltr'><strong>propter</strong></span> <span class='ocrx_word' id='word_1_358' title='bbox 3167 899 3266 937; x_wconf 92' lang='lat' dir='ltr'><strong>nos</strong></span> <span class='ocrx_word' id='word_1_359' title='bbox 3287 891 3492 937; x_wconf 58' lang='lat' dir='ltr'><strong>octavae</strong></span> 
     </span>
    </p>
   </div>
   <div class='ocr_carea' id='block_1_52' title="bbox 1917 961 3490 1043">
    <p class='ocr_par' dir='ltr' id='par_1_52' title="bbox 1917 961 3490 1043">
     <span class='ocr_line' id='line_1_52' title="bbox 1917 961 3490 1043; baseline 0.01 -31"><span class='ocrx_word' id='word_1_360' title='bbox 1917 961 2248 1029; x_wconf 78' lang='lat' dir='ltr'><strong>operationis</strong></span> <span class='ocrx_word' id='word_1_361' title='bbox 2282 980 2381 1033; x_wconf 90' lang='lat' dir='ltr'><strong>per</strong></span> <span class='ocrx_word' id='word_1_362' title='bbox 2409 966 2815 1025; x_wconf 83' lang='lat' dir='ltr'><strong>deiﬁcatiouem</strong></span> <span class='ocrx_word' id='word_1_363' title='bbox 2855 972 3125 1043; x_wconf 78' lang='lat' dir='ltr'><strong>(mysticae</strong></span> <span class='ocrx_word' id='word_1_364' title='bbox 3158 973 3369 1027; x_wconf 82' lang='lat' dir='ltr'><strong>scilicet</strong></span> <span class='ocrx_word' id='word_1_365' title='bbox 3401 988 3490 1027; x_wconf 90' lang='lat' dir='ltr'><strong>re-</strong></span> 
     </span>
    </p>
   </div>
   <div class='ocr_carea' id='block_1_53' title="bbox 1917 1056 3491 1136">
    <p class='ocr_par' dir='ltr' id='par_1_53' title="bbox 1917 1056 3491 1136">
     <span class='ocr_line' id='line_1_53' title="bbox 1917 1056 3491 1136; baseline 0.009 -31"><span class='ocrx_word' id='word_1_366' title='bbox 1917 1056 2297 1129; x_wconf 74' lang='lat' dir='ltr'><strong>surrectionis)</strong></span> <span class='ocrx_word' id='word_1_367' title='bbox 2332 1057 2426 1114; x_wconf 83' lang='lat' dir='ltr'><strong>ﬁet</strong></span> <span class='ocrx_word' id='word_1_368' title='bbox 2455 1062 2757 1133; x_wconf 72' lang='lat' dir='ltr'><strong>particeps;</strong></span> <span class='ocrx_word' id='word_1_369' title='bbox 2795 1065 2910 1135; x_wconf 88' lang='lat' dir='ltr'><strong>ipse</strong></span> <span class='ocrx_word' id='word_1_370' title='bbox 2940 1066 3105 1120; x_wconf 89' lang='lat' dir='ltr'><strong>etiam</strong></span> <span class='ocrx_word' id='word_1_371' title='bbox 3147 1067 3201 1120; x_wconf 91' lang='lat' dir='ltr'><strong>in</strong></span> <span class='ocrx_word' id='word_1_372' title='bbox 3234 1067 3491 1136; x_wconf 91' lang='lat' dir='ltr'><strong>sepulcro</strong></span> 
     </span>
    </p>
   </div>
   <div class='ocr_carea' id='block_1_54' title="bbox 1917 1143 3494 1228">
    <p class='ocr_par' dir='ltr' id='par_1_54' title="bbox 1917 1143 3494 1228">
     <span class='ocr_line' id='line_1_54' title="bbox 1917 1143 3494 1228; baseline 0.009 -32"><span class='ocrx_word' id='word_1_373' title='bbox 1917 1143 2234 1203; x_wconf 85' lang='lat' dir='ltr'><strong>linteamina</strong></span> <span class='ocrx_word' id='word_1_374' title='bbox 2262 1152 2461 1218; x_wconf 89' lang='lat' dir='ltr'><strong>posita,</strong></span> <span class='ocrx_word' id='word_1_375' title='bbox 2487 1168 2550 1207; x_wconf 89' lang='lat' dir='ltr'><strong>ac</strong></span> <span class='ocrx_word' id='word_1_376' title='bbox 2579 1156 2862 1210; x_wconf 89' lang='lat' dir='ltr'><strong>sudarium</strong></span> <span class='ocrx_word' id='word_1_377' title='bbox 2893 1158 3038 1227; x_wconf 92' lang='lat' dir='ltr'><strong>quod</strong></span> <span class='ocrx_word' id='word_1_378' title='bbox 3073 1159 3236 1228; x_wconf 82' lang='lat' dir='ltr'><strong>capiti</strong></span> <span class='ocrx_word' id='word_1_379' title='bbox 3269 1158 3494 1228; x_wconf 56' lang='lat' dir='ltr'><strong>imposi-</strong></span> 
     </span>
    </p>
   </div>
   <div class='ocr_carea' id='block_1_55' title="bbox 1919 1235 3493 1316">
    <p class='ocr_par' dir='ltr' id='par_1_55' title="bbox 1919 1235 3493 1316">
     <span class='ocr_line' id='line_1_55' title="bbox 1919 1235 3493 1316; baseline 0.007 -28"><span class='ocrx_word' id='word_1_380' title='bbox 1919 1243 2035 1290; x_wconf 88' lang='lat' dir='ltr'><strong>tum</strong></span> <span class='ocrx_word' id='word_1_381' title='bbox 2075 1235 2283 1304; x_wconf 83' lang='lat' dir='ltr'><strong>fuerat,</strong></span> <span class='ocrx_word' id='word_1_382' title='bbox 2317 1241 2655 1312; x_wconf 87' lang='lat' dir='ltr'><strong>relinquens.</strong></span> <span class='ocrx_word' id='word_1_383' title='bbox 2689 1243 2815 1300; x_wconf 64' lang='lat' dir='ltr'><strong>Htec</strong></span> <span class='ocrx_word' id='word_1_384' title='bbox 2853 1261 3020 1316; x_wconf 88' lang='lat' dir='ltr'><strong>porro</strong></span> <span class='ocrx_word' id='word_1_385' title='bbox 3056 1256 3415 1311; x_wconf 81' lang='lat' dir='ltr'><strong>contuentes,</strong></span> <span class='ocrx_word' id='word_1_386' title='bbox 3445 1247 3493 1300; x_wconf 88' lang='lat' dir='ltr'><strong>si</strong></span> 
     </span>
    </p>
   </div>
   <div class='ocr_carea' id='block_1_56' title="bbox 1917 1327 3495 1404">
    <p class='ocr_par' dir='ltr' id='par_1_56' title="bbox 1917 1327 3495 1404">
     <span class='ocr_line' id='line_1_56' title="bbox 1917 1327 3495 1404; baseline 0.007 -24"><span class='ocrx_word' id='word_1_387' title='bbox 1917 1327 2041 1397; x_wconf 83' lang='lat' dir='ltr'><strong>quis</strong></span> <span class='ocrx_word' id='word_1_388' title='bbox 2064 1329 2265 1387; x_wconf 86' lang='lat' dir='ltr'><strong>Petrus</strong></span> <span class='ocrx_word' id='word_1_389' title='bbox 2295 1347 2360 1388; x_wconf 90' lang='lat' dir='ltr'><strong>ac</strong></span> <span class='ocrx_word' id='word_1_390' title='bbox 2386 1335 2625 1392; x_wconf 81' lang='lat' dir='ltr'><strong>Joannes</strong></span> <span class='ocrx_word' id='word_1_391' title='bbox 2657 1347 2770 1404; x_wconf 81' lang='lat' dir='ltr'><strong>est,</strong></span> <span class='ocrx_word' id='word_1_392' title='bbox 2803 1339 3092 1394; x_wconf 88' lang='lat' dir='ltr'><strong>Dominum</strong></span> <span class='ocrx_word' id='word_1_393' title='bbox 3130 1340 3495 1395; x_wconf 83' lang='lat' dir='ltr'><strong>resurrexisse</strong></span> 
     </span>
    </p>
   </div>
   <div class='ocr_carea' id='block_1_57' title="bbox 1915 1422 2234 1479">
    <p class='ocr_par' dir='ltr' id='par_1_57' title="bbox 1915 1422 2234 1479">
     <span class='ocr_line' id='line_1_57' title="bbox 1915 1422 2234 1479; baseline 0.013 -4"><span class='ocrx_word' id='word_1_394' title='bbox 1915 1422 2148 1477; x_wconf 87' lang='lat' dir='ltr'><strong>credent</strong></span> <span class='ocrx_word' id='word_1_395' title='bbox 2169 1425 2234 1479; x_wconf 79' lang='grc'><strong>³⁸.</strong></span> 
     </span>
    </p>
   </div>
   <div class='ocr_carea' id='block_1_58' title="bbox 1987 1515 3494 1586">
    <p class='ocr_par' dir='ltr' id='par_1_58' title="bbox 1987 1515 3494 1586">
     <span class='ocr_line' id='line_1_58' title="bbox 1987 1515 3494 1586; baseline 0.006 -18"><span class='ocrx_word' id='word_1_396' title='bbox 1987 1515 2078 1569; x_wconf 82' lang='lat' dir='ltr'><strong>6i.</strong></span> <span class='ocrx_word' id='word_1_397' title='bbox 2106 1516 2452 1572; x_wconf 89' lang='lat' dir='ltr'><strong>Dominicum</strong></span> <span class='ocrx_word' id='word_1_398' title='bbox 2485 1518 2628 1575; x_wconf 78' lang='lat' dir='ltr'><strong>forte</strong></span> <span class='ocrx_word' id='word_1_399' title='bbox 2663 1529 3109 1586; x_wconf 86' lang='lat' dir='ltr'><strong>monumentum,</strong></span> <span class='ocrx_word' id='word_1_400' title='bbox 3135 1531 3231 1576; x_wconf 85' lang='lat' dir='ltr'><strong>aut</strong></span> <span class='ocrx_word' id='word_1_401' title='bbox 3257 1523 3494 1578; x_wconf 87' lang='lat' dir='ltr'><strong>mundus</strong></span> 
     </span>
    </p>
   </div>
   <div class='ocr_carea' id='block_1_59' title="bbox 1918 1603 3490 1679">
    <p class='ocr_par' dir='ltr' id='par_1_59' title="bbox 1918 1603 3490 1679">
     <span class='ocr_line' id='line_1_59' title="bbox 1918 1603 3490 1679; baseline 0.006 -21"><span class='ocrx_word' id='word_1_402' title='bbox 1918 1603 2022 1658; x_wconf 89' lang='lat' dir='ltr'><strong>iste</strong></span> <span class='ocrx_word' id='word_1_403' title='bbox 2065 1614 2181 1671; x_wconf 89' lang='lat' dir='ltr'><strong>est,</strong></span> <span class='ocrx_word' id='word_1_404' title='bbox 2224 1614 2321 1661; x_wconf 85' lang='lat' dir='ltr'><strong>aut</strong></span> <span class='ocrx_word' id='word_1_405' title='bbox 2361 1609 2606 1679; x_wconf 89' lang='lat' dir='ltr'><strong>cujusvis</strong></span> <span class='ocrx_word' id='word_1_406' title='bbox 2658 1609 2904 1665; x_wconf 83' lang='lat' dir='ltr'><strong>ﬁdelium</strong></span> <span class='ocrx_word' id='word_1_407' title='bbox 2953 1627 3049 1666; x_wconf 89' lang='lat' dir='ltr'><strong>cor</strong></span> <span class='ocrx_word' id='word_1_408' title='bbox 3095 1612 3210 1666; x_wconf 87' lang='lat' dir='ltr'><strong>sive</strong></span> <span class='ocrx_word' id='word_1_409' title='bbox 3253 1612 3490 1668; x_wconf 90' lang='lat' dir='ltr'><strong>animus.</strong></span> 
     </span>
    </p>
   </div>
   <div class='ocr_carea' id='block_1_60' title="bbox 1918 1696 3497 1771">
    <p class='ocr_par' dir='ltr' id='par_1_60' title="bbox 1918 1696 3497 1771">
     <span class='ocr_line' id='line_1_60' title="bbox 1918 1696 3497 1771; baseline 0.003 -19"><span class='ocrx_word' id='word_1_410' title='bbox 1918 1696 2210 1753; x_wconf 88' lang='lat' dir='ltr'><strong>Sudarium</strong></span> <span class='ocrx_word' id='word_1_411' title='bbox 2230 1740 2245 1764; x_wconf 89' lang='lat'><strong>,</strong></span> <span class='ocrx_word' id='word_1_412' title='bbox 2275 1700 2604 1768; x_wconf 82' lang='lat' dir='ltr'><strong>spiritalium</strong></span> <span class='ocrx_word' id='word_1_413' title='bbox 2636 1710 2754 1767; x_wconf 90' lang='lat' dir='ltr'><strong>est,</strong></span> <span class='ocrx_word' id='word_1_414' title='bbox 2783 1716 2908 1756; x_wconf 89' lang='lat' dir='ltr'><strong>cum</strong></span> <span class='ocrx_word' id='word_1_415' title='bbox 2948 1717 3014 1756; x_wconf 89' lang='lat' dir='ltr'><strong>ea</strong></span> <span class='ocrx_word' id='word_1_416' title='bbox 3050 1718 3216 1771; x_wconf 84' lang='lat' dir='ltr'><strong>quam</strong></span> <span class='ocrx_word' id='word_1_417' title='bbox 3255 1702 3497 1758; x_wconf 83' lang='lat' dir='ltr'><strong>nancisci</strong></span> 
     </span>
    </p>
   </div>
   <div class='ocr_carea' id='block_1_61' title="bbox 1921 1791 3496 1863">
    <p class='ocr_par' dir='ltr' id='par_1_61' title="bbox 1921 1791 3496 1863">
     <span class='ocr_line' id='line_1_61' title="bbox 1921 1791 3496 1863; baseline 0.003 -20"><span class='ocrx_word' id='word_1_418' title='bbox 1921 1791 2081 1855; x_wconf 90' lang='lat' dir='ltr'><strong>licet,</strong></span> <span class='ocrx_word' id='word_1_419' title='bbox 2111 1792 2415 1862; x_wconf 74' lang='lat' dir='ltr'><strong>theologia,</strong></span> <span class='ocrx_word' id='word_1_420' title='bbox 2448 1792 2680 1862; x_wconf 81' lang='lat' dir='ltr'><strong>simplex</strong></span> <span class='ocrx_word' id='word_1_421' title='bbox 2714 1794 2972 1863; x_wconf 87' lang='lat' dir='ltr'><strong>omnique</strong></span> <span class='ocrx_word' id='word_1_422' title='bbox 3002 1809 3203 1848; x_wconf 87' lang='lat' dir='ltr'><strong>vacans</strong></span> <span class='ocrx_word' id='word_1_423' title='bbox 3232 1794 3496 1848; x_wconf 88' lang='lat' dir='ltr'><strong>varietate</strong></span> 
     </span>
    </p>
   </div>
   <div class='ocr_carea' id='block_1_62' title="bbox 1917 1881 3496 1954">
    <p class='ocr_par' dir='ltr' id='par_1_62' title="bbox 1917 1881 3496 1954">
     <span class='ocr_line' id='line_1_62' title="bbox 1917 1881 3496 1954; baseline 0.002 -18"><span class='ocrx_word' id='word_1_424' title='bbox 1917 1881 2177 1949; x_wconf 85' lang='lat' dir='ltr'><strong>scientia;</strong></span> <span class='ocrx_word' id='word_1_425' title='bbox 2204 1882 2411 1953; x_wconf 86' lang='lat' dir='ltr'><strong>quibus</strong></span> <span class='ocrx_word' id='word_1_426' title='bbox 2443 1884 2596 1954; x_wconf 89' lang='lat' dir='ltr'><strong>prius</strong></span> <span class='ocrx_word' id='word_1_427' title='bbox 2619 1884 2858 1939; x_wconf 83' lang='lat' dir='ltr'><strong>Verbum</strong></span> <span class='ocrx_word' id='word_1_428' title='bbox 2883 1885 3233 1948; x_wconf 88' lang='lat' dir='ltr'><strong>noscebatur,</strong></span> <span class='ocrx_word' id='word_1_429' title='bbox 3257 1886 3376 1940; x_wconf 89' lang='lat' dir='ltr'><strong>sine</strong></span> <span class='ocrx_word' id='word_1_430' title='bbox 3410 1885 3496 1939; x_wconf 87' lang='lat' dir='ltr'><strong>his</strong></span> 
     </span>
    </p>
   </div>
   <div class='ocr_carea' id='block_1_63' title="bbox 1916 1975 3491 2048">
    <p class='ocr_par' dir='ltr' id='par_1_63' title="bbox 1916 1975 3491 2048">
     <span class='ocr_line' id='line_1_63' title="bbox 1916 1975 3491 2048; baseline 0.003 -20"><span class='ocrx_word' id='word_1_431' title='bbox 1916 1990 2144 2044; x_wconf 86' lang='lat' dir='ltr'><strong>prorsus</strong></span> <span class='ocrx_word' id='word_1_432' title='bbox 2177 1975 2339 2030; x_wconf 91' lang='lat' dir='ltr'><strong>nobis</strong></span> <span class='ocrx_word' id='word_1_433' title='bbox 2373 1976 2905 2046; x_wconf 78' lang='lat' dir='ltr'><strong>incomprehensam,</strong></span> <span class='ocrx_word' id='word_1_434' title='bbox 2940 1993 3062 2048; x_wconf 71' lang='lat' dir='ltr'><strong>quae</strong></span> <span class='ocrx_word' id='word_1_435' title='bbox 3093 1977 3202 2033; x_wconf 87' lang='lat' dir='ltr'><strong>illis</strong></span> <span class='ocrx_word' id='word_1_436' title='bbox 3232 1977 3491 2042; x_wconf 88' lang='lat' dir='ltr'><strong>emineat,</strong></span> 
     </span>
    </p>
   </div>
   <div class='ocr_carea' id='block_1_64' title="bbox 1917 2067 2732 2137">
    <p class='ocr_par' dir='ltr' id='par_1_64' title="bbox 1917 2067 2732 2137">
     <span class='ocr_line' id='line_1_64' title="bbox 1917 2067 2732 2137; baseline 0.001 -15"><span class='ocrx_word' id='word_1_437' title='bbox 1917 2067 2468 2137; x_wconf 84' lang='lat' dir='ltr'><strong>comprehensionem</strong></span> <span class='ocrx_word' id='word_1_438' title='bbox 2499 2068 2732 2124; x_wconf 85' lang='lat' dir='ltr'><strong>habens.</strong></span> 
     </span>
    </p>
   </div>
   <div class='ocr_carea' id='block_1_65' title="bbox 1988 2249 3492 2321">
    <p class='ocr_par' dir='ltr' id='par_1_65' title="bbox 1988 2249 3492 2321">
     <span class='ocr_line' id='line_1_65' title="bbox 1988 2249 3492 2321; baseline 0.001 -16"><span class='ocrx_word' id='word_1_439' title='bbox 1988 2249 2077 2306; x_wconf 74' lang='lat'><strong>62.</strong></span> <span class='ocrx_word' id='word_1_440' title='bbox 2121 2249 2225 2316; x_wconf 86' lang='lat' dir='ltr'><strong>Qui</strong></span> <span class='ocrx_word' id='word_1_441' title='bbox 2273 2250 2575 2307; x_wconf 81' lang='lat' dir='ltr'><strong>honoriﬁce</strong></span> <span class='ocrx_word' id='word_1_442' title='bbox 2621 2251 2914 2306; x_wconf 90' lang='lat' dir='ltr'><strong>Dominum</strong></span> <span class='ocrx_word' id='word_1_443' title='bbox 2960 2253 3265 2321; x_wconf 88' lang='lat' dir='ltr'><strong>sepeliunt,</strong></span> <span class='ocrx_word' id='word_1_444' title='bbox 3313 2252 3492 2320; x_wconf 88' lang='lat' dir='ltr'><strong>ipsum</strong></span> 
     </span>
    </p>
   </div>
   <div class='ocr_carea' id='block_1_66' title="bbox 1919 2340 3494 2413">
    <p class='ocr_par' dir='ltr' id='par_1_66' title="bbox 1919 2340 3494 2413">
     <span class='ocr_line' id='line_1_66' title="bbox 1919 2340 3494 2413; baseline -0.001 -17"><span class='ocrx_word' id='word_1_445' title='bbox 1919 2357 2136 2412; x_wconf 89' lang='lat' dir='ltr'><strong>quoque</strong></span> <span class='ocrx_word' id='word_1_446' title='bbox 2160 2342 2396 2412; x_wconf 81' lang='lat' dir='ltr'><strong>gloriose</strong></span> <span class='ocrx_word' id='word_1_447' title='bbox 2421 2351 2800 2413; x_wconf 72' lang='lat' dir='ltr'><strong>resurgentem</strong></span> <span class='ocrx_word' id='word_1_448' title='bbox 2822 2342 2994 2398; x_wconf 82' lang='lat' dir='ltr'><strong>visuri</strong></span> <span class='ocrx_word' id='word_1_449' title='bbox 3021 2349 3176 2404; x_wconf 92' lang='lat' dir='ltr'><strong>sunt,</strong></span> <span class='ocrx_word' id='word_1_450' title='bbox 3205 2357 3328 2396; x_wconf 89' lang='lat' dir='ltr'><strong>cum</strong></span> <span class='ocrx_word' id='word_1_451' title='bbox 3359 2340 3494 2395; x_wconf 83' lang='lat' dir='ltr'><strong>alio-</strong></span> 
     </span>
    </p>
   </div>
   <div class='ocr_carea' id='block_1_67' title="bbox 1919 2433 3488 2506">
    <p class='ocr_par' dir='ltr' id='par_1_67' title="bbox 1919 2433 3488 2506">
     <span class='ocr_line' id='line_1_67' title="bbox 1919 2433 3488 2506; baseline -0.003 -17"><span class='ocrx_word' id='word_1_452' title='bbox 1919 2435 2012 2504; x_wconf 90' lang='lat' dir='ltr'><strong>qui</strong></span> <span class='ocrx_word' id='word_1_453' title='bbox 2035 2435 2310 2500; x_wconf 90' lang='lat' dir='ltr'><strong>omnibus,</strong></span> <span class='ocrx_word' id='word_1_454' title='bbox 2334 2436 2427 2506; x_wconf 92' lang='lat' dir='ltr'><strong>qui</strong></span> <span class='ocrx_word' id='word_1_455' title='bbox 2449 2451 2557 2490; x_wconf 92' lang='lat' dir='ltr'><strong>non</strong></span> <span class='ocrx_word' id='word_1_456' title='bbox 2591 2444 2721 2490; x_wconf 86' lang='lat' dir='ltr'><strong>sunt</strong></span> <span class='ocrx_word' id='word_1_457' title='bbox 2748 2435 3042 2506; x_wconf 89' lang='lat' dir='ltr'><strong>ejusmodi,</strong></span> <span class='ocrx_word' id='word_1_458' title='bbox 3070 2433 3364 2489; x_wconf 84' lang='lat' dir='ltr'><strong>invisibilis</strong></span> <span class='ocrx_word' id='word_1_459' title='bbox 3398 2434 3488 2487; x_wconf 90' lang='lat' dir='ltr'><strong>sit.</strong></span> 
     </span>
    </p>
   </div>
   <div class='ocr_carea' id='block_1_68' title="bbox 1919 2523 3492 2597">
    <p class='ocr_par' dir='ltr' id='par_1_68' title="bbox 1919 2523 3492 2597">
     <span class='ocr_line' id='line_1_68' title="bbox 1919 2523 3492 2597; baseline -0.003 -17"><span class='ocrx_word' id='word_1_460' title='bbox 1919 2527 2038 2580; x_wconf 87' lang='lat' dir='ltr'><strong>Non</strong></span> <span class='ocrx_word' id='word_1_461' title='bbox 2077 2527 2227 2581; x_wconf 91' lang='lat' dir='ltr'><strong>enim</strong></span> <span class='ocrx_word' id='word_1_462' title='bbox 2264 2527 2499 2597; x_wconf 87' lang='lat' dir='ltr'><strong>amplius</strong></span> <span class='ocrx_word' id='word_1_463' title='bbox 2530 2527 2814 2596; x_wconf 82' lang='lat' dir='ltr'><strong>expositus</strong></span> <span class='ocrx_word' id='word_1_464' title='bbox 2849 2536 2936 2582; x_wconf 90' lang='lat' dir='ltr'><strong>est</strong></span> <span class='ocrx_word' id='word_1_465' title='bbox 2971 2526 3320 2581; x_wconf 83' lang='lat' dir='ltr'><strong>inimicorum</strong></span> <span class='ocrx_word' id='word_1_466' title='bbox 3358 2523 3492 2578; x_wconf 88' lang='lat' dir='ltr'><strong>insi—</strong></span> 
     </span>
    </p>
   </div>
   <div class='ocr_carea' id='block_1_69' title="bbox 1921 2614 3495 2687">
    <p class='ocr_par' dir='ltr' id='par_1_69' title="bbox 1921 2614 3495 2687">
     <span class='ocr_line' id='line_1_69' title="bbox 1921 2614 3495 2687; baseline -0.001 -18"><span class='ocrx_word' id='word_1_467' title='bbox 1921 2615 2056 2681; x_wconf 89' lang='lat' dir='ltr'><strong>diis,</strong></span> <span class='ocrx_word' id='word_1_468' title='bbox 2083 2619 2176 2687; x_wconf 89' lang='lat' dir='ltr'><strong>qui</strong></span> <span class='ocrx_word' id='word_1_469' title='bbox 2209 2617 2377 2672; x_wconf 89' lang='lat' dir='ltr'><strong>nullis</strong></span> <span class='ocrx_word' id='word_1_470' title='bbox 2407 2619 2740 2673; x_wconf 70' lang='lat' dir='ltr'><strong>exteriorum</strong></span> <span class='ocrx_word' id='word_1_471' title='bbox 2775 2618 3073 2673; x_wconf 89' lang='lat' dir='ltr'><strong>involucris</strong></span> <span class='ocrx_word' id='word_1_472' title='bbox 3106 2617 3358 2671; x_wconf 88' lang='lat' dir='ltr'><strong>obtectus</strong></span> <span class='ocrx_word' id='word_1_473' title='bbox 3390 2614 3495 2679; x_wconf 73' lang='lat' dir='ltr'><strong>sit,</strong></span> 
     </span>
    </p>
   </div>
   <div class='ocr_carea' id='block_1_70' title="bbox 1920 2703 3491 2776">
    <p class='ocr_par' dir='ltr' id='par_1_70' title="bbox 1920 2703 3491 2776">
     <span class='ocr_line' id='line_1_70' title="bbox 1920 2703 3491 2776; baseline 0.001 -19"><span class='ocrx_word' id='word_1_474' title='bbox 1920 2704 2124 2773; x_wconf 91' lang='lat' dir='ltr'><strong>quibus</strong></span> <span class='ocrx_word' id='word_1_475' title='bbox 2154 2715 2347 2774; x_wconf 86' lang='lat' dir='ltr'><strong>sponte</strong></span> <span class='ocrx_word' id='word_1_476' title='bbox 2372 2722 2404 2760; x_wconf 88' lang='lat' dir='ltr'><strong>a</strong></span> <span class='ocrx_word' id='word_1_477' title='bbox 2427 2706 2740 2761; x_wconf 87' lang='lat' dir='ltr'><strong>volentibus</strong></span> <span class='ocrx_word' id='word_1_478' title='bbox 2768 2705 3223 2776; x_wconf 88' lang='lat' dir='ltr'><strong>capi-videbatur,</strong></span> <span class='ocrx_word' id='word_1_479' title='bbox 3251 2703 3491 2760; x_wconf 87' lang='lat' dir='ltr'><strong>sustine-</strong></span> 
     </span>
    </p>
   </div>
   <div class='ocr_carea' id='block_1_71' title="bbox 1923 2799 2962 2869">
    <p class='ocr_par' dir='ltr' id='par_1_71' title="bbox 1923 2799 2962 2869">
     <span class='ocr_line' id='line_1_71' title="bbox 1923 2799 2962 2869; baseline -0.001 -16"><span class='ocrx_word' id='word_1_480' title='bbox 1923 2799 2124 2868; x_wconf 86' lang='lat' dir='ltr'><strong>batque</strong></span> <span class='ocrx_word' id='word_1_481' title='bbox 2155 2799 2398 2852; x_wconf 92' lang='lat' dir='ltr'><strong>omnium</strong></span> <span class='ocrx_word' id='word_1_482' title='bbox 2426 2813 2588 2854; x_wconf 89' lang='lat' dir='ltr'><strong>causa</strong></span> <span class='ocrx_word' id='word_1_483' title='bbox 2613 2800 2804 2854; x_wconf 88' lang='lat' dir='ltr'><strong>salutis</strong></span> <span class='ocrx_word' id='word_1_484' title='bbox 2831 2799 2962 2869; x_wconf 90' lang='lat' dir='ltr'><strong>pati.</strong></span> 
     </span>
    </p>
   </div>
   <div class='ocr_carea' id='block_1_72' title="bbox 1990 2887 3494 2959">
    <p class='ocr_par' dir='ltr' id='par_1_72' title="bbox 1990 2887 3494 2959">
     <span class='ocr_line' id='line_1_72' title="bbox 1990 2887 3494 2959; baseline 0 -17"><span class='ocrx_word' id='word_1_485' title='bbox 1990 2889 2080 2942; x_wconf 77' lang='lat'><strong>63.</strong></span> <span class='ocrx_word' id='word_1_486' title='bbox 2114 2887 2219 2954; x_wconf 82' lang='lat' dir='ltr'><strong>Qui</strong></span> <span class='ocrx_word' id='word_1_487' title='bbox 2259 2887 2560 2943; x_wconf 80' lang='lat' dir='ltr'><strong>honoriﬁce</strong></span> <span class='ocrx_word' id='word_1_488' title='bbox 2602 2889 2891 2942; x_wconf 89' lang='lat' dir='ltr'><strong>Dominum</strong></span> <span class='ocrx_word' id='word_1_489' title='bbox 2931 2889 3154 2959; x_wconf 85' lang='lat' dir='ltr'><strong>sepelit,</strong></span> <span class='ocrx_word' id='word_1_490' title='bbox 3189 2887 3352 2959; x_wconf 64' lang='grc'><strong>474</strong></span> <span class='ocrx_word' id='word_1_491' title='bbox 3387 2888 3494 2958; x_wconf 87' lang='lat' dir='ltr'><strong>piis</strong></span> 
     </span>
    </p>
   </div>
   <div class='ocr_carea' id='block_1_73' title="bbox 1922 2977 3492 3048">
    <p class='ocr_par' dir='ltr' id='par_1_73' title="bbox 1922 2977 3492 3048">
     <span class='ocr_line' id='line_1_73' title="bbox 1922 2977 3492 3048; baseline -0.002 -14"><span class='ocrx_word' id='word_1_492' title='bbox 1922 2979 2180 3034; x_wconf 88' lang='lat' dir='ltr'><strong>omnibus</strong></span> <span class='ocrx_word' id='word_1_493' title='bbox 2216 2992 2281 3032; x_wconf 90' lang='lat' dir='ltr'><strong>ac</strong></span> <span class='ocrx_word' id='word_1_494' title='bbox 2319 2977 2590 3048; x_wconf 78' lang='lat' dir='ltr'><strong>religiosis</strong></span> <span class='ocrx_word' id='word_1_495' title='bbox 2642 2977 2972 3032; x_wconf 84' lang='lat' dir='ltr'><strong>venerabilis</strong></span> <span class='ocrx_word' id='word_1_496' title='bbox 3007 2978 3250 3044; x_wconf 74' lang='lat' dir='ltr'><strong>exsistit;</strong></span> <span class='ocrx_word' id='word_1_497' title='bbox 3293 2979 3492 3048; x_wconf 85' lang='lat' dir='ltr'><strong>quippe</strong></span> 
     </span>
    </p>
   </div>
   <div class='ocr_carea' id='block_1_74' title="bbox 1922 3068 3493 3140">
    <p class='ocr_par' dir='ltr' id='par_1_74' title="bbox 1922 3068 3493 3140">
     <span class='ocr_line' id='line_1_74' title="bbox 1922 3068 3493 3140; baseline 0 -18"><span class='ocrx_word' id='word_1_498' title='bbox 1922 3070 2017 3140; x_wconf 91' lang='lat' dir='ltr'><strong>qui</strong></span> <span class='ocrx_word' id='word_1_499' title='bbox 2043 3069 2149 3124; x_wconf 89' lang='lat' dir='ltr'><strong>rite</strong></span> <span class='ocrx_word' id='word_1_500' title='bbox 2179 3083 2246 3123; x_wconf 90' lang='lat' dir='ltr'><strong>eo</strong></span> <span class='ocrx_word' id='word_1_501' title='bbox 2273 3068 2595 3139; x_wconf 81' lang='lat' dir='ltr'><strong>perfunctus</strong></span> <span class='ocrx_word' id='word_1_502' title='bbox 2621 3069 2840 3139; x_wconf 89' lang='lat' dir='ltr'><strong>pietatis</strong></span> <span class='ocrx_word' id='word_1_503' title='bbox 2861 3068 3058 3134; x_wconf 83' lang='lat' dir='ltr'><strong>cilicio,</strong></span> <span class='ocrx_word' id='word_1_504' title='bbox 3082 3070 3226 3139; x_wconf 86' lang='lat' dir='ltr'><strong>quod</strong></span> <span class='ocrx_word' id='word_1_505' title='bbox 3261 3071 3314 3123; x_wconf 91' lang='lat' dir='ltr'><strong>in</strong></span> <span class='ocrx_word' id='word_1_506' title='bbox 3346 3071 3493 3140; x_wconf 82' lang='lat' dir='ltr'><strong>ligno</strong></span> 
     </span>
    </p>
   </div>
   <div class='ocr_carea' id='block_1_75' title="bbox 1924 3161 3494 3232">
    <p class='ocr_par' dir='ltr' id='par_1_75' title="bbox 1924 3161 3494 3232">
     <span class='ocr_line' id='line_1_75' title="bbox 1924 3161 3494 3232; baseline -0.001 -15"><span class='ocrx_word' id='word_1_507' title='bbox 1924 3162 2094 3219; x_wconf 86' lang='lat' dir='ltr'><strong>clavis</strong></span> <span class='ocrx_word' id='word_1_508' title='bbox 2127 3161 2374 3216; x_wconf 82' lang='lat' dir='ltr'><strong>conﬁxus</strong></span> <span class='ocrx_word' id='word_1_509' title='bbox 2410 3161 2502 3225; x_wconf 88' lang='lat' dir='ltr'><strong>sit,</strong></span> <span class='ocrx_word' id='word_1_510' title='bbox 2529 3161 2842 3232; x_wconf 69' lang='lat' dir='ltr'><strong>ignominiaa</strong></span> <span class='ocrx_word' id='word_1_511' title='bbox 2874 3161 3204 3232; x_wconf 87' lang='lat' dir='ltr'><strong>publicoque</strong></span> <span class='ocrx_word' id='word_1_512' title='bbox 3239 3161 3494 3216; x_wconf 89' lang='lat' dir='ltr'><strong>dedecori</strong></span> 
     </span>
    </p>
   </div>
   <div class='ocr_carea' id='block_1_76' title="bbox 1921 3252 3494 3323">
    <p class='ocr_par' dir='ltr' id='par_1_76' title="bbox 1921 3252 3494 3323">
     <span class='ocr_line' id='line_1_76' title="bbox 1921 3252 3494 3323; baseline -0.001 -15"><span class='ocrx_word' id='word_1_513' title='bbox 1921 3253 2229 3323; x_wconf 87' lang='lat' dir='ltr'><strong>expositum</strong></span> <span class='ocrx_word' id='word_1_514' title='bbox 2257 3269 2369 3307; x_wconf 88' lang='lat' dir='ltr'><strong>non</strong></span> <span class='ocrx_word' id='word_1_515' title='bbox 2403 3253 2712 3322; x_wconf 84' lang='lat' dir='ltr'><strong>reliquerit,</strong></span> <span class='ocrx_word' id='word_1_516' title='bbox 2739 3253 2835 3308; x_wconf 90' lang='lat' dir='ltr'><strong>sed</strong></span> <span class='ocrx_word' id='word_1_517' title='bbox 2867 3269 2935 3308; x_wconf 92' lang='lat' dir='ltr'><strong>eo</strong></span> <span class='ocrx_word' id='word_1_518' title='bbox 2967 3254 3285 3308; x_wconf 85' lang='lat' dir='ltr'><strong>liberaverit</strong></span> <span class='ocrx_word' id='word_1_519' title='bbox 3304 3253 3366 3308; x_wconf 79' lang='lat'><strong>&quot;.</strong></span> <span class='ocrx_word' id='word_1_520' title='bbox 3390 3252 3494 3320; x_wconf 83' lang='lat' dir='ltr'><strong>Qui</strong></span> 
     </span>
    </p>
   </div>
   <div class='ocr_carea' id='block_1_77' title="bbox 1922 3344 3495 3415">
    <p class='ocr_par' dir='ltr' id='par_1_77' title="bbox 1922 3344 3495 3415">
     <span class='ocr_line' id='line_1_77' title="bbox 1922 3344 3495 3415; baseline -0.001 -15"><span class='ocrx_word' id='word_1_521' title='bbox 1922 3353 2107 3400; x_wconf 85' lang='lat' dir='ltr'><strong>autem</strong></span> <span class='ocrx_word' id='word_1_522' title='bbox 2139 3344 2417 3415; x_wconf 85' lang='lat' dir='ltr'><strong>signacula</strong></span> <span class='ocrx_word' id='word_1_523' title='bbox 2453 3344 2838 3415; x_wconf 89' lang='lat' dir='ltr'><strong>imposuerunt</strong></span> <span class='ocrx_word' id='word_1_524' title='bbox 2867 3344 3139 3414; x_wconf 88' lang='lat' dir='ltr'><strong>sepulcro,</strong></span> <span class='ocrx_word' id='word_1_525' title='bbox 3172 3359 3235 3399; x_wconf 91' lang='lat' dir='ltr'><strong>ac</strong></span> <span class='ocrx_word' id='word_1_526' title='bbox 3265 3349 3360 3414; x_wconf 85' lang='lat' dir='ltr'><strong>qui</strong></span> <span class='ocrx_word' id='word_1_527' title='bbox 3390 3345 3495 3399; x_wconf 88' lang='lat' dir='ltr'><strong>mi-</strong></span> 
     </span>
    </p>
   </div>
   <div class='ocr_carea' id='block_1_78' title="bbox 1921 3435 3497 3507">
    <p class='ocr_par' dir='ltr' id='par_1_78' title="bbox 1921 3435 3497 3507">
     <span class='ocr_line' id='line_1_78' title="bbox 1921 3435 3497 3507; baseline 0.001 -17"><span class='ocrx_word' id='word_1_528' title='bbox 1921 3436 2048 3490; x_wconf 90' lang='lat' dir='ltr'><strong>lites</strong></span> <span class='ocrx_word' id='word_1_529' title='bbox 2075 3435 2402 3505; x_wconf 70' lang='lat' dir='ltr'><strong>prielieiunt,</strong></span> <span class='ocrx_word' id='word_1_530' title='bbox 2428 3436 2550 3507; x_wconf 88' lang='lat' dir='ltr'><strong>ejus</strong></span> <span class='ocrx_word' id='word_1_531' title='bbox 2577 3436 2658 3490; x_wconf 88' lang='lat' dir='ltr'><strong>rei</strong></span> <span class='ocrx_word' id='word_1_532' title='bbox 2685 3435 2990 3500; x_wconf 88' lang='lat' dir='ltr'><strong>molimine,</strong></span> <span class='ocrx_word' id='word_1_533' title='bbox 3015 3438 3162 3491; x_wconf 91' lang='lat' dir='ltr'><strong>omni</strong></span> <span class='ocrx_word' id='word_1_534' title='bbox 3191 3436 3340 3507; x_wconf 83' lang='lat' dir='ltr'><strong>digni</strong></span> <span class='ocrx_word' id='word_1_535' title='bbox 3369 3437 3497 3491; x_wconf 88' lang='lat' dir='ltr'><strong>odio</strong></span> 
     </span>
    </p>
   </div>
   <div class='ocr_carea' id='block_1_79' title="bbox 1921 3527 3500 3598">
    <p class='ocr_par' dir='ltr' id='par_1_79' title="bbox 1921 3527 3500 3598">
     <span class='ocr_line' id='line_1_79' title="bbox 1921 3527 3500 3598; baseline 0 -15"><span class='ocrx_word' id='word_1_536' title='bbox 1921 3537 2071 3592; x_wconf 91' lang='lat' dir='ltr'><strong>sunt,</strong></span> <span class='ocrx_word' id='word_1_537' title='bbox 2097 3530 2191 3597; x_wconf 88' lang='lat' dir='ltr'><strong>qui</strong></span> <span class='ocrx_word' id='word_1_538' title='bbox 2213 3537 2272 3582; x_wconf 92' lang='lat' dir='ltr'><strong>et</strong></span> <span class='ocrx_word' id='word_1_539' title='bbox 2295 3527 2538 3582; x_wconf 82' lang='lat' dir='ltr'><strong>Verbum</strong></span> <span class='ocrx_word' id='word_1_540' title='bbox 2568 3542 2691 3582; x_wconf 91' lang='lat' dir='ltr'><strong>cum</strong></span> <span class='ocrx_word' id='word_1_541' title='bbox 2723 3528 3044 3594; x_wconf 77' lang='lat' dir='ltr'><strong>surrexerit,</strong></span> <span class='ocrx_word' id='word_1_542' title='bbox 3067 3537 3324 3598; x_wconf 88' lang='lat' dir='ltr'><strong>tanquam</strong></span> <span class='ocrx_word' id='word_1_543' title='bbox 3353 3528 3500 3583; x_wconf 82' lang='lat' dir='ltr'><strong>furto</strong></span> 
     </span>
    </p>
   </div>
   <div class='ocr_carea' id='block_1_80' title="bbox 1923 3620 3499 3692">
    <p class='ocr_par' dir='ltr' id='par_1_80' title="bbox 1923 3620 3499 3692">
     <span class='ocr_line' id='line_1_80' title="bbox 1923 3620 3499 3692; baseline 0 -16"><span class='ocrx_word' id='word_1_544' title='bbox 1923 3621 2202 3676; x_wconf 89' lang='lat' dir='ltr'><strong>sublatum</strong></span> <span class='ocrx_word' id='word_1_545' title='bbox 2238 3621 2328 3686; x_wconf 87' lang='lat' dir='ltr'><strong>sit,</strong></span> <span class='ocrx_word' id='word_1_546' title='bbox 2359 3630 2677 3692; x_wconf 74' lang='lat' dir='ltr'><strong>suspectum</strong></span> <span class='ocrx_word' id='word_1_547' title='bbox 2708 3620 2987 3676; x_wconf 89' lang='lat' dir='ltr'><strong>reddunt:</strong></span> <span class='ocrx_word' id='word_1_548' title='bbox 3021 3621 3099 3676; x_wconf 92' lang='lat' dir='ltr'><strong>sic</strong></span> <span class='ocrx_word' id='word_1_549' title='bbox 3131 3622 3410 3686; x_wconf 87' lang='lat' dir='ltr'><strong>nimirum,</strong></span> <span class='ocrx_word' id='word_1_550' title='bbox 3441 3631 3499 3677; x_wconf 93' lang='lat' dir='ltr'><strong>ut</strong></span> 
     </span>
    </p>
   </div>
   <div class='ocr_carea' id='block_1_81' title="bbox 1924 3711 3494 3785">
    <p class='ocr_par' dir='ltr' id='par_1_81' title="bbox 1924 3711 3494 3785">
     <span class='ocr_line' id='line_1_81' title="bbox 1924 3711 3494 3785; baseline -0.001 -17"><span class='ocrx_word' id='word_1_551' title='bbox 1924 3715 2068 3770; x_wconf 88' lang='lat' dir='ltr'><strong>sicut</strong></span> <span class='ocrx_word' id='word_1_552' title='bbox 2094 3713 2294 3770; x_wconf 77' lang='lat' dir='ltr'><strong>falsum</strong></span> <span class='ocrx_word' id='word_1_553' title='bbox 2331 3711 2664 3785; x_wconf 87' lang='lat' dir='ltr'><strong>discipulum</strong></span> <span class='ocrx_word' id='word_1_554' title='bbox 2704 3714 2835 3785; x_wconf 89' lang='lat' dir='ltr'><strong>(quo</strong></span> <span class='ocrx_word' id='word_1_555' title='bbox 2869 3713 3091 3768; x_wconf 88' lang='lat' dir='ltr'><strong>nomine</strong></span> <span class='ocrx_word' id='word_1_556' title='bbox 3124 3714 3345 3768; x_wconf 90' lang='lat' dir='ltr'><strong>virtutis</strong></span> <span class='ocrx_word' id='word_1_557' title='bbox 3378 3730 3494 3767; x_wconf 86' lang='lat' dir='ltr'><strong>mo-</strong></span> 
     </span>
    </p>
   </div>
   <div class='ocr_carea' id='block_1_82' title="bbox 1925 3805 3500 3878">
    <p class='ocr_par' dir='ltr' id='par_1_82' title="bbox 1925 3805 3500 3878">
     <span class='ocr_line' id='line_1_82' title="bbox 1925 3805 3500 3878; baseline -0.003 -17"><span class='ocrx_word' id='word_1_558' title='bbox 1925 3807 2056 3861; x_wconf 89' lang='lat' dir='ltr'><strong>dum</strong></span> <span class='ocrx_word' id='word_1_559' title='bbox 2088 3807 2822 3878; x_wconf 69' lang='lat' dir='ltr'><strong>ostentationi&#39;conjunctum</strong></span> <span class='ocrx_word' id='word_1_560' title='bbox 2844 3805 3136 3877; x_wconf 85' lang='lat' dir='ltr'><strong>intelligo),</strong></span> <span class='ocrx_word' id='word_1_561' title='bbox 3162 3807 3242 3860; x_wconf 86' lang='lat' dir='ltr'><strong>sic</strong></span> <span class='ocrx_word' id='word_1_562' title='bbox 3274 3814 3329 3860; x_wconf 91' lang='lat' dir='ltr'><strong>et</strong></span> <span class='ocrx_word' id='word_1_563' title='bbox 3358 3805 3500 3859; x_wconf 87' lang='lat' dir='ltr'><strong>mili-</strong></span> 
     </span>
    </p>
   </div>
   <div class='ocr_carea' id='block_1_83' title="bbox 1922 3896 3500 3967">
    <p class='ocr_par' dir='ltr' id='par_1_83' title="bbox 1922 3896 3500 3967">
     <span class='ocr_line' id='line_1_83' title="bbox 1922 3896 3500 3967; baseline -0.002 -14"><span class='ocrx_word' id='word_1_564' title='bbox 1922 3907 2008 3953; x_wconf 87' lang='lat' dir='ltr'><strong>tes</strong></span> <span class='ocrx_word' id='word_1_565' title='bbox 2036 3898 2104 3952; x_wconf 83' lang='lat' dir='ltr'><strong>ad</strong></span> <span class='ocrx_word' id='word_1_566' title='bbox 2129 3899 2462 3953; x_wconf 88' lang='lat' dir='ltr'><strong>calumniam</strong></span> <span class='ocrx_word' id='word_1_567' title='bbox 2489 3896 2711 3953; x_wconf 89' lang='lat' dir='ltr'><strong>Christo</strong></span> <span class='ocrx_word' id='word_1_568' title='bbox 2742 3897 3084 3962; x_wconf 89' lang='lat' dir='ltr'><strong>struendam,</strong></span> <span class='ocrx_word' id='word_1_569' title='bbox 3111 3897 3343 3967; x_wconf 87' lang='lat' dir='ltr'><strong>pecunia</strong></span> <span class='ocrx_word' id='word_1_570' title='bbox 3371 3913 3500 3951; x_wconf 84' lang='lat' dir='ltr'><strong>con-</strong></span> 
     </span>
    </p>
   </div>
   <div class='ocr_carea' id='block_1_84' title="bbox 1890 3988 3495 4060">
    <p class='ocr_par' dir='ltr' id='par_1_84' title="bbox 1890 3988 3495 4060">
     <span class='ocr_line' id='line_1_84' title="bbox 1890 3988 3495 4060; baseline 0.002 -21"><span class='ocrx_word' id='word_1_571' title='bbox 1890 4032 1897 4039; x_wconf 91' lang='lat'><em>.</em></span> <span class='ocrx_word' id='word_1_572' title='bbox 1924 3989 2153 4045; x_wconf 91' lang='lat' dir='ltr'><strong>ducunt.</strong></span> <span class='ocrx_word' id='word_1_573' title='bbox 2182 3989 2356 4044; x_wconf 87' lang='lat' dir='ltr'><strong>Porro</strong></span> <span class='ocrx_word' id='word_1_574' title='bbox 2383 3990 2470 4044; x_wconf 87' lang='lat' dir='ltr'><strong>vir</strong></span> <span class='ocrx_word' id='word_1_575' title='bbox 2497 3989 2760 4060; x_wconf 88' lang='lat' dir='ltr'><strong>spiritalis</strong></span> <span class='ocrx_word' id='word_1_576' title='bbox 2789 4005 2852 4044; x_wconf 90' lang='lat' dir='ltr'><strong>ac</strong></span> <span class='ocrx_word' id='word_1_577' title='bbox 2884 3988 3151 4058; x_wconf 81' lang='lat' dir='ltr'><strong>sapientia</strong></span> <span class='ocrx_word' id='word_1_578' title='bbox 3183 3996 3495 4056; x_wconf 87' lang='lat' dir='ltr'><strong>provectus.</strong></span> 
     </span>
    </p>
   </div>
   <div class='ocr_carea' id='block_1_85' title="bbox 1922 4080 3496 4150">
    <p class='ocr_par' dir='ltr' id='par_1_85' title="bbox 1922 4080 3496 4150">
     <span class='ocr_line' id='line_1_85' title="bbox 1922 4080 3496 4150; baseline -0.002 -15"><span class='ocrx_word' id='word_1_579' title='bbox 1922 4096 2112 4135; x_wconf 90' lang='lat' dir='ltr'><strong>eorum</strong></span> <span class='ocrx_word' id='word_1_580' title='bbox 2139 4096 2259 4150; x_wconf 70' lang='lat' dir='ltr'><strong>quae</strong></span> <span class='ocrx_word' id='word_1_581' title='bbox 2295 4080 2556 4136; x_wconf 91' lang='lat' dir='ltr'><strong>dicuntur</strong></span> <span class='ocrx_word' id='word_1_582' title='bbox 2593 4081 2701 4135; x_wconf 88' lang='lat' dir='ltr'><strong>vim</strong></span> <span class='ocrx_word' id='word_1_583' title='bbox 2743 4080 2924 4146; x_wconf 87' lang='lat' dir='ltr'><strong>novit;</strong></span> <span class='ocrx_word' id='word_1_584' title='bbox 2968 4094 3131 4150; x_wconf 91' lang='lat' dir='ltr'><strong>quem</strong></span> <span class='ocrx_word' id='word_1_585' title='bbox 3162 4095 3272 4132; x_wconf 91' lang='lat' dir='ltr'><strong>non</strong></span> <span class='ocrx_word' id='word_1_586' title='bbox 3301 4081 3496 4140; x_wconf 84' lang='lat' dir='ltr'><strong>lateat.</strong></span> 
     </span>
    </p>
   </div>
   <div class='ocr_carea' id='block_1_86' title="bbox 1924 4170 3498 4253">
    <p class='ocr_par' dir='ltr' id='par_1_86' title="bbox 1924 4170 3498 4253">
     <span class='ocr_line' id='line_1_86' title="bbox 1924 4170 3498 4253; baseline -0.003 -26"><span class='ocrx_word' id='word_1_587' title='bbox 1924 4173 2199 4244; x_wconf 87' lang='lat' dir='ltr'><strong>quomodo</strong></span> <span class='ocrx_word' id='word_1_588' title='bbox 2227 4188 2290 4228; x_wconf 88' lang='lat' dir='ltr'><strong>ac</strong></span> <span class='ocrx_word' id='word_1_589' title='bbox 2318 4180 2454 4244; x_wconf 92' lang='lat' dir='ltr'><strong>quot</strong></span> <span class='ocrx_word' id='word_1_590' title='bbox 2479 4171 2657 4227; x_wconf 90' lang='lat' dir='ltr'><strong>modis</strong></span> <span class='ocrx_word' id='word_1_591' title='bbox 2684 4170 2950 4226; x_wconf 86' lang='lat' dir='ltr'><strong>Dominus</strong></span> <span class='ocrx_word' id='word_1_592' title='bbox 2983 4171 3353 4253; x_wconf 82' lang='lat' dir='ltr'><strong>cruciﬂgatur,</strong></span> <span class='ocrx_word' id='word_1_593' title='bbox 3385 4178 3498 4224; x_wconf 87' lang='lat' dir='ltr'><strong>tra-</strong></span> 
     </span>
    </p>
   </div>
   <div class='ocr_carea' id='block_1_87' title="bbox 1924 4263 3498 4335">
    <p class='ocr_par' dir='ltr' id='par_1_87' title="bbox 1924 4263 3498 4335">
     <span class='ocr_line' id='line_1_87' title="bbox 1924 4263 3498 4335; baseline -0.003 -16"><span class='ocrx_word' id='word_1_594' title='bbox 1924 4265 2196 4335; x_wconf 88' lang='lat' dir='ltr'><strong>daturque</strong></span> <span class='ocrx_word' id='word_1_595' title='bbox 2240 4265 2532 4335; x_wconf 67' lang='lat' dir='ltr'><strong>sepulturre</strong></span> <span class='ocrx_word' id='word_1_596' title='bbox 2581 4272 2744 4332; x_wconf 88' lang='lat' dir='ltr'><strong>atque</strong></span> <span class='ocrx_word' id='word_1_597' title='bbox 2793 4273 3069 4333; x_wconf 86' lang='lat' dir='ltr'><strong>resurgat;</strong></span> <span class='ocrx_word' id='word_1_598' title='bbox 3117 4263 3191 4317; x_wconf 89' lang='lat' dir='ltr'><strong>ita</strong></span> <span class='ocrx_word' id='word_1_599' title='bbox 3239 4263 3498 4316; x_wconf 89' lang='lat' dir='ltr'><strong>nimirum</strong></span> 
     </span>
    </p>
   </div>
   <div class='ocr_carea' id='block_1_88' title="bbox 1925 4355 3501 4428">
    <p class='ocr_par' dir='ltr' id='par_1_88' title="bbox 1925 4355 3501 4428">
     <span class='ocr_line' id='line_1_88' title="bbox 1925 4355 3501 4428; baseline -0.003 -16"><span class='ocrx_word' id='word_1_600' title='bbox 1925 4367 1986 4412; x_wconf 88' lang='lat' dir='ltr'><strong>ut</strong></span> <span class='ocrx_word' id='word_1_601' title='bbox 2029 4357 2354 4412; x_wconf 81' lang='lat' dir='ltr'><strong>libidinosas</strong></span> <span class='ocrx_word' id='word_1_602' title='bbox 2398 4356 2760 4428; x_wconf 85' lang='lat' dir='ltr'><strong>cogitationes</strong></span> <span class='ocrx_word' id='word_1_603' title='bbox 2801 4355 3120 4409; x_wconf 89' lang='lat' dir='ltr'><strong>auctoribus</strong></span> <span class='ocrx_word' id='word_1_604' title='bbox 3161 4355 3501 4410; x_wconf 72' lang='lat' dir='ltr'><strong>daemonibus</strong></span> 
     </span>
    </p>
   </div>
   <div class='ocr_carea' id='block_1_89' title="bbox 1927 4442 3501 4516">
    <p class='ocr_par' dir='ltr' id='par_1_89' title="bbox 1927 4442 3501 4516">
     <span class='ocr_line' id='line_1_89' title="bbox 1927 4442 3501 4516; baseline -0.004 -16"><span class='ocrx_word' id='word_1_605' title='bbox 1927 4446 2104 4516; x_wconf 90' lang='lat' dir='ltr'><strong>iisque</strong></span> <span class='ocrx_word' id='word_1_606' title='bbox 2154 4445 2592 4515; x_wconf 67' lang='lat' dir='ltr'><strong>praetieientibus</strong></span> <span class='ocrx_word' id='word_1_607' title='bbox 2645 4442 2798 4498; x_wconf 89' lang='lat' dir='ltr'><strong>cordi</strong></span> <span class='ocrx_word' id='word_1_608' title='bbox 2852 4442 3188 4507; x_wconf 88' lang='lat' dir='ltr'><strong>assidentes,</strong></span> <span class='ocrx_word' id='word_1_609' title='bbox 3237 4458 3299 4497; x_wconf 88' lang='lat' dir='ltr'><strong>ac</strong></span> <span class='ocrx_word' id='word_1_610' title='bbox 3350 4443 3501 4496; x_wconf 89' lang='lat' dir='ltr'><strong>velut</strong></span> 
     </span>
    </p>
   </div>
   <div class='ocr_carea' id='block_1_90' title="bbox 248 4531 1850 4610">
    <p class='ocr_par' dir='ltr' id='par_1_90' title="bbox 248 4531 1850 4610">
     <span class='ocr_line' id='line_1_90' title="bbox 248 4531 1850 4610; baseline 0.007 -28"><span class='ocrx_word' id='word_1_611' title='bbox 248 4531 381 4593; x_wconf 76' lang='grc' dir='ltr'>τοὺς</span> <span class='ocrx_word' id='word_1_612' title='bbox 408 4531 788 4600; x_wconf 75' lang='grc' dir='ltr'>ἐπικειμένους</span> <span class='ocrx_word' id='word_1_613' title='bbox 815 4537 881 4605; x_wconf 82' lang='grc' dir='ltr'>τῇ</span> <span class='ocrx_word' id='word_1_614' title='bbox 919 4536 1062 4608; x_wconf 73' lang='grc' dir='ltr'>ψυχῇ</span> <span class='ocrx_word' id='word_1_615' title='bbox 1103 4538 1327 4603; x_wconf 87' lang='grc' dir='ltr'>τύπους,</span> <span class='ocrx_word' id='word_1_616' title='bbox 1364 4539 1474 4592; x_wconf 88' lang='grc' dir='ltr'><strong>τῶν</strong></span> <span class='ocrx_word' id='word_1_617' title='bbox 1496 4539 1639 4592; x_wconf 87' lang='grc' dir='ltr'><strong>κατά</strong></span> <span class='ocrx_word' id='word_1_618' title='bbox 1686 4539 1815 4610; x_wconf 85' lang='grc' dir='ltr'>πρό-</span> <span class='ocrx_word' id='word_1_619' title='bbox 1849 4553 1850 4556; x_wconf 79' lang='lat'>‘</span> 
     </span>
    </p>
   </div>
   <div class='ocr_carea' id='block_1_91' title="bbox 1914 4531 3500 4610">
    <p class='ocr_par' dir='ltr' id='par_1_91' title="bbox 1928 4534 3500 4605">
     <span class='ocr_line' id='line_1_91' title="bbox 1928 4534 3500 4605; baseline -0.003 -15"><span class='ocrx_word' id='word_1_620' title='bbox 1928 4535 2274 4600; x_wconf 83' lang='lat' dir='ltr'><strong>vestimenta,</strong></span> <span class='ocrx_word' id='word_1_621' title='bbox 2297 4535 2523 4589; x_wconf 88' lang='lat' dir='ltr'><strong>moralis</strong></span> <span class='ocrx_word' id='word_1_622' title='bbox 2552 4535 2859 4591; x_wconf 87' lang='lat' dir='ltr'><strong>honestatis</strong></span> <span class='ocrx_word' id='word_1_623' title='bbox 2883 4545 3044 4605; x_wconf 91' lang='lat' dir='ltr'><strong>atque</strong></span> <span class='ocrx_word' id='word_1_624' title='bbox 3067 4535 3282 4590; x_wconf 87' lang='lat' dir='ltr'><strong>decoris</strong></span> <span class='ocrx_word' id='word_1_625' title='bbox 3311 4534 3500 4587; x_wconf 88' lang='lat' dir='ltr'><strong>modos</strong></span> 
     </span>
    </p>
   </div>
   <div class='ocr_carea' id='block_1_92' title="bbox 247 4619 876 4692">
    <p class='ocr_par' dir='ltr' id='par_1_92' title="bbox 247 4619 876 4692">
     <span class='ocr_line' id='line_1_92' title="bbox 247 4619 876 4692; baseline 0.01 -20"><span class='ocrx_word' id='word_1_626' title='bbox 247 4619 417 4690; x_wconf 82' lang='grc' dir='ltr'>ληψιν</span> <span class='ocrx_word' id='word_1_627' title='bbox 441 4622 662 4692; x_wconf 80' lang='grc' dir='ltr'>ἀμαρτη</span> <span class='ocrx_word' id='word_1_628' title='bbox 672 4624 876 4690; x_wconf 87' lang='grc' dir='ltr'>μάτων.</span> 
     </span>
    </p>
   </div>
   <div class='ocr_carea' id='block_1_93' title="bbox 1933 4626 3498 4694">
    <p class='ocr_par' dir='ltr' id='par_1_93' title="bbox 1933 4626 3498 4694">
     <span class='ocr_line' id='line_1_93' title="bbox 1933 4626 3498 4694; baseline -0.003 -11"><span class='ocrx_word' id='word_1_629' title='bbox 1933 4627 2329 4683; x_wconf 88' lang='lat' dir='ltr'><strong>tentationibus</strong></span> <span class='ocrx_word' id='word_1_630' title='bbox 2359 4626 2694 4694; x_wconf 76' lang='lat' dir='ltr'><strong>dividentes,</strong></span> <span class='ocrx_word' id='word_1_631' title='bbox 2720 4629 2872 4683; x_wconf 87' lang='lat' dir='ltr'><strong>velut</strong></span> <span class='ocrx_word' id='word_1_632' title='bbox 2905 4636 3146 4682; x_wconf 91' lang='lat' dir='ltr'><strong>mortuas</strong></span> <span class='ocrx_word' id='word_1_633' title='bbox 3179 4627 3397 4693; x_wconf 85' lang='lat' dir='ltr'><strong>reddat;</strong></span> <span class='ocrx_word' id='word_1_634' title='bbox 3437 4641 3498 4678; x_wconf 86' lang='lat' dir='ltr'><strong>ac</strong></span> 
     </span>
    </p>
   </div>
   <div class='ocr_carea' id='block_1_94' title="bbox 247 4715 3500 4797">
    <p class='ocr_par' dir='ltr' id='par_1_94' title="bbox 247 4715 3500 4797">
     <span class='ocr_line' id='line_1_94' title="bbox 247 4715 3500 4797; baseline 0.003 -30"><span class='ocrx_word' id='word_1_635' title='bbox 247 4715 410 4786; x_wconf 87' lang='lat' dir='ltr'><strong>quasi</strong></span> <span class='ocrx_word' id='word_1_636' title='bbox 446 4716 745 4786; x_wconf 86' lang='lat' dir='ltr'><strong>signacula,</strong></span> <span class='ocrx_word' id='word_1_637' title='bbox 777 4719 1008 4793; x_wconf 87' lang='lat' dir='ltr'><strong>injectas</strong></span> <span class='ocrx_word' id='word_1_638' title='bbox 1076 4724 1271 4780; x_wconf 61' lang='lat' dir='ltr'><strong>animai</strong></span> <span class='ocrx_word' id='word_1_639' title='bbox 1339 4722 1527 4794; x_wconf 82' lang='lat' dir='ltr'><strong>illique</strong></span> <span class='ocrx_word' id='word_1_640' title='bbox 1566 4725 1894 4781; x_wconf 63' lang='lat' dir='ltr'><strong>inhaerentes</strong></span> <span class='ocrx_word' id='word_1_641' title='bbox 1934 4733 2282 4797; x_wconf 90' lang='lat' dir='ltr'><strong>peccatorum</strong></span> <span class='ocrx_word' id='word_1_642' title='bbox 2339 4731 2605 4796; x_wconf 89' lang='lat' dir='ltr'><strong>occupata</strong></span> <span class='ocrx_word' id='word_1_643' title='bbox 2659 4724 2918 4794; x_wconf 89' lang='lat' dir='ltr'><strong>opinione</strong></span> <span class='ocrx_word' id='word_1_644' title='bbox 2976 4725 3174 4794; x_wconf 84' lang='lat' dir='ltr'><strong>ﬁguras</strong></span> <span class='ocrx_word' id='word_1_645' title='bbox 3234 4730 3500 4793; x_wconf 89' lang='lat' dir='ltr'><strong>notasque</strong></span> 
     </span>
    </p>
   </div>
   <div class='ocr_carea' id='block_1_95' title="bbox 249 4813 889 4876">
    <p class='ocr_par' dir='ltr' id='par_1_95' title="bbox 249 4813 889 4876">
     <span class='ocr_line' id='line_1_95' title="bbox 249 4813 889 4876; baseline 0.008 -12"><span class='ocrx_word' id='word_1_646' title='bbox 249 4816 482 4876; x_wconf 89' lang='lat' dir='ltr'><strong>superet</strong></span> <span class='ocrx_word' id='word_1_647' title='bbox 507 4825 570 4865; x_wconf 88' lang='lat' dir='ltr'><strong>ac</strong></span> <span class='ocrx_word' id='word_1_648' title='bbox 600 4813 889 4870; x_wconf 88' lang='lat' dir='ltr'><strong>transiliat.</strong></span> 
     </span>
    </p>
   </div>
   <div class='ocr_carea' id='block_1_96' title="bbox 326 4902 1827 4982">
    <p class='ocr_par' dir='ltr' id='par_1_96' title="bbox 326 4902 1827 4982">
     <span class='ocr_line' id='line_1_96' title="bbox 326 4902 1827 4982; baseline 0.004 -25"><span class='ocrx_word' id='word_1_649' title='bbox 326 4902 417 4966; x_wconf 76' lang='grc' dir='ltr'>ξδ’.</span> <span class='ocrx_word' id='word_1_650' title='bbox 446 4903 561 4966; x_wconf 78' lang='grc' dir='ltr'><strong>Πᾶς</strong></span> <span class='ocrx_word' id='word_1_651' title='bbox 597 4903 933 4976; x_wconf 84' lang='grc' dir='ltr'>φιλάργυρος</span> <span class='ocrx_word' id='word_1_652' title='bbox 968 4907 1067 4974; x_wconf 71' lang='lat'><strong>(2),</strong></span> <span class='ocrx_word' id='word_1_653' title='bbox 1124 4906 1192 4959; x_wconf 86' lang='grc' dir='ltr'><strong>δι’</strong></span> <span class='ocrx_word' id='word_1_654' title='bbox 1229 4906 1514 4973; x_wconf 84' lang='grc' dir='ltr'>εὐλαϐείας</span> <span class='ocrx_word' id='word_1_655' title='bbox 1551 4909 1650 4980; x_wconf 80' lang='grc' dir='ltr'><strong>τὴν</strong></span> <span class='ocrx_word' id='word_1_656' title='bbox 1699 4911 1827 4982; x_wconf 81' lang='grc' dir='ltr'>ἀρε-</span> 
     </span>
    </p>
   </div>
   <div class='ocr_carea' id='block_1_97' title="bbox 246 4994 1827 5074">
    <p class='ocr_par' dir='ltr' id='par_1_97' title="bbox 246 4994 1827 5074">
     <span class='ocr_line' id='line_1_97' title="bbox 246 4994 1827 5074; baseline 0.005 -26"><span class='ocrx_word' id='word_1_657' title='bbox 246 4994 351 5063; x_wconf 78' lang='grc' dir='ltr'>τὴν</span> <span class='ocrx_word' id='word_1_658' title='bbox 385 4994 830 5066; x_wconf 84' lang='grc' dir='ltr'>ὑποκρινόμενος,</span> <span class='ocrx_word' id='word_1_659' title='bbox 858 4999 1092 5053; x_wconf 76' lang='grc' dir='ltr'>-ὲπειδάν</span> <span class='ocrx_word' id='word_1_660' title='bbox 1152 4999 1288 5073; x_wconf 76' lang='grc' dir='ltr'>εὕρῃ</span> <span class='ocrx_word' id='word_1_661' title='bbox 1346 5003 1448 5073; x_wconf 80' lang='grc' dir='ltr'><strong>τὴν</strong></span> <span class='ocrx_word' id='word_1_662' title='bbox 1487 5002 1827 5074; x_wconf 86' lang='grc' dir='ltr'>ποθουμένην</span> 
     </span>
    </p>
   </div>
   <div class='ocr_carea' id='block_1_98' title="bbox 248 5084 1828 5166">
    <p class='ocr_par' dir='ltr' id='par_1_98' title="bbox 248 5084 1828 5166">
     <span class='ocr_line' id='line_1_98' title="bbox 248 5084 1828 5166; baseline 0.008 -30"><span class='ocrx_word' id='word_1_663' title='bbox 248 5084 389 5154; x_wconf 73' lang='grc' dir='ltr'>ὓλην</span> <span class='ocrx_word' id='word_1_664' title='bbox 411 5086 762 5157; x_wconf 88' lang='grc' dir='ltr'>πορίσασθαι,</span> <span class='ocrx_word' id='word_1_665' title='bbox 789 5087 879 5142; x_wconf 81' lang='grc' dir='ltr'>τὸν</span> <span class='ocrx_word' id='word_1_666' title='bbox 907 5089 1109 5160; x_wconf 88' lang='grc' dir='ltr'>τρόπον</span> <span class='ocrx_word' id='word_1_667' title='bbox 1137 5090 1469 5162; x_wconf 78' lang='grc' dir='ltr'>ὲξώμνυται,</span> <span class='ocrx_word' id='word_1_668' title='bbox 1495 5095 1614 5147; x_wconf 77' lang='grc' dir='ltr'>καθ’</span> <span class='ocrx_word' id='word_1_669' title='bbox 1635 5091 1697 5148; x_wconf 80' lang='grc' dir='ltr'><strong>ὃν</strong></span> <span class='ocrx_word' id='word_1_670' title='bbox 1725 5113 1828 5166; x_wconf 89' lang='grc' dir='ltr'>μα-</span> 
     </span>
    </p>
   </div>
   <div class='ocr_carea' id='block_1_99' title="bbox 247 5173 1494 5253">
    <p class='ocr_par' dir='ltr' id='par_1_99' title="bbox 247 5173 1494 5253">
     <span class='ocr_line' id='line_1_99' title="bbox 247 5173 1494 5253; baseline 0.009 -27"><span class='ocrx_word' id='word_1_671' title='bbox 247 5176 425 5246; x_wconf 82' lang='grc' dir='ltr'>θητὴς</span> <span class='ocrx_word' id='word_1_672' title='bbox 459 5173 597 5231; x_wconf 80' lang='grc' dir='ltr'>εἷναι</span> <span class='ocrx_word' id='word_1_673' title='bbox 630 5179 722 5232; x_wconf 84' lang='grc' dir='ltr'>τοῦ</span> <span class='ocrx_word' id='word_1_674' title='bbox 748 5180 920 5248; x_wconf 87' lang='grc' dir='ltr'>Λόγου</span> <span class='ocrx_word' id='word_1_675' title='bbox 945 5181 1006 5234; x_wconf 83' lang='grc' dir='ltr'><strong>τὸ</strong></span> <span class='ocrx_word' id='word_1_676' title='bbox 1035 5182 1166 5252; x_wconf 71' lang='grc' dir='ltr'>πρὶν</span> <span class='ocrx_word' id='word_1_677' title='bbox 1193 5184 1494 5253; x_wconf 76' lang='grc' dir='ltr'>ἐνομίζετο.</span> 
     </span>
    </p>
   </div>
   <div class='ocr_carea' id='block_1_100' title="bbox 327 5263 1826 5349">
    <p class='ocr_par' dir='ltr' id='par_1_100' title="bbox 327 5263 1826 5349">
     <span class='ocr_line' id='line_1_100' title="bbox 327 5263 1826 5349; baseline 0.008 -30"><span class='ocrx_word' id='word_1_678' title='bbox 327 5263 419 5331; x_wconf 74' lang='grc' dir='ltr'>ξέ.</span> <span class='ocrx_word' id='word_1_679' title='bbox 453 5269 622 5323; x_wconf 86' lang='grc' dir='ltr'>Ὅταν</span> <span class='ocrx_word' id='word_1_680' title='bbox 671 5270 787 5342; x_wconf 78' lang='grc' dir='ltr'>ῐδης</span> <span class='ocrx_word' id='word_1_681' title='bbox 831 5274 982 5337; x_wconf 75' lang='grc' dir='ltr'>τινὰς</span> <span class='ocrx_word' id='word_1_682' title='bbox 1043 5275 1426 5346; x_wconf 79' lang='grc' dir='ltr'>ὑπερηφάνους</span> <span class='ocrx_word' id='word_1_683' title='bbox 1459 5276 1532 5348; x_wconf 82' lang='grc' dir='ltr'><strong>μὴ</strong></span> <span class='ocrx_word' id='word_1_684' title='bbox 1564 5277 1826 5349; x_wconf 82' lang='grc' dir='ltr'>φέροντας</span> 
     </span>
    </p>
   </div>
   <div class='ocr_carea' id='block_1_101' title="bbox 248 5360 1826 5439">
    <p class='ocr_par' dir='ltr' id='par_1_101' title="bbox 248 5360 1826 5439">
     <span class='ocr_line' id='line_1_101' title="bbox 248 5360 1826 5439; baseline 0.008 -29"><span class='ocrx_word' id='word_1_685' title='bbox 248 5360 593 5416; x_wconf 75' lang='grc' dir='ltr'>ἐπαινεῖσθαι</span> <span class='ocrx_word' id='word_1_686' title='bbox 629 5363 755 5426; x_wconf 82' lang='grc' dir='ltr'>τοὺς</span> <span class='ocrx_word' id='word_1_687' title='bbox 781 5365 1118 5434; x_wconf 88' lang='grc' dir='ltr'>κρείττονας,</span> <span class='ocrx_word' id='word_1_688' title='bbox 1144 5367 1456 5438; x_wconf 85' lang='grc' dir='ltr'>ἀκήρυκτόν</span> <span class='ocrx_word' id='word_1_689' title='bbox 1481 5386 1540 5420; x_wconf 88' lang='grc' dir='ltr'><strong>τε</strong></span> <span class='ocrx_word' id='word_1_690' title='bbox 1572 5386 1826 5439; x_wconf 83' lang='grc' dir='ltr'>μηχανω-</span> 
     </span>
    </p>
   </div>
   <div class='ocr_carea' id='block_1_102' title="bbox 251 5449 1828 5529">
    <p class='ocr_par' dir='ltr' id='par_1_102' title="bbox 251 5449 1828 5529">
     <span class='ocr_line' id='line_1_102' title="bbox 251 5449 1828 5529; baseline 0.007 -29"><span class='ocrx_word' id='word_1_691' title='bbox 251 5449 450 5518; x_wconf 83' lang='grc' dir='ltr'>μένους</span> <span class='ocrx_word' id='word_1_692' title='bbox 480 5454 652 5506; x_wconf 87' lang='grc' dir='ltr'>ποιεῖν</span> <span class='ocrx_word' id='word_1_693' title='bbox 678 5453 776 5524; x_wconf 77' lang='grc' dir='ltr'><strong>τὴν</strong></span> <span class='ocrx_word' id='word_1_694' title='bbox 815 5454 1150 5528; x_wconf 85' lang='grc' dir='ltr'>λαλουμένην</span> <span class='ocrx_word' id='word_1_695' title='bbox 1187 5455 1469 5522; x_wconf 79' lang='grc' dir='ltr'>ἀλήθειαν,</span> <span class='ocrx_word' id='word_1_696' title='bbox 1501 5458 1718 5529; x_wconf 88' lang='grc' dir='ltr'>μυρίοις</span> <span class='ocrx_word' id='word_1_697' title='bbox 1733 5459 1828 5511; x_wconf 82' lang='grc' dir='ltr'>αὐ-</span> 
     </span>
    </p>
   </div>
   <div class='ocr_carea' id='block_1_103' title="bbox 246 5541 1822 5617">
    <p class='ocr_par' dir='ltr' id='par_1_103' title="bbox 246 5541 1822 5617">
     <span class='ocr_line' id='line_1_103' title="bbox 246 5541 1822 5617; baseline 0.006 -25"><span class='ocrx_word' id='word_1_698' title='bbox 246 5541 352 5611; x_wconf 73' lang='grc' dir='ltr'><strong>τὴν</strong></span> <span class='ocrx_word' id='word_1_699' title='bbox 369 5542 734 5612; x_wconf 84' lang='grc' dir='ltr'>ἀπείργοντας</span> <span class='ocrx_word' id='word_1_700' title='bbox 759 5550 1103 5617; x_wconf 83' lang='grc' dir='ltr'>πειρασμοῖς,</span> <span class='ocrx_word' id='word_1_701' title='bbox 1119 5548 1212 5601; x_wconf 76' lang='grc' dir='ltr'><strong>καὶ</strong></span> <span class='ocrx_word' id='word_1_702' title='bbox 1233 5547 1509 5617; x_wconf 84' lang='grc' dir='ltr'>ἀθεμίτοις</span> <span class='ocrx_word' id='word_1_703' title='bbox 1530 5549 1822 5614; x_wconf 82' lang='grc' dir='ltr'>διαϐολαῖς·</span> 
     </span>
    </p>
   </div>
   <div class='ocr_carea' id='block_1_104' title="bbox 245 5629 1826 5710">
    <p class='ocr_par' dir='ltr' id='par_1_104' title="bbox 245 5629 1826 5710">
     <span class='ocr_line' id='line_1_104' title="bbox 245 5629 1826 5710; baseline 0.006 -25"><span class='ocrx_word' id='word_1_704' title='bbox 245 5629 363 5685; x_wconf 81' lang='grc' dir='ltr'>νόει</span> <span class='ocrx_word' id='word_1_705' title='bbox 394 5647 485 5701; x_wconf 87' lang='grc' dir='ltr'><strong>μοι</strong></span> <span class='ocrx_word' id='word_1_706' title='bbox 517 5634 678 5689; x_wconf 87' lang='grc' dir='ltr'>πάλιν</span> <span class='ocrx_word' id='word_1_707' title='bbox 716 5635 821 5691; x_wconf 80' lang='grc' dir='ltr'><strong>ὑπὸ</strong></span> <span class='ocrx_word' id='word_1_708' title='bbox 841 5636 1048 5691; x_wconf 87' lang='grc' dir='ltr'>τούτων</span> <span class='ocrx_word' id='word_1_709' title='bbox 1073 5636 1442 5706; x_wconf 74' lang='grc' dir='ltr'>σταυροῦσθαι</span> <span class='ocrx_word' id='word_1_710' title='bbox 1485 5640 1575 5692; x_wconf 78' lang='grc' dir='ltr'>τὸν</span> <span class='ocrx_word' id='word_1_711' title='bbox 1620 5638 1826 5710; x_wconf 84' lang='grc' dir='ltr'>Κύριον</span> 
     </span>
    </p>
   </div>
   <div class='ocr_carea' id='block_1_105' title="bbox 324 5807 1684 5888">
    <p class='ocr_par' dir='ltr' id='par_1_105' title="bbox 324 5807 1684 5888">
     <span class='ocr_line' id='line_1_105' title="bbox 324 5807 1684 5888; baseline 0.004 -22"><span class='ocrx_word' id='word_1_712' title='bbox 324 5807 371 5843; x_wconf 69' lang='grc' dir='ltr'>δ”</span> <span class='ocrx_word' id='word_1_713' title='bbox 390 5807 544 5867; x_wconf 76' lang='lat' dir='ltr'><strong>Joau.</strong></span> <span class='ocrx_word' id='word_1_714' title='bbox 570 5828 656 5875; x_wconf 80' lang='lat' dir='ltr'><strong>xx,</strong></span> <span class='ocrx_word' id='word_1_715' title='bbox 683 5815 714 5868; x_wconf 82' lang='lat'><strong>5</strong></span> <span class='ocrx_word' id='word_1_716' title='bbox 742 5829 892 5884; x_wconf 83' lang='lat' dir='ltr'><strong>seqq.</strong></span> <span class='ocrx_word' id='word_1_717' title='bbox 973 5816 1011 5849; x_wconf 77' lang='grc' dir='ltr'><strong>ἰ</strong></span> <span class='ocrx_word' id='word_1_718' title='bbox 1042 5815 1230 5870; x_wconf 77' lang='lat' dir='ltr'><strong>Matth.</strong></span> <span class='ocrx_word' id='word_1_719' title='bbox 1253 5830 1414 5881; x_wconf 77' lang='lat' dir='ltr'><strong>xxvii,</strong></span> <span class='ocrx_word' id='word_1_720' title='bbox 1438 5815 1502 5870; x_wconf 82' lang='lat'><strong>5&#39;7</strong></span> <span class='ocrx_word' id='word_1_721' title='bbox 1530 5830 1684 5888; x_wconf 84' lang='lat' dir='ltr'><strong>seqq.</strong></span> 
     </span>
    </p>
   </div>
   <div class='ocr_carea' id='block_1_106' title="bbox 1992 4907 3495 4979">
    <p class='ocr_par' dir='ltr' id='par_1_106' title="bbox 1992 4907 3495 4979">
     <span class='ocr_line' id='line_1_106' title="bbox 1992 4907 3495 4979; baseline 0.001 -17"><span class='ocrx_word' id='word_1_722' title='bbox 1992 4907 2079 4962; x_wconf 74' lang='grc'><strong>64.</strong></span> <span class='ocrx_word' id='word_1_723' title='bbox 2114 4907 2326 4962; x_wconf 87' lang='lat' dir='ltr'><strong>Avarus</strong></span> <span class='ocrx_word' id='word_1_724' title='bbox 2359 4907 2537 4963; x_wconf 91' lang='lat' dir='ltr'><strong>omnis</strong></span> <span class='ocrx_word' id='word_1_725' title='bbox 2572 4908 2828 4979; x_wconf 81' lang='lat' dir='ltr'><strong>religioso</strong></span> <span class='ocrx_word' id='word_1_726' title='bbox 2861 4907 3052 4963; x_wconf 89' lang='lat' dir='ltr'><strong>habitu</strong></span> <span class='ocrx_word' id='word_1_727' title='bbox 3089 4916 3349 4979; x_wconf 88' lang='lat' dir='ltr'><strong>motuque</strong></span> <span class='ocrx_word' id='word_1_728' title='bbox 3384 4910 3495 4964; x_wconf 87' lang='lat' dir='ltr'><strong>vir-</strong></span> 
     </span>
    </p>
   </div>
   <div class='ocr_carea' id='block_1_107' title="bbox 1925 5000 3496 5072">
    <p class='ocr_par' dir='ltr' id='par_1_107' title="bbox 1925 5000 3496 5072">
     <span class='ocr_line' id='line_1_107' title="bbox 1925 5000 3496 5072; baseline 0.002 -17"><span class='ocrx_word' id='word_1_729' title='bbox 1925 5010 2095 5056; x_wconf 91' lang='lat' dir='ltr'><strong>tutem</strong></span> <span class='ocrx_word' id='word_1_730' title='bbox 2126 5000 2412 5064; x_wconf 87' lang='lat' dir='ltr'><strong>simulans,</strong></span> <span class='ocrx_word' id='word_1_731' title='bbox 2439 5000 2529 5055; x_wconf 91' lang='lat' dir='ltr'><strong>ubi</strong></span> <span class='ocrx_word' id='word_1_732' title='bbox 2563 5002 2830 5071; x_wconf 67' lang='lat' dir='ltr'><strong>pecuniae,</strong></span> <span class='ocrx_word' id='word_1_733' title='bbox 2858 5001 3016 5072; x_wconf 92' lang='lat' dir='ltr'><strong>cujus</strong></span> <span class='ocrx_word' id='word_1_734' title='bbox 3039 5001 3315 5057; x_wconf 88' lang='lat' dir='ltr'><strong>desiderio</strong></span> <span class='ocrx_word' id='word_1_735' title='bbox 3349 5011 3496 5058; x_wconf 87' lang='lat' dir='ltr'><strong>tene-</strong></span> 
     </span>
    </p>
   </div>
   <div class='ocr_carea' id='block_1_108' title="bbox 1924 5092 3500 5166">
    <p class='ocr_par' dir='ltr' id='par_1_108' title="bbox 1924 5092 3500 5166">
     <span class='ocr_line' id='line_1_108' title="bbox 1924 5092 3500 5166; baseline 0.001 -18"><span class='ocrx_word' id='word_1_736' title='bbox 1924 5093 2106 5157; x_wconf 89' lang='lat' dir='ltr'><strong>batur,</strong></span> <span class='ocrx_word' id='word_1_737' title='bbox 2138 5093 2393 5162; x_wconf 73' lang='lat' dir='ltr'><strong>paranda:</strong></span> <span class='ocrx_word' id='word_1_738' title='bbox 2423 5092 2509 5147; x_wconf 88' lang='lat' dir='ltr'><strong>via</strong></span> <span class='ocrx_word' id='word_1_739' title='bbox 2543 5094 2791 5163; x_wconf 89' lang='lat' dir='ltr'><strong>ratioque</strong></span> <span class='ocrx_word' id='word_1_740' title='bbox 2822 5095 3146 5159; x_wconf 87' lang='lat' dir='ltr'><strong>occurrerit,</strong></span> <span class='ocrx_word' id='word_1_741' title='bbox 3173 5109 3353 5150; x_wconf 88' lang='lat' dir='ltr'><strong>mores</strong></span> <span class='ocrx_word' id='word_1_742' title='bbox 3382 5097 3500 5166; x_wconf 91' lang='lat' dir='ltr'><strong>eju-</strong></span> 
     </span>
    </p>
   </div>
   <div class='ocr_carea' id='block_1_109' title="bbox 1925 5183 3250 5255">
    <p class='ocr_par' dir='ltr' id='par_1_109' title="bbox 1925 5183 3250 5255">
     <span class='ocr_line' id='line_1_109' title="bbox 1925 5183 3250 5255; baseline 0.001 -16"><span class='ocrx_word' id='word_1_743' title='bbox 1925 5193 2010 5239; x_wconf 88' lang='lat' dir='ltr'><strong>rat</strong></span> <span class='ocrx_word' id='word_1_744' title='bbox 2039 5183 2242 5254; x_wconf 88' lang='lat' dir='ltr'><strong>quibus</strong></span> <span class='ocrx_word' id='word_1_745' title='bbox 2270 5185 2564 5252; x_wconf 89' lang='lat' dir='ltr'><strong>putabatur</strong></span> <span class='ocrx_word' id='word_1_746' title='bbox 2589 5200 2710 5239; x_wconf 90' lang='lat' dir='ltr'><strong>esse</strong></span> <span class='ocrx_word' id='word_1_747' title='bbox 2733 5185 2898 5242; x_wconf 84' lang='lat' dir='ltr'><strong>Verbi</strong></span> <span class='ocrx_word' id='word_1_748' title='bbox 2928 5185 3250 5255; x_wconf 93' lang='lat' dir='ltr'><strong>discipulus.</strong></span> 
     </span>
    </p>
   </div>
   <div class='ocr_carea' id='block_1_110' title="bbox 1995 5275 3498 5347">
    <p class='ocr_par' dir='ltr' id='par_1_110' title="bbox 1995 5275 3498 5347">
     <span class='ocr_line' id='line_1_110' title="bbox 1995 5275 3498 5347; baseline 0.001 -15"><span class='ocrx_word' id='word_1_749' title='bbox 1995 5277 2084 5334; x_wconf 84' lang='lat'><strong>65.</strong></span> <span class='ocrx_word' id='word_1_750' title='bbox 2111 5275 2247 5331; x_wconf 87' lang='lat' dir='ltr'><strong>Cum</strong></span> <span class='ocrx_word' id='word_1_751' title='bbox 2281 5277 2493 5347; x_wconf 86' lang='lat' dir='ltr'><strong>aliquos</strong></span> <span class='ocrx_word' id='word_1_752' title='bbox 2521 5276 2790 5347; x_wconf 88' lang='lat' dir='ltr'><strong>superbos</strong></span> <span class='ocrx_word' id='word_1_753' title='bbox 2821 5276 3153 5341; x_wconf 87' lang='lat' dir='ltr'><strong>adverteris,</strong></span> <span class='ocrx_word' id='word_1_754' title='bbox 3184 5294 3292 5332; x_wconf 91' lang='lat' dir='ltr'><strong>non</strong></span> <span class='ocrx_word' id='word_1_755' title='bbox 3321 5278 3498 5333; x_wconf 82' lang='lat' dir='ltr'><strong>feren-</strong></span> 
     </span>
    </p>
   </div>
   <div class='ocr_carea' id='block_1_111' title="bbox 1925 5367 3496 5440">
    <p class='ocr_par' dir='ltr' id='par_1_111' title="bbox 1925 5367 3496 5440">
     <span class='ocr_line' id='line_1_111' title="bbox 1925 5367 3496 5440; baseline 0.001 -18"><span class='ocrx_word' id='word_1_756' title='bbox 1925 5377 2009 5422; x_wconf 90' lang='lat' dir='ltr'><strong>tes</strong></span> <span class='ocrx_word' id='word_1_757' title='bbox 2055 5367 2267 5422; x_wconf 88' lang='lat' dir='ltr'><strong>laudari</strong></span> <span class='ocrx_word' id='word_1_758' title='bbox 2315 5382 2416 5422; x_wconf 92' lang='lat' dir='ltr'><strong>eos</strong></span> <span class='ocrx_word' id='word_1_759' title='bbox 2455 5367 2551 5437; x_wconf 88' lang='lat' dir='ltr'><strong>qui</strong></span> <span class='ocrx_word' id='word_1_760' title='bbox 2603 5367 2737 5437; x_wconf 85' lang='lat' dir='ltr'><strong>ipsis</strong></span> <span class='ocrx_word' id='word_1_761' title='bbox 2788 5368 3046 5423; x_wconf 89' lang='lat' dir='ltr'><strong>meliores</strong></span> <span class='ocrx_word' id='word_1_762' title='bbox 3096 5368 3236 5432; x_wconf 84' lang='lat' dir='ltr'><strong>sint,</strong></span> <span class='ocrx_word' id='word_1_763' title='bbox 3281 5370 3496 5440; x_wconf 88' lang='lat' dir='ltr'><strong>hocque</strong></span> 
     </span>
    </p>
   </div>
   <div class='ocr_carea' id='block_1_112' title="bbox 1923 5459 3494 5532">
    <p class='ocr_par' dir='ltr' id='par_1_112' title="bbox 1923 5459 3494 5532">
     <span class='ocr_line' id='line_1_112' title="bbox 1923 5459 3494 5532; baseline 0.001 -16"><span class='ocrx_word' id='word_1_764' title='bbox 1923 5460 2212 5516; x_wconf 87' lang='lat' dir='ltr'><strong>molientes</strong></span> <span class='ocrx_word' id='word_1_765' title='bbox 2243 5467 2304 5514; x_wconf 91' lang='lat' dir='ltr'><strong>ut</strong></span> <span class='ocrx_word' id='word_1_766' title='bbox 2330 5459 2614 5529; x_wconf 84' lang='lat' dir='ltr'><strong>veritatem</strong></span> <span class='ocrx_word' id='word_1_767' title='bbox 2645 5476 2767 5530; x_wconf 67' lang='lat' dir='ltr'><strong>quae</strong></span> <span class='ocrx_word' id='word_1_768' title='bbox 2795 5461 3084 5532; x_wconf 83' lang='lat' dir='ltr'><strong>evulgatur</strong></span> <span class='ocrx_word' id='word_1_769' title='bbox 3115 5461 3169 5514; x_wconf 91' lang='lat' dir='ltr'><strong>in</strong></span> <span class='ocrx_word' id='word_1_770' title='bbox 3201 5461 3494 5517; x_wconf 86' lang='lat' dir='ltr'><strong>obscurqu</strong></span> 
     </span>
    </p>
   </div>
   <div class='ocr_carea' id='block_1_113' title="bbox 1922 5548 3493 5622">
    <p class='ocr_par' dir='ltr' id='par_1_113' title="bbox 1922 5548 3493 5622">
     <span class='ocr_line' id='line_1_113' title="bbox 1922 5548 3493 5622; baseline -0.004 -15"><span class='ocrx_word' id='word_1_771' title='bbox 1922 5559 2138 5622; x_wconf 86' lang='lat' dir='ltr'><strong>cogant,</strong></span> <span class='ocrx_word' id='word_1_772' title='bbox 2168 5549 2581 5618; x_wconf 88' lang='lat' dir='ltr'><strong>inuumerisque</strong></span> <span class='ocrx_word' id='word_1_773' title='bbox 2612 5549 3008 5603; x_wconf 88' lang='lat' dir='ltr'><strong>tentatiombus</strong></span> <span class='ocrx_word' id='word_1_774' title='bbox 3032 5563 3150 5603; x_wconf 89' lang='lat' dir='ltr'><strong>eam</strong></span> <span class='ocrx_word' id='word_1_775' title='bbox 3179 5548 3493 5611; x_wconf 89' lang='lat' dir='ltr'><strong>cohibeant,</strong></span> 
     </span>
    </p>
   </div>
   <div class='ocr_carea' id='block_1_114' title="bbox 1921 5636 3496 5709">
    <p class='ocr_par' dir='ltr' id='par_1_114' title="bbox 1921 5636 3496 5709">
     <span class='ocr_line' id='line_1_114' title="bbox 1921 5636 3496 5709; baseline -0.001 -15"><span class='ocrx_word' id='word_1_776' title='bbox 1921 5655 1986 5695; x_wconf 92' lang='lat' dir='ltr'><strong>ac</strong></span> <span class='ocrx_word' id='word_1_777' title='bbox 2022 5638 2276 5695; x_wconf 75' lang='lat' dir='ltr'><strong>nefandis</strong></span> <span class='ocrx_word' id='word_1_778' title='bbox 2318 5637 2610 5694; x_wconf 88' lang='lat' dir='ltr'><strong>calumniis</strong></span> <span class='ocrx_word' id='word_1_779' title='bbox 2649 5638 2992 5709; x_wconf 91' lang='lat' dir='ltr'><strong>opprimant;</strong></span> <span class='ocrx_word' id='word_1_780' title='bbox 3033 5637 3208 5709; x_wconf 81' lang='lat' dir='ltr'><strong>cogita</strong></span> <span class='ocrx_word' id='word_1_781' title='bbox 3253 5637 3388 5692; x_wconf 88' lang='lat' dir='ltr'><strong>mihi</strong></span> <span class='ocrx_word' id='word_1_782' title='bbox 3425 5636 3496 5692; x_wconf 87' lang='lat' dir='ltr'><strong>ab</strong></span> 
     </span>
    </p>
   </div>
  </div>
