4208 6436
733 409 863 473 HO?

1898 400 1958 459 S.
1999 392 2283 458 MAXlMl
2323 396 2864 460 CUNFESSORIS'

3859 400 3996 468 “03

729 521 809 573 eis
841 518 1041 571 iterum
1070 511 1314 581 cruciligi
1349 509 1639 564 Dominum
1676 524 1741 563 ac
1773 508 2016 577 sepeliri,
2043 507 2310 561 militum-

2424 512 2507 563 καὶ
2548 511 2891 565 οἁπτεσοαι’
2927 513 3018 566 καὶ
3071 513 3435 583 στρατιώταις
3460 516 3553 567 καὶ
3578 518 3840 584 σφραγῖσι
3890 535 3998 584 φυ-

730 622 835 675 que
860 604 1109 659 adhibita
1135 616 1296 656 manu
1324 616 1390 654 ac
1415 599 1712 668 signaculis
1738 598 2026 652 custodiri.
2049 596 2159 651 llos
2182 598 2313 652 Ver-

731 696 862 749 bum
912 695 1028 749 suis
1064 694 1309 763 ipsorum
1344 690 1799 747 machinamentis
1830 696 2106 753 evertens,
2131 703 2313 741 resur-

730 788 807 853 git
836 803 848 838 :
883 801 992 854 quo
1028 780 1402 855 impugnatnr,
1429 799 1496 837 eo
1530 782 1701 850 magis
1729 781 2130 843 indurescens;
2166 780 2311 849 quod

734 876 994 929 nimirum
1049 876 1136 930 his
1186 891 1309 945 qum
1365 873 1674 944 perpetitur
1724 872 1791 926 ad
1848 871 2312 941 impatibilitatem

734 968 1392 1037 imperturbationemque
1429 965 1685 1020 duretur.
1717 965 1814 1017 Est
1850 964 1999 1017 enim
2042 961 2317 1015 universis

682 1109 691 1139 ,
735 1059 955 1124 fortius,
983 1068 1044 1115 ut
1072 1058 1218 1129 quod
1251 1040 1457 1112 veritas
1486 1066 1601 1111 tum
1630 1054 1880 1118 exsistat,
1908 1048 2132 1122 tumque
2159 1051 2314 1106 dica-
2338 1126 2342 1131 ἱ

738 1161 828 1205 tur
845 1151 990 1204 ³²-³³.
1444 1190 1452 1204 .

805 1244 895 1297 66.
927 1244 1061 1313 Ejus
1094 1242 1243 1312 quod
1284 1248 1369 1296 est
1413 1240 1650 1295 Verbum
1691 1249 1893 1306 corpus
1930 1229 2313 1303 assumpsisse.

738 1335 1093 1407 mysterium,
1128 1333 1378 1387 omnium
1426 1331 1482 1385 in
1527 1328 1811 1396 Scriptura
1851 1327 2202 1395 amigmatum
2253 1338 2318 1378 ac

740 1428 1037 1499 ligurarum
1076 1426 1185 1479 vim
1226 1424 1391 1478 habet
1433 1439 1447 1475 :
1491 1429 1802 1477 creatorum
1848 1418 2010 1480 item,
2043 1427 2160 1470 tum
2197 1429 2320 1484 quae

739 1518 918 1573 oculis
946 1516 1389 1587 conspiciuntur,
1408 1525 1523 1569 tum
1552 1529 1674 1581 qua:
1703 1520 1886 1565 mente
1910 1509 2316 1579 intelliguntur,

740 1612 1051 1667 scientiam.
1087 1612 1264 1680 Atque
1312 1610 1360 1664 is
1396 1608 1617 1678 quidem
1674 1604 1769 1674 qui
1813 1603 1996 1658 crucis
2038 1612 2095 1656 et.
2138 1597 2323 1670 sepul-

742 1713 878 1758 tunc
902 1704 1055 1758 novit
1093 1702 1442 1773 mysterium,
1473 1712 1666 1753 eorum
1699 1712 1821 1766 qua:
1848 1694 1992 1749 dicta
2018 1700 2147 1748 sunt
2189 1708 2319 1762 per-

2409 599 2726 665 ).dt'taaﬂat.
2766 601 2874 665 Οὓς
2927 604 3139 664 ἑαυτοῖς
3201 606 3549 675 περιτρέπων
3580 608 3607 658 ὁ
3638 606 3811 673 Λόγος
3837 647 3852 670 ,
3895 606 3995 659 ἀν-

2418 686 2626 740 ίσταται
2660 704 2673 717 ’
2712 689 2874 741 πλέον
2905 692 2982 761 τῷ
3006 692 3381 761 πολεμεῖσθαι,
3416 694 3832 764 διατραινόμενος
3858 711 3871 723 ·
3916 694 3996 758 ὡς

2418 781 2555 849 πρὸς
2604 783 2876 836 ἀπάθειαν
2926 783 3015 837 διὰ
3053 784 3165 837 τῶν
3214 786 3558 857 παθημάτων
3594 792 3992 860 στομούμενος.

2418 872 2641 924 Πάντων
2670 874 2782 944 γάρ
2813 876 2961 927 ἐστιν
3013 876 3381 949 ἰσχυρότερος,
3411 880 3489 944 ὡς
3523 882 3750 952 ἀλήθεια
3782 882 3884 937 καὶ
3916 881 3997 938 ὣν

2418 968 2510 1019 καὶ
2534 966 2890 1036 καλούμενος.
3007 993 3025 1018 ιι

2491 1240 2603 1305 Eg".
2631 1240 2705 1293 Τδ
2737 1240 2840 1310 τῆς
2875 1243 3320 1310 ἐνσωματώσεως
3348 1244 3445 1297 τοῦ
3477 1244 3652 1312 Λόγου
3673 1245 3995 1315 μυστήριον,

2421 1332 2636 1385 πάντων
2669 1332 2782 1401 ἔχει
2820 1333 2929 1385 τῶν
2969 1350 3030 1385 τε
3081 1336 3224 1389 κατὰ
3262 1336 3362 1406 τὴν
3392 1336 3618 1407 Γραφὴν
3647 1338 3995 1406 αἰνιγμάτων

2420 1421 2516 1474 καὶ
2545 1421 2736 1475 τύπων
2763 1423 2862 1493 τὴν
2903 1423 3157 1494 δύναμιν,
3204 1428 3297 1479 καὶ
3352 1426 3461 1479 τῶν
3512 1427 3860 1496 φαινομένων
3905 1429 4015 1506 καὶι

2419 1514 2727 1583 νοουμένων
2787 1517 3104 1586 κτισμάτων
3148 1518 3250 1585 τὴν
3307 1520 3647 1589 ἐπιστήμην.
3685 1520 3800 1572 Καὶ
3833 1520 3863 1571 ὁ
3902 1519 4000 1588 μὲν

2421 1604 2582 1672 γνοὺς
2627 1605 2864 1675 σταυροῦ
2919 1608 3013 1662 καὶ
3034 1609 3214 1678 ταφῆς
3254 1610 3321 1663 τὸ
3350 1612 3671 1680 μυστήριον,
3705 1611 3850 1678 ἔγνω
3894 1611 4002 1663 τῶν

2424 1699 2839 1768 προειρημένων
2888 1699 3010 1760 τοὺς
3054 1699 3250 1767 λόγους
3284 1715 3299 1730 ο
3340 1702 3368 1754 ό
3408 1702 3468 1753 δὲ
3506 1703 3605 1771 τῆς
3647 1703 4000 1763 ἀναστάσεως

740 1803 959 1864 spectas
1012 1794 1178 1848 habet
1221 1792 1465 1847 rationes
1520 1808 1533 1843 :
1580 1790 1675 1860 qui
1718 1796 1902 1842 autem
1939 1800 2197 1841 arcanam
2232 1800 2319 1837 re-

942 1888 973 1898 Α.
1056 1888 1068 1898 .
1162 1885 1308 1898 --....
1424 1892 1435 1898 -
1521 1883 1556 1898 ..
1952 1878 2109 1898 LM
2165 1877 2316 1898 ,ηερ

2429 1790 2661 1861 μυηθεὶς
2714 1790 2813 1860 τὴν
2864 1791 3179 1863 ἀπόρρητον
3230 1792 3502 1863 δύναμιν,
3562 1793 3708 1860 ἔγνω
3761 1792 3858 1846 τὸν
3913 1793 3999 1860 ἐφ’

741 1888 1103 1942 surrectionis
1150 1885 1313 1959 575
1349 1883 1649 1955 potentiam
1684 1879 1897 1941 didicit,
1950 1878 2113 1933 ﬁnem
2161 1877 2319 1946 cujus

741 1983 913 2050 gratia
941 1981 1083 2035 Deus
1110 1987 1309 2035 cuncta
1348 1978 1528 2050 primo
1559 1974 1883 2031 condiderat
1912 1971 2188 2041 pernovit.

812 2075 900 2127 67.
944 2070 1076 2137 Quae
1118 2049 1639 2129 videntur‘omnia,
1679 2078 1843 2135 cruce
1888 2069 2081 2132 egent;
2126 2061 2317 2114 habitu

741 2164 952 2218 scilicet
975 2159 1270 2230 ejusmodi,
1292 2157 1385 2227 qui
1417 2172 1609 2211 eorum
1634 2170 1755 2225 qua:
1776 2154 1829 2208 in
1854 2154 1937 2208 eis
1962 2168 2124 2206 sensu
2151 2168 2321 2221 agun-

744 2263 855 2319 tur,
884 2250 1234 2306 affectionem
1270 2248 1761 2316 habitudinemque
1793 2252 2049 2300 coerceat
2078 2263 2092 2298 :
2122 2253 2318 2297 cuncta

742 2359 878 2399 vero
925 2359 1049 2413 qua:
1102 2349 1285 2396 mente
1337 2340 1754 2409 intelliguntur,
1796 2345 1962 2405 egent
2009 2336 2317 2405 sepultura,

679 2477 691 2495 .
743 2434 905 2503 plena
950 2430 1159 2485 scilicet
1202 2429 1271 2483 ab
1316 2428 1415 2489 iis,
1451 2444 1572 2499 quze
1619 2429 1672 2482 in
1721 2427 1804 2481 eis
1852 2435 2035 2482 mente
2083 2436 2322 2495 aguntur

746 2522 1055 2580 cessatione
1089 2536 1155 2577 ae
1188 2522 1394 2591 quiete.
1418 2521 1535 2576 Una
1568 2520 1715 2575 enim
1748 2534 1872 2573 cum
1903 2518 2196 2573 aﬂeetione
2224 2532 2319 2570 seu

747 2615 1107 2677 habitudine,
1154 2613 1367 2667 sublata
1423 2611 1660 2667 naturali
1719 2625 1849 2680 erga
1904 2624 1992 2662 res
2045 2607 2322 2677 quaslibet

744 2707 1066 2780 operatione
1097 2714 1380 2774 motuque,
1411 2702 1654 2758 Verbum
1686 2702 1864 2757 solum
1898 2700 2077 2769 ipsum
2114 2713 2211 2767 per
2239 2713 2318 2761 se,

745 2801 899 2873 quasi
924 2816 991 2855 ex
1014 2798 1248 2854 mortuis
1268 2798 1595 2853 suscitatum
1622 2802 1869 2864 apparet.
1894 2801 2091 2847 cuncta
2114 2791 2323 2846 habens

744 2906 868 2960 qum
915 2905 983 2944 ex
1032 2889 1154 2959 ipso
1200 2898 1330 2943 sunt
1374 2887 1676 2943 secundum
1720 2882 2319 2952 circumscriptionem,

744 2997 869 3035 cum
902 2980 1051 3034 nulla
1086 2994 1314 3050 prorsus
1349 2994 1435 3033 res
1468 2977 1704 3032 naturali
1738 2974 2064 3031 habitudine
2097 2990 2222 3028 eum
2256 2989 2324 3027 eo

746 3071 1208 3126 necessitudinem
1254 3071 1473 3125 habeat.
1515 3070 1620 3125 Per
1653 3069 1882 3139 gratiam
1921 3083 2179 3137 namque,
2214 3083 2322 3122 non

748 3179 845 3231 per
866 3174 1120 3216 naturam
1147 3170 1232 3216 est
1254 3169 1314 3216 ut
1336 3159 1497 3215 electi
1521 3159 1752 3213 salutem
1772 3167 2202 3226 consequantur.

816 3253 902 3305 68.
932 3251 1132 3306 Eorum
1164 3266 1286 3320 qua:
1311 3256 1436 3303 sunt
1463 3248 1531 3302 ad
1557 3246 1779 3316 aliquid,
1807 3254 1921 3300 tum
1948 3245 2143 3301 saecula
2170 3252 2321 3320 sunt,

751 3356 864 3395 tam
901 3352 1145 3412 tempora
1180 3342 1443 3410 locaque;
1479 3349 1633 3393 extra
1664 3353 1786 3407 quae
1819 3337 1954 3390 nihil
1988 3345 2073 3391 est
2100 3308 2322 3400 eorum,

749 3449 1023 3501 qtae-una
1060 3450 1184 3487 cmn
1226 3432 1335 3487 iliis
1374 3430 1776 3500 intelliguntur.
1810 3430 1956 3483 Deus
1994 3438 2176 3482 autem
2217 3444 2325 3482 non

747 3541 939 3579 eorum
969 3532 1073 3589 est,
1099 3541 1221 3594 qum
1250 3532 1376 3578 sunt
1404 3524 1474 3577 ad
1508 3522 1731 3591 aliquid,
1768 3536 1894 3575 cum
1928 3521 2065 3573 nihil
2099 3534 2327 3589 prorsus

751 3616 826 3669 illi
863 3631 1052 3670 eomes
1088 3616 1444 3685 intelligatur.
1473 3614 1527 3668 Si
1566 3612 1788 3683 quidem
1825 3611 1993 3681 igitur
2027 3611 2171 3665 Deus
2202 3599 2327 3672 san}

750 3717 963 3761 ctorum
992 3706 1285 3762 limreditas
1308 3715 1394 3761 est
1417 3720 1481 3760 ac
1506 3705 1803 3774 possessio,
1825 3703 1919 3772 qui
1951 3703 2056 3758 hoc
2081 3702 2329 3757 muneris

749 3800 1011 3870 consequi
1039 3800 1323 3864 meruerit,
1351 3813 1517 3868 super
1541 3796 1725 3851 omnia
1749 3795 1945 3852 saecula
1974 3804 2327 3865 temporaque

751 3900 808 3947 et
837 3892 957 3946 loca
991 3891 1128 3957 erit,
1162 3891 1322 3961 cujus
1359 3891 1516 3945 locus
1547 3889 1693 3943 Deus
1726 3888 1842 3958 ipse
1870 3887 1971 3952 sit,
2002 3888 2149 3958 juxta
2181 3887 2327 3957 quod

749 3982 1015 4051 scriptum
1042 3991 1127 4038 est
1155 4000 1168 4035 :
1195 3981 1324 4035 Esto
1359 3982 1484 4035 mihi
1516 3981 1572 4034 in
1601 3979 1769 4033 Deum
1798 3987 2164 4049 protectorem,
2190 3987 2238 4032 ct
2272 3980 2327 4032 in

752 4072 925 4127 locum
952 4076 1235 4139 munitum,
1265 4082 1320 4126 ut
1345 4071 1551 4127 salvum
1582 4089 1664 4126 me
1689 4071 1853 4140 facias
1874 4070 1941 4125 π.

821 4166 908 4221 69.
941 4165 1093 4220 Finis
1134 4166 1278 4220 nihil
1313 4179 1540 4234 prorsus
1567 4180 1699 4219 cum.
1720 4163 1902 4233 medio
1927 4163 2096 4218 habet
2120 4163 2325 4230 simile,

750 4258 958 4326 alioqui
992 4257 1118 4311 linis
1148 4271 1258 4310 non
1290 4265 1456 4310 esset.
1485 4255 1626 4309 Sunt
1658 4263 1841 4308 autem
1881 4253 2146 4317 medium,
2176 4269 2328 4323 quac-

752 4365 972 4418 eunque
1006 4348 1309 4402 secundum
1342 4344 1673 4418 principium
1707 4355 1858 4399 retro
1893 4344 2054 4399 linem
2088 4356 2236 4400 sunt.
2271 4345 2327 4401 Si

752 4442 983 4510 quidem.
1025 4439 1193 4509 igitur
1233 4446 1430 4493 cuncta
1470 4437 1665 4492 sxcula
1705 4443 1761 4490 et
1796 4446 2043 4504 tempora
2082 4443 2139 4490 et
2177 4436 2322 4501 loca,

2420 1887 2465 1954 ᾧ
2520 1887 2591 1940 τὰ
2650 1887 2829 1941 πάντα
2889 1889 3401 1959 προηγουμένως,ὁ
3451 1889 3587 1954 Θεὸς
3653 1892 4003 1961 ὑπεστήσατο

2420 1979 2643 2034 σκοπόν.
3188 1961 3199 1987 ’

2492 2070 2585 2135 ξς.
2625 2078 2641 2090 '
2669 2071 2750 2124 Τὰ
2772 2072 3076 2143 φαινόμενα
3100 2074 3277 2127 πάντα
3301 2073 3474 2126 δεῖται
3502 2074 3738 2144 σταυροῦ
3768 2073 3834 2142 (Ι)
3852 2090 3866 2104 ⁸
3895 2075 3996 2144 τῆς

2419 2164 2527 2217 τῶν
2592 2164 2679 2218 ἐπ’
2732 2166 2917 2229 αὐτοῖς
2972 2168 3093 2219 κατ’
3143 2166 3400 2235 αἴσθησιν
3454 2165 3867 2236 ἐνεργουμένων
3906 2168 4003 2220 ιπ-

2422 2254 2653 2322 εχούσης
2680 2255 2778 2323 τὴν
2810 2254 3013 2323 σχέσιν,
3036 2255 3204 2319 ἕξεως
3231 2270 3247 2285 ⁸
3299 2255 3369 2308 τά
3402 2255 3461 2309 δὲ
3491 2254 3765 2323 νοούμενα
3798 2256 3998 2319 πάντα,

2421 2342 2613 2412 Ζρῄζει
2640 2344 2816 2413 ταφῆς
2843 2360 2858 2374 ⁸
2889 2344 2990 2414 τῆς
3022 2346 3133 2397 τῶν
3179 2346 3265 2400 ἐπ’
3297 2347 3482 2409 αὐτοῖς
3521 2346 3663 2398 κατά
3691 2346 3823 2399 νοῦν
3848 2348 4002 2417 Mp-

2420 2436 2703 2505 γουμένων
2731 2436 2920 2507 όλικῆς
2944 2438 3252 2508 ἀκινησίας.
3290 2439 3368 2510 Τῇ
3387 2438 3495 2508 γὰρ
3531 2437 3718 2507 σχέσει
3741 2455 4002 2494 συναναι-

2425 2529 2695 2598 ρουμένης
2728 2527 2828 2595 τῆς
2853 2529 2980 2599 περὶ
3002 2528 3182 2581 πάντα
3205 2531 3443 2600 φυσικῆς
3482 2531 3770 2599 ἐνεργείας
3793 2546 3855 2583 τε
3907 2530 4004 2583 καὶ

2422 2621 2709 2689 κινήσεως,
2738 2622 2768 2673 ό
2796 2620 2954 2688 λόγος
2970 2623 3134 2691 μόνος
3162 2622 3250 2690 ἐφ’
3275 2622 3472 2675 ἑαυτὸν
3496 2622 3785 2693 ὑπάρχων,
3812 2621 4005 2690 ὥσπερ

2423 2714 2488 2765 ἐκ
2526 2712 2736 2782 νεκρῶν
2779 2711 3154 2783 ἐγηγερμένος
3197 2714 3582 2782 ἀναφαίνεται,
3630 2712 3816 2767 πάντα
3862 2713 4003 2766 κατά

2423 2802 2774 2873 περιγραφὴν
2798 2802 2941 2873 ἔχων
2965 2802 3033 2856 τὰ
3072 2801 3134 2867 ἐξ
3161 2802 3352 2870 αὐτοῦ,
3388 2803 3617 2873 μηδενὸς
3646 2805 3855 2874 φυσικῇ
3889 2803 4008 2873 6'15-

2425 2909 2510 2945 σει
2542 2893 2641 2961 τὴν
2676 2894 2812 2964 πρὸς
2842 2893 3008 2948 αὐτὸν
3044 2895 3358 2965 οἰκειότητα
3394 2894 3457 2948 τὸ
3497 2894 3724 2948 σύνολον
3763 2894 4001 2964 εχοντος.

2424 2985 2584 3038 Κατὰ
2620 2985 2784 3056 χάριν
2828 2987 2961 3055 γὰρ,
3001 2986 3118 3040 ἀλλ’
3159 2988 3224 3040 οὐ
3259 2987 3399 3041 κατά
3433 2986 3599 3056 φύσιν
3627 2988 3777 3041 ἐστὶν
3822 2987 3857 3058 ἡ
3894 2986 4015 3041 τῶν

2426 3076 2747 3146 σωζομένων
2782 3078 3047 3148 σωτηρία.

2500 3247 2600 3317 ξη’.
2634 3246 2755 3301 Τῶν
2787 3249 2937 3315 πρός
2973 3263 3049 3310 τι,
3090 3248 3185 3301 καὶ
3204 3249 3252 3299 οἱ
3277 3247 3475 3310 αῑῶνές
3509 3249 3642 3311 εἰσι,
3665 3249 3761 3300 καὶ
3795 3248 3848 3300 οἱ
3879 3245 4008 3317 χρό-

2426 3359 2529 3403 νοι,
2558 3341 2650 3392 καὶ
2687 3342 2737 3392 οἱ
2763 3341 2952 3393 τόποι·
2992 3333 3068 3393 ὧν
3104 3340 3255 3402 ἄνευ,
3296 3340 3451 3393 οὐδὲν
3503 3340 3612 3393 τῶν
3656 3355 4008 3393 συνεπινοου-

2429 3433 2609 3501 μένων
2648 3431 2853 3494 τούτοις
2883 3432 3051 3486 ἐστίν.
3111 3432 3171 3484 '0
3211 3431 3269 3484 δὲ
3306 3431 3460 3495 Θεὸς,
3494 3432 3555 3484 οὐ
3598 3429 3709 3483 τῶν
3754 3433 3910 3498 πρός
3954 3448 4009 3484 τι

2425 3524 2610 3578 ἐστίν·
2658 3525 2719 3577 οὐ
2769 3526 2877 3595 γὰρ
2924 3523 3038 3594 ἔχει
3086 3541 3141 3577 τι
3184 3523 3419 3577 καθόλου
3482 3523 4004 3591 συνεπινοούμενον.

2428 3615 2595 3685 Εἴπερ
2628 3611 2719 3668 οὖν
2745 3615 2853 3685 ἄρα
2896 3614 3229 3687 κληρονομία
3258 3614 3366 3677 τῷν
3403 3613 3569 3679 ἀξίων
3601 3614 3764 3678 αὑτός
3793 3615 3947 3667 ἐστιν
3980 3616 4011 3668 ό

2426 3706 2582 3770 Θεὸς,
2615 3707 2756 3774 ὑπὲρ
2786 3707 2995 3770 πάντας
3021 3705 3225 3769 αἰῶνας
3258 3707 3354 3759 καὶ
3380 3706 3605 3777 χρόνους
3638 3705 3735 3758 καί
3753 3704 3961 3770 τόπους
3981 3704 4010 3758 6

2425 3797 2631 3867 ταύτης
2665 3796 2986 3867 ἀξιούμενος
3026 3797 3130 3864 τῆς
3178 3797 3401 3868 χάριτος
3442 3796 3618 3859 ἔσται,
3656 3797 3829 3849 τόπον
3868 3795 4012 3866 ἔχων

2428 3890 2589 3943 αὑτὸν
2625 3889 2716 3943 τὸν
2738 3890 2894 3955 Θεὸν,
2941 3889 3086 3943 κατὰ
3114 3890 3175 3943 τὸ
3198 3888 3582 3959 γεγραμμένον
3607 3904 3621 3919 ο
3669 3889 3871 3943 Ferat?
3909 3905 4012 3957 μοι

2427 3985 2515 4045 εις
2555 3980 2703 4034 Θεὸν
2744 3981 3231 4048 ὐπερασπιστὴν,
3275 3981 3373 4035 καὶ
3409 3983 3498 4046 εἰς
3524 3982 3714 4034 τύπον
3756 3982 4008 4050 όχιψὸν,

2427 4070 2535 4125 τοῦ
2571 4071 2771 4125 σῶσαί
2797 4088 2895 4140 με.
3037 4138 3047 4155 ¹

2500 4164 2598 4230 εον.
2662 4164 2735 4216 Τὸ
2786 4163 2937 4227 τέλος
2983 4164 3135 4218 οὐδὲν
3182 4164 3244 4217 τὺ
3296 4165 3560 4235 παράπαν
3606 4164 3851 4233 ὲμςρερὲς
3896 4163 4011 4232 ἔχει

2431 4256 2723 4326 μεσότητι·
2757 4254 2883 4307 ἐπεὶ
2902 4254 3026 4307 οὐδὲ
3062 4255 3239 4320 τέλος.
3266 4256 3519 4324 Μεσότης
3546 4254 3603 4308 δέ
3645 4255 3788 4320 ἐστι,
3828 4255 4011 4308 πάντα

2427 4349 2497 4400 τὰ
2531 4347 2669 4417 μετά
2713 4347 2814 4417 τὴν
2862 4347 3037 4417 ἀρχὴν
3078 4348 3309 4401 κατόπιν
3354 4348 3485 4400 ὄντα
3521 4346 3616 4399 τοῦ
3671 4345 3889 4409 τέλους.
3950 4346 4010 4397 Εἰ

2429 4437 2609 4490 τοίνυν
2631 4437 2832 4499 πάντες
2869 4439 2919 4490 ot
2956 4437 3145 4501 αἰῶνες
3189 4439 3287 4492 καὶ
3313 4439 3365 4491 oi
3407 4438 3592 4507 χρόνοι
3618 4436 3717 4489 καὶ
3754 4436 3809 4488 οἱ
3852 4436 4010 4488 τόποι

755 4546 880 4584 cum
911 4528 1169 4582 onmibus
1196 4542 1319 4596 qua:
1349 4541 1456 4579 una
1488 4541 1615 4579 cum
1648 4525 1732 4578 eis
1763 4524 2163 4594 intelliguntur,
2190 4523 2322 4577 illis-

2433 4531 2569 4600 μετά
2625 4528 2733 4582 τῶν
2763 4531 3264 4599 συνεπινοουμένων
3306 4531 3490 4594 αὐτοῖς
3532 4531 3813 4592 ἁπάντων,
3872 4528 4014 4598 μετὰ

754 4637 863 4689 que
896 4626 1309 4689 comparantur,
1336 4627 1464 4672 sunt
1498 4616 1798 4672 secundum
1833 4611 2027 4680 Deum,
2047 4615 2141 4683 qui
2176 4615 2326 4684 prin-

752 4710 959 4781 cipiunt
996 4710 1068 4765 sit
1097 4709 1355 4779 principii
1390 4723 1605 4779 expers,
1635 4705 2109 4774 remotissimcque
2140 4707 2209 4760 ab
2240 4721 2329 4770 eo,

749 4780 823 4857 vut
844 4804 915 4857 ab
948 4802 1163 4857 inﬁnito
1194 4803 1322 4865 line,
1352 4811 1689 4869 sequuntur;
1728 4800 1888 4868 plane
1920 4814 1949 4851 a
1983 4798 2164 4853 medio
2191 4798 2329 4852 nihil

753 4895 1022 4949 diﬂ'crunt
1059 4911 1073 4946 :
1112 4908 1347 4962 cumque
1384 4891 1522 4945 adeo
1556 4891 1701 4945 Deus
1732 4888 1857 4943 linis
1889 4889 2191 4946 electorum
2228 4890 2328 4954 sit,

754 4984 901 5039 nulla
925 4983 1092 5039 medii
1117 4981 1255 5036 ratio
1277 4982 1357 5035 eis
1377 4998 1561 5036 comes
1585 4980 1936 5051 intelligetur,
1955 4979 2050 5051 qui
2071 4992 2327 5050 supremo

754 5075 851 5131 lini
874 5074 1080 5133 similes
1100 5072 1429 5128 exstiterint.

823 5191 943 5236 ³²-³³
964 5190 1034 5248 Ill
1063 5191 1221 5246 Esdr.
1244 5207 1314 5256 Iv,
1338 5191 1522 5245 33-58.
1598 5192 1643 5222 ³⁸
1668 5191 1808 5245 Psal.
1840 5206 1960 5256 ιιι,
1977 5192 2040 5247 ’5.

2428 4621 2517 4673 τὸν
2544 4620 2675 4672 Θεόν
2699 4621 2855 4686 εἰσιν,
2886 4621 3062 4691 ἀρχὴν
3089 4621 3326 4691 ἄναρχον
3355 4621 3483 4675 ὄντα
3500 4636 3515 4652 '
3559 4621 3653 4674 καὶ
3674 4620 3750 4682 ὡς
3773 4619 4012 4690 ἁπείρω

2427 4710 2617 4773 τέλους
2668 4709 2833 4763 αὐτοῦ
2884 4710 3021 4763 πολὺ
3060 4710 3296 4765 κατόπιν
3326 4710 3655 4790 ὑπάρχουσι,
3706 4709 4014 4779 μεσότητος

2428 4802 2579 4857 οὐδὲν
2613 4802 2970 4871 διαφέρουσι·
3017 4802 3171 4864 τέλος
3206 4802 3262 4855 δὲ
3298 4802 3406 4855 τῶν
3450 4801 3778 4870 σωζομένων
3811 4801 3963 4853 ἐστὶν
3984 4800 4013 4852 ό

2429 4894 2581 4958 Θεὸς,
2637 4894 2791 4946 οὐδὲν
2846 4892 2999 4947 ἔσται
3043 4894 3343 4964 μεσότητος
3398 4894 3543 4948 κατά
3585 4893 3648 4945 τὸ
3704 4893 4012 4964 ἀκρότατον

2433 4986 2585 5047 τέλος
2660 4984 2976 5055 γενομένοις
3058 4987 3170 5048 τοῖς
3253 4983 3586 5055 σωζομένοις
3671 4981 4011 5051 συνθεωρού-

2439 5092 2617 5146 μενον.

823 5313 841 5330 ⁹
866 5311 1032 5381 Μαι-ε.
1080 5311 1169 5364 Fr.
1214 5310 1306 5362 τοὺ
1362 5310 1464 5379 πρὸ
1511 5311 1703 5363 τούτου
1766 5310 2061 5380 κεφαλαίου
2114 5312 2323 5382 σκόλιον
2360 5312 2547 5372 ὥσπερ
2581 5313 2940 5380 σαφέστατον,
2974 5312 3221 5366 τουτέστι
3247 5311 3308 5365 τὸ
3334 5312 3649 5382 κεφάλαιον.

826 5426 887 5493 (Ι)
942 5424 1133 5477 Δεῖται
1190 5424 1475 5490 σταυροῦ.
1534 5425 1674 5477 Sunt
1723 5424 2159 5496 liatcpaltissime
2212 5442 2326 5496 my-

753 5497 921 5559 stica;
967 5503 1023 5549 et
1053 5510 1174 5562 quze
1209 5503 1400 5547 auctor
1433 5495 1778 5548 Scholiormn
1830 5494 1929 5549 rite
1976 5504 2182 5558 monet,
2217 5494 2326 5549 cla-

755 5565 1034 5620 rissimum
1065 5564 1335 5619 scholium
1366 5580 1484 5618 esse
1505 5564 1805 5633 superioris
1832 5565 2047 5633 capitis.
2080 5564 2137 5618 ln
2165 5566 2325 5619 nobis

752 5652 884 5703 ergo
904 5634 1109 5690 Christi
1128 5633 1457 5705 mysterium
1496 5635 1881 5703 exprimimus.
1905 5635 1999 5703 qui
2039 5644 2096 5689 et
2134 5651 2329 5691 sensus

753 5708 901 5759 onini
927 5704 1233 5774 operationi
1267 5704 1584 5765 moriamur,
1614 5705 1890 5773 ipsiusque
1917 5706 2116 5759 mentis
2136 5720 2299 5774 opera

757 5776 923 5828 tionis
957 5775 1261 5829 cessatione
1296 5790 1465 5828 unum
1517 5775 1750 5827 Veritum
1795 5791 1824 5827 ιι
1871 5776 2104 5829 mortuis
2136 5777 2327 5831 vivens

761 5845 1078 5910 habeamus,
1110 5844 1162 5899 in
1199 5861 1306 5915 quo
1334 5845 1516 5900 omnia
1552 5848 1690 5898 κατὰ
1720 5849 2083 5915 περιγραφήν,
2115 5846 2186 5900 ita
2218 5847 2325 5900 sri-

2434 5426 2561 5480 licet
2591 5436 2650 5480 ut
2680 5425 2854 5494 ipsum
2892 5424 3030 5479 nihil
3063 5440 3254 5479 eorum
3289 5424 3381 5488 sit,
3419 5440 3522 5479 nec
3555 5439 3682 5477 eum
3713 5424 3828 5478 ullo
3859 5424 4011 5477 habi-

2435 5496 2679 5549 tudinem
2724 5496 2942 5557 habeat,
2975 5494 3070 5548 sed
3099 5495 3315 5548 cunctis
3347 5494 3607 5555 emineat,
3640 5494 4008 5563 omnibusque

2434 5566 2744 5620 absolutum
2776 5567 3023 5619 exsistat.
3061 5564 3155 5618 Est
3197 5579 3318 5634 cap.
3366 5564 3530 5619 Marci
3565 5580 3729 5629 νηπτ.
3772 5581 3831 5634 ᾲσ.
3863 5565 4005 5633 quod

2434 5638 2609 5715 prium
2647 5636 2903 5715 latuerat,
2937 5635 3098 5714 longe
3130 5634 3239 5697 hie,
3264 5632 3434 5715 quam
3466 5634 3520 5714 in
3555 5632 4006 5713 editisphsoptci

2436 5707 2517 5757 \‘cl
2549 5706 2658 5759 l'ici
2691 5704 3058 5766 emendatius,
3089 5704 3333 5775 caccptis
3357 5704 3546 5770 metis,
3573 5720 3716 5773 qttos
3740 5704 4008 5773 interpre-

2434 5787 2546 5831 tum
2584 5776 2855 5846 imperitia
2884 5776 3138 5845 aspersit.
