4208 6436
200 396 337 460 ιιοο

194 602 381 669 λόγοις
408 603 505 670 (5),
537 605 627 655 καὶ
663 603 822 666 τόπος
856 604 1184 672 λέγεταικαὶ
1210 602 1366 667 αἰὼν,
1398 603 1506 656 τῶν
1534 607 1592 656 έν
1638 604 1787 673 αὺτῷ

196 695 575 763 διαιτωμένων
596 712 609 726 ·
640 696 879 766 τρόπους
900 694 1273 766 θεωρημάτων
1299 694 1437 765 ἔχων
1462 695 1601 748 κατά
1627 694 1789 761 φύσιν

196 784 334 846 τοὺς
356 786 412 836 ἐν
434 784 582 853 αὐτῷ
612 787 935 855 προσφυεῖς,
973 785 1206 855 μερικὴν
1234 786 1567 855 κατανόησιν
1602 786 1788 847 αὐτοῖς

199 874 505 943 ἐμποιῆσαι
540 878 640 946 τῆς
671 876 765 928 ἐπὶ
800 875 975 928 πάντα
1009 876 1203 945 σοφίας
1236 875 1330 929 τοῦ
1385 876 1520 929 Θεοῦ
1555 875 1791 945 δυναμέ-

212 981 362 1027 νους·
396 960 474 1028 οἷς
498 966 602 1028 ἕως
623 968 862 1037 χρῶνται
892 967 1028 1037 πρὸς
1070 967 1424 1037 κατανόησιν,
1458 969 1519 1020 οὺ
1539 967 1791 1020 δύνανται

202 1056 330 1124 δίχα
402 1057 695 1126 μεσότητος
754 1055 893 1111 εἶναι
949 1059 1045 1111 καὶ
1100 1060 1331 1130 μερικῆς
1407 1057 1789 1130 καταλήψεως.

225 1149 449 1219 Ἐπειδὴ
486 1149 540 1201 δὲ
577 1149 638 1201 τὸ
660 1151 721 1202 ὲκ
760 1149 963 1219 μέρους
992 1149 1085 1202 τοῦ
1118 1150 1320 1203 τελείου
1370 1150 1630 1219 φανέντος
1660 1167 1793 1202 κατ-

208 1244 486 1309 αργεῖται,
523 1242 618 1293 καὶ
657 1240 725 1293 τὰ
762 1241 1005 1311 ἔσοπτρα
1054 1242 1231 1295 πάντα
1261 1244 1355 1293 καὶ
1393 1241 1460 1295 τὰ
1498 1242 1796 1311 αἰνίγματα

214 1332 606 1402 παρέρχονται,
644 1333 745 1401 τῆς
792 1335 1084 1403 πρόσωπον
1124 1332 1263 1403 πρὸς
1300 1334 1594 1404 πρόσωπον
1620 1350 1797 1404 παρα-

138 1431 147 1441 '
210 1422 509 1494 γινομένης
539 1424 816 1495 Ζιληθείας,
848 1426 989 1496 ὑπὲρ
1022 1427 1230 1489 πάντας
1255 1425 1407 1479 ἔσται
1442 1426 1685 1495 κόσμους
1705 1428 1799 1481 καί

214 1517 424 1577 αἰῶνας
464 1519 559 1568 καὶ
598 1519 816 1580 τόπους,
868 1512 948 1580 οἷς
981 1517 1123 1582 τέως
1148 1517 1224 1577 ὼς
1272 1520 1459 1586 νήπιος
1493 1518 1800 1586 ἐπαιδαγω-

219 1611 394 1675 γεῖτο,
415 1608 722 1671 τελειωθεὶς
757 1608 900 1661 κατὰ
932 1608 1063 1661 Θεὸν
1087 1611 1116 1661 ὁ
1153 1608 1484 1681 σωζόμενος.

294 1798 391 1845 91'.
433 1792 493 1843 Ὀ
524 1791 887 1855 Πιλάτος,τοῦ
915 1793 1059 1846 κατά
1093 1793 1254 1860 φύσιν
1285 1793 1446 1864 νόμου
1466 1794 1634 1857 τῦπος
1663 1795 1797 1847 ἐστίν

220 1881 317 1934 τοῦ
355 1882 419 1947 ,δὲ
467 1882 713 1952 γραπτοῦ
763 1883 953 1952 νόμον,
988 1884 1047 1935 τὸ
1087 1884 1295 1953 πλῆθος
1339 1885 1447 1938 τῶν
1506 1884 1798 1938 Ἰουδαίων.

233 1974 294 2025 ὐ
329 1974 508 2024 τοίνυν
537 1974 679 2026 κατὰ
712 1974 893 2027 πίστιν
943 1975 1086 2045 ὑπὲρ
1121 1976 1248 2038 τοὺς
1277 1976 1371 2029 δύο
1405 1977 1479 2046 μὴ
1506 1976 1801 2046 γενόμενος

222 2061 446 2135 νόμους,
486 2068 547 2120 οὐ
585 2067 809 2121 δύναται
854 2067 1109 2135 δέξασθαι
1154 2069 1253 2141 τὴν
1307 2070 1449 2141 ὑπὲρ
1502 2069 1663 2139 φύσιν
1712 2072 1807 2124 καὶ

222 2156 383 2224 λόγον
424 2158 705 2228 ἀλήθειαν·
758 2160 893 2215 ἀλλά
924 2165 1151 2232 σταυροί
1201 2162 1423 2226 πάντως
1469 2164 1560 2217 τὸν
1604 2166 1802 2233 Λόγον*

225 2248 259 2315 ἢ
306 2249 385 2311 ὡς
434 2250 698 2313 Ἰουδαῖος,
760 2253 1085 2307 σκάνδαλον·
1140 2253 1173 2323 ἢ
1214 2253 1289 2318 ὼς
1329 2254 1550 2324 Ἕλλην,
1594 2256 1808 2326 μωρίαν

227 2338 532 2408 ἡγούμενος
554 2341 613 2394 τὸ
641 2342 992 2410 Εὐαγγέλιον.

299 2426 400 2496 οβ’.
456 2430 623 2482 Ὅταν
671 2431 787 2502 ἴδῃς
844 2430 1092 2501 Ἡρώδην
1139 2433 1234 2486 καὶ
1277 2434 1511 2486 Πιλᾶτον
1553 2434 1807 2505 ἀλλήλοις

227 2519 579 2586 φιλιὰζοντας
613 2523 704 2573 ἐπὶ
735 2525 798 2593 τῇ
837 2523 1119 2595 ἀναιρέσει
1157 2524 1251 2578 τοῦ
1306 2524 1501 2595 Ἰησοῦ,
1535 2526 1657 2578 τότε
1699 2527 1807 2581 νόει

226 2608 329 2675 τὴν
347 2611 425 2671 είς
459 2609 518 2661 τὸ
542 2611 673 2662 αὑτὸ
702 2613 1010 2684 συνδρομήν
1033 2630 1047 2644 ·
1079 2614 1171 2667 τοῦ
1202 2633 1261 2668 τε
1292 2617 1391 2685 τῆς
1435 2617 1688 2687 πορνείας
1716 2619 1808 2671 καὶ

232 2698 331 2768 τῆς
390 2699 696 2764 κενοδοξίας
743 2702 1032 2773 δαίμονος,
1090 2704 1197 2758 ὲπὶέ
1229 2706 1307 2777 τῷ
1358 2706 1665 2762 θανατῶσαι
1717 2708 1808 2761 τὸν

226 2790 390 2858 λόγον
414 2791 513 2861 τῆς
548 2794 753 2863 ἀρετῆς
779 2797 871 2848 καὶ
899 2798 999 2866 τῆς
1022 2794 1274 2864 γνώσεως
1308 2798 1555 2869 ἀλλήλοις
1582 2816 1808 2870 συμφω-

228 2884 494 2937 νούντων.
534 2884 594 2935 '0
631 2884 729 2955 μὲν
759 2886 867 2956 γὰρ
913 2887 1189 2952 κενόδοξος
1233 2889 1462 2958 δαίμων,
1508 2908 1808 2961 πνευματι-

229 2975 337 3043 κὴν
369 2975 573 3041 γνῶσιν
599 2976 1047 3048 ὑποκρινόμενος,
1080 2982 1443 3052 παραπέμπει
1478 2984 1557 3054 τῷ
1596 2985 1806 3054 δαίμονι

225 3067 331 3135 τῆς
367 3068 622 3135 πορνείας
647 3083 660 3095 ·
687 3070 714 3121 ό
749 3068 805 3122 δὲ
839 3070 935 3140 τῆς
984 3072 1240 3141 πορνείας
1287 3074 1412 3124 καθ’
1453 3075 1806 3146 ὑποχώρησιν

1036 390 1385 456 CAPITUM
1422 388 1696 455 ΤΗΕΟΙ..
1742 394 1835 452 ΕΤ
1879 393 2113 453 (ECON.
2154 394 2547 454 CENTURIA
2585 394 2635 452 Ι.

269 517 335 565 o'.
416 510 474 562 Ὀ
528 511 636 574 πᾶς
687 510 888 581 κόσμος
967 508 1063 580 (m)
1116 512 1271 575 ἰδίοις
1330 512 1779 583 περιοριζόμενος
1811 514 1853 569 Α

3339 352 3485 448 ιιιοΔ

1958 511 2043 566 Ἱθ.
2068 511 2304 565 Mundus
2329 512 2511 564 omnis
2532 510 2645 564 suis
2666 507 3122 578 circumscriptus
3141 506 3473 572 rationibus,

1888 618 2085 657 eorum
2119 613 2233 656 tum
2269 602 2423 656 locus
2457 601 2788 671 appellatur,
2819 608 2935 654 tum
2970 598 3264 660 saeculum,
3289 596 3384 666 qui
3421 596 3472 651 in

1890 697 2008 765 ipso
2040 695 2275 765 degunt;
2310 694 2723 757 convenientes,
2755 693 2810 746 in
2842 708 2909 747 eo
2943 691 3226 747 naturales
3259 690 3479 759 theore-

1890 795 2097 839 matum
2127 786 2319 840 modos
2346 786 2574 849 habens,
2599 785 2692 854 qui
2722 782 2821 837 Dei
2858 798 3021 851 super
3052 781 3236 839 omnia
3267 778 3477 832 intelli—

1891 878 2091 948 gentia:
2120 893 2340 932 sensum
2371 892 2437 929 ex
2469 884 2624 945 parte
2654 876 2736 931 eis
2768 872 3140 945 ingenerando
3173 872 3300 926 sint.
3330 870 3479 936 Quos

1894 966 1973 1021 illi
2023 968 2268 1037 quandiu
2319 966 2387 1021 ad
2444 966 2862 1036 intelligendum
2922 963 3223 1027 adhibent,
3268 963 3479 1030 absque

1896 1061 2106 1124 medio,
2139 1075 2314 1128 eaque
2353 1057 2847 1128 comprehensione
2886 1070 3009 1127 quae
3052 1070 3119 1109 ex
3163 1060 3317 1123 parte
3361 1060 3478 1114 est,

1895 1169 2015 1209 esse
2048 1169 2155 1207 non
2183 1162 2432 1222 possunt.
2460 1150 2616 1217 Quod
2644 1165 2773 1204 vero
2809 1150 2882 1214 id,
2910 1148 3057 1218 quod
3089 1164 3156 1202 ex
3188 1153 3344 1217 parte
3372 1154 3479 1199 est.

1897 1261 2023 1299 cum
2054 1243 2373 1313 apparuerit
2404 1241 2551 1311 quod
2588 1239 2891 1309 perfectum
2920 1238 3086 1309 476
3113 1246 3219 1300 est,
3246 1251 3479 1291 evacua-

1903 1338 2080 1400 bitur,
2113 1346 2418 1405 cunctaque
2457 1333 2679 1404 specula
2718 1347 2780 1386 ac
2817 1331 3103 1400 aenigmata
3146 1327 3477 1387 transibunt,

1899 1427 2225 1483 adveniente
2276 1425 2510 1479 veritate
2559 1438 2681 1493 qua:
2739 1432 2823 1476 est
2876 1421 3013 1475 facie
3065 1419 3133 1473 ad
3186 1416 3381 1471 faciem
3408 1417 3475 1482 ";

1902 1520 2124 1573 mundis
2163 1519 2420 1572 omnibus
2454 1525 2509 1570 et
2540 1515 2754 1569 saeculis
2784 1522 2840 1567 et
2867 1514 3024 1575 locis,
3056 1512 3259 1581 quibus
3293 1510 3483 1564 hacte—

1904 1628 2005 1667 nus
2045 1622 2305 1680 tanquam
2352 1609 2613 1679 parvulus
2656 1607 3048 1669 erudiebatur,
3085 1604 3335 1674 superior
3377 1603 3483 1658 erit

1902 1705 2112 1759 electus
2135 1701 2436 1756 secundum
2465 1700 2639 1753 Deum
2670 1707 3106 1754 consummatus.

1976 1796 2061 1849 7|.
2094 1794 2324 1856 Pilatus,
2350 1792 2486 1863 legis
2514 1800 2724 1846 naturae
2748 1790 2920 1861 figura
2945 1798 3056 1854 est;
3085 1790 3302 1858 scripta:
3328 1804 3480 1846 vero.

1906 1885 2062 1955 plebs
2090 1884 2424 1939 Judazorum.
2453 1882 2711 1953 Quisquis
2744 1882 2911 1952 igitur
2942 1880 3046 1936 fide
3079 1882 3248 1936 fultus
3279 1881 3483 1951 duplici

1909 1980 1997 2033 illa
2028 1979 2146 2049 lege
2177 1977 2428 2047 superior
2455 1992 2566 2031 non
2596 1977 2856 2039 evaserit,
2884 1976 3172 2029 veritatem
3205 1986 3399 2030 natura
3425 1991 3486 2030 ac

1908 2084 2159 2124 sermone
2220 2067 2560 2137 superiorem
2624 2067 2870 2135 recipere
2928 2082 3041 2120 non
3107 2075 3326 2135 potest;
3390 2068 3483 2121 sed

1907 2164 2131 2217 omnino
2184 2160 2428 2215 Verbum
2478 2157 2792 2229 cruciliget;
2854 2158 2947 2228 qui
3010 2158 3097 2212 vel
3145 2166 3205 2211 ut
3259 2158 3482 2213 Judaens

1907 2254 2259 2318 scandalum,
2288 2253 2374 2307 vel
2419 2260 2479 2306 ut
2512 2250 2733 2306 Graecus
2790 2250 3077 2306 stultitiam
3134 2251 3489 2321 Evangelium

1909 2345 2183 2401 existimet
2208 2343 2273 2398 ³⁶.

1982 2438 2068 2491 72.
2094 2434 2229 2489 Cum
2267 2432 2537 2488 llerodem
2574 2442 2740 2501 atque
2770 2433 3007 2487 Pilatum
3041 2433 3338 2487 amicitiam
3364 2434 3490 2503 jun-

1907 2543 2037 2598 gere
2064 2525 2130 2580 ad
2163 2521 2590 2578 interimendum
2616 2523 2802 2578 Jesum
2828 2523 3056 2591 videris,
3084 2534 3267 2578 tecum
3295 2531 3489 2592 reputa

1910 2620 1967 2673 in
2003 2633 2170 2672 unum
2204 2630 2533 2670 concurrere
2562 2613 2946 2670 fornicationis
2983 2615 3273 2685 inanisque
3304 2614 3492 2684 gloriae

1911 2711 2242 2772 daemonem,
2276 2708 2479 2779 junctis
2516 2707 2660 2761 inter
2692 2723 2750 2761 se
2786 2707 3052 2771 consiliis,
3081 2715 3143 2761 ut
3175 2707 3397 2761 virtutis
3429 2722 3493 2762 ac

1912 2802 2156 2859 scientiae
2202 2815 2512 2856 sermonem
2558 2798 2853 2869 perimant.
2897 2799 3032 2854 Nam
3079 2797 3263 2853 inanis
3306 2798 3493 2870 gloria:
3565 2810 3569 2815 ‘

1912 2897 2145 2959 dmmon,
2175 2894 2477 2964 spiritalem
2512 2892 2799 2947 scientiam
2832 2892 3119 2956 simulans,
3152 2891 3219 2945 ad
3252 2891 3492 2945 fornica-

1912 2986 2077 3041 tionis
2104 2987 2404 3041 dremonem
2436 2983 2789 3048 transmittit;
2822 2982 3146 3052 daemonque
3178 2980 3493 3037 fornicatio-

1910 3079 1996 3131 nis
2045 3077 2129 3131 sui
2175 3075 2538 3131 subductione
2584 3075 2853 3143 tantisper
2897 3073 3190 3143 puritatem
3235 3074 3493 3129 simulato

227 3157 583 3228 καθαρότητα
618 3162 1105 3232 προσποιούμενος,
1142 3166 1454 3234 ἀναπέμπει
1494 3168 1569 3235 τῷ
1598 3168 1807 3236 δαίμονι

1914 3170 2219 3233 mentiens,
2248 3167 2314 3221 ad
2350 3168 2530 3221 inanis
2562 3168 2747 3237 gloria:
2781 3167 3083 3222 daemonem
3117 3167 3369 3221 remittit.
3403 3165 3492 3219 ld-

224 3244 334 3313 τῆς
372 3247 695 3315 κενοδοξίας.
747 3251 838 3303 Διὸ
875 3293 887 3314 ,
928 3254 1221 3321 Λαμπρὰν
1254 3257 1512 3323 περιθείς
1555 3258 1803 3325 ἐσθῆτα,

228 3342 401 3409 φησὶν
426 3379 442 3403 ν
507 3347 541 3396 ό
629 3344 916 3414 Ἡρώδης,

242 3432 496 3498 Ἰησοῦν.

301 3530 404 3594 ογ’.
430 3527 611 3580 Καλὸν
650 3530 725 3601 μὴ
754 3534 1057 3601 συγχωρεῖν
1079 3536 1243 3605 σαρκὶ
1278 3537 1369 3589 καὶ
1408 3537 1605 3590 πάθεσι
1642 3557 1809 3609 προσ-

230 3617 449 3687 ανέχειν
496 3619 586 3673 τὸν
632 3620 776 3676 νοῦν.
829 3626 912 3677 Οὐ
946 3623 1055 3693 γὰρ
1095 3628 1487 3697 συλλέγουσι,
1517 3633 1700 3702 φησὶν,
1730 3634 1799 3697 ἐξ

225 3709 509 3764 ἀκανθῶν
560 3712 755 3766 σῦκα·
810 3716 1121 3783 τουτέστιν,
1174 3720 1239 3772 ἐκ
1292 3721 1513 3787 παθῶν,
1571 3724 1802 3793 ἀρετήν·

229 3800 375 3856 οὔτε
393 3802 459 3855 ἐκ
479 3803 677 3867 βάτου
701 3809 1030 3876 σταφυλήν
1050 3826 1064 3839 ·
1104 3811 1403 3877 τουτέστιν,
1435 3816 1497 3866 ἐκ
1542 3818 1641 3885 τῆς
1672 3834 1805 3889 σαρ-

229 3891 349 3955 κὸς,
376 3893 476 3964 τὴν
502 3895 903 3964 εὐφραίνουσαν
933 3901 1156 3969 γνῶσιν.

304 3983 395 4036 οδ¹.
426 3985 525 4038 Διά
554 3986 655 4056 τῆς
684 3990 964 4059 ὑπομονῆς
1009 3992 1117 4044 τῶν
1149 3996 1474 4065 πειρασμῶν
1511 3998 1807 4069 δοκιμαζό-

233 4092 398 4145 μενος
430 4079 459 4130 ὁ
492 4080 758 4151 ἀσκητὴς,
790 4083 886 4136 καὶ
910 4083 1000 4136 διὰ
1029 4086 1126 4154 τῆς
1174 4090 1493 4158 σωματικῆς
1534 4093 1804 4161 παιδαγωο

227 4166 358 4233 γιας
390 4169 801 4241 καθεψόμενος,
834 4177 928 4228 καὶ
955 4176 1041 4230 διὰ
1073 4178 1172 4248 τῆς
1195 4181 1508 4249 ἐπιμελείας
1535 4183 1645 4237 τῶν
1677 4186 1812 4257 ὑψη-

229 4260 343 4311 λῶν
375 4260 743 4332 θεωρημάτων
783 4266 1176 4339 τελειούμενος,
1230 4270 1475 4335 ἀξιοῦται
1524 4275 1625 4347 τῆς
1659 4276 1813 4342 θείας

232 4353 654 4424 παρακλήσεως.
680 4358 895 4424 Κύριος
916 4360 1045 4430 γὰρ,
1064 4362 1228 4431 φησὶν
1255 4365 1283 4416 ὁ
1303 4365 1562 4436 Μωῦσῆς,
1582 4369 1650 4422 ἐκ
1667 4369 1813 4424 Σινᾶ

229 4442 369 4509 ἣκει
399 4460 411 4473 ·
464 4448 762 4512 τουτέστιν,
794 4449 856 4502 ὲκ
881 4450 989 4505 τῶν
1018 4454 1339 4525 πειρασμῶν
1369 4476 1381 4487 ·
1410 4460 1507 4513 καὶ
1544 4460 1812 4530 ἐπεφάνη

306 4600 350 4632 ³⁵
374 4601 393 4655 1
420 4600 545 4657 Cor.
570 4620 685 4669 xm,
715 4603 897 4660 10-15.
975 4608 1021 4640 ³⁸
1042 4608 1063 4662 ι
1088 4608 1216 4664 Cor.
1244 4626 1281 4674 ι,
1304 4611 1394 4665 25.

1002 3348 1313 3417 ἀνέπεμψε
1382 3353 1619 3417 Πιλάτῳ
1703 3354 1808 3407 τὸν
1824 3370 1829 3385 λ

1473 4616 1514 4646 ³⁷
1542 4616 1673 4673 an.
1720 4635 1865 4682 χχιιι,
1892 4620 1977 4671 ll.

1914 3260 2061 3314 circo
2108 3259 2186 3312 ait
2230 3276 2242 3311 :
2290 3257 2542 3311 Indutum
2585 3266 2722 3311 veste
2766 3256 2994 3311 candida
3042 3255 3274 3310 Herodes
3312 3255 3493 3310 Iesum

1914 3350 2112 3403 remisit
2140 3348 2208 3401 ad
2239 3347 2476 3402 Pilatum
2500 3348 2563 3401 ³⁷.

1987 3548 2071 3600 75.
2122 3546 2378 3608 Przestat,
2424 3559 2491 3597 ne
2547 3542 2700 3597 carni
2756 3542 3152 3611 aﬂ‘ectibusque
3203 3558 3303 3597 seu
3344 3541 3495 3597 vitiis

1915 3636 2159 3689 animum
2203 3633 2570 3688 attendamus.
2606 3632 2723 3686 Non
2762 3634 2900 3687 enim
2952 3632 3205 3704 colligunt
3235 3633 3297 3685 de
3327 3633 3492 3703 spinis

1914 3730 2073 3799 ﬁcus,
2102 3728 2282 3797 inquit
2315 3727 2443 3798 (h'oc
2475 3735 2588 3791 est,
2615 3740 2681 3780 ex
2714 3725 3004 3780 aﬂ'ectibus
3034 3724 3290 3795 vitiisque
3322 3726 3495 3781 virtu-

1918 3822 2071 3891 tem),
2115 3837 2209 3874 nec
2246 3837 2309 3874 ex
2354 3819 2479 3872 rubo
2521 3835 2679 3872 uvam
2704 3818 2775 3883 ³⁸;
2810 3833 3009 3889 nempe
3038 3833 3106 3873 ex
3148 3832 3336 3883 carne,
3373 3833 3493 3889 quae

1916 3915 2159 3970 lmtitiam
2186 3923 2429 3984 praestet,
2455 3910 2737 3967 scientiam
2760 3912 2823 3964 3“.

1990 4011 2075 4063 74.
2124 4006 2475 4062 Sustinendis
2524 4004 2923 4059 tentationibus
2978 4014 3162 4059 asceta
3210 4003 3500 4075 (exercens

1919 4098 2131 4154 scilicet
2164 4098 2229 4152 ad
2266 4095 2549 4167 pietatem)
2584 4096 2880 4166 probatus,
2912 4096 3294 4165 corporalique
3326 4095 3494 4150 disci-

1920 4188 2066 4257 plina
2110 4186 2435 4251 mundatus,
2469 4201 2532 4240 ac
2574 4193 2781 4241 attenta
2823 4185 3141 4240 sublimium
3184 4185 3493 4241 theorema-

1923 4290 2038 4334 tum
2061 4278 2347 4349 diligentia
2373 4293 2615 4347 curaque
2640 4284 3071 4343 consummatus,
3100 4276 3339 4331 divinam
3365 4292 3494 4331 con-

1920 4373 2170 4441 sequitur
2201 4371 2651 4426 consolationem.
2684 4369 2941 4424 Dominus
2972 4372 3142 4436 enim,
3164 4369 3240 4424 ait
3263 4370 3489 4441 Moyses,

1921 4481 1983 4519 ea:
2019 4462 2151 4518 Sina
2184 4464 2323 4517 venit
2358 4462 2486 4533 (hoc
2518 4472 2633 4524 est,
2666 4478 2732 4517 ex
2767 4461 3164 4517 tentationibus
3195 4462 3493 4517 malorum-

2057 4617 2103 4649 ³⁸
2127 4617 2319 4671 Matth.
2346 4633 2442 4681 vn,
2470 4617 2555 4671 16.
2634 4617 2678 4647 ³⁸
2704 4616 2848 4671 Psal.
2877 4634 2987 4682 cm,
3019 4616 3103 4669 15.

307 4756 938 4847 (φὶ-ξρῌσιίξςῗκόσμρς
1007 4765 1173 4847 Quod
1217 4777 1410 4825 auctor
1444 4769 1801 4847 _Scholiorum

1907 4777 1960 4831 in
1981 4777 2094 4831 suis
2116 4777 2502 4833 An‘irrheticis
2534 4777 2747 4847 probat,
2785 4761 3158 4842 contrariique
3192 4785 3493 4835 assertores

226 4830 349 4909 hfec
380 4828 553 4909 palam
582 4828 841 4909 adversus
875 4828 1261 4909 lconoinachos
1285 4841 1502 4905 asserit,
1530 4858 1639 4895 non
1673 4828 1805 4899 satis

223 4898 394 4951 video
419 4898 565 4952 unde
600 4900 797 4954 habeat
825 4919 838 4955 :
870 4918 994 4957 cum
1025 4906 1259 4961 Maximo
1304 4898 1500 4964 solum'
1524 4927 1708 4967 sermo
1734 4898 1806 4968 sit

226 4969 318 5054 del
336 4968 431 5054 Dei
462 4969 773 5054 cognitione
795 4987 862 5026 ex
891 4978 1486 5054 parteet‘mnigmatica
1511 4997 1575 5035 ac
1604 4983 1656 5037 in
1682 4999 1807 5054 spe-

224 5040 443 5118 culo‘e}
474 5040 777 5118 creaturis;
806 5040 927 5118 qua:
954 5044 1091 5118 nihil
1126 5040 1306 5118 facere
1341 5051 1556 5105 videtur
1581 5061 1641 5107 ut
1663 5040 1806 5109 Deus

224 5124 256 5187 ξι
288 5107 991 5192 nobisilrnaginibus‘pingi
1024 5117 1230 5192 possit;
1263 5118 1366 5173 nisi
1406 5120 1546 5192 forte
1574 5107 1729 5192 quod
1748 5107 1807 5181 se

226 5177 465 5270 ipse‘tali
494 5177 984 5270 {armavisert'dum
1008 5177 1259 5240 exhibuit
1285 5205 1299 5242 :
1329 5191 1475 5270 quod
1507 5177 1810 5261 ipsiimna;

224 5247 471 5328 ruralem
515 5248 610 5302 Dei
664 5248 719 5304 in
768 5252 936 5328 rebus
990 5247 1542 5328 repraesentationem'
1572 5247 1807 5319 excedit.

227 5317 367 5379 lmo,
399 5317 563 5370 etiam
591 5327 755 5395 atque
781 5322 945 5395 etiam
972 5317 1126 5379 cavet
1151 5326 1371 5383 divinus
1398 5345 1600 5395 sermo,
1628 5317 1807 5389 necui

228 5401 424 5440 rerum
460 5388 744 5459 sensilium
779 5390 1025 5447 divinum
1067 5410 1272 5451 numen
1307 5399 1482 5454 simile
1523 5388 1807 5459 ex'istime;

228 5471 377 5538 inus,
413 5464 507 5509 aut
554 5458 849 5538 simulacro
879 5462 1243 5538 eliingendum
1290 5479 1581 5538 putemus;
1613 5474 1709 5527 sed
1736 5458 1804 5529 ex

227 5525 343 5579 illis
387 5540 688 5607 eorumque
734 5525 1040 5588 rationibus
1086 5544 1143 5590 et
1178 5525 1803 5605 theorematisXad—al'i:

228 5610 398 5682 qpam
427 5611 546 5682 ejus
578 5608 761 5654 mente
793 5616 1142 5682 assurgamus
1175 5608 1543 5682 cognitionem
1583 5630 1595 5665 :
1634 5612 1803 5682 ipsam

226 5678 493 5751 nimirum
518 5682 639 5751 quas
666 5685 733 5724 ex
763 5682 916 5751 parte
943 5682 1045 5730 est.
1078 5676 1152 5731 De
1180 5676 1421 5751 Christo,
1448 5681 1542 5750 qui
1576 5676 1806 5751 corpore

226 5737 487 5821 pingatur
514 5737 953 5821 et‘humaiiitate,
981 5760 1086 5821 qua
1114 5762 1241 5821 vere
1273 5737 1644 5821 περίΫράπτος
1662 5737 1807 5817 ,ἀιὶιι

233 5813 378 5863 ratio
405 5813 508 5873 est,
541 5816 599 5861 ut
632 5813 877 5866 omnium
916 5815 1119 5882 optime
1162 5813 1455 5888 Nicephorl
1495 5813 1806 5891 patriarcha

1908 4848 2134 4910 erroris,
2184 4849 2506 4902 Docetarum
2551 4863 2647 4902 seu
2694 4847 3195 4901 Phantasiastarum
3225 4854 3279 4901 et
3318 4848 3490 4902 Mani-

1908 4917 2183 4972 chaeorum
2209 4916 2294 4986 (ac
2320 4918 2364 4971 si
2387 4920 2482 4986 qui
2510 4918 2564 4970 in
2591 4916 2797 4970 Christi
2822 4917 3069 4971 doctrina
3093 4926 3149 4969 et
3186 4914 3491 4975 (economia

1911 4988 2018 5039 ἀπὸ
2046 4987 2153 5039 τῶν
2206 4988 2471 5055 αἱρέσεων
2503 4986 2695 5057 primis
2740 4987 2850 5057 jam
2904 4986 3249 5055 temporibus
3291 4988 3484 5044 audie-

1911 5058 2062 5122 rnnt)
2097 5057 2343 5111 sobolem
2372 5056 2631 5111 ostendit.

1986 5124 2063 5197 (η)
2111 5128 2205 5179 Ἐκ
2233 5125 2381 5182 Σινᾶ
2420 5127 2572 5195 ἥκει.
2620 5126 2761 5193 Quin
2793 5128 3097 5196 respexerit
3132 5128 3399 5182 Maximus
3434 5129 3487 5183 in

1915 5197 2095 5253 tribus
2130 5197 2215 5251 his
2240 5198 2489 5261 vocibus,
2514 5214 2702 5252 earum
2738 5205 3005 5266 etymum,
3037 5199 3189 5266 juxta
3214 5198 3487 5267 vulgatam

1917 5267 2045 5321 olim
2068 5268 2351 5322 nominum
2369 5266 2761 5322 Hebraicorum
2777 5266 3197 5334 expositionem,
3218 5274 3302 5322 vel
3318 5266 3485 5336 quam

1917 5337 2032 5406 ipse
2065 5338 2169 5392 sibi
2213 5353 2280 5391 ex
2321 5337 2602 5392 Hebraicis
2632 5336 2934 5390 conabatur
2974 5340 3303 5406 exprimere,
3342 5338 3483 5391 haud

1915 5407 2162 5462 dubium.
2203 5406 2278 5461 Ac
2305 5408 2452 5476 quod
2499 5425 2530 5461 a
2564 5406 2714 5471 Sina,
2746 5406 2971 5476 exponit
3018 5425 3050 5460 a
3093 5408 3482 5469 tentationibus.

1911 5493 1999 5532 res
2045 5488 2127 5533 est
2176 5477 2370 5542 facilis,
2401 5493 2524 5531 cum
2572 5487 2626 5531 et
2655 5478 2834 5540 rubus,
2864 5485 2918 5530 et
2951 5477 3168 5547 Syriace
3210 5479 3484 5531 inimicitia

1910 5558 2234 5617 exponatur.
2275 5558 2410 5611 mw,
2461 5548 2588 5600 odit.
2620 5558 2798 5609 mum,
2832 5547 3007 5600 odium
3064 5564 3082 5601 :
3129 5548 3285 5617 cujus
3328 5550 3483 5616 quasi

1910 5617 2147 5685 speciem
2175 5617 2342 5672 habet
2380 5618 2606 5672 tentatio
2632 5619 3007 5684 malorumque
3039 5617 3346 5686 impressio.
3381 5617 3484 5671 Ve-

1912 5702 2034 5740 rum
2076 5688 2295 5755 quidem
2347 5687 2493 5743 Sinai
2540 5687 2705 5741 scribi
2752 5703 2848 5756 per
2877 5698 2935 5749 Β,
2972 5702 3082 5741 non
3130 5697 3297 5756 perm
3340 5687 3481 5740 :setl

1911 5764 2039 5810 sunt
2072 5754 2263 5811 litter:e
2294 5757 2702 5826 permutabiles.
2748 5754 2902 5823 Quod
2946 5758 3098 5820 item,
3130 5754 3221 5810 'Ea:
3254 5754 3389 5819 Seir,
3420 5772 3484 5809 ex

1914 5827 2272 5882 corvoralibus
2327 5828 2589 5882 laboribus
2635 5829 3061 5897 interpretatur,
3106 5827 3312 5881 clarum
3363 5836 3479 5891 est,
