4208 6436
176 415 313 478 111:3

1003 409 1356 475 CAPITUM
1388 412 1659 474 THEOL.
1702 414 1796 472 ET
1836 413 2074 474 (ECON’.
2116 414 2505 476 CENTURIA
2550 418 2602 479 Ι.

3307 419 3444 484 1114

173 533 318 598 ὑπὲρ
339 528 445 599 γὰρ
475 526 548 599 (ο)
584 530 681 600 τὴν
711 529 1091 599 μετρουμένην
1130 528 1226 580 τοῦ
1260 527 1452 598 χρόνου
1483 526 1751 597 περίοδον,

1865 527 1971 597 stit)
2002 536 2213 582 natura!
2243 537 2451 594 autem,
2482 533 2696 589 ratione
2722 534 2962 606 quinarii
2998 533 3215 607 (natura
3238 537 3443 608 quippe

172 625 205 689 ἢ
238 621 350 674 τῶν
377 620 581 690 νοητῶν
608 622 723 674 ἐστι
749 620 991 689 γένεσις’
1052 620 1361 691 προνοητὴν
1404 619 1483 679 δὲ,
1528 619 1618 672 διὰ
1662 617 1756 671 τοῦ

167 713 350 765 δέκετ’
384 711 473 766 διὰ
514 729 575 764 τε
606 711 707 782 τὴν
747 712 858 766 τῶν
904 711 1137 766 ἐντολῶν
1185 711 1348 782 ἁγίαν
1393 711 1612 774 δεκάδα,
1661 708 1760 779 τὴν

173 802 319 872 πρὸς
357 803 420 855 τδ
459 798 520 856 εὖ
567 801 696 865 τοὺς
733 800 1054 872 ἀνθρώπους
1093 801 1418 871 ὲνάγουσαν.
1457 803 1553 856 καὶ.
1583 801 1674 855 διὰ
1698 799 1761 852 τὸ

171 895 372 948 τούτου
438 894 531 948 τοῦ
580 895 912 967 γράμματος
969 895 1249 965 μυστικῶς
1316 893 1595 965 ἀπῆρχθαι
1660 891 1761 962 τῆς

177 988 560 1058 προσηγορίας
593 988 685 1041 τὸν
720 987 948 1055 Κύριον,
988 988 1152 1060 ἡνίκα
1189 987 1412 1056 γέγονεν
1450 987 1756 1058 ἄνθρωπος.

177 1081 436 1149 Συνάψας
462 1076 557 1134 οὖν
590 1079 683 1133 τὸν
709 1080 891 1146 πέντε,
924 1079 1130 1133 καὶτὸν
1161 1079 1318 1143 ἑπτὰ,
1355 1079 1451 1132 καὶ
1484 1078 1573 1131 τὸν
1595 1074 1761 1142 ὀκτὼ,

179 1170 401 1223 καὶτὸν
434 1171 586 1235 δέκα,
636 1171 727 1223 τὸν
775 1170 1072 1241 τριάκοντα
1124 1170 1352 1241 σκληροῖς
1398 1168 1654 1240 ἀριθμόν.
1703 1169 1762 1220 Ὀ

173 1264 366 1314 τοίνυν
398 1263 474 1325 ὡς
502 1262 733 1334 ἀρχηγῷ
766 1262 846 1333 τῷ
873 1261 1066 1336 Κυρίῳ
1111 1263 1296 1323 καλῶς
1338 1261 1566 1316 ἕπεσθαι
1598 1261 1762 1327 γινώ-

177 1373 355 1417 σκων,
397 1356 498 1409 οὐκ
536 1356 796 1428 ἀγνοήσει
841 1356 932 1409 τὸν
965 1356 1145 1425 λόγον,
1192 1354 1315 1409 καθ’
1356 1355 1415 1408 ὃν
1462 1355 1555 1408 καὶ
1603 1354 1762 1416 αὐτὸς

176 1446 606 1518 τριακοντούτης
645 1448 1078 1519 ἀναῳανήσεται,
1136 1446 1430 1518 κηρύττειν
1467 1447 1765 1516 δυνάμενος

173 1541 244 1594 τὸ
273 1541 608 1608 Εὐαγγέλιον
648 1539 748 1610 τῆς
797 1541 1096 1610 βασιλείας.
1129 1541 1257 1592 Ὅτε
1284 1539 1393 1610 γὰρ
1436 1538 1764 1610 ἀμέμπτως,

176 1634 376 1705 ὥσπερ
392 1633 516 1688 τινὰ
541 1633 704 1703 φύσιν
727 1634 950 1704 ὁρατὴν,
982 1633 1074 1686 τὸν
1095 1631 1240 1686 κατὰ
1273 1632 1472 1704 πρᾶξιν
1498 1631 1607 1684 τῶν
1639 1631 1769 1701 ἀρε-

175 1727 295 1780 τῶν
328 1727 722 1798 δημιουργήσει
753 1728 978 1796 κόσμον,
1002 1724 1103 1798 τὴν
1130 1725 1218 1778 ἐπ’
1243 1724 1414 1794 αὐτῆς
1438 1724 1537 1794 τῆς
1562 1723 1764 1793 ψυχῆς,

176 1817 375 1889 ὥσπερ
400 1817 525 1871 τινὰ
549 1818 741 1890 χρόνον
786 1817 872 1871 διὰ
916 1816 1025 1870 τῶν
1056 1816 1314 1869 ἐναντίων
1366 1815 1766 1885 συμδαίνουσαν

1859 620 2112 689 quinaria
2156 629 2271 684 est,
2307 621 2379 676 ob
2411 637 2631 678 sensum
2665 627 2854 695 quinis
2889 629 3140 698 partibus
3173 629 3444 684 distribu-

1860 712 1997 783 tum)
2028 728 2218 768 eorum
2244 729 2376 769 vero
2400 731 2522 785 quae
2553 728 2737 775 mente
2769 720 3158 791 intelliguntur
3187 737 3252 776 ac
3281 721 3444 790 spiri-

1861 805 2073 867 talium,
2103 805 2316 861 ratione
2348 809 2621 863 octonarii
2655 810 3080 880 (intellectilium
3113 815 3261 868 enim
3293 822 3448 868 ortus

1859 913 1922 951 ac
1946 897 2121 967 origo,
2145 913 2458 956 commensa
2486 903 2750 972 temporis
2775 903 3006 972 periodo
3031 906 3284 974 superior
3304 904 3450 959 exsi-

1860 991 1979 1049 stit)
2014 989 2362 1059 providentia
2400 1001 2583 1049 autem
2618 1005 2912 1058 rectorem,
2948 996 3165 1049 ratione
3201 997 3445 1060 denarii;

1864 1092 1980 1136 tum
2012 1083 2084 1136 ob
2115 1084 2496 1138 mandatorum
2528 1097 2774 1142 sanctam
2807 1088 3094 1150 deeadein,
3121 1105 3242 1157 qua:
3270 1089 3448 1141 homi-

1861 1191 1960 1230 nes
1981 1174 2146 1246 478
2171 1176 2236 1230 ad
2264 1177 2432 1230 vitam
2463 1176 2605 1232 bene
2639 1178 3036 1234 instituendam
3071 1180 3304 1243 inducit,
3331 1189 3446 1233 tum

1863 1267 2009 1335 quod
2048 1267 2116 1321 ab
2146 1283 2214 1321 eo
2249 1267 2554 1334 elemento,
2583 1271 2729 1340 quod
2767 1273 2888 1342 ejus
2921 1271 3136 1326 numeri
3173 1283 3301 1325 nota
3334 1279 3447 1334 est,

1864 1358 2078 1412 Domini
2110 1374 2334 1424 nomen,
2366 1367 2501 1424 tum,
2529 1376 2653 1416 cum
2691 1362 2858 1417 homo
2887 1362 3065 1418 factus
3093 1372 3196 1429 est,
3226 1363 3448 1418 initium

1863 1447 2038 1502 duxit.
2071 1449 2395 1515 Quinarium
2430 1453 2617 1523 igitur,
2647 1455 3046 1524 septenarium,
3076 1454 3446 1519 octonarium,

1865 1539 2157 1593 denarium
2214 1557 2475 1598 numeros
2534 1545 2577 1598 si
2643 1546 3033 1614 conjunxcris,
3096 1546 3450 1600 tricenarium

1867 1631 2194 1702 complebis.
2218 1631 2323 1699 Qui
2354 1649 2486 1704 ergo
2514 1635 2808 1691 Dominum
2840 1647 2900 1690 ut
2924 1637 3121 1692 ducem
3152 1647 3316 1707 atque
3348 1653 3450 1693 au-

1865 1731 2073 1778 ctorem
2107 1723 2210 1779 rite
2240 1725 2398 1794 sequi
2430 1725 2602 1789 novit,
2636 1743 2740 1782 nec
2771 1727 2885 1798 ipse
2916 1729 3186 1784 rationem
3219 1729 3448 1794 nesciet,

1868 1810 1976 1884 qua
2011 1815 2232 1886 triginta
2267 1832 2537 1871 annorum
2572 1817 2748 1872 factus
2783 1820 3217 1875 manifestandus
3249 1821 3342 1885 sit,
3371 1820 3453 1875 sic

186 1909 268 1980 μὴ
313 1882 614 1973 ἀλλοιώσας
664 1909 930 1980 περίοδον,
969 1908 1062 1962 καὶ
1105 1907 1196 1970 διὰ
1236 1882 1472 1978 θεωρίας
1515 1905 1615 1975 τὴν
1657 1905 1765 1960 τῶν

1871 1882 2220 1976 comparatus
2253 1917 2312 1962 ut
2344 1909 2700 1980 Evangelium
2734 1913 2888 1981 regni
2924 1912 3222 1980 prmdicare
3256 1882 3450 1982 possit.

173 2001 392 2071 νοητῶν
428 2001 739 2064 ἀπταίστως
771 2000 1026 2072 δρέψεται
1065 1998 1286 2068 γνῶσιν,
1330 1998 1426 2052 καὶ
1459 1995 1556 2068 τὴν
1593 1996 1764 2068 αὐτὴν

173 2097 277 2150 καὶ
329 2095 510 2158 ἄλλοις
558 2094 675 2159 ἓξιν
721 2091 1100 2165 προνοητικῶς
1154 2092 1389 2146 ἐνθεῖναι
1448 2089 1764 2161 δεδύνηταιο

169 2190 304 2242 τότε
341 2186 436 2241 καὶ
464 2186 646 2254 αὐτὸς,
681 2185 757 2249 ὠς
808 2185 852 2237 δ’
907 2184 974 2238 ἂν
1022 2183 1120 2253 ἔχῃ
1169 2181 1490 2252 σωματικῆς
1526 2179 1762 2249 ἡλικίας,

171 2279 603 2352 τριακοντούτης
629 2279 745 2332 ἐστὶ
780 2276 856 2348 τῷ
903 2275 1194 2344 πνεύματι,
1243 2273 1616 2344 συνεμφαίνων
1656 2270 1765 2323 τῶν

171 2370 400 2422 οἰκείων
421 2367 642 2437 ἀγαθῶν
662 2368 760 2438 τὴν
783 2368 841 2419 ὲν
871 2366 1055 2428 ἄλλοις
1089 2365 1394 2435 ἐνέργειαν.

1872 1999 1974 2055 Ubi
2009 2001 2157 2055 enim
2193 1999 2314 2055 sine
2349 2001 2581 2056 crimine
2614 2016 2678 2056 ac
2713 2002 2989 2072 inculpate
3019 2005 3171 2058 velut
3198 2015 3450 2058 naturam

1864 2089 2159 2158 quamdam
2191 2089 2491 2153 visibilem,
2519 2088 2751 2142 actionis
2787 2091 2935 2144 cultu
2973 2099 3315 2144 constantem
3344 2090 3454 2143 vir-

1864 2185 2043 2232 tutum
2097 2179 2364 2233 mundum
2413 2179 2759 2245 condiderit,
2801 2195 2951 2242 eam,
2990 2197 3113 2250 quae
3159 2181 3300 2235 inest
3349 2179 3452 2251 ipsi

1864 2269 2081 2332 animm,
2105 2272 2256 2326 velut
2282 2271 2560 2341 quoddam
2591 2282 2806 2342 tempus
2832 2289 2899 2328 ex
2931 2273 2999 2327 iis
3024 2289 3146 2343 qua:
3175 2273 3453 2328 contraria

1865 2361 2156 2427 accidunt,
2193 2364 2486 2433 periodum
2525 2379 2638 2418 non
2679 2373 2924 2426 mutans;
2967 2379 3032 2418 ac
3070 2379 3170 2433 per
3204 2371 3453 2419 contem-

175 2465 478 2534 plationem
519 2480 708 2519 earum
753 2478 939 2517 rerum
981 2477 1103 2531 quae
1141 2469 1323 2516 mente
1367 2458 1753 2528 intelliguntur
1791 2457 2077 2512 scientiam
2144 2458 2410 2514 inoll‘cnse
2438 2458 2763 2529 decerpens,
2797 2459 3056 2515 eumdem
3127 2461 3293 2514 etiam
3331 2459 3454 2514 aliis

174 2557 462 2619 habitum,
487 2553 718 2624 provida
751 2552 973 2607 illorum
1007 2567 1172 2617 cura,
1244 2550 1496 2621 ingerere
1561 2547 1824 2613 valuerit;
1871 2555 2001 2603 tunc
2042 2558 2098 2602 et
2136 2550 2252 2619 ipse
2293 2561 2496 2620 quotus
2541 2559 2780 2619 quantus
2827 2553 2900 2605 sit
2941 2552 3214 2620 corporali
3264 2559 3448 2605 aetate:

175 2652 408 2723 triginta
456 2663 730 2703 annorum
782 2646 980 2718 Spiritu
1041 2645 1293 2712 exsistit,
1337 2660 1444 2716 qua
1499 2642 1762 2698 nimirum
1834 2658 2058 2697 suorum
2140 2644 2415 2698 bonorum
2459 2645 2570 2699 vim
2613 2653 2911 2714 actumque
2967 2643 3022 2698 in
3074 2643 3200 2698 aliis
3249 2642 3452 2712 pariter

173 2742 450 2802 ostendit.

252 2838 330 2895 π’.
368 2841 384 2859 ¹
421 2837 478 2892 ’0
525 2839 645 2902 ταῖς
693 2836 905 2910 ἡδοναῖς
950 2833 1286 2906 παρειμένος
1333 2829 1428 2885 τοῦ
1483 2828 1759 2899 σώματος,

175 2930 309 2986 οὗτε
344 2931 482 3002 πρὸς
522 2930 722 3001 ἀρετήν
764 2930 913 2982 ἐστιν
951 2926 1194 2996 ἐνεργὸς,
1233 2922 1356 2976 οὔτε
1390 2922 1526 2993 πρὸς
1559 2920 1762 2989 γνῶσιν

178 3021 494 3092 εὐκίνητος.
554 3020 718 3074 Ὅθεν
762 3019 884 3072 οὐδὲ
927 3017 1212 3088 ἄνθρωπον
1267 3014 1414 3084 ἔχει’
1460 3011 1758 3075 τουτέστιν,

1934 2827 2023 2884 80.
2067 2828 2170 2895 Qui
2223 2830 2471 2899 corporis
2517 2830 2900 2900 voluptatibus
2956 2847 3020 2886 ac
3070 2831 3301 2886 libidine
3350 2845 3452 2885 ceu

1862 2924 2094 2995 paralysi
2125 2925 2426 2980 dissolutus
2455 2934 2539 2979 est
2559 2925 2625 2991 “,
2654 2926 2700 2979 is
2728 2941 2907 2995 neque
2937 2925 3004 2980 ad
3036 2926 3299 2980 virtutem
3333 2927 3445 2982 clli-

1866 3029 1989 3078 cax,
2017 3032 2197 3084 neque
2227 3015 2293 3070 ad
2325 3015 2610 3071 scientiam
2646 3033 2707 3071 ac
2735 3017 3254 3085 contemplationem
3286 3032 3456 3085 expe-

176 3113 432 3182 ἔμφρονα
463 3109 722 3180 λογισμόν
740 3125 756 3140 ο
789 3108 878 3162 ἵνα
903 3108 1030 3160 ὅταν
1055 3105 1302 3177 ταραχθῇ
1327 3103 1390 3157 τδ
1430 3104 1590 3172 ὕδωρ,
1625 3101 1762 3175 βάλῃ

1865 3102 2015 3158 ditus
2052 3105 2333 3174 probeque
2371 3105 2591 3159 mobilis
2627 3115 2730 3160 est.
2765 3105 2921 3160 Unde
2960 3120 3138 3175 neque
3176 3105 3454 3162 hominem

177 3204 348 3259 αὑτὸν
397 3204 476 3265 είς
519 3201 619 3272 τὴν
675 3199 1092 3272 κολυμϐήθραν·
1161 3197 1462 3260 τουτέστιν,
1524 3197 1606 3258 είς
1659 3194 1760 3265 τὴν

178 3295 440 3364 δεκτικὴν
485 3296 584 3364 τῆς
635 3293 891 3360 γνώσεως
943 3290 1166 3362 ἀρετὴν,
1238 3290 1336 3361 τὴν
1409 3288 1762 3359 ίατρεύουσαν

177 3388 367 3440 πᾶσαν
397 3386 568 3450 νόσον,
613 3387 661 3439 εί
706 3386 778 3456 μή
808 3403 909 3438 που
940 3384 1026 3438 διὰ
1068 3382 1341 3454 ῥᾳθυμίαν
1373 3383 1402 3436 ὀ
1431 3382 1604 3436 νοσῶν
1629 3383 1763 3436 ἁνα-

180 3479 535 3547 6αλλὸμενος.
566 3478 657 3531 ὑπ’
682 3477 840 3532 ἄλλου
866 3475 1153 3548 προληφθῇ
1180 3473 1273 3527 τοῦ
1294 3472 1595 3536 κωλύοντος
1617 3469 1764 3542 αύτῷ

180 3569 597 3640 παραγενέσθαι
623 3568 721 3639 τὴν
753 3571 917 3622 ῐασιν.
947 3568 1038 3621 Διὸ
1066 3569 1161 3621 καὶ
1184 3567 1477 3638 τριάκοντα
1502 3567 1595 3619 καὶ
1619 3565 1764 3618 ὀκτὼ

179 3665 281 3734 ἐτη
314 3666 379 3734 τῇ
405 3662 544 3732 νόσῳ
578 3660 1094 3729 συγκατακλίνεται.
1137 3659 1195 3712 Ὀ
1223 3658 1331 3728 γὰρ
1353 3658 1427 3730 μὴ
1450 3658 1586 3729 πρὸς
1605 3657 1762 3722 δόξαν

179 3753 321 3808 Θεοῦ
374 3753 472 3825 τὴν
520 3752 722 3824 ὁρατὴν
775 3749 1048 3820 θεώμενος
1093 3750 1291 3811 κτίσιν,
1344 3751 1437 3803 καὶ
1483 3749 1620 3818 πρὸς
1655 3748 1764 3819 ίτὴν

180 3846 385 3916 νοητὴν
449 3843 610 3914 φύσιν
666 3842 908 3905 εὐσεϐῶς
966 3841 1312 3904 ἀναϐιϐάζων
1375 3840 1473 3910 τὴν
1530 3840 1761 3899 ἔννοιαν.

180 3938 413 3999 εἰκότως
467 3934 638 3989 νοσῶν
694 3933 939 4002 διαμένει
989 3931 1082 3985 τὸν
1137 3930 1427 4002 εἰρημένον
1467 3930 1573 3983 τῶν
1627 3929 1764 3983 ἑτῶν

181 4025 442 4098 ἀριθμόν.
500 4025 557 4076 '0
587 4022 694 4093 γὰρ
729 4021 1023 4092 τριάκοντα
1060 4021 1306 4089 φυσικῶς
1353 4019 1764 4093 λαμϐανόμενος

180 4115 444 4187 ἀριθμὸς,
475 4113 570 4184 τὴν
603 4109 867 4181 αἰσθητὴν
909 4109 1166 4180 σημαίνει
1201 4108 1398 4176 φύσιν⁶
1443 4108 1632 4178 ὥσπερ
1669 4107 1764 4160 καὶ

181 4203 508 4277 πρακτικῶς
535 4199 928 4271 σκοπούμενος,
971 4200 1069 4271 τὴν
1093 4197 1404 4270 πρακτικὴν
1429 4197 1652 4268 ἀρετήν.
1704 4197 1763 4248 ὐ

181 4299 244 4351 δὲ
300 4295 442 4350 ὀκτὼ
493 4293 737 4364 φυσικῶς
791 4291 1248 4362 κατανοούμενος,
1293 4289 1393 4359 τὴν
1431 4289 1627 4359 νοητὴν
1653 4290 1762 4342 τῶν

181 4388 496 4456 ἀσωμάτων
517 4385 819 4456 παραδηλοῖ
846 4383 1008 4453 φύσιν
1027 4398 1042 4411 ο
1092 4381 1282 4453 ὥσπερ
1322 4382 1415 4436 καὶ
1445 4382 1762 4450 γνωστικῶς

1867 3195 2033 3250 habet
2067 3196 2255 3266 (animi
2293 3197 2506 3252 scilicet
2536 3197 2868 3266 prudentem
2903 3199 3171 3252 rationem
3207 3214 3272 3252 ac
3304 3197 3457 3268 cogi-

1867 3289 2088 3360 tatum),
2111 3301 2170 3344 ut
2193 3307 2318 3345 cum
2346 3291 2562 3346 turbata
2584 3291 2755 3346 fuerit
2776 3309 2938 3361 aqua,
2959 3307 3086 3346 eum
3109 3293 3160 3345 in
3188 3292 3455 3362 piscinam

1864 3382 2072 3447 mittat;
2117 3384 2379 3437 virtutem
2427 3385 2688 3439 nimirum
2728 3385 2972 3440 scientia:
3012 3400 3302 3455 capacem,
3334 3402 3457 3454 quze

1865 3488 2082 3527 omnem
2112 3474 2362 3528 morbum
2391 3483 2577 3537 sanet;
2607 3475 2713 3530 nisi
2737 3475 2902 3539 forte,
2927 3492 3035 3544 qua
3057 3475 3289 3546 segnitie
3312 3492 3458 3545 aeger

1866 3563 2101 3626 laborat,
2132 3564 2554 3618 cunctabundus
2583 3580 2876 3634 morasque
2910 3566 3156 3628 trahens,
3188 3565 3447 3634 occupari

1865 3677 1924 3716 se
1950 3663 2018 3714 ab
2048 3661 2157 3713 alio
2189 3662 2354 3724 sinat,
2382 3661 2713 3730 prohibente
2746 3677 2816 3716 ne
2849 3663 2966 3730 ipse
2995 3675 3223 3730 compos
3248 3660 3456 3715 sanita-

1867 3752 1937 3806 tis
1966 3752 2075 3806 tiat.
2101 3753 2271 3821 quue
2298 3754 2466 3806 etiam
2498 3769 2676 3808 causa:
2703 3760 2808 3816 est,
2831 3767 2932 3807 cur
2956 3762 3012 3804 et
3035 3766 3209 3806 annos
3234 3751 3456 3821 triginta

1865 3854 1990 3899 octo
2041 3853 2283 3914 mgrotus
2338 3844 2656 3900 decumbat.
2707 3843 2812 3910 Qui
2867 3844 3015 3898 enim
3069 3859 3178 3897 non
3237 3843 3305 3897 ad
3358 3843 3456 3897 Dei

1867 3935 2129 4003 gloriam,
2157 3945 2466 3990 creaturam
2501 3935 2678 3990 oculis
2711 3935 3012 4003 subjectam
3048 3932 3226 3995 videt,
3254 3947 3358 3986 nec
3389 3933 3455 3986 ad

1870 4039 2056 4078 rerum
2089 4041 2211 4093 quae
2243 4035 2429 4080 mente
2461 4025 2847 4094 intelliguntur
2878 4031 3130 4075 naturam
3161 4021 3250 4090 pie
3282 4019 3458 4090 perci-

1865 4116 2120 4185 piendam
2157 4117 2343 4170 animo
2377 4115 2638 4186 assurgit,
2671 4118 2717 4170 is
2755 4115 2975 4178 merito,
3006 4128 3168 4183 quem
3207 4112 3455 4166 dicebam

1865 4217 2138 4258 annorum
2202 4221 2532 4269 numerum,
2587 4221 2731 4276 πεοι-
2788 4203 3054 4274 persistit.
3103 4201 3458 4256 Tricenarius

1867 4295 2012 4349 enim
2042 4312 2308 4352 numerus
2339 4297 2669 4352 naturaliter
2699 4307 2978 4366 acceptus,
3006 4305 3258 4350 naturam
3289 4293 3456 4363 signi-

1869 4385 2034 4449 licat,
2083 4403 2204 4456 quae
2262 4388 2318 4440 in
2369 4402 2592 4441 sensum
2641 4386 2822 4452 cadit;
2878 4387 2955 4440 uti
3003 4386 3169 4440 etiam
3215 4385 3458 4454 practice

184 4479 582 4550 θεωρούμενος,
623 4477 722 4548 τὴν
774 4477 1051 4545 πάνσοφον
1104 4474 1420 4543 θεολογίανο
1483 4469 1573 4537 αἷς
1614 4477 1643 4528 ὁ
1691 4475 1766 4546 μὴ

1873 4478 2134 4551 (actionis
2180 4481 2395 4534 scilicet
2437 4479 2670 4546 ratione)
2717 4479 3127 4543 consideratus,
3163 4478 3454 4533 virtutem.

184 4571 509 4642 κινούμενος
557 4570 693 4639 πρὸς
739 4568 892 4630 Θεὸν,
943 4568 1178 4638 πάρετος
1230 4567 1401 4635 μένει,
1457 4566 1651 4637 μέχρις
1699 4567 1766 4620 ἂν

182 4661 359 4715 ἐλθὼν
409 4663 437 4714 ὁ
484 4661 677 4729 Λόγος,
726 4658 912 4728 διδάξῃ
964 4656 1130 4711 αύτδν
1175 4656 1268 4710 τὸν
1332 4656 1596 4727 σύντομον
1664 4657 1767 4727 τῆς

187 4757 388 4817 ἰάσεως
411 4753 632 4823 τρόπον,
661 4752 919 4820 φάσκων·
955 4748 1246 4820 Ἐγειραι·
1284 4742 1433 4818 ἆρον
1460 4751 1569 4803 τὸν
1590 4749 1763 4817 πράσα

182 4849 373 4901 6ατὸν
415 4859 556 4908 σου,
601 4845 700 4897 καὶ
742 4841 1084 4911 περιπάτου
1115 4841 1468 4910 διαναστῆναι
1506 4840 1598 4894 τὸν
1638 4839 1763 4895 νοῦν

181 4938 290 5006 τῆς
309 4933 649 5005 κατεχούσης
680 4932 1010 5003 φιληδονίας,
1059 4931 1152 4984 καὶ
1187 4926 1318 5002 ἆραι
1344 4930 1407 4984 τὸ
1455 4930 1613 5000 σῶμα
1650 4932 1762 4994 τοῖς

181 5029 364 5098 ῶμοίς
419 5027 531 5080 τῶν
579 5025 815 5095 ἀρετῶν,
859 5024 955 5079 καὶ
998 5023 1254 5078 ἀπελθεῖν
1305 5022 1520 5086 είςτὸν
1577 5017 1761 5077 οἷκον

179 5120 391 5192 δηλαδὴ
422 5118 513 5172 τὸν
538 5117 788 5188 οὐρανὸν,
819 5116 1261 5187 ἐγκελευόμενος.
1298 5114 1480 5169 Καλὸν
1507 5115 1617 5186 γὰρ
1663 5115 1767 5184 ὑπὸ

259 5281 309 5315 ⁸⁸
326 5283 485 5340 Joan.
509 5297 563 5346 v,
644 5291 798 5346 seqq.

261 5430 278 5448 ⁸
310 5424 478 5492 Marg.
503 5421 594 5476 Fr.
636 5419 732 5482 Εἰς
750 5417 842 5492 τρν
871 5414 1240 5492 παραλυτικὸν
1262 5429 1278 5446 ο
1327 5413 1422 5467 καὶ
1450 5413 1598 5492 ὅπως
1630 5413 1770 5483 μᾶλ-

181 5500 280 5551 λον
313 5484 475 5566 ἡμεῖς
506 5494 699 5566 εσμεν,
744 5488 794 5540 οἱ
830 5484 1296 5566 τοσούτοιςιέτεσι
1345 5484 1766 5566 κατακείμενον

182 5569 265 5632 ὡς
300 5553 434 5637 μηδὲ
460 5553 796 5632 τὸν⁷τρόπον
822 5559 921 5626 τῆς
958 5554 1202 5626 ἰατρείας
1239 5553 1539 5625 δεχόμενοι.
1573 5553 1634 5608 1η
1675 5573 1776 5626 pa—

262 5700 337 5772 (ο)
377 5698 548 5772 Ὑπὲρ
603 5697 733 5772 γᾴρ.
780 5695 1025 5772 Insinuat
1068 5695 1381 5772 Graecorum
1416 5708 1761 5772 communem

185 5764 522 5832 sententiam
557 5764 890 5823 eisistentia:
949 5765 1268 5835 angelorum
1313 5773 1439 5819 ante
1499 5764 1761 5835 mundum

187 5856 520 5912 corporeum
549 5858 560 5893 :
591 5839 706 5894 bmc
727 5837 875 5893 enim
902 5833 1174 5915 propriei)
1202 5836 1413 5904 γένεσις
1436 5833 1633 5888 αὐτῶν.
1673 5833 1765 5891 Sic

1869 4586 1992 4640 qua:
2035 4571 2270 4624 actionis
2310 4572 2462 4625 cultu
2507 4571 2781 4626 consistit.
2814 4569 3142 4625 Octonarius
3181 4577 3362 4624 autem
3401 4576 3487 4622 et'

1869 4661 1986 4730 ipse
2021 4661 2351 4715 naturaliter
2382 4661 2726 4723 intellectus,
2759 4659 3088 4729 spirituum,
3119 4673 3240 4727 quae
3273 4667 3456 4712 mente

1868 4752 2224 4822 intelligitur,
2268 4753 2498 4807 denotat
2551 4761 2847 4816 naturam;
2904 4751 2979 4805 uti
3034 4758 3091 4805 et
3141 4749 3497 4827 γνωστικῶς,

1869 4842 2100 4914 (altiore
2149 4842 2360 4897 scilicet
2403 4857 2468 4897 ac
2518 4842 2749 4910 sapienti
2803 4841 3002 4911 semu)
3047 4837 3453 4919 consideratus,

1871 4935 2021 4989 omni
2069 4933 2336 5002 repletam
2383 4935 2654 5003 sapientia
2700 4933 3014 4987 divinorum
3058 4933 3342 4987 scientiam
3393 4947 3458 4987 ac

1873 5024 2227 5094 theologiam.
2261 5024 2504 5090 Quibus,
2533 5023 2787 5093 quisquis
2820 5023 2886 5076 ad
2920 5023 3090 5076 Deum
3128 5037 3238 5076 non
3272 5036 3447 5076 move-

1872 5123 1987 5183 tur,
2018 5115 2184 5188 479
2217 5117 2549 5188 paralyticus
2584 5124 2770 5171 manet
2801 5115 3176 5184 membrisque
3213 5113 3456 5168 dissolu-

1877 5412 2201 5483 ralylicum;
2237 5427 2442 5483 ποδφιε
2479 5411 2648 5478 potius
2673 5425 2828 5483 _esse,
2874 5410 2965 5483 qui
2999 5417 3074 5462 tot
3121 5410 3274 5464 annis
3299 5408 3455 5479 jace-

1880 5480 2026 5549 ntus;
2052 5492 2108 5536 ut
2135 5499 2225 5536 nec
2264 5480 2531 5536 medicina:
2563 5480 2772 5533 modum
2804 5481 3137 5549 recipiamus.

1871 5694 2123 5764 superior
2155 5692 2414 5764 temporis
2445 5706 2724 5759 mensura,
2761 5706 2854 5747 seu
2906 5687 3031 5745 vitae
3067 5688 3158 5745 illa
3198 5684 3446 5760 periodo,
3489 5684 3494 5689 ’

1871 5780 1992 5834 quae
2018 5774 2263 5836 tempore
2289 5772 2660 5819 mensuratur.
