4208 6436
753 379 890 446 1115

1942 385 2001 443 S.
2046 383 2329 444 ΜΑΧΙΜΙ
2363 384 2872 447 CONFESSOIUS

3867 383 4012 444 lllﬁ

751 506 860 558 tus,
890 493 1064 547 donec
1093 495 1320 549 veniens
1350 494 1562 559 Sermo,
1593 495 2042 565 compendiosum
2072 495 2331 565 paranda:

2441 498 2524 550 ιοῦ
2559 501 2866 570 κρείττονος
2886 504 2962 575 (ρ)
2989 508 3096 579 τοῖς
3131 506 3300 577 ὤμοις
3325 507 3421 576 τῆς
3450 507 3721 579 πράξεως,
3752 505 3812 558 τῖο
3834 506 4028 574 κεῖρθν

749 586 945 641 salutis
979 588 1200 639 modum
1238 603 1362 639 cum
1392 587 1665 650 docuerit,
1696 587 1886 641 dicens
1924 605 1937 640 :
1975 586 2162 658 Surge,
2195 586 2325 641 tolle

749 678 1061 748 ³ινιιὺθιιιιιιη
1103 685 1271 739 tuum,
1306 686 1354 730 et
1394 677 1608 732 ambula
1637 679 1683 710 “
1715 696 1728 731 :
1767 679 1971 749 jubens
2007 679 2243 742 scilicet,
2271 687 2334 734 ut

749 772 818 823 ab
858 785 920 823 ea
957 785 1063 837 qua
1104 777 1326 822 tenetur
1367 769 1647 838 voluptate
1689 786 1752 824 ac
1794 769 2054 835 libidine,
2091 785 2336 824 animum
2375 769 2629 834 dirimat,
2700 789 2765 829 ac
2805 775 3366 835 virtutum'huuicris
3410 795 3612 850 corpus
3657 780 3840 841 tollat,

2433 588 2684 658 αἴρεσθαι
2715 593 2848 663 πρὸς
2881 596 3103 668 ἀρετὴν,
3158 599 3191 667 ἢ
3233 599 3293 651 τὸ
3336 601 3584 668 κρεῖττον
3626 597 3718 651 διὰ
3760 596 4025 667 θρύψεως

2441 678 2575 751 πρὸς
2613 681 2924 752 φιληδονίαν
2950 688 3055 741 ὑπὸ
3084 690 3178 742 τοῦ
3209 690 3452 762 χείρονος
3480 687 3766 760 φέρεσθαι.

3922 777 4027 831 do-

750 878 1007 931 mumque
1039 861 1116 932 (in
1146 862 1345 916 caelum
1376 862 1604 929 scilicet)
1630 862 1809 916 vadat.
1835 863 2062 918 Praestat
2089 863 2236 918 enim
2270 862 2324 916 id
2363 863 2510 933 quod
2538 864 2788 923 deterius
2816 879 2921 936 est,
2948 871 3016 925 ab
3042 887 3111 927 eo
3163 873 3313 943 quod
3378 872 3749 943 praestantius,
3780 870 4024 924 actionis

748 952 995 1006 numeris
1020 952 1086 1005 ad
1113 952 1369 1005 virtutem
1403 950 1541 1012 tolli,
1576 966 1741 1019 quam
1769 951 1913 1021 quod
1943 952 2292 1021 praestantius
2327 966 2428 1021 per
2451 954 2737 1010 mollitiem
2763 958 2997 1030 vitaeque
3025 963 3247 1030 luxum,
3294 979 3324 1018 a
3374 963 3637 1019 deteriori
3699 962 3769 1017 ad
3827 960 4023 1015 libidi-

748 1060 874 1097 nem
908 1043 1057 1097 ferri.

822 1138 909 1193 8|.
943 1136 1195 1203 Quandiu
1241 1148 1429 1194 nostra
1479 1141 1685 1209 pariter
1722 1158 2028 1214 eorumque
2074 1143 2324 1197 omnium

749 1243 874 1295 qua:
919 1243 948 1282 a
986 1228 1096 1281 Deo
1139 1230 1383 1285 secunda
1434 1240 1584 1296 sunt,
1638 1233 1945 1288 substantia
1997 1250 2061 1288 ac
2112 1242 2330 1294 natura,

749 1319 955 1371 mentis
989 1319 1352 1390 intelligentia
1383 1338 1493 1376 non
1517 1322 1743 1376 omnino
1763 1323 2332 1398 excesseriznus,ncc-

751 1411 882 1466 dum
913 1412 1378 1469 immutabililatis
1404 1415 1678 1477 habitum,
1715 1431 1837 1484 qum
1874 1416 2081 1469 virtute
2105 1422 2334 1483 praesta-

753 1510 863 1566 tur,
898 1504 1180 1557 consecuti
1213 1518 1423 1558 sumus.
1469 1504 1571 1559 Ubi
1606 1512 1790 1558 autem
1839 1520 1938 1573 per
1978 1504 2331 1559 dilectionem

752 1591 895 1647 hanc
925 1593 1070 1649 nacti
1104 1593 1429 1664 dignitatem
1466 1594 1753 1661 fuerimus,
1794 1596 1993 1651 divina:
2016 1595 2337 1666 promissio-

757 1682 844 1736 nis
870 1683 979 1737 vim
1013 1698 1428 1753 pernoseemus.
1462 1684 1543 1738 lbi
1571 1685 1720 1739 enim
1761 1683 1916 1737 firma
1962 1698 2027 1739 ac
2069 1682 2335 1738 immobili

2498 1156 2608 1200 πα’.
2647 1148 2793 1213 Ἕως
2825 1150 2923 1217 τῆς
2955 1151 3110 1221 ἡμῶν
3125 1169 3184 1204 τε
3213 1152 3307 1205 καὶ
3332 1151 3551 1206 πάντων
3577 1150 3686 1204 τῶν
3717 1149 3860 1218 μετά
3885 1148 4025 1201 Θεὸν

2427 1238 2616 1303 οὐσίας
2643 1242 2783 1294 κατὰ
2807 1242 3046 1296 διάνοιαν
3073 1244 3327 1315 καθαρῶς
3369 1244 3468 1296 οὐκ
3502 1241 3889 1311 ὲκδεδήκαμεν
3918 1240 4018 1309 (ιι).

2429 1330 2583 1386 οὔπω
2613 1334 2711 1404 τὴν
2742 1336 2840 1403 τῆς
2883 1337 3002 1390 κατ’
3050 1338 3253 1408 ἀρετὴν
3313 1335 3578 1406 ἀτρεψέας
3642 1334 3759 1400 ἕξιν
3829 1332 4022 1386 ἐλάϐο-

2437 1442 2558 1495 μεν.
2609 1426 2878 1496 ὐπηνίκα
2911 1428 2968 1480 δὲ
2996 1427 3154 1481 τοῦτο
3175 1428 3241 1482 δι’
3273 1428 3495 1498 ἀγάπης
3523 1429 3654 1497 ἡμῖν
3694 1412 4018 1495 κάτορθωθῇ

2438 1515 2499 1568 τὸ
2523 1516 2739 1585 ἀξίωμα
2776 1516 2878 1585 (5),
2925 1517 3046 1585 τότε
3093 1518 3414 1588 γνωσόμεθα
3439 1522 3538 1588 τῆς
3577 1518 3729 1582 θείας
3776 1518 4019 1582 ἐπαγγε-

2440 1601 2560 1663 λίας
2610 1603 2708 1672 τὴν
2764 1601 3013 1673 δύναμιν.
3039 1605 3188 1657 Ἐκεῖ
3216 1605 3326 1675 γὰρ
3379 1600 3518 1657 εἶναι
3572 1604 3678 1673 χρὴ
3738 1600 4020 1655 πιστεύειν

2442 1682 2564 1737 καθ’
2598 1684 2807 1755 ἵδρυσιν
2833 1686 3166 1756 ἀμετάθετον
3196 1690 3320 1751 τοὺς
3344 1688 3547 1751 ἀξίους,
3569 1686 3697 1741 ἔνθα
3730 1684 4021 1757 προλαϐὼν

754 1774 990 1829 statione
1020 1774 1134 1828 fore
1154 1775 1491 1829 credendum
1518 1783 1623 1839 est,
1649 1790 1744 1829 eos
1766 1775 1860 1844 qui
1892 1773 2042 1845 digni
2078 1786 2141 1829 ac
2174 1772 2331 1843 probi

2441 1776 2467 1828 ὁ
2491 1776 2613 1839 νοῦς
2649 1777 2721 1830 δι’
2752 1777 2973 1847 ἀγάπης
3023 1778 3122 1849 τὴν
3170 1778 3439 1850 σφετέραν
3487 1776 3817 1848 ὲνερῤίζωσε
3858 1776 4019 1828 δύνα-

753 1873 900 1928 sunt,
928 1866 1147 1935 uhijam
1174 1882 1273 1936 per
1290 1867 1637 1931 charitatem,
1661 1882 1814 1922 suam
1838 1880 1992 1919 mens
2021 1864 2334 1919 facultatem

756 1956 1023 2013 radicitus
1046 1958 1183 2013 fixit.
1213 1956 1315 2025 Qui
1337 1960 1483 2013 enim
1507 1959 1708 2028 seipso,
1735 1958 2061 2027 cunctisque
2083 1972 2202 2027 qua:
2224 1956 2336 2011 ullo

761 2049 923 2101 modo
974 2050 1203 2120 intelligi
1261 2059 1491 2120 possunt
1536 2066 1645 2104 non
1693 2049 2012 2111 excesserit,
2071 2058 2234 2118 atque
2280 2050 2336 2103 in

754 2141 998 2205 silentio,
1046 2142 1193 2211 quod
1239 2158 1459 2197 onmem
1511 2141 1715 2197 mentis
1764 2142 2062 2212 cogitatum
2112 2150 2338 2212 superat

753 2233 1083 2298 constiterit,
1131 2233 1249 2288 fieri
1300 2250 1409 2288 non
1445 2241 1627 2304 potest
1660 2241 1721 2287 ut
1752 2233 1821 2288 ab
1847 2233 1999 2292 omni
2029 2234 2336 2288 mutatione

756 2324 1015 2379 immunis.
1047 2325 1136 2378 sit.

832 2417 919 2471 82.
966 2416 1163 2471 Mentis
1212 2415 1393 2470 omnis
1426 2415 1688 2486 cogitatio
1724 2431 1823 2471 seu
1859 2414 2183 2480 intellectio,
2217 2414 2340 2484 plu-

758 2510 898 2563 rium
927 2508 1195 2579 profccto,
1234 2515 1331 2562 aut
1360 2507 1597 2563 duorum
1622 2508 1912 2562 minimum
1938 2507 2050 2561 vim
2089 2508 2257 2562 habet
2278 2514 2339 2562 et

755 2599 1187 2668 expressionem.
1231 2598 1329 2652 Est
1358 2597 1505 2652 enim
1535 2597 1714 2651 media
1759 2597 1903 2651 inter
1925 2606 2170 2652 extrema
2193 2612 2342 2667 quae-

762 2690 888 2744 dam
922 2689 1188 2743 habitudo
1221 2704 1317 2743 seu
1357 2689 1574 2753 relatio,
1605 2689 1749 2743 inter
1773 2704 1831 2743 se
1866 2697 2059 2743 mutuo
2088 2697 2336 2754 nectens,

757 2763 873 2834 tum
916 2781 1062 2850 quod
1106 2780 1362 2849 intelligit
1406 2788 1702 2849 menteque
1736 2781 1988 2850 percipit,
2041 2789 2156 2834 tum
2195 2780 2342 2850 quod

757 2888 821 2927 ra
850 2871 1173 2942 percipitur.
1195 2871 1388 2927 Neutri
1414 2881 1596 2926 autem
1623 2881 1684 2927 ut
1704 2871 2113 2940 simplicitatem
2135 2880 2338 2936 servet,

753 2974 838 3019 est
869 2975 1273 3035 comparatum.
1312 2964 1451 3018 Tum
1488 2966 1637 3019 enim
1676 2963 1827 3033 quod
1863 2964 2139 3033 intelligit,
2165 2963 2341 3033 quod-

755 3060 878 3114 dam
905 3059 1132 3112 omniuo
1168 3057 1475 3126 subjectum
1511 3065 1619 3120 est,
1651 3072 1773 3125 quae
1810 3054 1885 3109 illi
1921 3057 2105 3109 comes
2136 3054 2339 3109 intelli-

2444 1884 2555 1935 μιν.
2586 1866 2642 1920 '0
2664 1866 2773 1938 γὰρ
2801 1869 2876 1946 μὴ
2898 1869 3063 1933 ἐκϐὰς
3089 1869 3302 1934 ἑαυτοῦ,
3325 1870 3423 1922 καὶ
3456 1869 3673 1923 πάντων
3693 1868 3802 1920 τῶν
3832 1868 4019 1918 6m:-

2438 1958 2532 2013 οὖν
2570 1959 2811 2013 νοεῖσθαι
2850 1961 3188 2032 δυναμένων,
3240 1964 3334 2016 καὶ
3378 1964 3457 2026 εἰς
3499 1962 3598 2033 τὴν
3634 1960 3776 2031 ὑπὲρ
3822 1958 4011 2027 νόησιν

2441 2051 2597 2121 σιγὴν
2641 2054 2937 2120 καταστὰς,
2984 2055 3046 2109 οὐ
3078 2054 3301 2110 δύναται
3322 2059 3528 2128 τροπῆς
3585 2054 3726 2111 sivit:
3780 2054 4018 2125 πάμπαν

2437 2144 2621 2199 ἑλεύθε
2632 2163 2739 2216 ρος.

2511 2410 2618 2481 πβ¹.
2646 2411 2803 2464 Πᾶσα
2830 2408 3033 2481 νόησις,
3066 2410 3335 2483 πλήθουςο
3360 2409 3394 2482 ἦ
3419 2409 3796 2482 τούλάχιστον,
3826 2408 4022 2475 δυάδος

2440 2500 2660 2563 πάντως
2694 2499 2934 2570 ἔμφασιν
2972 2500 3108 2571 ἔχει.
3152 2500 3312 2572 Μέση
3341 2501 3450 2571 γάρ
3493 2500 3610 2554 ἐστι
3644 2500 3807 2556 τινῶν
3849 2503 4023 2574 ἀκρο-

2439 2595 2617 2664 τήτων
2664 2593 2878 2661 σχέσις,
2910 2590 3160 2662 ἀλλήλοις
3223 2591 3591 2657 συνάπτουσα,
3639 2594 3701 2647 τό
3746 2612 3807 2649 τε
3865 2596 4023 2649 νοοῦν

2440 2688 2536 2742 καὶ
2560 2687 2619 2741 τὸ
2648 2687 2939 2756 νοούμενον
2973 2686 3065 2756 (r).
3111 2683 3411 2755 Οὖδέτερον
3431 2684 3487 2738 δὲ
3515 2685 3692 2739 διόλου
3710 2687 3811 2757 τὴν
3855 2687 4022 2743 ἁπλό-

2439 2795 2580 2850 τητα
2632 2780 2846 2845 πέφυκε
2895 2776 3114 2840 σώζειν.
3169 2777 3243 2830 Τό
3276 2793 3338 2830 τε
3379 2776 3490 2847 γὰρ
3518 2776 3694 2843 νοοῦν,
3727 2780 4025 2850 ὑποκείμε-

2439 2870 2529 2922 νόν
2552 2869 2603 2922 τί
2638 2871 2775 2931 ἐστι,
2807 2870 3024 2931 πάντως
3074 2868 3575 2938 συνεπινοουμένην
3598 2868 3751 2939 αὐτῷ
3790 2870 3892 2940 τὴν
3922 2870 4024 2924 τοῦ

2441 2960 2582 3011 νοεῖν
2615 2956 2734 3026 ἕχον
2779 2955 3028 3025 δύναμιν.
3067 2955 3175 3007 Καὶ
3216 2955 3277 3007 τὸ
3326 2954 3617 3025 νοούμενον
3660 2957 4028 3025 ὑποκείμενόν

2440 3063 2495 3098 τι
2524 3046 2742 3109 πάντως
2767 3045 2934 3107 ἐστὶν,
2984 3044 3018 3114 ἢ
3075 3046 3132 3097 ἐν
3172 3044 3548 3116 ὑποκειμένῳ·
3596 3048 4027 3117 συνεπινοουμέ-

754 3160 933 3219 gazur,
968 3147 1309 3218 intelligendi
1342 3148 1450 3201 vim
1486 3147 1733 3212 habens;
1766 3156 1881 3199 tum
1913 3153 1969 3200 et
1997 3144 2145 3214 quod
2177 3146 2338 3199 intel-

2446 3156 2542 3209 νην
2578 3135 2723 3208 αὐτῷ
2753 3137 2853 3207 τὴν
2878 3135 2969 3189 τοῦ
2994 3135 3234 3189 νοεῖσθαι
3262 3135 3494 3206 δύναμιν
3525 3135 3678 3206 ἔχονο
3704 3137 3739 3208 ἢ
3773 3141 4024 3208 προῦκο-

753 3241 962 3311 ligitur,
993 3239 1213 3309 aliquod
1245 3254 1471 3308 prorsus
1507 3238 1823 3308 subjectum
1861 3236 1946 3290 vel
1990 3236 2045 3290 in
2090 3236 2338 3305 subjecto

753 3340 859 3394 cst,
907 3347 1029 3400 qua:
1079 3346 1183 3383 una
1231 3345 1356 3383 cum
1408 3329 1526 3398 ipso
1572 3328 1937 3396 intelligatur,
1975 3327 2089 3379 vim
2124 3327 2339 3394 passive

757 3420 1121 3492 intelligendi,
1155 3420 1333 3490 ipsum
1373 3434 1594 3489 quoque
1624 3417 1875 3481 habens;
1914 3431 2010 3470 seu
2043 3416 2201 3487 cujus
2248 3415 2339 3469 illa

756 3514 935 3569 virtus
977 3520 1063 3567 est
1110 3528 1173 3566 ac
1220 3512 1470 3574 facultas,
1515 3512 1900 3580 prmjaccntem
1950 3506 2336 3561 substantiam.

757 3605 905 3659 Nihil
934 3604 1081 3660 enim
1113 3616 1341 3674 prorsus
1380 3604 1435 3657 in
1482 3603 1647 3658 rebus
1679 3602 1857 3673 ipsum
1890 3616 1988 3670 per
2016 3615 2073 3653 se
2106 3598 2339 3667 simplex

755 3694 1064 3751 substantia
1094 3701 1189 3746 aut
1216 3692 1521 3747 iutellectio
1558 3700 1664 3754 est,
1696 3700 1757 3745 ut
1786 3699 1840 3745 et
1884 3691 2064 3744 unitas
2104 3689 2340 3747 indivisa

756 3788 847 3841 sit.
895 3786 1038 3838 Deus
1070 3794 1276 3848 autem,
1311 3784 1428 3839 sive
1461 3782 1826 3836 substantiam
1869 3781 2193 3844 dixerimus,
2226 3795 2341 3835 non

757 3876 1026 3945 ejusmodi
1081 3884 1186 3942 est,
1231 3885 1292 3931 ut
1338 3875 1420 3930 vis
1475 3874 1689 3945 passive
1741 3873 2082 3945 intelligendi
2131 3889 2239 3927 una
2290 3872 2341 3927 ei

827 4032 873 4064 "
894 4032 1055 4089 Joan.
1086 4050 1142 4099 v,
1166 4033 1218 4088 8.

831 4192 907 4262 (Pl
940 4193 952 4211 ’
969 4193 1087 4245 Υπὸ
1110 4191 1215 4245 τοῦ
1235 4192 1591 4259 κρείττονος.
1612 4192 1684 4245 Τὸ
1704 4195 1948 4261 κρεῖττον
1968 4192 2060 4248 hic
2075 4192 2328 4259 Maximo,

758 4265 975 4316 aniums
1020 4269 1104 4316 est
1150 4272 1314 4333 atque
1359 4277 1542 4333 meus;
1587 4262 1647 4316 τὸ
1689 4265 1889 4332 χεῖρον,
1933 4279 2132 4333 corpus
2164 4282 2176 4317 :
2208 4279 2334 4333 pars

759 4332 968 4387 scilicet
998 4334 1176 4400 potior
1201 4330 1257 4386 cit
1285 4330 1550 4393 deterior,
1591 4330 1823 4400 quarum
1867 4330 2045 4386 altera
2082 4330 2331 4395 alteram,

761 4404 844 4455 vel
889 4403 941 4455 in
979 4402 1199 4464 uelum,
1238 4416 1361 4470 quae
1406 4401 1647 4455 hominis
1676 4402 1873 4456 domus
1908 4411 2013 4463 est,
2048 4402 2218 4465 tollat,
2250 4403 2334 4456 vel

2437 3229 2696 3299 κειμένην
2728 3228 2856 3298 τὴν,
2885 3221 2945 3281 οὗ
2993 3229 3109 3280 ἐστι
3158 3227 3410 3298 δύναμις,
3453 3228 3666 3282 οὐσίαν.
3710 3229 3787 3281 Οὐ
3818 3229 3930 3300 γάρ
3969 3247 4031 3283 τι

2439 3320 2546 3373 τῶν
2579 3319 2750 3373 ὄντων
2777 3319 2839 3371 τὸ
2865 3318 3083 3371 σύνολον
3129 3319 3261 3372 αὐτὸ
3289 3319 3411 3372 καθ’
3441 3318 3573 3372 αὐτὸ
3603 3319 3749 3390 ἁπλῆ
3800 3336 3893 3382 τις
3932 3320 4033 3372 οὕς-

2443 3411 2534 3466 σία
2560 3410 2592 3482 ἢ
2619 3411 2803 3481 νόησίς
2830 3412 2999 3476 ἐστιν,
3029 3411 3116 3463 ἵνα
3146 3410 3240 3464 καὶ
3274 3410 3444 3480 μονὰς
3470 3409 3800 3480 ἀδιαίρετος.
3830 3410 3937 3464 Τὸν
3961 3410 4023 3463 δὲ

2441 3503 2595 3570 Θεὸν,
2618 3504 2729 3556 εἴτε
2777 3502 2968 3556 οὐσίαν
3006 3502 3285 3570 εἴπωμεν,
3324 3502 3426 3555 οὐκ
3454 3502 3569 3571 ἔχει
3613 3500 3863 3570 φυσικῶς
3902 3519 4034 3555 συν-

2448 3596 2840 3667 επινοουμένην
2869 3594 3017 3666 αὑτῷ
3038 3595 3136 3665 τὴν
3157 3592 3251 3649 τοῦ
3282 3594 3520 3648 νοεῖσθαι
3545 3591 3797 3664 δῦναμιν,
3819 3594 3914 3648 ἴνα
3951 3595 4031 3665 μὴ

2450 3689 2735 3753 σύνθετος’
2784 3689 2894 3742 εἴτε
2925 3689 3130 3760 νόησιν,
3171 3689 3273 3741 οὐκ
3311 3687 3425 3758 ἔχει
3482 3686 3731 3757 φυσικῶς
3765 3687 4032 3758 δεκτικὴν

2447 3781 2543 3852 τῆς
2574 3783 2810 3851 νοήσεως
2858 3781 3226 3851 ὑποκειμένην
3284 3778 3505 3837 οὐσίαν·
3541 3780 3657 3833 ἀλλ’
3688 3781 3852 3843 αὐτὸς
3910 3783 4034 3833 κατ’

2448 3870 2636 3925 οὐσίαν
2676 3871 2862 3943 νόησίς
2911 3872 3061 3927 ἐστιν
3098 3871 3127 3923 ὁ
3164 3872 3328 3937 Θεός·
3381 3873 3474 3927 καὶ
3519 3871 3640 3937 ὅλος
3681 3872 3894 3944 νόησις,
3938 3873 4035 3927 καὶ

2432 4194 2691 4265 ambages
2721 4201 2882 4260 sunt;
2914 4195 3102 4251 nullus
3127 4211 3343 4250 sensus.
3378 4195 3627 4265 llincque
3652 4192 3898 4265 forsitan
3947 4205 4036 4251 est

2434 4264 2579 4333 quod
2609 4265 2665 4318 in
2696 4265 2861 4318 Marci
2884 4266 3159 4334 capitibus
3184 4282 3291 4320 non
3319 4266 3460 4320 bene
3482 4264 3813 4334 quandoque
3835 4266 3993 4334 sapit
4016 4306 4033 4329 ,

2420 4347 2530 4388 aut
2555 4342 2704 4388 certe
2735 4350 2862 4402 pars
2892 4351 3084 4403 magna
3120 4336 3246 4389 inde
3278 4335 3380 4400 sit;
3416 4335 3731 4403 faceretque
3755 4350 3787 4388 e
3832 4350 3897 4388 re
3938 4336 4035 4389 lit-

2439 4404 2637 4457 teraria
2668 4410 2723 4457 et
2755 4420 2928 4467 sacra,
2961 4406 3055 4474 qui
3086 4405 3231 4459 bono
3260 4404 3430 4459 fultus
3460 4404 3650 4458 codice
3687 4403 3807 4471 ejus
3836 4406 4035 4459 omnia

764 4474 817 4556 in
855 4472 1173 4556 voluptaria:
1201 4474 1327 4547 vit-.2
1353 4487 1418 4525 ac
1448 4471 1694 4526 libidinis
1729 4472 2050 4527 barathrum
2082 4472 2334 4542 praecipi-
2371 4501 2413 4556 ο
2442 4474 2702 4556 castigate
2752 4471 3573 4556 repmseintaretuAhscederet
3624 4474 3833 4556 scilicet
3860 4474 4033 4556 .l'umi

764 4552 870 4597 tem
904 4552 1049 4597 agat.

1090 4610 1509 4678 ἑκϐεόἠκαμεν.
1541 4610 1638 4681 Est
1665 4609 1940 4681 νηπτικῶν
1970 4608 2137 4665 Marci
2182 4610 2338 4678 capi-

763 4680 878 4735 tum
907 4684 958 4742 7,
981 4682 1126 4750 apud
1166 4696 1330 4751 quem
1354 4681 1493 4734 male
1521 4680 1648 4733 Pico
1670 4680 1911 4751 editum,
1929 4681 2335 4751 ὲμὸεὕήκαμεν.

763 4752 870 4805 Sed
911 4752 1048 4823 illud;
1064 4753 1253 4823 pejus,
1280 4751 1441 4823 quod
1461 4751 1538 4804 illi
1576 4750 1943 4823 vcrhojuugit
1972 4751 2118 4823 quod
2139 4750 2339 4823 sequi-

764 4831 874 4883 tur,
904 4822 1000 4891 τὴν
1027 4820 1170 4891 ἕξιν,
1197 4820 1321 4875 cuni
1351 4830 1408 4874 et
1431 4820 1546 4888 ipse
1578 4820 1954 4889 ὲκϐεὸήκαμεν
1984 4820 2198 4891 legerit,
2222 4835 2343 4888 qua:

762 4908 866 4944 vox
895 4890 1151 4961 gignendi
1188 4907 1315 4945 casu
1347 4891 1566 4957 gaudet,
1614 4904 1731 4961 non
1766 4890 2059 4961 accusandi
2092 4907 2104 4942 :
2132 4905 2200 4943 ex
2232 4905 2340 4961 qua

764 4958 1066 5016 littera'sic
1125 4964 1448 5028 composita,
1500 4959 1642 5028 quod
1690 4958 1762 5012 sit
1813 4960 2159 5013 commodum
2204 4959 2341 5012 nihil

765 5032 962 5086 reddit.
998 5031 1107 5100 Τὴν
1135 5032 1252 5083 κατ’
1280 5030 1477 5099 ἀρετὴν
1509 5029 1791 5100 ἁτρεψξαν,
1820 5029 1966 5100 quod
2002 5028 2202 5091 reddit,
2234 5031 2340 5083 im-

765 5098 1075 5155 munitatem
1098 5101 1381 5155 avcrsionis
1407 5098 1444 5152 τι
1459 5101 1667 5160 virtute,
1694 5098 1969 5153 liberioris
1996 5100 2344 5167 paraplirasis

762 5180 866 5225 est.
899 5169 1232 5225 Scholiastes
1269 5171 1458 5240 paucis
1482 5170 1821 5238 perstrinxit,
1867 5168 2051 5240 ἃλλῳς
2084 5171 2342 5235 auget-.0:

768 5242 948 5309 μένειν
974 5246 1026 5292 ἐν
1050 5241 1124 5311 τῷ
1155 5238 1302 5308 καλῷ
1332 5242 1392 5293 οὐ
1419 5240 1722 5308 δυνάμεθα·
1755 5238 2105 5311 ἱηιηιιιιιψὶιίνς
2130 5241 2186 5291 in
2212 5240 2342 5292 bona

764 5313 1065 5380 honestique
1099 5309 1277 5364 studio
1319 5327 1427 5364 esse
1469 5327 1572 5380 non
1616 5325 1907 5375 possumus,
1941 5309 2045 5380 nisi
2089 5323 2252 5362 cat-nc
2288 5316 2343 5361 ct

765 5378 992 5445 mundo,
1024 5396 1122 5450 per
1154 5381 1475 5435 charitatem
1510 5379 1564 5433 in
1601 5380 1769 5433 Deum
1798 5378 2220 5447 proximumque
2249 5393 2343 5432 ex-

765 5453 1118 5506 cesserimus.

839 5521 910 5592 (r)
947 5524 1018 5576 Td
1052 5536 1117 5573 τε
1161 5518 1349 5592 τςοοιξν
1380 5519 1476 5592 grai
1498 5524 1563 5572 τὸ
1586 5518 2037 5592 root'rj_t_safr_if._Et
2057 5518 2161 5592 hoc
2180 5524 2345 5592 caput

764 5587 930 5646 Marci
962 5588 1239 5660 νηπτικῶν
1283 5589 1336 5652 8,
1380 5589 1434 5644 in
1485 5604 1595 5658 quo
1643 5589 1779 5643 nihil
1814 5587 2029 5660 felicius
2058 5587 2346 5660 desudavit

768 5661 949 5730 Picus,
988 5658 1106 5730 ipso
1134 5660 1328 5730 multis
1350 5660 1549 5713 vitioso
1582 5660 1700 5730 ejus
1728 5659 1876 5730 c_od.,
1901 5668 1961 5712 ut
1987 5658 2131 5727 quod
2164 5658 2342 5728 ipsum

768 5727 873 5787 huc
904 5726 1274 5795 hic-relatum,
1322 5729 1507 5793 habet,
1553 5729 1672 5781 τότε
1716 5726 1836 5782 οὖν’
1881 5726 2146 5798 sequente
2178 5726 2343 5784 etiam

769 5815 894 5855 mox
923 5801 1094 5861 hiatu.
1130 5816 1195 5855 ex
1226 5800 1427 5871 quibus
1459 5799 1725 5871 quidquid
1768 5798 2062 5864 redditum,
2098 5798 2346 5853 obscura:

2444 4542 2759 4614 plurimum,
2777 4545 3167 4614 elucerentque
3196 4543 3481 4614 theologia:
3499 4550 3555 4598 et
3579 4542 3823 4614 probatae
3849 4543 4034 4614 ασκή-

2445 4630 2579 4675 σεως
2614 4613 2843 4666 lumina.
2873 4613 2985 4668 Nec
3002 4612 3067 4684 VS.
3088 4612 3357 4667 Maximus
3392 4612 3515 4684 ejus
3548 4612 4031 4684 tantae-5103.352!

2443 4690 2723 4736 mutuatus
2747 4691 2913 4746 esset,
2957 4683 3063 4737 nisi
3104 4684 3282 4737 virum
3328 4681 3608 4753 magnum,
3650 4681 4034 4753 solertemque

2445 4753 2757 4823 theologum
2805 4768 2867 4806 ac
2921 4753 3208 4823 probatum
3258 4751 3494 4809 ascetam
3546 4751 3878 4823 agnovisset.
3931 4751 4036 4806 llic

2444 4822 2613 4892 igitur
2638 4820 2824 4892 divina
2852 4820 3197 4892 simplicitas,
3230 4823 3324 4892 qui
3358 4823 3427 4877 sit
3457 4820 3614 4876 actus
3642 4820 3794 4874 omni
3823 4836 4037 4892 vacans

2444 4890 2863 4962 compositione,
2890 4890 3108 4962 suaque,
3136 4890 3540 4961 ipsi'operatio,
3570 4893 3689 4962 grite
3706 4891 4031 4962 explicata,

2444 4961 2512 5014 ad
2559 4959 2722 5030 quam
2763 4959 3394 5031 quoquoiiiodo'aninius
3423 4961 3655 5025 accedit,
3703 4959 3758 5014 in
3803 4959 4033 5015 silentio

2445 5031 2540 5088 illo
2580 5046 2806 5086 versans
2842 5032 2990 5101 quod
3036 5031 3377 5100 intelligendi
3420 5032 3530 5085 vim
3564 5044 3783 5101 omnem
3815 5038 4034 5101 aetum.

2443 5116 2551 5169 que
2594 5102 2829 5166 excedit,
2859 5100 2923 5158 iit
2955 5102 3225 5171 superiori
3262 5117 3383 5170 cap.
3421 5111 3655 5170 uterque
3702 5100 4031 5171 theologus;

2445 5172 2673 5243 ipsoque
2706 5171 2829 5232 hoc.
2866 5171 2960 5243 τὴν
2990 5170 3084 5224 τοῦ
3130 5175 3269 5226 νοεῖν
3310 5171 3650 5241 ὑπεροχικῶς
3691 5170 4033 5243 amotum;

2443 5239 2690 5312 δύναμιν,
2739 5239 3157 5312 αυαεῖείεσυεσα
3201 5239 3826 5312 δειηοεαᾲαὲίεεεμηάιιηι
3853 5239 4030 5293 σιοεί-

2447 5310 2621 5365 lentia:
2655 5313 2913 5364 rationem
2943 5311 3271 5381 intelligendi
3313 5314 3363 5365 vi
3395 5310 3459 5365 cc
3486 5310 3746 5381 facultate
3776 5325 3794 5363 :
3830 5322 4031 5378 nempe

2444 5380 2741 5462 quominus
2759 5381 3109 5462 _iiitclligit_ac
3121 5380 3429 5462 suspensus
3446 5380 3683 5462 caligine
3701 5388 3760 5462 et
3785 5380 4031 5462 ᾁγνῳςξέᾳ

2445 5448 2662 5522 animus
2689 5459 2786 5522 est
2818 5448 3129 5522 (ardoribus
3161 5448 3390 5522 scilicet
3414 5448 3725 5522 chari'tatis)
3756 5448 3852 5522 psic
3877 5448 4031 5522 altis;-

2447 5520 2583 5575 sime
2603 5519 2965 5601 intelligens;
2993 5521 3087 5575 ubi
3106 5521 3301 5601 Picus,
3322 5519 3725 5601 Aliqyantisper
3747 5520 3805 5573 in
3826 5519 4032 5601 unitate

2447 5607 2566 5644 eum
2596 5588 2926 5662 intelligendi
2956 5592 3387 5662 prwstantissime
3424 5588 3697 5659 deposuit;
3740 5604 3857 5662 non
3881 5588 4033 5662 satis

2447 5670 2570 5731 apte
2606 5661 2722 5716 haec
2748 5659 3408 5732 siuperiOribusjungens,
3445 5661 3635 5732 γέγονε
3663 5660 3850 5732 ποσῶς
3877 5659 3937 5709 ὲν
3964 5660 4027 5727 τῇ

2449 5728 2663 5803 μονάδι,
2704 5728 3051 5803 acdutrisque
3098 5728 3168 5787 id'
3199 5728 3434 5788 reddens
3459 5728 3629 5803 quod
3672 5728 4029 5801 mysticorum

2447 5817 2608 5856 nemo
2651 5801 2998 5857 intellexerit.
