4208 6436
220 407 352 471 ΗΠ

1036 403 1378 467 CAPITUM
1416 408 1698 466 THEUL.
1741 407 1833 466 ΕΤ
1867 407 2103 467 (ECON.
2141 410 2526 473 CENTURM
2566 416 2610 477 Ι.

3331 414 3468 477 1118

216 531 411 591 μονον·
452 519 544 572 καὶ
592 519 749 582 αὐτὸς
792 517 938 571 κατὰ
965 517 1064 588 τὴν
1095 518 1281 587 νόησιν
1324 518 1502 582 οὐσία,
1543 518 1638 571 καὶ
1674 519 1794 579 ὅλος

1897 534 2080 573 eomes
2114 519 2475 590 intelligatur,
2512 541 2580 578 ne
2623 526 2961 598 compositus
3006 530 3116 594 sit;
3160 527 3276 582 sive
3319 529 3482 582 intul-

210 611 376 664 οὐσία
437 613 527 664 καὶ
575 611 768 681 μόνον’
812 611 1068 681 καὶὺπὲρ
1122 611 1310 663 οὐσίαν
1365 611 1506 674 ὅλος,
1541 613 1631 663 καὶ
1656 610 1795 679 ὑπὲρ

210 703 405 773 νόησιν
429 704 568 768 ὅλος,
599 704 733 756 διότι
763 705 856 757 καὶ
886 704 1053 774 μονὰς
1090 703 1396 774 ἀδιαίρετος
1449 705 1542 756 καὶ
1584 704 1797 773 ἀμερὴς

214 796 316 848 καὶ
345 797 510 866 ἁπλῆ.
549 799 606 848 ’0
655 797 834 851 τοίνυν
868 797 992 850 καθ’
1021 797 1202 850 ὁτιοῦν
1230 797 1417 864 νόησιν
1450 795 1612 864 ἔχων,
1645 795 1797 848 οὔπω

210 887 322 954 τῆς
353 888 543 952 δυάδος
576 889 798 960 ἐξῆλθεν
825 905 838 920 ·
867 891 894 942 ὁ
919 890 976 942 δὲ
1001 889 1204 958 ταύτην
1229 889 1460 958 πάμπαν
1493 888 1792 949 ἀπολιπὼν,

213 979 409 1047 γέγονε
470 982 650 1045 ποσῶς
685 984 742 1035 ἐν
784 985 848 1052 τῇ
900 983 1110 1052 μονάδι,
1161 981 1255 1052 τὴν
1303 980 1400 1035 τοῦ
1436 984 1580 1035 νοεῖν
1621 983 1791 1051 ὑπερ-

211 1075 417 1142 ηχικῶς
451 1074 788 1145 ἀποθέμενος
815 1075 1067 1144 δύναμιν.

1901 622 2216 686 lectionem,
2256 640 2365 678 non
2414 625 2579 680 habet
2629 638 2824 684 natura
2869 631 3172 701 subjeelam
3217 629 3478 684 substan-

1905 714 2056 775 tiam,
2086 729 2207 782 quae
2233 716 2306 768 sit
2331 732 2500 785 capax
2526 718 2921 775 intellectionis
2950 736 3186 791 eamque
3218 721 3476 789 recipiat:

1894 802 1988 855 sed
2014 803 2158 856 Deus
2186 805 2303 872 ipse
2344 822 2442 874 per
2479 809 2776 861 essentiam
2815 808 3119 864 intellectio
3155 820 3268 875 est;
3300 819 3476 862 totus-

1892 911 2020 962 que.
2039 911 2104 947 ar.
2134 896 2312 949 solum
2338 897 2674 965 iutellectio;
2702 902 2930 970 ipseque
2948 917 3055 970 qua
3078 902 3290 956 ratione
3313 900 3480 971 5.80

1893 982 2195 1036 intellectio
2231 993 2336 1043 est.
2373 985 2678 1040 substantia
2718 1003 2814 1041 seu
2859 997 3085 1052 natura;
3117 998 3396 1057 totusque,
3422 996 3480 1041 et

1890 1075 2066 1128 scium
2109 1076 2448 1141 substantia;
2488 1085 2743 1148 totusque
2798 1080 3164 1134 substantiam
3204 1079 3479 1134 excedens

209 1177 314 1218 seu
339 1166 630 1220 essentiam
667 1176 724 1220 et
753 1175 1027 1230 naturam,
1099 1181 1163 1220 ac
1202 1174 1350 1220 totus
1411 1165 1683 1220 excedens
1744 1163 2042 1233 cogitatum
2087 1179 2149 1217 ac
2191 1165 2647 1231 intellectionem,
2679 1170 2883 1238 quippe
2925 1186 3048 1239 qua:
3109 1171 3294 1224 unitas
3335 1168 3480 1224 indi-

209 1259 333 1311 visa
361 1259 646 1327 nullasque
675 1258 971 1312 admittens
997 1267 1180 1328 partes
1209 1274 1274 1312 ac
1323 1257 1556 1326 simplex
1603 1254 1836 1309 exsistit.
1878 1253 2136 1322 Quisquis
2173 1254 2338 1325 igitur
2375 1258 2483 1310 ulla
2519 1258 2732 1311 ratione
2775 1259 3204 1313 intellectionem
3247 1275 3342 1313 seu
3384 1275 3478 1313 co-

209 1350 443 1418 gitatum
472 1349 657 1414 habet,
690 1349 934 1402 nondum
970 1349 1187 1403 binario
1218 1348 1452 1402 excessit
1514 1363 1606 1400 seu
1649 1347 1914 1399 dualitate
1957 1363 1969 1398 :

2049 1346 2142 1414 qui
2197 1357 2380 1400 autem
2439 1345 2589 1402 hunc
2651 1365 2878 1418 prorsus
2954 1349 3249 1413 abdicavit,
3298 1359 3356 1404 ut
3420 1350 3478 1405 in

211 1443 427 1494 unitate
456 1439 998 1520 versetur‘tantisper
1027 1449 1342 1500 naetuscst,
1369 1440 1463 1508 qui
1489 1439 1790 1492 secundum
1829 1437 2165 1491 excellentia:
2191 1440 2460 1494 rationem
2498 1442 2840 1512 intelligendi
2875 1443 2982 1496 vim
3012 1446 3334 1500 excusserit.

285 1530 533 1596 ﬁTA‘Ev
570 1529 667 1597 μὲν
708 1531 821 1590 τοῖς
862 1529 1098 1591 πολλοῖς,
1132 1529 1389 1598 ἑτερότης
1421 1529 1516 1580 καὶ
1547 1527 1794 1595 ἀνομοιό-

211 1639 315 1691 της
340 1624 455 1674 ἐστὶ
482 1622 574 1674 καὶ
590 1621 848 1691 διαφορά·
878 1624 936 1673 ἐν
967 1622 1023 1673 δὲ
1058 1621 1134 1691 τῷ
1160 1621 1298 1690 Θεῷ,
1333 1622 1536 1691 κυρίως
1583 1621 1663 1672 ἑνὶ
1690 1620 1783 1672 καὶ

145 1725 153 1729 ’
214 1717 368 1784 μόνῳ
412 1717 756 1784 τυγχάνοντι,
810 1713 1078 1782 ταυτότης
1109 1714 1204 1766 καὶ
1248 1713 1484 1782 ἁπλότης
1534 1712 1692 1781 μόνον
1724 1712 1792 1778 (s)

210 1807 354 1873 ἐστὶ,
391 1805 477 1859 καὶ
508 1807 782 1875 ὁμοιότης.
820 1807 932 1858 Οὐκ
967 1807 1206 1873 ἀσφαλὲς
1235 1802 1325 1858 οὖν
1361 1807 1485 1874 πρὶν
1508 1805 1609 1868 ἔξω
1641 1804 1792 1870 γενέ-

1960 1528 2047 1580 83.
2107 1529 2162 1581 In
2215 1531 2435 1593 multis,
2493 1531 2787 1586 diversitas
2839 1543 2924 1587 cst
2971 1541 3026 1586 ct
3082 1533 3478 1590 dissimilitudo

1889 1623 2055 1684 atque
2095 1615 2426 1682 discrimen;
2462 1617 2516 1670 in
2555 1619 2667 1672 Deo
2704 1629 2886 1673 autem
2908 1621 3000 1689 qui
3037 1637 3166 1676 vere
3201 1639 3347 1677 unus
3383 1637 3476 1678 so-

1886 1707 2082 1774 lusque
2114 1707 2359 1771 exsistat,
2395 1707 2658 1764 identitas
2687 1719 2742 1764 et
2770 1711 3098 1779 simplicitas
3130 1714 3478 1768 solummodo

1890 1812 1953 1851 ac
1979 1798 2306 1853 similitudo.
2339 1799 2492 1853 Haud
2523 1801 2688 1870 igitur
2723 1811 2900 1855 tutum
2932 1812 3030 1858 aut
3069 1807 3204 1859 satis
3229 1814 3473 1872 cautum,

213 1895 340 1948 σθαι
371 1894 478 1947 τῶν
508 1894 738 1958 πολλῶν,
787 1894 1100 1946 ἐπιϐάλλειν
1140 1897 1263 1956 ταῖς
1291 1895 1422 1963 περὶ
1471 1894 1606 1945 Θεοῦ
1651 1893 1790 1946 03m-

1895 1898 1957 1943 ut
1994 1894 2581 1961 contemplationibus,
2625 1912 2748 1965 quae
2789 1897 2856 1951 de
2901 1899 3013 1951 Deo
3057 1907 3205 1961 sunt.
3250 1899 3478 1982 adjicias

214 1988 396 2056 pia:;'
443 1987 537 2038 καὶ
564 1986 715 2054 δηλοῖ
766 1978 945 2038 τοῦτο
983 1987 1246 2056 Μωῦσῆς,
1286 1985 1388 2050 ἔξω
1442 1988 1540 2055 τῆς
1574 2001 1793 2054 παρεμο

211 2077 379 2146 ϐολῆς
413 2076 591 2146 πηγνύ
602 2093 761 2146 μενος
791 2079 892 2146 τὴν
921 2079 1126 2146 σκηνὴν
1148 2079 1244 2146 τῆς
1265 2071 1528 2140 διανοίας,
1554 2077 1647 2128 καὶ
1671 2075 1790 2128 τότε

215 2165 564 2235 προσομιλῶν
601 2164 678 2234 τῷ
722 2165 860 2236 θεῷ.
900 2166 972 2218 Τὸ
999 2167 1108 2236 γάρ
1151 2167 1289 2236 μετά
1319 2167 1477 2234 λόγου
1523 2165 1617 2218 τοῦ
1649 2165 1792 2218 κατὰ

211 2259 512 2328 προφορὰν.
536 2257 832 2327 πειρᾶσθαι
872 2259 1039 2325 φάναι
1071 2259 1161 2311 τὸν
1189 2257 1448 2329 ἄρρητον,
1512 2259 1790 2311 ἐπικίνδυ-

209 2367 335 2403 νον’
386 2352 467 2404 ὅτι
506 2349 657 2415 δυὰς,
702 2352 800 2407 καὶ
843 2350 1009 2404 πλέον
1058 2352 1205 2403 ἐστὶν
1253 2351 1282 2404 ό
1314 2351 1458 2405 κατὰ
1507 2353 1790 2421 προφορὰν

208 2442 390 2510 λόγος.
431 2443 474 2494 Τ
479 2443 506 2495 δ
533 2442 590 2495 δὲ
618 2441 746 2494 ἄνευ
799 2442 982 2511 φωνῆς
1019 2442 1156 2516 μόνῃ
1187 2446 1253 2513 τῇ
1283 2443 1428 2513 ψυχῇ
1465 2443 1524 2495 τὸ
1547 2443 1606 2495 ὃν
1653 2443 1781 2495 θεω·

212 2535 348 2604 ρεῐν,
384 2533 758 2604 ἰσχυρότατον’
794 2533 876 2586 ὅτι
907 2533 1047 2586 κατὰ
1102 2533 1202 2603 τὴν
1237 2534 1542 2604 ἀδιαίρετον
1574 2534 1790 2587 ἵσταται

213 2626 422 2696 μονάδα
443 2667 457 2690 ,
483 2628 576 2679 καὶ
607 2627 706 2679 οὐκ
735 2627 792 2678 ὲν
821 2629 931 2689 τοῖς
971 2626 1208 2689 πολλοῖς.
1245 2627 1304 2678 Ὀ
1338 2625 1444 2696 γὰρ
1476 2628 1786 2696 ἀρχιερεὺς,

217 2719 368 2784 ἅπαξ
392 2719 484 2772 τοῦ
511 2716 759 2772 ἐνιαυτοῦ
794 2718 872 2780 εἰς
909 2717 966 2771 τὰ
993 2718 1161 2786 Ἅγια
1193 2717 1301 2771 τῶν
1332 2718 1503 2787 ἁγίων
1535 2719 1666 2771 εἴσω
1692 2717 1788 2772 τοῦ

208 2810 712 2880 καταπετάσματος
783 2810 1012 2862 εἰσιέναι
1067 2809 1219 2880 μόλις
1291 2811 1786 2882 προστεταγμένος,

207 2905 452 2956 διδάσκει
507 2903 664 2973 μόνον
712 2904 824 2956 δεῖν
874 2903 1104 2964 ἐκεῖνον,
1135 2902 1225 2954 τὸν
1254 2903 1354 2970 τὴν
1397 2902 1565 2972 αὐλὴν
1601 2905 1694 2954 καὶ
1721 2902 1790 2954 τὰ

209 2994 341 3062 ἅγια
365 2995 648 3055 διαϐάντα.
681 2994 775 3048 καὶ
805 2995 887 3057 εἰς
920 2993 989 3046 τὰ
1014 2994 1181 3062 ’Ἅγια
1204 2995 1316 3048 τῶν
1338 2993 1510 3056 ἁγίων
1540 2994 1670 3046 εἴσω
1695 3012 1788 3062 γε-

208 3086 463 3154 νόμενον·
491 3085 760 3149 τουτέστι,
790 3085 888 3155 τὴν
923 3085 1139 3139 ἃπασαν
1165 3086 1273 3138 τῶν
1309 3084 1586 3155 αἰσθητῶν
1611 3103 1668 3138 τε
1695 3087 1789 3139 καὶ

207 3177 418 3246 νοητῶν
445 3177 784 3248 παρελθόντα
805 3181 987 3246 φύσιν,
1023 3179 1120 3231 καὶ
1144 3178 1326 3247 πάσης
1348 3178 1449 3247 τῆς
1474 3179 1616 3231 κατὰ
1639 3179 1789 3246 γένε-
1817 3213 1858 3271 c

210 3283 298 3318 σιν
353 3266 610 3335 ἰδιότητος
655 3267 948 3336 γενόμενον
1014 3264 1330 3337 καθαρὸν,
1394 3267 1638 3336 ἀνείμονι
1698 3269 1790 3320 καὶ

207 3363 391 3429 γυμνῇ
415 3363 480 3430 τῇ
515 3359 720 3431 διανοίᾳ
762 3357 1122 3429 προσϐάλλειν
1155 3358 1277 3421 ταῖς
1337 3357 1465 3428 περὶ
1495 3359 1630 3412 Θεοῦ
1656 3377 1793 3428 φαν-

208 3449 445 3513 τασίαις.

285 3715 387 3768 πδί.
419 3713 659 3782 Μωῦσῆς
682 3716 709 3766 ὁ
741 3713 934 3782 μέγας,
963 3712 1066 3779 ἔξω
1102 3713 1203 3781 τῆς
1234 3712 1587 3783 παρεμϐολῆς
1611 3711 1786 3782 πηξά-

211 3822 371 3878 μενος
395 3806 585 3858 ἑαυτοῦ
624 3808 722 3876 τὴν
749 3807 985 3876 σκηνήν
1013 3804 1281 3868 τουτέστι,
1326 3805 1426 3870 τὴν
1452 3810 1676 3875 γνώμην
1693 3805 1789 3858 καὶ

206 3898 309 3966 τὴν
345 3897 582 3950 διάνοιαν
624 3896 976 3968 ἱδρυσάμενος
1006 3895 1111 3960 ἔξω
1144 3895 1251 3948 τῶν
1288 3895 1598 3965 ὁρωμένων,
1628 3911 1796 3966 προσ-

209 3990 397 4043 κυνεῖν
422 3990 516 4041 τὸν
544 3988 680 4041 Θεὸν
715 3989 941 4059 ἄρχεται
965 4003 980 4018 ο
1013 3988 1108 4040 καὶ
1143 3989 1222 4048 εἰς
1265 3987 1356 4039 τὸν
1396 3987 1592 4054 γνόφον
1619 3989 1784 4040 εἰσελ-

210 4079 345 4142 θὼν,
379 4080 472 4132 τὸν
500 4079 657 4146 ἀειδῆ
681 4079 777 4132 κα)⁵
793 4079 955 4132 ἇῦλον
981 4079 1081 4146 τῆς
1104 4078 1356 4146 γνώσεως
1377 4078 1540 4131 τόπον
1571 4079 1657 4149 (ι),
1681 4081 1798 4132 ἐκεῖ

212 4168 369 4240 μένει
401 4169 501 4231 τὰς
519 4169 819 4239 ἰερωτάτας
845 4167 1170 4238 τελούμενος
1199 4167 1440 4230 τελετάς.

284 4393 331 4423 ⁸⁸
353 4391 524 4448 Exod.
548 4407 731 4456 xxxm,
759 4393 810 4445 7.
889 4391 932 4422 "
957 4388 1127 4444 Hebr.
1151 4407 1222 4457 Ix,
1249 4393 1298 4446 7.

289 4538 305 4556 ⁶
332 4535 501 4604 Marg.
533 4534 622 4588 Fr.
659 4533 822 4604 Ὅρα,
861 4533 1066 4604 ήνκατὰ
1082 4532 1556 4604 γένεσινᾼίδιότης.
1603 4534 1635 4602 ἡ
1681 4532 1788 4604 τῶν

209 4602 490 4673 αἰσθητῶν
532 4606 626 4655 καὶ
655 4602 861 4673 νοητῶν
904 4603 1028 4655 ἐστι
1073 4602 1266 4669 φύσις’
1298 4602 1460 4672 ἤτουν
1509 4603 1684 4655 πάντα
1724 4602 1795 4654 τὰ

213 4671 512 4747 μετάΘεόν
530 4691 541 4703 ·
573 4673 714 4738 Vide,
742 4671 899 4728 Ortus
927 4674 1248 4743 proprietas,
1269 4671 1467 4726 natura
1495 4683 1568 4726 est
1594 4689 1796 4735 eorum,

286 4794 352 4864 (ε)
413 4793 704 4858 Ταυτότης
739 4791 837 4844 καὶ
885 4792 1156 4864 (ἐξελίξτης
1200 4793 1424 4864 μόνοις.-
1465 4789 1639 4844 Etiam
1695 4792 1799 4845 hoc

208 4861 382 4919 Marci
418 4865 714 4932 νηπτικῶν,
762 4877 880 4930 cap.
1021 4862 1116 4914 Est
1160 4870 1215 4914 et
1251 4862 1340 4915 hic
1374 4861 1574 4932 hiatus,
1632 4877 1793 4929 quem

211 4950 320 4989 nec
366 4930 606 4986 advertit
652 4933 844 4994 Picus;
901 4931 980 4984 sie
1037 4941 1242 4984 temere
1296 4930 1465 4999 rapit,
1515 4939 1796 4999 certatque

213 5004 449 5062 reddere
473 5002 743 5071 quidquid
771 5002 1106 5066 occurrerit;
1141 5001 1224 5054 vel
1267 5001 1311 5054 si
1343 5001 1555 5054 nullum
1588 5000 1796 5064 invenit

211 5089 461 5135 sensum,
505 5073 826 5140 nullumque
881 5072 996 5140 ipse
1031 5071 1242 5125 meliori
1285 5072 1600 5138 conjectura
1635 5071 1793 5125 rcsti«

215 5145 355 5208 luit,
391 5142 486 5197 sed
535 5142 702 5195 verba
751 5143 926 5195 solum
978 5141 1177 5194 fundit.
1227 5141 1520 5195 Altissimae
1555 5142 1791 5210 mysi.ij

214 5214 503 5282 theologia:
525 5212 690 5266 Marci
712 5212 826 5265 luec
841 5212 1047 5282 omnia,
1073 5213 1192 5282 ipsa
1203 5211 1556 5282 solidissima,
1585 5213 1790 5282 omnis-

211 5301 325 5354 que
383 5280 724 5354 labispura;
763 5281 961 5335 merito
1001 5281 1232 5353 proinde
1275 5280 1509 5334 Maximo
1553 5284 1669 5336 suis
1709 5281 1794 5335 his

212 5352 492 5424 capitibus
528 5352 751 5424 inserta.

290 5421 355 5494 it)
393 5423 504 5475 Τὸν
539 5421 706 5494 ἀεέδῆ
755 5421 852 5494 καὶ
888 5421 1080 5494 timor
1109 5421 1539 5494 fﬁcrra'ia'swq
1586 5423 1792 5494 τόπον.

216 5492 317 5547 llic
338 5489 562 5563 quoque
612 5492 773 5563 Picus
818 5491 870 5543 in
908 5491 1120 5563 Marco,
1167 5489 1323 5563 cujus
1365 5503 1449 5547 est
1495 5489 1794 5563 νηπτικῶν,

214 5579 340 5633 cap.
363 5560 463 5625 iit),
491 5563 627 5628 ἀηδῆ
655 5561 784 5633 legit
809 5571 862 5614 et
890 5562 1167 5633 decoquit,
1194 5560 1536 5617 inamoenum.
1569 5561 1623 5633 Id
1647 5560 1796 5615 enim

213 5631 402 5703 ἀηδὲς,
443 5633 686 5698 στυγνὸν,
737 5631 980 5703 λυπηρὸν
1024 5631 1256 5703 Hesych.
1300 5635 1466 5697 triste,
1500 5631 1792 5703 molestum.

217 5702 329 5756 Sed
361 5717 469 5755 non
510 5701 801 5768 ejusmodi,
833 5717 898 5755 ex
933 5717 1043 5770 quo
1074 5701 1217 5757 Deus
1243 5704 1462 5756 videtur
1497 5701 1552 5754 in
1580 5709 1794 5755 secreto

217 5771 718 5841 contemplationis,
767 5772 931 5840 inque
983 5772 1126 5825 nube
1190 5781 1244 5825 et
1293 5773 1544 5841 caligine,
1592 5773 1787 5824 locus:

217 5856 368 5910 nam,
397 5851 532 5899 lcstc
562 5842 860 5907 Bcrnardo,
895 5842 1070 5896 Brevis
1098 5844 1250 5907 hora,
1281 5843 1404 5910 felix
1431 5843 1485 5897 in
1507 5859 1572 5896 eo
1599 5858 1746 5894 mora
1773 5859 1790 5895 :

1895 1979 2159 2045 animum,
2219 1983 2539 2052 priusquam
2593 1999 2624 2039 e
2683 1987 2872 2040 multis
2924 1988 3251 2042 excesseris.
3307 1979 3477 2060 quue

1895 2070 2105 2140 Moyses
2148 2073 2395 2128 declarat
2441 2076 2506 2139 ⁸⁵,
2557 2091 2680 2131 cum
2721 2088 2873 2131 extra
2914 2090 3096 2134 castra
3139 2081 3245 2134 lixo
3279 2083 3478 2136 mentis

1895 2161 2270 2228 tabernaculo,
2306 2173 2494 2233 postea
2530 2182 2654 2219 cum
2693 2150 2804 2220 Deo
2843 2169 2895 2221 in
2945 2171 3280 2239 colloquium
3305 2171 3474 2225 venit.

1891 2249 2010 2303 Non
2037 2251 2182 2304 enim
2213 2261 2368 2305 vacat
2397 2253 2666 2322 periculo,
2706 2271 2772 2309 eo
2804 2258 3076 2312 sermonis
3106 2274 3306 2329 genere
3329 2260 3476 2328 quod

1891 2357 1988 2396 ore
2020 2343 2323 2412 profertur,
2371 2360 2498 2399 cum
2545 2354 2758 2401 tentare
2804 2348 2902 2402 fari
2943 2359 3112 2419 atque
3143 2351 3353 2419 eloqui,
3382 2351 3477 2420 qui

1892 2433 2002 2487 vim
2060 2449 2280 2490 omnem
2341 2438 2616 2493 sermonis
2669 2440 2938 2495 excedit:
3002 2443 3150 2511 quod
3216 2443 3477 2497 nimirum

1891 2523 2163 2593 ejusmodi
2200 2542 2384 2580 sermo
2425 2528 2606 2582 dualis
2650 2529 2743 2593 sit,
2771 2538 2826 2584 et
2867 2531 2996 2600 quid
3035 2532 3315 2602 amplius:
3361 2534 3480 2587 solo

1889 2625 2073 2670 autem
2105 2619 2290 2672 animo
2320 2620 2528 2690 absque
2555 2638 2712 2685 voce,
2751 2640 2876 2678 eum
2902 2625 2996 2693 qui
3019 2633 3104 2678 est
3129 2623 3482 2680 considerare

1888 2723 1953 2761 ae
1978 2711 2364 2778 contemplari,
2393 2712 2446 2765 id
2473 2729 2607 2767 vero
2649 2713 3047 2768 validissimum
3086 2722 3202 2781 est;
3232 2717 3378 2786 quod
3398 2715 3483 2770 ni-

1889 2799 2092 2854 mirum
2142 2803 2196 2856 in
2232 2803 2468 2858 indivisa
2510 2805 2742 2869 unitate,
2791 2815 2846 2860 et
2894 2821 2999 2861 non
3048 2808 3104 2861 in
3157 2808 3346 2861 multis
3390 2808 3480 2861 ille

1889 2887 2162 2942 consistit.
2198 2889 2446 2945 Pontifex
2487 2908 2748 2962 namque,
2789 2895 2882 2962 qui
2919 2894 3009 2947 vix
3037 2896 3205 2949 semel
3249 2896 3303 2948 in
3333 2910 3481 2949 anne

1889 2979 2032 3034 intra
2087 2983 2269 3035 velum
2315 2983 2368 3036 in
2413 2983 2612 3038 Sancta
2647 2994 2962 3040 sanctorum
3022 2986 3236 3057 ingredi
3282 2987 3478 3058 jubea-

1893 3071 2070 3135 [ιιι-⁸⁷,
2097 3071 2203 3126 hoc
2226 3072 2425 3138 docet;
2456 3090 2676 3144 nempe,
2723 3092 2849 3130 cum
2898 3077 3166 3131 duntaxat
3203 3079 3298 3146 qui
3337 3077 3480 3132 atria

1892 3171 2195 3231 sanctaque
2243 3165 2546 3233 superavit,
2587 3173 2752 3236 atque
2807 3166 2861 3220 in
2909 3167 3110 3222 Sancta
3165 3175 3479 3221 sanctorum

1894 3254 2203 3323 penetravit
2238 3254 2366 3325 (hoc
2398 3265 2503 3321 est,
2552 3257 2644 3325 qui
2689 3259 2936 3313 omnium
2973 3275 3178 3322 rerum,
3219 3268 3333 3312 tum
3359 3275 3481 3327 qua:

1895 3359 2058 3397 sensu
2086 3345 2497 3414 percipiuntur,
2532 3354 2648 3399 tum
2689 3363 2811 3415 quae
2843 3356 3026 3402 mente
3069 3348 3476 3418 intelliguntur,

1894 3444 2148 3490 naturam
2185 3437 2487 3491 excesserit
2529 3447 2694 3507 atque
2720 3438 2790 3491 ab
2835 3439 2983 3492 omni
3023 3455 3198 3508 purus
3223 3448 3383 3494 ortus
3415 3454 3480 3493 ac

1893 3536 2103 3581 naturae
2131 3528 2471 3597 proprietate
2488 3528 2750 3599 evaserit)
2781 3530 2980 3584 investi
3008 3531 3264 3599 nudaque
3293 3540 3478 3586 mente

1893 3618 2115 3673 divinas
2144 3620 2387 3674 visiones
2418 3637 2483 3675 ac
2503 3623 3000 3691 contemplationes
3029 3623 3264 3691 assequi.

1969 3710 2058 3764 84.
2089 3710 2316 3780 Magnus
2358 3711 2450 3765 Ille
2495 3713 2690 3776 Moses,
2723 3712 2828 3766 ﬁxo
2854 3721 3009 3766 extra
3047 3723 3227 3768 castra
3257 3729 3358 3768 suo
3395 3723 3478 3768 ta-

1895 3801 2194 3856 bernaculo
2243 3804 2452 3872 (mente
2503 3803 2717 3857 scilicet
2757 3812 2921 3872 atque
2965 3805 3151 3858 animo
3190 3813 3344 3858 extra
3391 3821 3482 3860 res

1893 3893 2073 3948 oculis
2111 3894 2390 3964 subjectas
2434 3894 2591 3948 ﬁrma
2629 3895 2867 3949 statione
2905 3894 3102 3966 locata)
3138 3897 3310 3950 Deum
3342 3895 3479 3950 ado-

1892 4000 2017 4038 rare
2060 3987 2262 4054 eoepit;
2295 3987 2690 4056 ingressusque
2745 3988 2801 4042 in
2833 3988 3122 4057 caliginem
3161 3989 3479 4058 (obscurum

1895 4076 2111 4130 scilicet
2153 4076 2504 4146 invisumque
2546 4094 2611 4134 ac
2644 4079 2888 4134 materiae
2917 4087 3200 4149 expertem
3235 4079 3480 4133 scientia:

1896 4168 2101 4239 locum)
2131 4170 2502 4224 sacratissima
2534 4186 2801 4242 peragens
2844 4171 3108 4243 mysteria
3149 4171 3327 4242 iisque
3367 4171 3478 4224 ini-

1898 4259 2142 4326 tiandus,
2175 4259 2289 4314 illic
2318 4269 2567 4314 moratur
2595 4261 2660 4314 “.

1375 4393 1420 4424 ⁸⁸
1442 4393 1615 4448 Exod.
1642 4408 1826 4458 χχχιιι,
1853 4395 1913 4458 7;
1943 4410 2033 4459 xx,
2056 4395 2147 4448 21.

1899 4549 2014 4601 quae
2045 4548 2214 4602 sensit
2237 4532 2617 4602 percipiuntur,
2649 4539 2698 4582 et
2723 4546 2842 4600 qua:
2865 4538 3043 4602 mente
3069 4530 3476 4602 intelliguntur;

1901 4600 2088 4658 euncta
2120 4600 2317 4656 scilicet
2341 4617 2456 4670 qua:
2490 4619 2522 4655 a
2545 4600 2652 4654 Deo
2679 4601 2905 4654 secunda
2929 4609 3070 4654 sunt.

1899 4792 2015 4855 scd,
2038 4794 2228 4854 ἀειδὲς,
2247 4791 2449 4855 eidem,
2474 4791 2695 4857 ἀφανὲς,
2713 4791 2958 4858 ἄμορφον
2977 4806 2990 4820 ο
3021 4789 3317 4852 obscurant,
3339 4790 3477 4858 quod

1899 4864 2063 4915 videri
2111 4879 2212 4914 non
2259 4870 2442 4930 potest,
2491 4861 2630 4930 quod
2675 4862 2816 4913 omni
2848 4861 3018 4927 {arma
3053 4869 3224 4923 caret;
3269 4860 3476 4913 idcirco

1897 4933 2043 4999 quod
2075 4932 2255 4990 ἅῡλον,
2303 4931 2625 4998 ἀσώματον·
2673 4939 2824 4982 extra
2879 4932 3154 4982 materiam
3195 4938 3244 4982 et
3288 4946 3475 4998 corpus

1899 5010 1993 5054 est.
2033 5002 2128 5055 llis
2151 5001 2298 5054 enim
2330 5000 2559 5054 excedat
2587 5001 2804 5053 animus
2834 5014 3057 5052 necesse
3083 5007 3186 5060 est,
3222 5000 3316 5068 qui
3348 5015 3473 5053 eum

1900 5073 2010 5124 Deo
2038 5071 2145 5124 alta
2171 5069 2633 5137 contemplatione
2655 5068 2966 5136 amorisque
2990 5068 3324 5122 commercio
3344 5084 3457 5122 con-

1901 5157 2155 5193 suescere
2179 5140 2364 5193 habet.
2391 5139 2654 5206 Quodque
2688 5139 2739 5191 in
2765 5139 2874 5192 Pici
2907 5137 3185 5204 σφάλμασι
3212 5137 3477 5204 tantisper

1901 5225 2122 5270 versor,
2157 5225 2256 5264 nec
2293 5211 2423 5262 illud
2462 5225 2570 5262 non
2606 5224 2825 5276 possum
2861 5208 3166 5268 advertere,
3195 5207 3339 5272 quod
3374 5209 3477 5261 lle--

1901 5280 2073 5348 sychii
2109 5277 2495 5348 Antirrheticon
2547 5287 2689 5332 cent.
2722 5278 2779 5348 -Ι,
2803 5293 2853 5348 c.
2885 5276 3193 5348 9.5,_babct,
3226 5277 3364 5348 "ppu
3400 5277 3473 5345 μὴ

1900 5345 2090 5420 οἰηθῇς
2120 5351 2259 5402 κατὰ
2293 5346 2379 5400 τὴν
2408 5348 2575 5420 πάλαι
2619 5346 2853 5416 Ἰσραὴλ,
2877 5345 3199 5420 ret_l_di_tque__
3226 5345 3472 5420 Desert-4:,

1903 5415 2095 5487 nequa
2129 5420 2340 5472 ducat-3's
2361 5419 2602 5488 Opinione
2629 5415 2771 5470 mm
2792 5415 2978 5486 populi
3007 5415 3324 5488 Israelitici;
3355 5433 3471 5488 pro,

1901 5486 2152 5556 οἱνωοῇς.
2184 5507 2247 5541 ne
2289 5486 2405 5543 vino
2435 5487 2736 5556 implearis,
2772 5504 2865 5540 seu
2919 5495 2970 5540 te
3019 5486 3112 5538 illo
3157 5486 3474 5556 ingurgites.

1901 5558 1974 5612 De
2011 5559 2165 5611 vituli
2201 5560 2348 5612 enim
2383 5555 2589 5611 fabrica
2624 5572 2804 5610 sermo
2834 5565 2938 5617 est,
2967 5556 3054 5609 cui
3099 5555 3311 5622 praeivit
3364 5572 3473 5608 non

1899 5628 2105 5696 quaevis
2134 5629 2340 5698 opinio,
2385 5627 2478 5698 sed
2514 5628 2856 5698 temulentia,
2906 5634 2964 5678 ut
3008 5624 3182 5698 liquet
3218 5639 3477 5698 exsacm

1899 5693 2070 5760 textu,
2096 5693 2271 5766 exque
2308 5699 2409 5752 PP.
2449 5697 2648 5751 Basilio
2677 5705 2732 5750 ct
2773 5697 2914 5766 aliis,
2947 5693 3148 5766 quibus
3175 5693 3331 5766 nihil
3354 5709 3473 5746 cre-

1899 5767 2052 5840 brius
2093 5763 2197 5822 lioc
2238 5777 2579 5840 argumento,
2619 5776 2676 5822 ut
2727 5766 2795 5820 ab
2842 5764 3110 5820 ebrietate
3153 5763 3472 5835 poculisque

1897 5839 2231 5895 deterreant.
