  <div class='ocr_page' id='page_1' title='image "/cluster/home/n/w/nwhite01/storage/ocr_20150623/90/nnc1.0046980113/567.png"; bbox 0 0 4208 6436; ppageno 0'>
   <div class='ocr_carea' id='block_1_1' title="bbox 796 408 931 479">
    <p class='ocr_par' dir='ltr' id='par_1_1' title="bbox 796 408 931 479">
     <span class='ocr_line' id='line_1_1' title="bbox 796 408 931 479; baseline 0.067 -9"><span class='ocrx_word' id='word_1_1' title='bbox 796 408 931 479; x_wconf 83' lang='lat'><strong>111.9</strong></span> 
     </span>
    </p>
   </div>
   <div class='ocr_carea' id='block_1_2' title="bbox 1950 402 2891 466">
    <p class='ocr_par' dir='ltr' id='par_1_2' title="bbox 1950 402 2891 466">
     <span class='ocr_line' id='line_1_2' title="bbox 1950 402 2891 466; baseline -0.001 0"><span class='ocrx_word' id='word_1_2' title='bbox 1950 405 2013 466; x_wconf 93' lang='lat' dir='ltr'><strong>S.</strong></span> <span class='ocrx_word' id='word_1_3' title='bbox 2054 402 2340 464; x_wconf 74' lang='lat' dir='ltr'><strong>MAXIMI</strong></span> <span class='ocrx_word' id='word_1_4' title='bbox 2380 403 2891 465; x_wconf 81' lang='lat' dir='ltr'><strong>CONFESSORIS</strong></span> 
     </span>
    </p>
   </div>
   <div class='ocr_carea' id='block_1_3' title="bbox 3914 401 4043 467">
    <p class='ocr_par' dir='ltr' id='par_1_3' title="bbox 3914 401 4043 467">
     <span class='ocr_line' id='line_1_3' title="bbox 3914 401 4043 467; baseline 0.016 -2"><span class='ocrx_word' id='word_1_5' title='bbox 3914 401 4043 467; x_wconf 69' lang='lat'><strong>1120</strong></span> 
     </span>
    </p>
   </div>
   <div class='ocr_carea' id='block_1_4' title="bbox 864 508 2385 584">
    <p class='ocr_par' dir='ltr' id='par_1_4' title="bbox 864 512 2371 584">
     <span class='ocr_line' id='line_1_4' title="bbox 864 512 2371 584; baseline -0.004 -15"><span class='ocrx_word' id='word_1_6' title='bbox 864 512 954 569; x_wconf 75' lang='lat'><strong>85&#39;.</strong></span> <span class='ocrx_word' id='word_1_7' title='bbox 980 514 1189 584; x_wconf 83' lang='lat' dir='ltr'><strong>Caligo,</strong></span> <span class='ocrx_word' id='word_1_8' title='bbox 1230 513 1498 569; x_wconf 87' lang='lat' dir='ltr'><strong>obscurus</strong></span> <span class='ocrx_word' id='word_1_9' title='bbox 1526 520 1611 568; x_wconf 89' lang='lat' dir='ltr'><strong>est</strong></span> <span class='ocrx_word' id='word_1_10' title='bbox 1645 528 1741 567; x_wconf 89' lang='lat' dir='ltr'><strong>seu</strong></span> <span class='ocrx_word' id='word_1_11' title='bbox 1792 512 2026 583; x_wconf 75' lang='lat' dir='ltr'><strong>invisus,</strong></span> <span class='ocrx_word' id='word_1_12' title='bbox 2062 525 2371 581; x_wconf 76' lang='lat' dir='ltr'><strong>expersque</strong></span> 
     </span>
    </p>
   </div>
   <div class='ocr_carea' id='block_1_5' title="bbox 2484 508 4044 584">
    <p class='ocr_par' dir='ltr' id='par_1_5' title="bbox 2549 508 4044 580">
     <span class='ocr_line' id='line_1_5' title="bbox 2549 508 4044 580; baseline -0.002 -16"><span class='ocrx_word' id='word_1_13' title='bbox 2549 518 2649 565; x_wconf 85' lang='grc' dir='ltr'><strong>πε’.</strong></span> <span class='ocrx_word' id='word_1_14' title='bbox 2695 510 2755 563; x_wconf 87' lang='grc' dir='ltr'>Ὀ</span> <span class='ocrx_word' id='word_1_15' title='bbox 2778 511 2973 579; x_wconf 69' lang='grc' dir='ltr'><strong>γνόφος</strong></span> <span class='ocrx_word' id='word_1_16' title='bbox 2994 510 3160 575; x_wconf 78' lang='grc' dir='ltr'><strong>ἐστὶν,</strong></span> <span class='ocrx_word' id='word_1_17' title='bbox 3187 512 3218 580; x_wconf 86' lang='grc' dir='ltr'><strong>ή</strong></span> <span class='ocrx_word' id='word_1_18' title='bbox 3248 509 3434 579; x_wconf 76' lang='grc' dir='ltr'><strong>ἀειδής</strong></span> <span class='ocrx_word' id='word_1_19' title='bbox 3462 509 3555 562; x_wconf 79' lang='grc' dir='ltr'><strong>καὶ</strong></span> <span class='ocrx_word' id='word_1_20' title='bbox 3584 508 3745 573; x_wconf 77' lang='grc' dir='ltr'><strong>ἆῡλος</strong></span> <span class='ocrx_word' id='word_1_21' title='bbox 3774 509 3872 563; x_wconf 77' lang='grc' dir='ltr'><strong>καὶ</strong></span> <span class='ocrx_word' id='word_1_22' title='bbox 3904 508 4044 563; x_wconf 78' lang='grc' dir='ltr'><strong>ἀσώ-</strong></span> 
     </span>
    </p>
   </div>
   <div class='ocr_carea' id='block_1_6' title="bbox 794 604 2371 675">
    <p class='ocr_par' dir='ltr' id='par_1_6' title="bbox 794 604 2371 675">
     <span class='ocr_line' id='line_1_6' title="bbox 794 604 2371 675; baseline -0.003 -17"><span class='ocrx_word' id='word_1_23' title='bbox 794 606 1039 660; x_wconf 68' lang='grc' dir='ltr'><strong>ηιδιετίω</strong></span> <span class='ocrx_word' id='word_1_24' title='bbox 1068 621 1131 660; x_wconf 91' lang='lat' dir='ltr'><strong>ac</strong></span> <span class='ocrx_word' id='word_1_25' title='bbox 1162 606 1522 675; x_wconf 88' lang='lat' dir='ltr'><strong>incorporeus</strong></span> <span class='ocrx_word' id='word_1_26' title='bbox 1546 613 1745 669; x_wconf 87' lang='lat' dir='ltr'><strong>status,</strong></span> <span class='ocrx_word' id='word_1_27' title='bbox 1770 604 2141 673; x_wconf 83' lang='lat' dir='ltr'><strong>exemplarem</strong></span> <span class='ocrx_word' id='word_1_28' title='bbox 2184 617 2371 657; x_wconf 91' lang='lat' dir='ltr'><strong>rerum</strong></span> 
     </span>
    </p>
   </div>
   <div class='ocr_carea' id='block_1_7' title="bbox 794 692 2368 766">
    <p class='ocr_par' dir='ltr' id='par_1_7' title="bbox 794 692 2368 766">
     <span class='ocr_line' id='line_1_7' title="bbox 794 692 2368 766; baseline -0.003 -17"><span class='ocrx_word' id='word_1_29' title='bbox 794 696 1084 750; x_wconf 73' lang='lat' dir='ltr'><strong>scientiam</strong></span> <span class='ocrx_word' id='word_1_30' title='bbox 1117 697 1328 751; x_wconf 84' lang='lat' dir='ltr'><strong>habens</strong></span> <span class='ocrx_word' id='word_1_31' title='bbox 1360 715 1373 750; x_wconf 94' lang='lat'><strong>:</strong></span> <span class='ocrx_word' id='word_1_32' title='bbox 1404 697 1457 750; x_wconf 87' lang='lat' dir='ltr'><strong>in</strong></span> <span class='ocrx_word' id='word_1_33' title='bbox 1514 712 1679 766; x_wconf 90' lang='lat' dir='ltr'><strong>quam</strong></span> <span class='ocrx_word' id='word_1_34' title='bbox 1711 696 1803 765; x_wconf 87' lang='lat' dir='ltr'><strong>qui</strong></span> <span class='ocrx_word' id='word_1_35' title='bbox 1842 695 2123 764; x_wconf 85' lang='lat' dir='ltr'><strong>ingressus</strong></span> <span class='ocrx_word' id='word_1_36' title='bbox 2150 703 2255 757; x_wconf 88' lang='lat' dir='ltr'><strong>est,</strong></span> <span class='ocrx_word' id='word_1_37' title='bbox 2281 692 2368 745; x_wconf 89' lang='lat' dir='ltr'><strong>vel</strong></span> 
     </span>
    </p>
   </div>
   <div class='ocr_carea' id='block_1_8' title="bbox 797 786 2369 857">
    <p class='ocr_par' dir='ltr' id='par_1_8' title="bbox 797 786 2369 857">
     <span class='ocr_line' id='line_1_8' title="bbox 797 786 2369 857; baseline -0.001 -19"><span class='ocrx_word' id='word_1_38' title='bbox 797 795 855 841; x_wconf 90' lang='lat' dir='ltr'><strong>ut</strong></span> <span class='ocrx_word' id='word_1_39' title='bbox 885 788 1027 842; x_wconf 91' lang='lat' dir='ltr'><strong>alius</strong></span> <span class='ocrx_word' id='word_1_40' title='bbox 1054 788 1327 857; x_wconf 84' lang='lat' dir='ltr'><strong>quispiam</strong></span> <span class='ocrx_word' id='word_1_41' title='bbox 1360 788 1555 851; x_wconf 84' lang='lat' dir='ltr'><strong>Moses,</strong></span> <span class='ocrx_word' id='word_1_42' title='bbox 1588 787 1807 842; x_wconf 87' lang='lat' dir='ltr'><strong>mortali</strong></span> <span class='ocrx_word' id='word_1_43' title='bbox 1846 796 2058 841; x_wconf 73' lang='lat' dir='ltr'><strong>natura:</strong></span> <span class='ocrx_word' id='word_1_44' title='bbox 2090 786 2369 854; x_wconf 86' lang='lat' dir='ltr'><strong>inaspecta</strong></span> 
     </span>
    </p>
   </div>
   <div class='ocr_carea' id='block_1_9' title="bbox 795 877 2372 949">
    <p class='ocr_par' dir='ltr' id='par_1_9' title="bbox 795 877 2372 949">
     <span class='ocr_line' id='line_1_9' title="bbox 795 877 2372 949; baseline 0 -18"><span class='ocrx_word' id='word_1_45' title='bbox 795 880 1145 944; x_wconf 78' lang='lat' dir='ltr'><strong>considerat;</strong></span> <span class='ocrx_word' id='word_1_46' title='bbox 1192 880 1299 935; x_wconf 90' lang='lat' dir='ltr'><strong>hac</strong></span> <span class='ocrx_word' id='word_1_47' title='bbox 1338 880 1622 944; x_wconf 87' lang='lat' dir='ltr'><strong>nimirum,</strong></span> <span class='ocrx_word' id='word_1_48' title='bbox 1666 878 1982 933; x_wconf 88' lang='lat' dir='ltr'><strong>divinarum</strong></span> <span class='ocrx_word' id='word_1_49' title='bbox 2020 878 2179 949; x_wconf 64' lang='grc'><strong>48],</strong></span> <span class='ocrx_word' id='word_1_50' title='bbox 2226 877 2281 931; x_wconf 92' lang='lat' dir='ltr'><strong>in</strong></span> <span class='ocrx_word' id='word_1_51' title='bbox 2313 893 2372 932; x_wconf 91' lang='lat' dir='ltr'><strong>se</strong></span> 
     </span>
    </p>
   </div>
   <div class='ocr_carea' id='block_1_10' title="bbox 796 966 2371 1037">
    <p class='ocr_par' dir='ltr' id='par_1_10' title="bbox 796 966 2371 1037">
     <span class='ocr_line' id='line_1_10' title="bbox 796 966 2371 1037; baseline 0.002 -21"><span class='ocrx_word' id='word_1_52' title='bbox 796 966 1063 1019; x_wconf 84' lang='lat' dir='ltr'><strong>virtutum</strong></span> <span class='ocrx_word' id='word_1_53' title='bbox 1087 966 1344 1022; x_wconf 88' lang='lat' dir='ltr'><strong>decorem</strong></span> <span class='ocrx_word' id='word_1_54' title='bbox 1374 967 1700 1033; x_wconf 80' lang='lat' dir='ltr'><strong>informans,</strong></span> <span class='ocrx_word' id='word_1_55' title='bbox 1734 976 1991 1036; x_wconf 75' lang='lat' dir='ltr'><strong>tanquam</strong></span> <span class='ocrx_word' id='word_1_56' title='bbox 2022 966 2223 1022; x_wconf 72' lang='lat' dir='ltr'><strong>tabella</strong></span> <span class='ocrx_word' id='word_1_57' title='bbox 2246 981 2371 1037; x_wconf 77' lang='lat' dir='ltr'><strong>gra~</strong></span> 
     </span>
    </p>
   </div>
   <div class='ocr_carea' id='block_1_11' title="bbox 794 1054 2373 1126">
    <p class='ocr_par' dir='ltr' id='par_1_11' title="bbox 794 1054 2373 1126">
     <span class='ocr_line' id='line_1_11' title="bbox 794 1054 2373 1126; baseline 0.001 -20"><span class='ocrx_word' id='word_1_58' title='bbox 794 1055 955 1124; x_wconf 85' lang='lat' dir='ltr'><strong>phice</strong></span> <span class='ocrx_word' id='word_1_59' title='bbox 984 1056 1129 1124; x_wconf 91' lang='lat' dir='ltr'><strong>picta</strong></span> <span class='ocrx_word' id='word_1_60' title='bbox 1168 1056 1472 1119; x_wconf 89' lang='lat' dir='ltr'><strong>descendit,</strong></span> <span class='ocrx_word' id='word_1_61' title='bbox 1501 1055 1770 1125; x_wconf 86' lang='lat' dir='ltr'><strong>principis</strong></span> <span class='ocrx_word' id='word_1_62' title='bbox 1798 1055 1989 1110; x_wconf 73' lang='lat' dir='ltr'><strong>forma:</strong></span> <span class='ocrx_word' id='word_1_63' title='bbox 2025 1056 2255 1126; x_wconf 90' lang='lat' dir='ltr'><strong>ejusque</strong></span> <span class='ocrx_word' id='word_1_64' title='bbox 2282 1054 2373 1108; x_wconf 88' lang='lat' dir='ltr'><strong>de-</strong></span> 
     </span>
    </p>
   </div>
   <div class='ocr_carea' id='block_1_12' title="bbox 793 1147 2368 1219">
    <p class='ocr_par' dir='ltr' id='par_1_12' title="bbox 793 1147 2368 1219">
     <span class='ocr_line' id='line_1_12' title="bbox 793 1147 2368 1219; baseline -0.001 -17"><span class='ocrx_word' id='word_1_65' title='bbox 793 1148 942 1202; x_wconf 91' lang='lat' dir='ltr'><strong>coris</strong></span> <span class='ocrx_word' id='word_1_66' title='bbox 986 1163 1299 1217; x_wconf 84' lang='lat' dir='ltr'><strong>expressam</strong></span> <span class='ocrx_word' id='word_1_67' title='bbox 1345 1149 1574 1219; x_wconf 92' lang='lat' dir='ltr'><strong>pulchre</strong></span> <span class='ocrx_word' id='word_1_68' title='bbox 1618 1149 2039 1204; x_wconf 83' lang='lat' dir='ltr'><strong>similitudinem</strong></span> <span class='ocrx_word' id='word_1_69' title='bbox 2080 1147 2368 1213; x_wconf 75' lang='lat' dir='ltr'><strong>referens;</strong></span> 
     </span>
    </p>
   </div>
   <div class='ocr_carea' id='block_1_13' title="bbox 796 1239 2371 1311">
    <p class='ocr_par' dir='ltr' id='par_1_13' title="bbox 796 1239 2371 1311">
     <span class='ocr_line' id='line_1_13' title="bbox 796 1239 2371 1311; baseline 0.001 -19"><span class='ocrx_word' id='word_1_70' title='bbox 796 1239 915 1307; x_wconf 90' lang='lat' dir='ltr'><strong>ipse</strong></span> <span class='ocrx_word' id='word_1_71' title='bbox 948 1254 1005 1292; x_wconf 91' lang='lat' dir='ltr'><strong>se</strong></span> <span class='ocrx_word' id='word_1_72' title='bbox 1050 1240 1159 1293; x_wconf 86' lang='lat' dir='ltr'><strong>illis</strong></span> <span class='ocrx_word' id='word_1_73' title='bbox 1204 1240 1514 1310; x_wconf 74' lang='lat' dir='ltr'><strong>exemplum</strong></span> <span class='ocrx_word' id='word_1_74' title='bbox 1552 1240 1885 1310; x_wconf 86' lang='lat' dir='ltr'><strong>producens,</strong></span> <span class='ocrx_word' id='word_1_75' title='bbox 1926 1240 2129 1311; x_wconf 88' lang='lat' dir='ltr'><strong>quibus</strong></span> <span class='ocrx_word' id='word_1_76' title='bbox 2165 1248 2224 1295; x_wconf 87' lang='lat' dir='ltr'><strong>ut</strong></span> <span class='ocrx_word' id='word_1_77' title='bbox 2258 1240 2371 1294; x_wconf 91' lang='lat' dir='ltr'><strong>vir-</strong></span> 
     </span>
    </p>
   </div>
   <div class='ocr_carea' id='block_1_14' title="bbox 798 1330 2373 1400">
    <p class='ocr_par' dir='ltr' id='par_1_14' title="bbox 798 1330 2373 1400">
     <span class='ocr_line' id='line_1_14' title="bbox 798 1330 2373 1400; baseline 0.001 -18"><span class='ocrx_word' id='word_1_78' title='bbox 798 1339 970 1383; x_wconf 90' lang='lat' dir='ltr'><strong>tutcm</strong></span> <span class='ocrx_word' id='word_1_79' title='bbox 1014 1330 1301 1385; x_wconf 85' lang='lat' dir='ltr'><strong>imitentur</strong></span> <span class='ocrx_word' id='word_1_80' title='bbox 1341 1333 1526 1385; x_wconf 88' lang='lat' dir='ltr'><strong>animo</strong></span> <span class='ocrx_word' id='word_1_81' title='bbox 1567 1331 1931 1386; x_wconf 89' lang='lat' dir='ltr'><strong>constitutum</strong></span> <span class='ocrx_word' id='word_1_82' title='bbox 1960 1341 2083 1397; x_wconf 89' lang='lat' dir='ltr'><strong>est;</strong></span> <span class='ocrx_word' id='word_1_83' title='bbox 2133 1332 2373 1400; x_wconf 85' lang='lat' dir='ltr'><strong>hincque</strong></span> 
     </span>
    </p>
   </div>
   <div class='ocr_carea' id='block_1_15' title="bbox 796 1422 2372 1495">
    <p class='ocr_par' dir='ltr' id='par_1_15' title="bbox 796 1422 2372 1495">
     <span class='ocr_line' id='line_1_15' title="bbox 796 1422 2372 1495; baseline 0 -20"><span class='ocrx_word' id='word_1_84' title='bbox 796 1422 935 1476; x_wconf 82' lang='lat' dir='ltr'><strong>adeo</strong></span> <span class='ocrx_word' id='word_1_85' title='bbox 992 1433 1262 1493; x_wconf 67' lang='lat' dir='ltr'><strong>percepta:</strong></span> <span class='ocrx_word' id='word_1_86' title='bbox 1321 1425 1508 1495; x_wconf 63' lang='lat' dir='ltr'><strong>gratim</strong></span> <span class='ocrx_word' id='word_1_87' title='bbox 1564 1433 1729 1494; x_wconf 90' lang='lat' dir='ltr'><strong>atque</strong></span> <span class='ocrx_word' id='word_1_88' title='bbox 1782 1426 2028 1479; x_wconf 90' lang='lat' dir='ltr'><strong>muneris</strong></span> <span class='ocrx_word' id='word_1_89' title='bbox 2080 1424 2372 1493; x_wconf 83' lang='lat' dir='ltr'><strong>benignam</strong></span> 
     </span>
    </p>
   </div>
   <div class='ocr_carea' id='block_1_16' title="bbox 795 1513 2050 1583">
    <p class='ocr_par' dir='ltr' id='par_1_16' title="bbox 795 1513 2050 1583">
     <span class='ocr_line' id='line_1_16' title="bbox 795 1513 2050 1583; baseline 0.002 -18"><span class='ocrx_word' id='word_1_90' title='bbox 795 1513 1145 1581; x_wconf 75' lang='lat' dir='ltr'><strong>largitionem</strong></span> <span class='ocrx_word' id='word_1_91' title='bbox 1174 1523 1339 1583; x_wconf 87' lang='lat' dir='ltr'><strong>atque</strong></span> <span class='ocrx_word' id='word_1_92' title='bbox 1370 1515 1705 1570; x_wconf 82' lang='lat' dir='ltr'><strong>aﬂluentiam</strong></span> <span class='ocrx_word' id='word_1_93' title='bbox 1734 1515 2050 1570; x_wconf 81' lang='lat' dir='ltr'><strong>ostendens.</strong></span> 
     </span>
    </p>
   </div>
   <div class='ocr_carea' id='block_1_17' title="bbox 866 1605 2373 1676">
    <p class='ocr_par' dir='ltr' id='par_1_17' title="bbox 866 1605 2373 1676">
     <span class='ocr_line' id='line_1_17' title="bbox 866 1605 2373 1676; baseline 0.001 -17"><span class='ocrx_word' id='word_1_94' title='bbox 866 1607 955 1659; x_wconf 80' lang='lat'><strong>86.</strong></span> <span class='ocrx_word' id='word_1_95' title='bbox 988 1605 1091 1671; x_wconf 86' lang='lat' dir='ltr'><strong>Qui</strong></span> <span class='ocrx_word' id='word_1_96' title='bbox 1116 1606 1255 1661; x_wconf 84' lang='lat' dir='ltr'><strong>labis</strong></span> <span class='ocrx_word' id='word_1_97' title='bbox 1285 1606 1430 1676; x_wconf 91' lang='lat' dir='ltr'><strong>puri,</strong></span> <span class='ocrx_word' id='word_1_98' title='bbox 1456 1606 1710 1676; x_wconf 84' lang='lat' dir='ltr'><strong>religiosa</strong></span> <span class='ocrx_word' id='word_1_99' title='bbox 1740 1608 1944 1675; x_wconf 86' lang='lat' dir='ltr'><strong>pietate</strong></span> <span class='ocrx_word' id='word_1_100' title='bbox 1977 1607 2247 1661; x_wconf 86' lang='lat' dir='ltr'><strong>nitentem</strong></span> <span class='ocrx_word' id='word_1_101' title='bbox 2281 1622 2373 1661; x_wconf 88' lang='lat' dir='ltr'><strong>co-</strong></span> 
     </span>
    </p>
   </div>
   <div class='ocr_carea' id='block_1_18' title="bbox 798 1696 2370 1768">
    <p class='ocr_par' dir='ltr' id='par_1_18' title="bbox 798 1696 2370 1768">
     <span class='ocr_line' id='line_1_18' title="bbox 798 1696 2370 1768; baseline 0.004 -20"><span class='ocrx_word' id='word_1_102' title='bbox 798 1696 921 1749; x_wconf 79' lang='lat' dir='ltr'><strong>lunt</strong></span> <span class='ocrx_word' id='word_1_103' title='bbox 977 1697 1422 1767; x_wconf 80' lang='lat' dir='ltr'><strong>philosOphiam,</strong></span> <span class='ocrx_word' id='word_1_104' title='bbox 1480 1697 1781 1751; x_wconf 89' lang='lat' dir='ltr'><strong>maximum</strong></span> <span class='ocrx_word' id='word_1_105' title='bbox 1836 1712 1904 1752; x_wconf 87' lang='lat' dir='ltr'><strong>ex</strong></span> <span class='ocrx_word' id='word_1_106' title='bbox 1960 1698 2081 1768; x_wconf 88' lang='lat' dir='ltr'><strong>ejus</strong></span> <span class='ocrx_word' id='word_1_107' title='bbox 2142 1698 2370 1754; x_wconf 86' lang='lat' dir='ltr'><strong>scientia</strong></span> 
     </span>
    </p>
   </div>
   <div class='ocr_carea' id='block_1_19' title="bbox 798 1788 2371 1857">
    <p class='ocr_par' dir='ltr' id='par_1_19' title="bbox 798 1788 2371 1857">
     <span class='ocr_line' id='line_1_19' title="bbox 798 1788 2371 1857; baseline 0.001 -17"><span class='ocrx_word' id='word_1_108' title='bbox 798 1788 1012 1842; x_wconf 89' lang='lat' dir='ltr'><strong>lucrum</strong></span> <span class='ocrx_word' id='word_1_109' title='bbox 1060 1789 1497 1855; x_wconf 90' lang='lat' dir='ltr'><strong>nanciscuntur;</strong></span> <span class='ocrx_word' id='word_1_110' title='bbox 1548 1789 1655 1842; x_wconf 90' lang='lat' dir='ltr'><strong>hoc</strong></span> <span class='ocrx_word' id='word_1_111' title='bbox 1698 1804 1918 1857; x_wconf 88' lang='lat' dir='ltr'><strong>nempe,</strong></span> <span class='ocrx_word' id='word_1_112' title='bbox 1963 1796 2023 1843; x_wconf 92' lang='lat' dir='ltr'><strong>ut</strong></span> <span class='ocrx_word' id='word_1_113' title='bbox 2062 1803 2220 1843; x_wconf 89' lang='lat' dir='ltr'><strong>mens</strong></span> <span class='ocrx_word' id='word_1_114' title='bbox 2264 1804 2371 1842; x_wconf 91' lang='lat' dir='ltr'><strong>una</strong></span> 
     </span>
    </p>
   </div>
   <div class='ocr_carea' id='block_1_20' title="bbox 2477 600 4046 673">
    <p class='ocr_par' dir='ltr' id='par_1_20' title="bbox 2477 600 4046 673">
     <span class='ocr_line' id='line_1_20' title="bbox 2477 600 4046 673; baseline -0.001 -18"><span class='ocrx_word' id='word_1_115' title='bbox 2477 618 2644 670; x_wconf 81' lang='grc' dir='ltr'><strong>ματος</strong></span> <span class='ocrx_word' id='word_1_116' title='bbox 2668 602 3021 667; x_wconf 85' lang='grc' dir='ltr'><strong>κατάστασις,</strong></span> <span class='ocrx_word' id='word_1_117' title='bbox 3053 604 3086 673; x_wconf 80' lang='grc' dir='ltr'>ἡ</span> <span class='ocrx_word' id='word_1_118' title='bbox 3119 602 3219 671; x_wconf 75' lang='grc' dir='ltr'><strong>τὴν</strong></span> <span class='ocrx_word' id='word_1_119' title='bbox 3249 600 3763 672; x_wconf 81' lang='grc' dir='ltr'><strong>παραδειγματικὴν</strong></span> <span class='ocrx_word' id='word_1_120' title='bbox 3799 600 3913 655; x_wconf 84' lang='grc' dir='ltr'><strong>τῶν</strong></span> <span class='ocrx_word' id='word_1_121' title='bbox 3961 600 4046 654; x_wconf 77' lang='grc' dir='ltr'><strong>όν-</strong></span> 
     </span>
    </p>
   </div>
   <div class='ocr_carea' id='block_1_21' title="bbox 2473 684 4045 764">
    <p class='ocr_par' dir='ltr' id='par_1_21' title="bbox 2473 684 4045 764">
     <span class='ocr_line' id='line_1_21' title="bbox 2473 684 4045 764; baseline 0.001 -22"><span class='ocrx_word' id='word_1_122' title='bbox 2473 707 2580 742; x_wconf 86' lang='grc' dir='ltr'><strong>των</strong></span> <span class='ocrx_word' id='word_1_123' title='bbox 2606 690 2803 760; x_wconf 74' lang='grc' dir='ltr'><strong>ἔχουσα</strong></span> <span class='ocrx_word' id='word_1_124' title='bbox 2835 690 3035 759; x_wconf 79' lang='grc' dir='ltr'><strong>γνῶσιν</strong></span> <span class='ocrx_word' id='word_1_125' title='bbox 3055 708 3068 721; x_wconf 90' lang='grc'><strong>·</strong></span> <span class='ocrx_word' id='word_1_126' title='bbox 3096 694 3154 744; x_wconf 83' lang='grc' dir='ltr'><strong>ὲν</strong></span> <span class='ocrx_word' id='word_1_127' title='bbox 3249 692 3278 743; x_wconf 89' lang='grc' dir='ltr'><strong>ό</strong></span> <span class='ocrx_word' id='word_1_128' title='bbox 3316 690 3608 759; x_wconf 86' lang='grc' dir='ltr'><strong>γενόμενος</strong></span> <span class='ocrx_word' id='word_1_129' title='bbox 3632 690 3823 755; x_wconf 70' lang='grc' dir='ltr'><strong>¹ἐντὸς,</strong></span> <span class='ocrx_word' id='word_1_130' title='bbox 3876 690 4045 745; x_wconf 80' lang='grc' dir='ltr'><strong>καθά-</strong></span> 
     </span>
    </p>
   </div>
   <div class='ocr_carea' id='block_1_22' title="bbox 2474 779 4045 853">
    <p class='ocr_par' dir='ltr' id='par_1_22' title="bbox 2474 779 4045 853">
     <span class='ocr_line' id='line_1_22' title="bbox 2474 779 4045 853; baseline 0 -19"><span class='ocrx_word' id='word_1_131' title='bbox 2474 799 2579 852; x_wconf 90' lang='grc' dir='ltr'><strong>περ</strong></span> <span class='ocrx_word' id='word_1_132' title='bbox 2606 798 2690 845; x_wconf 87' lang='grc' dir='ltr'><strong>τις</strong></span> <span class='ocrx_word' id='word_1_133' title='bbox 2718 781 2876 845; x_wconf 68' lang='grc' dir='ltr'><strong>ἄλλος</strong></span> <span class='ocrx_word' id='word_1_134' title='bbox 2925 780 3185 853; x_wconf 84' lang='grc' dir='ltr'><strong>Μωῦσῆς,</strong></span> <span class='ocrx_word' id='word_1_135' title='bbox 3238 779 3400 850; x_wconf 86' lang='grc' dir='ltr'><strong>φύσει</strong></span> <span class='ocrx_word' id='word_1_136' title='bbox 3460 780 3628 851; x_wconf 80' lang='grc' dir='ltr'><strong>θνητῇ</strong></span> <span class='ocrx_word' id='word_1_137' title='bbox 3682 784 3939 834; x_wconf 77' lang='grc' dir='ltr'><strong>κατανοεῖ</strong></span> <span class='ocrx_word' id='word_1_138' title='bbox 3983 781 4045 834; x_wconf 79' lang='grc' dir='ltr'><strong>τὰ</strong></span> 
     </span>
    </p>
   </div>
   <div class='ocr_carea' id='block_1_23' title="bbox 2474 868 4023 943">
    <p class='ocr_par' dir='ltr' id='par_1_23' title="bbox 2474 868 4023 943">
     <span class='ocr_line' id='line_1_23' title="bbox 2474 868 4023 943; baseline -0.003 -15"><span class='ocrx_word' id='word_1_139' title='bbox 2474 874 2711 929; x_wconf 67' lang='grc' dir='ltr'><strong>ἀθέατα⁸</strong></span> <span class='ocrx_word' id='word_1_140' title='bbox 2742 874 2809 927; x_wconf 75' lang='grc' dir='ltr'><strong>δι’</strong></span> <span class='ocrx_word' id='word_1_141' title='bbox 2835 868 2903 943; x_wconf 87' lang='grc' dir='ltr'><strong>ἦς</strong></span> <span class='ocrx_word' id='word_1_142' title='bbox 2953 873 3060 926; x_wconf 89' lang='grc' dir='ltr'><strong>τῶν</strong></span> <span class='ocrx_word' id='word_1_143' title='bbox 3101 874 3261 927; x_wconf 92' lang='grc' dir='ltr'><strong>θείων</strong></span> <span class='ocrx_word' id='word_1_144' title='bbox 3295 872 3509 941; x_wconf 81' lang='grc' dir='ltr'><strong>ἀρετῶν</strong></span> <span class='ocrx_word' id='word_1_145' title='bbox 3532 873 3591 924; x_wconf 82' lang='grc' dir='ltr'><strong>ὲν</strong></span> <span class='ocrx_word' id='word_1_146' title='bbox 3625 872 3804 943; x_wconf 75' lang='grc' dir='ltr'><strong>ἑαυτῷ</strong></span> <span class='ocrx_word' id='word_1_147' title='bbox 3835 873 4023 943; x_wconf 80' lang='grc' dir='ltr'><strong>ζωγρα</strong></span> 
     </span>
    </p>
   </div>
   <div class='ocr_carea' id='block_1_24' title="bbox 2473 964 4046 1037">
    <p class='ocr_par' dir='ltr' id='par_1_24' title="bbox 2473 964 4046 1037">
     <span class='ocr_line' id='line_1_24' title="bbox 2473 964 4046 1037; baseline -0.001 -18"><span class='ocrx_word' id='word_1_148' title='bbox 2473 967 2657 1037; x_wconf 80' lang='grc' dir='ltr'><strong>φήσας</strong></span> <span class='ocrx_word' id='word_1_149' title='bbox 2686 966 2748 1025; x_wconf 78' lang='grc' dir='ltr'><strong>τὸ</strong></span> <span class='ocrx_word' id='word_1_150' title='bbox 2794 966 3008 1031; x_wconf 80' lang='grc' dir='ltr'><strong>κάλλος,</strong></span> <span class='ocrx_word' id='word_1_151' title='bbox 3048 966 3238 1036; x_wconf 89' lang='grc' dir='ltr'><strong>ῶσπερ</strong></span> <span class='ocrx_word' id='word_1_152' title='bbox 3278 966 3499 1037; x_wconf 80' lang='grc' dir='ltr'><strong>γραφὴν</strong></span> <span class='ocrx_word' id='word_1_153' title='bbox 3523 965 3848 1037; x_wconf 71' lang='grc' dir='ltr'><strong>εύμιμήτως</strong></span> <span class='ocrx_word' id='word_1_154' title='bbox 3890 964 4046 1035; x_wconf 69' lang='lat' dir='ltr'><strong>[unus</strong></span> 
     </span>
    </p>
   </div>
   <div class='ocr_carea' id='block_1_25' title="bbox 2474 1055 4049 1131">
    <p class='ocr_par' dir='ltr' id='par_1_25' title="bbox 2474 1055 4049 1131">
     <span class='ocr_line' id='line_1_25' title="bbox 2474 1055 4049 1131; baseline -0.005 -17"><span class='ocrx_word' id='word_1_155' title='bbox 2474 1059 2603 1130; x_wconf 85' lang='lat' dir='ltr'><strong>Reg.</strong></span> <span class='ocrx_word' id='word_1_156' title='bbox 2649 1058 2973 1131; x_wconf 79' lang='grc' dir='ltr'><strong>εὐμίμητον]</strong></span> <span class='ocrx_word' id='word_1_157' title='bbox 3006 1058 3231 1129; x_wconf 77' lang='grc' dir='ltr'><strong>ἔχουσαν</strong></span> <span class='ocrx_word' id='word_1_158' title='bbox 3263 1057 3358 1111; x_wconf 76' lang='grc' dir='ltr'><strong>τοῦ</strong></span> <span class='ocrx_word' id='word_1_159' title='bbox 3388 1055 3699 1129; x_wconf 80' lang='grc' dir='ltr'><strong>ἀρχετύπου</strong></span> <span class='ocrx_word' id='word_1_160' title='bbox 3734 1056 3965 1119; x_wconf 84' lang='grc' dir='ltr'><strong>κάλλους</strong></span> <span class='ocrx_word' id='word_1_161' title='bbox 3992 1056 4049 1106; x_wconf 77' lang='grc' dir='ltr'><strong>τὸ</strong></span> 
     </span>
    </p>
   </div>
   <div class='ocr_carea' id='block_1_26' title="bbox 2473 1146 4050 1222">
    <p class='ocr_par' dir='ltr' id='par_1_26' title="bbox 2473 1146 4050 1222">
     <span class='ocr_line' id='line_1_26' title="bbox 2473 1146 4050 1222; baseline -0.003 -20"><span class='ocrx_word' id='word_1_162' title='bbox 2473 1150 2863 1222; x_wconf 83' lang='grc' dir='ltr'><strong>ἀπεικόνισμα,</strong></span> <span class='ocrx_word' id='word_1_163' title='bbox 2918 1149 3163 1203; x_wconf 82' lang='grc' dir='ltr'><strong>κάτεισιν</strong></span> <span class='ocrx_word' id='word_1_164' title='bbox 3188 1166 3202 1179; x_wconf 87' lang='grc'>·</span> <span class='ocrx_word' id='word_1_165' title='bbox 3226 1148 3420 1211; x_wconf 72' lang='grc' dir='ltr'><strong>ἑαυτὸν</strong></span> <span class='ocrx_word' id='word_1_166' title='bbox 3456 1146 3897 1217; x_wconf 78' lang='grc' dir='ltr'><strong>προόαλλόμενος</strong></span> <span class='ocrx_word' id='word_1_167' title='bbox 3943 1148 4050 1206; x_wconf 72' lang='lat' dir='ltr'><strong>toi;</strong></span> 
     </span>
    </p>
   </div>
   <div class='ocr_carea' id='block_1_27' title="bbox 2475 1233 4051 1312">
    <p class='ocr_par' dir='ltr' id='par_1_27' title="bbox 2475 1233 4051 1312">
     <span class='ocr_line' id='line_1_27' title="bbox 2475 1233 4051 1312; baseline -0.006 -19"><span class='ocrx_word' id='word_1_168' title='bbox 2475 1238 2821 1312; x_wconf 81' lang='grc' dir='ltr'><strong>βουλομένοις</strong></span> <span class='ocrx_word' id='word_1_169' title='bbox 2880 1236 3167 1309; x_wconf 86' lang='grc' dir='ltr'><strong>μιμεῖσθαι</strong></span> <span class='ocrx_word' id='word_1_170' title='bbox 3219 1237 3318 1307; x_wconf 80' lang='grc' dir='ltr'><strong>τὴν</strong></span> <span class='ocrx_word' id='word_1_171' title='bbox 3366 1236 3590 1308; x_wconf 81' lang='grc' dir='ltr'><strong>ἀρετὴν,</strong></span> <span class='ocrx_word' id='word_1_172' title='bbox 3640 1237 3735 1288; x_wconf 73' lang='grc' dir='ltr'><strong>καὶ</strong></span> <span class='ocrx_word' id='word_1_173' title='bbox 3771 1236 3831 1287; x_wconf 83' lang='grc' dir='ltr'><strong>ὲν</strong></span> <span class='ocrx_word' id='word_1_174' title='bbox 3880 1233 4051 1302; x_wconf 83' lang='grc' dir='ltr'><strong>τούτῳ</strong></span> 
     </span>
    </p>
   </div>
   <div class='ocr_carea' id='block_1_28' title="bbox 2472 1323 4051 1400">
    <p class='ocr_par' dir='ltr' id='par_1_28' title="bbox 2472 1323 4051 1400">
     <span class='ocr_line' id='line_1_28' title="bbox 2472 1323 4051 1400; baseline -0.004 -18"><span class='ocrx_word' id='word_1_175' title='bbox 2472 1329 2709 1393; x_wconf 82' lang='grc' dir='ltr'><strong>δεικνὺς,</strong></span> <span class='ocrx_word' id='word_1_176' title='bbox 2742 1323 2811 1400; x_wconf 79' lang='grc' dir='ltr'><strong>ἦς</strong></span> <span class='ocrx_word' id='word_1_177' title='bbox 2873 1327 3184 1400; x_wconf 80' lang='grc' dir='ltr'><strong>μετειλήφει</strong></span> <span class='ocrx_word' id='word_1_178' title='bbox 3216 1327 3457 1399; x_wconf 67' lang='grc' dir='ltr'><strong>χάριτος,</strong></span> <span class='ocrx_word' id='word_1_179' title='bbox 3493 1327 3554 1380; x_wconf 84' lang='grc' dir='ltr'><strong>τὸ</strong></span> <span class='ocrx_word' id='word_1_180' title='bbox 3583 1324 3971 1397; x_wconf 82' lang='grc' dir='ltr'><strong>φιλάνθρωπόν</strong></span> <span class='ocrx_word' id='word_1_181' title='bbox 3996 1341 4051 1376; x_wconf 86' lang='grc' dir='ltr'><strong>τε</strong></span> 
     </span>
    </p>
   </div>
   <div class='ocr_carea' id='block_1_29' title="bbox 2474 1420 2842 1490">
    <p class='ocr_par' dir='ltr' id='par_1_29' title="bbox 2474 1420 2842 1490">
     <span class='ocr_line' id='line_1_29' title="bbox 2474 1420 2842 1490; baseline 0.003 -16"><span class='ocrx_word' id='word_1_182' title='bbox 2474 1420 2566 1474; x_wconf 77' lang='grc' dir='ltr'><strong>καὶ</strong></span> <span class='ocrx_word' id='word_1_183' title='bbox 2592 1420 2842 1490; x_wconf 79' lang='grc' dir='ltr'><strong>ἄφθονον.</strong></span> 
     </span>
    </p>
   </div>
   <div class='ocr_carea' id='block_1_30' title="bbox 2546 1592 4053 1665">
    <p class='ocr_par' dir='ltr' id='par_1_30' title="bbox 2546 1592 4053 1665">
     <span class='ocr_line' id='line_1_30' title="bbox 2546 1592 4053 1665; baseline -0.003 -15"><span class='ocrx_word' id='word_1_184' title='bbox 2546 1596 2666 1661; x_wconf 82' lang='grc' dir='ltr'><strong>πς’.</strong></span> <span class='ocrx_word' id='word_1_185' title='bbox 2692 1598 2710 1615; x_wconf 88' lang='grc'><strong>⁹</strong></span> <span class='ocrx_word' id='word_1_186' title='bbox 2765 1595 2830 1648; x_wconf 77' lang='lat' dir='ltr'><strong>0i.</strong></span> <span class='ocrx_word' id='word_1_187' title='bbox 2872 1594 3117 1657; x_wconf 79' lang='grc' dir='ltr'><strong>άσπίλως</strong></span> <span class='ocrx_word' id='word_1_188' title='bbox 3146 1592 3244 1664; x_wconf 82' lang='grc' dir='ltr'><strong>τὴν</strong></span> <span class='ocrx_word' id='word_1_189' title='bbox 3300 1593 3442 1648; x_wconf 83' lang='grc' dir='ltr'><strong>κατά</strong></span> <span class='ocrx_word' id='word_1_190' title='bbox 3481 1593 3618 1648; x_wconf 78' lang='grc' dir='ltr'><strong>Θεὸν</strong></span> <span class='ocrx_word' id='word_1_191' title='bbox 3660 1594 4053 1665; x_wconf 82' lang='grc' dir='ltr'><strong>μετερχόμενοι</strong></span> 
     </span>
    </p>
   </div>
   <div class='ocr_carea' id='block_1_31' title="bbox 2474 1683 4057 1763">
    <p class='ocr_par' dir='ltr' id='par_1_31' title="bbox 2474 1683 4057 1763">
     <span class='ocr_line' id='line_1_31' title="bbox 2474 1683 4057 1763; baseline -0.003 -23"><span class='ocrx_word' id='word_1_192' title='bbox 2474 1686 2814 1756; x_wconf 78' lang='grc' dir='ltr'>φιλοσοφίαν,</span> <span class='ocrx_word' id='word_1_193' title='bbox 2851 1684 3106 1755; x_wconf 82' lang='grc' dir='ltr'><strong>μέγιστον</strong></span> <span class='ocrx_word' id='word_1_194' title='bbox 3129 1684 3195 1737; x_wconf 80' lang='grc' dir='ltr'><strong>ὲκ</strong></span> <span class='ocrx_word' id='word_1_195' title='bbox 3231 1683 3332 1753; x_wconf 83' lang='grc' dir='ltr'><strong>τῆς</strong></span> <span class='ocrx_word' id='word_1_196' title='bbox 3393 1685 3516 1737; x_wconf 78' lang='grc' dir='ltr'><strong>κατ’</strong></span> <span class='ocrx_word' id='word_1_197' title='bbox 3544 1684 3716 1763; x_wconf 81' lang='grc' dir='ltr'><strong>αὐτὴν</strong></span> <span class='ocrx_word' id='word_1_198' title='bbox 3738 1686 4057 1754; x_wconf 73' lang='grc' dir='ltr'><strong>ἐπιστήμης</strong></span> 
     </span>
    </p>
   </div>
   <div class='ocr_carea' id='block_1_32' title="bbox 2476 1772 4058 1846">
    <p class='ocr_par' dir='ltr' id='par_1_32' title="bbox 2476 1772 4058 1846">
     <span class='ocr_line' id='line_1_32' title="bbox 2476 1772 4058 1846; baseline -0.001 -18"><span class='ocrx_word' id='word_1_199' title='bbox 2476 1776 2666 1843; x_wconf 76' lang='grc' dir='ltr'><strong>κέρδος</strong></span> <span class='ocrx_word' id='word_1_200' title='bbox 2716 1776 3028 1846; x_wconf 83' lang='grc' dir='ltr'><strong>εὑρίσκουσι</strong></span> <span class='ocrx_word' id='word_1_201' title='bbox 3056 1791 3070 1806; x_wconf 89' lang='grc'><strong>·</strong></span> <span class='ocrx_word' id='word_1_202' title='bbox 3129 1773 3212 1837; x_wconf 81' lang='grc' dir='ltr'><strong>τὸ,</strong></span> <span class='ocrx_word' id='word_1_203' title='bbox 3262 1774 3461 1845; x_wconf 81' lang='grc' dir='ltr'><strong>μηκέτι</strong></span> <span class='ocrx_word' id='word_1_204' title='bbox 3510 1774 3610 1844; x_wconf 85' lang='grc' dir='ltr'><strong>τὴν</strong></span> <span class='ocrx_word' id='word_1_205' title='bbox 3674 1772 3913 1845; x_wconf 80' lang='grc' dir='ltr'>γνώμην</span> <span class='ocrx_word' id='word_1_206' title='bbox 3950 1777 4058 1834; x_wconf 82' lang='grc' dir='ltr'>τοῖς</span> 
     </span>
    </p>
   </div>
   <div class='ocr_carea' id='block_1_33' title="bbox 798 1843 2385 1951">
    <p class='ocr_par' dir='ltr' id='par_1_33' title="bbox 798 1880 2375 1951">
     <span class='ocr_line' id='line_1_33' title="bbox 798 1880 2375 1951; baseline 0.002 -18"><span class='ocrx_word' id='word_1_207' title='bbox 798 1894 923 1933; x_wconf 92' lang='lat' dir='ltr'><strong>cum</strong></span> <span class='ocrx_word' id='word_1_208' title='bbox 978 1880 1164 1945; x_wconf 90' lang='lat' dir='ltr'><strong>rebus,</strong></span> <span class='ocrx_word' id='word_1_209' title='bbox 1210 1896 1513 1951; x_wconf 87' lang='lat' dir='ltr'><strong>earumque</strong></span> <span class='ocrx_word' id='word_1_210' title='bbox 1558 1880 1944 1935; x_wconf 87' lang='lat' dir='ltr'><strong>immutatione</strong></span> <span class='ocrx_word' id='word_1_211' title='bbox 1985 1896 2095 1941; x_wconf 90' lang='lat' dir='ltr'><strong>non</strong></span> <span class='ocrx_word' id='word_1_212' title='bbox 2135 1881 2375 1950; x_wconf 84' lang='lat' dir='ltr'><strong>amplius</strong></span> 
     </span>
    </p>
   </div>
   <div class='ocr_carea' id='block_1_34' title="bbox 2484 1843 4058 1951">
    <p class='ocr_par' dir='ltr' id='par_1_34' title="bbox 2484 1843 4058 1938">
     <span class='ocr_line' id='line_1_34' title="bbox 2484 1843 4058 1938; baseline -0.001 -19"><span class='ocrx_word' id='word_1_213' title='bbox 2484 1867 2762 1938; x_wconf 76' lang='grc' dir='ltr'><strong>πράγμασι</strong></span> <span class='ocrx_word' id='word_1_214' title='bbox 2783 1843 3359 1936; x_wconf 26' lang='grc' dir='ltr'><strong>νσυμμεταϐάλλεσθαι</strong></span> <span class='ocrx_word' id='word_1_215' title='bbox 3380 1884 3391 1895; x_wconf 77' lang='grc'><em>’</em></span> <span class='ocrx_word' id='word_1_216' title='bbox 3440 1843 3575 1920; x_wconf 79' lang='grc' dir='ltr'><strong>ἀλλά</strong></span> <span class='ocrx_word' id='word_1_217' title='bbox 3616 1865 3736 1937; x_wconf 81' lang='grc' dir='ltr'><strong>μετ’</strong></span> <span class='ocrx_word' id='word_1_218' title='bbox 3760 1843 4058 1925; x_wconf 76' lang='grc' dir='ltr'><strong>εύσταθοῦς</strong></span> 
     </span>
    </p>
   </div>
   <div class='ocr_carea' id='block_1_35' title="bbox 798 1971 2377 2041">
    <p class='ocr_par' dir='ltr' id='par_1_35' title="bbox 798 1971 2377 2041">
     <span class='ocr_line' id='line_1_35' title="bbox 798 1971 2377 2041; baseline 0.003 -18"><span class='ocrx_word' id='word_1_219' title='bbox 798 1979 1073 2037; x_wconf 87' lang='lat' dir='ltr'><strong>mutetur;</strong></span> <span class='ocrx_word' id='word_1_220' title='bbox 1107 1972 1203 2027; x_wconf 89' lang='lat' dir='ltr'><strong>sed</strong></span> <span class='ocrx_word' id='word_1_221' title='bbox 1228 1973 1504 2029; x_wconf 85' lang='lat' dir='ltr'><strong>constanti</strong></span> <span class='ocrx_word' id='word_1_222' title='bbox 1537 1971 1817 2035; x_wconf 82' lang='lat' dir='ltr'><strong>ﬁrmitate,</strong></span> <span class='ocrx_word' id='word_1_223' title='bbox 1855 1971 2122 2041; x_wconf 89' lang='lat' dir='ltr'><strong>quidquid</strong></span> <span class='ocrx_word' id='word_1_224' title='bbox 2155 1972 2377 2028; x_wconf 89' lang='lat' dir='ltr'><strong>virtutis</strong></span> 
     </span>
    </p>
   </div>
   <div class='ocr_carea' id='block_1_36' title="bbox 800 2061 2377 2135">
    <p class='ocr_par' dir='ltr' id='par_1_36' title="bbox 800 2061 2377 2135">
     <span class='ocr_line' id='line_1_36' title="bbox 800 2061 2377 2135; baseline 0.003 -22"><span class='ocrx_word' id='word_1_225' title='bbox 800 2062 997 2116; x_wconf 89' lang='lat' dir='ltr'><strong>rationi</strong></span> <span class='ocrx_word' id='word_1_226' title='bbox 1032 2071 1319 2134; x_wconf 78' lang='lat' dir='ltr'><strong>congruat,</strong></span> <span class='ocrx_word' id='word_1_227' title='bbox 1363 2071 1617 2134; x_wconf 93' lang='lat' dir='ltr'><strong>prompto</strong></span> <span class='ocrx_word' id='word_1_228' title='bbox 1647 2064 1830 2118; x_wconf 92' lang='lat' dir='ltr'><strong>animo</strong></span> <span class='ocrx_word' id='word_1_229' title='bbox 1859 2071 2025 2135; x_wconf 87' lang='lat' dir='ltr'><strong>atque</strong></span> <span class='ocrx_word' id='word_1_230' title='bbox 2067 2061 2235 2117; x_wconf 90' lang='lat' dir='ltr'><strong>alacri</strong></span> <span class='ocrx_word' id='word_1_231' title='bbox 2284 2079 2377 2135; x_wconf 83' lang='lat' dir='ltr'><strong>ag-</strong></span> 
     </span>
    </p>
   </div>
   <div class='ocr_carea' id='block_1_37' title="bbox 797 2154 1141 2224">
    <p class='ocr_par' dir='ltr' id='par_1_37' title="bbox 797 2154 1141 2224">
     <span class='ocr_line' id='line_1_37' title="bbox 797 2154 1141 2224; baseline 0.012 -18"><span class='ocrx_word' id='word_1_232' title='bbox 797 2154 1141 2224; x_wconf 89' lang='lat' dir='ltr'><strong>grediantur.</strong></span> 
     </span>
    </p>
   </div>
   <div class='ocr_carea' id='block_1_38' title="bbox 869 2246 2375 2319">
    <p class='ocr_par' dir='ltr' id='par_1_38' title="bbox 869 2246 2375 2319">
     <span class='ocr_line' id='line_1_38' title="bbox 869 2246 2375 2319; baseline 0.003 -19"><span class='ocrx_word' id='word_1_233' title='bbox 869 2247 956 2300; x_wconf 89' lang='lat'><strong>87.</strong></span> <span class='ocrx_word' id='word_1_234' title='bbox 990 2248 1093 2314; x_wconf 86' lang='lat' dir='ltr'><strong>Qui</strong></span> <span class='ocrx_word' id='word_1_235' title='bbox 1129 2262 1227 2318; x_wconf 92' lang='lat' dir='ltr'><strong>per</strong></span> <span class='ocrx_word' id='word_1_236' title='bbox 1261 2246 1531 2317; x_wconf 88' lang='lat' dir='ltr'><strong>Spiritum</strong></span> <span class='ocrx_word' id='word_1_237' title='bbox 1565 2248 1739 2319; x_wconf 93' lang='lat' dir='ltr'><strong>prima</strong></span> <span class='ocrx_word' id='word_1_238' title='bbox 1755 2247 1811 2303; x_wconf 91' lang='lat' dir='ltr'><strong>in</strong></span> <span class='ocrx_word' id='word_1_239' title='bbox 1839 2246 2063 2303; x_wconf 88' lang='lat' dir='ltr'><strong>Christo</strong></span> <span class='ocrx_word' id='word_1_240' title='bbox 2095 2265 2261 2305; x_wconf 88' lang='lat' dir='ltr'><strong>carne</strong></span> <span class='ocrx_word' id='word_1_241' title='bbox 2292 2250 2375 2304; x_wconf 92' lang='lat' dir='ltr'><strong>in-</strong></span> 
     </span>
    </p>
   </div>
   <div class='ocr_carea' id='block_1_39' title="bbox 798 2340 2373 2410">
    <p class='ocr_par' dir='ltr' id='par_1_39' title="bbox 798 2340 2373 2410">
     <span class='ocr_line' id='line_1_39' title="bbox 798 2340 2373 2410; baseline 0.001 -18"><span class='ocrx_word' id='word_1_242' title='bbox 798 2341 1156 2409; x_wconf 86' lang='lat' dir='ltr'><strong>corruptione</strong></span> <span class='ocrx_word' id='word_1_243' title='bbox 1186 2340 1449 2409; x_wconf 84' lang='lat' dir='ltr'><strong>baptizati</strong></span> <span class='ocrx_word' id='word_1_244' title='bbox 1487 2356 1698 2403; x_wconf 91' lang='lat' dir='ltr'><strong>sumus,</strong></span> <span class='ocrx_word' id='word_1_245' title='bbox 1734 2356 2045 2410; x_wconf 89' lang='lat' dir='ltr'><strong>supremam</strong></span> <span class='ocrx_word' id='word_1_246' title='bbox 2072 2342 2373 2403; x_wconf 88' lang='lat' dir='ltr'><strong>secundum</strong></span> 
     </span>
    </p>
   </div>
   <div class='ocr_carea' id='block_1_40' title="bbox 801 2430 2375 2503">
    <p class='ocr_par' dir='ltr' id='par_1_40' title="bbox 801 2430 2375 2503">
     <span class='ocr_line' id='line_1_40' title="bbox 801 2430 2375 2503; baseline 0.001 -19"><span class='ocrx_word' id='word_1_247' title='bbox 801 2432 981 2501; x_wconf 89' lang='lat' dir='ltr'><strong>ipsum</strong></span> <span class='ocrx_word' id='word_1_248' title='bbox 1008 2432 1062 2485; x_wconf 89' lang='lat' dir='ltr'><strong>in</strong></span> <span class='ocrx_word' id='word_1_249' title='bbox 1094 2432 1313 2502; x_wconf 86' lang='lat' dir='ltr'><strong>spiritu,</strong></span> <span class='ocrx_word' id='word_1_250' title='bbox 1353 2439 1646 2503; x_wconf 88' lang='lat' dir='ltr'><strong>augmento</strong></span> <span class='ocrx_word' id='word_1_251' title='bbox 1687 2430 1900 2486; x_wconf 89' lang='lat' dir='ltr'><strong>scilicet</strong></span> <span class='ocrx_word' id='word_1_252' title='bbox 1931 2431 2200 2485; x_wconf 91' lang='lat' dir='ltr'><strong>bonorum</strong></span> <span class='ocrx_word' id='word_1_253' title='bbox 2241 2447 2375 2500; x_wconf 91' lang='lat' dir='ltr'><strong>ope-</strong></span> 
     </span>
    </p>
   </div>
   <div class='ocr_carea' id='block_1_41' title="bbox 800 2518 2377 2591">
    <p class='ocr_par' dir='ltr' id='par_1_41' title="bbox 800 2518 2377 2591">
     <span class='ocr_line' id='line_1_41' title="bbox 800 2518 2377 2591; baseline -0.001 -17"><span class='ocrx_word' id='word_1_254' title='bbox 800 2537 944 2585; x_wconf 92' lang='lat' dir='ltr'><strong>rum,</strong></span> <span class='ocrx_word' id='word_1_255' title='bbox 973 2522 1277 2591; x_wconf 91' lang='lat' dir='ltr'><strong>mortisque</strong></span> <span class='ocrx_word' id='word_1_256' title='bbox 1311 2519 1461 2575; x_wconf 88' lang='lat' dir='ltr'><strong>illius</strong></span> <span class='ocrx_word' id='word_1_257' title='bbox 1488 2536 1610 2590; x_wconf 71' lang='lat' dir='ltr'><strong>quae</strong></span> <span class='ocrx_word' id='word_1_258' title='bbox 1642 2518 1812 2575; x_wconf 87' lang='lat' dir='ltr'><strong>animi</strong></span> <span class='ocrx_word' id='word_1_259' title='bbox 1840 2519 2126 2589; x_wconf 90' lang='lat' dir='ltr'><strong>proposito</strong></span> <span class='ocrx_word' id='word_1_260' title='bbox 2154 2528 2377 2588; x_wconf 63' lang='lat' dir='ltr'><strong>praesta-</strong></span> 
     </span>
    </p>
   </div>
   <div class='ocr_carea' id='block_1_42' title="bbox 801 2613 2372 2683">
    <p class='ocr_par' dir='ltr' id='par_1_42' title="bbox 801 2613 2372 2683">
     <span class='ocr_line' id='line_1_42' title="bbox 801 2613 2372 2683; baseline -0.003 -15"><span class='ocrx_word' id='word_1_261' title='bbox 801 2623 912 2677; x_wconf 89' lang='lat' dir='ltr'><strong>tur,</strong></span> <span class='ocrx_word' id='word_1_262' title='bbox 955 2614 1143 2683; x_wconf 90' lang='lat' dir='ltr'><strong>priore</strong></span> <span class='ocrx_word' id='word_1_263' title='bbox 1190 2613 1621 2668; x_wconf 90' lang='lat' dir='ltr'><strong>incontaminata</strong></span> <span class='ocrx_word' id='word_1_264' title='bbox 1666 2622 1904 2677; x_wconf 87' lang='lat' dir='ltr'><strong>servata,</strong></span> <span class='ocrx_word' id='word_1_265' title='bbox 1945 2619 2372 2682; x_wconf 76' lang='lat' dir='ltr'><strong>exapectamus:</strong></span> 
     </span>
    </p>
   </div>
   <div class='ocr_carea' id='block_1_43' title="bbox 799 2700 2375 2777">
    <p class='ocr_par' dir='ltr' id='par_1_43' title="bbox 799 2700 2375 2777">
     <span class='ocr_line' id='line_1_43' title="bbox 799 2700 2375 2777; baseline -0.001 -21"><span class='ocrx_word' id='word_1_266' title='bbox 799 2704 1251 2777; x_wconf 79' lang='lat' dir='ltr'><strong>quamquisquis</strong></span> <span class='ocrx_word' id='word_1_267' title='bbox 1279 2704 1515 2774; x_wconf 91' lang='lat' dir='ltr'><strong>adeptus</strong></span> <span class='ocrx_word' id='word_1_268' title='bbox 1552 2710 1656 2769; x_wconf 91' lang='lat' dir='ltr'><strong>est,</strong></span> <span class='ocrx_word' id='word_1_269' title='bbox 1692 2718 1886 2757; x_wconf 88' lang='lat' dir='ltr'><strong>eorum</strong></span> <span class='ocrx_word' id='word_1_270' title='bbox 1928 2716 2052 2772; x_wconf 73' lang='lat' dir='ltr'><strong>quae</strong></span> <span class='ocrx_word' id='word_1_271' title='bbox 2081 2700 2249 2756; x_wconf 90' lang='lat' dir='ltr'><strong>habet</strong></span> <span class='ocrx_word' id='word_1_272' title='bbox 2273 2700 2375 2755; x_wconf 87' lang='lat' dir='ltr'><strong>ho-</strong></span> 
     </span>
    </p>
   </div>
   <div class='ocr_carea' id='block_1_44' title="bbox 801 2796 1650 2867">
    <p class='ocr_par' dir='ltr' id='par_1_44' title="bbox 801 2796 1650 2867">
     <span class='ocr_line' id='line_1_44' title="bbox 801 2796 1650 2867; baseline 0.001 -18"><span class='ocrx_word' id='word_1_273' title='bbox 801 2810 999 2851; x_wconf 90' lang='lat' dir='ltr'><strong>norum</strong></span> <span class='ocrx_word' id='word_1_274' title='bbox 1022 2797 1299 2867; x_wconf 91' lang='lat' dir='ltr'><strong>jacturam</strong></span> <span class='ocrx_word' id='word_1_275' title='bbox 1334 2797 1444 2850; x_wconf 87' lang='lat' dir='ltr'><strong>non</strong></span> <span class='ocrx_word' id='word_1_276' title='bbox 1472 2796 1650 2850; x_wconf 87' lang='lat' dir='ltr'><strong>timet.</strong></span> 
     </span>
    </p>
   </div>
   <div class='ocr_carea' id='block_1_45' title="bbox 870 2971 2378 3043">
    <p class='ocr_par' dir='ltr' id='par_1_45' title="bbox 870 2971 2378 3043">
     <span class='ocr_line' id='line_1_45' title="bbox 870 2971 2378 3043; baseline 0 -17"><span class='ocrx_word' id='word_1_277' title='bbox 870 2971 959 3026; x_wconf 89' lang='lat'><strong>88.</strong></span> <span class='ocrx_word' id='word_1_278' title='bbox 981 2972 1117 3028; x_wconf 89' lang='lat' dir='ltr'><strong>Cum</strong></span> <span class='ocrx_word' id='word_1_279' title='bbox 1138 2974 1253 3029; x_wconf 88' lang='lat' dir='ltr'><strong>Deo</strong></span> <span class='ocrx_word' id='word_1_280' title='bbox 1279 2974 1643 3029; x_wconf 91' lang='lat' dir='ltr'><strong>constitutum</strong></span> <span class='ocrx_word' id='word_1_281' title='bbox 1664 2982 1831 3037; x_wconf 89' lang='lat' dir='ltr'><strong>esset,</strong></span> <span class='ocrx_word' id='word_1_282' title='bbox 1858 2981 1918 3026; x_wconf 94' lang='lat' dir='ltr'><strong>ut</strong></span> <span class='ocrx_word' id='word_1_283' title='bbox 1941 2972 2259 3038; x_wconf 84' lang='lat' dir='ltr'><strong>mortalium</strong></span> <span class='ocrx_word' id='word_1_284' title='bbox 2278 2988 2378 3043; x_wconf 86' lang='lat' dir='ltr'><strong>ge-</strong></span> 
     </span>
    </p>
   </div>
   <div class='ocr_carea' id='block_1_46' title="bbox 799 3064 2378 3136">
    <p class='ocr_par' dir='ltr' id='par_1_46' title="bbox 799 3064 2378 3136">
     <span class='ocr_line' id='line_1_46' title="bbox 799 3064 2378 3136; baseline 0.001 -17"><span class='ocrx_word' id='word_1_285' title='bbox 799 3064 943 3129; x_wconf 87' lang='lat' dir='ltr'><strong>neri,</strong></span> <span class='ocrx_word' id='word_1_286' title='bbox 979 3081 1087 3134; x_wconf 90' lang='lat' dir='ltr'><strong>qua</strong></span> <span class='ocrx_word' id='word_1_287' title='bbox 1127 3066 1181 3118; x_wconf 92' lang='lat' dir='ltr'><strong>in</strong></span> <span class='ocrx_word' id='word_1_288' title='bbox 1207 3065 1388 3136; x_wconf 91' lang='lat' dir='ltr'><strong>ipsum</strong></span> <span class='ocrx_word' id='word_1_289' title='bbox 1420 3064 1801 3121; x_wconf 86' lang='lat' dir='ltr'><strong>misericordia</strong></span> <span class='ocrx_word' id='word_1_290' title='bbox 1828 3074 1933 3131; x_wconf 90' lang='lat' dir='ltr'><strong>est,</strong></span> <span class='ocrx_word' id='word_1_291' title='bbox 1963 3064 2163 3120; x_wconf 66' lang='lat' dir='ltr'><strong>divina:</strong></span> <span class='ocrx_word' id='word_1_292' title='bbox 2186 3081 2217 3121; x_wconf 93' lang='lat' dir='ltr'><strong>e</strong></span> <span class='ocrx_word' id='word_1_293' title='bbox 2238 3066 2378 3126; x_wconf 63' lang='lat' dir='ltr'><strong>coelo</strong></span> 
     </span>
    </p>
   </div>
   <div class='ocr_carea' id='block_1_47' title="bbox 2478 1955 4061 2030">
    <p class='ocr_par' dir='ltr' id='par_1_47' title="bbox 2478 1955 4061 2030">
     <span class='ocr_line' id='line_1_47' title="bbox 2478 1955 4061 2030; baseline -0.002 -19"><span class='ocrx_word' id='word_1_294' title='bbox 2478 1958 2822 2030; x_wconf 75' lang='grc' dir='ltr'><strong>βεϐαιότητος</strong></span> <span class='ocrx_word' id='word_1_295' title='bbox 2840 1963 2997 2030; x_wconf 73' lang='lat' dir='ltr'><strong>[unus</strong></span> <span class='ocrx_word' id='word_1_296' title='bbox 3019 1956 3146 2028; x_wconf 79' lang='lat' dir='ltr'><strong>Reg.</strong></span> <span class='ocrx_word' id='word_1_297' title='bbox 3166 1955 3565 2028; x_wconf 80' lang='grc' dir='ltr'><strong>γενναιότητος]</strong></span> <span class='ocrx_word' id='word_1_298' title='bbox 3593 1957 3671 2028; x_wconf 82' lang='grc' dir='ltr'><strong>(ιι)</strong></span> <span class='ocrx_word' id='word_1_299' title='bbox 3699 1957 3869 2010; x_wconf 74' lang='grc' dir='ltr'><strong>πᾶσιν</strong></span> <span class='ocrx_word' id='word_1_300' title='bbox 3890 1957 4061 2026; x_wconf 78' lang='grc' dir='ltr'><strong>ὲγχειο</strong></span> 
     </span>
    </p>
   </div>
   <div class='ocr_carea' id='block_1_48' title="bbox 2480 2047 4065 2123">
    <p class='ocr_par' dir='ltr' id='par_1_48' title="bbox 2480 2047 4065 2123">
     <span class='ocr_line' id='line_1_48' title="bbox 2480 2047 4065 2123; baseline -0.001 -20"><span class='ocrx_word' id='word_1_301' title='bbox 2480 2054 2594 2123; x_wconf 82' lang='grc' dir='ltr'><strong>ρεῖν</strong></span> <span class='ocrx_word' id='word_1_302' title='bbox 2640 2048 2934 2122; x_wconf 73' lang='grc' dir='ltr'><strong>προθύμως</strong></span> <span class='ocrx_word' id='word_1_303' title='bbox 2965 2052 3078 2114; x_wconf 84' lang='grc' dir='ltr'><strong>τοῖς</strong></span> <span class='ocrx_word' id='word_1_304' title='bbox 3124 2047 3424 2121; x_wconf 78' lang='grc' dir='ltr'><strong>άρμόζουσι</strong></span> <span class='ocrx_word' id='word_1_305' title='bbox 3475 2049 3553 2120; x_wconf 80' lang='grc' dir='ltr'><strong>τῷ</strong></span> <span class='ocrx_word' id='word_1_306' title='bbox 3603 2048 3749 2119; x_wconf 88' lang='grc' dir='ltr'><strong>λόγῳ</strong></span> <span class='ocrx_word' id='word_1_307' title='bbox 3790 2048 3895 2112; x_wconf 79' lang='grc' dir='ltr'><strong>τῆς</strong></span> <span class='ocrx_word' id='word_1_308' title='bbox 3933 2049 4065 2119; x_wconf 81' lang='grc' dir='ltr'><strong>ἁρε-</strong></span> 
     </span>
    </p>
   </div>
   <div class='ocr_carea' id='block_1_49' title="bbox 2476 2158 2596 2203">
    <p class='ocr_par' dir='ltr' id='par_1_49' title="bbox 2476 2158 2596 2203">
     <span class='ocr_line' id='line_1_49' title="bbox 2476 2158 2596 2203; baseline -0.008 -8"><span class='ocrx_word' id='word_1_309' title='bbox 2476 2158 2596 2203; x_wconf 89' lang='grc' dir='ltr'><strong>της.</strong></span> 
     </span>
    </p>
   </div>
   <div class='ocr_carea' id='block_1_50' title="bbox 2496 2158 4066 2301">
    <p class='ocr_par' dir='ltr' id='par_1_50' title="bbox 2496 2158 4066 2301">
     <span class='ocr_line' id='line_1_50' title="bbox 2496 2158 4066 2301; baseline 0.003 -24"><span class='ocrx_word' id='word_1_310' title='bbox 2496 2158 2657 2295; x_wconf 43' lang='grc' dir='ltr'><strong>Ϊηξξζν.</strong></span> <span class='ocrx_word' id='word_1_311' title='bbox 2709 2229 2824 2301; x_wconf 79' lang='grc' dir='ltr'><strong>Τὴν</strong></span> <span class='ocrx_word' id='word_1_312' title='bbox 2878 2229 3019 2282; x_wconf 80' lang='grc' dir='ltr'><strong>κατὰ</strong></span> <span class='ocrx_word' id='word_1_313' title='bbox 3071 2229 3250 2301; x_wconf 83' lang='grc' dir='ltr'><strong>σάρκα</strong></span> <span class='ocrx_word' id='word_1_314' title='bbox 3302 2227 3526 2299; x_wconf 82' lang='grc' dir='ltr'><strong>πρώτην</strong></span> <span class='ocrx_word' id='word_1_315' title='bbox 3581 2229 3639 2281; x_wconf 79' lang='grc' dir='ltr'><strong>ὲν</strong></span> <span class='ocrx_word' id='word_1_316' title='bbox 3695 2228 3924 2300; x_wconf 77' lang='grc' dir='ltr'><strong>Χριστῷ</strong></span> <span class='ocrx_word' id='word_1_317' title='bbox 3978 2229 4066 2281; x_wconf 71' lang='grc' dir='ltr'><strong>διὰ</strong></span> 
     </span>
    </p>
   </div>
   <div class='ocr_carea' id='block_1_51' title="bbox 2477 2305 4067 2395">
    <p class='ocr_par' dir='ltr' id='par_1_51' title="bbox 2477 2305 4067 2395">
     <span class='ocr_line' id='line_1_51' title="bbox 2477 2305 4067 2395; baseline -0.003 -17"><span class='ocrx_word' id='word_1_318' title='bbox 2477 2326 2796 2394; x_wconf 86' lang='grc' dir='ltr'><strong>Πνεύματος</strong></span> <span class='ocrx_word' id='word_1_319' title='bbox 2848 2322 3235 2393; x_wconf 80' lang='grc' dir='ltr'><strong>βαπτισθέντες</strong></span> <span class='ocrx_word' id='word_1_320' title='bbox 3292 2321 3404 2393; x_wconf 70' lang='grc' dir='ltr'><strong>[ιον.</strong></span> <span class='ocrx_word' id='word_1_321' title='bbox 3454 2305 3772 2395; x_wconf 51' lang='grc' dir='ltr'><strong>κτηθέντεςς</strong></span> <span class='ocrx_word' id='word_1_322' title='bbox 3829 2321 4067 2391; x_wconf 79' lang='lat' dir='ltr'><strong>primam</strong></span> 
     </span>
    </p>
   </div>
   <div class='ocr_carea' id='block_1_52' title="bbox 2478 2414 4065 2486">
    <p class='ocr_par' dir='ltr' id='par_1_52' title="bbox 2478 2414 4065 2486">
     <span class='ocr_line' id='line_1_52' title="bbox 2478 2414 4065 2486; baseline -0.003 -14"><span class='ocrx_word' id='word_1_323' title='bbox 2478 2419 2622 2473; x_wconf 84' lang='lat' dir='ltr'><strong>nacti</strong></span> <span class='ocrx_word' id='word_1_324' title='bbox 2669 2414 3137 2486; x_wconf 68' lang='lat' dir='ltr'><strong>incorruptionem]</strong></span> <span class='ocrx_word' id='word_1_325' title='bbox 3172 2414 3503 2485; x_wconf 75' lang='grc' dir='ltr'><strong>ἀφθαρσίαν,</strong></span> <span class='ocrx_word' id='word_1_326' title='bbox 3547 2414 3647 2485; x_wconf 80' lang='grc' dir='ltr'><strong>τὴν</strong></span> <span class='ocrx_word' id='word_1_327' title='bbox 3678 2415 3927 2484; x_wconf 68' lang='grc' dir='ltr'><strong>ἐσχάτην</strong></span> <span class='ocrx_word' id='word_1_328' title='bbox 3942 2420 4065 2469; x_wconf 71' lang='grc' dir='ltr'><strong>κατ’</strong></span> 
     </span>
    </p>
   </div>
   <div class='ocr_carea' id='block_1_53' title="bbox 2477 2506 4073 2581">
    <p class='ocr_par' dir='ltr' id='par_1_53' title="bbox 2477 2506 4073 2581">
     <span class='ocr_line' id='line_1_53' title="bbox 2477 2506 4073 2581; baseline -0.004 -15"><span class='ocrx_word' id='word_1_329' title='bbox 2477 2512 2638 2567; x_wconf 79' lang='grc' dir='ltr'><strong>αὐτὸν</strong></span> <span class='ocrx_word' id='word_1_330' title='bbox 2675 2515 2735 2572; x_wconf 72' lang='grc' dir='ltr'><strong>ἐν</strong></span> <span class='ocrx_word' id='word_1_331' title='bbox 2771 2509 3087 2581; x_wconf 87' lang='grc' dir='ltr'><strong>Πνεύματι·</strong></span> <span class='ocrx_word' id='word_1_332' title='bbox 3145 2508 3214 2561; x_wconf 87' lang='grc' dir='ltr'><strong>δι’</strong></span> <span class='ocrx_word' id='word_1_333' title='bbox 3250 2507 3547 2572; x_wconf 80' lang='grc' dir='ltr'><strong>ἐπιδόσεως</strong></span> <span class='ocrx_word' id='word_1_334' title='bbox 3605 2507 3783 2578; x_wconf 70' lang='grc' dir='ltr'><strong>ἔργων</strong></span> <span class='ocrx_word' id='word_1_335' title='bbox 3837 2506 4073 2576; x_wconf 68' lang='grc' dir='ltr'><strong>ἀγαθῶν</strong></span> 
     </span>
    </p>
   </div>
   <div class='ocr_carea' id='block_1_54' title="bbox 2477 2600 4073 2676">
    <p class='ocr_par' dir='ltr' id='par_1_54' title="bbox 2477 2600 4073 2676">
     <span class='ocr_line' id='line_1_54' title="bbox 2477 2600 4073 2676; baseline -0.003 -17"><span class='ocrx_word' id='word_1_336' title='bbox 2477 2605 2741 2676; x_wconf 82' lang='grc' dir='ltr'><strong>δηλονότι,</strong></span> <span class='ocrx_word' id='word_1_337' title='bbox 2766 2604 2862 2663; x_wconf 64' lang='grc' dir='ltr'><strong>,καὶ</strong></span> <span class='ocrx_word' id='word_1_338' title='bbox 2887 2601 2983 2655; x_wconf 83' lang='grc' dir='ltr'><strong>τοῦ</strong></span> <span class='ocrx_word' id='word_1_339' title='bbox 3023 2601 3165 2663; x_wconf 75' lang='grc' dir='ltr'><strong>κατὰ</strong></span> <span class='ocrx_word' id='word_1_340' title='bbox 3200 2600 3459 2673; x_wconf 79' lang='grc' dir='ltr'><strong>πρόθεσιν</strong></span> <span class='ocrx_word' id='word_1_341' title='bbox 3491 2600 3745 2667; x_wconf 87' lang='grc' dir='ltr'><strong>θανάτου,</strong></span> <span class='ocrx_word' id='word_1_342' title='bbox 3782 2600 3887 2673; x_wconf 77' lang='grc' dir='ltr'><strong>τὴν</strong></span> <span class='ocrx_word' id='word_1_343' title='bbox 3934 2618 4073 2670; x_wconf 65' lang='grc' dir='ltr'><strong>προσ</strong></span> 
     </span>
    </p>
   </div>
   <div class='ocr_carea' id='block_1_55' title="bbox 2477 2693 4071 2768">
    <p class='ocr_par' dir='ltr' id='par_1_55' title="bbox 2477 2693 4071 2768">
     <span class='ocr_line' id='line_1_55' title="bbox 2477 2693 4071 2768; baseline -0.003 -16"><span class='ocrx_word' id='word_1_344' title='bbox 2477 2699 2641 2768; x_wconf 83' lang='grc' dir='ltr'><strong>τέραν</strong></span> <span class='ocrx_word' id='word_1_345' title='bbox 2684 2695 3020 2767; x_wconf 79' lang='grc' dir='ltr'><strong>φυλάξαντες</strong></span> <span class='ocrx_word' id='word_1_346' title='bbox 3088 2693 3443 2761; x_wconf 73' lang='grc' dir='ltr'><strong>άκηλίδωπον,</strong></span> <span class='ocrx_word' id='word_1_347' title='bbox 3503 2693 3838 2765; x_wconf 72' lang='grc' dir='ltr'><strong>ἐκδεχόμεθα</strong></span> <span class='ocrx_word' id='word_1_348' title='bbox 3864 2709 3880 2723; x_wconf 81' lang='grc'><strong><em>⁸</em></strong></span> <span class='ocrx_word' id='word_1_349' title='bbox 3943 2694 4071 2755; x_wconf 79' lang='grc' dir='ltr'><strong>καθ’</strong></span> 
     </span>
    </p>
   </div>
   <div class='ocr_carea' id='block_1_56' title="bbox 2478 2782 4075 2866">
    <p class='ocr_par' dir='ltr' id='par_1_56' title="bbox 2478 2782 4075 2866">
     <span class='ocr_line' id='line_1_56' title="bbox 2478 2782 4075 2866; baseline -0.001 -26"><span class='ocrx_word' id='word_1_350' title='bbox 2478 2790 2544 2866; x_wconf 68' lang='grc' dir='ltr'><strong>ἦν</strong></span> <span class='ocrx_word' id='word_1_351' title='bbox 2572 2789 2679 2841; x_wconf 85' lang='grc' dir='ltr'><strong>τῶν</strong></span> <span class='ocrx_word' id='word_1_352' title='bbox 2714 2787 2967 2857; x_wconf 72' lang='grc' dir='ltr'><strong>ἐχόντων,</strong></span> <span class='ocrx_word' id='word_1_353' title='bbox 3012 2784 3187 2848; x_wconf 69' lang='grc' dir='ltr'><strong>οὐδεὶς</strong></span> <span class='ocrx_word' id='word_1_354' title='bbox 3236 2782 3510 2855; x_wconf 67' lang='grc' dir='ltr'><strong>ἀποβολὴν</strong></span> <span class='ocrx_word' id='word_1_355' title='bbox 3545 2784 3749 2838; x_wconf 81' lang='grc' dir='ltr'><strong>δέδοικε</strong></span> <span class='ocrx_word' id='word_1_356' title='bbox 3782 2783 3897 2838; x_wconf 87' lang='grc' dir='ltr'><strong>τῶν</strong></span> <span class='ocrx_word' id='word_1_357' title='bbox 3928 2800 4075 2856; x_wconf 69' lang='grc' dir='ltr'><strong>κτηο</strong></span> 
     </span>
    </p>
   </div>
   <div class='ocr_carea' id='block_1_57' title="bbox 2479 2878 2955 2949">
    <p class='ocr_par' dir='ltr' id='par_1_57' title="bbox 2479 2878 2955 2949">
     <span class='ocr_line' id='line_1_57' title="bbox 2479 2878 2955 2949; baseline -0.002 -16"><span class='ocrx_word' id='word_1_358' title='bbox 2479 2880 2677 2935; x_wconf 82' lang='grc' dir='ltr'><strong>θέντων</strong></span> <span class='ocrx_word' id='word_1_359' title='bbox 2714 2878 2955 2949; x_wconf 78' lang='grc' dir='ltr'><strong>ἀγαθῶν.</strong></span> 
     </span>
    </p>
   </div>
   <div class='ocr_carea' id='block_1_58' title="bbox 2551 2963 4076 3042">
    <p class='ocr_par' dir='ltr' id='par_1_58' title="bbox 2551 2963 4076 3042">
     <span class='ocr_line' id='line_1_58' title="bbox 2551 2963 4076 3042; baseline -0.004 -19"><span class='ocrx_word' id='word_1_360' title='bbox 2551 2977 2662 3041; x_wconf 70' lang='grc' dir='ltr'><strong>πην.</strong></span> <span class='ocrx_word' id='word_1_361' title='bbox 2688 2972 2810 3034; x_wconf 85' lang='grc' dir='ltr'><strong>Τοῖς</strong></span> <span class='ocrx_word' id='word_1_362' title='bbox 2844 2970 2937 3029; x_wconf 74' lang='grc' dir='ltr'><strong>ἐπὶ</strong></span> <span class='ocrx_word' id='word_1_363' title='bbox 2975 2971 3100 3042; x_wconf 78' lang='grc' dir='ltr'><strong>γῆς,</strong></span> <span class='ocrx_word' id='word_1_364' title='bbox 3130 2969 3232 3039; x_wconf 81' lang='grc' dir='ltr'><strong>τῆς</strong></span> <span class='ocrx_word' id='word_1_365' title='bbox 3279 2967 3431 3029; x_wconf 87' lang='grc' dir='ltr'><strong>θείας</strong></span> <span class='ocrx_word' id='word_1_366' title='bbox 3458 2966 3661 3038; x_wconf 82' lang='grc' dir='ltr'><strong>ἀρετῆς</strong></span> <span class='ocrx_word' id='word_1_367' title='bbox 3705 2965 3801 3019; x_wconf 82' lang='grc' dir='ltr'><strong>ἀπ’</strong></span> <span class='ocrx_word' id='word_1_368' title='bbox 3828 2963 4076 3035; x_wconf 68' lang='grc' dir='ltr'><strong>ούρανοῦ</strong></span> 
     </span>
    </p>
   </div>
   <div class='ocr_carea' id='block_1_59' title="bbox 2478 3058 4075 3135">
    <p class='ocr_par' dir='ltr' id='par_1_59' title="bbox 2478 3058 4075 3135">
     <span class='ocr_line' id='line_1_59' title="bbox 2478 3058 4075 3135; baseline -0.003 -20"><span class='ocrx_word' id='word_1_369' title='bbox 2478 3064 2545 3115; x_wconf 78' lang='grc' dir='ltr'>δι’</span> <span class='ocrx_word' id='word_1_370' title='bbox 2573 3062 2719 3116; x_wconf 77' lang='grc' dir='ltr'><strong>ἔλεον</strong></span> <span class='ocrx_word' id='word_1_371' title='bbox 2744 3062 2835 3115; x_wconf 79' lang='grc' dir='ltr'><strong>τὸν</strong></span> <span class='ocrx_word' id='word_1_372' title='bbox 2858 3062 2993 3134; x_wconf 81' lang='grc' dir='ltr'><strong>πρὸς</strong></span> <span class='ocrx_word' id='word_1_373' title='bbox 3014 3064 3160 3135; x_wconf 76' lang='grc' dir='ltr'><strong>ἡμᾶς</strong></span> <span class='ocrx_word' id='word_1_374' title='bbox 3183 3061 3281 3132; x_wconf 85' lang='grc' dir='ltr'><strong>τὴν</strong></span> <span class='ocrx_word' id='word_1_375' title='bbox 3310 3060 3472 3131; x_wconf 85' lang='grc' dir='ltr'><strong>χάριν</strong></span> <span class='ocrx_word' id='word_1_376' title='bbox 3485 3058 3845 3130; x_wconf 73' lang='grc' dir='ltr'><strong>καταπέμψαι</strong></span> <span class='ocrx_word' id='word_1_377' title='bbox 3866 3058 4075 3128; x_wconf 71' lang='grc' dir='ltr'><strong>βουλη-</strong></span> 
     </span>
    </p>
   </div>
   <div class='ocr_carea' id='block_1_60' title="bbox 799 3138 2385 3248">
    <p class='ocr_par' dir='ltr' id='par_1_60' title="bbox 799 3157 2378 3228">
     <span class='ocr_line' id='line_1_60' title="bbox 799 3157 2378 3228; baseline 0.002 -18"><span class='ocrx_word' id='word_1_378' title='bbox 799 3157 1023 3211; x_wconf 89' lang='lat' dir='ltr'><strong>virtutis</strong></span> <span class='ocrx_word' id='word_1_379' title='bbox 1066 3173 1269 3213; x_wconf 90' lang='lat' dir='ltr'><strong>munus</strong></span> <span class='ocrx_word' id='word_1_380' title='bbox 1300 3158 1657 3222; x_wconf 88' lang='lat' dir='ltr'><strong>demitteret,</strong></span> <span class='ocrx_word' id='word_1_381' title='bbox 1697 3172 1916 3212; x_wconf 88' lang='lat' dir='ltr'><strong>sacrum</strong></span> <span class='ocrx_word' id='word_1_382' title='bbox 1962 3157 2261 3228; x_wconf 90' lang='lat' dir='ltr'><strong>symbolice</strong></span> <span class='ocrx_word' id='word_1_383' title='bbox 2292 3166 2378 3213; x_wconf 89' lang='lat' dir='ltr'><strong>ta-</strong></span> 
     </span>
    </p>
   </div>
   <div class='ocr_carea' id='block_1_61' title="bbox 2484 3138 4077 3248">
    <p class='ocr_par' dir='ltr' id='par_1_61' title="bbox 2484 3138 4077 3227">
     <span class='ocr_line' id='line_1_61' title="bbox 2484 3138 4077 3227; baseline -0.002 -21"><span class='ocrx_word' id='word_1_384' title='bbox 2484 3153 2595 3217; x_wconf 74' lang='grc' dir='ltr'><strong>θεὶς</strong></span> <span class='ocrx_word' id='word_1_385' title='bbox 2641 3156 2671 3208; x_wconf 91' lang='grc' dir='ltr'><strong>ό</strong></span> <span class='ocrx_word' id='word_1_386' title='bbox 2719 3138 2871 3220; x_wconf 75' lang='grc' dir='ltr'><strong>Θεὸς,</strong></span> <span class='ocrx_word' id='word_1_387' title='bbox 2942 3154 3285 3227; x_wconf 78' lang='grc' dir='ltr'><strong>συμϐολικῶς</strong></span> <span class='ocrx_word' id='word_1_388' title='bbox 3315 3153 3416 3225; x_wconf 81' lang='grc' dir='ltr'><strong>τὴν</strong></span> <span class='ocrx_word' id='word_1_389' title='bbox 3450 3152 3601 3222; x_wconf 76' lang='grc' dir='ltr'><strong>ἱερὰν</strong></span> <span class='ocrx_word' id='word_1_390' title='bbox 3634 3151 3843 3222; x_wconf 79' lang='grc' dir='ltr'><strong>σκηνὴν</strong></span> <span class='ocrx_word' id='word_1_391' title='bbox 3878 3152 3980 3204; x_wconf 56' lang='grc' dir='ltr'><strong>καὶ⁵</strong></span> <span class='ocrx_word' id='word_1_392' title='bbox 4009 3151 4077 3203; x_wconf 80' lang='grc' dir='ltr'><strong>τὰ</strong></span> 
     </span>
    </p>
   </div>
   <div class='ocr_carea' id='block_1_62' title="bbox 798 3248 2377 3321">
    <p class='ocr_par' dir='ltr' id='par_1_62' title="bbox 798 3248 2377 3321">
     <span class='ocr_line' id='line_1_62' title="bbox 798 3248 2377 3321; baseline 0.001 -17"><span class='ocrx_word' id='word_1_393' title='bbox 798 3250 1184 3314; x_wconf 86' lang='lat' dir='ltr'><strong>bernaculum,</strong></span> <span class='ocrx_word' id='word_1_394' title='bbox 1229 3251 1458 3321; x_wconf 87' lang='lat' dir='ltr'><strong>ejusque</strong></span> <span class='ocrx_word' id='word_1_395' title='bbox 1504 3265 1635 3304; x_wconf 87' lang='lat' dir='ltr'><strong>vasa</strong></span> <span class='ocrx_word' id='word_1_396' title='bbox 1677 3250 1861 3304; x_wconf 84' lang='lat' dir='ltr'><strong>omnia</strong></span> <span class='ocrx_word' id='word_1_397' title='bbox 1911 3248 2213 3309; x_wconf 82' lang='lat' dir='ltr'><strong>fabricatus</strong></span> <span class='ocrx_word' id='word_1_398' title='bbox 2254 3249 2377 3317; x_wconf 81' lang='lat' dir='ltr'><strong>est;</strong></span> 
     </span>
    </p>
   </div>
   <div class='ocr_carea' id='block_1_63' title="bbox 800 3341 2380 3413">
    <p class='ocr_par' dir='ltr' id='par_1_63' title="bbox 800 3341 2380 3413">
     <span class='ocr_line' id='line_1_63' title="bbox 800 3341 2380 3413; baseline 0 -17"><span class='ocrx_word' id='word_1_399' title='bbox 800 3342 947 3412; x_wconf 91' lang='lat' dir='ltr'><strong>quod</strong></span> <span class='ocrx_word' id='word_1_400' title='bbox 987 3342 1248 3397; x_wconf 88' lang='lat' dir='ltr'><strong>nimirum</strong></span> <span class='ocrx_word' id='word_1_401' title='bbox 1285 3357 1543 3412; x_wconf 86' lang='lat' dir='ltr'><strong>expressa</strong></span> <span class='ocrx_word' id='word_1_402' title='bbox 1580 3342 1862 3412; x_wconf 69' lang='lat' dir='ltr'><strong>sapientia:</strong></span> <span class='ocrx_word' id='word_1_403' title='bbox 1893 3341 2073 3412; x_wconf 87' lang='lat' dir='ltr'><strong>imago</strong></span> <span class='ocrx_word' id='word_1_404' title='bbox 2101 3342 2380 3413; x_wconf 80' lang='lat' dir='ltr'><strong>ﬁguraque</strong></span> 
     </span>
    </p>
   </div>
   <div class='ocr_carea' id='block_1_64' title="bbox 802 3437 1435 3492">
    <p class='ocr_par' dir='ltr' id='par_1_64' title="bbox 802 3437 1435 3492">
     <span class='ocr_line' id='line_1_64' title="bbox 802 3437 1435 3492; baseline 0.002 -2"><span class='ocrx_word' id='word_1_405' title='bbox 802 3452 867 3491; x_wconf 75' lang='lat' dir='ltr'><strong>ac</strong></span> <span class='ocrx_word' id='word_1_406' title='bbox 891 3437 1246 3491; x_wconf 91' lang='lat' dir='ltr'><strong>simulacrum</strong></span> <span class='ocrx_word' id='word_1_407' title='bbox 1267 3444 1435 3492; x_wconf 90' lang='lat' dir='ltr'><strong>esset.</strong></span> 
     </span>
    </p>
   </div>
   <div class='ocr_carea' id='block_1_65' title="bbox 872 3518 2381 3598">
    <p class='ocr_par' dir='ltr' id='par_1_65' title="bbox 872 3518 2381 3598">
     <span class='ocr_line' id='line_1_65' title="bbox 872 3518 2381 3598; baseline 0.002 -16"><span class='ocrx_word' id='word_1_408' title='bbox 872 3529 961 3584; x_wconf 90' lang='lat'><strong>89.</strong></span> <span class='ocrx_word' id='word_1_409' title='bbox 995 3529 1133 3583; x_wconf 86' lang='lat' dir='ltr'><strong>Novi</strong></span> <span class='ocrx_word' id='word_1_410' title='bbox 1171 3527 1508 3585; x_wconf 84' lang='lat' dir='ltr'><strong>Testamenti</strong></span> <span class='ocrx_word' id='word_1_411' title='bbox 1553 3527 1733 3598; x_wconf 90' lang='lat' dir='ltr'><strong>gratia</strong></span> <span class='ocrx_word' id='word_1_412' title='bbox 1789 3526 2017 3597; x_wconf 79' lang='lat' dir='ltr'><strong>mystice</strong></span> <span class='ocrx_word' id='word_1_413' title='bbox 2067 3518 2123 3583; x_wconf 87' lang='lat' dir='ltr'><strong>in</strong></span> <span class='ocrx_word' id='word_1_414' title='bbox 2167 3527 2381 3585; x_wconf 80' lang='lat' dir='ltr'><strong>Veteris</strong></span> 
     </span>
    </p>
   </div>
   <div class='ocr_carea' id='block_1_66' title="bbox 803 3616 2382 3689">
    <p class='ocr_par' dir='ltr' id='par_1_66' title="bbox 803 3616 2382 3689">
     <span class='ocr_line' id='line_1_66' title="bbox 803 3616 2382 3689; baseline 0.001 -18"><span class='ocrx_word' id='word_1_415' title='bbox 803 3618 1144 3674; x_wconf 86' lang='lat' dir='ltr'><strong>Testamenti</strong></span> <span class='ocrx_word' id='word_1_416' title='bbox 1175 3618 1359 3673; x_wconf 90' lang='lat' dir='ltr'><strong>littera</strong></span> <span class='ocrx_word' id='word_1_417' title='bbox 1385 3617 1709 3673; x_wconf 87' lang='lat' dir='ltr'><strong>abscondita</strong></span> <span class='ocrx_word' id='word_1_418' title='bbox 1738 3624 1823 3673; x_wconf 88' lang='lat' dir='ltr'><strong>est</strong></span> <span class='ocrx_word' id='word_1_419' title='bbox 1856 3634 1869 3670; x_wconf 94' lang='lat'><strong>:</strong></span> <span class='ocrx_word' id='word_1_420' title='bbox 1900 3616 2110 3671; x_wconf 89' lang='lat' dir='ltr'><strong>idcirco</strong></span> <span class='ocrx_word' id='word_1_421' title='bbox 2130 3618 2206 3673; x_wconf 89' lang='lat' dir='ltr'><strong>ait</strong></span> <span class='ocrx_word' id='word_1_422' title='bbox 2237 3619 2382 3689; x_wconf 63' lang='lat' dir='ltr'><strong>Ap0«</strong></span> 
     </span>
    </p>
   </div>
   <div class='ocr_carea' id='block_1_67' title="bbox 803 3695 2381 3785">
    <p class='ocr_par' dir='ltr' id='par_1_67' title="bbox 803 3695 2381 3785">
     <span class='ocr_line' id='line_1_67' title="bbox 803 3695 2381 3785; baseline 0.004 -20"><span class='ocrx_word' id='word_1_423' title='bbox 803 3712 977 3765; x_wconf 84' lang='lat' dir='ltr'><strong>stolus</strong></span> <span class='ocrx_word' id='word_1_424' title='bbox 1035 3710 1209 3782; x_wconf 80' lang='lat' dir='ltr'><strong>legem</strong></span> <span class='ocrx_word' id='word_1_425' title='bbox 1261 3711 1569 3782; x_wconf 83' lang='lat' dir='ltr'><strong>spiritalem</strong></span> <span class='ocrx_word' id='word_1_426' title='bbox 1613 3695 1735 3768; x_wconf 77' lang='lat' dir='ltr'><strong>esse</strong></span> <span class='ocrx_word' id='word_1_427' title='bbox 1761 3713 1826 3766; x_wconf 80' lang='lat'><strong>”.</strong></span> <span class='ocrx_word' id='word_1_428' title='bbox 1877 3713 1991 3769; x_wconf 84' lang='lat' dir='ltr'><strong>Lex</strong></span> <span class='ocrx_word' id='word_1_429' title='bbox 2034 3715 2241 3785; x_wconf 84' lang='lat' dir='ltr'><strong>itaque,</strong></span> <span class='ocrx_word' id='word_1_430' title='bbox 2284 3717 2381 3772; x_wconf 88' lang='lat' dir='ltr'><strong>lit-</strong></span> 
     </span>
    </p>
   </div>
   <div class='ocr_carea' id='block_1_68' title="bbox 803 3803 2379 3877">
    <p class='ocr_par' dir='ltr' id='par_1_68' title="bbox 803 3803 2379 3877">
     <span class='ocr_line' id='line_1_68' title="bbox 803 3803 2379 3877; baseline 0.003 -20"><span class='ocrx_word' id='word_1_431' title='bbox 803 3812 936 3857; x_wconf 65' lang='lat' dir='ltr'><strong>term</strong></span> <span class='ocrx_word' id='word_1_432' title='bbox 969 3804 1192 3872; x_wconf 89' lang='lat' dir='ltr'><strong>quidem</strong></span> <span class='ocrx_word' id='word_1_433' title='bbox 1229 3803 1442 3859; x_wconf 90' lang='lat' dir='ltr'><strong>ratione</strong></span> <span class='ocrx_word' id='word_1_434' title='bbox 1491 3805 1834 3875; x_wconf 89' lang='lat' dir='ltr'><strong>antiquatur,</strong></span> <span class='ocrx_word' id='word_1_435' title='bbox 1877 3806 2225 3877; x_wconf 82' lang='lat' dir='ltr'><strong>senescitque</strong></span> <span class='ocrx_word' id='word_1_436' title='bbox 2248 3823 2379 3863; x_wconf 83' lang='lat' dir='ltr'><strong>eva-</strong></span> 
     </span>
    </p>
   </div>
   <div class='ocr_carea' id='block_1_69' title="bbox 805 3894 2385 3970">
    <p class='ocr_par' dir='ltr' id='par_1_69' title="bbox 805 3894 2385 3970">
     <span class='ocr_line' id='line_1_69' title="bbox 805 3894 2385 3970; baseline 0.003 -20"><span class='ocrx_word' id='word_1_437' title='bbox 805 3896 1110 3962; x_wconf 80' lang='lat' dir='ltr'><strong>cuanda”;</strong></span> <span class='ocrx_word' id='word_1_438' title='bbox 1144 3894 1343 3965; x_wconf 90' lang='lat' dir='ltr'><strong>spiritu</strong></span> <span class='ocrx_word' id='word_1_439' title='bbox 1387 3911 1519 3951; x_wconf 91' lang='lat' dir='ltr'><strong>vero</strong></span> <span class='ocrx_word' id='word_1_440' title='bbox 1544 3912 1764 3967; x_wconf 90' lang='lat' dir='ltr'><strong>semper</strong></span> <span class='ocrx_word' id='word_1_441' title='bbox 1796 3896 1987 3953; x_wconf 77' lang='lat' dir='ltr'><strong>eﬂicax</strong></span> <span class='ocrx_word' id='word_1_442' title='bbox 2020 3897 2188 3970; x_wconf 88' lang='lat' dir='ltr'><strong>viget.</strong></span> <span class='ocrx_word' id='word_1_443' title='bbox 2228 3898 2385 3970; x_wconf 85' lang='lat' dir='ltr'><strong>Ejus-</strong></span> 
     </span>
    </p>
   </div>
   <div class='ocr_carea' id='block_1_70' title="bbox 808 3986 2384 4057">
    <p class='ocr_par' dir='ltr' id='par_1_70' title="bbox 808 3986 2384 4057">
     <span class='ocr_line' id='line_1_70' title="bbox 808 3986 2384 4057; baseline 0.001 -16"><span class='ocrx_word' id='word_1_444' title='bbox 808 3986 954 4041; x_wconf 87' lang='lat' dir='ltr'><strong>modi</strong></span> <span class='ocrx_word' id='word_1_445' title='bbox 978 3987 1125 4041; x_wconf 90' lang='lat' dir='ltr'><strong>enim</strong></span> <span class='ocrx_word' id='word_1_446' title='bbox 1149 3994 1234 4042; x_wconf 89' lang='lat' dir='ltr'><strong>est</strong></span> <span class='ocrx_word' id='word_1_447' title='bbox 1258 3986 1457 4057; x_wconf 80' lang='lat' dir='ltr'><strong>gratia,</strong></span> <span class='ocrx_word' id='word_1_448' title='bbox 1477 3994 1539 4041; x_wconf 92' lang='lat' dir='ltr'><strong>ut</strong></span> <span class='ocrx_word' id='word_1_449' title='bbox 1566 3987 1717 4050; x_wconf 85' lang='lat' dir='ltr'><strong>nulla</strong></span> <span class='ocrx_word' id='word_1_450' title='bbox 1739 3986 1968 4050; x_wconf 80' lang='lat' dir='ltr'><strong>omnino</strong></span> <span class='ocrx_word' id='word_1_451' title='bbox 1986 3987 2191 4043; x_wconf 86' lang='lat' dir='ltr'><strong>sentiat</strong></span> <span class='ocrx_word' id='word_1_452' title='bbox 2222 3994 2384 4043; x_wconf 81' lang='lat' dir='ltr'><strong>vetu-</strong></span> 
     </span>
    </p>
   </div>
   <div class='ocr_carea' id='block_1_71' title="bbox 806 4070 1737 4148">
    <p class='ocr_par' dir='ltr' id='par_1_71' title="bbox 806 4070 1737 4148">
     <span class='ocr_line' id='line_1_71' title="bbox 806 4070 1737 4148; baseline 0.001 -16"><span class='ocrx_word' id='word_1_453' title='bbox 806 4077 967 4132; x_wconf 86' lang='lat' dir='ltr'><strong>statis</strong></span> <span class='ocrx_word' id='word_1_454' title='bbox 1007 4077 1323 4148; x_wconf 80' lang='lat' dir='ltr'><strong>dispendia.</strong></span> <span class='ocrx_word' id='word_1_455' title='bbox 1734 4070 1737 4077; x_wconf 80' lang='grc'><em>’</em></span> 
     </span>
    </p>
   </div>
   <div class='ocr_carea' id='block_1_72' title="bbox 875 4165 2384 4238">
    <p class='ocr_par' dir='ltr' id='par_1_72' title="bbox 875 4165 2384 4238">
     <span class='ocr_line' id='line_1_72' title="bbox 875 4165 2384 4238; baseline 0.001 -15"><span class='ocrx_word' id='word_1_456' title='bbox 875 4167 963 4223; x_wconf 90' lang='lat'><strong>9.0.</strong></span> <span class='ocrx_word' id='word_1_457' title='bbox 1012 4167 1126 4223; x_wconf 88' lang='lat' dir='ltr'><strong>Lex</strong></span> <span class='ocrx_word' id='word_1_458' title='bbox 1164 4167 1411 4238; x_wconf 89' lang='lat' dir='ltr'><strong>quidem,</strong></span> <span class='ocrx_word' id='word_1_459' title='bbox 1447 4165 1729 4238; x_wconf 78' lang='lat' dir='ltr'><strong>Evangelii</strong></span> <span class='ocrx_word' id='word_1_460' title='bbox 1772 4167 2024 4224; x_wconf 88' lang='lat' dir='ltr'><strong>umbram</strong></span> <span class='ocrx_word' id='word_1_461' title='bbox 2067 4168 2279 4235; x_wconf 85' lang='lat' dir='ltr'><strong>habet;</strong></span> <span class='ocrx_word' id='word_1_462' title='bbox 2326 4178 2384 4225; x_wconf 88' lang='lat' dir='ltr'><strong>at</strong></span> 
     </span>
    </p>
   </div>
   <div class='ocr_carea' id='block_1_73' title="bbox 2481 3237 4075 3317">
    <p class='ocr_par' dir='ltr' id='par_1_73' title="bbox 2481 3237 4075 3317">
     <span class='ocr_line' id='line_1_73' title="bbox 2481 3237 4075 3317; baseline -0.004 -18"><span class='ocrx_word' id='word_1_463' title='bbox 2481 3247 2540 3308; x_wconf 75' lang='grc' dir='ltr'><strong>ὲν</strong></span> <span class='ocrx_word' id='word_1_464' title='bbox 2569 3247 2705 3316; x_wconf 69' lang='grc' dir='ltr'><strong>αὐτῇ</strong></span> <span class='ocrx_word' id='word_1_465' title='bbox 2740 3246 2920 3300; x_wconf 86' lang='grc' dir='ltr'><strong>πάντα</strong></span> <span class='ocrx_word' id='word_1_466' title='bbox 2945 3245 3318 3317; x_wconf 80' lang='grc' dir='ltr'><strong>κατεσκεύασε</strong></span> <span class='ocrx_word' id='word_1_467' title='bbox 3340 3261 3353 3275; x_wconf 94' lang='grc'><strong>·</strong></span> <span class='ocrx_word' id='word_1_468' title='bbox 3388 3242 3582 3314; x_wconf 71' lang='grc' dir='ltr'><strong>σοφίας</strong></span> <span class='ocrx_word' id='word_1_469' title='bbox 3619 3237 3789 3295; x_wconf 80' lang='grc' dir='ltr'><strong>οὖσαν</strong></span> <span class='ocrx_word' id='word_1_470' title='bbox 3834 3241 4075 3295; x_wconf 63' lang='grc' dir='ltr'><strong>ἀπεικός</strong></span> 
     </span>
    </p>
   </div>
   <div class='ocr_carea' id='block_1_74' title="bbox 2480 3336 3348 3408">
    <p class='ocr_par' dir='ltr' id='par_1_74' title="bbox 2480 3336 3348 3408">
     <span class='ocr_line' id='line_1_74' title="bbox 2480 3336 3348 3408; baseline -0.001 -17"><span class='ocrx_word' id='word_1_471' title='bbox 2480 3355 2648 3407; x_wconf 85' lang='grc' dir='ltr'><strong>νισμα</strong></span> <span class='ocrx_word' id='word_1_472' title='bbox 2670 3339 2763 3391; x_wconf 72' lang='grc' dir='ltr'><strong>καὶ</strong></span> <span class='ocrx_word' id='word_1_473' title='bbox 2782 3339 2954 3391; x_wconf 84' lang='grc' dir='ltr'><strong>τύπον</strong></span> <span class='ocrx_word' id='word_1_474' title='bbox 2978 3338 3073 3391; x_wconf 78' lang='grc' dir='ltr'><strong>καὶ</strong></span> <span class='ocrx_word' id='word_1_475' title='bbox 3095 3336 3348 3408; x_wconf 86' lang='grc' dir='ltr'><strong>μίμημα.</strong></span> 
     </span>
    </p>
   </div>
   <div class='ocr_carea' id='block_1_75' title="bbox 2551 3511 4074 3589">
    <p class='ocr_par' dir='ltr' id='par_1_75' title="bbox 2551 3511 4074 3589">
     <span class='ocr_line' id='line_1_75' title="bbox 2551 3511 4074 3589; baseline -0.007 -16"><span class='ocrx_word' id='word_1_476' title='bbox 2551 3520 2660 3573; x_wconf 85' lang='grc' dir='ltr'><strong>πθ’.</strong></span> <span class='ocrx_word' id='word_1_477' title='bbox 2701 3520 2766 3571; x_wconf 85' lang='grc' dir='ltr'><strong><em>Ἥ</em></strong></span> <span class='ocrx_word' id='word_1_478' title='bbox 2793 3517 2953 3589; x_wconf 86' lang='grc' dir='ltr'><strong>χάρις</strong></span> <span class='ocrx_word' id='word_1_479' title='bbox 2984 3518 3082 3586; x_wconf 81' lang='grc' dir='ltr'><strong>τῆς</strong></span> <span class='ocrx_word' id='word_1_480' title='bbox 3119 3516 3266 3580; x_wconf 82' lang='grc' dir='ltr'><strong>Νέας</strong></span> <span class='ocrx_word' id='word_1_481' title='bbox 3295 3516 3594 3586; x_wconf 85' lang='grc' dir='ltr'><strong>Διαθήκης,</strong></span> <span class='ocrx_word' id='word_1_482' title='bbox 3649 3512 3943 3583; x_wconf 83' lang='grc' dir='ltr'><strong>μυστικῶς</strong></span> <span class='ocrx_word' id='word_1_483' title='bbox 3994 3511 4074 3581; x_wconf 80' lang='grc' dir='ltr'><strong>τῷ</strong></span> 
     </span>
    </p>
   </div>
   <div class='ocr_carea' id='block_1_76' title="bbox 2480 3606 4078 3683">
    <p class='ocr_par' dir='ltr' id='par_1_76' title="bbox 2480 3606 4078 3683">
     <span class='ocr_line' id='line_1_76' title="bbox 2480 3606 4078 3683; baseline -0.005 -18"><span class='ocrx_word' id='word_1_484' title='bbox 2480 3614 2579 3683; x_wconf 79' lang='grc' dir='ltr'><strong>τῆς</strong></span> <span class='ocrx_word' id='word_1_485' title='bbox 2634 3612 2878 3673; x_wconf 76' lang='grc' dir='ltr'><strong>Παλαιᾶς</strong></span> <span class='ocrx_word' id='word_1_486' title='bbox 2953 3611 3260 3682; x_wconf 84' lang='grc' dir='ltr'><strong>κέκρυπται</strong></span> <span class='ocrx_word' id='word_1_487' title='bbox 3327 3609 3647 3680; x_wconf 85' lang='grc' dir='ltr'><strong>γράμματι·</strong></span> <span class='ocrx_word' id='word_1_488' title='bbox 3700 3606 3785 3661; x_wconf 85' lang='grc' dir='ltr'><strong>διό</strong></span> <span class='ocrx_word' id='word_1_489' title='bbox 3836 3622 4018 3676; x_wconf 80' lang='grc' dir='ltr'>φησιν</span> <span class='ocrx_word' id='word_1_490' title='bbox 4052 3606 4078 3657; x_wconf 83' lang='grc' dir='ltr'><strong>ό</strong></span> 
     </span>
    </p>
   </div>
   <div class='ocr_carea' id='block_1_77' title="bbox 2494 3696 4065 3774">
    <p class='ocr_par' dir='ltr' id='par_1_77' title="bbox 2494 3696 4065 3774">
     <span class='ocr_line' id='line_1_77' title="bbox 2494 3696 4065 3774; baseline -0.005 -14"><span class='ocrx_word' id='word_1_491' title='bbox 2494 3705 2833 3767; x_wconf 79' lang='grc' dir='ltr'><strong>Ἀπόστολος,</strong></span> <span class='ocrx_word' id='word_1_492' title='bbox 2861 3706 2941 3763; x_wconf 79' lang='grc' dir='ltr'><strong>ὅτι</strong></span> <span class='ocrx_word' id='word_1_493' title='bbox 2992 3705 3021 3759; x_wconf 89' lang='grc' dir='ltr'><strong>ό</strong></span> <span class='ocrx_word' id='word_1_494' title='bbox 3049 3702 3212 3774; x_wconf 91' lang='grc' dir='ltr'><strong>νόμος</strong></span> <span class='ocrx_word' id='word_1_495' title='bbox 3244 3702 3628 3773; x_wconf 81' lang='grc' dir='ltr'><strong>πνευματικῶς</strong></span> <span class='ocrx_word' id='word_1_496' title='bbox 3656 3703 3833 3755; x_wconf 68' lang='grc' dir='ltr'><strong>ἐστιν.</strong></span> <span class='ocrx_word' id='word_1_497' title='bbox 3896 3700 3959 3753; x_wconf 90' lang='grc' dir='ltr'>ὐ</span> <span class='ocrx_word' id='word_1_498' title='bbox 3985 3696 4065 3752; x_wconf 58' lang='grc' dir='ltr'><strong>οὖε</strong></span> 
     </span>
    </p>
   </div>
   <div class='ocr_carea' id='block_1_78' title="bbox 2480 3791 4079 3869">
    <p class='ocr_par' dir='ltr' id='par_1_78' title="bbox 2480 3791 4079 3869">
     <span class='ocr_line' id='line_1_78' title="bbox 2480 3791 4079 3869; baseline -0.007 -16"><span class='ocrx_word' id='word_1_499' title='bbox 2480 3797 2663 3869; x_wconf 87' lang='grc' dir='ltr'><strong>νόμος,</strong></span> <span class='ocrx_word' id='word_1_500' title='bbox 2692 3797 2771 3867; x_wconf 84' lang='grc' dir='ltr'><strong>τῷ</strong></span> <span class='ocrx_word' id='word_1_501' title='bbox 2805 3797 2906 3868; x_wconf 79' lang='grc' dir='ltr'><strong>μὲν</strong></span> <span class='ocrx_word' id='word_1_502' title='bbox 2943 3795 3257 3866; x_wconf 81' lang='grc' dir='ltr'><strong>γράμματι,</strong></span> <span class='ocrx_word' id='word_1_503' title='bbox 3287 3794 3619 3851; x_wconf 76' lang='grc' dir='ltr'><strong>παλαιοῦται</strong></span> <span class='ocrx_word' id='word_1_504' title='bbox 3649 3794 3745 3847; x_wconf 82' lang='grc' dir='ltr'><strong>καὶ</strong></span> <span class='ocrx_word' id='word_1_505' title='bbox 3791 3791 4079 3864; x_wconf 85' lang='grc' dir='ltr'><strong>γηράσκει</strong></span> 
     </span>
    </p>
   </div>
   <div class='ocr_carea' id='block_1_79' title="bbox 2481 3882 4082 3963">
    <p class='ocr_par' dir='ltr' id='par_1_79' title="bbox 2481 3882 4082 3963">
     <span class='ocr_line' id='line_1_79' title="bbox 2481 3882 4082 3963; baseline -0.004 -20"><span class='ocrx_word' id='word_1_506' title='bbox 2481 3886 2928 3960; x_wconf 76' lang='grc' dir='ltr'><strong>καταργούμενος</strong></span> <span class='ocrx_word' id='word_1_507' title='bbox 2977 3904 2992 3918; x_wconf 77' lang='grc' dir='ltr'><strong>ο</strong></span> <span class='ocrx_word' id='word_1_508' title='bbox 3062 3885 3141 3963; x_wconf 80' lang='grc' dir='ltr'><strong>τῷ</strong></span> <span class='ocrx_word' id='word_1_509' title='bbox 3206 3886 3263 3941; x_wconf 67' lang='grc' dir='ltr'><strong>δὲ</strong></span> <span class='ocrx_word' id='word_1_510' title='bbox 3311 3887 3608 3958; x_wconf 81' lang='grc' dir='ltr'><strong>πνεύματι,</strong></span> <span class='ocrx_word' id='word_1_511' title='bbox 3686 3882 3879 3947; x_wconf 80' lang='grc' dir='ltr'><strong>νεάζει</strong></span> <span class='ocrx_word' id='word_1_512' title='bbox 3965 3884 4082 3937; x_wconf 84' lang='grc' dir='ltr'><strong>δια-</strong></span> 
     </span>
    </p>
   </div>
   <div class='ocr_carea' id='block_1_80' title="bbox 2482 3977 4083 4053">
    <p class='ocr_par' dir='ltr' id='par_1_80' title="bbox 2482 3977 4083 4053">
     <span class='ocr_line' id='line_1_80' title="bbox 2482 3977 4083 4053; baseline -0.003 -17"><span class='ocrx_word' id='word_1_513' title='bbox 2482 3981 2685 4045; x_wconf 83' lang='grc' dir='ltr'><strong>παντὸς</strong></span> <span class='ocrx_word' id='word_1_514' title='bbox 2736 3979 3153 4052; x_wconf 71' lang='grc' dir='ltr'><strong>ἑνεργούμενος.</strong></span> <span class='ocrx_word' id='word_1_515' title='bbox 3188 3980 3253 4035; x_wconf 86' lang='grc' dir='ltr'><strong>Ἠ</strong></span> <span class='ocrx_word' id='word_1_516' title='bbox 3277 3979 3386 4053; x_wconf 85' lang='grc' dir='ltr'><strong>γὰρ</strong></span> <span class='ocrx_word' id='word_1_517' title='bbox 3415 3980 3579 4052; x_wconf 87' lang='grc' dir='ltr'><strong>χάρις</strong></span> <span class='ocrx_word' id='word_1_518' title='bbox 3601 3977 3893 4043; x_wconf 83' lang='grc' dir='ltr'><strong>παντελῶς</strong></span> <span class='ocrx_word' id='word_1_519' title='bbox 3935 3980 4083 4033; x_wconf 79' lang='grc' dir='ltr'><strong>άπα-</strong></span> 
     </span>
    </p>
   </div>
   <div class='ocr_carea' id='block_1_81' title="bbox 2481 4073 2729 4137">
    <p class='ocr_par' dir='ltr' id='par_1_81' title="bbox 2481 4073 2729 4137">
     <span class='ocr_line' id='line_1_81' title="bbox 2481 4073 2729 4137; baseline -0.004 -9"><span class='ocrx_word' id='word_1_520' title='bbox 2481 4074 2547 4128; x_wconf 88' lang='grc' dir='ltr'><strong>λα</strong></span> <span class='ocrx_word' id='word_1_521' title='bbox 2555 4073 2729 4137; x_wconf 80' lang='grc' dir='ltr'><strong>ίωτος.</strong></span> 
     </span>
    </p>
   </div>
   <div class='ocr_carea' id='block_1_82' title="bbox 2557 4163 4087 4238">
    <p class='ocr_par' dir='ltr' id='par_1_82' title="bbox 2557 4163 4087 4238">
     <span class='ocr_line' id='line_1_82' title="bbox 2557 4163 4087 4238; baseline 0.001 -19"><span class='ocrx_word' id='word_1_522' title='bbox 2557 4169 2629 4231; x_wconf 62' lang='grc' dir='ltr'><strong>ιιι.</strong></span> <span class='ocrx_word' id='word_1_523' title='bbox 2668 4165 2728 4218; x_wconf 82' lang='grc'><strong>⁸0</strong></span> <span class='ocrx_word' id='word_1_524' title='bbox 2785 4163 2884 4234; x_wconf 83' lang='grc' dir='ltr'><strong>μὲν</strong></span> <span class='ocrx_word' id='word_1_525' title='bbox 2922 4165 3107 4236; x_wconf 86' lang='grc' dir='ltr'><strong>νόμος,</strong></span> <span class='ocrx_word' id='word_1_526' title='bbox 3132 4165 3291 4220; x_wconf 81' lang='grc' dir='ltr'><strong>σκιὰν</strong></span> <span class='ocrx_word' id='word_1_527' title='bbox 3318 4165 3432 4238; x_wconf 76' lang='grc' dir='ltr'><strong>ἔχει</strong></span> <span class='ocrx_word' id='word_1_528' title='bbox 3464 4165 3561 4232; x_wconf 79' lang='grc' dir='ltr'><strong>τοῦ</strong></span> <span class='ocrx_word' id='word_1_529' title='bbox 3599 4165 3960 4236; x_wconf 68' lang='grc' dir='ltr'><strong>Εὗαγγιλίορ</strong></span> <span class='ocrx_word' id='word_1_530' title='bbox 3979 4183 3995 4198; x_wconf 86' lang='grc'><strong>·</strong></span> <span class='ocrx_word' id='word_1_531' title='bbox 4023 4168 4087 4222; x_wconf 66' lang='grc' dir='ltr'><em>’ἡ</em></span> 
     </span>
    </p>
   </div>
   <div class='ocr_carea' id='block_1_83' title="bbox 808 4250 2385 4329">
    <p class='ocr_par' dir='ltr' id='par_1_83' title="bbox 808 4250 2383 4329">
     <span class='ocr_line' id='line_1_83' title="bbox 808 4250 2383 4329; baseline 0.003 -19"><span class='ocrx_word' id='word_1_532' title='bbox 808 4257 1186 4328; x_wconf 85' lang='lat' dir='ltr'><strong>Evangelium,</strong></span> <span class='ocrx_word' id='word_1_533' title='bbox 1218 4257 1531 4312; x_wconf 79' lang='lat' dir='ltr'><strong>futurorum</strong></span> <span class='ocrx_word' id='word_1_534' title='bbox 1556 4250 1829 4316; x_wconf 78' lang='lat' dir='ltr'><strong>bonorum</strong></span> <span class='ocrx_word' id='word_1_535' title='bbox 1862 4257 2041 4327; x_wconf 77' lang='lat' dir='ltr'><strong>imago</strong></span> <span class='ocrx_word' id='word_1_536' title='bbox 2062 4264 2181 4325; x_wconf 88' lang='lat' dir='ltr'><strong>est;</strong></span> <span class='ocrx_word' id='word_1_537' title='bbox 2215 4265 2383 4329; x_wconf 69' lang='lat' dir='ltr'><strong>atque</strong></span> 
     </span>
    </p>
   </div>
   <div class='ocr_carea' id='block_1_84' title="bbox 2484 4250 4084 4329">
    <p class='ocr_par' dir='ltr' id='par_1_84' title="bbox 2484 4253 4084 4327">
     <span class='ocr_line' id='line_1_84' title="bbox 2484 4253 4084 4327; baseline -0.001 -17"><span class='ocrx_word' id='word_1_538' title='bbox 2484 4256 2540 4310; x_wconf 69' lang='lat' dir='ltr'><strong>st</strong></span> <span class='ocrx_word' id='word_1_539' title='bbox 2571 4253 2926 4323; x_wconf 83' lang='grc' dir='ltr'><strong>Εὐαγγέλιον,</strong></span> <span class='ocrx_word' id='word_1_540' title='bbox 2954 4254 3121 4309; x_wconf 78' lang='grc' dir='ltr'><strong>εἰκών</strong></span> <span class='ocrx_word' id='word_1_541' title='bbox 3155 4257 3271 4309; x_wconf 75' lang='grc' dir='ltr'><strong>ἐστι</strong></span> <span class='ocrx_word' id='word_1_542' title='bbox 3309 4257 3417 4310; x_wconf 89' lang='grc' dir='ltr'><strong>τῶν</strong></span> <span class='ocrx_word' id='word_1_543' title='bbox 3465 4256 3772 4327; x_wconf 81' lang='grc' dir='ltr'><strong>μελλόντων</strong></span> <span class='ocrx_word' id='word_1_544' title='bbox 3819 4257 4084 4327; x_wconf 80' lang='grc' dir='ltr'><strong>ἀγαθῶν.</strong></span> 
     </span>
    </p>
   </div>
   <div class='ocr_carea' id='block_1_85' title="bbox 810 4332 2380 4428">
    <p class='ocr_par' dir='ltr' id='par_1_85' title="bbox 810 4332 2380 4428">
     <span class='ocr_line' id='line_1_85' title="bbox 810 4332 2380 4428; baseline 0.001 -27"><span class='ocrx_word' id='word_1_545' title='bbox 810 4349 905 4402; x_wconf 91' lang='lat' dir='ltr'><strong>illa</strong></span> <span class='ocrx_word' id='word_1_546' title='bbox 932 4349 1180 4418; x_wconf 89' lang='lat' dir='ltr'><strong>quidem,</strong></span> <span class='ocrx_word' id='word_1_547' title='bbox 1221 4349 1364 4404; x_wconf 90' lang='lat' dir='ltr'><strong>mala</strong></span> <span class='ocrx_word' id='word_1_548' title='bbox 1385 4338 1946 4420; x_wconf 36' lang='lat' dir='ltr'><strong>operari&#39;prohibet;</strong></span> <span class='ocrx_word' id='word_1_549' title='bbox 1996 4349 2123 4416; x_wconf 88' lang='lat' dir='ltr'><strong>hoc,</strong></span> <span class='ocrx_word' id='word_1_550' title='bbox 2168 4332 2380 4428; x_wconf 84' lang='lat' dir='ltr'><strong>agenda</strong></span> 
     </span>
    </p>
   </div>
   <div class='ocr_carea' id='block_1_86' title="bbox 809 4441 1708 4513">
    <p class='ocr_par' dir='ltr' id='par_1_86' title="bbox 809 4441 1708 4513">
     <span class='ocr_line' id='line_1_86' title="bbox 809 4441 1708 4513; baseline 0.003 -19"><span class='ocrx_word' id='word_1_551' title='bbox 809 4441 951 4496; x_wconf 90' lang='lat' dir='ltr'><strong>bona</strong></span> <span class='ocrx_word' id='word_1_552' title='bbox 984 4444 1246 4512; x_wconf 90' lang='lat' dir='ltr'><strong>proponit</strong></span> <span class='ocrx_word' id='word_1_553' title='bbox 1268 4450 1436 4513; x_wconf 90' lang='lat' dir='ltr'><strong>atque</strong></span> <span class='ocrx_word' id='word_1_554' title='bbox 1460 4443 1708 4498; x_wconf 88' lang='lat' dir='ltr'><strong>exhibet.</strong></span> 
     </span>
    </p>
   </div>
   <div class='ocr_carea' id='block_1_87' title="bbox 2492 4346 4085 4423">
    <p class='ocr_par' dir='ltr' id='par_1_87' title="bbox 2492 4346 4085 4423">
     <span class='ocr_line' id='line_1_87' title="bbox 2492 4346 4085 4423; baseline 0.018 -25"><span class='ocrx_word' id='word_1_555' title='bbox 2492 4347 2555 4399; x_wconf 85' lang='lat'><strong>&#39;0</strong></span> <span class='ocrx_word' id='word_1_556' title='bbox 2586 4346 2686 4416; x_wconf 86' lang='grc' dir='ltr'><strong>μὲν</strong></span> <span class='ocrx_word' id='word_1_557' title='bbox 2738 4347 2848 4417; x_wconf 84' lang='grc' dir='ltr'><strong>γὰρ</strong></span> <span class='ocrx_word' id='word_1_558' title='bbox 2904 4346 3106 4401; x_wconf 86' lang='grc' dir='ltr'><strong>κωλύει</strong></span> <span class='ocrx_word' id='word_1_559' title='bbox 3158 4347 3261 4411; x_wconf 83' lang='grc' dir='ltr'><strong>τὰς</strong></span> <span class='ocrx_word' id='word_1_560' title='bbox 3323 4349 3432 4402; x_wconf 73' lang='grc' dir='ltr'><strong>τῶν</strong></span> <span class='ocrx_word' id='word_1_561' title='bbox 3481 4350 3671 4415; x_wconf 74' lang='grc' dir='ltr'><strong>κακῶν</strong></span> <span class='ocrx_word' id='word_1_562' title='bbox 3731 4350 4036 4423; x_wconf 60' lang='grc' dir='ltr'><strong>ἐνεργείας</strong></span> <span class='ocrx_word' id='word_1_563' title='bbox 4072 4368 4085 4381; x_wconf 77' lang='grc'><strong>’</strong></span> 
     </span>
    </p>
   </div>
   <div class='ocr_carea' id='block_1_88' title="bbox 2486 4436 3857 4512">
    <p class='ocr_par' dir='ltr' id='par_1_88' title="bbox 2486 4436 3857 4512">
     <span class='ocr_line' id='line_1_88' title="bbox 2486 4436 3857 4512; baseline 0.004 -20"><span class='ocrx_word' id='word_1_564' title='bbox 2486 4437 2546 4492; x_wconf 85' lang='grc' dir='ltr'><strong>τδ</strong></span> <span class='ocrx_word' id='word_1_565' title='bbox 2570 4437 2647 4499; x_wconf 83' lang='grc' dir='ltr'><strong>δὲ,</strong></span> <span class='ocrx_word' id='word_1_566' title='bbox 2669 4436 2768 4501; x_wconf 81' lang='grc' dir='ltr'><strong>τὰς</strong></span> <span class='ocrx_word' id='word_1_567' title='bbox 2796 4437 3025 4509; x_wconf 78' lang='grc' dir='ltr'><strong>πράξεις</strong></span> <span class='ocrx_word' id='word_1_568' title='bbox 3069 4439 3177 4492; x_wconf 85' lang='grc' dir='ltr'><strong>τῶν</strong></span> <span class='ocrx_word' id='word_1_569' title='bbox 3215 4439 3435 4507; x_wconf 84' lang='grc' dir='ltr'><strong>ἀγαθῶν</strong></span> <span class='ocrx_word' id='word_1_570' title='bbox 3473 4442 3857 4512; x_wconf 81' lang='grc' dir='ltr'><strong>παρατίθεται.</strong></span> 
     </span>
    </p>
   </div>
   <div class='ocr_carea' id='block_1_89' title="bbox 878 4529 2385 4607">
    <p class='ocr_par' dir='ltr' id='par_1_89' title="bbox 878 4532 2383 4605">
     <span class='ocr_line' id='line_1_89' title="bbox 878 4532 2383 4605; baseline 0.001 -18"><span class='ocrx_word' id='word_1_571' title='bbox 878 4532 967 4599; x_wconf 78' lang='lat' dir='ltr'><strong>9i.</strong></span> <span class='ocrx_word' id='word_1_572' title='bbox 1000 4533 1321 4591; x_wconf 80' lang='lat' dir='ltr'><strong>Universatn</strong></span> <span class='ocrx_word' id='word_1_573' title='bbox 1356 4534 1700 4605; x_wconf 89' lang='lat' dir='ltr'><strong>Scripturam</strong></span> <span class='ocrx_word' id='word_1_574' title='bbox 1740 4549 1974 4595; x_wconf 80' lang='lat' dir='ltr'><strong>sacram,</strong></span> <span class='ocrx_word' id='word_1_575' title='bbox 2003 4534 2176 4588; x_wconf 88' lang='lat' dir='ltr'><strong>instar</strong></span> <span class='ocrx_word' id='word_1_576' title='bbox 2214 4533 2383 4602; x_wconf 82' lang='lat' dir='ltr'><strong>spiri-</strong></span> 
     </span>
    </p>
   </div>
   <div class='ocr_carea' id='block_1_90' title="bbox 2484 4529 4085 4607">
    <p class='ocr_par' dir='ltr' id='par_1_90' title="bbox 2558 4529 4085 4607">
     <span class='ocr_line' id='line_1_90' title="bbox 2558 4529 4085 4607; baseline 0.001 -24"><span class='ocrx_word' id='word_1_577' title='bbox 2558 4529 2670 4597; x_wconf 53' lang='grc' dir='ltr'><strong>μα’.</strong></span> <span class='ocrx_word' id='word_1_578' title='bbox 2720 4529 2832 4602; x_wconf 77' lang='grc' dir='ltr'><strong>Τὴν</strong></span> <span class='ocrx_word' id='word_1_579' title='bbox 2861 4530 3023 4599; x_wconf 73' lang='grc' dir='ltr'><strong>ἁγίαν</strong></span> <span class='ocrx_word' id='word_1_580' title='bbox 3058 4532 3189 4603; x_wconf 75' lang='grc' dir='ltr'><strong>ὅλην</strong></span> <span class='ocrx_word' id='word_1_581' title='bbox 3239 4530 3487 4603; x_wconf 79' lang='grc' dir='ltr'><strong>Γραφὴν,</strong></span> <span class='ocrx_word' id='word_1_582' title='bbox 3538 4534 3703 4603; x_wconf 71' lang='grc' dir='ltr'><strong>σαρκί</strong></span> <span class='ocrx_word' id='word_1_583' title='bbox 3740 4535 4085 4607; x_wconf 69' lang='grc' dir='ltr'><strong>διαιρεῖσθαε</strong></span> 
     </span>
    </p>
   </div>
   <div class='ocr_carea' id='block_1_91' title="bbox 812 4624 2383 4695">
    <p class='ocr_par' dir='ltr' id='par_1_91' title="bbox 812 4624 2383 4695">
     <span class='ocr_line' id='line_1_91' title="bbox 812 4624 2383 4695; baseline 0.001 -19"><span class='ocrx_word' id='word_1_584' title='bbox 812 4624 939 4678; x_wconf 89' lang='lat' dir='ltr'><strong>talis</strong></span> <span class='ocrx_word' id='word_1_585' title='bbox 976 4624 1264 4695; x_wconf 86' lang='lat' dir='ltr'><strong>cujusdam</strong></span> <span class='ocrx_word' id='word_1_586' title='bbox 1316 4626 1581 4689; x_wconf 81' lang='lat' dir='ltr'><strong>hominis,</strong></span> <span class='ocrx_word' id='word_1_587' title='bbox 1622 4640 1790 4683; x_wconf 86' lang='lat' dir='ltr'><strong>carne</strong></span> <span class='ocrx_word' id='word_1_588' title='bbox 1843 4625 2015 4681; x_wconf 85' lang='lat' dir='ltr'><strong>dividi</strong></span> <span class='ocrx_word' id='word_1_589' title='bbox 2066 4639 2131 4681; x_wconf 80' lang='lat' dir='ltr'><strong>ac</strong></span> <span class='ocrx_word' id='word_1_590' title='bbox 2184 4624 2383 4694; x_wconf 83' lang='lat' dir='ltr'><strong>spiritu</strong></span> 
     </span>
    </p>
   </div>
   <div class='ocr_carea' id='block_1_92' title="bbox 811 4715 2388 4788">
    <p class='ocr_par' dir='ltr' id='par_1_92' title="bbox 811 4715 2388 4788">
     <span class='ocr_line' id='line_1_92' title="bbox 811 4715 2388 4788; baseline 0.002 -20"><span class='ocrx_word' id='word_1_591' title='bbox 811 4715 1068 4771; x_wconf 90' lang='lat' dir='ltr'><strong>dicimus.</strong></span> <span class='ocrx_word' id='word_1_592' title='bbox 1094 4717 1230 4772; x_wconf 88' lang='lat' dir='ltr'><strong>Nam</strong></span> <span class='ocrx_word' id='word_1_593' title='bbox 1260 4720 1356 4788; x_wconf 89' lang='lat' dir='ltr'><strong>qui</strong></span> <span class='ocrx_word' id='word_1_594' title='bbox 1388 4718 1535 4774; x_wconf 90' lang='lat' dir='ltr'><strong>dicat</strong></span> <span class='ocrx_word' id='word_1_595' title='bbox 1563 4716 1864 4787; x_wconf 64' lang='lat' dir='ltr'><strong>Scriptura:</strong></span> <span class='ocrx_word' id='word_1_596' title='bbox 1894 4727 2238 4783; x_wconf 84' lang='lat' dir='ltr'><strong>contextum,</strong></span> <span class='ocrx_word' id='word_1_597' title='bbox 2264 4732 2388 4772; x_wconf 89' lang='lat' dir='ltr'><strong>ver-</strong></span> 
     </span>
    </p>
   </div>
   <div class='ocr_carea' id='block_1_93' title="bbox 881 4871 1895 4940">
    <p class='ocr_par' dir='ltr' id='par_1_93' title="bbox 881 4871 1895 4940">
     <span class='ocr_line' id='line_1_93' title="bbox 881 4871 1895 4940; baseline 0.013 -20"><span class='ocrx_word' id='word_1_598' title='bbox 881 4873 927 4920; x_wconf 58' lang='lat' dir='ltr'>Q&#39;</span> <span class='ocrx_word' id='word_1_599' title='bbox 948 4876 1107 4931; x_wconf 86' lang='lat' dir='ltr'><strong>Rom.</strong></span> <span class='ocrx_word' id='word_1_600' title='bbox 1128 4889 1218 4928; x_wconf 84' lang='lat' dir='ltr'><strong>vu.</strong></span> <span class='ocrx_word' id='word_1_601' title='bbox 1249 4872 1335 4928; x_wconf 74' lang='grc'><strong>14.</strong></span> <span class='ocrx_word' id='word_1_602' title='bbox 1409 4874 1455 4905; x_wconf 77' lang='grc'><strong>⁸⁸</strong></span> <span class='ocrx_word' id='word_1_603' title='bbox 1477 4871 1645 4935; x_wconf 73' lang='lat' dir='ltr'><strong>Hebr.</strong></span> <span class='ocrx_word' id='word_1_604' title='bbox 1663 4891 1781 4940; x_wconf 74' lang='lat' dir='ltr'><strong>vn],</strong></span> <span class='ocrx_word' id='word_1_605' title='bbox 1806 4875 1895 4939; x_wconf 71' lang='grc'><strong>15.</strong></span> 
     </span>
    </p>
   </div>
   <div class='ocr_carea' id='block_1_94' title="bbox 884 5020 2379 5103">
    <p class='ocr_par' dir='ltr' id='par_1_94' title="bbox 884 5020 2379 5103">
     <span class='ocr_line' id='line_1_94' title="bbox 884 5020 2379 5103; baseline -0.001 -17"><span class='ocrx_word' id='word_1_606' title='bbox 884 5033 900 5051; x_wconf 88' lang='grc'>⁶</span> <span class='ocrx_word' id='word_1_607' title='bbox 932 5029 1100 5103; x_wconf 76' lang='lat' dir='ltr'><strong>Marg.</strong></span> <span class='ocrx_word' id='word_1_608' title='bbox 1129 5020 1361 5103; x_wconf 70' lang='lat' dir='ltr'><strong>Fr._Ka‘t</strong></span> <span class='ocrx_word' id='word_1_609' title='bbox 1376 5029 1550 5083; x_wconf 82' lang='grc' dir='ltr'><strong>ταῦτα</strong></span> <span class='ocrx_word' id='word_1_610' title='bbox 1584 5029 1724 5103; x_wconf 69' lang='grc' dir='ltr'><strong>κατὰ</strong></span> <span class='ocrx_word' id='word_1_611' title='bbox 1744 5028 1874 5103; x_wconf 46' lang='grc' dir='ltr'><strong>-τῶν</strong></span> <span class='ocrx_word' id='word_1_612' title='bbox 1912 5031 2379 5103; x_wconf 79' lang='grc' dir='ltr'><strong>Χριστιανοκατη-</strong></span> 
     </span>
    </p>
   </div>
   <div class='ocr_carea' id='block_1_95' title="bbox 812 5099 2387 5174">
    <p class='ocr_par' dir='ltr' id='par_1_95' title="bbox 812 5099 2387 5174">
     <span class='ocr_line' id='line_1_95' title="bbox 812 5099 2387 5174; baseline 0.002 -19"><span class='ocrx_word' id='word_1_613' title='bbox 812 5102 1011 5170; x_wconf 78' lang='grc' dir='ltr'><strong>γόρων,</strong></span> <span class='ocrx_word' id='word_1_614' title='bbox 1040 5101 1161 5171; x_wconf 73' lang='grc' dir='ltr'><strong>ἢτοι</strong></span> <span class='ocrx_word' id='word_1_615' title='bbox 1207 5099 1668 5155; x_wconf 78' lang='grc' dir='ltr'><strong>Εἰκονοκαυστῶν.</strong></span> <span class='ocrx_word' id='word_1_616' title='bbox 1732 5099 1857 5174; x_wconf 70' lang='lat' dir='ltr'><strong>Hec</strong></span> <span class='ocrx_word' id='word_1_617' title='bbox 1900 5099 2105 5173; x_wconf 74' lang='lat' dir='ltr'><strong>quoque</strong></span> <span class='ocrx_word' id='word_1_618' title='bbox 2137 5099 2387 5158; x_wconf 69' lang='lat' dir='ltr'><strong>adversus</strong></span> 
     </span>
    </p>
   </div>
   <div class='ocr_carea' id='block_1_96' title="bbox 889 5254 2390 5325">
    <p class='ocr_par' dir='ltr' id='par_1_96' title="bbox 889 5254 2390 5325">
     <span class='ocr_line' id='line_1_96' title="bbox 889 5254 2390 5325; baseline 0.004 -19"><span class='ocrx_word' id='word_1_619' title='bbox 889 5254 964 5325; x_wconf 74' lang='grc' dir='ltr'>(ιι)</span> <span class='ocrx_word' id='word_1_620' title='bbox 999 5255 1133 5307; x_wconf 81' lang='grc' dir='ltr'><strong>Μετ’</strong></span> <span class='ocrx_word' id='word_1_621' title='bbox 1167 5255 1500 5320; x_wconf 74' lang='grc' dir='ltr'><strong>εὐσταθοῦς</strong></span> <span class='ocrx_word' id='word_1_622' title='bbox 1520 5254 1929 5323; x_wconf 79' lang='grc' dir='ltr'><strong>βεϐαιότητος.</strong></span> <span class='ocrx_word' id='word_1_623' title='bbox 1965 5255 2275 5314; x_wconf 83' lang='lat' dir='ltr'><strong>Obscurum</strong></span> <span class='ocrx_word' id='word_1_624' title='bbox 2304 5257 2390 5312; x_wconf 87' lang='lat' dir='ltr'><strong>vi-</strong></span> 
     </span>
    </p>
   </div>
   <div class='ocr_carea' id='block_1_97' title="bbox 816 5324 2393 5394">
    <p class='ocr_par' dir='ltr' id='par_1_97' title="bbox 816 5324 2393 5394">
     <span class='ocr_line' id='line_1_97' title="bbox 816 5324 2393 5394; baseline 0.003 -15"><span class='ocrx_word' id='word_1_625' title='bbox 816 5324 931 5380; x_wconf 82' lang='lat' dir='ltr'><strong>deri</strong></span> <span class='ocrx_word' id='word_1_626' title='bbox 961 5332 1147 5394; x_wconf 89' lang='lat' dir='ltr'><strong>queat,</strong></span> <span class='ocrx_word' id='word_1_627' title='bbox 1178 5339 1287 5393; x_wconf 91' lang='lat' dir='ltr'><strong>quo</strong></span> <span class='ocrx_word' id='word_1_628' title='bbox 1306 5340 1375 5379; x_wconf 89' lang='lat' dir='ltr'><strong>ex</strong></span> <span class='ocrx_word' id='word_1_629' title='bbox 1403 5325 1581 5394; x_wconf 84' lang='lat' dir='ltr'><strong>capite</strong></span> <span class='ocrx_word' id='word_1_630' title='bbox 1614 5325 2019 5381; x_wconf 89' lang='lat' dir='ltr'><strong>existimaverit</strong></span> <span class='ocrx_word' id='word_1_631' title='bbox 2052 5326 2393 5384; x_wconf 90' lang='lat' dir='ltr'><strong>Scholiastes</strong></span> 
     </span>
    </p>
   </div>
   <div class='ocr_carea' id='block_1_98' title="bbox 817 5393 2391 5480">
    <p class='ocr_par' dir='ltr' id='par_1_98' title="bbox 817 5393 2391 5480">
     <span class='ocr_line' id='line_1_98' title="bbox 817 5393 2391 5480; baseline 0.004 -33"><span class='ocrx_word' id='word_1_632' title='bbox 817 5393 1108 5480; x_wconf 57' lang='lat' dir='ltr'><strong>Duirenii,</strong></span> <span class='ocrx_word' id='word_1_633' title='bbox 1156 5394 1273 5449; x_wconf 70' lang='lat' dir='ltr'><strong>haec</strong></span> <span class='ocrx_word' id='word_1_634' title='bbox 1305 5393 1601 5480; x_wconf 46' lang='lat' dir='ltr'><strong>.ad&#39;versari</strong></span> <span class='ocrx_word' id='word_1_635' title='bbox 1646 5396 1951 5480; x_wconf 74' lang='lat' dir='ltr'><strong>imaginum</strong></span> <span class='ocrx_word' id='word_1_636' title='bbox 2014 5398 2391 5480; x_wconf 68' lang='lat' dir='ltr'><strong>eversoribus,</strong></span> 
     </span>
    </p>
   </div>
   <div class='ocr_carea' id='block_1_99' title="bbox 816 5463 2399 5527">
    <p class='ocr_par' dir='ltr' id='par_1_99' title="bbox 816 5463 2399 5527">
     <span class='ocr_line' id='line_1_99' title="bbox 816 5463 2399 5527; baseline 0.003 -10"><span class='ocrx_word' id='word_1_637' title='bbox 816 5480 942 5527; x_wconf 78' lang='lat' dir='ltr'><strong>cum</strong></span> <span class='ocrx_word' id='word_1_638' title='bbox 972 5463 1237 5518; x_wconf 72' lang='lat' dir='ltr'><strong>Maximus</strong></span> <span class='ocrx_word' id='word_1_639' title='bbox 1263 5464 1402 5517; x_wconf 90' lang='lat' dir='ltr'><strong>nihil</strong></span> <span class='ocrx_word' id='word_1_640' title='bbox 1426 5463 1710 5519; x_wconf 79' lang='lat' dir='ltr'><strong>hactenus</strong></span> <span class='ocrx_word' id='word_1_641' title='bbox 1730 5463 1949 5521; x_wconf 78' lang='lat' dir='ltr'><strong>locutus</strong></span> <span class='ocrx_word' id='word_1_642' title='bbox 1991 5469 2064 5523; x_wconf 90' lang='lat' dir='ltr'><strong>sit</strong></span> <span class='ocrx_word' id='word_1_643' title='bbox 2102 5468 2171 5523; x_wconf 90' lang='lat' dir='ltr'><strong>de</strong></span> <span class='ocrx_word' id='word_1_644' title='bbox 2203 5463 2399 5527; x_wconf 68' lang='lat' dir='ltr'><strong>imagi-</strong></span> 
     </span>
    </p>
   </div>
   <div class='ocr_carea' id='block_1_100' title="bbox 818 5532 2400 5602">
    <p class='ocr_par' dir='ltr' id='par_1_100' title="bbox 818 5532 2400 5602">
     <span class='ocr_line' id='line_1_100' title="bbox 818 5532 2400 5602; baseline 0.003 -15"><span class='ocrx_word' id='word_1_645' title='bbox 818 5534 1004 5599; x_wconf 85' lang='lat' dir='ltr'><strong>nibus.</strong></span> <span class='ocrx_word' id='word_1_646' title='bbox 1024 5532 1107 5602; x_wconf 72' lang='lat' dir='ltr'><strong>An</strong></span> <span class='ocrx_word' id='word_1_647' title='bbox 1124 5534 1252 5602; x_wconf 91' lang='lat' dir='ltr'><strong>quia</strong></span> <span class='ocrx_word' id='word_1_648' title='bbox 1270 5534 1354 5588; x_wconf 87' lang='lat' dir='ltr'><strong>illi</strong></span> <span class='ocrx_word' id='word_1_649' title='bbox 1372 5534 1744 5590; x_wconf 87' lang='lat' dir='ltr'><strong>causabantur</strong></span> <span class='ocrx_word' id='word_1_650' title='bbox 1761 5536 2061 5593; x_wconf 85' lang='lat' dir='ltr'><strong>descivisse</strong></span> <span class='ocrx_word' id='word_1_651' title='bbox 2083 5539 2151 5592; x_wconf 91' lang='lat' dir='ltr'><strong>ad</strong></span> <span class='ocrx_word' id='word_1_652' title='bbox 2174 5532 2400 5594; x_wconf 74' lang='lat' dir='ltr'><strong>idolola-</strong></span> 
     </span>
    </p>
   </div>
   <div class='ocr_carea' id='block_1_101' title="bbox 818 5601 2398 5677">
    <p class='ocr_par' dir='ltr' id='par_1_101' title="bbox 818 5601 2398 5677">
     <span class='ocr_line' id='line_1_101' title="bbox 818 5601 2398 5677; baseline 0.004 -21"><span class='ocrx_word' id='word_1_653' title='bbox 818 5604 983 5665; x_wconf 85' lang='lat' dir='ltr'><strong>triam</strong></span> <span class='ocrx_word' id='word_1_654' title='bbox 1008 5601 1351 5677; x_wconf 80' lang='lat' dir='ltr'><strong>Christianos</strong></span> <span class='ocrx_word' id='word_1_655' title='bbox 1376 5615 1568 5677; x_wconf 86' lang='lat' dir='ltr'><strong>earum</strong></span> <span class='ocrx_word' id='word_1_656' title='bbox 1605 5607 1778 5677; x_wconf 79' lang='lat' dir='ltr'><strong>cultu,</strong></span> <span class='ocrx_word' id='word_1_657' title='bbox 1804 5607 1950 5677; x_wconf 89' lang='lat' dir='ltr'><strong>quod</strong></span> <span class='ocrx_word' id='word_1_658' title='bbox 1982 5609 2143 5677; x_wconf 83' lang='lat' dir='ltr'><strong>longe</strong></span> <span class='ocrx_word' id='word_1_659' title='bbox 2192 5616 2287 5663; x_wconf 89' lang='lat' dir='ltr'><strong>est.</strong></span> <span class='ocrx_word' id='word_1_660' title='bbox 2329 5608 2398 5662; x_wconf 91' lang='lat' dir='ltr'><strong>ab</strong></span> 
     </span>
    </p>
   </div>
   <div class='ocr_carea' id='block_1_102' title="bbox 818 5674 2397 5749">
    <p class='ocr_par' dir='ltr' id='par_1_102' title="bbox 818 5674 2397 5749">
     <span class='ocr_line' id='line_1_102' title="bbox 818 5674 2397 5749; baseline 0.004 -23"><span class='ocrx_word' id='word_1_661' title='bbox 818 5686 1013 5749; x_wconf 72' lang='lat' dir='ltr'><strong>eorum</strong></span> <span class='ocrx_word' id='word_1_662' title='bbox 1063 5674 1391 5749; x_wconf 72' lang='lat' dir='ltr'><strong>constantia,</strong></span> <span class='ocrx_word' id='word_1_663' title='bbox 1439 5674 1532 5743; x_wconf 90' lang='lat' dir='ltr'><strong>qui</strong></span> <span class='ocrx_word' id='word_1_664' title='bbox 1595 5674 1837 5733; x_wconf 85' lang='lat' dir='ltr'><strong>divinam</strong></span> <span class='ocrx_word' id='word_1_665' title='bbox 1887 5674 2118 5749; x_wconf 81' lang='lat' dir='ltr'><strong>strenue</strong></span> <span class='ocrx_word' id='word_1_666' title='bbox 2151 5678 2397 5749; x_wconf 90' lang='lat' dir='ltr'><strong>philoso-</strong></span> 
     </span>
    </p>
   </div>
   <div class='ocr_carea' id='block_1_103' title="bbox 822 5743 2396 5890">
    <p class='ocr_par' dir='ltr' id='par_1_103' title="bbox 822 5743 2396 5890">
     <span class='ocr_line' id='line_1_103' title="bbox 862 5743 2396 5812; baseline 0.003 -16"><span class='ocrx_word' id='word_1_667' title='bbox 862 5743 1011 5798; x_wconf 89' lang='lat' dir='ltr'><strong>hiam</strong></span> <span class='ocrx_word' id='word_1_668' title='bbox 1059 5744 1267 5809; x_wconf 83' lang='lat' dir='ltr'><strong>colunt,</strong></span> <span class='ocrx_word' id='word_1_669' title='bbox 1316 5759 1422 5799; x_wconf 89' lang='lat' dir='ltr'><strong>nec</strong></span> <span class='ocrx_word' id='word_1_670' title='bbox 1468 5760 1655 5799; x_wconf 89' lang='lat' dir='ltr'><strong>rerum</strong></span> <span class='ocrx_word' id='word_1_671' title='bbox 1707 5747 2013 5803; x_wconf 91' lang='lat' dir='ltr'><strong>mutatione</strong></span> <span class='ocrx_word' id='word_1_672' title='bbox 2071 5743 2396 5812; x_wconf 75' lang='lat' dir='ltr'><strong>mutantur;</strong></span> 
     </span>
     <span class='ocr_line' id='line_1_104' title="bbox 822 5759 2389 5890; baseline 0.003 -22"><span class='ocrx_word' id='word_1_673' title='bbox 822 5759 1019 5890; x_wconf 58' lang='lat' dir='ltr'><strong>guales</strong></span> <span class='ocrx_word' id='word_1_674' title='bbox 1044 5816 1347 5890; x_wconf 70' lang='lat' dir='ltr'><strong>praesertim</strong></span> <span class='ocrx_word' id='word_1_675' title='bbox 1371 5814 1663 5871; x_wconf 88' lang='lat' dir='ltr'><strong>eluxerunt</strong></span> <span class='ocrx_word' id='word_1_676' title='bbox 1688 5832 1787 5887; x_wconf 89' lang='lat' dir='ltr'><strong>per</strong></span> <span class='ocrx_word' id='word_1_677' title='bbox 1814 5818 1928 5873; x_wconf 84' lang='lat' dir='ltr'><strong>haec</strong></span> <span class='ocrx_word' id='word_1_678' title='bbox 1993 5829 2261 5890; x_wconf 87' lang='lat' dir='ltr'><strong>tempora,</strong></span> <span class='ocrx_word' id='word_1_679' title='bbox 2296 5818 2389 5887; x_wconf 83' lang='lat' dir='ltr'><strong>qui</strong></span> 
     </span>
    </p>
   </div>
   <div class='ocr_carea' id='block_1_104' title="bbox 863 5814 2389 5897">
    <p class='ocr_par' dir='ltr' id='par_1_104' title="bbox 863 5814 2389 5897">
     <span class='ocr_line' id='line_1_105' title="bbox 863 5814 2389 5897; baseline 0.003 -29"><span class='ocrx_word' id='word_1_680' title='bbox 863 5815 1019 5869; x_wconf 87' lang='lat' dir='ltr'><strong>uales</strong></span> <span class='ocrx_word' id='word_1_681' title='bbox 1044 5816 1347 5897; x_wconf 70' lang='lat' dir='ltr'><strong>praesertim</strong></span> <span class='ocrx_word' id='word_1_682' title='bbox 1371 5814 1663 5871; x_wconf 88' lang='lat' dir='ltr'><strong>eluxerunt</strong></span> <span class='ocrx_word' id='word_1_683' title='bbox 1688 5832 1787 5887; x_wconf 89' lang='lat' dir='ltr'><strong>per</strong></span> <span class='ocrx_word' id='word_1_684' title='bbox 1814 5818 1928 5873; x_wconf 84' lang='lat' dir='ltr'><strong>haec</strong></span> <span class='ocrx_word' id='word_1_685' title='bbox 1993 5829 2261 5890; x_wconf 87' lang='lat' dir='ltr'><strong>tempora,</strong></span> <span class='ocrx_word' id='word_1_686' title='bbox 2296 5818 2389 5887; x_wconf 83' lang='lat' dir='ltr'><strong>qui</strong></span> 
     </span>
    </p>
   </div>
   <div class='ocr_carea' id='block_1_105' title="bbox 2489 4623 4090 4696">
    <p class='ocr_par' dir='ltr' id='par_1_105' title="bbox 2489 4623 4090 4696">
     <span class='ocr_line' id='line_1_106' title="bbox 2489 4623 4090 4696; baseline 0.001 -19"><span class='ocrx_word' id='word_1_687' title='bbox 2489 4623 2724 4693; x_wconf 81' lang='grc' dir='ltr'><strong>λέγομεν</strong></span> <span class='ocrx_word' id='word_1_688' title='bbox 2752 4624 2843 4676; x_wconf 76' lang='grc' dir='ltr'><strong>καὶ</strong></span> <span class='ocrx_word' id='word_1_689' title='bbox 2875 4623 3145 4694; x_wconf 77' lang='grc' dir='ltr'><strong>πνεύματι</strong></span> <span class='ocrx_word' id='word_1_690' title='bbox 3171 4640 3185 4655; x_wconf 92' lang='grc'><strong>·</strong></span> <span class='ocrx_word' id='word_1_691' title='bbox 3250 4623 3503 4694; x_wconf 81' lang='grc' dir='ltr'><strong>καθάπερ</strong></span> <span class='ocrx_word' id='word_1_692' title='bbox 3545 4623 3667 4676; x_wconf 77' lang='grc' dir='ltr'><strong>τινὰ</strong></span> <span class='ocrx_word' id='word_1_693' title='bbox 3696 4630 4090 4696; x_wconf 63' lang='grc' dir='ltr'><strong>πνευματικὸν</strong></span> 
     </span>
    </p>
   </div>
   <div class='ocr_carea' id='block_1_106' title="bbox 2489 4709 4091 4788">
    <p class='ocr_par' dir='ltr' id='par_1_106' title="bbox 2489 4709 4091 4788">
     <span class='ocr_line' id='line_1_107' title="bbox 2489 4709 4091 4788; baseline 0.001 -17"><span class='ocrx_word' id='word_1_694' title='bbox 2489 4715 2775 4788; x_wconf 76' lang='grc' dir='ltr'><strong>ἄνθρωπον</strong></span> <span class='ocrx_word' id='word_1_695' title='bbox 2803 4709 2989 4770; x_wconf 79' lang='grc' dir='ltr'><strong>οὖσαν.</strong></span> <span class='ocrx_word' id='word_1_696' title='bbox 3024 4716 3083 4769; x_wconf 86' lang='grc'><strong>’0</strong></span> <span class='ocrx_word' id='word_1_697' title='bbox 3115 4714 3225 4787; x_wconf 81' lang='grc' dir='ltr'><strong>γὰρ</strong></span> <span class='ocrx_word' id='word_1_698' title='bbox 3247 4715 3310 4768; x_wconf 70' lang='grc' dir='ltr'><strong>τὸ</strong></span> <span class='ocrx_word' id='word_1_699' title='bbox 3332 4714 3498 4787; x_wconf 78' lang='grc' dir='ltr'><strong>ῥητὸν</strong></span> <span class='ocrx_word' id='word_1_700' title='bbox 3530 4715 3626 4786; x_wconf 81' lang='grc' dir='ltr'><strong>τῆς</strong></span> <span class='ocrx_word' id='word_1_701' title='bbox 3653 4715 3887 4788; x_wconf 82' lang='grc' dir='ltr'><strong>Γραφῆς</strong></span> <span class='ocrx_word' id='word_1_702' title='bbox 3911 4719 4091 4772; x_wconf 70' lang='grc' dir='ltr'><strong>είπὼν</strong></span> 
     </span>
    </p>
   </div>
   <div class='ocr_carea' id='block_1_107' title="bbox 2485 5027 4097 5108">
    <p class='ocr_par' dir='ltr' id='par_1_107' title="bbox 2485 5027 4097 5108">
     <span class='ocr_line' id='line_1_108' title="bbox 2485 5027 4097 5108; baseline 0.004 -22"><span class='ocrx_word' id='word_1_703' title='bbox 2485 5027 2914 5108; x_wconf 65' lang='lat' dir='ltr'><strong>Christianorum</strong></span> <span class='ocrx_word' id='word_1_704' title='bbox 2945 5033 3360 5108; x_wconf 62' lang='lat' dir='ltr'><strong>eituperatores,</strong></span> <span class='ocrx_word' id='word_1_705' title='bbox 3397 5050 3484 5091; x_wconf 74' lang='lat' dir='ltr'><strong>eos</strong></span> <span class='ocrx_word' id='word_1_706' title='bbox 3526 5032 3721 5091; x_wconf 72' lang='lat' dir='ltr'><strong>scilicet</strong></span> <span class='ocrx_word' id='word_1_707' title='bbox 3754 5039 3851 5108; x_wconf 74' lang='lat' dir='ltr'><strong>qui</strong></span> <span class='ocrx_word' id='word_1_708' title='bbox 3901 5056 4097 5095; x_wconf 75' lang='lat' dir='ltr'><strong>sacras</strong></span> 
     </span>
    </p>
   </div>
   <div class='ocr_carea' id='block_1_108' title="bbox 2492 5104 3222 5179">
    <p class='ocr_par' dir='ltr' id='par_1_108' title="bbox 2492 5104 3222 5179">
     <span class='ocr_line' id='line_1_109' title="bbox 2492 5104 3222 5179; baseline 0.001 -22"><span class='ocrx_word' id='word_1_709' title='bbox 2492 5104 2747 5179; x_wconf 68' lang='lat' dir='ltr'><strong>imagines</strong></span> <span class='ocrx_word' id='word_1_710' title='bbox 2775 5104 2887 5175; x_wconf 81' lang='lat' dir='ltr'><strong>igni</strong></span> <span class='ocrx_word' id='word_1_711' title='bbox 2920 5104 3222 5159; x_wconf 74' lang='lat' dir='ltr'><strong>absumunt.</strong></span> 
     </span>
    </p>
   </div>
   <div class='ocr_carea' id='block_1_109' title="bbox 2497 5256 4095 5331">
    <p class='ocr_par' dir='ltr' id='par_1_109' title="bbox 2497 5256 4095 5331">
     <span class='ocr_line' id='line_1_110' title="bbox 2497 5256 4095 5331; baseline 0.006 -19"><span class='ocrx_word' id='word_1_712' title='bbox 2497 5257 2770 5331; x_wconf 75' lang='lat' dir='ltr'><strong>sanctiore</strong></span> <span class='ocrx_word' id='word_1_713' title='bbox 2803 5257 3059 5331; x_wconf 71' lang='lat' dir='ltr'><strong>instituto</strong></span> <span class='ocrx_word' id='word_1_714' title='bbox 3094 5256 3522 5331; x_wconf 75' lang='lat' dir='ltr'><strong>per__0ri_entem_</strong></span> <span class='ocrx_word' id='word_1_715' title='bbox 3574 5259 3865 5331; x_wconf 79' lang='lat' dir='ltr'><strong>vixerunt.</strong></span> <span class='ocrx_word' id='word_1_716' title='bbox 3928 5264 4095 5331; x_wconf 74' lang='lat' dir='ltr'><strong>Quod</strong></span> 
     </span>
    </p>
   </div>
   <div class='ocr_carea' id='block_1_110' title="bbox 2498 5326 4095 5405">
    <p class='ocr_par' dir='ltr' id='par_1_110' title="bbox 2498 5326 4095 5405">
     <span class='ocr_line' id='line_1_111' title="bbox 2498 5326 4095 5405; baseline 0.006 -23"><span class='ocrx_word' id='word_1_717' title='bbox 2498 5328 2568 5383; x_wconf 90' lang='lat' dir='ltr'><strong>de</strong></span> <span class='ocrx_word' id='word_1_718' title='bbox 2592 5328 2948 5405; x_wconf 78' lang='lat' dir='ltr'><strong>tabernaculo</strong></span> <span class='ocrx_word' id='word_1_719' title='bbox 2972 5326 3143 5405; x_wconf 61' lang='lat' dir='ltr'><strong>reicit</strong></span> <span class='ocrx_word' id='word_1_720' title='bbox 3190 5326 3484 5405; x_wconf 58' lang='lat' dir='ltr'><strong>Maximus</strong></span> <span class='ocrx_word' id='word_1_721' title='bbox 3510 5329 3567 5383; x_wconf 91' lang='lat' dir='ltr'><strong>in</strong></span> <span class='ocrx_word' id='word_1_722' title='bbox 3592 5343 3728 5405; x_wconf 88' lang='lat' dir='ltr'><strong>seq._</strong></span> <span class='ocrx_word' id='word_1_723' title='bbox 3760 5330 3868 5387; x_wconf 84' lang='lat' dir='ltr'><strong>Dei</strong></span> <span class='ocrx_word' id='word_1_724' title='bbox 3910 5404 3915 5405; x_wconf 15' lang='grc' dir='ltr'><strong>γ</strong></span> 
     </span>
    </p>
   </div>
   <div class='ocr_carea' id='block_1_111' title="bbox 2499 5396 4097 5475">
    <p class='ocr_par' dir='ltr' id='par_1_111' title="bbox 2499 5396 4097 5475">
     <span class='ocr_line' id='line_1_112' title="bbox 2499 5396 4097 5475; baseline 0.004 -22"><span class='ocrx_word' id='word_1_725' title='bbox 2499 5399 2782 5475; x_wconf 70' lang='lat' dir='ltr'><strong>conditum</strong></span> <span class='ocrx_word' id='word_1_726' title='bbox 2800 5412 2923 5475; x_wconf 71' lang='lat' dir='ltr'><strong>esse</strong></span> <span class='ocrx_word' id='word_1_727' title='bbox 2934 5406 2996 5475; x_wconf 78' lang='lat' dir='ltr'><strong>ut</strong></span> <span class='ocrx_word' id='word_1_728' title='bbox 3023 5396 3309 5471; x_wconf 62' lang='lat' dir='ltr'><strong>sapientia;</strong></span> <span class='ocrx_word' id='word_1_729' title='bbox 3322 5396 4097 5475; x_wconf 59' lang='grc' dir='ltr'><strong>εἱςῃιιιυοτυιῃζάπεικόῆισμα</strong></span> 
     </span>
    </p>
   </div>
   <div class='ocr_carea' id='block_1_112' title="bbox 2497 5466 4097 5541">
    <p class='ocr_par' dir='ltr' id='par_1_112' title="bbox 2497 5466 4097 5541">
     <span class='ocr_line' id='line_1_113' title="bbox 2497 5466 4097 5541; baseline 0.006 -20"><span class='ocrx_word' id='word_1_730' title='bbox 2497 5469 2593 5521; x_wconf 78' lang='grc' dir='ltr'><strong>καὶ</strong></span> <span class='ocrx_word' id='word_1_731' title='bbox 2612 5466 2783 5541; x_wconf 74' lang='grc' dir='ltr'><strong>τύπον</strong></span> <span class='ocrx_word' id='word_1_732' title='bbox 2814 5468 2908 5520; x_wconf 75' lang='grc' dir='ltr'><strong>καὶ</strong></span> <span class='ocrx_word' id='word_1_733' title='bbox 2936 5466 3189 5541; x_wconf 65' lang='grc' dir='ltr'><strong>μίμημα,</strong></span> <span class='ocrx_word' id='word_1_734' title='bbox 3218 5482 3347 5541; x_wconf 73' lang='lat' dir='ltr'><strong>cum</strong></span> <span class='ocrx_word' id='word_1_735' title='bbox 3372 5467 3762 5541; x_wconf 84' lang='lat' dir='ltr'><strong>illis_omnibus</strong></span> <span class='ocrx_word' id='word_1_736' title='bbox 3779 5487 3917 5541; x_wconf 65' lang='lat' dir='ltr'><strong>qua</strong></span> <span class='ocrx_word' id='word_1_737' title='bbox 3946 5474 4007 5529; x_wconf 84' lang='lat' dir='ltr'><strong>in</strong></span> <span class='ocrx_word' id='word_1_738' title='bbox 4024 5466 4097 5531; x_wconf 71' lang='grc' dir='ltr'><strong>ἐο</strong></span> 
     </span>
    </p>
   </div>
   <div class='ocr_carea' id='block_1_113' title="bbox 2496 5532 4093 5609">
    <p class='ocr_par' dir='ltr' id='par_1_113' title="bbox 2496 5532 4093 5609">
     <span class='ocr_line' id='line_1_114' title="bbox 2496 5532 4093 5609; baseline 0.005 -16"><span class='ocrx_word' id='word_1_739' title='bbox 2496 5532 2949 5609; x_wconf 67' lang='lat' dir='ltr'><strong>continebantur,</strong></span> <span class='ocrx_word' id='word_1_740' title='bbox 2968 5532 3197 5608; x_wconf 76' lang='lat' dir='ltr'><strong>propius</strong></span> <span class='ocrx_word' id='word_1_741' title='bbox 3227 5536 3295 5609; x_wconf 79' lang='lat' dir='ltr'><strong>ad</strong></span> <span class='ocrx_word' id='word_1_742' title='bbox 3333 5538 3600 5609; x_wconf 80' lang='lat' dir='ltr'><strong>imagines</strong></span> <span class='ocrx_word' id='word_1_743' title='bbox 3621 5532 4093 5609; x_wconf 50' lang='lat' dir='ltr'><strong>spectauearnm-</strong></span> 
     </span>
    </p>
   </div>
   <div class='ocr_carea' id='block_1_114' title="bbox 2495 5607 4095 5677">
    <p class='ocr_par' dir='ltr' id='par_1_114' title="bbox 2495 5607 4095 5677">
     <span class='ocr_line' id='line_1_115' title="bbox 2495 5607 4095 5677; baseline 0.006 -16"><span class='ocrx_word' id='word_1_744' title='bbox 2495 5620 2607 5677; x_wconf 83' lang='lat' dir='ltr'><strong>que</strong></span> <span class='ocrx_word' id='word_1_745' title='bbox 2632 5607 2842 5662; x_wconf 88' lang='lat' dir='ltr'><strong>cultum</strong></span> <span class='ocrx_word' id='word_1_746' title='bbox 2872 5623 2890 5674; x_wconf 91' lang='lat'><strong>;</strong></span> <span class='ocrx_word' id='word_1_747' title='bbox 2924 5607 3051 5663; x_wconf 82' lang='lat' dir='ltr'><strong>nam</strong></span> <span class='ocrx_word' id='word_1_748' title='bbox 3098 5617 3172 5677; x_wconf 15' lang='lat' dir='ltr'><strong>et,</strong></span> <span class='ocrx_word' id='word_1_749' title='bbox 3206 5607 3620 5675; x_wconf 81' lang='lat' dir='ltr'><strong>tabernaculum</strong></span> <span class='ocrx_word' id='word_1_750' title='bbox 3652 5607 4095 5671; x_wconf 55' lang='lat' dir='ltr'><strong>veneratio“</strong></span> 
     </span>
    </p>
   </div>
   <div class='ocr_carea' id='block_1_115' title="bbox 2499 5676 4079 5759">
    <p class='ocr_par' dir='ltr' id='par_1_115' title="bbox 2499 5676 4079 5759">
     <span class='ocr_line' id='line_1_116' title="bbox 2499 5676 4079 5759; baseline 0.003 -28"><span class='ocrx_word' id='word_1_751' title='bbox 2499 5676 2762 5759; x_wconf 67' lang='lat' dir='ltr'><strong>habebat,</strong></span> <span class='ocrx_word' id='word_1_752' title='bbox 2800 5688 2863 5733; x_wconf 91' lang='lat' dir='ltr'><strong>ut</strong></span> <span class='ocrx_word' id='word_1_753' title='bbox 2898 5676 3029 5759; x_wconf 75' lang='lat' dir='ltr'><strong>quid</strong></span> <span class='ocrx_word' id='word_1_754' title='bbox 3055 5676 3271 5759; x_wconf 70' lang='lat' dir='ltr'><strong>scilicet</strong></span> <span class='ocrx_word' id='word_1_755' title='bbox 3298 5677 3880 5759; x_wconf 65' lang='lat' dir='ltr'><strong>bei_a_tque_divinum</strong></span> <span class='ocrx_word' id='word_1_756' title='bbox 3914 5700 4079 5759; x_wconf 66' lang='grc' dir='ltr'><strong>σχετι</strong></span> 
     </span>
    </p>
   </div>
   <div class='ocr_carea' id='block_1_116' title="bbox 2498 5746 4099 5871">
    <p class='ocr_par' dir='ltr' id='par_1_116' title="bbox 2498 5746 4099 5871">
     <span class='ocr_line' id='line_1_117' title="bbox 2498 5746 4099 5871; baseline 0.007 -71"><span class='ocrx_word' id='word_1_757' title='bbox 2498 5747 2632 5871; x_wconf 44' lang='lat' dir='ltr'><strong>xiiii,</strong></span> <span class='ocrx_word' id='word_1_758' title='bbox 2669 5747 2766 5817; x_wconf 86' lang='lat' dir='ltr'><strong>qui</strong></span> <span class='ocrx_word' id='word_1_759' title='bbox 2799 5746 2943 5811; x_wconf 75' lang='lat' dir='ltr'><strong>unus</strong></span> <span class='ocrx_word' id='word_1_760' title='bbox 2967 5746 3245 5818; x_wconf 85' lang='lat' dir='ltr'><strong>legitimus</strong></span> <span class='ocrx_word' id='word_1_761' title='bbox 3266 5756 3351 5804; x_wconf 86' lang='lat' dir='ltr'><strong>est</strong></span> <span class='ocrx_word' id='word_1_762' title='bbox 3399 5746 3731 5807; x_wconf 75' lang='lat' dir='ltr'><strong>Christianis</strong></span> <span class='ocrx_word' id='word_1_763' title='bbox 3778 5746 4099 5828; x_wconf 51' lang='lat' dir='ltr'><strong>imaginum</strong></span> 
     </span>
     <span class='ocr_line' id='line_1_118' title="bbox 2500 5832 2699 5871; baseline 0 0"><span class='ocrx_word' id='word_1_764' title='bbox 2500 5835 2566 5871; x_wconf 80' lang='grc' dir='ltr'>ου</span> <span class='ocrx_word' id='word_1_765' title='bbox 2618 5832 2699 5871; x_wconf 77' lang='lat' dir='ltr'><strong>US.</strong></span> 
     </span>
    </p>
   </div>
   <div class='ocr_carea' id='block_1_117' title="bbox 2500 5826 2699 5873">
    <p class='ocr_par' dir='ltr' id='par_1_117' title="bbox 2500 5826 2699 5873">
     <span class='ocr_line' id='line_1_119' title="bbox 2500 5826 2699 5873; baseline 0 -2"><span class='ocrx_word' id='word_1_766' title='bbox 2500 5826 2699 5873; x_wconf 84' lang='lat' dir='ltr'><strong>cultus.</strong></span> 
     </span>
    </p>
   </div>
  </div>
