4208 6436
209 408 340 473 1121

1028 403 1373 468 CAPITUM
1412 405 1684 466 THEOL.
1723 404 1817 464 ET
1856 406 2091 465 GLCON.
2133 406 2519 468 CENTURIA
2562 410 2612 470 Ι.

3331 410 3468 474 11°22

202 513 345 569 εἶναι
373 515 550 587 σάρκα
578 533 592 548 ⁸
635 517 724 570 τὸν
756 517 810 570 δὲ
862 516 1070 585 ταύτης
1116 514 1265 579 νοῦν,
1322 513 1561 584 πνεῦμα.
1619 514 1788 581 ἦγουν

1892 516 2071 585 baquc
2126 516 2240 585 ipsa
2291 532 2512 571 carnem
2565 533 2721 586 esse;
2774 519 3116 575 intellectum
3171 527 3353 574 autem
3404 537 3469 577 ac

200 603 405 676 ψυχὴν,
462 608 562 677 τῆς
603 607 859 679 ἀληθείας
914 600 1008 659 οὖν
1065 605 1466 685 ἁμαρτήσεται.
1512 603 1680 671 Σοφὸς
1727 602 1783 654 δὲ

202 696 512 767 προδήλως,
533 700 561 751 δ
591 699 652 752 τὸ
706 697 805 769 μὲν
857 697 1216 768 φθειρόμενον
1250 695 1409 764 ἀφείς
1430 712 1443 724 ·
1471 696 1589 759 ὅλος
1626 693 1784 766 [unus

207 785 337 856 Reg.
372 788 530 861 ὅλως]
561 791 619 843 δὲ
646 790 742 844 τοῦ
762 789 1043 860 ἀφθάρτου
1078 789 1392 859 γενόμενος.

276 966 387 1036 ιιβν.
429 968 489 1020 '0
520 968 617 1037 μὲν
666 968 854 1039 νόμος,
884 966 1021 1038 σάρξ
1049 969 1165 1020 ἐστι
1195 965 1287 1019 τοῦ
1320 964 1461 1019 κατὰ
1506 962 1600 1034 τὴν
1626 962 1786 1032 ἀγίαν

199 1060 433 1130 Γραφὴν
490 1061 866 1131 πνευματικοῦ
911 1058 1240 1131 ἀνθρώπου·
1290 1057 1542 1128 αἴσθησις
1589 1055 1667 1119 δὲ,
1734 1057 1785 1108 οἱ

200 1153 488 1226 προφῆται
516 1171 527 1184 ·
554 1152 615 1206 τὸ
640 1153 696 1206 δὲ
729 1153 1076 1222 Εὑαγγὲλιον,
1116 1152 1264 1223 ψυχὴ
1292 1150 1482 1222 νοερά·
1512 1149 1600 1203 διά
1658 1165 1788 1219 σαρ-

201 1244 299 1307 κὸς
326 1244 427 1301 τοῦ
471 1245 662 1316 νόμου,
709 1247 803 1299 καὶ
867 1246 934 1299 δι’
984 1244 1293 1317 αἰσθήσεως
1346 1243 1457 1298 τῶν
1492 1241 1787 1314 προφητῶν

200 1337 508 1408 ἐνεργοῦσα
531 1355 544 1369 ⁸
582 1326 676 1393 καὶ
698 1338 795 1410 τὴν
822 1339 1025 1408 ἑαυτῆς
1066 1338 1293 1409 δύναμιν
1324 1340 1445 1400 ταῖς
1483 1334 1783 1405 ἐνεργείαις

198 1431 228 1482 ἐ
238 1432 470 1500 μφαίνου
478 1448 563 1486 σα.

279 1526 390 1589 ια’.
417 1522 584 1575 Σκιάν
610 1508 708 1593 μὲν
740 1518 886 1592 εἶχεν
915 1524 942 1574 ὀ
961 1522 1143 1589 νόμος,
1168 1519 1350 1572 εἰκόνα
1380 1517 1436 1571 δὲ
1471 1518 1521 1571 oi
1572 1515 1779 1584 προφῆ-

200 1629 296 1665 ται
341 1613 449 1665 τῶν
484 1614 543 1666 ὲν
572 1613 650 1684 τῷ
702 1613 1020 1682 Εὑαγγελίῳ
1056 1612 1214 1664 θείων
1265 1612 1360 1664 καὶ
1397 1606 1789 1676 πνευματικῶν

201 1702 449 1769 ἀγαθῶν.
490 1703 633 1756 Αὐτὸ
660 1703 715 1757 δὲ
766 1703 828 1756 τὸ
881 1703 1230 1770 Εὐαγγέλιον,
1288 1702 1457 1769 αὐτὴν
1510 1697 1789 1770 παροῦσαν

201 1794 343 1864 ἡμῖν
373 1795 459 1848 διὰ
494 1795 603 1849 τῶν
649 1796 991 1866 γραμμάτων
1020 1793 1189 1858 ἔδειξε
1218 1794 1318 1864 τὴν
1359 1792 1648 1862 ἀλήθειαν·
1689 1791 1789 1860 τὴν

1887 623 2133 671 sensum,
2170 608 2431 677 spiritum
2468 610 2849 678 appellaverit,
2900 611 2948 665 is
2988 627 3017 664 a
3061 612 3295 665 veritate
3327 612 3468 665 nihil

1886 698 2251 753 aberraverit.
2286 698 2583 768 Perspicue
2626 710 2807 754 autem
2838 701 2928 755 ille
2968 701 3130 770 sapit,
3169 701 3261 770 qui
3300 701 3469 753 missa

1835 848 1843 859 ,
1885 806 1952 844 co
1985 791 2130 859 quod
2157 791 2532 860 corrumpitur
2554 802 2720 860 atque
2759 792 2968 854 interit,
2999 802 3147 846 totus
3175 794 3250 846 illi
3280 793 3467 845 adlim-

1889 887 1993 942 ret,
2025 878 2174 947 quod
2204 879 2338 931 nulli
2371 878 2713 948 eorruptioni
2740 878 3038 931 obnoxium
3068 889 3171 933 est.

1955 971 2043 1025 92.
2081 970 2211 1036 Lex,
2242 987 2369 1025 caro
2395 980 2498 1033 est,
2531 952 2950 1042 ejus.sl)iritalis
2987 972 3247 1034 hominis,
3284 973 3376 1042 qui
3413 973 3467 1025 in

1888 1063 2173 1134 Scriptura
2213 1064 2636 1139 consideratur;
2676 1064 2981 1133 prephetm,
3025 1078 3246 1128 sensus;
3286 1064 3465 1116 Evan-

1888 1158 2113 1228 gelium,
2147 1157 2328 1210 anima
2368 1155 2714 1225 intelligens;
2747 1157 2909 1226 482
2940 1172 3062 1225 quae
3085 1155 3342 1209 videlicet
3370 1172 3469 1224 per

1894 1264 2119 1305 carnem
2150 1248 2368 1318 (nempe
2388 1248 2612 1317 legem),
2638 1257 2694 1300 et
2715 1264 2812 1317 per
2845 1265 3065 1302 sensum
3092 1249 3167 1319 (id
3200 1256 3303 1311 est,
3336 1264 3466 1318 pro-

1890 1340 2107 1413 phetas)
2140 1350 2423 1413 Operetur,
2462 1355 2728 1411 suamque
2760 1340 2877 1410 ipsa
2901 1340 3011 1394 vim
3041 1340 3260 1395 actibus
3288 1339 3468 1393 mani-

1888 1434 2069 1488 festet.

1955 1520 2043 1574 93.
2082 1518 2211 1581 Lex,
2262 1518 2514 1573 umbram
2546 1484 2895 1573 solummodd
2928 1518 3157 1583 habuit;
3186 1510 3469 1589 prapheue

1889 1626 2043 1673 vero,
2080 1610 2401 1663 divinorum
2446 1623 2509 1662 ac
2550 1609 2878 1678 spiritalium
2920 1609 3215 1684 bonorum,
3254 1625 3376 1678 qua:
3412 1611 3466 1665 in

1890 1703 2193 1772 Evangelio
2236 1701 2612 1765 continentur,
2647 1700 2961 1769 imaginem.
3008 1693 3190 1769 Ipsum
3229 1701 3467 1771 denique

1892 1793 2273 1862 Evangelium,
2315 1793 2487 1862 ipsam
2512 1790 2673 1846 nebis
2712 1793 2881 1846 rebus
2910 1801 3238 1861 praesentem
3266 1774 3468 1848 verita-

201 1887 285 1956 τῷ
334 1886 486 1958 νόμῳ
568 1889 1054 1960 προσκιασθεῖσαν,
1130 1887 1225 1940 καὶ
1294 1889 1405 1950 τοῖς
1478 1885 1785 1955 προφήταις

1892 1893 1999 1938 tem
2027 1883 2300 1948 exhibuit,
2324 1899 2487 1952 quam
2520 1883 2607 1937 lex
2638 1883 3016 1951 praeeuntibus
3048 1882 3238 1952 ﬁguris
3263 1883 3466 1937 obscu-

202 1977 731 2046 προεικονισθεῖσαν.

278 2158 380 2225 ἥδ’.
428 2159 485 2214 ὐ
517 2159 605 2214 τὸν
636 2160 797 2231 νόμον
814 2161 903 2215 διὶ
928 2161 1044 2232 βίου
1088 2162 1182 2215 καὶ
1206 2160 1483 2224 πολιτείας
1499 2152 1784 2223 ἐπιτελῶν,

207 2253 391 2321 μόνων
415 2252 522 2305 τῶν
550 2252 649 2323 τῆς
688 2253 889 2318 κακίας
944 2255 1108 2326 ἀργεῖ
1155 2254 1637 2326 συμπερασμάτων
1690 2252 1785 2321 (ιν),

202 2342 500 2395 καταθύων
544 2342 622 2412 τῷ
655 2342 774 2415 Θεῷ
830 2344 940 2398 τῶν
990 2344 1201 2412 ἀλόγων
1266 2344 1454 2398 παθῶν
1486 2343 1584 2414 τὴν
1634 2341 1785 2412 ἐνέρ-

201 2450 382 2502 γειαν·
412 2436 507 2488 καὶ
526 2436 702 2505 τούτῳ
723 2436 858 2508 πρὸς
884 2437 1157 2509 σωτηρίαν
1181 2439 1435 2508 ἀρκεῖται
1468 2435 1547 2507 τῷ
1570 2434 1780 2505 τρόπῳ,

201 2525 296 2582 διὰ
326 2526 423 2599 τὴν
443 2532 501 2582 ὲν
533 2528 682 2611 αὐτῷ
714 2531 1093 2602 πνευματικὴν
1127 2530 1452 2602 νηπιότητα.

177 2777 181 2779 Α
276 2702 380 2771 με’.
423 2703 480 2756 '0
517 2702 596 2772 τῷ
648 2701 977 2774 προφητικῷ
1027 2702 1170 2773 λόγῳ
1244 2702 1780 2773 παιδαγωγούμενος,

203 2793 347 2865 πρὸς
364 2797 432 2865 τῇ
465 2793 706 2865 ἀποϐολῇ
730 2796 829 2874 τῆς
860 2794 970 2848 τῶν
1005 2794 1195 2847 παθῶν
1232 2796 1537 2866 ἐνεργείας,
1564 2796 1658 2848 κά).
1686 2796 1784 2858 τὰς

202 2884 349 2939 κατά
385 2884 564 2955 ψυχὴν
602 2885 1001 2955 συνισταμένας
1055 2885 1235 2940 αὐτῶν
1280 2886 1551 2938 ἐκτίθεται
1579 2903 1783 2977 συγκα-

205 2976 461 3040 ταθέσεις
485 2994 500 3007 ·
554 2978 640 3031 ἵνα
690 2978 765 3049 μὴ
799 2977 876 3048 τῷ
930 2976 1169 3050 χείρονι,
1216 2980 1361 3047 φημὶ
1393 2976 1458 3047 δὴ
1491 2980 1555 3047 τῇ
1592 2976 1780 3046 σαρκὶ,

203 3068 379 3122 δοκῶν
435 3070 631 3134 κακίας
659 3070 962 3140 ἀπέχεσθαι
981 3086 994 3100 ”
1028 3069 1107 3140 τῷ
1145 3070 1434 3140 κρείττονι,
1468 3069 1610 3137 λέγω
1636 3068 1692 3121 δὲ
1715 3070 1781 3140 τῇ

204 3160 376 3232 ψυχῇ,
405 3160 543 3232 λάθῃ
570 3161 773 3233 ταύτην
800 3160 1040 3231 δαψιλῶς
1069 3160 1481 3232 ὲνεργούμενος.

277 3363 393 3426 ιιςθ.
431 3359 490 3412 '0
515 3360 615 3429 τὴν
657 3357 1019 3428 εὐαγγελικὴν
1062 3357 1208 3427 ζωὴν
1249 3358 1488 3428 γνησίως
1538 3356 1782 3420 ἀσπαζό-

207 3467 390 3520 μενος,
421 3450 521 3503 καὶ
566 3450 744 3521 ἀρχὴν
782 3451 878 3502 καὶ
907 3450 1060 3511 τέλος
1096 3449 1286 3502 ἑαυτοῦ
1328 3449 1425 3518 τῆς
1452 3449 1651 3512 κακίας
1692 3449 1781 3513 ἐξ-

203 3543 400 3610 έτεμεσ
438 3539 531 3593 καλ¹
561 3541 742 3592 πᾶσαν
780 3540 983 3609 ἀρετὴν
1010 3538 1155 3608 ἔργῳ
1180 3554 1239 3589 τε
1275 3538 1369 3591 καὶ
1410 3537 1552 3607 λόγῳ
1586 3538 1781 3609 μετέρ-

201 3644 360 3698 χεται
381 3644 393 3656 ⁸
423 3627 566 3681 θύων
588 3627 775 3691 θυσίας
801 3627 1052 3691 αίνέσεως
1079 3628 1173 3681 καὶ
1195 3627 1653 3698 ὲξομολογήσεως,
1676 3629 1781 3681 πά·-

205 3736 312 3789 σης
343 3721 443 3791 τῆς
485 3720 605 3772 κατ’
645 3721 923 3791 ἐνέργειαν
977 3719 1086 3773 τῶν
1122 3718 1311 3772 παθῶν
1361 3719 1781 3790 ἀπηλλαγμένος

199 3810 502 3883 ὀχλήσεως,
526 3813 621 3864 καὶ
647 3813 746 3882 τῆς
769 3812 910 3865 κατὰ
934 3809 1060 3863 νοῦν
1075 3810 1213 3882 πρὸς
1240 3810 1379 3863 αὐτὰ
1399 3811 1573 3881 μάχης
1602 3812 1779 3881 ὑπὲρ-

200 3921 317 3973 χων
358 3902 681 3974 ἐλεύθεροςο
739 3903 835 3957 καὶ
891 3903 1061 3972 μόνην
1119 3900 1262 3973 ἔχων
1307 3903 1406 3972 τὴν
1452 3902 1541 3955 ἐπ’
1606 3902 1782 3956 ἐλπίδι

198 3994 311 4047 τῶν
353 3994 660 4065 μελλόντων
713 3995 937 4063 ἀγαθῶν
988 3995 1086 4067 τὴν
1140 3994 1320 4066 ψυχὴν
1362 3994 1778 4066 διατρέφουσαιν,

197 4086 501 4157 ἀκόρεστον
539 4087 753 4158 ἡδονήν.

276 4279 382 4345 ῑιζν.
411 4280 536 4344 Τοῖς
566 4279 1009 4351 σπουδαιοτέροις
1044 4278 1155 4333 τῶν
1193 4267 1353 4335 θείων
1382 4280 1613 4352 Γραφῶν
1658 4281 1782 4334 ἐπι-

202 4370 488 4444 μεληταῖς,
554 4371 649 4424 δύο
707 4372 848 4441 ἔχων
889 4372 1245 4439 ἀναφαίνεται
1316 4372 1531 4444 μορφὰς
1565 4373 1593 4424 ό
1640 4371 1781 4426 κατά

203 4461 409 4531 Κύριον
438 4461 645 4530 Λόγος·
702 4463 800 4532 τὴν
838 4461 937 4533 μὲν
986 4461 1173 4533 κυινὴν
1222 4464 1315 4515 καὶ
1361 4463 1780 4533 δημωδεστέραν

1889 1972 2007 2027 rius
2025 1972 2472 2045 adumbraverit;
2502 1972 2785 2041 propheta:
2805 1988 2939 2026 vero
2961 1974 3111 2026 velut
3139 1972 3303 2028 ducta
3328 1970 3467 2028 ima-

1886 2064 2010 2134 gine
2043 2065 2375 2119 clarioribus
2413 2065 2582 2119 lineis
2612 2065 2882 2133 tantisper
2924 2064 3464 2134 rcprtesentaverint.

1956 2157 2044 2212 94.
2063 2156 2166 2223 Qui
2198 2157 2309 2211 vita
2340 2173 2403 2213 ac
2428 2157 2845 2212 conversatione
2872 2157 3047 2226 legem
3072 2156 3415 2225 exsequitur,
3435 2147 3467 2210 α

1884 2250 2018 2304 solis
2044 2259 2200 2304 vacat
2241 2251 2368 2304 mali
2400 2250 2634 2319 vitiique
2665 2250 3118 2305 conclusionibus
3156 2249 3231 2321 (id
3267 2259 3352 2305 est
3373 2265 3469 2305 ex-

1884 2340 2096 2413 tremis)
2118 2342 2411 2397 immolans
2428 2342 2561 2407 Deo,
2579 2341 2724 2411 quod
2752 2342 3151 2396 irrationalinm
3168 2341 3464 2396 affectuum

1886 2450 1951 2487 ac
1979 2433 2271 2486 libidinum
2306 2440 2466 2497 nutu,
2492 2443 2615 2487 actu
2640 2433 2870 2503 geritur.
2906 2433 3133 2502 Hocque
3170 2433 3249 2488 illi
3276 2434 3463 2498 modo,

1885 2526 1957 2581 ob
2007 2526 2310 2596 spiritalem
2362 2526 2417 2580 in
2459 2541 2528 2581 eo
2579 2526 2892 2592 infantiam,
2932 2527 3001 2580 ad
3050 2528 3287 2581 salutem
3332 2527 3467 2581 satis

1886 2619 2216 2673 consulitur.
3510 2616 3513 2621 ’

1954 2711 2042 2767 95.
2077 2710 2180 2776 Qui
2211 2709 2542 2780 prophetico
2567 2725 2822 2765 sermone
2848 2710 3123 2773 eruditur,
3155 2710 3360 2765 nedum
3389 2710 3471 2765 af-

1886 2804 2133 2860 fectuum
2180 2804 2554 2873 vitiorumque
2598 2811 2783 2857 actum
2824 2802 3015 2872 abiicit
3044 2814 3141 2856 seu
3184 2801 3465 2869 effectum,

1885 2914 2076 2953 verum
2124 2897 2290 2951 etiam
2328 2896 2421 2966 qui
2464 2897 2654 2950 animo
2695 2895 3028 2959 conﬂantur,
3072 2909 3266 2948 eorum
3313 2895 3472 2964 ponit

1886 3004 2209 3052 consensus,
2235 3003 2305 3042 ne
2338 2988 2469 3042 dum
2497 2987 2761 3041 deteriori
2819 2996 2973 3056 parte
3006 2985 3191 3057 (carne
3231 2985 3468 3056 scilicet)

1887 3096 1918 3135 a
1941 3080 2085 3134 malo
2112 3094 2174 3133 ac
2192 3077 2461 3147 pravitate
2484 3078 2763 3131 abstinere
2787 3076 3031 3139 videtur,
3073 3091 3159 3139 ea,
3185 3090 3309 3144 qua:
3330 3090 3473 3144 pra:-

1887 3173 2120 3228 stantior
2146 3180 2230 3226 est
2261 3173 2479 3241 (nempe
2527 3167 2757 3239 animo),
2783 3169 2919 3224 illud
2960 3168 3283 3241 imprudens
3316 3168 3469 3240 large

1886 3273 2165 3336 operetur.

1953 3358 2041 3413 96.
2090 3356 2194 3423 Qui
2237 3372 2365 3411 vere
2395 3372 2462 3411 ex
2495 3356 2681 3409 animo
2715 3354 3089 3423 evangelicam
3130 3354 3300 3408 vitam
3348 3370 3467 3409 am—

1885 3447 2164 3517 plectitur,
2203 3461 2233 3500 a
2273 3461 2331 3501 se
2374 3445 2504 3499 mali
2548 3454 2715 3514 atque
2749 3444 2868 3499 vitii
2904 3460 3029 3499 eum
3076 3444 3319 3506 initium,
3346 3454 3465 3499 tum

1882 3540 2047 3594 ﬁnem
2093 3538 2420 3608 amputavit,
2468 3553 2801 3606 omnemque
2844 3544 2900 3591 et
2937 3552 3107 3606 opere
3149 3546 3207 3592 et
3250 3539 3467 3593 ratione

1882 3650 1979 3688 seu
2006 3647 2261 3687 sermone
2300 3631 2563 3686 virtutem
2597 3631 2764 3694 colit,
2795 3645 2995 3699 nempe
3031 3630 3321 3684 immolans
3353 3631 3468 3685 Deo

1882 3727 2094 3780 hostias
2123 3725 2302 3779 laudis
2331 3708 2388 3779 et
2412 3723 2798 3785 confessionis,
2840 3722 2935 3791 qui
2979 3721 3128 3776 omni
3166 3722 3466 3775 aﬂ‘ectuum

1882 3834 1947 3873 ac
1972 3817 2267 3872 libidinum
2302 3817 2358 3870 in
2396 3822 2523 3870 actu
2548 3824 2714 3884 atque
2753 3828 2922 3882 opere
2962 3811 3176 3866 solutus
3210 3812 3463 3867 molestia

1882 3912 1975 3977 sit,
2023 3918 2189 3979 atque
2234 3925 2262 3963 a
2308 3924 2490 3979 pugna
2532 3924 2655 3976 quae
2694 3922 2818 3961 cum
2864 3905 2975 3960 illis
3014 3905 3201 3958 animo
3230 3905 3463 3974 geritur,

1880 4003 2025 4057 liber
2070 4020 2084 4056 :
2137 4002 2345 4071 quique
2388 4002 2504 4055 sola
2541 3999 2763 4054 demum
2819 3996 3117 4051 insatiabili
3156 3996 3460 4064 voluptate,

1881 4095 2197 4149 futurorum
2252 4092 2523 4147 bonorum
2572 4105 2668 4159 spe
2707 4097 2965 4158 pascente
3014 4101 3080 4141 ac
3127 4085 3460 4150 delectante,

1882 4186 2147 4258 praeditus
2169 4186 2261 4240 sit.

1953 4276 2045 4330 97.
2094 4275 2310 4329 Divinis
2338 4271 2645 4343 Scripturis
2670 4268 2996 4342 impensiori
3033 4268 3319 4339 diligentia
3359 4283 3461 4321 na-

1880 4370 2144 4423 vantibus
2200 4382 2448 4437 operam,
2510 4364 2717 4435 duplici
2782 4362 2939 4433 quasi
3002 4360 3181 4415 forma
3242 4359 3462 4415 Domini

1884 4458 2077 4514 Sermo
2104 4465 2332 4528 apparet
2381 4473 2476 4512 seu
2520 4455 2896 4525 conspicitur;
2937 4452 3109 4507 altera
3157 4451 3493 4515 communi,‘

198 4550 300 4604 καὶ
338 4550 437 4603 οὐκ
465 4551 667 4619 ὀλίγοις
701 4550 895 4622 θεατὴν
916 4592 930 4616 ,
972 4550 1094 4604 καθ’
1130 4551 1197 4622 ἢν
1227 4550 1444 4620 λέγεται
1482 4552 1541 4605 τὸ
1562 4594 1575 4616 ,
1610 4553 1779 4606 Εἰδο-

1886 4551 2165 4621 magisqne
2203 4565 2271 4603 ex
2319 4562 2423 4602 usu
2457 4546 2604 4617 vulgi
2652 4560 2756 4599 nec
2793 4543 2986 4613 paucis
3026 4540 3371 4610 aspectabili,
3396 4554 3464 4593 ex

194 4655 316 4711 μεν
354 4639 563 4707 αὑτὸν,
598 4641 695 4694 καὶ
745 4643 856 4695 οὐκ
910 4638 1077 4710 εἶχεν
1123 4643 1286 4710 εῖδος
1326 4643 1469 4697 οὐδὲ
1516 4644 1777 4710 κάλλος·

196 4730 304 4802 τὴν
349 4731 405 4784 δὲ
438 4734 821 4803 κρυφιωτέραν
876 4736 970 4788 καὶ
1017 4734 1215 4802 ὀλίγοις
1247 4734 1494 4806 ὲφικτὴν,
1533 4739 1644 4798 τοῖς
1678 4737 1779 4808 ἤδη

198 4824 347 4877 κατά
423 4825 631 4895 Πέτρον
676 4826 765 4878 καὶ
842 4826 1098 4879 Ἰάκωϐον
1154 4827 1248 4879 καὶ
1312 4826 1587 4896 Ἰωάννην,
1657 4827 1785 4891 τοὺς

1886 4645 2044 4715 cujus
2089 4642 2305 4696 ratione
2341 4642 2548 4695 dicitur
2590 4639 2725 4694 illud
2758 4657 2771 4692 :
2811 4639 3041 4692 Vidimus
3089 4652 3231 4702 eum,
3275 4644 3325 4688 et
3360 4650 3465 4687 non

1884 4737 2105 4793 habebat
2144 4735 2368 4807 speciem
2412 4750 2578 4806 neque
2618 4734 2852 4787 decorem
2882 4732 2923 4763 “
2970 4741 2999 4785 :‘
3023 4731 3194 4785 altera
3238 4729 3469 4783 abstru-

1883 4828 2052 4891 siore,
2091 4843 2156 4881 ac
2190 4842 2355 4896 quam
2391 4827 2551 4895 pauci
2580 4833 2981 4895 assequamur;
3027 4823 3065 4876 ii
3111 4822 3328 4877 scilicet
3368 4819 3467 4889 qui

200 4914 396 4982 ἁγίους
437 4916 770 4979 ἀποστόλους
798 4917 1099 4985 γεγονόσιν,
1143 4916 1229 4985 ἐφ’
1258 4909 1334 4969 ὧν
1362 4918 1391 4970 ὁ
1420 4915 1625 4987 Κύριος
1655 4934 1785 4987 μετ-

1882 4920 1989 4988 jam
2013 4918 2219 4972 sanctis
2242 4917 2529 4986 apostolis,
2555 4918 2719 4971 Petro
2740 4925 2797 4971 et
2823 4915 3027 4970 Iacobo
3051 4923 3109 4968 et
3131 4912 3352 4975 Joanni,
3393 4913 3472 4966 si-

200 5006 504 5078 εμορφώθη
564 5009 701 5079 πρὸς
754 5008 914 5073 δόξαν
956 5010 1196 5062 νικῶσαν
1223 5010 1323 5081 τὴν
1354 5010 1625 5079 αῐσθησιν·
1660 5010 1782 5063 καθ’

200 5099 272 5169 ἣν
302 5097 475 5150 ἐστιν
504 5098 717 5167 ὡραῖος
744 5099 955 5154 κάλλει
976 5100 1136 5169 παρὰ
1162 5099 1304 5167 τοὺς
1336 5100 1507 5168 υἱοὺς
1530 5099 1652 5155 τῶν
1680 5102 1783 5155 ἀν-

280 5235 324 5268 ⁸⁸
350 5208 452 5290 lsa.
477 5252 587 5300 Llll,
609 5237 664 5290 Ξ.

281 5345 300 5416 ζ
305 5348 354 5418 υ)
382 5347 597 5418 Μίόνων
627 5345 746 5398 τῶν
771 5344 881 5418 τῇς
915 5347 1127 5412 κακίας
1162 5345 1331 5416 ἀργεῖ
1351 5347 1781 5418 συμπεραίνμὰ-

201 5435 345 5471 των.
399 5417 514 5471 Hoc
550 5432 770 5485 quoque
799 5417 965 5471 Marci
996 5418 1275 5487 νηπτικῶν
1302 5433 1424 5487 cap.
1458 5417 1543 5470 ll.
1582 5418 1788 5473 Sensus

201 5499 315 5547 est,
347 5502 473 5540 eum
497 5489 589 5556 qui
618 5487 718 5541 soli
749 5487 876 5543 vita:
905 5488 1089 5542 studet
1121 5503 1184 5541 ac
1208 5488 1636 5549 conversationi,
1691 5504 1787 5542 seu

202 5558 303 5625 qni
356 5573 455 5625 pro
501 5557 883 5625 incipientium
936 5559 1167 5620 ratione,
1232 5558 1491 5612 exteriori
1566 5558 1790 5614 virtutis

203 5628 385 5681 cultui
406 5628 584 5682 solum
603 5627 960 5696 impenditur,
993 5629 1098 5683 hoc
1128 5644 1294 5683 unum
1320 5644 1533 5689 cavere,
1562 5644 1631 5683 ne
1655 5628 1788 5698 quid

203 5712 377 5765 opere
408 5708 618 5766 peccet,
655 5698 879 5767 ipsaque
913 5699 1042 5752 vitia
1066 5708 1121 5752 ct
1149 5699 1397 5762 affectus,
1454 5713 1547 5751 seu
1585 5715 1790 5752 conen-

204 5768 512 5839 piscentias
533 5768 916 5837 exsequendo:
944 5786 1064 5838 qua:
1081 5778 1209 5823 sunt
1230 5770 1337 5820 τῶν
1356 5768 1565 5834 ἀλόγων
1600 5770 1789 5821 παθῶν

207 5839 676 5911 συμπεράσματα,
714 5840 855 5892 velut
884 5840 1275 5907 conclusiones;
1305 5855 1413 5910 quo
1432 5855 1627 5912 nempe
1654 5841 1787 5894 irra-

1883 5011 2043 5064 miles
2075 5009 2420 5075 exstiterint;
2462 5008 2565 5063 sub
2593 5023 2831 5077 quorum
2873 5005 3164 5076 praesentia
3196 5003 3469 5057 Dominus

1884 5100 2309 5158 transformatus
2324 5110 2431 5167 est,
2466 5115 2531 5156 ea
2562 5100 2810 5155 claritate
2834 5114 2956 5169 qua:
2984 5113 3205 5154 sensum
3236 5112 3473 5165 exsupe-

1895 5347 2127 5402 tionales
2165 5348 2397 5402 aﬂ‘eetus
2429 5356 2477 5401 et
2522 5347 2780 5401 libidines
2818 5347 3106 5401 innectunt
3137 5356 3190 5400 et
3217 5346 3467 5410 trahunt,

1893 5419 1972 5494 uti
2000 5427 2224 5494 exponit
2257 5419 2368 5473 Jac.
2404 5419 2572 5494 1,125..
2622 5419 2794 5494 Ducta
2846 5418 3160 5494 metaphora
3195 5432 3247 5494 _a
3282 5417 3467 5494 syllo-

1894 5485 2089 5558 gismo,
2133 5489 2186 5542 in
2243 5505 2352 5558 quo
2415 5489 2495 5543 sic
2542 5485 2859 5558 'prazmissa:
2913 5485 3007 5541 adi
3052 5485 3468 5558 conclusionem

1894 5556 2122 5628 ejusque
2203 5556 2487 5613 ascensum
2560 5556 2830 5612 inducunt
2902 5574 2965 5611 ac
3030 5565 3264 5628 cogunt._
3317 5556 3466 5609 Nihil

1895 5625 2237 5694 ΒωιοῬίςυε,
2271 5631 2325 5681 in
2371 5630 2566 5682 vitiosis
2614 5630 2875 5682 duntaxat
2934 5625 3341 5680 connexionibus
3375 5644 3469 5678 υιι-

1896 5709 2027 5764 cat;
2091 5708 2203 5753 tum
2245 5700 2389 5767 quod
2438 5700 2605 5753 verbo
2645 5701 2803 5769 ἀργεῖ
2857 5697 3193 5752 contrarium
3247 5695 3470 5750 videtur

1896 5784 2119 5823 sensum
2179 5770 2478 5837 aﬂingere;
2558 5780 2673 5823 tum
2722 5770 2869 5839 quod
2927 5782 3116 5822 vocem
3177 5782 3465 5837 συμπερα-

1898 5841 2116 5909 σμάτων
2148 5857 2254 5895 non
2288 5842 2421 5895 satis
2441 5841 2686 5910 exponit.
