4208 6436
770 402 905 467 1123
1923 395 1987 457 δ’.
2031 397 2314 456 ΜΑΧΙΜΙ

2442 399 2496 457 ιΝ
2509 398 2864 457 l-‘ESSORIS
3885 400 4017 463 112‘

766 523 878 574 rat;
920 526 1027 581 qua
1066 519 1139 566 est
1169 513 1431 580 speciosus
1465 519 1632 572 turma
1677 524 1788 580 pro:
1813 505 1941 575 [iliis
1968 507 2238 559 hominum
2267 505 2334 555 ".

2443 508 2706 573 θρωπωτο.
2735 505 2951 557 Τούτων
2983 506 3039 558 δὲ
3069 505 3285 558 τῶνδύο
3303 508 3550 577 μορςῶν,
3580 510 3612 576 ή
3634 509 3736 576 μὲν
3761 510 4017 579 προτέρα,

765 603 939 655 Porro
971 601 1210 671 duplicis
1241 603 1406 672 hujus
1431 602 1639 664 formae,
1675 599 1832 668 prior
1869 597 2094 667 quidem
2120 597 2208 650 his
2237 597 2333 664 qui

2442 600 2546 659 τοῖς
2596 599 2971 667 εἰσαγομένοις
3023 598 3279 669 ἁρμόδιος
3313 616 3324 629 ⁸
3379 598 3414 666 ἡ
3480 597 3710 669 δευτέρα
3775 600 3852 663 δὲ’
3911 605 4021 663 τ’λς

765 694 1106 748 inducuntur
1172 710 1236 748 ac
1293 693 1568 747 tironibus
1616 691 1950 744 conveniens
1998 697 2114 754 est;
2166 686 2338 740 altera

2442 689 2575 741 κατὰ
2603 687 2700 758 τὴν
2730 688 2930 757 γνῶσιν
2952 691 3028 752 ὼς
3049 690 3272 758 ἐφικτὸν
3304 689 3674 743 τελειωθεῖσιν
3735 690 4018 758 ἀνάλογος.

767 800 895 840 vero
933 801 1002 840 ex
1034 800 1225 838 eorum
1270 793 1358 838 est
1405 783 1645 846 ratione,
1692 782 1787 850 qui
1833 779 2063 850 perfecti
2109 777 2340 832 scientia

2442 779 2549 831 Καὶ
2575 780 2608 847 ἡ
2640 778 2760 847 μὲν,
2783 766 2880 848 τῆς
2901 779 3126 849 πρώτης
3159 780 3254 833 τοῦ
3291 783 3496 851 Κυρίου
3531 783 3835 853 παρουσίας
3865 785 4020 836 ἐστιν

766 884 896 928 sunt
935 892 999 929 ac
1044 874 1435 936 consummati,
1477 873 1656 943 quoad
1701 873 1820 942 ejus
1865 871 2014 924 licet.
2060 869 2220 940 483
2264 869 2340 922 Ac

2442 869 2622 930 εἰκὼν,
2655 870 2740 937 ἐφ’
2778 865 2844 941 ἦς
2872 870 2934 922 τὸ
2969 870 3130 940 ῥητὸν
3169 871 3264 924 τοῦ
3320 873 3654 940 Εὐαγγελίου
3701 874 3889 928 θετέον
3925 878 4021 940 τῆς

765 967 990 1032 quidem
1038 965 1237 1033 prima,
1285 965 1498 1018 Domini
1552 963 1754 1033 prioris
1789 961 2060 1016 adventus
2103 959 2340 1030 speciem

2442 961 2524 1013 διὰ
2557 960 2896 1030 παθημάτων
2925 962 3297 1034 καθαιρούσης
3324 966 3450 1026 τοὺς
3473 969 3814 1036 πρακτικούς
3834 984 3848 996 ·
3880 970 3916 1039 ἡ
3943 969 4017 1028 δὲ,

769 1055 953 1114 refert,
995 1053 1062 1108 ad
1119 1070 1279 1124 quem
1325 1053 1609 1108 referenda
1664 1052 1944 1122 Evangelii
1992 1052 2198 1115 littera,
2241 1049 2337 1119 qui

768 1159 963 1212 nempe
1006 1144 1276 1197 malorum
1324 1157 1389 1196 ac
1431 1155 1800 1195 aerumnarum
1845 1139 2199 1209 perpessione
2240 1153 2337 1192 eos

767 1235 1048 1300 cmundet,
1073 1235 1169 1304 qui
1199 1233 1400 1288 actioni
1435 1233 1660 1287 student
1689 1252 1700 1283 ε
1737 1231 1932 1294 altera,
1955 1224 2185 1285 secundi
2215 1229 2336 1300 glo-

767 1325 1012 1395 riosique
1054 1325 1327 1379 adventus
1363 1323 1669 1392 designatio
1710 1331 1796 1377 est
1833 1332 1998 1392 atque
2039 1322 2234 1393 ﬁgura,
2268 1322 2335 1377 ad

766 1430 930 1483 quem
964 1423 1212 1484 spectare
1241 1413 1599 1484 intelligimus
1619 1413 1914 1482 spiritum;
1956 1414 2051 1482 qui
2081 1413 2341 1467 videlicet

764 1508 1039 1576 spiritales
1073 1523 1139 1562 ac
1174 1507 1490 1562 divinorum
1535 1504 1767 1572 scientia
1811 1505 2082 1568 excultos,
2120 1503 2340 1573 sapien-

2443 1051 2540 1120 τῆς
2562 1049 2818 1120 δευτέρας
2867 1052 2958 1104 καὶ
3007 1052 3219 1118 ἐνδόξου
3249 1056 3555 1125 παρουσίας
3583 1057 3701 1110 ἐστὶ
3730 1059 4020 1129 προδιατὺ-

2444 1157 2638 1206 πωσις,
2693 1140 2778 1207 ἐφ’
2813 1134 2883 1211 ἧς
2913 1142 2975 1195 τὸ
3023 1142 3240 1213 πνεῦμα
3269 1147 3469 1198 νοεῖται
3494 1158 3509 1172 ·
3559 1147 3666 1216 τῆς
3697 1147 3789 1201 διά
3830 1148 4022 1218 σοφίας

2442 1233 2566 1294 τοὺς
2627 1235 2962 1300 γνωστικοὺς
3011 1238 3471 1308 μεταμορφοῦσης
3523 1239 3664 1308 πρὸς
3701 1238 4021 1292 θέωινοέκ

2443 1327 2542 1394 τῆς
2586 1325 2643 1376 ἐν
2665 1328 2848 1388 αὐτοῖς
2873 1325 2966 1378 τοῦ
2992 1327 3150 1395 λόγου
3182 1330 3682 1400 μεταμορφώσεως,
3743 1331 4020 1384 ἀνακεκα-

2445 1415 2706 1486 λυμμένῳ
2753 1416 3032 1487 προσώπῳ
3088 1418 3186 1489 τὴν
3213 1418 3372 1486 δόξαν
3417 1421 3624 1491 Κυρίου
3663 1421 4025 1491 κατοπτριζο-

2451 1504 2662 1574 μένους.

768 1601 858 1654 tiae
886 1616 1116 1657 munere
1145 1601 1213 1655 ad
1235 1600 1646 1655 deificationem
1673 1597 2053 1664 transformet;
2082 1611 2150 1650 ex
2173 1593 2334 1651 Verbi
2377 1595 2432 1650 in
2458 1596 2543 1652 eis
2571 1597 3076 1662 transformatione,
3142 1595 3365 1652 Domini
3427 1598 3738 1654 claritatem
3787 1599 4026 1654 revelata

767 1693 906 1748 facie
927 1692 1274 1762 speculantes
1302 1692 1370 1746 ⁸⁸.

835 1781 925 1835 98.
977 1780 1082 1848 Qui
1138 1782 1364 1837 immota
1422 1783 1730 1838 constantia
1794 1789 2020 1852 propter
2076 1782 2336 1835 virtutem

2519 1780 2626 1851 [ιη’.
2664 1781 2722 1835 '0
2740 1783 2838 1852 μὲν
2857 1783 3265 1847 ἀκατασείστως
3285 1782 3426 1852 ὑπὲρ
3452 1783 3653 1854 ἀρετῆς
3674 1781 4030 1852 ἐγκαρτεριῖνν

770 1871 909 1926 mala
954 1872 1172 1936 tolerat,
1222 1873 1462 1942 primum
1517 1874 1572 1926 in
1616 1889 1674 1926 se
1721 1873 1884 1926 Verbi
1927 1871 2338 1935 adventum,ab

755 1964 918 2017 'omni
945 1965 1337 2018 emundantem
1376 1964 1519 2028 labe,
1546 1963 1820 2018 efﬁcacem
1854 1963 2055 2017 habet:
2080 1963 2175 2032 qui
2209 1977 2340 2014 vero

769 2071 868 2125 per
920 2055 1440 2125 contemplationem
1490 2055 1557 2110 ad
1607 2064 1807 2110 statum
1862 2054 2071 2125 angelis
2122 2052 2338 2106 affinem

767 2148 1013 2201 animum
1037 2147 1302 2211 traduxit,
1333 2147 1560 2201 secundi
1588 2148 1697 2200 vim
1723 2147 1992 2201 adventus
2015 2155 2209 2200 nactus
2234 2152 2338 2208 est,

771 2241 852 2294 illi
891 2256 921 2293 a
967 2239 1125 2293 malis
1163 2239 1565 2293 immunitatem
1611 2249 1960 2308 prestantem
2003 2250 2060 2292 et
2107 2249 2168 2291 ut
2217 2237 2340 2292 laedi

771 2329 1065 2384 contrariis
1099 2344 1207 2382 non
1242 2329 1432 2398 possit.

839 2441 926 2495 99.
986 2439 1194 2495 Sensus
1237 2441 1313 2493 illi
1359 2455 1546 2495 comes
1587 2451 1692 2503 est,
1730 2441 1825 2510 qui
1866 2440 2138 2495 actionem
2172 2439 2337 2504 colit;

765 2532 866 2600 qui
893 2547 1091 2601 nempe
1125 2532 1315 2586 labore
1345 2532 1643 2586 virtutibus
1672 2533 1952 2603 fungitur;
1982 2531 2217 2600 sapienti
2239 2547 2341 2585 au-

772 2630 879 2674 tem
918 2635 983 2673 ac
1031 2619 1284 2688 spiritali,
1327 2633 1521 2673 sensus
1562 2618 1812 2673 absentia
1853 2633 1919 2674 ac
1974 2628 2187 2689 stupor,
2247 2619 2341 2688 qui

769 2718 1009 2765 mentem
1039 2726 1069 2764 a
1113 2725 1278 2765 carne
1323 2719 1380 2764 et
1427 2710 1635 2764 mundo
1675 2711 1730 2764 iu
1768 2711 1940 2765 Deum
1985 2709 2337 2764 contraxerit.

769 2803 906 2856 Nam
940 2802 1092 2870 prior
1119 2801 1363 2871 quidem,
1395 2802 1489 2871 qui
1523 2802 1793 2856 actionem
1825 2801 2152 2870 praastando,
2184 2811 2344 2855 natu-

773 2891 906 2946 ralis
944 2890 1012 2944 ad
1047 2907 1268 2945 carnem
1300 2891 1639 2946 habitudinis
1674 2892 1911 2946 vinculis
1941 2892 2185 2946 animum
2229 2891 2341 2946 sol-

769 2996 899 3035 vere
924 2981 1260 3045 connitatur,
1279 2983 1534 3036 eumdem
1561 2983 1756 3037 crebro
1775 2983 2060 3037 laboribus
2083 2982 2341 3036 fatiscen-

773 3084 879 3127 tem
909 3073 1074 3126 habet
1112 3090 1124 3124 :
1161 3074 1303 3128 alter
1326 3089 1476 3138 vero,
1521 3075 1615 3144 qui
1645 3076 1764 3146 ejus
1786 3075 2131 3129 habitudinis
2159 3075 2342 3129 clavos

769 3161 1250 3229 contemplationis
1300 3162 1353 3215 vi
1406 3163 1694 3228 evulserit,
1750 3165 1888 3219 nulli
1947 3167 2055 3234 jam
2117 3180 2343 3233 prorsus

775 3252 1154 3321 mancipabilis
1187 3262 1290 3315 est,
1335 3255 1404 3308 ab
1446 3271 1513 3309 eo
1552 3257 1661 3326 jam
1707 3258 1945 3312 mundus
1978 3257 2230 3321 effectus,
2275 3273 2343 3312 ex

773 3345 928 3412 cujus
956 3343 1140 3398 indole
1171 3354 1255 3399 est
1283 3355 1344 3398 ut
1378 3345 1650 3400 afﬁciatur
1674 3364 1738 3402 ac
1762 3357 2017 3402 teneatur
2050 3365 2146 3404 seu
2187 3347 2338 3403 subi-

773 3445 954 3506 gatur,
990 3435 1058 3490 ab
1091 3435 1194 3501 eis,
1230 3438 1324 3506 qui
1353 3453 1550 3508 capere
1579 3455 1644 3494 ac
1666 3455 1980 3511 expugnare
2007 3440 2200 3495 velint.

845 3526 964 3580 100.
998 3526 1154 3592 Quod
1180 3529 1235 3581 in
1260 3529 1480 3584 deserto
1497 3531 1772 3588 Israelitis
1800 3548 1996 3586 manna
2022 3532 2212 3586 datum
2235 3541 2337 3592 est,

777 3616 871 3669 Dei
899 3631 1078 3670 sermo
1097 3626 1200 3681 est,
1224 3617 1330 3682 his,
1359 3617 1452 3688 qui
1479 3620 1570 3673 illo
1591 3629 1913 3684 vescuntur,
1941 3620 2008 3674 ad
2039 3621 2339 3690 spiritalem

775 3722 990 3761 omnem
1029 3708 1364 3777 voluptatem
1408 3709 1708 3776 sufficiens,
1749 3727 1958 3782 proque
2002 3711 2337 3766 sumentium

776 3800 990 3854 diversa
1061 3800 1393 3868 cupiditate,
1461 3802 1530 3857 ad
1598 3819 1817 3858 omnem
1891 3809 2338 3872 contemperatus

776 3903 994 3963 gustum
1061 3893 1106 3924 ⁵⁸
1161 3912 1173 3945 ;
1229 3893 1430 3964 quippe
1489 3897 1584 3966 qui
1661 3897 1844 3950 omnis
1903 3895 2011 3950 cibi
2073 3893 2336 3964 spiritalis

776 3993 992 4055 gustum
1041 3985 1241 4040 habeat
1284 4002 1349 4040 ac
1387 3989 1727 4057 qualitatem.
1772 3987 1905 4042 Eam
1946 3987 2018 4042 ob
2062 4002 2198 4050 rem,
2249 3987 2335 4041 his

776 4078 1000 4146 quidem
1025 4079 1119 4146 qui
1142 4078 1326 4134 denuo
1345 4095 1412 4134 ex
1435 4080 1760 4149 incorrupto
1783 4079 1993 4134 semine
2034 4094 2133 4148 per
2159 4078 2335 4148 Spiri-

781 4179 894 4222 tum
919 4169 1031 4222 nati
1067 4178 1214 4235 sunt,
1241 4171 1508 4225 rationale
1535 4171 1652 4226 sine
1685 4171 1812 4225 dolo
1856 4171 1941 4224 lac
1977 4169 2216 4224 efﬁcitur
2252 4171 2330 4235 ";

780 4261 888 4315 illis
925 4269 1109 4315 autem
1151 4262 1245 4330 qui
1285 4269 1414 4315 sunt
1456 4260 1679 4325 infirmi,
1726 4261 1848 4316 olus
1891 4261 1958 4325 “,
1995 4260 2338 4316 laborantem

778 4352 887 4405 vim
927 4352 1097 4406 animi
1139 4353 1537 4420 aﬂectibusque
1578 4351 1870 4406 obnoxiam
1913 4366 2165 4407 recreans
2210 4371 2223 4405 :
2271 4353 2340 4408 iis

2439 1871 2550 1932 τοῖς
2577 1871 2792 1935 δεινοῖς,
2818 1873 3214 1942 ἐνεργουμένην
3241 1873 3328 1940 ἐφ’
3366 1871 3563 1926 ἐαυτὸν
3588 1871 3706 1940 ἔχει
3737 1871 3840 1940 τὴν
3873 1868 4028 1941 πρώ-

2440 1979 2538 2032 την
2551 1962 2644 2015 τοῦ
2659 1964 2831 2030 Λόγου
2849 1963 3174 2032 παρουσίαν,
3191 1963 3371 2032 πάσης
3391 1961 3555 2016 αὑτὸν
3578 1961 3799 2031 κηλίδος
3825 1959 4026 2014 καθαί-

2444 2068 2638 2122 ρουσαν
2663 2070 2677 2082 ’
2711 2055 2740 2106 ό
2775 2053 2832 2106 δὲ
2869 2055 2960 2108 τὸν
2997 2055 3122 2108 νοῦν
3172 2055 3308 2126 πρὸς
3352 2054 3451 2124 τὴν
3488 2052 3598 2106 τῶν
3643 2051 3899 2120 ἀγγέλων
3941 2050 4030 2103 διά

2439 2142 2674 2213 θεωρίας
2704 2145 3074 2214 μεταϐιϐάσας
3104 2147 3460 2207 κατάστασιν,
3499 2145 3597 2214 τῆς
3623 2144 3889 2214 δευτέρας
3913 2143 4025 2214 ἔχει

2441 2234 2740 2302 παρουσίας
2771 2235 2868 2306 τὴν
2891 2236 3144 2306 δύναμιν,
3189 2237 3523 2308 ἐνεργοῦσαν
3547 2235 3700 2306 ἀυτῷ
3724 2237 3789 2291 τὸ
3813 2235 4028 2302 ἀπαθὲς

2442 2325 2535 2378 καὶ
2564 2326 2856 2379 ἀνάλωτον.

2511 2437 2612 2505 ιιθν.
2647 2439 2908 2510 Αἴσθησις
2944 2443 3042 2512 μὲν
3073 2441 3266 2494 ἕπεται
3294 2443 3374 2511 τῷ
3403 2441 3721 2512 πρακτικῷ,
3749 2443 3839 2494 διὰ
3866 2443 4031 2494 πόνον

2442 2529 2792 2596 κατορθοῦντι
2817 2531 2917 2594 τὰς
2937 2533 3155 2603 ἀρετάς·
3182 2531 3516 2602 ἀναισθησία
3534 2531 3594 2584 δὲ
3614 2531 3694 2602 τῷ
3714 2532 4028 2602 γνωστικῷ.

2440 2621 2532 2672 τὸν
2558 2620 2680 2674 νοῦν
2711 2621 2819 2674 ἀπὺ
2845 2622 2941 2691 τῆς
2972 2625 3174 2693 σαρκὸς
3204 2623 3298 2676 καὶ
3324 2623 3418 2675 τοῦ
3447 2623 3654 2692 κόσμου
3682 2625 4032 2677 συστείλαντι

2444 2709 2580 2780 πρὸς
2607 2710 2758 2763 Θεόν.
2808 2711 2864 2764 '0
2909 2711 3009 2781 μὲν
3055 2713 3166 2783 γὰρ
3214 2712 3378 2766 λῦσαι
3408 2714 3508 2782 τὴν
3534 2712 3715 2782 ψυχὴν
3747 2712 3860 2764 τῶν
3886 2714 4033 2766 κατά

2444 2802 2605 2870 φύσιν
2649 2804 2748 2872 τῆς
2781 2802 3020 2872 σχέσεως
3043 2823 3045 2825 ·
3069 2804 3206 2872 πρὸς
3231 2803 3332 2873 τὴν
3360 2804 3541 2873 σάρκα
3568 2804 3785 2874 δεσμῶν
3813 2805 3906 2858 διά
3928 2806 4033 2874 τῆς

2444 2894 2754 2962 πρακτικῆς
2781 2893 3180 2962 ἀγωνιζόμενος
3201 2935 3217 2958 ,
3268 2893 3382 2964 ἔχει
3408 2895 3507 2964 τὴν
3528 2893 3758 2966 γνώμην
3786 2899 3904 2958 τοῖς
3930 2897 4032 2948 πό-

2442 3001 2554 3046 νοις
2583 2984 2820 3054 συνεχῶς
2853 2989 2869 3006 ⁶
2899 2984 3330 3049 ἐποκλάξουσαψ
3366 2989 3394 3038 ὁ
3418 2987 3499 3053 δὲ,
3530 2986 3736 3056 ταύτης
3765 2989 3870 3058 τῆς
3898 2990 4031 3058 σχέ-

2445 3090 2583 3138 σεως
2607 3075 2931 3138 ἀνασπάσας
2959 3075 3049 3130 διὰ
3077 3076 3178 3145 τῆς
3208 3077 3442 3147 Θεωρίας
3468 3076 3641 3149 [unus
3663 3077 3793 3149 Reg.
3817 3078 4036 3150 θεωρη-

2443 3165 2623 3236 τικῆς]
2667 3168 2795 3228 τοὺς
2815 3167 3000 3236 ἥλους,
3031 3167 3210 3221 οὐδενὶ
3237 3170 3300 3222 τὸ
3331 3169 3553 3222 σύνολόν
3579 3171 3696 3222 ἐστι
3724 3170 4030 3234 καθεκτός·

2443 3257 2684 3326 καθαρὸς
2733 3257 2834 3327 ήδη
2891 3257 2988 3310 τοῦ
3044 3259 3278 3328 πάσχειν
3319 3277 3379 3312 τε
3431 3261 3525 3314 καὶ
3572 3261 3898 3331 κρατεῖσθαι
3930 3278 4032 3314 πε·

2442 3349 2676 3417 φυκότος
2708 3349 2861 3420 παρά
2888 3350 2999 3403 τῶν
3026 3351 3166 3402 ἐλεῖν
3199 3350 3562 3422 βουλομένων,
3599 3353 3918 3423 γενόμενος.

2514 3528 2581 3598 ρ’.
2613 3527 2687 3579 Τὸ
2719 3527 2895 3596 μάννα
2925 3525 3079 3580 δοθὲν
3111 3527 3190 3598 τῷ
3225 3527 3441 3597 Ἰσραὴλ
3471 3527 3617 3580 κατά
3643 3528 3745 3596 τὴν
3791 3528 4030 3598 ἔρημον,

2441 3620 2470 3672 ὁ
2494 3617 2586 3672 τοῦ
2613 3617 2748 3670 Θεοῦ
2772 3618 2930 3686 λόγος
2957 3618 3074 3670 ἐστὶ
3096 3658 3112 3684 ,
3164 3618 3302 3690 πρὸς
3347 3620 3526 3672 πᾶσαν
3548 3619 3744 3689 ἡδονὴν
3774 3637 4030 3689 πνευμα-

2445 3710 2604 3780 τικὴν
2637 3711 2831 3781 ἀρμῶν
2861 3713 2975 3774 τοῖς
3014 3711 3287 3765 ἐσθίουσιν
3319 3712 3500 3775 αὐτὸν,
3546 3713 3808 3782 καὶπρὸς
3842 3716 4030 3767 πᾶσαν

2449 3801 2636 3868 γεῦσιν
2667 3803 2806 3855 κατά
2833 3804 2932 3874 τὴν
2970 3803 3233 3872 διαφοράν
3261 3803 3359 3874 τῆς
3385 3802 3494 3856 τῶν
3521 3803 3812 3858 ἐσθιόντων
3836 3806 4026 3860 ἐπιθυ-

2451 3894 2598 3962 μίας,
2627 3893 3118 3965 μετακιρνώμενος.
3156 3896 3342 3965 Πάσης
3367 3896 3477 3965 γὰρ
3507 3895 3620 3965 ἔχει
3640 3900 4028 3969 πνευματικῆς

2447 3983 2700 4054 βρώσεως
2735 3987 3016 4056 ποιότητα.
3045 3986 3136 4038 Διὸ
3173 3987 3286 4047 τοῖς
3332 3984 3431 4055 μὲν
3473 3984 3777 4052 ᾶνωθενέκ
3814 3989 4029 4057 σπόρου

2446 4076 2723 4146 ἀφθάρτου
2756 4076 2843 4129 διὰ
2892 4077 3199 4154 πνεύματος
3219 4075 3525 4145 γεννηθείσι
3547 4117 3562 4142 ,
3595 4078 3812 4145 λογικὸν
3832 4079 4030 4132 ἄδολον

2450 4167 2660 4236 γίνεται
2702 4169 2843 4237 γάλα
2866 4185 2878 4197 ·
2912 4171 3026 4231 τοῖς
3070 4168 3128 4221 δὲ
3157 4167 3464 4231 ἀσθενοῦσι,
3493 4168 3748 4240 λάχανον,
3775 4169 3880 4240 τὴν
3917 4191 4029 4225 τεα-

2442 4259 2643 4313 θοῦσαν
2678 4259 2778 4328 τῆς
2819 4258 3000 4329 ψυχῆς
3046 4259 3537 4331 παραμυθούμενος
3585 4260 3818 4333 δύναμιν
3847 4280 3863 4294 ³
3911 4268 4032 4328 τοῖς

2439 4346 2494 4399 δὲ
2521 4346 2607 4399 διὰ
2637 4348 2736 4414 τὴν
2764 4345 2877 4410 ἕξιν
2907 4344 2975 4398 τά
3015 4346 3341 4418 αἰσθητήρια
3380 4349 3479 4418 τῆς
3519 4350 3694 4420 ψυχῆς
3737 4366 4030 4422 γεγυμνα-

777 4446 1016 4514 denique
1047 4447 1143 4515 qui
1189 4452 1415 4514 propter
1454 4443 1723 4509 habitum,
1756 4453 1950 4499 Sensus
1981 4445 2152 4499 animi
2185 4460 2340 4500 exer-

2445 4437 2617 4507 σμένα
2668 4436 2848 4507 ἔχουσι
2878 4437 3015 4507 πρὸς
3067 4436 3343 4506 διάκρισιν
3395 4438 3562 4493 καλοῦ
3589 4456 3647 4492 τε
3673 4440 3771 4493 καὶ⁵
3813 4442 4028 4502 κακοῦ,

777 4537 976 4590 citatos
1017 4529 1224 4590 habent
1271 4535 1342 4589 ad
1391 4534 1778 4589 discretionem
1821 4534 1950 4590 boni
1995 4542 2052 4590 et
2093 4535 2223 4589 mali
2269 4537 2338 4602 ⁸⁷,

776 4626 1016 4695 seipsum
1053 4624 1303 4694 praebens
1332 4624 1566 4678 solidum
1606 4624 1812 4678 cibum.
1842 4623 1983 4690 Quin
2012 4632 2070 4678 et
2101 4624 2343 4680 infinitas

775 4717 912 4770 alias
939 4716 1174 4770 virtutes
1199 4715 1297 4769 Dei
1320 4730 1502 4768 sermo
1532 4714 1715 4780 habet,
1749 4729 1885 4784 quas
1915 4715 2171 4784 praesenti
2201 4730 2338 4782 aevo,

777 4822 940 4861 nemo
969 4807 1184 4876 capiat;
1227 4820 1366 4875 quas
1408 4806 1554 4873 ipsas
1601 4820 1810 4870 omnes,
1858 4821 1955 4859 seu
1999 4805 2232 4874 aliquas,
2272 4822 2340 4860 eo

776 4897 923 4966 quod
962 4897 1016 4950 in
1056 4896 1274 4950 modico
1317 4894 1493 4948 fidelis
1533 4895 1826 4958 exstiterit,
1862 4903 2190 4964 accepturus
2232 4904 2338 4959 est,

777 4989 870 5066 qui
899 4987 1115 5040 mortali
1151 4987 1365 5040 solutus
1393 4986 1526 5051 vita,
1565 4985 1764 5056 dignus
1803 4984 2099 5041 habebitur
2129 4987 2225 5056 qui
2253 5002 2345 5042 su—

775 5093 873 5148 pra
902 5078 1092 5142 multa,
1119 5078 1236 5132 sive
1265 5077 1450 5132 omnia
1478 5078 1849 5131 constituatur
1885 5078 1950 5131 ⁸⁸.
1976 5077 2166 5133 Omnis
2194 5079 2340 5133 enim

775 5168 1063 5238 praesentis
1084 5167 1211 5222 vitae
1239 5167 1511 5221 donorum
1550 5167 1854 5230 summitas,
1896 5168 2182 5222 minimum
2207 5170 2339 5239 quid

774 5267 859 5311 est
886 5266 942 5312 et
972 5257 1270 5319 modicum,
1307 5257 1719 5326 comparatione
1751 5257 2086 5312 futurorum.

772 5429 940 5503 m
985 5430 1309 5486 CENTENA
1364 5430 1630 5486 ITERUM
1683 5429 2016 5487 GNOSTICA
2065 5431 2330 5490 CAPITA.

845 5523 897 5575 l.
939 5523 1091 5579 Unus
1111 5522 1278 5587 Deus,
1309 5521 1457 5591 quod
1491 5537 1598 5576 una
1622 5522 1800 5577 deitas
1827 5540 1840 5575 :
1868 5523 2050 5579 unitas
2081 5526 2338 5597 principii

2445 4529 2674 4600 στερεὰν
2719 4531 2910 4583 ἐαυτὸν
2954 4530 3138 4584 δίδωσι
3163 4534 3410 4604 τροφήν.
3448 4535 3601 4604 Ἔχει
3625 4533 3682 4587 δὲ
3724 4537 3820 4588 καὶ
3851 4537 4035 4602 ἀλλα-ς

2443 4621 2701 4690 ἀπείρους
2721 4621 2977 4692 δυνάμεις
3005 4625 3033 4676 ό
3057 4623 3149 4676 τοῦ
3176 4625 3311 4677 Θεοῦ
3334 4624 3512 4692 λόγος,
3541 4625 3778 4679 ἐνταῦθα
3807 4629 3890 4698 μὴ
3913 4648 4028 4698 χω-

2446 4713 2712 4783 ρουμένας
2737 4728 2752 4743 ο
2815 4713 3088 4779 ἀναλύσας
3135 4715 3191 4768 δέ
3233 4733 3318 4780 τις
3341 4758 3357 4783 ,
3411 4717 3507 4770 καὶ
3544 4715 3689 4781 ἄξιος
3719 4719 4033 4788 γενόμενος

2441 4807 2536 4859 ἐπὶ
2564 4806 2771 4860 πολλῶν
2791 4848 2805 4873 ,
2855 4810 2888 4880 ἢ
2923 4811 3017 4863 ἐπὶ
3045 4810 3261 4864 πάντων
3291 4810 3730 4880 κατασταθῆναι,
3780 4813 4037 4884 λήψεται

2441 4896 2701 4960 κάκείνας
2743 4897 2869 4961 ὅλας
2894 4940 2910 4964 ,
2970 4899 3006 4969 ἡ
3049 4915 3200 4960 τινας
3248 4897 3343 4951 τοῦ
3387 4898 3548 4975 λόγοι»
3592 4899 3691 4962 τὰς
3726 4899 4034 4970 δυνάμεις,

2439 4987 2526 5041 διὰ
2553 4987 2614 5040 τὸ
2643 4989 2700 5040 ἐν
2727 4988 2997 5058 ἐλαχίστῳ
3029 4989 3192 5042 αὐτὸν
3224 4988 3457 5043 ἐνταῦθα
3487 4989 3674 5044 πιστὸν
3694 4991 3998 5059 γεγονέναι
4019 5035 4030 5044 .

2439 5080 2596 5132 Πᾶσα
2621 5080 2731 5150 γὰρ
2755 5081 2861 5134 τῶν
2887 5079 3125 5134 ἐνταῦθα
3153 5079 3444 5151 διδομένων
3474 5079 3633 5134 θείων
3656 5065 4040 5151 χαρισμάτων

2438 5171 2698 5242 ἀκρότης,
2760 5170 3040 5241 συγκρίσει
3091 5170 3201 5224 τῶν
3247 5171 3581 5240 μελλόντων.
3635 5171 3929 5240 ἐλάχιστόν
3978 5190 4038 5226 τι

2437 5263 2531 5316 καὶ
2564 5262 2784 5332 μέτριόν
2805 5263 2954 5314 ἐστιν

2536 5436 2675 5492 EKA
2687 5435 2957 5491 ΤΟΝΤᾹΣ
2986 5440 3043 5492 Β¹
3070 5437 3484 5494 ΓΝΩΣΤΙΚΩΝ
3506 5439 3926 5499 ΚΕΦΑΛΑΙΩΙἋ

2517 5537 2584 5582 α’.
2635 5525 2730 5593 Εἷς
2754 5529 2906 5594 Θεὸς,
2939 5530 3020 5583 ὅτι
3048 5529 3144 5600 μία
3167 5528 3375 5600 θεότης·
3434 5529 3600 5600 μονὰς
3621 5528 3784 5601 [deest
3808 5531 3896 5588 τὺ,
3932 5550 4042 5602 μο-

845 5644 889 5676 ¹²
911 5643 1052 5718 Ρεαι.
1077 5644 1293 5718 xuv,_5.
1372 5643 1418 5677 ⁵³
1437 5641 1631 5718 ll_Cor.
1660 5657 1737 5698 ιιι.
1763 5643 1829 5696 l8
1926 5641 1971 5672 “
1997 5641 2124 5710 Sap.
2150 5660 2254 5707 xw,
2277 5644 2340 5698 20

2445 5648 2488 5677 ⁵⁵
2516 5647 2536 5701 l
2565 5648 2712 5701 Petr.
2740 5664 2798 5710 ιι,
2820 5647 2876 5701 2.
2952 5649 2997 5680 ⁵⁸
3022 5648 3182 5702 Rom.
3204 5663 3312 5712 xw,
3333 5648 3385 5702 2.
3462 5648 3507 5680 ⁸⁷
3529 5647 3696 5704 Hebr.
3720 5663 3777 5718 ι’,
3799 5648 3894 5704 14.
3993 5638 4043 5669 ⁸³

774 5714 965 5770 Matth.
995 5729 1141 5778 xxtv,
1166 5715 1264 5777 l7;
1300 5728 1422 5776 xxv,
1448 5711 1538 5766 21.

851 5835 858 5847 ¹
898 5801 1052 5882 Unus
1094 5827 1226 5895 Reg.
1264 5823 1475 5892 σαφῶς·
1529 5823 1687 5885 alter,
1725 5819 1952 5890 συχνῶς,
1988 5836 2107 5890 quae
2144 5831 2198 5876 et
2245 5824 2340 5879 vid,

2442 5841 2495 5880 ur
2527 5824 2720 5880 melior
2744 5825 2924 5880 lectio.
