4208 6436
214 437 351 504 11:25

1045 433 1385 494 (lAl‘lTUM
1425 429 1693 492 TllEOL.
1732 429 1822 490 ET
1863 429 2095 490 (EUON.
2137 432 2520 492 CBN'l‘Ui‘tH
2564 434 2646 493 Π.

3325 436 3464 500 1126

211 553 330 613 νὰς.
373 553 424 604 in
452 551 620 605 tribus
655 549 852 623 Regiis]
883 549 1124 618 ἄναρχος
1151 548 1244 600 καὶ
1269 545 1416 614 ἁπλῆ
1441 543 1535 597 καὶ
1563 539 1791 610 ὑπερούο

1897 556 2114 610 cxpers,
2145 541 2481 612 simplexque
2513 553 2566 598 et
2609 545 3121 614 superessentialis;
3161 544 3466 614 impartibi-

212 657 346 700 σιος·
382 644 476 694 καὶ
507 640 719 714 ἀμερὴς
752 640 850 694 καὶ
881 637 1222 708 ἀδιαίρετοςο
1257 638 1290 705 ἡ
1318 634 1460 704 αὑτὴ
1503 631 1668 703 μονὰς
1703 631 1794 684 καὶ

210 731 389 800 Τριάς
413 748 429 762 ο
487 732 583 801 ὅλη
632 731 799 802 μονὰς
833 733 866 801 η
892 729 1053 799 αὑτὴ,
1101 727 1198 781 καὶ
1227 728 1322 797 ὅλη
1353 723 1523 804 Τριὰς
1552 723 1586 793 ἡ
1615 723 1750 792 αὐτή
1777 739 1791 752 ⁹

215 821 384 890 μονὰς
435 823 532 893 ὅλη
565 823 706 876 κατὰ
735 821 836 892 τὴν
864 819 1049 873 οὐσίαν
1077 820 1113 890 η
1145 817 1284 889 αὑτὴ
1303 855 1319 879 ,
1376 813 1473 868 καὶ
1503 812 1674 883 Τριᾶς
1699 812 1794 880 ὅλη

210 911 361 965 κατὰ
387 912 489 975 τὰς
515 912 843 973 ὑποστάσεις
875 910 908 980 η
938 909 1100 979 αὑτή.
1139 906 1329 977 Πατὴρ
1359 904 1489 973 γὰρ,
1524 903 1618 954 καὶ
1645 899 1791 963 Υἱὸς,

211 1001 310 1055 καὶ
345 1001 569 1073 Πνεῦμα
599 1004 755 1070 ἅγιον
789 1003 821 1071 η
852 1000 1071 1069 θεότης,
1101 999 1196 1051 καὶ
1225 999 1284 1050 ὲν
1312 996 1507 1064 Πατρὶ,
1540 993 1635 1046 καὶ
1659 989 1792 1059 Υἰῷ,

209 1093 310 1146 καὶ
343 1093 484 1165 ἁγίῳ
508 1093 786 1163 Πνεὺμιιτι
821 1094 856 1164 ἡ
883 1091 1093 1161 Θεότης.
1133 1090 1272 1158 Ὅλη
1302 1089 1361 1141 ὲν
1385 1087 1490 1158 ὅλῳ
1515 1085 1594 1155 τῷ
1623 1083 1796 1153 Πατρὶ

208 1187 244 1253 ἠ
275 1185 416 1256 αὑτὴ
442 1201 456 1215 ·
483 1185 577 1238 καὶ
625 1183 744 1246 ὅλος
773 1186 833 1236 ἐν
882 1183 982 1256 ὅλῃ
1006 1183 1073 1253 τῇ
1097 1181 1235 1250 αὑτῇ
1267 1181 1294 1232 6
1318 1180 1507 1249 Πατήρ
1533 1195 1547 1209 ο
1570 1177 1663 1228 καὶ
1692 1174 1788 1244 ὅλη

208 1277 271 1328 ὲν
305 1276 414 1346 ὅλῳ
471 1274 550 1344 τῷ
606 1274 720 1343 Υἱῷ
773 1275 806 1344 ἡ
850 1274 1024 1343 αὑτή’
1076 1272 1173 1326 καὶ
1200 1271 1318 1332 ὅλος
1345 1271 1403 1321 ἐν
1431 1269 1526 1338 ὅλῃ
1558 1269 1626 1337 τῇ
1657 1267 1792 1334 αὐτῇ

206 1371 238 1420 ὁ
263 1367 414 1431 Υἱός.
453 1369 562 1420 Καὶ
591 1367 689 1436 ὅλη
721 1367 781 1418 ἐν
808 1366 915 1435 ὅλῳ
939 1365 1016 1434 τῷ
1041 1362 1318 1432 Πνεὺματι
1346 1361 1426 1431 τῷ
1455 1359 1597 1428 ἁγίῳ
1632 1361 1665 1429 ἠ
1695 1359 1795 1436 αὑ-

208 1457 279 1527 τή
309 1473 325 1486 ·
382 1458 478 1509 καὶ
528 1457 650 1510 ὅλον
695 1457 754 1508 ὲν
801 1454 899 1526 ὅλῃ
926 1457 992 1524 τῇ
1015 1453 1154 1523 αὑτῇ
1182 1453 1245 1504 τὸ
1275 1451 1501 1520 Πνεῦμα
1531 1447 1591 1500 τὸ
1622 1449 1792 1515 ἆγιον.

212 1548 356 1618 Ὅλη
386 1549 599 1620 Πατὴρ,
632 1547 727 1601 καὶ
761 1549 820 1599 ἐν
847 1547 953 1616 ὅλῳ
979 1543 1056 1615 τῷ
1083 1543 1254 1615 Πατρί
1280 1560 1294 1574 ο
1352 1545 1448 1595 καὶ
1475 1540 1593 1602 ὅλος
1623 1541 1679 1592 ὲν
1701 1539 1794 1610 ὅλῃ

210 1643 240 1694 6
269 1641 460 1711 Πατὴρ
478 1680 493 1704 ,
525 1640 621 1693 καὶ
650 1640 745 1709 ὅλη
775 1638 896 1701 ὅλος
926 1637 954 1688 6
978 1636 1188 1706 Πατήρ.
1223 1633 1333 1688 Καὶ
1359 1633 1455 1702 ὅλη
1481 1631 1597 1695 ὅλος
1624 1634 1652 1684 6
1676 1631 1796 1693 Υἱὸς

210 1733 246 1801 ἡ
293 1732 428 1802 αὑτή
456 1748 469 1762 ⁸
525 1731 621 1784 καὶ
663 1731 759 1800 ὅλη
808 1730 868 1781 ὲν
905 1727 1012 1798 ὅλῳ
1045 1727 1122 1797 τῷ
1150 1724 1265 1796 Υίῷ
1297 1726 1331 1794 ἡ
1361 1723 1521 1794 αὐτήο
1559 1723 1654 1775 καὶ
1677 1722 1797 1783 ὅλος

209 1823 312 1890 ὅλη
339 1862 352 1883 ,
409 1822 506 1875 καὶ
551 1823 611 1874 ὲν
653 1821 749 1890 ὅλῃ
781 1821 848 1890 τῇ
874 1820 1013 1888 αὑτῇ
1038 1818 1068 1869 6
1091 1816 1240 1879 Υἱός.
1301 1815 1408 1869 Καὶ
1451 1814 1548 1883 ὅλη
1574 1811 1794 1880 Πνεῦμα

216 1913 379 1982 ἅγιον
407 1916 441 1982 ή
473 1912 634 1984 αὑτὴ,
667 1914 762 1966 καὶ
793 1912 852 1964 ιν
875 1911 982 1980 ὅλῳ
1002 1909 1081 1979 τῷ
1105 1907 1380 1978 Πνεὺματι
1408 1906 1486 1976 τῷ
1505 1905 1664 1975 ἀγίῳ’
1700 1904 1794 1956 καὶ

213 2005 284 2058 τὸ
317 2008 544 2076 Πνεῦμα
571 2005 634 2057 τὸ
658 2005 812 2073 ἅγιον
836 2003 956 2056 ὅλον
977 2001 1095 2070 ὅλη,
1113 2000 1207 2052 καὶ
1221 1999 1341 2053 ὅλον
1361 2000 1419 2053 έν
1437 1998 1536 2070 ὅλῃ
1560 1999 1626 2066 τῇ
1654 1996 1788 2065 αὑτῇ

211 2095 275 2148 τὸ
291 2095 517 2164 Πνεῦμα
539 2094 599 2147 τὸ
629 2093 804 2162 ἅγιον.
835 2093 910 2146 Οὑ
945 2092 1057 2160 τὰρ
1078 2092 1141 2144 ἐκ
1168 2089 1368 2159 μέρους
1387 2090 1422 2158 ή
1438 2087 1630 2157 θεότης
1645 2087 1701 2138 ὲν
1714 2084 1792 2154 τῷ

211 2185 465 2256 Πατρὶ,ῆ
489 2187 552 2238 ὲκ
582 2184 781 2255 μέρους
805 2183 936 2246 Θεὸς
963 2182 992 2235 6
1020 2183 1229 2252 Πατήρο
1251 2179 1378 2233 οὔτε
1409 2180 1474 2231 ὲκ
1505 2177 1704 2248 μέρους
1735 2177 1792 2229 ἐν

211 2276 294 2346 τῷ
325 2275 439 2344 Tit]:
469 2276 501 2344 ἡ
528 2275 742 2343 θεότης,
772 2275 807 2343 ἢ
834 2274 899 2326 ἐκ
939 2273 1138 2342 μέρους
1167 2270 1301 2331 Θεὸς
1328 2271 1358 2322 6
1385 2268 1512 2331 Υἱός
1533 2285 1546 2298 ·
1580 2266 1703 2321 οὕτε
1727 2267 1792 2318 ὲκ

216 2370 422 2437 μέρους
456 2368 514 2418 ὲν
544 2365 621 2435 τῷ
646 2365 784 2434 ἁγίῳ
807 2365 1085 2436 Πνεῦματι
1116 2366 1151 2433 ἡ
1180 2361 1389 2432 θεότης.
1426 2361 1458 2430 ἢ
1499 2361 1564 2414 ὲκ
1592 2361 1792 2430 μέρους

214 2457 350 2520 Θεὸς
378 2458 439 2510 τὸ
472 2455 692 2525 Πνεῦμα
723 2456 782 2508 τὸ
807 2455 981 2522 ἆγιον.
1037 2453 1178 2507 Οῦτε
1204 2452 1312 2524 γὰρ
1344 2451 1576 2522 μεριστὴ
1602 2453 1637 2519 ἠ
1671 2449 1791 2502 Θεό-

211 2564 350 2617 της·
407 2547 531 2600 οὔτε
581 2546 777 2616 ἀτελὴς
821 2544 960 2608 Θεὸς
1006 2545 1036 2596 6
1079 2542 1269 2615 Πατὴρ
1296 2583 1311 2605 ,
1366 2543 1398 2613 ἢ
1429 2544 1457 2594 6
1488 2542 1637 2603 Υἱὸς,
1671 2541 1792 2610 ἢτὸ

214 2639 444 2709 Πνεῦμα
474 2639 534 2690 τὸ
561 2637 720 2706 ἄτιον
740 2654 755 2669 ο
785 2637 901 2690 ἀλλ’
941 2635 1037 2706 ὅλη
1067 2636 1217 2688 ἐστὶν
1241 2637 1275 2705 ἡ
1312 2636 1451 2706 αὑτὴ
1490 2633 1670 2686 τελεία
1712 2651 1793 2686 τε·

211 2730 374 2793 λείως
400 2731 458 2782 ὲν
485 2729 675 2799 τελείῳ
703 2727 781 2799 τῷ
811 2728 984 2799 Πατρί
1002 2746 1016 2759 ο
1042 2729 1140 2782 καὶ
1167 2727 1262 2799 ὅλη
1285 2727 1468 2781 τελεία
1488 2727 1706 2790 τελείως
1733 2727 1791 2778 ἐν

215 2822 410 2892 τελείῳ
436 2822 514 2892 τῷ
542 2822 655 2892 Υίῷ
686 2823 718 2892 ἡ
744 2823 904 2891 αὑτή’
938 2821 1035 2874 καὶ
1058 2821 1154 2890 ὅλη
1179 2820 1360 2873 τελεία
1389 2819 1613 2882 τελείως
1637 2821 1668 2890 ή
1693 2819 1790 2872 αὑ·

212 2914 280 2984 τὴ
336 2914 395 2964 ἐν
435 2911 630 2982 τελείῳ
662 2911 742 2981 τῷ
765 2912 906 2980 ἁγίῳ
935 2909 1232 2980 Πνεὺματι.
1269 2911 1428 2974 Ὀλος
1452 2911 1562 2980 γὰρ
1597 2913 1656 2963 ἐν
1686 2911 1792 2981 ὅλῳ

213 3000 293 3069 τῷ
348 2999 462 3069 Υἱῷ
510 3000 607 3052 καὶ
657 2999 734 3070 τῷ
777 2998 1056 3066 Πνεὺματι
1101 2997 1320 3060 τελείως
1343 2998 1492 3049 ἐστὶν
1523 2997 1551 3048 6
1579 2997 1787 3066 Πατήρο

213 3089 312 3142 καὶ
355 3088 474 3151 ὅλος
508 3090 571 3163 ὲν.
594 3089 699 3159 ὅλῳ
727 3087 804 3157 τῷ
829 3085 1003 3156 Πατρὶ
1041 3085 1135 3138 καὶ
1163 3085 1240 3155 τῷ
1268 3085 1541 3155 Πνεὺματι
1571 3083 1790 3147 τελείως

213 3182 364 3234 ἐστὶν
391 3181 420 3232 6
455 3181 581 3243 Υἱός
603 3196 616 3208 ·
653 3180 746 3233 καὶ
771 3179 892 3231 ὅλον
921 3178 979 3230 ὲν
1003 3176 1110 3246 ὅλῳ
1131 3177 1206 3246 τῷ
1234 3177 1409 3246 Ha.th
1448 3175 1555 3276 ml;
1573 3173 1650 3246 τῷ
1678 3172 1790 3243 Υίῷ
1819 3214 1866 3276 c

215 3271 440 3335 τελείως
475 3273 595 3324 ἐστὶ
623 3270 682 3323 τὸ
712 3268 934 3338 Πνεῦμα
966 3268 1029 3319 τὸ
1061 3267 1234 3334 ἅγιον.
1267 3266 1358 3319 Διὸ
1377 3266 1469 3318 καὶ
1499 3260 1578 3329 εἷς
1607 3266 1738 3327 Θεὸς
1765 3268 1793 3318 6

218 3365 411 3434 Πατὴρ
446 3363 540 3414 καὶ
566 3364 593 3414 6
625 3360 750 3422 Υἱὸς
785 3360 877 3411 καὶ
904 3358 965 3411 τὸ
991 3357 1217 3428 Πνεῦμα
1246 3357 1307 3410 τὸ
1333 3358 1506 3425 ὅιγιον.
1542 3357 1657 3411 Μία
1683 3358 1790 3426 γὰρ

217 3458 320 3508 καὶ
346 3457 379 3523 ή
407 3452 544 3524 αὑτὴ
575 3451 732 3504 οὑσία
764 3451 859 3502 καὶ
906 3449 1131 3518 δύναμις
1177 3449 1272 3501 καὶ
1301 3448 1547 3517 ἐνέργεια
1577 3448 1790 3516 Πατρὸς

214 3547 313 3599 καὶ
357 3543 489 3596 Υίοῦ
524 3543 618 3595 καὶ
665 3541 820 3609 ἁγίου
866 3539 1212 3610 Πνεὺματοςο
1251 3539 1350 3592 οὐκ
1383 3537 1536 3602 ὄντος
1577 3529 1790 3602 οὑδένὸς

212 3635 313 3692 τοῦ
339 3636 526 3706 ἑτέρου
557 3636 725 3704 χωρὶς
753 3632 785 3701 ἦ
812 3631 1118 3701 νοουμένου.

290 3723 357 3794 β’.
415 3725 571 3776 Πᾶσα
616 3721 841 3790 νόησις,
895 3719 1005 3771 τῶν
1046 3715 1309 3771 νοοὺντων
1356 3716 1450 3770 καὶ
1486 3717 1793 3787 νοουμένων

214 3816 387 3868 ἐστίν·
425 3817 453 3868 6
476 3814 532 3866 δὲ
563 3811 716 3871 Θεὸς.
752 3809 873 3863 οὔτε
907 3807 1302 3863 τῶννοοὺντων
1328 3809 1498 3874 ἐστὶν,
1533 3807 1655 3862 οὔτε
1687 3810 1793 3863 τῶν

213 3904 526 3973 νοουμένων
549 3917 562 3930 ⁸
627 3901 766 3970 ὑπὲρ
807 3899 980 3952 ταῦτα
1017 3898 1128 3966 γάρ
1151 3915 1167 3930 ·
1225 3898 1346 3949 ἐπεὶ
1374 3899 1793 3968 περιγράφεται,

212 3997 318 4066 τῆς
346 3994 440 4047 τοῦ
468 3994 758 4064 νοουμένου
793 3991 1048 4061 σχέσεως,
1085 3990 1162 4050 ὼς
1189 3989 1346 4054 νοῶν,
1379 3989 1793 4058 προσδεόμενοςο

213 4089 252 4159 ἥ
303 4087 381 4157 τῷ
421 4085 630 4140 νοοῦντι
678 4082 924 4152 φυσικῶς
969 4081 1318 4143 ὑποπίπτων,
1376 4079 1464 4132 διὰ
1490 4080 1589 4151 τὴν
1612 4082 1795 4151 σχέσιν

215 4180 531 4250 νοούμενος.
567 4176 828 4230 Λείπεται
849 4173 1001 4242 γοῦν,
1041 4175 1179 4243 μήτε
1202 4175 1359 4235 νοεῖν,
1397 4173 1533 4241 μήτε
1558 4173 1795 4227 νοεῖσθαι

215 4273 314 4326 τὸν
338 4273 470 4326 Θεὸν
498 4268 900 4338 ὑπολαμϐάνειν
916 4281 928 4295 ·
983 4264 1098 4318 ἀλλ’
1121 4262 1258 4334 ὑπὲρ
1283 4263 1342 4314 τὸ
1365 4267 1506 4317 νοεῖν
1535 4259 1674 4317 εἶναι
1701 4267 1796 4318 καὶ

215 4363 482 4418 νοεῖσθαι.
519 4360 641 4412 Τῶν
663 4359 771 4428 γὰρ
805 4359 924 4429 μετ’
944 4357 1128 4421 αὑτὸν,
1162 4355 1406 4424 φυσικῶς
1433 4356 1548 4409 ἐστι
1576 4357 1638 4408 τὸ
1657 4359 1796 4409 νοεῖν

212 4455 317 4508 καὶ
347 4453 408 4507 τὸ
429 4451 686 4506 νοεῖσθαι.

1894 631 2072 701 lisque
2097 639 2152 686 et
2186 632 2451 698 indivisa;
2480 635 2670 688 eadem
2702 635 2816 705 ipsa
2839 644 2895 691 et
2926 637 3110 690 unitas
3125 635 3462 692 ct'l‘rinitas:

1894 723 2074 777 unitas
2108 732 2214 778 tota
2249 725 2462 790 eadem,
2502 726 2800 798 eademque
2825 738 2938 783 tota
2961 728 3204 784 Trinitas
3234 747 3247 782 :
3284 737 3467 785 unitas

1895 815 2088 868 eadem
2140 825 2253 871 tota
2292 818 2547 874 essentize
2577 819 2810 881 ratione,
2851 820 3155 890 eademque
3188 821 3304 891 ipsa
3343 837 3469 890 pcr-

1897 922 2156 962 sonarum
2183 912 2395 965 ratione
2420 922 2530 967 tota
2547 913 2810 968 Trinitas.
2851 914 3013 968 Pater
3041 917 3187 968 enim
3218 926 3273 969 et
3296 917 3467 970 Filius

1901 1006 1953 1050 et
1983 996 2226 1066 Spiritus
2257 1011 2499 1067 sanctus,
2534 1002 2741 1068 deitas;
2773 1009 2828 1055 et
2865 1003 2920 1059 in
2961 1002 3122 1056 Patre
3156 1014 3213 1057 et
3245 1004 3380 1058 Filio
3411 1014 3467 1058 et

1901 1087 2110 1157 Spiritu
2162 1099 2372 1155 saneto,
2422 1092 2630 1158 deitas;
2662 1103 2775 1147 tota
2802 1093 2857 1146 in
2889 1101 3002 1147 toto
3044 1093 3202 1148 l’atre
3248 1094 3462 1157 eadem,

1895 1184 2154 1246 totusque
2184 1179 2237 1232 in
2266 1186 2376 1232 tota
2411 1181 2600 1234 eadem
2636 1183 2832 1248 Pater;
2863 1191 3084 1252 totaque
3107 1183 3160 1236 in
3190 1193 3303 1236 toto
3328 1185 3464 1237 Filio

1895 1268 2111 1331 eadem,
2149 1284 2212 1323 ac
2244 1278 2390 1324 totus
2415 1272 2469 1324 in
2504 1281 2614 1326 tota
2648 1273 2837 1326 eadem
2868 1273 3072 1338 Filius;
3119 1282 3228 1328 tota
3253 1275 3380 1330 ilcm
3409 1277 3464 1329 in

1897 1368 2010 1414 toto
2033 1360 2235 1430 Spiritu
2273 1375 2464 1418 sancto
2506 1365 2720 1429 eadem,
2754 1382 2816 1420 ac
2843 1375 2991 1422 totus
3022 1368 3077 1421 in
3121 1376 3233 1422 tota
3271 1368 3464 1422 eadem

1896 1449 2135 1518 Spiritus
2169 1461 2390 1508 sanctus
2419 1471 2430 1506 :
2484 1463 2594 1508 tota
2637 1456 2820 1516 Pater,
2853 1464 2908 1509 ct
2943 1455 2998 1510 in
3024 1464 3137 1508 toto
3171 1457 3350 1519 Patre,
3381 1465 3466 1510 to-

1898 1548 2093 1612 tusque
2125 1547 2177 1597 in
2209 1553 2319 1598 tota
2359 1547 2540 1609 Pater,
2569 1555 2626 1600 et
2655 1555 2768 1600 tota
2802 1555 2952 1601 totus
2985 1548 3148 1602 Pater
3183 1565 3194 1601 :
3243 1558 3466 1618 totaque

1898 1645 2045 1688 totus
2089 1635 2258 1689 Filius
2293 1636 2506 1700 eadem,
2539 1646 2594 1690 et
2632 1645 2742 1690 tota
2797 1637 2853 1690 in
2904 1646 3021 1692 toto
3065 1639 3202 1694 Filio
3247 1640 3461 1704 eadem,

1899 1737 2155 1798 totusque
2207 1738 2340 1792 tota,
2387 1739 2443 1781 et
2485 1727 2538 1780 in
2588 1736 2699 1782 tota
2753 1728 2944 1782 eadem
2991 1729 3190 1794 Filius;
3242 1740 3465 1805 totaque

1898 1821 2138 1892 Spiritus
2172 1829 2396 1874 sanctus
2419 1819 2632 1882 eadem,
2669 1831 2725 1875 et
2767 1820 2820 1874 in
2852 1830 2965 1876 toto
2997 1820 3202 1891 Spiritu
3250 1832 3462 1882 sancto,

1893 1925 1956 1962 ac
2002 1909 2243 1978 Spiritus
2290 1917 2513 1962 sanctus
2567 1917 2716 1962 totus
2766 1917 2896 1973 tota,
2948 1918 3208 1978 totusque
3252 1909 3308 1962 in
3349 1918 3466 1964 tota

1891 1999 2082 2052 eadem
2107 1997 2349 2067 Spiritus
2371 2007 2612 2052 sanctus.
2638 1997 2754 2051 Non
2790 1999 2937 2052 enim
2966 1999 3142 2054 deitas
3168 1999 3368 2070 partim
3404 2000 3462 2054 in

1893 2089 2070 2152 Patre,
2127 2097 2221 2142 aut
2279 2089 2438 2142 Pater
2477 2089 2677 2158 partim
2720 2089 2897 2155 Deus;
2942 2106 3121 2160 neque
3161 2093 3357 2160 partim
3406 2093 3464 2147 in

1897 2180 2036 2234 Filio
2078 2181 2277 2245 dcitas,
2323 2190 2485 2235 autre
2520 2182 2690 2235 Filius
2729 2183 2925 2250 partim
2976 2183 3156 2248 Deus;
3195 2200 3297 2238 nec
3336 2199 3466 2239 vero

1893 2274 2093 2344 partim
2135 2274 2190 2326 in
2234 2273 2440 2342 Spiritu
2482 2283 2671 2327 sancto
2715 2273 2913 2338 deitas,
2950 2285 3044 2329 aut
3083 2277 3282 2345 partim
3322 2277 3466 2332 Deus

1892 2363 2132 2433 Spiritus
2170 2371 2413 2417 sanctus.
2457 2364 2591 2417 Nam
2623 2379 2802 2433 neque
2843 2364 3020 2418 deitas
3064 2367 3336 2435 ejusmodi
3380 2378 3467 2420 est

1892 2471 2014 2524 qua:
2046 2455 2218 2524 possit
2260 2454 2453 2518 dividi,
2503 2470 2684 2523 neque
2733 2456 2894 2510 Pater
2935 2456 3079 2510 Deus
3110 2457 3468 2526 imperfectus

1892 2557 1994 2607 est.
2017 2549 2102 2601 vel
2126 2547 2316 2604 Filius.
2341 2557 2434 2600 aut
2459 2547 2696 2617 Spiritus
2725 2558 2982 2613 sanctus;
3010 2550 3103 2603 sed
3135 2561 3244 2604 tota
3275 2551 3466 2606 eadem

1893 2635 2007 2704 ipsa
2053 2635 2294 2703 perfecta
2344 2635 2587 2703 perfecte
2632 2635 2687 2688 in
2736 2637 2982 2705 perfecto
3026 2637 3209 2702 Patre,
3247 2645 3467 2708 totaque

1891 2725 2131 2796 perfecta
2163 2724 2408 2794 perfecte
2453 2725 2505 2778 in
2543 2725 2795 2795 perfecto
2843 2725 2980 2780 Filio
3010 2726 3223 2790 eadem,
3256 2742 3320 2780 ac
3356 2735 3469 2782 tota

1891 2819 2136 2890 perfecta
2162 2818 2406 2888 perfecte
2440 2818 2492 2871 in
2528 2816 2777 2888 perfecto
2809 2816 3016 2886 Spiritu
3050 2827 3260 2872 sancto.
3296 2818 3468 2873 Totus

1890 2913 2038 2968 enim
2089 2913 2146 2966 in
2196 2921 2310 2965 toto
2355 2911 2492 2965 Filio
2529 2920 2585 2965 et
2628 2910 2839 2979 Spiritu
2877 2919 3068 2964 sancto
3100 2909 3342 2979 perfecte
3383 2919 3470 2964 est

1891 3002 2072 3066 Pater,
2108 3010 2363 3070 totusque
2412 3001 2467 3055 in
2507 3009 2621 3054 toto
2672 3000 2836 3055 Patre
2883 3009 2939 3054 et
2980 2999 3186 3069 Spiritu
3223 3000 3467 3069 perfecte

1891 3101 1975 3147 est
2015 3093 2209 3155 Filius,
2253 3106 2317 3144 ac
2347 3101 2493 3146 totus
2527 3090 2581 3143 in
2615 3098 2729 3144 toto
2759 3090 2919 3144 Patre
2950 3099 3005 3144 et
3047 3089 3187 3143 Filio
3220 3089 3468 3158 perfecte

1895 3190 1978 3234 est
2012 3180 2249 3249 Spiritus
2272 3188 2514 3232 sanctus.
2547 3177 2917 3243 Quamobrem
2948 3176 3112 3231 etiam
3143 3193 3288 3231 unus
3324 3176 3470 3232 Deus

1895 3271 2063 3324 Pater
2092 3277 2147 3323 et
2187 3269 2360 3322 Filius
2393 3277 2449 3320 et
2494 3267 2732 3336 Spiritus
2770 3273 3010 3319 sanctus.
3062 3267 3176 3321 Una
3214 3268 3360 3320 enim
3403 3280 3471 3321 ac

1896 3357 2087 3410 eadem
2125 3357 2363 3410 essentia
2403 3369 2507 3418 ρει,
2541 3355 2830 3422 virtusque
2856 3365 2912 3407 et
2937 3355 3186 3423 operatio
3209 3356 3388 3408 Patris
3411 3363 3468 3409 et

1895 3449 2020 3503 Fiiii
2049 3457 2105 3502 et
2127 3448 2365 3516 Spiritus
2391 3444 2564 3500 sancti
2588 3463 2602 3509 ;
2641 3461 2766 3500 cum
2797 3455 2996 3500 neuter
3019 3461 3210 3500 eorum
3238 3446 3358 3501 sine
3384 3448 3466 3500 al-

1895 3551 2015 3596 tero
2043 3540 2270 3596 exsistat
2297 3546 2393 3593 aut
2419 3538 2782 3608 intelligatur.

1967 3719 2021 3772 9..
2051 3715 2243 3771 Omnis
2275 3707 2601 3778 intellectio,
2643 3729 2835 3767 eorum
2872 3721 2954 3766 est
2983 3729 3102 3782 qua:
3133 3714 3468 3784 intelligunt,

1896 3816 1950 3863 et
1994 3823 2114 3877 qum
2149 3805 2531 3875 intelliguntur
2579 3822 2590 3856 :
2643 3804 2790 3858 Deus
2832 3819 2983 3867 vero,
3023 3819 3199 3873 neque
3243 3805 3472 3874 borum,

1895 3915 2076 3968 neque
2112 3897 2328 3951 illorum
2359 3906 2462 3952 est.
2487 3896 2701 3967 Quippe
2731 3897 2979 3966 utrisque
2997 3898 3289 3966 superior:
3331 3899 3470 3954 alias

1895 4006 2130 4060 namque
2177 3988 2763 4052 circumscriberetur;
2802 3989 2952 4041 velut
3004 3989 3214 4043 scilicet
3259 3990 3468 4044 intelli-

1896 4099 2050 4153 gens,
2086 4083 2204 4151 ejus
2229 4080 2376 4150 quod
2427 4079 2754 4149 intelligitur
2786 4079 3167 4134 habitudinem
3211 4096 3469 4136 necessa-

1895 4179 2032 4230 riam
2066 4176 2296 4238 habens,
2326 4172 2411 4226 vel
2435 4171 2536 4225 sub
2577 4170 2934 4240 intelligente,
2969 4171 3063 4239 qui
3097 4171 3168 4226 ob
3194 4172 3472 4228 habitudi-

1895 4282 2022 4319 nem
2071 4265 2493 4332 intelligeretur,
2547 4261 2875 4314 naturaliter
2927 4261 3149 4316 cadens.
3205 4262 3471 4331 Superest

1897 4357 2084 4428 igitur,
2119 4363 2179 4408 ut
2210 4369 2313 4407 nec
2342 4351 2649 4422 intelligere
2679 4367 2785 4406 nec
2808 4351 3039 4422 intelligi
3071 4354 3244 4409 Deum
3279 4356 3470 4411 existi-

1897 4462 2139 4510 memus;
2162 4444 2321 4516 485
2349 4445 2442 4498 sed
2463 4446 2726 4500 utrolibet
2746 4445 2942 4500 borum
2959 4447 3298 4515 superiorem
3317 4457 3473 4516 pute-

215 4561 366 4600 mus.
409 4545 579 4601 Ambo
602 4542 749 4597 enim
792 4542 933 4613 (tum
973 4539 1234 4594 nimirum
1275 4538 1581 4609 intelligere
1622 4548 1736 4594 tum
1785 4539 2033 4610 intelligi)
2066 4537 2131 4591 ad
2174 4553 2238 4590 ea
2277 4553 2397 4606 qua:
2439 4553 2470 4591 a
2515 4538 2627 4590 Deo
2668 4537 2907 4592 secunda
2953 4545 3100 4602 sunt,
3145 4539 3481 4598 naturaliter

214 4644 488 4708 Spectat“.

291 4733 360 4795 γ’.
419 4728 573 4779 Πᾶσα
617 4726 835 4794 νόησις,
889 4725 1078 4794 ὥσπερ
1124 4723 1182 4776 ὲν
1221 4723 1378 4794 οὐσίᾳ
1424 4725 1642 4790 πάντως
1683 4727 1793 4798 ἔχει

1965 4732 2016 4785 5.
2049 4729 2240 4785 Omnis
2295 4729 2597 4782 intellectio
2626 4727 2770 4782 sicut
2822 4726 3049 4780 omnino
3075 4725 3127 4779 in
3157 4726 3467 4780 substantia

212 4822 320 4889 τὴν
350 4820 496 4872 θέσιν
529 4819 603 4882 ὡς
635 4819 875 4887 ποιότης,
907 4816 1047 4869 οὕτω
1078 4817 1171 4867 καὶ
1199 4815 1326 4884 περὶ
1349 4815 1537 4868 οὑσίαν
1565 4835 1798 4872 πεποιω·

217 4910 392 4981 μένην
428 4909 538 4979 ἔχει
585 4911 684 4978 τὴν
721 4907 953 4977 κίνησιν.
1014 4905 1090 4959 Οὑ
1121 4905 1228 4974 γὰρ
1260 4905 1455 4974 ἄφετόν
1485 4924 1536 4959 τι
1567 4909 1794 4962 καθόλου

215 5001 314 5054 καὶ
358 4999 560 5052 ἁπλοῦν
592 4998 713 5050 καθ’
735 4997 896 5050 ἑαυτὸ
927 4995 1170 5065 ὑφεστὼς
1199 4995 1420 5048 δυνατά)
1450 4998 1595 5050 ἐστιν
1625 4999 1795 5070 αὑτὴν

215 5089 605 5156 ὑποδέξασθαι,
627 5090 707 5141 ὅτι
734 5089 808 5158 μὴ
831 5088 1024 5156 ἄφετος
1048 5090 1163 5140 ἐστι
1188 5087 1281 5141 καὶ
1299 5088 1466 5159 ἁπλῆ.
1485 5092 1544 5142 '0
1565 5091 1618 5142 δὲ
1643 5092 1792 5154 Θεὸς,

215 5179 343 5234 κατ’
375 5179 540 5248 ἄμφω
575 5179 804 5247 πάμπαν
834 5178 1095 5248 ὑπάρχων
1120 5176 1346 5241 ἁπλοῦς,
1385 5179 1480 5230 καὶ
1511 5181 1669 5233 οὑσία
1701 5181 1794 5234 τοῦ

216 5273 282 5324 ὲν
307 5269 650 5339 ὑποκειμένῳ
676 5269 864 5338 χωρὶς,
918 5267 1012 5320 καὶ
1037 5268 1226 5336 νόησις
1253 5266 1328 5338 μὴ
1354 5266 1552 5336 ἔχουσά
1574 5287 1627 5322 τι
1656 5270 1792 5323 καθ-

215 5362 370 5428 ἅπαξ
403 5361 756 5430 ὑποκείμενον
777 5377 790 5390 ο
826 5359 927 5412 οὑκ
949 5357 1064 5412 ἐστι
1091 5357 1197 5410 τῶν
1220 5358 1484 5413 νοούντων
1517 5362 1610 5412 καὶ
1641 5378 1794 5414 νοου-

221 5454 438 5525 μένων,
498 5453 573 5516 ὼς
632 5451 772 5522 ὑπὲρ
815 5451 1000 5504 οὑσίαν
1060 5449 1323 5520 ὑπάρχων
1396 5449 1637 5521 δηλονότι
1706 5453 1796 5506 καὶ

212 5547 425 5614 νόησιν.

296 5726 358 5781 δ’.
382 5728 592 5797 Ὠσπερ
619 5725 676 5777 ὲν
697 5722 771 5793 τῷ
800 5722 1008 5793 κέντρῳ
1035 5722 1144 5776 τῶν
1163 5723 1224 5788 ἐξ
1244 5721 1409 5777 αὑτοῦ
1432 5724 1553 5777 κατ’
1578 5723 1792 5778 εὐθεῖαν

214 5819 594 5885 ἑκτεταμένων
641 5813 914 5887 γραμμῶν
965 5814 1266 5884 ἀδιαίρετος
1325 5815 1605 5884 θεωρεῖται
1664 5833 1794 5870 παν-

1901 4824 2084 4877 sedem
2113 4821 2296 4883 habet,
2324 4820 2524 4888 quippe
2559 4835 2682 4871 cum
2733 4818 2804 4872 sit
2828 4819 3098 4886 qualitas;
3141 4819 3220 4872 sic
3249 4834 3476 4887 quoque

1900 4914 2044 4967 circa
2077 4909 2438 4964 substantiam
2465 4908 2728 4976 qualitate
2759 4907 3024 4961 imbutam
3045 4915 3255 4960 motum
3283 4907 3475 4961 habet.

1899 5000 2188 5056 Nouenim
2231 4998 2349 5051 fieri
2400 5006 2601 5066 potest,
2629 4996 2844 5065 utquid
2890 4997 3117 5048 omnino
3154 4997 3469 5050 absolutum

1901 5108 1965 5147 ac
2008 5089 2239 5158 simplex
2264 5103 2361 5158 per
2400 5104 2457 5142 se
2491 5089 2782 5147 exsistcns,
2827 5087 2974 5140 illam
3022 5087 3470 5156 suseipiat,eum

1899 5198 2077 5252 neque
2125 5183 2215 5236 illa
2246 5181 2498 5236 absoluta
2534 5197 2598 5236 ac
2633 5181 2866 5249 simplex
2897 5180 3144 5234 exsistat.
3180 5181 3326 5234 Deus
3375 5195 3470 5234 au-

1903 5284 2012 5329 tem
2041 5285 2274 5343 utroque
2297 5273 2460 5327 modo
2492 5273 2608 5339 ipse
2656 5287 2882 5341 prorsus
2927 5272 3178 5340 simplex,
3231 5287 3295 5326 ac
3335 5273 3468 5326 sub-

1902 5368 2103 5421 stantia
2143 5382 2252 5419 non
2302 5365 2357 5418 in
2396 5364 2678 5433 subjecto,
2722 5363 3131 5431 intellectioque
3178 5363 3316 5416 nihil
3352 5363 3472 5431 ipso

1901 5458 2127 5512 omnino
2157 5457 2465 5526 subjectum
2491 5455 2725 5518 habens,
2765 5471 2875 5508 non
2898 5469 3090 5507 eorum
3120 5463 3205 5507 est
3237 5468 3357 5523 qua:
3381 5454 3468 5506 in~

1900 5551 2156 5619 telligunt
2181 5557 2277 5602 aut
2316 5548 2724 5618 intelliguntur,
2778 5555 2836 5600 ut
2870 5548 2964 5616 qui
2996 5547 3256 5600 nimirum
3300 5561 3472 5615 supra

1903 5637 2264 5692 substantiam
2288 5637 2832 5705 intelleCtionemque
2857 5635 3104 5689 exsistat.

1973 5724 2024 5776 4.
2056 5722 2529 5788 Quemadmodum
2583 5723 2853 5777 linearum
2895 5730 3044 5777 recta
3085 5739 3116 5776 a
3142 5730 3334 5776 centro
3363 5723 3465 5777 du.-

1904 5823 2115 5868 ctarum
2150 5815 2380 5868 indivisa
2407 5815 2627 5887 penitus
2653 5815 2706 5868 in
2735 5829 2800 5868 eo
2829 5814 3210 5869 consideratur
3232 5814 3428 5885 positi;
3461 5863 3463 5865 ,
