4192 6436
759 405 893 469 1127

1954 401 2015 462 S.
2057 397 2349 461 MAXIMI
2389 394 2901 457 CONFESSORIS

3903 395 4045 462 1128

753 527 837 582 sic
870 525 965 597 qui
1015 524 1228 581 versari
1260 539 1385 580 eum
1438 524 1551 579 Deo
1610 523 1901 586 meruerit,
1948 536 2144 577 omnes
2196 519 2249 573 in
2279 533 2332 573 et

2450 512 2618 577 τελῶς
2646 516 2680 584 ἡ
2704 512 2852 576 θέσις
2873 528 2887 542 ο
2922 512 3097 577 οὓτως
3114 514 3143 567 ό
3166 512 3417 581 ἀξιωθεὶς
3437 513 3495 565 ἐν
3517 511 3595 581 τῷ
3617 511 3735 583 Θεῷ
3756 511 4042 582 γενέσθαι,

752 627 1068 672 creatorum
1100 616 1551 687 prmcxsistentes
1568 616 1829 679 rationes,
1848 607 2087 684 simplici
2104 611 2342 683 quadam

752 725 818 762 ae
858 709 1094 763 indivisa
1121 707 1441 778 cognitione
1471 707 1762 778 intelliget.

824 800 875 851 5.
904 798 1233 863 lntellectio,
1262 799 1329 854 iis
1370 799 1606 853 formata
1638 812 1760 867 qua:
1790 794 2200 866 intelliguntur,
2231 809 2342 849 una

752 906 877 943 eam
934 889 1025 955 sit,
1082 907 1186 960 pro
1243 891 1514 961 cujusque
1563 904 1910 959 eorumquze
1958 885 2338 955 intelliguntur

752 983 935 1051 specie
991 988 1323 1052 lormaque,
1384 985 1572 1054 plures
1622 981 2030 1036 intellectiones
2078 977 2337 1033 edicitur.

751 1073 854 1128 Ubi
909 1085 1096 1129 autem
1138 1091 1259 1130 cam
1321 1074 1680 1129 fortnantium
1732 1073 2000 1127 varietate
2057 1078 2336 1141 superata,

752 1176 868 1221 tum
897 1169 1110 1223 scilicet
1139 1184 1332 1223 eorum
1378 1184 1501 1238 quae
1547 1184 1711 1223 sensu
1758 1167 2176 1238 percipiuntur,
2219 1172 2338 1221 tum

752 1275 873 1327 qum
897 1259 1009 1314 sola
1033 1270 1218 1314 mente
1248 1260 1656 1330 intelliguntur,
1682 1259 1908 1313 omnino
1928 1258 2119 1314 forma:
2140 1272 2341 1326 expers

752 1351 992 1404 evaserit
1022 1368 1035 1403 :
1071 1359 1203 1405 tunc
1229 1353 1635 1406 convenienter
1661 1351 1862 1404 mentis
1883 1364 2104 1403 omnem
2128 1349 2336 1420 cogita-

754 1449 868 1496 tum
914 1457 1188 1511 superans
1240 1442 1382 1495 ratio
1445 1457 1544 1495 seu
1592 1441 1849 1496 Vcrbum'
1875 1441 1980 1496 sibi
2019 1457 2141 1496 eam
2193 1440 2338 1495 asci-

750 1546 932 1594 seens,
979 1532 1047 1583 ab
1106 1532 1214 1586 illis
1265 1547 1487 1588 cessare
1538 1541 1800 1602 pra-stat,
1838 1548 1960 1602 qua:
2005 1546 2104 1603 per
2148 1548 2337 1587 rerum

750 1625 936 1678 animo
980 1625 1389 1680 intellectarum
1427 1625 1631 1680 formas
1674 1641 1742 1681 ex
1772 1626 1880 1680 alia
1930 1625 2091 1680 aliam
2132 1626 2337 1680 immu-

750 1723 889 1768 tant.
923 1713 1025 1769 Cui
1046 1730 1182 1769 vero
1215 1717 1268 1769 id
1310 1715 1537 1780 accidit,
1566 1716 1821 1787 requievit
1850 1724 1898 1770 et
1925 1718 2036 1788 ipse
2066 1717 2131 1771 ab
2158 1719 2335 1787 operi-

748 1806 841 1860 bus
875 1807 1005 1871 suis,
1041 1809 1175 1861 sicut
1207 1807 1347 1862 Deus
1378 1825 1411 1861 a
1440 1809 1550 1862 suis
1576 1807 1643 1862 ¹¹⁹.

819 1897 871 1952 6.
908 1896 1013 1963 Qui
1035 1896 1103 1952 ad
1127 1889 1253 1952 cuin
1277 1898 1453 1952 evasit
1474 1897 1832 1966 perfectionis
1847 1896 2092 1964 modum,
2117 1898 2211 1969 qui
2235 1914 2334 1970 pro

748 1990 852 2044 hac
887 1990 998 2045 vita
1023 2006 1324 2048 concessus
1357 1991 1684 2046 mortalibus
1725 2000 1831 2055 est,
1867 1990 2166 2046 frnetiticat
2200 1992 2331 2056 Deo,

748 2078 1130 2146 dilectionem,
1179 2096 1393 2150 pacein,
1446 2081 1960 2151 longanimitatetn:
1995 2097 2096 2152 pro
2147 2082 2335 2138 futuro

746 2182 930 2226 autem
964 2187 1104 2237 aevo,
1139 2172 1650 2242 incorruptionem,
1675 2173 2331 2244 essendiperennitatem,

711 2316 716 2322 ,
749 2264 948 2333 bisque
969 2264 1194 2320 similia.
1228 2265 1308 2320 Nc
1333 2265 1476 2321 forte
1497 2281 1629 2319 vero
1654 2266 1831 2335 prima
1862 2266 1945 2320 illi
1977 2267 2331 2334 conveniant,

745 2356 842 2424 qui
899 2356 1136 2410 actionis
1184 2366 1372 2425 partes
1405 2356 1680 2423 absolvit;
1717 2357 1965 2412 secunda
1997 2372 2129 2413 vero
2156 2369 2212 2415 et
2248 2374 2335 2414 se-

745 2448 996 2516 quentia,
1054 2449 1129 2513 ei,
1175 2447 1272 2519 qui
1323 2464 1425 2519 per
1466 2465 1654 2504 veram
1706 2449 2005 2507 scientiam
2053 2469 2084 2508 a
2127 2451 2333 2508 creatis

744 2540 1001 2596 excessit.

817 2630 1058 2686 7.‘Sieut
1103 2639 1416 2702 peceatum,
1442 2631 1733 2703 proprium
1775 2632 2170 2691 inobedientia:
2191 2650 2333 2707 opus

744 2729 860 2786 est;
895 2721 976 2776 sic
1017 2730 1074 2776 et
1108 2723 1313 2787 virtus,
1355 2722 1643 2793 proprium
1685 2738 1826 2794 opus
1863 2724 2213 2780 obedientite.
2256 2725 2335 2781 Ac

745 2814 890 2869 sicut
935 2813 1329 2870 inobedicntize
1377 2830 1565 2871 eomes
1610 2826 1698 2871 est
1730 2817 2116 2872 mandatorum
2150 2826 2333 2875 trans-

723 2906 956 2986 gressio
975 2946 989 2969 ,
1028 2915 1195 2977 atque
1216 2908 1285 2962 ab
1315 2922 1404 2973 eo,
1432 2910 1529 2979 qui
1566 2909 1621 2964 in
1648 2909 1923 2966 mandatis
1956 2908 2203 2976 dederat,
2244 2910 2332 2968 di-

742 3000 914 3066 visio;
949 3001 1029 3055 sic
1078 3009 1135 3054 et
1173 3000 1510 3056 obedientiae
1563 3015 1753 3057 comes
1799 3009 1888 3057 est
1942 3001 2332 3057 mandatorum

741 3091 1096 3157 observatio,
1145 3107 1209 3147 ac
1256 3106 1382 3148 cum
1416 3108 1486 3148 eo
1509 3093 1606 3163 qui
1637 3103 2008 3164 praeceperat,
2037 3096 2189 3151 unio.
2226 3098 2331 3164 Qui

2447 605 2660 669 πάντας
2692 604 2893 657 εἴσεται
2922 606 3049 670 τοὺς
3079 608 3138 658 ὲν
3157 605 3306 677 αὑτῷ
3325 604 3435 658 τῶν
3463 604 3767 673 γεγονότων
3788 609 4043 674 προῦφε-

2446 695 2658 758 στῶτας
2691 696 2906 764 λόγους,
2945 696 3068 751 καθ’
3099 697 3278 768 ἁπλῆν
3314 712 3435 750 τινα
3458 695 3767 765 ἀδιαίρετον
3803 694 4038 762 γνῶσιν.

2514 791 2575 836 ε’.
2641 784 3014 857 Μορςουμένη
3064 790 3177 850 τοῖς
3219 785 3535 857 νοουμένοις
3580 786 3787 856 νόησις,
3840 786 4041 839 πολλαὶ

2444 877 2659 947 νοήσεις
2687 879 2720 947 ἡ
2749 878 2849 948 μία
2877 876 3203 932 καθίσταται
3232 878 3440 950 νόησις,
3490 878 3611 931 κατ’
3637 872 3777 942 εἶδος
3804 876 4041 930 ἕκαστον

2447 971 2803 1046 μορφιιυμένη
2847 971 2959 1024 τῶν
2991 972 3322 1042 νοουμένων.
3371 971 3641 1042 Ὀπηνίκα
3665 970 3721 1023 δὲ
3752 969 3867 1023 τῶν
3900 986 4039 1040 μορ-

2443 1067 2689 1136 φοὺντων
2732 1065 2906 1136 αὑτὴν
2945 1063 3227 1136 αἰσθητῶν
3269 1081 3328 1117 τε
3380 1065 3475 1118 καὶ
3503 1062 3710 1133 νοητῶν
3739 1062 3802 1116 τὸ
3832 1062 4038 1134 πλῆθος

2442 1159 2735 1232 περάσασα
2759 1197 2775 1221 ,
2840 1155 3067 1226 γένηται
3121 1156 3356 1225 πάμπαν
3404 1154 3676 1218 ἀνείδεος,
3726 1153 4039 1223 τηνικαῦτα

2442 1247 2737 1319 προσφυῶς
2785 1246 2957 1317 αὐτὴν
3002 1248 3030 1299 ό
3070 1245 3211 1312 ὑπὲρ
3260 1244 3447 1316 νόησιν
3488 1243 3789 1298 οἰκειοῦται
3836 1243 4037 1311 Λόγος,

2441 1336 2777 1393 καταπαύων
2828 1336 2938 1389 τῶν
2976 1331 3223 1389 ἀλλοιοῦν
3256 1333 3428 1404 αὑτὴν
3460 1336 3582 1396 ταῖς
3608 1333 3718 1385 τῶν
3743 1332 4037 1402 νοημάτων

2445 1432 2687 1501 μορφαῖς
2717 1427 3061 1497 πεφυκότων*
3091 1427 3228 1497 ὅπερ
3259 1427 3288 1479 ὁ
3313 1424 3527 1487 παθὼν,
3548 1425 3649 1479 καί
3675 1425 3867 1491 αὐτὸς
3896 1442 4034 1478 κατ-

2438 1523 2713 1577 έπαυσεν
2757 1522 2877 1577 ἀπὸ
2906 1519 3025 1575 τῶν
3049 1519 3243 1591 ἔργων
3272 1518 3481 1584 αὑτοῦ,
3512 1517 3718 1589 ὥσπερ
3745 1516 3874 1573 ἀπὸ
3920 1515 4037 1571 τῶν

2440 1614 2606 1669 ἰδίων
2632 1618 2669 1670 ό
2702 1616 2865 1681 Θεός.

2514 1901 2589 1960 ς’.
2636 1895 2697 1949 Ὀ
2721 1895 2820 1965 τὴν
2847 1892 3079 1965 ὲφικτὴν
3105 1887 3417 1963 ἀνθρώποις
3449 1889 3689 1945 ἐνταῦθα
3717 1888 4034 1960 τελειότητα

2442 1988 2675 2058 φθάσας,
2712 1989 3055 2058 καρποφορεῖ
3100 1985 3179 2056 τῷ
3216 1984 3337 2055 Θεῷ
3374 1985 3620 2054 ἀγάπην,
3652 1983 3854 2053 χαρὰν,
3882 1982 4036 2053 εἰρή-

2441 2097 2569 2151 νην,
2624 2079 3005 2152 μακροθυμίαν
3026 2096 3041 2110 ⁸
3101 2077 3239 2150 πρὸς
3269 2077 3328 2131 δὲ
3360 2077 3422 2130 τὸ
3455 2075 3681 2147 μέλλον,
3720 2074 4037 2144 ἀφθαρσίαν

2440 2175 2537 2229 καί⁸
2580 2171 2860 2242 ἀῖδιότητα
2882 2212 2898 2235 ,
2956 2170 3052 2224 καὶ
3082 2169 3151 2223 τά
3177 2168 3391 2232 τούτοις
3419 2169 3589 2239 ὃμοια
3613 2182 3628 2196 ⁸
3683 2166 3783 2222 καὶ
3820 2166 4034 2237 μήποτε

2438 2266 2510 2322 τὰ
2538 2266 2637 2338 μὲν
2671 2264 2864 2337 πρῶτα
2895 2264 3168 2335 προσήκει
3218 2261 3298 2332 τῷ
3347 2260 3447 2333 τὴν
3473 2260 3791 2332 πρακτικὴν
3811 2259 4037 2314 τελειώ-

2442 2372 2600 2413 σαντι
2622 2375 2636 2388 ’
2696 2358 2767 2411 τά
2799 2357 3029 2428 δεύτερα
3058 2356 3134 2420 δὲ,
3179 2353 3258 2425 τῷ
3285 2352 3374 2407 διὰ
3395 2353 3653 2423 γνώσεως
3679 2351 3925 2423 ἀληθοῦς
3949 2355 4039 2406 ix-

2442 2452 2627 2505 στάντι
2654 2450 2765 2504 τῶν
2793 2447 3205 2521 πεποιημένων.

2512 2634 2579 2700 ζ’.
2617 2632 2829 2704 αΩσπερ
2855 2632 2990 2687 ἴδιον
3020 2632 3311 2703 παρακοῆς
3334 2630 3499 2703 ἔργον
3527 2630 3679 2685 ἐστὶν
3702 2632 3740 2701 ἡ
3764 2631 4035 2702 ἁμαρτία⁹

2438 2726 2613 2791 οὕτως
2628 2727 2765 2781 ἴδιον
2792 2722 3041 2795 ὑπακοῆς
3065 2725 3225 2794 ἔργον
3242 2722 3393 2777 ἐστὶν
3420 2724 3455 2793 ἠ
3481 2723 3652 2795 ἀρετή
3669 2738 3682 2751 ·
3710 2724 3810 2777 καὶ
3844 2723 4040 2795 amp

2437 2822 2507 2890 τῇ
2544 2819 2640 2890 μὲν
2668 2819 2921 2889 παρακοῇ
2978 2812 3382 2885 παρακολουθεῖ
3425 2813 3743 2884 παράϐασις
3777 2815 4035 2877 ἐντολῶν,

2438 2911 2652 2970 καὶτοῦ
2678 2909 3060 2980 ἐντειλαμένου
3096 2906 3383 2980 διαίρεσις,
3417 2905 3564 2959 οῦτω
3593 2910 3661 2979 τῇ
3694 2908 3920 2979 ὑπακοῇ
3950 2910 4040 2976 ἐφ-

2438 3008 2630 3062 έπεται
2662 3005 2993 3074 συντήρησις
3023 3000 3279 3065 ἐντολῶν,
3311 3000 3407 3054 καὶ
3436 3000 3472 3072 ἡ
3504 2998 3643 3069 πρὸς
3671 3000 3767 3054 τδν
3791 3000 4044 3054 ἐντειλά-

2443 3115 2602 3170 μενον
2624 3097 2837 3158 ἓνωσις.
2882 3094 2941 3147 '0
2968 3091 3101 3162 γοῦν
3133 3091 3482 3163 συντηρήσας
3513 3091 3583 3145 δι’
3605 3092 3861 3163 ὑπακοῆς
3882 3095 4039 3146 ἐντο-

744 3181 916 3252 igitur
940 3182 1255 3239 obediendo
1286 3184 1606 3238 mandatum
1636 3184 1896 3250 servavit,
1919 3193 2035 3239 tum
2062 3187 2331 3257 justitiam

2440 3194 2558 3267 λὴν,
2595 3194 2691 3247 καὶ
2722 3188 3071 3258 δικαιοσύνην
3097 3187 3413 3257 εἰργάσατο,
3444 3185 3542 3238 καὶ
3571 3186 3709 3257 πρδς
3738 3187 3836 3239 τὸν
3867 3188 4044 3240 ἐντει-

741 3282 1009 3343 operatus
1034 3273 1202 3346 5,86
1222 3282 1328 3339 est,
1356 3284 1473 3329 tum
1498 3291 1624 3331 eum
1656 3291 1725 3331 eo
1743 3276 1836 3347 qui
1860 3288 2219 3348 prmccperat,
2251 3279 2332 3334 in-

2436 3288 2689 3358 λάμενον,
2710 3285 2904 3338 ἕνωσιν
2934 3282 3023 3336 διά
3049 3281 3149 3352 τῆς
3176 3280 3397 3350 ἀγάπης
3418 3279 4041 3350 ὲτήρησενάδιαίρετονι

743 3364 978 3419 divisam
1000 3381 1098 3436 per
1123 3366 1477 3421 dilectionem
1509 3367 1771 3423 unionem
1792 3369 2055 3424 servavit.
2079 3369 2334 3436 Quivero

745 3470 845 3524 per
902 3456 1345 3513 inobedientiam
1401 3460 1726 3514 mandatum
1779 3467 2157 3532 transgressus
2206 3471 2331 3527 est,

743 3555 860 3599 tum
892 3555 1184 3616 peccatum
1217 3546 1368 3611 fecit,
1397 3556 1511 3603 tum
1539 3563 1599 3604 se
1631 3547 1700 3604 ab
1721 3550 1843 3621 ejus
1868 3549 1961 3618 qui
1998 3560 2335 3622 praeceperat

744 3638 959 3694 unitate
993 3639 1263 3710 abjunxit.

813 3728 865 3783 8.
887 3728 989 3795 Qui
1013 3745 1044 3785 a
1069 3730 1363 3799 divisione,
1382 3748 1505 3803 qua:
1522 3748 1591 3788 ex
1614 3733 2056 3805 transgressione
2080 3735 2332 3803 inolevit,

742 3821 1047 3892 colligitur,
1074 3823 1316 3893 primum
1358 3824 1429 3879 ab
1456 3825 1752 3881 aﬂ'ectibus
1786 3827 2048 3898 vitiisque
2081 3828 2332 3901 abjungi-

747 3922 837 3967 tur
870 3915 1107 3970 :exinde
1138 3931 1168 3970 a
1191 3916 1506 3971 libidinosis
1528 3925 1585 3972 et
1610 3933 1734 3988 quae
1770 3917 1909 3975 vitio
1936 3918 2336 3992 hzerent,cogi-

745 4004 1048 4061 tationibus
1078 4025 1091 4061 :
1122 4017 1236 4062 tum
1263 4023 1293 4062 a
1334 4019 1532 4064 natura
1555 4051 1570 4075 ,
1623 4009 1842 4081 illisque
1873 4012 2185 4068 rationibus
2210 4028 2333 4083 qua:

743 4098 893 4152 circa
924 4114 1048 4153 eam
1092 4108 1425 4168 versantur;
1486 4109 1679 4173 postea
1719 4117 1752 4157 a
1777 4101 1945 4157 rebus
1989 4101 2333 4172 spiritalibus

739 4197 800 4244 et
836 4205 958 4260 qua:
986 4184 1057 4245 in'
1071 4200 1314 4248 mentem
1353 4192 1581 4259 eadunt,
1622 4193 1802 4265 iisque
1829 4194 2079 4250 scientiis
2102 4210 2227 4265 qua:
2261 4194 2332 4251 de

742 4277 852 4334 illis
876 4280 1152 4336 habentur
1188 4300 1202 4336 :
1229 4298 1293 4338 ac
1319 4292 1625 4355 postremo,
1657 4284 2024 4341 Providentiae
2048 4286 2330 4341 rationum

742 4371 1015 4428 varietate
1052 4374 1170 4445 ipsa
1217 4385 1501 4445 superata,
1535 4375 1603 4432 ad
1654 4377 1829 4447 ipsam
1878 4378 2063 4449 ignote
2108 4376 2333 4433 devenit

741 4461 975 4518 unitatis
1012 4464 1322 4532 rationem;
1346 4479 1415 4519 ex
1441 4480 1548 4535 qua
1570 4465 1685 4520 sola
1705 4480 1862 4520 suam
1886 4481 2043 4521 mens
2074 4467 2334 4522 immuta-

2432 3383 2463 3435 ὁ
2482 3379 2539 3434 δὲ
2564 3377 2820 3449 παραϐάς
2831 3374 2920 3430 διὰ
2933 3374 3218 3446 παρακοῆς
3247 3370 3487 3443 ἐντολὴν,
3505 3371 3601 3425 καὶ
3632 3372 3733 3442 τὴν
3752 3374 4041 3444 ἁμαρτίαν

2434 3471 2752 3542 εἰργάσατο,
2788 3468 2885 3522 καὶ
2909 3468 3010 3537 τῆς
3042 3466 3165 3519 κατ’
3184 3465 3407 3536 ἀγάπην
3436 3462 3631 3517 ἑαυτὸν
3664 3464 3807 3534 πρὸς
3837 3464 3938 3520 τὸν
3956 3467 4044 3520 ὲν-

2433 3563 2748 3634 τειλάμενον
2771 3559 2968 3615 διεῖλεν
2994 3556 3261 3621 ἑνὼσεως.

2504 3744 2576 3810 η’.
2625 3737 2686 3791 '0
2736 3737 2805 3791 ὲκ
2854 3735 2955 3808 τῆς
3005 3735 3147 3790 κατά
3194 3736 3298 3808 τὴν
3342 3735 3660 3809 παράϐασιν
3707 3736 4041 3809 διαιρέσεως

2436 3820 2825 3900 συναγόμενος,
2858 3828 3075 3900 πρῶτον
3106 3828 3403 3900 χωρίζεται
3431 3828 3540 3884 τῶν
3568 3828 3763 3885 παθῶν
3786 3846 3801 3862 ·
3841 3831 4040 3886 ἔπειτα

2432 3922 2540 3977 τῶν
2568 3921 2836 3994 ὲμπαθῶν
2862 3919 3145 3991 λογισμῶν
3163 3936 3179 3954 ο
3237 3916 3358 3975 εἶτα
3387 3919 3603 3991 φύσεως
3630 3924 3729 3976 καὶ
3757 3924 3875 3978 τῶν
3910 3926 4041 3996 περὶ

2433 4014 2598 4085 φύσιν
2630 4013 2827 4082 λόγων·
2864 4008 2989 4067 εἶτα
3020 4013 3334 4085 νοημάτων,
3388 4014 3483 4068 καὶ
3530 4013 3641 4069 τῶν
3702 4016 3843 4085 περὶ
3899 4017 4040 4070 αὑτά

2432 4104 2694 4175 γνώσεων
2726 4122 2740 4136 ·
2801 4105 2897 4160 καὶ
2959 4105 3272 4160 τελευταῖον
3305 4146 3321 4170 ,
3390 4106 3503 4159 τῶν
3561 4108 3691 4179 περί
3760 4109 4040 4182 Προνοίας

2431 4197 2607 4267 λόγων
2633 4198 2857 4270 διαδρὰς
2885 4197 2947 4252 τὸ
2974 4198 3244 4264 ποικίλον,
3279 4201 3361 4264 εἰς
3385 4199 3550 4254 αὑτὸν
3571 4199 3882 4269 ἀγνώστως
3908 4219 4040 4256 κατ-

2430 4289 2570 4360 αντᾷ
2617 4287 2711 4342 τὸν
2759 4288 2888 4361 περὶ
2942 4289 3169 4361 μονάδος
3209 4289 3397 4360 λόγον·
3436 4291 3562 4345 καθ’
3596 4292 3658 4346 ὃν
3699 4293 3874 4363 μόνον
3899 4293 4039 4348 θεωο

2435 4380 2608 4452 ρήσας
2645 4380 2842 4435 ἑαυτοῦ
2872 4380 3141 4453 ἀτριψίαν
3171 4381 3202 4435 ὁ
3228 4381 3353 4446 νοῦς
3379 4423 3396 4448 ,
3450 4385 3634 4457 χαίρει
3663 4384 3770 4454 τὴν
3798 4386 4041 4441 ἀνεκλά-

2430 4469 2592 4543 λητον
2618 4472 2816 4543 χαράν⁸
2854 4472 2931 4536 ὡς
2960 4473 3059 4542 τὴν
3085 4474 3311 4545 εἰρήνην
3335 4472 3574 4545 εἰληφὼς
3603 4474 3698 4529 τοῦ
3730 4476 3904 4543 Θεοῦ,
3940 4479 4039 4549 τὴν

740 4552 1015 4608 bilitatem
1030 4555 1416 4621 considerans,
1444 4555 1644 4627 gaudio
1661 4555 1864 4627 gaudet
1885 4557 2240 4613 inenarrabili
2258 4546 2326 4628 ’ές

2436 4561 2808 4633 ὑπερέχουσαν
2833 4564 3014 4618 πάντα
3040 4562 3164 4618 νοῦν
3192 4580 3207 4596 ·
3261 4565 3355 4619 καὶ
3386 4567 3737 4638 φρουροῦσαν
3760 4569 4038 4641 διηνεκῶς

741 4651 801 4698 ut
827 4660 948 4713 quae
967 4660 1160 4714 pacem
1184 4653 1345 4701 nacta
1367 4647 1461 4711 sit,
1487 4662 1611 4717 qua:
1633 4656 1929 4717 exsuperat
1947 4663 2168 4703 omnem
2208 4665 2335 4705 sen-

2439 4652 2690 4708 ἀπτωτον
2723 4653 2814 4708 τὸν
2844 4654 3017 4725 αὑτῆς
3046 4655 3388 4728 ἀξιούμενον.

735 4755 866 4795 sum
889 4741 958 4805 οι,
994 4757 1060 4795 ae
1083 4757 1208 4811 quae
1237 4757 1366 4796 eum
1391 4741 1489 4813 qui
1545 4743 1722 4812 ipsam
1767 4744 1993 4814 assequi
2026 4746 2322 4813 meruerit,
2355 4746 2427 4803 ab
2451 4748 2601 4804 omni
2621 4750 2829 4821 iugiter
2855 4758 3081 4823 praestet
3105 4752 3268 4807 ruina
3300 4762 3483 4809 tutum
3510 4762 3681 4826 atque
3739 4773 4033 4814 securum.

809 4836 866 4891 9.
893 4834 1175 4893 Cebenna:
1202 4847 1406 4904 metus,
1429 4838 1696 4893 malitiam
1721 4839 1968 4911 vitiaque
2000 4850 2222 4911 prastat
2248 4841 2338 4896 fu-

737 4942 891 4999 gere,
931 4927 1021 4983 his
1054 4928 1150 4998 qui
1195 4929 1539 4986 inducuntur
1595 4944 1661 4985 ac
1708 4929 1921 4986 tirones
1963 4939 2111 4986 sunt.
2158 4932 2337 4988 Bono-

740 5036 863 5075 rum
909 5030 1098 5076 autem
1150 5022 1623 5078 remunerationis
1665 5038 1824 5078 amor
1858 5039 1923 5079 ac
1966 5023 2330 5091 desiderium,

740 5113 1163 5183 proﬁcientibus
1222 5114 1436 5180 tribuit,
1486 5122 1548 5170 ut
1596 5115 1875 5171 virutibus
1924 5117 2093 5171 alacri
2142 5117 2327 5173 animo

644 5228 652 5237 ·
738 5205 1058 5275 fungantur.
1086 5208 1158 5263 At
1184 5207 1478 5264 ebaritatis
1502 5208 1852 5281 mysterium,
1900 5210 2104 5265 creatis
2149 5210 2327 5264 omni-

808 5339 856 5372 ”
883 5339 1054 5395 Hebr.
1080 5356 1155 5408 Iv,
1193 5341 1279 5396 10.
1358 5340 1448 5395 ⁶⁰Ι
1477 5341 1626 5397 Petr.
1652 5358 1690 5408 ι,
1722 5342 1775 5398 8.
1850 5344 1892 5376 ⁸⁸
1923 5344 2167 5416 Philipp.
2192 5360 2269 5410 IV,
2306 5343 2361 5398 7.

813 5494 891 5568 (ῳ)
927 5494 1093 5568 ὀ-δὲ
1122 5496 1320 5568 ,πόθος
1345 5495 1457 5568 τῆς
1486 5495 1607 5552 τῶν
1639 5496 1879 5568 ἀγαθῶν
1935 5499 2322 5565 ἀντιδόσεως.

739 5565 808 5647 _Et
842 5565 947 5620 hoc
969 5566 1439 5647 MaTSLVI‘lFTtX’S‘EW
1481 5584 1603 5638 cap.
1637 5565 1727 5647 l3,
1774 5569 1828 5623 in
1860 5585 1973 5647 quo
2016 5570 2152 5647 nihil
2204 5585 2323 5647 sea-

736 5635 897 5708 ln-um
928 5645 1024 5690 aut
1060 5634 1302 5691 diﬂicile.
1344 5637 1437 5693 Sic
1462 5634 1644 5694 tamen
1676 5639 1836 5708 plana
1876 5634 2060 5702 Picus,
2101 5640 2323 5694 Deside-

736 5706 877 5780 rjum
906 5718 1085 5761 autem
1113 5710 1489 5762 remunerandi
1521 5706 1731 5780 accepta
1773 5710 1931 5764 bona.
1957 5709 2138 5774 Certe,
2174 5710 2323 5764 Desi-

734 5775 1405 5849 deriumgremunerationis
1429 5775 1715 5843 bonorum;
1747 5794 1937 5834 eorum
1969 5780 2179 5835 scilicet
2200 5796 2323 5849 qum

733 5844 1125 5919 Dcoadjutore
1156 5849 1426 5904 virtutum
1461 5865 1628 5921 opera
1674 5859 2018 5921 prmslamm.
2075 5844 2319 5917 Quorum

2504 4844 2570 4899 θ’.
2619 4846 2679 4899 ’0
2725 4847 2826 4917 τῆς
2868 4847 3097 4920 γεέννης
3127 4848 3313 4918 φόϐος,
3349 4850 3550 4904 κακίαν
3582 4852 3815 4920 φεΰγειν
3846 4873 4032 4928 παρα-

2432 4936 2690 5001 σκευάζει
2742 4939 2869 5003 τοὺς
2913 4940 3334 5010 εἰσαγομένουςο
3395 4942 3425 4995 ὁ
3460 4941 3518 4995 δὲ
3570 4942 3741 5008 πόθος
3782 4944 3894 5017 τῆς
3922 4949 4034 5002 τῶν

2427 5028 2652 5093 ἀγαθῶν
2678 5030 3002 5096 ἀντιδόσεως
3026 5030 3127 5104 (2:),
3149 5036 3263 5097 τοῖς
3288 5034 3664 5105 προκόπτουσι
3692 5038 3797 5110 τὴν
3825 5041 3923 5094 ἐπ’
3942 5044 4030 5095 ὲν-

2433 5124 2625 5194 εργείᾳ
2659 5124 2768 5179 τῶν
2798 5124 3008 5197 ἀρετῶν
3030 5124 3316 5198 χαρίζεται
3350 5125 3661 5197 προθυμίαν
3683 5145 3697 5159 ο
3748 5130 3816 5183 τὸ
3838 5130 3905 5187 δὲ
3932 5133 4031 5200 τῆς

2433 5213 2655 5286 ἀγάπης
2687 5217 2987 5288 μυστήριον
3011 5256 3027 5282 ,
3096 5215 3316 5271 πάντων
3349 5218 3633 5291 ὑπεραίρει
3662 5219 3776 5274 τῶν
3802 5228 4035 5294 γεγονό-

2427 5500 2713 5581 ρταξιηίᾳιη
2737 5515 2973 5581 Asper-are
3006 5509 3063 5556 et
3088 5501 3407 5581 desiderare
3445 5503 3781 5581 Christianae
3824 5510 4025 5581 pietati

2427 5585 2538 5624 non
2592 5570 2788 5641 obest;
2843 5586 3021 5641 eoque
3078 5574 3287 5629 motivo
3327 5577 3404 5631 uti
3445 5576 3511 5632 ad
3553 5577 3786 5633 humani
3824 5570 4026 5637 ἱππ-(ἰὴ

2424 5640 2776 5718 escitandum
2801 5640 3101 5718 torporem.
3145 5643 3224 5718 Eo
3270 5656 3484 5718 spectat
3531 5648 3685 5718 quod
3742 5650 4025 5707 Dominus

2425 5708 2785 5784 Christianas
2815 5708 3042 5784 pietatis
3102 5708 3737 5784 capita'BeatituHinum
3789 5720 4022 5775 nomine

2424 5782 2703 5905 smilion“.
2754 5780 2863 5838 Sed
2918 5782 2976 5838 in
3010 5799 3071 5840 re
3113 5780 3267 5841 facili
3328 5802 3442 5844 non
3501 5788 3741 5860 amplius
3799 5789 4024 5846 haren-
