4192 6436
245 370 338 435 129

1027 365 1377 429 CAPITUM
1415 368 1686 428 THEOL.
1727 369 1820 428 ET
1858 369 2093 430 (ECON.
2135 371 2522 431 CENTURIA
2561 374 2642 433 Π.

3317 377 3451 445 ιιει

189 499 301 534 των
350 480 440 533 τὸν
486 479 648 542 νοῦν,
712 477 841 549 πρὸς
887 477 1070 530 πάντα
1122 477 1191 530 τὰ
1239 476 1376 547 μετὰ
1406 476 1541 529 Θεὸν
1570 476 1770 546 τυφλὸν

1870 479 1976 534 bus
2005 480 2349 548 superiorem
2382 491 2622 535 mentem
2671 480 2948 544 attollens,
3002 480 3069 535 ad
3100 483 3285 539 omnia
3325 501 3448 556 quae

189 569 656 639 ἀπεργαζόμενον.
681 569 888 630 Μόνους
913 567 1022 637 γάρ
1040 568 1165 630 τοὺς
1182 567 1416 636 τυφλοὺς
1440 566 1573 634 πρὸς
1593 567 1769 619 πάντα

190 658 263 710 τά
312 660 447 728 μετά
494 659 625 710 Θεὸν
673 660 1072 731 γεγενημένους
1103 658 1360 728 όΚόριος
1387 657 1619 726 σοφίζει,
1656 659 1769 710 δει-

192 749 329 812 κνὺς
359 751 427 803 τὰ
461 750 727 820 θειότερα.

267 948 318 995 ι’.
367 941 425 992 '0
474 938 568 992 τοῦ
615 939 749 992 Θεοῦ
800 940 987 1006 λόγος,
1044 939 1229 1009 κόκκῳ
1256 939 1525 1000 σινάπεως
1559 937 1767 1000 ἐοικὼς,

185 1031 298 1102 πρὸ
329 1031 426 1097 τῆς
453 1031 725 1099 γεωργίας
758 1030 898 1083 πάνυ
926 1024 1066 1083 εἶναι
1090 1031 1237 1082 δοκεί
1270 1029 1487 1100 μικρός·
1549 1028 1769 1082 ἐπειδὰν

183 1123 248 1173 δὲ
281 1120 576 1190 γεωργηθῇ
609 1120 857 1184 δεόντως,
893 1121 1145 1175 τοσοῦτον
1176 1121 1538 1174 διαδείκνυται
1573 1122 1766 1190 μέγας,

182 1209 333 1263 ὥστε
361 1212 484 1273 τοὺς
515 1211 624 1262 τῶν
650 1211 930 1282 αἰσθητῶν
963 1214 1057 1267 καὶ
1089 1212 1198 1264 τῶν
1225 1213 1429 1282 νοητῶν
1458 1213 1770 1282 κτισμάτων

187 1299 556 1368 μεγαλοφυεῖς
596 1300 787 1368 λόγους
810 1303 1026 1372 πτηνῶν
1052 1303 1206 1373 δίκην
1237 1303 1386 1372 αὐτῷ
1420 1303 1771 1359 ἐπαναπαύε-

189 1389 340 1442 σθαι.
382 1391 605 1443 Πάντων
633 1393 740 1461 γὰρ
772 1394 821 1444 ot
864 1393 1012 1462 λόγοι
1043 1394 1446 1466 καθεστήκασιν
1478 1394 1628 1465 αὐτῷ
1663 1414 1769 1465 χω-

185 1470 368 1551 ρητοί·
420 1483 578 1546 αὐτὸς
611 1485 710 1550 δὲ,
744 1485 853 1539 τῶν
887 1487 1054 1540 ὄντων
1103 1489 1248 1541 ἐστὶν
1287 1489 1461 1542 οὐδενὶ
1506 1489 1767 1559 χωρητός.

180 1575 276 1626 Διὸ
321 1574 411 1626 τὸν
449 1575 641 1643 ἔχοντα
672 1578 856 1631 πίστιν
899 1579 974 1642 ώς
1019 1580 1220 1633 κόκκον
1266 1581 1577 1645 σινάπεως,
1613 1581 1772 1634 δύνα-

181 1665 313 1719 σθαι
359 1666 668 1737 μεταθεῖναι
713 1670 856 1741 λόγῳ
907 1672 968 1724 τὸ
1016 1671 1139 1742 ὄρος
1175 1675 1203 1726 ὁ
1228 1672 1427 1743 Κύριος
1453 1672 1579 1744 εφη·
1620 1690 1774 1726 τουτ-

184 1758 308 1810 έστι
333 1798 349 1822 ,
392 1759 452 1811 τὸ
483 1760 603 1812 καθ’
626 1761 781 1830 ἡμῶν
811 1763 902 1816 τοῦ
931 1763 1176 1816 διαϐόλου
1203 1765 1402 1835 κράτος
1426 1763 1771 1829 ἀποδιώκειν,

179 1851 280 1904 καί
319 1850 667 1920 μετατιθέναι
696 1854 798 1922 τῆς
831 1853 1063 1922 βάσεως.

259 2032 352 2083 ια’.
409 2029 627 2091 Κόκκος
671 2028 766 2081 τοῦ
817 2030 1090 2094 σινάπεως
1119 2031 1269 2084 ἐστιν
1298 2033 1326 2085 ό
1358 2032 1591 2102 Κύριος,
1633 2033 1772 2086 κατά

179 2118 374 2171 πίστιν
429 2120 487 2173 ἐν
533 2119 814 2190 Πνεῦματι
866 2124 1225 2194 σπειρόμενος
1275 2125 1333 2176 ἐν
1376 2127 1494 2186 ταῖς
1525 2125 1772 2194 καρδίαις

177 2209 292 2263 τῶν
323 2211 648 2282 δεχομένωνο
681 2213 739 2265 ὃν
767 2215 795 2266 ό
822 2213 1098 2285 ἐπιμελῶς
1122 2215 1210 2268 διὰ
1234 2216 1342 2268 τῶν
1366 2216 1577 2283 ἀρετῶν
1603 2233 1773 2285 γεωρ-

176 2305 361 2371 γήσας
380 2343 396 2366 ο
451 2304 512 2357 τὸ
539 2305 638 2374 μὲν
667 2305 792 2377 ὅρος
827 2306 918 2360 τοῦ
950 2307 1136 2376 χοϊκοῦ
1163 2309 1511 2379 φρονήματος
1545 2295 1770 2378 μετατί-

177 2396 314 2464 Οησι
335 2437 350 2459 ,
407 2397 506 2467 τὴν
549 2398 868 2469 δυσκίνητον
907 2401 1020 2464 saw
1063 2402 1259 2456 ἐαυτοῦ
1291 2402 1392 2470 τῆς
1425 2403 1622 2466 κακίας
1651 2404 1770 2456 κατ’

178 2486 436 2550 ἐξουσίαν
486 2491 873 2562 ἀπωθούμενος
897 2509 911 2524 ’
969 2495 1093 2558 τοὺς
1132 2495 1187 2550 δὲ
1230 2494 1420 2562 λόγους
1454 2495 1630 2565 ἐαυτῷ
1660 2498 1768 2549 τῶν

177 2578 417 2632 ἐντολῶν
452 2581 548 2632 καὶ
574 2583 700 2645 τοὺς
725 2583 981 2651 τρόπους,
1010 2585 1042 2652 ἦ
1073 2586 1168 2638 καὶ
1194 2585 1291 2648 τάς
1315 2585 1462 2648 θείας
1486 2586 1765 2656 δυνάμεις,

177 2668 376 2739 ὥσπερ
411 2670 629 2723 πετεινά
659 2673 888 2743 οὐρανοῦ
918 2676 1284 2730 ἐπαναπαύει.

256 2761 346 2830 ιβ’.
387 2761 476 2832 Τῷ
519 2764 708 2832 Κυρίῳ
753 2765 1003 2835 καθάπερ
1054 2767 1162 2819 τινὶ
1209 2766 1444 2836 θεμελίῳ
1501 2766 1762 2832 πίστεως,

177 2851 243 2906 τὸ
273 2851 406 2923 ὕψος
434 2856 914 2930 ἐποικοδομοῦντες
952 2859 1061 2911 τῶν
1113 2858 1355 2926 ἀγαθῶν,
1393 2859 1637 2929 χρυσίον,
1665 2861 1765 2930 ἀρ-

178 2944 396 3014 γύριον,
434 2944 611 3008 λίθους
637 2929 862 3017 τιμίους.
891 2948 1209 3019 ἐπιθώμεθα
1233 2965 1246 2978 ’
1282 2950 1550 3015 τουτέστι,
1580 2929 1762 3002 θεολο-

177 3035 311 3102 γίαν
363 3037 609 3106 καθαρὰν
664 3040 758 3090 καὶ
797 3038 1107 3111 ἀκίϐδηλον,
1132 3041 1226 3093 καὶ
1258 3041 1372 3110 βίον
1403 3043 1635 3114 διαφανῆ
1671 3042 1766 3095 καὶ

179 3125 458 3197 λαμπρὸν.
500 3128 594 3178 καὶ
629 3126 804 3190 θείους
834 3128 1129 3199 λογισμοὺς
1162 3129 1229 3182 τά
1258 3132 1593 3201 μαργαρώδη
1636 3132 1762 3203 νυή-
1791 3159 1832 3217 C

183 3233 368 3287 ματαο
419 3217 554 3271 ἀλλά
607 3218 680 3288 μὴ
725 3218 877 3283 ξύλα,
940 3221 1014 3290 μὴ
1060 3222 1250 3290 χόρτον
1305 3223 1440 3292 μήτε
1478 3223 1758 3294 καλάμην·

179 3306 472 3370 τουτέστι,
535 3308 674 3377 μήτε
722 3308 1202 3379 εἰδωλολατρείαν·
1253 3311 1424 3381 ἥγουν
1485 3313 1585 3381 τὴν
1636 3312 1763 3384 περὶ

179 3397 254 3450 τὰ
304 3397 536 3467 αίσθητά
600 3399 863 3469 πτόησιν
923 3401 1060 3469 μήτε
1109 3400 1223 3469 βίον
1281 3402 1586 3469 ἀλόγιστον,
1625 3404 1762 3473 μήτε

174 3483 477 3557 λογισμοὺς
507 3489 794 3558 ἐμπαθεῖς,
818 3491 1025 3559 καὶτῆς
1059 3491 1200 3545 κατά
1247 3492 1438 3561 σοφίαν
1493 3494 1762 3556 συνέσεως

180 3578 376 3649 ὥσπερ
415 3579 700 3650 ἀσταχύων
729 3582 1146 3652 ἐστερημένους.

259 3740 352 3803 ιγ’.
403 3735 463 3787 'O
515 3736 767 3804 γνώσεως
815 3738 1122 3808 ἐφιέμενος,
1183 3742 1617 3814 ἀμετακινήτους
1665 3744 1763 3806 τάς

183 3825 375 3895 βάσεις
405 3826 504 3896 τῆς
536 3827 711 3899 ψυχῆς
745 3831 1014 3900 ἐρεισάτω
1066 3834 1217 3903 παρά
1272 3835 1352 3904 τῷ
1381 3836 1589 3906 Κυρίῳ,
1621 3836 1764 3889 καθά

180 3934 354 3987 φησιν
382 3920 408 3970 ό
434 3918 564 3981 Θεὸς
595 3920 669 3989 τῷ
698 3921 904 3992 Μωῡσῇ
925 3939 937 3951 ·
972 3923 1055 3976 Σὺ
1089 3923 1158 3975 δὲ
1187 3926 1373 3978 αὐτοῦ
1405 3926 1584 3994 στῆθι
1633 3927 1761 3995 μετ’

179 4009 353 4078 ὲμσῦ.
397 4011 594 4065 Ἰστέον
635 4012 712 4076 δὲ,
755 4015 838 4067 ὃτι
878 4015 974 4067 καὶ
1001 4017 1059 4067 ἐν
1088 4016 1270 4079 αὐτοῖς
1297 4021 1408 4080 τοῖς
1450 4019 1763 4088 ἱσταμένοις

180 4103 340 4172 παρὰ
363 4103 437 4173 τῷ
457 4104 640 4175 Κυρίῳ
670 4106 787 4158 ἐστὶ
816 4107 1049 4178 διαφορά
1069 4126 1081 4138 ·
1117 4109 1277 4178 εἴπερ
1300 4112 1476 4165 ἐκεῖνο
1511 4114 1586 4181 μὴ
1618 4130 1762 4182 παρ-

181 4192 364 4262 έργως
423 4194 855 4255 ἀναγινώσκεται
915 4199 1027 4260 τοῖς
1077 4197 1421 4268 φιλομαθέσι,
1465 4199 1567 4264 τὸ,
1628 4201 1762 4253 Ιίισί

177 4299 344 4348 τινες
368 4283 483 4336 τῶν
510 4279 624 4338 ὦδε
656 4286 946 4351 ἑστώτων,
981 4290 1197 4355 οἵτινες
1226 4293 1297 4344 οὐ
1322 4292 1407 4360 μὴ
1437 4292 1764 4360 γεύσωνται

181 4379 469 4441 θανάτου,
511 4379 622 4444 ἕως
673 4381 750 4434 ἂν
795 4381 966 4435 ἴδωσι
992 4381 1105 4449 τὴν
1123 4384 1453 4447 βασιλείαν
1478 4386 1583 4438 τοῦ
1612 4387 1760 4440 Θεοῦ

1873 586 1904 624 a
1941 571 2053 624 Deo
2089 570 2334 624 secunda
2369 580 2520 636 sunt,
2568 588 2766 626 caecam
2815 572 3019 627 reddit.
3057 574 3167 629 Eos
3213 592 3448 646 namque

1875 677 2016 716 unos
2045 661 2313 716 Dominus
2355 663 2635 732 sapientes
2664 663 2814 729 facit,
2847 664 3147 720 ostendens
3166 682 3286 736 quae
3324 679 3452 722 sunt

1873 753 2171 819 diviniora,
2208 753 2316 808 illis
2361 755 2459 824 qui
2503 754 2569 808 ad
2621 756 2801 809 omnia
2831 772 2952 825 quae
2985 774 3014 810 a
3052 758 3164 811 Deo
3210 761 3448 813 secunda

1874 854 2022 907 sunt,
2051 844 2177 898 C(BCi
2205 846 2480 899 exsistunt
2505 845 2568 898 θ’.

1953 936 2034 989 10.
2065 936 2392 1001 Deisermo,
2425 953 2595 1006 grano
2633 938 2843 1007 sinapis
2874 938 3088 1005 similis,
3125 941 3447 1011 priusquam

1874 1029 2112 1092 colatur,
2161 1028 2395 1097 exiguus
2447 1029 2746 1083 admodum
2798 1036 3027 1098 apparet
3070 1047 3083 1083 :
3121 1031 3215 1084 ubi
3266 1041 3447 1087 auten-

1874 1136 2018 1184 eam,
2052 1135 2173 1189 qua:
2202 1119 2414 1185 deceat,
2439 1122 2710 1175 culturam
2741 1122 3036 1191 acceperit,
3070 1129 3218 1177 tanta
3253 1139 3449 1192 proce-

1877 1213 2038 1267 ritate
2071 1211 2360 1275 excrescit,
2423 1221 2485 1266 ut
2539 1222 2872 1277 creatorum,
2925 1222 3038 1266 tum
3098 1230 3223 1282 quae
3284 1230 3449 1270 sensu

1875 1302 2276 1372 percipiuntur,
2313 1309 2426 1354 tum
2472 1316 2595 1369 quae
2645 1302 2762 1354 sola
2809 1310 2993 1356 mente
3038 1302 3448 1372 intelliguntur,

1875 1392 2176 1463 magnifice
2209 1392 2451 1445 rationes
2474 1391 2763 1444 volucrum
2796 1390 2970 1444 instar
3012 1390 3068 1444 in
3103 1407 3170 1445 eo
3229 1393 3450 1461 requie-

1880 1495 2038 1541 scant
2062 1485 2126 1538 “.
2176 1483 2432 1538 Omnium
2463 1484 2610 1538 enim
2635 1483 2726 1537 ille
2772 1484 3017 1539 rationes
3044 1485 3233 1554 capit:
3271 1485 3448 1554 ipsum

1874 1586 2057 1633 autem
2105 1577 2253 1647 quod
2302 1560 2477 1646 possit
2518 1592 2735 1645 capere,
2775 1577 2913 1630 nihil
2949 1577 3004 1629 in
3043 1577 3211 1632 rebus
3250 1589 3446 1632 exstat.

1874 1667 2005 1722 Ideo
2052 1668 2219 1720 etiam
2261 1665 2400 1720 dixit
2444 1666 2712 1719 Dominus
2737 1681 2886 1730 eum,
2913 1665 3007 1736 qui
3041 1665 3205 1721 (idem
3250 1666 3451 1723 habeat

1875 1758 2018 1813 sicut
2048 1772 2278 1828 granum
2311 1756 2520 1825 sinapis
2571 1772 2730 1826 posse
2764 1759 3062 1812 transferre
3088 1768 3329 1812 montem
3353 1758 3444 1811 “':

1802 1827 1846 1881 Β
1876 1827 2082 1902 diaboli
2112 1847 2324 1900 scilicet
2349 1845 2641 1900 adversum
2675 1862 2776 1901 nos
2800 1847 3177 1916 imperiumet
3204 1857 3449 1918 potesta-

1877 1947 1986 1993 tem
2010 1938 2219 2008 fugare,
2245 1953 2275 1990 a
2311 1937 2439 1991 sede
2464 1937 2726 2007 dejicere.

1946 2031 2031 2082 Η.
2061 2027 2304 2082 Granum
2356 2026 2564 2095 sinapis
2617 2027 2882 2082 Dominus
2925 2038 3030 2093 est,
3063 2044 3162 2098 per
3193 2029 3356 2084 fidem
3392 2030 3448 2084 in

1873 2121 2070 2190 spiritu
2095 2120 2152 2173 in
2183 2117 2604 2188 suscipientium
2625 2119 2888 2174 cordibus
2917 2123 3219 2177 seminatus
3246 2140 3258 2175 :
3283 2138 3447 2192 quem

1871 2212 1965 2281 qui
1988 2212 2281 2280 diligenter
2308 2210 2543 2265 virtutes
2569 2213 2877 2280 praestando
2902 2214 3056 2278 colit,
3085 2215 3290 2269 terreni
3323 2231 3450 2270 sen-

1872 2319 1967 2359 sus
2012 2313 2260 2358 montem
2317 2302 2577 2357 transfert
2625 2301 2866 2374 (difﬁcile
2919 2305 3130 2360 scilicet
3187 2307 3446 2361 mobilem

1869 2404 2034 2464 atque
2065 2394 2369 2449 haerentem
2401 2393 2623 2447 malitiae
2649 2393 2899 2448 habitum
2938 2395 3167 2465 vitiique
3197 2412 3227 2450 a
3251 2412 3310 2452 se
3332 2398 3449 2468 ipse

1869 2503 1969 2556 per
2002 2494 2331 2556 potestatem
2355 2483 2662 2555 depellens)
2689 2485 3182 2556 mandatorumque
3207 2489 3449 2544 rationes

1868 2589 1925 2633 et
1946 2579 2110 2650 487
2140 2579 2352 2642 modos,
2386 2578 2500 2632 sive
2529 2577 2693 2632 etiam
2747 2577 2960 2633 divinas
2987 2579 3218 2634 virtutes
3238 2621 3250 2644 ,
3299 2583 3449 2636 velut

1868 2671 1993 2725 coeli
2019 2671 2270 2725 volucres
2297 2671 2350 2724 in
2379 2685 2436 2724 se
2459 2669 2807 2738 requiescere
2841 2666 2990 2724 facit.

1949 2759 2036 2813 l2.
2066 2759 2170 2824 Qui
2194 2773 2362 2828 super
2385 2759 2699 2825 Dominum,
2724 2768 2983 2829 tanquam
3022 2759 3146 2814 ﬁdei
3170 2761 3443 2831 quoddam

1864 2850 2307 2914 fundamentum,
2342 2852 2620 2904 excelsum
2643 2850 2918 2904 bonorum
2944 2851 3160 2906 culmen
3194 2861 3444 2907 exstrua-

1864 2954 2017 3004 mus;
2066 2954 2283 3004 aurum,
2333 2948 2640 3010 argentum,
2676 2940 2887 3010 lapides
2917 2942 3193 3010 pretiosos
3229 2946 3445 3014 (puram

1865 3030 2075 3084 scilicet
2091 3037 2253 3099 atque
2271 3030 2544 3084 sinceram
2563 3030 2632 3084 de
2653 3031 2763 3085 Deo
2776 3030 3109 3094 doctrinam.
3134 3034 3446 3104 claramque

1864 3131 2029 3191 atque
2062 3121 2331 3177 illustrem
2380 3123 2547 3177 vitam
2579 3164 2593 3187 ,
2634 3137 2851 3178 necnon
2887 3137 3047 3178 sensa
3093 3126 3260 3179 animi
3284 3128 3444 3181 unio—

1863 3229 1996 3267 num
2020 3213 2196 3267 nitore
2218 3212 2502 3283 fulgentia)
2531 3229 2674 3278 ;non
2697 3213 2865 3284 ligna,
2887 3214 3098 3276 fenum,
3128 3216 3383 3285 stipulam
3399 3219 3443 3248 "'

1867 3305 2069 3375 (neque
2126 3305 2339 3358 scilicet
2391 3305 2666 3358 idolorum
2709 3307 2940 3371 cultum,
2983 3305 3177 3372 idest,
3212 3309 3445 3364 terrenis

1865 3395 2144 3449 addictum
2181 3395 2424 3449 animum
2469 3395 2650 3465 iisque
2680 3395 2918 3451 deﬁxum
2967 3414 3144 3468 neque
3197 3413 3442 3454 aversam

1864 3503 1893 3540 a
1930 3488 2144 3541 ratione
2167 3486 2357 3551 vitam,
2405 3502 2587 3557 neque
2616 3487 2836 3542 demum
2891 3488 3215 3544 libidinosas
3242 3490 3445 3561 cogita-

1865 3576 2062 3639 tiones,
2097 3587 2157 3628 ut
2203 3592 2325 3645 qua:
2357 3585 2616 3645 tanquam
2664 3577 2847 3646 spicis,
2902 3578 3184 3646 sapientia:
3237 3580 3443 3635 intelli-

1863 3667 2048 3736 gentia
2080 3668 2324 3737 careant)
2359 3668 2437 3721 illi
2468 3669 2838 3738 imponamus.

1932 3757 2018 3811 15.
2062 3756 2166 3822 Qui
2220 3758 2462 3812 scientia:
2514 3758 2792 3812 desiderio
2839 3769 3079 3825 tenetur,
3133 3761 3442 3818 immobiles

1864 3847 2031 3902 animi
2063 3864 2284 3918 gressus
2311 3849 2453 3918 apud
2478 3851 2770 3903 Dominum
2814 3859 3039 3917 statuat,
3084 3853 3441 3921 quemadmo-

1863 3939 1992 3992 dum
2043 3939 2119 3992 ait
2165 3940 2310 3994 Deus
2351 3941 2508 4007 Mosi,
2565 3942 2638 3996 Tu
2687 3952 2862 3997 autem
2896 3945 2978 3997 hic
3022 3953 3104 3998 sta
3153 3947 3434 4001 mecum“.

1864 4029 2010 4082 Istud
2049 4045 2216 4098 porro
2251 4030 2680 4098 observandum,
2721 4034 2777 4087 in
2818 4033 2886 4088 iis
2926 4035 3092 4088 etiam
3138 4035 3434 4094 discrimen

1861 4136 1981 4175 esse
2002 4122 2094 4190 qui
2122 4129 2268 4176 stant
2295 4123 2438 4192 apud
2467 4123 2778 4190 Dominum,
2805 4127 2849 4179 si
2889 4127 3053 4181 modo
3084 4128 3313 4182 studiosi
3342 4145 3436 4184 ve-

1863 4213 2019 4282 rique
2048 4223 2322 4278 amantes,
2369 4215 2518 4284 quod
2549 4217 2621 4270 ita
2651 4218 2921 4286 scriptum
2965 4229 3069 4283 est,
3122 4235 3230 4274 non
3259 4221 3436 4276 obiter

1863 4304 2134 4374 legimus:
2170 4304 2304 4359 Sunt
2353 4308 2569 4377 quidam
2625 4311 2690 4362 de
2736 4312 2818 4364 hic
2864 4313 3144 4376 stantibus,
3186 4315 3276 4384 qui
3332 4331 3436 4368 non

1863 4402 2148 4465 gustabunt
2180 4407 2432 4462 mortem,
2469 4400 2632 4453 donec
2677 4401 2902 4454 viderint
2953 4420 3170 4474 regnum
3202 4405 3302 4459 Dei
3348 4423 3436 4460 ve-

181 4471 558 4536 ἐληλυθυῖαν
585 4474 652 4525 ἐν
679 4473 945 4542 δυνάμει.
989 4475 1063 4529 Οὐ
1119 4476 1228 4547 γὰρ
1278 4479 1443 4532 πᾶσιν
1495 4479 1580 4532 ἀεὶ
1625 4479 1762 4548 μετὰ

1866 4492 2011 4543 niens
2083 4493 2138 4544 in
2189 4493 2472 4545 virtute".
2525 4493 2644 4546 Non
2695 4495 2843 4548 enim
2901 4496 3165 4550 Dominus
3219 4513 3437 4567 semper

181 4564 347 4628 δόξης
378 4562 404 4612 ό
429 4562 632 4632 Κύριος
654 4565 1002 4632 ἐπιφαίνεται
1038 4568 1151 4630 τοῖς
1184 4568 1315 4637 παρ’
1338 4567 1488 4638 αῦτῷ
1532 4570 1759 4640 ἱσταμέ-

187 4671 319 4715 νοις,
359 4654 494 4706 ἀλλὰ
531 4657 642 4717 τοῖς
685 4656 785 4723 μὲν
817 4657 1212 4725 εἰσαγομένοις,
1246 4661 1304 4710 ὲν
1352 4659 1537 4712 δούλου
1575 4665 1754 4732 μορφῇ

186 4748 586 4815 παραγίνεται·
622 4750 732 4810 τοῖς
777 4748 833 4801 δὲ
862 4739 1192 4818 δυναμένοις
1212 4751 1574 4820 ἀκολουθῆσαι
1609 4753 1757 4824 αὑτῷ

181 4837 281 4888 ἐπὶ
297 4835 358 4887 τὸ
381 4835 584 4905 ὑψηλὸν
604 4839 949 4892 ἁναὸαίνοντι
967 4841 1065 4909 τῆς
1083 4841 1246 4894 αὑτοῦ
1272 4844 1754 4915 μεταμορφώσεως

177 4930 332 4997 ὄρος,
373 4927 431 4979 ἐν
456 4933 635 5000 μορφῇ
662 4930 796 4983 Θεοῦ
831 4933 1178 5001 ἐπιφαίνεται
1212 4934 1287 5005 (y)
1314 4953 1324 4964 ο
1357 4937 1422 4989 ἐν
1517 4938 1749 5009 ὑπῆρχε,

261 5081 308 5114 ⁸³
343 5083 486 5166 ﬁsa].
523 5102 675 5149 cxsv,
703 5086 754 5142 8.
832 5087 1083 5143 "Matth.
1116 5106 1230 5155 xui,
1261 5091 1349 5144 5i.
1429 5092 1472 5122 “
1495 5093 1685 5148 Matth.
1715 5112 1791 5150 xv:

1874 5097 1958 5151 19.
2025 5099 2107 5152 ⁸⁵1
2134 5098 2260 5156 Cor.
2301 5101 2486 5166 "1,12.
2535 5104 2578 5136 ⁶⁶
2613 5105 2783 5159 Exod.
2821 5123 2982 5160 χχχιιι
3035 5108 3096 5159 2.

189 5167 303 5216 vm,
344 5153 430 5208 59.

265 5289 343 5372 (9)
359 5288 834 5372 μορφῆβεοῦ
852 5294 1246 5372 ἐπιφαίνεται..
1273 5298 1334 5351 In
1355 5299 1448 5353 Dei
1464 5308 1633 5369 [arma
1657 5320 1752 5372 ap-

190 5370 368 5430 paret.
399 5361 693 5439 Est__Marci
721 5361 996 5439 νηπτικῶν
1015 5381 1134 5435 cap.
1173 5367 1257 5428 14,
1285 5361 1554 5439 suumque
1590 5361 1754 5424 Maii-

192 5444 325 5507 mus
341 5431 701 5507 esscribendo
740 5433 870 5507 fecit
899 5452 910 5507 ς
940 5435 994 5507 in
1029 5431 1141 5504 quo
1171 5440 1442 5507 praecipua
1467 5431 1757 5496 difﬁcultas

193 5498 327 5580 gpid
355 5500 423 5552 sit
445 5500 536 5554 ilia
565 5503 788 5580 claritas
819 5504 935 5567 Dei,
958 5506 1030 5580 ‘in
1049 5498 1185 5574 qua
1206 5498 1460 5580 Christus
1481 5512 1753 5580 apparuit.

194 5568 407 5623 Idcirco
438 5571 581 5637 quod
620 5572 789 5625 Graaci
818 5568 1120 5637 sequiores.
1149 5579 1438 5633 occasione
1482 5568 1757 5635 dictorum

195 5641 558 5707 quorumdam
597 5642 838 5704 Patrum,
880 5641 950 5699 de
995 5645 1272 5701 Thaborio
1302 5649 1505 5704 lumine
1545 5651 1623 5704 sic
1671 5652 1756 5705 di-

194 5706 593 5781 gladiatiisunt,
621 5719 681 5763 ut
715 5728 802 5766 res
825 5728 921 5781 per
948 5715 1330 5771 Palamitarum
1355 5721 1757 5776 contentionem

194 5786 248 5839 in
288 5780 688 5848 putidissimam
737 5780 986 5837 haeresim
1031 5786 1263 5853 abierit;
1329 5791 1758 5848 existimantium

468 5872 736 5934 PATROL.
781 5875 894 5936 Gn.
936 5878 1052 5939 XC.

1864 4580 2120 4634 omnibus
2174 4597 2299 4635 cum
2362 4582 2615 4637 claritate
2669 4592 2926 4654 apparet,
2975 4588 3067 4655 qui
3113 4595 3260 4641 stant
3290 4590 3434 4658 apud

1865 4671 2073 4740 ipsum;
2116 4672 2210 4726 sed
2242 4672 2310 4726 iis
2339 4673 2561 4746 qpidem
2594 4676 2686 4744 qui
2741 4676 3081 4731 inducuntur
3131 4694 3194 4733 ac
3226 4679 3437 4735 tirones

1863 4771 2018 4827 sunt,
2072 4764 2293 4818 advenit
2344 4765 2396 4818 in
2419 4765 2592 4819 forma
2648 4769 2791 4821 servi
2828 4770 3130 4824 :iisautem
3171 4773 3265 4840 qui
3304 4789 3429 4826 eum

1862 4853 2016 4922 sequi
2041 4853 2223 4908 valent
2244 4855 2626 4911 ascendentem
2668 4859 2720 4911 in
2752 4869 2991 4914 montem
3026 4864 3298 4918 excelsum
3321 4880 3432 4919 sua:

1861 4943 2444 5013 transﬁgurationis,in
2469 4946 2564 5000 Dei
2591 4946 2762 5002 forma
2793 4959 3037 5018 apparet,
3073 4951 3128 5004 in
3159 4969 3262 5021 qua
3292 4962 3430 5021 erat,

3194 5109 3236 5138 "
3265 5109 3429 5164 Marc.

1858 5306 1953 5359 Dei
1982 5305 2124 5382 illam
2155 5307 2479 5376 claritatem,
2511 5311 2604 5382 τὴν
2633 5313 2808 5378 δόξαν,
2829 5314 3032 5382 aliquid
3057 5316 3167 5369 Deo
3191 5331 3430 5371 coaevum

1865 5390 2006 5454 esse,
2035 5375 2221 5454 illique
2263 5375 2876 5454 naturaconjunetum;
2915 5375 3016 5438 nec
3050 5395 3229 5440 tamen
3259 5387 3430 5454 ipsam

1996 5448 2292 5524 essentiam
2326 5465 2466 5524 esse,
2508 5445 2605 5505 sed
2629 5453 2782 5522 quasi
2825 5445 2973 5510 illius
3017 5445 3289 5508 virtutem.
3329 5470 3427 5511 seu

1867 5520 2200 5594 potentiam;
2234 5520 2381 5594 quod
2413 5529 2558 5594 certe
2590 5520 2857 5594 repugnat
2889 5526 3136 5579 maxima:
3177 5525 3269 5578 Dei
3301 5527 3429 5581 sima

1867 5584 2123 5664 plicitati,
2150 5584 2314 5655 quam
2349 5589 2462 5658 ipse
2494 5584 2758 5647 Maximus
2807 5595 2967 5662 paulo
3013 5595 3267 5664 superius
3317 5612 3364 5649 c.
3394 5596 3427 5650 9

1866 5663 1923 5707 et
1975 5654 2029 5718 5,
2081 5654 2184 5727 rite
2232 5654 2557 5727 prosecutus
2603 5673 2708 5724 est,
2750 5654 2965 5717 omnem
2995 5654 3220 5719 omnino
3248 5681 3278 5718 a
3316 5666 3430 5720 Deo

1867 5724 2314 5803 cpmpositionem
2350 5731 2666 5803 escludcns.
2689 5734 2842 5798 Quod
2873 5743 3053 5790 autem
3085 5735 3198 5803 ipsa
3254 5734 3347 5788 lux
3375 5745 3433 5792 et

1867 5794 2109 5863 claritas,
2137 5799 2512 5870 corporalibus
2556 5794 2927 5874 apostolorum
2962 5794 3137 5859 oculis
3189 5804 3428 5875 objecta,

2969 5898 3046 5959 36
