4192 6436
806 411 935 476 1131

1965 413 2022 468 S.
2065 411 2348 470 MAXIM!
2388 411 2899 472 CONFESSORIS

3927 429 4064 492 “3?.

805 534 1099 592 antequam
1149 521 1387 574 mundus
1438 529 1605 574 esset.
1644 520 1788 574 Fieri
1846 520 2012 588 igitur
2074 529 2275 590 potest,
2324 537 2357 573 u

2491 519 2704 588 προτοῦ
2745 521 2835 573 τὸν
2857 525 3061 592 κόσμον
3089 521 3245 577 εἶναι.
3271 529 3509 582 Δυνατίν
3527 526 3620 583 οὖν
3645 534 3784 595 ἐστι,
3920 556 4063 590 κατε

807 615 950 668 idem
999 615 1113 683 ipse
1153 611 1417 665 Dominus
1440 627 1549 664 non
1573 611 1763 664 eadem
1797 611 2004 664 ratione
2044 612 2260 664 cunctis
2284 626 2386 680 ap-

804 715 1030 776 pareat,
1069 705 1162 774 qui
1199 712 1347 758 stant
1388 705 1533 772 apud
1582 705 1788 772 ipsum;
1840 701 1934 755 sed
1978 702 2088 754 alio
2139 701 2379 770 alioque,

803 799 925 851 aliis
956 804 1120 864 atque
1166 796 1291 849 aliis
1321 796 1505 859 modo,
1545 812 1644 865 pro
1693 795 1959 864 cujusque
2005 793 2215 846 scilicet
2253 792 2380 844 lidei

803 887 1029 942 modulo
1068 887 1336 942 visionem
1369 888 1607 940 varians.

873 982 960 1034 Η.
997 980 1099 1035 Ubi
1133 980 1186 1033 in
1218 980 1377 1032 nobis
1413 979 1505 1031 Dei
1533 993 1716 1031 sermo
1750 977 2071 1046 splendidus
2090 980 2378 1048 clarusque

801 1073 1094 1132 exstiterit.
1123 1073 1351 1142 ejusque
1375 1070 1542 1122 facies
1574 1071 1704 1123 salis
1740 1070 1912 1124 instar
1939 1070 2378 1132 ell'ulserit,tunc

801 1178 1024 1235 quoque
1058 1164 1176 1232 ejus
1202 1161 1526 1213 vestimenta
1570 1170 1835 1228 apparent
1882 1159 2115 1212 candida
2153 1177 2163 1210 :
2210 1175 2376 1213 sacra:

803 1254 1064 1309 nimirum
1097 1254 1520 1321 Evangeliornm
1552 1250 1852 1320 Scriptura:
1897 1250 2078 1303 lucida
2119 1251 2285 1304 verba
2321 1261 2376 1305 et

801 1342 1115 1413 perspicua,
1151 1341 1398 1410 nihilque
1426 1340 1700 1394 occultum
1731 1338 2145 1406 abstrusiusun
2171 1337 2377 1390 haben.

805 1436 898 1488 tia.
935 1434 1041 1488 Sed
1083 1443 1139 1487 ct
1178 1433 1387 1502 Moyses
1429 1433 1682 1499 [ﬁliasque
1722 1445 1828 1482 una
1855 1429 2155 1481 adveniunt
2181 1469 2195 1488 ,
2237 1429 2374 1498 legis

803 1526 1096 1580 scilicctet
1135 1524 1531 1594 prophetarum
1557 1521 1921 1592 spiritaliores
1959 1535 2244 1576 sermones
2274 1536 2370 1574 seu

799 1619 1057 1673 rationes.

868 1711 953 1765 l5.
991 1707 1463 1777 Quemadmodum
1490 1713 1758 1760 venturus
1784 1714 1869 1758 cst
1908 1704 2078 1759 Filius
2108 1703 2366 1768 hominis,

794 1805 937 1858 sicut
968 1803 1234 1872 scriptum
1262 1810 1348 1855 est
1368 1800 1435 1863 “,
1464 1815 1588 1853 cum
1611 1798 1819 1870 angelis
1854 1797 1970 1851 suis
1999 1797 2052 1850 in
2079 1797 2247 1866 gloria
2271 1797 2370 1852 Pa-

797 1896 895 1949 tris
920 1913 932 1947 :
963 1894 1044 1950 sic
1076 1894 1169 1948 Dei
1199 1908 1380 1947 sermo
1425 1891 1655 1960 singulis
1673 1891 1983 1959 quibusque
2000 1891 2220 1944 virtutis
2239 1905 2366 1959 pro-

794 1984 1050 2045 fectibus,
1091 1982 1176 2035 his
1215 1981 1307 2050 qui
1337 1979 1487 2048 digni
1530 1980 1640 2033 sint
1673 1977 2115 2040 transformatur,
2139 1979 2368 2032 veniens

790 2087 916 2129 cutn
945 2073 1153 2143 angelis
1174 2073 1289 2126 suis
1313 2073 1366 2125 in
1393 2071 1565 2139 gloria
1593 2069 1788 2124 Patris.
1820 2068 2196 2137 Spiritaliores
2218 2070 2364 2122 enim

791 2169 846 2220 in
871 2166 988 2234 lege
1014 2173 1069 2217 et
1097 2163 1380 2232 prophetis
1411 2161 1738 2215 exsistentes
1765 2175 2048 2214 sermones
2087 2175 2150 2213 ac
2196 2160 2366 2214 ratio-

791 2273 910 2320 nes,
954 2271 1192 2326 quorum
1231 2254 1440 2323 Moyses
1477 2262 1534 2307 et
1569 2253 1714 2307 Elias
1742 2252 1858 2305 suis
1909 2252 2012 2321 ipsi
2059 2252 2365 2306 rationibus

789 2349 956 2422 488
997 2350 1166 2416 ligura
1208 2347 1559 2405 exstiterunt,
1591 2359 1714 2397 cum
1761 2343 1991 2396 Dotnino
2012 2352 2361 2412 apparentes,

791 2458 902 2509 quo
935 2451 1178 2508 tcmfmre
1221 2437 1484 2490 D-nninus
1513 2434 1934 2488 transformatus
1958 2444 2062 2495 cst,
2093 2436 2213 2502 ejus
2249 2434 2360 2488 cla-

790 2533 990 2592 ritatis,
1020 2549 1140 2600 «pne
1177 2531 1228 2583 in
1259 2531 1389 2599 ipsis
1409 2539 1512 2591 est,
1538 2526 1757 2580 modum
1783 2539 2084 2593 congruum
2110 2537 2358 2585 servant;

783 2641 952 2695 quam
990 2626 1253 2678 hactenus
1282 2622 1431 2690 digiti
1469 2621 1679 2689 possint
1729 2633 1947 2688 capere.
1993 2618 2250 2670 virtutem
2300 2633 2363 2671 ac

789 2717 1091 2788 potentiam
1123 2715 1534 2784 patelacicntcs.

861 2811 946 2863 l6.
982 2808 1085 2874 Qui
1125 2807 1389 2874 tantisper
1423 2805 1650 2858 unitatis
1704 2803 1969 2856 rationem
2020 2802 2217 2854 doctus
2254 2810 2358 2862 est,

785 2902 1010 2954 omnino
1034 2901 1198 2954 etiam
1230 2899 1305 2952 illi
1337 2899 1656 2966 conjunctas
1689 2894 2050 2964 providentia:
2081 2910 2143 2946 ac
2164 2894 2358 2963 jndieii

785 2995 1090 3063 exploratas
1135 2993 1297 3044 habet
1343 2989 1604 3042 rationes.
1637 2988 1817 3053 Quare
1845 2987 2032 3047 etiam,
2059 2986 2212 3039 velut
2261 2985 2361 3038 Pc-

785 3095 925 3145 trus,
959 3097 1174 3151 :equum
1201 3079 1470 3140 decernit,
1507 3086 1564 3130 ut
1601 3078 1704 3130 tria
1737 3074 1879 3145 apud
1915 3074 2092 3142 ipsum
2131 3073 2360 3126 tiantta-

2486 608 2545 659 τὸ
2573 608 2703 660 am.
2731 610 2821 661 τὸν
2849 612 3008 664 αὑτὸν
3036 615 3168 666 πᾶσι
3207 619 3316 678 τοίς
3344 620 3473 686 παρ’
3517 621 3666 690 αῦτῷ
3697 626 4062 692 τυγχάνουτιν

2483 699 2867 765 ἐπιφαίνεσθαι
2899 703 3102 772 Κύριον
3123 722 3135 732 ·
3168 704 3303 758 ἀλλὰ
3332 711 3445 771 τοῖς
3478 710 3579 778 μὲν
3625 713 3824 775 οὕτως,
3859 721 3973 779 τοῖς
4007 721 4058 770 £2-

2484 791 2706 860 ἑτέρως,
2735 795 2876 846 κατά
2915 799 2976 847 τι
3007 797 3206 866 μέτρον
3232 805 3331 869 τῆς
3353 804 3413 854 ἐν
3440 805 3659 874 ὲκάπῳ
3693 809 3936 871 πίστεως
3963 811 4058 878 ετ.-

2484 882 2653 935 λονὸτι
2686 885 2975 939 ποικίλλων
2999 889 3099 958 τὴν
3130 889 3383 962 θεωρίαν.

2555 973 2638 1026 ιδ’.
2682 975 2848 1027 Ὀταν
2882 980 3189 1049 περιφανὴς
3230 985 3325 1034 καὶ
3358 984 3614 1056 λαμπρὸς
3651 991 3710 1039 ἐν
3749 991 3887 1056 ἡμῖν
3911 993 3939 1042 ὁ
3965 991 4054 1042 τε]

2478 1062 2616 1116 Θεοῦ
2640 1066 2867 1134 γένηται
2900 1068 3075 1136 λόγος,
3125 1074 3220 1124 καὶ
3242 1076 3304 1126 τὸ
3325 1077 3620 1145 πρόσωπον
3655 1080 3826 1131 αὑτοῦ
3855 1081 4054 1150 liud/ﬁ

2476 1154 2732 1226 καθάπερ
2765 1160 2937 1228 ἥλιος,
2975 1162 3096 1214 τότε
3135 1165 3228 1216 καὶ
3256 1167 3323 1218 τὰ
3361 1168 3553 1236 ἱμάτια
3599 1172 3772 1224 αὑτοῦ
3805 1179 4052 1240 gain-:2

2475 1244 2673 1300 λευκά·
2705 1251 2977 1315 τουτέστι,
3012 1254 3079 1305 τὰ
3113 1257 3336 1324 ῥήματα
3366 1259 3466 1328 τῆς
3524 1263 3685 1328 ἁγίας
3735 1265 3850 1315 τῶν
3888 1267 4052 1332 E527-

2474 1340 2674 1405 γελίων
2706 1342 2930 1412 Γραφῆς
2957 1385 2972 1407 ,
3011 1348 3180 1415 τρανὰ
3208 1349 3302 1401 καὶ
3343 1351 3508 1418 σαφῆ,
3535 1353 3628 1402 καὶ
3662 1354 3835 1423 μηδὲν
3867 1356 4051 1424 ἔχοντα

2472 1432 2908 1502 κεκαλυμμένον.
2928 1437 3088 1490 Ἀλλά
3111 1439 3204 1490 καὶ
3220 1441 3461 1508 Μωῦσῆς
3483 1444 3577 1495 καὶ
3592 1443 3605 1460 ⁸
3620 1445 3796 1506 illis;
3824 1451 3942 1513 μετ’
3959 1451 4048 1500 αἰ-

2470 1518 2565 1570 τοῦ
2596 1523 3022 1589 παραγίνονται·
3056 1528 3352 1592 τουτέστιν,
3382 1532 3432 1582 οἱ
3461 1530 3555 1583 τοῦ
3597 1534 3766 1603 νόμον
3809 1540 3904 1588 καὶ
3951 1539 4050 1590 τῶν

2472 1613 2764 1682 προφητῶν
2791 1618 3205 1686 πνευματικώτε
3217 1637 3299 1689 ροι
3330 1622 3496 1690 λόγοι.

2545 1708 2624 1754 ιε’.
2672 1703 2882 1774 Ὥσπερ
2919 1706 3137 1776 ἔρχεται
3164 1709 3193 1761 ό
3223 1711 3348 1774 Υἱὸς
3378 1712 3471 1765 τοῦ
3499 1715 3820 1786 ἀνθρώπου,
3855 1721 3932 1781 ὡς
3963 1724 4047 1787 τέο

2472 1809 2738 1862 γραπται,
2771 1795 2910 1862 μετά
2950 1799 3060 1850 τῶν
3092 1800 3340 1867 ἀγγέλων
3390 1804 3557 1858 αὑτοῦ
3598 1809 3658 1859 ὲν
3701 1811 3768 1877 τῇ
3796 1810 3925 1879 6651;,
3957 1813 4043 1863 τοῦ

2469 1886 2701 1954 Πατρὸς,
2731 1887 2902 1950 οὓτως
2922 1890 3043 1943 καθ’
3068 1893 3305 1964 ἑκάστην
3330 1898 3618 1967 προκοπὴν
3651 1902 3860 1971 ἀρετῆς
3889 1921 4043 1969 μετα-

2470 1977 2776 2047 μορφοῦται
2818 1983 2931 2042 τοῖς
2973 1980 3146 2045 ἀξίοις
3173 1985 3202 2036 ὀ
3232 1984 3328 2036 τοῦ
3355 1985 3492 2038 Θεοῦ
3532 1988 3714 2056 λόγος,
3751 1994 4042 2062 ἐρχόμενος

2471 2068 2606 2136 μετᾶ
2639 2069 2747 2120 τῶν
2789 2071 3037 2138 ἀγγέλων
3081 2074 3246 2127 αὐτοῦ
3300 2078 3360 2128 ἐν
3400 2081 3467 2148 τῇ
3503 2079 3629 2150 δόξῃ
3680 2083 3776 2133 τοῦ
3814 2086 4038 2154 Πατρός.

2465 2163 2531 2213 υἱ
2564 2166 2673 2233 γὰρ
2715 2167 2773 2216 ἐν
2825 2168 2974 2236 νόμῳ
3022 2169 3116 2220 καὶ
3165 2173 3474 2241 προφήταις
3535 2175 4040 2245 πνευματικώτεροι

2464 2252 2634 2321 λόγοι.
2657 2254 2749 2318 οὓς
2777 2259 3020 2327 Μωῦσῆς
3054 2262 3149 2312 καὶ
3186 2261 3371 2324 Ἠλίας
3403 2262 3472 2316 δι’
3502 2265 3714 2317 ἑαυτῶν
3745 2268 4042 2336 προτυποῶ

2465 2360 2539 2405 σι,
2575 2349 2708 2415 μετά
2735 2347 2828 2399 τοῦ
2857 2350 3064 2420 Κυρίου
3090 2353 3430 2419 φαινόμενοι,
3460 2356 3604 2406 κατὰ
3641 2355 3741 2424 τὴν
3770 2359 4042 2425 μεταμορ-

2464 2451 2637 2502 φωσιν
2682 2437 2776 2489 τοῦ
2811 2440 3036 2506 Κυρίου,
3076 2441 3172 2510 τὴν
3211 2443 3504 2510 ἀναλογίαν
3564 2444 3803 2506 σώζουσι
3840 2447 3938 2514 τῆς
3986 2451 4042 2498 εν

2462 2530 2644 2592 αὐτοῖς
2680 2530 2870 2599 δόξης,
2904 2533 3002 2603 τὴν
3031 2535 3168 2599 τέως
3196 2540 3452 2608 χωρητὴν
3484 2542 3596 2602 τοῖς
3623 2540 3797 2605 ἀξίοις
3833 2542 4040 2594 ἀποκα-

2463 2621 2752 2685 λύπτοντες
2781 2625 3012 2694 δύναμιν
3034 2664 3046 2676 .

2536 2809 2630 2866 ις’.
2683 2804 2754 2854 Ὀ
2781 2803 2872 2856 τὸ)
2898 2807 3026 2877 περὶ
3079 2808 3303 2876 μονάδος
3339 2811 3520 2873 ποσῶς
3572 2812 3802 2881 μυηθεὶς
3863 2814 4035 2880 λόγον.

2461 2893 2676 2956 πάντως
2707 2897 2799 2948 καὶ
2826 2897 2954 2958 τοὺς
2992 2900 3118 2968 περὶ
3153 2900 3407 2968 προνοίας
3437 2903 3529 2954 καὶ
3561 2905 3796 2971 κρίσεως
3827 2907 4038 2972 ἐπέγνω

2460 2984 2674 3050 λόγους,
2711 2989 2968 3049 συνόντας
2992 2989 3161 3058 αὐτῷ.
3188 2992 3280 3041 Διὸ
3311 2995 3404 3043 καὶ
3429 2997 3574 3063 τρεῖς
3608 2996 3864 3060 γενέσθαι
3908 3015 4038 3066 σκῖ-

2459 3077 2554 3138 νάς
2603 3078 2732 3144 παρ’
2784 3079 2960 3147 ἑαυτῴ
3011 3080 3170 3151 [unus
3209 3081 3340 3152 Reg.
3392 3084 3520 3152 παρ’
3551 3085 3721 3156 αὐτῷ]
3765 3090 3906 3138 κατά
3947 3090 4039 3138 τὶν

782 3176 1100 3236 hernacula,
1133 3174 1218 3226 his
1248 3173 1340 3241 qui
1363 3179 1773 3240 apparuerunt;
1823 3178 1935 3221 tres
1961 3167 2223 3220 nimirum
2254 3165 2351 3217 ha-

2459 3167 2611 3232 ἅγιον
2637 3167 2860 3236 Πέτρον,
2894 3173 3006 3232 τοῖς
3039 3170 3282 3238 ὀραοείσι
3318 3171 3483 3225 καλὸν
3510 3171 3647 3227 εἶναι
3696 3177 3998 3245 ψηψίζεται
4021 3194 4034 3205 ·

784 3268 954 3327 bitus,
995 3265 1197 3334 quibus
1235 3264 1395 3316 saluti
1447 3277 1715 3330 propenso
1742 3259 2094 3321 consulatur,
2133 3257 2355 3310 virtutis

779 3358 990 3413 scilicet
1014 3356 1257 3410 scientia:
1294 3370 1357 3407 ac
1403 3353 1708 3420 theologize.
1754 3351 1888 3404 Nam
1924 3351 2079 3418 prior
2107 3349 2352 3417 quidem,

779 3448 1016 3504 actionis
1043 3446 1241 3499 robore
1277 3461 1338 3498 ac
1367 3444 1614 3498 castitate
1644 3451 1787 3512 eget,
1811 3443 1968 3511 cujus
1994 3442 2165 3510 lignra
2188 3441 2356 3494 exsti-

783 3538 848 3589 tit
875 3537 1067 3589 heatus
1113 3534 1278 3588 Elius.
1316 3533 1565 3601 Sequens
1596 3548 1725 3584 vero
1749 3571 1763 3595 ,
1807 3530 2074 3585 naturalis
2102 3538 2352 3582 contem-

779 3625 1036 3695 plationis
1068 3625 1301 3696 justitia,
1335 3639 1495 3693 quam
1534 3637 1762 3691 magnus
1812 3621 2023 3692 Moyses
2058 3629 2184 3691 typo
2209 3621 2342 3674 desi-

777 3717 982 3785 gnavit.
1003 3716 1222 3770 Tertius
1240 3715 1480 3778 demum,
1505 3730 1630 3767 vera
1663 3713 1970 3782 prudentiae
1988 3715 2348 3783 perfectione,

776 3823 938 3877 quam
978 3809 1242 3862 Dominus
1274 3805 1638 3876 signiﬁcabat.
1670 3805 1822 3858 Dicta
1847 3821 1976 3858 vero
2005 3815 2133 3860 sunt
2166 3806 2350 3859 taber-

776 3903 990 3964 nacula,
1023 3900 1168 3970 quod
1201 3900 1320 3954 alia:
1351 3898 1462 3952 sint
1497 3897 1582 3950 his
1625 3896 1885 3950 meliores
1924 3913 1988 3950 ac
2020 3898 2350 3952 illusu-iores

777 3991 830 4044 in
860 3991 1104 4045 futurum
1137 3989 1332 4058 dignos
1358 3996 1669 4056 exceptum
1689 3986 1848 4041 sedes

841 4259 924 4313 l7.
967 4258 1068 4323 Qui
1104 4256 1307 4311 actioni
1343 4269 1566 4324 cperant
1613 4254 1790 4322 ponit,
1839 4254 1890 4307 in
1937 4269 2100 4308 carne
2139 4255 2345 4309 advena

771 4366 928 4420 agere
950 4351 1172 4414 dicitur,
1199 4349 1291 4418 qui
1322 4347 1818 4402 scilicetvirtutum
1849 4347 2021 4408 cultu,
2063 4347 2132 4398 ab
2163 4345 2345 4398 animo

770 4441 1072 4498 abscindat.
1101 4455 1206 4508 qua
1231 4439 1297 4492 ad
1327 4453 1544 4492 carnem
1573 4437 1864 4491 alTectione
1899 4452 1963 4491 ac
1996 4435 2223 4489 libidine
2246 4434 2343 4488 du-

2456 3259 2722 3323 τουτέστι,
2758 3260 2856 3320 τὰς
2900 3264 3049 3330 τρεῖς
3097 3263 3240 3327 ἕξεις
3296 3264 3394 3331 τῆς
3439 3269 3750 3335 σωτηρίας·
3786 3270 3888 3338 τὴν
3937 3270 4037 3334 τῆς

2455 3349 2656 3418 ἀρετῆς
2701 3350 2863 3416 λέγω,
2922 3355 3016 3404 καὶ
3070 3353 3170 3422 τὴν
3215 3354 3318 3422 τῆς
3361 3355 3633 3422 γνώσεως,
3687 3358 3784 3410 καὶ
3812 3361 3912 3427 τὴν
3936 3359 4036 3425 τῆς

2454 3437 2751 3506 Θεολογίας.
2796 3442 2858 3492 'H
2895 3442 2994 3509 μὲν
3030 3443 3138 3512 γὰρ
3175 3443 3344 3497 δεῖται
3390 3446 3487 3513 τῆς
3521 3447 3661 3498 κατα
3708 3447 3916 3517 πρᾶξιν
3945 3451 4036 3501 ἀν-

2451 3530 2633 3600 δρείας
2657 3531 2752 3583 καὶ
2782 3532 3157 3602 σωφροσύνης,
3199 3529 3266 3604 ἧς
3295 3537 3324 3586 ὁ
3353 3536 3622 3604 μακάριος
3650 3537 3821 3599 τύπος
3856 3539 4033 3606 ὑπῆρ-

2453 3638 2544 3690 χεν
2585 3621 2802 3683 Ίιλίας·
2838 3622 2870 3690 ἡ
2912 3621 2990 3685 δὲ,
3027 3627 3126 3692 τῆς
3186 3625 3327 3676 κατά
3376 3626 3475 3692 τὴν
3516 3627 3752 3697 ᾳυσικὴν
3798 3628 4033 3697 θεωρίαν

2448 3710 2815 3782 δικαιοσύνης,
2853 3715 2919 3782 ἣν
2948 3714 2976 3763 ὁ
3002 3714 3177 3781 μέγας
3202 3716 3405 3785 ἐμήνυε
3435 3717 3501 3768 δι’
3536 3717 3732 3770 ἑαυτοῦ
3765 3719 4026 3786 Rimini,"

2450 3797 2482 3865 ἡ
2520 3795 2598 3856 δὲ,
2630 3797 2727 3865 τῆς
2758 3800 2899 3852 κατὰ
2920 3799 3019 3869 τὴν
3065 3803 3328 3870 φρόνησιν
3373 3804 3712 3873 ἀκραιφνοῦς
3756 3806 4030 3875 τελειότη-

2451 3904 2564 3950 τος.
2587 3887 2653 3957 ἣν
2679 3891 2707 3940 ὁ
2739 3889 2942 3959 Κύριος
2975 3891 3189 3962 ἐδήλου.
3218 3893 3422 3962 Σκηναὶ
3473 3895 3529 3947 δὲ
3572 3897 4030 3967 προσηγορεύθη-

2450 3996 2568 4040 σαν,
2604 3981 2691 4034 διὰ
2719 3982 2780 4035 τὺ
2814 3983 2981 4046 ἄλλας
3023 3981 3162 4038 εἶναι
3199 3987 3406 4040 τούτων
3437 3990 3719 4058 κρείττους
3749 3992 3848 4044 καὶ
3878 4010 4030 4061 περι-

2446 4073 2804 4144 φανεστέρας,
2835 4075 2932 4138 τὰς
2961 4078 3090 4140 τοὺς
3129 4076 3312 4143 ἀξίους
3355 4081 3498 4134 κατὰ
3543 4082 3606 4134 τὸ
3637 4084 3838 4152 μέλλον
3866 4085 4027 4138 διαδε-

2447 4162 2678 4232 ξομένας
2707 4165 2908 4234 λήξεις.

2517 4253 2603 4315 ιζ’.
2655 4253 2714 4304 ὐ
2757 4254 2856 4322 μὲν
2893 4255 3223 4325 πρακτικος,
3259 4257 3316 4309 ἐν
3363 4261 3532 4329 σαρκὶ
3584 4259 3804 4327 λέγεται
3841 4280 4023 4334 7:197:-

2446 4347 2564 4398 κεῖν
2600 4343 2675 4414 (li)
2705 4361 2719 4375 ·
2758 4345 2833 4408 ὠς
2863 4347 2962 4414 τῆς
2991 4347 3168 4417 ψυχῆς
3195 4348 3296 4418 τὴν
3331 4351 3468 4419 πρὸς
3495 4351 3594 4421 τὴν
3623 4353 3805 4418 σάρκα
3839 4357 4023 4423 σχέσιν

2442 4435 2530 4486 διὰ
2555 4435 2660 4487 τῶν
2689 4436 2899 4504 ἀρετῶν
2953 4439 3254 4508 ἐκτέμνων,
3287 4441 3380 4492 καὶ
3421 4441 3529 4494 τῶν
3572 4442 3776 4495 ὑλικῶν
3829 4447 4023 4498 ἑαυτοί

769 4535 934 4595 citur,
989 4543 1043 4586 et
1086 4551 1114 4585 a
1148 4547 1205 4584 se
1240 4531 1355 4600 ipse
1402 4540 1744 4583 terrenorum
1779 4528 2160 4597 deceptioncm
2187 4542 2340 4580 amo-

2456 4527 2827 4596 περιελόμενος
2847 4528 2948 4596 τὴν
2978 4529 3215 4597 ἀπάτην.
3271 4531 3329 4582 '0
3376 4530 3431 4583 δὲ
3461 4533 3785 4598 γνωστικὸς,
3829 4537 3931 4588 καὶ
3975 4539 4024 4588 ἐν

770 4622 950 4676 liatur.
992 4623 1095 4688 Qui
1125 4633 1308 4674 autem
1344 4619 1528 4672 studet
1557 4618 2004 4686 contemplationi
2037 4618 2342 4684 doctusque

841 4783 882 4811 ⁶⁴
906 4781 1091 4834 Matth.
1138 4795 1244 4841 xvi,
1269 4779 1355 4831 ‘27.

767 4918 1209 5000 divinumipsttm
1245 4917 1428 4970 lumen
1461 4915 1908 5000 intransitiveac
1938 4915 2118 4968 l'atris
2146 4915 2328 4985 splen-

764 4992 866 5043 dor
896 4987 1190 5048 esstitci'it,
1223 5002 1383 5055 quem
1412 5002 1601 5038 eorum
1630 4987 1774 5039 oeuli
1817 4987 2181 5049 intuerentur,
2219 5001 2326 5039 non

763 5062 915 5129 quasi
947 5058 1046 5126 ipsi
1080 5073 1108 5110 a
1137 5072 1194 5129 se
1225 5055 1807 5129 natura__sullieientes,
1849 5055 1943 5108 sed
1970 5056 2262 5110 conl'ortati
2299 5071 2327 5108 a

766 5127 876 5185 Iteo
908 5138 963 5182 et
988 5127 1205 5187 elcvati.
1235 5127 1528 5181 absurdius
1571 5134 1674 5186 est,
1723 5141 1886 5196 quam
1917 5136 1977 5180 ut
2017 5135 2172 5193 egeat
2201 5142 2330 5179 con-

766 5200 1068 5262 l'utatione;
1106 5197 1274 5250 Deum
1305 5197 1514 5250 scilicet
1539 5197 1762 5265 ejusque
1796 5196 2090 5249 essentiani
2123 5213 2185 5249 ac
2209 5197 2335 5250 Dei-

764 5272 892 5326 tatis
921 5285 1202 5328 arcanum,
1230 5267 1430 5321 nedum
1467 5267 1638 5318 videri
1662 5267 1837 5319 oculis
1887 5266 2167 5332 corporeis
2210 5281 2332 5333 pos-

763 5358 838 5403 se.
887 5339 979 5393 scd
1010 5346 1064 5390 et
1090 5337 1262 5405 reipsa
1295 5337 1468 5390 visum
1493 5353 1614 5390 esse
1646 5337 1697 5389 in
1747 5345 1928 5406 monte
1962 5336 2335 5406 'l‘ransligura-

763 5411 956 5471 tionis;
998 5407 1263 5476 quidquid
1280 5408 1412 5462 .viro
1441 5406 1604 5460 doctu
1640 5406 1693 5458 in
1731 5422 1827 5459 sua
1854 5405 2150 5460 Orientalis
2176 5405 2333 5459 Occi-

760 5480 1108 5546 dentalisque
1160 5477 1412 5532 Ecclesiae
1467 5485 1728 5546 perpetua
1750 5476 2066 5537 concordia,
2120 5491 2239 5546 eam
2278 5476 2332 5528 in

761 5566 875 5604 rem
899 5545 1228 5617 obrepserit,
1253 5545 1567 5615 tribuatque
1597 5545 1872 5617 plerisque
1898 5547 2102 5599 sanctis
2128 5545 2333 5599 Gnecis

759 5615 1100 5681 doctoribus,
1123 5617 1215 5686 qui
1260 5617 1467 5670 l'estivis
1494 5615 1771 5670 Encumiis
1796 5617 2114 5685 mysterium
2149 5623 2329 5668 trans-

762 5689 1099 5759 lignrationis
1140 5687 1342 5759 Christi
1378 5695 1732 5759 exornarunt,
1756 5687 1840 5739 vel
1867 5687 1960 5754 qui
2004 5686 2073 5759 de
2107 5686 2328 5759 illo__pe-

759 5755 1018 5815 cibarius
1095 5758 1439 5826 strictimque
1519 5757 1862 5825 scripserunt
1929 5773 1942 5808 :
2007 5755 2062 5809 in
2125 5756 2329 5825 quibus

759 5830 923 5886 etiam
946 5829 1208 5894 Maximo;
1236 5828 1378 5882 hunc
1412 5828 1586 5898 ipsum
1623 5830 1762 5880 t‘orte
1789 5827 1907 5896 ejus
1941 5826 2118 5880 locum
2154 5827 2327 5894 respi-

2450 4617 2586 4688 αὐτῇ
2621 4620 2687 4686 τῇ
2723 4619 2888 4689 ἀρετῇ
2923 4618 3140 4687 λέγεται
3188 4624 3502 4691 παροικεῖν·
3535 4623 3610 4686 ὡς
3645 4626 3702 4676 ὲν
3734 4626 4024 4698 ἐσόπτροις

2428 4916 2617 4988 ciens:
2649 4915 2700 4968 in
2735 4929 2844 4984 quo
2875 4923 3056 4988 tamen
3091 4915 3238 4988 nulla
3269 4913 3688 4988 alia_dil‘licu_ltas
3714 4925 3825 4980 est,
3854 4935 4011 4988 quam

2429 5002 2550 5052 qua:
2576 4985 2817 5052 ipsorum
2859 4985 3152 5038 verborum
3188 4985 3398 5039 Domini
3423 4994 3527 5040 est.
3559 4985 3716 5040 luan.
3750 4985 3887 5052 xvii,
3939 4991 3969 5042 5
3997 5010 4007 5039 :

2474 5003 2590 5040 utet
2633 5002 2817 5040 sorum
2859 5002 3152 5038 vervorum
3188 5002 3398 5039 Donum
3423 5002 3527 5040 esu
3559 5002 3716 5040 Juan.
3750 5003 3883 5052 xvit,
3939 5002 3969 5042 5
3997 5010 4006 5039 :

2474 5002 2682 5124 lari/an
2716 5071 2816 5118 me,
2850 5063 2906 5106 tu
2942 5054 3119 5116 Pater,
3156 5060 3297 5124 apud
3348 5057 3699 5124 temetipsum,
3762 5056 4006 5112 claritate

2430 5143 2591 5196 quam
2629 5125 2828 5196 habui,
2859 5125 3006 5194 prius
3044 5141 3202 5194 quant
3253 5126 3476 5178 mundus
3536 5135 3688 5196 esset,
3735 5129 3889 5194 apud
3931 5140 4007 5188 te;

2429 5194 2763 5266 exponitque
2805 5195 3060 5264 August.,
3101 5202 3266 5266 tract.
3327 5196 3426 5249 l05
3465 5196 3519 5248 in
3563 5194 3722 5266 Joan.
3762 5197 4004 5251 divinam

2431 5264 2551 5320 eain
2591 5266 2918 5324 claritatem.
2979 5264 3227 5333 gloriam'
3258 5265 3616 5319 humanitatis
3669 5281 4000 5334 exponens;

2429 5352 2592 5405 quam
2619 5335 2697 5389 sic
2728 5335 2920 5388 habuit
2945 5346 3236 5403 antequam
3279 5335 3520 5405 mundus
3547 5344 3696 5388 esset
3747 5344 3804 5388 et
3857 5338 3997 5405 apud

2428 5404 2664 5464 Patrem.
2692 5405 2878 5458 divina
2921 5405 3130 5458 scilicet
3166 5404 3664 5473 praadestinatione,
3696 5421 3808 5458 non
3832 5404 3998 5474 quod

2429 5476 2518 5529 illa
2580 5477 2756 5544 reipsa
2791 5484 2846 5529 et
2878 5475 2930 5527 in
2970 5475 3356 5528 seexsisteret.
3397 5475 3520 5528 Fuit
3575 5475 3762 5543 itaque
3810 5473 3997 5528 divina

2425 5546 2670 5608 claritas,
2703 5545 2938 5614 gloriosa
2973 5544 3186 5613 species
3238 5559 3305 5597 ex
3339 5544 3546 5598 Christi
3585 5547 3788 5607 anima,
3841 5544 3999 5597 beata

2426 5615 2652 5668 Deitatis
2676 5615 2977 5676 consortio,
3023 5615 3074 5667 in
3104 5629 3307 5682 corpus
3352 5629 3637 5675 emanans,
3675 5623 3733 5667 et
3776 5615 3997 5683 qualern

2424 5685 2655 5739 decebat
2682 5684 2926 5736 divinum
2962 5699 3163 5752 corpus
3192 5699 3256 5737 ac
3284 5685 3394 5737 Deo
3427 5684 3670 5746 unitum;
3703 5699 3873 5753 quam
3915 5683 3997 5752 ip-

2425 5771 2537 5809 sam
2575 5756 2860 5816 miraculo,
2894 5764 2953 5807 ut
2980 5763 3123 5808 esset
3155 5754 3436 5820 passibile,
3486 5769 3584 5824 per
3611 5754 3887 5823 reliquam
3917 5754 3995 5807 vi-

2425 5834 2534 5879 tam
2569 5825 2948 5894 suspenderat.
