4192 6436
237 394 372 459 1133

1021 392 1367 455 CAPITUM
1405 393 1671 453 TIIEOL.
1716 394 1809 451 ET
1845 390 2078 451 (ECON.
2120 392 2497 452 CENTURIA
2544 393 2623 451 ΙῙ.

3329 395 3461 457 llfll

236 507 319 558 ἔτι
369 508 464 558 καὶ
508 507 786 575 αἰνίγμασι
817 506 1041 576 θεωρῶν
1070 506 1167 575 τὴν
1195 506 1471 573 ἀλήθειαν.
1500 503 1665 557 Οὔπω
1693 502 1801 571 γὰρ
1828 509 1872 563 Α
1903 503 2123 570 spiritali

1903 503 2165 570 spiritalis
2199 511 2303 566 est,
2329 504 2495 557 etiam
2532 504 2587 555 in
2620 503 2822 557 virtute
2855 504 3060 558 alvena
3086 521 3204 560 esse
3228 507 3459 568 dicitur;

237 596 386 665 αὑτῷ
416 597 482 647 τά
508 596 611 647 τῶν
635 596 853 663 ἀγαθῶν
894 596 1283 649 αὺθυπόστατα
1304 594 1418 664 εἴδη
1449 593 1626 654 καθώς
1663 594 1797 643 εἰσιν

232 686 593 755 ἑθεάσθησαν,
624 687 710 738 διὰ
738 687 835 754 τῆς
870 686 1161 755 πρόςωπον
1188 686 1320 757 πρὸς
1354 684 1641 753 πρόσωπον
1663 682 1799 733 ἀπο-

236 774 593 835 λαύσεως.Ἐν
616 776 779 826 εἰκόνι
810 776 915 843 γὰρ
940 774 1043 824 τῶν
1072 772 1308 840 ἀγαθῶν,
1330 774 1402 833 ὡς
1426 772 1558 840 πρὸς
1580 769 1640 822 τὸ
1670 769 1798 837 μέλ-

234 870 348 928 λον,
381 868 484 926 πᾶς
526 866 677 931 ἅγιος
722 865 1118 934 διαπορεύεται,
1170 864 1333 933 βοῶν·
1371 862 1657 930 11detde
1686 863 1798 927 ειμι

234 958 333 1008 καὶ
376 954 783 1023 πορεπὶδημος
817 956 1005 1019 καθὼς
1028 955 1249 1017 πάντες
1296 956 1348 1006 οἰ
1383 953 1625 1018 πατέρες
1656 968 1797 1018 μου.

1897 600 1957 644 ut
1979 591 2072 659 qui
2104 592 2370 645 hactenus
2399 593 2683 646 veritatem
2728 594 2780 645 iu
2825 597 3063 663 speculis
3095 606 3151 649 ct
3180 599 3461 666 :enigmate

1896 681 2229 749 speculetur.
2265 682 2375 736 Nec
2408 683 2536 735 dum
2586 683 2731 736 enim
2761 700 2823 737 ea
2846 686 3191 753 jucunditate
3231 704 3351 755 qua:
3380 701 3461 743 est

1896 768 2035 821 facie
2083 770 2149 822 ad
2193 770 2412 835 faciem,
2466 772 2595 840 ipsa:
2636 772 2907 827 bonorum
2959 790 3087 828 vere
3139 778 3461 833 cxsistentcs

1897 858 2107 924 forma,
2142 862 2331 929 quales
2357 871 2500 924 sunt,
2536 863 2613 915 illi
2658 874 2971 931 patuerunt.
3012 865 3269 937 Quisquis
3317 870 3461 924 enim

1899 951 2205 1006 sanctitatis
2246 954 2411 1006 radiis
2443 953 2631 1022 fulget,
2658 957 2699 1009 si
2736 972 2857 1009 eum
2894 972 2959 1010 eo
2985 974 3288 1027 compares,
3318 962 3461 1027 quod

234 1045 485 1097 futurum
512 1054 879 1112 exspectatur,
910 1047 962 1099 in
994 1046 1260 1100 bonorum
1292 1045 1523 1115 imagine
1543 1044 1805 1104 ambulat,
1848 1042 2090 1097 clamans
2118 1061 2128 1094 :
2161 1044 2373 1097 Advcua
2403 1062 2496 1114 ego
2531 1062 2646 1098 sum
2716 1056 2764 1099 ct
2805 1051 3144 1118 peregrinus,
3183 1053 3315 1103 sicut
3355 1068 3464 1104 om-

235 1150 330 1185 nes
357 1142 531 1202 patres
568 1136 669 1185 mei
686 1134 749 1185 ".

312 1234 400 1296 ιη’.
442 1229 543 1280 Τὸν
600 1229 891 1296 εὐχόμενον
946 1231 1003 1281 οὑ
1049 1232 1129 1282 δεῖ
1175 1230 1363 1299 στῆναί
1397 1246 1524 1281 ποτε
1558 1230 1655 1296 τῆς
1704 1227 1795 1278 ἐπὶ

234 1316 369 1368 Θεὸν
408 1320 645 1387 ἀγούσης
688 1320 896 1387 ὑψηλῆς
943 1320 1277 1382 ἀναϐάσεως.
1319 1321 1404 1381 Ὠς
1440 1319 1547 1388 γάρ
1598 1317 1800 1369 ἀναϐά-

242 1424 361 1469 σεις
397 1409 501 1477 χρὴ
541 1408 774 1461 νοεῖσθαι
806 1409 926 1479 [duo
960 1410 1125 1479 Regii,
1166 1408 1465 1468 ποιεῖσθαι,
1496 1418 1551 1461 ut
1584 1418 1630 1459 et
1659 1406 1797 1476 Fr.],

235 1499 383 1550 κατὰ
417 1500 513 1568 τὴν
553 1503 615 1551 ἐκ
648 1501 924 1568 δυνάμεως
949 1503 1026 1562 είς
1049 1501 1293 1569 δύναμιν,
1327 1503 1423 1570 τὴν
1454 1502 1509 1551 ἐν
1550 1502 1611 1567 τῇ
1653 1516 1795 1567 πρα-

238 1594 401 1660 κτικῇ
440 1590 548 1642 τῶν
588 1592 796 1660 ἀρετῶν
820 1593 1129 1661 προκοπήν·
1161 1593 1251 1643 καὶ
1276 1593 1374 1660 τὴν
1399 1590 1506 1643 ἀπὸ
1539 1591 1692 1659 δόξης
1721 1591 1799 1651 εἰς

236 1681 419 1748 δόξαν,
456 1683 562 1736 τῶν
598 1684 981 1753 πνευματικῶν
1018 1687 1113 1751 τῆς
1148 1685 1380 1754 Θεωρίας
1420 1682 1671 1751 γνώσεων
1704 1684 1801 1732 ἐπ-

242 1773 510 1825 ανάὅασιν
531 1790 543 1802 ·
572 1776 665 1827 καὶ
686 1774 789 1844 τὴν
806 1776 911 1826 ἀπὸ
932 1774 1024 1827 τοῦ
1045 1774 1207 1844 ῥητοῦ
1237 1774 1334 1842 τῆς
1357 1773 1513 1839 ἁγίας
1538 1774 1631 1825 καὶ
1655 1772 1802 1833 θείας
1837 1758 1873 1809 n

238 1860 483 1929 Γραφῆς,
515 1864 606 1913 ἐπὶ
629 1863 687 1914 τὸ
719 1863 936 1931 πνεῦμα
986 1862 1284 1932 μετάϐασιν
1305 1879 1318 1893 ·
1352 1861 1493 1914 οὓτω
1519 1862 1614 1914 καὶ
1643 1862 1701 1913 ὲν
1728 1860 1801 1930 τῷ

242 1952 372 2021 περὶ
403 1951 575 2021 εὐχῶν
594 1952 741 2024 τόπῳ
770 1953 1051 2023 γινόμενον
1090 1952 1194 2023 γρὴ
1219 1954 1419 2004 ποιεῖν’
1447 1952 1694 2021 ἐπαίρειν
1714 1952 1803 2003 τὸν

240 2043 369 2095 νοῦν
396 2045 503 2095 ἀπὸ
525 2044 632 2095 τῶν
670 2046 1027 2115 ἀνθρωπίνων
1050 2063 1062 2078 υ
1092 2046 1185 2098 καί
1211 2046 1272 2097 τὸ
1300 2044 1553 2115 φρόνημα
1578 2045 1675 2113 τῆς
1701 2043 1804 2112 ψυ-

242 2136 361 2203 χῆς.
392 2136 482 2186 ἐπὶ
510 2135 577 2187 τὰ
606 2136 881 2207 θειότερα·
920 2138 1005 2190 ἴνα
1034 2140 1128 2189 καὶ
1157 2136 1357 2205 δυνηθῇ
1382 2139 1408 2188 6
1436 2134 1560 2198 νοῦς
1590 2135 1805 2187 ἀκολου-

241 2226 405 2295 Θῆσαι
430 2227 508 2296 τῷ
535 2228 867 2297 διεληλυθότι
901 2230 1024 2290 τοὺς
1049 2228 1331 2297 οὐρανοὺς,
1370 2226 1542 2296 Ἰησοῦ
1583 2226 1660 2294 τῷ
1691 2224 1805 2293 Υἱῷ

243 2316 340 2368 τοῦ
370 2316 527 2380 Θεοῦ,
560 2318 836 2387 πανταχοῦ
877 2318 1011 2381 ὄντι,
1048 2319 1143 2371 καὶ
1168 2318 1343 2371 πάντα
1382 2316 1715 2386 διερχομένῳ
1738 2316 1803 2367 δι’

243 2408 393 2475 ἡμᾶς
421 2409 795 2478 οἰκονομικῶς,
830 2410 917 2461 ἵνα
944 2411 1037 2461 καὶ
1066 2410 1223 2478 ἡμεῖς
1250 2406 1662 2468 ἀκολουθοῦντες
1712 2405 1806 2456 αὺ-

241 2498 341 2567 τῷ,
372 2501 547 2552 πάντα
587 2500 883 2570 διέλθωμεν
910 2501 978 2552 τὰ
1028 2502 1144 2570 μετ’
1176 2499 1335 2552 αὐτόν
1355 2516 1367 2527 ·
1401 2498 1496 2551 καὶ
1521 2495 1804 2565 γενώμεθα

244 2590 383 2659 πρὸς
417 2592 595 2655 αὑτὸν,
629 2593 721 2644 ὲάν
748 2609 811 2659 γε
843 2592 1049 2661 νοῶμεν
1080 2591 1263 2653 αὐτὸν,
1294 2590 1355 2642 οὐ
1391 2590 1532 2643 κατὰ
1555 2588 1651 2658 τὴν
1685 2604 1807 2657 σμι·

243 2680 485 2750 κρότητα
503 2682 602 2750 τῆς
629 2684 975 2752 οἰκονομικῆς
1004 2682 1480 2751 συγκαταϐἀσεως,
1514 2681 1648 2734 ἀλλά
1666 2681 1808 2733 κατά

243 2772 342 2842 τὴν
372 2773 768 2843 μεγαλειότητα
796 2773 893 2842 τῆς
923 2775 1157 2844 φυσικῆς
1185 2773 1487 2843 ἀοριστίας.

320 2950 402 3002 ιϐ’.
436 2950 612 3003 Καλὸν
654 2951 740 3003 ἀεὶ
788 2951 1068 3020 σχολάζειν
1095 2951 1188 3003 καὶ
1217 2950 1398 3019 ζητεῖν
1425 2949 1515 3002 τὸν
1548 2948 1699 3011 Θεὸν,
1730 2948 1806 3010 ὡς

245 3042 682 3111 προσετάγημεν.
737 3043 854 3095 Κάν
886 3043 993 3112 γὰρ
1027 3044 1168 3095 κατά
1212 3042 1310 3111 τὴν
1348 3040 1628 3109 παροῦσαν
1834 3081 1875 3136 c

245 3131 532 3199 ζητοῦντες
562 3133 651 3184 ἐπὶ
678 3132 736 3185 τδ
770 3134 943 3203 πέρας
977 3133 1148 3186 ἐλθεῖν
1182 3133 1272 3186 τοῦ
1318 3133 1515 3202 βάθους
1539 3133 1631 3185 τοῦ
1671 3132 1805 3185 Θεοῦ

243 3219 307 3272 οὐ
340 3219 644 3289 δυνάμεθα·
701 3222 815 3274 ἀλλ’
852 3224 979 3284 ἴσως
1009 3222 1102 3276 καὶ
1156 3223 1242 3275 ἐπ’
1272 3222 1450 3289 ὀλίγον
1486 3222 1579 3273 τοῦ
1615 3222 1809 3291 βάθους

244 3309 411 3362 αὑτοῦ
462 3309 772 3378 φθάνοντες,
807 3311 1116 3382 θεωροῦμεν
1168 3312 1336 3379 ἁγίων
1372 3312 1665 3382 ἁγιώτερα,
1718 3313 1810 3365 καὶ

246 3400 627 3468 πνευματικῶν
662 3403 1163 3475 πνευματικώτερα.
1224 3404 1331 3456 Καὶ
1362 3402 1511 3473 δηλοῖ
1562 3403 1808 3466 τυπικῶς

248 3492 278 3541 6
306 3492 610 3561 ἀρχιερεὺς,
638 3494 745 3545 ἀπὸ
772 3494 877 3547 τῶν
908 3496 1077 3562 ἁγίων
1103 3494 1211 3547 τῶν
1238 3496 1335 3563 τῆς
1372 3493 1541 3561 αὐλῆς
1585 3494 1809 3561 ἀγιωτέ-

249 3596 380 3650 ρων,
413 3582 506 3633 ἐπὶ
534 3582 601 3635 τὰ
628 3582 757 3651 ἅγια
783 3583 890 3637 τῶν
935 3584 1148 3652 Ἁγίων,
1194 3584 1469 3655 ἀγιώτερα
1498 3583 1604 3637 τῶν
1640 3585 1808 3652 ἁγίων

248 3686 453 3724 εισιων.

318 3852 383 3899 κ’.
422 3848 531 3909 Πᾶς
562 3850 655 3902 τοῦ
690 3848 822 3903 Θεοῦ
855 3852 1029 3919 λόγος,
1063 3852 1184 3906 οὔτε
1219 3854 1531 3923 πολύλογος,
1560 3855 1681 3909 οὔτε
1713 3876 1809 3910 πο-

245 3937 466 4007 λυλογία
498 3940 645 3993 ἐστίν
671 3958 685 3972 ο
738 3942 851 3995 ἀλλ’
886 3940 989 4006 εἷς,
1021 3946 1286 4008 συνεστὼς
1320 3946 1489 4017 [Regii
1514 3948 1729 4017 quidam
1759 3960 1807 4002 et

244 4028 337 4083 Fr.
387 4030 623 4102 συνετὸς]
664 4034 727 4084 ὲκ
765 4032 1033 4103 διαφόρων
1092 4034 1496 4106 θεωρημάτων’
1556 4032 1630 4091 ὧν
1679 4040 1809 4092 ἔκα-

247 4139 371 4174 στον
420 4124 582 4195 μέρος
638 4127 753 4178 ἐστί
797 4128 891 4179 τοῦ
950 4128 1128 4195 λόγου.
1159 4130 1319 4182 ’Ὥστε
1373 4133 1401 4183 6
1453 4132 1622 4200 λέγων
1668 4135 1807 4207 ὑπὲρ

245 4207 523 4278 ἀληθείας,
556 4209 659 4262 κᾶν
711 4211 883 4277 οὕτως
920 4215 1095 4268 εἰπεῖν
1148 4217 1353 4289 δυνηθῇ
1403 4220 1477 4283 ὡς
1534 4223 1699 4291 μηδὲν
1730 4228 1809 4288 εἰς

246 4299 311 4350 τὸ
342 4299 669 4370 ζητούμενον
720 4306 1066 4375 παραλιπεῖν,
1113 4306 1207 4359 ἕνα
1261 4308 1418 4377 λόγον
1466 4310 1654 4381 εἴρηκε
1711 4313 1807 4366 τοῦ

244 4389 403 4441 Θεοῦ.

317 4486 424 4534 κα’.
474 4482 561 4533 Ἐν
597 4482 693 4551 μὲν
722 4482 799 4551 τῷ
830 4485 1069 4554 Χριστῷ,
1114 4486 1232 4556 Θεῷ
1266 4489 1377 4541 ὄντι
1408 4492 1502 4543 καὶ
1528 4492 1685 4564 Λόγῳ
1711 4494 1806 4547 τοῦ

245 4571 477 4640 Πατρὸς,
525 4571 644 4623 ὅλον
700 4574 818 4624 κατ’
874 4575 1063 4627 οὐσίαν
1095 4578 1235 4629 οἰκεῖ
1280 4579 1339 4630 τὸ
1387 4582 1659 4652 πλήρωμα
1709 4587 1806 4655 τῆς

244 4662 495 4729 θεότητος
528 4664 853 4731 σωματικῶς
874 4680 886 4694 °
937 4668 993 4718 ἐν
1027 4670 1158 4736 ἡμῖν
1186 4669 1240 4721 δὲ
1274 4672 1415 4723 κατὰ
1458 4676 1618 4741 χάριν
1668 4678 1807 4728 οἰκεῖ

241 4750 304 4803 τὸ
338 4751 610 4822 πλήρωμα
644 4754 743 4823 τῆς
774 4756 1044 4825 θεότητος,
1094 4759 1256 4827 ἡνίκα
1289 4764 1469 4814 πᾶσαν
1500 4765 1556 4816 ἐν
1592 4766 1803 4830 ἑαυτοῖς

242 4844 585 4913 ἀθροίσωμεν
612 4847 709 4915 ἀρε
723 4846 815 4914 τὴν
841 4850 931 4900 καὶ
960 4851 1153 4917 σοφίαν
1176 4892 1189 4914 ,
1228 4855 1419 4924 μηδενὶ
1446 4857 1630 4927 τρόπῳ
1664 4860 1804 4912 κατά

243 4935 306 4987 τὸ
330 4935 552 4988 δυνατὸν
583 4936 854 5007 ἀνθρώπῳ
888 4938 1215 5011 λειπομένην
1248 4946 1345 5013 τῆς
1380 4948 1514 5013 πρὸς
1549 4949 1608 4999 τὸ
1638 4949 1803 5019 ἀρχέ-

240 5042 415 5077 ιτυπον
445 5026 675 5095 ἀληθοῦς
708 5029 1084 5099 ἐκμιμήσεως.
1144 5034 1219 5085 Οὐ
1269 5035 1375 5105 γὰρ
1411 5039 1635 5100 ἀπειλὰς
1666 5042 1804 5094 κατὰ

246 5117 334 5168 τὸν
375 5115 521 5168 θέσει
552 5117 730 5185 λόγον,
765 5122 857 5172 καὶ
905 5122 961 5173 ὲν
991 5124 1122 5192 ἡμῖν
1156 5126 1376 5193 οἰκῆσαι
1420 5129 1480 5179 τὸ
1531 5130 1804 5200 πλήρωμα

244 5208 339 5275 τῆς
364 5206 637 5277 θεότητος,
666 5209 725 5262 τὸ
752 5212 813 5263 ὲκ
841 5212 1112 5284 διαφόρων
1146 5221 1475 5289 συνεστηκὸς
1507 5238 1806 5292 πνευματι-

245 5299 356 5352 κῶν
390 5299 785 5371 θεωρημάτων.

310 5558 419 5629 κβ’.
448 5560 655 5633 Ὠσπερ
684 5566 712 5617 6
751 5565 878 5635 παρ’
914 5568 1042 5636 ἡμῖν
1073 5567 1247 5636 λόγος,
1296 5574 1358 5623 ἐκ
1401 5573 1493 5626 τοῦ
1533 5576 1625 5628 νοῦ
1664 5577 1805 5630 κατὰ

310 5678 355 5710 ⁶⁹
384 5678 522 5759 ἕξεσι.
544 5699 759 5759 xxxvi",
782 5688 893 5759 4137.
932 5757 941 5759 _
968 5688 1013 5717 ⁷⁰
1047 5688 1186 5745 Psal.
1218 5707 1439 5759 uxxm,
1476 5697 1526 5750 8.
1606 5698 1647 5728 7'
1676 5698 1717 5752 ll
1746 5698 1869 5754 Cor.

244 5763 363 5815 κεν,
393 5751 447 5805 ll
473 5768 486 5816 ;
514 5768 616 5819 ειν,
650 5756 701 5807 4.
780 5756 821 5787 ⁷⁵
850 5757 1057 5811 Coloss.
1086 5776 1142 5824 ιι,
1175 5760 1227 5813 9.

1977 1223 2061 1276 18.
2092 1224 2153 1277 Εἰ
2181 1224 2273 1292 qui
2309 1225 2565 1293 precibus
2593 1225 2880 1289 incumbit,
2910 1244 3186 1297 nunquam
3212 1233 3461 1286 commit-

1905 1316 2128 1370 tendum
2158 1327 2216 1370 ut
2244 1334 2272 1371 a
2308 1320 2526 1372 sublimi
2560 1336 2792 1375 ascensu
2819 1324 3151 1391 provehente
3194 1324 3260 1377 ad
3292 1327 3461 1380 Deum

1904 1417 2099 1463 cesset.
2141 1410 2301 1463 Velut
2334 1412 2479 1464 enim
2520 1427 2779 1465 ascensus
2829 1414 3195 1484 intelligamus
3240 1433 3463 1471 necesse

1904 1508 2005 1564 est,
2040 1500 2133 1568 qui
2160 1509 2244 1554 est
2282 1502 2347 1554 de
2378 1502 2579 1555 virtute
2606 1504 2660 1554 in
2691 1503 2945 1557 virtutem
2989 1506 3214 1560 colenda
3249 1509 3463 1562 actione

1904 1589 2167 1643 virtutum
2198 1591 2558 1660 profectus”,
2586 1593 3018 1664 spiritaliumque
3052 1601 3466 1667 contemplatio-

1907 1679 1992 1733 nis
2021 1681 2336 1735 notitiarum
2373 1698 2403 1735 a
2425 1682 2670 1736 claritate
2690 1682 2742 1735 in
2776 1684 3078 1739 claritatem
3110 1684 3461 1754 excessus“;

1904 1775 2066 1837 atque
2092 1786 2123 1824 a
2150 1786 2318 1825 sacra:
2349 1771 2653 1841 Civiumque
2685 1775 2980 1842 Scripturzn
3003 1777 3205 1840 littera,
3246 1780 3313 1831 ad
3349 1780 3464 1848 spi-

1904 1860 2067 1912 ritum
2096 1861 2357 1915 transitus
2387 1880 2398 1914 :
2426 1863 2503 1916 sic
2532 1879 2751 1933 quoque
2779 1882 2837 1919 se
2873 1876 3027 1935 gerat
3050 1877 3269 1936 oportet
3292 1873 3384 1939 qui
3410 1873 3463 1924 in

1902 1952 2166 2005 orationis
2211 1952 2333 2007 loco
2374 1953 2707 2007 constitutus
2750 1964 2852 2018 est,
2895 1966 3131 2011 mentem
3163 1960 3466 2013 scilicetab

1903 2040 2178 2105 humanis,
2215 2044 2495 2112 animique
2537 2059 2757 2098 sensum
2800 2046 2867 2098 ad
2920 2046 3191 2102 diviniora
3230 2052 3464 2114 attollat,

1903 2146 2012 2199 quo
2044 2148 2239 2201 nempe
2270 2133 2433 2187 etiam
2462 2133 2649 2188 Jesum
2690 2136 2887 2189 Filium
2928 2138 3045 2202 Dei,
3070 2140 3161 2207 qui
3186 2142 3353 2193 ecelos
3376 2157 3469 2209 pc-

1904 2222 2230 2285 netravit",
2260 2223 2414 2292 sequi
2448 2224 2660 2289 valeat;
2702 2226 2793 2293 qui
2826 2226 3084 2280 nimirum
3116 2228 3230 2297 ipse
3265 2231 3466 2299 ubique

1905 2311 2195 2377 exsistens,
2240 2314 2423 2367 omnia
2456 2324 2679 2383 propter
2719 2332 2819 2369 nos
2850 2319 3150 2373 secundum
3179 2320 3468 2389 dispensa-

1907 2401 2111 2456 tionem
2143 2403 2403 2471 (hominis
2436 2404 2828 2475 4895cilicet
2878 2409 3123 2469 ratione)
3174 2420 3461 2478 pertrans-

1905 2502 2023 2556 eat;
2063 2502 2200 2548 utet
2226 2510 2326 2548 nos
2351 2496 2527 2564 ipsum
2551 2498 2853 2565 sequendo,
2900 2515 3023 2569 qua:
3052 2502 3120 2555 ab
3138 2518 3203 2557 eo
3227 2505 3469 2558 secunda

1906 2592 2055 2645 sunt,
2117 2584 2297 2637 omnia
2349 2592 2715 2649 transeuntes,
2766 2589 2833 2641 ad
2884 2605 3010 2642 eum
3059 2591 3386 2658 evadamus;
3424 2594 3469 2647 si

1908 2671 2070 2724 modo
2111 2688 2220 2726 non
2267 2688 2332 2726 ex
2362 2674 2562 2738 carnis,
2612 2692 2719 2745 qua
2770 2692 2827 2731 se
2868 2678 3030 2732 nobis
3064 2679 3470 2749 dispensatione

1908 2760 2127 2814 demisit
2166 2778 2229 2817 ac
2264 2763 2545 2819 inclinavit
2580 2767 2846 2834 parvitate
2869 2808 2883 2831 ,
2936 2769 3030 2823 sed
3070 2786 3137 2824 ex
3170 2773 3472 2836 maiestatis

1908 2852 2142 2905 naturali
2175 2853 2540 2909 immensitate
2568 2872 2693 2911 eum
2719 2859 3152 2916 intellexerimus
3173 2863 3237 2916 ⁷³.

1982 2942 2068 2996 l9.
2106 2944 2353 3008 Prmstat,
2383 2962 2482 3015 pro
2504 2963 2568 3001 eo
2593 2964 2655 3002 ac
2693 2949 2852 3003 nobis
2886 2961 3217 3020 praeceptum
3242 2963 3346 3020 est,
3375 2971 3473 3009 va-

1910 3046 2034 3086 care
2069 3048 2286 3103 semper
2314 3036 2595 3105 Deumque
2618 3040 2939 3106 quzercre“.
2972 3040 3293 3113 Quanquam
3325 3046 3471 3101 enim

1910 3122 2039 3176 dum
2070 3124 2285 3177 mortali
2327 3124 2427 3179 hac
2478 3126 2590 3180 vita
2628 3128 2955 3196 qumrimus,
2999 3132 3199 3187 divina:
3232 3135 3475 3190 altitudi-

1910 3212 1996 3265 nis
2050 3212 2211 3267 ﬁnem
2249 3215 2464 3283 assequi
2498 3232 2607 3269 non
2652 3232 2970 3285 possumus;
3015 3221 3240 3277 forsitan
3292 3234 3474 3281 tamen

1911 3302 2185 3357 modicum
2240 3306 2431 3359 saltem
2480 3308 2855 3377 tantispcrque
2906 3325 3025 3364 eam
3072 3323 3470 3383 asscquentcs,

1911 3394 2115 3447 sanctis
2136 3396 2432 3462 sanctiora,
2458 3406 2515 3451 et
2538 3399 2876 3465 spiritalibus
2901 3402 3234 3471 spiritaliora
3251 3415 3474 3463 contue-

1911 3484 2111 3538 himur.
2152 3486 2319 3556 quue
2364 3504 2462 3557 per
2493 3488 2720 3559 figuram
2752 3491 3000 3549 declarat
3022 3510 3267 3552 summus
3291 3515 3473 3554 sacer-

1911 3575 2031 3640 dos,
2059 3591 2182 3630 cum
2215 3593 2247 3630 a
2295 3579 2519 3641 sanctis,
2554 3596 2675 3650 quae
2718 3591 2847 3636 sunt
2889 3586 3032 3638 atrio
3078 3588 3372 3655 sanctiora,
3405 3591 3473 3645 ad

1912 3666 2109 3721 Sancta
2142 3677 2483 3735 sanctorum,
2530 3688 2652 3741 qua:
2692 3681 2822 3726 sunt
2851 3677 3056 3729 sanctis
3088 3682 3360 3735 sanctiora
3390 3682 3476 3735 in-

1910 3758 2175 3827 greditur.

1979 3847 2066 3901 20.
2104 3848 2293 3906 Omnis
2327 3852 2422 3907 Dei
2470 3869 2673 3920 sermo,
2722 3871 2824 3911 nec
2862 3859 3209 3930 multiloquio
3237 3874 3473 3929 constat,

1910 3953 2012 3992 nec
2044 3941 2452 4011 multiloquium
2493 3960 2590 4000 seu
2626 3948 2917 4015 garrulitas
2946 3958 3063 4015 est;
3097 3953 3190 4006 sed
3223 3958 3364 4009 unus
3408 3972 3475 4012 ex

1909 4028 2141 4084 diversis
2162 4031 2516 4089 theorematis
2538 4051 2600 4089 ac
2626 4036 3162 4095 eonsiderationibus
3190 4053 3473 4112 constans;

1909 4139 2140 4193 quorum
2184 4124 2485 4193 quodlibet,
2540 4142 2667 4195 pars
2715 4131 2986 4185 sermonis
3015 4142 3116 4187 est.
3158 4133 3258 4199 Qui
3294 4136 3477 4207 itaque

1910 4231 2071 4269 causa
2093 4216 2337 4271 veritatis
2360 4225 2501 4281 orat,
2522 4219 2605 4271 vel
2640 4218 2683 4272 si
2708 4220 2781 4274 ita
2803 4236 3057 4289 perorare
3080 4239 3205 4278 eum
3236 4228 3479 4299 contige-

1910 4308 2002 4371 rit,
2038 4318 2099 4362 ut
2139 4308 2277 4361 nihil
2309 4308 2455 4377 quod
2491 4318 2701 4377 spectet
2728 4311 2793 4363 ad
2819 4314 3179 4380 qumstiouem
3221 4316 3297 4370 illi
3330 4318 3476 4373 desi-

1840 4408 1881 4461 ι)
1911 4397 2156 4459 deretur,
2190 4414 2360 4451 unum
2394 4399 2489 4452 Dei
2525 4415 2834 4455 sermonem
2865 4402 3024 4456 dixit.

1979 4487 2067 4540 21.
2128 4487 2271 4541 Sane
2310 4488 2362 4540 in
2405 4486 2661 4553 Christo,
2716 4490 2810 4558 qui
2863 4491 3007 4545 Deus
3061 4493 3133 4546 sit
3181 4509 3244 4548 ac
3299 4496 3474 4551 Patris

1913 4577 2123 4642 Sermo,
2159 4586 2269 4633 tota
2293 4578 2593 4632 secundum
2628 4581 2918 4635 essentiam
2955 4582 3163 4638 habitat
3191 4586 3476 4654 plenitudo

1911 4667 2219 4721 divinitatis
2256 4669 2618 4737 corporaliter
2642 4670 2726 4722 7':
2763 4670 2819 4723 in
2866 4671 3027 4726 nobis
3068 4690 3197 4728 vere
3232 4692 3329 4743 per
3359 4694 3478 4746 gra-

1912 4758 2041 4811 tiam
2072 4757 2285 4812 habitat
2334 4759 2619 4827 plenitudo
2650 4759 2987 4823 divinitatis;
3024 4771 3153 4817 tuuc
3193 4766 3475 4833 nimirum,

1910 4864 2031 4902 cum
2055 4849 2109 4901 in
2137 4849 2296 4903 nobis
2319 4865 2538 4903 omnem
2583 4851 2803 4905 cumulo
2847 4852 3104 4907 virtutem
3128 4857 3479 4924 sapientiam-

1902 4956 2007 5008 que
2035 4942 2494 5001 acervaverimus,
2531 4957 2636 5010 qua
2675 4941 2812 4996 nihil
2844 4944 3006 5009 desit,
3039 4948 3221 5014 quoad
3268 4949 3475 5006 homini
3540 4948 3549 5000 ἐ

1903 5046 2221 5086 concessum
2250 5040 2353 5097 est,
2378 5050 2487 5102 quo
2516 5050 2699 5087 veram
2733 5035 3037 5105 principem
3079 5037 3306 5093 formam
3350 5042 3477 5096 imi-

1905 5132 2103 5175 temur.
2153 5124 2264 5177 Nec
2311 5125 2457 5178 enim
2508 5125 2803 5195 quidquam
2869 5128 3129 5182 abhorret
3184 5133 3477 5199 quominus

1904 5212 2143 5281 gratuito
2168 5213 2262 5267 Dei
2318 5230 2543 5269 munere
2592 5217 2822 5285 ejusque
2856 5220 3171 5285 voluntate,
3222 5225 3275 5276 in
3319 5228 3478 5281 nobis

1910 5321 2125 5373 quoque
2161 5306 2428 5361 inhabitet
2477 5308 2761 5377 plenitudo
2803 5309 3127 5376 divinitatis,
3155 5330 3273 5383 quze
3303 5332 3370 5370 ex
3397 5319 3478 5371 di-

1910 5396 2082 5450 versis
2130 5397 2484 5454 theorematis
2545 5400 2829 5470 sensisquc
2889 5402 3232 5471 spiritalibus
3281 5410 3477 5466 coalita

1911 5496 2012 5541 CSl.

1981 5579 2067 5633 22.
2102 5578 2571 5645 Quemadmodum
2605 5590 2790 5649 noster
2834 5584 3118 5650 hoiniuum
3151 5602 3350 5647 sermo.
3381 5604 3480 5658 per

1903 5714 1979 5763 ιιι,
2023 5698 2103 5756 l8.
2180 5702 2227 5761 i’
2254 5700 2419 5756 llebr.
2453 5718 2523 5767 Iv,
2551 5703 2635 5757 H.
2712 5704 2759 5735 ⁷³
2792 5702 2833 5757 ll
2859 5702 2983 5759 Cor.
3018 5722 3069 5769 ν,
3106 5705 3187 5761 ιο.
3230 5702 3276 5736 ’⁸
3334 5706 3476 5762 Psal.
