4192 6436
213 395 345 456 113Ἰ

1024 389 1364 450 CAPITUM
1401 388 1672 450 THEOL.
1711 384 1806 444 ET
1843 380 2079 448 (ΕΟΟΝ.
2120 391 2506 453 CENTURIA
2547 393 2627 452 Il.

3306 385 3446 452 1138

209 504 279 566 ἡν
310 498 338 547 6
370 496 602 564 ἀψευδὴς
631 496 762 557 Θεὸς
784 496 1026 547 δείκνυσι
1053 499 1147 548 καὶ
1170 496 1566 563 ἐπαγγέλλεται
1587 492 1778 547 δώσειν
1805 493 1852 548 Δ
1879 492 1883 544 ἶ

1896 493 2024 546 Deus
2050 497 2310 561 ostendit,
2338 513 2403 551 ac
2432 514 2489 552 se
2515 499 2771 552 daturum
2792 495 2949 567 quasi
2974 495 3192 550 virtutis
3221 498 3446 565 praemio

211 587 403 656 ὥσπερ
432 586 662 640 ἔπαθλον
687 587 910 657 ἀρετῆς,
945 591 1055 652 τοῖς
1086 590 1370 656 ἀγαπῶσιν
1394 590 1576 642 αὐτόν.

192 694 194 696 '
289 677 391 741 κζ’.
440 680 498 730 El
533 678 851 749 ἐσταυρώθη
881 680 947 732 δι’
977 681 1127 749 ἡμᾶς
1174 680 1232 745 ἐξ
1283 678 1566 739 ἀσθενείας
1606 680 1635 728 6
1685 675 1781 728 τοῦ

217 770 354 821 Θεοῦ
390 770 582 837 Λόγος,
624 771 718 823 καὶ
761 771 971 840 ἠγέρθη
1001 772 1067 823 ἐκ
1096 771 1374 838 δυνάμεως
1397 770 1578 835 Θεοῦ,
1626 768 1783 838 δῆλον

220 859 304 910 ὅτι
348 859 737 928 πνευματικῶς
785 860 854 912 δι’
906 861 1052 929 ἡμᾶς
1084 861 1173 911 ἀεὶ
1209 858 1368 912 τοῦτο
1397 859 1491 911 καὶ
1522 860 1667 910 ποιεῖ
1691 858 1787 910 καὶ

220 950 424 1018 πάσχει
448 964 462 978 ·
510 951 585 1012 ὡς
627 953 764 1004 πᾶσι
811 951 989 1004 πάντα
1019 951 1324 1019 γινόμενος,
1364 951 1451 1002 ’ίνα
1485 948 1634 1020 σώσῃ
1660 949 1787 1010 τοὺς

217 1042 453 1104 πάντας.
510 1041 721 1095 Οὐκοῦν
774 1042 956 1104 καλῶς
983 1044 1011 1094 6
1047 1043 1188 1105 θεῖος
1223 1041 1539 1102 ’Λπόστολος
1585 1041 1645 1092 ἐν
1674 1041 1787 1102 τοῖς

221 1133 533 1202 Κορινθίοις
567 1133 905 1199 ἀσθενοῦσιν,
940 1134 1090 1186 οὐδὲν
1123 1134 1334 1203 ἔκρινεν
1365 1133 1587 1197 εἰδέναι,
1618 1134 1667 1184 εἱ
1711 1132 1787 1202 μὴ

231 1223 444 1292 Ἰησοῦν
484 1223 738 1292 Χριστὸν,
777 1224 872 1274 καὶ⁵
920 1222 1108 1274 τοῦτον
1169 1219 1601 1291 ἐσταυρωμένον.
1629 1220 1788 1286 Ἐφε-

222 1318 361 1380 σίοις
393 1316 450 1369 δὲ
501 1316 721 1386 γράφει,
753 1315 976 1378 τελείοις
1003 1311 1143 1380 οὖσι,
1182 1311 1243 1366 τὸ
1263 1352 1278 1376 ,
1334 1311 1659 1379 Συνήγειρε
1688 1308 1788 1361 καί

220 1408 627 1462 συνεκάθισεν
677 1407 836 1474 ἡμᾶς
867 1411 900 1461 ό
955 1406 1099 1471 Θεὸς
1145 1407 1215 1458 ὲν
1248 1403 1375 1468 τοῖς
1410 1399 1791 1468 ἐπουρανίοις

217 1502 294 1552 ἐν·
322 1500 553 1567 Χριστῷ
596 1500 791 1562 Ἰησοῦ
813 1515 827 1529 ·
873 1499 1014 1551 κατὰ
1037 1497 1134 1568 τὴν
1161 1494 1535 1561 ἀναλογοῦσαν
1575 1492 1791 1559 ἑκάστῳ

221 1593 476 1660 δύναμιν,
535 1593 624 1644 τὸν
669 1589 764 1644 τοῦ
814 1589 951 1644 Θεοῦ
1012 1591 1182 1656 Λόγον
1241 1585 1488 1655 γίνεσθαι
1545 1584 1791 1653 φάσκων.

225 1684 565 1756 Σταυροῦται
589 1684 768 1738 τοίνυν
797 1687 910 1747 τοῖς
938 1682 1019 1736 ἔτι
1061 1682 1195 1751 πρὸς
1227 1680 1510 1734 εὐσέϐειαν
1556 1691 1793 1746 πρακτι-

227 1779 341 1841 κῶς
365 1779 754 1846 εἰσαγομένοις,
778 1778 877 1839 τὰς
898 1775 1165 1844 ἐμπαθεῖς
1185 1772 1365 1826 αὐτῶν
1385 1770 1463 1840 τῷ
1488 1768 1618 1838 θείῳ
1644 1765 1794 1835 φόϐῳ

229 1870 519 1941 προσηλῶν
564 1870 864 1940 ἐνεργείας.
900 1869 1206 1921 ’Λνίσταται
1243 1866 1301 1918 δέ
1336 1865 1431 1918 καὶ
1463 1863 1666 1917 ἄνεισιν
1713 1862 1795 1924 είς

228 1956 515 2025 οὐρανοὺς,
552 1958 661 2018 τοῖς
690 1957 810 2010 ὅλον
841 1957 932 2008 τὸν
958 1955 1185 2008 παλαιὸν
1215 1951 1681 2022 ἁπεκδυσαμένοις
1702 1949 1796 2003 ἀν-

230 2046 469 2118 θρωπον,
501 2047 591 2101 τὸν
627 2049 983 2117 φθειρόμενον
1015 2047 1157 2100 κατὰ
1205 2045 1306 2107 τάς
1355 2044 1652 2113 ἐπιθυμίας
1695 2042 1797 2109 τῆς

231 2137 451 2204 ἀπάτης
472 2155 485 2168 ·
518 2139 608 2191 καὶ
634 2139 754 2191 ὅλον
784 2138 873 2190 τὸν
898 2138 1015 2190 νέον
1041 2136 1442 2205 ἐνδυσαμένοις,
1468 2134 1560 2187 τὸν
1590 2132 1677 2185 διὰ
1702 2132 1796 2185 τοῦ

232 2229 543 2297 πνεύματος
576 2233 697 2282 κατ’
733 2230 918 2282 εἰκόνα
956 2230 1092 2282 Θεοῦ
1137 2229 1481 2296 κτιζόμενον,
1521 2225 1616 2278 καὶ
1658 2223 1798 2295 πρὸς

229 2319 325 2372 τὸν
377 2319 596 2390 Πατέρα
659 2321 756 2388 τῆς
813 2321 872 2371 ἐν
922 2321 1110 2382 αὐτοῖς
1175 2319 1398 2388 χάριτος
1450 2315 1796 2386 γενομένοις⁹

241 2411 548 2479 ’Υπεράνω
576 2411 785 2480 πάσης
821 2411 1030 2478 Ἁρχῆς
1063 2411 1161 2464 καὶ
1208 2409 1527 2473 Ἑξουσίας
1554 2405 1651 2460 καὶ
1694 2408 1801 2458 Δυ-

230 2500 466 2568 νὰμεως
517 2502 614 2552 καὶ
669 2503 1046 2568 κυριότητος,
1090 2499 1185 2552 καὶ
1230 2497 1458 2562 παντὸς
1511 2496 1802 2562 ὀνόματος

233 2591 688 2660 ὀνομαζομένου,
722 2594 842 2646 εἴτε
897 2594 966 2645 ἐν
1005 2592 1085 2657 τῷ
1118 2591 1286 2646 αἰῶνι
1313 2592 1521 2655 τούτῳ,
1563 2589 1684 2641 εἴτε
1733 2587 1804 2640 ἐν

233 2679 316 2745 τῷ
337 2682 644 2750 μέλλοντι.
680 2685 864 2738 Πάντα
893 2685 1002 2754 γὰρ
1049 2685 1118 2737 τὰ
1165 2685 1304 2752 μετὰ
1327 2681 1479 2744 Θεὸν,
1530 2682 1622 2734 καὶ
1659 2680 1803 2750 πρά-

234 2787 425 2839 γματα
471 2773 566 2825 καὶ
609 2774 846 2843 ὀνόματα
897 2775 992 2827 καὶ
1039 2771 1349 2844 ἀξιώματα,
1381 2771 1485 2826 ὑπὸ
1512 2771 1602 2824 τὸν
1639 2770 1699 2824 ἐν
1726 2771 1805 2841 τῷ

236 2863 356 2935 Θεῷ
382 2864 470 2918 διὰ
496 2867 594 2934 τῆς
620 2866 844 2936 χάριτος
875 2865 1239 2936 γενησόμενον
1264 2865 1436 2920 ἔσται.

310 3048 419 3111 κη’.
460 3041 674 3112 Ὥσπερ
704 3042 812 3113 πρὸ
844 3045 944 3113 τῆς
977 3042 1256 3113 ἐμφανοῦς
1303 3044 1400 3097 καὶ
1450 3043 1595 3097 κατά
1629 3045 1809 3113 σάρκα

239 3135 547 3204 παρουσίας
589 3135 685 3206 (9),
716 3135 927 3204 νοητῶς
976 3138 1004 3187 6
1048 3136 1140 3188 τοῦ
1169 3135 1318 3202 ίΘεοῦ
1357 3137 1529 3204 Λόγος
1550 3138 1666 3199 τοῖς
1697 3154 1806 3189 πα-

236 3228 530 3296 τριάρχαις
562 3229 660 3280 καὶ
707 3231 1016 3298 προφήταις
1069 3229 1340 3298 ἐνεδήμει,
1403 3229 1699 3298 προτυπῶν
1742 3229 1809 3282 τὰ

245 3319 525 3388 μυστήρια
555 3319 654 3387 τῆς
705 3319 869 3372 αὐτοῦ
919 3319 1263 3389 παρουσίας·
1327 3319 1470 3372 οὕτω
1524 3321 1618 3371 καὶ
1675 3320 1811 3388 μετά

240 3408 448 3478 ταύτην
491 3410 591 3477 τὴν
627 3410 909 3480 ἐνδημίαν,
941 3411 1001 3463 οὐ
1045 3411 1205 3480 μόνον
1238 3411 1298 3463 ἐν
1333 3411 1446 3473 τοῖς
1489 3409 1570 3463 ἔτι
1599 3410 1810 3479 νηπίοις

243 3503 635 3572 παραγίνεται,
700 3501 1005 3573 διατρέφων
1065 3501 1454 3572 πνευματικῶς
1512 3502 1608 3554 καὶ
1665 3503 1814 3568 ἄγων

244 3593 383 3664 πρὸς
423 3594 638 3663 ἡλικίαν
667 3595 766 3664 τῆς
790 3594 934 3648 κατά
964 3594 1098 3646 Θεὸν
1132 3593 1476 3664 τελειότητος
1499 3610 1514 3624 ο
1549 3591 1687 3646 ἀλλά
1717 3592 1812 3644 καὶ

243 3690 306 3741 ἐν
332 3691 443 3752 τοῖς
472 3690 720 3754 τελείοις,
762 3690 1202 3763 προδιαγράφων-
1223 3691 1412 3750 αὐτοῖς
1439 3691 1688 3761 κρυφίως
1717 3693 1814 3760 τῆς

247 3781 555 3851 μελλούσης
600 3782 767 3836 αὑτοῦ
819 3784 1125 3850 παρουσίας
1153 3783 1230 3847 ὡς
1274 3785 1333 3836 ἐν
1361 3784 1529 3837 εἰκόνι
1558 3784 1685 3846 τοὺς
1719 3801 1816 3852 χα-

249 3891 553 3942 ρακτηρας.

319 3966 421 4018 κθ¹.
441 3966 651 4036 ’Ὠσπερ
682 3966 730 4017 οἱ
765 3966 1049 4035 τοῦνόμου
1073 3967 1298 4020 καὶτῶν
1328 3967 1623 4037 προφητῶν
1645 3969 1813 4036 λόγοι,

246 4059 547 4128 πρόδρομοι
575 4057 936 4125 τυγχάνοντες
964 4060 1062 4128 τῆς
1113 4060 1252 4113 κατά
1282 4060 1461 4130 σάρκα
1495 4061 1590 4113 τοῦ
1643 4063 1816 4129 Λόγου

247 4153 571 4222 παρουσίας,
607 4152 706 4215 τὰς
741 4151 922 4220 ψυχὰς
951 4153 1030 4214 είς
1078 4151 1312 4222 Χριστὸν
1368 4153 1777 4221 ἐπαιδαγώγουν
1801 4172 1815 4185 ο

245 4245 391 4298 οὕτω
418 4245 514 4297 καὶ
541 4245 702 4306 αὐτὸς
726 4244 754 4296 6
787 4243 1174 4312 δεδοξασμένος
1201 4243 1294 4297 τοῦ
1322 4243 1456 4296 Θεοῦ
1492 4245 1664 4312 Λόγος
1689 4263 1820 4316 σαρο

249 4336 469 4398 κωθεὶς,
521 4337 831 4406 πρόδρομος
856 4337 955 4404 τῆς
985 4338 1365 4406 πνευματικῆς
1395 4337 1562 4390 αὐτοῦ
1614 4355 1822 4409 παρου-

253 4429 375 4491 σίας
408 4428 738 4497 γεγένηται·
804 4428 1174 4495 παιδαγωγῶν
1223 4429 1322 4491 τὰς
1349 4427 1529 4497 ψυχὰς
1567 4428 1657 4481 διά
1712 4428 1820 4480 τῶν

1883 587 2192 654 pollicetur,
2218 588 2305 642 his
2329 589 2422 657 qui
2449 589 2626 657 ipsum
2657 589 2911 660 diligunt.

1950 678 2038 731 27.
2099 679 2382 747 Siquidem
2425 680 2522 734 Dei
2572 679 2764 733 Sermo
2799 695 2886 736 ex.
2916 679 3234 735 inﬁmitate
3273 679 3448 734 nostri

1883 788 2047 828 causa
2067 771 2364 827 cruciﬁxus
2389 780 2494 837 est,
2523 781 2582 828 et
2610 773 2910 826 resurrexit
2935 773 2991 831 in
3019 773 3226 826 virtute
3249 769 3447 837 Dei“;

1883 865 2044 934 plane
2075 863 2248 932 liquet
2271 863 2325 917 id
2352 879 2478 918 eum
2512 877 2728 932 semper
2752 871 2976 932 propter
3002 875 3103 916 nos
3126 861 3453 931 spiritaliter

1884 970 2070 1026 agere,
2104 963 2326 1025 tumque
2356 957 2434 1009 illi
2452 955 2735 1020 accidere;
2761 962 2821 1008 ut
2842 953 2937 1023 qui
2975 953 3232 1007 omnibus
3267 954 3454 1008 omnia

1887 1049 2000 1113 ﬁat,
2046 1057 2108 1103 ut
2130 1063 2322 1103 omnes
2368 1048 2545 1101 salvos
2581 1046 2763 1101 faciat.
2804 1046 2974 1100 Recte
3026 1045 3194 1115 igitur
3237 1044 3456 1098 divinus

1887 1142 2220 1210 Apostolus,
2263 1138 2408 1209 apud
2461 1138 2812 1203 Corinthios,
2853 1139 2949 1207 qui
2997 1137 3201 1191 inﬁrmi
3245 1144 3451 1200 essent,

1887 1233 2026 1287 nihil
2077 1246 2138 1286 se
2172 1229 2439 1301 judicavit
2477 1229 2638 1302 scire_
2673 1229 2780 1283 nisi
2826 1230 3010 1283 Jesum
3036 1227 3343 1294 Christum,
3396 1238 3455 1283 et

1828 1386 1831 1388 _
1890 1324 2037 1377 hunc
2087 1321 2409 1376 cruciﬁxum
2430 1322 2498 1373 ⁸³.
2527 1320 2780 1390 Ephesiis
2830 1327 3034 1382 autem,
3077 1319 3171 1389 qui
3220 1317 3454 1388 perfecti

1888 1415 2048 1488 5.91
2073 1422 2276 1478 essent,
2305 1415 2361 1468 in
2393 1413 2511 1468 haec
2541 1412 2704 1466 verba
2753 1412 2946 1466 scribit
2975 1428 2987 1464 :
3024 1409 3460 1465 Conrcsmritaeit

1891 1525 1985 1562 nos
2007 1548 2024 1572 ,
2089 1517 2140 1560 et
2178 1506 2458 1561 consedere
2493 1522 2586 1559 nos
2637 1505 2755 1575 fecit
2797 1505 2937 1558 Deus
2990 1506 3045 1559 in
3075 1503 3367 1558 natatibus
3404 1503 3462 1556 in

1891 1599 2096 1654 Christo
2154 1599 2374 1663 Iesu“;
2411 1613 2514 1667 pro
2563 1599 2832 1668 cujusque
2887 1596 3162 1651 facultatis
3197 1596 3459 1659 modulo,

1892 1693 1988 1747 Dei
2017 1692 2340 1747 Sermonem
2368 1706 2434 1744 ac
2459 1689 2697 1745 Verbum
2722 1705 2779 1743 se
2803 1689 3006 1744 habere
3035 1688 3243 1743 dicens.
3277 1689 3464 1757 itaque

1894 1785 2257 1855 cruciﬁgitur,
2286 1783 2375 1846 iis,
2403 1783 2496 1852 qui
2527 1781 2761 1836 actionis
2787 1782 2937 1836 cultu
2968 1780 3035 1835 ad
3073 1780 3331 1851 pietatem
3366 1793 3465 1834 ru»

1896 1879 2138 1933 dimenta
2180 1884 2426 1946 ponunt,
2457 1891 2575 1941 seu,
2606 1874 2700 1944 qui
2734 1874 2823 1928 illa
2865 1873 3234 1935 inducuntur,
3266 1885 3463 1925 eorum

1896 1969 2219 2024 libidinosas
2246 1969 2491 2038 vitioque
2539 1975 2827 2021 concretas
2865 1964 3112 2020 actiones
3155 1961 3344 2016 divino
3391 1961 3465 2013 ti-

1887 2075 2046 2115 more
2071 2059 2372 2128 eonﬁgens.
2403 2055 2660 2126 Resurgit
2677 2070 2807 2109 vero
2830 2063 2885 2108 et
2917 2054 2972 2107 in
2993 2053 3163 2107 oculos
3191 2047 3462 2111 ascendit,

1897 2153 2006 2216 his,
2033 2151 2128 2220 qui
2169 2158 2410 2203 veterem
2463 2155 2637 2202 totum
2697 2147 2974 2200 hominem
3018 2149 3314 2205 ementes,
3369 2142 3466 2210 qui

1897 2239 2275 2308 corrumpitur
2311 2236 2613 2292 secundum
2671 2234 2945 2289 desideria
2999 2231 3241 2296 erroris,
3292 2238 3466 2284 totum

1901 2344 2102 2382 novum
2133 2328 2455 2390 induerunt,
2486 2323 2580 2393 qui
2615 2338 2714 2393 per
2739 2321 3002 2391 Spiritum
3035 2326 3253 2374 creatur
3267 2329 3472 2371 secun-

1902 2421 2031 2475 dum
2056 2420 2151 2473 Dei
2177 2418 2469 2487 imaginem
2491 2415 2574 2481 ";
2621 2423 2677 2470 et
2699 2414 2767 2469 ad
2793 2414 2932 2483 ejus,
2966 2427 3089 2481 qua:
3132 2410 3188 2463 in
3223 2407 3332 2462 illis
3363 2415 3468 2469 est,

1901 2513 2087 2582 gratiae
2134 2511 2419 2565 Parentem
2445 2515 2741 2563 evaserunt
2771 2503 2983 2574 :Supcr
3013 2517 3218 2555 omnem
3260 2498 3470 2553 Princi-

1902 2609 2088 2671 patum
2117 2607 2165 2653 et
2194 2599 2516 2652 Potestatem
2547 2594 2904 2662 Virtutemque
2942 2599 2992 2644 et
3023 2589 3470 2650 Dominationem,

1903 2700 1954 2744 et
1984 2705 2137 2743 omne
2161 2703 2350 2742 nomen
2386 2685 2524 2756 quod
2562 2685 2868 2737 nominatur
2890 2682 2995 2735 sive
3026 2681 3081 2734 in
3100 2686 3105 2690 ’
3127 2681 3221 2732 hoc
3258 2677 3471 2741 seculo,

1902 2783 2011 2836 sive
2041 2782 2099 2833 in
2122 2777 2384 2850 futuro".
2425 2774 2621 2832 Omnia
2651 2774 2799 2828 enim
2848 2787 2970 2841 qua:
3017 2786 3048 2824 a
3090 2769 3202 2824 Deo
3236 2765 3478 2823 secunda

1905 2882 2056 2938 sunt,
2091 2888 2180 2927 res
2211 2871 2420 2941 pariter
2446 2878 2503 2924 et
2534 2868 2710 2938 capita
2746 2872 2802 2920 et
2831 2863 3148 2934 dignitates,
3181 2859 3283 2922 illi,
3304 2857 3398 2928 qui
3420 2858 3476 2911 in

1907 2967 2020 3021 Deo
2052 2981 2153 3034 per
2181 2964 2409 3034 gratiam
2439 2961 2564 3023 erit,
2598 2957 2982 3027 subjicientur.

1975 3057 2066 3110 28.
2105 3051 2575 3121 Quemadmodum
2616 3057 2742 3103 ante
2787 3045 3145 3114 conspicuum
3194 3057 3257 3097 ac
3311 3055 3479 3094 carne

1834 3176 1880 3238 α
1911 3149 2221 3204 exhibitum
2265 3145 2563 3199 adventum
2591 3181 2606 3203 ,
2648 3138 2746 3194 Dei
2783 3137 2979 3238 Sermo
3015 3133 3341 3238 spiritaliter
3380 3147 3481 3238 pa:-

1912 3240 2171 3296 triarchis
2223 3245 2280 3293 et
2326 3233 2612 3306 prophetis
2656 3229 3028 3291 adveniebat,
3071 3227 3342 3281 adventus
3393 3223 3481 3278 sui

1909 3329 2174 3399 mysteria
2203 3325 2560 3396 praaﬁgurans
2587 3340 2601 3375 :
2629 3322 2710 3376 sic
2744 3334 2968 3389 quoque
3002 3333 3069 3373 eo
3098 3318 3210 3387 jam
3243 3315 3480 3370 adventu

1911 3420 2216 3489 completo,
2251 3434 2362 3472 non
2389 3415 2550 3471 modo
2575 3414 2684 3470 illis
2721 3411 2980 3476 advenit,
3013 3410 3108 3479 qui
3133 3408 3323 3463 adhuc
3355 3420 3485 3476 par-

1910 3512 2024 3565 vuli
2053 3518 2183 3566 sunt
2208 3551 2220 3571 .
2248 3523 2390 3578 quos
2414 3505 2739 3578 spiritaliter
2763 3504 2873 3558 alat
2899 3542 2912 3566 ,
2949 3509 3005 3557 et
3039 3500 3104 3554 ad
3137 3501 3257 3571 ejus
3301 3497 3483 3568 perfe-

1913 3603 2114 3658 ctionis
2151 3608 2392 3662 aetatem,
2421 3613 2540 3667 qua:
2579 3604 2664 3651 est
2707 3593 3010 3649 secundum
3049 3591 3244 3653 Deum,
3282 3589 3484 3652 ducat;

1913 3710 2106 3751 verum
2141 3696 2309 3749 etiam
2338 3689 2624 3762 perfectis,
2658 3687 2875 3743 occulte
2899 3685 2981 3741 eis
3010 3683 3185 3739 futuri
3215 3681 3488 3736 adventus

1915 3787 2002 3843 sui
2028 3787 2377 3841 characteres
2398 3783 2552 3837 velut
2574 3781 2630 3835 in
2657 3780 2891 3851 imagine
2915 3777 3227 3848 designans.

1985 3964 2075 4018 29.
2115 3959 2595 4028 Quemadmodum
2637 3959 2776 4029 legis
2822 3972 2887 4013 ac
2926 3955 3324 4025 prophetarum
3371 3967 3490 4007 εει--

1918 4069 2131 4118 mones,
2155 4052 2252 4122 qui
2274 4050 2560 4106 Sermonis
2589 4048 2645 4102 in
2682 4062 2848 4102 carne
2876 4048 2994 4118 (seu
3029 4043 3220 4112 Verbi)
3252 4057 3494 4113 praecur-

1920 4155 2074 4195 sores
2091 4146 2297 4202 essent,
2329 4153 2431 4207 pro
2454 4135 2732 4206 padagogi
2755 4134 2913 4205 quasi
2936 4149 3167 4189 munere
3193 4133 3403 4186 animas
3422 4129 3489 4184 ad

1920 4234 2200 4289 Christum
2242 4230 2614 4285 erudiebant:
2664 4230 2744 4283 sic
2786 4237 2842 4282 et
2873 4227 2989 4297 ipse
3036 4224 3369 4281 clariﬁcatus
3395 4222 3493 4296 Dei

1924 4323 2119 4378 Sermo
2160 4321 2481 4375 incarnatus
2500 4360 2514 4384 ,
2541 4317 2808 4387 spiritalis
2831 4317 3106 4370 adventus
3133 4314 3218 4368 sui
3248 4326 3493 4382 prascur-

1924 4431 2018 4470 sor
2040 4414 2274 4469 effectus
2291 4422 2370 4468 est
2383 4453 2396 4477 ,
2419 4427 2518 4482 per
2535 4425 2822 4466 sermones
2837 4423 2968 4463 suos
2984 4415 3148 4476 atque
3166 4405 3493 4466 doctrinam,

248 4522 466 4573 οἰκείων
491 4521 684 4588 λόγων,
722 4521 858 4591 πρὸς
892 4519 1157 4590 ὑποδοχὴν
1198 4520 1300 4588 τῆς
1355 4521 1628 4589 ἐμφανοῦς
1657 4519 1822 4572 αὑτοῦ
1853 4509 1883 4564 ῖ

1896 4509 2042 4577 ιίρεο
2088 4521 2311 4577 quoque
2361 4505 2428 4559 ad
2479 4505 2842 4573 conspicuum
2891 4500 3140 4555 divinum
3199 4497 3496 4552 adventum

253 4612 440 4680 θεῖκῆς
475 4612 778 4682 παρουσίας
802 4629 814 4643 ·
851 4611 918 4680 ἢν
948 4611 1032 4663 ἀεὶ¹
1064 4611 1163 4680 μὲν
1192 4613 1445 4675 ποιεῖται,
1477 4611 1825 4681 μεταόάλλων

250 4705 361 4757 ἀπὸ
390 4705 487 4773 τῆς
535 4704 737 4772 σαρκὸς
787 4703 922 4773 πρὸς
973 4702 1032 4756 τὸ
1079 4702 1299 4772 πνεῦμα
1350 4703 1440 4754 διὰ
1472 4703 1578 4756 τῶν
1615 4705 1824 4772 ἀρετῶν

250 4797 378 4858 τοὺς
429 4796 612 4860 ἀξίους
637 4810 651 4825 ³
700 4796 916 4864 ποιήσει
962 4795 1021 4847 δέ
1069 4795 1165 4848 καὶ
1196 4796 1288 4848 ἐπὶ
1313 4795 1458 4847 τέλει
1485 4795 1578 4848 τοῦ
1604 4796 1821 4862 αἰῶνος,

256 4886 514 4957 ἐμφανῶς
544 4884 953 4939 ἀποκαλύπτων
981 4883 1050 4937 τά
1081 4883 1220 4948 τέως
1246 4886 1412 4938 πᾶσιν
1442 4885 1748 4957 ἀπόρῤητα.

325 5064 392 5116 λ’.
420 5064 583 5115 Ὅσον
609 5061 720 5128 ἐγώ
750 5061 866 5129 ειμι
909 5059 1109 5129 ἀτελὴς
1153 5059 1249 5113 καὶ
1297 5059 1692 5123 ἀνυπότακτος,
1751 5061 1825 5132 μὴ

255 5155 550 5209 ὑπακούων
588 5151 682 5205 τοῦ
731 5149 868 5204 Θεοῦ
918 5151 1006 5204 διὰ
1052 5151 1155 5221 τῆς
1207 5151 1472 5221 ἐργασίας
1531 5151 1640 5204 τῶν
1676 5153 1827 5206 ἐντο-

255 5248 367 5301 λῶν
396 5247 488 5317 (b)'
546 5246 684 5316 μήτε
728 5245 1010 5314 γινόμενος
1042 5238 1182 5297 κατά
1235 5243 1333 5315 τὴν
1376 5243 1578 5311 γνῶσιν
1624 5245 1829 5308 τέλειος

254 5344 381 5404 ταῖς
407 5340 600 5413 φρεσίν
620 5357 634 5370 °
690 5338 888 5408 ἀτελὴς
935 5338 1032 5391 καὶ
1081 5336 1459 5399 ἀνυπότακτος
1487 5337 1548 5389 τὸ
1577 5340 1696 5390 κατ’
1726 5338 1828 5408 ἐμὲ

258 5435 356 5488 καὶ
385 5431 620 5504 Χριστὸς
643 5429 923 5501 νομίζεται
956 5429 1023 5482 δι’
1056 5429 1159 5499 ἐμέ
1180 5445 1195 5459 ·
1235 5428 1374 5498 μειῶ
1401 5428 1511 5499 γὰρ
1541 5429 1706 5481 αὐτὸν
1733 5430 1831 5483 καὶ

1925 4616 2087 4656 suum
2136 4597 2572 4668 suscipiendum,
2617 4594 2832 4648 animos
2881 4591 3162 4646 erudiens.
3223 4589 3381 4643 Hunc
3407 4587 3498 4640 ille

1925 4691 2222 4745 adventum
2277 4702 2494 4756 semper
2537 4685 2691 4748 facit,
2723 4683 2993 4736 virtutum
3051 4680 3202 4734 cultu
3254 4693 3350 4733 eos
3403 4676 3496 4746 qui

1926 4783 2078 4852 digni
2109 4782 2224 4836 sint
2269 4795 2300 4833 a
2344 4792 2512 4832 carne
2557 4777 2624 4830 ad
2671 4774 2930 4844 spiritum
2984 4778 3335 4830 convertens.
3382 4777 3497 4821 tum

1923 4890 2058 4930 vero
2104 4873 2273 4928 etiam
2331 4871 2386 4924 in
2431 4869 2540 4922 ﬁne
2585 4866 2772 4923 saeculi
2801 4866 3056 4919 facturus
3100 4871 3218 4928 est,
3269 4877 3333 4915 ea
3379 4865 3500 4931 quae

1931 4968 2145 5026 cunctis
2170 4966 2440 5020 hactenus
2459 4973 2656 5015 arcana
2679 4966 2827 5023 sunt,
2854 4958 3031 5027 palam
3059 4956 3289 5010 faciens.

2003 5061 2090 5116 50.
2131 5057 2387 5125 Quandiu
2422 5070 2525 5126 ego
2560 5053 2921 5123 imperfectus
2960 5063 3081 5103 sum
3114 5055 3172 5101 et
3208 5059 3318 5098 non
3365 5042 3500 5097 sub-

1929 5156 2129 5226 jectus,
2173 5147 2267 5219 qui
2313 5146 2568 5223 mandata
2612 5141 2889 5212 implendo
2913 5182 2926 5206 ,
2960 5140 3075 5194 Deo
3107 5152 3216 5192 non
3247 5149 3498 5205 paream;

1933 5259 2058 5307 nec,
2120 5239 2264 5311 quod
2317 5239 2516 5292 attinet
2558 5235 2624 5290 ad
2668 5232 2981 5296 scientiam,
3033 5229 3200 5283 animi
3245 5226 3504 5282 sensibus

1936 5334 2218 5406 perfectus
2256 5330 2414 5396 ﬁam;
2459 5328 2625 5383 etiam
2657 5323 2914 5380 Christus
2939 5321 3045 5377 mei
3071 5335 3235 5375 causa
3256 5359 3270 5383 ,
3314 5325 3506 5388 quate-

1939 5443 2046 5482 nus
2065 5427 2254 5489 homo,
2289 5421 2644 5492 imperfectus
2671 5426 2728 5473 et
2750 5416 2869 5488 ipse
2892 5415 3049 5470 audit
3069 5421 3124 5470 et
3178 5427 3287 5467 non
3318 5407 3505 5480 subje-

323 5594 371 5623 ⁸¹
407 5592 448 5646 ll
487 5590 612 5647 Cor.
647 5607 758 5655 xui,
788 5591 841 5646 4.
913 5589 1004 5643 ⁸³1
1042 5589 1168 5644 Cor.
1205 5605 1263 5653 ιι,
1292 5590 1347 5643 2.
1437 5590 1483 5621 “
1506 5589 1707 5659 Ephes.
1740 5579 1797 5652 ιι,
1833 5589 1883 5644 6.

1979 5589 2023 5618 ⁸⁸
2051 5587 2252 5658 Ephes.
2286 5602 2357 5650 IV,
2404 5578 2598 5645 22-24;
2623 5577 2833 5634 Coloss.
2871 5591 2950 5642 ιιι,
2981 5573 3036 5641 9,
3079 5571 3163 5628 ιο.
3235 5570 3283 5604 ⁸⁸
3311 5565 3506 5636 Ephel.

267 5661 419 5721 1,21.

331 5798 405 5862 (ὁ)
438 5797 558 5850 llaec
581 5796 826 5865 pluribus
855 5797 1150 5869 Gregorius
1177 5799 1332 5865 Νίκη
1358 5763 1500 5854 orat.
1528 5800 1558 5854 4
1581 5799 1654 5853 Dc
1680 5795 1955 5867 theologia.
