  <div class='ocr_page' id='page_1' title='image "/cluster/home/n/w/nwhite01/storage/ocr_20150623/90/nnc1.0046980113/577.png"; bbox 0 0 4192 6436; ppageno 0'>
   <div class='ocr_carea' id='block_1_1' title="bbox 729 405 860 472">
    <p class='ocr_par' dir='ltr' id='par_1_1' title="bbox 729 405 860 472">
     <span class='ocr_line' id='line_1_1' title="bbox 729 405 860 472; baseline 0.023 -3"><span class='ocrx_word' id='word_1_1' title='bbox 729 405 860 472; x_wconf 77' lang='grc'><strong>1139</strong></span> 
     </span>
    </p>
   </div>
   <div class='ocr_carea' id='block_1_2' title="bbox 1884 412 2808 482">
    <p class='ocr_par' dir='ltr' id='par_1_2' title="bbox 1884 412 2808 482">
     <span class='ocr_line' id='line_1_2' title="bbox 1884 412 2808 482; baseline 0.01 -11"><span class='ocrx_word' id='word_1_2' title='bbox 1884 412 1946 472; x_wconf 89' lang='lat' dir='ltr'><strong>S.</strong></span> <span class='ocrx_word' id='word_1_3' title='bbox 1983 413 2267 473; x_wconf 75' lang='lat' dir='ltr'><strong>MAXIMI</strong></span> <span class='ocrx_word' id='word_1_4' title='bbox 2306 414 2808 482; x_wconf 78' lang='lat' dir='ltr'><strong>CONFESSORIS</strong></span> 
     </span>
    </p>
   </div>
   <div class='ocr_carea' id='block_1_3' title="bbox 3830 421 3970 487">
    <p class='ocr_par' dir='ltr' id='par_1_3' title="bbox 3830 421 3970 487">
     <span class='ocr_line' id='line_1_3' title="bbox 3830 421 3970 487; baseline 0.021 -3"><span class='ocrx_word' id='word_1_5' title='bbox 3830 421 3970 487; x_wconf 74' lang='grc'><strong>1140</strong></span> 
     </span>
    </p>
   </div>
   <div class='ocr_carea' id='block_1_4' title="bbox 722 522 2318 606">
    <p class='ocr_par' dir='ltr' id='par_1_4' title="bbox 722 522 2290 597">
     <span class='ocr_line' id='line_1_4' title="bbox 722 522 2290 597; baseline 0.006 -21"><span class='ocrx_word' id='word_1_6' title='bbox 722 529 862 577; x_wconf 76' lang='lat' dir='ltr'><strong>rtus.</strong></span> <span class='ocrx_word' id='word_1_7' title='bbox 899 522 1085 580; x_wconf 81' lang='lat' dir='ltr'><strong>Minue</strong></span> <span class='ocrx_word' id='word_1_8' title='bbox 1121 528 1268 581; x_wconf 89' lang='lat' dir='ltr'><strong>enim</strong></span> <span class='ocrx_word' id='word_1_9' title='bbox 1291 543 1414 582; x_wconf 84' lang='lat' dir='ltr'><strong>eum</strong></span> <span class='ocrx_word' id='word_1_10' title='bbox 1447 536 1504 582; x_wconf 87' lang='lat' dir='ltr'><strong>et</strong></span> <span class='ocrx_word' id='word_1_11' title='bbox 1533 528 1758 589; x_wconf 82' lang='lat' dir='ltr'><strong>dctero,</strong></span> <span class='ocrx_word' id='word_1_12' title='bbox 1795 527 1887 596; x_wconf 99' lang='lat' dir='ltr'><strong>qui</strong></span> <span class='ocrx_word' id='word_1_13' title='bbox 1913 529 2140 597; x_wconf 89' lang='lat' dir='ltr'><strong>paribus</strong></span> <span class='ocrx_word' id='word_1_14' title='bbox 2167 545 2290 584; x_wconf 90' lang='lat' dir='ltr'><strong>cum</strong></span> 
     </span>
    </p>
   </div>
   <div class='ocr_carea' id='block_1_5' title="bbox 2402 522 3977 606">
    <p class='ocr_par' dir='ltr' id='par_1_5' title="bbox 2402 532 3977 606">
     <span class='ocr_line' id='line_1_5' title="bbox 2402 532 3977 606; baseline 0.004 -23"><span class='ocrx_word' id='word_1_15' title='bbox 2402 532 2626 596; x_wconf 73' lang='grc' dir='ltr'>κολοὸῶ,</span> <span class='ocrx_word' id='word_1_16' title='bbox 2667 534 2740 605; x_wconf 83' lang='grc' dir='ltr'>μὴ</span> <span class='ocrx_word' id='word_1_17' title='bbox 2791 534 3134 599; x_wconf 80' lang='grc' dir='ltr'>συναυξάνων</span> <span class='ocrx_word' id='word_1_18' title='bbox 3190 533 3342 600; x_wconf 80' lang='grc' dir='ltr'>αὐτῷ</span> <span class='ocrx_word' id='word_1_19' title='bbox 3392 534 3532 588; x_wconf 78' lang='grc' dir='ltr'><strong>κατά</strong></span> <span class='ocrx_word' id='word_1_20' title='bbox 3582 535 3834 606; x_wconf 86' lang='grc' dir='ltr'>πνεῦμα,</span> <span class='ocrx_word' id='word_1_21' title='bbox 3892 539 3977 601; x_wconf 76' lang='grc' dir='ltr'><strong>ὡς</strong></span> 
     </span>
    </p>
   </div>
   <div class='ocr_carea' id='block_1_6' title="bbox 725 608 2291 688">
    <p class='ocr_par' dir='ltr' id='par_1_6' title="bbox 725 608 2291 688">
     <span class='ocr_line' id='line_1_6' title="bbox 725 608 2291 688; baseline 0.007 -25"><span class='ocrx_word' id='word_1_22' title='bbox 725 608 822 664; x_wconf 88' lang='lat' dir='ltr'><strong>illo</strong></span> <span class='ocrx_word' id='word_1_23' title='bbox 847 617 1155 684; x_wconf 81' lang='lat' dir='ltr'><strong>augmentis</strong></span> <span class='ocrx_word' id='word_1_24' title='bbox 1189 632 1298 671; x_wconf 88' lang='lat' dir='ltr'><strong>non</strong></span> <span class='ocrx_word' id='word_1_25' title='bbox 1325 633 1593 680; x_wconf 78' lang='lat' dir='ltr'><strong>crescam,</strong></span> <span class='ocrx_word' id='word_1_26' title='bbox 1623 633 1747 672; x_wconf 90' lang='lat' dir='ltr'><strong>cum</strong></span> <span class='ocrx_word' id='word_1_27' title='bbox 1775 616 1980 671; x_wconf 85' lang='lat' dir='ltr'><strong>Christi</strong></span> <span class='ocrx_word' id='word_1_28' title='bbox 2009 634 2212 688; x_wconf 88' lang='lat' dir='ltr'><strong>corpus</strong></span> <span class='ocrx_word' id='word_1_29' title='bbox 2234 629 2291 674; x_wconf 89' lang='lat' dir='ltr'><strong>et</strong></span> 
     </span>
    </p>
   </div>
   <div class='ocr_carea' id='block_1_7' title="bbox 727 705 1643 776">
    <p class='ocr_par' dir='ltr' id='par_1_7' title="bbox 727 705 1643 776">
     <span class='ocr_line' id='line_1_7' title="bbox 727 705 1643 776; baseline 0.004 -19"><span class='ocrx_word' id='word_1_30' title='bbox 727 705 972 759; x_wconf 89' lang='lat' dir='ltr'><strong>membra</strong></span> <span class='ocrx_word' id='word_1_31' title='bbox 1005 721 1070 760; x_wconf 83' lang='lat' dir='ltr'><strong>ex</strong></span> <span class='ocrx_word' id='word_1_32' title='bbox 1099 714 1253 776; x_wconf 87' lang='lat' dir='ltr'><strong>parte</strong></span> <span class='ocrx_word' id='word_1_33' title='bbox 1286 709 1548 763; x_wconf 75' lang='lat' dir='ltr'><strong>exsistam</strong></span> <span class='ocrx_word' id='word_1_34' title='bbox 1573 709 1643 761; x_wconf 80' lang='grc'><strong>⁸⁷.</strong></span> 
     </span>
    </p>
   </div>
   <div class='ocr_carea' id='block_1_8' title="bbox 794 794 2290 870">
    <p class='ocr_par' dir='ltr' id='par_1_8' title="bbox 794 794 2290 870">
     <span class='ocr_line' id='line_1_8' title="bbox 794 794 2290 870; baseline 0.006 -22"><span class='ocrx_word' id='word_1_35' title='bbox 794 794 955 864; x_wconf 64' lang='grc'><strong>492</strong></span> <span class='ocrx_word' id='word_1_36' title='bbox 1007 796 1094 850; x_wconf 77' lang='grc'><strong>51.</strong></span> <span class='ocrx_word' id='word_1_37' title='bbox 1131 796 1313 852; x_wconf 86' lang='lat' dir='ltr'><strong>Oritur</strong></span> <span class='ocrx_word' id='word_1_38' title='bbox 1344 799 1444 864; x_wconf 84' lang='lat' dir='ltr'><strong>sol,</strong></span> <span class='ocrx_word' id='word_1_39' title='bbox 1478 810 1525 853; x_wconf 86' lang='lat' dir='ltr'><strong>et</strong></span> <span class='ocrx_word' id='word_1_40' title='bbox 1556 801 1739 854; x_wconf 84' lang='lat' dir='ltr'><strong>occidit</strong></span> <span class='ocrx_word' id='word_1_41' title='bbox 1767 799 1882 865; x_wconf 85' lang='lat' dir='ltr'><strong>sol,</strong></span> <span class='ocrx_word' id='word_1_42' title='bbox 1919 802 2101 870; x_wconf 87' lang='lat' dir='ltr'><strong>inquit</strong></span> <span class='ocrx_word' id='word_1_43' title='bbox 2143 803 2290 858; x_wconf 90' lang='lat' dir='ltr'><strong>Scri-</strong></span> 
     </span>
    </p>
   </div>
   <div class='ocr_carea' id='block_1_9' title="bbox 729 887 2288 960">
    <p class='ocr_par' dir='ltr' id='par_1_9' title="bbox 729 887 2288 960">
     <span class='ocr_line' id='line_1_9' title="bbox 729 887 2288 960; baseline 0.007 -20"><span class='ocrx_word' id='word_1_44' title='bbox 729 896 889 955; x_wconf 91' lang='lat' dir='ltr'><strong>ptura</strong></span> <span class='ocrx_word' id='word_1_45' title='bbox 940 887 1007 942; x_wconf 80' lang='lat'><strong>“&#39;.</strong></span> <span class='ocrx_word' id='word_1_46' title='bbox 1056 889 1229 956; x_wconf 73' lang='lat' dir='ltr'><strong>Igitur</strong></span> <span class='ocrx_word' id='word_1_47' title='bbox 1280 901 1336 945; x_wconf 91' lang='lat' dir='ltr'><strong>et</strong></span> <span class='ocrx_word' id='word_1_48' title='bbox 1387 893 1564 960; x_wconf 88' lang='lat' dir='ltr'><strong>ipsum</strong></span> <span class='ocrx_word' id='word_1_49' title='bbox 1597 892 1863 956; x_wconf 80' lang='lat' dir='ltr'><strong>Verbum,</strong></span> <span class='ocrx_word' id='word_1_50' title='bbox 1921 909 2018 948; x_wconf 89' lang='lat' dir='ltr'><strong>seu</strong></span> <span class='ocrx_word' id='word_1_51' title='bbox 2071 895 2288 960; x_wconf 88' lang='lat' dir='ltr'><strong>Sermo,</strong></span> 
     </span>
    </p>
   </div>
   <div class='ocr_carea' id='block_1_10' title="bbox 725 977 2293 1052">
    <p class='ocr_par' dir='ltr' id='par_1_10' title="bbox 725 977 2293 1052">
     <span class='ocr_line' id='line_1_10' title="bbox 725 977 2293 1052; baseline 0.008 -22"><span class='ocrx_word' id='word_1_52' title='bbox 725 977 1057 1048; x_wconf 82' lang='lat' dir='ltr'><strong>quandoque</strong></span> <span class='ocrx_word' id='word_1_53' title='bbox 1098 995 1342 1045; x_wconf 85' lang='lat' dir='ltr'><strong>sursum,</strong></span> <span class='ocrx_word' id='word_1_54' title='bbox 1377 984 1705 1052; x_wconf 87' lang='lat' dir='ltr'><strong>quandoque</strong></span> <span class='ocrx_word' id='word_1_55' title='bbox 1733 983 1990 1039; x_wconf 83' lang='lat' dir='ltr'><strong>deorsum</strong></span> <span class='ocrx_word' id='word_1_56' title='bbox 2025 1001 2147 1041; x_wconf 89' lang='lat' dir='ltr'><strong>esse</strong></span> <span class='ocrx_word' id='word_1_57' title='bbox 2178 987 2293 1042; x_wconf 76' lang='lat' dir='ltr'><strong>cxi-</strong></span> 
     </span>
    </p>
   </div>
   <div class='ocr_carea' id='block_1_11' title="bbox 727 1067 2290 1146">
    <p class='ocr_par' dir='ltr' id='par_1_11' title="bbox 727 1067 2290 1146">
     <span class='ocr_line' id='line_1_11' title="bbox 727 1067 2290 1146; baseline 0.006 -24"><span class='ocrx_word' id='word_1_58' title='bbox 727 1067 1004 1134; x_wconf 90' lang='lat' dir='ltr'><strong>stimatur,</strong></span> <span class='ocrx_word' id='word_1_59' title='bbox 1031 1086 1136 1141; x_wconf 89' lang='lat' dir='ltr'><strong>pro</strong></span> <span class='ocrx_word' id='word_1_60' title='bbox 1167 1088 1359 1126; x_wconf 88' lang='lat' dir='ltr'><strong>eorum</strong></span> <span class='ocrx_word' id='word_1_61' title='bbox 1384 1073 1597 1127; x_wconf 79' lang='lat' dir='ltr'><strong>scilicet</strong></span> <span class='ocrx_word' id='word_1_62' title='bbox 1620 1074 1909 1143; x_wconf 77' lang='lat' dir='ltr'><strong>dignitate,</strong></span> <span class='ocrx_word' id='word_1_63' title='bbox 1945 1075 2174 1146; x_wconf 86' lang='lat' dir='ltr'><strong>ipsaque</strong></span> <span class='ocrx_word' id='word_1_64' title='bbox 2202 1094 2290 1131; x_wconf 90' lang='lat' dir='ltr'><strong>ra-</strong></span> 
     </span>
    </p>
   </div>
   <div class='ocr_carea' id='block_1_12' title="bbox 726 1159 2294 1231">
    <p class='ocr_par' dir='ltr' id='par_1_12' title="bbox 726 1159 2294 1231">
     <span class='ocr_line' id='line_1_12' title="bbox 726 1159 2294 1231; baseline 0.007 -21"><span class='ocrx_word' id='word_1_65' title='bbox 726 1159 877 1213; x_wconf 84' lang='lat' dir='ltr'><strong>tione</strong></span> <span class='ocrx_word' id='word_1_66' title='bbox 906 1170 1002 1214; x_wconf 86' lang='lat' dir='ltr'><strong>aut</strong></span> <span class='ocrx_word' id='word_1_67' title='bbox 1028 1161 1212 1225; x_wconf 91' lang='lat' dir='ltr'><strong>modo,</strong></span> <span class='ocrx_word' id='word_1_68' title='bbox 1246 1162 1339 1231; x_wconf 90' lang='lat' dir='ltr'><strong>qui</strong></span> <span class='ocrx_word' id='word_1_69' title='bbox 1368 1162 1628 1216; x_wconf 79' lang='lat' dir='ltr'><strong>virtutem</strong></span> <span class='ocrx_word' id='word_1_70' title='bbox 1657 1163 1868 1227; x_wconf 90' lang='lat' dir='ltr'><strong>colunt,</strong></span> <span class='ocrx_word' id='word_1_71' title='bbox 1903 1173 1959 1219; x_wconf 92' lang='lat' dir='ltr'><strong>et</strong></span> <span class='ocrx_word' id='word_1_72' title='bbox 1980 1165 2126 1220; x_wconf 90' lang='lat' dir='ltr'><strong>circa</strong></span> <span class='ocrx_word' id='word_1_73' title='bbox 2152 1166 2294 1221; x_wconf 90' lang='lat' dir='ltr'><strong>divi-</strong></span> 
     </span>
    </p>
   </div>
   <div class='ocr_carea' id='block_1_13' title="bbox 726 1251 2291 1327">
    <p class='ocr_par' dir='ltr' id='par_1_13' title="bbox 726 1251 2291 1327">
     <span class='ocr_line' id='line_1_13' title="bbox 726 1251 2291 1327; baseline 0.006 -26"><span class='ocrx_word' id='word_1_74' title='bbox 726 1264 854 1303; x_wconf 85' lang='lat' dir='ltr'><strong>nam</strong></span> <span class='ocrx_word' id='word_1_75' title='bbox 897 1251 1184 1305; x_wconf 81' lang='lat' dir='ltr'><strong>scientiam</strong></span> <span class='ocrx_word' id='word_1_76' title='bbox 1223 1262 1534 1308; x_wconf 77' lang='lat' dir='ltr'><strong>moventur.</strong></span> <span class='ocrx_word' id='word_1_77' title='bbox 1590 1256 1862 1309; x_wconf 66' lang='lat' dir='ltr'><strong>Caeterum</strong></span> <span class='ocrx_word' id='word_1_78' title='bbox 1921 1256 2146 1319; x_wconf 91' lang='lat' dir='ltr'><strong>beatus,</strong></span> <span class='ocrx_word' id='word_1_79' title='bbox 2197 1259 2291 1327; x_wconf 91' lang='lat' dir='ltr'><strong>qui</strong></span> 
     </span>
    </p>
   </div>
   <div class='ocr_carea' id='block_1_14' title="bbox 728 1341 2295 1416">
    <p class='ocr_par' dir='ltr' id='par_1_14' title="bbox 728 1341 2295 1416">
     <span class='ocr_line' id='line_1_14' title="bbox 728 1341 2295 1416; baseline 0.006 -23"><span class='ocrx_word' id='word_1_80' title='bbox 728 1341 900 1395; x_wconf 87' lang='lat' dir='ltr'><strong>instar</strong></span> <span class='ocrx_word' id='word_1_81' title='bbox 923 1343 1052 1397; x_wconf 84' lang='lat' dir='ltr'><strong>Jesu</strong></span> <span class='ocrx_word' id='word_1_82' title='bbox 1087 1343 1183 1398; x_wconf 77' lang='lat' dir='ltr'><strong>lilii</strong></span> <span class='ocrx_word' id='word_1_83' title='bbox 1220 1344 1368 1399; x_wconf 83' lang='lat' dir='ltr'><strong>Nave</strong></span> <span class='ocrx_word' id='word_1_84' title='bbox 1395 1347 1461 1408; x_wconf 83' lang='lat'><strong>&quot;,</strong></span> <span class='ocrx_word' id='word_1_85' title='bbox 1488 1345 1670 1399; x_wconf 82' lang='lat' dir='ltr'><strong>Solem</strong></span> <span class='ocrx_word' id='word_1_86' title='bbox 1689 1347 1917 1416; x_wconf 64' lang='lat' dir='ltr'><strong>iustitia:</strong></span> <span class='ocrx_word' id='word_1_87' title='bbox 1949 1347 2002 1400; x_wconf 94' lang='lat' dir='ltr'><strong>in</strong></span> <span class='ocrx_word' id='word_1_88' title='bbox 2030 1364 2088 1402; x_wconf 87' lang='lat' dir='ltr'><strong>se</strong></span> <span class='ocrx_word' id='word_1_89' title='bbox 2109 1359 2295 1404; x_wconf 88' lang='lat' dir='ltr'><strong>servat</strong></span> 
     </span>
    </p>
   </div>
   <div class='ocr_carea' id='block_1_15' title="bbox 727 1431 2294 1510">
    <p class='ocr_par' dir='ltr' id='par_1_15' title="bbox 727 1431 2294 1510">
     <span class='ocr_line' id='line_1_15' title="bbox 727 1431 2294 1510; baseline 0.006 -26"><span class='ocrx_word' id='word_1_90' title='bbox 727 1431 796 1486; x_wconf 89' lang='lat' dir='ltr'><strong>ab</strong></span> <span class='ocrx_word' id='word_1_91' title='bbox 825 1448 1024 1488; x_wconf 85' lang='lat' dir='ltr'><strong>occasu</strong></span> <span class='ocrx_word' id='word_1_92' title='bbox 1059 1435 1296 1490; x_wconf 90' lang='lat' dir='ltr'><strong>liberum</strong></span> <span class='ocrx_word' id='word_1_93' title='bbox 1347 1437 1520 1505; x_wconf 85' lang='lat' dir='ltr'><strong>(nullo</strong></span> <span class='ocrx_word' id='word_1_94' title='bbox 1557 1437 1766 1491; x_wconf 87' lang='lat' dir='ltr'><strong>scilicet</strong></span> <span class='ocrx_word' id='word_1_95' title='bbox 1795 1439 2020 1492; x_wconf 72' lang='lat' dir='ltr'><strong>malitia:</strong></span> <span class='ocrx_word' id='word_1_96' title='bbox 2045 1456 2110 1493; x_wconf 91' lang='lat' dir='ltr'><strong>ac</strong></span> <span class='ocrx_word' id='word_1_97' title='bbox 2141 1441 2294 1510; x_wconf 81' lang='lat' dir='ltr'><strong>igno-</strong></span> 
     </span>
    </p>
   </div>
   <div class='ocr_carea' id='block_1_16' title="bbox 727 1523 2296 1598">
    <p class='ocr_par' dir='ltr' id='par_1_16' title="bbox 727 1523 2296 1598">
     <span class='ocr_line' id='line_1_16' title="bbox 727 1523 2296 1598; baseline 0.007 -24"><span class='ocrx_word' id='word_1_98' title='bbox 727 1523 920 1578; x_wconf 72' lang='lat' dir='ltr'><strong>rantia:</strong></span> <span class='ocrx_word' id='word_1_99' title='bbox 942 1539 1168 1593; x_wconf 82' lang='lat' dir='ltr'><strong>vespere</strong></span> <span class='ocrx_word' id='word_1_100' title='bbox 1191 1527 1694 1596; x_wconf 83' lang='lat' dir='ltr'><strong>circumscriptum)</strong></span> <span class='ocrx_word' id='word_1_101' title='bbox 1729 1529 1971 1598; x_wconf 90' lang='lat' dir='ltr'><strong>quandiu</strong></span> <span class='ocrx_word' id='word_1_102' title='bbox 2006 1531 2296 1598; x_wconf 72' lang='lat' dir='ltr'><strong>praesentis</strong></span> 
     </span>
    </p>
   </div>
   <div class='ocr_carea' id='block_1_17' title="bbox 728 1614 2293 1688">
    <p class='ocr_par' dir='ltr' id='par_1_17' title="bbox 728 1614 2293 1688">
     <span class='ocr_line' id='line_1_17' title="bbox 728 1614 2293 1688; baseline 0.006 -24"><span class='ocrx_word' id='word_1_103' title='bbox 728 1614 854 1668; x_wconf 70' lang='lat' dir='ltr'><strong>vitae</strong></span> <span class='ocrx_word' id='word_1_104' title='bbox 887 1615 997 1668; x_wconf 88' lang='lat' dir='ltr'><strong>diei</strong></span> <span class='ocrx_word' id='word_1_105' title='bbox 1025 1616 1169 1670; x_wconf 90' lang='lat' dir='ltr'><strong>linea</strong></span> <span class='ocrx_word' id='word_1_106' title='bbox 1219 1617 1498 1683; x_wconf 86' lang='lat' dir='ltr'><strong>tenditur;</strong></span> <span class='ocrx_word' id='word_1_107' title='bbox 1533 1634 1643 1687; x_wconf 90' lang='lat' dir='ltr'><strong>quo</strong></span> <span class='ocrx_word' id='word_1_108' title='bbox 1687 1619 2039 1688; x_wconf 81' lang='lat' dir='ltr'><strong>insurgentes</strong></span> <span class='ocrx_word' id='word_1_109' title='bbox 2083 1621 2137 1674; x_wconf 93' lang='lat' dir='ltr'><strong>in</strong></span> <span class='ocrx_word' id='word_1_110' title='bbox 2165 1636 2293 1674; x_wconf 89' lang='lat' dir='ltr'><strong>eum</strong></span> 
     </span>
    </p>
   </div>
   <div class='ocr_carea' id='block_1_18' title="bbox 728 1705 2295 1781">
    <p class='ocr_par' dir='ltr' id='par_1_18' title="bbox 728 1705 2295 1781">
     <span class='ocr_line' id='line_1_18' title="bbox 728 1705 2295 1781; baseline 0.006 -24"><span class='ocrx_word' id='word_1_111' title='bbox 728 1705 1101 1773; x_wconf 89' lang='lat' dir='ltr'><strong>nequissimos</strong></span> <span class='ocrx_word' id='word_1_112' title='bbox 1129 1706 1429 1772; x_wconf 57' lang='lat' dir='ltr'><strong>daemones,</strong></span> <span class='ocrx_word' id='word_1_113' title='bbox 1460 1709 1701 1777; x_wconf 80' lang='lat' dir='ltr'><strong>legitime</strong></span> <span class='ocrx_word' id='word_1_114' title='bbox 1741 1710 1972 1765; x_wconf 80' lang='lat' dir='ltr'><strong>fundere</strong></span> <span class='ocrx_word' id='word_1_115' title='bbox 2001 1721 2165 1781; x_wconf 89' lang='lat' dir='ltr'><strong>atque</strong></span> <span class='ocrx_word' id='word_1_116' title='bbox 2205 1713 2295 1767; x_wconf 81' lang='lat' dir='ltr'><strong>fu-</strong></span> 
     </span>
    </p>
   </div>
   <div class='ocr_carea' id='block_1_19' title="bbox 728 1797 1302 1863">
    <p class='ocr_par' dir='ltr' id='par_1_19' title="bbox 728 1797 1302 1863">
     <span class='ocr_line' id='line_1_19' title="bbox 728 1797 1302 1863; baseline 0.003 -15"><span class='ocrx_word' id='word_1_117' title='bbox 728 1811 859 1863; x_wconf 71' lang='lat' dir='ltr'><strong>gare</strong></span> <span class='ocrx_word' id='word_1_118' title='bbox 894 1797 972 1850; x_wconf 93' lang='lat' dir='ltr'><strong>llli</strong></span> <span class='ocrx_word' id='word_1_119' title='bbox 1003 1798 1302 1852; x_wconf 84' lang='lat' dir='ltr'><strong>tribuatur.</strong></span> 
     </span>
    </p>
   </div>
   <div class='ocr_carea' id='block_1_20' title="bbox 797 1884 2370 1950">
    <p class='ocr_par' dir='ltr' id='par_1_20' title="bbox 797 1884 2370 1950">
     <span class='ocr_line' id='line_1_20' title="bbox 797 1884 2370 1950; baseline 0.006 -8"><span class='ocrx_word' id='word_1_120' title='bbox 797 1887 885 1942; x_wconf 74' lang='lat'><strong>32.</strong></span> <span class='ocrx_word' id='word_1_121' title='bbox 925 1887 1209 1944; x_wconf 80' lang='lat' dir='ltr'><strong>Exaltatus</strong></span> <span class='ocrx_word' id='word_1_122' title='bbox 1239 1889 1293 1944; x_wconf 91' lang='lat' dir='ltr'><strong>in</strong></span> <span class='ocrx_word' id='word_1_123' title='bbox 1320 1891 1480 1945; x_wconf 90' lang='lat' dir='ltr'><strong>nobis</strong></span> <span class='ocrx_word' id='word_1_124' title='bbox 1511 1893 1605 1946; x_wconf 89' lang='lat' dir='ltr'><strong>Dei</strong></span> <span class='ocrx_word' id='word_1_125' title='bbox 1637 1892 1830 1947; x_wconf 85' lang='lat' dir='ltr'><strong>Sermo</strong></span> <span class='ocrx_word' id='word_1_126' title='bbox 1867 1894 2104 1949; x_wconf 89' lang='lat' dir='ltr'><strong>actionis</strong></span> <span class='ocrx_word' id='word_1_127' title='bbox 2147 1897 2298 1950; x_wconf 87' lang='lat' dir='ltr'><strong>cultu</strong></span> <span class='ocrx_word' id='word_1_128' title='bbox 2334 1884 2370 1937; x_wconf 77' lang='grc' dir='ltr'><strong><em>Β</em></strong></span> 
     </span>
    </p>
   </div>
   <div class='ocr_carea' id='block_1_21' title="bbox 728 1979 2302 2051">
    <p class='ocr_par' dir='ltr' id='par_1_21' title="bbox 728 1979 2302 2051">
     <span class='ocr_line' id='line_1_21' title="bbox 728 1979 2302 2051; baseline 0.005 -18"><span class='ocrx_word' id='word_1_129' title='bbox 728 1985 786 2033; x_wconf 86' lang='lat' dir='ltr'><strong>ct</strong></span> <span class='ocrx_word' id='word_1_130' title='bbox 806 1979 1314 2050; x_wconf 89' lang='lat' dir='ltr'><strong>contemplationis,</strong></span> <span class='ocrx_word' id='word_1_131' title='bbox 1357 1995 1548 2036; x_wconf 84' lang='lat' dir='ltr'><strong>omnes</strong></span> <span class='ocrx_word' id='word_1_132' title='bbox 1573 1983 1640 2036; x_wconf 88' lang='lat' dir='ltr'><strong>ad</strong></span> <span class='ocrx_word' id='word_1_133' title='bbox 1667 1999 1726 2037; x_wconf 90' lang='lat' dir='ltr'><strong>sc</strong></span> <span class='ocrx_word' id='word_1_134' title='bbox 1758 1985 1927 2038; x_wconf 79' lang='lat' dir='ltr'><strong>trahit</strong></span> <span class='ocrx_word' id='word_1_135' title='bbox 1967 1987 2046 2051; x_wconf 78' lang='lat'><strong>&#39;°;</strong></span> <span class='ocrx_word' id='word_1_136' title='bbox 2085 1995 2302 2041; x_wconf 85' lang='lat' dir='ltr'><strong>nostras</strong></span> 
     </span>
    </p>
   </div>
   <div class='ocr_carea' id='block_1_22' title="bbox 730 2069 2303 2142">
    <p class='ocr_par' dir='ltr' id='par_1_22' title="bbox 730 2069 2303 2142">
     <span class='ocr_line' id='line_1_22' title="bbox 730 2069 2303 2142; baseline 0.006 -21"><span class='ocrx_word' id='word_1_137' title='bbox 730 2069 947 2126; x_wconf 87' lang='lat' dir='ltr'><strong>scilicet</strong></span> <span class='ocrx_word' id='word_1_138' title='bbox 979 2080 1095 2126; x_wconf 88' lang='lat' dir='ltr'><strong>tum</strong></span> <span class='ocrx_word' id='word_1_139' title='bbox 1129 2073 1491 2142; x_wconf 80' lang='lat' dir='ltr'><strong>cogitationes</strong></span> <span class='ocrx_word' id='word_1_140' title='bbox 1537 2083 1650 2127; x_wconf 90' lang='lat' dir='ltr'><strong>tum</strong></span> <span class='ocrx_word' id='word_1_141' title='bbox 1697 2075 1970 2140; x_wconf 83' lang='lat' dir='ltr'><strong>rationes,</strong></span> <span class='ocrx_word' id='word_1_142' title='bbox 2006 2077 2153 2130; x_wconf 91' lang='lat' dir='ltr'><strong>circa</strong></span> <span class='ocrx_word' id='word_1_143' title='bbox 2183 2092 2303 2130; x_wconf 83' lang='lat' dir='ltr'><strong>car-</strong></span> 
     </span>
    </p>
   </div>
   <div class='ocr_carea' id='block_1_23' title="bbox 730 2164 2300 2238">
    <p class='ocr_par' dir='ltr' id='par_1_23' title="bbox 730 2164 2300 2238">
     <span class='ocr_line' id='line_1_23' title="bbox 730 2164 2300 2238; baseline 0.004 -23"><span class='ocrx_word' id='word_1_144' title='bbox 730 2178 857 2216; x_wconf 83' lang='lat' dir='ltr'><strong>nem</strong></span> <span class='ocrx_word' id='word_1_145' title='bbox 905 2164 1256 2235; x_wconf 90' lang='lat' dir='ltr'><strong>animamque</strong></span> <span class='ocrx_word' id='word_1_146' title='bbox 1303 2181 1367 2220; x_wconf 92' lang='lat' dir='ltr'><strong>ac</strong></span> <span class='ocrx_word' id='word_1_147' title='bbox 1412 2181 1662 2222; x_wconf 90' lang='lat' dir='ltr'><strong>naturam</strong></span> <span class='ocrx_word' id='word_1_148' title='bbox 1703 2174 2020 2234; x_wconf 85' lang='lat' dir='ltr'><strong>versantes;</strong></span> <span class='ocrx_word' id='word_1_149' title='bbox 2073 2168 2300 2238; x_wconf 86' lang='lat' dir='ltr'><strong>ipsaque</strong></span> 
     </span>
    </p>
   </div>
   <div class='ocr_carea' id='block_1_24' title="bbox 727 2253 2301 2325">
    <p class='ocr_par' dir='ltr' id='par_1_24' title="bbox 727 2253 2301 2325">
     <span class='ocr_line' id='line_1_24' title="bbox 727 2253 2301 2325; baseline 0.005 -19"><span class='ocrx_word' id='word_1_150' title='bbox 727 2253 868 2308; x_wconf 81' lang='lat' dir='ltr'><strong>aleo</strong></span> <span class='ocrx_word' id='word_1_151' title='bbox 900 2255 1147 2309; x_wconf 90' lang='lat' dir='ltr'><strong>membra</strong></span> <span class='ocrx_word' id='word_1_152' title='bbox 1190 2257 1443 2325; x_wconf 91' lang='lat' dir='ltr'><strong>corporis</strong></span> <span class='ocrx_word' id='word_1_153' title='bbox 1485 2272 1549 2312; x_wconf 92' lang='lat' dir='ltr'><strong>ac</strong></span> <span class='ocrx_word' id='word_1_154' title='bbox 1582 2271 1780 2312; x_wconf 89' lang='lat' dir='ltr'><strong>sensus</strong></span> <span class='ocrx_word' id='word_1_155' title='bbox 1809 2259 2015 2313; x_wconf 90' lang='lat' dir='ltr'><strong>virtute</strong></span> <span class='ocrx_word' id='word_1_156' title='bbox 2038 2260 2301 2314; x_wconf 87' lang='lat' dir='ltr'><strong>scientia-</strong></span> 
     </span>
    </p>
   </div>
   <div class='ocr_carea' id='block_1_25' title="bbox 727 2345 2298 2420">
    <p class='ocr_par' dir='ltr' id='par_1_25' title="bbox 727 2345 2298 2420">
     <span class='ocr_line' id='line_1_25' title="bbox 727 2345 2298 2420; baseline 0.006 -22"><span class='ocrx_word' id='word_1_157' title='bbox 727 2360 836 2413; x_wconf 89' lang='lat' dir='ltr'><strong>que</strong></span> <span class='ocrx_word' id='word_1_158' title='bbox 869 2345 1251 2410; x_wconf 83' lang='lat' dir='ltr'><strong>sanctiﬁcans,</strong></span> <span class='ocrx_word' id='word_1_159' title='bbox 1282 2358 1445 2416; x_wconf 88' lang='lat' dir='ltr'><strong>atque</strong></span> <span class='ocrx_word' id='word_1_160' title='bbox 1475 2348 1580 2402; x_wconf 89' lang='lat' dir='ltr'><strong>sub</strong></span> <span class='ocrx_word' id='word_1_161' title='bbox 1623 2363 1782 2402; x_wconf 91' lang='lat' dir='ltr'><strong>suum</strong></span> <span class='ocrx_word' id='word_1_162' title='bbox 1821 2349 2047 2405; x_wconf 87' lang='lat' dir='ltr'><strong>mittens</strong></span> <span class='ocrx_word' id='word_1_163' title='bbox 2084 2351 2298 2420; x_wconf 77' lang='lat' dir='ltr'><strong>jugum.</strong></span> 
     </span>
    </p>
   </div>
   <div class='ocr_carea' id='block_1_26' title="bbox 728 2434 2302 2506">
    <p class='ocr_par' dir='ltr' id='par_1_26' title="bbox 728 2434 2302 2506">
     <span class='ocr_line' id='line_1_26' title="bbox 728 2434 2302 2506; baseline 0.007 -21"><span class='ocrx_word' id='word_1_164' title='bbox 728 2434 832 2499; x_wconf 88' lang='lat' dir='ltr'><strong>Qui</strong></span> <span class='ocrx_word' id='word_1_165' title='bbox 873 2435 1042 2503; x_wconf 79' lang='lat' dir='ltr'><strong>igitur</strong></span> <span class='ocrx_word' id='word_1_166' title='bbox 1092 2436 1403 2491; x_wconf 88' lang='lat' dir='ltr'><strong>divinorum</strong></span> <span class='ocrx_word' id='word_1_167' title='bbox 1449 2439 1728 2506; x_wconf 82' lang='lat' dir='ltr'><strong>inspector</strong></span> <span class='ocrx_word' id='word_1_168' title='bbox 1752 2448 1856 2503; x_wconf 89' lang='lat' dir='ltr'><strong>est,</strong></span> <span class='ocrx_word' id='word_1_169' title='bbox 1882 2440 2082 2494; x_wconf 81' lang='lat' dir='ltr'><strong>festiue</strong></span> <span class='ocrx_word' id='word_1_170' title='bbox 2108 2455 2302 2495; x_wconf 78' lang='lat' dir='ltr'><strong>ascen-</strong></span> 
     </span>
    </p>
   </div>
   <div class='ocr_carea' id='block_1_27' title="bbox 728 2522 2301 2598">
    <p class='ocr_par' dir='ltr' id='par_1_27' title="bbox 728 2522 2301 2598">
     <span class='ocr_line' id='line_1_27' title="bbox 728 2522 2301 2598; baseline 0.007 -24"><span class='ocrx_word' id='word_1_171' title='bbox 728 2522 823 2576; x_wconf 86' lang='lat' dir='ltr'><strong>dat</strong></span> <span class='ocrx_word' id='word_1_172' title='bbox 846 2523 1168 2578; x_wconf 89' lang='lat' dir='ltr'><strong>Sermonem</strong></span> <span class='ocrx_word' id='word_1_173' title='bbox 1199 2540 1456 2594; x_wconf 89' lang='lat' dir='ltr'><strong>sequens,</strong></span> <span class='ocrx_word' id='word_1_174' title='bbox 1479 2526 1655 2581; x_wconf 84' lang='lat' dir='ltr'><strong>donec</strong></span> <span class='ocrx_word' id='word_1_175' title='bbox 1674 2527 1740 2580; x_wconf 92' lang='lat' dir='ltr'><strong>ad</strong></span> <span class='ocrx_word' id='word_1_176' title='bbox 1766 2528 1968 2592; x_wconf 91' lang='lat' dir='ltr'><strong>locum,</strong></span> <span class='ocrx_word' id='word_1_177' title='bbox 1995 2529 2048 2582; x_wconf 94' lang='lat' dir='ltr'><strong>in</strong></span> <span class='ocrx_word' id='word_1_178' title='bbox 2075 2545 2184 2598; x_wconf 91' lang='lat' dir='ltr'><strong>quo</strong></span> <span class='ocrx_word' id='word_1_179' title='bbox 2210 2531 2301 2586; x_wconf 92' lang='lat' dir='ltr'><strong>ille</strong></span> 
     </span>
    </p>
   </div>
   <div class='ocr_carea' id='block_1_28' title="bbox 728 2615 2303 2686">
    <p class='ocr_par' dir='ltr' id='par_1_28' title="bbox 728 2615 2303 2686">
     <span class='ocr_line' id='line_1_28' title="bbox 728 2615 2303 2686; baseline 0.005 -22"><span class='ocrx_word' id='word_1_180' title='bbox 728 2619 1001 2676; x_wconf 84' lang='lat' dir='ltr'><strong>versatur,</strong></span> <span class='ocrx_word' id='word_1_181' title='bbox 1027 2615 1332 2683; x_wconf 86' lang='lat' dir='ltr'><strong>perveniat.</strong></span> <span class='ocrx_word' id='word_1_182' title='bbox 1374 2615 1491 2669; x_wconf 86' lang='lat' dir='ltr'><strong>lllic</strong></span> <span class='ocrx_word' id='word_1_183' title='bbox 1517 2617 1664 2670; x_wconf 90' lang='lat' dir='ltr'><strong>enim</strong></span> <span class='ocrx_word' id='word_1_184' title='bbox 1719 2618 1904 2679; x_wconf 86' lang='lat' dir='ltr'><strong>trahit,</strong></span> <span class='ocrx_word' id='word_1_185' title='bbox 1945 2618 2303 2686; x_wconf 88' lang='lat' dir='ltr'><strong>quemadmo—</strong></span> 
     </span>
    </p>
   </div>
   <div class='ocr_carea' id='block_1_29' title="bbox 728 2703 2298 2774">
    <p class='ocr_par' dir='ltr' id='par_1_29' title="bbox 728 2703 2298 2774">
     <span class='ocr_line' id='line_1_29' title="bbox 728 2703 2298 2774; baseline 0.002 -18"><span class='ocrx_word' id='word_1_186' title='bbox 728 2703 862 2757; x_wconf 83' lang='lat' dir='ltr'><strong>dum</strong></span> <span class='ocrx_word' id='word_1_187' title='bbox 886 2703 962 2757; x_wconf 92' lang='lat' dir='ltr'><strong>ait</strong></span> <span class='ocrx_word' id='word_1_188' title='bbox 988 2704 1368 2769; x_wconf 88' lang='lat' dir='ltr'><strong>Ecclesiastes,</strong></span> <span class='ocrx_word' id='word_1_189' title='bbox 1391 2707 1622 2774; x_wconf 83' lang='lat' dir='ltr'><strong>atquein</strong></span> <span class='ocrx_word' id='word_1_190' title='bbox 1649 2705 1819 2759; x_wconf 83' lang='lat' dir='ltr'><strong>locum</strong></span> <span class='ocrx_word' id='word_1_191' title='bbox 1851 2723 2007 2760; x_wconf 87' lang='lat' dir='ltr'><strong>suum</strong></span> <span class='ocrx_word' id='word_1_192' title='bbox 2038 2708 2201 2761; x_wconf 79' lang='lat' dir='ltr'><strong>trahit</strong></span> <span class='ocrx_word' id='word_1_193' title='bbox 2229 2709 2298 2772; x_wconf 69' lang='grc' dir='ltr'>ἰς</span> 
     </span>
    </p>
   </div>
   <div class='ocr_carea' id='block_1_30' title="bbox 727 2797 2301 2868">
    <p class='ocr_par' dir='ltr' id='par_1_30' title="bbox 727 2797 2301 2868">
     <span class='ocr_line' id='line_1_30' title="bbox 727 2797 2301 2868; baseline 0.001 -18"><span class='ocrx_word' id='word_1_194' title='bbox 727 2809 826 2850; x_wconf 86' lang='lat' dir='ltr'><strong>eos</strong></span> <span class='ocrx_word' id='word_1_195' title='bbox 866 2812 1086 2865; x_wconf 90' lang='lat' dir='ltr'><strong>nempe,</strong></span> <span class='ocrx_word' id='word_1_196' title='bbox 1127 2797 1222 2865; x_wconf 91' lang='lat' dir='ltr'><strong>qui</strong></span> <span class='ocrx_word' id='word_1_197' title='bbox 1265 2797 1418 2851; x_wconf 87' lang='lat' dir='ltr'><strong>velut</strong></span> <span class='ocrx_word' id='word_1_198' title='bbox 1455 2813 1712 2867; x_wconf 86' lang='lat' dir='ltr'><strong>magnum</strong></span> <span class='ocrx_word' id='word_1_199' title='bbox 1740 2798 2086 2863; x_wconf 84' lang='lat' dir='ltr'><strong>Pontiﬁcem,</strong></span> <span class='ocrx_word' id='word_1_200' title='bbox 2124 2807 2181 2852; x_wconf 90' lang='lat' dir='ltr'><strong>et</strong></span> <span class='ocrx_word' id='word_1_201' title='bbox 2206 2798 2301 2868; x_wconf 91' lang='lat' dir='ltr'><strong>qui</strong></span> 
     </span>
    </p>
   </div>
   <div class='ocr_carea' id='block_1_31' title="bbox 730 2887 2302 2959">
    <p class='ocr_par' dir='ltr' id='par_1_31' title="bbox 730 2887 2302 2959">
     <span class='ocr_line' id='line_1_31' title="bbox 730 2887 2302 2959; baseline 0.002 -18"><span class='ocrx_word' id='word_1_202' title='bbox 730 2888 955 2943; x_wconf 89' lang='lat' dir='ltr'><strong>inducat</strong></span> <span class='ocrx_word' id='word_1_203' title='bbox 987 2889 1042 2942; x_wconf 94' lang='lat' dir='ltr'><strong>in</strong></span> <span class='ocrx_word' id='word_1_204' title='bbox 1070 2887 1269 2944; x_wconf 90' lang='lat' dir='ltr'><strong>Sancta</strong></span> <span class='ocrx_word' id='word_1_205' title='bbox 1299 2900 1612 2943; x_wconf 90' lang='lat' dir='ltr'><strong>sanctorum</strong></span> <span class='ocrx_word' id='word_1_206' title='bbox 1640 2930 1654 2950; x_wconf 91' lang='lat'><strong>,</strong></span> <span class='ocrx_word' id='word_1_207' title='bbox 1683 2899 2025 2958; x_wconf 83' lang='lat' dir='ltr'><strong>sequuntur;</strong></span> <span class='ocrx_word' id='word_1_208' title='bbox 2066 2904 2176 2959; x_wconf 90' lang='lat' dir='ltr'><strong>quo</strong></span> <span class='ocrx_word' id='word_1_209' title='bbox 2211 2890 2302 2944; x_wconf 91' lang='lat' dir='ltr'><strong>ille</strong></span> 
     </span>
    </p>
   </div>
   <div class='ocr_carea' id='block_1_32' title="bbox 729 2977 2302 3048">
    <p class='ocr_par' dir='ltr' id='par_1_32' title="bbox 729 2977 2302 3048">
     <span class='ocr_line' id='line_1_32' title="bbox 729 2977 2302 3048; baseline 0.001 -17"><span class='ocrx_word' id='word_1_210' title='bbox 729 2993 772 3031; x_wconf 80' lang='lat' dir='ltr'><strong>St</strong></span> <span class='ocrx_word' id='word_1_211' title='bbox 793 2979 1033 3034; x_wconf 90' lang='lat' dir='ltr'><strong>cundum</strong></span> <span class='ocrx_word' id='word_1_212' title='bbox 1065 2977 1213 3047; x_wconf 83' lang='lat' dir='ltr'><strong>quod</strong></span> <span class='ocrx_word' id='word_1_213' title='bbox 1238 2979 1422 3040; x_wconf 93' lang='lat' dir='ltr'><strong>homo,</strong></span> <span class='ocrx_word' id='word_1_214' title='bbox 1447 2995 1541 3048; x_wconf 88' lang='lat' dir='ltr'><strong>pro</strong></span> <span class='ocrx_word' id='word_1_215' title='bbox 1560 2979 1704 3031; x_wconf 85' lang='lat' dir='ltr'><strong>nobis</strong></span> <span class='ocrx_word' id='word_1_216' title='bbox 1721 2994 2014 3048; x_wconf 72' lang='lat' dir='ltr'><strong>pra&#39;cursor</strong></span> <span class='ocrx_word' id='word_1_217' title='bbox 2037 2980 2302 3048; x_wconf 81' lang='lat' dir='ltr'><strong>ingressus</strong></span> 
     </span>
    </p>
   </div>
   <div class='ocr_carea' id='block_1_33' title="bbox 732 3070 907 3125">
    <p class='ocr_par' dir='ltr' id='par_1_33' title="bbox 732 3070 907 3125">
     <span class='ocr_line' id='line_1_33' title="bbox 732 3070 907 3125; baseline 0.006 -1"><span class='ocrx_word' id='word_1_218' title='bbox 732 3077 809 3124; x_wconf 85' lang='lat' dir='ltr'><strong>est</strong></span> <span class='ocrx_word' id='word_1_219' title='bbox 837 3070 907 3125; x_wconf 83' lang='grc'><strong>⁹².</strong></span> 
     </span>
    </p>
   </div>
   <div class='ocr_carea' id='block_1_34' title="bbox 804 3161 2300 3232">
    <p class='ocr_par' dir='ltr' id='par_1_34' title="bbox 804 3161 2300 3232">
     <span class='ocr_line' id='line_1_34' title="bbox 804 3161 2300 3232; baseline -0.001 -16"><span class='ocrx_word' id='word_1_220' title='bbox 804 3163 894 3217; x_wconf 77' lang='grc'><strong>55.</strong></span> <span class='ocrx_word' id='word_1_221' title='bbox 936 3161 1040 3228; x_wconf 87' lang='lat' dir='ltr'><strong>Qui</strong></span> <span class='ocrx_word' id='word_1_222' title='bbox 1085 3162 1308 3232; x_wconf 87' lang='lat' dir='ltr'><strong>pietatis</strong></span> <span class='ocrx_word' id='word_1_223' title='bbox 1358 3161 1665 3216; x_wconf 87' lang='lat' dir='ltr'><strong>rationibus</strong></span> <span class='ocrx_word' id='word_1_224' title='bbox 1710 3161 2008 3216; x_wconf 75' lang='lat' dir='ltr'><strong>hmrcntem</strong></span> <span class='ocrx_word' id='word_1_225' title='bbox 2056 3161 2300 3231; x_wconf 88' lang='lat' dir='ltr'><strong>philoso-</strong></span> 
     </span>
    </p>
   </div>
   <div class='ocr_carea' id='block_1_35' title="bbox 732 3251 2302 3324">
    <p class='ocr_par' dir='ltr' id='par_1_35' title="bbox 732 3251 2302 3324">
     <span class='ocr_line' id='line_1_35' title="bbox 732 3251 2302 3324; baseline -0.002 -17"><span class='ocrx_word' id='word_1_226' title='bbox 732 3253 918 3324; x_wconf 88' lang='lat' dir='ltr'><strong>phiam</strong></span> <span class='ocrx_word' id='word_1_227' title='bbox 948 3253 1122 3315; x_wconf 91' lang='lat' dir='ltr'><strong>colit,</strong></span> <span class='ocrx_word' id='word_1_228' title='bbox 1175 3253 1579 3321; x_wconf 90' lang='lat' dir='ltr'><strong>adversumque</strong></span> <span class='ocrx_word' id='word_1_229' title='bbox 1609 3251 2031 3322; x_wconf 89' lang='lat' dir='ltr'><strong>inaspectabilcs</strong></span> <span class='ocrx_word' id='word_1_230' title='bbox 2059 3259 2302 3320; x_wconf 89' lang='lat' dir='ltr'><strong>potesta-</strong></span> 
     </span>
    </p>
   </div>
   <div class='ocr_carea' id='block_1_36' title="bbox 733 3342 2305 3412">
    <p class='ocr_par' dir='ltr' id='par_1_36' title="bbox 733 3342 2305 3412">
     <span class='ocr_line' id='line_1_36' title="bbox 733 3342 2305 3412; baseline -0.002 -14"><span class='ocrx_word' id='word_1_231' title='bbox 733 3353 822 3398; x_wconf 89' lang='lat' dir='ltr'><strong>tes</strong></span> <span class='ocrx_word' id='word_1_232' title='bbox 867 3343 1136 3399; x_wconf 90' lang='lat' dir='ltr'><strong>instructa</strong></span> <span class='ocrx_word' id='word_1_233' title='bbox 1189 3343 1308 3400; x_wconf 87' lang='lat' dir='ltr'><strong>acie</strong></span> <span class='ocrx_word' id='word_1_234' title='bbox 1354 3343 1632 3404; x_wconf 86' lang='lat' dir='ltr'><strong>consistit,</strong></span> <span class='ocrx_word' id='word_1_235' title='bbox 1685 3342 1944 3412; x_wconf 90' lang='lat' dir='ltr'><strong>precibus</strong></span> <span class='ocrx_word' id='word_1_236' title='bbox 1975 3351 2208 3412; x_wconf 82' lang='lat' dir='ltr'><strong>satagat,</strong></span> <span class='ocrx_word' id='word_1_237' title='bbox 2242 3351 2305 3395; x_wconf 92' lang='lat' dir='ltr'><strong>ut</strong></span> 
     </span>
    </p>
   </div>
   <div class='ocr_carea' id='block_1_37' title="bbox 733 3431 2304 3503">
    <p class='ocr_par' dir='ltr' id='par_1_37' title="bbox 733 3431 2304 3503">
     <span class='ocr_line' id='line_1_37' title="bbox 733 3431 2304 3503; baseline -0.001 -17"><span class='ocrx_word' id='word_1_238' title='bbox 733 3443 851 3487; x_wconf 90' lang='lat' dir='ltr'><strong>tum</strong></span> <span class='ocrx_word' id='word_1_239' title='bbox 875 3433 1145 3489; x_wconf 85' lang='lat' dir='ltr'><strong>naturalis</strong></span> <span class='ocrx_word' id='word_1_240' title='bbox 1161 3433 1424 3489; x_wconf 89' lang='lat' dir='ltr'><strong>discretio</strong></span> <span class='ocrx_word' id='word_1_241' title='bbox 1441 3433 1623 3503; x_wconf 84' lang='lat' dir='ltr'><strong>(cujus</strong></span> <span class='ocrx_word' id='word_1_242' title='bbox 1645 3432 1922 3487; x_wconf 90' lang='lat' dir='ltr'><strong>modicum</strong></span> <span class='ocrx_word' id='word_1_243' title='bbox 1951 3431 2137 3486; x_wconf 90' lang='lat' dir='ltr'><strong>lumen</strong></span> <span class='ocrx_word' id='word_1_244' title='bbox 2158 3431 2304 3484; x_wconf 79' lang='lat' dir='ltr'><strong>exsi-</strong></span> 
     </span>
    </p>
   </div>
   <div class='ocr_carea' id='block_1_38' title="bbox 732 3519 2303 3592">
    <p class='ocr_par' dir='ltr' id='par_1_38' title="bbox 732 3519 2303 3592">
     <span class='ocr_line' id='line_1_38' title="bbox 732 3519 2303 3592; baseline -0.004 -14"><span class='ocrx_word' id='word_1_245' title='bbox 732 3525 888 3592; x_wconf 83' lang='lat' dir='ltr'><strong>stat),</strong></span> <span class='ocrx_word' id='word_1_246' title='bbox 927 3534 1042 3578; x_wconf 90' lang='lat' dir='ltr'><strong>tum</strong></span> <span class='ocrx_word' id='word_1_247' title='bbox 1068 3523 1425 3579; x_wconf 76' lang='lat' dir='ltr'><strong>illuminatrix</strong></span> <span class='ocrx_word' id='word_1_248' title='bbox 1448 3521 1688 3592; x_wconf 89' lang='lat' dir='ltr'><strong>Spiritus</strong></span> <span class='ocrx_word' id='word_1_249' title='bbox 1709 3522 1906 3590; x_wconf 81' lang='lat' dir='ltr'><strong>gratia,</strong></span> <span class='ocrx_word' id='word_1_250' title='bbox 1938 3519 2015 3573; x_wconf 92' lang='lat' dir='ltr'><strong>illi</strong></span> <span class='ocrx_word' id='word_1_251' title='bbox 2045 3527 2303 3573; x_wconf 89' lang='lat' dir='ltr'><strong>maneant</strong></span> 
     </span>
    </p>
   </div>
   <div class='ocr_carea' id='block_1_39' title="bbox 731 3611 2299 3686">
    <p class='ocr_par' dir='ltr' id='par_1_39' title="bbox 731 3611 2299 3686">
     <span class='ocr_line' id='line_1_39' title="bbox 731 3611 2299 3686; baseline -0.006 -14"><span class='ocrx_word' id='word_1_252' title='bbox 731 3631 797 3672; x_wconf 78' lang='lat' dir='ltr'><strong>ac</strong></span> <span class='ocrx_word' id='word_1_253' title='bbox 825 3615 1158 3686; x_wconf 76' lang='lat' dir='ltr'><strong>pervigeant.</strong></span> <span class='ocrx_word' id='word_1_254' title='bbox 1195 3614 1327 3668; x_wconf 85' lang='lat' dir='ltr'><strong>Nam</strong></span> <span class='ocrx_word' id='word_1_255' title='bbox 1355 3614 1508 3683; x_wconf 89' lang='lat' dir='ltr'><strong>prior</strong></span> <span class='ocrx_word' id='word_1_256' title='bbox 1541 3612 1761 3683; x_wconf 88' lang='lat' dir='ltr'><strong>quidem</strong></span> <span class='ocrx_word' id='word_1_257' title='bbox 1784 3653 1798 3676; x_wconf 94' lang='lat'><strong>,</strong></span> <span class='ocrx_word' id='word_1_258' title='bbox 1837 3611 2072 3666; x_wconf 86' lang='lat' dir='ltr'><strong>actionis</strong></span> <span class='ocrx_word' id='word_1_259' title='bbox 2111 3611 2262 3665; x_wconf 89' lang='lat' dir='ltr'><strong>cultu</strong></span> <span class='ocrx_word' id='word_1_260' title='bbox 2284 3652 2299 3673; x_wconf 96' lang='lat'><strong>,</strong></span> 
     </span>
    </p>
   </div>
   <div class='ocr_carea' id='block_1_40' title="bbox 731 3703 2302 3768">
    <p class='ocr_par' dir='ltr' id='par_1_40' title="bbox 731 3703 2302 3768">
     <span class='ocr_line' id='line_1_40' title="bbox 731 3703 2302 3768; baseline -0.003 -6"><span class='ocrx_word' id='word_1_261' title='bbox 731 3722 954 3762; x_wconf 87' lang='lat' dir='ltr'><strong>carnem</strong></span> <span class='ocrx_word' id='word_1_262' title='bbox 999 3706 1185 3761; x_wconf 91' lang='lat' dir='ltr'><strong>erudit</strong></span> <span class='ocrx_word' id='word_1_263' title='bbox 1221 3705 1288 3760; x_wconf 91' lang='lat' dir='ltr'><strong>ad</strong></span> <span class='ocrx_word' id='word_1_264' title='bbox 1327 3705 1747 3760; x_wconf 88' lang='lat' dir='ltr'><strong>consectandam</strong></span> <span class='ocrx_word' id='word_1_265' title='bbox 1785 3707 2084 3768; x_wconf 89' lang='lat' dir='ltr'><strong>virtutem;</strong></span> <span class='ocrx_word' id='word_1_266' title='bbox 2131 3703 2302 3758; x_wconf 90' lang='lat' dir='ltr'><strong>altera</strong></span> 
     </span>
    </p>
   </div>
   <div class='ocr_carea' id='block_1_41' title="bbox 732 3794 2304 3864">
    <p class='ocr_par' dir='ltr' id='par_1_41' title="bbox 732 3794 2304 3864">
     <span class='ocr_line' id='line_1_41' title="bbox 732 3794 2304 3864; baseline -0.001 -16"><span class='ocrx_word' id='word_1_267' title='bbox 732 3807 916 3852; x_wconf 76' lang='lat' dir='ltr'><strong>autem</strong></span> <span class='ocrx_word' id='word_1_268' title='bbox 942 3796 1186 3851; x_wconf 91' lang='lat' dir='ltr'><strong>animum</strong></span> <span class='ocrx_word' id='word_1_269' title='bbox 1216 3796 1490 3858; x_wconf 80' lang='lat' dir='ltr'><strong>illustrat,</strong></span> <span class='ocrx_word' id='word_1_270' title='bbox 1525 3803 1584 3848; x_wconf 93' lang='lat' dir='ltr'><strong>ut</strong></span> <span class='ocrx_word' id='word_1_271' title='bbox 1604 3795 1780 3864; x_wconf 89' lang='lat' dir='ltr'><strong>pluris</strong></span> <span class='ocrx_word' id='word_1_272' title='bbox 1807 3795 2063 3848; x_wconf 86' lang='lat' dir='ltr'><strong>omnibus</strong></span> <span class='ocrx_word' id='word_1_273' title='bbox 2087 3794 2304 3862; x_wconf 79' lang='lat' dir='ltr'><strong>sapien-</strong></span> 
     </span>
    </p>
   </div>
   <div class='ocr_carea' id='block_1_42' title="bbox 735 3884 2301 3954">
    <p class='ocr_par' dir='ltr' id='par_1_42' title="bbox 735 3884 2301 3954">
     <span class='ocr_line' id='line_1_42' title="bbox 735 3884 2301 3954; baseline -0.001 -15"><span class='ocrx_word' id='word_1_274' title='bbox 735 3887 823 3942; x_wconf 70' lang='lat' dir='ltr'><strong>tire</strong></span> <span class='ocrx_word' id='word_1_275' title='bbox 849 3887 1160 3941; x_wconf 85' lang='lat' dir='ltr'><strong>convictum</strong></span> <span class='ocrx_word' id='word_1_276' title='bbox 1188 3902 1251 3941; x_wconf 85' lang='lat' dir='ltr'><strong>ac</strong></span> <span class='ocrx_word' id='word_1_277' title='bbox 1277 3885 1730 3941; x_wconf 87' lang='lat' dir='ltr'><strong>consuetudinem</strong></span> <span class='ocrx_word' id='word_1_278' title='bbox 1758 3887 1920 3941; x_wconf 82' lang='lat' dir='ltr'><strong>faciat</strong></span> <span class='ocrx_word' id='word_1_279' title='bbox 1957 3886 2037 3951; x_wconf 68' lang='lat' dir='ltr'><strong>N;</strong></span> <span class='ocrx_word' id='word_1_280' title='bbox 2069 3900 2176 3954; x_wconf 90' lang='lat' dir='ltr'><strong>qua</strong></span> <span class='ocrx_word' id='word_1_281' title='bbox 2215 3884 2301 3937; x_wconf 87' lang='lat' dir='ltr'><strong>ni-</strong></span> 
     </span>
    </p>
   </div>
   <div class='ocr_carea' id='block_1_43' title="bbox 733 3975 2303 4046">
    <p class='ocr_par' dir='ltr' id='par_1_43' title="bbox 733 3975 2303 4046">
     <span class='ocr_line' id='line_1_43' title="bbox 733 3975 2303 4046; baseline -0.002 -16"><span class='ocrx_word' id='word_1_282' title='bbox 733 3979 934 4032; x_wconf 86' lang='lat' dir='ltr'><strong>mirum</strong></span> <span class='ocrx_word' id='word_1_283' title='bbox 967 3979 1189 4032; x_wconf 70' lang='lat' dir='ltr'><strong>malitiae</strong></span> <span class='ocrx_word' id='word_1_284' title='bbox 1211 3976 1547 4031; x_wconf 76' lang='lat' dir='ltr'><strong>munitiones</strong></span> <span class='ocrx_word' id='word_1_285' title='bbox 1579 3993 1888 4046; x_wconf 85' lang='lat' dir='ltr'><strong>omnemque</strong></span> <span class='ocrx_word' id='word_1_286' title='bbox 1923 3975 2303 4029; x_wconf 76' lang='lat' dir='ltr'><strong>sublimitatem</strong></span> 
     </span>
    </p>
   </div>
   <div class='ocr_carea' id='block_1_44' title="bbox 733 4067 2302 4130">
    <p class='ocr_par' dir='ltr' id='par_1_44' title="bbox 733 4067 2302 4130">
     <span class='ocr_line' id='line_1_44' title="bbox 733 4067 2302 4130; baseline -0.003 -7"><span class='ocrx_word' id='word_1_287' title='bbox 733 4069 1073 4124; x_wconf 63' lang='lat' dir='ltr'><strong>extollentem</strong></span> <span class='ocrx_word' id='word_1_288' title='bbox 1105 4085 1161 4122; x_wconf 84' lang='lat' dir='ltr'><strong>sc</strong></span> <span class='ocrx_word' id='word_1_289' title='bbox 1192 4069 1441 4123; x_wconf 83' lang='lat' dir='ltr'><strong>adversus</strong></span> <span class='ocrx_word' id='word_1_290' title='bbox 1465 4069 1738 4122; x_wconf 83' lang='lat' dir='ltr'><strong>sricntiam</strong></span> <span class='ocrx_word' id='word_1_291' title='bbox 1774 4067 1888 4130; x_wconf 80' lang='lat' dir='ltr'><strong>Dei,</strong></span> <span class='ocrx_word' id='word_1_292' title='bbox 1921 4067 2142 4120; x_wconf 75' lang='lat' dir='ltr'><strong>destruit</strong></span> <span class='ocrx_word' id='word_1_293' title='bbox 2175 4082 2302 4120; x_wconf 84' lang='lat' dir='ltr'><strong>con-</strong></span> 
     </span>
    </p>
   </div>
   <div class='ocr_carea' id='block_1_45' title="bbox 731 4155 2308 4232">
    <p class='ocr_par' dir='ltr' id='par_1_45' title="bbox 731 4155 2308 4232">
     <span class='ocr_line' id='line_1_45' title="bbox 731 4155 2308 4232; baseline -0.006 -17"><span class='ocrx_word' id='word_1_294' title='bbox 731 4159 981 4232; x_wconf 61' lang='lat' dir='ltr'><strong>venitque</strong></span> <span class='ocrx_word' id='word_1_295' title='bbox 1005 4161 1069 4214; x_wconf 65' lang='grc'><strong>⁸⁸.</strong></span> <span class='ocrx_word' id='word_1_296' title='bbox 1127 4159 1484 4228; x_wconf 80' lang='lat' dir='ltr'><strong>Ostenditque</strong></span> <span class='ocrx_word' id='word_1_297' title='bbox 1524 4158 1685 4214; x_wconf 86' lang='lat' dir='ltr'><strong>Jesus</strong></span> <span class='ocrx_word' id='word_1_298' title='bbox 1728 4158 1873 4213; x_wconf 81' lang='lat' dir='ltr'><strong>ﬁlius</strong></span> <span class='ocrx_word' id='word_1_299' title='bbox 1917 4158 2062 4211; x_wconf 74' lang='lat' dir='ltr'><strong>Nave</strong></span> <span class='ocrx_word' id='word_1_300' title='bbox 2087 4196 2102 4219; x_wconf 97' lang='lat'><strong>,</strong></span> <span class='ocrx_word' id='word_1_301' title='bbox 2129 4155 2308 4224; x_wconf 82' lang='lat' dir='ltr'><strong>preci-</strong></span> 
     </span>
    </p>
   </div>
   <div class='ocr_carea' id='block_1_46' title="bbox 735 4247 2304 4311">
    <p class='ocr_par' dir='ltr' id='par_1_46' title="bbox 735 4247 2304 4311">
     <span class='ocr_line' id='line_1_46' title="bbox 735 4247 2304 4311; baseline -0.003 -7"><span class='ocrx_word' id='word_1_302' title='bbox 735 4252 839 4305; x_wconf 75' lang='lat' dir='ltr'><strong>bus</strong></span> <span class='ocrx_word' id='word_1_303' title='bbox 868 4266 1032 4304; x_wconf 90' lang='lat' dir='ltr'><strong>orans</strong></span> <span class='ocrx_word' id='word_1_304' title='bbox 1073 4249 1230 4304; x_wconf 84' lang='lat' dir='ltr'><strong>Stare</strong></span> <span class='ocrx_word' id='word_1_305' title='bbox 1275 4249 1462 4303; x_wconf 77' lang='lat' dir='ltr'><strong>solcm&quot;</strong></span> <span class='ocrx_word' id='word_1_306' title='bbox 1485 4259 1670 4303; x_wconf 83' lang='lat' dir='ltr'><strong>contra</strong></span> <span class='ocrx_word' id='word_1_307' title='bbox 1699 4248 1916 4304; x_wconf 84' lang='lat' dir='ltr'><strong>Gabaon</strong></span> <span class='ocrx_word' id='word_1_308' title='bbox 1945 4248 2026 4311; x_wconf 70' lang='lat'><strong>9&quot;;</strong></span> <span class='ocrx_word' id='word_1_309' title='bbox 2061 4247 2165 4300; x_wconf 89' lang='lat' dir='ltr'><strong>hoc</strong></span> <span class='ocrx_word' id='word_1_310' title='bbox 2199 4254 2304 4309; x_wconf 89' lang='lat' dir='ltr'><strong>est,</strong></span> 
     </span>
    </p>
   </div>
   <div class='ocr_carea' id='block_1_47' title="bbox 736 4337 2304 4428">
    <p class='ocr_par' dir='ltr' id='par_1_47' title="bbox 736 4337 2304 4428">
     <span class='ocr_line' id='line_1_47' title="bbox 736 4337 2304 4428; baseline -0.002 -35"><span class='ocrx_word' id='word_1_311' title='bbox 736 4341 1042 4421; x_wconf 55' lang='lat' dir='ltr'><strong>ut‘divinae</strong></span> <span class='ocrx_word' id='word_1_312' title='bbox 1085 4342 1267 4395; x_wconf 89' lang='lat' dir='ltr'><strong>lumen</strong></span> <span class='ocrx_word' id='word_1_313' title='bbox 1303 4341 1567 4428; x_wconf 72' lang='lat' dir='ltr'><strong>scientiu-,</strong></span> <span class='ocrx_word' id='word_1_314' title='bbox 1624 4339 1680 4394; x_wconf 95' lang='lat' dir='ltr'><strong>in</strong></span> <span class='ocrx_word' id='word_1_315' title='bbox 1729 4350 1915 4394; x_wconf 90' lang='lat' dir='ltr'><strong>monte</strong></span> <span class='ocrx_word' id='word_1_316' title='bbox 1963 4337 2304 4406; x_wconf 83' lang='lat' dir='ltr'><strong>contempla-</strong></span> 
     </span>
    </p>
   </div>
   <div class='ocr_carea' id='block_1_48' title="bbox 734 4430 2300 4502">
    <p class='ocr_par' dir='ltr' id='par_1_48' title="bbox 734 4430 2300 4502">
     <span class='ocr_line' id='line_1_48' title="bbox 734 4430 2300 4502; baseline -0.004 -14"><span class='ocrx_word' id='word_1_317' title='bbox 734 4434 1053 4502; x_wconf 71' lang='lat' dir='ltr'><strong>tionis&#39;quaa</strong></span> <span class='ocrx_word' id='word_1_318' title='bbox 1101 4434 1286 4487; x_wconf 82' lang='lat' dir='ltr'><strong>animo</strong></span> <span class='ocrx_word' id='word_1_319' title='bbox 1333 4442 1450 4496; x_wconf 67' lang='lat' dir='ltr'><strong>est,</strong></span> <span class='ocrx_word' id='word_1_320' title='bbox 1485 4447 1714 4487; x_wconf 91' lang='lat' dir='ltr'><strong>occasus</strong></span> <span class='ocrx_word' id='word_1_321' title='bbox 1758 4447 1953 4501; x_wconf 81' lang='lat' dir='ltr'><strong>expers</strong></span> <span class='ocrx_word' id='word_1_322' title='bbox 1998 4430 2076 4484; x_wconf 93' lang='lat' dir='ltr'><strong>illi</strong></span> <span class='ocrx_word' id='word_1_323' title='bbox 2115 4445 2300 4484; x_wconf 87' lang='lat' dir='ltr'><strong>scrva-</strong></span> 
     </span>
    </p>
   </div>
   <div class='ocr_carea' id='block_1_49' title="bbox 735 4503 2302 4588">
    <p class='ocr_par' dir='ltr' id='par_1_49' title="bbox 735 4503 2302 4588">
     <span class='ocr_line' id='line_1_49' title="bbox 735 4503 2302 4588; baseline -0.003 -9"><span class='ocrx_word' id='word_1_324' title='bbox 735 4535 922 4586; x_wconf 77' lang='lat' dir='ltr'><strong>tctur;</strong></span> <span class='ocrx_word' id='word_1_325' title='bbox 946 4534 995 4578; x_wconf 84' lang='lat' dir='ltr'><strong>et</strong></span> <span class='ocrx_word' id='word_1_326' title='bbox 1019 4526 1147 4580; x_wconf 84' lang='lat' dir='ltr'><strong>luna</strong></span> <span class='ocrx_word' id='word_1_327' title='bbox 1175 4535 1359 4587; x_wconf 73' lang='lat' dir='ltr'><strong>contra</strong></span> <span class='ocrx_word' id='word_1_328' title='bbox 1373 4503 1582 4578; x_wconf 39' lang='lat' dir='ltr'><strong>hvallem</strong></span> <span class='ocrx_word' id='word_1_329' title='bbox 1611 4525 1694 4588; x_wconf 77' lang='grc'><strong>⁹⁶;</strong></span> <span class='ocrx_word' id='word_1_330' title='bbox 1720 4532 1778 4577; x_wconf 85' lang='grc'><strong>111</strong></span> <span class='ocrx_word' id='word_1_331' title='bbox 1801 4523 2011 4578; x_wconf 86' lang='lat' dir='ltr'><strong>scilicet</strong></span> <span class='ocrx_word' id='word_1_332' title='bbox 2035 4521 2302 4576; x_wconf 83' lang='lat' dir='ltr'><strong>naturalis</strong></span> 
     </span>
    </p>
   </div>
   <div class='ocr_carea' id='block_1_50' title="bbox 734 4613 2302 4683">
    <p class='ocr_par' dir='ltr' id='par_1_50' title="bbox 734 4613 2302 4683">
     <span class='ocr_line' id='line_1_50' title="bbox 734 4613 2302 4683; baseline -0.003 -15"><span class='ocrx_word' id='word_1_333' title='bbox 734 4613 998 4668; x_wconf 79' lang='lat' dir='ltr'><strong>discretio</strong></span> <span class='ocrx_word' id='word_1_334' title='bbox 1029 4615 1084 4667; x_wconf 92' lang='lat' dir='ltr'><strong>in</strong></span> <span class='ocrx_word' id='word_1_335' title='bbox 1131 4614 1312 4668; x_wconf 90' lang='lat' dir='ltr'><strong>carnis</strong></span> <span class='ocrx_word' id='word_1_336' title='bbox 1364 4613 1737 4668; x_wconf 89' lang='lat' dir='ltr'><strong>imbecillitate</strong></span> <span class='ocrx_word' id='word_1_337' title='bbox 1770 4613 1967 4683; x_wconf 86' lang='lat' dir='ltr'><strong>posita,</strong></span> <span class='ocrx_word' id='word_1_338' title='bbox 2004 4613 2152 4666; x_wconf 91' lang='lat' dir='ltr'><strong>nulla</strong></span> <span class='ocrx_word' id='word_1_339' title='bbox 2189 4613 2302 4664; x_wconf 81' lang='lat' dir='ltr'><strong>vir-</strong></span> 
     </span>
    </p>
   </div>
   <div class='ocr_carea' id='block_1_51' title="bbox 736 4707 1668 4776">
    <p class='ocr_par' dir='ltr' id='par_1_51' title="bbox 736 4707 1668 4776">
     <span class='ocr_line' id='line_1_51' title="bbox 736 4707 1668 4776; baseline -0.001 -16"><span class='ocrx_word' id='word_1_340' title='bbox 736 4707 869 4762; x_wconf 80' lang='lat' dir='ltr'><strong>tutis</strong></span> <span class='ocrx_word' id='word_1_341' title='bbox 907 4707 1030 4762; x_wconf 89' lang='lat' dir='ltr'><strong>labe</strong></span> <span class='ocrx_word' id='word_1_342' title='bbox 1073 4707 1128 4761; x_wconf 88' lang='lat' dir='ltr'><strong>in</strong></span> <span class='ocrx_word' id='word_1_343' title='bbox 1161 4723 1225 4761; x_wconf 85' lang='lat' dir='ltr'><strong>ea</strong></span> <span class='ocrx_word' id='word_1_344' title='bbox 1273 4715 1668 4776; x_wconf 84' lang='lat' dir='ltr'><strong>perseveraret.</strong></span> 
     </span>
    </p>
   </div>
   <div class='ocr_carea' id='block_1_52' title="bbox 808 4820 1809 4885">
    <p class='ocr_par' dir='ltr' id='par_1_52' title="bbox 808 4820 1809 4885">
     <span class='ocr_line' id='line_1_52' title="bbox 808 4820 1809 4885; baseline -0.004 -9"><span class='ocrx_word' id='word_1_345' title='bbox 808 4821 854 4854; x_wconf 72' lang='grc' dir='ltr'><strong>’τ</strong></span> <span class='ocrx_word' id='word_1_346' title='bbox 894 4821 1067 4876; x_wconf 84' lang='lat' dir='ltr'><strong>lCor.</strong></span> <span class='ocrx_word' id='word_1_347' title='bbox 1097 4838 1190 4885; x_wconf 77' lang='lat' dir='ltr'><strong>xu,</strong></span> <span class='ocrx_word' id='word_1_348' title='bbox 1224 4821 1314 4875; x_wconf 76' lang='lat'><strong>27.</strong></span> <span class='ocrx_word' id='word_1_349' title='bbox 1388 4821 1432 4852; x_wconf 79' lang='grc'><strong>⁸⁸</strong></span> <span class='ocrx_word' id='word_1_350' title='bbox 1462 4822 1644 4875; x_wconf 85' lang='lat' dir='ltr'><strong>Ecclc.</strong></span> <span class='ocrx_word' id='word_1_351' title='bbox 1678 4835 1716 4882; x_wconf 83' lang='lat' dir='ltr'><strong>I,</strong></span> <span class='ocrx_word' id='word_1_352' title='bbox 1755 4820 1809 4872; x_wconf 65' lang='grc' dir='ltr'>Β.</span> 
     </span>
    </p>
   </div>
   <div class='ocr_carea' id='block_1_53' title="bbox 2089 4743 2185 4788">
    <p class='ocr_par' dir='ltr' id='par_1_53' title="bbox 2089 4743 2185 4788">
     <span class='ocr_line' id='line_1_53' title="bbox 2089 4743 2185 4788; baseline 0 -32"><span class='ocrx_word' id='word_1_353' title='bbox 2089 4743 2101 4756; x_wconf 80' lang='grc' dir='ltr'><strong><em>Ι</em></strong></span> <span class='ocrx_word' id='word_1_354' title='bbox 2123 4763 2138 4788; x_wconf 66' lang='lat'><strong><em>‘</em></strong></span> <span class='ocrx_word' id='word_1_355' title='bbox 2176 4763 2185 4770; x_wconf 69' lang='lat'>.</span> 
     </span>
    </p>
   </div>
   <div class='ocr_carea' id='block_1_54' title="bbox 1889 4795 2325 4882">
    <p class='ocr_par' dir='ltr' id='par_1_54' title="bbox 1889 4795 2325 4882">
     <span class='ocr_line' id='line_1_54' title="bbox 1889 4795 2325 4882; baseline -0.005 -7"><span class='ocrx_word' id='word_1_356' title='bbox 1889 4821 1932 4851; x_wconf 80' lang='grc'><strong>⁸⁸</strong></span> <span class='ocrx_word' id='word_1_357' title='bbox 1961 4795 2203 4882; x_wconf 62' lang='lat' dir='ltr'><strong>Josue‘s,</strong></span> <span class='ocrx_word' id='word_1_358' title='bbox 2240 4820 2325 4873; x_wconf 70' lang='lat'><strong>12.</strong></span> 
     </span>
    </p>
   </div>
   <div class='ocr_carea' id='block_1_55' title="bbox 2397 623 3760 697">
    <p class='ocr_par' dir='ltr' id='par_1_55' title="bbox 2397 623 3760 697">
     <span class='ocr_line' id='line_1_55' title="bbox 2397 623 3760 697; baseline 0.005 -22"><span class='ocrx_word' id='word_1_359' title='bbox 2397 623 2554 694; x_wconf 83' lang='grc' dir='ltr'>σῶμα</span> <span class='ocrx_word' id='word_1_360' title='bbox 2583 625 2819 695; x_wconf 83' lang='grc' dir='ltr'><strong>Χριστοῦ</strong></span> <span class='ocrx_word' id='word_1_361' title='bbox 2849 627 3132 697; x_wconf 82' lang='grc' dir='ltr'><strong>τυγχάνων</strong></span> <span class='ocrx_word' id='word_1_362' title='bbox 3159 627 3254 680; x_wconf 77' lang='grc' dir='ltr'>καὶ</span> <span class='ocrx_word' id='word_1_363' title='bbox 3280 627 3416 697; x_wconf 82' lang='grc' dir='ltr'><strong>μέλη</strong></span> <span class='ocrx_word' id='word_1_364' title='bbox 3451 631 3514 680; x_wconf 80' lang='grc' dir='ltr'>ὲκ</span> <span class='ocrx_word' id='word_1_365' title='bbox 3541 628 3760 697; x_wconf 81' lang='grc' dir='ltr'>μέρους.</span> 
     </span>
    </p>
   </div>
   <div class='ocr_carea' id='block_1_56' title="bbox 2466 803 3972 872">
    <p class='ocr_par' dir='ltr' id='par_1_56' title="bbox 2466 803 3972 872">
     <span class='ocr_line' id='line_1_56' title="bbox 2466 803 3972 872; baseline 0.002 -17"><span class='ocrx_word' id='word_1_366' title='bbox 2466 804 2568 857; x_wconf 79' lang='grc' dir='ltr'>λα’.</span> <span class='ocrx_word' id='word_1_367' title='bbox 2606 803 2941 857; x_wconf 70' lang='grc' dir='ltr'><strong>Ἀνατέλλει</strong></span> <span class='ocrx_word' id='word_1_368' title='bbox 2980 805 3015 857; x_wconf 82' lang='grc' dir='ltr'><em>ὁ</em></span> <span class='ocrx_word' id='word_1_369' title='bbox 3063 803 3260 870; x_wconf 75' lang='grc' dir='ltr'>ἥλιος,</span> <span class='ocrx_word' id='word_1_370' title='bbox 3321 804 3418 857; x_wconf 81' lang='grc' dir='ltr'><strong>καί</strong></span> <span class='ocrx_word' id='word_1_371' title='bbox 3461 803 3630 858; x_wconf 81' lang='grc' dir='ltr'><strong>δύνει</strong></span> <span class='ocrx_word' id='word_1_372' title='bbox 3682 807 3716 857; x_wconf 82' lang='grc' dir='ltr'><em>ὀ</em></span> <span class='ocrx_word' id='word_1_373' title='bbox 3767 805 3972 872; x_wconf 71' lang='grc' dir='ltr'>ἣλιος,</span> 
     </span>
    </p>
   </div>
   <div class='ocr_carea' id='block_1_57' title="bbox 2397 895 3973 967">
    <p class='ocr_par' dir='ltr' id='par_1_57' title="bbox 2397 895 3973 967">
     <span class='ocr_line' id='line_1_57' title="bbox 2397 895 3973 967; baseline 0 -19"><span class='ocrx_word' id='word_1_374' title='bbox 2397 897 2561 967; x_wconf 76' lang='grc' dir='ltr'>φησὶν</span> <span class='ocrx_word' id='word_1_375' title='bbox 2591 897 2622 965; x_wconf 82' lang='grc' dir='ltr'>ἠ</span> <span class='ocrx_word' id='word_1_376' title='bbox 2653 896 2866 966; x_wconf 84' lang='grc' dir='ltr'>Γραφή.</span> <span class='ocrx_word' id='word_1_377' title='bbox 2901 895 3110 949; x_wconf 77' lang='grc' dir='ltr'>Οὐκοῦν</span> <span class='ocrx_word' id='word_1_378' title='bbox 3150 896 3244 948; x_wconf 84' lang='grc' dir='ltr'>καὶ</span> <span class='ocrx_word' id='word_1_379' title='bbox 3271 897 3299 947; x_wconf 83' lang='grc' dir='ltr'>ὀ</span> <span class='ocrx_word' id='word_1_380' title='bbox 3332 895 3504 962; x_wconf 79' lang='grc' dir='ltr'>Λόγος</span> <span class='ocrx_word' id='word_1_381' title='bbox 3523 934 3540 958; x_wconf 90' lang='grc'><strong>,</strong></span> <span class='ocrx_word' id='word_1_382' title='bbox 3579 897 3711 948; x_wconf 79' lang='grc' dir='ltr'>ποτὲ</span> <span class='ocrx_word' id='word_1_383' title='bbox 3749 896 3849 964; x_wconf 84' lang='grc' dir='ltr'>μὲν</span> <span class='ocrx_word' id='word_1_384' title='bbox 3880 915 3973 948; x_wconf 88' lang='grc' dir='ltr'>νο-</span> 
     </span>
    </p>
   </div>
   <div class='ocr_carea' id='block_1_58' title="bbox 2399 987 3973 1059">
    <p class='ocr_par' dir='ltr' id='par_1_58' title="bbox 2399 987 3973 1059">
     <span class='ocr_line' id='line_1_58' title="bbox 2399 987 3973 1059; baseline -0.001 -17"><span class='ocrx_word' id='word_1_385' title='bbox 2399 989 2615 1059; x_wconf 77' lang='grc' dir='ltr'>μίζεται</span> <span class='ocrx_word' id='word_1_386' title='bbox 2645 988 2789 1049; x_wconf 78' lang='grc' dir='ltr'>ἄνω,</span> <span class='ocrx_word' id='word_1_387' title='bbox 2827 987 2956 1040; x_wconf 78' lang='grc' dir='ltr'>ποτὲ</span> <span class='ocrx_word' id='word_1_388' title='bbox 2995 988 3050 1040; x_wconf 80' lang='grc' dir='ltr'>δὲ</span> <span class='ocrx_word' id='word_1_389' title='bbox 3082 988 3254 1050; x_wconf 84' lang='grc' dir='ltr'>κάτω,</span> <span class='ocrx_word' id='word_1_390' title='bbox 3290 987 3431 1040; x_wconf 65' lang='grc' dir='ltr'>κατὰ</span> <span class='ocrx_word' id='word_1_391' title='bbox 3469 988 3570 1058; x_wconf 76' lang='grc' dir='ltr'>τὴν</span> <span class='ocrx_word' id='word_1_392' title='bbox 3600 987 3758 1051; x_wconf 85' lang='grc' dir='ltr'>ἀξίαν</span> <span class='ocrx_word' id='word_1_393' title='bbox 3784 987 3973 1056; x_wconf 73' lang='grc' dir='ltr'>δηλον-</span> 
     </span>
    </p>
   </div>
   <div class='ocr_carea' id='block_1_59' title="bbox 2396 1079 3972 1150">
    <p class='ocr_par' dir='ltr' id='par_1_59' title="bbox 2396 1079 3972 1150">
     <span class='ocr_line' id='line_1_59' title="bbox 2396 1079 3972 1150; baseline -0.001 -16"><span class='ocrx_word' id='word_1_394' title='bbox 2396 1081 2497 1141; x_wconf 87' lang='grc' dir='ltr'>ότι.</span> <span class='ocrx_word' id='word_1_395' title='bbox 2535 1081 2629 1134; x_wconf 73' lang='grc' dir='ltr'><strong>καὶ</strong></span> <span class='ocrx_word' id='word_1_396' title='bbox 2657 1079 2820 1134; x_wconf 73' lang='grc' dir='ltr'>αὐτὸν</span> <span class='ocrx_word' id='word_1_397' title='bbox 2847 1079 2939 1134; x_wconf 78' lang='grc' dir='ltr'>τὸν</span> <span class='ocrx_word' id='word_1_398' title='bbox 2967 1080 3123 1149; x_wconf 72' lang='grc' dir='ltr'>λόγον</span> <span class='ocrx_word' id='word_1_399' title='bbox 3149 1081 3180 1150; x_wconf 78' lang='grc' dir='ltr'><strong>ἥ</strong></span> <span class='ocrx_word' id='word_1_400' title='bbox 3207 1080 3300 1131; x_wconf 80' lang='grc' dir='ltr'>τὸν</span> <span class='ocrx_word' id='word_1_401' title='bbox 3328 1081 3551 1150; x_wconf 79' lang='grc' dir='ltr'><strong>τρόπον,</strong></span> <span class='ocrx_word' id='word_1_402' title='bbox 3573 1081 3681 1131; x_wconf 85' lang='grc' dir='ltr'><strong>τῶν</strong></span> <span class='ocrx_word' id='word_1_403' title='bbox 3711 1097 3972 1149; x_wconf 80' lang='grc' dir='ltr'>μετερχο-</span> 
     </span>
    </p>
   </div>
   <div class='ocr_carea' id='block_1_60' title="bbox 2401 1171 3971 1243">
    <p class='ocr_par' dir='ltr' id='par_1_60' title="bbox 2401 1171 3971 1243">
     <span class='ocr_line' id='line_1_60' title="bbox 2401 1171 3971 1243; baseline -0.001 -19"><span class='ocrx_word' id='word_1_404' title='bbox 2401 1173 2578 1242; x_wconf 80' lang='grc' dir='ltr'>μένων</span> <span class='ocrx_word' id='word_1_405' title='bbox 2610 1174 2711 1242; x_wconf 70' lang='grc' dir='ltr'>τῆν</span> <span class='ocrx_word' id='word_1_406' title='bbox 2742 1172 2964 1243; x_wconf 74' lang='grc' dir='ltr'>ἀρετὴν,</span> <span class='ocrx_word' id='word_1_407' title='bbox 3005 1173 3102 1226; x_wconf 73' lang='grc' dir='ltr'><strong>καὶ</strong></span> <span class='ocrx_word' id='word_1_408' title='bbox 3138 1172 3267 1241; x_wconf 74' lang='grc' dir='ltr'>περὶ</span> <span class='ocrx_word' id='word_1_409' title='bbox 3315 1171 3416 1240; x_wconf 77' lang='grc' dir='ltr'>τὴν</span> <span class='ocrx_word' id='word_1_410' title='bbox 3450 1172 3601 1223; x_wconf 94' lang='grc' dir='ltr'>θείαν</span> <span class='ocrx_word' id='word_1_411' title='bbox 3630 1172 3971 1239; x_wconf 72' lang='grc' dir='ltr'>κινουμένων</span> 
     </span>
    </p>
   </div>
   <div class='ocr_carea' id='block_1_61' title="bbox 2397 1261 3969 1335">
    <p class='ocr_par' dir='ltr' id='par_1_61' title="bbox 2397 1261 3969 1335">
     <span class='ocr_line' id='line_1_61' title="bbox 2397 1261 3969 1335; baseline -0.002 -19"><span class='ocrx_word' id='word_1_412' title='bbox 2397 1265 2617 1332; x_wconf 81' lang='grc' dir='ltr'>γνῶσιν.</span> <span class='ocrx_word' id='word_1_413' title='bbox 2652 1264 2935 1335; x_wconf 77' lang='grc' dir='ltr'><strong>Μακάριος</strong></span> <span class='ocrx_word' id='word_1_414' title='bbox 2959 1265 3089 1322; x_wconf 81' lang='grc' dir='ltr'>δὲ,·ὀ</span> <span class='ocrx_word' id='word_1_415' title='bbox 3123 1263 3340 1334; x_wconf 82' lang='grc' dir='ltr'>κρατῶν</span> <span class='ocrx_word' id='word_1_416' title='bbox 3367 1262 3561 1316; x_wconf 77' lang='grc' dir='ltr'>ἄδυτον</span> <span class='ocrx_word' id='word_1_417' title='bbox 3588 1262 3656 1328; x_wconf 84' lang='lat' dir='ltr'><strong>(c)</strong></span> <span class='ocrx_word' id='word_1_418' title='bbox 3681 1264 3740 1314; x_wconf 81' lang='grc' dir='ltr'>ὲν</span> <span class='ocrx_word' id='word_1_419' title='bbox 3767 1261 3969 1330; x_wconf 68' lang='grc' dir='ltr'>ἐαυτῷ,</span> 
     </span>
    </p>
   </div>
   <div class='ocr_carea' id='block_1_62' title="bbox 2400 1348 3974 1419">
    <p class='ocr_par' dir='ltr' id='par_1_62' title="bbox 2400 1348 3974 1419">
     <span class='ocr_line' id='line_1_62' title="bbox 2400 1348 3974 1419; baseline -0.001 -17"><span class='ocrx_word' id='word_1_420' title='bbox 2400 1348 2542 1402; x_wconf 76' lang='grc' dir='ltr'>κατᾶ</span> <span class='ocrx_word' id='word_1_421' title='bbox 2600 1350 2692 1403; x_wconf 81' lang='grc' dir='ltr'>τὸν</span> <span class='ocrx_word' id='word_1_422' title='bbox 2729 1352 2825 1404; x_wconf 84' lang='grc' dir='ltr'><strong>τοῦ</strong></span> <span class='ocrx_word' id='word_1_423' title='bbox 2860 1351 3018 1419; x_wconf 86' lang='grc' dir='ltr'><strong>Ναυῆ</strong></span> <span class='ocrx_word' id='word_1_424' title='bbox 3050 1350 3279 1419; x_wconf 83' lang='grc' dir='ltr'>Ἰησοῦν.</span> <span class='ocrx_word' id='word_1_425' title='bbox 3332 1351 3425 1403; x_wconf 73' lang='grc' dir='ltr'><strong>τὸν</strong></span> <span class='ocrx_word' id='word_1_426' title='bbox 3471 1350 3573 1417; x_wconf 72' lang='grc' dir='ltr'>τῆς</span> <span class='ocrx_word' id='word_1_427' title='bbox 3623 1350 3974 1419; x_wconf 71' lang='grc' dir='ltr'>δικαιοσύνης</span> 
     </span>
    </p>
   </div>
   <div class='ocr_carea' id='block_1_63' title="bbox 2400 1438 3974 1511">
    <p class='ocr_par' dir='ltr' id='par_1_63' title="bbox 2400 1438 3974 1511">
     <span class='ocr_line' id='line_1_63' title="bbox 2400 1438 3974 1511; baseline -0.001 -18"><span class='ocrx_word' id='word_1_428' title='bbox 2400 1441 2552 1509; x_wconf 74' lang='grc' dir='ltr'>ἣλιον</span> <span class='ocrx_word' id='word_1_429' title='bbox 2577 1456 2590 1468; x_wconf 91' lang='grc'><strong>·</strong></span> <span class='ocrx_word' id='word_1_430' title='bbox 2627 1441 2746 1493; x_wconf 78' lang='grc' dir='ltr'>ὅλον</span> <span class='ocrx_word' id='word_1_431' title='bbox 2778 1441 2838 1494; x_wconf 77' lang='grc' dir='ltr'><strong>τὸ</strong></span> <span class='ocrx_word' id='word_1_432' title='bbox 2872 1443 3070 1510; x_wconf 80' lang='grc' dir='ltr'>μέτρον</span> <span class='ocrx_word' id='word_1_433' title='bbox 3099 1442 3200 1511; x_wconf 82' lang='grc' dir='ltr'><strong>τῆς</strong></span> <span class='ocrx_word' id='word_1_434' title='bbox 3221 1442 3362 1493; x_wconf 84' lang='grc' dir='ltr'>κατὰ</span> <span class='ocrx_word' id='word_1_435' title='bbox 3385 1440 3486 1509; x_wconf 72' lang='grc' dir='ltr'>τὴν</span> <span class='ocrx_word' id='word_1_436' title='bbox 3513 1439 3797 1510; x_wconf 83' lang='grc' dir='ltr'>παροῦσαν</span> <span class='ocrx_word' id='word_1_437' title='bbox 3828 1438 3974 1509; x_wconf 77' lang='grc' dir='ltr'>ζωὴν</span> 
     </span>
    </p>
   </div>
   <div class='ocr_carea' id='block_1_64' title="bbox 2400 1531 3972 1602">
    <p class='ocr_par' dir='ltr' id='par_1_64' title="bbox 2400 1531 3972 1602">
     <span class='ocr_line' id='line_1_64' title="bbox 2400 1531 3972 1602; baseline -0.001 -20"><span class='ocrx_word' id='word_1_438' title='bbox 2400 1532 2635 1602; x_wconf 76' lang='grc' dir='ltr'>ήνέρας.</span> <span class='ocrx_word' id='word_1_439' title='bbox 2680 1531 2880 1594; x_wconf 88' lang='grc' dir='ltr'>κακίας</span> <span class='ocrx_word' id='word_1_440' title='bbox 2925 1532 3134 1602; x_wconf 77' lang='grc' dir='ltr'><strong>ἑσπέρᾳ</strong></span> <span class='ocrx_word' id='word_1_441' title='bbox 3157 1531 3251 1583; x_wconf 69' lang='grc' dir='ltr'>καὶ</span> <span class='ocrx_word' id='word_1_442' title='bbox 3286 1531 3562 1596; x_wconf 76' lang='grc' dir='ltr'>ἀγνωσίας</span> <span class='ocrx_word' id='word_1_443' title='bbox 3597 1531 3672 1600; x_wconf 80' lang='grc' dir='ltr'>μὴ</span> <span class='ocrx_word' id='word_1_444' title='bbox 3697 1545 3972 1599; x_wconf 84' lang='grc' dir='ltr'>περιγρα-</span> 
     </span>
    </p>
   </div>
   <div class='ocr_carea' id='block_1_65' title="bbox 2402 1617 3975 1690">
    <p class='ocr_par' dir='ltr' id='par_1_65' title="bbox 2402 1617 3975 1690">
     <span class='ocr_line' id='line_1_65' title="bbox 2402 1617 3975 1690; baseline -0.002 -17"><span class='ocrx_word' id='word_1_445' title='bbox 2402 1621 2655 1690; x_wconf 74' lang='grc' dir='ltr'>φόμενον,</span> <span class='ocrx_word' id='word_1_446' title='bbox 2711 1620 2797 1672; x_wconf 82' lang='grc' dir='ltr'>ἵνα</span> <span class='ocrx_word' id='word_1_447' title='bbox 2849 1619 3051 1689; x_wconf 78' lang='grc' dir='ltr'>δυνηθῇ</span> <span class='ocrx_word' id='word_1_448' title='bbox 3109 1619 3360 1688; x_wconf 78' lang='grc' dir='ltr'>νομίμως</span> <span class='ocrx_word' id='word_1_449' title='bbox 3409 1617 3800 1687; x_wconf 85' lang='grc' dir='ltr'>τροπὼσασθαι</span> <span class='ocrx_word' id='word_1_450' title='bbox 3847 1617 3975 1680; x_wconf 74' lang='grc' dir='ltr'>τοὺς</span> 
     </span>
    </p>
   </div>
   <div class='ocr_carea' id='block_1_66' title="bbox 2402 1708 3651 1781">
    <p class='ocr_par' dir='ltr' id='par_1_66' title="bbox 2402 1708 3651 1781">
     <span class='ocr_line' id='line_1_66' title="bbox 2402 1708 3651 1781; baseline -0.001 -19"><span class='ocrx_word' id='word_1_451' title='bbox 2402 1712 2863 1781; x_wconf 75' lang='grc' dir='ltr'>ἐπανισταμένους</span> <span class='ocrx_word' id='word_1_452' title='bbox 2888 1711 3050 1764; x_wconf 76' lang='grc' dir='ltr'>αὐτοῦ</span> <span class='ocrx_word' id='word_1_453' title='bbox 3082 1710 3351 1780; x_wconf 74' lang='grc' dir='ltr'>πονηροὺς</span> <span class='ocrx_word' id='word_1_454' title='bbox 3371 1708 3651 1778; x_wconf 84' lang='grc' dir='ltr'>δαίμονας.</span> 
     </span>
    </p>
   </div>
   <div class='ocr_carea' id='block_1_67' title="bbox 2472 1883 3978 1954">
    <p class='ocr_par' dir='ltr' id='par_1_67' title="bbox 2472 1883 3978 1954">
     <span class='ocr_line' id='line_1_67' title="bbox 2472 1883 3978 1954; baseline 0.001 -19"><span class='ocrx_word' id='word_1_455' title='bbox 2472 1883 2570 1954; x_wconf 77' lang='grc' dir='ltr'><strong>λβ’.</strong></span> <span class='ocrx_word' id='word_1_456' title='bbox 2608 1883 2773 1952; x_wconf 72' lang='grc' dir='ltr'>Ὕψονῦ</span> <span class='ocrx_word' id='word_1_457' title='bbox 2783 1900 2942 1954; x_wconf 87' lang='grc' dir='ltr'>μενος</span> <span class='ocrx_word' id='word_1_458' title='bbox 2974 1885 3032 1936; x_wconf 80' lang='grc' dir='ltr'>ὲν</span> <span class='ocrx_word' id='word_1_459' title='bbox 3055 1885 3189 1953; x_wconf 75' lang='grc' dir='ltr'>ἡμῖν</span> <span class='ocrx_word' id='word_1_460' title='bbox 3204 1887 3231 1937; x_wconf 87' lang='grc' dir='ltr'>ὁ</span> <span class='ocrx_word' id='word_1_461' title='bbox 3251 1884 3344 1936; x_wconf 83' lang='grc' dir='ltr'><strong>τοῦ</strong></span> <span class='ocrx_word' id='word_1_462' title='bbox 3367 1885 3503 1937; x_wconf 85' lang='grc' dir='ltr'><strong>Θεοῦ</strong></span> <span class='ocrx_word' id='word_1_463' title='bbox 3521 1886 3692 1952; x_wconf 81' lang='grc' dir='ltr'>Λόγος</span> <span class='ocrx_word' id='word_1_464' title='bbox 3721 1885 3808 1938; x_wconf 78' lang='grc' dir='ltr'>διὰ</span> <span class='ocrx_word' id='word_1_465' title='bbox 3837 1885 3978 1953; x_wconf 77' lang='grc' dir='ltr'>πρά-</span> 
     </span>
    </p>
   </div>
   <div class='ocr_carea' id='block_1_68' title="bbox 2403 1975 3976 2048">
    <p class='ocr_par' dir='ltr' id='par_1_68' title="bbox 2403 1975 3976 2048">
     <span class='ocr_line' id='line_1_68' title="bbox 2403 1975 3976 2048; baseline 0.002 -22"><span class='ocrx_word' id='word_1_466' title='bbox 2403 1976 2537 2039; x_wconf 74' lang='grc' dir='ltr'>ξεως</span> <span class='ocrx_word' id='word_1_467' title='bbox 2565 1975 2660 2027; x_wconf 68' lang='grc' dir='ltr'>καὶ</span> <span class='ocrx_word' id='word_1_468' title='bbox 2690 1975 2943 2046; x_wconf 83' lang='grc' dir='ltr'>θεωρίας,</span> <span class='ocrx_word' id='word_1_469' title='bbox 2973 1976 3184 2039; x_wconf 82' lang='grc' dir='ltr'>πάντας</span> <span class='ocrx_word' id='word_1_470' title='bbox 3211 1977 3359 2030; x_wconf 75' lang='grc' dir='ltr'>ἕλκει</span> <span class='ocrx_word' id='word_1_471' title='bbox 3391 1977 3526 2048; x_wconf 76' lang='grc' dir='ltr'>πρὸς</span> <span class='ocrx_word' id='word_1_472' title='bbox 3554 1978 3752 2030; x_wconf 71' lang='grc' dir='ltr'>ἑαυτόν</span> <span class='ocrx_word' id='word_1_473' title='bbox 3773 1994 3789 2007; x_wconf 75' lang='grc' dir='ltr'><strong>ο</strong></span> <span class='ocrx_word' id='word_1_474' title='bbox 3849 1975 3976 2040; x_wconf 76' lang='grc' dir='ltr'>τούς</span> 
     </span>
    </p>
   </div>
   <div class='ocr_carea' id='block_1_69' title="bbox 2401 2065 3976 2137">
    <p class='ocr_par' dir='ltr' id='par_1_69' title="bbox 2401 2065 3976 2137">
     <span class='ocr_line' id='line_1_69' title="bbox 2401 2065 3976 2137; baseline 0.002 -21"><span class='ocrx_word' id='word_1_475' title='bbox 2401 2081 2458 2116; x_wconf 88' lang='grc' dir='ltr'><strong>τε</strong></span> <span class='ocrx_word' id='word_1_476' title='bbox 2497 2065 2624 2135; x_wconf 73' lang='grc' dir='ltr'>περὶ</span> <span class='ocrx_word' id='word_1_477' title='bbox 2653 2065 2830 2133; x_wconf 83' lang='grc' dir='ltr'>σάρκα</span> <span class='ocrx_word' id='word_1_478' title='bbox 2858 2065 2952 2118; x_wconf 78' lang='grc' dir='ltr'>καὶ</span> <span class='ocrx_word' id='word_1_479' title='bbox 2978 2065 3155 2135; x_wconf 81' lang='grc' dir='ltr'>ψυχὴν</span> <span class='ocrx_word' id='word_1_480' title='bbox 3185 2066 3280 2118; x_wconf 71' lang='grc' dir='ltr'><strong>καὶ</strong></span> <span class='ocrx_word' id='word_1_481' title='bbox 3309 2067 3472 2134; x_wconf 81' lang='grc' dir='ltr'>φύσιν</span> <span class='ocrx_word' id='word_1_482' title='bbox 3499 2068 3609 2120; x_wconf 81' lang='grc' dir='ltr'><strong>τῶν</strong></span> <span class='ocrx_word' id='word_1_483' title='bbox 3642 2066 3814 2119; x_wconf 76' lang='grc' dir='ltr'>ὄντων</span> <span class='ocrx_word' id='word_1_484' title='bbox 3837 2069 3976 2137; x_wconf 71' lang='grc' dir='ltr'>ἠμε-</span> 
     </span>
    </p>
   </div>
   <div class='ocr_carea' id='block_1_70' title="bbox 2399 2155 3970 2228">
    <p class='ocr_par' dir='ltr' id='par_1_70' title="bbox 2399 2155 3970 2228">
     <span class='ocr_line' id='line_1_70' title="bbox 2399 2155 3970 2228; baseline 0.001 -20"><span class='ocrx_word' id='word_1_485' title='bbox 2399 2157 2589 2222; x_wconf 82' lang='grc' dir='ltr'>τέρους</span> <span class='ocrx_word' id='word_1_486' title='bbox 2627 2155 2920 2225; x_wconf 79' lang='grc' dir='ltr'>λογισμούς</span> <span class='ocrx_word' id='word_1_487' title='bbox 2949 2173 3009 2208; x_wconf 88' lang='grc' dir='ltr'><strong>τε</strong></span> <span class='ocrx_word' id='word_1_488' title='bbox 3055 2157 3150 2210; x_wconf 80' lang='grc' dir='ltr'>καὶ</span> <span class='ocrx_word' id='word_1_489' title='bbox 3189 2157 3403 2224; x_wconf 80' lang='grc' dir='ltr'>λόγους,</span> <span class='ocrx_word' id='word_1_490' title='bbox 3437 2158 3532 2211; x_wconf 74' lang='grc' dir='ltr'>καὶ</span> <span class='ocrx_word' id='word_1_491' title='bbox 3563 2157 3704 2212; x_wconf 61' lang='grc' dir='ltr'>αὐτὰ</span> <span class='ocrx_word' id='word_1_492' title='bbox 3733 2160 3804 2212; x_wconf 79' lang='grc' dir='ltr'>τὰ</span> <span class='ocrx_word' id='word_1_493' title='bbox 3834 2159 3970 2228; x_wconf 77' lang='grc' dir='ltr'>μέλη</span> 
     </span>
    </p>
   </div>
   <div class='ocr_carea' id='block_1_71' title="bbox 2399 2243 3973 2317">
    <p class='ocr_par' dir='ltr' id='par_1_71' title="bbox 2399 2243 3973 2317">
     <span class='ocr_line' id='line_1_71' title="bbox 2399 2243 3973 2317; baseline 0.001 -21"><span class='ocrx_word' id='word_1_494' title='bbox 2399 2244 2495 2296; x_wconf 89' lang='grc' dir='ltr'><strong>τοῦ</strong></span> <span class='ocrx_word' id='word_1_495' title='bbox 2531 2243 2785 2314; x_wconf 83' lang='grc' dir='ltr'>σώματος</span> <span class='ocrx_word' id='word_1_496' title='bbox 2835 2243 2931 2296; x_wconf 81' lang='grc' dir='ltr'><strong>καὶ</strong></span> <span class='ocrx_word' id='word_1_497' title='bbox 2979 2244 3078 2305; x_wconf 85' lang='grc' dir='ltr'><strong>τάς</strong></span> <span class='ocrx_word' id='word_1_498' title='bbox 3130 2244 3411 2316; x_wconf 76' lang='grc' dir='ltr'><strong>αἰσθήσεις</strong></span> <span class='ocrx_word' id='word_1_499' title='bbox 3460 2248 3582 2300; x_wconf 83' lang='grc' dir='ltr'>κατ’</span> <span class='ocrx_word' id='word_1_500' title='bbox 3629 2248 3836 2317; x_wconf 77' lang='grc' dir='ltr'>ἀρετὴν</span> <span class='ocrx_word' id='word_1_501' title='bbox 3879 2248 3973 2299; x_wconf 71' lang='grc' dir='ltr'><strong>καὶ</strong></span> 
     </span>
    </p>
   </div>
   <div class='ocr_carea' id='block_1_72' title="bbox 2401 2334 3976 2407">
    <p class='ocr_par' dir='ltr' id='par_1_72' title="bbox 2401 2334 3976 2407">
     <span class='ocr_line' id='line_1_72' title="bbox 2401 2334 3976 2407; baseline 0.003 -21"><span class='ocrx_word' id='word_1_502' title='bbox 2401 2334 2603 2402; x_wconf 85' lang='grc' dir='ltr'>γνῶσιν</span> <span class='ocrx_word' id='word_1_503' title='bbox 2635 2335 2900 2402; x_wconf 76' lang='grc' dir='ltr'><strong>ἁγιάζων,</strong></span> <span class='ocrx_word' id='word_1_504' title='bbox 2935 2334 3031 2387; x_wconf 75' lang='grc' dir='ltr'>καὶ</span> <span class='ocrx_word' id='word_1_505' title='bbox 3062 2334 3168 2387; x_wconf 68' lang='grc' dir='ltr'>ὑπο</span> <span class='ocrx_word' id='word_1_506' title='bbox 3198 2335 3291 2388; x_wconf 74' lang='grc' dir='ltr'><strong>τὸν</strong></span> <span class='ocrx_word' id='word_1_507' title='bbox 3323 2335 3491 2389; x_wconf 81' lang='grc' dir='ltr'>αὐτοῦ</span> <span class='ocrx_word' id='word_1_508' title='bbox 3518 2336 3682 2403; x_wconf 73' lang='grc' dir='ltr'>ζυγὸν</span> <span class='ocrx_word' id='word_1_509' title='bbox 3713 2337 3976 2407; x_wconf 70' lang='grc' dir='ltr'>ποιούμε-</span> 
     </span>
    </p>
   </div>
   <div class='ocr_carea' id='block_1_73' title="bbox 2399 2425 3975 2495">
    <p class='ocr_par' dir='ltr' id='par_1_73' title="bbox 2399 2425 3975 2495">
     <span class='ocr_line' id='line_1_73' title="bbox 2399 2425 3975 2495; baseline 0.002 -17"><span class='ocrx_word' id='word_1_510' title='bbox 2399 2443 2509 2488; x_wconf 81' lang='grc' dir='ltr'>νος.</span> <span class='ocrx_word' id='word_1_511' title='bbox 2546 2426 2606 2478; x_wconf 84' lang='grc'><strong>’0</strong></span> <span class='ocrx_word' id='word_1_512' title='bbox 2635 2427 2818 2478; x_wconf 77' lang='grc' dir='ltr'>τοίνυν</span> <span class='ocrx_word' id='word_1_513' title='bbox 2847 2425 3047 2495; x_wconf 71' lang='grc' dir='ltr'>θεατὴς</span> <span class='ocrx_word' id='word_1_514' title='bbox 3077 2425 3186 2478; x_wconf 86' lang='grc' dir='ltr'><strong>τῶν</strong></span> <span class='ocrx_word' id='word_1_515' title='bbox 3241 2427 3399 2480; x_wconf 89' lang='grc' dir='ltr'>θείων</span> <span class='ocrx_word' id='word_1_516' title='bbox 3433 2427 3781 2481; x_wconf 66' lang='grc' dir='ltr'>ἀναϐαινέτω</span> <span class='ocrx_word' id='word_1_517' title='bbox 3833 2429 3975 2482; x_wconf 78' lang='grc' dir='ltr'><strong>κατά</strong></span> 
     </span>
    </p>
   </div>
   <div class='ocr_carea' id='block_1_74' title="bbox 2402 2513 3975 2592">
    <p class='ocr_par' dir='ltr' id='par_1_74' title="bbox 2402 2513 3975 2592">
     <span class='ocr_line' id='line_1_74' title="bbox 2402 2513 3975 2592; baseline 0.002 -22"><span class='ocrx_word' id='word_1_518' title='bbox 2402 2517 2659 2586; x_wconf 78' lang='grc' dir='ltr'>σπουδὴν,</span> <span class='ocrx_word' id='word_1_519' title='bbox 2691 2516 3000 2571; x_wconf 81' lang='grc' dir='ltr'>ἀκολουθῶν</span> <span class='ocrx_word' id='word_1_520' title='bbox 3053 2517 3132 2587; x_wconf 84' lang='grc' dir='ltr'>τῷ</span> <span class='ocrx_word' id='word_1_521' title='bbox 3181 2518 3368 2588; x_wconf 76' lang='grc' dir='ltr'><strong>Λόγῳ·</strong></span> <span class='ocrx_word' id='word_1_522' title='bbox 3429 2520 3623 2589; x_wconf 84' lang='grc' dir='ltr'>μέχρις</span> <span class='ocrx_word' id='word_1_523' title='bbox 3677 2513 3741 2572; x_wconf 69' lang='grc' dir='ltr'><strong>οὗ</strong></span> <span class='ocrx_word' id='word_1_524' title='bbox 3791 2521 3975 2592; x_wconf 69' lang='grc' dir='ltr'>φθάσῃ</span> 
     </span>
    </p>
   </div>
   <div class='ocr_carea' id='block_1_75' title="bbox 2401 2603 3976 2682">
    <p class='ocr_par' dir='ltr' id='par_1_75' title="bbox 2401 2603 3976 2682">
     <span class='ocr_line' id='line_1_75' title="bbox 2401 2603 3976 2682; baseline 0.002 -20"><span class='ocrx_word' id='word_1_525' title='bbox 2401 2609 2491 2662; x_wconf 76' lang='grc' dir='ltr'><strong>τὸν</strong></span> <span class='ocrx_word' id='word_1_526' title='bbox 2517 2609 2699 2672; x_wconf 84' lang='grc' dir='ltr'>τόπον,</span> <span class='ocrx_word' id='word_1_527' title='bbox 2731 2603 2791 2663; x_wconf 78' lang='grc' dir='ltr'><strong>οῦ</strong></span> <span class='ocrx_word' id='word_1_528' title='bbox 2826 2611 3008 2663; x_wconf 83' lang='grc' dir='ltr'>ὲστιν.’</span> <span class='ocrx_word' id='word_1_529' title='bbox 3034 2610 3184 2663; x_wconf 83' lang='grc' dir='ltr'>Ἐκεῖ</span> <span class='ocrx_word' id='word_1_530' title='bbox 3228 2610 3337 2681; x_wconf 83' lang='grc' dir='ltr'><strong>γὰρ</strong></span> <span class='ocrx_word' id='word_1_531' title='bbox 3368 2611 3540 2674; x_wconf 73' lang='grc' dir='ltr'>ἕλκει,</span> <span class='ocrx_word' id='word_1_532' title='bbox 3596 2612 3779 2674; x_wconf 75' lang='grc' dir='ltr'>καθώς</span> <span class='ocrx_word' id='word_1_533' title='bbox 3809 2631 3976 2682; x_wconf 76' lang='grc' dir='ltr'>φησιν</span> 
     </span>
    </p>
   </div>
   <div class='ocr_carea' id='block_1_76' title="bbox 2399 2701 3977 2772">
    <p class='ocr_par' dir='ltr' id='par_1_76' title="bbox 2399 2701 3977 2772">
     <span class='ocr_line' id='line_1_76' title="bbox 2399 2701 3977 2772; baseline 0.002 -17"><span class='ocrx_word' id='word_1_534' title='bbox 2399 2706 2428 2755; x_wconf 85' lang='grc' dir='ltr'>ὁ</span> <span class='ocrx_word' id='word_1_535' title='bbox 2505 2701 2954 2772; x_wconf 78' lang='grc' dir='ltr'>Ἐκκλησιαστὴς,</span> <span class='ocrx_word' id='word_1_536' title='bbox 3035 2701 3143 2755; x_wconf 81' lang='lat' dir='ltr'><strong>Kal</strong></span> <span class='ocrx_word' id='word_1_537' title='bbox 3209 2703 3297 2766; x_wconf 81' lang='grc' dir='ltr'>εις</span> <span class='ocrx_word' id='word_1_538' title='bbox 3354 2703 3464 2754; x_wconf 66' lang='grc' dir='ltr'><strong>τὸν</strong></span> <span class='ocrx_word' id='word_1_539' title='bbox 3527 2705 3715 2756; x_wconf 72' lang='grc' dir='ltr'>τόπον</span> <span class='ocrx_word' id='word_1_540' title='bbox 3786 2706 3977 2758; x_wconf 80' lang='grc' dir='ltr'>αὐτοῦ</span> 
     </span>
    </p>
   </div>
   <div class='ocr_carea' id='block_1_77' title="bbox 2400 2794 3979 2867">
    <p class='ocr_par' dir='ltr' id='par_1_77' title="bbox 2400 2794 3979 2867">
     <span class='ocr_line' id='line_1_77' title="bbox 2400 2794 3979 2867; baseline 0.001 -17"><span class='ocrx_word' id='word_1_541' title='bbox 2400 2796 2598 2850; x_wconf 65' lang='grc' dir='ltr'>ἕλκεν</span> <span class='ocrx_word' id='word_1_542' title='bbox 2634 2794 2878 2865; x_wconf 73' lang='grc' dir='ltr'>δηλονότι</span> <span class='ocrx_word' id='word_1_543' title='bbox 2925 2794 3051 2859; x_wconf 70' lang='grc' dir='ltr'>τοὺς</span> <span class='ocrx_word' id='word_1_544' title='bbox 3086 2795 3514 2858; x_wconf 82' lang='grc' dir='ltr'>ἀκολουθοῦντας</span> <span class='ocrx_word' id='word_1_545' title='bbox 3544 2797 3717 2867; x_wconf 74' lang='grc' dir='ltr'>αὐτῷ,</span> <span class='ocrx_word' id='word_1_546' title='bbox 3771 2799 3848 2860; x_wconf 86' lang='grc' dir='ltr'>ὡς</span> <span class='ocrx_word' id='word_1_547' title='bbox 3878 2817 3979 2867; x_wconf 83' lang='grc' dir='ltr'>με·</span> 
     </span>
    </p>
   </div>
   <div class='ocr_carea' id='block_1_78' title="bbox 2401 2887 3980 2957">
    <p class='ocr_par' dir='ltr' id='par_1_78' title="bbox 2401 2887 3980 2957">
     <span class='ocr_line' id='line_1_78' title="bbox 2401 2887 3980 2957; baseline 0.003 -17"><span class='ocrx_word' id='word_1_548' title='bbox 2401 2887 2553 2956; x_wconf 82' lang='grc' dir='ltr'><strong>γάλῳ</strong></span> <span class='ocrx_word' id='word_1_549' title='bbox 2608 2887 2901 2956; x_wconf 74' lang='grc' dir='ltr'>Ἀρχιερεῆ</span> <span class='ocrx_word' id='word_1_550' title='bbox 2955 2888 3050 2939; x_wconf 71' lang='grc' dir='ltr'>καὶ</span> <span class='ocrx_word' id='word_1_551' title='bbox 3097 2887 3372 2954; x_wconf 83' lang='grc' dir='ltr'>εἰσάγοντι</span> <span class='ocrx_word' id='word_1_552' title='bbox 3423 2891 3504 2950; x_wconf 89' lang='grc' dir='ltr'><strong>εἰς</strong></span> <span class='ocrx_word' id='word_1_553' title='bbox 3562 2890 3628 2941; x_wconf 65' lang='grc' dir='ltr'>τὶ</span> <span class='ocrx_word' id='word_1_554' title='bbox 3667 2890 3838 2957; x_wconf 84' lang='grc' dir='ltr'>Ἀγια</span> <span class='ocrx_word' id='word_1_555' title='bbox 3867 2890 3980 2944; x_wconf 81' lang='grc' dir='ltr'><strong>τῶν</strong></span> 
     </span>
    </p>
   </div>
   <div class='ocr_carea' id='block_1_79' title="bbox 2403 2979 3978 3050">
    <p class='ocr_par' dir='ltr' id='par_1_79' title="bbox 2403 2979 3978 3050">
     <span class='ocr_line' id='line_1_79' title="bbox 2403 2979 3978 3050; baseline 0.004 -20"><span class='ocrx_word' id='word_1_556' title='bbox 2403 2980 2572 3046; x_wconf 77' lang='grc' dir='ltr'>ἁγίων</span> <span class='ocrx_word' id='word_1_557' title='bbox 2593 2997 2606 3010; x_wconf 83' lang='lat'><strong><em>°</em></strong></span> <span class='ocrx_word' id='word_1_558' title='bbox 2640 2979 2768 3032; x_wconf 81' lang='grc' dir='ltr'>ἔνθα</span> <span class='ocrx_word' id='word_1_559' title='bbox 2798 2979 2859 3031; x_wconf 81' lang='grc' dir='ltr'>τὸ</span> <span class='ocrx_word' id='word_1_560' title='bbox 2898 2979 3021 3032; x_wconf 77' lang='grc' dir='ltr'>καθ’</span> <span class='ocrx_word' id='word_1_561' title='bbox 3043 2981 3191 3049; x_wconf 78' lang='grc' dir='ltr'>ἡμᾶς</span> <span class='ocrx_word' id='word_1_562' title='bbox 3225 2981 3388 3043; x_wconf 68' lang='grc' dir='ltr'>αὐτὸς</span> <span class='ocrx_word' id='word_1_563' title='bbox 3435 2981 3591 3047; x_wconf 74' lang='grc' dir='ltr'>ὑπὲρ</span> <span class='ocrx_word' id='word_1_564' title='bbox 3618 2983 3791 3050; x_wconf 70' lang='grc' dir='ltr'><strong>ἡμῶν</strong></span> <span class='ocrx_word' id='word_1_565' title='bbox 3833 2984 3978 3050; x_wconf 67' lang='grc' dir='ltr'>πρό-</span> 
     </span>
    </p>
   </div>
   <div class='ocr_carea' id='block_1_80' title="bbox 2400 3069 2960 3139">
    <p class='ocr_par' dir='ltr' id='par_1_80' title="bbox 2400 3069 2960 3139">
     <span class='ocr_line' id='line_1_80' title="bbox 2400 3069 2960 3139; baseline 0.005 -17"><span class='ocrx_word' id='word_1_566' title='bbox 2400 3072 2620 3139; x_wconf 79' lang='grc' dir='ltr'>δρομος</span> <span class='ocrx_word' id='word_1_567' title='bbox 2657 3069 2960 3137; x_wconf 71' lang='grc' dir='ltr'>εἰσῆλθεν.</span> 
     </span>
    </p>
   </div>
   <div class='ocr_carea' id='block_1_81' title="bbox 2472 3159 3974 3231">
    <p class='ocr_par' dir='ltr' id='par_1_81' title="bbox 2472 3159 3974 3231">
     <span class='ocr_line' id='line_1_81' title="bbox 2472 3159 3974 3231; baseline 0.002 -19"><span class='ocrx_word' id='word_1_568' title='bbox 2472 3161 2573 3227; x_wconf 84' lang='grc' dir='ltr'>λγ’.</span> <span class='ocrx_word' id='word_1_569' title='bbox 2614 3161 2672 3211; x_wconf 92' lang='grc' dir='ltr'>Ὁ</span> <span class='ocrx_word' id='word_1_570' title='bbox 2706 3160 2806 3227; x_wconf 82' lang='grc' dir='ltr'>τὴν</span> <span class='ocrx_word' id='word_1_571' title='bbox 2861 3161 2982 3212; x_wconf 79' lang='grc' dir='ltr'>κατ’</span> <span class='ocrx_word' id='word_1_572' title='bbox 3035 3159 3322 3213; x_wconf 76' lang='grc' dir='ltr'>εὐσέόειαν</span> <span class='ocrx_word' id='word_1_573' title='bbox 3387 3161 3588 3231; x_wconf 81' lang='grc' dir='ltr'>μετιὼν</span> <span class='ocrx_word' id='word_1_574' title='bbox 3625 3163 3974 3230; x_wconf 66' lang='grc' dir='ltr'>φιλοσοςρίαν,</span> 
     </span>
    </p>
   </div>
   <div class='ocr_carea' id='block_1_82' title="bbox 2402 3253 3976 3325">
    <p class='ocr_par' dir='ltr' id='par_1_82' title="bbox 2402 3253 3976 3325">
     <span class='ocr_line' id='line_1_82' title="bbox 2402 3253 3976 3325; baseline 0 -17"><span class='ocrx_word' id='word_1_575' title='bbox 2402 3255 2496 3308; x_wconf 73' lang='grc' dir='ltr'>καὶ</span> <span class='ocrx_word' id='word_1_576' title='bbox 2535 3253 2671 3324; x_wconf 79' lang='grc' dir='ltr'>πρὸς</span> <span class='ocrx_word' id='word_1_577' title='bbox 2704 3255 2804 3316; x_wconf 74' lang='grc' dir='ltr'>τὰς</span> <span class='ocrx_word' id='word_1_578' title='bbox 2844 3256 3110 3323; x_wconf 86' lang='grc' dir='ltr'>ἀοράτους</span> <span class='ocrx_word' id='word_1_579' title='bbox 3156 3255 3644 3324; x_wconf 69' lang='grc' dir='ltr'>παρατασσόμενος</span> <span class='ocrx_word' id='word_1_580' title='bbox 3682 3257 3976 3325; x_wconf 87' lang='grc' dir='ltr'>δυνάμεις·</span> 
     </span>
    </p>
   </div>
   <div class='ocr_carea' id='block_1_83' title="bbox 2401 3342 3983 3414">
    <p class='ocr_par' dir='ltr' id='par_1_83' title="bbox 2401 3342 3983 3414">
     <span class='ocr_line' id='line_1_83' title="bbox 2401 3342 3983 3414; baseline -0.001 -18"><span class='ocrx_word' id='word_1_581' title='bbox 2401 3343 2665 3411; x_wconf 71' lang='grc' dir='ltr'>εὐχέσθω,</span> <span class='ocrx_word' id='word_1_582' title='bbox 2699 3343 2799 3411; x_wconf 84' lang='grc' dir='ltr'>τήν</span> <span class='ocrx_word' id='word_1_583' title='bbox 2840 3361 2899 3395; x_wconf 86' lang='grc' dir='ltr'><strong>τε</strong></span> <span class='ocrx_word' id='word_1_584' title='bbox 2935 3342 3172 3411; x_wconf 74' lang='grc' dir='ltr'>φυσικὴν</span> <span class='ocrx_word' id='word_1_585' title='bbox 3204 3343 3479 3413; x_wconf 81' lang='grc' dir='ltr'>διάκρισιν</span> <span class='ocrx_word' id='word_1_586' title='bbox 3505 3344 3654 3412; x_wconf 77' lang='grc' dir='ltr'><strong>αὖτῷ</strong></span> <span class='ocrx_word' id='word_1_587' title='bbox 3701 3347 3983 3414; x_wconf 71' lang='grc' dir='ltr'>παραμεῖο</span> 
     </span>
    </p>
   </div>
   <div class='ocr_carea' id='block_1_84' title="bbox 2411 3433 3981 3506">
    <p class='ocr_par' dir='ltr' id='par_1_84' title="bbox 2411 3433 3981 3506">
     <span class='ocr_line' id='line_1_84' title="bbox 2411 3433 3981 3506; baseline 0.001 -19"><span class='ocrx_word' id='word_1_588' title='bbox 2411 3453 2498 3488; x_wconf 84' lang='grc' dir='ltr'><strong>ναι</strong></span> <span class='ocrx_word' id='word_1_589' title='bbox 2535 3434 2671 3503; x_wconf 65' lang='grc' dir='ltr'>(φῶς</span> <span class='ocrx_word' id='word_1_590' title='bbox 2701 3433 2932 3504; x_wconf 72' lang='grc' dir='ltr'>ἔχουσαν</span> <span class='ocrx_word' id='word_1_591' title='bbox 2962 3433 3327 3504; x_wconf 77' lang='grc' dir='ltr'>σύμμετρον),</span> <span class='ocrx_word' id='word_1_592' title='bbox 3381 3436 3478 3487; x_wconf 70' lang='grc' dir='ltr'>καὶ</span> <span class='ocrx_word' id='word_1_593' title='bbox 3507 3435 3606 3505; x_wconf 69' lang='grc' dir='ltr'>τὴν</span> <span class='ocrx_word' id='word_1_594' title='bbox 3631 3437 3981 3506; x_wconf 74' lang='grc' dir='ltr'>φωτιστικὴν</span> 
     </span>
    </p>
   </div>
   <div class='ocr_carea' id='block_1_85' title="bbox 2399 3520 3981 3592">
    <p class='ocr_par' dir='ltr' id='par_1_85' title="bbox 2399 3520 3981 3592">
     <span class='ocr_line' id='line_1_85' title="bbox 2399 3520 3981 3592; baseline 0 -18"><span class='ocrx_word' id='word_1_595' title='bbox 2399 3523 2491 3574; x_wconf 84' lang='grc' dir='ltr'><strong>τοῦ</strong></span> <span class='ocrx_word' id='word_1_596' title='bbox 2518 3520 2837 3589; x_wconf 84' lang='grc' dir='ltr'>Πνεύματος</span> <span class='ocrx_word' id='word_1_597' title='bbox 2872 3521 3051 3591; x_wconf 90' lang='grc' dir='ltr'>χάριν.</span> <span class='ocrx_word' id='word_1_598' title='bbox 3089 3522 3151 3573; x_wconf 86' lang='grc' dir='ltr'><strong>Ἥ</strong></span> <span class='ocrx_word' id='word_1_599' title='bbox 3201 3521 3302 3591; x_wconf 73' lang='grc' dir='ltr'>μὲν</span> <span class='ocrx_word' id='word_1_600' title='bbox 3330 3521 3460 3588; x_wconf 83' lang='grc' dir='ltr'>γὰρ,</span> <span class='ocrx_word' id='word_1_601' title='bbox 3505 3523 3854 3591; x_wconf 78' lang='grc' dir='ltr'>παιδαγωγεῖ</span> <span class='ocrx_word' id='word_1_602' title='bbox 3881 3523 3981 3592; x_wconf 74' lang='grc' dir='ltr'>τὴν</span> 
     </span>
    </p>
   </div>
   <div class='ocr_carea' id='block_1_86' title="bbox 2402 3613 3984 3685">
    <p class='ocr_par' dir='ltr' id='par_1_86' title="bbox 2402 3613 3984 3685">
     <span class='ocr_line' id='line_1_86' title="bbox 2402 3613 3984 3685; baseline -0.001 -18"><span class='ocrx_word' id='word_1_603' title='bbox 2402 3617 2578 3685; x_wconf 71' lang='grc' dir='ltr'>σάρκα</span> <span class='ocrx_word' id='word_1_604' title='bbox 2609 3614 2745 3682; x_wconf 75' lang='grc' dir='ltr'>πρὸς</span> <span class='ocrx_word' id='word_1_605' title='bbox 2789 3613 2991 3684; x_wconf 76' lang='grc' dir='ltr'>ἀρετὴν</span> <span class='ocrx_word' id='word_1_606' title='bbox 3016 3613 3104 3667; x_wconf 84' lang='grc' dir='ltr'><strong>διὰ</strong></span> <span class='ocrx_word' id='word_1_607' title='bbox 3138 3613 3395 3683; x_wconf 84' lang='grc' dir='ltr'>πράξεως</span> <span class='ocrx_word' id='word_1_608' title='bbox 3418 3632 3431 3645; x_wconf 89' lang='grc'><strong>·</strong></span> <span class='ocrx_word' id='word_1_609' title='bbox 3470 3616 3502 3683; x_wconf 83' lang='grc' dir='ltr'>ἠ</span> <span class='ocrx_word' id='word_1_610' title='bbox 3541 3613 3616 3676; x_wconf 76' lang='grc' dir='ltr'>δὲ,</span> <span class='ocrx_word' id='word_1_611' title='bbox 3647 3617 3984 3683; x_wconf 66' lang='grc' dir='ltr'>φωταγωγεϊ</span> 
     </span>
    </p>
   </div>
   <div class='ocr_carea' id='block_1_87' title="bbox 2399 3706 3981 3777">
    <p class='ocr_par' dir='ltr' id='par_1_87' title="bbox 2399 3706 3981 3777">
     <span class='ocr_line' id='line_1_87' title="bbox 2399 3706 3981 3777; baseline -0.001 -17"><span class='ocrx_word' id='word_1_612' title='bbox 2399 3709 2489 3760; x_wconf 71' lang='grc' dir='ltr'>τὶν</span> <span class='ocrx_word' id='word_1_613' title='bbox 2513 3707 2659 3768; x_wconf 87' lang='grc' dir='ltr'>νοῦν,</span> <span class='ocrx_word' id='word_1_614' title='bbox 2687 3706 2786 3777; x_wconf 79' lang='grc' dir='ltr'>τὴν</span> <span class='ocrx_word' id='word_1_615' title='bbox 2818 3709 2917 3776; x_wconf 82' lang='grc' dir='ltr'>τῆς</span> <span class='ocrx_word' id='word_1_616' title='bbox 2941 3707 3133 3774; x_wconf 81' lang='grc' dir='ltr'>σοφίας</span> <span class='ocrx_word' id='word_1_617' title='bbox 3161 3709 3379 3761; x_wconf 85' lang='grc' dir='ltr'>πάντων</span> <span class='ocrx_word' id='word_1_618' title='bbox 3413 3709 3703 3776; x_wconf 79' lang='grc' dir='ltr'>προκρῖναι</span> <span class='ocrx_word' id='word_1_619' title='bbox 3736 3707 3981 3774; x_wconf 69' lang='grc' dir='ltr'>συμϐίω-</span> 
     </span>
    </p>
   </div>
   <div class='ocr_carea' id='block_1_88' title="bbox 2402 3797 3984 3868">
    <p class='ocr_par' dir='ltr' id='par_1_88' title="bbox 2402 3797 3984 3868">
     <span class='ocr_line' id='line_1_88' title="bbox 2402 3797 3984 3868; baseline -0.001 -17"><span class='ocrx_word' id='word_1_620' title='bbox 2402 3815 2526 3851; x_wconf 84' lang='grc' dir='ltr'>σιν·</span> <span class='ocrx_word' id='word_1_621' title='bbox 2569 3798 2691 3852; x_wconf 77' lang='grc' dir='ltr'>καθ’</span> <span class='ocrx_word' id='word_1_622' title='bbox 2741 3801 2828 3868; x_wconf 81' lang='grc' dir='ltr'>ἣν,</span> <span class='ocrx_word' id='word_1_623' title='bbox 2877 3797 2996 3850; x_wconf 78' lang='grc' dir='ltr'><strong>τῶν</strong></span> <span class='ocrx_word' id='word_1_624' title='bbox 3055 3815 3121 3850; x_wconf 77' lang='grc' dir='ltr'><strong>τε</strong></span> <span class='ocrx_word' id='word_1_625' title='bbox 3176 3797 3289 3865; x_wconf 77' lang='grc' dir='ltr'>τῆς</span> <span class='ocrx_word' id='word_1_626' title='bbox 3319 3799 3529 3862; x_wconf 77' lang='grc' dir='ltr'>κακίας</span> <span class='ocrx_word' id='word_1_627' title='bbox 3581 3797 3984 3866; x_wconf 61' lang='grc' dir='ltr'>ὀχινίωμάτωγ</span> 
     </span>
    </p>
   </div>
   <div class='ocr_carea' id='block_1_89' title="bbox 2402 3885 3984 3957">
    <p class='ocr_par' dir='ltr' id='par_1_89' title="bbox 2402 3885 3984 3957">
     <span class='ocr_line' id='line_1_89' title="bbox 2402 3885 3984 3957; baseline -0.001 -17"><span class='ocrx_word' id='word_1_628' title='bbox 2402 3889 2500 3941; x_wconf 73' lang='grc' dir='ltr'><strong>καί</strong></span> <span class='ocrx_word' id='word_1_629' title='bbox 2565 3889 2785 3953; x_wconf 74' lang='grc' dir='ltr'>παντὸς</span> <span class='ocrx_word' id='word_1_630' title='bbox 2831 3888 3157 3956; x_wconf 67' lang='grc' dir='ltr'>ὑψώματος</span> <span class='ocrx_word' id='word_1_631' title='bbox 3207 3889 3605 3957; x_wconf 73' lang='grc' dir='ltr'>ἐπαιρομένου</span> <span class='ocrx_word' id='word_1_632' title='bbox 3667 3889 3824 3940; x_wconf 79' lang='grc' dir='ltr'>κατὰ</span> <span class='ocrx_word' id='word_1_633' title='bbox 3871 3885 3984 3952; x_wconf 79' lang='grc' dir='ltr'>τῆς</span> 
     </span>
    </p>
   </div>
   <div class='ocr_carea' id='block_1_90' title="bbox 2403 3979 3983 4049">
    <p class='ocr_par' dir='ltr' id='par_1_90' title="bbox 2403 3979 3983 4049">
     <span class='ocr_line' id='line_1_90' title="bbox 2403 3979 3983 4049; baseline 0 -18"><span class='ocrx_word' id='word_1_634' title='bbox 2403 3980 2677 4049; x_wconf 71' lang='grc' dir='ltr'>γνώσεως</span> <span class='ocrx_word' id='word_1_635' title='bbox 2699 3979 2807 4034; x_wconf 80' lang='grc' dir='ltr'><strong>τοῦ</strong></span> <span class='ocrx_word' id='word_1_636' title='bbox 2841 3979 3011 4041; x_wconf 84' lang='grc' dir='ltr'>Θεοῦ,</span> <span class='ocrx_word' id='word_1_637' title='bbox 3041 3980 3291 4034; x_wconf 80' lang='grc' dir='ltr'>ποιεῖται</span> <span class='ocrx_word' id='word_1_638' title='bbox 3322 3979 3435 4045; x_wconf 77' lang='grc' dir='ltr'><strong>τὴν</strong></span> <span class='ocrx_word' id='word_1_639' title='bbox 3468 3980 3840 4045; x_wconf 73' lang='grc' dir='ltr'>καθαίρεσιν.</span> <span class='ocrx_word' id='word_1_640' title='bbox 3874 3980 3983 4032; x_wconf 72' lang='grc' dir='ltr'><strong>Καὶ</strong></span> 
     </span>
    </p>
   </div>
   <div class='ocr_carea' id='block_1_91' title="bbox 2401 4066 3982 4138">
    <p class='ocr_par' dir='ltr' id='par_1_91' title="bbox 2401 4066 3982 4138">
     <span class='ocr_line' id='line_1_91' title="bbox 2401 4066 3982 4138; baseline -0.001 -17"><span class='ocrx_word' id='word_1_641' title='bbox 2401 4071 2552 4138; x_wconf 81' lang='grc' dir='ltr'><strong>δηλοί</strong></span> <span class='ocrx_word' id='word_1_642' title='bbox 2583 4070 2650 4120; x_wconf 85' lang='grc' dir='ltr'><strong>δι’</strong></span> <span class='ocrx_word' id='word_1_643' title='bbox 2691 4068 2856 4137; x_wconf 81' lang='grc' dir='ltr'>εὐχῆς</span> <span class='ocrx_word' id='word_1_644' title='bbox 2905 4067 3074 4130; x_wconf 68' lang='grc' dir='ltr'>αττῶν</span> <span class='ocrx_word' id='word_1_645' title='bbox 3103 4070 3132 4120; x_wconf 87' lang='grc' dir='ltr'><strong>ὁ</strong></span> <span class='ocrx_word' id='word_1_646' title='bbox 3161 4067 3254 4120; x_wconf 79' lang='grc' dir='ltr'><strong>τοῦ</strong></span> <span class='ocrx_word' id='word_1_647' title='bbox 3289 4069 3447 4136; x_wconf 87' lang='grc' dir='ltr'><strong>Ναυῆ</strong></span> <span class='ocrx_word' id='word_1_648' title='bbox 3484 4067 3715 4137; x_wconf 81' lang='grc' dir='ltr'>Ἰησοῦς.</span> <span class='ocrx_word' id='word_1_649' title='bbox 3754 4066 3982 4134; x_wconf 71' lang='grc' dir='ltr'>στῆναι</span> 
     </span>
    </p>
   </div>
   <div class='ocr_carea' id='block_1_92' title="bbox 2402 4159 3983 4227">
    <p class='ocr_par' dir='ltr' id='par_1_92' title="bbox 2402 4159 3983 4227">
     <span class='ocr_line' id='line_1_92' title="bbox 2402 4159 3983 4227; baseline -0.003 -15"><span class='ocrx_word' id='word_1_650' title='bbox 2402 4162 2508 4213; x_wconf 75' lang='grc' dir='ltr'><strong>τὸν</strong></span> <span class='ocrx_word' id='word_1_651' title='bbox 2540 4160 2716 4213; x_wconf 72' lang='grc' dir='ltr'><strong>’ἥλιον</strong></span> <span class='ocrx_word' id='word_1_652' title='bbox 2748 4161 2898 4213; x_wconf 80' lang='grc' dir='ltr'>κατὰ</span> <span class='ocrx_word' id='word_1_653' title='bbox 2949 4159 3196 4213; x_wconf 77' lang='grc' dir='ltr'>Γαϐαὼ·</span> <span class='ocrx_word' id='word_1_654' title='bbox 3231 4160 3532 4223; x_wconf 81' lang='grc' dir='ltr'>τουτέστιν,</span> <span class='ocrx_word' id='word_1_655' title='bbox 3584 4159 3780 4212; x_wconf 78' lang='grc' dir='ltr'>ἄδυτον</span> <span class='ocrx_word' id='word_1_656' title='bbox 3829 4160 3983 4227; x_wconf 76' lang='grc' dir='ltr'>αὐτῷ</span> 
     </span>
    </p>
   </div>
   <div class='ocr_carea' id='block_1_93' title="bbox 2401 4248 3984 4320">
    <p class='ocr_par' dir='ltr' id='par_1_93' title="bbox 2401 4248 3984 4320">
     <span class='ocr_line' id='line_1_93' title="bbox 2401 4248 3984 4320; baseline -0.002 -17"><span class='ocrx_word' id='word_1_657' title='bbox 2401 4250 2461 4303; x_wconf 80' lang='grc' dir='ltr'>τὸ</span> <span class='ocrx_word' id='word_1_658' title='bbox 2493 4250 2605 4318; x_wconf 71' lang='grc' dir='ltr'>φῶς</span> <span class='ocrx_word' id='word_1_659' title='bbox 2652 4252 2750 4320; x_wconf 81' lang='grc' dir='ltr'>τῆς</span> <span class='ocrx_word' id='word_1_660' title='bbox 2783 4252 3036 4318; x_wconf 81' lang='grc' dir='ltr'>γνώσεως</span> <span class='ocrx_word' id='word_1_661' title='bbox 3068 4249 3163 4303; x_wconf 89' lang='grc' dir='ltr'><strong>τοῦ</strong></span> <span class='ocrx_word' id='word_1_662' title='bbox 3218 4248 3378 4310; x_wconf 86' lang='grc' dir='ltr'>Θεοῦ,</span> <span class='ocrx_word' id='word_1_663' title='bbox 3411 4249 3552 4301; x_wconf 88' lang='grc' dir='ltr'><strong>κατά</strong></span> <span class='ocrx_word' id='word_1_664' title='bbox 3597 4249 3658 4301; x_wconf 80' lang='grc' dir='ltr'>τὸ</span> <span class='ocrx_word' id='word_1_665' title='bbox 3707 4248 3835 4318; x_wconf 79' lang='grc' dir='ltr'>ὅρος</span> <span class='ocrx_word' id='word_1_666' title='bbox 3887 4250 3984 4317; x_wconf 78' lang='grc' dir='ltr'>τῆς</span> 
     </span>
    </p>
   </div>
   <div class='ocr_carea' id='block_1_94' title="bbox 2402 4341 3988 4411">
    <p class='ocr_par' dir='ltr' id='par_1_94' title="bbox 2402 4341 3988 4411">
     <span class='ocr_line' id='line_1_94' title="bbox 2402 4341 3988 4411; baseline -0.002 -17"><span class='ocrx_word' id='word_1_667' title='bbox 2402 4343 2542 4396; x_wconf 84' lang='grc' dir='ltr'>κατὰ</span> <span class='ocrx_word' id='word_1_668' title='bbox 2568 4343 2692 4395; x_wconf 90' lang='grc' dir='ltr'>νοῦν</span> <span class='ocrx_word' id='word_1_669' title='bbox 2721 4343 2953 4411; x_wconf 85' lang='grc' dir='ltr'>θεωρίας</span> <span class='ocrx_word' id='word_1_670' title='bbox 2984 4342 3358 4411; x_wconf 67' lang='grc' dir='ltr'>φυλαχθῆναισ</span> <span class='ocrx_word' id='word_1_671' title='bbox 3407 4342 3505 4394; x_wconf 77' lang='grc' dir='ltr'><strong>καί</strong></span> <span class='ocrx_word' id='word_1_672' title='bbox 3544 4343 3659 4406; x_wconf 76' lang='grc' dir='ltr'><strong>τὴν</strong></span> <span class='ocrx_word' id='word_1_673' title='bbox 3704 4341 3988 4407; x_wconf 69' lang='grc' dir='ltr'>σελήνην·</span> 
     </span>
    </p>
   </div>
   <div class='ocr_carea' id='block_1_95' title="bbox 2403 4432 3984 4503">
    <p class='ocr_par' dir='ltr' id='par_1_95' title="bbox 2403 4432 3984 4503">
     <span class='ocr_line' id='line_1_95' title="bbox 2403 4432 3984 4503; baseline -0.003 -16"><span class='ocrx_word' id='word_1_674' title='bbox 2403 4435 2553 4487; x_wconf 82' lang='grc' dir='ltr'>κατὰ</span> <span class='ocrx_word' id='word_1_675' title='bbox 2591 4434 2904 4503; x_wconf 69' lang='grc' dir='ltr'>φάραγγαο</span> <span class='ocrx_word' id='word_1_676' title='bbox 2959 4433 3232 4498; x_wconf 84' lang='grc' dir='ltr'>τουτέστι,</span> <span class='ocrx_word' id='word_1_677' title='bbox 3286 4432 3384 4497; x_wconf 74' lang='grc' dir='ltr'>τὴν</span> <span class='ocrx_word' id='word_1_678' title='bbox 3419 4432 3656 4502; x_wconf 79' lang='grc' dir='ltr'>φυσικὴν</span> <span class='ocrx_word' id='word_1_679' title='bbox 3701 4433 3984 4500; x_wconf 80' lang='grc' dir='ltr'>διάκρισιν</span> 
     </span>
    </p>
   </div>
   <div class='ocr_carea' id='block_1_96' title="bbox 2407 4524 3987 4595">
    <p class='ocr_par' dir='ltr' id='par_1_96' title="bbox 2407 4524 3987 4595">
     <span class='ocr_line' id='line_1_96' title="bbox 2407 4524 3987 4595; baseline -0.004 -15"><span class='ocrx_word' id='word_1_680' title='bbox 2407 4528 2502 4580; x_wconf 73' lang='grc' dir='ltr'><strong>ἐπὶ</strong></span> <span class='ocrx_word' id='word_1_681' title='bbox 2521 4527 2621 4594; x_wconf 75' lang='grc' dir='ltr'>τῆς</span> <span class='ocrx_word' id='word_1_682' title='bbox 2651 4527 2919 4595; x_wconf 80' lang='grc' dir='ltr'>σαρκικῆς</span> <span class='ocrx_word' id='word_1_683' title='bbox 2951 4527 3238 4588; x_wconf 84' lang='grc' dir='ltr'>ἀσθενείας</span> <span class='ocrx_word' id='word_1_684' title='bbox 3270 4524 3555 4595; x_wconf 84' lang='grc' dir='ltr'>κειμένην,</span> <span class='ocrx_word' id='word_1_685' title='bbox 3586 4524 3695 4578; x_wconf 79' lang='grc' dir='ltr'>ἀπὸ</span> <span class='ocrx_word' id='word_1_686' title='bbox 3719 4526 3820 4593; x_wconf 81' lang='grc' dir='ltr'>τῆς</span> <span class='ocrx_word' id='word_1_687' title='bbox 3851 4524 3987 4594; x_wconf 79' lang='grc' dir='ltr'>ἀρε-</span> 
     </span>
    </p>
   </div>
   <div class='ocr_carea' id='block_1_97' title="bbox 2408 4616 3217 4686">
    <p class='ocr_par' dir='ltr' id='par_1_97' title="bbox 2408 4616 3217 4686">
     <span class='ocr_line' id='line_1_97' title="bbox 2408 4616 3217 4686; baseline 0 -16"><span class='ocrx_word' id='word_1_688' title='bbox 2408 4616 2508 4686; x_wconf 76' lang='grc' dir='ltr'>τῆς</span> <span class='ocrx_word' id='word_1_689' title='bbox 2535 4617 2890 4670; x_wconf 76' lang='grc' dir='ltr'>ἀναλλοίωτον</span> <span class='ocrx_word' id='word_1_690' title='bbox 2923 4618 3217 4684; x_wconf 83' lang='grc' dir='ltr'>διαμεῖναι.</span> 
     </span>
    </p>
   </div>
   <div class='ocr_carea' id='block_1_98' title="bbox 3503 4815 3984 4880">
    <p class='ocr_par' dir='ltr' id='par_1_98' title="bbox 3503 4815 3984 4880">
     <span class='ocr_line' id='line_1_98' title="bbox 3503 4815 3984 4880; baseline -0.002 -10"><span class='ocrx_word' id='word_1_691' title='bbox 3503 4819 3549 4850; x_wconf 84' lang='grc'>”</span> <span class='ocrx_word' id='word_1_692' title='bbox 3573 4817 3742 4872; x_wconf 83' lang='lat' dir='ltr'><strong>Hebr.</strong></span> <span class='ocrx_word' id='word_1_693' title='bbox 3780 4833 3854 4880; x_wconf 83' lang='lat' dir='ltr'><strong>vt,</strong></span> <span class='ocrx_word' id='word_1_694' title='bbox 3891 4815 3984 4870; x_wconf 69' lang='lat'><strong>20.</strong></span> 
     </span>
    </p>
   </div>
   <div class='ocr_carea' id='block_1_99' title="bbox 2397 4820 3396 4885">
    <p class='ocr_par' dir='ltr' id='par_1_99' title="bbox 2397 4820 3396 4885">
     <span class='ocr_line' id='line_1_99' title="bbox 2397 4820 3396 4885; baseline -0.002 -11"><span class='ocrx_word' id='word_1_695' title='bbox 2397 4821 2441 4851; x_wconf 82' lang='grc'><strong>⁹⁰</strong></span> <span class='ocrx_word' id='word_1_696' title='bbox 2480 4833 2636 4874; x_wconf 80' lang='lat' dir='ltr'><strong>Joan.</strong></span> <span class='ocrx_word' id='word_1_697' title='bbox 2665 4837 2756 4885; x_wconf 75' lang='lat' dir='ltr'><strong>xu,</strong></span> <span class='ocrx_word' id='word_1_698' title='bbox 2787 4821 2875 4874; x_wconf 71' lang='grc'><strong>52.</strong></span> <span class='ocrx_word' id='word_1_699' title='bbox 2980 4823 3022 4852; x_wconf 74' lang='grc'><strong>’³</strong></span> <span class='ocrx_word' id='word_1_700' title='bbox 3050 4821 3229 4874; x_wconf 87' lang='lat' dir='ltr'><strong>Ecclc.</strong></span> <span class='ocrx_word' id='word_1_701' title='bbox 3263 4837 3302 4884; x_wconf 85' lang='lat' dir='ltr'><strong>r,</strong></span> <span class='ocrx_word' id='word_1_702' title='bbox 3343 4820 3396 4874; x_wconf 85' lang='lat'><strong>5.</strong></span> 
     </span>
    </p>
   </div>
   <div class='ocr_carea' id='block_1_100' title="bbox 733 4890 2455 4962">
    <p class='ocr_par' dir='ltr' id='par_1_100' title="bbox 733 4890 2455 4962">
     <span class='ocr_line' id='line_1_100' title="bbox 733 4890 2455 4962; baseline -0.003 -14"><span class='ocrx_word' id='word_1_703' title='bbox 733 4893 780 4926; x_wconf 72' lang='grc'>⁸³</span> <span class='ocrx_word' id='word_1_704' title='bbox 813 4892 940 4962; x_wconf 84' lang='lat' dir='ltr'><strong>Sap.</strong></span> <span class='ocrx_word' id='word_1_705' title='bbox 963 4908 1077 4955; x_wconf 78' lang='lat' dir='ltr'><strong>vui,</strong></span> <span class='ocrx_word' id='word_1_706' title='bbox 1102 4893 1156 4946; x_wconf 68' lang='lat'><strong>2.</strong></span> <span class='ocrx_word' id='word_1_707' title='bbox 1223 4893 1270 4924; x_wconf 62' lang='grc'><strong>’³</strong></span> <span class='ocrx_word' id='word_1_708' title='bbox 1299 4891 1338 4946; x_wconf 96' lang='lat' dir='ltr'><strong>ll</strong></span> <span class='ocrx_word' id='word_1_709' title='bbox 1362 4891 1488 4946; x_wconf 88' lang='lat' dir='ltr'><strong>Cor.</strong></span> <span class='ocrx_word' id='word_1_710' title='bbox 1513 4908 1566 4953; x_wconf 74' lang='grc' dir='ltr'>ι,</span> <span class='ocrx_word' id='word_1_711' title='bbox 1593 4893 1646 4946; x_wconf 76' lang='grc'>4.</span> <span class='ocrx_word' id='word_1_712' title='bbox 1721 4895 1767 4926; x_wconf 73' lang='grc'><strong>⁸⁵</strong></span> <span class='ocrx_word' id='word_1_713' title='bbox 1796 4891 1960 4947; x_wconf 82' lang='lat' dir='ltr'><strong>.losue</strong></span> <span class='ocrx_word' id='word_1_714' title='bbox 1986 4907 2040 4954; x_wconf 68' lang='grc' dir='ltr'>χ,</span> <span class='ocrx_word' id='word_1_715' title='bbox 2077 4891 2187 4944; x_wconf 79' lang='grc'>12.⁶</span> <span class='ocrx_word' id='word_1_716' title='bbox 2246 4892 2292 4923; x_wconf 87' lang='grc'><strong><em>⁹⁶</em></strong></span> <span class='ocrx_word' id='word_1_717' title='bbox 2324 4890 2455 4945; x_wconf 90' lang='lat' dir='ltr'><strong>ibid.</strong></span> 
     </span>
    </p>
   </div>
   <div class='ocr_carea' id='block_1_101' title="bbox 806 4999 2301 5073">
    <p class='ocr_par' dir='ltr' id='par_1_101' title="bbox 806 4999 2301 5073">
     <span class='ocr_line' id='line_1_101' title="bbox 806 4999 2301 5073; baseline 0.001 -19"><span class='ocrx_word' id='word_1_718' title='bbox 806 4999 876 5073; x_wconf 73' lang='grc' dir='ltr'><strong>(ε)</strong></span> <span class='ocrx_word' id='word_1_719' title='bbox 923 5001 1001 5073; x_wconf 53' lang='grc' dir='ltr'><strong>⁸οί</strong></span> <span class='ocrx_word' id='word_1_720' title='bbox 1023 5001 1276 5073; x_wconf 10' lang='grc' dir='ltr'>κρατῶν,</span> <span class='ocrx_word' id='word_1_721' title='bbox 1295 5001 1541 5073; x_wconf 77' lang='grc' dir='ltr'>ἇδυτον.</span> <span class='ocrx_word' id='word_1_722' title='bbox 1564 5003 1656 5056; x_wconf 89' lang='lat' dir='ltr'><strong>Est</strong></span> <span class='ocrx_word' id='word_1_723' title='bbox 1682 5003 1845 5057; x_wconf 81' lang='lat' dir='ltr'><strong>Marci</strong></span> <span class='ocrx_word' id='word_1_724' title='bbox 1879 5001 2156 5070; x_wconf 84' lang='grc' dir='ltr'>νηπτικῶν</span> <span class='ocrx_word' id='word_1_725' title='bbox 2180 5017 2301 5073; x_wconf 87' lang='lat' dir='ltr'><strong>cap.</strong></span> 
     </span>
    </p>
   </div>
   <div class='ocr_carea' id='block_1_102' title="bbox 739 5071 2306 5144">
    <p class='ocr_par' dir='ltr' id='par_1_102' title="bbox 739 5071 2306 5144">
     <span class='ocr_line' id='line_1_102' title="bbox 739 5071 2306 5144; baseline 0 -20"><span class='ocrx_word' id='word_1_726' title='bbox 739 5071 827 5144; x_wconf 69' lang='grc'><strong>15.</strong></span> <span class='ocrx_word' id='word_1_727' title='bbox 851 5072 1007 5137; x_wconf 88' lang='lat' dir='ltr'><strong>Quod</strong></span> <span class='ocrx_word' id='word_1_728' title='bbox 1037 5072 1218 5126; x_wconf 90' lang='lat' dir='ltr'><strong>reddit</strong></span> <span class='ocrx_word' id='word_1_729' title='bbox 1238 5072 1414 5144; x_wconf 24' lang='lat' dir='ltr'><strong>APicus</strong></span> <span class='ocrx_word' id='word_1_730' title='bbox 1447 5075 1603 5144; x_wconf 85' lang='lat' dir='ltr'><strong>:_Qui</strong></span> <span class='ocrx_word' id='word_1_731' title='bbox 1648 5073 1871 5144; x_wconf 85' lang='lat' dir='ltr'><strong>possidet</strong></span> <span class='ocrx_word' id='word_1_732' title='bbox 1906 5073 2122 5144; x_wconf 65' lang='lat' dir='ltr'><strong>adytum</strong></span> <span class='ocrx_word' id='word_1_733' title='bbox 2151 5087 2168 5125; x_wconf 94' lang='lat'><strong><em>:</em></strong></span> <span class='ocrx_word' id='word_1_734' title='bbox 2203 5071 2306 5144; x_wconf 82' lang='lat' dir='ltr'><strong>du-</strong></span> 
     </span>
    </p>
   </div>
   <div class='ocr_carea' id='block_1_103' title="bbox 738 5140 2306 5210">
    <p class='ocr_par' dir='ltr' id='par_1_103' title="bbox 738 5140 2306 5210">
     <span class='ocr_line' id='line_1_103' title="bbox 738 5140 2306 5210; baseline 0.002 -17"><span class='ocrx_word' id='word_1_735' title='bbox 738 5141 856 5196; x_wconf 84' lang='lat' dir='ltr'><strong>rius</strong></span> <span class='ocrx_word' id='word_1_736' title='bbox 906 5151 1022 5207; x_wconf 89' lang='lat' dir='ltr'><strong>cst;</strong></span> <span class='ocrx_word' id='word_1_737' title='bbox 1063 5158 1165 5196; x_wconf 90' lang='lat' dir='ltr'><strong>nec</strong></span> <span class='ocrx_word' id='word_1_738' title='bbox 1221 5142 1421 5196; x_wconf 87' lang='lat' dir='ltr'><strong>desunt</strong></span> <span class='ocrx_word' id='word_1_739' title='bbox 1477 5140 1684 5198; x_wconf 66' lang='lat' dir='ltr'><strong>Latinae</strong></span> <span class='ocrx_word' id='word_1_740' title='bbox 1735 5157 1918 5203; x_wconf 88' lang='lat' dir='ltr'><strong>voces,</strong></span> <span class='ocrx_word' id='word_1_741' title='bbox 1967 5140 2170 5210; x_wconf 83' lang='lat' dir='ltr'><strong>quibus</strong></span> <span class='ocrx_word' id='word_1_742' title='bbox 2217 5142 2306 5196; x_wconf 94' lang='lat' dir='ltr'><strong>illa</strong></span> 
     </span>
    </p>
   </div>
   <div class='ocr_carea' id='block_1_104' title="bbox 739 5211 2308 5282">
    <p class='ocr_par' dir='ltr' id='par_1_104' title="bbox 739 5211 2308 5282">
     <span class='ocr_line' id='line_1_104' title="bbox 739 5211 2308 5282; baseline -0.001 -18"><span class='ocrx_word' id='word_1_743' title='bbox 739 5221 863 5280; x_wconf 69' lang='lat' dir='ltr'><strong>arte</strong></span> <span class='ocrx_word' id='word_1_744' title='bbox 896 5214 1027 5266; x_wconf 88' lang='lat' dir='ltr'><strong>satis</strong></span> <span class='ocrx_word' id='word_1_745' title='bbox 1073 5211 1353 5266; x_wconf 89' lang='lat' dir='ltr'><strong>reddatur.</strong></span> <span class='ocrx_word' id='word_1_746' title='bbox 1386 5211 1504 5266; x_wconf 92' lang='lat' dir='ltr'><strong>Non</strong></span> <span class='ocrx_word' id='word_1_747' title='bbox 1549 5219 1730 5267; x_wconf 90' lang='lat' dir='ltr'><strong>tamen</strong></span> <span class='ocrx_word' id='word_1_748' title='bbox 1768 5211 1913 5282; x_wconf 90' lang='lat' dir='ltr'><strong>quod</strong></span> <span class='ocrx_word' id='word_1_749' title='bbox 1959 5213 2100 5266; x_wconf 84' lang='lat' dir='ltr'><strong>idem</strong></span> <span class='ocrx_word' id='word_1_750' title='bbox 2144 5213 2308 5282; x_wconf 78' lang='lat' dir='ltr'><strong>paulo</strong></span> 
     </span>
    </p>
   </div>
   <div class='ocr_carea' id='block_1_105' title="bbox 741 5281 2310 5401">
    <p class='ocr_par' dir='ltr' id='par_1_105' title="bbox 741 5281 2310 5401">
     <span class='ocr_line' id='line_1_105' title="bbox 741 5281 2310 5401; baseline 0.001 -68"><span class='ocrx_word' id='word_1_751' title='bbox 741 5289 866 5401; x_wconf 45' lang='lat' dir='ltr'><strong>post</strong></span> <span class='ocrx_word' id='word_1_752' title='bbox 923 5281 1183 5342; x_wconf 87' lang='lat' dir='ltr'><strong>reddidit,</strong></span> <span class='ocrx_word' id='word_1_753' title='bbox 1229 5282 1396 5336; x_wconf 82' lang='lat' dir='ltr'><strong>Marci</strong></span> <span class='ocrx_word' id='word_1_754' title='bbox 1468 5282 1667 5336; x_wconf 90' lang='lat' dir='ltr'><strong>iterum</strong></span> <span class='ocrx_word' id='word_1_755' title='bbox 1726 5281 1844 5351; x_wconf 83' lang='lat' dir='ltr'><strong>cap.</strong></span> <span class='ocrx_word' id='word_1_756' title='bbox 1902 5283 1990 5344; x_wconf 79' lang='lat' dir='ltr'><strong>lli,</strong></span> <span class='ocrx_word' id='word_1_757' title='bbox 2032 5281 2179 5350; x_wconf 91' lang='lat' dir='ltr'><strong>quod</strong></span> <span class='ocrx_word' id='word_1_758' title='bbox 2227 5289 2310 5335; x_wconf 87' lang='lat' dir='ltr'><strong>est</strong></span> 
     </span>
     <span class='ocr_line' id='line_1_106' title="bbox 741 5351 2308 5401; baseline 0 0"><span class='ocrx_word' id='word_1_759' title='bbox 741 5351 958 5401; x_wconf 82' lang='lat' dir='ltr'><strong>-laximi</strong></span> <span class='ocrx_word' id='word_1_760' title='bbox 983 5352 1071 5401; x_wconf 80' lang='grc'><strong>55.</strong></span> <span class='ocrx_word' id='word_1_761' title='bbox 1117 5352 1304 5401; x_wconf 81' lang='grc' dir='ltr'>ἄδυτον</span> <span class='ocrx_word' id='word_1_762' title='bbox 1333 5353 1495 5401; x_wconf 79' lang='grc' dir='ltr'>αὑτὸν</span> <span class='ocrx_word' id='word_1_763' title='bbox 1517 5353 1578 5401; x_wconf 88' lang='grc' dir='ltr'>τὸ</span> <span class='ocrx_word' id='word_1_764' title='bbox 1609 5353 1722 5401; x_wconf 66' lang='lat' dir='ltr'><strong>(ad):</strong></span> <span class='ocrx_word' id='word_1_765' title='bbox 1774 5355 1872 5401; x_wconf 64' lang='grc' dir='ltr'><strong>τῆς</strong></span> <span class='ocrx_word' id='word_1_766' title='bbox 1913 5352 2163 5401; x_wconf 73' lang='grc' dir='ltr'>γνώσεως</span> <span class='ocrx_word' id='word_1_767' title='bbox 2213 5351 2308 5401; x_wconf 88' lang='grc' dir='ltr'><strong>τοῦ</strong></span> 
     </span>
    </p>
   </div>
   <div class='ocr_carea' id='block_1_106' title="bbox 739 5351 2308 5420">
    <p class='ocr_par' dir='ltr' id='par_1_106' title="bbox 739 5351 2308 5420">
     <span class='ocr_line' id='line_1_107' title="bbox 739 5351 2308 5420; baseline -0.001 -16"><span class='ocrx_word' id='word_1_768' title='bbox 739 5351 958 5405; x_wconf 76' lang='lat' dir='ltr'><strong>Maximi</strong></span> <span class='ocrx_word' id='word_1_769' title='bbox 983 5352 1071 5414; x_wconf 80' lang='grc'><strong>55,</strong></span> <span class='ocrx_word' id='word_1_770' title='bbox 1117 5352 1304 5405; x_wconf 83' lang='grc' dir='ltr'>ἄδυτον</span> <span class='ocrx_word' id='word_1_771' title='bbox 1333 5353 1495 5406; x_wconf 81' lang='grc' dir='ltr'>αὐτὸν</span> <span class='ocrx_word' id='word_1_772' title='bbox 1517 5353 1578 5404; x_wconf 88' lang='grc' dir='ltr'>τὸ</span> <span class='ocrx_word' id='word_1_773' title='bbox 1609 5353 1722 5420; x_wconf 82' lang='grc' dir='ltr'>φῶς</span> <span class='ocrx_word' id='word_1_774' title='bbox 1774 5355 1872 5420; x_wconf 76' lang='grc' dir='ltr'>τῆς</span> <span class='ocrx_word' id='word_1_775' title='bbox 1913 5352 2163 5419; x_wconf 84' lang='grc' dir='ltr'>γνώσεως</span> <span class='ocrx_word' id='word_1_776' title='bbox 2213 5351 2308 5403; x_wconf 87' lang='grc' dir='ltr'><strong>τοῦ</strong></span> 
     </span>
    </p>
   </div>
   <div class='ocr_carea' id='block_1_107' title="bbox 741 5420 2312 5492">
    <p class='ocr_par' dir='ltr' id='par_1_107' title="bbox 741 5420 2312 5492">
     <span class='ocr_line' id='line_1_108' title="bbox 741 5420 2312 5492; baseline 0.001 -19"><span class='ocrx_word' id='word_1_777' title='bbox 741 5422 899 5473; x_wconf 79' lang='grc' dir='ltr'><strong>Θεοῦ⁹</strong></span> <span class='ocrx_word' id='word_1_778' title='bbox 919 5439 1188 5492; x_wconf 68' lang='lat' dir='ltr'><strong>arcanum</strong></span> <span class='ocrx_word' id='word_1_779' title='bbox 1217 5421 1349 5474; x_wconf 87' lang='lat' dir='ltr'><strong>illud</strong></span> <span class='ocrx_word' id='word_1_780' title='bbox 1383 5420 1559 5476; x_wconf 85' lang='lat' dir='ltr'><strong>lumen</strong></span> <span class='ocrx_word' id='word_1_781' title='bbox 1587 5423 1896 5492; x_wconf 73' lang='lat' dir='ltr'><strong>cognitionis</strong></span> <span class='ocrx_word' id='word_1_782' title='bbox 1934 5422 2048 5476; x_wconf 83' lang='lat' dir='ltr'><strong>Dei.</strong></span> <span class='ocrx_word' id='word_1_783' title='bbox 2107 5420 2226 5487; x_wconf 86' lang='lat' dir='ltr'><strong>Quo</strong></span> <span class='ocrx_word' id='word_1_784' title='bbox 2255 5429 2312 5474; x_wconf 90' lang='lat' dir='ltr'><strong>et</strong></span> 
     </span>
    </p>
   </div>
   <div class='ocr_carea' id='block_1_108' title="bbox 739 5490 2312 5560">
    <p class='ocr_par' dir='ltr' id='par_1_108' title="bbox 739 5490 2312 5560">
     <span class='ocr_line' id='line_1_109' title="bbox 739 5490 2312 5560; baseline 0.001 -18"><span class='ocrx_word' id='word_1_785' title='bbox 739 5491 1002 5552; x_wconf 81' lang='lat' dir='ltr'><strong>ostendit,</strong></span> <span class='ocrx_word' id='word_1_786' title='bbox 1027 5507 1137 5560; x_wconf 90' lang='lat' dir='ltr'><strong>quo</strong></span> <span class='ocrx_word' id='word_1_787' title='bbox 1165 5507 1330 5545; x_wconf 91' lang='lat' dir='ltr'><strong>sensu</strong></span> <span class='ocrx_word' id='word_1_788' title='bbox 1374 5493 1454 5556; x_wconf 80' lang='grc' dir='ltr'><strong>τὸ,</strong></span> <span class='ocrx_word' id='word_1_789' title='bbox 1487 5490 1690 5545; x_wconf 80' lang='lat' dir='ltr'><strong>aditum</strong></span> <span class='ocrx_word' id='word_1_790' title='bbox 1729 5508 1795 5544; x_wconf 80' lang='lat' dir='ltr'><strong>cx</strong></span> <span class='ocrx_word' id='word_1_791' title='bbox 1835 5490 2024 5545; x_wconf 74' lang='lat' dir='ltr'><strong>Grzeco</strong></span> <span class='ocrx_word' id='word_1_792' title='bbox 2064 5505 2312 5544; x_wconf 88' lang='lat' dir='ltr'><strong>corrase-</strong></span> 
     </span>
    </p>
   </div>
   <div class='ocr_carea' id='block_1_109' title="bbox 738 5561 2309 5630">
    <p class='ocr_par' dir='ltr' id='par_1_109' title="bbox 738 5561 2309 5630">
     <span class='ocr_line' id='line_1_110' title="bbox 738 5561 2309 5630; baseline 0.001 -17"><span class='ocrx_word' id='word_1_793' title='bbox 738 5568 846 5630; x_wconf 87' lang='lat' dir='ltr'><strong>rat,</strong></span> <span class='ocrx_word' id='word_1_794' title='bbox 870 5575 934 5615; x_wconf 92' lang='lat' dir='ltr'><strong>ac</strong></span> <span class='ocrx_word' id='word_1_795' title='bbox 966 5563 1011 5616; x_wconf 92' lang='lat' dir='ltr'><strong>si</strong></span> <span class='ocrx_word' id='word_1_796' title='bbox 1043 5562 1110 5616; x_wconf 89' lang='lat' dir='ltr'><strong>de</strong></span> <span class='ocrx_word' id='word_1_797' title='bbox 1145 5561 1350 5630; x_wconf 89' lang='lat' dir='ltr'><strong>templo</strong></span> <span class='ocrx_word' id='word_1_798' title='bbox 1377 5575 1440 5615; x_wconf 92' lang='lat' dir='ltr'><strong>ac</strong></span> <span class='ocrx_word' id='word_1_799' title='bbox 1480 5561 1851 5630; x_wconf 89' lang='lat' dir='ltr'><strong>penetralibus</strong></span> <span class='ocrx_word' id='word_1_800' title='bbox 1883 5569 2153 5630; x_wconf 83' lang='lat' dir='ltr'><strong>ageretur,</strong></span> <span class='ocrx_word' id='word_1_801' title='bbox 2198 5577 2309 5615; x_wconf 92' lang='lat' dir='ltr'><strong>non</strong></span> 
     </span>
    </p>
   </div>
   <div class='ocr_carea' id='block_1_110' title="bbox 739 5629 2306 5700">
    <p class='ocr_par' dir='ltr' id='par_1_110' title="bbox 739 5629 2306 5700">
     <span class='ocr_line' id='line_1_111' title="bbox 739 5629 2306 5700; baseline 0.003 -20"><span class='ocrx_word' id='word_1_802' title='bbox 739 5629 806 5700; x_wconf 75' lang='lat' dir='ltr'><strong>de</strong></span> <span class='ocrx_word' id='word_1_803' title='bbox 845 5631 958 5685; x_wconf 87' lang='lat' dir='ltr'><strong>sole</strong></span> <span class='ocrx_word' id='word_1_804' title='bbox 989 5647 1052 5686; x_wconf 90' lang='lat' dir='ltr'><strong>ac</strong></span> <span class='ocrx_word' id='word_1_805' title='bbox 1084 5633 1232 5694; x_wconf 89' lang='lat' dir='ltr'><strong>luna,</strong></span> <span class='ocrx_word' id='word_1_806' title='bbox 1261 5629 1412 5700; x_wconf 78' lang='lat' dir='ltr'><strong>quos</strong></span> <span class='ocrx_word' id='word_1_807' title='bbox 1431 5629 1542 5685; x_wconf 83' lang='lat' dir='ltr'><strong>non</strong></span> <span class='ocrx_word' id='word_1_808' title='bbox 1583 5632 1834 5686; x_wconf 90' lang='lat' dir='ltr'><strong>occidere</strong></span> <span class='ocrx_word' id='word_1_809' title='bbox 1885 5629 2095 5700; x_wconf 79' lang='lat' dir='ltr'><strong>rogavit</strong></span> <span class='ocrx_word' id='word_1_810' title='bbox 2121 5630 2306 5693; x_wconf 82' lang='lat' dir='ltr'><strong>Josuc,</strong></span> 
     </span>
    </p>
   </div>
   <div class='ocr_carea' id='block_1_111' title="bbox 743 5699 2307 5771">
    <p class='ocr_par' dir='ltr' id='par_1_111' title="bbox 743 5699 2307 5771">
     <span class='ocr_line' id='line_1_112' title="bbox 743 5699 2307 5771; baseline 0.001 -18"><span class='ocrx_word' id='word_1_811' title='bbox 743 5699 916 5754; x_wconf 52' lang='lat' dir='ltr'><strong>iisnec</strong></span> <span class='ocrx_word' id='word_1_812' title='bbox 945 5703 1105 5771; x_wconf 84' lang='lat' dir='ltr'><strong>plena</strong></span> <span class='ocrx_word' id='word_1_813' title='bbox 1150 5703 1231 5754; x_wconf 87' lang='lat' dir='ltr'><strong>illi</strong></span> <span class='ocrx_word' id='word_1_814' title='bbox 1259 5699 1536 5755; x_wconf 80' lang='lat' dir='ltr'><strong>censtaret</strong></span> <span class='ocrx_word' id='word_1_815' title='bbox 1563 5702 1823 5765; x_wconf 87' lang='lat' dir='ltr'><strong>victoria;</strong></span> <span class='ocrx_word' id='word_1_816' title='bbox 1853 5699 1966 5754; x_wconf 89' lang='lat' dir='ltr'><strong>non</strong></span> <span class='ocrx_word' id='word_1_817' title='bbox 1987 5709 2048 5754; x_wconf 92' lang='lat' dir='ltr'><strong>ut</strong></span> <span class='ocrx_word' id='word_1_818' title='bbox 2087 5701 2307 5762; x_wconf 75' lang='lat' dir='ltr'><strong>,occulti</strong></span> 
     </span>
    </p>
   </div>
   <div class='ocr_carea' id='block_1_112' title="bbox 741 5771 2311 5840">
    <p class='ocr_par' dir='ltr' id='par_1_112' title="bbox 741 5771 2311 5840">
     <span class='ocr_line' id='line_1_113' title="bbox 741 5771 2311 5840; baseline 0 -18"><span class='ocrx_word' id='word_1_819' title='bbox 741 5781 1052 5825; x_wconf 84' lang='lat' dir='ltr'><strong>manerent.</strong></span> <span class='ocrx_word' id='word_1_820' title='bbox 1086 5772 1257 5840; x_wconf 73' lang='lat' dir='ltr'><strong>Igitur</strong></span> <span class='ocrx_word' id='word_1_821' title='bbox 1280 5772 1471 5825; x_wconf 81' lang='grc' dir='ltr'>ἄδυτον</span> <span class='ocrx_word' id='word_1_822' title='bbox 1503 5771 1638 5839; x_wconf 76' lang='grc' dir='ltr'>φῶς.</span> <span class='ocrx_word' id='word_1_823' title='bbox 1671 5771 1841 5824; x_wconf 83' lang='lat' dir='ltr'><strong>lumen</strong></span> <span class='ocrx_word' id='word_1_824' title='bbox 1873 5771 2011 5838; x_wconf 81' lang='lat' dir='ltr'><strong>quod</strong></span> <span class='ocrx_word' id='word_1_825' title='bbox 2041 5787 2144 5829; x_wconf 80' lang='lat' dir='ltr'><strong>non</strong></span> <span class='ocrx_word' id='word_1_826' title='bbox 2179 5771 2311 5823; x_wconf 69' lang='lat' dir='ltr'><strong>occi-</strong></span> 
     </span>
    </p>
   </div>
   <div class='ocr_carea' id='block_1_113' title="bbox 744 5840 2309 5912">
    <p class='ocr_par' dir='ltr' id='par_1_113' title="bbox 744 5840 2309 5912">
     <span class='ocr_line' id='line_1_114' title="bbox 744 5840 2309 5912; baseline 0.001 -20"><span class='ocrx_word' id='word_1_827' title='bbox 744 5845 858 5906; x_wconf 71' lang='lat' dir='ltr'><strong>dat;</strong></span> <span class='ocrx_word' id='word_1_828' title='bbox 889 5842 1074 5910; x_wconf 74' lang='lat' dir='ltr'><strong>sit-que</strong></span> <span class='ocrx_word' id='word_1_829' title='bbox 1104 5843 1170 5897; x_wconf 87' lang='lat' dir='ltr'><strong>de</strong></span> <span class='ocrx_word' id='word_1_830' title='bbox 1193 5841 1307 5897; x_wconf 92' lang='lat' dir='ltr'><strong>solc</strong></span> <span class='ocrx_word' id='word_1_831' title='bbox 1327 5851 1385 5896; x_wconf 89' lang='lat' dir='ltr'><strong>ct</strong></span> <span class='ocrx_word' id='word_1_832' title='bbox 1415 5843 1564 5897; x_wconf 92' lang='lat' dir='ltr'><strong>luna.</strong></span> <span class='ocrx_word' id='word_1_833' title='bbox 1585 5841 1882 5912; x_wconf 89' lang='lat' dir='ltr'><strong>chucntia</strong></span> <span class='ocrx_word' id='word_1_834' title='bbox 1906 5841 2021 5909; x_wconf 85' lang='lat' dir='ltr'><strong>ipsa</strong></span> <span class='ocrx_word' id='word_1_835' title='bbox 2052 5840 2184 5894; x_wconf 80' lang='lat' dir='ltr'><strong>Pico</strong></span> <span class='ocrx_word' id='word_1_836' title='bbox 2210 5841 2309 5894; x_wconf 85' lang='lat' dir='ltr'><strong>ali-</strong></span> 
     </span>
    </p>
   </div>
   <div class='ocr_carea' id='block_1_114' title="bbox 2409 5000 3990 5071">
    <p class='ocr_par' dir='ltr' id='par_1_114' title="bbox 2409 5000 3990 5071">
     <span class='ocr_line' id='line_1_115' title="bbox 2409 5000 3990 5071; baseline 0.001 -17"><span class='ocrx_word' id='word_1_837' title='bbox 2409 5000 2540 5071; x_wconf 88' lang='lat' dir='ltr'><strong>quid</strong></span> <span class='ocrx_word' id='word_1_838' title='bbox 2567 5001 2621 5054; x_wconf 97' lang='lat' dir='ltr'><strong>in</strong></span> <span class='ocrx_word' id='word_1_839' title='bbox 2643 5009 2790 5055; x_wconf 80' lang='lat' dir='ltr'><strong>textu</strong></span> <span class='ocrx_word' id='word_1_840' title='bbox 2815 5001 3069 5055; x_wconf 90' lang='lat' dir='ltr'><strong>laborant</strong></span> <span class='ocrx_word' id='word_1_841' title='bbox 3089 5017 3154 5054; x_wconf 72' lang='lat' dir='ltr'><strong>ex</strong></span> <span class='ocrx_word' id='word_1_842' title='bbox 3176 5001 3264 5055; x_wconf 89' lang='lat' dir='ltr'><strong>his</strong></span> <span class='ocrx_word' id='word_1_843' title='bbox 3289 5001 3492 5057; x_wconf 85' lang='lat' dir='ltr'><strong>nostris</strong></span> <span class='ocrx_word' id='word_1_844' title='bbox 3514 5001 3859 5056; x_wconf 86' lang='lat' dir='ltr'><strong>restituenda</strong></span> <span class='ocrx_word' id='word_1_845' title='bbox 3886 5020 3902 5054; x_wconf 89' lang='lat'>:</span> <span class='ocrx_word' id='word_1_846' title='bbox 3929 5003 3990 5056; x_wconf 70' lang='grc' dir='ltr'><strong>τδ</strong></span> 
     </span>
    </p>
   </div>
   <div class='ocr_carea' id='block_1_115' title="bbox 2409 5071 3986 5140">
    <p class='ocr_par' dir='ltr' id='par_1_115' title="bbox 2409 5071 3986 5140">
     <span class='ocr_line' id='line_1_116' title="bbox 2409 5071 3986 5140; baseline 0.002 -16"><span class='ocrx_word' id='word_1_847' title='bbox 2409 5073 2879 5140; x_wconf 73' lang='grc' dir='ltr'>περιγραφόμενον</span> <span class='ocrx_word' id='word_1_848' title='bbox 2911 5072 3001 5126; x_wconf 91' lang='lat' dir='ltr'><strong>hic</strong></span> <span class='ocrx_word' id='word_1_849' title='bbox 3023 5071 3463 5131; x_wconf 71' lang='lat' dir='ltr'><strong>circumscribere,</strong></span> <span class='ocrx_word' id='word_1_850' title='bbox 3497 5072 3549 5125; x_wconf 93' lang='lat' dir='ltr'><strong>id</strong></span> <span class='ocrx_word' id='word_1_851' title='bbox 3584 5080 3689 5133; x_wconf 80' lang='lat' dir='ltr'><strong>est,</strong></span> <span class='ocrx_word' id='word_1_852' title='bbox 3741 5073 3986 5136; x_wconf 78' lang='lat' dir='ltr'><strong>auferre,</strong></span> 
     </span>
    </p>
   </div>
   <div class='ocr_carea' id='block_1_116' title="bbox 2410 5098 3986 5211">
    <p class='ocr_par' dir='ltr' id='par_1_116' title="bbox 2410 5098 3986 5211">
     <span class='ocr_line' id='line_1_117' title="bbox 2410 5098 3986 5140; baseline 0.002 -16"><span class='ocrx_word' id='word_1_853' title='bbox 2410 5098 2879 5140; x_wconf 63' lang='grc' dir='ltr'>πειιγρςιψομενυν</span> <span class='ocrx_word' id='word_1_854' title='bbox 2913 5098 3001 5126; x_wconf 70' lang='lat' dir='ltr'><strong>HIC</strong></span> <span class='ocrx_word' id='word_1_855' title='bbox 3023 5098 3463 5131; x_wconf 55' lang='lat' dir='ltr'><strong>CITCI‘IHSCTIUCTF,</strong></span> <span class='ocrx_word' id='word_1_856' title='bbox 3498 5098 3549 5125; x_wconf 82' lang='lat' dir='ltr'><strong>Ill</strong></span> <span class='ocrx_word' id='word_1_857' title='bbox 3584 5098 3689 5133; x_wconf 72' lang='grc' dir='ltr'>υδι,</span> <span class='ocrx_word' id='word_1_858' title='bbox 3741 5098 3986 5136; x_wconf 75' lang='lat' dir='ltr'><strong>aulcrrc,</strong></span> 
     </span>
     <span class='ocr_line' id='line_1_118' title="bbox 2410 5098 3986 5211; baseline 0.002 -17"><span class='ocrx_word' id='word_1_859' title='bbox 2410 5098 2719 5202; x_wconf 55' lang='lat' dir='ltr'><strong>subducere</strong></span> <span class='ocrx_word' id='word_1_860' title='bbox 2739 5157 2754 5206; x_wconf 85' lang='lat'><strong>;</strong></span> <span class='ocrx_word' id='word_1_861' title='bbox 2775 5158 2885 5210; x_wconf 92' lang='lat' dir='ltr'><strong>quo</strong></span> <span class='ocrx_word' id='word_1_862' title='bbox 2916 5157 3080 5195; x_wconf 89' lang='lat' dir='ltr'><strong>sensu</strong></span> <span class='ocrx_word' id='word_1_863' title='bbox 3108 5143 3273 5196; x_wconf 88' lang='lat' dir='ltr'><strong>etiam</strong></span> <span class='ocrx_word' id='word_1_864' title='bbox 3299 5142 3500 5205; x_wconf 89' lang='lat' dir='ltr'><strong>Latini,</strong></span> <span class='ocrx_word' id='word_1_865' title='bbox 3519 5141 3715 5196; x_wconf 88' lang='lat' dir='ltr'><strong>Cicero</strong></span> <span class='ocrx_word' id='word_1_866' title='bbox 3754 5142 3986 5211; x_wconf 86' lang='lat' dir='ltr'><strong>aliique,</strong></span> 
     </span>
    </p>
   </div>
   <div class='ocr_carea' id='block_1_117' title="bbox 2409 5211 3989 5281">
    <p class='ocr_par' dir='ltr' id='par_1_117' title="bbox 2409 5211 3989 5281">
     <span class='ocr_line' id='line_1_119' title="bbox 2409 5211 3989 5281; baseline 0.001 -16"><span class='ocrx_word' id='word_1_867' title='bbox 2409 5227 2529 5265; x_wconf 89' lang='lat' dir='ltr'><strong>eam</strong></span> <span class='ocrx_word' id='word_1_868' title='bbox 2549 5227 2736 5266; x_wconf 88' lang='lat' dir='ltr'><strong>vocem</strong></span> <span class='ocrx_word' id='word_1_869' title='bbox 2765 5221 3122 5280; x_wconf 85' lang='lat' dir='ltr'><strong>usurparunt.</strong></span> <span class='ocrx_word' id='word_1_870' title='bbox 3155 5211 3474 5280; x_wconf 78' lang='lat' dir='ltr'><strong>Rogaudum</strong></span> <span class='ocrx_word' id='word_1_871' title='bbox 3509 5227 3642 5281; x_wconf 83' lang='lat' dir='ltr'><strong>ergo</strong></span> <span class='ocrx_word' id='word_1_872' title='bbox 3675 5221 3890 5281; x_wconf 85' lang='lat' dir='ltr'><strong>monet,</strong></span> <span class='ocrx_word' id='word_1_873' title='bbox 3920 5229 3989 5267; x_wconf 88' lang='lat' dir='ltr'><strong>ne</strong></span> 
     </span>
    </p>
   </div>
   <div class='ocr_carea' id='block_1_118' title="bbox 2412 5280 3990 5351">
    <p class='ocr_par' dir='ltr' id='par_1_118' title="bbox 2412 5280 3990 5351">
     <span class='ocr_line' id='line_1_120' title="bbox 2412 5280 3990 5351; baseline 0 -17"><span class='ocrx_word' id='word_1_874' title='bbox 2412 5297 2522 5351; x_wconf 87' lang='lat' dir='ltr'><strong>quo</strong></span> <span class='ocrx_word' id='word_1_875' title='bbox 2545 5281 2765 5335; x_wconf 74' lang='lat' dir='ltr'><strong>tnalitize</strong></span> <span class='ocrx_word' id='word_1_876' title='bbox 2795 5291 2890 5334; x_wconf 91' lang='lat' dir='ltr'><strong>aut</strong></span> <span class='ocrx_word' id='word_1_877' title='bbox 2919 5282 3240 5350; x_wconf 63' lang='lat' dir='ltr'><strong>ignorantiae</strong></span> <span class='ocrx_word' id='word_1_878' title='bbox 3277 5297 3528 5351; x_wconf 86' lang='lat' dir='ltr'><strong>vespere,</strong></span> <span class='ocrx_word' id='word_1_879' title='bbox 3568 5280 3726 5334; x_wconf 87' lang='lat' dir='ltr'><strong>nobis</strong></span> <span class='ocrx_word' id='word_1_880' title='bbox 3763 5280 3855 5351; x_wconf 90' lang='lat' dir='ltr'><strong>Sol</strong></span> <span class='ocrx_word' id='word_1_881' title='bbox 3901 5283 3990 5350; x_wconf 90' lang='lat' dir='ltr'><strong>ju-</strong></span> 
     </span>
    </p>
   </div>
   <div class='ocr_carea' id='block_1_119' title="bbox 2414 5350 3988 5419">
    <p class='ocr_par' dir='ltr' id='par_1_119' title="bbox 2414 5350 3988 5419">
     <span class='ocr_line' id='line_1_121' title="bbox 2414 5350 3988 5419; baseline -0.002 -15"><span class='ocrx_word' id='word_1_882' title='bbox 2414 5350 2577 5404; x_wconf 71' lang='lat' dir='ltr'><strong>stitite</strong></span> <span class='ocrx_word' id='word_1_883' title='bbox 2637 5351 2991 5412; x_wconf 89' lang='lat' dir='ltr'><strong>subducatur,</strong></span> <span class='ocrx_word' id='word_1_884' title='bbox 3038 5361 3200 5405; x_wconf 91' lang='lat' dir='ltr'><strong>autve</strong></span> <span class='ocrx_word' id='word_1_885' title='bbox 3230 5350 3466 5405; x_wconf 92' lang='lat' dir='ltr'><strong>occidat.</strong></span> <span class='ocrx_word' id='word_1_886' title='bbox 3506 5351 3669 5404; x_wconf 78' lang='grc' dir='ltr'>Ὅλον</span> <span class='ocrx_word' id='word_1_887' title='bbox 3695 5351 3766 5419; x_wconf 58' lang='lat' dir='ltr'><strong>rb</strong></span> <span class='ocrx_word' id='word_1_888' title='bbox 3790 5350 3988 5419; x_wconf 82' lang='grc' dir='ltr'>μέτρον</span> 
     </span>
    </p>
   </div>
   <div class='ocr_carea' id='block_1_120' title="bbox 2407 5417 3987 5491">
    <p class='ocr_par' dir='ltr' id='par_1_120' title="bbox 2407 5417 3987 5491">
     <span class='ocr_line' id='line_1_122' title="bbox 2407 5417 3987 5491; baseline 0 -18"><span class='ocrx_word' id='word_1_889' title='bbox 2407 5421 2508 5488; x_wconf 75' lang='grc' dir='ltr'>τῆς</span> <span class='ocrx_word' id='word_1_890' title='bbox 2540 5422 2684 5473; x_wconf 79' lang='grc' dir='ltr'><strong>κατά</strong></span> <span class='ocrx_word' id='word_1_891' title='bbox 2727 5421 2824 5489; x_wconf 77' lang='grc' dir='ltr'>τὴν</span> <span class='ocrx_word' id='word_1_892' title='bbox 2877 5421 3159 5489; x_wconf 82' lang='grc' dir='ltr'>παροῦσαν</span> <span class='ocrx_word' id='word_1_893' title='bbox 3203 5421 3348 5491; x_wconf 76' lang='grc' dir='ltr'>ζωὴν</span> <span class='ocrx_word' id='word_1_894' title='bbox 3395 5419 3612 5491; x_wconf 78' lang='grc' dir='ltr'>ἡμέρας</span> <span class='ocrx_word' id='word_1_895' title='bbox 3653 5437 3667 5472; x_wconf 93' lang='lat'>:</span> <span class='ocrx_word' id='word_1_896' title='bbox 3731 5417 3987 5484; x_wconf 71' lang='lat' dir='ltr'><strong>Quanditt</strong></span> 
     </span>
    </p>
   </div>
   <div class='ocr_carea' id='block_1_121' title="bbox 2407 5489 3988 5560">
    <p class='ocr_par' dir='ltr' id='par_1_121' title="bbox 2407 5489 3988 5560">
     <span class='ocr_line' id='line_1_123' title="bbox 2407 5489 3988 5560; baseline -0.001 -16"><span class='ocrx_word' id='word_1_897' title='bbox 2407 5491 2640 5544; x_wconf 85' lang='lat' dir='ltr'><strong>tenditur</strong></span> <span class='ocrx_word' id='word_1_898' title='bbox 2666 5491 3084 5560; x_wconf 15' lang='lat' dir='ltr'><strong>prwsentisivitw</strong></span> <span class='ocrx_word' id='word_1_899' title='bbox 3105 5492 3206 5544; x_wconf 85' lang='lat' dir='ltr'><strong>dici</strong></span> <span class='ocrx_word' id='word_1_900' title='bbox 3240 5489 3521 5553; x_wconf 53' lang='lat' dir='ltr'><strong>linea,&#39;seu</strong></span> <span class='ocrx_word' id='word_1_901' title='bbox 3548 5505 3842 5560; x_wconf 80' lang='lat' dir='ltr'><strong>mensura;</strong></span> <span class='ocrx_word' id='word_1_902' title='bbox 3874 5504 3988 5560; x_wconf 85' lang='lat' dir='ltr'><strong>non</strong></span> 
     </span>
    </p>
   </div>
   <div class='ocr_carea' id='block_1_122' title="bbox 2408 5559 3992 5629">
    <p class='ocr_par' dir='ltr' id='par_1_122' title="bbox 2408 5559 3992 5629">
     <span class='ocr_line' id='line_1_124' title="bbox 2408 5559 3992 5629; baseline -0.002 -14"><span class='ocrx_word' id='word_1_903' title='bbox 2408 5559 2813 5629; x_wconf 25' lang='lat' dir='ltr'><strong>ineptum’illud</strong></span> <span class='ocrx_word' id='word_1_904' title='bbox 2857 5577 2871 5614; x_wconf 89' lang='lat'>:</span> <span class='ocrx_word' id='word_1_905' title='bbox 2927 5559 3031 5624; x_wconf 84' lang='lat' dir='ltr'><strong>Qui</strong></span> <span class='ocrx_word' id='word_1_906' title='bbox 3063 5569 3223 5614; x_wconf 85' lang='lat' dir='ltr'><strong>totus.</strong></span> <span class='ocrx_word' id='word_1_907' title='bbox 3253 5567 3329 5614; x_wconf 84' lang='lat' dir='ltr'><strong>est</strong></span> <span class='ocrx_word' id='word_1_908' title='bbox 3372 5560 3555 5613; x_wconf 85' lang='lat' dir='ltr'><strong>modus</strong></span> <span class='ocrx_word' id='word_1_909' title='bbox 3593 5559 3696 5611; x_wconf 83' lang='lat' dir='ltr'><strong>diei</strong></span> <span class='ocrx_word' id='word_1_910' title='bbox 3739 5559 3992 5629; x_wconf 71' lang='lat' dir='ltr'><strong>nequitia</strong></span> 
     </span>
    </p>
   </div>
   <div class='ocr_carea' id='block_1_123' title="bbox 2409 5627 3990 5700">
    <p class='ocr_par' dir='ltr' id='par_1_123' title="bbox 2409 5627 3990 5700">
     <span class='ocr_line' id='line_1_125' title="bbox 2409 5627 3990 5700; baseline -0.001 -18"><span class='ocrx_word' id='word_1_911' title='bbox 2409 5627 2680 5700; x_wconf 61' lang='lat' dir='ltr'><strong>praisentis</strong></span> <span class='ocrx_word' id='word_1_912' title='bbox 2703 5633 2823 5685; x_wconf 76' lang='lat' dir='ltr'><strong>vita:</strong></span> <span class='ocrx_word' id='word_1_913' title='bbox 2845 5648 2862 5695; x_wconf 91' lang='lat'><strong><em>;</em></strong></span> <span class='ocrx_word' id='word_1_914' title='bbox 2887 5629 3033 5699; x_wconf 90' lang='lat' dir='ltr'><strong>quod</strong></span> <span class='ocrx_word' id='word_1_915' title='bbox 3060 5631 3114 5684; x_wconf 94' lang='lat' dir='ltr'><strong>in</strong></span> <span class='ocrx_word' id='word_1_916' title='bbox 3147 5629 3328 5700; x_wconf 88' lang='lat' dir='ltr'><strong>Solem</strong></span> <span class='ocrx_word' id='word_1_917' title='bbox 3359 5630 3586 5700; x_wconf 67' lang='lat' dir='ltr'><strong>iustitia:</strong></span> <span class='ocrx_word' id='word_1_918' title='bbox 3615 5629 3849 5700; x_wconf 81' lang='lat' dir='ltr'><strong>relatum</strong></span> <span class='ocrx_word' id='word_1_919' title='bbox 3880 5627 3990 5700; x_wconf 61' lang='lat' dir='ltr'><strong>(ad</strong></span> 
     </span>
    </p>
   </div>
   <div class='ocr_carea' id='block_1_124' title="bbox 2406 5695 3989 5769">
    <p class='ocr_par' dir='ltr' id='par_1_124' title="bbox 2406 5695 3989 5769">
     <span class='ocr_line' id='line_1_126' title="bbox 2406 5695 3989 5769; baseline -0.002 -16"><span class='ocrx_word' id='word_1_920' title='bbox 2406 5695 2570 5769; x_wconf 84' lang='lat' dir='ltr'><strong>quem</strong></span> <span class='ocrx_word' id='word_1_921' title='bbox 2604 5716 2773 5754; x_wconf 89' lang='lat' dir='ltr'><strong>unum</strong></span> <span class='ocrx_word' id='word_1_922' title='bbox 2822 5695 3018 5756; x_wconf 83' lang='lat' dir='ltr'><strong>inscita</strong></span> <span class='ocrx_word' id='word_1_923' title='bbox 3060 5702 3150 5754; x_wconf 93' lang='lat' dir='ltr'><strong>illa</strong></span> <span class='ocrx_word' id='word_1_924' title='bbox 3182 5695 3434 5754; x_wconf 78' lang='lat' dir='ltr'><strong>versione</strong></span> <span class='ocrx_word' id='word_1_925' title='bbox 3457 5697 3856 5769; x_wconf 75' lang='lat' dir='ltr'><strong>referripotest</strong></span> <span class='ocrx_word' id='word_1_926' title='bbox 3880 5695 3906 5765; x_wconf 59' lang='grc'><strong>)”</strong></span> <span class='ocrx_word' id='word_1_927' title='bbox 3943 5697 3989 5750; x_wconf 88' lang='lat' dir='ltr'><strong>si</strong></span> 
     </span>
    </p>
   </div>
   <div class='ocr_carea' id='block_1_125' title="bbox 2406 5767 3984 5839">
    <p class='ocr_par' dir='ltr' id='par_1_125' title="bbox 2406 5767 3984 5839">
     <span class='ocr_line' id='line_1_127' title="bbox 2406 5767 3984 5839; baseline -0.001 -17"><span class='ocrx_word' id='word_1_928' title='bbox 2406 5767 2538 5839; x_wconf 84' lang='lat' dir='ltr'><strong>quid</strong></span> <span class='ocrx_word' id='word_1_929' title='bbox 2565 5786 2759 5826; x_wconf 89' lang='lat' dir='ltr'><strong>sensus</strong></span> <span class='ocrx_word' id='word_1_930' title='bbox 2789 5771 2975 5836; x_wconf 84' lang='lat' dir='ltr'><strong>habet,</strong></span> <span class='ocrx_word' id='word_1_931' title='bbox 3001 5769 3235 5826; x_wconf 77' lang='lat' dir='ltr'><strong>sordida:</strong></span> <span class='ocrx_word' id='word_1_932' title='bbox 3277 5769 3574 5839; x_wconf 87' lang='lat' dir='ltr'><strong>impietatis</strong></span> <span class='ocrx_word' id='word_1_933' title='bbox 3600 5767 3722 5822; x_wconf 88' lang='lat' dir='ltr'><strong>labe</strong></span> <span class='ocrx_word' id='word_1_934' title='bbox 3757 5783 3866 5822; x_wconf 92' lang='lat' dir='ltr'><strong>non</strong></span> <span class='ocrx_word' id='word_1_935' title='bbox 3893 5781 3984 5821; x_wconf 77' lang='lat' dir='ltr'><strong>ca-</strong></span> 
     </span>
    </p>
   </div>
   <div class='ocr_carea' id='block_1_126' title="bbox 2409 5849 2513 5896">
    <p class='ocr_par' dir='ltr' id='par_1_126' title="bbox 2409 5849 2513 5896">
     <span class='ocr_line' id='line_1_128' title="bbox 2409 5849 2513 5896; baseline 0.019 -4"><span class='ocrx_word' id='word_1_936' title='bbox 2409 5849 2513 5896; x_wconf 88' lang='lat' dir='ltr'><strong>ret.</strong></span> 
     </span>
    </p>
   </div>
  </div>
