4192 6436
249 392 384 458 1141

1079 393 1421 455 CAPITUM
1457 393 1727 455 THEOL.
1768 393 1863 453 ET
1903 392 2138 454 (ECON.
2181 391 2569 452 CENTURIA
2608 392 2689 453 II.

3363 388 3499 455 1142

323 498 419 552 λδν.
448 496 512 549 Ἥ
540 496 737 551 Γαϐαώ
758 496 932 562 ἔστιν,
966 495 994 547 ὁ
1022 495 1226 567 ὑψηλὸς
1258 498 1381 561 νοῦς
1403 514 1416 527 θ
1450 500 1483 566 ἡ
1516 499 1571 551 δὲ
1603 497 1822 568 φαραγξ
1853 527 1864 556 λ

1998 501 2086 555 54.
2128 501 2374 562 Gabaon,
2432 514 2587 552 mens
2636 494 2881 554 sublimis
2942 507 3027 553 est
3075 516 3088 551 :
3135 499 3299 555 vallis
3347 520 3500 572 vero,

254 589 425 653 ἐστὶν,
459 589 494 656 ή
523 587 599 657 τῷ
628 589 843 659 Θανάτῳ
863 588 1263 643 ταπεινωθεῖσα
1310 589 1468 660 σάρξ.
1514 590 1624 643 Καὶ
1649 590 1678 641 ό
1725 588 1824 658 μὲν

253 680 407 749 ἥλιός
428 682 595 743 ἐστιν,
629 682 657 733 ό
684 681 931 749 φωτίζων
961 682 1051 734 τὸν
1076 680 1200 734 νοῦν
1230 682 1424 748 Λόγος,
1453 682 1547 734 καὶ
1572 680 1825 750 χορηγῶν

256 772 410 842 αὑτῷ
438 772 815 844 θεωρημάτων
841 774 1071 844 δύναμιν
1092 790 1106 803 ’
1147 774 1243 827 καὶ
1272 774 1457 845 πάσης
1489 774 1711 841 ἀγνοίας
1741 773 1830 826 αὐ·

256 862 353 915 τὸν
380 864 777 924 ἀπαλλάσσων·
826 866 858 934 ή
910 864 965 917 δὲ
998 864 1215 936 σελήνη,
1250 866 1278 917 ό
1309 851 1641 933 κατὰφύσιν
1669 864 1830 934 νόμος

256 956 434 1017 ἐστὶν,
465 958 493 1009 ό
526 957 728 1010 πείθων
759 956 858 1028 τὴν
894 956 1072 1027 σάρκα
1104 958 1351 1028 νομίμως
1381 958 1721 1028 ὑποταγῆναι
1754 956 1830 1022 τῷ
1872 961 1877 965 ’

258 1046 556 1117 πνεύματι,
585 1050 721 1119 πρὸς
747 1048 809 1101 τὸ
834 1049 1087 1113 δέξασθαι
1125 1049 1234 1102 τῶν
1260 1049 1491 1103 ἐντολῶν
1517 1050 1610 1104 τὸν
1644 1048 1826 1116 ζυγόν.

257 1137 481 1202 Φύσεως
511 1140 568 1193 δὲ
605 1139 878 1207 σύμϐολον
904 1143 937 1211 ή
969 1140 1189 1210 σελήνη,
1210 1140 1298 1194 διὰ
1326 1141 1388 1194 τὺ
1416 1141 1677 1211 τρεπτόν*
1714 1139 1830 1193 ἀλλ’

258 1234 322 1282 ὲν
354 1234 465 1293 τοῖς
488 1232 667 1295 ἁγίοις
701 1234 970 1303 ἄτρεπτος
1000 1234 1271 1305 διαμένει,
1294 1234 1383 1289 διὰ
1408 1233 1507 1305 τὴν
1537 1233 1835 1288 ἀναλλοίωο

258 1337 357 1374 τον
387 1320 500 1387 ἕξιν
533 1324 632 1391 τῆς
653 1324 878 1391 ἀρετῆς.

330 1413 425 1469 λε’.
452 1416 565 1468 Οὐκ
608 1414 712 1479 ἔξω
750 1415 860 1468 τῶν
905 1415 1210 1485 ζητούντων
1258 1414 1363 1487 χρὴ
1415 1415 1692 1487 ζητεῖσθαι
1744 1415 1834 1487 τὸν

260 1506 468 1573 Κύριον
498 1520 510 1532 ·
531 1504 650 1557 ἀλλ’
682 1505 739 1556 ὲν
766 1506 999 1568 ἑαυτοῖς,
1028 1505 1116 1558 διὰ
1141 1506 1241 1573 τῆς
1274 1506 1333 1556 ὲν
1375 1504 1557 1575 ἔργοις
1595 1504 1831 1566 πίστεως

259 1591 426 1645 αὑτὸν
449 1592 552 1661 χρὴ
595 1592 777 1661 ζητεῖν
804 1592 930 1655 τοὺς
972 1591 1287 1661 ζητοῦντας.
1325 1592 1537 1660 Ἐγτὺς
1564 1590 1673 1660 γάρ
1694 1604 1834 1651 σου.

258 1682 417 1752 φησὶ,
442 1682 506 1735 τὸ
523 1681 689 1751 ῥῆμά
716 1683 886 1736 ἐστιν
914 1682 983 1735 ὲν
1013 1681 1094 1746 τῷ
1119 1682 1372 1751 στόματί
1399 1697 1515 1735 σου
1540 1682 1636 1734 καί
1667 1681 1738 1733 ἐν
1763 1678 1839 1748 τῇ

258 1772 474 1839 καρδίᾳ
495 1787 631 1827 σου’
661 1771 932 1827 τουτέστι
958 1773 1027 1825 τὸ
1040 1771 1203 1840 ῥῆμα
1214 1771 1323 1840 τῆς
1339 1772 1617 1836 πίστεως-⁸
1643 1771 1716 1834 ὡς
1739 1772 1838 1823 αὑ-

258 1863 358 1916 τοῦ
393 1863 544 1926 ὖντος
583 1862 677 1915 τοῦ
704 1863 940 1937 Χριστοῦ
981 1864 1075 1917 καὶ
1099 1864 1342 1931 ῥήματος
1362 1862 1457 1915 τοῦ
1481 1861 1834 1930 ζητουμένου.

331 1952 441 2016 λς’.
475 1953 627 2023 Μήτε
668 1952 729 2005 τὸ
758 1951 892 2022 ὕψος
920 1953 1018 2021 τῆς
1043 1949 1228 2021 θεῖκῆς
1256 1951 1516 2021 ἀπειρίας
1549 1952 1837 2021 ἐννοήσαν-

258 2059 371 2107 τες,
410 2042 800 2113 ἀπελπίσωμεν
829 2043 930 2111 τὴν
961 2041 1056 2094 τοῦ
1102 2040 1238 2094 Θεοῦ
1285 2040 1717 2113 φιλανθρωπίαν,
1765 2037 1840 2101 ὡς

256 2134 323 2185 οὗ
357 2134 662 2201 φθάνουσαν
686 2133 775 2186 διά
807 2133 868 2185 τὸ
896 2132 1029 2201 ὕψος
1054 2133 1244 2204 μέχρις
1273 2132 1430 2203 ήμῶν
1458 2150 1471 2163 ·
1517 2133 1651 2204 μήτε
1680 2132 1839 2186 ἄπειο

263 2241 357 2293 ρον
397 2224 559 2294 βάθος
590 2224 692 2289 τῆς
715 2212 881 2294 ’ήμῶν
912 2224 999 2277 διὰ
1024 2224 1122 2295 τὴν
1156 2224 1434 2293 ἁμαρτίαν
1467 2222 1726 2286 πτώσεως
1757 2222 1840 2275 ὲν-

259 2315 615 2385 θυμηθὲντες,
634 2315 928 2369 ἀνάστασιν
948 2315 1194 2382 γίνεσθαι
1229 2315 1331 2383 τῆς
1360 2316 1423 2387 ὲν
1454 2316 1586 2384 ἡμῖν
1638 2331 1839 2384 νεκρω·

260 2405 451 2474 θείσης
479 2405 683 2477 ἀρετῆς
719 2401 1128 2476 ἀπιστήσωμεν.
1170 2405 1480 2476 ’Δμφότερα
1508 2404 1616 2474 γὰρ
1642 2403 1841 2459 δυνατά

260 2493 340 2563 τῷ
370 2493 488 2566 Θεῷ
514 2510 528 2526 ο
564 2494 737 2547 καὶτὸ
755 2493 1033 2548 κατελθεῖν
1061 2495 1155 2547 καὶ
1175 2495 1404 2563 φωτίσαι
1429 2494 1519 2548 τὸν
1542 2493 1665 2547 νοῦν
1686 2496 1718 2565 ἡ
1726 2495 1842 2564 μῶν

257 2584 349 2637 διὰ
365 2584 616 2652 γνώσεως
639 2602 653 2617 ⁸
690 2586 784 2639 καὶ
806 2586 866 2639 τὸ
900 2586 1203 2657 ἀναστῆσαι
1233 2586 1395 2639 πάλιν
1428 2588 1525 2657 τὴν
1559 2583 1756 2657 ἀρετὴν
1784 2587 1842 2639 ἐν

259 2678 414 2747 ⁴ἡμῖν,
454 2678 547 2731 καὶ
597 2678 773 2747 ἑαυτῷ
817 2678 1127 2746 συνυψῶσαι
1163 2677 1251 2730 διὰ
1281 2678 1391 2731 τῶν
1419 2677 1595 2747 ἔργων
1626 2679 1725 2748 τῆς
1762 2678 1842 2731 δι-

261 2768 577 2840 καιοσύνης.
596 2772 653 2823 Μ
662 2769 695 2837 ἡ
726 2769 835 2839 γὰρ
856 2770 1054 2838 ειπῃς,
1069 2769 1255 2839 φησὶν,
1279 2770 1349 2823 ὲν
1372 2768 1449 2837 τῇ
1467 2769 1681 2837 καρδίᾳ
1701 2784 1838 2824 σου’

268 2861 370 2926 Τίς
412 2861 781 2928 ἀναϐήσεται
824 2863 911 2927 εις
943 2861 1050 2914 τὸν
1073 2862 1373 2929 οὐρανόν;
1396 2860 1671 2915 τουτέστι
1706 2862 1842 2929 Χρι-

259 2952 419 3007 στὸν
464 2952 821 3021 καταγαγεῖν
848 2971 862 2985 ο
906 2952 967 3021 ἢ,
1002 2953 1097 3018 Τίς
1144 2953 1544 3019 καταϐήσεται
1589 2956 1676 3019 εις
1729 2952 1844 3021 τὴν

260 3043 541 3098 ἄϐυσσον
558 3061 577 3108 ;
605 3044 878 3098 τουτέστι
900 3044 1158 3111 Χριστὸν
1172 3044 1240 3098 ἐκ
1254 3044 1486 3112 νεκρῶν
1499 3044 1839 3114 ἀναγαγεῖν.

1930 595 2125 649 mortis
2176 607 2376 648 occasu
2423 591 2477 644 in
2524 590 2732 644 humile
2787 590 3047 659 depressa
3081 606 3231 647 caro.
3281 592 3358 649 Ac
3385 597 3479 664 qui

1930 684 2055 738 dem
2090 684 2193 747 sol,
2243 681 2486 737 Verbum
2538 689 2623 734 est
2673 688 2912 735 mentem
2961 680 3302 747 illuminans,
3364 686 3505 754 spiri

1932 778 2233 846 taliumque
2264 788 2552 828 sensorum
2582 772 2692 826 vim
2742 773 2821 826 illi
2863 774 3309 840 subministrans,
3343 781 3509 847 atqiie

1930 866 2091 937 593
2141 865 2211 918 ab
2242 864 2391 918 omni
2426 861 2734 933 ignorantia
2772 877 2892 916 eam
2928 862 3204 926 libemus;
3237 864 3368 918 luna
3406 880 3510 919 au-

1933 962 2062 1016 tem,
2100 953 2187 1006 lex
2221 951 2488 1006 naturalis
2508 989 2522 1014 .
2550 951 2703 1005 carni
2740 950 2982 1005 suadens
3011 958 3072 1004 ut
3120 952 3365 1022 legitime
3392 955 3509 1024 spi-

1933 1044 2066 1099 ritui
2118 1042 2465 1113 subjiciatur,
2501 1042 2568 1097 ad
2603 1042 2955 1097 subeundum
2998 1043 3399 1098 mandatorum
3412 1047 3506 1115 ju-

1932 1149 2079 1204 gum.
2125 1132 2279 1187 Luna
2310 1143 2524 1188 natura:
2569 1132 2877 1203 symbolum
2910 1142 3015 1199 est,
3046 1134 3195 1203 quod
3226 1135 3509 1191 mutabilis

1931 1230 2017 1275 est
2047 1238 2060 1274 :
2098 1222 2152 1275 in
2199 1221 2405 1276 sanctis
2430 1229 2634 1286 tamen,
2669 1221 2742 1275 ob
2764 1222 2988 1278 virtutis
3031 1223 3409 1279 invariabilem
3445 1238 3511 1279 ac

1934 1320 2280 1368 constantem
2321 1311 2596 1374 habitum,
2651 1311 3010 1367 immutabilis
3057 1324 3365 1383 permanet.

2003 1404 2092 1458 55.
2139 1404 2259 1459 Νοη
2299 1412 2452 1459 extra
2496 1403 2646 1472 ipsos
2694 1412 3025 1472 quaerentes,
3064 1404 3395 1474 quaerendus
3425 1412 3511 1461 est

1935 1493 2239 1549 Dominus:
2278 1494 2372 1549 sed
2421 1493 2479 1548 in
2517 1492 2717 1563 seipsis
2766 1508 2866 1563 per
2905 1493 3181 1550 eﬂicacem
3215 1495 3379 1549 fidem
3406 1495 3510 1565 ipsi

1936 1586 2325 1656 quiquaarunt,
2364 1599 2592 1641 necesse
2612 1593 2697 1639 est
2721 1592 2781 1638 ut
2805 1599 2931 1638 eum
2963 1592 3229 1653 quaram.
3251 1584 3424 1654 Prope
3460 1592 3511 1639 te

1936 1676 2104 1739 enim,
2142 1675 2341 1744 inquit,
2369 1683 2445 1728 est
2484 1673 2697 1728 verbum
2723 1675 2778 1728 in
2805 1690 2895 1727 ore
2925 1682 3033 1737 tuo,
3061 1682 3110 1725 et
3130 1674 3186 1727 in
3215 1673 3368 1727 corde
3390 1681 3511 1737 tuo;

1939 1764 2032 1822 hoc
2059 1776 2135 1821 est
2164 1767 2375 1821 verbum
2403 1766 2528 1834 ﬁdei
2567 1754 2616 1799 ’τ’
2651 1784 2664 1820 :
2696 1782 2761 1821 ac
2802 1766 2848 1820 si
2880 1765 3135 1821 Christus
3163 1764 3343 1835 ipsum
3372 1764 3509 1822 Ver-

1928 1860 2071 1913 bum
2105 1858 2196 1922 sit,
2232 1857 2381 1927 quod
2412 1857 2703 1927 quaeritur.

2009 1950 2097 2004 56.
2132 1949 2210 2004 Ne
2239 1948 2440 2003 divinae
2470 1946 2757 2001 inﬁnitatis
2787 1945 3174 2001 celsitudinem
3206 1945 3387 2000 anima
3424 1958 3513 1999 re-

1938 2049 2216 2110 putantes,
2251 2038 2455 2094 divinse
2484 2037 2879 2094 misericordia:
2924 2052 2989 2092 ac
3020 2036 3348 2100 clementim,
3383 2043 3507 2090 tan-

1933 2142 2106 2201 quam
2155 2129 2225 2185 ad
2272 2145 2375 2185 nos
2427 2143 2605 2199 usque
2652 2128 2725 2183 ob
2778 2136 2985 2182 tantam
3015 2127 3161 2181 illam
3202 2126 3511 2181 sublimita-

1939 2229 2051 2276 tem
2117 2235 2228 2274 non
2296 2220 2681 2290 pertingentis,
2734 2234 2888 2288 spem
2951 2217 3305 2287 abjiciamus;
3371 2231 3513 2272 neve

1940 2311 2212 2367 inﬁnitam
2267 2319 2472 2365 nostrae
2520 2326 2587 2365 ex
2618 2319 2843 2381 peccato
2886 2309 3064 2364 ruina:
3087 2307 3514 2379 profunditatem

1940 2405 2376 2467 considerantes,
2439 2400 2555 2459 fore
2607 2413 2667 2458 ut
2713 2404 2985 2459 exstincta
3039 2402 3094 2456 in
3143 2401 3303 2456 nobis
3339 2401 3518 2456 virtus

1942 2494 2283 2548 conviviscat
2330 2490 2660 2547 diﬂidamus.
2705 2492 3011 2560 Utrumque
3053 2489 3201 2543 enim
3238 2490 3349 2544 Deo
3384 2502 3518 2557 pos-

1943 2584 2101 2638 sibile
2148 2591 2260 2649 est;
2298 2596 2414 2637 tum
2441 2597 2641 2651 nempe
2682 2589 2745 2635 ut
2775 2581 2892 2649 ipse
2920 2581 2989 2634 ad
3018 2594 3119 2634 nos
3160 2577 3518 2633 inclinatione

1941 2684 2151 2739 utatur,
2177 2684 2536 2743 nostramque
2574 2681 2811 2729 mentem
2838 2672 3070 2727 scientia
3097 2671 3367 2735 illustret;
3400 2676 3517 2731 tum

1944 2774 2006 2821 ut
2055 2766 2111 2819 in
2147 2765 2310 2819 nobis
2356 2765 2539 2819 denuo
2590 2764 2855 2819 virtutem
2906 2764 3237 2825 exsuscitet,
3289 2778 3355 2819 ac
3408 2778 3519 2818 una

1944 2873 2131 2913 secum
2196 2874 2296 2927 per
2326 2857 2552 2927 justitize
2592 2872 2757 2926 opera
2805 2871 2905 2910 nos
2957 2854 3179 2910 exaltet.
3225 2854 3303 2909 Ne
3356 2855 3517 2919 enim,

1944 2948 2147 3019 inquit,
2195 2951 2391 3003 dixeris
2419 2951 2476 3003 in
2517 2948 2673 3002 corde
2707 2958 2796 3003 tuo
2827 2965 2843 3003 :
2883 2946 3012 3013 Quis
3038 2946 3286 3002 ascendet
3308 2945 3386 3003 in
3415 2944 3519 3002 ὸωέ

1946 3044 2054 3099 lum
2078 3044 2104 3097 ?
2130 3046 2223 3099 hoc
2252 3053 2329 3098 est
2352 3044 2617 3100 Christum
2648 3045 2901 3098 deducere
2932 3060 2950 3098 :
2976 3053 3069 3097 aut
3102 3045 3216 3113 quis
3247 3042 3521 3097 descendet

262 3133 437 3202 Τυχὸύ
462 3133 517 3185 δὲ
547 3133 666 3186 κατ’
700 3132 867 3203 ἄλλην
897 3133 1141 3205 ἐκδοχὴν,
1186 3133 1421 3197 ἄϐυσσός
1467 3134 1603 3199 ἐστι,
1658 3135 1839 3189 πάντα

1944 3138 2001 3191 in
2035 3137 2327 3208 abyssum?
2355 3139 2450 3191 hoc
2476 3145 2572 3202 est,
2598 3134 2863 3191 Christum
2887 3153 2920 3189 a
2943 3138 3160 3190 mortuis
3187 3150 3431 3191 revocare
3451 3132 3517 3185 ’⁸.

260 3225 332 3278 τὰ
359 3226 494 3293 μετά
516 3224 648 3277 Θεόν
676 3241 691 3255 ο
725 3227 783 3278 ὲν
816 3221 900 3287 οἷς
940 3226 1061 3288 ὅλος
1104 3226 1248 3290 ὅλοις
1302 3225 1447 3278 κατά
1507 3226 1764 3295 πρόνοιαν
1810 3229 1840 3280 ό

260 3315 360 3369 τοῦ
386 3314 520 3368 Θεοῦ
551 3316 762 3384 γίνεται
789 3316 984 3384 Λόγος,
1020 3315 1095 3379 ὡς
1124 3316 1236 3387 ζωὴ
1266 3318 1479 3386 νεκροῖς
1508 3316 1840 3385 ὲπιφοιτῶσα

261 3409 380 3471 τοῖς
428 3404 565 3460 οὖσι.
629 3407 819 3475 Νεκρὰ
874 3406 983 3475 γὰρ
1032 3408 1211 3462 πάντα
1261 3406 1331 3460 τὰ
1391 3407 1571 3471 ζῶντα
1627 3408 1841 3477 μεθέξει

265 3501 435 3569 ζωῆς.
484 3499 723 3571 Οὐρανὸν
777 3500 856 3564 δὲ,
912 3499 1010 3570 τὴν
1045 3500 1281 3571 φυσικὴν
1308 3499 1401 3554 τοῦ
1439 3499 1576 3553 Θεοῦ
1617 3500 1842 3571 κρυφιό-

263 3588 568 3660 τητα.καθ⁹
597 3589 661 3657 ἢν
691 3588 856 3643 πᾶσίν
897 3590 1043 3643 ἐστιν
1082 3589 1484 3659 ἀκατάληπτος.
1534 3591 1597 3642 Ei
1653 3590 1710 3643 δέ
1758 3608 1842 3653 τις

266 3679 490 3733 ἑκλάϐοι
519 3679 945 3750 πάλιν,οὐρανδν
978 3680 1075 3749 μὲν
1104 3676 1243 3733 εἶναι
1281 3681 1373 3734 τὸν
1421 3680 1523 3751 τῆς
1568 3681 1843 3750 θεολογίας

264 3770 427 3838 λόγον
456 3786 470 3801 ·
519 3770 755 3824 ἄϐυσσον
798 3771 876 3831 δὲ,
921 3770 981 3824 τὸ
1026 3772 1126 3840 τῆς
1162 3772 1472 3841 οἰκονομίας
1526 3775 1822 3844 μυστήριον

266 3862 369 3914 οὐκ
404 3861 706 3924 ἀπεικότως
742 3864 857 3932 ἐρεῖ
883 3863 1026 3918 κατά
1046 3864 1138 3916 τὸν
1165 3863 1295 3934 ὲμδν
1318 3864 1492 3933 λόγον.
1539 3866 1847 3936 Ἀμφότερα

268 3954 377 4024 γάρ
428 3954 764 4008 δυσεπίϐατα
817 3956 930 4017 τοῖς
981 3954 1375 4017 ἀποδεικτικῶς
1411 3956 1594 4023 ζητεῖν
1641 3958 1849 4025 ἐπιχει-

271 4044 427 4113 ροῦσι
452 4060 466 4073 ο
506 4043 705 4114 μᾶλλον
752 4044 810 4097 δὲ
857 4043 1135 4107 παντελῶς
1184 4044 1381 4107 ἄϐατα,
1437 4044 1561 4114 δίχα
1611 4045 1846 4108 πίστεως

269 4134 633 4206 ἐρευνώμενα.

1939 3227 2145 3283 Forsan
2195 3243 2329 3282 vero
2382 3228 2493 3283 alio
2519 3243 2709 3291 sensu,
2758 3227 2988 3299 abyssus
3024 3236 3129 3292 est,
3176 3242 3521 3297 quaecunque

1940 3334 1972 3373 a
2022 3320 2138 3374 Deo
2198 3318 2444 3374 secunda
2485 3326 2635 3383 sunt,
2683 3319 2751 3373 'in
2800 3319 3006 3388 quibus
3064 3319 3160 3374 Dei
3209 3333 3391 3373 sermo
3437 3333 3524 3373 se-

1942 3410 2185 3466 cundum
2219 3409 2623 3480 providentiam
2651 3416 2801 3465 totus
2832 3411 2962 3465 totis
2983 3411 3227 3473 immeat,
3262 3415 3523 3479 tanquam

1943 3502 2157 3557 scilicet
2188 3502 2301 3555 vita
2339 3502 2575 3556 mortuis
2607 3501 2775 3556 rebus
2822 3499 3145 3555 adveniens.
3190 3499 3333 3555 Sunt
3372 3499 3521 3554 enim

1946 3601 2162 3647 mortua
2207 3592 2411 3654 omnia,
2470 3606 2594 3661 quae
2637 3606 2702 3647 ea
2756 3592 2971 3646 ratione
3009 3590 3219 3655 vivant,
3258 3588 3408 3659 quod
3444 3589 3529 3643 vi-

1946 3689 2056 3735 tam
2105 3682 2458 3750 participent.
2510 3680 2724 3736 Caelum
2756 3696 2923 3750 porro
2966 3696 3090 3734 cum
3143 3679 3323 3741 audis.
3379 3679 3525 3748 quod

1949 3771 2005 3825 in
2065 3771 2160 3825 Dei
2214 3781 2411 3826 natura
2462 3772 2739 3827 occultum
2805 3771 3071 3841 intellige,
3121 3786 3232 3841 quo
3283 3786 3354 3827 ex
3398 3769 3525 3825 uni-

1946 3864 2123 3919 versis
2153 3864 2647 3933 incomprebensus
2680 3872 2785 3918 est.
2828 3864 2923 3919 Sin
2958 3865 3298 3933 quisautcm
3335 3877 3529 3916 rursus

1947 3956 2113 4010 etiam
2161 3953 2238 4010 ita
2280 3964 2540 4024 exponat,
2594 3964 2657 4009 ut
2708 3955 2932 4021 coelum,
2971 3970 3094 4025 qua:
3141 3954 3210 4009 de
3262 3954 3375 4008 Deo
3419 3959 3525 4016 est,
3621 3940 3624 3943 ’

1953 4045 2259 4099 doctrinam
2305 4044 2601 4115 intelligat;
2672 4046 2928 4116 abyssum
2978 4053 3186 4110 autem,
3238 4044 3526 4114 dispensaé

1956 4137 2122 4191 tionis
2160 4136 2481 4208 mysterium
2516 4136 2689 4201 dicat;
2720 4137 2788 4200 is,
2820 4136 2967 4191 haud
2995 4135 3256 4196 absurde.
3295 4141 3358 4188 ut
3393 4134 3529 4191 mihi

270 4245 404 4287 sane
454 4230 695 4293 videtur,
752 4230 1012 4300 loquatur
1070 4238 1165 4284 aut
1214 4231 1439 4287 sentiat.
1502 4232 1643 4286 Sunt
1694 4231 1841 4285 enim
1919 4230 2083 4285 ambo
2140 4232 2257 4288 haec
2310 4246 2534 4287 accessu
2584 4230 2847 4292 dilIicilia,
2919 4230 2964 4284 si
3013 4229 3139 4300 quis
3187 4229 3530 4283 demonstra-

273 4323 486 4379 tionum
531 4323 585 4377 vi
630 4340 878 4393 quaerere
926 4326 1275 4391 connitatur;
1333 4326 1468 4395 quin
1528 4335 1584 4381 et
1622 4326 1846 4381 omnino
1881 4328 2181 4391 inaccessa,
2236 4327 2346 4382 nisi
2400 4326 2667 4381 scrutanti
2704 4325 2838 4380 fides
2866 4340 3051 4381 comes
3074 4339 3183 4379 una
3209 4323 3479 4380 accedat..

340 4415 440 4480 λζ’.
485 4417 573 4468 Ἐν
596 4418 694 4487 μὲν
724 4417 1032 4487 πρακτικῷ,
1066 4420 1178 4482 τοῖς
1206 4418 1316 4471 τῶν
1361 4418 1573 4489 ἀρετῶν
1626 4418 1851 4489 τρόποις

2026 4421 2116 4475 57.
2154 4420 2217 4474 ln
2255 4434 2323 4474 eo
2374 4418 2599 4489 quidem
2644 4418 2735 4488 qui
2771 4418 2979 4473 actioni
3020 4416 3226 4483 studet,
3260 4416 3529 4472 virtutum

273 4506 648 4576 παχυνόμενος
676 4508 704 4558 ό
735 4507 915 4573 λόγος,
946 4506 1156 4572 γίνεται
1184 4506 1324 4577 σάρξ
1350 4523 1364 4537 ·
1400 4507 1459 4559 ὲν
1494 4506 1553 4559 δὲ
1602 4505 1682 4576 τῷ
1729 4506 1856 4558 θεω-

1960 4510 2141 4565 modis
2176 4520 2453 4565 crassatus
2500 4524 2702 4569 sermo.
2755 4524 2885 4563 caro
2920 4507 3184 4572 efﬁcitur;
3234 4508 3292 4562 in
3340 4523 3410 4563 eo
3434 4523 3531 4562 au-

274 4596 513 4669 ρητικῷ,
567 4599 675 4659 τοῖς
731 4598 1121 4667 πνευματικοῖς
1160 4598 1393 4666 νοήμασι
1432 4596 1855 4667 λεπτυνόμενος,

269 4688 481 4753 γίνεται
503 4688 692 4759 ῶσπερ
710 4685 777 4759 ἦν
799 4691 856 4742 ὲν
883 4690 1046 4760 ἀρχῇ,
1072 4686 1205 4751 Θεὸς
1238 4688 1430 4757 Λόγος.

349 4865 455 4934 λη’.
484 4866 637 4919 Ποιεῖ
674 4864 852 4934 σάρκα
880 4862 971 4915 τὸν
1014 4861 1191 4930 λόγον,
1239 4864 1268 4914 ὁ
1310 4862 1715 4934 παραδείγμασι
1756 4865 1851 4918 καὶ

277 4959 486 5029 ῥήμασι
514 4955 839 5026 παχυτέροις
874 4954 961 5008 διὰ
986 4954 1084 5025 τὴν
1114 4953 1374 5022 ἀνάλογον
1409 4953 1518 5007 τῶν
1545 4955 1849 5009 ἀκουόντων

276 5049 532 5119 δύναμιν,
583 5046 779 5117 ἠθικὴν
826 5047 921 5099 τοῦ
967 5047 1127 5114 λόγου
1173 5046 1271 5115 τὴν
1299 5046 1646 5100 διδασκαλίαν
1673 5047 1848 5100 ποιού-

280 5158 439 5213 μενος
463 5158 478 5173 ·
514 5140 609 5194 καὶ
652 5136 813 5194 πάλιν
852 5143 994 5194 ποιεῖ
1015 5139 1231 5210 πνεῦμα
1280 5139 1371 5191 τὸν
1420 5140 1598 5208 λόγον,
1645 5142 1673 5193 ὁ
1733 5142 1845 5205 τοῖς

278 5233 506 5301 ὑψηλοῖς
583 5232 900 5303 θεωρήμασι
988 5231 1084 5303 τὴν
1160 5231 1427 5302 μυστικὴν
1502 5232 1849 5303 ἐκτιθέμενος

280 5325 587 5392 θεολογίαν.

354 5414 452 5467 λθν.
496 5416 556 5466 '0
596 5414 694 5484 μὲν
733 5415 796 5466 ὲκ
826 5412 935 5466 τῶν
978 5412 1179 5465 θέσεων
1236 5414 1621 5483 Μταφατικῶς
1678 5414 1854 5469 03019-

279 5508 420 5576 γῶν,
468 5506 645 5575 σάρκα
691 5508 835 5559 ποιεῖ
871 5505 963 5557 τὸν
996 5505 1155 5570 λόγον
1181 5522 1193 5534 ο
1235 5506 1334 5558 οὐκ
1375 5506 1511 5575 ἔχων
1544 5506 1782 5570 ἄλλοθεν,
1820 5506 1853 5575 ἢ

280 5598 349 5649 ἐκ
386 5593 494 5647 τῶν
525 5594 815 5664 ὁρωμένων
844 5594 939 5649 καὶ
975 5594 1385 5664 ψηλαφωμένων
1418 5595 1509 5651 τὸν
1539 5595 1669 5650 Θεὸν
1696 5594 1856 5665 γινώ-

357 5777 403 5809 ⁹⁷
442 5775 598 5841 Ront.
644 5793 697 5842 κ,
739 5777 791 5830 8.
870 5779 890 5809 θ
945 5777 1078 5833 ibid.
1116 5778 1169 5843 6,
1204 5779 1254 5836 7.

1886 4644 1933 4697 D

1966 4608 2074 4655 tem
2117 4601 2214 4669 qui
2265 4599 2714 4669 contemplationi
2752 4598 2996 4653 animum
3036 4597 3261 4661 addicit,
3310 4597 3537 4667 spirita-

1958 4689 2106 4743 libus
2147 4688 2327 4744 sensis
2387 4702 2454 4743 ac
2495 4687 2857 4757 conceptibus
2915 4695 3193 4750 tenuatus,
3244 4684 3299 4739 id
3346 4683 3537 4740 evadit

1955 4786 2102 4856 quod
2142 4786 2200 4840 in
2242 4783 2518 4854 principio
2561 4792 2700 4847 erat,
2750 4783 2897 4837 Deus
2934 4781 3200 4837 Verbum.

2021 4877 2111 4932 38.
2152 4875 2475 4931 Sermonem
2507 4890 2729 4930 carnem
2758 4873 2909 4939 facit,
2942 4873 3033 4943 qui
3075 4870 3240 4944 494
3264 4869 3531 4939 exemplis

1950 4969 2245 5037 verbisque
2276 4965 2641 5022 craSsioribus
2676 4964 2987 5019 auditorum
3033 4978 3092 5016 se
3120 4960 3367 5016 facultati
3393 4973 3529 5018 eun-

1950 5058 2240 5113 venienter
2270 5065 2662 5125 attemperans,
2715 5054 2979 5108 moralem
3013 5051 3283 5107 sermonis
3324 5050 3538 5105 doctri‘

1954 5164 2077 5205 nam
2100 5146 2360 5203 instituit.
2386 5146 2708 5214 Rursusque
2725 5159 3038 5199 sermonem
3056 5142 3306 5211 spiritum
3326 5139 3530 5203 reddit,

1954 5237 2049 5306 qui
2089 5234 2421 5290 sublimibus
2456 5234 2811 5288 theorematis
2872 5248 2937 5287 ac
2986 5232 3183 5295 sensis,
3219 5228 3529 5285 abstrusio-

1953 5340 2091 5387 rem,
2128 5338 2250 5392 quae
2284 5321 2351 5376 de
2395 5322 2507 5376 Deo
2536 5328 2641 5384 est,
2689 5319 2996 5373 doctrinam
3025 5316 3270 5387 exponit.

2021 5416 2107 5470 39.
2148 5413 2249 5480 Qui
2274 5428 2341 5466 ex
2366 5411 2737 5482 positionibus
2759 5409 3022 5465 afﬁrmate
3048 5408 3117 5463 de
3147 5407 3254 5462 Deo
3284 5404 3526 5468 disserit,

1953 5519 2260 5559 sermonem
2294 5516 2517 5557 carnem
2554 5501 2717 5564 facit;
2750 5500 2844 5569 qui
2877 5512 3074 5569 nempe
3123 5496 3340 5552 nonnisi
3368 5484 3530 5551 ex'iis

1955 5612 2075 5667 qua:
2111 5594 2283 5650 oculis
2335 5593 2580 5664 subjecta
2614 5601 2760 5651 sunt.
2794 5606 2857 5646 ac
2888 5606 3049 5645 manu
3082 5594 3527 5650 coutrectantur.
3590 5650 3595 5654 ,
3698 5655 3705 5663 _
