4192 6436
712 380 844 447 H43

1881 383 1940 441 S.
1986 382 2039 440 Μ
2053 382 2272 441 ΔΧΙΜΙ
2317 381 2826 447 CONFESSORIS

3853 388 3991 448 HM

709 493 880 549 Deum
919 500 978 545 ut
1028 500 1313 547 auctorem
1361 507 1697 562 cognoscere
1731 493 1925 561 possit.
1959 491 2062 559 Qui
2099 503 2286 547 autem

2400 509 2547 549 σχειν
2576 497 2653 561 ὡς
2675 497 2849 552 αἴτιον
2877 515 2887 527 ·
2938 498 2966 549 ὁ
2997 498 3054 551 δὲ
3095 495 3449 565 ἀποφατικῶς
3479 495 3544 548 ὲκ
3592 492 3699 547 τῶν
3750 495 3991 565 ἀφαιρέ-

707 584 1019 639 inficiantcr
1058 600 1122 637 ex
1164 583 1554 653 negationibus
1601 582 1670 638 de
1712 582 1826 637 Deo
1863 582 2128 652 loquitur,
2179 597 2297 636 ser-

708 691 926 730 monem
982 676 1237 744 spiritum
1290 674 1441 740 facit,
1495 675 1648 730 velut
1680 674 1734 728 in
1789 674 2061 745 principio
2094 674 2292 739 Deum,

707 782 772 820 ac
807 765 952 836 apud
1003 766 1215 831 Deum;
1257 766 1350 835 qui
1387 755 1493 820 rite
1535 781 1602 820 cx
1634 765 1787 819 nullo
1820 779 2048 834 prorsus
2076 778 2293 828 eorum,

707 873 828 926 qua:
856 857 1117 927 cognosci
1160 866 1413 927 possunt,
1448 858 1627 927 ipsum
1656 855 1822 926 supra
1853 870 2019 924 quam
2045 855 2294 926 ignotum

707 948 882 1018 probe
923 958 1241 1020 cognoscat.

777 1042 867 1097 40.
904 1041 1010 1108 Qui
1058 1041 1497 1112 patriarcharum
1551 1054 1707 1095 more
1746 1037 1982 1094 actionis
2035 1039 2186 1093 cultu
2233 1052 2297 1092 ac

707 1134 1209 1202 contemplationis,
1276 1133 1332 1187 in
1400 1133 1521 1202 ipso
1575 1132 1909 1188 cxsistentes
1959 1129 2183 1184 virtutis
2232 1144 2297 1183 ac

707 1223 952 1279 scientiae
981 1232 1179 1294 puteos
1226 1225 1383 1279 novit
1430 1224 1642 1290 fodere,
1670 1224 1822 1277 intus
1857 1222 2138 1278 Christum
2179 1221 2299 1276 fon-

710 1325 818 1370 tem
863 1316 988 1370 vitaz
1025 1317 1294 1381 offendet,
1350 1334 1416 1371 ex
1461 1332 1571 1386 quo
1605 1315 1885 1385 Sapientia
1933 1314 2093 1385 jubet
2125 1324 2185 1369 ut
2215 1314 2298 1369 bi-

708 1407 924 1472 bamus,
959 1407 1191 1463 dicens:
1216 1407 1345 1460 Bibe
1375 1423 1542 1477 «quas
1577 1408 1641 1460 de
1677 1409 1816 1461 vasis
1849 1408 1971 1471 tuis,
2004 1416 2052 1459 et
2084 1408 2147 1460 de
2166 1423 2298 1461 vena

708 1509 987 1568 puteorum
1044 1510 1258 1552 tuorum
1293 1500 1370 1567 ”;
1405 1500 1577 1569 'quod
1626 1500 1758 1552 dum
1812 1497 2130 1561 fecerimus,
2179 1498 2299 1569 ejus

708 1592 852 1646 intra
891 1607 992 1646 nos
1029 1592 1359 1648 exsistentcs
1410 1593 1699 1648 thesauros
1764 1591 2128 1647 inveniemus.

779 1767 868 1823 41.
909 1767 1014 1834 Qui
1040 1768 1327 1822 brutarum
1354 1766 1720 1820 animantium
1751 1781 1925 1832 more,
1961 1765 2298 1820 demerendo

709 1858 1059 1912 solummodo
1109 1856 1298 1912 sensui
1350 1857 1517 1911 vitam
1573 1857 1890 1920 instituunt,
1942 1856 2135 1927 grandi
2192 1856 2296 1911 sibi

711 1940 960 2018 periculo
999 1965 1315 2005 sermonem
1367 1964 1591 2004 carnem
1654 1949 1898 2014 faciunt;
1947 1949 2045 2018 qui
2097 1963 2296 2017 nempe

712 2050 774 2095 ut
807 2043 1102 2097 affectibus
1147 2057 1211 2095 ac
1247 2040 1467 2095 libidini
1523 2053 1733 2093 morem
1783 2049 1977 2110 gerant
2027 2039 2228 2095 creatis
2266 2054 2298 2093 a

713 2135 823 2188 Deo
871 2134 1208 2195 abutantur;
1266 2148 1371 2187 nec
1423 2133 1726 2201 sapientiae,
1761 2148 1886 2202 quae
1937 2133 1996 2188 in
2039 2132 2298 2187 omnibus

713 2223 922 2287 elucet,
966 2224 1237 2279 rationem
1299 2224 1676 2288 considerent,
1733 2231 1795 2278 ut
1825 2224 1998 2280 Deum
2058 2238 2127 2279 ex
2178 2224 2298 2295 ejus

708 2316 980 2385 operibus
1032 2326 1369 2388 cognoscant
1401 2332 1466 2371 ac
1498 2317 1831 2382 clarificcnt;
1860 2316 2293 2386 intelligantqne,

709 2415 878 2472 unde,
912 2421 975 2460 ac
1023 2406 1178 2475 quid,
1236 2407 1289 2460 in
1339 2420 1571 2475 quemve
1616 2403 1804 2468 ﬁnem,
1855 2420 1920 2459 ac
1963 2420 2074 2474 quo
2123 2412 2182 2457 ut
2214 2403 2295 2457 fe-

712 2511 920 2559 ramur,
956 2512 1056 2566 per
1096 2512 1159 2550 ca
1193 2511 1316 2566 quae
1352 2496 1532 2551 oculis
1568 2496 1865 2565 conspicua
1906 2506 2055 2559 sunt,
2086 2493 2295 2550 conditi

706 2582 918 2649 simus;
950 2583 1048 2638 sed
1089 2584 1145 2637 in
1182 2583 1429 2639 tenebris
1482 2592 1658 2639 totum
1688 2583 1835 2652 quod
1867 2584 2081 2653 agimus
2125 2597 2298 2637 saecu-

707 2677 822 2730 lum
856 2675 1223 2741 ambulantes,
1271 2676 1441 2731 solam
1487 2676 1584 2729 Dei
1630 2674 1995 2745 ignorantiam
2024 2674 2293 2729 ambabus

709 2767 966 2822 manibus
1013 2769 1257 2838 palpent.

777 2861 867 2915 42.
893 2860 997 2926 Qui
1020 2861 1152 2915 solis
1186 2875 1357 2916 sacrm
1382 2862 1683 2931 Scriptura:
1713 2860 1899 2916 verbis
1928 2861 2171 2915 animum
2201 2860 2298 2914 ad-

708 2951 987 3027 hibentes,
1019 2952 1295 3021 corporali
1341 2950 1476 3021 legis
1524 2952 1674 3006 cultu
1703 2951 1870 3006 animi
1904 2950 2295 3022 ingenuitatem

708 3042 977 3112 obligant,
1011 3042 1379 3112 vituperando
1407 3059 1546 3096 ausu
1578 3058 1894 3097 sermonem
1934 3043 2042 3097 sibi
2072 3057 2293 3097 carnem

706 3133 956 3200 faciunt;
997 3134 1076 3188 sic
1129 3134 1413 3199 nimirum,
1471 3144 1534 3189 ut
1580 3136 1870 3190 brutarum
1927 3134 2289 3199 animantium
2319 3161 2361 3219 ρ

706 3225 948 3280 victimis
993 3226 1169 3280 Deum
1221 3227 1487 3281 delectari
1521 3227 1872 3289 existiment;
1899 3226 2154 3294 homines
2182 3223 2292 3278 sei-

708 3317 863 3382 licet,
912 3316 1008 3385 qui
1051 3316 1274 3385 corpori
1332 3318 1582 3371 exterius
1630 3316 1919 3373 lustrando
1965 3330 2075 3370 non
2119 3315 2294 3368 levem

710 3424 904 3473 curam
955 3408 1280 3474 adhibeant,
1312 3409 1481 3463 animi
1518 3425 1650 3465 vero
1682 3408 2179 3479 pulchritudinem,
2213 3407 2294 3460 vi-

712 3501 917 3555 tiorum
953 3500 1185 3555 maculis
1222 3500 1560 3570 compuncti,
1602 3500 1914 3571 negligant;
1945 3500 2102 3570 cujus
2128 3513 2294 3554 causa

709 3590 891 3646 omnis
945 3605 1134 3646 rerum
1176 3592 1353 3646 oculis
1383 3591 1758 3662 subjectarum
1803 3592 1981 3646 virtus
2029 3588 2297 3659 producta

707 3689 816 3745 est,
864 3681 1158 3751 omnisque
1208 3680 1430 3735 divinus
1481 3695 1664 3736 sermo
1696 3694 1761 3734 ac
1812 3680 1902 3734 lex
1936 3680 2104 3734 edita.

779 3774 868 3830 45.
913 3774 971 3828 In
1008 3775 1223 3829 ruinam
1269 3783 1326 3831 et
1366 3772 1832 3829 resurrectionem
1883 3772 2184 3827 multorum
2242 3770 2297 3824 in

711 3867 915 3927 lsraele
959 3867 1200 3938 positum
1244 3883 1368 3923 esse
1420 3866 1734 3929 Dominum,
1792 3874 2028 3920 testatur
2078 3878 2296 3919 sacrum

710 3961 1068 4032 Evangelium
1113 3963 1153 4014 '.
1218 3959 1382 4033 595
1446 3960 1649 4014 Animo
1699 3959 1867 4030 igitur
1918 3957 2294 4021 attendamus,

710 4072 843 4111 nmn
882 4055 939 4109 in
987 4069 1183 4110 eorum
1231 4052 1456 4123 quidem
1507 4054 1747 4118 ruinam,
1793 4052 1889 4120 qui
1937 4051 2050 4106 sola
2102 4064 2299 4105 sensus

709 4148 887 4221 gratia
947 4154 1200 4202 naturam
1247 4145 1423 4200 oculis
1463 4146 1768 4216 subjectam
1818 4149 2175 4201 contuentur,
2205 4155 2301 4195 eo-

711 4256 948 4311 rumque
981 4239 1075 4309 qui
1107 4238 1242 4294 solis
1267 4237 1573 4308 Scriptura!
1596 4237 1786 4292 verbis
1815 4235 2064 4297 haerent;
2094 4233 2298 4303 quippe

708 4333 803 4404 qui
849 4347 948 4402 per
991 4329 1287 4385 amentiam
1315 4343 1381 4382 ac
1423 4326 1809 4390 stoliditatem,
1840 4324 1911 4379 ad
1934 4338 2139 4378 novum
2170 4337 2298 4393 gra-

709 4427 801 4482 tia:
828 4423 1083 4495 spiritum
1123 4420 1360 4476 transire
1396 4433 1507 4474 non
1537 4419 1794 4483 valeant;
1834 4415 2297 4472 resurrectionem

2401 605 2538 641 σεων
2576 588 2865 659 θεολογῶν,
2898 590 3116 659 πνεῦμα
3144 588 3404 641 ποιεῖτον
3428 587 3606 654 λόγον,
3636 585 3712 649 ὡς
3742 588 3800 639 ἐν
3834 587 3984 658 ἀρχῇ

2397 679 2532 733 Θεὸν
2557 681 2708 745 ὅντα,
2740 682 2837 736 καὶ
2865 683 3005 753 πρὸς
3026 680 3160 734 Θεὸν
3182 680 3335 744 ὅντα,
3371 678 3431 744 ἐξ
3464 677 3682 741 οὐδενὸς
3711 678 3775 730 τὸ
3805 679 3989 747 παρά-

2399 788 2506 826 παν
2538 773 2650 826 τῶν
2675 773 2989 844 γνωσθῆναι
3012 771 3352 843 δυναμένων,
3383 768 3568 833 καλῶς
3587 767 3875 838 γινώσκων
3893 768 3989 821 τὸν

2399 864 2843 934 ὑπεράγνωστον.

2472 1050 2547 1114 μ’.
2583 1044 2643 1096 '0
2673 1043 2858 1114 μαθὼν
2886 1042 3177 1115 όρρύσσειν
3204 1041 3350 1097 κατά
3369 1042 3494 1106 τοὺς
3519 1040 3872 1111 πατριάρχας
3897 1040 3987 1093 διὰ

2398 1137 2653 1208 πράξεως
2681 1136 2778 1190 καὶ
2806 1136 3039 1207 θεωρίας
3072 1135 3142 1188 τά
3193 1137 3251 1189 ὲν
3294 1134 3445 1204 αὐτῷ
3493 1136 3594 1205 τῆς
3644 1133 3853 1204 ἀρετῆς
3890 1132 3988 1185 καὶ

2397 1227 2500 1296 τῆς
2527 1227 2783 1296 γνώσεως
2806 1227 3042 1298 φρέατα,
3076 1224 3170 1278 τὸν
3195 1222 3434 1295 Χριστὸν
3458 1222 3607 1276 ἔνδον
3629 1223 3857 1294 εὑρήσει
3887 1220 3988 1292 τὴν

2399 1318 2579 1391 πηγὴν
2605 1320 2704 1390 τῆς
2742 1318 2891 1388 ζωῆς
2923 1334 2940 1350 ⁸
2975 1317 3068 1388 ἀφ’
3097 1310 3167 1389 ἦς
3195 1317 3373 1370 πίνειν
3404 1316 3551 1386 ἡμᾶς
3578 1317 3613 1384 ή
3669 1313 3833 1380 σοφία
3879 1330 3987 1364 πα-

2403 1410 2778 1480 ρακελεύεται,
2827 1409 3068 1478 λέγουσα
3091 1422 3107 1439 °
3147 1409 3295 1463 Πίνε
3328 1407 3519 1462 ὕδατα
3555 1406 3676 1461 ἀπὸ
3706 1405 3842 1460 σῶν
3878 1405 3986 1472 dr-

2400 1504 2594 1572 γείων,
2626 1502 2724 1556 καὶ
2747 1502 2866 1556 ἀπὸ
2897 1500 3027 1555 σῶν
3047 1500 3319 1569 φρεάτων
3339 1497 3562 1567 arm-Sig"
3597 1498 3736 1565 ὅπερ
3766 1495 3985 1549 ποιοῦν-

2402 1611 2509 1659 τες,
2534 1595 2847 1665 εὑρήσομεν
2870 1592 3017 1646 ἔνδον
3039 1592 3202 1662 ἡμῶν
3243 1590 3405 1652 ὄντας
3425 1589 3553 1653 τοὺς
3572 1589 3743 1659 αὐτῆς
3775 1587 3987 1658 θησαυ-

2402 1704 2547 1758 ρους.

2475 1784 2584 1849 μα’.
2623 1777 2688 1831 Οί
2716 1775 3009 1847 κτηνωδῶς
3046 1775 3185 1846 πρδς
3229 1774 3401 1844 μόνην
3428 1773 3529 1841 τὴν
3562 1770 3820 1840 αἴσθησιν
3845 1768 3985 1834 ζῶνο

2398 1888 2511 1936 τες,
2547 1870 2868 1939 ἐπισφαλῶς
2912 1869 3129 1939 ἑαυτοῖς
3160 1866 3342 1936 σάρκα
3390 1863 3605 1918 ποιοῦσι
3656 1862 3749 1915 τὸν
3803 1861 3983 1928 λόγον’

2400 1964 2479 2027 εἰς
2506 1962 2814 2032 ὑπηρεσίαν
2844 1962 2944 2031 μὲν
2982 1958 3195 2022 παθῶν,
3236 1958 3350 2020 τοῖς
3389 1954 3486 2008 τοῦ
3517 1951 3655 2008 Θεοῦ
3693 1951 3986 2021 καταχρῶ-

2403 2073 2552 2127 μενοι
2576 2055 2871 2124 κτίσμασι·
2907 2053 3001 2106 τὸν
3029 2052 3087 2104 δὲ
3118 2051 3221 2120 τῆς
3247 2046 3441 2117 σοφίας
3456 2046 3557 2116 τῆς
3578 2047 3747 2099 πᾶσιν
3775 2045 3986 2115 ἐμφαι-

2398 2144 2729 2215 νομένης,οὺ
2748 2140 3136 2203 κατανοοῦντες
3165 2140 3347 2207 λόγον,
3405 2136 3546 2207 πρὸς
3567 2135 3630 2188 τὸ
3655 2134 3863 2203 γνῶναι
3888 2132 3989 2186 καὶ

2397 2237 2620 2304 δοξάσαι
2645 2236 2736 2290 τὸν
2757 2234 2892 2288 Θεὸν
2919 2236 2983 2286 ὲκ
3009 2232 3119 2284 τῶν
3141 2226 3309 2284 αὑτοῦ
3335 2228 3658 2299 ποιημάτων
3685 2243 3699 2257 ·
3729 2227 3988 2279 aut.wa

2402 2329 2538 2383 ιέναι
2588 2327 2777 2391 πόθεν,
2808 2327 2906 2379 καὶ
2932 2325 3008 2389 τί,
3044 2324 3140 2377 καὶ
3167 2323 3261 2375 ἐπὶ
3278 2321 3411 2384 τίνι,
3443 2319 3539 2375 καὶ
3572 2317 3679 2371 ποῦ
3716 2316 3986 2387 φέρεσθαι

2397 2422 2487 2474 διὰ
2517 2420 2625 2473 τῶν
2653 2417 2949 2489 ὁρωμένων
2970 2416 3278 2485 γεγόναμεν
3308 2429 3323 2444 ο
3373 2410 3490 2465 ἀλλ’
3541 2410 3600 2461 ὲν
3655 2408 3839 2461 σκότει
3892 2407 3988 2460 τον

2400 2512 2571 2567 αἰῶνα
2603 2509 2793 2563 τοῦτον
2818 2506 3290 2578 διαπορευόμενοι,
3325 2503 3496 2575 μόνην
3524 2501 3627 2572 τὴν
3680 2500 3812 2571 περὶ
3852 2497 3987 2553 Θεὸν

2399 2605 2604 2674 ἀμφοῖν
2631 2602 2750 2655 ταῖν
2774 2601 2956 2670 χεροῖν
2988 2596 3317 2668 ψηλαφῶσιν
3343 2592 3642 2662 ἀγνωσίαν.

2476 2873 2584 2943 ixi?-
2614 2870 2683 2925 οι
2710 2868 2860 2938 μόνῳ
2897 2863 2974 2935 τῷ
3006 2861 3157 2936 ῥητῷ
3180 2860 3281 2929 τῆς
3326 2859 3487 2929 ἁγίας
3517 2856 3748 2929 Γραφῆς
3798 2869 3987 2925 παρα·-

2399 2965 2724 3034 καοήμενοι,
2744 2959 2836 3013 καὶ
2856 2959 2923 3027 τῇ
2956 2955 3245 3024 σωματικῇ
3267 2953 3362 3006 τοῦ
3401 2954 3570 3021 νόμου
3613 2945 3845 3017 λατρεία
3892 2945 3989 2998 δε-

2402 3055 2663 3125 σμοῦντες
2689 3051 2792 3119 τῆς
2814 3047 2994 3119 ψυχῆς
3014 3044 3076 3098 τὸ
3101 3044 3341 3114 ἀξίωμα,
3367 3039 3586 3110 ψεκτῶς
3600 3037 3845 3092 ποιοῦσιν
3861 3037 3992 3088 ἑαυ-

2398 3149 2506 3207 τοῖς
2538 3144 2718 3214 σάρκα
2744 3140 2837 3195 τὸν
2866 3139 3023 3207 λόγον
3056 3152 3070 3166 ·
3103 3134 3317 3203 ἀλόγων
3348 3133 3503 3199 ζώων
3535 3131 3750 3204 θυσίαις
3790 3129 3993 3196 εὐαρε-

2400 3237 2644 3293 στεῖσθαι
2680 3235 2991 3306 νομίζοντες
3016 3233 3108 3287 τὸν
3156 3230 3290 3284 Θεόν
3319 3244 3334 3258 ·
3383 3222 3467 3288 οἷς
3515 3223 3650 3276 πολὺ
3700 3221 3763 3273 τὸ
3822 3218 3993 3287 σῶμα

2399 3323 2811 3393 πεφρόντισται,
2844 3323 2954 3384 τοῖς
2991 3319 3147 3382 ὲκτὺς
3184 3313 3503 3385 καθαρσίοις
3528 3329 3542 3342 ·
3583 3313 3680 3381 τῆς
3716 3308 3776 3362 δὲ
3805 3307 3995 3377 ψυχῆς

2400 3414 2788 3486 παρημέληται
2816 3413 2879 3465 τὸ
2899 3411 3116 3474 κάλλος,
3144 3410 3268 3471 ταῖς
3290 3407 3401 3460 τῶν
3430 3403 3620 3459 παθῶν
3649 3401 3838 3473 κηλίσι
3868 3415 3997 3452 στι-

2399 3506 2627 3576 ζόμενον
2656 3520 2672 3536 ·
2699 3502 2837 3574 ὑπὲρ
2863 3498 2953 3574 ἧς,
2980 3504 3012 3573 ἡ
3046 3503 3200 3555 πᾶσα
3226 3498 3337 3552 τῶν
3354 3496 3650 3568 ὁρωμένων
3675 3489 3961 3562 προϐόϐλη

2398 3597 2766 3667 ταιδύναμις,
2790 3597 2886 3648 καὶ
2917 3597 3027 3658 πᾶς
3070 3593 3231 3662 λόγος
3279 3592 3423 3653 θεῖος
3472 3588 3569 3641 καὶ
3611 3586 3778 3655 νόμος
3828 3582 3994 3636 ἐκδέ-

2398 3689 2567 3742 δοται.

2478 3785 2589 3850 μγ⁴.
2615 3780 2710 3842 Εἰς
2749 3777 2960 3830 πτῶσιν
3006 3776 3102 3830 καὶ
3151 3774 3450 3828 ἀνάστασιν
3505 3767 3717 3824 πολλῶν
3769 3766 4001 3820 κεῖσθαι

2400 3872 2493 3925 τὸν
2526 3869 2732 3941 Κύριον
2763 3869 2913 3936 λέγει
2941 3867 3005 3921 τὸ
3038 3867 3197 3935 ἅγιον
3232 3862 3588 3931 Εὑαγγέλιον.
3615 3857 3831 3913 Οὐκοῦν
3866 3873 3999 3909 σκο-

2400 3963 2687 4032 πήσωμεν,
2735 3960 2931 4029 μήπως
2966 3961 3048 4022 εἰς
3098 3956 3307 4011 πτῶσιν
3350 3955 3471 4025 μὲν,
3501 3952 3691 4005 τῶντε
3720 3949 3863 4021 πρὸς
3899 3948 4002 4019 μό-

2399 4069 2499 4121 νην
2526 4050 2626 4119 τὴν
2657 4048 2910 4120 αἴσθησιν
2931 4047 3032 4118 τὴν
3065 4046 3355 4117 ὁρωμένην
3395 4039 3748 4113 θεωρούντων
3783 4038 4001 4100 κτίσιν,

2401 4146 2496 4197 καὶ
2521 4143 2629 4196 τῶν
2658 4141 2805 4212 μόνῳ
2833 4139 2913 4211 τῷ
2944 4137 3098 4212 ῥητῷ
3123 4135 3482 4207 στοιχούντων
3521 4133 3623 4203 τῆς
3648 4132 3816 4199 ἁγίας
3846 4131 4002 4200 Γρα-

2401 4236 2509 4303 φῆς
2531 4249 2547 4264 ’
2582 4231 2657 4294 ὡς
2699 4230 2775 4301 μὴ
2797 4229 3112 4299 δυναμένων
3144 4226 3281 4298 πρὸς
3307 4225 3369 4278 τὸ
3405 4224 3593 4278 καινὸν
3625 4221 3851 4289 πνεῦμα
3878 4221 4006 4272 δια-

2400 4325 2561 4392 ϐῆναι
2597 4324 2698 4393 τῆς
2741 4321 2967 4392 χάριτος
3004 4318 3096 4372 διὰ
3125 4316 3225 4388 τὴν
3275 4317 3462 4371 ἄνοιαν
3490 4330 3506 4346 ·
3555 4312 3867 4366 ἀνάστασιν
3912 4308 4001 4372 δὲ,

2400 4414 2509 4469 τῶν
2530 4412 2919 4484 πνευματικῶς
2944 4411 3017 4465 τά
3036 4425 3095 4464 τε
3121 4409 3401 4478 κτίσματα
3444 4404 3541 4458 τοῦ
3585 4402 3723 4456 Θεοῦ
3780 4401 3881 4454 καὶ
3926 4399 4003 4451 τὰ

707 4532 843 4572 vero
903 4529 1124 4575 eorum,
1169 4513 1264 4582 qui
1328 4509 1564 4582 spiritali
1614 4509 1829 4565 ratione
1885 4515 2003 4562 tum
2044 4522 2134 4562 res
2184 4507 2296 4561 Deo

2404 4507 2625 4579 ῥήματα
2653 4505 3005 4576 θεωρούντων
3025 4518 3088 4554 τε
3113 4501 3211 4554 καὶ
3236 4497 3563 4555 ἀκουόντων,
3595 4495 3691 4548 καὶ
3724 4494 3843 4555 τοῖς
3861 4489 4007 4543 καθ-

709 4616 938 4665 auctore
964 4605 1240 4668 conditas,
1266 4612 1383 4659 tum
1407 4604 1529 4674 ejus
1561 4602 1732 4658 verba
1753 4600 2106 4672 conspiciunt
2132 4609 2299 4671 atque

707 4699 980 4765 audiunt;
1026 4696 1268 4763 hincque
1313 4692 1454 4748 adeo
1496 4691 1598 4746 soli
1636 4690 1841 4746 divinae
1886 4690 2133 4760 imagini,
2175 4704 2299 4759 qua:

711 4793 769 4847 in
808 4791 995 4846 animo
1042 4786 1272 4852 residet,
1304 4783 1564 4854 congruis
1592 4783 1844 4839 moribus
1872 4797 2063 4838 curam
2088 4782 2300 4852 impen-

711 4881 875 4937 dunL

781 4974 874 5029 M.
914 4971 1069 5038 Quod
1105 4970 1182 5024 ita
1223 4968 1494 5039 scriptum
1535 4976 1642 5031 est,
1678 4967 1919 5036 positum
1951 4979 2074 5020 esse
2114 4963 2301 5019 Domi-

709 5078 843 5121 num
889 5064 944 5117 iu
992 5061 1210 5115 ruinam
1256 5069 1312 5114 et
1365 5058 1834 5113 resurrectionem
1890 5054 2191 5110 multorum
2245 5053 2301 5107 in

707 5157 933 5220 lsraele,
978 5154 1023 5208 si
1080 5153 1134 5207 in
1183 5151 1367 5207 laudis
1418 5157 1633 5220 partem
1679 5150 1858 5204 solum
1915 5146 2300 5216 intelligatur,

710 5248 771 5304 in
794 5246 1011 5301 ruinam
1036 5243 1418 5313 accipiendum
1450 5250 1564 5295 tum
1598 5240 1859 5294 vitiorum
1891 5246 1948 5292 et
1984 5237 2301 5301 libidinum,

709 5352 832 5396 tum
866 5351 1159 5409 pravarum
1186 5334 1585 5406 cogitationum
1616 5332 1671 5386 in
1721 5330 1952 5402 singulis
1985 5328 2299 5398 quibusque

709 5432 991 5494 ﬁdelium;
1044 5428 1507 5484 resurrectionem
1561 5439 1695 5479 vero
1734 5423 2026 5485 virtutum,
2055 5421 2300 5490 piarum-

712 5539 822 5597 que
856 5524 1106 5579 omnium
1151 5536 1215 5575 ac
1262 5520 1636 5589 religiosarum
1683 5515 2099 5588 cogitationum.

784 5616 871 5671 45.
914 5615 1016 5681 Qui
1048 5628 1231 5668 rerum
1261 5608 1607 5665 solummodo
1658 5607 2055 5677 generabilium
2088 5623 2152 5662 ac
2181 5623 2302 5661 cor-

796 5784 809 5797 ’“
862 5789 1003 5848 Prov
1057 5808 1108 5855 ι’,
1140 5791 1222 5845 15.
1288 5790 1301 5819 ¹
1341 5789 1472 5844 Luc.
1514 5806 1572 5852 tt,
1609 5789 1677 5843 δι

2405 4604 2604 4675 ήκουσι
2638 4601 2863 4673 τρόποις
2901 4597 3067 4668 μόνης
3121 4594 3223 4665 τῆς
3263 4592 3405 4646 κατὰ
3430 4590 3609 4661 ψυχὴν
3654 4587 3808 4649 θείας
3855 4583 4007 4638 εἰκό-

2406 4710 2495 4757 νος
2524 4694 2613 4745 ὲπι
2622 4689 2785 4760 μελου
2793 4688 2991 4760 μένων.

2477 4967 2579 5038 με.
2619 4964 2713 5030 Τὸ,
2750 4960 2964 5016 κεῖσθαι
3008 4959 3102 5012 τὸν
3150 4956 3356 5029 Κύριον
3393 4955 3476 5018 είς
3523 4951 3734 5006 πτῶσιν
3780 4948 4013 5003 πολλῶν

2404 5062 2497 5115 καὶ
2517 5060 2813 5115 ἀνάστασιν
2837 5056 2897 5109 ὲν
2924 5055 3002 5125 τῷ
3039 5050 3277 5124 Ἰσραὴλ,
3312 5046 3612 5110 ὲπαινετῶς
3647 5044 3811 5114 μόνον
3844 5042 4012 5097 vomi-

2408 5169 2588 5224 μενον,
2625 5151 2706 5213 είς
2723 5147 2933 5201 πτῶσιν
2976 5143 3075 5215 μὲν
3097 5144 3319 5205 νοεῖται,
3358 5138 3468 5192 τῶν
3518 5138 3577 5188 ὲν
3615 5134 3839 5202 ἑκάστῳ
3887 5131 4013 5184 τῶν

2405 5242 2771 5297 πιστευόντων
2804 5238 2913 5292 τῶν
2952 5234 3141 5290 παθῶν
3167 5250 3229 5286 τε
3258 5232 3354 5285 καὶ
3379 5228 3635 5299 πονηρῶν
3664 5224 3963 5294 λογισμῶν
3992 5237 4011 5251 ⁸

2406 5336 2703 5390 ἀνάστασιν
2733 5329 2810 5395 δὲ,
2862 5327 2971 5383 τῶν
3033 5322 3244 5398 ἀρετῶν
3299 5322 3396 5376 καὶ
3455 5319 3657 5380 παντὸς
3709 5314 4015 5385 θεοφιλοῦς

2401 5428 2682 5497 λογισμοῦ.

2480 5615 2580 5679 με’.
2624 5607 2685 5659 Ὀ
2731 5604 2891 5676 μόνον
2929 5600 3036 5654 τῶν
3060 5601 3123 5653 ὲν
3148 5595 3359 5667 γενέσει
3389 5593 3485 5646 καὶ
3521 5589 3699 5660 φθορᾷ
3735 5587 4015 5657 δημιουρ·
