4192 6436
242 421 381 485 1165

1048 416 1390 480 CAPITUM
1428 418 1700 479 THEOL.
1740 420 1836 479 ET
1873 420 2107 481 (ECON.
2148 422 2536 485 CENTURIA
2574 427 2652 487 II.

3351 437 3481 503 1146

236 535 340 604 τὸν
364 536 599 606 νομίζων
629 537 719 591 τὸν
748 536 976 606 Κύριον,
1022 534 1101 596 εἰς
1127 532 1403 602 κηπουρὸν
1434 531 1596 584 αὐτὸν
1627 546 1809 598 παρα-

1912 533 2259 599 ruptibilium
2310 544 2592 589 auctorem
2638 537 2935 593 Dominum
2982 553 3105 595 esse
3163 540 3492 611 arbitratur,

236 631 514 699 γνωρίζει,
570 630 710 683 κατὰ
754 629 853 699 τὴν
895 625 1263 694 Μαγδαληνὴν
1285 624 1524 692 Μαρίαν.
1555 621 1647 675 Διὸ
1674 621 1809 692 πρὸς

234 722 503 791 ὠφέλειαν
524 722 713 790 φεύγει
738 722 841 774 τοῦ
873 719 1113 773 τοιούτου
1143 718 1242 787 τὴν
1272 716 1420 785 ἁφὴν
1455 718 1484 768 ὁ
1510 714 1835 783 Δεσπότης,-

238 811 411 880 μὴπω
433 812 562 879 παρ’
601 808 751 880 αὐτῷ
791 808 1037 877 δυνηθεὶς
1072 805 1340 874 ἀναϐῆναι
1387 804 1524 875 πρὸς
1556 802 1650 857 τὸν
1699 802 1811 855 Πα-

233 901 392 972 τέρα,
420 901 594 969 λέγων
622 919 636 931 ·
674 896 920 970 Μήμου
954 899 1170 954 ἅπτου.
1212 895 1475 950 Γινώσκει
1515 893 1626 966 γὰρ
1678 893 1808 964 βλά-

241 992 465 1047 πτεσθαι
486 1034 503 1055 ,
562 993 657 1046 τὸν
701 993 839 1063 μετὰ
888 991 1140 1061 τοιαύτης
1186 988 1335 1059 αὐτῷ
1374 986 1808 1058 προσερχόμενον

230 1085 619 1154 ταπεινοτέρας
634 1082 976 1154 προλήψεως.

309 1341 427 1413 μς’.
473 1346 537 1397 οι
575 1344 667 1396 διὰ
699 1343 792 1397 τὸν
850 1343 1013 1412 φόϐον
1054 1342 1164 1397 τῶν
1221 1342 1488 1404 Ἰουδαίων
1530 1360 1673 1398 κατα
1706 1343 1805 1414 τὴν

232 1434 529 1489 Γαλιλαίαν
569 1434 645 1505 (d)
676 1437 735 1488 ἐν
767 1435 847 1505 τῷ
879 1433 1113 1504 ὑπερῴῳ
1147 1434 1461 1498 κλείσαντες
1496 1435 1596 1499 τὰς
1633 1434 1806 1505 θύρας

232 1523 536 1595 καθήμενοι
561 1539 577 1553 ·
606 1524 875 1587 τουτέστι,
904 1526 954 1576 οι
978 1525 1066 1577 διὰ
1094 1525 1184 1577 τὸν
1216 1524 1378 1591 ςτόϐον
1410 1526 1521 1578 τῶν
1559 1526 1804 1596 πνευμά-

232 1631 345 1669 των
368 1615 471 1684 τῆς
505 1616 793 1687 πονηρίας,
823 1615 966 1669 κατά
1010 1615 1111 1685 τὴν
1154 1614 1337 1685 χώραν
1374 1615 1484 1670 τῶν
1525 1616 1805 1670 άποκαλύω

229 1707 403 1778 ψιων,
432 1707 492 1760 ἐν
517 1706 596 1777 τῷ
627 1705 754 1775 ὕψει
784 1706 893 1759 τῶν
935 1703 1093 1758 θείων
1131 1705 1503 1778 θεωρημάτων
1547 1706 1803 1775 ἀσφαλῶς

228 1797 550 1869 βεϐηκότες,
582 1797 764 1868 θυρῶν
805 1797 962 1868 δίκην
1011 1796 1279 1867 μύσαντες
1320 1797 1420 1861 τὰς
1474 1799 1757 1870 αισθήσεις
1782 1841 1798 1864 ,

1910 623 2088 678 instar
2131 626 2315 680 Maria:
2374 630 2726 699 Magdalente,
2761 632 2909 687 circa
2942 647 3069 687 eum
3106 632 3162 687 in
3208 631 3490 691 bortnlaui

1907 717 2094 783 specie
2149 716 2445 785 decipitur.
2475 720 2688 774 Idcirco
2728 722 2899 777 etiam
2948 723 3216 778 Dominus
3248 723 3307 779 id
3361 740 3493 795 spe-

1909 798 2066 861 ctans
2117 809 2267 875 quod
2312 812 2448 864 utile
2503 812 2597 876 sit,
2644 813 2790 882 tangi
2831 829 2890 868 se
2935 825 3095 871 cavet
3144 816 3222 872 ab
3277 833 3348 873 eo
3394 819 3490 888 qui

1905 898 2178 966 ejusmodi
2227 909 2331 965 est,
2367 903 2514 971 quod
2570 904 2804 959 necdum
2836 905 2987 961 illius
3022 908 3491 965 aestimationem

1906 1003 2072 1042 sensu
2113 994 2411 1047 ascendere
2443 996 2509 1049 ad
2550 997 2766 1052 Patrem
2805 1000 3070 1068 potuerit,
3109 1000 3336 1056 dicens:
3364 1001 3489 1057 Noli

1906 1096 1989 1133 me
2042 1090 2258 1152 tangere
2306 1087 2346 1138 ².
2392 1085 2509 1141 Scit
2550 1088 2698 1141 enim
2742 1089 2864 1144 fore
2897 1099 2959 1145 ut
2995 1090 3230 1146 laedatur
3254 1092 3487 1148 damno-

1904 1184 2011 1237 qne
2044 1170 2329 1237 adiciatur,
2375 1176 2470 1243 qui
2511 1176 2706 1231 humili
2757 1178 2849 1234 illa
2902 1190 3175 1250 occupato
3222 1181 3488 1251 opinione

1903 1261 2161 1317 laborans
2201 1264 2266 1317 ad
2306 1280 2433 1319 eum
2480 1270 2791 1324 accesserit.

1976 1355 2065 1407 46.
2105 1354 2209 1420 Qui
2250 1355 2322 1409 ob
2369 1366 2575 1411 metum
2607 1360 2920 1415 Judaeorum
2951 1361 3005 1415 in
3038 1361 3259 1418 Galilea
3290 1362 3346 1418 in
3373 1378 3487 1420 cm-

1902 1443 2100 1497 naculo
2145 1445 2329 1514 januis
2369 1448 2571 1503 clausis
2608 1450 2804 1505 sedent
2839 1454 2880 1516 ³,
2916 1451 3023 1507 hoc
3052 1463 3159 1517 est,
3204 1457 3300 1525 qui
3332 1463 3482 1510 metu

1902 1532 2193 1598 spirituum
2244 1537 2525 1604 nequitiae,
2572 1539 2630 1592 in
2682 1541 3080 1597 revelationum
3126 1544 3372 1613 regione,
3426 1544 3483 1599 in

1903 1622 2127 1677 sublimi
2172 1624 2490 1680 divinorum
2533 1644 2823 1684 sensorum
2856 1647 2920 1686 ac
2956 1636 3479 1705 contemplationum

1901 1728 2026 1770 arce
2054 1723 2173 1768 tuto
2223 1718 2552 1784 consistunt,
2584 1722 2788 1776 clausis
2836 1725 3129 1795 januarum
3166 1742 3321 1783 more
3350 1744 3481 1783 sen-

1904 1801 2087 1865 sibus;
2111 1802 2188 1866 hi,
2226 1802 2408 1873 ignota
2438 1808 2671 1872 ratione,
2710 1809 3092 1866 advenientem
3128 1814 3223 1868 Dei
3261 1815 3483 1869 Sermo-

229 1889 668 1958 παραγινόμενον
727 1887 1018 1955 άγνὼστως
1073 1889 1319 1958 δέχονται
1372 1890 1463 1943 τὸν
1516 1889 1612 1943 τοῦ
1663 1889 1799 1943 Θεοῦ

1899 1908 2025 1947 nem
2062 1895 2389 1963 suscipiunt,
2425 1898 2636 1967 absque
2692 1902 2802 1955 ulla
2838 1918 3037 1958 sensus
3063 1908 3384 1974 operatione
3419 1923 3480 1963 se

231 1977 429 2048 Λόγον,
461 1980 589 2034 ἄνευ
618 1982 718 2050 τῆς
739 1982 861 2033 κατ’
889 1980 1142 2048 αἴσθησιν
1167 1980 1443 2052 ἐνεργείας
1463 1981 1643 2044 αὐτοῖς
1676 1984 1799 2035 ἐπι-

231 2069 560 2137 φαινόμενον
581 2084 598 2099 ο
641 2068 912 2130 ἀπάθειάν
953 2086 1013 2122 τε
1054 2067 1141 2121 διὰ
1166 2069 1265 2140 τῆς
1301 2071 1543 2140 εἰρήνης,
1577 2072 1673 2124 καὶ
1707 2088 1804 2139 με-

231 2160 467 2228 ρισμοὺς
521 2159 838 2230 Πνεύματος
882 2160 1038 2229 ἁγίου
1081 2160 1170 2214 διά
1207 2161 1305 2231 τῆς
1326 2161 1676 2231 ἐμπνεύσεως
1701 2161 1803 2215 δω-

232 2247 497 2317 ρούμενον
529 2262 544 2277 ⁸
578 2252 675 2302 καὶ
692 2251 795 2318 τὴν
832 2249 973 2303 κατὰ
1006 2250 1330 2320 πνευμάτων
1367 2249 1619 2320 πονηρῶν
1650 2250 1801 2315 ἐξου-

230 2339 352 2391 σίαν
381 2339 711 2409 παρέχοντα,
747 2341 842 2393 καὶ
865 2340 1177 2393 δεικνύοντα
1215 2338 1323 2391 τῶν
1370 2336 1536 2392 αὐτοῦ
1597 2354 1801 2408 μυστη-

228 2428 365 2497 ρίων
388 2429 456 2480 τά
479 2428 743 2498 σύμϐολα.

305 2516 390 2587 μζ¹
399 2559 412 2571 .
443 2519 568 2581 Τοῖς
599 2520 701 2589 μὲν
726 2518 868 2571 κατὰ
896 2519 1075 2588 σάρκα
1095 2518 1187 2571 τὸν
1211 2518 1340 2589 περὶ
1362 2517 1458 2572 τοῦ
1483 2517 1617 2571 Θεοῦ
1642 2518 1800 2587 λόγον

225 2608 548 2676 ἐρευνῶσιν,
576 2611 606 2661 ὁ
629 2610 834 2679 Κύριος
862 2611 962 2662 οὐκ
984 2609 1261 2686 ἀναϐαίνει
1283 2610 1418 2679 πρὸς
1445 2609 1535 2661 τὸν
1556 2609 1794 2680 Πατέρα·

223 2701 339 2761 τοῖς
370 2699 427 2751 δὲ
459 2699 598 2752 κατὰ
629 2700 845 2769 πνεῦμα
891 2700 981 2754 διὰ
1015 2700 1125 2753 τῶν
1163 2699 1384 2769 ὑψηλῶν
1428 2700 1796 2771 θεωρημάτων

221 2789 551 2857 ἐκζητοῦσιν
569 2792 753 2852 αὐτὸν,
788 2790 1068 2843 ἀναϐαίνει
1093 2791 1229 2861 πρὸς
1272 2790 1366 2844 τὸν
1416 2791 1656 2861 Πατέρα.
1701 2792 1794 2863 Μὴ

220 2882 405 2933 τοίνυν
434 2881 521 2934 διὰ
552 2881 752 2944 παντὸς
777 2884 1070 2953 κρατῶμεν
1099 2883 1269 2945 κάτω,
1309 2883 1398 2935 τὸν
1446 2882 1587 2952 ὑπὲρ
1636 2884 1795 2953 ἡμῶν

221 2973 377 3025 κάτω
405 2971 493 3025 διά
521 2971 930 3045 φιλανθρωπίαν
958 2973 1245 3043 γενόμενον
1269 2989 1283 3002 ·
1332 2973 1447 3026 ἀλλ’
1495 2975 1608 3026 άνω
1658 2974 1795 3043 πρὸς

217 3063 315 3117 τὸν
348 3064 566 3135 Πατέρα
597 3066 695 3117 σὺν
721 3064 871 3134 αὐτῷ
910 3064 1218 3135 γενώμεθα,
1263 3065 1361 3135 τὴν
1409 3064 1514 3134 γῆν
1566 3066 1794 3134 ἀφέντες

217 3154 319 3207 καὶ⁸
356 3152 426 3206 τὰ
467 3154 594 3224 περὶ
628 3155 729 3224 τὴν
768 3156 892 3225 γῆν,
931 3154 1016 3209 ἵνα
1052 3155 1127 3225 μὴ
1156 3156 1252 3208 καὶ
1282 3157 1413 3226 ἡμῖν
1446 3156 1575 3228 είπῃ
1600 3156 1660 3208 τὸ
1690 3159 1792 3227 ρη-

223 3242 315 3297 οὲν
360 3246 472 3307 τοῖς
541 3245 813 3308 Ἰουδαίοις
861 3245 1206 3317 ἀδιορθώτοις
1237 3247 1503 3316 μείνασιν,
1554 3247 1789 3317 Ὑπάγω
1816 3241 1859 3302 C

216 3332 373 3388 ὅπου
400 3333 568 3402 ὑμεῖς
596 3338 670 3389 οὐ
714 3334 988 3389 δύνασθε
1044 3336 1260 3390 ἐλθεῖν.
1302 3338 1484 3408 Χωρὶς
1536 3339 1644 3407 γὰρ
1693 3338 1785 3391 τοῦ

214 3427 417 3495 Λόγου,
449 3426 585 3497 πρὸς
609 3428 701 3481 τὸν
726 3428 945 3498 Πατέρα
970 3427 1063 3479 τοῦ
1114 3429 1290 3496 Λόγου
1334 3429 1607 3496 γενέσθαι,
1644 3430 1787 3501 ἀμή-

212 3534 399 3588 χανον.

290 3615 404 3679 pq’.
448 3609 515 3663 'H
541 3609 616 3680 γῆ
646 3611 757 3664 τῶν
783 3611 1067 3665 Χαλδαίων
1090 3614 1257 3677 ἐστὶν,
1283 3615 1312 3665 ὁ
1339 3612 1593 3683 ἐμπαθὴς
1621 3612 1734 3683 βίος
1767 3628 1780 3643 ·

215 3701 274 3753 ἐν
308 3694 354 3769 ᾧ
389 3702 499 3757 τῶν
537 3704 948 3773 ἁμαρτημάτων
979 3704 1386 3773 δημιουργεῖται
1418 3706 1515 3757 καὶ
1541 3721 1783 3772 προσκυο

208 3795 384 3845 νεῖται
413 3794 481 3848 τά
501 3795 714 3848 εἴδωλα.
749 3795 813 3847 Ἦ
851 3796 908 3847 δὲ
955 3797 1110 3866 Μέση
1149 3797 1259 3849 τῶν
1305 3797 1564 3866 ποταμῶν
1612 3800 1780 3860 ἐστιν,

204 3882 239 3934 ό
267 3883 717 3956 ἐπαμφοτερίζων
737 3888 852 3949 τοῖς
878 3888 1141 3949 ἐναντίοις
1163 3889 1378 3957 τρόπος.
1418 3889 1482 3941 Ἦ
1506 3889 1563 3941 δὲ
1588 3889 1659 3959 γῆ
1682 3888 1783 3957 τῆς

207 3974 545 4041 ἐπαγγελίας
596 3976 765 4040 ἐστὶν,
816 3978 850 4045 ἠ
905 3976 1102 4039 παντὸς
1134 3978 1341 4045 ἀγαθοῦ
1375 3980 1780 4050 πεπληρωμένη

206 4067 569 4129 κατάστασις.
604 4068 717 4129 Πᾶς
765 4064 860 4122 οῦν
912 4072 940 4122 ὁ
983 4069 1186 4139 ταύτης
1232 4071 1372 4123 κατὰ
1424 4071 1516 4123 τὸν
1556 4072 1781 4125 παλαιὸν

220 4152 441 4225 Ἰσραὴλ
477 4156 693 4225 ἀμελῶν
735 4159 835 4228 τῆς
875 4158 1041 4223 ἕξεως
1099 4158 1231 4229 (10),
1259 4161 1393 4230 πρὸς
1414 4160 1657 4214 δουλείαν
1676 4162 1781 4214 πά-

204 4246 290 4300 λιν
334 4247 700 4315 κατασύρεται
755 4250 965 4314 παθῶν,
1016 4249 1115 4320 τῆς
1168 4251 1413 4322 δοθείσης
1470 4252 1782 4324 ἐλευθερίας

206 4338 591 4409 στερούμενος.

280 4431 388 4501 μθ’.
423 4433 785 4502 Σημειωτέον,
813 4433 890 4499 ὡς
920 4434 1094 4498 οὐδεὶς
1128 4436 1238 4489 τῶν
1296 4437 1467 4505 ἁγίων
1518 4439 1779 4504 ἑκουσίως

1901 1983 2011 2038 illis
2078 1985 2436 2053 conspicuum
2487 1990 2831 2058 reddentem,
2882 1994 3144 2065 pacisque
3206 1997 3479 2053 acclama-

1896 2076 2051 2130 tione
2089 2077 2295 2132 sedatis
2317 2079 2605 2135 all‘cctibus
2630 2083 3202 2154 imperturbationem,
3262 2105 3478 2147 necnon

1899 2167 2287 2233 insumatione,
2326 2171 2565 2240 Spiritus
2604 2177 2775 2229 sancti
2809 2176 3235 2234 distributiones
3260 2181 3476 2238 donan-

1899 2264 2047 2321 tem,
2110 2259 2486 2328 adversusque
2548 2262 2779 2330 spiritus
2846 2280 3081 2336 nequam
3141 2277 3475 2339 potestatem

1897 2349 2254 2417 praebentem,
2289 2366 2353 2405 ac
2376 2353 2774 2423 mysteriorum
2810 2371 3037 2412 suorum
3082 2360 3328 2430 symbola
3374 2376 3476 2417 ex-

1897 2440 2203 2495 bibentem.

1964 2533 2053 2586 47.
2094 2533 2197 2599 Qui
2234 2534 2445 2588 carnali
2485 2537 2720 2600 ratione.
2748 2555 2872 2608 quae
2893 2540 2962 2596 de
2990 2542 3104 2597 Deo
3131 2550 3238 2609 est,
3268 2543 3476 2603 doctri—

1894 2636 2020 2675 nam
2080 2632 2419 2688 scrutantur,
2478 2625 2564 2679 his
2620 2627 2887 2683 Dominus
2949 2630 3017 2685 ad
3091 2632 3308 2689 Patrem
3358 2650 3470 2691 non

1893 2714 2173 2778 ascendit;
2208 2715 2276 2768 iis
2298 2731 2430 2769 vero
2457 2720 2550 2786 qui
2576 2720 2808 2788 spiritali
2840 2724 3055 2778 ratione
3084 2740 3186 2794 per
3211 2726 3473 2784 sublimia

1892 2818 2054 2857 sensa
2102 2804 2280 2875 ipsum
2332 2809 2649 2877 exquirunt,
2711 2812 2779 2866 ad
2820 2814 3038 2870 Patrem
3066 2817 3337 2873 ascendit.
3371 2818 3475 2874 Ca-

1893 2908 2116 2949 veamus
2173 2912 2303 2967 ergo
2356 2913 2425 2952 ne
2482 2914 2703 2970 semper
2747 2902 2803 2957 in
2860 2911 3005 2960 terra
3054 2906 3220 2977 inque
3270 2908 3473 2965 inlimis

1891 2999 2017 3039 eum
2066 2994 2372 3052 teneamus,
2408 2990 2501 3058 qui
2545 3000 2774 3061 propter
2810 3009 2911 3049 nos
2935 2995 3197 3052 clementi
3225 2999 3472 3056 bonitate

1892 3075 1949 3129 in
1993 3084 2198 3130 terram
2230 3077 2555 3145 descendit;
2618 3082 2713 3135 sed
2764 3100 2982 3140 sursum
3018 3086 3085 3141 ad
3120 3089 3336 3146 Patrem
3389 3090 3470 3149 illi

1890 3178 2120 3223 comites
2151 3170 2338 3224 relicta
2380 3171 2547 3243 496
2577 3181 2725 3229 terra
2774 3191 2838 3231 ac
2868 3192 2990 3247 qua:
3034 3187 3255 3236 terrena
3313 3192 3464 3250 sunt,

1888 3258 2269 3320 ascendamus,
2311 3277 2379 3315 ne
2424 3263 2585 3318 nobis
2634 3266 2866 3332 perinde
2928 3284 2993 3323 ac
3048 3270 3272 3337 Iudaeis,
3339 3289 3467 3331 cum

1887 3349 2027 3402 nihil
2071 3352 2347 3404 emendati
2387 3362 2593 3419 essent,
2640 3356 2827 3412 dicat:
2875 3359 3037 3426 Vada,
3079 3379 3182 3432 quo
3212 3380 3299 3419 vos
3360 3382 3467 3421 non

1886 3442 2102 3509 potestis
2164 3445 2342 3496 venire
2388 3444 2429 3496 δ.
2486 3447 2597 3501 Nisi
2647 3451 2795 3504 enim
2852 3452 3138 3510 Sermonis
3204 3473 3331 3529 ope,
3396 3461 3467 3517 ad

1886 3530 2166 3586 Sermonis
2210 3534 2427 3589 Patrem
2476 3539 2664 3593 venire
2715 3542 2941 3598 minime
2998 3560 3323 3602 concessum
3356 3559 3463 3606 est.

1952 3623 2042 3677 48.
2082 3623 2467 3681 Chaldaeorum
2507 3637 2675 3696 terra,
2716 3633 2825 3687 vita
2861 3644 2947 3691 est
2991 3636 3143 3691 vitiis
3175 3638 3362 3695 dedita
3409 3650 3468 3698 et

1883 3718 2199 3785 libidinosa,
2242 3722 2297 3777 in
2344 3738 2456 3793 qua
2509 3725 2856 3783 fabricantur
2900 3740 2956 3786 et
3000 3732 3302 3789 adorantur
3336 3752 3468 3807 pec-

1884 3821 2129 3865 catorum
2176 3813 2341 3869 idola.
2394 3818 2787 3887 MesOpotamia
2841 3832 3049 3888 autem,
3108 3841 3292 3882 mores
3335 3837 3465 3884 sunt

1883 3905 2172 3959 contrariis
2200 3908 2505 3962 commistis
2528 3910 2815 3979 ancipites.
2858 3913 3029 3968 Terra
3057 3916 3301 3987 denique
3329 3936 3464 3990 pro-

1882 3997 2067 4061 missa,
2120 4006 2295 4055 status
2337 4002 2501 4058 bonis
2544 3992 2804 4061 omnibus
2853 4009 3153 4067 confertus.
3198 4013 3461 4085 Quisquis

1880 4102 2011 4157 ergo
2034 4104 2185 4145 more
2212 4094 2416 4148 veteris
2454 4096 2674 4151 lsraelis
2701 4099 2913 4154 huncce
2936 4102 3184 4159 habitum
3211 4109 3459 4179 negligit,

1882 4179 1935 4231 in
1970 4181 2229 4237 vitiorum
2270 4201 2465 4242 rursus
2508 4204 2572 4243 ac
2612 4190 3092 4259 perturbationum
3134 4198 3458 4253 servitutem

1884 4270 2137 4337 trahitur,
2180 4275 2403 4344 amissa,
2443 4295 2607 4350 quam
2660 4282 2970 4338 libertatem
3015 4286 3197 4342 fuerat
3261 4305 3458 4346 cause--

1880 4373 2062 4418 CUIUS.

1872 4492 1875 4495 ‹
1949 4455 2036 4508 49.
2071 4456 2485 4515 Observandum
2511 4472 2615 4527 est,
2653 4480 2759 4519 non
2798 4466 2972 4521 videri
3007 4477 3324 4527 sanctorum
3354 4473 3456 4529 ali-

200 4523 451 4591 φαίνεται
475 4524 751 4578 κατελθὼν
770 4528 852 4589 είς
877 4528 976 4596 τὴν
998 4528 1360 4584 Βαϐυλωνίαν.
1382 4532 1456 4583 Οὐ
1478 4532 1584 4603 γὰρ
1600 4532 1774 4601 θέμις,
1813 4575 1821 4628 1

1888 4562 2041 4615 quem
2100 4548 2280 4618 ipsum
2326 4561 2522 4622 sponte
2576 4523 2631 4609 in
2692 4557 3023 4630 Babylonem
3080 4523 3453 4621 descendisse.

196 4610 326 4663 οὕτε
348 4612 614 4675 συνέσεώς
644 4616 758 4667 ἐστι
786 4614 1046 4688 λογικῆς,
1086 4618 1194 4670 τῶν
1232 4620 1451 4687 ἀγαθῶν
1500 4622 1774 4693 ἀνθαιρεῖ-

203 4702 328 4755 σθαι
360 4703 431 4756 τὰ
467 4705 705 4773 χείρονα,
741 4709 867 4772 τοὺς
902 4710 993 4762 τὸν
1023 4711 1157 4765 Θεὸν
1206 4713 1551 4779 ἀγαπῶντας.
1604 4716 1669 4768 Εἰ
1715 4716 1772 4769 δέ

195 4809 344 4856 τινες
368 4795 550 4848 αὐτῶν
574 4798 718 4851 κατά
746 4799 866 4868 βίαν
905 4802 1023 4855 ἐκεῖ
1064 4804 1141 4874 τῷ
1174 4803 1288 4875 λαῷ
1323 4807 1766 4877 συναπήχθησαν,

197 4882 427 4953 νοοῦμεν
477 4885 564 4940 διὰ
613 4889 816 4943 τούτων
869 4892 995 4955 τοὺς
1048 4895 1122 4963 μὴ
1157 4897 1597 4965 προηγουμένως,
1631 4899 1769 4954 ἀλλὰ

195 4975 340 5030 κατὰ
368 4980 684 5050 περίστασιν
717 4981 809 5052 (e),
848 4985 1122 5055 σωτηρίας
1164 4986 1349 5041 ἕνεκεν
1386 4989 1496 5042 τῶν
1537 4992 1768 5063 χρῃξὸν-

285 5129 480 5186 ’Joan.
512 5149 601 5199 xx,
644 5135 731 5189 l7.
807 5136 828 5168 ³
860 5136 997 5192 ibid.
1028 5138 1115 5193 l9.
1194 5140 1216 5171 ⁸
1237 5140 1397 5196 Joan.
1421 5159 1536 5209 vni,
1572 5144 1662 5199 21.

269 5262 539 5351 (ἀλΚατέ
562 5265 677 5333 τὴν
705 5269 1060 5351 ιἀτιιλρίαγ.
1083 5270 1246 5351 Gesta
1288 5274 1405 5328 hac
1451 5273 1767 5351 Hierosoly-

190 5333 321 5396 mis,
358 5333 473 5401 ipsa
501 5336 943 5414 Resurrectionis
968 5339 1327 5414 d_ie,_et_post
1356 5359 1476 5398 eam
1525 5333 1762 5414 octava“,

188 5412 442 5481 necante
471 5406 981 5481 apostolividentur
1004 5410 1059 5463 in
1081 5406 1355 5481 Galilaeam
1377 5418 1716 5473 concessisse.
1747 5406 1761 5481 ξ

186 5472 341 5551 quod
366 5472 599 5556 Planius.
626 5477 783 5556 cujus
814 5485 917 5556 est
966 5478 1113 5533 istud
1144 5490 1329 5556 caput,
1381 5484 1529 5539 illius
1565 5472 1759 5556 νηπτιλ

188 5540 331 5615 Ξιῷν,
360 5542 447 5606 17,
478 5560 589 5598 non
617 5540 751 5601 satis
775 5546 995 5601 videtur
1025 5540 1327 5606 attend-isse
1352 5569 1365 5605 :
1414 5555 1530 5610 sive
1579 5540 1758 5615 noluit

187 5608 463 5666 Maximus
478 5616 796 5697 emendare,
829 5618 945 5697 sive
974 5618 1053 5671 illi
1084 5620 1274 5697 arrisit
1297 5622 1458 5678 Marci
1477 5608 1758 5697 allegoria,

187 5694 330 5760 quas
355 5688 537 5760 tamen
566 5686 892 5760 niti_debui_t
917 5687 1140 5760 ipsarei
1180 5701 1344 5760 gestae
1394 5686 1644 5755 veritate.
1696 5686 1758 5755 ut

186 5757 342 5834 esset
361 5753 585 5834 probata
597 5795 622 5834 ..
634 5756 706 5834 ἰδ
728 5759 785 5807 ἐν
814 5755 890 5834 τῷ
908 5753 1161 5834 ὑπερῴῳ,
1182 5753 1334 5834 quod
1360 5762 1541 5817 reddit
1572 5753 1753 5834 Piens,

186 5819 245 5870 in
267 5820 525 5889 tabulato,
551 5826 777 5881 minimc
800 5819 997 5896 placet.
1018 5819 1299 5886 Cinnaéuli
1324 5848 1448 5902 vox,
1469 5819 1583 5905 ipsa
1608 5819 1750 5908 apta,

1880 4636 2067 4707 Neque
2112 4641 2258 4694 enim
2297 4641 2381 4697 fas
2416 4653 2521 4709 est,
2581 4662 2680 4701 eve
2746 4650 2979 4705 rationis
3012 4653 3328 4722 prudentia,
3396 4670 3457 4712 ut

1878 4730 1973 4797 qui
2024 4731 2197 4786 Deum
2243 4733 2498 4805 diligunt,
2559 4738 2719 4793 bonis
2772 4744 3122 4810 posthabitis,
3168 4762 3281 4816 qua
3330 4758 3457 4805 sunt

1875 4819 2153 4877 deteriora
2194 4825 2296 4894 ipsi
2340 4826 2600 4899 deligant.
2650 4831 2744 4884 Sin
2791 4844 2975 4889 autem
3023 4852 3217 4892 eorum
3262 4841 3451 4911 aliqui,

1874 4922 1982 4962 una
2014 4925 2137 4965 cum
2166 4915 2369 4983 populo
2398 4917 2451 4970 vi
2490 4918 2586 4973 illo
2626 4922 2807 4975 abacti
2846 4932 2975 4978 sunt
3012 4936 3175 4996 atque
3208 4925 3449 4996 abducti,

1870 4995 2070 5053 horum
2110 5001 2285 5072 ﬁgura
2313 5005 2438 5063 illos
2467 5007 2857 5081 intelligamus,
2889 5016 2981 5084 qui
3016 4995 3125 5072 non
3155 5019 3256 5089 ipsi
3284 4995 3453 5077 chli—

1868 5296 2229 5379 sakcroquelet‘
2244 5290 2478 5379 profano
2500 5309 2602 5349 usu
2619 5309 2852 5379 recepta
2864 5318 2893 5379 ις.
2916 5303 3011 5357 sed
3037 5306 3182 5374 quod
3210 5323 3445 5379 sequen-

1867 5355 2017 5439 tibus
2051 5355 2272 5439 reddit}
2300 5359 2449 5425 Quod
2476 5381 2589 5439 per,
2611 5355 3071 5439 tranqluillitntein1

1865 5426 2059 5517 tionem
2079 5426 2320 5517 .Spiritus
2360 5426 2531 5514 sancti:
2553 5426 2842 5517 jam/ﬂens
2872 5445 3071 5511 confert
3100 5426 3443 5517 iaﬂ‘ectionum

1859 5497 2217 5585 vacuitatem;
2244 5502 2533 5585 nesciocui
2549 5497 2718 5585 bilem:
2730 5526 2848 5585 non
2874 5497 3231 5570 inoveat.P’er
3245 5497 3442 5585 paceni

1858 5573 1916 5650 et
1938 5566 2361 5650 insulllationeni
2398 5572 2600 5650 (dando
2622 5578 2836 5635 scilicet
2858 5566 3443 5650 μεσεωέτϊίῆεᾶιῐιῖιῖἐ

1860 5634 1952 5714 do)
1983 5636 2098 5723 haec
2130 5637 2366 5723 Domino
2405 5634 2694 5723 praestita;
2735 5634 2877 5704 data.
2900 5634 3437 5723 ‘n-‘sﬁqiiiliileTéh

1860 5707 2476 5793 imperturlbatiOLdata:
2501 5707 2739 5793 Spiritus
2768 5726 2942 5777 sancti
2972 5707 3395 5781 distributiones

1859 5790 1966 5829 non
2003 5792 2099 5845 per
2127 5777 2243 5831 lucc
2273 5779 2489 5836 dicatur
2523 5777 2848 5844 iiisulilasse.

1933 5848 2000 5917 (ι’)
2046 5848 2216 5900 Ἀλλὰ
2245 5852 2394 5904 κατὰ
2420 5857 2808 5927 περίστασιν.
2836 5863 3023 5933 Μαι-0.,
3053 5882 3168 5938 (ίῳ,
3212 5867 3294 5921 ω.
3325 5861 3429 5936 Op-
